3926 6482
166 437 266 500 821

166 658 269 705 7:0;
307 644 480 698 ποιῶν
517 663 579 701 τε
632 650 727 703 καὶ
752 650 927 720 λέγων
969 654 1317 724 γνωρίζεται,
1362 654 1420 708 ἓν
1459 654 1629 708 εἰπὼν
1661 657 1740 718 εις

169 737 438 790 σύστασιν
477 739 586 794 τῶν
613 742 939 814 εἰρημένων,
963 748 1224 799 πιστώσω
1260 746 1352 802 τὸν
1377 747 1553 815 λόγον.
1589 748 1744 800 Ὅτι-

170 842 276 895 περ
312 826 407 894 ἀφ’
431 820 492 880 οὗ
518 830 864 901 ἐπεδήμησεν
903 837 1019 898 τοῖς
1074 835 1133 889 ἐν
1157 835 1331 902 ἄστει,
1361 837 1515 900 ὅλους
1564 838 1743 901 οἴκους

173 918 536 986 μετέπλασεν,
561 921 654 974 καὶ
683 924 1166 994 μετεστοιχείωσεν
1204 927 1286 989 εἰς
1323 925 1436 995 βίον
1467 927 1742 996 ἐνάρετον.

171 1005 233 1056 Τί
263 1004 330 1075 δὴ
365 1005 565 1074 τοῦτο;
597 1009 800 1078 Ὅρκον
831 1011 1070 1080 ἐκκόψας
1092 1016 1157 1084 τῇ
1186 1017 1543 1084 παραινετικῇ
1580 1012 1744 1066 αὑτοῦ

170 1095 412 1168 γλώττῃ,
433 1099 857 1172 καλλωπισμοὺς
889 1104 1171 1168 συστείλας
1207 1108 1273 1175 τῇ
1313 1106 1566 1175 εὐκόσμῳ
1599 1104 1737 1158 6L6:-

172 1190 373 1261 σκαλίᾳ
397 1207 411 1220 ·
447 1191 817 1263 φιλοπτωχίαν
830 1196 1136 1266 ἐμποιήσας
1155 1199 1220 1267 τῇ
1247 1196 1410 1268 ήθικῇ
1451 1197 1743 1265 ὑφηγήσει,

171 1274 312 1350 ἑξῆς
340 1280 570 1344 κένωσις
584 1284 882 1354 χρημάτων
904 1287 996 1338 καὶ
1015 1286 1276 1356 διανομαὶ
1296 1288 1380 1356 ἐφ’
1410 1286 1502 1350 οὓς
1525 1288 1747 1356 ἠσκεῖτο

170 1372 370 1434 τόπους
401 1372 673 1445 δημόσιοι.
708 1376 849 1446 Πρός
881 1392 940 1428 τε
961 1375 1274 1445 ἀνάγνωσιν
1323 1377 1615 1447 ῥυθμίσας,
1655 1376 1748 1429 καὶ

172 1465 306 1536 πρὸς
328 1465 508 1518 ὁτιοῦν
523 1468 632 1519 τῶν
653 1467 833 1521 καλῶν
851 1463 908 1521 εὖ
933 1469 1243 1537 ἐπανάγων,
1269 1470 1364 1522 καὶ
1392 1470 1563 1523 ταῦτα
1589 1470 1646 1522 ἐν
1663 1470 1746 1521 κόο

173 1575 256 1625 πῳ
291 1560 392 1610 καὶ
426 1559 612 1629 μόχθῳ
650 1560 845 1622 νυκτὸς
875 1561 968 1614 καὶ
990 1562 1223 1632 ἡμέρας,
1248 1560 1748 1632 τληπαθῶν,ἀγρυ-

172 1650 354 1716 πνῶν,
388 1650 730 1722 πεζοπορῶν,
751 1656 872 1717 ταῖς
894 1654 1046 1724 παρὰ
1087 1653 1199 1708 τῶν
1249 1653 1418 1722 φίλων
1469 1653 1564 1706 καὶ
1617 1670 1750 1721 συγ-

172 1741 348 1810 γενῶν
394 1741 726 1808 δεξιώσεσιν,
786 1745 1171 1800 ἀπαλλάσσων
1229 1745 1332 1810 τὰς
1385 1745 1517 1817 παρ’
1552 1744 1746 1800 ἐαυτοῦ

174 1834 583 1900 κακοπαθείας,
618 1834 764 1908 ἔργῳ
817 1839 880 1892 τὸ
950 1838 1049 1891 τοῦ
1094 1837 1419 1893 Ἀποστόλου
1440 1835 1747 1906 φθεγγόμε-

173 1940 286 1988 νοςο
320 1923 658 1985 ’Υποπιάζω
698 1944 816 1996 μου
848 1927 915 1980 τὸ
947 1925 1141 1997 σῶμα,
1183 1925 1282 1980 καὶ
1339 1921 1743 1994 δουλαγωγῶ,
1781 1910 1824 1966 Β

169 2017 251 2085 μή
305 2031 433 2084 πως
476 2018 690 2085 ἄλλοις
730 2019 1040 2088 κηρύξας,
1097 2018 1280 2084 αὐτὸς
1314 2017 1600 2086 ἀδόκιμος
1652 2013 1748 2085 γέ-

172 2127 382 2179 rapat.

226 2197 497 2274 ιϐ’.Ἶιρεν
527 2200 817 2274 τοιγαροῦν
851 2201 1130 2272 σύσσημον
1163 2203 1229 2272 τῇ
1259 2197 1624 2271 βασιλιζοῦση,
1655 2214 1747 2251 τον

171 2293 326 2361 λόγον
361 2293 463 2347 ὑπὸ
490 2293 585 2346 τοῦ
617 2293 734 2364 βίου
772 2293 1224 2364 μαρτυρούμενον
1251 2291 1409 2362 ἔχων,
1447 2290 1551 2356 κάξ
1578 2289 1743 2344 αὑτοῦ

170 2384 259 2436 τοῦ
281 2383 540 2448 εὐτελοῦς
575 2384 668 2438 καὶ
714 2383 1004 2454 ἀπερίττου
1051 2384 1352 2455 σχήματος,
1397 2381 1746 2454 παράκλησις

170 2477 246 2539 εἰς
271 2477 478 2549 ἀρετὴν
502 2481 614 2542 τοῖς
647 2477 814 2548 ὁρῶσι
837 2479 1121 2548 γινόμενος
1147 2488 1162 2505 ⁸
1195 2478 1243 2530 εἰ
1268 2475 1325 2528 δὲ
1355 2475 1438 2528 ὅτι
1469 2474 1745 2538 πολιτικὸς

168 2562 234 2637 ἦν
257 2569 318 2622 ’ἐν
340 2585 454 2621 τισι
491 2569 794 2636 γλυκαίνων
820 2569 918 2638 τὴν
944 2567 1142 2638 φράσιν
1161 2567 1294 2638 πρὸς
1316 2566 1376 2618 τὸ
1395 2565 1504 2618 τῶν
1521 2565 1745 2619 ἀκουόν-

168 2678 270 2715 των
323 2660 646 2728 ἰδιότροπον,
696 2660 877 2731 ὁράτω
943 2676 1027 2721 τις
1091 2658 1180 2712 τὸν
1231 2657 1440 2725 καρπὸν
1468 2697 1484 2724 ,
1539 2658 1634 2710 καὶ
1667 2656 1742 2726 μὴ

172 2752 470 2823 μεμφέσθω
488 2751 579 2804 τὸν
602 2751 822 2822 τρόπον.
851 2752 947 2815 Τίς
976 2750 1032 2805 δέ
1062 2744 1256 2817 οὗτοςς
1292 2750 1350 2803 Ὁ
1370 2750 1478 2803 τῶν
1498 2750 1745 2820 ἁμαρτα-

171 2846 369 2898 νόντων
422 2844 750 2914 μετάμελος,
792 2843 890 2898 καὶ
924 2845 952 2897 6
999 2842 1108 2895 τῶν
1147 2841 1607 2911 ἁποτασσομένων
1647 2839 1742 2893 τοῦ

171 2935 281 3006 βίου
325 2936 515 3005 ὅμιλος
543 2952 554 2965 ·
586 2933 804 3006 πρῶτος
855 2935 964 3006 γὰρ
1004 2933 1100 2988 καὶ
1134 2924 1293 3004 μόνος
1339 2933 1522 3003 σχεδὸν
1572 2934 1743 2984 εἰπεῖν

170 3029 452 3100 πτερωτὴς
487 3028 593 3080 τῶν
620 3026 714 3080 τοῦ
745 3025 938 3096 γένους
958 3027 1054 3080 καὶ
1082 3026 1188 3079 τῶν
1215 3025 1318 3092 ἔξω
1339 3027 1556 3094 γένους,
1585 3026 1613 3078 ὁ
1642 3028 1742 3096 τῆς

169 3117 446 3186 ὁσιότητος
494 3116 732 3188 ἐραστὴς
773 3115 932 3188 ἡμῶν
966 3115 1256 3170 δέδεικται.
1299 3115 1400 3168 Διὰ
1444 3115 1618 3169 ταῦτα
1647 3117 1742 3168 καὶ

171 3212 495 3280 προστατεῖν
566 3209 932 3280 μοναστηρίου
960 3207 1185 3262 ἀστικοῦ
1218 3207 1584 3277 ἀναγκάζεται
1618 3208 1737 3277 μὲν,

167 3304 226 3356 οὐ
250 3303 647 3358 καταπείθεται
673 3303 733 3358 δέ
752 3320 767 3334 ο
794 3305 886 3358 καὶ
912 3305 1102 3374 ἄρχειν
1123 3304 1224 3373 τῆς
1245 3304 1600 3374 Νικομηδέων
1630 3302 1743 3355 Ἐκ-

173 3395 395 3465 κλησὶας
427 3395 534 3447 ὑπὸ
579 3395 675 3450 τοῦ
712 3396 1017 3466 τηνικαῦτα
1073 3398 1336 3468 προέδρου
1379 3398 1743 3470 προτρέπεται

174 3488 287 3556 μὲν,
315 3488 380 3540 οὐ
412 3487 736 3559 συνέρχεται
763 3487 840 3553 δὲ,
869 3487 1087 3557 φεύγων
1135 3488 1226 3542 τὸν
1276 3488 1476 3560 κλῆρον
1498 3491 1526 3541 ὁ
1553 3492 1743 3542 τούτου

172 3578 334 3645 ἄξιος,
378 3581 474 3632 καὶ
541 3579 603 3631 τὸ
648 3579 749 3648 τῆς
808 3581 1096 3652 ἱεραρχιας
1153 3579 1286 3651 ὕψος
1335 3581 1521 3644 δεδιὼς
1565 3583 1594 3635 6
1645 3581 1746 3650 τὴν

173 3673 368 3742 ἀρετὴν
429 3674 724 3743 μετέωρος.
781 3674 870 3725 Διὸ
929 3673 1025 3726 καὶ
1069 3671 1209 3742 πρὸς
1257 3671 1357 3744 τὴν
1400 3672 1564 3743 φίλην
1597 3671 1746 3743 αὐτῷ

175 3765 401 3835 ἡσυχίαν
459 3764 778 3829 ἐπάνεισιν,
832 3765 992 3821 κάκεῖ
1043 3765 1274 3837 καθιστᾷ
1325 3767 1545 3836 μνήμης
1580 3765 1743 3830 ἄξια,

176 3857 402 3927 πτωχῶν
457 3856 895 3926 προῖστάμενος,
941 3856 1311 3927 ἀδικουμένων
1374 3855 1744 3926 ὑπερασπιζό-

179 3967 348 4018 μενος,
412 3946 770 4016 θλιϐομένους
834 3947 1353 4020 παραμυθούμενος,
1411 3949 1506 4001 καὶ
1567 3947 1747 4017 ϐλέψιν

175 4035 286 4091 οἷαν
317 4037 490 4110 βούλῃ
546 4036 904 4108 πιεζομένους
963 4037 1304 4108 θεραπεύων,
1345 4036 1504 4090 τοῦτο
1533 4037 1631 4107 μὲν
1662 4036 1747 4090 διὰ

174 4133 421 4203 γλώσσης
453 4133 550 4186 καὶ
586 4133 832 4202 μέλανος,
866 4131 986 4184 ἐπεὶ
1020 4131 1095 4202 μὴ
1126 4125 1272 4200 εἶχεν
1305 4130 1448 4201 ἄλλῳ
1477 4131 1585 4182 τινὶ
1606 4146 1742 4199 φαρο

176 4225 325 4294 μάχῳ
345 4222 629 4291 ὲπαμὺναι
648 4221 726 4292 τῷ
745 4221 1039 4292 προσιόντι,
1067 4221 1161 4273 καὶ
1186 4219 1370 4289 ἴσχυεν
1396 4236 1460 4287 γε
1480 4218 1541 4271 τὸ
1563 4217 1747 4288 γράμ-

175 4333 244 4383 μα
272 4315 347 4378 th;
387 4314 564 4382 δῶρον
617 4314 756 4366 αἰδοῖ
804 4312 898 4366 τοῦ
949 4311 1161 4383 ἀνδρὸς,
1189 4311 1456 4382 κάμπτων
1506 4310 1641 4381 πρὸς
1669 4306 1750 4363 οἶ-

173 4425 290 4461 κτον
319 4408 416 4461 τὸν
444 4406 616 4458 ἐλεεῖν
645 4405 963 4473 δυνάμενον.

233 4509 300 4555 κ’.
325 4500 504 4554 Τοῦτο
528 4499 584 4552 δὲ
609 4497 703 4550 καὶ
729 4497 790 4561 ἐξ
813 4490 886 4550 ὧν
905 4498 1236 4569 εὐπορεῖτοὴ
1266 4499 1386 4570 χεὶρ
1418 4497 1725 4554 ἐπιδιδόναι.

171 4592 521 4662 πληρούντων
547 4588 716 4658 αὐτὴν
751 4587 858 4640 τῶν
888 4588 1070 4652 καλῶς
1097 4589 1169 4642 τὰ
1207 4590 1398 4642 ἐνόντα
1438 4589 1742 4642 κενούντων

825 449 1107 513 ORATIO
1139 453 1244 514 ΧΙ.
1274 475 1345 493 -·
1383 454 1765 516 LAUDATIO
1801 452 1862 517 S.
1918 455 2286 518 PLATONIS
2342 456 2772 519 HEGUMENI.

166 547 406 618 εργέτας
451 552 742 612 καθιστῶν.
780 557 961 614 una
1003 561 1103 615 ὅσα
1144 563 1172 615 6
1199 561 1294 616 τοῦ
1348 561 1483 616 Θεοῦ
1544 563 1743 635 ἄνθρω-

1852 564 2053 630 dicam,
2107 565 2253 635 quod
2319 566 2477 620 tidem
2535 578 2758 637 praestet
2821 568 3051 640 reliquis

3085 589 3099 627 :
3163 573 3414 631 videlicet

1844 655 1988 725 quod
2011 671 2076 711 ex
2104 672 2214 726 quo
2244 672 2368 711 cum
2400 657 2616 714 civibus
2633 662 2838 715 versari
2866 662 3050 731 coepit,
3081 671 3222 721 totas
3243 665 3412 721 refor-

1846 745 2015 800 mavit
2043 744 2302 809 familias,
2333 758 2388 802 et
2418 748 2483 802 ad
2506 749 2724 805 virtutis
2753 752 2958 806 cultum
2984 733 3267 812 convertit.
3298 756 3412 822 Qua

1844 837 2092 891 ratione?
2126 837 3060 907 inquiesJuraudiconsuetudinem
3093 846 3413 901 exscinden-

1846 927 1916 982 do
1945 929 2222 983 communi
2257 930 2468 985 notoria
2505 947 2602 985 sua
2626 932 3202 1004 linguazreprimcndo
3217 953 3407 1008 corpo-

1847 1019 1924 1073 ris
1953 1028 2202 1073 ornatum
2223 1020 2580 1089 superfluum,
2607 1039 2705 1078 sua
2736 1026 3087 1081 ornatissima
3144 1028 3409 1094 doctrina,

1845 1109 2227 1163 dissertatione
2251 1109 2437 1162 morali
2473 1110 2796 1166 inculcando
2823 1127 3063 1167 amorem
3090 1129 3410 1183 pauperum,

1849 1201 1992 1254 unde
2015 1199 2327 1269 largitiones
2357 1201 2684 1269 pecuniaria:
2705 1212 2760 1257 et
2792 1203 3270 1273 eleemosynarum
3303 1205 3414 1260 dis-

1849 1289 2166 1344 tributiones
2215 1291 2478 1359 publicae,
2541 1309 2634 1361 per
2667 1292 2782 1348 loca
2818 1294 2871 1347 in
2928 1295 3126 1363 quibus
3190 1309 3413 1349 exerce-

1849 1381 2046 1447 batur;
2072 1385 2138 1436 ad
2171 1381 2457 1436 lectionem
2484 1383 2719 1453 denique
2756 1385 2903 1454 piam
2934 1399 2984 1440 et
3014 1387 3081 1440 ad
3138 1386 3410 1456 quidquid

1849 1483 1932 1528 est
1959 1473 2230 1528 bonorum
2260 1489 2485 1543 operum
2512 1475 2840 1541 iuduceudo,
2875 1478 3039 1548 idque
3073 1479 3125 1532 iu
3157 1492 3414 1546 pressura

1850 1576 1907 1618 et
1928 1563 2266 1635 fatigatione,
2293 1566 2384 1620 diu
2410 1577 2682 1636 noctuque
2717 1569 2992 1636 laborans,
3023 1569 3277 1640 vigilans,
3303 1571 3416 1624 dis-

1856 1670 2121 1721 currens,
2158 1665 2219 1710 ut
2270 1667 2490 1727 accepta
2559 1659 2628 1713 ab
2673 1659 2865 1714 amicis
2909 1661 3264 1730 c0guatisque
3319 1661 3416 1714 ho-

1850 1746 2132 1816 pitalitatis
2169 1747 2360 1800 solatia
2384 1757 2625 1817 aequaret
2677 1749 2965 1804 tolerantia
3021 1765 3412 1814 aerumnarum,

1852 1838 1969 1908 ipso
1998 1853 2162 1908 opere
2183 1855 2306 1894 cum
2333 1839 2596 1909 Apostolo
2643 1850 2947 1910 protestans
2985 1859 2997 1895 :
3031 1841 3243 1911 Castigo
3297 1858 3414 1896 cor-

1851 1947 1947 2001 pus
1975 1947 2146 1986 meum
2183 1941 2233 1985 et
2273 1933 2329 1985 in
2363 1933 2660 1986 seruitutem
2709 1934 2914 2003 redigo;
2972 1950 3033 1987 ne
3077 1944 3418 2004 posteaquam

1852 2023 1971 2078 aliis
1995 2023 2366 2094 prwdt‘cauero,
2393 2024 2497 2093 ipse
2525 2024 2770 2094 reprobus
2795 2025 2987 2095 e/ﬁciar
3021 2025 3064 2081 ‘.

1922 2199 2008 2254 i9.
2042 2197 2347 2255 Sustulerat
2374 2213 2505 2270 ergo
2530 2197 2803 2268 publicum
2862 2200 3156 2272 regnatrici
3209 2202 3414 2257 civitati

1851 2292 2089 2362 signum,
2143 2290 2348 2346 habens
2373 2292 2820 2359 sermonem,cui
2853 2293 2964 2348 vita
2992 2309 3231 2365 congrua
3279 2312 3414 2365 prte-

1849 2384 2001 2439 beret
2020 2384 2392 2442 testimonium
2425 2399 2439 2436 :
2472 2386 2610 2440 adeo
2643 2395 2722 2448 ut,
2759 2402 2824 2441 ex
2854 2387 2971 2456 ipsa
3031 2388 3127 2442 vili
3173 2388 3416 2458 abjecto-

1850 2491 1956 2546 que
1985 2476 2170 2531 habitu
2204 2477 2510 2533 videntibus
2538 2486 2684 2533 esset
2729 2479 2795 2532 ad
2848 2478 3103 2533 virtutem
3145 2480 3413 2535 hortator.

1850 2569 2007 2636 Quod
2047 2569 2116 2635 si,
2148 2571 2274 2639 quia
2302 2569 2547 2625 urbanus
2572 2579 2708 2634 erat,
2732 2570 3000 2626 suavitate
3030 2570 3266 2638 quadam
3284 2586 3415 2626 con-

1849 2661 2032 2716 diebat
2055 2660 2372 2725 dictionem,
2417 2669 2477 2716 ut
2505 2676 2564 2716 se
2593 2669 2808 2730 aptaret
2829 2661 3171 2717 audientium
3212 2663 3412 2733 genio;

1848 2751 2224 2807 consideretur
2259 2747 2495 2814 fructus,
2536 2757 2591 2802 et
2621 2765 2727 2803 non
2758 2748 3162 2819 vituperabitur
3194 2750 3408 2804 modus.

1849 2843 1983 2910 Quis
2021 2852 2200 2897 autem
2279 2842 2432 2896 iste?
2506 2840 2858 2897 Peccantium
2914 2841 3297 2910 resipisceutia
3360 2849 3417 2894 et

1848 2935 2047 2990 saeculo
2074 2933 2500 2989 renuntiantium
2531 2933 2838 2988 multitudo.
2870 2932 3086 2989 Primus
3118 2941 3430 3003 namqueet'

1848 3027 2017 3091 solus,
2045 3036 2103 3080 ut
2131 3027 2174 3080 si
2225 3024 2430 3088 dicam,
2471 3022 2597 3091 fuit,
2622 3024 2714 3095 qui
2749 3024 2932 3094 generi
2983 3032 3198 3090 nostro,
3229 3024 3419 3093 eisque

1845 3118 1937 3189 qui
1959 3127 2111 3172 extra
2146 3116 2277 3170 illud
2305 3124 2462 3171 erant
2495 3116 2612 3170 alas
2637 3115 2841 3169 addidit
2869 3115 2934 3170 ad
2963 3115 3241 3180 virtutem,
3290 3131 3418 3169 nos-

1846 3225 1952 3280 que
1984 3208 2050 3262 ad
2071 3223 2312 3263 amorem
2336 3207 2687 3278 perfectionis
2718 3206 2934 3261 induxit
2965 3206 3100 3276 (ll).
3127 3205 3417 3276 Propterea

1845 3300 2111 3354 instanter
2177 3306 2400 3369 rogatus
2480 3296 2674 3351 urbani
2750 3297 3038 3367 cujusdam
3097 3298 3416 3352 monasterii

1845 3389 2227 3460 praefecturam
2286 3388 2590 3457 suscipere,
2622 3387 2846 3442 omnino
2886 3388 3089 3453 renuit,
3139 3398 3193 3443 et
3238 3389 3307 3443 ab
3352 3404 3418 3443 eo

1843 3481 1938 3551 qui
1969 3492 2097 3536 tunc
2139 3489 2258 3536 erat
2301 3480 2613 3550 patriarcha
2648 3477 2759 3549 (Ιί)
2805 3479 2871 3534 ad
2921 3478 3415 3536 Nicomediensium

1845 3574 2143 3629 Ecclesiaui
2176 3573 2467 3642 regendam
2499 3571 2761 3627 imitatus
2794 3571 3025 3642 obsequi
3067 3573 3267 3639 noluit,
3313 3575 3421 3629 cle-

1845 3669 2075 3723 ricatum
2109 3666 2362 3735 fugiens,
2394 3679 2506 3733 quo
2538 3674 2658 3718 erat
2679 3664 3072 3734 dignissimus;
3103 3673 3158 3720 et
3191 3666 3421 3721 bierar-

1847 3759 2070 3814 chieum
2102 3756 2410 3812 formidans
2441 3753 2749 3824 fastigium,
2785 3753 2881 3824 qni
2933 3755 3106 3808 solam
3156 3755 3421 3825 suscipie-

1851 3850 1943 3904 bat
1975 3849 2250 3903 virtutem.
2282 3847 2526 3901 Revertil
2560 3853 2742 3899 autem
2781 3844 2850 3899 ad
2880 3845 3137 3901 dilectam
3175 3847 3278 3901 sibi
3332 3863 3422 3901 so-

1848 3943 2154 4004 litudinem,
2183 3949 2240 3995 et
2272 3939 2344 3994 ibi
2367 3954 2452 3992 res
2475 3937 2605 3993 fecit
2633 3937 2892 3993 memoria
2911 3938 3121 4008 dignas,
3155 3954 3422 4009 pauperes

1848 4033 2166 4096 defendens,
2198 4031 2403 4101 injuste
2431 4044 2725 4100 oppressos
2763 4044 3132 4100 prppngnans,
3184 4031 3414 4086 tribulao

1851 4135 1935 4182 tos
1971 4123 2281 4185 consolans,
2313 4131 2365 4178 et
2395 4136 2785 4192 quamcunque
2830 4119 3176 4175 aliiictionem
3213 4123 3421 4191 patieno

1851 4218 1998 4274 tibus
2029 4215 2402 4278 subveniens;
2443 4214 2608 4283 idque
2634 4213 2718 4266 vel
2741 4227 2996 4267 sermone
3053 4214 3134 4267 vel
3184 4214 3421 4282 epistola

1851 4320 2078 4383 propter
2115 4309 2216 4363 viri
2247 4307 2623 4371 reverentiam,
2659 4305 2830 4359 instar
2874 4306 3112 4360 muneris
3142 4306 3326 4362 efﬁcax
3357 4311 3421 4364 ad

1850 4402 2175 4458 flectendum
2210 4414 2334 4454 eum
2366 4397 2457 4467 qui
2492 4405 2704 4466 poterat
2729 4395 3000 4452 misereri.

1921 4496 2013 4550 20.
2047 4493 2125 4547 Ex
2153 4492 2220 4548 iis
2248 4505 2368 4560 quae
2391 4489 2457 4544 ad
2489 4502 2710 4542 manum
2746 4495 2921 4551 erant,
2946 4488 3281 4557 replentibus
3303 4506 3422 4544 eam

1852 4588 1956 4644 illis
1987 4587 2081 4657 qui
2131 4583 2494 4642 substantiam
2530 4596 2688 4636 suam
2712 4579 3009 4635 credebant
3046 4581 3184 4636 bene
3217 4584 3426 4636 exhau.

172 4683 256 4736 ἐπὶ
296 4680 520 4753 μεθέξει
547 4679 653 4732 τῶν
675 4675 962 4732 ἀκενώτων
992 4681 1086 4734 καὶ
1115 4682 1371 4734 αἰωνίων.
1427 4682 1486 4732 Εἰ
1513 4679 1577 4748 δὴ
1618 4678 1743 4748 μηδ’

1853 4679 1984 4745 riri,
2023 4686 2244 4749 propter
2292 4672 2623 4730 desiderium
2688 4669 3137 4726 inexhaustorum
3195 4680 3425 4730 aeterno-

237 4797 298 4851 ⁸1
331 4796 465 4852 Cor.
501 4811 574 4860 Ix,
606 4793 697 4849 27.

1642 4898 1873 4957 ΝΟΤᾸΞ.

235 5026 348 5092 (ll)
380 5021 611 5077 Michael
649 5022 702 5075 in
737 5019 856 5092 Vita
881 5017 939 5073 S.
971 5017 1245 5092 Theodori
1277 5018 1404 5092 _ista
1460 5016 1738 5092 explicat:

179 5117 195 5146 ι
221 5087 376 5149 Plato
405 5092 791 5145 sanctissimus
815 5089 1084 5144 Theodori
1118 5087 1290 5142 nostri
1322 5088 1646 5151 avunculus,
1678 5087 1744 5140 iis

173 5167 500 5234 quibuscum
534 5169 718 5234 ageret
741 5160 1115 5234 gratissimus._
1163 5159 1362 5234 multos
1411 5159 1476 5210 ad
1501 5157 1744 5212 cmlestis

177 5227 793 5303 philos0phi2e§tudium
822 5229 1037 5297 pellexit
1065 5247 1077 5280 :
1103 5227 1564 5296 imprimisautem
1588 5243 1745 5296 egre-

175 5297 312 5373 gium
352 5297 507 5357 hunc
541 5297 910 5373 Theodorum,
938 5313 1098 5353 suum
1150 5312 1214 5351 ex
1248 5313 1437 5373 sorore
1474 5303 1746 5364 nepotem,

176 5367 261 5442 qui
295 5382 349 5427 et
384 5374 504 5439 ipse
536 5369 648 5442 jam
680 5369 883 5442 dudum
920 5384 1013 5438 per
1039 5383 1096 5422 sc
1127 5376 1188 5421 ut
1240 5367 1463 5442 dicitur,
1496 5374 1750 5442 coeperat

176 5434 574 5512 philosophari.
607 5437 750 5512 Quin
783 5434 936 5512 ipsos
970 5452 1185 5512 quoque
1240 5434 1508 5512 'l‘ltcodori
1562 5450 1750 5502 paren-

177 5505 249 5566 tes
291 5524 344 5568 et
372 5505 598 5574 fratres,
629 5509 926 5574 Josephum
947 5517 1000 5561 et
1023 5505 1392 5574 Euthymium,
1429 5519 1552 5558 eum
1585 5519 1746 5570 parva

179 5599 380 5645 sorore,
415 5590 469 5635 ct
503 5594 635 5635 suos
665 5579 834 5647 ipsius
872 5575 1066 5647 fratres
1088 5576 1286 5644 adjecit
1317 5574 1488 5637 Plato,
1517 5574 1614 5642 qni
1645 5591 1744 5626 nn-

181 5668 321 5707 mero
369 5644 501 5706 item
529 5661 640 5704 tres
664 5644 841 5704 erant.
871 5644 980 5700 Hos
1006 5660 1197 5700 omnes
1225 5655 1479 5712 tanquam
1504 5659 1569 5696 ex
1589 5658 1739 5712 com-

181 5724 348 5792 posito
381 5719 669 5776 communi
701 5719 840 5792 vita_2_
883 5715 1123 5792 caelibem
1166 5711 1609 5792 a_uteponentes,_
1643 5711 1738 5765 de-

183 5781 321 5846 ducit
345 5793 436 5846 ille
463 5805 651 5844 secum
698 5796 752 5841 et
791 5785 1075 5856 disciplina
1110 5781 1309 5856 imbuit
1335 5781 1732 5856 praestantiore.

186 5863 246 5917 At
278 5863 349 5918 illi
395 5859 692 5918 confestim
726 5866 779 5914 et
807 5849 948 5928 ορεέ
969 5854 1265 5914 etdiv'ttias
1291 5849 1348 5910 et
1369 5861 1594 5908 caeteras
1645 5849 1727 5905 fa-

1850 5017 2078 5088 cultates
2132 5031 2428 5088 pauperum
2458 5016 2674 5072 sinibus
2696 5017 2984 5088 _ingerunt,
3030 5031 3217 5074 servos
3269 5017 3432 5088 innue

1847 5086 2148 5142 merabiles'
2175 5087 2227 5141 in
2252 5088 2554 5142 libertatem
2585 5086 2885 5153 vindicant,
2919 5088 3197 5155 Deumque
3261 5087 3430 5142 secuti

1848 5173 1913 5211 ac
1943 5159 2228 5212 ducentem
2253 5157 2489 5221 Patrem,
2521 5157 2838 5226 Byzantium
2871 5159 3205 5226 relinquunt.
3246 5175 3267 5210 ι
3310 5158 3436 5210 Huic

1851 5227 1963 5282 ibi:
2005 5242 2128 5296 qua:
2157 5228 2260 5281 sub
2295 5227 2474 5281 Leone
2534 5227 2810 5282 Chazares
2863 5238 3061 5296 empta,
3118 5227 3222 5281 sub
3279 5227 3435 5296 lrcne

1853 5295 2072 5364 peracta
2119 5305 2268 5363 sunt,
2310 5298 2530 5363 quando
2555 5298 2758 5366 pariter
2785 5295 2978 5354 omnes
3005 5298 3070 5351 ad
3110 5295 3435 5366 Sacudiouis

1853 5367 2246 5420 monasterium
2271 5365 2587 5430 secessere,
2641 5376 2701 5422 ut
2743 5381 2867 5422 mox
2927 5366 3177 5435 sequenti
3255 5365 3434 5434 capite

1857 5438 2088 5489 dicetur.

1923 5506 2034 5574 (l2)
2069 5507 2126 5560 S.
2156 5505 2446 5561 Tarasium
2473 5505 2577 5562 ΟΡ.
2613 5508 2986 5576 patriarcham
3015 5507 3272 5576 intelligo,
3298 5521 3310 5557 :
3338 5503 3430 5572 qui

1854 5590 1978 5628 cum
2024 5577 2266 5643 piissima
2312 5575 2464 5630 ircne
2497 5575 2878 5633 orthodoxiam
2937 5578 3194 5637 restituit,
3247 5575 3433 5627 dabat-

1850 5660 1955 5711 que
2018 5661 2235 5718 nperam
2268 5660 2325 5718 ut
2357 5646 2610 5718 Ecclesia:
2664 5664 2786 5718 quae
2814 5647 2919 5702 sub
2948 5643 3432 5718 lconomachorum

1847 5715 2172 5786 tyrannide,
2211 5715 2290 5786 vel
2348 5716 2619 5786 cpiscOpis
2683 5713 2909 5771 'orbata:
2965 5716 3310 5786 maerebant,
3353 5713 3432 5766 vel

1842 5782 2109 5856 haereticis
2127 5784 2365 5856 tradite,
2388 5782 2550 5852 lupos
2560 5802 2655 5856 pro
2672 5786 2979 5855 pastoribus
2995 5786 3140 5840 alere
3161 5782 3402 5856 cogeban
3417 5810 3432 5822 -

1841 5862 1948 5918 tur,
1985 5853 2069 5909 his
2090 5854 2296 5924 ejectis,
2327 5853 2596 5924 legitimos
2625 5853 2686 5912 et
2713 5857 3045 5913 orthodoxos
3075 5853 3427 5910 sortirentur.
