3926 6472
496 367 602 432 823

1688 373 1749 432 S.
1784 371 2174 433 THEODORI
2217 371 2564 434 STUDI’I‘E

3652 367 3758 433 824

497 494 735 552 rumque
759 480 1031 537 bonorum
1061 481 1338 553 satagebat
1368 482 1582 554 largiri,
1614 493 1676 539 ut
1719 495 1949 556 poterat,
1977 494 2073 540 aut

2193 485 2369 557 trépq),
2402 484 2749 557 παρακλήσει
2795 480 3033 556 ἐξαίρων
3061 480 3123 537 τὸ
3170 482 3355 551 άλγος,
3389 478 3484 534 καὶ
3547 498 3766 551 μακρο-

498 572 693 628 saltem
749 572 1085 628 consolando
1114 574 1358 629 dolorem
1384 577 1651 639 eximens,
1690 588 2074 647 exasperatum

501 675 743 717 mterore
777 664 1022 717 animum
1054 664 1289 719 leniebat
1309 667 1588 736 prolixiori
1615 668 2074 725 confabulatione.

510 750 649 817 Quid
683 753 926 807 mirum?
955 752 1176 809 Poterat
1207 769 1332 810 cum
1374 758 1680 812 venerando
1710 757 1813 813 Job
1843 759 2029 814 dicere
2056 773 2072 813 :

506 842 724 897 Salvum
755 843 1016 912 faciebam
1064 862 1280 916 egenum
1327 848 1391 901 de
1430 866 1586 902 manu
1627 850 1863 914 violenti,
1913 860 1962 905 et
1992 867 2080 904 or-

501 937 738 1005 phanam
794 939 878 990 cui
924 954 1029 991 non
1076 950 1191 993 erat
1241 938 1457 1008 adjutor
1489 955 1504 992 :
1538 940 1825 996 benedictio
1864 943 2082 1010 perituri

504 1043 661 1095 super
709 1044 788 1081 me
823 1027 1076 1092 veniebat,
1109 1039 1157 1083 et
1214 1047 1305 1085 cor
1339 1031 1510 1086 vidua:
1559 1032 1860 1087 consolatus
1915 1049 2031 1087 sum
2062 1049 2081 1087 :

506 1136 744 1182 causam,
793 1136 950 1191 quam
988 1121 1304 1188 nesciebam,
1355 1123 1761 1193 diligentissime
1804 1126 2086 1196 investiga-

508 1210 629 1263 bam
658 1210 700 1266 τ.
729 1209 1067 1281 Quapropter
1096 1213 1489 1282 agnoscebatur
1538 1226 1596 1269 ut
1651 1225 1800 1285 pater
1829 1254 1845 1279 ,
1901 1215 2088 1270 lauda-

509 1304 674 1357 batur
704 1313 763 1358 ιιι
788 1313 1086 1374 protector,
1114 1306 1533 1361 benedicebatur
1591 1316 1651 1362 ut
1702 1318 1948 1374 curator,
1992 1308 2087 1363 vi-

509 1398 724 1461 sebant,
773 1399 1127 1464 occurebant,
1167 1400 1543 1470 suscipiebant
1569 1416 1693 1455 eum
1726 1410 1836 1455 tam
1864 1401 1959 1470 qui
1993 1415 2086 1456 so-

512 1489 750 1544 litariam
777 1505 941 1560 quam
982 1490 1076 1561 qui
1137 1506 1483 1547 communem
1537 1492 1929 1561 proﬁtebantur
1991 1492 2091 1546 vi-

514 1590 622 1636 tam
661 1581 805 1653 (13);
835 1590 887 1637 et
920 1582 1061 1636 ultra
1086 1598 1209 1651 qute
1239 1582 1516 1638 incolebat
1568 1583 1686 1640 loca
1737 1583 2089 1639 dilferebatur

511 1670 629 1737 ejus
658 1670 824 1734 fama,
870 1687 997 1726 cum
1024 1672 1077 1726 in
1101 1672 1347 1727 omnium
1386 1687 1482 1728 ore
1510 1682 1655 1729 esset
1705 1674 1881 1740 Plato,
1935 1664 2087 1729 velut

2178 580 2313 650 τέρᾳ
2344 578 2665 649 διερωτήσει
2697 576 2989 632 άπαλύνων
3042 575 3142 647 τὴν
3180 573 3596 645 τραχυνομὲνην
3621 592 3764 644 καρ-

2178 670 2298 725 δίαν
2327 669 2422 723 τοῦ
2452 669 2773 737 κάμνοντος.
2806 669 2872 721 Τί
2904 667 3216 736 θαυμαστὸν
3261 664 3402 734 πρὸς
3429 663 3633 727 ταῦτα,
3668 665 3769 717 καὶ

2180 759 2343 814 αὑτὸν
2384 759 2521 830 μετά
2561 758 2655 812 τοῦ
2704 758 2960 828 ἀοιδίμου
3007 756 3128 811 ’1ὼό
3162 758 3351 811 ἐκεῖνα
3404 755 3616 824 λέγειν·
3673 763 3771 808 Δι-

2180 849 2385 903 έσωσα
2409 849 2650 918 πτωχὸν
2681 848 2751 902 ἐκ
2788 848 2987 918 χειρὸς
3011 848 3344 910 δυνάστου,
3392 846 3491 900 καὶ
3522 844 3775 915 ὀρφανῷ

2183 938 2253 998 οὗ
2282 944 2392 995 οὐκ
2422 937 2499 1011 ἦν
2520 942 2751 1009 βοηθὸς
2772 940 3098 1008 ἐϐοήθησα,
3135 941 3330 1008 στόμα
3355 938 3426 991 δὲ
3456 938 3655 1007 χήρας
3685 954 3769 1006 με

2184 1035 2550 1103 ηὐλόγησεν,
2573 1034 2755 1102 δίκην
2779 1033 2847 1087 δὲ
2879 1033 2959 1101 ἢν
2987 1035 3098 1088 οὐκ
3128 1032 3298 1103 ᾔδειν
3323 1031 3671 1099 ἐξιχνίασα·
3698 1022 3777 1083 ὧν

2184 1126 2370 1181 ἕνεκεν
2405 1127 2500 1180 καὶ
2533 1127 2608 1188 ὡς
2637 1126 2817 1198 πατὴρ
2842 1125 3193 1195 ὲγνωρίζετο,
3227 1125 3322 1177 καὶ
3339 1124 3415 1186 ὡς
3449 1125 3777 1195 προστάτης

2185 1216 2575 1289 ιμεγαλύνετο,
2608 1218 2701 1271 κα)⁸
2727 1217 2802 1281 ὡς
2831 1216 3084 1289 κηδεμὼν
3111 1206 3506 1287 ἐμακαρίζετο,
3556 1212 3779 1284 δρώμε-

2186 1328 2297 1376 νος,
2342 1310 2759 1380 ἀπαντώμενος,
2827 1309 3188 1382 ξενιζόμενος,
3242 1307 3391 1380 παρὰ
3444 1308 3777 1377 μονασταῖς,

2189 1404 2343 1477 παρὰ
2374 1403 2619 1475 μιγάσιν,
2645 1405 2724 1466 είς
2752 1402 2822 1457 τά
2850 1403 3179 1473 ὑπερέκεινα
3211 1394 3288 1456 ὧν
3323 1402 3551 1472 ἠσκεῖτο
3584 1399 3780 1452 τόπων

2188 1496 2288 1563 τῆς
2316 1495 2445 1564 περὶ
2472 1492 2641 1547 αὐτοῦ
2694 1495 2883 1565 φήμης
2930 1490 3353 1564 διαδραμούσης,
3400 1490 3494 1543 καὶ
3549 1487 3781 1541 πάντων

2189 1586 2280 1638 τὸν
2310 1586 2575 1641 Πλάτωνα
2607 1589 2667 1640 ἐν
2694 1589 2814 1648 ταῖς
2851 1584 3063 1639 ἑαυτῶν
3090 1583 3387 1653 γλώσσαις,
3422 1582 3500 1645 ὡς
3537 1580 3691 1651 μέγα
3726 1596 3782 1633 τι

2192 1678 2288 1731 καὶ
2320 1659 2651 1744 άξιάγαστον
2680 1675 2895 1747 χρῆμα,
2926 1675 3300 1748 ἐπιφερόντων
3324 1690 3338 1704 ·
3367 1673 3426 1727 δν
3451 1673 3548 1726 καὶ
3581 1674 3612 1726 δ
3645 1670 3781 1743 μέλ-

513 1777 605 1818 res
633 1764 873 1819 maxima
914 1774 1081 1835 atque
1109 1766 1432 1836 dignissima
1474 1783 1676 1837 :quem
1701 1767 1950 1837 profecto
1989 1782 2087 1823 nec

2193 1766 2300 1820 λων
2350 1766 2539 1838 χρόνος
2585 1765 2648 1821 εὖ
2700 1762 2797 1820 οἷδ’
2823 1767 2905 1821 ὅτι
2956 1765 3018 1821 οὐ
3069 1766 3367 1838 σιγήσειεν,
3413 1765 3578 1837 εἰπερ
3601 1761 3781 1835 ἀρετὴ

514 1852 696 1909 futura
728 1855 966 1911 silebunt
997 1865 1262 1928 tempora,
1297 1871 1422 1913 cum
1457 1858 1631 1915 virtus
1656 1875 1741 1915 res
1766 1860 1839 1915 sit
1866 1860 2087 1915 immor-

2197 1859 2432 1930 πρᾶγμα
2468 1859 2756 1914 ἀθάνατον.

516 1945 659 2000 talis.

1146 2080 1302 2137 CAP.
1336 2080 1425 2136 IV.

2805 2084 3054 2139 ΚΕΦΔΛ.
3098 2082 3172 2139 Δ’.

693 2188 996 2261 Prw/icitur
1028 2190 1348 2247 Sacudionis
1379 2194 1695 2248 monasterio
1729 2190 1908 2257 Plato,
1935 2201 1984 2245 et
2009 2208 2104 2261 pro
2130 2197 2460 2251 ueneratione
2498 2207 2808 2251 sanctarum
2837 2197 3128 2267 imaginum
3147 2203 3257 2266 agtt
3285 2194 3337 2249 in
3370 2195 3627 2249 concilio.

586 2305 676 2361 ει.
702 2304 861 2362 Nunc
886 2308 1364 2362 commemoranda
1388 2307 1546 2363 nobis
1571 2306 2079 2363 vertithi-istiauis-

519 2399 657 2455 sima
691 2397 862 2463 lrene,
900 2398 1150 2469 paciﬁca,
1181 2400 1339 2467 juxta
1364 2402 1447 2454 sui
1475 2399 1713 2455 nominis
1738 2409 1977 2470 etytnon,
2000 2399 2095 2452 im-

521 2492 796 2562 peratrix;
838 2492 892 2546 in
931 2506 1041 2561 qua
1078 2494 1384 2562 liocpraeter
1412 2493 1516 2547 alia
1557 2492 1888 2546 laudamlum
1926 2491 2094 2553 venit,

520 2584 665 2655 quod
732 2585 834 2639 sub
880 2600 943 2638 ca
976 2585 1048 2639 sit
1097 2594 1281 2654 aperta
1328 2584 1493 2654 janua
1561 2584 1868 2639 volentibus
1926 2583 2093 2636 vitam

524 2677 880 2731 monasticam
939 2678 1214 2747 amplecti,
1244 2687 1368 2730 aute
1404 2677 1502 2730 hac
1539 2673 2095 2745 reguantibusimpiis

524 2768 669 2823 haud
718 2769 901 2825 minus
933 2769 1119 2823 clausa
1149 2768 1252 2823 sub
1300 2768 1537 2822 ethnicis
1578 2776 1693 2824 erat
1730 2768 1797 2822 ad
1827 2766 2098 2822 Christia-

525 2861 787 2915 nismum.
822 2859 976 2915 Tunc
1004 2861 1257 2915 universa
1315 2872 1501 2915 nostra
1552 2860 1763 2915 familia
1814 2861 2095 2916 renuntia-

525 2954 603 3008 vit
630 2953 828 3007 sacculo
854 2970 868 3006 :
890 2962 1017 3007 tunc
1033 2952 1419 3007 celeberrimus
1432 2952 1591 3008 Pater
1609 2963 1792 3008 noster
1809 2963 1927 3023 post
1949 2954 2101 3024 quie-

527 3055 635 3100 tem
666 3045 979 3100 solitudinis
1017 3045 1258 3116 suscepit
1294 3046 1637 3115 pratlaturam
1668 3065 1682 3100 :
1712 3045 1975 3115 suscepit,
2014 3046 2099 3099 in-

2262 2316 2368 2365 κα’.
2412 2310 2553 2365 Ἀλλ’
2578 2305 2713 2385 ἦκεν
2746 2311 2938 2383 ήμῖνή
2971 2308 3329 2383 χριστοφόρος
3354 2309 3592 2380 Εἰρήνη,
3626 2309 3662 2379 ἡ
3690 2325 3790 2377 φεο

2194 2401 2460 2473 ρωνύμως
2492 2402 2890 2474 βασιλεύσασα,
2927 2404 2986 2457 ἐν
3082 2401 3222 2474 μετὰ
3249 2403 3359 2457 τῶν
3390 2401 3572 2457 ἄλλων
3597 2400 3787 2456 καλῶν

2195 2494 2289 2546 καὶ
2322 2495 2355 2565 ἡ
2392 2493 2488 2547 τοῦ
2540 2495 2791 2566 μονάζειν
2834 2496 2999 2549 παντὶ
3040 2494 3119 2567 τῷ
3170 2493 3482 2564 βουλομένῳ
3532 2493 3788 2563 ὴνὲῳκτο

2197 2587 2358 2658 θύρα,
2403 2589 2571 2643 πάλαι
2620 2589 2726 2643 ὑπὸ
2766 2589 2999 2654 ἀσεϐοῦς
3056 2588 3335 2660 βασιλείας
3389 2586 3786 2657 κεκλεισμένη,

2198 2680 2449 2752 καθάπερ
2465 2680 2572 2735 ὑπὸ
2602 2680 3018 2751 Ἑλληνιζούσης
3038 2680 3100 2734 τὸ
3121 2678 3547 2750 Χριστιανίζειν.
3565 2676 3758 2730 Ἐντεῦ
3772 2707 3790 2716 -

2199 2772 2291 2827 οεν
2324 2774 2355 2843 ἡ
2389 2774 2515 2843 περὶ
2546 2774 2696 2844 ἡμᾶς
2748 2774 2847 2845 μὲν
2899 2772 3190 2836 πανέστιος
3246 2772 3524 2840 άποταγὴ,
3572 2768 3673 2822 τοῦ
3733 2767 3794 2821 δὶ

2206 2868 2566 2937 πανευφήμου
2603 2867 2816 2938 Πατρδς
2847 2868 2880 2936 ἡ
2915 2863 3052 2934 μετὰ
3094 2863 3192 2936 τὴν
3228 2863 3457 2934 ἡσυχίαν
3488 2859 3794 2932 ἡγεμονία,

2201 2958 2261 3009 οὐ
2291 2956 2613 3027 βουλομένου
2635 2956 2754 3026 μὲν,
2795 2953 2918 3008 οὐδὲ
2949 2953 3278 3025 ὀρεγομένου
3304 2951 3493 3023 ἄρχειν
3514 2950 3656 3019 (πῶς
3680 2950 3797 3021 γὰρ

2206 3047 2271 3102 ἂν
2299 3050 2328 3101 ὁ
2357 3048 2455 3109 τὰς
2493 3048 2753 3117 μεγίστας
2784 3042 2969 3115 φυγὼν
2992 3043 3167 3115 ἀρχὰς
3196 3042 3378 3112 ἐφέσει
3411 3039 3521 3092 τῶν
3561 3039 3799 3107 ὑφειμέ-

529 3154 714 3209 quam,
744 3153 843 3192 nec
871 3137 1058 3193 volens
1086 3154 1181 3193 nec
1213 3138 1438 3208 cupiens
1471 3138 1764 3209 (quomodo
1813 3138 1979 3200 enim,
2007 3140 2087 3209 qu1

2208 3155 2313 3192 νων
2344 3137 2618 3204 ἡλίσκετο)
2643 3134 2780 3188 ἀλλὰ
2812 3134 2872 3188 τὸ
2907 3134 3008 3205 μὲν
3030 3130 3430 3194 κατακλασοεὶς
3450 3129 3555 3183 ὑπὸ
3586 3126 3686 3181 τοῦ
3709 3128 3800 3183 αἶ-

532 3230 801 3285 maximas
833 3229 1068 3300 fugerat,
1098 3229 1424 3298 dignitatum
1450 3230 1801 3284 minimarum
1830 3229 2087 3285 desiderit

2215 3250 2383 3303 ματος
2415 3233 2717 3302 (εἰρήσεται
2760 3230 2871 3300 γὰρ
2895 3232 2942 3285 τ’
2968 3229 3188 3301 ἀληθὲς,
3223 3228 3271 3279 εἰ
3308 3225 3403 3279 καὶ
3458 3222 3800 3295 τραχύτερος

534 3322 884 3387 ιειιονριιιιῖ),
921 3323 1015 3376 sed
1047 3322 1245 3391 partim
1282 3322 1818 3393 consanguineorum
1853 3322 2087 3393 precibus

2210 3326 2238 3379 ὁ
2263 3323 2465 3393 λόγος),
2511 3321 2572 3374 τό
2624 3320 2802 3375 δὲκαὶ
2845 3318 3071 3381 ἐλπίσας
3100 3316 3197 3387 τὴν
3232 3314 3404 3383 αὐτὴν
3456 3312 3630 3383 ίσχειν
3656 3313 3800 3384 ipo-

536 3414 815 3470 emollitus
862 3413 1062 3485 (dicam
1113 3414 1260 3467 enim
1294 3414 1440 3483 quod
1475 3429 1562 3469 res
1600 3426 1703 3479 est,
1735 3414 1834 3469 etsi
1866 3413 2027 3483 paulo
2056 3415 2087 3469 ἰ(

2213 3415 2356 3488 χῖαν,
2402 3414 2505 3468 κάν
2546 3415 2612 3485 τῇ
2636 3413 2956 3483 ήγεμονείᾳ,
2982 3411 3120 3480 ὅπερ
3145 3409 3243 3479 οὐχ
3272 3401 3384 3460 οἷόν
3405 3422 3490 3458 τε.
3523 3404 3659 3458 Οὐδὲ
3687 3402 3801 3473 γὰρ

536 3506 923 3563 iucuncinnius
957 3496 1253 3576 videatur),
1283 3507 1480 3577 partim
1516 3505 1819 3572 conlidens,
1849 3506 1995 3575 quod
2027 3522 2087 3562 ve

2216 3506 2460 3576 ζητήσας
2479 3499 2604 3575 εὗρε
2618 3505 2678 3557 τὸ
2695 3503 3054 3573 ἐλπιζόμενον
3074 3516 3088 3531 ·
3108 3498 3401 3553 κάντεῦθεν
3422 3496 3572 3567 αὐτῷ
3599 3497 3650 3548 oi
3669 3493 3803 3547 πολε

540 3599 594 3654 in
627 3599 742 3668 ipsa
769 3597 1091 3668 prtelectura
1124 3605 1306 3667 posset
1338 3594 1626 3665 pristinam
1681 3595 1921 3664 quietem
1978 3610 2079 3650 con

2218 3598 2302 3651 λο¹ι
2332 3596 2664 3659 πνεύσαντες
2698 3592 2997 3666 πειρασμοί
3020 3605 3036 3621 ⁸
3064 3592 3123 3646 τὸ
3155 3591 3212 3646 δὲ
3243 3590 3333 3659 ὑφ’
3361 3582 3435 3642 ὧν
3466 3589 3559 3642 καὶ
3585 3586 3657 3639 δι’
3678 3583 3801 3648 οὒς,

541 3708 761 3748 servare
796 3708 811 3747 :
841 3692 932 3747 sed
970 3692 1074 3747 hoc
1101 3704 1444 3759 nequaquam
1471 3697 1531 3742 ut
1555 3689 1805 3757 sperabat
1837 3688 2074 3743 obtinuit

2220 3689 2422 3759 ἀφίημι
2446 3688 2650 3756 λέγειν.
2677 3688 2818 3740 αἰδοῖ
2840 3685 2946 3739 τῶν
2972 3682 3309 3755 προσώπων,
3334 3680 3475 3751 πλὴν
3508 3679 3659 3732 ἕλκει
3685 3676 3805 3748 βίον

544 3785 723 3838 multa:
742 3784 887 3838 enim
921 3782 1248 3838 tentationes
1279 3780 1327 3836 ei
1378 3794 1444 3835 ex
1479 3780 1581 3835 hoc
1612 3780 1792 3850 capite
1850 3797 2087 3850 provene

2223 3782 2479 3851 ὀδυνηρόν
2510 3796 2569 3833 τε
2595 3780 2689 3833 καὶ
2731 3777 3018 3848 ἀνώμαλον
3042 3818 3059 3843 ,
3092 3777 3189 3830 κα).
3231 3774 3331 3845 τῆς
3377 3771 3587 3836 οἰκείας
3632 3769 3805 3835 ἕξεως

544 3885 671 3930 runt
704 3892 717 3929 :
748 3891 779 3931 a
806 3875 1003 3946 quibus
1033 3889 1160 3929 vero
1192 3882 1247 3930 et
1272 3888 1367 3945 per
1412 3887 1553 3943 quos
1581 3887 1659 3927 eae
1705 3872 1909 3927 fuerint
1937 3875 2087 3931 susci

2228 3873 2576 3946 ἀναρμόδιον.

543 3978 687 4035 tata,
719 3984 1075 4040 personarum
1099 3978 1343 4039 respectu
1438 3968 1618 4022 dicere
1672 3968 2057 4037 prmlermilto:
2097 3970 2199 4027 hoc
2232 3978 2444 4025 tantum
2512 3964 2783 4036 significo,
2848 3963 2993 4035 quod
3027 3962 3193 4018 vitam
3268 3959 3532 4018 molestiis
3561 3956 3802 4027 plenam.

544 4080 575 4120 a
598 4080 807 4136 suoque
851 4065 1098 4119 instituto
1126 4072 1180 4117 et
1235 4062 1513 4133 proposito
1549 4062 1941 4118 alienissimam
1972 4064 2212 4122 duxerit.

615 4157 706 4213 22.
748 4155 886 4222 Quid
911 4165 1093 4211 autem
1151 4153 1284 4210 iecit
1337 4154 1590 4225 generosi
1643 4154 1815 4209 animi
1868 4156 2087 4227 rectiqul

2292 4157 2393 4231 xﬁ'.
2435 4156 2595 4211 ’Λλλά
2629 4155 2682 4209 τί
2714 4153 2860 4207 ποιεῖ
2891 4153 2920 4205 ό
2950 4153 3196 4219 γενναῖος
3239 4152 3447 4214 ἐκεῖνος
3482 4148 3667 4219 ,ὅντως
3705 4151 3806 4206 καὶ

546 4249 763 4307 consilii
792 4248 917 4303 vir?
968 4246 1263 4318 Postquam
1296 4248 1362 4301 ad
1404 4247 1749 4316 praelaturam
1791 4257 2006 4318 raptum
2059 4265 2085 4304 s

2224 4253 2548 4316 εὑούϐουλος
2574 4267 2589 4315 ;
2634 4246 2857 4317 Ἐπειδὴ
2879 4244 3025 4314 ἑώρα
3053 4244 3246 4297 ἑαυτὸν
3276 4243 3557 4296 ἑαλωκότα
3578 4245 3647 4314 τῇ
3672 4259 3807 4315 προ-

546 4341 705 4405 vidit,
736 4356 915 4412 neque
958 4356 1077 4395 eam
1109 4340 1348 4409 ell'ugere
1379 4340 1656 4410 (quamvis
1685 4340 1752 4395 de
1786 4341 1891 4397 hoc
1922 4343 2087 4413 saepiu

2228 4347 2444 4417 στασίᾳ,
2481 4343 2579 4398 καὶ
2607 4340 2798 4409 φυγεῖν
2839 4335 3045 4404 ταύτην
3092 4334 3192 4387 οὒκ
3240 4334 3541 4397 ἀκίνδυνον,
3601 4334 3808 4406 καίπερ

547 4432 893 4500 deliberaret)
928 4432 1065 4488 citra
1105 4429 1408 4502 periculum
1430 4445 1626 4500 posse;
1658 4432 2087 4502 quemadmodur

2228 4436 2489 4497 πολλάκις
2546 4428 2996 4502 βουλευσάμενος,
3029 4418 3119 4477 οἷά
3180 4440 3265 4486 τις
3294 4420 3712 4492 οἰακοστρόφος.
3749 4424 3809 4475 ὲν

549 4526 880 4596 gubernator
937 4524 1202 4595 prudens,
1257 4523 1313 4577 in
1374 4522 1555 4577 medio
1614 4522 2084 4593 circumstrepenti

2231 4529 2381 4598 μέσῳ
2416 4524 2684 4585 κλύδωνος
2714 4516 3082 4589 περιζέοντος,
3118 4513 3176 4568 τὸ
3217 4512 3318 4582 τῆς
3360 4512 3537 4582 ψυχῆς
3573 4512 3809 4576 ὀκνῶδες

549 4616 802 4689 procellae
832 4614 1190 4677 constitutus,
1218 4628 1438 4668 omnem
1470 4613 1640 4667 animi
1669 4622 1945 4683 torporem
2000 4630 2029 4667 a
2063 4628 2087 4668 ε

2227 4616 2682 4685 ἀποσεισάμενος,
2724 4611 2818 4664 καὶ
2868 4610 2931 4663 τὸ
2984 4608 3082 4678 τῆς
3111 4606 3349 4668 διανοίας
3390 4603 3545 4674 δμμα
3575 4603 3810 4672 ὑψιφρό·

549 4707 824 4772 excussit;
856 4715 910 4762 et
944 4706 1140 4760 mentis
1170 4705 1360 4760 oculos
1408 4720 1628 4759 sursum
1679 4705 1970 4771 attollens,
2034 4706 2087 4759 in

2230 4727 2335 4774 νως
2360 4707 2667 4771 ἀνατείνας,
2702 4702 2981 4774 Ξχνηλατεῖ
3011 4699 3196 4753 λοιπον
3219 4697 3345 4757 τοὺς
3376 4694 3484 4749 τῶν
3514 4694 3805 4766 μακαρίων

549 4802 821 4873 vestigare
846 4801 1016 4871 cmpit
1036 4800 1277 4854 virorum
1314 4807 1634 4854 sanctorum
1669 4796 1832 4864 vitas,
1896 4814 2004 4853 non
2058 4814 2085 4850 a

2193 4802 2437 4872 ’ἀνδρῶν
2464 4800 2613 4871 βίους
2636 4814 2651 4828 ο
2685 4798 2746 4851 οὐ
2780 4795 2916 4866 πρὸς
2972 4792 3041 4846 τά
3101 4790 3346 4863 προσεχῆ
3380 4788 3805 4858 παραδείγματα

551 4893 793 4949 recentia
829 4891 1076 4962 exempla
1108 4891 1407 4961 respiciens
1447 4889 1588 4959 (haec
1616 4892 1761 4943 enim
1800 4888 2087 4959 plerumqu

2226 4896 2461 4967 βλέπων,
2508 4892 2631 4946 ἐπεὶ
2677 4889 2809 4955 λοξὰ
2852 4889 2950 4943 καὶ
2994 4882 3402 4955 συγκεχυμένα,
3434 4879 3573 4951 πρὸς
3612 4878 3669 4932 δὲ
3706 4880 3810 4949 τὴν

551 4986 783 5042 distorta
816 4983 1155 5054 confusaque
1188 4982 1359 5053 sunt),
1379 4985 1472 5037 sed
1505 4982 1572 5035 ad
1602 4981 1950 5052 archetypam
1994 4996 2087 5051 apc

2224 4986 2532 5057 ἀρχέτυπον
2584 4983 2777 5035 εἰκόνα
2828 4980 2932 5051 τῆς
2987 4973 3353 5043 άποστολικῆς
3387 4969 3535 5040 ζωῆς
3564 4971 3809 5025 ἀποσκο-

554 5078 761 5135 ειοιίαιι
794 5078 919 5132 vita:
949 5075 1263 5143 imaginem,
1294 5074 1439 5144 quod
1467 5072 1647 5128 facere
1683 5082 1897 5143 oportet
1933 5089 2087 5129 omne

2228 5076 2343 5130 πῶν
2374 5074 2422 5145 (δ
2450 5073 2532 5126 δεῖ
2567 5072 2773 5135 πάντας
2802 5069 2929 5131 τοὺς
2959 5066 3056 5136 τῆς
3089 5062 3293 5134 άρετῆς
3332 5060 3584 5131 γραφέας
3607 5061 3805 5122 ποιεῖν,

553 5184 651 5227 eos
682 5167 1046 5240 quiperieeta
1090 5166 1309 5221 virtutis
1345 5165 1703 5220 simulacrum
1734 5164 2045 5234 exprimere
2073 5167 2084 5217 ἰ

2226 5167 2278 5221 εί
2298 5183 2361 5235 γε
2404 5164 2653 5236 μέλλοιεν
2698 5159 3092 5232 Πατροείκελον
3109 5156 3203 5209 καὶ
3246 5153 3513 5223 σωτήριον
3553 5149 3645 5203 τὸν
3680 5150 3809 5203 ἑαυ-

555 5277 616 5318 se
658 5262 907 5331 cupiunt,
948 5269 1001 5315 et
1034 5260 1199 5313 vitam
1235 5259 1424 5312 volunt
1453 5257 1520 5312 ad
1552 5255 1966 5311 similitudinem
2028 5257 2087 5314 Pa

2231 5256 2341 5311 τῶν
2377 5256 2488 5327 βίον
2514 5251 2980 5325 ἀπεργάζεσθαι),
3017 5246 3233 5320 πρῶτον
3279 5243 3439 5298 τοῦτο
3492 5242 3675 5307 ποιεῖ,
3716 5240 3813 5293 καὶ

557 5361 701 5408 trum
736 5362 902 5423 atque
935 5352 1003 5407 ad
1031 5350 1260 5407 salutem
1303 5348 1607 5404 instituere.

2232 5350 2354 5403 λίαν
2388 5347 2676 5410 νεανικῶς.

626 5446 721 5503 23.
743 5445 989 5503 Primum
1018 5454 1197 5499 autem
1234 5444 1340 5499 hoc
1374 5441 1523 5505 fecit,
1557 5449 1613 5496 et
1655 5443 1876 5514 quidem
1934 5442 2087 5498 adma

2315 5438 2425 5507 κγ’.
2456 5440 2548 5502 Εἰς
2577 5438 2675 5501 τὰς
2705 5435 2800 5490 τοῦ
2833 5433 3071 5506 μεγάλου
3102 5432 3198 5487 καὶ
3228 5431 3489 5505 Θεοφόρου
3528 5430 3810 5487 Βασιλείου

628 5580 791 5639 'Job.
825 5600 881 5650 ν,
915 5582 1021 5649 l5;
1052 5598 1203 5647 uix,
1232 5580 1316 5635 Β.
1358 5578 1443 5634 16.

2064 5690 2307 5750 NOTAE.

629 5795 745 5869 (ιδ)
776 5792 961 5851 Graece
992 5792 1235 5865 μιγάδες.
1277 5792 1506 5849 Sirlctus
1551 5790 1859 5862 conjugates
1914 5789 2087 5857 vertit,

2233 5784 2547 5858 μονασταῖς,
2582 5776 2885 5841 monachis,
2914 5789 3005 5830 cus
3029 5770 3268 5844 opponit.
