3926 6472
167 417 276 482 8Ξ5

881 424 1160 490 ORATIO
1192 429 1402 490 ΧΙ..·-
1429 429 1810 492 LAUDATIO
1849 432 1911 492 S.
1942 432 2310 495 PLATUNIS
2336 435 2770 496 HEGUMENI.

3314 436 3420 501 826

169 530 495 604 νομοθεσίας
542 531 821 599 εἰσελθὼν,
853 535 925 599 ὡς
976 537 1033 588 ἐν
1063 538 1398 608 παραδείσω,
1431 540 1526 593 καὶ
1558 538 1734 609 εὑρὼν

1845 540 1975 595 dum
2032 550 2273 598 strenue.
2331 543 2388 598 In
2431 545 2613 616 magni
2657 555 2821 616 atque
2855 544 3024 600 divini
3079 545 3264 600 Basilii
3312 546 3417 601 lte-

168 621 591 694 ἐναντιουμένην
617 627 682 696 τῇ
719 627 979 699 μοναδικῇ
1010 630 1256 702 πολιτείᾳ
1279 631 1376 702 τήν
1396 631 1745 702 ἀνθρωπίνην

167 718 485 787 συνήθειαν,
552 719 686 788 πρὸς
712 719 790 789 τῷ
840 719 936 772 τοῦ
996 721 1203 790 θήλεως
1253 720 1378 791 ζὼῳ
1419 720 1633 785 δούλαις
1677 723 1745 777 τὰ

165 810 414 865 κοινόϐια
428 811 794 883 διοικούμενα,
839 811 1132 866 κάντεῦθεν
1158 813 1358 877 πολλὰς
1375 814 1474 878 τάς
1516 815 1743 879 ἀτοπίας

167 902 519 971 τικτομένας,
557 901 779 972 μείζους
807 902 863 955 δὲ
897 902 995 966 τὰς
1019 902 1256 973 ψυχικὰς
1284 901 1486 974 ζημίας
1513 905 1742 974 ὑφιστα-

167 993 360 1061 μένας,
406 996 510 1064 δρα
565 994 618 1046 τί
668 995 982 1065 ἐργάζεται.
1027 995 1432 1066 Ἐπερωτήσεσι
1480 997 1743 1068 πρότερον

167 1089 515 1158 χρησαμένος
557 1088 713 1157 παρά
750 1087 858 1141 τῶν
889 1084 947 1141 εὖ
975 1088 1214 1152 εἰδότων,
1244 1088 1319 1153 ὡς
1351 1088 1416 1142 ἂν
1443 1090 1579 1160 μηδὲ
1609 1091 1745 1159 αὑτδ

164 1179 223 1230 τὸ
276 1179 445 1231 καλὸν
493 1179 854 1237 ἀϐασάνιστον
900 1179 984 1250 εἴη
1012 1180 1130 1252 (τῆς
1163 1183 1272 1251 γάρ
1345 1183 1742 1253 αὑλιαρεσκείας

163 1271 356 1342 πόρρω
386 1272 585 1334 νεύων,
619 1273 721 1326 οὑκ
756 1266 823 1342 ἦν
848 1289 924 1335 τι,
956 1271 985 1326 ὃ
1010 1273 1086 1342 μὴ
1105 1272 1467 1344 συμϐουλίαις
1484 1275 1742 1348 διεπράτ-

162 1366 329 1427 τετο),
388 1366 708 1435 καινοτομεῖ
731 1365 828 1428 τὰς
852 1365 1113 1432 ἐκνὸμους
1158 1365 1486 1436 παραδόσεις
1527 1367 1606 1431 ὡς
1654 1386 1743 1437 φι-

160 1454 430 1519 λοκάκους
458 1456 722 1526 αἱρέσεις,
762 1457 854 1509 καὶ
879 1457 1113 1526 καθιστᾷ
1146 1457 1206 1509 τὸ
1240 1457 1440 1514 ἑαυτοῦ
1465 1461 1739 1530 μοναστή·

163 1565 274 1616 ριον
312 1547 451 1618 ἄτερ
507 1548 730 1613 δούλων,
778 1548 882 1614 ἔξω
933 1546 1027 1600 τοῦ
1079 1548 1286 1616 θήλεως
1320 1544 1460 1612 («bon
1492 1550 1616 1620 δίχα
1645 1553 1744 1622 ἐμ·

160 1637 398 1708 πορικῆς
434 1637 600 1706 ἄλλης
651 1637 939 1708 προσόδου,
975 1636 1131 1690 ἅτινα
1177 1639 1460 1707 καπηλικά
1501 1640 1663 1712 κέρδη
1713 1643 1741 1694 ό

159 1731 319 1792 αὑτὸς
352 1730 494 1792 Θεῖος
525 1730 806 1792 Βασίλειος
851 1728 1153 1798 ὀνομάζων,
1196 1732 1464 1796 φευκταϊα
1495 1731 1736 1800 εἴρηκεν.

160 1821 375 1874 Γίνεται
404 1820 463 1872 δὲ
492 1822 524 1890 ή
557 1820 900 1889 κατόρθωσις
929 1819 1028 1872 οὑκ
1053 1820 1314 1890 ἀμογητὶ,
1340 1820 1478 1875 ἀλλά
1509 1821 1618 1892 γὰρ
1647 1822 1742 1876 καὶ

159 1908 274 1962 λίαν
327 1908 736 1978 περιστατικιῖκ
784 1910 848 1961 ἐκ
895 1908 1003 1961 τῶν
1054 1909 1507 1979 συνασκουμένων
1553 1908 1737 1981 ἀηθῶν

156 2002 346 2067 ὄντων,
371 2001 465 2055 καὶ
488 2002 555 2054 ὲκ
581 2001 689 2054 τῶν
714 1999 914 2063 ἔξωθεν
938 1999 1412 2071 ἀντιπραττόντων
1433 2000 1512 2071 τῷ
1546 2001 1737 2072 ἀγαθῷ

157 2093 369 2162 σκοπῷ,
401 2092 502 2145 οὑκ
537 2093 735 2160 ὀλίγων
759 2091 1134 2161 ὑπαρχόντων.
1167 2092 1275 2144 Καὶ
1308 2091 1368 2144 οὑ
1397 2091 1733 2161 θαυμαστόν·

155 2186 275 2239 ἐπεὶ
345 2185 484 2255 μηδὲ
543 2184 831 2256 συνήθειαν
876 2184 1174 2254 περικόψαι
1221 2184 1328 2236 τῶν
1380 2184 1593 2256 ῥᾴστων
1643 2186 1738 2238 καὶ

155 2278 424 2341 εὑπετῶν,
456 2277 594 2348 μηδέ
622 2293 676 2330 τι
727 2277 1093 2347 ἀνεπίφθονον
1124 2276 1235 2330 τῶν
1261 2274 1561 2339 ὲπαινετῶς
1585 2275 1736 2330 ἑλου-

156 2372 355 2440 μένων.
393 2369 518 2441 ’Ἆρ’
552 2365 644 2424 οῦν
673 2370 772 2440 οὑχ
805 2367 1265 2440 ὑπερανεστώσης
1288 2369 1527 2433 διανοίας
1556 2370 1732 2441 ἀπορ-

156 2463 390 2534 ραγῆναι
473 2461 802 2524 ὲπιϐλαϐοῦς
877 2459 1272 2532 παραδόσεως,
1344 2460 1436 2514 καὶ
1495 2457 1735 2513 τοιοῦτον

151 2556 438 2625 προθεῖναι
512 2555 704 2607 ἑαυτὸν
760 2552 1068 2621 ὑπόδειγμα
1109 2551 1274 2604 καλὸν
1318 2553 1431 2616 τοῖς
1469 2549 1737 2622 βουλομέ-

151 2665 258 2711 νοις
297 2647 376 2717 μὴ
405 2645 570 2716 μόνον
594 2646 847 2715 ὀνόματι,
878 2646 1016 2699 ἀλλὰ
1041 2646 1134 2700 καὶ
1156 2645 1442 2716 πράγματι
1459 2643 1732 2714 μονάζειν,

153 2738 243 2790 καὶ
267 2738 474 2790 οἰκεῖον
512 2734 592 2804 τῷ
624 2734 722 2806 βίῳ
757 2736 850 2788 καὶ
878 2735 940 2787 τὸ
980 2735 1140 2804 ἔργον
1171 2735 1338 2804 ἔχειν.
1384 2734 1507 2796 Πῶς
1535 2734 1642 2803 γὰρ
1668 2734 1733 2787 ἂν

154 2828 426 2900 μοναστὴς
462 2827 716 2898 ἀληθινὸς
738 2868 752 2893 ,
784 2827 1150 2890 όδεσποτείας
1191 2826 1355 2897 φόϐον
1394 2825 1599 2890 δούλοις
1635 2828 1734 2878 ἐπ-

151 2921 610 2990 ανατεινόμενοςς
643 2920 677 2990 ἢ
713 2920 832 2984 πῶς
871 2919 1198 2991 ἁγοήτευτος
1241 2919 1341 2989 τὴν
1387 2920 1578 2989 ὅρασιν
1613 2919 1640 2970 ὁ
1671 2920 1734 2971 ὲκ

151 3016 384 3087 θεωρίας
434 3013 533 3066 τοῦ
591 3012 840 3076 συνόντος
899 3012 1048 3081 αὑτῷ
1102 3011 1436 3082 ὑπουργικοῦ
1525 3011 1731 3081 θήλεως

151 3111 395 3179 ἀσκητὴς
432 3105 985 3176 καθυπηρετοὺμενος
1015 3123 1028 3170 ;
1069 3107 1270 3173 ὅπουγε
1303 3106 1397 3158 καὶ
1415 3106 1608 3156 τούτου
1641 3107 1733 3156 ὲκ-

151 3202 232 3265 τδς
266 3202 556 3272 ὑπάρχων,
586 3199 664 3271 τῷ
698 3198 945 3269 ἐμφυλίῳ
977 3199 1199 3268 πολέμῳ
1240 3198 1578 3268 συνϐέϐηκεν
1608 3197 1729 3251 ἀλί-
1758 3237 1804 3298 c

153 3295 398 3348 exsatiati.
430 3293 646 3361 ’Ἥψατο
680 3290 973 3362 τοιγαροῦν
1018 3293 1046 3345 ὁ
1095 3292 1255 3361 ζῆλος
1321 3291 1429 3344 τῶν
1475 3291 1729 3359 ἐγγύθεν,

153 3386 241 3438 καὶ
294 3383 600 3455 μετέλαϐον
660 3381 754 3436 τοῦ
796 3383 1007 3444 ἀγαθοῦ
1042 3384 1091 3435 oi
1135 3384 1373 3452 φιλόθεοι
1428 3385 1729 3456 πόρρωθεν,

151 3477 398 3538 κακεῖνος
437 3473 497 3527 τὸ
514 3473 668 3537 κλέος
693 3473 997 3538 διαιωνίζον
1034 3473 1402 3543 ἀπηνέγκατο.
1434 3475 1494 3528 ΕΞ
1535 3476 1590 3528 δὲ
1639 3479 1733 3530 καὶ

153 3570 303 3622 ἄλλον
336 3568 500 3638 ἔσχεν
525 3568 930 3637 συναγωνιστὴν
955 3583 1014 3619 τε
1054 3567 1150 3620 καὶ
1190 3566 1560 3637 συλλήπτορα,
1585 3565 1732 3639 ’φημὶ

153 3662 214 3732 δὴ
242 3663 335 3714 τὸν
361 3659 537 3714 ταῦτα
573 3658 804 3726 λέγοντα
847 3657 942 3712 καὶ
980 3659 1282 3728 γράφοντα,
1311 3658 1390 3725 τῷ
1429 3659 1601 3730 "arpi
1633 3661 1732 3731 τὴν

156 3755 307 3822 χάριν
343 3751 604 3806 ἀνεκτέον
627 3764 644 3779 ⁸
673 3750 826 3806 παιδὶ
856 3753 964 3822 γαρ
994 3752 1264 3822 προσήκει
1308 3752 1370 3806 τὸ
1409 3754 1586 3807 πάντα
1625 3772 1732 3808 πα-

158 3842 417 3914 τρὼζειν,
453 3845 550 3898 καὶ
593 3843 715 3899 δλον
773 3843 966 3898 ἑαυτὸν
1019 3842 1354 3914 ἐμπαρέχειν
1410 3845 1489 3916 τῷ
1539 3847 1732 3917 γεννή-

157 3952 286 4005 τορι.

225 4029 322 4082 κδ’.
353 4027 591 4081 Ἔπειτα
619 4027 960 4100 περιστέλλει
991 4028 1186 4082 ἑαυτὸν
1228 4031 1293 4082 ἐκ
1335 4028 1446 4082 τῶν
1477 4031 1535 4082 ἐν
1577 4030 1732 4086 ἄστει

160 4120 422 4189 προόδων,
447 4119 513 4171 ὲκ
536 4118 823 4182 συνουσίας
854 4118 1310 4189 ἀγχιστευόντων,
1339 4121 1404 4173 ὲκ
1427 4121 1732 4192 συνδιατρι-

159 4211 254 4281 ϐἦς
289 4210 599 4283 ἀρχόντων,
625 4211 756 4265 εἴσω
781 4211 881 4281 τῆς
914 4214 1291 4282 πνευματικῆς
1327 4213 1497 4284 αὑλῆς
1545 4216 1733 4286 ἐρηρι-

159 4302 350 4372 σμένον
387 4300 528 4369 ἔχων
554 4300 644 4354 τὸν
663 4300 800 4354 πόδα
819 4316 833 4331 ⁸
864 4303 1146 4354 ἐπιστατεί
1169 4305 1279 4366 τοῖς
1297 4303 1532 4372 λογικοῖς
1561 4305 1732 4376 θρέμ-

159 4410 308 4462 μασι,
341 4392 651 4462 διατρέρων
698 4392 1050 4458 διδασκαλίας
1093 4397 1222 4468 πόᾳ,
1281 4399 1375 4450 καὶ
1413 4400 1732 4467 ναματίζων

157 4483 516 4552 κατηχήσεως
573 4481 806 4551 ῥείθρῳ·
835 4481 896 4547 ἐξ
937 4477 1000 4538 οὗ
1028 4483 1080 4537 τί
1113 4487 1366 4553 γίνεται;
1409 4487 1646 4543 Εὑθαλετ
1696 4492 1729 4561 ή

1845 632 2023 701 gulas,
2053 633 2201 688 velut
2247 636 2301 689 in
2331 637 2643 706 paradisum
2676 639 2979 707 ingressus,
3042 647 3095 692 et
3129 637 3416 694 inveniens

1844 727 2160 782 monasticae
2197 732 2599 785 conversationi
2630 731 2964 786 contrariam
3003 745 3126 787 esse
3188 746 3420 786 consue~

1844 817 2086 872 tudinem
2127 819 2443 884 humanam,
2476 837 2584 891 qua
2613 822 2894 877 inductum
2927 831 3064 888 erat,
3101 833 3159 877 ut
3197 832 3419 893 propter

1845 909 2064 966 feminei
2097 915 2315 984 generis
2368 913 2627 968 animalia
2680 914 2896 969 ancillae
2955 914 3010 968 in
3066 915 3415 970 monasteriis

1845 1000 2151 1059 habitarent
2185 1004 2317 1076 (l4),
2358 1006 2502 1061 unde
2541 1007 2710 1062 multa
2745 1008 3137 1078 proveniebant
3205 1008 3417 1061 incom-

1845 1095 2025 1160 moda,
2053 1104 2103 1151 et
2137 1097 2318 1166 plures
2333 1099 2510 1168 quoad
2539 1099 2788 1169 Spiritum
2818 1099 3111 1165 molestiae,
3145 1099 3265 1154 vide
3282 1100 3414 1170 quid

1843 1185 2032 1255 egerit.
2065 1185 2278 1241 Auditis
2307 1188 2628 1256 peritiorum
2668 1189 2980 1254 sententiis,
3012 1196 3072 1242 ιιι
3125 1204 3192 1242 ne
3231 1187 3412 1258 ipsum

1842 1275 2062 1346 quidem
2098 1276 2304 1331 bonum
2332 1279 2621 1334 temerarie
2646 1287 2830 1349 ageret
2857 1281 3069 1351 (procul
3130 1281 3274 1334 enim
3324 1295 3414 1334 re-

1843 1377 2020 1421 motus
2051 1369 2120 1422 ab
2149 1368 2481 1438 arrogantia,
2513 1370 2648 1424 citra
2684 1370 3145 1426 consultationem
3179 1371 3416 1426 faciebat

1843 1461 2025 1534 nihil),
2053 1463 2287 1517 abscidit
2321 1463 2632 1535 illegitimas
2691 1464 3015 1520 traditiones
3047 1467 3196 1519 velut
3245 1465 3414 1535 pesti-

1841 1553 1984 1610 feras
2014 1555 2247 1610 haereses
2273 1595 2288 1621 ,
2320 1571 2590 1626 suumque
2650 1557 3040 1612 monasterium
3101 1557 3410 1612 habendum

1841 1647 2129 1702 constituit
2181 1647 2390 1717 absque
2419 1648 2729 1717 mancipiis,
2761 1649 2968 1720 absque
2997 1649 3213 1704 feminei
3246 1664 3412 1704 sex-us

1841 1737 2190 1802 animalibus,
2221 1738 2429 1808 absque
2467 1738 2616 1793 omni
2653 1739 2761 1792 alio
2800 1740 3124 1793 mercatorio
3150 1748 3411 1809 proventu

1841 1846 1965 1900 quae
2017 1831 2352 1900 cauponaria
2392 1831 2545 1886 lucra
2581 1831 2723 1886 idem
2769 1832 2989 1888 divinus
3036 1831 3273 1887 Basilius
3318 1847 3413 1901 ap-

1843 1925 2072 1994 pellans,
2108 1923 2361 1994 fugienda
2393 1938 2517 1979 esse
2545 1924 2701 1979 dixit.
2722 1923 2948 1979 Inducta
2975 1937 3058 1979 est
3087 1932 3268 1979 autem
3295 1925 3412 1978 lucc

1840 2015 2155 2070 rcformatio
2186 2015 2330 2070 haud
2365 2030 2497 2070 sane
2557 2015 2732 2080 facile,
2802 2015 2896 2071 sed
2960 2031 3218 2086 perquam
3272 2031 3411 2084 a-gre

1840 2114 1953 2160 tum
1989 2114 2210 2175 propter
2247 2105 2626 2162 cohabitantes
2677 2106 3009 2175 inexpertos,
3040 2115 3152 2159 tum
3191 2117 3412 2176 propter

1837 2207 2092 2252 externos
2119 2198 2269 2250 bona:
2295 2197 2383 2250 isti
2406 2195 2696 2251 intentioni
2734 2207 3098 2266 repugnantes
3136 2195 3267 2266 :qui
3302 2211 3408 2251 non

1835 2297 1994 2343 erant
2044 2288 2225 2358 pauci.
2256 2286 2440 2354 Neque
2472 2287 2523 2342 id
2554 2301 2690 2343 sane
2745 2287 2978 2353 mirum;
3007 2287 3135 2358 quia
3187 2302 3294 2342 non
3325 2296 3410 2342 cst

1838 2379 1996 2435 facile
2024 2389 2121 2435 aut
2178 2381 2489 2451 expeditum
2547 2380 2998 2434 consuetudinem
3047 2380 3406 2444 exscindere,

1837 2487 2012 2544 neque
2047 2471 2252 2527 invidia
2306 2481 2496 2527 carent
2547 2472 2793 2542 prteclari
2846 2479 3093 2527 conatus.
3153 2470 3408 2542 Nunquid

1834 2564 1980 2619 cnim
2016 2564 2287 2634 praecelsas
2318 2564 2517 2618 mentis
2543 2573 2627 2618 est
2654 2564 2908 2618 recedere
2938 2579 2969 2618 a
3024 2565 3184 2618 noxia
3239 2563 3409 2618 tradi-

1837 2657 2004 2720 tione.
2037 2671 2204 2726 seque
2233 2657 2409 2725 ipsum
2451 2671 2651 2725 ponere
2700 2655 2755 2710 in
2815 2657 3125 2726 exemplum
3178 2656 3404 2722 bonum,

1835 2749 2034 2803 volenti
2069 2747 2310 2801 solitarie
2335 2747 2536 2811 vivere,
2555 2762 2661 2801 non
2681 2747 2858 2802 solum
2882 2747 3221 2812 nomine,sed
3244 2746 3405 2800 etiam

1836 2857 1914 2905 re,
1944 2850 1998 2895 et
2027 2839 2355 2909 professioni
2413 2853 2714 2908 congruum
2761 2852 2899 2908 Opus
2950 2837 3194 2892 habere?
3257 2837 3408 2903 Quo-

1835 2933 1999 2986 modo
2029 2939 2210 2984 autem
2247 2945 2371 2984 vere
2401 2929 2681 2984 solitarius
2708 2928 2836 2993 erit,
2866 2928 2960 2998 qui
3016 2928 3409 2983 dominationis

1834 3023 2120 3092 mancipiis
2157 3020 2388 3076 incutit?
2421 3019 2709 3086 Quomodo
2735 3029 2917 3076 castos
2945 3020 3164 3074 habebit
3219 3019 3410 3075 oculos

1834 3123 2044 3169 ascetes
2090 3113 2200 3174 ille,
2251 3112 2342 3181 qui
2387 3110 2630 3165 mulieris
2687 3109 2792 3164 sibi
2822 3109 3191 3164 cohabitantis
3237 3110 3412 3165 utitur

1835 3204 2187 3259 ministerio?
2219 3218 2344 3258 cum
2369 3201 2533 3255 etiam
2560 3199 3096 3270 contingataliquus,
3125 3209 3279 3253 extra
3306 3201 3409 3256 hoc

1834 3299 2125 3354 discrimen
2154 3297 2382 3366 positos,
2415 3294 2556 3362 capi.
2620 3292 2861 3349 Accensa
2910 3304 3148 3362 estergo
3198 3292 3411 3347 vicino-

1836 3405 1956 3443 rum
1987 3387 2282 3450 azmulatio,
2323 3396 2375 3440 et
2404 3387 2470 3438 ad
2499 3385 2715 3455 longius
2742 3384 2953 3453 positos
3007 3381 3099 3437 Dei
3133 3391 3408 3436 amatores

1835 3477 2172 3548 participatio
2191 3474 2315 3530 boni
2337 3473 2538 3529 inventi
2560 3473 2804 3544 pervenit
2827 3491 2841 3540 ;
2867 3474 2984 3544 ipse
3000 3489 3128 3528 vero
3147 3485 3404 3527 mternam

1834 3571 1935 3625 sibi
1964 3569 2301 3637 comparavit
2330 3567 2582 3638 gloriam.
2619 3564 2775 3632 Quod
2804 3565 2850 3620 si
2877 3565 3044 3620 alium
3069 3565 3260 3620 habuit
3285 3580 3414 3620 con-

1834 3664 1941 3718 silii
1973 3671 2135 3731 atque
2166 3661 2367 3714 laboris
2405 3660 2641 3725 socium,
2690 3659 2870 3727 ipsum
2903 3659 2995 3728 qui
3041 3659 3155 3712 haec
3195 3658 3329 3714 dicit
3355 3667 3411 3714 et

1834 3755 2047 3818 scribit,
2079 3752 2258 3808 omnis
2292 3753 2359 3806 ad
2385 3750 2601 3805 Patrem
2653 3748 2934 3804 referenda
2967 3759 3050 3804 est
3077 3751 3247 3820 gratia
3283 3750 3411 3804 :de-

1833 3855 1919 3901 cet
1944 3846 2089 3900 enim
2133 3846 2303 3898 tilium
2339 3844 2395 3898 in
2438 3842 2693 3897 omnibus
2718 3841 3014 3896 assimilari
3049 3843 3210 3911 patri,
3241 3857 3410 3912 seque

1836 3945 2007 3992 totum
2039 3935 2383 3989 formandum
2426 3935 2638 3988 tradere
2673 3933 2922 4003 genitori.

1902 4029 1992 4084 24.
2024 4028 2220 4084 Postea
2248 4027 2612 4096 sequestravit
2637 4042 2696 4082 se
2718 4026 2787 4080 ab
2813 4027 3039 4081 urbanis
3069 4013 3413 4081 circuitioni-

1833 4122 1961 4186 bus,
1995 4140 2023 4174 a
2055 4121 2475 4176 conversatione
2503 4120 2864 4174 habitantium
2888 4118 3156 4181 civitates,
3183 4133 3215 4174 a
3249 4117 3410 4172 fami-

1835 4212 2066 4267 liaritate
2106 4212 2345 4265 virorum
2409 4211 2741 4280 principum,
2775 4209 2917 4263 intra
2947 4209 3282 4278 spiritualem
3314 4225 3410 4262 an-

1834 4306 1942 4360 lam
1981 4303 2148 4357 fixum
2182 4303 2427 4356 retinens
2476 4303 2706 4370 pedem;
2750 4300 2839 4354 ubi
2884 4300 3132 4353 rationali
3163 4300 3398 4354 intende-

1834 4397 1927 4453 bat
1959 4395 2129 4467 gregi,
2178 4409 2407 4464 pascens
2450 4408 2572 4447 eum
2608 4392 2871 4446 doctrina:
2925 4392 3192 4462 gramine,
3226 4401 3278 4445 et
3310 4408 3409 4460 po-

1837 4500 1960 4546 tans
2018 4487 2244 4543 ﬂumine
2293 4486 2693 4541 instructionis.
2741 4483 2894 4540 Unde
2947 4484 3148 4539 factum
3209 4494 3314 4547 est,
3355 4495 3412 4540 ut

155 4573 276 4638 Δία,
309 4571 470 4638 αὔξει
495 4572 555 4624 τὸ
583 4572 855 4642 ποίμνιον,
891 4572 1102 4641 γίνεται
1129 4576 1477 4648 περιϐόητον,
1511 4579 1731 4644 δοξάζε-

1838 4579 2072 4637 fecundo
2121 4579 2367 4649 germine
2406 4577 2734 4647 prolificaret
2773 4577 2888 4644 Lia,
2941 4594 3070 4648 grex
3119 4587 3412 4648 augeretur

155 4683 240 4719 ται
266 4667 294 4718 ὁ
329 4666 489 4733 ἅγιος
519 4665 673 4729 Θεὸς,
700 4667 831 4737 παρ’
871 4660 933 4720 οὗ
963 4669 1071 4721 πᾶν
1111 4669 1418 4740 ἀνθρώποις
1442 4673 1504 4725 τὸ
1536 4691 1736 4744 κατορ-

158 4755 442 4826 θούμενον.
486 4756 626 4810 Ἀλλ’
659 4752 773 4810 οἷόν
799 4774 865 4827 με
891 4759 948 4810 ὲν
979 4758 1131 4829 μέσῳ
1173 4760 1283 4812 τῶν
1310 4763 1614 4833 εἰρημένων
1638 4765 1734 4818 λα-

158 4847 260 4902 θὼν
291 4847 496 4918 μικροῦ
515 4848 623 4901 δεῖν
653 4849 1004 4921 παρέδραμεν
1034 4854 1045 4905 l
1082 4852 1221 4923 Ἤδη
1247 4857 1605 4927 κρατησάσης
1635 4859 1733 4927 τῆς

157 4938 420 5001 εὐσεϐοῦς
451 4938 715 5011 Εἰρήνης,
745 4943 841 4995 καὶ
868 4941 1079 4996 πολλῶν
1107 4942 1282 5013 λόγων
1311 4944 1614 5016 βαλλόντων
1636 4951 1732 5004 καὶ

1835 4683 1890 4730 et
1917 4672 2152 4732 celebris
2186 4671 2358 4736 fieret,
2401 4668 2543 4723 Deus
2588 4679 2792 4731 autem,
2831 4677 2890 4722 ut
2932 4680 3192 4732 sanctus,
3224 4667 3413 4722 lauda-

1836 4778 2012 4830 retur,
2047 4779 2076 4818 a
2110 4778 2221 4833 quo
2249 4761 2561 4816 hominibus
2579 4775 2740 4815 omne
2764 4761 2966 4814 bonum
3005 4764 3270 4830 provenit.
3303 4760 3410 4815 Sed

1836 4858 1997 4928 quale
2028 4857 2159 4910 illud
2198 4864 2283 4910 est
2313 4854 2458 4924 quod
2504 4854 2557 4907 in
2621 4852 2800 4906 medio
2836 4853 3190 4907 dicendorum
3236 4853 3411 4907 latens

1842 4963 2033 5022 parum
2067 4946 2243 5003 abfuit
2269 4946 2402 5016 quin
2436 4946 2792 5015 praeterirem.
2842 4942 2978 4998 Cum
3006 4944 3118 5013 jam
3165 4950 3415 5014 regnaret

1673 5108 1905 5168 ΝΟΤΑΞ.

222 5251 336 5318 ιη)
378 5247 685 5324 Grecae“
733 5249 870 5324 πρδς
908 5251 984 5321 τῷ
1027 5250 1342 5324 τοῦκθήλεος
1373 5252 1497 5323 («be
1525 5255 1732 5323 δούλοις

156 5320 243 5395 τά-
269 5318 521 5395 κοινόϐια
559 5318 923 5395 διοικούμενα,
939 5318 1017 5395 Aet
1059 5318 1215 5395 infra:
1248 5318 1482 5395 καθιστᾷ
1515 5328 1573 5378 τὸ
1603 5318 1732 5379 ὲαυξ

157 5390 245 5463 τοῦ
278 5392 649 5463 μοναστήριον
677 5389 781 5454 ἔξω
809 5391 900 5443 τοῦ
935 5389 1126 5460 θήλεος
1146 5392 1306 5456 ζώου.
1329 5389 1727 5463 qum'b‘irletus,

159 5461 478 5529 longissime
519 5461 786 5514 aberrans
820 5477 846 5512 a
885 5474 1063 5516 mente
1119 5461 1380 5528 auctoris,
1418 5466 1496 5518 sic
1541 5461 1731 5521 Latine

164 5532 415 5584 mididit.
465 5529 600 5602 Cum
655 5532 971 5602 feminarum
1036 5533 1264 5585 rwnobia
1309 5533 1730 5602 gubernarentur

163 5616 192 5651 α
220 5602 380 5654 servis
408 5601 668 5662 "toribus,
728 5611 781 5654 et
838 5600 999 5666 infra,
1052 5600 1324 5671 suumque
1355 5607 1729 5661 moimsterium

164 5671 433 5725 constituit
483 5672 694 5723 remotis
755 5673 913 5725 servis
953 5689 1014 5726 ac
1081 5674 1403 5727 nautici-ibus.
1467 5673 1729 5730 Existimo

167 5740 260 5793 levi
315 5741 662 5795 correctione
701 5741 816 5796 ticri
855 5757 1037 5810 posse,
1071 5751 1130 5797 ut
1178 5752 1231 5797 et
1292 5744 1523 5799 feminas
1554 5761 1728 5800 remo-

168 5811 300 5885 visse
347 5829 398 5885 Aa
471 5827 574 5864 suo
620 5813 967 5885 monasterio
1004 5814 1632 5885 sanctusiintelligatur.
1671 5825 1723 5870 et

172 5882 419 5937 animalia
456 5897 690 5951 quorum
711 5898 875 5938 causa
918 5883 1018 5939 illae
1052 5882 1476 5947 adhibebantur;
1505 5898 1553 5939 et
1581 5887 1717 5940 hanc

1834 5271 1957 5312 esse
1993 5264 2230 5310 mentem
2268 5253 2558 5324 genuinam
2593 5252 2854 5324 auctoris,
2880 5251 2991 5324 qui
3023 5251 3089 5305 de
3117 5251 3406 5324 mulierum

1834 5326 2102 5382 coenobiis
2137 5341 2235 5379 nec
2274 5323 2539 5392 cegitavit
2563 5323 2780 5391 quidem
2819 5339 2943 5376 cum
2982 5323 3094 5376 lure
3121 5323 3408 5384 scriberet.

1836 5397 2040 5466 patebit
2088 5394 2445 5450 exatniuanti.
2485 5394 2624 5466 Ergo
2653 5394 2712 5466 τὸ
2759 5394 2852 5445 τοῦ
2887 5394 3079 5462 θήλεος
3127 5392 3263 5455 ζῶον
3325 5393 3409 5466 iu-

1834 5464 2017 5536 telligo
2053 5465 2239 5520 femini
2274 5480 2438 5519 sexus
2472 5464 2748 5536 animalia,
2783 5479 3004 5525 vaccas,
3046 5478 3199 5536 oves,
3235 5464 3409 5530 capel-

1833 5537 1914 5591 las
1941 5531 1995 5591 ἑι
2028 5553 2147 5606 quae
2169 5536 2329 5589 etiam
2355 5536 2406 5589 in
2430 5535 2772 5606 monasteriis
2801 5536 3021 5588 aluntur
3048 5532 3113 5585 ad
3147 5531 3401 5594 feturam,

1837 5604 2071 5677 itemque
2102 5607 2168 5660 ad
2212 5607 2366 5677 laetis
2408 5615 2461 5659 et
2492 5604 2633 5659 casci
2671 5614 3012 5677 proventum
3043 5621 3054 5655 :
3086 5612 3249 5677 atque
3303 5617 3403 5670 pro

1836 5672 2062 5746 δούλοίς,
2098 5677 2216 5746 lego
2255 5674 2488 5746 δούλαις⁹
2540 5674 2682 5746 quod
2708 5685 2893 5746 autem
2926 5672 3145 5746 διοικεῖν
3164 5686 3268 5725 non
3293 5686 3402 5746 so-

1835 5745 1945 5800 lum
1976 5742 2297 5816 gubernare,
2323 5745 2416 5801 sed
2445 5746 2605 5816 etiam
2637 5743 2880 5798 habitare
2909 5742 3198 5816 signiticet.
3222 5743 3399 5811 palam

1829 5813 2250 5939 cséapissimulo
2287 5825 2480 5872 caetera
2517 5815 2604 5870 hic
2637 5825 3038 5885 consequenter
3062 5813 3246 5867 minus
3275 5824 3400 5882 apte

1829 5901 1883 5939 re
1964 5897 2054 5939 ua.

1829 5886 2054 5940 reddita.
