3926 6434
531 382 635 446 827
1713 390 1774 452 S.
1816 392 2204 454 TIIEODORI
2247 392 2590 454 STUDlT/E
3670 391 3769 455 898

537 498 880 570 pientissinta
911 500 1085 566 lrene,
1120 514 1173 559 et
1199 504 1342 560 circa
1364 506 1721 574 quaestionem
1745 508 1814 565 de
1842 525 2105 565 veneran-

2228 511 2557 583 Βαλλομένων
2592 510 2851 582 περὶτῆς
2893 511 2999 565 τῶν
3040 526 3258 566 σεπτων
3303 508 3529 567 εἰκόνων
3573 514 3771 568 ὑποθέ-

540 592 625 646 dis
676 591 1009 661 imaginibus
1065 594 1119 649 itt
1169 608 1455 666 utramque
1500 609 1709 669 partem
1737 601 1903 655 multa
1938 601 2107 670 jacta-

2228 617 2367 663 rsw;,
2399 599 2837 671 παρρησιάζεται
2873 599 2981 672 πρὸ
3002 599 3110 653 τῶν
3151 598 3361 653 πολλῶν
3410 601 3503 653 καὶ
3537 604 3636 656 σὺν
3666 604 3773 656 6}!-

538 690 755 746 rentur,
784 693 911 737 ante
943 684 1143 741 multos
1167 698 1220 741 et
1249 704 1371 742 cum
1403 691 1591 758 paucis
1621 691 1789 747 libere
1820 693 2103 747 veritatem

2228 708 2324 757 ποις
2356 690 2452 761 τὴν
2477 691 2753 762 ἀλήθειαν,
2783 692 3145 762 μάχεταιτοῖς
3166 693 3616 763 εἰκονομαχοῦσιν
3645 694 3775 748 καθ-

533 776 854 845 prolitetur;
884 791 1087 849 pugnat
1136 789 1399 849 quantum
1451 792 1630 851 potest
1677 792 1869 838 contra
1922 785 2107 841 leono-

2228 779 2333 831 ἱσον
2364 772 2476 831 οἷόν
2503 795 2585 844 τε,
2617 780 2740 831 ἔπει
2771 779 2909 850 μηδὲ
2940 780 3270 850 δογματικδς
3298 776 3387 853 ἢν,
3421 782 3535 835 ἀλλ’
3566 785 3776 837 ἁπλοῦν

533 866 782 921 machos.
806 867 1072 932 Quamvis
1093 871 1238 923 enim
1284 886 1389 924 non
1429 883 1573 926 esset
1610 872 1976 943 dogmaticus,
2011 876 2107 930 sed

2228 866 2309 921 ιὲν
2326 868 2417 921 τὸν
2429 867 2607 936 λόγον,
2624 868 2937 940 εὐρύχωρον
2952 869 2999 923 δ’
3014 871 3163 939 ὅμως
3180 887 3243 939 φε
3254 870 3518 942 ρωνύμως
3536 874 3633 926 καὶ
3654 890 3776 928 πει-

535 956 767 1025 sintplici
797 969 1043 1015 uteretur
1077 976 1368 1027 sermone;
1394 978 1515 1018 eum
1555 974 1732 1019 tamen
1766 964 1993 1021 habebat
2019 982 2109 1022 co-

2228 960 2368 1030 Ιήνον
2385 959 2731 1033 [ί.πειθανὺν]
2749 960 2906 1031 ἔχων.
2925 961 3222 1026 Ἀπόδειξις
3241 963 3348 1017 τῶν
3374 965 3707 1037 εἰρημένων,
3720 968 3779 1020 τὸ

534 1047 747 1113 pinsunt
804 1049 979 1116 (juxta
1036 1053 1275 1107 nominis
1321 1054 1428 1115 sui,
1469 1068 1499 1107 a
1546 1054 1829 1111 latitudine
1881 1056 2104 1127 sumpti,

2228 1068 2265 1104 ιν
2295 1052 2531 1123 καθέδρᾳ
2563 1052 2949 1123 μητροπόλεως
2966 1052 3075 1107 τῶν
3104 1055 3388 1124 ἐπιφανῶν
3406 1096 3421 1120 ,
3452 1058 3512 1110 ὲν
3535 1059 3604 1127 τῇ
3638 1059 3780 1113 κατὰ

536 1141 944 1208 proprietatem)
984 1151 1038 1197 et
1088 1143 1432 1212 persuasioui
1514 1160 1770 1215 perquam
1827 1146 2104 1202 idoneum.

2228 1144 2335 1205 τοὺς
2381 1144 2569 1211 ἁγίους
2602 1144 2956 1208 Ἀποστόλους
2997 1146 3219 1217 συνόδῳ,
3241 1149 3391 1217 παρὰ
3413 1148 3777 1219 τοῦτηνικαδε

535 1230 704 1296 Cujus
733 1232 810 1284 rei
843 1242 1220 1300 argumentum
1239 1242 1352 1297 est,
1379 1233 1524 1303 quod
1556 1235 1609 1289 in
1640 1251 1701 1290 ea
1738 1252 1855 1305 quae
1882 1240 1948 1291 ad
1980 1254 2108 1291 san-

2228 1233 2629 1307 τροεδρεύοντος
2656 1235 2775 1289 κατ’
2804 1234 3033 1306 ἐκλογὴν
3062 1237 3286 1306 τεθῆναι
3309 1238 3401 1292 τὸν
3428 1239 3621 1310 ἀνδρα,
3653 1240 3778 1294 οὔτε

532 1329 651 1374 etos
705 1323 978 1390 apostolos
1013 1334 1199 1378 coacta
1251 1334 1333 1379 est
1380 1325 1592 1397 synodo
1633 1328 1782 1397 (l5),
1816 1330 1884 1382 ab
1916 1343 1981 1382 eo
2014 1330 2106 1399 qui

2228 1324 2474 1395 πρότερον
2500 1324 2803 1394 πτοηθέντα
2838 1325 2937 1389 τὰς
2965 1326 3194 1390 ἀπειλὰς
3220 1328 3330 1381 τῶν
3362 1330 3778 1399 αίριτιζόντων,

534 1421 663 1467 tunc
696 1423 807 1468 erat
835 1415 1141 1483 patriarcha
1176 1417 1381 1473 electus
1413 1418 1526 1487 ipse
1544 1418 1635 1484 sit,
1663 1420 1757 1489 qui
1814 1432 2109 1489 poneretur

2228 1411 2332 1465 ιύτε
2387 1411 2685 1483 τηνικαῦτα
2732 1412 3121 1484 ὑποπτήξαντα
3170 1418 3272 1487 τὴν
3324 1418 3644 1491 ἀποτροπὴν
3687 1426 3781 1476 καὶ

539 1504 591 1556 in
631 1508 888 1558 cathedra
942 1508 1260 1576 metropolis
1311 1508 1556 1563 omnium
1618 1509 2019 1576 illustrissimae,
2056 1521 2111 1566 et

2228 1504 2507 1575 ;πιδρομὴν
2541 1503 2633 1557 τοῦ
2681 1506 3071 1575 στρατιωτικοῦ
3112 1508 3407 1580 τάγματος,
3457 1510 3625 1582 ἡνίκα
3671 1513 3783 1584 ὧρ-

530 1596 676 1650 sieut
715 1606 872 1650 antea
906 1612 1013 1651 non
1049 1598 1305 1654 timuerat
1344 1601 1525 1656 minas
1557 1599 1856 1656 faventium
1892 1602 2106 1667 itaaresi,

2228 1612 2385 1667 ιησεν
2398 1596 2534 1667 πρὸς
2550 1598 2640 1649 τὸν
2656 1597 2833 1666 μέγαν
2858 1598 3018 1665 νεὼν,
3044 1601 3325 1655 καταϐοῶν
3364 1602 3459 1656 τοῦ
3485 1604 3780 1674 προέδρου,

531 1689 613 1741 sic
639 1703 815 1757 neque
856 1697 986 1744 tunc
1005 1690 1322 1745 formidavit
1346 1693 1772 1762 prohibitionem
1798 1695 2109 1750 incursum-

2228 1689 2304 1741 ιαὶ
2334 1688 2667 1760 ἀνευφημῶν
2710 1691 2804 1744 τὸν
2831 1692 2973 1746 κατὰ
2999 1692 3109 1747 τῶν
3145 1695 3360 1749 σεπτῶν
3388 1697 3621 1750 εἰκόνων
3647 1698 3785 1766 ψευ-

531 1796 637 1849 que
675 1781 885 1836 ordinis
932 1783 1220 1847 militaris,
1255 1785 1477 1854 quando
1527 1786 1573 1840 is
1608 1785 1867 1855 impetum
1901 1787 2027 1845 fecit
2052 1788 2106 1841 in

2228 1780 2548 1849 ἰοσύλλογον.
2575 1782 2683 1835 Καὶ
2733 1784 2929 1854 μικρὸν
2969 1783 3216 1855 ὕστερον,
3248 1787 3409 1841 ὁπότε
3452 1787 3701 1843 διελύετο
3725 1791 3788 1844 τδ

532 1887 787 1943 magnum
809 1873 938 1928 illud
963 1876 1243 1944 templum,
1263 1879 1473 1934 insanis
1503 1880 1838 1936 clamoribus
1876 1881 2107 1951 patriar-

2228 1874 2307 1943 ιῆς
2337 1872 2592 1945 ἀληθείας
2614 1849 2907 1947 ἄθροισμα,
2938 1878 3035 1930 καὶ
3081 1849 3157 1943 ὧς
3192 1881 3257 1933 ὲκ
3284 1881 3451 1951 μέσου
3477 1879 3719 1937 λεόντων
3753 1885 3786 1953 ἡ

529 1965 646 2018 clta:
699 1965 1044 2035 obstrepens,
1081 1978 1135 2022 et
1191 1971 1663 2041 psettdosynodum
1706 1972 1934 2028 laudans
1975 1974 2105 2029 olim

2228 1964 2493 2019 ιασίλισσα
2507 1967 2753 2041 ὑπεξῄει,
2770 1969 2896 2022 ἄνευ
2925 1969 3267 2040 αῖματος,ὡς
3285 1973 3487 2038 εἰπεῖν,
3510 1972 3789 2043 δειχθεῖσα

529 2060 791 2112 adversus
818 2059 1081 2129 imagines
1132 2060 1397 2116 habitam.
1434 2063 1603 2119 Paulo
1649 2075 1790 2134 post,
1839 2081 1963 2119 cum
1994 2066 2107 2121 dis-

2228 2058 2442 2128 ιάρτυς,
2475 2058 2571 2111 καὶ
2600 2058 2630 2111 ὁ
2653 2059 2923 2132 ἡμέτερος
2957 2061 3275 2133 καθηγητὴς
3291 2062 3367 2133 τῷ
3386 2066 3639 2139 ἀρχιερεῖ
3661 2084 3788 2121 συνο

529 2145 743 2200 solntus
795 2156 943 2201 esset
987 2158 1165 2205 cretus
1212 2151 1319 2216 ille,
1365 2167 1463 2221 pro
1517 2152 1746 2207 veritate
1780 2154 2104 2209 stabilienda

2228 2149 2497 2219 επόμενος,
2531 2148 2682 2203 οὐδὲν
2712 2150 2805 2204 ἐπὶ
2849 2154 2961 2215 τοῖς
3008 2153 3437 2226 τετολμημένοις
3484 2160 3786 2214 ἐδεδοίκει·

530 2236 793 2291 colleetus
815 2278 829 2303 ,
857 2241 1031 2294 evasit
1053 2240 1393 2310 itnperatrix,
1420 2243 1568 2298 velut
1598 2259 1627 2298 e
1649 2244 1835 2299 medio
1858 2245 2102 2309 leonum,

2228 2240 2402 2311 ιικρδν
2438 2241 2546 2313 γάρ
2570 2243 2685 2296 ἐστι
2708 2244 2769 2297 τὸ
2802 2245 2861 2297 ἐν
2888 2246 2955 2314 τῇ
2982 2244 3235 2300 Νικαέων
3268 2250 3469 2322 συνόδῳ
3498 2252 3565 2304 ὲκ
3598 2252 3791 2306 δευτέο

531 2325 698 2390 facta,
741 2339 801 2382 ut
840 2329 920 2383 sic
971 2330 1187 2401 loquar,
1229 2335 1375 2388 circa
1422 2336 1745 2405 sanguinem
1779 2345 2025 2406 martyr:
2055 2342 2109 2388 et

2228 2348 2311 2385 οου
2333 2332 2643 2405 εὑρεθῆναι,
2673 2334 2762 2389 διὰ
2784 2334 2846 2387 τὸ
2878 2336 2942 2389 ἐκ
2974 2336 3141 2406 μέσου
3190 2340 3313 2393 τότε
3356 2342 3647 2410 γεγονέναι
3698 2345 3792 2400 τὸν

532 2419 872 2487 heguntenus
923 2433 1108 2477 noster
1158 2425 1524 2494 patriarcltam
1581 2435 1837 2492 secutus,
1892 2436 2111 2497 propter

2228 2425 2469 2479 itianov
2498 2426 2624 2481 λαὸν
2657 2428 2752 2481 καὶ
2778 2428 3111 2500 ἀτεράμονα.

531 2526 595 2565 ea
625 2528 746 2582 quae
784 2513 1001 2570 fuerant
1035 2518 1297 2575 audacter
1359 2520 1641 2591 designata
1680 2538 1789 2576 non
1846 2522 1948 2576 fuit
2004 2521 2362 2589 perterritus:
2394 2537 2631 2593 moxque
2662 2523 2913 2582 inventus
2940 2538 3026 2583 est
3088 2528 3144 2584 in
3179 2528 3417 2586 secunda
3444 2528 3666 2589 Nicena
3703 2551 3793 2606 sy—

534 2610 698 2673 nodo,
748 2608 874 2677 quia
928 2610 1191 2680 dissipata
1249 2621 1380 2668 tunc
1413 2612 1515 2668 fuit
1561 2613 1715 2685 plebs
1770 2613 1860 2669 illa
1899 2615 2235 2670 tumultuosa
2265 2622 2319 2670 et
2351 2615 2629 2685 pervicax.

600 2702 692 2759 235.
723 2703 1017 2774 Postquam
1069 2706 1185 2761 haec
1232 2707 1313 2763 sic
1339 2718 1490 2778 gesta
1522 2719 1577 2764 et
1624 2709 1968 2764 ortltodoxiae
1995 2716 2114 2763 tro-

2284 2715 2383 2763 κε’.
2429 2709 2647 2783 Ἐπειδὴ
2673 2710 2732 2765 δὲ
2763 2711 2935 2767 ταῦτα
2962 2712 3106 2768 οὕτω
3135 2713 3228 2769 καὶ
3260 2715 3323 2770 τὸ
3350 2716 3450 2787 τῆς
3474 2717 3795 2789 όρθοδοξίας

534 2798 749 2866 pltzeutn
802 2808 1046 2853 erectum
1110 2797 1252 2865 fuit;
1281 2801 1347 2855 ad
1374 2818 1538 2857 suum
1600 2802 1997 2858 monasterium
2034 2818 2119 2856 re-

2228 2800 2472 2872 τρόπαιον
2521 2803 2849 2875 ἐκρατύνθη,
2889 2805 3167 2875 ἐπανῆκεν
3196 2808 3225 2859 ό
3255 2807 3445 2882 Πατὴρ
3475 2812 3557 2874 είς
3598 2810 3661 2864 τὸ
3710 2812 3797 2863 οῖ·

535 2892 697 2945 ι·οι·ιίι
748 2891 940 2945 beatus
972 2932 989 2958 ,
1032 2893 1350 2948 exercenda:
1404 2894 1709 2963 pralatura:
1762 2909 1999 2949 vacans:
2029 2893 2119 2949 ubi

2228 2896 2361 2947 ιιεῖον
2394 2899 2823 2967 φροντιστήριον,
2855 2896 3113 2967 ἐχόμενος
3139 2899 3238 2971 τῆς
3288 2902 3623 2971 προστασίας
3646 2918 3664 2935 ο
3698 2902 3799 2955 καὶ

535 2983 826 3053 prolapsus
861 2983 915 3037 in
967 2985 1242 3048 morbum,
1284 2983 1378 3053 qui
1431 2985 1623 3040 mortis
1671 2984 1874 3041 indicia
1923 3000 2035 3057 pra:
2061 3000 2121 3042 se

2228 2984 2439 3056 βληθεὶς
2469 2986 2629 3056 νόσῳ,
2655 2986 2969 3054 ἀπόγνωσιν
3004 2987 3152 3058 ζωῆς
3210 2989 3554 3064 ύποδηλούσῃ
3587 2992 3671 3065 τῷ
3698 2992 3795 3061 ἑρ-

539 3076 747 3129 ferebat
785 3076 921 3145 (l6),
951 3074 1183 3130 acvelut
1212 3076 1490 3146 insperato
1541 3077 1764 3148 gavisus
1816 3077 2000 3142 lucro,
2038 3092 2121 3133 re-

2228 3076 2370 3147 μαίῳ
2424 3077 2525 3145 τῆς
2578 3076 2892 3147 ἐπιθυμίας,
2944 3078 3290 3149 μετατίθεται
3344 3082 3444 3154 τὴν
3495 3087 3675 3156 ἀρχην
3708 3086 3799 3155 ἐφ’

538 3167 756 3238 gitniuis
803 3180 943 3222 onus
969 3168 1023 3221 itt
1067 3183 1169 3222 nos
1218 3168 1494 3234 transfert,
1528 3184 1627 3224 nec
1667 3170 1861 3239 dignos
1901 3170 2117 3237 quidem

2228 3169 2389 3238 ἡμᾶς,
2421 3168 2549 3231 τοὺς
2584 3167 2717 3239 μηδὲ
2743 3167 2836 3223 τοῦ
2873 3169 3134 3241 ἄρχεσθαι
3182 3172 3387 3237 ἀξίους.
3411 3174 3674 3245 Εὑρίσκει
3700 3172 3801 3231 οὗν

540 3258 634 3328 qui
683 3260 751 3311 ab
788 3258 908 3327 ipso
957 3274 1291 3328 regerentur.
1351 3260 1559 3313 Invenit
1605 3274 1734 3330 ergo
1773 3260 2118 3330 concupitam

2228 3256 2321 3327 τὴν
2379 3256 2720 3328 ποθουμένην
2784 3257 3148 3323 ταπείνωσιν,
3192 3258 3456 3329 λαμϐάνει
3500 3262 3800 3333 ἀνακωχὴν

544 3351 933 3417 humilitatem,
967 3351 1178 3421 accepit
1212 3350 1459 3405 inducias
1485 3351 1886 3417 molestiarum,
1919 3353 2119 3408 libera-

542 3454 632 3498 tus
662 3454 745 3498 est
775 3459 806 3497 a
832 3444 1300 3498 circumdautibus
1323 3459 1382 3498 se
1407 3444 1809 3511 vexationibus,
1852 3445 2124 3515 apparuit-

540 3550 648 3605 que
675 3536 814 3590 idem
840 3536 932 3606 qui
956 3546 1109 3590 antea
1144 3551 1242 3591 nec
1260 3536 1534 3606 pecuniae,
1568 3552 1666 3591 nec
1690 3538 2116 3608 possessionum,

544 3644 647 3682 ttec
679 3629 1023 3698 negotiorum
1054 3638 1333 3698 appetens,
1362 3644 1485 3683 cum
1510 3628 1621 3699 jam
1650 3644 1756 3682 non
1798 3630 2021 3684 haberet
2040 3629 2120 3683 itt-

542 3722 684 3775 vidia
718 3722 950 3789 amplius
983 3722 1331 3776 occasionem
1383 3721 1744 3776 obnubilandi
1793 3721 1975 3775 radios
2008 3721 2119 3776 vir-

546 3814 676 3864 tutis
710 3809 850 3878 ejus.
894 3806 1027 3861 Nam
1064 3817 1119 3862 et
1177 3808 1279 3861 viri
1313 3808 1447 3878 justi
1480 3818 1777 3873 tentantur,
1814 3818 1872 3860 ut
1897 3824 1961 3862 ex
2003 3809 2119 3878 ipsa

547 3901 815 3954 malorum
841 3899 1144 3955 tentatione
1176 3914 1313 3953 auro
1340 3900 1637 3956 similiores
1677 3898 1913 3955 evadant
1938 3900 2120 3971 quoad

545 3992 807 4055 animam,
847 4000 1101 4059 recteque
1128 3989 1440 4046 incedentes
1482 4006 1589 4045 non
1636 3990 2122 4056 labascant,etdi-

546 4095 703 4139 scant
727 4083 991 4155 quidquid
1023 4098 1054 4138 a
1095 4097 1156 4139 se
1188 4082 1325 4139 bene
1354 4084 1563 4156 geritur
1592 4100 1714 4142 esse
1749 4100 1815 4140 ex
1849 4083 1977 4140 Deo.

2220 3349 2331 3402 τῶν
2381 3348 2663 3419 λυπηρῶν,
2706 3348 2891 3403 λύεται
2936 3350 3045 3404 τῶν
3111 3351 3445 3423 συνεχόντων
3491 3354 3798 3426 ὲπηρειῶν,

2220 3442 2408 3510 ὀφθεὶς
2437 3436 2546 3505 οἷος
2570 3437 2638 3514 ἦν
2667 3443 2729 3496 τὸ
2749 3444 3039 3516 πρότερον,
3066 3446 3457 3518 ἀφιλάργυρος,
3501 3448 3805 3518 ἀφιλοκτή-

2226 3549 2362 3602 μων,
2410 3531 2870 3604 ἁφιλοπράγμων,
2911 3535 3010 3605 τῆς
3048 3535 3370 3607 δυσμενείας
3418 3537 3516 3589 οὐκ
3559 3538 3805 3608 ἐχούσης

2224 3624 2409 3696 χώραν
2435 3626 2516 3679 ἔτι
2537 3629 2819 3697 συννεφεῖν
2846 3628 2945 3697 τῆς
2967 3629 3179 3682 ἐκείνου
3203 3630 3404 3701 ἀρετῆς
3426 3629 3525 3700 τὴν
3553 3630 3758 3685 ἀκτῖνα
3786 3646 3803 3660 '

2226 3718 2579 3789 πειράζονται
2611 3719 2721 3790 γὰρ
2749 3719 2846 3773 καὶ
2867 3719 3089 3785 δίκαιοι,
3118 3719 3196 3783 ὡς
3228 3720 3294 3774 ἂν
3325 3723 3390 3795 τῇ
3414 3720 3662 3792 πυρώσει
3686 3722 3807 3777 τῶν

2224 3810 2483 3881 λυπηρῶν
2537 3810 3002 3882 χρυσοειδὲστεροι
3047 3810 3147 3876 τὰς
3206 3810 3382 3881 ψυχὰς
3415 3811 3649 3881 γένοιντ’
3691 3814 3766 3868 ἄν

2227 3904 2325 3957 καὶ
2354 3903 2431 3974 μὴ
2471 3902 2941 3957 ύπολισθαίνουσιν
2976 3903 3404 3975 εύθυποροῦντες
3426 3944 3442 3969 ,
3470 3904 3547 3969 ὡς
3583 3905 3652 3960 ἂν
3689 3908 3775 3976 μά

2228 3994 2372 4048 θοιεν
2428 3992 2581 4064 παρὰ
2625 3991 2761 4047 Θεοῦ
2805 3992 2987 4057 αὐτοῖς
3041 3987 3181 4047 εἶναι
3229 3994 3339 4048 πᾶν
3385 3993 3448 4047 τὸ
3490 3994 3802 4064 κατορθού·

2232 4102 2391 4157 μενον

2062 4244 2298 4304 NOTAE.

623 4397 731 4466 (l5)
768 4415 787 4451 ι
817 4396 974 4466 Anno
1003 4396 1037 4450 6
1068 4396 1280 4465 imperii
1304 4396 1647 4453 Constantini
1689 4407 1742 4452 et
1785 4396 1968 4452 [renes
1988 4438 2002 4459 ,
2030 4396 2119 4451 die

554 4468 619 4524 i7
651 4465 901 4537 Augusti,
963 4466 1257 4537 indictione
1298 4468 1352 4529 9,
1409 4483 1553 4521 anno
1599 4467 1801 4521 Christi
1857 4468 1980 4531 785,
2009 4482 2119 4521 cm-

2226 4397 2329 4451 bus
2360 4397 2704 4479 laudantibus
2758 4396 3236 4479 pseudosynodutn
3257 4436 3272 4460 ,
3297 4393 3537 4449 habitam
3561 4394 3666 4479 sub
3691 4397 3807 4451 Co.

2227 4482 2512 4537 pronynto.
2549 4468 2685 4522 lluic
2715 4478 2894 4537 autem
2944 4468 3209 4536 principio
3240 4479 3479 4537 consona
3502 4476 3645 4537 sunt
3675 4484 3806 4536 quan

555 4550 644 4609 pta
676 4534 765 4592 illa
802 4539 1062 4609 synodus.
1098 4536 1201 4609 Sed
1225 4537 1623 4609 scltolariorutn
1653 4546 1705 4609 et
1741 4538 2116 4609 excubitorum
2146 4539 2198 4597 D
2224 4534 2527 4609 sequuntur
2568 4550 2793 4609 caetera.
2839 4534 3155 4609 Cmpta__ea
3213 4536 3454 4609 synodus
3494 4535 3533 4609 ξ
3559 4534 3802 4609 Kalend.

554 4606 743 4677 copiae,
796 4607 1012 4661 nudatis
1075 4607 1291 4678 gladiis,
1351 4608 1613 4676 impetum
1672 4606 1725 4660 in
1773 4622 1869 4661 eos
1898 4607 2117 4678 fecere;

553 4675 891 4744 mortemque
923 4686 1031 4732 tant
1077 4675 1178 4746 ipsi
1220 4675 1573 4747 patriarCltae,
1606 4691 1769 4745 quam
1806 4675 2123 4747 orthodoxis

553 4749 848 4817 episcopis,
906 4757 960 4802 et
1032 4745 1490 4802 monasteriorum
1549 4747 1856 4816 praepositis
1921 4745 2123 4799 inferre

554 4819 742 4888 minati
773 4821 933 4888 isnnt.
962 4836 980 4868 ι
1018 4818 1088 4871 Ita
1126 4818 1519 4888 Theophanes;
1550 4817 1864 4871 Patriarclta
1893 4827 2012 4870 erat
2043 4817 2121 4888 _$.

554 4885 832 4950 'l'arasiu's,
882 4889 931 4939 itt
988 4888 1148 4955 cujus
1198 4885 1317 4941 Vita
1358 4888 1429 4941 25
1481 4885 1787 4949 Februarii,
1844 4903 1998 4941 nunt.
2035 4886 2120 4951 l7,

553 4960 741 5014 eadem
782 4958 945 5012 latius
980 4959 1259 5012 dicuntur.
1302 4956 1681 5011 llallucinatus
1715 4966 1799 5010 est
1825 4967 2007 5011 autem
2038 4956 2124 5009 in-

554 5031 781 5096 signiter
810 5027 1065 5092 Sirletus,
1095 5029 1312 5094 quando
1346 5043 1443 5096 pro
1472 5027 1948 5095 Constantinopoli
2000 5040 2123 5096 qua:

557 5097 1017 5168 Ιὶίοῧμητρόπολις
1062 5098 1169 5150 τῶν
1200 5097 1482 5163 ἐπιφανῶν
1536 5098 1757 5162 dicitur,
1784 5098 1834 5150 id
1875 5106 1959 5152 est
1999 5097 2125 5150 illu-

557 5168 748 5222 strium
779 5168 994 5221 urbium
1040 5169 1376 5236 metropolis,
1419 5168 1576 5221 finxit
1632 5170 1818 5220 urbem
1849 5176 2123 5235 metropo-

558 5238 779 5292 litanatn
812 5238 1217 5306 Epiphauorum
1244 5276 1260 5299 ,
1303 5238 1355 5291 in
1401 5253 1506 5306 qua
1545 5237 1782 5305 syuedus
1822 5244 2120 5295 convocata

556 5308 744 5361 fuerit.
776 5305 961 5376 Neque
990 5308 1041 5361 itt
1076 5316 1176 5362 hoc
1210 5305 1427 5361 tantum
1459 5307 1822 5361 ltalluciuatus
1849 5315 1931 5359 est
1961 5307 2124 5360 nimis

562 5378 791 5431 festinus
827 5378 1132 5445 interpres:
1165 5379 1240 5431 sel
1271 5377 1435 5431 semel
1466 5379 1566 5431 sibi
1603 5376 1932 5442 imaginatus
1964 5392 2125 5444 pseu-

560 5445 898 5516 dosyuodum
952 5448 1214 5516 aliquam,
1253 5448 1305 5499 in
1361 5463 1466 5515 qua
1513 5462 1617 5501 non
1670 5446 2127 5516 adrdicendume

559 5515 816 5571 cathedra
862 5515 1157 5572 honorifice
1193 5518 1472 5579 invitatus,
1516 5518 1607 5571 sed
1640 5518 1704 5570 ad
1736 5515 2123 5584 disputandum

561 5586 727 5657 fuerit
781 5587 1076 5641 insolenter
1129 5597 1454 5657 provocatus
1503 5588 1695 5651 Plato;
1731 5595 2127 5657 consequenter

561 5657 629 5710 de
682 5655 907 5710 Platone
953 5657 1104 5720 dicit,
1130 5655 1143 5657 ⁷
1165 5658 1428 5713 adversus
1458 5657 1740 5726 praesidem
1777 5655 2123 5720 clatnavisse,

563 5735 617 5779 et
652 5796 655 5797 ν
694 5726 1028 5797 vituperasse
1092 5728 1313 5797 impiam
1384 5728 1835 5797 synoduntmuut
1898 5728 2125 5796 ἀνευφη-

570 5796 687 5859 μιῖν
717 5795 983 5864 significet
1003 5795 1361 5867 contrarium,
1401 5799 1562 5867 idque
1584 5796 1795 5852 dicatur
1824 5797 1890 5853 de
1932 5795 2119 5854 militi-

2224 4603 2464 4669 (lctobr.,
2492 4607 2676 4659 indiet.
2730 4608 2817 4671 Η,
2866 4603 3013 4659 anno
3030 4606 3178 4669 787.,
3213 4606 3375 4660 desiit
3418 4606 3471 4659 '5.
3501 4603 3576 4658 De
3602 4621 3669 4659 ea
3694 4607 3805 4661 Mi-

2224 4676 2372 4730 chael
2395 4676 2446 4728 itt
2471 4674 2591 4729 Vita
2609 4676 2796 4731 Sancti
2820 4674 3090 4730 Theodori
3121 4694 3133 4729 :
3158 4694 3175 4725 ι
3201 4674 3586 4730 Convenerunt
3611 4691 3677 4729 ex
3699 4692 3806 4731 va-

2225 4746 2320 4800 riis
2353 4744 2539 4799 Patres
2576 4747 2800 4801 trecenti
2836 4761 3067 4801 nuutero
3108 4755 3161 4800 et
3191 4744 3627 4814 quinquaginta,
3652 4746 3806 4801 inter

2223 4831 2361 4884 quos
2384 4816 2630 4869 adfuitet
2675 4816 2865 4871 Plato:
2908 4834 2927 4865 ι
2953 4825 3008 4870 et
3047 4813 3357 4872 subscribit
3392 4815 3527 4883 ipse,
3569 4813 3805 4869 Πλάτων

2225 4886 2929 4956 ἡγούμενοςηΣακουδιῶνός.
2964 4886 3111 4940 Plato
3130 4891 3489 4956 hegumeutts,
3513 4898 3609 4956 seu
3655 4900 3803 4956 pnn-

2228 4953 2440 5024 pttsittts
2476 4956 2822 5012 Sacudionis.
2858 4955 2931 5011 De
2964 4957 3066 5011 hoc
3093 4953 3430 5010 monasterio
3458 4953 3561 5007 ista
3586 4954 3806 5009 baben-

2227 5034 2314 5079 tur
2347 5027 2397 5078 itt
2421 5024 2538 5079 Vita
2558 5026 2614 5080 S.
2640 5024 2947 5080 Theodori:
2975 5042 2994 5077 ι
3023 5025 3160 5080 Cum
3198 5040 3389 5095 agrum
3412 5024 3706 5095 quemdam
3733 5040 3804 5095 et

2225 5096 2340 5167 suis
2371 5096 2689 5167 Boscycium
2723 5096 2940 5150 nomine
2967 5097 3034 5150 ad
3074 5093 3286 5167 sacrant
3317 5093 3662 5167 mansionem
3697 5094 3807 5148 ab-

2224 5166 2481 5231 dicasset,
2505 5163 2595 5220 cui
2626 5166 2998 5222 etoratorium
3022 5167 3199 5221 inerat
3232 5163 3561 5220 Sacudionis
3590 5177 3777 5232 cogno

2225 5247 2431 5297 mento,
2487 5237 2620 5307 illuc_
2662 5250 2853 5291 omnes
2900 5251 3042 5307 quos
3092 5244 3218 5307 ante
3253 5234 3560 5307 retulimus,
3594 5246 3656 5286 se
3693 5249 3804 5287 una

2226 5307 2571 5383 recipientes,
2591 5305 2711 5383 Pco
2760 5300 3035 5383 promissa
3058 5305 3363 5383 reddere_et
3404 5300 3635 5383 implere
3668 5318 3802 5383 pro-

2228 5372 2511 5457 pcrrabant,
2543 5395 2560 5427 ι
2588 5372 2926 5431 Describitur
2954 5377 3077 5457 dein
3104 5376 3393 5457 autumnitas
3437 5372 3541 5457 loci
3562 5373 3625 5457 iu
3654 5374 3806 5457 olive

2230 5444 2371 5500 inter
2423 5450 2671 5509 arbores,
2700 5461 2892 5516 aquas,
2918 5455 2971 5501 et
3020 5461 3246 5516 campos
3303 5444 3397 5501 siti
3428 5461 3441 5497 :
3475 5454 3579 5496 nec
3604 5447 3807 5513 procul

2228 5517 2409 5571 videtu
2429 5534 2451 5569 r
2478 5516 2950 5586 Constantinopoli
2977 5516 3238 5570 abfuisse.

2298 5587 2408 5654 (l6)
2440 5586 2494 5639 ιιι
2524 5588 2713 5640 eadem
2753 5584 2873 5640 Vita
2912 5588 3113 5642 dicitur
3158 5596 3401 5642 extrema
3453 5586 3558 5644 sibi
3590 5587 3805 5643 instare

2238 5659 2547 5731 simulasse,
2581 5670 2634 5711 et
2659 5658 2759 5731 sic,
2786 5656 3235 5731 conspirantibus
3283 5656 3590 5731 suffragiis,
3614 5656 3804 5713 Theo-

2230 5730 2424 5783 dorum
2457 5729 2685 5784 electum
2723 5727 2911 5783 fuisse.
