3926 6470
176 470 282 533 829

891 592 1138 646 ΚΕΦΔΛ.
1172 594 1245 648 l-Z'.

815 472 1094 535 ORATIO
1128 472 1232 533 XI.
1274 498 1341 509 --
1387 473 1765 534 LAUDATIO
1798 473 1859 532 S.
1904 467 2269 532 PLATONIS
2308 467 2736 530 HEGUMENI.

3310 468 3416 530 830

2515 586 2668 641 CAP.
2704 584 2769 641 V.
3017 610 3047 636 ν

670 687 803 752 Qum
836 703 1025 756 passus
1051 688 1119 742 sit
1153 688 1310 742 Pluto
1332 689 1394 743 ob
1423 689 1784 757 reprehensum
1821 685 2161 741 Constantini
2177 693 2225 738 et
2259 683 2545 737 Tlteodotes
2583 683 2926 738 adulterium.

242 785 362 843 κζ’.
395 778 455 831 '0
479 778 579 848 μὲν
609 774 702 832 οὖν
717 781 814 848 τῆς
836 781 1195 852 καθηγὴσεως
1215 783 1436 853 τρόπος,
1461 783 1559 852 ἠδη
1575 782 1745 835 πεπέ-

1916 777 2006 831 26.
2041 775 2327 842 Quomodo
2363 776 2710 844 przrlaturam
2735 775 2967 845 gesserit
2994 785 3221 832 sanctus
3268 774 3423 830 Plato

175 883 378 940 ρασται
399 884 413 898 ’
442 867 718 939 τρέψομαι
743 870 800 922 δὲ
825 869 1092 938 τὸνλόγον
1116 870 1206 923 ἐπὶ
1235 872 1297 923 τὸ
1315 871 1624 935 διαϐοητὸτε
1635 888 1743 941 ρον.

186 959 330 1014 Ἀλλ’
348 961 502 1029 οἴμοι
525 962 538 1014 !
569 960 776 1013 στένειν
794 961 1078 1031 πάρεστιν,
1097 962 1401 1034 ὁρμωμένῳ
1431 962 1530 1031 μὲν
1554 961 1717 1031 τ’ἀὶη
1731 989 1747 1001 -

176 1051 242 1118 θῆ
276 1053 508 1120 φρέισαι,
549 1051 890 1121 ἀναινομένῳ
915 1052 972 1104 δὲ
999 1050 1096 1121 τὴν
1135 1051 1386 1122 διήγησιν
1437 1053 1612 1121 φειδοῖ
1637 1053 1749 1106 τῶν

175 1142 539 1213 δεδρακότων.
574 1144 764 1210 Ὅμως
793 1141 915 1194 ἐπεὶ
935 1142 1008 1213 μὴ
1039 1137 1150 1195 οἷόν
1168 1159 1226 1194 τε
1241 1143 1416 1206 ἄλλως
1433 1160 1567 1212 τρανε
1577 1143 1749 1214 ρῶσαι

175 1233 241 1284 τὰ
263 1232 539 1304 κρυϐῆναι
558 1234 634 1303 μὴ
652 1232 951 1300 ὀφείλοντα,
969 1233 1174 1305 καίπερ
1191 1233 1470 1308 πανταχοῦ
1491 1234 1749 1306 διαθρυλ-

177 1325 441 1394 λούμενα,
482 1325 577 1376 ἐπὶ
602 1325 703 1399 τὴν
741 1323 974 1412 δήλωσιν
1005 1323 1297 1395 ἐλεύσομαι
1317 1340 1330 1354 ⁶
1360 1327 1422 1378 οὐ
1451 1325 1751 1397 θριαμϐεύ-

178 1431 256 1467 ειν
283 1416 414 1477 τους
438 1415 742 1485 δράσαντας
774 1414 1114 1486 βουλόμενος,
1140 1417 1264 1468 ὅσον
1303 1415 1748 1487 στηλογραφῆσαι

176 1507 271 1568 τὴν
298 1506 502 1576 ἀρετὴν
525 1505 620 1559 τοῦ
636 1507 996 1578 ἁειμάκαρος.
1028 1507 1175 1561 Οὐαί
1195 1522 1314 1572 σοι,
1336 1508 1535 1575 πόλις,
1562 1508 1746 1579 φησὶν,

175 1593 246 1667 ἧς
265 1601 297 1651 o'
311 1599 599 1665 ϐασιλεύς
618 1613 735 1654 σου
756 1598 1038 1668 νεώτερός
1054 1599 1246 1664 ἐστιν,
1275 1599 1375 1670 τῆς
1401 1600 1623 1672 Γραφῆς
1645 1600 1748 1654 πά-

175 1691 264 1743 λαι
286 1691 388 1759 μὲν
405 1691 644 1762 ἀκήκοα,
664 1690 760 1744 νῦν
779 1693 834 1745 δὲ
855 1695 910 1745 ὲν
926 1693 1094 1764 πείρᾳ
1115 1692 1440 1764 γεγένημαι.
1462 1694 1750 1746 Κωνσταν-

176 1785 343 1844 τίνος,
379 1785 407 1834 ὁ
441 1784 540 1852 τῆς
583 1783 820 1853 Εἰρήνης
871 1783 1182 1854 ράδαμνος,
1213 1774 1276 1836 οὗ
1315 1785 1347 1853 ἡ
1401 1783 1583 1844 πίστις
1651 1781 1750 1852 μὲν

177 1874 312 1944 ὀρθὴ
343 1876 407 1926 ἐκ
446 1874 721 1946 μητρικῆς
744 1875 1024 1939 εὐσεϐείας
1055 1875 1534 1946 ὲσφραγισμένη,ὁ
1563 1874 1675 1943 βίος
1693 1873 1747 1926 δὲ

179 1966 429 2036 σκαμὸὸς
459 1968 519 2031 ἐξ
550 1968 1017 2038 αὐτοκρατορικῆς
1069 1967 1363 2031 ἀκολασίας
1391 1968 1747 2039 οἰστρηλατη-

182 2061 372 2130 μένος·
407 2060 533 2132 ἄρτι
563 2063 671 2132 γὰρ
705 2064 985 2134 κρατήσας
1007 2064 1063 2116 ὲν
1091 2063 1357 2134 νεαζούσῃ
1378 2064 1585 2136 ἡλικίᾳ,
1611 2064 1747 2135 ὁμοῦ

181 2153 278 2220 μὲν
313 2153 412 2223 τῆς
449 2154 710 2224 μητρῴας
753 2153 935 2216 αἰδοῦς
979 2154 1073 2207 καὶ
1123 2153 1370 2224 φυλακῆς
1418 2155 1744 2226 ἀφηνιάσας,

178 2245 313 2315 ὁμοῦ
355 2246 411 2298 δὲ
441 2247 548 2298 τῶν
571 2245 666 2299 τοῦ
702 2245 836 2298 Θεοῦ
888 2245 1068 2314 νόμων
1115 2246 1553 2317 ὑπερφρονήσας,
1586 2246 1749 2300 ἐκϐα-

178 2334 284 2388 λὼν
315 2335 416 2405 τὴν
462 2335 708 2404 νομίμως
750 2335 901 2405 αὐτῷ
940 2333 1304 2403 συναφθεῖσαν
1340 2338 1596 2403 γυναῖκα,
1632 2351 1751 2404 μοι·

178 2427 328 2495 χεὺει
358 2428 501 2480 κατὰ
529 2427 618 2481 τὸν
665 2425 927 2496 Ἡρώδην.
975 2427 1133 2482 Ἀλλὰ
1161 2428 1306 2492 τίνος
1330 2428 1516 2481 ἕνεκεν
1546 2429 1579 2498 η
1611 2429 1752 2480 ιστο-

182 2521 302 2588 ρία;
340 2521 465 2573 Ὀτι
500 2520 594 2572 τοῦ
635 2519 951 2589 Προδρόμου
982 2520 1246 2591 ὁμόζηλος
1290 2522 1383 2574 καὶ
1411 2523 1438 2574 ὁ
1480 2520 1751 2591 ἡμέτερος

183 2611 503 2682 καθηγητὴς
547 2611 929 2682 πεφανέρωταί
969 2629 1104 2676 πως,
1147 2612 1366 2664 πάντων
1401 2611 1586 2681 σχεδὸν
1623 2628 1752 2665 συν·-

180 2704 446 2756 εὶθόντων
473 2705 536 2772 τῇ
566 2703 902 2773 παρανομίᾳ,
931 2704 1109 2773 μόνος,
1142 2704 1218 2767 ὼς
1253 2705 1448 2768 είπεῖν,
1471 2695 1626 2765 οὗτος
1656 2703 1752 2756 σὺν

178 2793 286 2852 tot;
323 2790 522 2842 ἑαυτοῦ
551 2790 738 2842 παισὶν
763 2791 861 2843 εἴτ’
893 2791 986 2844 οὖν
1012 2794 1293 2860 φοιτηταῖς
1318 2791 1608 2863 ἀκλόνητος
1638 2792 1754 2845 δια-

184 2884 379 2950 μένων,
441 2883 582 2953 ὑπὲρ
632 2875 692 2935 οὗ
744 2883 846 2937 ὅσα
885 2885 980 2937 καὶ
1029 2884 1192 2954 ἡλίκα
1230 2884 1296 2937 δι’
1327 2885 1448 2938 ὅλου
1503 2885 1658 2947 ἔτους
1683 2885 1751 2938 τὰ

180 2976 563 3046 ἀγωνίσματα,
582 2977 746 3030 ἀκοαὶ
770 2976 856 3030 ἐπ’
872 2978 1084 3042 ἀκοαῖς,
1113 2977 1336 3032 ἀπειλαὶ
1360 2979 1748 3044 ἐπ’-ἀπειλαῖς,

185 3069 485 3134 μαστίγων,
511 3067 758 3137 ἐξοριῶν,
792 3067 1285 3136 ἀκρωτηριασμῶν.

1774 2138 2235 2207 Bstimuiahatur
2323 2152 2671 2222 imperatoria
2763 2150 3093 2216 insolentia,

1846 870 1959 940 jam
1977 868 2208 923 dicendo
2231 867 2597 923 absolvimus:
2622 883 2791 937 quare
2817 867 2883 922 ad
2913 867 2966 922 id
2985 869 3130 938 quod
3149 868 3421 925 celebrius

1849 962 1956 1018 fuit
1990 963 2294 1017 orationem
2334 971 2744 1018 convertamus.
2782 961 2888 1017 Sed
2915 962 3004 1018 hic
3029 977 3198 1032 prope
3265 961 3422 1016 adest

1852 1063 1912 1109 ut
1943 1053 2323 1126 ingemiscam,
2360 1055 2646 1109 veritatem
2696 1054 2917 1124 quidem
2978 1054 3159 1109 dicere
3227 1068 3423 1125 aggre-

1849 1146 2026 1211 diens,
2058 1145 2264 1202 invitus
2293 1157 2472 1201 tamen
2508 1162 2620 1200 rem
2658 1156 2715 1201 ut
2744 1156 2864 1202 acta
2897 1156 2981 1202 est
3006 1162 3258 1209 narrans,
3295 1147 3423 1199 dum

1851 1239 1919 1294 iis
1948 1237 2217 1308 pareitum
2247 1238 2406 1308 cupio
2439 1239 2529 1307 qui
2573 1239 2753 1307 ipsam
2783 1245 3033 1308 egerunt.
3076 1235 3308 1302 Quando
3344 1243 3427 1287 ta-

1849 1327 2273 1398 men_possibile
2301 1342 2407 1382 non
2444 1337 2528 1382 est
2551 1328 2717 1382 aliter
2750 1327 3103 1382 manifestare
3174 1340 3240 1380 ea
3302 1339 3426 1394 quae

1849 1417 2075 1473 minime
2112 1418 2372 1472 occultari
2409 1417 2628 1482 debent,
2666 1418 2925 1485 quoniam
2969 1417 3169 1486 ubique
3202 1415 3425 1485 vulgata

1845 1510 1956 1578 jam
1991 1517 2140 1571 sunt,
2171 1508 2431 1562 exordior
2492 1508 2608 1577 ipsa
2647 1509 2736 1564 hic
2768 1507 3114 1572 describere;
3146 1520 3255 1559 non
3280 1504 3426 1559 utiis

1850 1602 1941 1671 qui
1981 1600 2228 1670 impliciti
2270 1600 2420 1654 fuere
2449 1599 2724 1666 insultent,
2757 1599 2852 1656 sed
2914 1608 2975 1653 ut
3007 1597 3150 1654 beati
3173 1597 3426 1651 virtutem

1849 1693 2231 1763 deprtedicem.
2276 1689 2366 1747 Va:
2397 1692 2512 1757 tibi,
2551 1701 2713 1756 terra,
2753 1692 2934 1762 inquit
2964 1692 3088 1757 ille,
3147 1690 3299 1759 cujus
3333 1705 3429 1742 rex

1850 1801 1979 1854 puer
2009 1795 2084 1838 est
2115 1785 2136 1816 ⁸
2163 1786 2176 1838 l
2218 1785 2364 1854 quod
2395 1794 2576 1838 autem
2609 1785 2736 1839 olim
2770 1799 2835 1838 ex
2865 1784 3168 1854 Scripturis
3219 1783 3426 1848 audivi,

1849 1891 1998 1931 nunc
2027 1877 2141 1945 ipsa
2178 1877 2347 1931 didici
2379 1876 2743 1946 experientia.
2785 1876 3201 1941 Constantinus,
3245 1874 3428 1930 lrenes

1852 1969 2130 2030 surculus,
2162 1968 2322 2038 cujus
2377 1977 2522 2022 recta
2550 1968 2770 2037 quidem
2802 1982 2868 2022 ex
2933 1976 3176 2022 materna
3226 1966 3428 2037 pietate

1853 2060 1985 2115 ﬁdes
2034 2058 2156 2125 fuit,
2220 2060 2331 2115 vita
2378 2068 2557 2113 autem
2592 2059 2905 2129 depravata,
2953 2067 3208 2128 tanquam
3258 2065 3428 2112 uestro

3177 2166 3302 2205 cum
3372 2151 3427 2204 in

1852 2251 2009 2299 aetate
2057 2243 2352 2298 admodum
2419 2241 2651 2312 juvenili
2728 2256 2957 2312 regnare
3008 2240 3287 2310 cmpisset,
3348 2240 3426 2294 si-

1857 2336 1970 2390 mul
2007 2344 2061 2389 et
2092 2343 2351 2389 maternae
2393 2333 2716 2389 reverentiae
2783 2333 3154 2400 custodiaque
3212 2330 3424 2385 frenum

1857 2429 2164 2492 excutiens,
2195 2436 2252 2483 et
2278 2427 2373 2482 Dei
2413 2427 2584 2497 legem
2616 2435 2999 2487 c0utemnens.
3029 2427 3252 2480 ductam
3287 2424 3427 2492 legi-

1857 2521 2008 2578 timis
2042 2521 2248 2591 nuptiis
2303 2520 2596 2590 conjugem
2633 2518 2969 2589 repudiavit,
2994 2529 3048 2572 et
3078 2517 3313 2573 Herodis
3348 2517 3432 2568 in-

1856 2625 1973 2670 star
2008 2617 2314 2671 moechatus
2347 2622 2434 2668 est
2481 2614 2621 2682 (l7).
2653 2610 2766 2667 Hoc
2795 2619 2978 2665 autem
3031 2626 3142 2680 quo
3187 2607 3432 2681 spectat?

1855 2705 1994 2770 Quia
2028 2706 2204 2762 zelum
2239 2703 2532 2760 Prodromi
2597 2704 2777 2775 palam
2820 2711 2906 2758 est
2968 2703 3216 2756 imitatus
3271 2701 3431 2755 Pater

1857 2812 2074 2864 noster;
2133 2812 2369 2866 cumque
2401 2794 2514 2851 fere
2575 2810 2768 2851 omnes
2824 2793 3100 2862 iniquitati
3157 2793 3433 2848 consenti-

1854 2899 1998 2955 rent,
2033 2889 2186 2945 solus
2213 2889 2354 2959 ipse,
2385 2897 2446 2943 ut
2471 2889 2555 2944 sic
2578 2887 2782 2952 dicam,
2803 2901 2928 2941 cum
2957 2885 3145 2956 pueris
3168 2885 3308 2948 suis,
3334 2898 3430 2939 seu

1856 2982 2033 3036 mavis
2090 2979 2236 3043 tiliis,
2298 2980 2670 3034 inconcussus
2735 2977 3012 3048 perstitit:
3067 2976 3430 3046 quamobrem

1857 3088 1979 3142 quae
2011 3081 2065 3126 et
2095 3079 2302 3140 quanta
2339 3086 2446 3124 non
2482 3069 2708 3124 fuerunt
2737 3084 2832 3138 per
2865 3076 3039 3124 totum
3101 3083 3270 3121 unum
3335 3083 3434 3120 an-

184 3175 308 3213 nutn
371 3161 660 3216 subeunda
729 3160 1070 3214 certamina!
1148 3175 1400 3216 rumores
1458 3173 1626 3232 supra
1676 3177 1952 3228 rumores,
1994 3163 2154 3219 minae
2179 3176 2345 3231 supra
2379 3157 3275 3227 minas,verberum,exsiliorum,
3309 3172 3432 3212 mu-

186 3256 522 3308 tilntiuttum.

247 3349 352 3412 κζ’.
399 3347 490 3410 Ὠς
525 3346 581 3400 δὲ
609 3346 760 3400 οὐδὲν
785 3345 1033 3399 ἐντεῦθεν
1086 3345 1281 3416 ἠνύετο
1315 3345 1424 3400 τῶν
1454 3345 1753 3410 σπουδαζο-

1935 3340 2026 3396 27.
2065 3338 2199 3392 Cum
2232 3347 2413 3392 autem
2477 3337 2558 3392 sic
2588 3336 2902 3392 nullatenus
2961 3335 3228 3391 intentum
3269 3352 3431 3391 suum

187 3443 361 3507 μένων
391 3439 471 3509 τῷ
523 3439 785 3508 Καίσαρι,
815 3439 898 3507 ἐφ’
933 3441 1120 3509 ἕτερον
1147 3439 1358 3509 μέτεισι
1384 3439 1586 3509 τρὸτον
1611 3455 1624 3469 ⁸
1657 3439 1752 3490 καὶ

1858 3440 2248 3499 assequerctur
2283 3429 2612 3496 imperator,
2649 3427 2718 3478 ad
2786 3425 2936 3481 aliud
2990 3439 3053 3481 se
3111 3426 3378 3480 convertit
3414 3443 3430 3480 :

183 3531 243 3603 ἦν
274 3535 338 3586 τὸ
377 3535 478 3604 μὲν
507 3533 692 3601 δρᾶμα
755 3533 900 3584 κατὰ
948 3535 1009 3584 τὸ
1055 3531 1312 3602 ᾀδόμενον
1355 3531 1557 3598 ἑτέρων
1582 3570 1596 3594 ,
1633 3531 1664 3598 ἡ
1696 3529 1754 3582 δὲ

182 3628 298 3696 χεὶρ
340 3624 758 3692 ’Δῦεσσαλὼμή
805 3622 961 3675 τοῦτο
1007 3620 1407 3693 πρακτεύουσα.
1451 3621 1591 3676 Ἰστε
1630 3619 1758 3683 τοὺς

187 3716 690 3788 παραπεμφθέντας
717 3712 1066 3784 μονὰζοντας,
1088 3713 1182 3766 καὶ
1202 3712 1269 3766 τὰ
1290 3711 1553 3766 σταλέντα
1573 3712 1755 3781 γράμ-

189 3828 348 3878 ματα.
384 3810 497 3862 Καὶ
541 3807 692 3867 τέλος
739 3805 925 3876 ἐπειδὴ
966 3807 1058 3858 καὶ
1102 3805 1273 3858 ταῦτα
1318 3804 1464 3856 ἕωλα
1509 3802 1601 3855 καὶ
1628 3801 1757 3854 ἀϐέ-

188 3903 330 3968 ϐαια,
357 3900 452 3953 τοῦ
489 3899 699 3970 ΙΙατρὸς
726 3898 792 3950 τὰ
821 3897 1006 3950 δέοντα
1031 3895 1486 3966 ἀντεπιφέροντος
1514 3893 1608 3947 καὶ
1631 3895 1757 3946 ἀντ-

188 3991 622 4057 επιστέλλοντος,
650 3991 682 4058 ἡ
715 3987 1054 4056 ἀνακάλυψις
1077 3989 1174 4056 τῆς
1194 3987 1482 4056 βασιλικῆς
1517 3985 1756 4055 μορφῆς,

189 4085 367 4137 οὐκέτι
408 4081 599 4154 χώραν
653 4082 866 4151 ἔχοντος
904 4078 997 4132 τοῦ
1049 4079 1420 4151 προσωπείου,
1449 4076 1753 4146 φαίνεσθαι.

201 4176 389 4228 Ἀὗάλε
421 4175 492 4226 τὰ
543 4175 664 4227 τότε
727 4171 1068 4241 γεγενημένα
1105 4172 1254 4242 παρὰ
1302 4171 1408 4223 τῶν
1461 4168 1759 4222 σταλέντων

189 4268 274 4319 δύο
338 4266 688 4335 στρατηγῶν,
733 4263 808 4328 ὡς
839 4265 930 4316 ἐπὶ
989 4265 1261 4335 πολεμίων
1302 4263 1464 4316 τινῶν
1499 4263 1634 4334 προς
1667 4261 1757 4314 τὸν

190 4360 382 4412 ἄοπλον
421 4357 695 4428 μοναστὴν
743 4355 837 4408 τοῦ
870 4355 1124 4424 Χριστοῦ,
1167 4356 1263 4408 καὶ
1313 4355 1461 4424 μόνῳ
1511 4354 1588 4424 τῷ
1629 4353 1758 4423 θείῳ

191 4452 332 4519 νόμῳ
375 4448 772 4520 φραττὸμενον.
812 4446 992 4516 Ἥρθη
1058 4449 1260 4516 ποιμὴν
1303 4449 1365 4499 ἐκ
1422 4446 1612 4516 μέσου,
1665 4447 1760 4499 καὶ

191 4542 582 4612 διὲσκορπίσθη
612 4540 680 4594 τὰ
715 4541 961 4612 πρίῦατα
997 4540 1102 4591 ἀπὸ
1143 4539 1241 4608 τῆς
1265 4540 1500 4608 ποίμνης
1525 4555 1538 4569 '
1568 4541 1618 4592 οἱ
1659 4540 1760 4608 μὲν

194 4637 523 4706 ἐτέρφθησαν,
543 4633 691 4687 ἄλλοι
709 4632 1182 4702 ὑπερωρίσθησαν,
1207 4631 1386 4701 ἕτεροι
1403 4629 1756 4700 ἐδιώχθησαν,

1857 3531 1910 3576 et
1936 3529 2052 3576 erat
2086 3519 2306 3588 quidem
2349 3519 2582 3572 aliorum
2619 3511 2757 3586 opus
2787 3535 2802 3584 ;
2831 3517 2925 3572 sed
2951 3517 3253 3573 secundum
3283 3518 3430 3571 illam

1856 3613 2367 3669 decantatissimam
2401 3610 2454 3665 in
2494 3609 2801 3680 Scripturis
2850 3611 3196 3680 tragmdiam,
3236 3626 3434 3664 manus

1860 3704 2120 3758 Absalom
2152 3702 2386 3756 iaciebat
2419 3700 2626 3754 omnia.
2683 3699 2851 3754 Scitis
2897 3700 3204 3755 submissos
3261 3699 3432 3754 fuisse

1858 3795 2180 3856 monachos,
2220 3794 2374 3848 scitis
2430 3794 2640 3848 litteras
2694 3794 2946 3861 scriptas.
2998 3791 3246 3861 Cumque
3318 3793 3433 3847 haec

1857 3883 2231 3941 etiamiuania
2286 3893 2340 3936 et
2395 3881 2612 3935 intirma
2669 3895 2793 3935 esse
2849 3889 3160 3948 appareret,
3211 3877 3433 3932 Platone

1860 3977 2004 4045 quod
2037 3989 2250 4044 aequum
2286 3980 2405 4028 erat
2434 3981 2826 4026 manuteuente
2849 3978 2904 4025 et
2934 3967 3281 4040 praeferente,
3347 3985 3432 4022 re-

1859 4071 2073 4123 velatus
2106 4065 2433 4122 esttandem
2462 4065 2578 4134 ipse
2615 4064 2934 4133 imperator,
2975 4063 3066 4132 qui
3106 4063 3208 4116 sub
3247 4076 3432 4129 perso-

1862 4177 1928 4214 na
1963 4161 2172 4214 diutius
2201 4158 2467 4213 occultari
2503 4173 2609 4210 non
2640 4164 2877 4225 poterat.
2915 4152 3035 4208 Vah
3063 4157 3075 4208 ι
3117 4153 3186 4207 ob
3214 4169 3276 4208 ea
3301 4167 3422 4223 quae

1861 4261 2011 4323 gesta
2044 4268 2074 4304 a
2106 4251 2321 4303 duobus
2352 4248 2689 4302 exercituum
2720 4246 2976 4312 ducibus,
3012 4254 3273 4315 tanquam
3331 4246 3434 4299 ad-

1860 4359 2054 4399 versus
2109 4343 2294 4397 hostes
2348 4341 2615 4410 quosdam
2682 4339 2892 4403 missis,
2942 4349 3134 4393 contra
3183 4338 3429 4392 inerncm

1859 4439 2064 4494 Christi
2096 4436 2454 4499 monachum,
2491 4443 2548 4489 et
2577 4433 2692 4488 sola
2714 4433 2806 4487 Dei
2840 4433 2954 4501 lege
2982 4430 3291 4486 defensum.
3325 4430 3432 4484 Su-

1863 4533 2042 4586 blatus
2083 4539 2168 4585 est
2202 4531 2268 4583 de
2293 4527 2473 4581 medio
2505 4535 2716 4595 pastor,
2738 4535 2793 4579 et
2821 4524 3083 4594 dispersa:
3114 4531 3244 4576 sunt
3300 4536 3432 4577 oves

1861 4624 2061 4696 gregis.
2103 4620 2167 4676 Et
2193 4621 2284 4674 alii
2318 4618 2534 4689 quidem
2559 4617 3012 4678 verberabantur,
3045 4615 3429 4685 relegabantur

193 4732 278 4780 mi.
307 4728 434 4794 τογε
474 4722 854 4792 ἐλεεινότερον,
879 4721 1156 4788 θέσπισμα
1188 4720 1462 4789 βασιλικὸν
1497 4721 1752 4790 ἁπροσδέ-

1865 4716 1984 4779 alii,
2013 4714 2196 4768 creteri
2260 4712 2696 4782 persecutionem
2735 4708 3118 4773 sustinebant;
3175 4709 3433 4777 quodque

194 4838 344 4882 κτους
377 4814 519 4870 εἶναι
555 4813 829 4883 πανταχοῦ
861 4815 984 4876 τους
1001 4812 1086 4864 διὰ
1117 4812 1319 4882 Κύριον
1347 4811 1757 4882 δεδιωγμένους·

194 4914 278 4963 καὶ
314 4907 638 4976 ὑπήκουσαν
688 4922 749 4972 γε
788 4905 838 4956 οἱ
889 4905 997 4956 τῶν
1041 4904 1278 4974 σεμνίων
1349 4909 1759 4977 προῖστάμενοι,

195 5005 280 5053 7.1".
322 5002 555 5059 σπάνιος
581 4999 608 5048 ὁ
633 4997 954 5064 ἁποτολμῶν
989 4995 1330 5058 εἰσδέξασθαι
1359 5013 1371 5027 '
1401 4997 1494 5048 καὶ
1526 4997 1760 5066 Χριστὸς

196 5091 505 5153 ἐκάθευδεν,
532 5089 599 5139 δι’
624 5086 716 5149 οὓς
756 5083 899 5137 οἶδεν
930 5086 1186 5153 τρόπους,
1238 5086 1545 5156 δοκιμάζων
1582 5088 1645 5140 τὰ
1680 5105 1762 5154 γι-

195 5187 452 5252 γνόμενα,
476 5181 585 5231 τῶν
617 5178 716 5248 μὲν
752 5178 1056 5247 βασανίζων
1105 5177 1195 5228 τὸν
1239 5177 1370 5246 πρὸς
1401 5178 1562 5230 αὐτὸν
1593 5177 1756 5235 πόθον

197 5274 239 5324 εἱ
264 5272 601 5341 ἐπιμένοιεν,
633 5268 740 5320 τῶν
769 5267 824 5320 δὲ
855 5269 914 5319 τὸ
969 5268 1336 5337 ἀπάνθρωπον
1390 5269 1758 5338 οἰκτιζόμενος

201 5367 439 5432 ἐνεγκεῖν
482 5363 562 5424 εἰς
607 5359 930 5429 μετάμελον.

265 5637 285 5666 ⁸
315 5633 500 5687 Eccie.
534 5645 588 5691 χ,
619 5629 701 5681 to.

1864 4807 2170 4861 mirabilius
2209 4805 2333 4868 luit,
2361 4802 2668 4857 Carsareum
2697 4801 2937 4856 edictum
2971 4809 3090 4854 erat
3119 4815 3186 4854 ne
3219 4801 3431 4868 uspiam

1864 4899 2260 4968 reciperentur,
2293 4896 2386 4965 qui
2416 4897 2545 4948 talia
2575 4895 2924 4964 patiebantur
2977 4901 3199 4962 propter
3247 4891 3432 4946 Domi-

1864 5005 2034 5053 num;
2066 4997 2122 5042 et
2159 4988 2336 5042 edicto
2361 4986 2438 5039 illi
2479 4986 2748 5055 parebant
2775 4983 3035 5054 praesides
3059 4983 3430 5037 monasterio-

1865 5096 2011 5142 rum,
2042 5080 2177 5133 adeo
2230 5080 2401 5132 utvix
2454 5080 2598 5132 ullus
2653 5079 3014 5138 inveniretur,
3060 5075 3153 5143 qui
3208 5074 3433 5128 auderet

1865 5172 2107 5246 praebere
2144 5181 2441 5240 receptum.
2476 5169 2730 5224 Christus
2770 5176 2949 5220 autem
3003 5165 3327 5229 dormiebat,
3363 5165 3435 5220 ob

1867 5274 2026 5317 notas
2062 5262 2163 5316 sibi
2199 5279 2396 5316 causas
2425 5279 2441 5328 ;
2468 5261 2666 5315 horum
2713 5259 2938 5327 quidem
2988 5257 3040 5310 in
3066 5272 3124 5310 se
3191 5257 3432 5324 probans

1867 5371 2136 5419 amorem,
2167 5371 2236 5408 an
2268 5362 2415 5409 esset
2444 5360 2730 5415 constans,
2754 5350 2971 5405 illorum
3005 5363 3133 5404 vero
3161 5348 3434 5402 miserans

1869 5449 2348 5513 inhumanitatem,
2401 5459 2458 5502 ut
2504 5461 2600 5501 eos
2663 5445 2731 5500 ad
2791 5442 3168 5514 pmuitentiam
3235 5459 3439 5513 provo—

1871 5551 2036 5594 caret.

1728 5711 1953 5767 NOT/E.

272 5828 1256 5907 {17)(tumulavitsibiConstantinus
1309 5825 1584 5893 illegitimo
1657 5823 1906 5892 coniugio
1965 5826 2281 5884 Theodolen
2341 5829 2755 5900 cubicularium.
2818 5843 3003 5886 mense
3037 5828 3305 5900 Augusto,
3343 5831 3429 5886 in.

208 5899 430 5970 dietione
461 5899 514 5971 3,
548 5923 634 5959 an.
674 5905 793 5958 795.
838 5903 966 5955 Vide
996 5899 1400 5964 Tlteophancm.
