3926 6440
525 390 628 457 831

1713 388 1777 451 S.
1809 385 2205 448 THEODORI
2244 388 2329 447 ST
2340 387 2590 447 UDlT.E

3670 382 3772 445 832

595 506 686 562 ΞΒ.
720 503 861 572 Quid
888 513 1069 561 autem
1089 503 1292 560 athleta
1319 501 1523 560 Christi
1550 502 1574 557 2
1607 501 1876 558 Avellitur
1905 512 2100 574 sponte

2272 509 2375 571 κη’.
2416 503 2480 553 Τί
2511 498 2602 555 οὖν
2638 502 2665 554 6
2699 499 2792 554 τοῦ
2822 498 3061 572 Χριστοῦ
3091 500 3329 572 ἀθλητής
3351 499 3773 571 ςἈποτὲμνεται

526 613 558 653 a
598 599 835 668 propriis
866 597 1151 660 membris,
1193 595 1456 664 solusque
1490 595 1919 665 derelinquitur,
1979 595 2098 647 ani-

526 705 670 746 mam
706 703 862 742 suam
889 703 1104 758 ponens
1141 702 1243 758 pro
1270 688 1467 742 ovibus
1498 687 1634 748 suis.
1695 686 1848 754 juxtn
1919 685 2101 739 Evan-

526 781 752 854 gelium.
787 787 974 848 utpote
1015 793 1141 833 vere
1188 789 1374 848 pastor
1405 779 1602 832 bonus.
1640 775 1892 831 Violenta
1937 791 2101 830 manu

525 872 594 926 ad
636 871 908 926 Caesarem
939 871 1158 926 ducitur
1191 887 1205 924 :
1245 872 1454 927 resistit
1485 873 1538 925 in
1597 869 1815 936 faciem,
1841 870 2102 924 audacter

528 966 682 1031 dico,
712 964 860 1018 velut
890 965 1029 1018 alter
1064 963 1308 1019 Joannes
1368 964 1570 1019 Christi
1627 963 1981 1032 prodromus,
2035 978 2102 1016 eo

528 1057 706 1113 solum
736 1069 986 1127 excepto,
1021 1058 1170 1127 quod
1205 1057 1295 1111 hic
1335 1071 1438 1111 suo
1478 1056 1679 1125 ipsius,
1723 1055 1838 1124 ipse
1869 1054 2100 1109 alterius

527 1149 696 1205 ductu
723 1150 890 1205 venit.
997 1150 1211 1204 virilem
1247 1149 1528 1202 animum!
1564 1146 1683 1200 Non
1713 1155 1798 1202 est
1835 1148 2101 1201 reveritus

529 1241 875 1311 tnajestatem
925 1241 1168 1311 imperii,
1209 1255 1318 1295 non
1379 1239 1694 1294 formidavit
1748 1239 1946 1303 minas,
1996 1254 2101 1292 non

527 1344 614 1388 est
637 1333 916 1388 emollitus
940 1333 1242 1395 blanditiis,
1266 1331 1429 1400 idque
1462 1347 1585 1385 cum
1613 1345 1678 1385 ex
1707 1346 1807 1384 suo
1834 1332 2103 1402 sanguine

527 1432 675 1476 esset
701 1423 896 1476 mulier
929 1438 1052 1492 qua:
1083 1420 1443 1475 llerodiadem
1502 1419 1775 1473 referebat
1814 1434 1827 1470 :
1867 1420 1959 1472 sed
2001 1419 2104 1472 im-

528 1516 854 1586 perterritus
887 1514 1284 1584 pronuntiavit,
1336 1522 1392 1567 et
1427 1528 1532 1566 non
1587 1512 1809 1566 erulmit
1877 1511 2100 1564 verbum

528 1605 797 1659 veritatis.
831 1603 978 1657 Dixit
1017 1603 1329 1657 Pra'cursor
1373 1603 1586 1657 Domini
1622 1619 1634 1654 :
1683 1601 1805 1656 Non
1843 1601 1962 1656 licet
2010 1602 2103 1656 tibi

529 1696 716 1750 habere
743 1710 958 1748 uxorem
988 1692 1221 1762 Philippi
1249 1695 1432 1763 fratris
1457 1697 1534 1748 tui
1573 1697 1594 1726 ’
1631 1713 1643 1748 :
1693 1695 1896 1748 similia
1957 1695 2105 1750 illius

529 1787 778 1842 imitator
811 1786 969 1851 dixit,
1005 1784 1071 1839 ad
1098 1801 1222 1840 eum
1265 1787 1360 1856 qui
1389 1786 1626 1840 similem
1660 1802 1719 1841 se
1765 1784 1966 1840 llerodi
2025 1785 2103 1839 fe-

2201 593 2312 649 τῶν
2338 595 2557 648 οἰκείων
2604 590 2782 665 μελῶν
2815 593 3119 664 ἐθελοντὴς,
3159 593 3640 664 καταλιμπάνεται
3677 611 3773 660 μο-

2202 685 2440 749 νώτατος
2464 686 2563 756 τὴν
2589 685 2767 756 ψυχὴν
2802 685 2915 748 θεὶς
2945 684 3086 756 ὑπὲρ
3123 685 3233 738 τῶν
3291 685 3606 755 προϐάτων,
3639 686 3775 739 κατὰ

2199 779 2261 831 τὸ
2291 778 2643 846 Εὑαγγέλιον,
2670 779 2698 830 6
2720 777 2794 840 ὡς
2826 777 3041 847 ἀληθῶς
3097 777 3304 848 ποιμὴν
3335 768 3560 845 ἀγαθὸς,
3586 779 3777 846 ἄγεται

2201 869 2292 922 ἐπὶ
2317 870 2409 923 τὸν
2437 870 2694 940 Καίσαρα
2725 869 2832 922 ὑπὸ
2851 868 3078 940 βριαροῦ
3097 870 3304 940 χειρὸς,
3353 871 3601 941 εἱστήκει
3633 870 3771 923 κατὰ

2204 959 2512 1027 πρόσωπον,
2554 961 2604 1013 εί
2637 960 2728 1013 καὶ
2759 960 3031 1031 τολμηρὸν
3070 961 3264 1024 είπείν,
3306 953 3418 1014 οἷον
3460 960 3718 1030 Ἰωάννης
3751 965 3778 1015 6

2203 1051 2517 1120 Προδρομος
2543 1049 2639 1103 τοῦ
2668 1051 2896 1120 Κυρίου,
2925 1049 3065 1121 πλὴν
3081 1051 3204 1104 ὅσον
3221 1050 3250 1102 6
3276 1051 3373 1121 μὲν
3397 1051 3776 1120 αὐτοκίνητος,

2201 1142 2229 1194 ὁ
2265 1140 2322 1193 δὲ
2363 1142 2762 1212 ἑτεροκίνητος.
2801 1141 2866 1194 Ὢ
2916 1141 3011 1211 τῆς
3061 1141 3326 1214 ἀνδρικῆς
3375 1142 3648 1211 καρδίαςι
3684 1145 3780 1212 οὺχ

2204 1233 2513 1304 ὑπέπτηξεν
2551 1234 2628 1305 τῷ
2657 1234 2867 1305 κράτει,
2913 1236 3014 1288 οὐκ
3048 1235 3308 1288 ἐνέδωκεν
3333 1237 3453 1298 ταῖς
3505 1236 3756 1298 ἀπειλαῖς

2180 1321 2302 1390 ⁸οὐκ
2339 1321 2623 1392 ἐχαυνώθη
2685 1325 2805 1385 ταῖς
2843 1324 3214 1394 πειθανότησι,
3255 1325 3349 1378 καὶ
3395 1323 3576 1378 ταῦτα
3617 1326 3780 1394 οὔσης

2202 1413 2294 1481 ἀφ’
2327 1414 2559 1482 αἵματος
2602 1415 2702 1485 τῆς
2749 1418 2813 1485 τῇ
2867 1415 3154 1485 Ἡρωδιάδι
3209 1416 3634 1485 δμογνώμονος·
3668 1417 3782 1470 ἀλλ’

2204 1505 2467 1574 ὲφθέξατο
2495 1508 2760 1577 ἀτρέμας,
2796 1508 2914 1560 ἀλλ’
2941 1507 3292 1578 ὡμολόγησεν
3332 1507 3782 1578 ἁνεπαισχύντως

2206 1597 2298 1651 τὸν
2330 1598 2487 1666 λόγον
2510 1599 2607 1668 τῆς
2633 1599 2909 1669 ἀληθείας.
2942 1595 3107 1653 Εἶπεν
3137 1603 3163 1654 6
3186 1600 3278 1654 τοῦ
3312 1599 3514 1671 Κυρίου
3543 1601 3782 1670 [196690-

2209 1705 2328 1758 μος·
2364 1691 2484 1743 Οὺκ
2511 1691 2752 1756 ἔξεστίν
2775 1708 2873 1745 σοι
2893 1693 3056 1761 ἔχειν
3076 1692 3327 1762 γυναῖκα
3344 1694 3648 1747 Φιλίππου
3679 1691 3783 1746 τοῦ

2204 1785 2474 1855 ἀδελφοῦ
2489 1783 2800 1842 σου.Είπεν
2819 1791 2909 1840 καὶ
2921 1792 2948 1840 6
2964 1789 3153 1840 τούτου
3174 1788 3494 1859 μιμητὴςτά
3511 1785 3783 1856 ἐφάμιλλα

529 1887 700 1945 cerat,
736 1879 913 1948 capite
945 1887 1126 1932 tamen
1148 1878 1394 1932 minutus
1424 1894 1531 1932 non
1562 1891 1648 1934 est
1679 1894 1695 1931 :
1737 1877 1913 1933 noluit
1959 1878 2100 1931 enim

2209 1878 2344 1948 πρὸς
2368 1880 2459 1932 τὸν
2492 1880 2734 1952 Ἡρώδου
2759 1883 2944 1950 ὅμοιον
2966 1898 2979 1912 ο
3015 1883 3111 1935 καὶ
3151 1882 3410 1950 τέμνεται
3439 1881 3541 1949 μὲν
3563 1882 3665 1950 τὴν
3692 1897 3786 1932 κε-

531 1971 852 2042 imperator,
902 1970 1364 2042 quemadmodum
1394 1971 1744 2041 praedixerat,
1801 1981 2101 2041 martyrem

531 2065 738 2129 facere,
762 2069 828 2118 ad
870 2065 1123 2118 ultimum
1157 2073 1433 2118 certamen
1463 2065 1738 2117 voluntate
1767 2072 2102 2132 promptum.

529 2155 914 2212 Confessorem
951 2170 1129 2209 tamen
1172 2155 1377 2210 Christi
1445 2154 1590 2218 fecit,
1644 2155 1807 2209 etiam
1867 2155 2101 2220 nolens,

527 2251 775 2305 veritatis
802 2252 1145 2304 thesaurum.
1177 2257 1236 2302 ut
1294 2247 1600 2302 maleﬁcum
1634 2247 1932 2311 hominem,
1973 2263 2104 2302 con-

529 2343 759 2397 eludens
792 2342 1012 2406 cellula,
1054 2341 1347 2410 clavesque
1410 2355 1574 2409 supra
1627 2340 1806 2396 claves
1869 2355 2100 2409 ponens,

527 2445 580 2486 et
607 2433 806 2501 juhens
839 2448 933 2502 per
966 2441 1261 2500 angustum
1300 2429 1547 2484 foramen
1570 2430 1754 2483 cibum
1788 2430 1836 2483 ei
1876 2429 2100 2498 praeberi

528 2526 609 2580 sic
640 2534 700 2578 ut
743 2540 773 2578 a
843 2525 1063 2578 nemine
1107 2524 1350 2593 conspici
1381 2531 1587 2593 posset,
1627 2537 1792 2592 quem
1850 2521 2103 2576 Christus

529 2618 868 2672 intuebatur.

596 2707 686 2763 29.
722 2706 824 2771 Qui
850 2715 1029 2759 autem
1093 2705 1146 2758 in
1209 2704 1295 2759 his
1349 2705 1791 2773 cooperabantur
1846 2705 2049 2762 Caesari
2084 2750 2099 2774 ,

527 2809 684 2853 erant
716 2800 1118 2852 monachorum
1184 2796 1484 2866 praesides,
1536 2811 1773 2866 quorum
1838 2800 2102 2855 erubesco

529 2891 776 2962 proferre
810 2892 1055 2947 nomina.
1093 2889 1296 2947 Carcer
1345 2884 1568 2958 vero,‘o
1635 2908 1749 2946 rem
1799 2893 2097 2948 miseram!

529 2995 715 3036 carcer
747 2989 883 3042 erat,
913 2981 1226 3036 miserabile
1271 2983 1665 3037 monasterium
1711 2983 1883 3052 ipsius
1915 2985 2102 3052 palatii

529 3071 815 3125 Echecolla
850 3071 1281 3137 dictum,custos
1298 3075 1537 3129 carceris
1571 3075 1958 3140 admirandus,
1987 3075 2102 3143 ipse

527 3163 620 3231 qui
659 3162 902 3215 meae-hos
939 3173 1323 3218 coronaverat.
1361 3164 1474 3218 Heu
1512 3181 1598 3219 me
1633 3168 1644 3220 !
1684 3167 1993 3220 exclamare
2018 3168 2099 3220 lu-
2129 3200 2175 3262 ο

527 3251 618 3306 bet
676 3267 802 3306 cum
845 3253 1142 3323 Propheta.
1189 3253 1355 3308 Periit
1398 3267 1611 3310 sanctus
1642 3257 1705 3311 de
1739 3267 1900 3324 terra,
1927 3267 1977 3311 et
2018 3275 2099 3312 re—

529 3353 642 3397 ctus
683 3347 736 3398 iu
761 3345 1056 3399 hominibus
1090 3363 1192 3400 non
1224 3356 1300 3400 est
1335 3349 1399 3401 ¹⁰.
1433 3348 1572 3414 Quid
1607 3365 1754 3404 nunc
1792 3365 1918 3404 eum
1955 3366 2103 3404 com-

530 3450 832 3488 memorem
859 3474 874 3498 ,
907 3437 1001 3506 qui
1041 3446 1290 3492 sanctum
1322 3439 1746 3494 custodiendum
1779 3441 2001 3494 tradidit
2037 3443 2103 3493 il-

531 3527 809 3582 licitaruin
878 3530 1194 3600 nuptiarum
1247 3532 1589 3586 conciliatori
1637 3531 1788 3602 (18);
1830 3541 1925 3586 aut
1977 3547 2100 3586 eum

531 3621 623 3689 qui
664 3623 866 3676 missus
896 3623 965 3676 ah
1019 3623 1351 3693 imperatore
1408 3627 1758 3695 praesumpsit
1817 3626 2100 3680 innoxium

525 3712 821 3782 judicare?
848 3713 989 3777 Quid
1034 3713 1335 3782 l-Ipiscopos
1366 3714 1544 3769 dicam
1595 3731 1624 3770 a
1666 3717 1882 3771 Caesare
1942 3718 2105 3790 depu-

531 3812 696 3867 tatos,
733 3803 941 3858 utsolo
997 3806 1162 3858 verbo
1216 3805 1526 3860 consentire
1571 3806 1780 3875 justum
1841 3806 2100 3872 facerent,

527 3908 764 3962 cumque
790 3909 820 3947 a
862 3910 1082 3949 carcere
1124 3895 1412 3950 liberatum
1470 3898 1810 3955 dimitterent
1834 3917 1922 3956 res
1975 3917 2103 3957 suas

531 3999 631 4052 pro
661 3985 890 4038 arbitrio
927 3985 1318 4041 administrare
1345 3988 1367 4040 ’Ξ
1403 3986 1544 4052 Quid
1565 3989 1805 4060 denique
1866 3992 2102 4046 subsan-

531 4085 726 4132 nautes
784 4077 831 4130 ei
894 4093 958 4130 ac
1023 4079 1374 4133 detrahentes
1444 4095 1758 4136 recenseam
1793 4085 2103 4154 ,sanguine

530 4170 852 4237 conjunctos
879 4180 934 4223 et
967 4169 1194 4234 alienos,
1231 4171 1417 4225 habitu
1461 4172 1671 4228 similes
1703 4183 1757 4228 et
1786 4175 2100 4232 dissimiles.

529 4261 574 4317 Ο
626 4262 1053 4318 absurditatem!
1087 4273 1182 4318 aut
1216 4265 1401 4333 potius
1437 4265 1695 4334 injuriam
1751 4267 1953 4322 factam
2009 4286 2102 4325 ve-

530 4354 715 4409 ritati!
755 4353 958 4410 Delirio
994 4370 1321 4421 generosum
1373 4357 1552 4411 virum
1626 4359 1944 4427 arguebant,
2009 4361 2102 4431 qui

529 4446 862 4501 adulterium
902 4445 1158 4500 volebant
1204 4447 1519 4518 conjugium
1591 4448 1806 4504 videri:
1885 4467 2102 4523 sparge-

2207 1971 2381 2041 φαλην
2418 1972 2689 2042 οὐδαμῶς,
2721 1974 2803 2027 ὅτι
2837 1975 2970 2044 μηδὲ
3007 1973 3268 2044 ἠϐούλετο
3304 1975 3332 2027 6
3373 1975 3598 2043 Καῖσαρ
3633 1973 3784 2042 μάρ-

2204 2078 2343 2132 τυρα
2366 2063 2585 2117 τελέσαι
2619 2065 2708 2117 τὸν
2736 2068 2802 2136 τῇ
2835 2066 3152 2135 προαιρέσει
3180 2064 3513 2134 ἀθλήσαντα,
3541 2064 3620 2126 ὼς
3653 2080 3785 2134 πριι-

2204 2153 2384 2208 λαδὼν
2453 2157 2855 2226 ἀπεφθέγξατο,
2887 2157 3225 2228 ὁμολογητην
3289 2157 3344 2210 δὲ
3402 2156 3645 2228 Χριστοῦ
3695 2157 3787 2208 καὶ

2207 2247 2282 2318 μὴ
2316 2247 2636 2319 βουλόμενος
2657 2248 2940 2313 ἀπέδειξεν
2963 2287 2978 2312 ,
3004 2249 3297 2320 καθείρξας
3326 2253 3382 2301 ὲν
3405 2249 3642 2320 οἰκίσκῳ
3680 2252 3787 2302 τινὶ

2204 2339 2278 2401 ὡς
2301 2339 2609 2409 κακοῦργον
2636 2342 2729 2394 τὸν
2760 2342 3032 2413 θησαυρὸν
3067 2343 3165 2412 τῆς
3191 2341 3472 2413 ἀληθείας,
3509 2341 3667 2406 κλεῖς
3693 2343 3787 2393 ἐπὶ

2204 2429 2379 2483 κλεισὶ
2405 2430 2650 2501 θέμενος,
2685 2433 2778 2486 καὶ
2807 2434 2871 2486 δι’
2919 2436 3059 2504 ὀπῆς
3088 2433 3186 2505 τὴν
3227 2435 3433 2503 τροφὴν
3459 2433 3787 2504 πορίζεσθαι

2205 2521 2567 2586 κεκελευκὼς,
2599 2523 2736 2594 πρὸς
2764 2525 2823 2576 τὸ
2853 2526 2948 2576 ὑπ’
2980 2526 3192 2587 οὐδενὸς
3213 2524 3442 2596 ὁρᾶσθαι
3473 2525 3584 2577 τῶν
3610 2525 3787 2578 ἄλλων

2205 2613 2462 2668 ἁπάντων
2493 2614 2584 2668 τὸν
2617 2615 2721 2668 ὑπὸ
2747 2616 2951 2687 Κυρίου
2983 2616 3278 2686 ὁρώμενον.

2274 2707 2376 2761 κθ¹.
2413 2706 2520 2759 Καὶ
2549 2706 2598 2759 oi
2624 2704 3037 2776 συναιρούμενοι
3066 2705 3146 2776 τῷ
3185 2704 3424 2776 Καίσαρι
3475 2705 3588 2757 τῶν
3618 2723 3788 2775 μονα-

2206 2797 2346 2852 στῶν
2378 2799 2430 2850 οἱ
2461 2797 2808 2868 προέχοντες,
2838 2791 2912 2850 ὧν
2951 2797 3318 2868 αίσχυναίμην
3357 2798 3536 2850 εἰπεῖν
3578 2799 3651 2848 τὰ
3673 2797 3791 2848 ὀνό-

2207 2907 2355 2959 ματα
2380 2905 2394 2919 ⁸
2435 2890 2530 2942 καὶ
2569 2890 2603 2958 ἡ
2646 2888 2858 2958 εἱρκτὴ,
2889 2887 2948 2940 τὸ
2994 2887 3236 2958 σχέτλιον
3277 2891 3648 2957 μοναστήριον
3676 2887 3790 2939 τῶν

2204 2981 2493 3052 βασιλείων
2529 2981 2818 3051 Ἐχέκολλα
2845 2979 2941 3050 (g),
2980 2982 3073 3033 καὶ
3103 2981 3132 3032 ὁ
3163 2979 3477 3049 Θαυμαστὸς
3497 2980 3790 3050 φρούραρ-

2204 3091 2297 3142 χος
2338 3076 2366 3126 6
2417 3075 2542 3137 τοὺς
2601 3073 2975 3143 μοιχωμένους
3029 3070 3535 3139 καταστεψάμενος.
3582 3073 3786 3141 Οἴμοιὲ

2209 3169 2346 3237 μετά
2379 3170 2470 3221 τοῦ
2497 3171 2777 3239 προφήτου
2812 3168 3095 3239 βοήσομαι,
3125 3167 3206 3220 ὃτι
3248 3167 3305 3219 Ἀ
3323 3168 3601 3222 πόλωλεγ·
3629 3173 3664 3223 ό
3685 3172 3790 3222 si!-

2206 3259 2405 3325 λαϐῆς
2429 3260 2546 3312 ἀπὸ
2574 3258 2687 3325 τῆς
2721 3258 2852 3327 τῆς,
2894 3261 2992 3312 καὶ
3046 3262 3077 3313 ό
3107 3256 3410 3325 κατορθῶν
3446 3259 3515 3310 ἑν
3553 3261 3791 3329 ἀνθρὼ-

2206 3369 2341 3416 ποις
2374 3354 2482 3404 οὐκ
2510 3351 2701 3405 ἔστιν.
2728 3352 2792 3404 Τί
2824 3351 2934 3420 γὰρ
2960 3351 3053 3403 καὶ
3083 3350 3225 3402 εἴπω
3265 3353 3355 3402 τὸν
3381 3351 3792 3418 παραδώσαντα

2205 3443 2294 3494 τὸν
2349 3441 2504 3509 ἆγιον
2557 3441 2635 3512 τῷ
2670 3441 3031 3512 μοιχοζεῦκτῃ
3073 3443 3153 3505 εἱς
3201 3442 3262 3494 τὸ
3298 3442 3678 3512 φρουρηθῆναι
3708 3462 3723 3504 ;
3756 3444 3790 3512 ἢ

2205 3535 2297 3588 τὸν
2330 3539 2802 3606 προανακρίναντα
2837 3535 2893 3601 ἐξ
2917 3536 3218 3606 ἀποστολῆς
3252 3534 3346 3588 τοῦ
3396 3533 3662 3603 βασιλέως
3695 3539 3790 3589 τὶν

2206 3625 2494 3677 ἀνεύθυνον
2520 3643 2534 3689 ;
2563 3625 2596 3695 ἢ
2621 3626 2747 3688 τοὺς
2782 3625 2919 3694 μετά
2951 3625 3050 3694 τὴν
3082 3624 3309 3694 εἱρκτὴν
3348 3623 3790 3692 παραπεμφθένο

2205 3733 2301 3778 τας
2327 3716 2460 3784 πρὸς
2485 3716 2578 3769 τοῦ
2609 3717 2887 3788 Καίσαρος
2936 3718 3193 3788 ίερὰρχας
3244 3717 3320 3778 είς
3345 3715 3403 3768 τὸ
3445 3713 3588 3783 λόγῳ
3623 3716 3794 3784 μόνον

2208 3809 2500 3862 συνθέσθαι
2549 3810 2640 3862 τὸν
2679 3810 2922 3874 δίκαιον,
2952 3808 3052 3878 τῆς
3109 3824 3168 3860 τε
3216 3805 3464 3875 φυλακῆς
3489 3803 3582 3856 τοῦ
3621 3807 3791 3874 χάριν

2207 3901 2494 3969 ἀφεθῆναι,
2561 3902 2656 3953 καὶ
2713 3901 2930 3953 πάντων
2971 3899 3080 3951 τῶν
3125 3899 3344 3951 οἰκείων
3393 3897 3719 3961 δεσπόζειν;
3756 3899 3789 3968 ἦ

2204 3995 2329 4055 τοῦς
2362 3992 2560 4059 ἔξωθεν
2588 3991 2940 4054 σκώπτοντάς
3001 4007 3058 4042 τε
3087 3991 3182 4043 καὶ
3225 3989 3600 4059 διασύροντας,
3633 3989 3795 4057 ὁμαίο

2208 4087 2372 4157 μονάς
2397 4103 2455 4138 τε
2486 4086 2579 4138 καὶ
2609 4085 2706 4154 οὐχ
2734 4085 3057 4154 ὁμαίμονας,
3092 4085 3438 4153 δμοσχήμους
3459 4097 3519 4133 τε
3550 4081 3792 4135 καὶὲτε-

2207 4180 2555 4249 ροσχήμους;
2597 4178 2664 4228 Ὠ
2679 4177 2776 4245 τῆς
2806 4175 3057 4238 ἀτοπίας,
3089 4174 3287 4244 μᾶλλον
3307 4175 3362 4227 δὲ
3392 4175 3488 4244 τῆς
3514 4172 3658 4225 κατά
3685 4175 3792 4241 τῆς

2205 4267 2463 4338 ἀληθείας
2525 4265 2895 4337 ὲξυϐρίσεωςι
2944 4266 3239 4319 Ἐκστασιν
3294 4266 3639 4335 κατηγόρουν
3689 4267 3790 4317 τοῦ

2203 4360 2453 4430 γενναίου
2487 4363 2536 4414 οἱ
2614 4359 3046 4429 μοιχαλλοίωτοι,
3089 4358 3388 4426 κενοδοξεῖν
3438 4358 3792 4428 ὲπεφήμιζην

2205 4449 2298 4502 τὸν
2321 4451 2464 4519 ὑπὲρ
2495 4448 2733 4520 Χριστοῦ
2763 4447 2920 4516 δόξης
2944 4447 3415 4516 ἐναγωνιξόμενον
3444 4449 3491 4500 οἱ
3517 4448 3606 4501 διά
3629 4448 3690 4499 τὸ
3713 4451 3790 4501 “ri

529 4537 658 4592 bant
688 4539 834 4591 inani
872 4539 1044 4608 gloria
1074 4539 1196 4594 duci
1227 4555 1321 4609 pro
1351 4538 1570 4594 Christo
1623 4541 2018 4607 decertantem,
2067 4544 2100 4598 ii

2209 4542 2344 4612 πρὸς
2383 4542 2674 4612 ἀρέσκειαν
2701 4539 2793 4592 τοῦ
2832 4539 3112 4610 Καίσαρος
3167 4539 3427 4609 πράττειν
3453 4556 3512 4592 τε
3551 4541 3646 4592 καὶ
3696 4541 3784 4591 λέ.

527 4631 620 4697 qui
644 4630 827 4684 studio
849 4630 1043 4699 agendi
1075 4630 1440 4699 loquendique
1462 4645 1524 4684 ex
1556 4631 1829 4686 voluntate
1875 4633 2100 4690 Ca‘saris

2206 4653 2325 4703 γειν
2352 4636 2452 4703 τῆς
2499 4634 2816 4696 δεσποτείας
2861 4633 3069 4702 Κυρίου
3120 4633 3498 4696 ἐκπίπτοντες,
3537 4633 3790 4702 Ἐφερεν

525 4721 840 4774 exciderant
903 4721 1116 4775 Domini
1149 4720 1233 4772 sui
1267 4721 1522 4790 imperio.
1564 4722 1843 4778 Sustinuit
1909 4727 2106 4782 nihilo-

528 4811 709 4867 minus
771 4813 1126 4866 inhumanam
1190 4813 1454 4883 temporis
1529 4814 1676 4869 illius
1731 4817 2100 4874 calamitatem

526 4903 733 4956 athleta
781 4904 1014 4968 Christi,
1047 4905 1223 4960 aulam
1261 4905 1482 4959 intuens
1513 4906 1795 4962 veritatem
1851 4917 1907 4962 et
1942 4912 2100 4964 retri-

594 5040 616 5073 ⁹
652 5039 816 5096 Marc.
853 5055 927 5105 vt,
962 5039 1050 5095 l8.
1128 5041 1171 5072 “
1213 5039 1374 5094 lllich.
1407 5041 1580 5105 vu,2.

2203 4729 2258 4780 δὲ
2285 4729 2434 4797 ὅμως
2462 4726 2560 4796 τὴν
2593 4725 2959 4794 ἀπάνθρωπον
2987 4723 3079 4776 τοῦ
3124 4723 3318 4794 καιροῦ
3370 4724 3541 4793 φοράν
3590 4725 3619 4774 6
3650 4724 3793 4793 Χρι-

2205 4821 2331 4872 στοῦ
2358 4817 2723 4889 θεραπευτής,
2753 4817 2888 4887 πρὸς
2916 4816 2974 4868 ἓν
3022 4817 3184 4882 μόνον
3232 4816 3453 4869 σκοπῶν
3501 4817 3602 4886 τὴν
3646 4816 3788 4886 ἀλή-

2201 4911 2352 4964 θειαν
2384 4910 2478 4963 καὶ
2501 4908 2599 4982 τὴν
2631 4909 2770 4980 ὑπὲρ
2804 4909 2974 4979 αὐτῆς
2999 4908 3353 4962 ἀνταπόδοσιν
3377 4924 3390 4939 ·
3420 4909 3513 4962 καί
3539 4925 3604 4978 γε
3625 4908 3782 4979 διῆλο

2043 5167 2271 5224 NOTAE.

600 5303 675 5374 (g)
719 5304 975 5386 _§irletus
1011 5304 1228 5385 videtur
1252 5305 1745 5386 ἐνεκόλλαιθβίεεο,
1775 5309 1919 5386 quod
1969 5311 2147 5386 ipsum
2195 5328 2294 5383 ego
2335 5329 2551 5384 quoque
2593 5317 2794 5371 credidi
2835 5318 3319 5375 substituendum:
3366 5334 3515 5375 nunc
3544 5332 3702 5384 vero,
3733 5321 3778 5372 si

524 5378 874 5459 pla_ceat_ipsi-
897 5378 1072 5456 postri
1103 5378 1356 5459 ecgraphi
1389 5379 1689 5459 .scriptioni
1715 5378 2004 5459 inhaerere,—
2045 5383 2134 5435 ubi
2163 5378 2418 5452 expresse
2457 5378 2549 5454 per
2578 5389 2934 5459 majusculam
2969 5392 3202 5445 litteram
3234 5393 3401 5459 (quod
3427 5390 3565 5443 alias
3589 5378 3780 5442 mrum

524 5457 576 5516 et
606 5447 750 5499 haud
785 5446 949 5499 dubie
1004 5445 1055 5498 in
1102 5447 1351 5515 originali
1382 5445 1691 5516 inventum)

1744 5451 2001 5504 scribitur
2037 5468 2140 5504 vox
2173 5451 2608 5522 preparoxvtoua
2644 5475 2659 5524 ;

2713 5458 2966 5513 fortassis
3022 5461 3256 5532 habebis
3279 5458 3571 5532 proprium
3599 5462 3781 5527 ipsius

527 5514 787 5599 Palatini“
812 5517 1135 5599 monasterii
1171 5514 1390 5599 nomen,
1425 5514 1734 5599 “Ec/iecoltn,
1760 5530 1828 5599 _et
1874 5514 2198 5576 concinnior
2225 5514 2330 5579 erit
2369 5529 2623 5596 periodus
2646 5514 2658 5524 ’
2678 5544 2768 5598 per
2797 5532 2899 5583 tria
2935 5514 3181 5586 membra
3207 5514 3530 5588 div'isatsine
3553 5514 3779 5599 expres-

525 5589 682 5639 sione
717 5586 954 5654 alicujus
989 5587 1140 5640 verbi
1195 5587 1657 5656 subintelligendo
1685 5593 1906 5656 ubique,
1938 5602 2075 5647 erat.

598 5725 1377 5814 (18)“.loseph.p'resbyteliel
1429 5729 1712 5814 .Ecclcsiaz
1776 5749 2116 5806 mconomus,
2160 5735 2472 5798 illic-iturum
2544 5743 2856 5814 nuptiarum
2905 5743 3147 5801 initiator
3210 5742 3606 5801 ctconeiliator
3637 5755 3779 5797 con-

521 5796 654 5868 jugii
686 5789 899 5852 dicitur
930 5799 981 5852 itt
1015 5789 1130 5853 Vlla
1261 5799 1552 5855 Theodori.
