3926 6476
206 431 311 497 833

867 428 1146 493 ORATIO
1179 429 1286 491 XI.
1323 455 1380 465 -
1429 428 1809 491 LAUDATIO
1847 429 1908 490 S.
1950 427 2315 489 PLATONIS
2359 428 2789 495 HEGUMENI.

3330 432 3436 498 834

207 544 298 594 θεν
328 543 431 611 τὴν
485 539 730 594 κάκωσιν
757 542 830 604 ὡς
877 541 937 592 ἐν
981 538 1196 603 ἀδύτοις
1232 539 1659 608 ἀναπαυόμενος.
1704 530 1776 590 Ob

1885 536 2162 589 butionem
2181 536 2354 590 eidem
2377 539 2669 607 repositam
2691 555 2709 606 ;
2730 540 2914 611 itaque
2937 555 3212 598 aerumnas
3228 559 3290 599 os
3314 545 3436 602 illos

206 635 320 704 γὰρ
356 632 490 696 Θεὸς
519 633 579 686 τὸ
631 630 1088 702 σπουδαζόμενον,
1137 633 1250 685 ἐκεῖ
1297 630 1448 684 οὐδὲν
1501 629 1562 682 τὸ
1589 629 1756 684 νικῶν

207 719 300 771 τὸν
334 718 603 788 φιλόθεον.

279 894 347 946 λ’.
371 893 558 963 Βραχὺ
580 891 642 945 τὸ
673 889 899 963 ἑμμέσῳ
930 892 1024 945 καὶ
1054 892 1087 962 ἠ
1127 890 1349 961 μοιχικὴ
1395 888 1661 961 βασιλεία,
1699 887 1776 960 μὴ

212 982 540 1053 βουληθεῖσα
568 983 810 1036 συνιέναι
838 981 934 1036 τοῦ
962 982 1251 1050 ἀγαθῦναι,
1275 984 1336 1034 ὲκ
1359 985 1522 1052 μέσου
1543 982 1774 1051 γίνεται.

209 1075 283 1137 ὡς
315 1073 381 1127 ἂν
411 1073 636 1144 μάθοιεν
678 1075 774 1128 καί⁸
826 1073 1064 1145 βασιλεῖς
1114 1073 1188 1143 μὴ
1217 1073 1375 1127 θείων
1392 1073 1571 1143 νόμων
1607 1074 1778 1143 ὑπερ-

208 1161 508 1223 ἀλλεσθαι.·
518 1163 652 1232 μηδὲ
683 1163 1031 1235 παρανόμους
1061 1163 1136 1234 (It)
1164 1164 1435 1234 διωγμοὺς
1483 1163 1576 1216 καὶ
1606 1163 1778 1233 φυλα-

209 1255 312 1317 κάς
340 1254 674 1322 ὲξυφαίνειν,
708 1255 814 1309 κᾶν
842 1257 984 1326 μέγα
1012 1258 1078 1326 τῇ
1110 1257 1400 1326 πορφυρίδι
1441 1257 1779 1327 ὑπεραίρων-

207 1362 332 1399 ται·
364 1347 460 1399 καὶ
497 1347 526 1398 6
562 1347 750 1410 πιστὸς
801 1346 897 1399 τοῦ
943 1348 1147 1418 Κυρίου
1200 1346 1530 1417 νομοφύλαξ,
1574 1347 1636 1400 τδ
1677 1349 1775 1416 τῆς

206 1435 498 1505 ὁμολογίας
529 1435 782 1506 βραϐεῖον
834 1436 1264 1505 ἀναδησάμενος,
1320 1437 1520 1500 ἔξεισιν
1550 1436 1657 1490 ἀπὸ
1678 1437 1776 1507 τῆς

208 1526 464 1596 φυλακῆς
493 1526 571 1590 ὡς
598 1526 847 1596 νικητὴς,
875 1525 1045 1580 πολλὰ
1083 1528 1153 1580 τὰ
1185 1524 1438 1596 ἐγκώμια
1469 1525 1620 1596 παρὰ
1643 1525 1776 1578 πολ-

207 1616 316 1668 λῶν
339 1615 651 1685 δεχόμενος,
686 1615 1044 1685 ὑμνούμενος,
1075 1615 1529 1686 μακαριζόμενος,
1571 1633 1778 1686 μαρτυ-

209 1706 629 1776 ρολογούμενος,
681 1706 775 1759 καὶ
822 1707 952 1778 παρ’
992 1706 1170 1758 αὐτῶν
1200 1706 1308 1759 τῶν
1338 1707 1605 1777 πρότερον
1640 1721 1780 1758 σκω-

207 1799 454 1850 πτόντων
483 1813 543 1849 τε
595 1797 692 1850 καὶ
739 1797 1168 1868 κωμῳδούντων.
1199 1798 1407 1850 Ἵσασιν
1449 1797 1578 1867 γὰρ,
1613 1798 1777 1868 φησὶν

1875 626 1994 681 dies
2027 629 2313 698 transegit,
2344 631 2491 685 velut
2523 631 2569 685 si
2604 632 2658 686 in
2687 635 2861 689 sacris
2911 636 3096 705 templi
3133 637 3309 709 adytis
3348 656 3438 696 re-

1875 718 2185 786 quiei-isset.
2243 720 2344 786 Qui
2377 722 2518 776 enim
2549 723 2714 779 Deum
2749 741 2858 794 prae
2885 728 3061 782 oculis
3090 728 3285 794 habet,
3315 731 3438 800 ejus

1875 823 2004 880 erga
2038 810 2214 879 ipsum
2244 827 2485 868 antorem
2511 815 2643 870 nihil
2676 825 2854 886 potest
2877 834 3153 888 superare.

1947 901 2039 955 ὅθ.
2073 900 2229 956 Brevi
2257 906 2442 975 elapso
2476 917 2718 977 tempore
2749 911 3028 965 sublatum
3065 912 3131 967 de
3149 912 3328 968 medio
3355 922 3439 968 est

1877 992 2244 1049 adulterinum
2271 995 2404 1051 illud
2432 999 2717 1068 imperium
2750 1001 2884 1071 (i9),
2948 1004 3091 1071 quod
3145 1003 3318 1059 noluit
3354 1005 3440 1058 itt-

1877 1084 2118 1155 telligere
2155 1095 2213 1141 ut
2246 1087 2382 1143 bene
2408 1101 2626 1159 ageret;
2670 1101 2730 1146 ut
2785 1093 2949 1147 etiam
2992 1095 3092 1162 ipsi
3139 1111 3293 1166 reges
3349 1095 3436 1148 di-

1877 1187 2028 1232 scant
2067 1178 2282 1234 divinas
2316 1181 2456 1249 leges
2481 1198 2589 1237 non
2631 1185 2853 1248 violare,
2900 1201 3074 1256 neque
3097 1187 3293 1256 impias
3316 1202 3439 1257 per-

1879 1267 2190 1323 secutiones
2223 1279 2316 1324 aut
2344 1272 2687 1340 captivitates
2718 1275 2922 1338 moliri,
2964 1278 3314 1345 quantumvis
3369 1277 3439 1330 ob

1880 1373 2177 1427 purpuram
2207 1359 2566 1416 honorentur.
2607 1363 2793 1434 Itaque
2829 1366 3027 1420 divina:
3060 1368 3192 1438 legis
3249 1376 3440 1423 custos

1880 1446 2072 1514 ﬁdelis,
2106 1450 2473 1508 confessionis
2507 1457 2740 1525 egregiae
2787 1455 3099 1511 diademate
3129 1456 3438 1521 redimitus,

1881 1546 2136 1608 tanquam
2192 1541 2366 1596 victor
2409 1543 2580 1598 exivit
2610 1547 2676 1600 de
2700 1561 2951 1612 carcere;
2983 1549 3204 1602 tuultam
3237 1564 3267 1603 a
3299 1549 3441 1602 mul-

1882 1631 1949 1685 tis
1997 1630 2215 1684 laudem
2249 1632 2509 1697 referens,
2543 1636 2844 1707 beatusque
2876 1649 2932 1693 et
2955 1649 3162 1709 martyr
3224 1655 3436 1693 nuncu-

1881 1728 2056 1790 patus,
2087 1721 2250 1775 etiam
2280 1723 2350 1777 ab
2379 1723 2449 1778 iis
2481 1727 2572 1794 qui
2600 1726 2701 1795 ipsi
2733 1738 2892 1783 antea
2928 1730 3269 1785 insultabant
3317 1731 3440 1783 illu-

1881 1811 2208 1881 debantque.
2245 1811 2442 1868 Sciunt
2473 1816 2643 1882 enim,
2684 1819 2859 1887 inquit
2888 1818 3185 1886 Gregorius
3211 1819 3443 1874 Theolo-

205 1893 231 1943 6
252 1889 540 1958 Θεολόγος,
570 1889 874 1959 θαυμάζειν
908 1890 1103 1960 ἀνδρὸς
1128 1891 1332 1960 ἀρετὴν
1361 1890 1456 1944 καὶ
1500 1889 1774 1960 πολέμιοι,

1885 1919 2002 1972 gus,
2035 1902 2199 1957 etiam
2233 1904 2442 1960 inimici
2482 1886 3051 1964 admirarirvirtutern
3107 1911 3207 1964 viri
3253 1911 3440 1976 fortis,

205 1982 283 2035 ὅτ’
317 1983 385 2036 ἂν
407 1981 501 2034 τοῦ
535 1979 708 2047 θυμοῦ
738 1979 996 2048 λήξαντος
1048 1980 1132 2050 ἐφ’
1163 1981 1364 2050 ἑαυτῆς
1391 1981 1424 2050 η
1458 1980 1656 2050 πρᾶξις
1689 1977 1777 2030 δο-

204 2073 536 2144 κιμάζηται,
566 2074 615 2125 εί
643 2073 738 2125 καὶ
770 2073 1134 2140 έτερολέκτως
1162 2073 1278 2144 ἔχει
1303 2070 1483 2142 δεῦρο.
1513 2071 1625 2141 Τῆς
1667 2070 1777 2141 γάρ

204 2165 531 2235 φερωνύμου
562 2166 798 2237 Εἰρήνης
849 2165 1010 2218 πάλιν
1049 2163 1422 2235 κρατησάσης,
1455 2161 1553 2216 καὶ
1582 2162 1650 2215 δι’
1689 2165 1776 2215 al-

203 2253 326 2315 δοῦς
365 2253 706 2324 μαρτυρικοῦ
757 2253 1094 2324 ὲκϐαλούσης
1152 2269 1211 2305 τε
1266 2252 1362 2305 καὶ
1409 2250 1642 2322 ἐχούσης
1686 2250 1777 2303 τὸν

203 2344 397 2412 ἄνδρα,
431 2343 757 2415 παλιρροίας
789 2343 945 2413 δίκην
974 2345 1069 2397 καὶ
1097 2342 1257 2406 εἴτις
1293 2341 1488 2413 ἐχθρὸς
1510 2345 1592 2406 είς
1623 2341 1778 2411 φίλον

204 2436 297 2487 καὶ
328 2435 626 2506 ἐπαινέτην
656 2432 1038 2505 μετελήλυθεν,
1063 2433 1140 2497 ὡς
1170 2433 1262 2487 καὶ
1310 2432 1472 2486 αὐτὸν
1497 2433 1588 2487 τὸν
1618 2450 1781 2504 φρου-

207 2527 306 2594 ρέα
345 2526 650 2580 άντιδολεῖν
677 2529 776 2598 τὴν
818 2527 1167 2599 συγχώρησιν
1200 2528 1339 2582 κατά
1376 2531 1480 2599 γῆς
1507 2528 1777 2600 ἐρριμμέ-

204 2637 293 2673 νον
318 2636 334 2649 ·
366 2620 573 2675 ἔπαθεν
610 2621 667 2675 δὲ
712 2619 884 2685 πάθος
929 2621 1132 2691 μᾶλλον
1173 2619 1203 2672 6
1231 2619 1557 2688 ἀναίσθητος
1606 2619 1774 2685 λίθος,

207 2715 316 2782 ῆτι
341 2712 529 2768 καινὸν
555 2713 760 2778 ἐκεῖνος
786 2715 845 2768 ὲν
880 2715 994 2778 τοῖς
1012 2713 1312 2785 ὁρωμένοις
1341 2729 1400 2766 τε
1422 2714 1516 2768 καὶ
1546 2711 1776 2782 λεγομέο

206 2823 341 2871 νοις.

271 2990 379 3045 λα’.
420 2991 642 3064 Ἐπειδὴ
673 2991 731 3046 δὲ
762 2993 1111 3064 ἐπανήκομεν
1139 2993 1204 3047 ὲκ
1231 2993 1654 3066 τῆςὺπερορίας
1682 2996 1776 3048 καὶ

206 3085 392 3154 ἡμεῖς,
413 3084 564 3140 ἄλλοι
596 3103 656 3140 τε
699 3087 1017 3157 ἀλλαχόθεν,
1037 3087 1290 3158 καθάπερ
1315 3086 1458 3150 τινὲς
1474 3087 1776 3158 ὑπόπτεροι

209 3176 624 3247 συντρέχοντες,
659 3178 1000 3248 ἐθαυμάζετο
1044 3181 1143 3250 μὲν
1183 3181 1244 3232 τδ
1273 3181 1457 3250 δρᾶμα
1485 3180 1635 3249 παρὰ
1662 3183 1774 3241 τοῖς
1805 3217 1844 3272 C

209 3266 486 3331 εὐσεϐέσι,
520 3269 825 3340 συνήπτετο
851 3269 908 3322 δὲ
937 3273 1004 3341 τῇ
1037 3272 1248 3343 κεφαλῇ
1277 3271 1344 3325 τὰ
1379 3271 1537 3342 μέλη,
1578 3271 1776 3340 ὲφθέγ·

210 3373 334 3422 γετο
385 3359 442 3410 δὲ
489 3359 627 3428 τάχα
665 3359 965 3421 κάνταῦθα.
996 3363 1046 3414 εί
1085 3362 1180 3415 καὶ
1221 3361 1510 3433 τολμηρὸν,
1540 3363 1568 3414 6
1605 3378 1776 3432 μεγα·

209 3447 585 3516 λοφωνότατος
624 3450 873 3513 Ἡσαΐας·
910 3446 1097 3519 *Αρον
1147 3453 1354 3518 κύκλῳ
1394 3452 1535 3517 τοὺς
1559 3453 1777 3520 ὀφθαλ-

204 3540 358 3605 μούς
399 3554 539 3603 σου,
575 3539 674 3593 καί
739 3541 831 3594 ἴδε
877 3541 1230 3611 συνηγμένα
1285 3543 1356 3597 τὰ
1406 3543 1588 3597 τέκνα
1638 3557 1775 3607 σου,

208 3630 475 3698 ἣκουσιν
508 3630 731 3698 πάντες
774 3634 829 3686 οἱ
859 3635 978 3686 υἱοί
1006 3647 1122 3686 σου
1148 3635 1472 3702 μακρόθεν·
1509 3635 1629 3685 τότε
1660 3633 1777 3701 ὄψει

207 3724 298 3776 καὶ
352 3725 593 3794 χαρήσῃ,
628 3725 720 3776 καὶ
759 3723 1078 3796 φοϐηθήσῃ,
1114 3727 1209 3777 καλ⁵
1265 3726 1504 3795 ἐκστήσῃ
1546 3728 1612 3795 τῇ
1644 3741 1779 3793 καρο

207 3815 312 3888 δίᾳ.
363 3814 422 3868 ⁸0
467 3817 566 3886 μὲν
595 3816 658 3888 δὴ
693 3815 903 3870 ταῦτα·
947 3816 1058 3884 ἐγὼ
1102 3815 1158 3869 δὲ
1207 3818 1383 3870 έκεῖνο
1425 3818 1661 3886 είποιμι,
1696 3817 1778 3870 ὅτι

209 3910 300 3961 καὶ
345 3908 376 3960 6
409 3909 671 3978 ίεράρχης
721 3909 920 3980 ᾐδέσθη
951 3910 1042 3962 τὸν
1071 3909 1260 3975 ἄνδρα,
1299 3909 1594 3978 ἀπολογίαν
1619 3926 1777 3978 ποιη-

210 3999 446 4071 σάμενος
478 4039 494 4061 ,
560 4001 656 4053 καὶ
702 4000 838 4072 πρὸς
893 4001 1088 4055 ἕνωσιν
1120 4002 1559 4072 ὲκκαλεσάμενος
1583 4019 1597 4034 ·
1625 4004 1659 4072 ἦ
1685 4003 1780 4055 καὶ

209 4091 452 4158 γέγονεν.
483 4088 681 4161 ἐκσολῇ
704 4091 801 4144 τοῦ
836 4091 1279 4162 στεφανώσαντος
1333 4093 1427 4146 καὶ
1473 4095 1646 4163 φειδοῖ
1679 4095 1780 4164 τῆς

211 4183 550 4246 διαστάσεως
573 4199 588 4212 ·
615 4185 680 4254 ἢν
711 4184 794 4236 ὅτι
819 4185 1056 4254 μάλιστα
1085 4186 1307 4256 φεύγων
1342 4181 1410 4259 ἦν
1435 4189 1464 4240 6
1486 4187 1776 4258 μακάριος,

212 4275 313 4328 κᾶν
348 4275 511 4344 νίκης
541 4273 775 4327 ἔπαθλον
807 4275 944 4346 πρὸς
982 4276 1224 4342 ἅπαντας
1262 4279 1390 4342 τοὺς
1424 4278 1780 4341 συνελθόντας

209 4365 570 4436 ἀπηνέγκατο
595 4381 610 4396 ·
651 4364 704 4417 τί
734 4364 844 4436 γὰρ
881 4365 1199 4435 φιλαίτατον
1227 4365 1356 4420 ἄλλο
1376 4365 1497 4437 Θεῷ
1526 4367 1780 4437 ὁμονοίας

209 4457 300 4509 καὶ
327 4455 604 4521 ἑνώσεως,
636 4456 804 4527 ἡνίκα
838 4457 872 4527 ἡ
905 4457 1102 4521 ἕνωσις
1139 4457 1215 4529 μὴ
1276 4457 1496 4528 ἐντολῆς
1541 4458 1676 4512 Θεοῦ
1704 4458 1781 4513 δι-

211 4546 418 4618 ίστησιν
437 4563 456 4613 ;

790 4660 1043 4716 usam.
1096 4663 1188 4729 ς’.

1877 1994 2098 2063 quando
2129 1995 2319 2050 sedato
2351 1995 2537 2053 furore
2568 2015 2657 2055 res
2707 2001 2762 2054 in
2825 2000 3022 2070 seipsis
3077 2002 3438 2066 aestimantur,

1878 2083 1977 2138 etsi
2007 2092 2239 2140 eatenus
2259 2085 2416 2140 aliter
2445 2087 2550 2142 sint
2586 2088 2773 2144 locuti.
2829 2088 2967 2144 Cum
3015 2091 3158 2143 enim
3217 2091 3440 2161 pacitica

1877 2173 2032 2230 lrene
2065 2176 2245 2231 denuo
2273 2181 2508 2248 coepisse
2562 2180 2856 2250 imperaret
2901 2192 2954 2236 et
2982 2183 3239 2236 extollere
3278 2191 3442 2252 atque

1877 2268 2101 2322 charum
2121 2269 2322 2326 habere
2349 2273 2526 2325 virum
2560 2283 2779 2342 propter
2809 2275 3170 2328 reverentiam
3235 2284 3437 2345 marty-

1878 2357 1973 2412 rici
2003 2359 2254 2425 decoris;
2299 2375 2563 2416 conversa
2599 2371 2726 2417 sunt
2763 2363 2970 2426 omnia,
3012 2377 3070 2418 ut
3092 2364 3230 2418 solet
3255 2365 3307 2418 in
3343 2364 3441 2418 ﬂu-

1879 2448 2082 2502 minum
2138 2464 2366 2504 recursu
2403 2450 2554 2518 lieri;
2603 2460 2658 2505 et
2703 2451 2750 2506 si
2810 2454 2935 2521 quis
2973 2452 3229 2507 inimicus
3282 2464 3441 2508 antea

1877 2538 2074 2604 fuerat,
2104 2539 2157 2594 in
2193 2540 2430 2596 amicum
2463 2550 2518 2595 et
2542 2542 2877 2596 laudatorem
2915 2543 3225 2596 nnuabatur
3258 2560 3270 2596 :
3303 2544 3442 2597 adeo

1878 2638 1938 2684 ut
1964 2631 2080 2699 ipse
2107 2629 2270 2684 etiam
2303 2641 2491 2686 custos
2523 2632 2762 2685 carceris
2794 2630 2940 2684 humi
2977 2640 3179 2686 stratus
3224 2633 3439 2686 veniam

1879 2727 2130 2788 posceret
2163 2733 2178 2771 :
2220 2716 2314 2772 sed
2352 2718 2488 2785 lapis
2518 2718 2855 2773 insensibilis
2897 2720 3147 2774 humana:
3176 2721 3442 2789 fragilita-

1879 2812 1948 2865 tis
1982 2824 2179 2878 passus
2204 2807 2396 2863 fuisset
2425 2807 2590 2864 citius
2626 2825 2790 2878 quam
2825 2811 2939 2878 ipse
2971 2824 3168 2864 novum
3206 2812 3440 2881 aliquem

1878 2910 2086 2955 ntotunt
2141 2901 2195 2954 in
2231 2900 2298 2954 iis
2329 2915 2452 2970 qua:
2479 2899 2679 2953 ﬁebant
2700 2900 3150 2970 dicebanturque.

1945 2990 2344 3060 5l.Postquam
2375 3004 2501 3044 vero
2529 2991 2691 3044 etiam
2723 3005 2822 3045 nos
2853 2992 3173 3045 revertitnus
3197 2991 3266 3045 ab
3295 2991 3443 3046 etsi.

1877 3085 1970 3149 lio,
2002 3085 2092 3138 alii
2119 3084 2340 3137 aliunde
2370 3091 2763 3137 concurrentes
2815 3091 3074 3151 tauquam
3141 3081 3274 3150 pulli
3341 3083 3443 3136 sub

1878 3181 2012 3244 alas,
2064 3177 2437 3246 Spectaculum
2473 3175 2809 3245 praebuimus
2863 3175 3082 3244 pietatis
3140 3175 3443 3229 cultoribus

1879 3271 2278 3325 admirandum.
2302 3267 2789 3338 Conjungebantur
2816 3268 2981 3336 capiti
3051 3281 3154 3321 suo
3201 3267 3442 3326 membra

1878 3363 2316 3428 audiebaturque
2364 3361 2493 3414 illud
2520 3359 3066 3424 exclamantislsaiaz,
3102 3361 3359 3415 audacter
3389 3363 3442 3416 in

1879 3469 1937 3506 re
1973 3451 2226 3522 praesenti
2270 3448 2737 3519 pronuntiandum
2769 3465 2781 3500 :
2813 3446 2949 3502 Lera
2983 3450 3035 3502 in
3075 3450 3294 3502 circuito
3329 3466 3446 3503 ocn-

1877 3545 1954 3598 los
2018 3555 2132 3596 tuos
2177 3551 2226 3596 et
2253 3541 2408 3602 ride;
2453 3555 2627 3594 omnes
2671 3539 2762 3592 isti
2814 3541 3113 3610 congregati
3160 3550 3316 3605 sunt;
3356 3557 3445 3595 ve-

1879 3644 2061 3689 nerunt
2092 3635 2185 3687 tibi
2239 3633 2411 3687 sancti
2443 3633 2519 3684 tui
2568 3631 2632 3685 de
2666 3630 2819 3700 longe
2854 3633 2893 3662 “
2922 3650 2936 3686 :
2976 3641 3108 3686 tunc
3149 3631 3359 3688 videbis
3392 3643 3446 3689 et

1879 3726 2156 3796 gaudebis,
2228 3725 2583 3793 obstupesces
2615 3731 2670 3776 et
2719 3723 2982 3792 linqueris
3004 3724 3209 3777 animo.
3246 3723 3310 3778 Et
3332 3728 3450 3781 haec

1878 3818 2096 3887 quidem
2129 3815 2216 3870 ille
2251 3834 2263 3870 :
2299 3831 2400 3884 ego
2433 3827 2562 3868 vero
2591 3814 2754 3868 etiam
2805 3813 2909 3867 hoc
2959 3813 3242 3877 addidero,
3297 3815 3444 3884 quod

1879 3907 2186 3979 patriarcha
2220 3905 2331 3978 (20)
2382 3906 2562 3959 virum
2602 3904 2867 3959 reveritus
2902 3904 2950 3958 ei
2980 3919 3037 3959 se
3080 3905 3444 3972 excusaverit,

1880 4001 2054 4069 ipsum
2088 3999 2152 4051 ad
2196 3998 2449 4051 unionem
2480 3997 2758 4062 inritans;
2813 4011 2937 4066 qua;
3002 4004 3055 4051 et
3087 4007 3272 4052 secuta
3339 4009 3444 4062 est,

1878 4093 2052 4162 ejecta
2081 4091 2150 4145 ab
2173 4090 2414 4145 Ecclesia
2434 4091 2526 4158 qui
2557 4091 2824 4143 mmcham
2861 4099 3232 4155 coronaverat,
3271 4089 3334 4143 ad
3360 4090 3445 4144 fu-

1881 4182 2134 4254 giendam
2159 4182 2515 4243 discordiam,
2545 4195 2574 4234 a
2616 4196 2723 4250 qua
2751 4180 3121 4235 alienissimus
3169 4191 3288 4236 erat
3323 4196 3449 4236 san-

1880 4283 2019 4340 ctus,
2051 4273 2302 4344 quamvis
2330 4271 2577 4326 victoriae
2604 4271 2817 4325 laudem
2833 4286 3016 4326 coram
3043 4279 3157 4326 toto
3183 4287 3446 4328 consessu

1880 4375 2182 4437 reportaret
2215 4384 2227 4419 :
2256 4363 2388 4418 nihil
2418 4364 2561 4418 enim
2596 4371 2703 4416 tam
2728 4364 2953 4417 charum
2990 4362 3099 4418 Deo
3146 4373 3232 4419 est
3281 4379 3445 4434 quam

1883 4458 2176 4517 concordia
2210 4465 2265 4511 et
2302 4456 2453 4523 unio,
2498 4455 2659 4510 modo
2693 4455 2786 4509 illa
2814 4455 2948 4509 unio
2978 4455 3222 4510 divinam
3271 4455 3443 4527 legem

1807 4546 1863 4605 D
1891 4565 1995 4604 non
2027 4547 2308 4603 dissolvat.

2514 4656 2664 4713 CAP.
2718 4619 2809 4713 vt.

451 4773 513 4830 S.
570 4774 820 4830 Platonis
879 4776 1104 4831 reclusio
1164 4776 1631 4850 Constantinopoli
1663 4793 1682 4832 :
1738 4778 2026 4850 Nicephori
2059 4776 2392 4848 imperatoris
2432 4784 2616 4829 contra
2649 4777 2884 4831 eumdem
2911 4779 3193 4847 asperitas.

271 4869 373 4940 13'.
417 4867 584 4922 Ἀλλὰ
605 4869 658 4922 τί
687 4868 758 4923 τὰ
790 4870 929 4940 μετὰ
949 4871 1158 4939 ταῦτα;
1202 4873 1266 4926 'H
1295 4857 1518 4928 ἀπὸτοῦ
1557 4873 1778 4946 πρώτου

208 4961 629 5033 φροντιστηρίου
655 4961 958 5032 μετάϐασις
993 4964 1156 5034 ἡμῶν
1195 4965 1286 5021 διά
1323 4966 1385 5019 τὸ
1419 4966 1572 5031 έθνος
1603 4967 1666 5038 (i)
1700 4968 1780 5031 είς

273 5058 314 5089 ⁸³
348 5057 458 5112 lsa.
501 5069 650 5120 χιιι,
684 5053 770 5109 i8.

1957 4877 2048 4931 52.
2081 4874 2220 4941 Quid
2260 4881 2440 4927 autem
2478 4880 2598 4940 post
2621 4871 2770 4927 ista?
2825 4872 3054 4943 Propter
3088 4873 3264 4942 gentis
3319 4874 3443 4930 bar-

1887 4968 2034 5022 barae
2068 4964 2440 5021 incursionem
2469 4961 2580 5035 (2|)
2610 4979 2676 5018 ex
2729 4965 2896 5035 priori
2961 4967 3292 5022 monasterio
3336 4966 3444 5021 mi-

1721 5142 1953 5200 NOTAE.

271 5240 697 5314 (h)_Perpera_m_
723 5240 913 5314 in‘ms.
971 5241 1378 5314 παρανομίαις·
1434 5239 1572 5296 forte
1597 5238 1776 5312 legent

1885 5262 1888 5291 ι
1925 5243 2044 5294 erat
2068 5238 2197 5308 παρ’
2219 5238 2448 5312 ἀνομίας
2476 5249 2689 5312 propter
2715 5241 3029 5308 iniustitias,
3057 5243 3263 5300 scilicet
3293 5259 3444 5301 exse.

207 5308 449 5381 quendas
477 5308 573 5364 aut
601 5308 987 5381 defendendas.

215 5379 334 5465 ξυμ)
376 5379 672 5465 Suspicor?
699 5380 892 5465 deesse
935 5382 1181 5465 aliquid:
1221 5381 1453 5451 ideoque
1471 5379 1644 5465 ‘vertio,
1685 5391 1898 5465 propter
1921 5380 2366 5465 gentis'barbara:
2392 5382 2800 5465 .incn_rsionem._
2839 5381 3067 5465 Sui‘rletus
3112 5383 3276 5438 vertit
3300 5385 3442 5456 genti

210 5449 348 5505 sua.
375 5466 540 5504 causa
577 5466 597 5504 :
626 5450 718 5504 sed
759 5450 863 5507 hoc
888 5449 1046 5522 aeque
1079 5449 1377 5508 obscurum
1407 5459 1509 5512 est,
1539 5453 1668 5519 quia
1700 5451 1834 5505 nihil
1879 5452 2134 5520 praecedit
2153 5451 2220 5505 ad
2262 5452 2406 5521 quod
2458 5453 2724 5509 referatur
2752 5453 2812 5507 τὸ
2857 5453 3020 5507 illius.

273 5541 386 5611 (19)
431 5541 594 5596 Anno
632 5541 736 5597 797
769 5545 1193 5614 comprehensus
1256 5553 1341 5600 est
1375 5544 1774 5600 Constantinus

210 5621 260 5665 et
278 5622 590 5684 excaecatus
615 5651 629 5674 ,
654 5623 714 5684 et
741 5616 902 5682 paulo
933 5623 1054 5684 post
1083 5614 1408 5669 exstinctus.

277 5680 390 5750 (20)
423 5681 473 5754 l‘s
507 5691 627 5735 erat
653 5679 948 5747 Taiasius,
968 5684 1063 5754 qui
1086 5687 1262 5754 primo
1309 5685 1524 5739 fortiter
1558 5684 1774 5741 restite-

213 5759 329 5821 rat;
355 5751 453 5805 sed
484 5761 695 5821 postea,
723 5762 972 5809 metuens
987 5751 1066 5808 ne
1087 5751 1514 5818 Constantinus.
1547 5755 1775 5809 libidine

216 5819 429 5888 ardens,
462 5819 779 5891 religionem
810 5823 1169 5880 orthodoxam
1198 5833 1487 5891 everteret,
1520 5825 1776 5881 dissimu-

1882 5542 2072 5607 labat;

1882 5626 2000 5681 cap.
2041 5615 2070 5667 7

2152 5543 2348 5625 allicetn
2381 5553 2561 5600 tamen
2597 5556 2851 5602 renuerat
2882 5559 3171 5602 coronare.
3202 5544 3442 5602 Consule

1955 5628 2000 5681 p.
2041 5623 2069 5667 7
2109 5623 2237 5666 Vita!
2267 5623 2406 5682 ejus.

1955 5681 2070 5753 (ει)
2099 5683 2179 5737 0h
2207 5682 2602 5739 Saracenorum
2641 5687 3029 5753 incursionem,
3074 5686 3140 5739 ad
3169 5695 3442 5740 monasteo

1882 5751 2022 5805 rium
2054 5752 2228 5806 Studii
2260 5754 2462 5808 dictum
2497 5757 2636 5810 intra
2671 5759 2859 5810 urbem
2885 5751 3218 5812 transierunt
3247 5774 3261 5812 :
3297 5757 3440 5812 sicut

1883 5822 1988 5877 late
2031 5823 2082 5877 in
2119 5822 2237 5876 Vita
2270 5823 2326 5877 S.
2371 5823 2644 5881 Theodori
2678 5828 2998 5896 explicatur.
