3926 6476
497 406 600 471 835
1658 412 1717 470 S.
1759 409 2138 471 THEODORI
2196 413 2536 474 STUDIT/E
3601 415 3706 479 836

501 518 774 590 gravimus
810 519 1154 590 Byzantium,
1209 520 1298 576 ubi
1369 521 1524 576 Pater
1568 531 1768 586 noster,
1826 525 2042 578 virtutis

2161 525 2201 575 τὸ
2240 526 2556 589 Βυζάντιον,
2593 525 2722 578 ἔνθα
2765 525 2862 596 τὴν
2911 526 3286 596 ἐγκλειστικὴν
3323 527 3500 598 ζωὴν,
3537 527 3624 582 διὰ
3644 530 3705 581 τὸ

501 611 940 676 amantissimus,
1018 626 1088 666 ne
1147 621 1434 681 cogeretur
1486 626 1761 666 resumere
1814 613 2050 666 habenas

2161 618 2250 679 τὰς
2276 619 2433 686 ἡνίας
2461 618 2535 687 μὴ
2573 618 2793 687 ὑπέχειν
2820 617 2921 688 τῆς
2954 618 3312 688 προστασίας,
3350 620 3379 670 6
3414 619 3706 688 φιλάρετος

500 701 780 770 regiminis
797 742 814 768 ,
838 703 998 756 vitam
1016 703 1280 757 reclusam
1299 703 1476 772 elegit.
1491 702 1595 757 Sed
1621 703 1743 757 vide
1773 703 2052 756 humilita-

2161 704 2309 774 ἡμῶν
2345 705 2533 774 Πατὴρ
2559 706 2882 770 ἀσπάζεται.
2932 706 3073 759 Ἀλλ’
3105 708 3208 776 ὅρα
3245 706 3475 760 κάνθάδε
3523 725 3703 775 παρα-

501 792 570 844 tis
608 807 836 846 summie
873 793 1194 847 admirabile
1241 796 1519 848 inventum
1553 811 1568 847 :
1621 803 1679 848 ut
1719 794 1820 848 sub
1853 794 2052 863 duplici

2161 793 2300 857 δόξου
2349 796 2677 865 πράγματος
2718 798 3054 866 ἐπιτήδευμα
3084 813 3098 828 ⁶
3127 799 3207 850 ὃτι
3250 798 3337 851 διὰ
3373 797 3580 865 πλῆθος
3611 816 3709 851 τα-

2151 879 2480 945 πεινώσεως,
2512 884 2602 936 καί⁵
2634 883 2695 937 τὸ
2723 883 2797 953 μὴ
2837 887 2916 947 είς
2970 883 3063 937 δύο
3114 884 3286 954 άρχάς
3317 885 3706 938 διαϐλέπεσθαι

2149 973 2246 1043 τὴν
2273 973 2626 1044 ἀδελφότητα,
2657 975 2733 1046 τῷ
2758 974 2908 1044 ζυγῷ
2932 974 3030 1044 τῆς
3053 975 3327 1044 ὑποταγῆς
3348 976 3539 1027 ἑαυτὸν
3573 977 3708 1028 67:0-

2150 1063 2360 1132 τίθησιν
2392 1066 2420 1117 6
2446 1064 2774 1134 θεομίμητος
2799 1081 2813 1096 ⁸
2851 1065 3122 1118 καὶτοῦτο
3156 1065 3260 1116 ὑπὸ
3295 1066 3553 1135 μάρτυσι,
3592 1069 3709 1128 τοῖς

2152 1155 2232 1217 είς
2270 1155 2400 1208 αὑτὸ
2443 1155 2600 1209 τοῦτο
2663 1157 3091 1227 συνεληλυθόσιν.
3121 1153 3245 1226 Ἆρ’
3293 1157 3385 1210 οὖν
3444 1157 3504 1208 οὑ
3554 1159 3708 1223 ξένον

2151 1246 2335 1299 τέκνον
2362 1248 2693 1316 χρηματίσαι
2726 1248 2813 1301 τὸν
2843 1250 2969 1318 πρὶν
2988 1247 3197 1318 πατέρα
3221 1248 3313 1300 τοῦ
3335 1242 3502 1317 οὗπερ
3540 1265 3708 1302 πνευ-

2155 1339 2395 1405 ματικῶς
2421 1339 2667 1408 ἧνεγκεν,
2725 1340 2817 1390 καὶ
2849 1339 3208 1390 ὑποτακτικὸν
3242 1340 3301 1391 τὸ
3345 1339 3576 1408 ἀρχικὸν
3609 1341 3706 1392 τοῦ

2151 1421 2320 1497 οὗπερ
2346 1424 2546 1499 ἧρξενξ
2585 1429 2658 1498 μὴ
2685 1430 2765 1482 ὅτι
2792 1446 2854 1497 γε
2912 1429 3048 1498 μετὰ
3102 1429 3369 1481 τοσούτων
3413 1430 3707 1498 προδιηνυ-

2156 1521 2370 1588 σμένων
2406 1521 2600 1584 ἄθλων,
2621 1515 2700 1583 οἷς
2729 1521 2788 1572 τὸ
2817 1519 3125 1590 μετριάζειν
3171 1521 3328 1589 μόνον
3357 1521 3589 1590 ἀρκετὸν
3629 1526 3706 1585 εἰς

2153 1611 2388 1665 ἔπαινον.
2406 1612 2562 1664 Ἀλλὰ
2579 1612 2652 1681 τῷ
2668 1629 2729 1679 γε
2746 1613 3056 1681 ἀξιαγάστῳ
3068 1612 3306 1674 εὐπετῶς
3324 1611 3706 1679 κατώρθωται,

2154 1703 2253 1756 οὐκ
2282 1703 2627 1765 ἐπιπλάστως
2655 1720 2769 1767 πως
2841 1705 2933 1757 καὶ
2977 1704 3394 1773 νενοθευμένως,
3429 1704 3502 1764 ὡς
3537 1704 3710 1775 ὖνομα

2158 1794 2314 1864 μόνον
2358 1797 2703 1865 παραχωρεῖν
2755 1794 3042 1864 κρατοῦντι
3093 1794 3393 1863 πράγματι,
3441 1793 3578 1846 ἀλλὰ
3613 1796 3710 1849 καὶ

2153 1887 2270 1939 λίαν
2300 1885 2605 1956 εἰλικρινῶς
2630 1886 2722 1937 καὶ
2748 1884 3048 1955 θεοφρόνως
3069 1901 3083 1915 '
3115 1879 3172 1938 οὗ
3204 1883 3311 1954 γὰρ
3332 1885 3706 1952 ἐξαγόρευσις,

2153 1977 2270 2028 ἐκεῖ
2322 1977 2413 2028 καὶ
2457 1975 2799 2044 πεποίθησις,
2833 1975 2924 2026 καὶ
2971 1969 3030 2027 οὗ
3062 1974 3401 2038 πεποίθησις,
3449 1975 3569 2026 ἐκεῖ
3616 1979 3711 2029 καὶ

2154 2064 2297 2134 κοπὴ
2326 2064 2647 2134 θελήματος,
2682 2066 2774 2116 καὶ
2800 2057 2859 2116 οὗ
2888 2065 3030 2133 κοπὴ
3077 2063 3398 2133 θελήματος,
3427 2066 3545 2116 ἐκεῖ
3577 2067 3711 2118 ὐπο-

2153 2156 2325 2224 ταγῆς
2358 2155 2651 2218 τελείωσις.
2680 2156 2966 2225 Μάρτυρες
2998 2155 3056 2208 δὲ
3102 2155 3209 2206 τῶν
3244 2153 3706 2224 κατορθώματων,

2155 2240 2230 2301 ὧν
2280 2247 2374 2299 καὶ
2418 2247 2484 2299 τὰ
2523 2248 2795 2317 αίτὴματα
2821 2262 2836 2276 ο
2874 2246 3140 2314 ἠντιϐόλει
3189 2245 3326 2316 ὑπὲρ
3371 2246 3465 2297 τοῦ
3513 2247 3709 2310 πέλας,

2159 2338 2253 2389 καὶ
2277 2337 2543 2407 ἐπιτυχὼν
2571 2337 2662 2390 τοῦ
2696 2336 3020 2405 αίτήματος,
3057 2333 3272 2405 ἔχαιρεν
3301 2335 3421 2386 ἀντὶ
3456 2333 3552 2386 τοῦ
3583 2336 3712 2388 ἀπο-

2159 2431 2433 2494 λαύοντος,
2461 2430 2686 2494 ἐξαιτῶν
2711 2429 2810 2481 οὐκ
2828 2427 3208 2497 ἐπετύγχανεν,
3235 2428 3327 2481 καὶ
3348 2429 3710 2496 άπρακτήσας

2159 2523 2261 2574 οὐκ
2286 2521 2688 2590 ἐδυσχέραινενο
2721 2519 2853 2589 πρὸς
2881 2519 2938 2571 ἓν
2967 2520 3124 2588 μόνον
3170 2518 3489 2572 ἀποϐλέπων
3522 2519 3586 2571 τὸ
3619 2519 3711 2576 τοῦ

2162 2613 2460 2682 κάμνοντος
2479 2611 2774 2680 ὠφέλιμον,
2807 2611 2905 2679 οὐχ
2932 2610 3078 2674 ὅπως
3117 2610 3440 2664 ἐκτελέσειεν
3475 2609 3534 2663 τὸ
3589 2612 3717 2663 ἐαυ-

2160 2703 2252 2756 τοῦ
2282 2702 2509 2772 θέλημα.
2569 2702 2765 2771 Οἶμοι,
2835 2705 3027 2773 πάτερ,
3059 2705 3365 2774 προφητικῇ
3406 2707 3558 2773 φωνῇ
3587 2745 3605 2770 ,
3635 2704 3716 2768 ὡς

2161 2798 2296 2850 τίνα
2341 2813 2416 2864 με
2473 2795 2693 2862 ἔτεκες,
2727 2796 2931 2866 πατέρα
2953 2796 3135 2849 καλεῖν
3175 2795 3250 2864 μὴ
3287 2797 3712 2864 αἰσχυνόμενος,

501 882 729 949 imperio
761 896 870 936 non
904 893 1148 938 maneret
1195 882 1507 939 fraternitas
1538 884 1673 954 (22),
1733 885 2053 939 obedientize

494 971 626 1040 jugo
652 973 881 1042 subjecit
914 988 1033 1028 sese
1066 975 1236 1028 divini
1293 975 1534 1028 imitator
1575 976 1828 1044 exempli,
1892 975 2052 1044 idque

500 1076 683 1114 coram
715 1060 942 1116 testibus
989 1061 1053 1115 ad
1088 1063 1189 1116 hoc
1241 1065 1599 1132 congregatis.
1656 1061 1905 1132 Nunquid
1952 1062 2053 1115 mi-

501 1153 670 1205 rabile
700 1161 784 1207 est
813 1153 983 1206 filium
1018 1153 1124 1207 dici
1154 1169 1299 1218 eum,
1328 1155 1419 1222 qui
1460 1163 1609 1222 pater
1659 1164 1816 1207 antea
1881 1152 2053 1208 fuerat

502 1243 844 1312 appellatus;
878 1251 932 1297 et
962 1245 1178 1313 quidem
1239 1247 1355 1314 ejus
1391 1245 1580 1308 filium,
1638 1260 1797 1314 quem
1837 1245 1950 1313 ipse
1998 1244 2050 1298 in

503 1336 696 1404 spiritu
726 1337 1011 1404 genuerit?
1048 1337 1095 1390 ei
1131 1346 1309 1390 autem
1345 1337 1563 1405 subjici,
1599 1337 1692 1391 cui
1753 1345 1914 1390 antea
1949 1335 2052 1389 im-

500 1426 758 1494 perarat?
791 1426 953 1493 idque
1003 1436 1124 1496 post
1146 1437 1292 1481 tanta
1324 1428 1619 1481 certamina
1669 1427 1960 1492 cxantlata,
1999 1428 2051 1480 in

501 1517 696 1586 quibus
731 1518 813 1573 vel
865 1517 1039 1573 solum
1072 1519 1314 1573 modeste
1343 1533 1401 1573 se
1428 1533 1616 1589 gerere
1658 1517 1900 1571 subicere
1961 1517 2054 1572 de-

504 1612 667 1666 bebat
697 1612 762 1666 ad
791 1611 1047 1666 laudem?
1082 1612 1226 1666 Fecit
1280 1613 1384 1666 hoc
1417 1612 1499 1666 vir
1553 1612 1640 1666 ille
1695 1610 2050 1672 admirabilis,

503 1713 613 1755 non
651 1701 904 1756 simulate
934 1712 1028 1756 aut
1060 1703 1220 1756 modo
1247 1702 1482 1771 quodam
1515 1701 1838 1762 adulterino,
1874 1701 2049 1754 solum

503 1808 698 1847 nomen
731 1792 1044 1861 relinquens
1093 1792 1335 1860 praalato,
1406 1790 1501 1846 sed
1554 1789 1778 1844 omnino
1845 1789 2052 1855 integre

505 1885 816 1953 divineque.
855 1884 955 1938 Ubi
986 1883 1128 1937 enim
1164 1882 1437 1937 confessio
1460 1891 1564 1945 est,
1597 1881 1708 1934 illic
1765 1886 1818 1932 et
1884 1878 2053 1932 conli-

504 1974 687 2030 dentia
720 1981 802 2028 est
830 1991 846 2040 ;
878 1983 934 2026 et
967 1974 1060 2027 ubi
1099 1972 1445 2036 conﬁdentia,
1475 1972 1586 2026 illic
1613 1971 1903 2024 voluntatis
1957 1968 2053 2022 ab-

504 2064 738 2127 scissio;
764 2069 818 2118 et
843 2061 931 2116 ubi
961 2060 1254 2117 voluntatis
1284 2060 1566 2127 abscissio,
1602 2060 1674 2114 ibi
1698 2068 1778 2114 est
1803 2053 2056 2128 perfectio

505 2154 850 2209 obedientize.
885 2153 1083 2207 Harum
1121 2151 1340 2206 laudum
1373 2161 1539 2207 testes
1605 2160 1753 2215 sunt,
1817 2163 2052 2218 quorum

507 2260 677 2300 causa
708 2243 911 2314 aliquid
943 2244 1258 2314 postulavit.
1298 2242 1354 2297 Si
1383 2244 1524 2297 enim
1584 2258 1682 2310 pro
1737 2243 1920 2311 aliquo
1955 2243 2056 2297 sibi

507 2337 814 2408 propinquo
848 2337 1057 2402 orabat,
1091 2347 1144 2390 et
1175 2337 1448 2406 postulata
1479 2335 1820 2404 impetraret,
1852 2333 2056 2403 gaude-

507 2426 601 2483 bat
628 2442 686 2482 σε
711 2441 773 2481 ea
803 2426 1104 2481 obtinuisse
1129 2445 1143 2482 :
1201 2429 1248 2482 si
1281 2441 1478 2495 rogans
1508 2441 1615 2480 non
1642 2436 2060 2491 consequeretur

514 2520 706 2590 petita,
743 2533 850 2571 non
877 2532 1016 2587 argre
1050 2518 1252 2572 ferebat
1285 2517 1545 2587 petitione
1575 2533 1672 2571 sua
1718 2531 1776 2571 se
1825 2516 2059 2572 frustra-

510 2618 626 2664 tum
657 2626 673 2673 ;
709 2607 843 2662 nihil
873 2607 1020 2662 aliud
1058 2619 1306 2676 spectans
1347 2622 1509 2677 quam
1573 2607 1857 2661 utilitatem
1908 2607 2060 2660 labo-

511 2699 708 2763 rantis,
738 2714 844 2753 non
875 2707 935 2753 ut
961 2714 1115 2753 suam
1170 2699 1415 2769 impleret
1467 2699 1824 2752 voluntatem.
1881 2694 2065 2754 Liceat

513 2791 645 2845 mihi
677 2790 983 2844 exclamare
1029 2789 1342 2858 pr0phetica
1395 2803 1524 2843 voce
1554 2807 1569 2844 :
1603 2789 1715 2842 Heu
1753 2788 1868 2841 me!
1894 2797 2060 2857 pater,

510 2895 672 2950 quare
685 2879 901 2949 genuisti
921 2895 1000 2933 me
1020 2879 1060 2909 “
1081 2879 1104 2931 ?
1119 2893 1223 2932 non
1237 2879 1628 2934 verecundatus
1644 2887 1848 2948 patrem
1875 2893 2058 2932 vocare

2161 2889 2251 2940 τὸν
2286 2887 2418 2956 μηδὲ
2452 2888 2564 2939 υἱόν
2604 2903 2696 2939 σου
2727 2886 3085 2956 ὀνομάζεσθαι
3129 2886 3380 2952 ἐπάξιον;
3414 2889 3507 2940 καὶ
3541 2889 3630 2939 ἴνα
3662 2887 3713 2936 τί

514 2985 662 3035 eum,
695 2971 788 3040 qui
849 2985 953 3025 non
974 2986 1123 3025 eram
1153 2969 1348 3039 dignus
1373 2968 2058 3035 vocariﬁliustuus.Quare

2166 2995 2231 3047 με
2266 2979 2344 3040 εἰς
2365 2978 2484 3030 τόδε
2519 2977 2579 3029 τὸ
2613 2977 2828 3045 ἀξίωμα
2855 2977 3168 3045 προήγαγες
3202 2977 3290 3028 τὸν
3326 2978 3604 3037 ἀδυνάτως
3626 2977 3718 3026 καὶ

517 3061 584 3115 ad
623 3061 766 3116 hanc
800 3060 1115 3129 dignitatem
1142 3061 1376 3116 extulisti
1416 3076 1521 3126 me,
1549 3061 1640 3131 qui
1669 3075 1843 3128 neque
1882 3077 2058 3129 parcre

2162 3068 2256 3121 τοῦ
2285 3067 2544 3138 ἄρχεσθαι
2570 3066 2755 3136 ἔχοντα
2779 3083 2794 3130 ;
2818 3059 2972 3118 Οἶδεν
2993 3066 3123 3128 Θεὸς
3149 3067 3242 3119 καὶ
3272 3067 3304 3136 ὴ
3326 3066 3391 3136 σὴ
3415 3067 3542 3134 ἁγία
3571 3066 3721 3134 ψυχὴ

513 3163 634 3204 sum
663 3148 931 3204 idoneus?
968 3147 1128 3203 Novit
1158 3148 1300 3204 Deus
1332 3157 1384 3202 et
1411 3156 1598 3202 sancta
1628 3147 1808 3200 anima
1845 3153 1935 3200 tua
1960 3149 2058 3200 hu-

2164 3157 2252 3209 τὸν
2281 3157 2408 3226 περὶ
2429 3156 2616 3208 τούτου
2647 3154 2825 3221 λόγον,
2857 3155 2952 3206 καὶ
2980 3154 3055 3216 ῶς
3087 3155 3154 3207 τὰ
3202 3155 3340 3226 ὑπὲρ
3382 3153 3614 3223 δύναμιν
3641 3153 3721 3204 οἴ-

509 3239 600 3312 ]us
683 3241 761 3294 rei
825 3240 1113 3306 rationem,
1160 3248 1214 3294 et
1249 3239 1392 3310 quod
1453 3238 1692 3292 amicitia
1746 3253 1838 3292 seu
1886 3240 2058 3307 potius

2169 3265 2248 3300 σει
2280 3248 2448 3314 φιλία,
2482 3246 2579 3299 εἶτ’
2610 3242 2701 3299 οὖν
2727 3245 2957 3316 ὑπακοὴ,
2997 3246 3063 3298 ἵν’
3095 3247 3152 3299 ἐν
3197 3245 3388 3317 βραχεῖ
3434 3245 3580 3315 λόγῳ
3623 3243 3726 3315 τὴν

514 3329 818 3387 obedientia
893 3331 1065 3385 latura
1147 3329 1218 3384 sit
1303 3328 1585 3398 pluSquam
1667 3328 1808 3381 vires
1856 3329 2066 3396 paticn«

519 3430 630 3486 tur,
660 3430 720 3476 ut
750 3421 898 3478 brevi
935 3420 1101 3476 verbo
1134 3426 1307 3474 totam
1364 3418 1453 3472 hic
1513 3418 1918 3473 excusationem
1973 3431 2070 3485 po-

519 3527 666 3568 nam.

589 3604 675 3665 '53.
720 3601 825 3658 Sed
855 3601 1230 3658 revertendum
1265 3605 1350 3657 est
1403 3600 1472 3656 ad
1532 3601 1863 3672 propositam
1913 3600 2070 3657 nobis

521 3693 910 3750 narrationem.
941 3691 1310 3747 Claudebatur
1349 3681 1506 3746 Pater
1536 3708 1550 3745 :
1580 3692 1716 3746 cella
1761 3700 1938 3746 autem
1971 3707 2070 3746 an-

2167 3340 2462 3409 ἀπολογίαν
2491 3337 2721 3392 ἐνταῦθα
2745 3335 2950 3407 θείημι.

2241 3598 2344 3670 λγ’.
2391 3600 2528 3654 Ἀλλ’
2556 3599 2836 3653 ἐπανιτέον
2886 3599 2964 3661 εἰς
3005 3597 3063 3650 τὸ
3108 3595 3482 3667 προκείμενον.
3528 3594 3731 3660 Ἑγκέ.

2171 3693 2386 3746 κλειστο
2416 3695 2442 3746 6
2473 3691 2678 3763 Πατὴρ,
2723 3690 2816 3743 καὶ
2847 3690 2880 3760 ἡ
2914 3688 3186 3759 κάθειρξις
3231 3685 3564 3755 σμικροτάτη
3584 3726 3598 3747 ,
3634 3686 3732 3737 καὶ

522 3785 836 3856 gustissima
867 3793 1006 3847 erat,
1034 3792 1087 3838 et
1112 3784 1293 3837 aetatis
1333 3791 1580 3852 tempore
1606 3783 1740 3836 adeo
1765 3783 1960 3845 calida,
2015 3791 2074 3838 ut

523 3875 692 3930 altera
724 3873 1054 3943 Babylonica
1082 3871 1274 3926 fornax
1301 3872 1594 3936 videretur,
1630 3882 1846 3942 propter
1869 3873 2076 3927 inflam-

525 3966 817 4021 mationem
846 3965 1048 4035 plumbi
1081 3979 1191 4034 quo
1210 3964 1523 4034 tegebatur;
1555 3973 1765 4018 tantum
1796 3981 1923 4018 vero
1973 3967 2069 4019 ab-

2174 3783 2421 3838 τοσοῦτον
2456 3785 2513 3837 ἐν
2541 3783 2689 3853 θέρει
2747 3781 3076 3849 θαλπομένη,
3108 3781 3182 3841 ὡς
3232 3778 3395 3846 ἀλλην
3427 3772 3566 3829 εἶναι
3595 3776 3734 3828 ταύ-

2176 3892 2275 3945 την
2297 3875 2526 3944 κάμινον
2556 3873 2864 3940 Χαλδαῖκὴν
2898 3872 2960 3923 ἐκ
2978 3869 3077 3937 τῆς
3107 3868 3464 3936 ἐκπυρώσεως
3497 3865 3596 3934 τῆς
3633 3879 3732 3936 μοι

2177 3964 2415 4033 λιὸδίνης
2451 3964 2680 4032 στέγης’
2708 3964 2736 4014 6
2759 3961 2813 4013 δὲ
2856 3958 3107 4012 τοσοῦτον
3151 3956 3409 4026 ἀπείχετο
3449 3957 3730 4021 ἀνιᾶσθαι,

523 4066 645 4113 erat
674 4069 733 4112 ut
768 4071 833 4111 eo
862 4055 1242 4120 offenderetur,
1271 4063 1330 4108 ut
1353 4071 1382 4110 e
1427 4065 1615 4110 contra
1647 4069 1826 4111 oraret
1871 4057 2058 4111 instan-

2177 4057 2250 4117 ὡς
2281 4055 2444 4124 εὐχὴν
2482 4051 2757 4123 εὔχεσθαι,
2782 4045 3109 4121 τηλικαύτην
3143 4048 3289 4118 αὐτῷ
3313 4048 3614 4100 ἀνάπαυσιν
3650 4050 3736 4109 εἰς

526 4159 630 4213 ter,
666 4149 823 4203 talem
850 4148 1201 4216 imposterum
1224 4147 1328 4202 sibi
1361 4149 1564 4202 servari
1602 4151 1863 4216 requiem,
1893 4163 2058 4201 amor<

2178 4146 2238 4196 τὸ
2271 4143 2459 4214 μέλλον
2491 4137 2866 4212 ταμιεύεσθαι,
2907 4138 2998 4191 τοῦ
3042 4137 3203 4190 πόθου
3243 4137 3336 4189 τὸν
3389 4138 3553 4190 κόπον
3599 4152 3736 4188 κου-

526 4241 729 4296 scilicet
785 4239 1020 4292 laborem
1057 4239 1390 4303 sublevante,
1443 4246 1495 4292 et
1524 4253 1617 4307 spe
1661 4241 1800 4291 bona
1849 4237 2058 4293 ditlicul.

2181 4235 2444 4303 φίζοντος,
2473 4234 2566 4285 καὶ
2595 4232 2692 4302 τῆς
2724 4230 2934 4293 ἐλπίδος
2983 4226 3380 4298 εύμαριζούσης
3417 4225 3514 4296 τὴν
3542 4226 3738 4294 δυσχέ-

527 4342 693 4387 tatem
723 4340 1049 4385 extemrante
1075 4346 1089 4382 :
1122 4344 1184 4383 ex
1231 4329 1428 4398 quinus
1456 4327 1667 4384 duobus
1691 4329 1956 4399 capitibus
1973 4329 2058 4383 vir

2184 4343 2353 4396 ρειαν,
2387 4322 2446 4389 ἐξ
2475 4317 2549 4378 ὧν
2573 4327 2627 4376 αί
2653 4321 2883 4393 μεγάλαι
2902 4323 3093 4391 ἀρεταὶ
3113 4320 3205 4372 καὶ
3226 4318 3485 4370 πολιτεῖαι
3503 4317 3561 4369 τὸ
3590 4318 3737 4386 κρά-

534 4430 674 4476 tutes
710 4421 920 4474 eximiae
948 4419 1117 4473 robur
1169 4419 1462 4489 accipiunt.
1518 4418 1715 4474 Verum
1743 4435 1918 4489 neque
1977 4421 2058 4474 ιιοι

2183 4437 2270 4484 τος
2291 4418 2519 4488 ἔχουσιν.
2539 4410 2658 4470 Οὐδ’
2683 4414 2824 4468 οὕτω
2851 4410 3011 4467 πάλιν
3032 4409 3382 4482 ἀρκούμενος,
3401 4412 3427 4461 6
3449 4407 3741 4476 φιλόπονος

534 4511 832 4568 sufficiebat
863 4510 977 4564 viro
1017 4511 1259 4564 laborum
1305 4511 1596 4579 appetenti,
1663 4512 1756 4566 sed
1817 4512 2055 4567 instante

2189 4512 2323 4565 ἀλλά
2358 4511 2495 4580 τόνῳ
2533 4509 2630 4579 μὲν
2659 4506 2777 4568 ταῖς
2800 4504 2985 4575 χερσὶν
3015 4500 3504 4572 ἐργαζόμενος,καὶ
3533 4500 3739 4568 πολλῆς

533 4603 859 4672 operabatur
884 4602 1134 4655 manibus
1159 4601 1289 4663 illis,
1321 4616 1386 4655 ex
1409 4601 1609 4670 quibus
1642 4603 1824 4656 multa:
1853 4604 2058 4657 virtute:

2185 4604 2460 4670 δυνάμεως
2483 4599 2610 4669 παρ’
2632 4598 2819 4658 αὐταῖς
2860 4594 3235 4665 ἐξερχομένης,
3279 4590 3634 4660 εὐτονώτερον
3680 4591 3741 4642 δὲ

535 4693 917 4763 procedebant.
946 4691 1246 4746 Instantius
1288 4701 1469 4746 autem
1518 4693 1850 4747 meditationi
1889 4694 2058 4750 divina

2186 4695 2252 4762 τῇ
2283 4691 2401 4761 θεία
2424 4689 2622 4759 μελέτῃ
2653 4686 3021 4755 ἐπειγόμενος,
3057 4684 3148 4736 καὶ
3174 4681 3457 4736 πυκτεύων
3483 4681 3618 4752 πρὸς
3644 4681 3742 4734 τὸν

535 4785 673 4839 dans
701 4799 942 4854 operam,
971 4792 1027 4838 et
1071 4782 1315 4853 quotidie
1350 4783 1608 4838 adversus
1641 4786 1848 4840 hostem
1899 4786 2058 4841 decer

2189 4783 2446 4848 πολέμιον
2462 4781 2736 4840 ἑκάστοτε,
2757 4777 3084 4846 θερμότερον
3105 4773 3160 4826 δέ
3178 4775 3313 4845 πρὸς
3340 4773 3437 4841 τὴν
3457 4771 3563 4822 τῶν
3585 4771 3741 4824 ἁδελ-

539 4887 658 4931 tans
691 4890 857 4945 seque
892 4876 1115 4930 utilitati
1142 4875 1394 4929 Fratrum
1432 4874 1727 4931 ferventius
1760 4886 1973 4947 aptans,
1996 4895 2058 4933 so

2190 4874 2304 4943 φῶν
2359 4872 2542 4944 χρείαν
2585 4869 3007 4939 παριστάμενος,
3033 4867 3125 4919 καὶ
3169 4865 3257 4917 τὸν
3300 4864 3396 4934 μὲν
3420 4862 3742 4932 θεραπεύων

539 4970 751 5025 labatur
783 4968 1414 5033 maestum,deticientem
1470 4967 1788 5035 instruebat,
1849 4971 2058 5041 erigeba

2191 4965 2545 5035 λυπούμενον,
2577 4962 2668 5015 τὸν
2697 4961 2752 5014 δέ
2776 4958 3115 5030 ψυχαγωγῶν
3148 4956 3487 5018 ἐκλείποντα,
3525 4955 3618 5005 καὶ
3643 4953 3745 5006 ἄλ-

542 5063 774 5129 lapsum,
849 5059 1080 5114 leniebat
1164 5069 1567 5129 exasperatum,
1621 5077 1785 5131 seque
1840 5066 2058 5133 patienti

2192 5058 2280 5111 λον
2307 5051 2620 5125 ἐπανορθῶν
2647 5051 3075 5114 καταπίπτοντα,
3114 5047 3204 5101 καὶ
3235 5047 3317 5098 ἒτε
3329 5063 3419 5116 ρον
3437 5045 3745 5112 γλυκαίνων

541 5151 916 5204 conformabat
956 5150 1277 5217 conditioni,
1316 5152 1553 5221 optimus
1577 5154 1879 5208 animarum
1919 5158 2058 5210 medi

2196 5148 2634 5220 πικραινόμενον,
2663 5145 2756 5198 καὶ
2782 5145 2848 5214 τῇ
2868 5139 2960 5194 τοῦ
2994 5141 3289 5208 πάσχοντος
3335 5136 3443 5199 ἕξει
3492 5151 3746 5203 συμμορ-

540 5258 638 5295 cus
678 5251 733 5295 et
775 5242 1141 5296 curandarum
1176 5243 1491 5312 passionum
1547 5245 1928 5312 peritissimus.
1983 5247 2058 5300 Sei

2195 5243 2480 5313 φούμενος,
2506 5240 2535 5291 6
2574 5236 2853 5305 πολυειδὴς
2896 5235 3097 5296 ἐκεῖνος
3152 5229 3257 5282 τῶν
3299 5226 3484 5295 ψυχῶν
3538 5227 3745 5296 ἰατρὸς,

543 5348 719 5401 neque
750 5334 849 5386 hoc
889 5334 1312 5402 praetermisero,
1371 5337 1629 5388 memoria
1662 5336 1846 5404 utique
1893 5339 2058 5408 dignis

2195 5337 2289 5388 καὶ
2315 5329 2628 5402 θεραπεύων
2659 5329 2854 5396 ἄριστα
2877 5325 3000 5386 τοὺς
3022 5322 3345 5391 πάσχοντας.
3375 5317 3507 5370 Οὐδὲ
3568 5318 3749 5368 ἐκεῖνο

542 5423 768 5486 simum,
805 5423 953 5493 quod
984 5433 1232 5479 catenam
1266 5426 1496 5480 ferream
1551 5426 1684 5482 satis
1733 5405 2057 5497 ponderosa:

2199 5423 2600 5495 παραλείψομαι
2635 5416 3121 5486 ἀξιομνημόνευτον
3151 5410 3433 5479 τυγχάνον,
3452 5409 3533 5461 ὅτι
3555 5405 3750 5461 ἅλυσιν

618 5560 660 5590 υ
683 5559 879 5614 Jerem.
912 5573 997 5623 xv,
1028 5557 1110 5614 10.

2035 5649 2260 5706 ΝΟΤίΕ.

623 5765 734 5836 (‘22)
773 5763 1066 5822 Monachus
1103 5764 1168 5820 ad
1196 5763 1382 5821 decem
1410 5763 1683 5821 centurias
1705 5764 2090 5834 prepemodum
2133 5762 2447 5829 accessisse,
2477 5759 2642 5814 tradit
2667 5759 2852 5814 eadem
2883 5756 3019 5810 Vita.
