3926 6432
169 375 274 442 837

836 379 1116 439 ORATIO
1153 379 1258 438 Χῐ.
1291 405 1354 414 -
1384 377 1762 438 LAUDATIO
1803 377 1862 435 S.
1906 376 2272 436 PLATONIS
2321 376 2747 438 HEGUMENI.

3293 383 3398 447 838

172 492 484 565 σιδηραίαν,
515 491 705 562 ἱκανὴν
734 493 809 564 τῷ
840 494 1019 565 βάρει,
1068 495 1146 565 τῷ
1199 493 1321 548 ποδὶ
1369 493 1632 564 περιθεὶς,
1656 495 1729 546 ὲν-

1840 493 1960 562 pedi
2018 493 2459 560 circumponens,
2527 490 2580 543 in
2631 489 2723 544 tali
2792 488 2975 544 labore
3039 496 3401 560 perseverarit

170 587 456 656 εκαρτέρει
486 587 599 648 τοῖς
625 584 808 648 πόνοις
846 586 964 655 (καὶ
993 587 1051 640 τὸ
1088 585 1329 650 κοπῶδες
1359 587 1502 651 ὅσον,
1525 586 1586 638 τὸ
1618 585 1734 655 μεθ’

169 675 371 745 εαυτῆς
415 674 726 738 καθεύδειν,
761 675 897 745 ὁμοῦ
951 693 1011 729 τε
1045 677 1407 748 ἐγρηγορέναι
1447 675 1540 730 καὶ
1568 675 1737 746 ἔργά-

169 766 380 830 ζεσθαι,
424 769 657 838 συνορᾷν
697 767 906 832 ἔξεστιν
949 767 1028 838 τῷ
1067 768 1370 838 ἀρτίφρονι)
1402 769 1501 820 ούκ
1533 767 1737 819 ἐπιδει-

167 858 337 911 κτιῶν
371 857 469 929 τὴν
496 860 793 930 κάθειρξιν,
823 860 930 913 οὐδ’
954 861 1016 914 οὐ
1053 862 1158 933 μὴν
1190 860 1370 930 αὐχῶν
1399 860 1497 932 τὴν
1540 858 1737 930 πρᾶξιν

167 950 243 1013 ὡς
272 952 475 1021 ἀρετῆς
504 954 886 1024 ἐργαστήριον,
916 954 1037 1008 κατ’
1065 954 1272 1007 ἐκεῖνόν
1318 969 1423 1006 που
1470 951 1560 1004 τὸν
1605 951 1735 1004 Χεί-

171 1057 317 1111 ρωνα
348 1041 410 1094 τὺ
445 1043 767 1096 Θετταλικὸν
801 1044 994 1116 ἄντρον
1044 1044 1294 1097 οἰκοῦντα
1337 1043 1546 1112 (πόρρω
1570 1041 1679 1113 γὰρ
1706 1042 1735 1094 6

165 1131 407 1203 ἀθλητὴς
432 1132 540 1200 ζτοῦ
590 1133 838 1204 πάθους)·
883 1134 1019 1189 ἀλλά
1058 1134 1154 1204 τὴν
1197 1134 1294 1202 μὲν
1327 1123 1632 1197 εὖτελίζων,
1660 1131 1736 1192 ὡς

166 1223 227 1276 οὗ
261 1223 583 1294 θεραπεύων
613 1224 778 1290 ἀξίως
801 1226 896 1295 τὴν
927 1225 985 1278 δὲ
1031 1224 1244 1294 κρύψας
1280 1221 1448 1296 τέχνη
1485 1240 1736 1277 ταπεινο-

167 1315 469 1385 φροσύνης,
521 1317 614 1369 καὶ
673 1316 869 1387 μικροῦ
931 1317 1107 1370 λαθὼν
1162 1317 1428 1380 ἅπαντας,
1494 1318 1599 1379 ἕως
1646 1317 1734 1369 ὅτε

167 1407 454 1477 προελθὼν
493 1409 593 1477 τῆς
619 1407 813 1479 κέλλης
836 1407 923 1461 διά
961 1407 1164 1480 Κύριον
1183 1451 1199 1475 ,
1229 1409 1492 1481 ιγνώρισε
1534 1409 1628 1462 καὶ
1661 1407 1733 1477 μὴ

168 1496 518 1566 βουλόμενος.
570 1495 710 1567 Περὶ⁵
768 1496 865 1566 μὲν
913 1497 1118 1551 τούτων
1169 1498 1306 1564 ἃλις,
1341 1497 1617 1567 φιλοῦντος
1637 1495 1733 1550 τοῦ

167 1585 440 1655 ἀκροατοῦ
471 1586 532 1638 τὸ
567 1585 809 1655 μέτριον,
847 1589 940 1642 καὶ
961 1589 1059 1641 οὐκ
1093 1589 1452 1661 εὐποροῦντος
1477 1588 1572 1643 τοῦ
1601 1588 1736 1660 γρά-

167 1691 362 1743 φοντος
397 1675 682 1744 ὲξηγορεῖν
720 1675 1141 1747 πλουσιώτερον.

236 1765 332 1817 λδν.
381 1765 601 1836 Ἐπειδὴ
619 1765 675 1819 δὲ
695 1767 906 1820 ἀπεϐίω
930 1769 958 1819 6
973 1768 1272 1832 τηνικαῦτα
1294 1767 1434 1832 θεῖος
1451 1767 1729 1839 πρόεδρος,

167 1857 414 1928 ζητεῖται
441 1856 621 1927 ψῆφος
642 1860 1164 1928 πατριαρχήσοντος,
1193 1861 1285 1912 καὶ
1311 1859 1378 1913 τά
1403 1859 1730 1930 ψηφίσματα
1757 1840 1805 1899 Β

166 1949 258 2002 ἐπὶ
287 1949 518 2011 πολλοὺς
540 1949 591 2001 οἱ
623 1948 829 2011 πολλοὶ,
856 1949 932 2012 ὡς
960 1949 1188 2011 ἕκαστος
1215 1947 1358 2020 εἶχεν
1374 1952 1516 2005 κατά
1545 1952 1729 2021 φιλίαν

164 2037 530 2108 ἦάλήθειανο
567 2036 811 2108 ζητεῖται
864 2037 958 2091 καὶ
1001 2036 1149 2107 παρὰ
1192 2037 1285 2090 τοῦ
1337 2039 1582 2110 Πατρὸς,
1633 2041 1730 2111 οὐχ

165 2127 272 2180 ὑπὸ
293 2126 402 2178 τῶν
451 2125 550 2195 τῆς
618 2125 914 2198 ἱερωσύνης
954 2126 1113 2195 μόνον
1153 2127 1440 2198 ὲγκρίτων,
1475 2129 1590 2183 ἀλλ’
1629 2131 1728 2202 ἥδη

165 2220 258 2271 καὶ
284 2217 424 2288 πρὸς
446 2216 609 2269 αὐτοῦ
643 2215 735 2270 τοῦ
764 2217 1156 2286 βασιλεύοντος.
1189 2219 1252 2272 Τί
1270 2217 1362 2273 οὖν
1387 2221 1513 2286 ἔδει,
1536 2221 1580 2274 ὣ
1599 2223 1731 2293 πρὸς

165 2309 264 2377 τῆς
297 2308 558 2377 ἀληθείας
588 2306 760 2376 αὐτῆς
785 2325 798 2372 ;
833 2309 952 2378 οὐχὶ
975 2312 1065 2362 τὸν
1099 2311 1334 2363 τοσαῦτα
1358 2312 1495 2384 ὑπὲρ
1513 2313 1604 2366 τοῦ
1629 2331 1730 2366 κα-

165 2399 257 2453 λοῦ
303 2398 678 2464 ἔναθλήσαντα
709 2398 803 2451 καὶ
849 2398 1230 2468 ἡκριϐωμένου
1267 2401 1380 2469 βίου
1431 2405 1546 2466 τοῖς
1596 2407 1728 2458 πᾶσι

166 2491 332 2557 νόμον
367 2490 748 2561 προκείμενον,
780 2489 1022 2558 ἀψευδῶς
1037 2493 1209 2544 εἰπεῖν
1245 2492 1340 2564 τὴν
1383 2493 1606 2549 ἐνοῦσαν
1642 2496 1733 2549 αὑ-

165 2583 241 2648 τῷ
265 2580 528 2646 διάθεσιν,
561 2579 698 2649 πρὸς
726 2580 788 2633 τὸ
839 2583 992 2652 κοινῇ
1050 2583 1326 2655 συμφέρον
1385 2585 1728 2652 σκοποῦντα;

167 2673 264 2737 Οὐ,
291 2673 456 2741 φασὶν
480 2673 530 2725 οί
557 2673 624 2725 τὰ
647 2672 854 2725 ἐκείνου
876 2671 1215 2735 σκώπτοντες
1235 2692 1293 2728 τε
1324 2678 1416 2728 καὶ
1443 2677 1732 2745 διαγελῶνο

165 2779 276 2826 τες,
307 2762 424 2814 ἀλλ’
454 2761 487 2831 ἢ
515 2761 611 2830 τὴν
663 2760 886 2827 ἄγνοιαν
926 2763 1370 2834 προϐαλέσθαι,ἢ
1399 2769 1512 2828 τοῖς
1543 2767 1733 2840 ἐπιζη-

165 2855 367 2919 τήσασι
395 2850 798 2922 παραχωρῆσαι
829 2851 889 2904 τὺ
919 2851 1179 2922 ψήφισμα
1201 2869 1215 2882 °
1247 2853 1394 2908 ἔστιν
1433 2856 1511 2920 δὲ,
1545 2858 1605 2910 τὸ
1634 2859 1731 2927 μὲν

167 2942 434 3012 πρότερον
456 2941 669 3010 ψεῦδος,
695 2942 755 2993 τὸ
782 2941 836 2994 δὲ
860 2941 1112 3012 δεύτερον
1143 2945 1450 3014 ὑπόκρισις,
1501 2950 1591 3000 καὶ
1622 2951 1731 3018 ἀμ-

168 3035 374 3103 φότερα
399 3033 741 3085 ἀπόπτυστα.
777 3031 833 3085 '0
867 3034 966 3102 μὲν
997 3030 1091 3090 οὖν
1123 3037 1226 3107 τὴν
1254 3036 1433 3107 ψῆφον
1465 3039 1726 3094 ἔστειλενο

163 3127 223 3178 τὸ
272 3126 332 3178 δὲ
374 3124 460 3193 ἐφ’
490 3126 632 3192 ὅτῳ,
679 3125 840 3196 παρῶ
888 3126 1065 3195 λέγειν
1092 3143 1109 3160 ο
1160 3129 1468 3183 ἐπέστειλεν
1506 3132 1549 3184 δ’
1584 3134 1732 3202 ὅμως

165 3217 234 3279 ὼς
263 3217 370 3268 ὑπὸ
392 3214 511 3284 Θεῷ
543 3216 801 3287 μάρτυρι.
842 3217 952 3270 Καὶ
977 3218 1025 3270 οἱ
1092 3218 1188 3287 μὲν
1232 3221 1484 3290 ἀσμένως
1518 3221 1734 3287 ἐδέξαν-

164 3325 241 3373 το,
274 3308 378 3361 οῦκ
407 3302 506 3362 οἷδ’
550 3308 718 3379 ὁποίῳ
750 3309 935 3381 τρόπῳ
965 3309 1359 3380 βεϐαιώσαντες
1382 3311 1442 3366 τὸ
1462 3315 1695 3386 γράμμα
1715 3331 1730 3346 ο

1843 590 2028 659 (quam
2060 599 2240 641 autem
2281 585 2570 640 molestum
2603 582 2767 638 fuerit
2796 599 2920 638 cum
2952 583 3218 652 ejusmodi
3275 590 3399 642 vin-

1841 679 1966 734 culo
1983 678 2242 742 dormire,
2261 678 2506 748 vigilare.
2521 676 2753 747 operari,
2776 676 2929 731 facile
2955 688 3176 747 apparet
3196 679 3398 734 intelli-

1841 771 2040 840 genti),
2079 771 2240 839 idque
2265 787 2373 824 non
2401 780 2459 824 ut
2485 769 2790 825 clausuram
2825 777 3144 834 ostentaret,
3189 780 3280 825 aut
3309 788 3400 826 ve-

1843 858 1920 914 lut
1942 859 2158 913 virtutis
2195 856 2460 912 officinam
2493 857 2744 926 jactaret,
2781 855 3057 922 quomodo
3089 855 3286 908 Chiron
3310 857 3398 910 ille

1842 961 2060 1007 antrum
2127 949 2502 1006 Thessalicum
2561 949 2811 1002 habitans
2857 948 3035 1015 (longe
3095 947 3239 1000 enim
3270 947 3399 1000 abc-

1841 1054 1992 1098 rata
2051 1042 2142 1097 tali
2205 1042 2383 1109 vitio),
2427 1039 2520 1095 sed
2576 1040 2829 1092 virtutem
2886 1039 3103 1108 quidem
3132 1047 3398 1092 extenua-

1841 1137 1954 1203 hat,
1999 1147 2058 1190 ut
2089 1136 2181 1206 qui
2213 1150 2332 1191 eam
2367 1150 2481 1189 non
2519 1141 2680 1204 prout
2711 1148 2807 1202 par
2833 1142 2949 1187 erat
2975 1133 3178 1186 coleret
3206 1149 3221 1198 ;
3251 1142 3398 1186 cate-

1840 1245 1965 1284 nam
2011 1244 2139 1282 vero
2167 1226 2538 1282 abscondehat
2567 1224 2856 1279 artificiosa
2883 1224 3210 1287 humilitate,
3261 1226 3394 1277 adeo

1841 1329 1900 1373 ut
1940 1318 2056 1373 fore
2088 1327 2317 1373 cunctos
2370 1316 2579 1380 lateret,
2622 1314 2806 1384 quoad
2864 1328 2895 1368 e
2950 1316 3089 1367 cella
3146 1329 3398 1382 egressus

1841 1421 2059 1478 propter
2091 1407 2377 1462 Dominum
2409 1423 2424 1472 ;
2461 1421 2581 1460 eam
2609 1405 2694 1459 vel
2735 1404 2936 1458 inritus
2967 1402 3243 1472 patefecit.
3293 1401 3398 1456 Ve-

1840 1515 1961 1555 rum
2018 1498 2083 1553 de
2115 1497 2198 1552 his
2230 1510 2377 1550 nunc
2417 1495 2572 1558 satis,
2617 1507 2742 1548 cum
2769 1501 2823 1546 et
2845 1490 3060 1544 auditor
3102 1490 3396 1543 mediocri-

1839 1599 2003 1643 tatem
2035 1595 2199 1651 amet,
2231 1593 2284 1639 et
2319 1585 2554 1654 scriptor
2593 1596 2700 1636 non
2735 1579 2975 1636 abundet
3021 1578 3282 1633 facultate
3307 1592 3396 1632 res

1840 1675 2118 1745 copiosius
2148 1672 2466 1727 enarrandi.

1912 1765 1998 1819 54.
2047 1763 2284 1833 Contigit
2312 1771 2489 1816 autem
2529 1776 2591 1815 ex
2620 1760 2721 1813 hac
2749 1761 2856 1813 vita
2900 1760 3132 1830 migrare
3151 1757 3390 1813 divinum

1835 1854 1953 1924 ejus
1988 1853 2248 1923 temporis
2297 1849 2818 1923 patriarchan1(23),
2849 1863 3084 1917 cumque
3117 1849 3184 1903 de
3213 1847 3396 1903 futuro

1835 1945 2070 2000 Prazsule
2121 1945 2404 1999 sententiae
2429 1942 2851 2012 postularentur,
2880 1955 3060 2010 eaeque
3091 1941 3395 1994 divideren-

1837 2047 1926 2093 tur
1947 2038 1999 2092 in
2019 2035 2239 2100 multos,
2265 2033 2667 2104 proutquisque
2688 2031 2770 2086 vel
2791 2032 3086 2086 amicitiam
3104 2031 3183 2085 vel
3213 2045 3393 2084 veram

1837 2131 2089 2186 Ecclesiae
2109 2126 2387 2198 spectabat
2413 2127 2700 2181 utilitatem
2728 2125 2988 2194 requisita
3008 2133 3090 2178 est
3114 2124 3276 2178 etiam
3294 2122 3394 2176 Pa-

1836 2222 1934 2275 tris
1954 2221 2124 2275 nostri
2155 2220 2439 2282 sententia,
2453 2232 2559 2271 non
2574 2216 2749 2271 solum
2769 2215 2917 2269 abiis
2937 2212 3394 2284 quierantSacer-

1835 2311 1983 2366 dotio
2011 2310 2269 2377 insignes,
2301 2307 2393 2362 sed
2410 2307 2476 2360 ab
2510 2308 2628 2375 ipso
2660 2319 2876 2374 quoque
2904 2301 3238 2373 lmperatore
3259 2303 3392 2372 (ει).

1836 2402 2074 2458 Obsecro
2087 2418 2181 2472 per
2195 2402 2473 2455 veritatem
2500 2399 2695 2469 ipsam,
2711 2397 2838 2465 quid
2863 2397 3284 2464 oportebateum
3312 2395 3397 2448 fa-

1836 2497 1999 2551 cere?
2049 2493 2302 2564 Nunquid
2341 2492 2572 2547 debebat
2602 2490 2648 2545 is
2675 2490 2768 2560 qui
2805 2499 2950 2543 tanta
2979 2498 3095 2544 erat
3134 2504 3232 2558 pro
3288 2490 3398 2542 vir-

1838 2598 1952 2644 tute
1985 2601 2194 2658 passus,
2228 2595 2283 2640 et
2325 2586 2452 2638 vitae
2505 2583 2904 2653 probatissima:
2956 2583 3208 2651 exemplo
3251 2596 3394 2634 cun-

1837 2681 1938 2736 ctis
1969 2678 2315 2750 praelucebat,
2345 2677 2558 2731 sincere
2589 2675 2804 2730 edicere
2849 2675 3172 2728 sententiam
3235 2688 3392 2727 suam

1837 2773 2132 2842 spectando
2161 2770 2426 2841 publicam
2468 2767 2803 2822 utilitatem?
2844 2766 3083 2830 Minime,
3142 2765 3394 2834 inquiunt

1836 2863 1954 2931 ejus
1985 2861 2408 2915 subsannatores
2453 2857 2834 2924 irrisoresque,
2868 2856 2961 2909 sed
3019 2855 3100 2908 vel
3137 2855 3395 2924 ignoran-

1841 2954 1971 3007 tiam
2029 2960 2321 3021 praetexere
2375 2948 2581 3013 debuit,
2622 2956 2719 3001 aut
2771 2962 2830 3001 se
2891 2947 3392 3015 interrogantibus,

1838 3044 2163 3100 sententiam
2212 3042 2550 3111 permittere.
2583 3041 2650 3093 At
2684 3043 2919 3110 primum
2949 3040 3167 3104 quidem
3195 3037 3394 3110 falsum

1839 3135 2051 3198 fuisset,
2097 3133 2458 3188 adulatorium
2488 3131 2756 3195 alterum;
2798 3139 3088 3198 utrumque
3137 3143 3395 3198 respuen-

1837 3226 1989 3281 dum.
2020 3224 2168 3281 Misit
2198 3225 2361 3296 igitur
2395 3222 2712 3291 suffragium
2741 3236 2900 3275 suum
2935 3220 3042 3290 (cui
3073 3219 3281 3284 datum,
3312 3220 3395 3272 di-

1839 3334 1961 3375 cere
1997 3315 2372 3385 supersedeo),
2407 3313 2757 3367 misitautem
2783 3311 2931 3365 velut
2965 3309 3075 3364 Deo
3103 3320 3236 3364 teste
3273 3327 3286 3363 :
3338 3318 3396 3364 et

163 3405 191 3456 6
223 3403 282 3456 δὲ
313 3400 498 3456 λαϐὼν
542 3401 890 3468 ἀπεσείσατο,
949 3403 1312 3473 μετακυλίσας
1349 3405 1424 3469 ὡς
1477 3409 1535 3460 ιν
1582 3407 1729 3480 κύϐῳ

1837 3407 2092 3479 Episc0pi
2110 3405 2325 3475 quidem
2344 3409 2720 3472 susceperunt,
2754 3401 2937 3455 nescio
2965 3402 3238 3470 riuomodo
3260 3416 3392 3454 con-

164 3494 260 3557 τὰς
292 3494 536 3563 ψήφους·
1838 3503 2118 3557 firmantes
2149 3497 2292 3568 quod
2360 3495 2694 3565 scripserat;
2734 3493 3032 3563 Imperator
3061 3510 3190 3549 vero
3245 3495 3392 3549 acci-

165 3588 318 3656 piens
369 3585 652 3656 suﬂ‘ragia,
683 3601 768 3650 ea,
813 3586 958 3642 velut
991 3588 1043 3642 in
1091 3589 1222 3644 alea:
1259 3590 1408 3656 ludo,
1462 3592 1733 3652 invertens
1799 3595 2062 3652 excussit.
2101 3592 2200 3647 Ast
2263 3589 2416 3644 Plato
2442 3588 2740 3659 (quoniam,
2799 3595 3022 3657 urgente
3073 3587 3393 3642 necessitate

166 3681 405 3751 capitis,
463 3683 886 3751 unumquodque
935 3685 1301 3740 membrorum
1376 3698 1630 3755 praestare
1697 3692 1836 3748 solet
1903 3691 2046 3761 quod
2114 3689 2165 3741 in
2230 3701 2288 3741 se
2343 3686 2466 3754 est)
2526 3683 2591 3738 ad
2629 3684 2920 3752 quemdam
2984 3684 3392 3738 monasticiha-

167 3772 312 3830 bitus
335 3774 540 3836 virum,
563 3772 793 3829 Caesaris
827 3783 1006 3829 autem
1026 3776 1588 3846 propinquum,noetu
1639 3783 1886 3848 contulit,
1906 3781 2038 3836 nihil
2062 3778 2315 3832 dubitans
2346 3776 2493 3832 foras
2522 3775 2772 3846 progredi
2802 3785 3020 3846 propter
3047 3791 3389 3831 communem

168 3873 462 3928 utilitatem
493 3887 506 3924 :
553 3883 788 3936 cumque
819 3869 867 3922 ei
897 3884 1018 3936 quae
1074 3872 1449 3937 conveniebat,
1500 3875 1729 3930 dixisset
1757 3875 2044 3931 confestim
2078 3871 2298 3926 domum
2334 3867 2508 3922 rediit.

232 3963 330 4016 λε’.
373 3963 485 4016 Καὶ
518 3961 546 4013 6
576 3963 670 4029 μὲν
701 3959 908 4030 (ἐπειδὴ
936 3961 1094 4032 χρεία
1125 3965 1366 4035 κεφαλῆς
1405 3973 1729 4040 προϊσταμέ.

1905 3969 1993 4023 55.
2033 3966 2334 4035 imperator
2365 3975 2526 4032 porro
2557 3961 2660 4017 hoc
2690 3961 3014 4030 intelligens,
3057 3961 3239 4017 furere
3279 3979 3394 4019 eae-

168 4073 259 4125 νης
287 4056 523 4108 ἕκαστον
541 4051 648 4104 τῶν
684 4052 861 4119 μελῶν
883 4053 942 4105 τὸ
964 4053 1084 4107 καθ’
1105 4055 1265 4108 ἑαυτὸ
1303 4059 1575 4124 εἰσοίσειν)
1601 4062 1729 4132 πρός

1837 4060 1933 4130 pit,
1958 4058 2345 4124 modicumque
2374 4062 2684 4117 cunctatus,
2710 4054 2881 4107 donec
2909 4054 3225 4123 perfecisset
3247 4057 3390 4124 quod

167 4163 285 4199 τινα
317 4145 428 4198 τῶν
450 4145 804 4214 ὁμοσχήμων,
828 4144 1088 4213 ἀγχιστέα
1112 4147 1166 4198 δὲ
1204 4147 1295 4200 τοῦ
1327 4150 1624 4221 Καίσαρος,
1657 4153 1729 4224 μὴ

1837 4151 2066 4214 volebat,
2105 4148 2231 4202 tulit
2258 4146 2542 4200 nobiscum
2579 4145 2793 4198 Patrem
2817 4156 3059 4199 nostrum
3095 4164 3108 4198 :
3141 4159 3194 4199 et
3239 4156 3390 4215 post-

168 4235 489 4305 εὐλαϐηθεὶς
519 4235 618 4305 τὴν
636 4233 812 4301 ἔξοδον
833 4235 995 4288 διὰτὸ
1019 4239 1169 4308 κοινῇ
1196 4241 1489 4310 συμφέρον,
1516 4242 1729 4314 νύκτωρ

1837 4258 1993 4312 quam
2021 4239 2206 4310 viginti
2241 4247 2482 4307 quatuor
2529 4235 2721 4290 diebus
2755 4236 2808 4289 in
2833 4236 2970 4291 bene
3002 4238 3211 4292 munita
3262 4253 3391 4293 cus-

168 4331 405 4391 ἀπεισιν,
437 4329 532 4381 καὶ
562 4327 933 4398 φθεγξάμενος
959 4330 1027 4382 τά
1060 4331 1265 4397 εἰκότα,
1294 4333 1473 4386 οἴκαδε
1530 4334 1721 4389 θᾶττον

1837 4332 1973 4386 Lodia
2011 4329 2292 4383 habuisset
2324 4327 2568 4396 permisit
2626 4327 2799 4381 redire
2844 4327 2910 4381 ad
2970 4333 3382 4385 monasterium.

167 4421 464 4475 ὲπάνεισινο
495 4420 523 4471 6
552 4417 608 4470 δὲ
652 4417 836 4486 μαθὼν
887 4419 1143 4492 ἐξεμάνη,
1193 4423 1285 4476 καὶ
1328 4424 1522 4494 μικρὸν
1548 4425 1721 4495 λωφή·

169 4524 258 4572 σας
289 4507 417 4560 ὅσον
459 4507 540 4569 είς
572 4506 745 4576 πέρας
783 4506 1012 4574 ἀγαγεῖν
1055 4509 1117 4562 τὸ
1167 4510 1608 4583 βεϐουλευμένον,
1643 4515 1724 4568 αῖ-

1821 4421 1956 4486 Qnid
1993 4420 2186 4474 attinet
2211 4419 2413 4482 dicere,
2445 4428 2680 4488 quantas
2725 4417 2930 4474 Sancto
2958 4461 2972 4483 ,
3011 4421 3118 4475 imo
3151 4423 3252 4492 ipsi
3295 4441 3388 4479 ve-

1822 4510 1962 4563 ritati
1996 4509 2224 4578 injurias
2250 4507 2515 4571 intulerit,
2548 4509 2827 4562 iracundia
2856 4510 3092 4579 percitus
3113 4522 3389 4583 totamque

169 4616 245 4668 ρει
273 4600 376 4652 σὺν
401 4599 533 4669 ἡμῖν
563 4598 653 4651 τὸν
687 4597 928 4667 Πατέρα,
957 4600 1052 4652 καλ⁹
1079 4602 1250 4654 εῖκοσι
1279 4604 1412 4670 πρὸς
1441 4605 1726 4675 τέσσαρσιν

1837 4601 2163 4657 :onturbans
2195 4600 2670 4666 communitatem,
2701 4601 2840 4654 alios
2876 4604 3188 4659 carceribus
3214 4606 3388 4660 inclu-

167 4689 401 4759 ἡμέραις
431 4688 661 4758 θέμενος
703 4689 762 4740 ὲν
802 4690 995 4758 στερεᾷ
1041 4690 1276 4763 φυλακῇ,
1329 4696 1467 4748 οἴκοι
1504 4696 1728 4747 ἐπανελ-

169 4779 273 4832 θεῖν
295 4781 548 4848 ἀφίησιν.
577 4779 716 4832 Ὅσα
744 4780 853 4851 γὰρ
877 4780 1157 4851 ἐξύϐρισεν
1190 4785 1329 4838 κατά
1380 4785 1472 4837 τοῦ
1515 4787 1725 4857 ἀνδρὸς,

170 4871 362 4937 μᾶλλον
392 4871 448 4922 δὲ
477 4869 601 4922 κατ’
631 4871 802 4939 αὐτῆς
829 4872 923 4939 τῆς
961 4871 1215 4942 ἀληθείας
1242 4874 1592 4945 θυμομαχῶν,
1633 4877 1728 4929 καὶ

168 4963 554 5032 συνταράσσων
575 4960 669 5030 τὴν
690 4961 1046 5032 ἀδελφότητα,
1067 4965 1159 5016 καὶ
1179 4967 1304 5027 τοὺς
1334 4967 1430 5034 μὲν
1457 4967 1723 5036 φρουρῶν,

166 5054 281 5115 τοὺς
315 5053 374 5105 δὲ
404 5052 580 5104 ἕλκων
631 5055 710 5115 εἰς
769 5055 1124 5125 κατηγορίας,
1160 5057 1206 5108 εί
1257 5057 1349 5108 καὶ
1381 5057 1637 5127 ῥίψασπις
1669 5061 1726 5109 ἐν

169 5146 288 5196 πᾶσι
323 5144 524 5212 γέγονε
565 5145 659 5197 καὶ
700 5143 1104 5213 ἁξιογέλαστος,
1144 5147 1195 5198 τί
1231 5147 1310 5200 δεῖ
1361 5149 1453 5201 καὶ
1510 5149 1724 5216 λέγειν;

170 5235 313 5286 ἅτινα
348 5235 674 5304 παρασκευὴ
709 5230 776 5304 ἦν
818 5235 919 5304 τῆς
959 5238 1328 5308 τυρευομένης
1373 5240 1518 5308 αύτῷ
1561 5258 1723 5311 πονη-

173 5325 278 5388 ρίας
311 5326 408 5377 καὶ
428 5327 590 5376 οἱονεὶ
619 5327 950 5396 προεισόδιος
969 5329 1186 5396 ἀνομία,
1215 5331 1486 5398 παίδευμα
1505 5331 1558 5383 δὲ
1584 5333 1721 5383 κατὰ

169 5416 253 5484 τὴν
287 5415 505 5468 ἐκείνου
554 5417 887 5488 φληνάφειαν
935 5419 1034 5488 τῆς
1077 5419 1338 5490 δοκούσης
1372 5424 1718 5492 προπετείας.

1827 4693 2027 4754 dendo,
2069 4692 2206 4746 alios
2271 4691 2337 4745 ad
2391 4693 2748 4760 quaestionem
2801 4693 3110 4763 rapiendo?
3162 4712 3282 4750 cum
3333 4699 3385 4752 in

1829 4785 2080 4839 omnibus
2122 4783 2337 4837 tandem
2377 4785 2555 4838 victus
2581 4793 2634 4839 et
2665 4787 2774 4840 risu
2828 4787 3024 4857 dignus
3055 4794 3386 4859 apparuerit.

1833 4874 1935 4928 Sed
1967 4875 2078 4928 haec
2122 4875 2297 4928 solum
2329 4877 2584 4944 praeludia
2615 4879 2858 4945 quaedam
2896 4891 3050 4934 erant
3082 4881 3389 4952 iniquitatis

1830 4982 1991 5037 quam
2031 4967 2418 5030 meditabatur,
2457 4978 2509 5022 et
2533 4970 2677 5023 velut
2703 4973 3090 5038 praeambularc
3129 4975 3385 5045 flagitium

1830 5071 1893 5109 ac
1919 5057 2284 5110 rudimentum
2315 5058 2640 5127 nugacitatis
2663 5069 2709 5111 et
2755 5062 3082 5128 petulantiae.
3103 5065 3387 5123 Intervallo

1832 5164 2066 5216 namque
2122 5149 2384 5216 temporis
2457 5150 2669 5203 modico
2738 5163 2958 5206 secutus
3034 5166 3115 5208 est
3170 5160 3388 5214 malitia!

1831 5247 2228 5294 coasummatae
2282 5241 2523 5295 assultus
2557 5260 2568 5293 :
2602 5242 2760 5311 idque
2799 5257 3015 5313 prapter
3063 5247 3384 5319 Josephum,

1833 5333 1982 5383 illum
2039 5331 2129 5399 qui
2203 5332 2446 5386 mmclios
2527 5333 2920 5401 conjunxerat,
2995 5341 3192 5392 malum
3247 5342 3385 5394 intra

1831 5423 2035 5476 viscera
2069 5423 2302 5487 haerens,
2349 5433 2404 5477 et
2459 5423 2711 5478 Ecclesire
2767 5428 3190 5484 turbamentutn.
3233 5433 3389 5486 Posr-

1728 5534 1956 5590 NOTAE.

174 5634 626 5758 regilrilarilprtuus
655 5647 736 5692 est
768 5638 825 5694 S.
875 5639 1135 5698 Tarasius
1197 5660 1340 5700 anno
1380 5645 1500 5714 806,
1533 5649 1619 5702 die
1662 5650 1728 5702 '22;

233 5778 340 5846 (24)
376 5775 424 5830 ls
444 5785 562 5830 erat
589 5777 943 5848 Mcephorus,
968 5782 1059 5851 qui
1084 5783 1234 5840 lrene
1258 5785 1429 5855 ejecta
1446 5791 1729 5858 imperium

1835 5650 2142 5725 arripuerat
2191 5652 2529 5725 anno__g809.;
2557 5653 2646 5725 qui
2681 5656 2953 5720 quomodo
2990 5673 3046 5712 se
3075 5663 3299 5725 gesserit
3333 5663 3382 5716 in

1842 5722 2176 5792 procuranda
2238 5721 2296 5776 S.
2336 5720 2625 5792 Niceplufri
2679 5725 2742 5775 ad
2808 5720 3228 5792 patriarcharum
3277 5736 3385 5787 ele-

1840 5793 2018 5844 ctione
2074 5791 2193 5843 ride
2219 5793 2272 5844 in
2301 5791 2610 5861 hujusVita
2648 5794 2707 5847 15
2751 5791 2921 5848 hlartii
2951 5815 3097 5854 num.
3129 5801 3214 5853 ⁸21.
