3926 6442
520 383 625 448 839

1690 370 1752 429 S.
1782 361 2176 428 THEODORI
2214 359 2559 422 STUDITzE

3624 352 3729 415 810

521 508 684 564 quam
714 490 882 554 enim,
902 485 1199 544 secundum
1222 483 1492 545 Canones,
1526 481 1595 535 ah
1613 480 1786 543 illius,
1815 487 2068 547 tanquam

2202 472 2385 543 ιραχὺς
2405 471 2436 522 6
2463 469 2671 540 χρόνος,
2702 466 2796 520 καὶ
2827 467 2859 536 ἡ
2895 465 2993 535 τῆς
3033 462 3323 525 κακώσεως
3369 460 3633 530 ἐπιφορά,
3669 459 3730 514 τὸ

522 599 554 637 a
610 580 898 650 serpentis,
958 573 1342 631 communione
1414 586 1514 626 nos
1571 568 2071 640 sequestravimus;

524 674 784 728 continuo
831 669 1120 724 adfuerunt
1175 681 1204 720 a
1247 664 1462 720 Caesare
1523 661 1703 726 mina',
1765 671 1972 729 nosque
2020 657 2072 711 in

522 775 767 820 extremo
794 760 1106 817 discrimine
1133 756 1373 811 vidimus
1411 752 1760 810 constitutos.

573 938 661 994 56.
680 935 784 1003 Qui
797 934 998 1005 possim
1014 928 1407 986 multitudinem
1420 936 1686 983 terrorum
1701 924 2081 982 certaminum-

526 1045 654 1099 que.
678 1027 833 1081 nobis
859 1024 1052 1094 integri
1081 1021 1242 1075 unius
1269 1018 1397 1072 anni
1430 1017 1605 1087 spatio
1627 1017 1921 1079 illatorum,
1949 1027 2081 1083 pau-

525 1122 605 1176 cis
622 1117 840 1189 syllabis
860 1109 1176 1181 complecti?
1194 1110 1446 1179 velquam
1471 1121 1610 1176 saepe
1626 1104 1896 1168 accersiti,
1917 1117 2079 1172 quam

526 1225 667 1278 saepe
698 1207 885 1261 tentati
916 1205 1195 1267 fuerimus,
1221 1199 1515 1254 enarrare?
1539 1196 1720 1259 Novit,
1765 1196 1858 1265 qui
1889 1207 2080 1264 passus

526 1310 629 1362 est.
655 1300 856 1369 quique
881 1295 1106 1367 patienti
1124 1293 1398 1362 proximus
1426 1289 1614 1344 astitit.
1639 1287 1831 1341 Adfuit
1851 1286 2081 1354 denique

527 1392 776 1448 militaris
787 1390 1042 1460 phalanx,
1057 1395 1111 1441 et
1135 1383 1520 1439 monasterium
1548 1380 1833 1450 diligenter
1847 1379 1993 1432 circu
2002 1391 2083 1430 m-

529 1483 769 1546 vallavit,
801 1479 937 1533 adeo
970 1485 1031 1532 ut
1060 1489 1155 1529 nec
1180 1473 1395 1527 hiscere
1425 1469 1701 1537 cuiquam,
1743 1481 1842 1521 nec
1862 1464 2084 1519 omnino

528 1579 690 1639 caput
721 1567 914 1622 efferre
971 1563 1398 1634 permitteretur.
1450 1557 1600 1611 Intus
1649 1557 1892 1619 timores,
1951 1554 2084 1608 furis

529 1669 764 1713 terrores
785 1653 1226 1725 proponebantur
1269 1665 1332 1704 ac
1379 1649 1572 1703 minae:
1626 1647 1845 1716 quinam
1901 1654 2080 1700 autem

2179 561 2236 614 δὲ
2265 560 2459 624 αἴτιον,
2497 557 2692 627 Ἰωσὴφ
2723 559 2751 610 6
2783 554 3195 626 μοιχοζεύκτης,
3221 553 3282 606 τὸ
3307 551 3599 621 ἑγκόλπιον
3631 569 3731 604 καφ

2180 652 2295 718 κδν,
2324 653 2354 706 ό
2378 653 2476 722 τῆς
2511 650 2836 719 Ἐκκλησίας
2881 647 3151 716 τάραχος’
3191 637 3253 698 οὖ
3297 644 3508 714 ἐπειδὴ,
3545 643 3624 704 ὡς
3656 641 3732 694 ἱδν

2183 742 2380 811 δφεως,
2415 739 2714 802 κάωνικῶς
2740 739 2838 809 τὴν
2861 737 3143 790 κοινωνίαν
3170 732 3544 802 πεφεύγαμεν,
3576 735 3735 786 άπειρ

2183 833 2272 887 λαὶ
2308 833 2458 904 παρὰ
2488 830 2584 884 τοῦ
2624 832 2900 901 Καίσαρος
2923 869 2937 892 ,
2978 828 3070 880 ἐπὶ
3105 824 3267 897 ξυροῦ
3298 827 3346 878 οἱ
3374 825 3728 894 ἐνιστάμενα.

2250 923 2356 988 λς’.
2387 923 2496 975 Καὶ
2519 921 2635 983 πῶς
2663 920 2729 974 ἂν
2772 921 2829 972 ὲν
2879 919 3083 988 ὀλίγαις
3112 916 3396 978 συλλασαῐς
3439 914 3501 971 τὸ
3533 914 3735 988 πλῆθος

2179 1011 2286 1066 τῶν
2307 1009 2606 1082 τηνικαῦτα
2627 1007 3010 1078 ὑπαρχθέντων
3028 1006 3094 1059 δι’
3109 1006 3230 1058 ὅλου
3256 1004 3427 1064 ἔτους.
3448 1014 3737 1070 φοιιητρων

2180 1119 2240 1156 τε
2272 1103 2365 1156 καὶ⁵
2388 1100 2766 1171 άποστροφῶν,
2794 1097 3018 1166 ἀγώνων
3048 1113 3107 1149 τε
3153 1097 3249 1149 καὶ
3300 1091 3645 1164 πειρασμῶν,
3666 1090 3740 1142 διο

2183 1193 2495 1262 ηγήσαιμις
2534 1186 2686 1243 Οἶδεν
2722 1187 2892 1241 ταῦτα
2924 1188 2953 1241 6
3002 1186 3212 1249 παθὼν,
3244 1183 3339 1239 καὶ
3361 1184 3390 1235 6
3432 1183 3597 1250 ἐγγὺς
3640 1178 3736 1233 τοῦ

2184 1283 2442 1345 παθόντος
2483 1282 2784 1351 ἱστάμενος.
2809 1279 2990 1343 Τέλος,
3025 1275 3384 1349 στρατιωτικὴ
3403 1273 3616 1343 φάλαγξ
3640 1273 3739 1342 τὴν

2188 1373 2355 1445 μονὴν
2410 1372 2594 1442 κύκλῳ
2640 1370 2896 1440 άσφαλῶς
2958 1369 3445 1439 περιστοιχήσασα.
3496 1365 3574 1427 ὡς
3606 1364 3740 1434 μηδὲ

2184 1465 2382 1537 γρῦξαι
2423 1465 2456 1536 ἢ
2489 1462 2764 1535 προκύψαι
2805 1461 2926 1514 τινὰ
2957 1459 3092 1521 ὅλως
3138 1453 3572 1528 παραχωροῦσα’
3613 1453 3744 1506 ἔσω·

2187 1557 2277 1612 θεν
2292 1557 2465 1628 φόϐοι,
2494 1554 2688 1620 ἔξωθεν
2719 1553 2962 1622 πτόησις,
2978 1550 3198 1603 ἀπειλαὶ
3218 1548 3740 1620 παραπεμπόμεναι,

2186 1649 2280 1702 καὶ
2313 1650 2436 1711 τοὺς
2475 1645 2974 1717 παραπεμφθέντας
2999 1641 3200 1712 ἀφίημι
3233 1640 3412 1708 λέγειν
3460 1640 3600 1692 αἰδοῖ
3646 1635 3743 1689 τοῦ

529 1765 622 1804 eas
652 1752 1010 1817 proponerent
1041 1751 1262 1812 propter
1286 1739 1426 1794 sacri
1461 1739 1678 1793 habitus
1725 1737 2082 1793 reverentiam

2202 1741 2487 1809 σχήματος.
2517 1739 2621 1791 Oef:
2647 1735 2746 1807 τῆς
2773 1736 2866 1790 τοῦ
2915 1734 3109 1806 καιροῦ
3152 1733 3356 1804 φορᾶςι
3390 1730 3578 1793 Οὐδεὶς
3627 1742 3747 1800 σχεο

530 1841 708 1894 dicere
732 1834 1076 1906 supersedeo.
1118 1831 1161 1887 Ο
1213 1831 1570 1886 calamitatem
1621 1830 1766 1884 illius
1794 1829 2081 1899 temporis!

2202 1831 2274 1884 Ξὺν
2301 1829 2396 1884 τοῦ
2437 1829 2704 1901 ῥεύματος
2733 1826 3022 1897 ἀνώτερος,
3050 1825 3225 1887 οὐδεὶς
3263 1825 3291 1877 6
3327 1824 3396 1876 τὰ
3432 1822 3568 1891 ὀρθὰ
3602 1837 3746 1890 συμ-

531 1944 692 1984 nemo
720 1927 831 1981 fere
858 1925 958 1979 fuit
979 1923 1225 1992 superior
1271 1929 1404 1975 aestu
1431 1921 1521 1974 illo
1551 1929 1777 1975 cunctos
1809 1929 2089 2006 raptante;

2202 1921 2458 1975 δουλεύων
2478 1920 2572 1972 καὶ
2597 1917 2900 1986 ὲπαλείφων
2920 1918 2989 1970 τὰ
3011 1916 3154 1970 θεῖα’
3184 1913 3462 1983 ἀγαπητὸν
3479 1914 3526 1965 ει
3552 1911 3626 1983 μὴ
3653 1912 3749 1963 καὶ

534 2032 696 2073 nemo
741 2016 834 2085 qui
892 2024 1037 2068 recta
1067 2011 1337 2075 suaderet,
1379 2019 1469 2064 aut
1516 2024 1734 2064 causam
1789 2009 1882 2062 Dei
1924 2004 2093 2064 sustié

2202 2013 2325 2066 πολὺ
2365 2011 2725 2081 συμττνέονμη
2755 2008 2832 2080 ζσ)
2867 2008 2964 2078 τὴν
2996 2007 3162 2078 ὀργὴν
3193 2009 3303 2071 τοῖς
3330 2004 3615 2076 κρατοῦσι,
3653 2004 3750 2056 καὶ

537 2116 710 2161 neret.
770 2105 977 2158 Bonum
1059 2116 1124 2156 ac
1180 2099 1335 2153 valde
1404 2098 1735 2152 conveniens
1804 2097 2093 2151 videbatur

2202 2103 2248 2156 r6
2266 2119 2328 2169 γε
2348 2103 2728 2170 ἐλεεινότερον,
2745 2101 2853 2153 τῶν
2876 2099 3177 2170 ὁμοταγῶν.
3208 2099 3404 2168 Πέρας,
3429 2097 3496 2150 ἶν’
3530 2098 3590 2148 ὲν
3621 2113 3751 2148 συν·

537 2197 796 2251 ornnibus
830 2195 882 2248 in
927 2193 1186 2261 dignitate
1241 2189 1576 2254 constitutis,
1619 2203 1723 2241 non
1764 2202 2089 2256 exasperare

2202 2194 2335 2263 τόμῳ
2357 2194 2417 2246 τὸ
2451 2194 2556 2245 πᾶν
2593 2192 2947 2262 παραστήσω,
2964 2189 3186 2261 ἁρπαγὴ
3202 2191 3264 2242 ὲκ
3289 2189 3452 2259 μέσου
3476 2188 3576 2258 τῆς
3591 2187 3750 2241 ἁδελ-

540 2286 877 2342 iracundiam
920 2282 1234 2352 regnantis;
1267 2281 1397 2348 ipsis
1423 2282 1585 2333 etiam
1632 2279 1723 2348 qui
1758 2288 1914 2332 erant
1940 2278 2088 2345 ejus-

539 2377 660 2433 dem
687 2375 967 2430 nobiscum
1004 2372 1240 2438 ordinis,
1267 2371 1409 2439 quod
1433 2386 1564 2424 sane
1587 2379 1702 2424 erat
1730 2369 2091 2424 miserabilius

541 2469 803 2534 Denique.
833 2474 893 2519 ut
919 2462 1240 2532 compendio
1269 2477 1378 2516 rem
1428 2461 1729 2522 absolvam,
1781 2475 1848 2514 ex
1910 2459 2090 2512 medio

539 2557 792 2615 Fratrum
825 2555 936 2623 (25)
969 2570 999 2608 e
1024 2561 1184 2607 noctu
1217 2552 1426 2622 rapitur
1476 2552 1645 2612 Plato,
1693 2558 1879 2619 raptus
1911 2549 2089 2603 inclu-

543 2653 689 2707 ditnr
719 2647 946 2705 carceri.
1003 2645 1203 2699 Secuta
1244 2653 1327 2697 est
1383 2644 1499 2698 dies
1555 2642 1748 2712 synodi
1811 2641 2093 2705 habendae,

541 2742 611 2797 ad
642 2755 805 2810 quam
843 2738 987 2791 velut
1040 2734 1319 2790 maleficus
1348 2735 1612 2786 adductus
1654 2740 1736 2787 est
1773 2730 2092 2794 Pater,cum

543 2832 718 2887 tribus
749 2845 780 2885 e
809 2830 946 2891 suis,
992 2843 1086 2896 per
1120 2840 1340 2880 manum
1383 2823 1691 2876 militarem.
1727 2820 2092 2876 Miserandum

544 2922 950 2996 spectaculum!
984 2919 1164 2974 videre
1198 2931 1406 2979 senem,
1459 2922 1679 2984 prapter
1752 2913 2096 2967 imbecillita-

547 3028 654 3072 tem
688 3015 929 3069 humeris

545 3112 767 3163 dorsum
799 3102 996 3172 trajici,
1030 3103 1175 3154 velut
1205 3099 1477 3170 piaculum
1509 3097 1799 3167 quoddam.

2195 2287 2421 2354 φότητος
2454 2285 2766 2354 νυκτίωρος,
2801 2285 2897 2337 καὶ
2931 2281 3069 2352 μετὰ
3111 2283 3210 2349 τὴν
3245 2282 3499 2351 ἁρπαγὴν
3533 2280 3754 2349 κάθειιρ⁴

2204 2373 2304 2440 ξις,
2341 2374 2436 2428 καὶ
2478 2374 2615 2443 μετὰ
2665 2373 2941 2441 κάθειρξιν
2991 2372 3208 2425 συνόδου
3255 2372 3455 2443 ἡμέρα,
3510 2373 3608 2423 καὶ
3659 2372 3754 2423 ἐπὶ

2193 2465 2394 2534 ταύτης
2418 2466 2513 2518 σὺν
2543 2466 2722 2535 τρισὶν
2749 2463 2852 2516 ὑπὸ
2873 2466 3264 2534 στρατιωτικῆς
3282 2463 3462 2534 χειρὸς
3491 2463 3520 2515 6
3559 2463 3754 2532 Πατὴρ

2195 2558 2596 2626 παριστάμενος
2631 2556 2704 2616 ὡς
2743 2555 3066 2623 κακοῦργος.
3104 2553 3361 2606 Ἐλεεινον
3414 2551 3620 2620 θέαμα,
3662 2552 3755 2617 γέ-

2199 2661 2357 2714 ροντα
2387 2645 2625 2715 φοράδην
2655 2643 2714 2706 ἐξ
2761 2644 3045 2705 ἀσθενείας
3097 2644 3359 2712 ἀγόμενον
3391 2642 3487 2694 σὺν
3519 2645 3588 2711 τῇ
3624 2642 3757 2694 ἀλύ-

2197 2750 2303 2797 σει,
2332 2735 2398 2804 ἣν
2427 2737 2483 2787 ἐν
2509 2734 2585 2803 τῷ
2611 2735 2728 2787 ποδὶ
2761 2734 3143 2802 καθηλωμένος
3189 2732 3508 2803 ἐπεφέρετο,
3537 2734 3632 2784 καὶ
3662 2731 3755 2798 ἀφ’

2196 2824 2384 2893 ἑτέρου
2408 2825 2489 2887 είς
2517 2825 2700 2894 ἕτερον
2723 2817 2870 2895 ὦμον
2896 2824 3084 2896 ῶσπερ
3112 2841 3167 2877 τι
3215 2823 3346 2892 ἄγος
3388 2823 3759 2893 μεταριπτού-

2199 2934 2378 2987 μενον.

1005 3008 1428 3079 deportandum,
1483 3022 1606 3061 cum
1658 3020 1719 3059 ea
1777 3020 1882 3074 qua
1941 3005 2130 3074 pedem
2172 3006 2418 3064 induerat
2481 3020 2691 3076 catena,
2728 3011 2943 3074 adduci,
3005 3019 3165 3079 atque
3218 3009 3286 3064 ab
3319 3025 3425 3063 uno
3483 3007 3534 3061 in
3606 3007 3760 3062 aliud

617 3196 707 3249 '57.
740 3195 842 3258 Ah,
879 3192 984 3247 ah‘.
1045 3191 1280 3244 haeccine
1333 3187 1574 3258 synodici
1633 3186 1842 3240 ordinis
1897 3184 2098 3239 forma?

2278 3182 2378 3248 λζ’.
2419 3185 2564 3247 Atat,
2613 3183 2893 3254 συνοδικῆς
2955 3185 3208 3248 εὐταξίας
3252 3185 3625 3248 κατάστασιςῐ
3657 3187 3760 3238 οἶοι

549 3287 653 3342 hoc
681 3285 948 3356 judicium
981 3281 1191 3350 imperii
1225 3277 1564 3332 Christiani?
1596 3275 1652 3330 ln
1691 3291 1819 3345 quo,
1853 3275 2100 3341 obsecro,

550 3377 667 3432 haec
697 3375 1009 3443 discrepant
1043 3373 1111 3424 ab
1151 3371 1242 3434 iis,
1292 3385 1411 3438 qua:
1438 3369 1565 3422 olim
1602 3376 1722 3421 acta
1759 3366 2098 3420 latrocinan-

549 3468 684 3522 tium
713 3463 1086 3521 conciliabulis
1116 3469 1211 3514 aut
1263 3461 1420 3514 aliter
1452 3458 1519 3513 ad
1583 3459 1806 3512 haeresis
1861 3467 2099 3511 tutamen

551 3555 976 3626 imperitantium
1005 3553 1027 3606 τ
1067 3549 1132 3605 Ut
1161 3559 1363 3614 autem,
1418 3548 1565 3602 velut
1603 3547 1808 3600 ludicra
1836 3547 2103 3616 quaedam,

553 3647 823 3706 omittam,
850 3658 970 3712 qua:
997 3641 1213 3695 interim
1245 3648 1393 3710 gesta
1419 3647 1564 3702 sunt,
1601 3645 1656 3691 et
1685 3637 1924 3690 historia:
1954 3651 2104 3689 men-

553 3753 733 3792 suram
785 3751 880 3805 per
915 3750 972 3788 se
1013 3733 1234 3801 implere
1263 3737 1514 3800 possunt,
1562 3729 1814 3782 exsilium
1862 3726 2105 3781 decerni-

553 3836 662 3887 tur,
696 3835 746 3878 et
779 3826 828 3877 in
860 3839 965 3877 una
998 3821 1413 3876 suburbicarum
1451 3819 1748 3872 insularum
1786 3816 1896 3886 (26)
1947 3814 2105 3869 Pater

555 3926 739 3970 noster
769 3910 1374 3976 circumscribitur;uti
1409 3909 1569 3963 etiam
1617 3907 1784 3960 frater
1844 3922 1996 3960 mens
2052 3907 2103 3958 in

555 4009 712 4062 aliant
738 4007 938 4077 pariter
991 4003 1532 4061 aarurnnosissimam,
1552 3999 1640 4052 ubi
1673 3999 1739 4052 ad
1765 3996 2104 4051 incommoda

555 4097 731 4151 exsilii
769 4095 942 4165 ipsius
974 4092 1212 4148 carceris
1242 4090 1538 4145 firmissimi
1574 4088 1902 4143 accedebant
1935 4101 2104 4154 angu-

556 4188 694 4244 stia.
726 4188 768 4243 Ο
801 4202 980 4242 rerum
1012 4183 1472 4240 vicissitudinem!
1530 4176 1818 4235 sxculares
1857 4179 2105 4232 homines

559 4278 780 4332 fuerunt
813 4275 1094 4330 monachis
1126 4273 1493 4332 humaniores,
1519 4271 1684 4338 etqui
1718 4284 1830 4323 rem
1855 4269 2106 4321 audivere

559 4378 668 4423 non
697 4368 1078 4422 dubitaverunt
1110 4364 1177 4418 de
1203 4364 1335 4433 ipsis
1393 4361 1668 4431 judicibus
1703 4373 1911 4428 mquam
1967 4356 2108 4412 ferre

561 4461 935 4526 sententiam:
970 4457 1252 4512 manifeSta
1286 4455 1431 4507 enim
1457 4452 1648 4522 judicii
1677 4451 1939 4520 iniquitas
1970 4457 2104 4502 erat.

2206 3275 2596 3345 Χριστιανικῆς
2628 3273 2901 3343 βασιλείας
2953 3275 3257 3344 ὑπόληψιςὶ
3306 3275 3369 3326 Τί
3417 3275 3592 3328 ταῦτα
3649 3276 3762 3328 τῶν

2203 3366 2371 3419 πάλαι
2404 3365 2708 3435 λῃστρικῶς
2742 3366 3239 3436 συνεδρευόντων.ἢ
3268 3366 3440 3428 ἄλλως
3466 3368 3762 3437 αἱρετικῶς

2205 3456 2634 3524 βασιλευσάντων
2661 3458 3075 3526 ὲλλειπέστερας
3113 3460 3239 3520 Καὶ,
3276 3459 3360 3511 ἵνα
3401 3458 3589 3528 ῶσπερ
3634 3463 3764 3513 τινὰ

2205 3546 2424 3600 παιδιὰν
2456 3547 2524 3601 τὰ
2554 3548 2612 3600 ὲν
2653 3547 2800 3617 μέσῳ
2844 3548 3275 3617 παραδράμοιμι,
3312 3549 3551 3618 πληροῦν
3598 3551 3767 3606 δυνά-

2206 3656 2338 3709 μενα
2372 3638 2692 3706 συγγραφῆς
2736 3639 2952 3706 μέτρον,
3005 3637 3266 3707 κυροῦται
3297 3637 3498 3708 ἐξορίᾳ,
3533 3641 3627 3691 καὶ
3663 3657 3766 3692 περ

2205 3729 2497 3799 ριορίζεται
2525 3731 2553 3781 6
2581 3729 2766 3798 Πατὴρ
2791 3731 2847 3782 ὲν
2865 3730 2962 3798 μιᾷ
2977 3728 3083 3780 τῶν
3104 3727 3236 3796 πρὸς
3259 3727 3334 3798 τῷ
3384 3729 3534 3782 ἄστει
3551 3731 3764 3799 νήσων,

2204 3817 2387 3888 ῶσπερ
2423 3819 2516 3872 καὶ
2541 3822 2568 3872 6
2608 3820 2875 3890 ἡμέτερος
2936 3820 3163 3887 ἀδελφὸς
3201 3822 3259 3872 ἐν
3299 3821 3461 3892 ἑτέρᾳ
3501 3820 3767 3891 δυσχερε-

2206 3910 2395 3978 στάτῃ,
2469 3911 2604 3979 μετὰ
2658 3910 2751 3963 τοῦ
2810 3910 3168 3980 περιορισμοῦ
3227 3909 3321 3962 καὶ
3371 3911 3470 3981 τῆς
3512 3911 3768 3980 φυλακῆς

2207 3999 2470 4068 κραταιᾶς
2511 3999 2697 4068 οὔσης.
2730 4000 2793 4050 Ὢ
2847 4002 2945 4068 τῆς
2985 3998 3094 4051 τῶν
3159 3999 3498 4068 πραγμάτων
3547 4002 3762 4068 φορᾶςί

2205 4090 2324 4141 Τῶν
2356 4092 2633 4160 μοναστῶν
2653 4093 2700 4143 oi
2723 4093 2942 4159 μιγάδες
2960 4092 3450 4164 φιλανθρωπότεροι
3481 4094 3765 4160 γεγόνασι,

2206 4180 2299 4233 καὶ
2330 4181 2436 4232 τῶν
2469 4181 2668 4250 κριτῶν
2699 4184 2746 4233 οἱ
2780 4183 3049 4252 ἀκροαταὶ
3079 4183 3257 4252 κρίσιν
3288 4183 3504 4236 δικαίαν
3528 4183 3766 4248 ἐξοίσειν

2205 4270 2304 4324 οὐκ
2323 4271 2612 4324 ἐδεδίεισαν
2632 4290 2647 4306 ο
2695 4274 2957 4344 πρόδηλον
2972 4274 3078 4342 γὰρ
3093 4269 3159 4343 ἦν
3178 4273 3238 4325 τὸ
3255 4275 3763 4345 παρανομούμενον.

2219 4361 2443 4432 ’Λφίημι
2475 4364 2535 4415 τὸ
2567 4363 2815 4433 βαλανίον
2863 4368 3056 4428 ἐκεῖνο,
3089 4366 3176 4433 ἐφ’
3309 4369 3336 4419 6
3397 4366 3616 4436 κρατῶν
3671 4367 3765 4421 διὰ

2209 4449 2484 4518 φάλαγγος
2509 4454 2900 4524 στρατιωτικῆς
2918 4455 2980 4506 ὲκ
3002 4454 3098 4522 τῆς
3117 4455 3282 4525 μονῆς
3303 4455 3559 4522 ἁθροίσας
3578 4457 3768 4507 πᾶσαν

559 4549 826 4605 Praetereo
859 4549 1106 4603 balneum
1140 4545 1291 4610 illud,
1327 4545 1380 4598 iu
1408 4559 1515 4612 quo
1545 4543 1637 4612 qui
1696 4541 1892 4595 clausit
1944 4549 2098 4594 totam

2213 4542 2308 4611 τὴν
2339 4543 2695 4612 ἀδελφότητα,
2751 4549 2841 4597 καὶ
2905 4546 3240 4614 πειρώμενος
3299 4546 3606 4599 ύποκλίνειν
3666 4546 3767 4600 ἕνα

562 4641 975 4704 fraternitatem,
1003 4654 1068 4692 ex
1112 4635 1444 4691 monasterio
1490 4650 1651 4688 manu
1706 4631 1924 4686 militari
2003 4631 2114 4685 col-

563 4733 757 4787 lectam
777 4731 1105 4797 tentavitque
1138 4729 1204 4782 ad
1226 4743 1378 4781 suam
1409 4726 1732 4780 voluntatem
1760 4739 2116 4792 unumquem-

562 4839 668 4893 que
697 4822 968 4890 sigillatim
1006 4822 1289 4883 inclinare,
1348 4834 1440 4886 spe
1473 4833 1568 4872 sua
1621 4816 1861 4881 excidit;
1921 4816 2116 4868 sensit-

563 4929 670 4985 que
720 4922 986 4983 potestate
1018 4927 1115 4966 sua
1149 4910 1480 4980 potentiores
1517 4924 1658 4970 esse,
1687 4908 1884 4978 quibus
1915 4908 1997 4961 lex
2023 4906 2114 4960 Dei

565 5018 673 5073 prae
703 5002 1003 5054 oculisest.
1049 4998 1314 5051 Praetereo
1369 5009 1613 5049 carceres
1661 4993 1712 5046 in
1764 4991 2108 5045 monasteriis

563 5095 881 5150 constitutos
917 5104 1207 5159 eorumque
1240 5087 1492 5143 custodes
1542 5085 1880 5156 Hegumenos
1935 5084 2106 5153 ipsos,

2211 4631 2436 4685 ἕκαστον
2479 4635 2611 4700 πρὸς
2653 4635 2713 4688 τὸ
2750 4636 2899 4704 σφῶν
2968 4635 3195 4704 θέλημα,
3237 4637 3604 4707 ἀπετύγχανεν
3653 4639 3768 4691 τῶν

2212 4723 2462 4788 ἐλπίδων,
2497 4726 2681 4794 ῂσθεὶς
2708 4727 2800 4780 τοῦ
2841 4729 3043 4782 οἰκείου
3070 4731 3302 4798 κράτους
3333 4732 3768 4802 κραταιοτέρους

2211 4808 2351 4865 εἶναι
2386 4816 2511 4878 τοὺς
2555 4815 2632 4885 τῷ
2682 4818 2809 4888 θείῳ
2839 4819 2989 4889 νόμῳ
3013 4820 3476 4890 ὲπερειδομένους.
3513 4819 3767 4892 Παρῐημι

2210 4901 2308 4965 τὰς
2336 4904 2390 4956 ὲν
2421 4907 2530 4967 τοῖς
2550 4907 2785 4976 σεμνίοις
2807 4908 3070 4975 φυλακὰς,
3100 4911 3194 4963 καὶ
3223 4911 3348 4975 τοὺς
3384 4913 3769 4982 φρουράρχους

2216 4994 2568 5063 ἡγουμένους,
2607 4997 2928 5072 πλείωτῶν
2992 5004 3376 5072 ἐπιταγμάτων
3431 5005 3605 5068 ἐνίους
3665 5024 3770 5059 κα⁴

2217 5083 2442 5149 κοῦντας
2496 5090 2619 5152 τοὺς
2676 5092 3119 5164 καθειργμένους.
3181 5096 3534 5166 Παραδραμεῐ
3574 5115 3668 5167 μοι
3694 5099 3770 5152 τὰ

2046 5217 2279 5273 NOTAE.

636 5325 701 5393 (j)
726 5323 860 5376 Cum
898 5321 1172 5397 integrum
1204 5317 1337 5370 satis
1369 5331 1586 5397 sensum
1641 5313 1938 5397 habeamus
1963 5311 2296 5397 inversione
2330 5313 2732 5397 Sirleti,_l_iquet
2757 5325 3025 5397 ecgrapho
3051 5333 3237 5380 nostro
3259 5327 3420 5380 verba
3443 5329 3621 5397 aliqua
3670 5333 3768 5387 dc-

564 5381 752 5459 fuisse,
776 5407 896 5461 qua
922 5381 1408 5457 per'conjectnrnm
1438 5385 1838 5453 interpretando
1865 5381 2105 5449 suppleri
2134 5396 2147 5442 ;

635 5509 746 5579 (‘25)
792 5507 1016 5579 Sitjletus
1039 5513 1200 5579 totam
1238 5501 1622 5579 fraternitatem
1659 5507 1865 5568 raptam
1900 5498 1957 5548 in
1996 5510 2115 5574 car-

565 5566 742 5634 cerem
772 5576 980 5635 scribit,
1001 5574 1142 5642 quod
1165 5588 1284 5625 cum
1311 5571 1497 5642 Grmco
1538 5566 1816 5642 textuaion
1844 5566 2115 5642 convenit,

566 5649 656 5769 υξί
689 5662 944 5715 expresse
982 5635 1217 5713 ponitur,
1267 5639 1485 5710 ἁρπαγὴ
1541 5641 1601 5691 ὲκ
1635 5638 1798 5708 μέσου
1836 5635 2118 5704 τῆς.ἁόελο

570 5738 605 5769 ω
642 5734 818 5769 τητος.

570 5734 818 5786 φοτητος.

2202 5382 2287 5435 hic
2331 5387 2460 5439 nihil
2491 5382 2650 5456 addo',
2680 5382 3042 5448 satis'habens
3070 5397 3334 5449 defectum
3373 5382 3656 5453 indicasse.

2227 5568 2237 5577 ι
2295 5499 2405 5580 (in)
2441 5502 2495 5555 ln
2537 5505 2654 5559 Vita
2767 5506 3270 5580 Theodori,dicitur
3298 5510 3383 5563 hic
3411 5511 3680 5580 relegatus
3707 5515 3768 5569 in

2225 5573 2454 5653 insulam
2512 5578 2824 5653 quamdam,
2857 5592 2919 5653 ex
2976 5578 3042 5653 iis
3067 5593 3184 5653 qua:
3217 5581 3473 5653 prosima:
3511 5573 3634 5635 s'unt
3661 5584 3769 5653 By-

2225 5646 2403 5723 santio
2430 5660 2439 5692 :
2469 5646 2652 5723 eadem
2698 5649 2939 5723 pmnajn
2993 5646 3298 5723 .losephum
3318 5648 3537 5703 fratrem
3563 5661 3613 5704 et
3647 5646 3771 5707 Pla-

2225 5717 2401 5762 tonem
2470 5716 2764 5780 sapientem
2848 5716 3575 5788 decreta;’haudquaquam
3662 5738 3769 5776 una
