3926 6498
175 467 269 532 841

847 464 1126 526 ORATIO
1167 466 1271 524 XI.
1301 491 1366 501 --
1399 463 1776 524 LAUDATIO
1817 462 1875 521 S.
1918 461 2283 522 PLATOle
2327 461 2756 523 IIEGUMENI.

3300 463 3403 526 842

181 579 502 647 μετέπειτα,
533 577 692 646 ήνίκα
741 578 1034 645 ἀπαγωγαὶ
1095 579 1186 629 καὶ
1246 579 1581 646 μεταγωγαι,
1617 576 1739 627 διω·

1864 574 2002 628 ilura
2071 576 2234 629 etiam
2269 590 2428 645 quam
2455 576 2778 645 jussi-erant
2816 575 2954 629 mala
2982 577 3205 632 inclusis
3265 578 3407 633 infe-

176 670 307 738 γμοὶ
339 669 436 721 καὶ
463 667 773 736 ὲξετασμοὶ,
823 667 1183 738 διαχωρισμοί
1226 685 1282 719 τε
1315 663 1381 721 αὖ
1434 667 1528 721 καὶ
1557 667 1745 735 ἀφοριο

177 763 320 830 σμοὶ,
345 762 571 815 ἀπειλαί
606 778 664 813 τε
691 761 786 814 κα)⁵
810 763 991 831 ὀργαὶ,
1021 761 1315 832 ἐρωτήσεις
1367 779 1427 814 τε
1499 761 1593 813 καὶ
1621 762 1746 812 ἀντ-

178 855 527 926 αποκρίσεις,
570 853 666 906 καὶ
694 855 722 906 6
750 854 807 906 ὲν
834 855 984 924 πάσῃ
1009 857 1075 924 τῇ
1110 854 1262 906 πόλει
1288 853 1653 923 κωδωνισμδς,
1671 854 1743 922 μή

176 945 252 1006 τίς
301 961 408 996 που
432 943 730 1014 κρύπτοιτο
758 942 932 996 λαθὼν
961 943 1070 996 τῶν
1117 942 1382 1011 ἀδελφῶν,
1416 942 1491 1005 ὡς
1540 943 1633 995 καὶ
1669 944 1746 1004 εἰς

175 1037 311 1098 ὀπὰς
365 1036 466 1106 τῆς
531 1038 631 1106 γῆς
685 1036 794 1088 δέει
843 1035 956 1088 τῶν
1017 1034 1258 1088 διωκτῶν
1309 1051 1431 1088 τινα
1476 1033 1747 1102 διασωθῆ-

177 1143 283 1179 ναι.

244 1383 348 1452 λη’.
379 1381 490 1436 Καὶ
523 1381 696 1434 ταῦτα
726 1380 866 1450 ὑπὲρ
909 1380 1087 1445 τίνος;
1115 1381 1306 1446 (Πάλιν
1355 1381 1464 1452 γὰρ
1502 1382 1744 1450 ἀναλαμ-

179 1475 358 1527 ϐάνειν
393 1472 656 1539 ἐκπλήξει
694 1471 754 1523 τὸ
786 1472 969 1540 δρᾶμα
990 1472 1552 1540 περιπονοῦμαι.)”1να
1577 1476 1604 1526 6
1627 1491 1746 1525 στε-

180 1567 433 1636 φανώσας
480 1565 606 1626 τοὺς
665 1563 1035 1632 μοιχωμένους
1075 1563 1227 1633 παρὰ
1284 1564 1344 1616 τὸ
1391 1565 1742 1631 Εὑαγγέλιον,

181 1659 320 1710 κατὰ
351 1655 628 1708 ἀντίθεσιν
655 1654 761 1706 ’τοῦ
797 1654 1132 1724 Προδρόμου,
1165 1654 1240 1716 ὡς
1287 1655 1596 1723 οἰκονομίαν
1635 1671 1740 1706 σω-

181 1749 362 1818 τήριον
385 1748 452 1815 τῇ
501 1743 803 1815 Ἐκκλησία
823 1745 1138 1813 πεποιηκὼς
1155 1742 1382 1812 ἁθωωθῇ
1409 1746 1709 1813 ἱερουργεῖν
1726 1759 1740 1774 ⁸

180 1837 272 1889 καὶ
300 1837 350 1889 οἱ
381 1835 575 1888 τοῦτον
601 1835 675 1904 μή
713 1835 1063 1904 προσιέμενοι
1096 1833 1489 1902 εὐαγγελικῶς,
1524 1835 1744 1906 ἕκνομοι

182 1929 272 1982 καὶ
301 1926 730 1998 ἠλλοτριωμένοι
757 1926 768 1976 !
801 1926 864 1979 Ὢ
888 1925 1114 1977 διώκετον
1152 1923 1372 1995 πικροῦ,
1415 1926 1742 1995 Χριστιανοῦ
1779 1906 1817 1958 Β

184 2017 553 2086 προσηγορίαν
580 2015 815 2084 ἔχοντος,
856 2016 949 2067 καὶ
998 2013 1234 2084 Χριστοῦ
1269 2016 1465 2083 νόμους
1496 2032 1743 2067 καταπα-

181 2109 386 2160 τεῖσθαι
426 2107 678 2170 ζέοντοςί
717 2106 780 2158 Τί
809 2105 950 2158 οὕτω
982 2105 1255 2175 μέμηνας,
1298 2105 1625 2176 βαρυκάρδιε
1653 2107 1745 2159 καὶ

182 2197 546 2266 ἀπηνέστατε,
594 2197 689 2247 σὺν
731 2194 808 2264 τῷ
873 2196 1162 2266 ὁμοτρόπῳ
1206 2211 1298 2246 σου
1350 2194 1605 2265 exutis/t9;
1636 2195 1748 2249 Οὐκ

181 2289 446 2342 οἷσοα’δτι
479 2288 612 2357 πρὸς
642 2287 945 2356 ἀηττήτους
999 2287 1197 2356 νόμους
1258 2286 1392 2339 Θεοῦ
1423 2288 1749 2360 παραστήσῃ

182 2380 271 2442 ιῦς
324 2379 503 2440 οὐδεὶς
554 2378 986 2448 βασιλευσάντων
1071 2378 1359 2445 νενίκηκε;
1406 2378 1482 2449 μὴ
1523 2379 1604 2430 ὅτι
1686 2394 1748 2445 γε

183 2472 273 2522 καὶ
333 2469 722 2540 προσκρούσας
772 2469 955 2532 αὐτοῖς
1017 2469 1091 2530 ῶς
1129 2471 1215 2531 σὺ,
1267 2468 1578 2540 περιφανῶς
1643 2469 1749 2522 ὰπ-

185 2577 374 2614 ωιετο.

254 2845 359 2898 λο’.
403 2841 551 2896 Ἀλλ’
579 2841 622 2894 ὦ
651 2842 663 2894 !
698 2841 814 2905 πῶς
850 2844 1098 2914 ἀπήγετο
1120 2844 1148 2896 6
1167 2841 1261 2895 τοῦ
1289 2841 1422 2895 Θεοῦ
1462 2841 1752 2913 θεράπων;

190 2937 273 2987 ἐπ’
305 2933 472 2987 αὐτὸν
498 2932 605 3001 γὰρ
652 2932 938 3002 ὲπανίημι.
985 2932 1177 3004 Πάλιν
1206 2931 1624 3008 μεθοριζόμενος
1665 2934 1756 2982 καὶ

191 3029 353 3080 πάλιν
379 3024 758 3094 διασπώμενος
793 3025 898 3078 ὑπὸ
922 3024 1066 3078 δυοῖν
1099 3022 1158 3076 τε
1205 3023 1642 3094 σκηριπτόμενος
1666 3023 1754 3075 διὰ

191 3122 248 3172 το
279 3121 356 3190 μὴ
400 3117 604 3186 ἰσχύειν
636 3117 717 3169 ἔτι
771 3117 1107 3186 προϐαίνειν,
1157 3116 1443 3184 ἑλκόμενος
1469 3114 1537 3168 αὖ
1569 3131 1629 3166 τε
1666 3113 1757 3166 καὶ

1851 675 2050 718 rentes.
2108 664 2374 719 Prmtereo
2409 681 2530 734 quae
2564 673 2749 734 postea
2797 663 2938 718 facta
2991 675 3140 727 sunt,
3186 671 3406 736 quando

1849 753 1993 808 aliud
2024 755 2155 808 nihil
2188 756 2376 809 audire
2405 765 2520 809 erat
2569 769 2732 824 quam
2791 755 3167 820 abductiones,
3220 757 3406 810 tradu-

1849 844 2076 908 ctiones,
2113 846 2540 914 persecutiones,
2573 847 2919 915 quaestiones,
2991 846 3406 915 disjunctiones,

1850 937 2226 1005 relegatioucs,
2261 942 2456 1003 minas,
2486 938 2717 1002 furores,
2766 938 3231 1006 investigationes;
3265 948 3408 993 totao

1848 1040 1956 1095 que
1981 1027 2113 1082 urbe
2135 1035 2534 1097 perstrepentes
2552 1028 3023 1096 proclamationes;
3047 1044 3113 1081 ne
3127 1029 3251 1097 quis
3279 1028 3408 1082 Fra-

1847 1127 1990 1170 trum
2033 1118 2242 1186 uspiam
2271 1117 2442 1173 latens
2471 1119 2937 1183 absconderetur;
2971 1119 3106 1172 adeo
3142 1129 3200 1172 ut
3236 1120 3289 1172 in
3314 1134 3410 1173 ca-

1847 1210 2028 1264 vernis
2055 1217 2229 1274 terrze,
2265 1221 2677 1280 persecutorum
2711 1221 2878 1274 metu,
2913 1212 3142 1264 salutem
3171 1213 3405 1280 quaesie-

1850 1300 1958 1352 rint
1986 1300 2176 1368 aliqui.

1917 1391 2005 1444 58.
2036 1390 2158 1445 Haec
2179 1399 2356 1446 autem
2372 1393 2552 1447 omnia
2574 1408 2679 1462 qua
2705 1393 2771 1447 de
2788 1408 2955 1450 causa
2980 1397 3004 1450 ?
3032 1397 3245 1467 (iterum
3262 1397 3406 1452 enim

1847 1496 1956 1550 pne
1986 1481 2340 1537 admiratione
2384 1498 2546 1553 cogor
2596 1499 2706 1538 rem
2753 1489 3068 1554 exponere.)
3115 1487 3184 1542 Ut
3215 1503 3409 1556 nempe

1848 1571 1894 1624 is
1931 1571 2021 1639 qui
2067 1572 2344 1626 adulteros
2410 1583 2764 1628 coronaverat
2801 1583 2991 1628 contra
3055 1574 3405 1645 Evangelium

1845 1670 1898 1714 et
1930 1674 2120 1716 contra
2145 1663 2508 1718 Prtecursoris
2557 1667 2888 1734 exemplum,
2924 1675 3182 1736 tanquam
3217 1666 3408 1721 Eccle-

1847 1749 1939 1805 siae
1981 1751 2096 1803 utili
2127 1751 2454 1806 discretione
2483 1768 2634 1817 usus,
2673 1753 2892 1821 impune
2927 1755 3099 1809 sacris
3145 1769 3402 1823 operare-

1849 1850 1976 1894 tur:
2012 1843 2214 1910 quique
2243 1842 2418 1906 illum,
2485 1844 2814 1914 evangelicis
2863 1845 3148 1913 praeceptis
3194 1846 3408 1899 obtem-

1847 1941 2119 2000 perantes,
2172 1948 2280 1987 non
2347 1933 2708 1996 admitterent,
2747 1934 2896 2002 impii
2925 1950 2954 1988 a
2986 1934 3204 2005 Deoque
3232 1937 3395 1990 alieni

1848 2022 2216 2086 crederentur,
2262 2019 2307 2076 Ο
2360 2023 2557 2077 divinae
2595 2024 2728 2094 legis
2776 2026 3313 2092 praevaricationem!
3375 2042 3408 2080 ο

1849 2111 2104 2165 acerbum
2137 2123 2566 2182 persecutorem,
2629 2114 2720 2183 qui
2747 2129 2946 2169 nomen
2979 2116 3274 2171 Christiani
3336 2115 3411 2169 ie-

1848 2219 1995 2268 rens,
2047 2205 2250 2261 Christi
2285 2207 2427 2276 leges
2486 2209 2817 2263 conculcare
2873 2209 3194 2279 satagebat!
3265 2210 3408 2276 Quid

1851 2306 2000 2350 tanto
2046 2296 2229 2352 furore
2281 2299 2418 2367 agis,
2449 2313 2480 2352 ο
2525 2300 2711 2368 gravis
2759 2300 2924 2354 corde
2956 2309 3008 2354 et
3042 2301 3410 2356 inclementis-

1851 2402 2008 2452 sume,
2038 2403 2141 2441 una
2173 2404 2292 2442 cum
2326 2389 2485 2443 simili
2521 2390 2614 2442 tibi
2646 2390 2826 2445 catulo
2855 2391 2969 2462 (27)
2996 2392 3041 2445 ?'
3071 2391 3253 2448 Nescit
3281 2396 3409 2464 quia

1855 2477 2051 2530 bellum
2104 2477 2200 2531 tibi
2228 2486 2308 2531 est
2351 2479 2610 2533 adversus
2643 2479 3040 2549 insuperabile:
3107 2483 3200 2536 Dei
3241 2484 3407 2552 leges,

1852 2578 2036 2622 contra
2112 2583 2247 2636 quas
2311 2577 2433 2622 ante
2481 2577 2531 2623 te
2591 2569 2976 2638 imperantium
3037 2587 3197 2627 nemo
3252 2574 3412 2629 vieto-

1853 2661 1987 2714 riam
2042 2661 2310 2714 obtinuit?
2363 2661 2608 2730 quinimo
2638 2663 2978 2732 quiscunque
3029 2665 3129 2728 eis,
3185 2667 3262 2720 uti
3329 2676 3409 2733 tu,

1855 2751 2084 2814 restitit,
2123 2751 2314 2807 incidit
2338 2751 2390 2806 in
2416 2751 2760 2806 manifestum
2783 2753 3028 2807 exitium.

1925 2842 2012 2896 59.
2045 2841 2148 2896 Sed
2189 2844 2257 2896 o!
2295 2859 2402 2912 qua
2433 2843 2644 2898 ratione
2687 2843 2952 2899 abductus
2998 2854 3082 2900 est
3121 2845 3209 2900 Dei
3240 2844 3413 2901 famu-

1858 2929 1941 2985 lus
1963 2931 1985 2983 ?
2010 2931 2076 2984 ad
2129 2931 2281 2985 illum
2315 2931 2460 2985 enim
2514 2932 2806 2986 revertitur
2858 2933 3052 2987 oratio.
3087 2932 3300 2990 Rursus
3320 2936 3416 2990 're-

1857 3018 2085 3086 legatus,
2153 3035 2342 3076 rursus
2389 3022 2684 3076 distractus
2736 3036 2763 3075 a
2821 3023 2996 3088 nobis,
3031 3034 3084 3078 et
3123 3037 3154 3077 a
3204 3024 3416 3080 duobus

1862 3108 2174 3162 hominibus
2211 3119 2533 3178 protrusus;
2576 3125 2641 3165 eo
2694 3113 2839 3180 quod
2898 3114 3130 3182 amplius
3168 3117 3418 3186 prOgredi

194 3210 644 3282 περισυρόμενος,
677 3210 772 3261 καὶ
802 3208 997 3277 θρῆνον
1019 3207 1263 3276 ἐμποιῶν
1279 3207 1377 3274 τῆς
1405 3205 1589 3259 ἀδίκου
1617 3204 1756 3272 πράέ

1864 3199 2127 3267 nequiret,
2182 3201 2502 3254 trahebatur
2547 3202 2764 3267 iterum,
2789 3204 3236 3276 raptabaturque,
3272 3214 3326 3259 et
3352 3208 3417 3260 ad

195 3303 324 3365 ξεως
393 3301 491 3353 καὶ
543 3301 724 3362 αὐτοῖς
788 3299 900 3360 τοῖς
959 3297 1300 3367 ἀναισθήτοις
1349 3295 1536 3358 λίθοις.
1570 3295 1758 3348 Βοὰτω

193 3393 364 3446 ταῦτα
393 3394 421 3445 6
445 3391 540 3443 τοῦ
573 3390 895 3461 περιϐοήτου
934 3388 1209 3460 μάρτυρος
1233 3389 1531 3457 Μάμαντος
1548 3388 1724 3456 χῶρος
1741 3403 1754 3417 ·

194 3481 457 3552 γραφέτω
485 3480 721 3549 ταῦταή
777 3481 1160 3551 φρουρήσασα,
1198 3479 1337 3549 μετὰ
1386 3479 1484 3547 τὴν
1535 3477 1758 3546 πρώτην

195 3573 284 3626 τοῦ
312 3570 546 3638 ἀδελφοῦ
579 3572 839 3640 φρουρὰν,
871 3571 962 3621 τὸν
1025 3570 1127 3638 τῆς
1181 3569 1464 3631 εὐσεϐείας
1521 3568 1759 3637 φρουρὸν

196 3664 339 3727 ὀξεῖα
374 3665 559 3731 νῆσος.
590 3661 695 3714 Φεῦ
719 3662 819 3730 τῆς
851 3661 1154 3730 ἀναλγήτου
1206 3659 1452 3730 καρδίας,
1499 3659 1626 3724 τῶν,
1661 3659 1760 3711 οὐκ

196 3751 286 3807 οἷδ’
307 3756 461 3816 ὅπως
491 3753 782 3823 εὐπρεπῶς
827 3753 1058 3822 εἴποιμι,
1090 3738 1566 3821 στρατιομονάχων
1591 3749 1763 3817 φυλά-

199 3847 339 3899 κωνί
383 3847 608 3898 Ἕθεντο
643 3845 734 3896 τὸν
772 3845 976 3898 δίκαιον
1024 3843 1319 3914 μονώτατοι
1365 3844 1439 3905 ὡς
1481 3844 1538 3893 ὲν
1578 3843 1762 3910 λάκκῳ

200 3938 500 4005 κατωτάτω
533 3937 590 3987 ιν
614 3953 718 3987 τινι
752 3935 936 4004 κέλ).ῃ,
980 3934 1389 4004 τετρυχωμένον
1427 3933 1528 4003 ἤδη
1563 3932 1638 4000 τῷ
1667 3934 1764 4002 γή-

202 4047 280 4096 ρει
313 4030 408 4080 καὶ
444 4029 510 4096 τῇ
544 4025 684 4095 νόσῳ
734 4024 1056 4094 βαλλόμενον
1079 4042 1092 4056 ο
1118 4025 1307 4077 εἴασαν
1347 4024 1434 4091 ὑφ’
1472 4023 1552 4075 stt
1572 4023 1761 4093 δούλῳ,

200 4122 245 4173 οἱ
279 4118 458 4172 δοῦλοι
483 4117 592 4170 τῶν
636 4119 786 4171 κάτω
838 4118 932 4170 καὶ
1008 4116 1101 4168 τοῦ
1146 4116 1444 4186 Καίσαρος,
1489 4115 1576 4168 τὸν
1623 4115 1765 4167 ὅσιον

202 4209 345 4273 ἅπαξ
371 4212 435 4279 τῇ
469 4209 650 4278 ἡμέρα
677 4207 708 4279 ἢ
741 4207 821 4269 δὶς
846 4205 1252 4276 ὑπηρετεῖσθαι.
1291 4205 1588 4258 Ἦντιϐό).ει
1622 4208 1650 4257 6
1677 4205 1766 4272 γέ-

203 4318 306 4369 ρων
339 4300 804 4371 μετακομίζεσθαι
836 4300 971 4370 πρὸς
998 4300 1301 4366 ἀναγκαίαν
1341 4297 1530 4368 χρείαν
1548 4296 1641 4349 τοῦ
1665 4296 1766 4348 σώα

205 4409 366 4459 ματος
392 4389 495 4463 [τι]
529 4391 624 4443 καὶ
649 4393 677 4442 6
701 4389 970 4459 δυσμενὴς
992 4388 1283 4450 ὠνείδιζεν·
1309 4387 1450 4457 ᾔτει,
1477 4388 1584 4437 τῶν
1629 4384 1770 4437 κατὰ

205 4483 296 4552 τὴν
314 4481 605 4534 ἀσθένειαν
629 4479 971 4549 ἐπιτηδείων,
999 4478 1090 4532 καὶ
1106 4480 1133 4531 ὁ
1148 4479 1443 4547 δύστροπος
1465 4477 1584 4528 κατ’
1603 4474 1766 4527 αὑτοῦ

1861 3289 2134 3357 planctum
2167 3305 2262 3358 pro
2313 3292 2630 3361 indignitate
2669 3293 2926 3350 facinoris
2977 3299 3228 3352 movebat
3273 3299 3420 3366 ipsos

1860 3379 2020 3431 etiam
2061 3379 2403 3434 insensibiles
2451 3382 2678 3449 lapides.
2729 3381 2976 3438 Testetur
3025 3385 3140 3439 haec
3194 3387 3423 3457 insignis

1862 3467 2112 3539 Martyris
2145 3469 2433 3525 Mamantis
2488 3471 2698 3543 Regio;
2739 3475 2962 3538 scribat,
2991 3490 3114 3545 qua:
3162 3488 3285 3546 post
3312 3482 3419 3547 pri-

1861 3574 2004 3612 mam
2032 3559 2217 3615 fratris
2247 3563 2347 3616 mei
2380 3565 2683 3616 custodiam
2738 3565 3017 3618 custodem
3053 3568 3272 3635 pietatis
3310 3571 3423 3623 vin-

1862 3660 2006 3703 ctum
2039 3651 2246 3715 habuit,
2286 3652 2515 3720 abrupta
2537 3653 2738 3707 insula.
2775 3653 2887 3708 Vah
2928 3657 3154 3711 immitia
3183 3672 3421 3728 pectora,

1863 3745 2328 3799 monachorumue
2363 3746 2562 3809 dicam,
2599 3763 2666 3801 an
2711 3748 2982 3815 militum,
3030 3750 3230 3819 quibus
3271 3768 3422 3808 com-

1864 3835 2031 3889 missa
2093 3834 2278 3891 Sancti
2333 3839 2580 3893 custodia
2623 3841 2966 3896 fuit?solum
3006 3861 3152 3909 eum,
3185 3848 3332 3903 velut
3370 3850 3423 3904 in

1864 3927 1981 3981 lacu
2022 3929 2286 3993 inferiori,
2318 3942 2621 3999 posuerunt
2653 3932 2707 3986 in
2737 3934 2871 3989 cella
2904 3937 3158 4005 quadam,
3188 3940 3299 4010 jam
3342 3958 3428 3998 se-

1867 4019 1956 4071 nio
1989 4019 2295 4074 confectum
2337 4030 2390 4075 et
2429 4023 2621 4077 morbo
2651 4035 2967 4092 gravatum;
3000 4030 3181 4098 ibique
3205 4047 3236 4086 a
3279 4047 3427 4086 man-

1865 4113 2009 4181 cipio
2041 4127 2169 4178 uno,
2197 4113 2298 4183 ipsi
2329 4114 2600 4183 mancipia
2633 4117 2819 4171 mundi
2862 4120 3224 4188 Caesarisque,
3258 4122 3424 4176 facie-

1868 4203 1997 4256 bant
2047 4203 2096 4256 ei
2151 4204 2447 4257 ministrari
2506 4205 2672 4259 semel
2704 4216 2799 4260 aut
2839 4208 2922 4260 bis
2971 4209 3159 4264 indie.
3189 4211 3430 4282 Rogabat

1869 4308 2028 4345 senex
2056 4291 2236 4345 afferri
2289 4293 2391 4347 sibi
2442 4295 2720 4365 quidpiam
2752 4297 2819 4350 ad
2860 4299 3104 4367 corporis
3137 4304 3430 4357 necessita-

1869 4393 1994 4444 tem,
2055 4391 2109 4436 et
2163 4383 2362 4438 efferus
2421 4385 2511 4438 ille
2564 4387 2666 4440 hoc
2696 4388 2744 4440 ei
2774 4390 3136 4457 exprobrabat
3169 4411 3180 4445 :
3213 4396 3430 4459 petebat

1870 4473 2069 4542 aliquid
2117 4474 2306 4528 morbo
2359 4487 2766 4546 congruum,et
2815 4480 3017 4533 ostium
3049 4482 3097 4535 ei
3145 4483 3430 4539 claudebat

205 4574 294 4641 τὴν
331 4572 510 4642 θύραν
535 4570 744 4622 ἐκλειεν
769 4586 783 4602 -
810 4569 904 4621 καὶ
928 4568 1104 4622 ταῦτα
1128 4569 1517 4636 ὑφιστάμενος,
1542 4564 1758 4634 ἀνεξάρ-

1870 4565 2170 4619 barbarus:
2205 4576 2258 4620 et
2291 4567 2404 4622 hac
2436 4569 2710 4624 sustinens
2744 4580 2984 4634 sanctus,
3015 4572 3205 4628 firmus
3249 4576 3300 4627 in
3332 4592 3430 4630 sua

206 4681 355 4734 ιητος
379 4666 481 4732 τῆς
512 4661 682 4730 καλῆς
712 4660 1017 4729 ὁμολογίας,
1052 4655 1118 4729 ἦς
1147 4658 1499 4728 ὡμολόγησεν
1538 4655 1767 4707 ἐνώπιον

207 4756 336 4808 Θεοῦ
391 4756 488 4807 καὶ
540 4751 862 4820 ἀνθρώπων.
904 4750 1119 4819 Ἐπειδὴ
1168 4749 1224 4801 δὲ
1281 4750 1344 4800 ὲκ
1387 4748 1484 4817 τῆς
1515 4745 1767 4816 τοιαύτης

208 4845 543 4916 καθείρξεως
584 4841 967 4912 νοσηλεύεσθαι
1016 4841 1180 4894 αὑτὸν
1239 4839 1582 4892 ὲπιθανάτιον
1630 4837 1769 4905 ἀκή-

209 4957 324 4991 κοεν
354 4943 385 4992 ὁ
425 4940 663 5006 Καῖσαρ,
696 4934 923 5003 μετάγει
952 4935 1008 4985 ὲν
1039 4933 1113 5002 τῷ
1147 4931 1424 4998 Βυζαντίῳ
1477 4929 1771 4998 μαλαχθεὶς

210 5032 300 5100 τὴν
326 5029 644 5099 ἀτεράμονα
683 5026 931 5095 καρδίαν,
969 5029 1062 5077 καὶ
1093 5022 1331 5090 ἐνεγκὼν
1363 5020 1772 5090 παρασκευάζε-

211 5139 314 5187 ται,
343 5119 682 5189 ἐπανορθοῦν
711 5117 868 5187 δῆθεν
903 5118 963 5168 τὸ
989 5115 1173 5176 κακῶς
1205 5112 1595 5182 γεγενημένον.
1637 5111 1770 5161 Ἀλλ’

1873 4655 2237 4718 confessione,
2278 4672 2441 4725 quam
2469 4660 2754 4714 confessus
2798 4667 2881 4714 est
2909 4675 3092 4714 coram
3119 4661 3226 4717 Deo
3255 4673 3307 4717 et
3333 4665 3429 4718 ho-

1875 4744 2113 4799 minibus
2171 4761 2451 4814 nunquam
2479 4749 2763 4817 abnegavit
2795 4749 3093 4803 veritatem.
3139 4750 3430 4821 Postquam

1875 4852 2002 4890 vero
2033 4837 2296 4890 intellexit
2349 4837 2646 4906 Imperator
2683 4840 2818 4907 (28),
2858 4855 2920 4893 cx
2953 4841 3218 4909 ejusmodi
3251 4854 3433 4898 custo-

1877 4928 1962 4981 dia
2013 4941 2277 4995 aegrotare
2325 4929 2496 4992 illum,
2527 4932 2824 5000 etquidem
2860 4948 3031 5001 usque
3065 4935 3130 4986 ad
3165 4945 3389 4986 mortem
3420 4953 3431 4994 ;

1878 5020 2116 5072 emollita
2188 5020 2434 5072 nonnihil
2483 5022 2648 5074 animi
2714 5023 3434 5093 inclementia,Byzantium

1879 5109 2158 5164 Platonem
2198 5112 2494 5178 transtulit,
2538 5122 2590 5166 et
2640 5129 2895 5184 reparare
2925 5116 3097 5170 voluit
3123 5116 3266 5182 quod
3301 5118 3438 5169 male

1734 5306 1961 5365 ΝΟΤΛΞ.

221 5493 479 5548 utrosque
532 5473 778 5548 custodia
835 5470 1058 5532 includi,
1094 5467 1184 5521 sed
1232 5465 1775 5548 singulos-seorsim,

311 5535 372 5604 λη
390 5535 625 5602 'muums
646 5546 724 5598 eis
756 5551 1007 5614 aspectus
1032 5545 1335 5614 negaretur,
1370 5535 1530 5614 quod
1559 5535 1778 5585 unicum

221 5635 296 5676 cst
331 5624 384 5674 in
443 5629 666 5670 carcere
723 5612 999 5665 solatium.
1068 5607 1433 5682 ⁸ἹῚιιερρΙιιιιιοβ
1466 5607 1539 5654 ait
1596 5616 1784 5682 mense

223 5672 477 5744 ianuariu
540 5683 836 5738 indictione
881 5677 1118 5734 secunda
1187 5672 1517 5728 iuexsilium
1573 5672 1783 5739 pulsos,

227 5756 548 5895 “Elusa;
590 5821 782 5895 dubito
813 5813 1162 5895 quinloseph
1197 5811 1569 5895 QEconomus,
1585 5809 1785 5895 turba:

232 5879 344 5953 ruin
368 5879 563 5953 causa.
588 5879 941 5955 intelligatur.
963 5879 1191 5939 Sirle‘tus
1215 5883 1412 5936 leonem
1441 5881 1618 5945 vertit,
1644 5879 1787 5947 quod

573 6005 842 6064 PATROL.
887 5999 1000 6057 Gn.
1048 5996 1256 6058 XCIX.

1890 5466 2009 5519 aliis
2031 5467 2376 5538 occasionem
2427 5468 2571 5522 dedit
2626 5468 2855 5523 Leonem
2875 5471 3092 5538 proprio
3123 5473 3341 5526 nomine
3370 5473 3449 5526 sit:

1892 5537 2238 5602 appellatum,
2304 5539 2553 5591 fortassis
2616 5537 2934 5601 Isauricum,
2967 5542 3124 5606 cujus
3174 5556 3353 5595 mores
3395 5543 3447 5594 in

1891 5606 2329 5678 hoc_iini_taretur
2359 5607 2711 5678 Nicephorius,
2759 5610 3108 5678 intelligendi.

1962 5675 2073 5739 (‘28)
2113 5675 2160 5727 ls
2191 5684 2272 5728 est
2300 5677 2356 5730 S.
2405 5677 2741 5744 Nicephorus
2803 5675 3248 5745 praenominatus.
3292 5680 3450 5745 cujus

1890 5752 1953 5818 et
1978 5745 2206 5818 alioru_m
2243 5745 2441 5818 factum
2484 5748 2739 5818 relinquit
2772 5749 2972 5813 judicio
3005 5748 3098 5804 Dei
3133 5749 3360 5804 Michael
3397 5750 3450 5801 in

1896 5811 1935 5864 Υ
1944 5815 2017 5867 ita
2053 5813 2108 5868 ὃ.
2137 5813 2422 5869 Theodori.

2949 5992 3027 6048 27
