3926 6442
298 8 501 19 ῨὛῌ
514 8 639 21 siAt.
650 12 715 21 ﬁ
726 12 731 13 ,
756 0 1029 19 a.:,::;:;;;.;k.;

526 399 630 463 843

1723 390 1779 447 S.
1813 388 2199 448 THEODORI
2231 390 2571 452 STUDlTrE

3658 398 3762 460 844

528 513 713 577 egerat
743 522 753 557 :
789 502 881 559 sed
912 501 1172 571 quoniam
1227 511 1417 567 parum
1460 504 1605 549 recta
1635 496 1933 549 intentione
1958 495 2090 548 ferc-

2214 499 2382 566 ιπειδὴ
2409 499 2510 550 οὑκ
2539 499 2646 551 ἀπὸ
2675 498 2840 567 όρθῆς
2877 500 3099 568 γνώμης
3142 501 3169 550 6
3232 502 3451 564 σκοπὸς,
3504 503 3627 557 οὑδὲ
3681 508 3763 568 εἰς

532 602 709 658 batur.
762 596 827 650 ad
871 594 1030 648 linem
1074 605 1181 645 non
1224 589 1476 659 perduxit
1528 588 1672 655 quod
1715 595 2089 655 proposuerat.

531 690 665 741 Nam
729 688 904 754 ipsum
945 682 1188 752 quidem,
1230 678 1539 747 arrogantia
1592 678 1891 742 sublatum,
1952 675 2093 729 haud

531 780 622 830 diu
658 784 779 845 post
802 774 1021 827 robusta
1055 771 1146 825 Dei
1191 785 1387 824 manus
1407 769 1471 822 ad
1507 768 1978 837 Scythasexpulit,
2018 776 2097 819 at-

530 885 638 937 que
666 882 789 920 eum
838 874 951 918 toto
1001 876 1103 919 suo
1146 861 1386 915 exercitu
1429 859 1662 928 perdidit
1688 857 1836 926 (29);
1872 858 2098 911 horren-

532 960 661 1013 dum
680 955 984 1023 exemplum
1004 962 1335 1020 narratuque
1367 950 1607 1004 terribile
1629 948 1900 1005 secuturis
1931 962 2097 1018 gene-

534 1048 837 1103 rationibus
889 1055 1135 1099 statnens
1190 1041 1583 1096 inevitabilium
1614 1040 1949 1109 judiciorum
1986 1053 2101 1093 sua

538 1136 956 1208 sapientissimae
1025 1132 1396 1203 providentiae.
1456 1131 1722 1184 Sanctum
1775 1144 1901 1183 vero
1951 1128 2099 1198 gregi

537 1248 639 1287 suo
672 1230 892 1299 proprio
927 1227 1223 1281 restituens
1246 1233 1407 1278 natus
1432 1222 1520 1292 pie
1552 1231 1683 1276 tunc
1715 1221 2100 1290 imperantium

538 1338 661 1376 cum
693 1320 795 1375 sibi
829 1333 925 1388 pro
967 1315 1297 1372 Confessore
1330 1313 1517 1368 haberi
1555 1312 1822 1383 probavit.

605 1411 696 1465 40.
731 1409 843 1465 lloc
894 1418 1076 1463 autem
1125 1406 1401 1477 quomodo
1449 1404 1685 1460 accidit?
1710 1419 1809 1458 nec
1846 1403 1990 1458 enim
2018 1395 2104 1456 di-

537 1518 703 1575 gnum
756 1508 837 1555 est
880 1498 1145 1568 przeteriri
1202 1498 1442 1552 silentio.
1472 1497 1674 1551 Eorum
1723 1509 1853 1549 cura
1883 1496 1972 1565 qui
2003 1508 2102 1547 no-

540 1606 716 1651 strum
743 1590 939 1662 agendi
964 1589 1211 1653 modum,
1232 1588 1417 1642 animo
1442 1588 1702 1643 benevolo
1732 1586 1889 1641 nobis
1906 1600 2102 1656 quam-

540 1686 623 1739 vis
680 1681 976 1747 contrario,
1017 1679 1416 1749 improbabant,
1471 1680 1747 1734 sublatum
1776 1676 2105 1731 estemedio

541 1778 883 1841 scandalum,
924 1782 1143 1845 propter
1192 1771 1340 1841 quod
1374 1786 1403 1824 a
1437 1768 1755 1824 Patriarcha
1817 1768 1958 1823 facta
1991 1776 2107 1822 erat

542 1884 723 1927 secess
746 1884 778 1923 ο
803 1885 819 1935 ;
848 1868 1204 1921 intercessere
1260 1870 1481 1917 orantes
1522 1860 1800 1929 Principes
1828 1878 1843 1925 ;
1876 1859 2105 1913 sanetis-
2135 1853 2177 1907 B

542 1964 715 2019 simus
742 1956 1055 2013 Patriarcha
1083 1954 1387 2019 excusavit,
1415 1952 1599 2007 omnia
1635 1968 1701 2006 ex
1722 1952 1955 2021 quadam
1982 1951 2103 2020 epi-

540 2053 629 2108 kia
670 2059 886 2121 propter
918 2046 1306 2118 Imperatorem
1330 2043 1472 2097 facta
1518 2041 1707 2097 luisse.
1744 2040 1978 2095 Secutus
2024 2050 2109 2095 est

543 2156 877 2211 congreSsus
928 2147 983 2193 et
1038 2134 1408 2192 reconciliatio
1461 2148 1582 2187 cum
1638 2132 1786 2187 dicto
1830 2131 2106 2186 Praesule:

543 2234 673 2300 quia
703 2229 811 2285 Deo
844 2229 980 2283 nihil
1008 2236 1093 2282 est
1116 2225 1336 2281 charius
1358 2224 1503 2277 bono
1532 2224 1682 2292 pacis
1699 2232 1753 2277 et
1781 2222 2108 2287 concordiae,

544 2325 762 2392 quando
793 2321 882 2375 illa
909 2318 1202 2375 concordia
1235 2331 1339 2371 non
1378 2324 1463 2371 est
1492 2315 1574 2371 vel
1602 2316 1937 2369 dissonantia
1964 2331 1994 2368 a
2014 2330 2105 2368 ve-

546 2431 605 2469 ra
634 2415 758 2478 lide,
783 2413 867 2466 vel
886 2411 1056 2471 divini
1078 2408 1321 2464 mandati
1354 2407 1742 2477 transgressio,
1769 2406 2110 2475 autdenique

545 2505 773 2560 canonis
802 2503 1037 2572 alicujus
1082 2501 1367 2570 abrogatio
1395 2516 1409 2565 ;
1441 2499 1655 2568 qualem
1700 2499 1866 2563 illam,
1905 2499 1971 2552 de
2001 2513 2109 2568 qua

548 2611 693 2650 nunc
747 2595 983 2663 agimus,
1041 2607 1150 2645 non
1205 2590 1397 2653 fuisse,
1428 2599 1692 2659 quantum
1751 2590 1973 2658 quidem
2009 2604 2109 2643 nos

546 2684 760 2747 attinet,
788 2690 933 2751 patet
964 2694 1153 2735 sanam
1199 2688 1433 2733 mentem
1483 2679 1804 2733 habentibus
1838 2695 1851 2730 :
1885 2692 2007 2732 cum
2046 2693 2110 2733 ea

545 2793 667 2847 qua:
702 2776 919 2830 interim
948 2783 1097 2844 gesta
1129 2781 1285 2827 erant
1313 2770 1709 2835 dimiserimus,
1744 2780 2000 2839 tanquam
2037 2770 2111 2825 si-

547 2869 697 2922 milia
746 2869 813 2922 iis
854 2881 975 2937 quae
1018 2866 1147 2920 olim
1193 2865 1296 2921 sub
1331 2863 1530 2918 divinis
1565 2862 1818 2918 Patribus
1840 2863 2106 2928 accidere,

2195 590 2365 659 πέρας
2388 588 2630 659 ἀγειτὴν
2658 592 2933 661 πρόθεσιν.
2989 592 3091 643 Τὸν
3142 594 3239 660 μὲν
3284 594 3411 662 γὰρ,
3475 596 3568 647 ἐπὶ
3627 596 3762 648 πολὺ

2201 681 2631 750 μετεωρισθέντα
2686 684 2754 752 τῇ
2813 684 3063 752 ἀπονοία,
3108 685 3140 751 ἡ
3184 685 3415 751 κραταιᾶ
3485 686 3608 754 χεὶρ
3667 687 3765 738 τοῦ

2197 770 2329 823 Θεοῦ
2380 772 2459 834 εἰς
2510 772 2721 835 Σκύθας
2772 774 3126 835 ἐκτοπίσασα,
3193 775 3368 826 ἐκεῖσε
3426 779 3767 847 πανστρατεὶ

2199 860 2417 926 ὤλεσεν,
2453 862 2695 932 διήγημα
2724 864 2953 933 φοϐερὸν
3001 866 3093 918 καὶ
3125 864 3343 934 λάλημα
3382 868 3613 936 φρικτὸν
3645 873 3766 930 ταῖς

2204 953 2496 1022 μετέπειτα
2514 956 2728 1020 γενεαῖς
2764 956 3050 1024 κριμάτων
3093 957 3399 1023 ἀνεφίκτων
3420 958 3523 1025 τῆς
3570 959 3767 1011 ἑαυτοῦ

2204 1044 2521 1113 σοφωτάτης
2536 1045 2845 1113 οἰκονομίας
2863 1045 3324 1115 ἐγκαταλείψασω
3343 1048 3432 1099 τὸν
3452 1047 3509 1099 δὲ
3526 1048 3622 1099 σὺν
3636 1049 3770 1117 ἡμῖν

2204 1133 2345 1204 ῥοπὴ
2382 1135 2489 1187 τῶν
2526 1136 2826 1205 τηνικαῦτα
2875 1137 3114 1200 εὐσεϐῶς
3177 1138 3637 1206 βασιλευσάντων,
3690 1142 3771 1203 εἰς

2202 1223 2299 1293 τὴν
2328 1225 2531 1278 οἰκείαν
2556 1227 2716 1279 πάλιν
2761 1230 2995 1297 ποίμνην
3045 1230 3577 1300 ἀποκαταστήσασα,
3638 1233 3772 1300 ὀμο-

2202 1314 2440 1386 λογητήν
2474 1316 2681 1380 ἑαυτοῖς
2714 1318 2784 1387 (k)
2819 1318 3218 1374 ἀναδείκνυσιν.

2277 1406 2351 1477 μ’.
2380 1408 2492 1460 Καὶ
2532 1407 2690 1460 τοῦτο
2722 1410 2877 1475 πῶς;
2925 1410 3046 1463 οὐδὲ
3084 1412 3191 1482 γάρ
3231 1412 3563 1483 παραλιπεῖν
3595 1413 3771 1478 ἀξιον.

2203 1496 2447 1566 Φροντίδι
2472 1497 2583 1550 τῶν
2611 1498 3060 1569 ἐπισκηπτόντων
3088 1501 3155 1554 τά
3183 1502 3303 1555 καθ’
3325 1504 3490 1572 ἡμᾶς,
3509 1504 3775 1567 εὐνοϊκῶς

2204 1604 2265 1640 τε
2306 1587 2338 1658 ἢ
2375 1590 2467 1641 καὶ
2495 1590 2808 1655 ἀντιθέτως,
2842 1591 2985 1661 ήρθη
3026 1594 3090 1645 ἐκ
3126 1594 3292 1662 μέσου
3341 1593 3403 1647 τὸ
3452 1596 3771 1661 σκάνδαλον,

2204 1680 2271 1733 δι’
2306 1674 2367 1733 οὗ
2393 1682 2545 1751 καὶὴ
2595 1682 2829 1752 διαφορὰ
2872 1684 3007 1754 πρὸς
3051 1684 3141 1737 τὸν
3175 1687 3532 1756 ἰεραρχοῦντα
3564 1703 3578 1717 ·
3614 1688 3774 1756 ἐδυσέ

2208 1772 2437 1843 ὠπησαν
2497 1776 2545 1827 οἰ
2582 1775 2929 1847 κρατοῦντες,
2983 1779 3360 1848 ἀπελογήσατο
3388 1781 3415 1833 6
3466 1755 3776 1848 ἀγιὼτατοξ

2206 1867 2549 1938 πατριάρχης
2583 1869 2761 1922 πάντα
2794 1869 2865 1922 τὰ
2889 1870 3227 1940 γεγενημένα
3257 1872 3315 1937 ἐξ
3352 1872 3685 1934 ἐπιεικείαις
3711 1872 3775 1941 (ι)

2207 1952 2346 2009 εἶναι
2397 1958 2489 2010 τοῦ
2542 1958 2975 2027 βασιλεύσαντος.
3021 1962 3336 2031 Τηνικαῦτα
3392 1967 3423 2033 ή
3496 1965 3775 2035 σύμϐασς,

2208 2049 2303 2101 καὶ
2340 2049 2373 2116 ή
2409 2048 2543 2117 πρὸς
2575 2050 2736 2103 αὑτὸν
2760 2051 3079 2119 ἀφοσίωσις,
3121 2052 3203 2105 ὅτι
3254 2054 3389 2123 μηδὲ
3452 2055 3608 2123 φίλον
3658 2056 3780 2125 Θεῷ

2209 2138 2335 2191 ἀλλο
2367 2154 2419 2190 τι
2447 2137 2522 2200 ὡς
2546 2139 2603 2191 τὸ
2626 2139 2723 2208 τῆς
2754 2142 2977 2210 εἰρήνης
3018 2141 3115 2194 καὶ
3151 2143 3401 2213 ὁμονοίας
3420 2146 3609 2210 καλὸν,
3638 2148 3782 2199 ἐπὰν

2210 2230 2244 2299 ὴ
2281 2229 2501 2298 ὁμόνοια
2540 2230 2600 2282 οὑ
2638 2230 2905 2299 διαφωνία
2937 2234 3197 2297 πίστεως,
3238 2236 3359 2289 οὑδὲ
3387 2237 3611 2308 ἐντολῆς
3640 2238 3782 2290 Θεοῦ

2214 2320 2547 2391 παράϐασις,
2574 2322 2684 2375 οὐδ’
2718 2324 2781 2376 οὑ
2834 2325 2940 2394 μὴν
2955 2326 3175 2389 κανόνος
3195 2327 3471 2399 ἀθέτησις,
3490 2330 3568 2392 ὼς
3584 2332 3617 2399 ή
3635 2348 3783 2399 παρ-

2213 2412 2348 2467 οῦσα
2371 2413 2661 2479 δέδεικται,
2686 2415 2808 2468 ὅσον
2834 2417 2895 2469 τὸ
2925 2418 3045 2469 καθ’
3075 2420 3241 2487 ἡμᾶς,
3272 2423 3385 2482 τοίς
3419 2420 3544 2473 νοῦν
3568 2422 3779 2490 ἔχουσι,

2215 2503 2281 2555 τά
2318 2503 2405 2556 διὰ
2465 2505 2633 2574 μέσου
2687 2506 2899 2575 χαίρειν
2947 2509 3231 2572 ἐάσαντας,
3260 2510 3332 2572 ῶς
3357 2511 3640 2581 ὁμότροπα
3669 2517 3784 2575 τοῖς

2217 2591 2386 2644 πάλαι
2415 2593 2509 2645 ἐπὶ
2533 2594 2641 2646 τῶν
2665 2587 2941 2666 θεοφόρων
2974 2596 3230 2667 Πατέρων
3260 2600 3659 2669 συμϐεϐηκόσι,
3691 2605 3789 2656 καὶ

2218 2682 2477 2747 ὡσαύτως
2504 2687 2864 2757 οἰκονομικῶς
2896 2690 3355 2760 παρεωραθέϊσιν,
3392 2693 3600 2763 μᾶλλον
3620 2695 3678 2747 δὲ
3710 2697 3787 2759 ὡς

2214 2773 2312 2843 τῆς
2366 2776 2570 2829 τούτων
2625 2780 2888 2849 ἀκριϐοῦς
2948 2782 3247 2849 ἐξετάσεως
3294 2785 3351 2837 ἐν
3398 2784 3476 2855 τῷ
3530 2787 3785 2857 μέλλοντι

2215 2862 2371 2917 αἰῶνι
2401 2864 2479 2933 τῷ
2498 2864 2780 2938 ἀδεκάστῳ
2801 2873 2959 2942 κριτῇ
2992 2876 3424 2945 ταμιευομένοις.

547 2968 604 3013 et
629 2957 883 3014 similiter
912 2971 1007 3026 per
1040 2955 1275 3025 epikiam
1308 2953 1458 3009 luere
1477 2953 1861 3021 dissimulata;
1923 2962 2017 3009 aut
2060 2950 2241 3020 potius
2301 2954 2442 3008 velut
2504 2969 2738 3024 quorum
2784 2963 3092 3018 accuratior
3134 2963 3405 3021 discussio
3462 2964 3787 3037 incorrupto

543 3051 711 3123 judici
742 3057 1051 3106 reservetur
1077 3050 1130 3104 in
1162 3050 1423 3104 sarculum
1450 3047 1717 3102 futurum.

1128 3202 1355 3261 CAPUT
1406 3203 1517 3259 Vll.

2800 3209 3047 3263 ΚΕΦΑΛ.
3100 3212 3170 3263 Ζ’.

1352 3317 1633 3373 Extremus
1699 3320 1870 3374 sancti
1920 3318 2160 3375 Platonis
2226 3318 2467 3384 morbus,
2506 3327 2554 3371 et
2611 3320 2729 3387 pius
2800 3320 2993 3375 obitus.

618 3464 705 3517 41.
740 3462 870 3518 Post
902 3459 1017 3513 haec
1053 3472 1157 3512 non
1197 3458 1432 3528 amplius
1473 3459 1718 3515 inclusus
1765 3460 1899 3513 vixit
1937 3458 2110 3523 Pater,

2290 3463 2401 3527 μα’.
2418 3457 2483 3510 Τί
2510 3456 2576 3510 τά
2600 3456 2737 3526 μετὰ
2755 3456 2958 3523 ταῦτα;
3000 3459 3195 3512 Οὐκέτι
3222 3462 3249 3514 6
3282 3463 3470 3535 Πατήρ
3502 3466 3790 3532 ἐγκεκλει-

536 3572 721 3626 νηοίιυο
779 3552 926 3608 enim
974 3550 1121 3606 vires
1170 3560 1326 3605 erant
1382 3551 1463 3606 vel
1496 3552 1563 3606 ad
1615 3555 1718 3607 hoc
1747 3562 1805 3606 ut
1831 3553 2110 3621 corporeis

2217 3550 2425 3619 σμένος
2453 3588 2469 3613 ,
2524 3550 2608 3601 ὅτι
2658 3548 2795 3619 μηδὲ
2838 3549 2991 3619 ἰσχὺς
3018 3550 3166 3621 αὑτῷ
3190 3553 3283 3604 καὶ
3301 3554 3398 3622 τὴν
3412 3555 3507 3608 τοῦ
3531 3558 3791 3628 σώματος

549 3644 973 3702 necessitatibus
1009 3643 1209 3698 faceret
1268 3658 1366 3711 per
1422 3658 1483 3697 se
1535 3645 1710 3698 satis:
1772 3646 1867 3699 sed
1919 3653 2110 3713 partim

2215 3638 2520 3706 ἀναγκαίαν
2548 3640 2736 3709 χρείαν
2758 3640 2862 3705 κάξ
2885 3640 3050 3695 αὑτοῦ
3074 3642 3365 3697 ποιεῖσθαι·
3400 3645 3537 3700 ἀλλά
3572 3651 3652 3718 πῆ
3687 3655 3789 3721 μὲν

547 3738 747 3793 lectulo
807 3732 1176 3798 recumbens,
1245 3733 1524 3789 solabatur
1579 3749 1699 3790 sese
1754 3735 2110 3789 retributione

2216 3731 2309 3782 ἐπὶ
2330 3729 2516 3800 κλίνης
2541 3733 2955 3800 κατακείμενος,
2980 3734 3379 3791 ἀναδόσεσιτῶν
3400 3740 3792 3809 προλαϐόντων

548 3830 952 3900 praeteritorum
987 3841 1212 3882 suorum
1244 3826 1609 3881 asceticorum
1647 3832 1703 3881 et
1733 3827 2110 3882 athleticorum

2214 3821 2525 3890 ἀσκητικῶν
2550 3822 2641 3875 καὶ
2656 3823 2963 3896 ἀθλητικῶν
2982 3826 3148 3879 αὑτοῦ
3162 3829 3357 3883 πόνωψ
3373 3830 3447 3900 πῆ
3463 3831 3521 3884 δὲ
3542 3833 3639 3885 ἐπὶ
3651 3836 3790 3887 καθ-

549 3922 803 3976 laborum
828 3937 842 3984 ;
869 3919 1070 3987 partim
1094 3917 1146 3970 in
1179 3917 1335 3972 sedili
1368 3918 1844 3987 requiescens,aut
1869 3918 2110 3974 Psalmos

2218 3913 2466 3982 ισματίου
2493 3915 2928 3986 ἀναπαυόμενος,
2956 3920 3048 3970 καὶ
3062 3918 3149 3971 διὰ
3166 3920 3414 3992 γλώσσης
3429 3924 3496 3978 τά
3506 3924 3601 3977 τοῦ
3618 3928 3792 3981 Δαυῖδ

549 4010 837 4065 Davidicos
870 4008 1133 4063 vocaliter
1183 4008 1467 4073 recitabat,
1503 4020 1599 4063 aut
1646 4012 1955 4065 mentaliter
1996 4027 2117 4080 pre-

548 4101 779 4157 cabatur
801 4098 992 4163 Deum,
1027 4106 1122 4151 aut
1150 4097 1356 4167 aliquid
1388 4097 1701 4151 conferebat
1724 4098 1789 4151 ad
1823 4099 2113 4152 utilitatem

549 4190 936 4252 fraternitatis,
983 4188 1346 4254 consulendo,
1389 4188 1749 4254 adhortando,
1769 4187 2112 4253 instruendo,

550 4284 906 4349 consolando,
929 4283 1230 4338 secundum
1273 4292 1553 4350 paternam
1580 4296 1735 4335 suam
1768 4280 2105 4334 benevolam-

552 4392 658 4447 que
682 4375 1141 4432 consuetudinem
1170 4391 1183 4425 :
1222 4388 1330 4427 non
1363 4382 1545 4428 autem
1572 4382 1784 4442 poterat
1811 4373 1993 4442 Oper-is
2016 4373 2116 4426 ali-

552 4469 682 4539 quid
715 4467 917 4529 l‘acere,
957 4474 1050 4520 aut
1086 4480 1225 4535 genu
1252 4464 1601 4526 llectere,aut
1630 4463 1855 4518 lectioni
1886 4478 2104 4527 vacare,

558 4558 666 4613 nisi
690 4565 959 4627 quantum
990 4555 1057 4609 ad
1083 4555 1185 4608 hoc
1210 4555 1515 4608 conducere
1537 4564 1746 4622 poterat
1763 4568 1928 4625 opera
1952 4568 2118 4622 prope

558 4665 683 4704 eum
750 4649 977 4718 legentis
1037 4646 1293 4703 ministri.
1327 4645 1432 4699 Sed
1475 4646 1528 4700 in
1572 4645 1658 4699 his
1693 4645 2120 4699 contristabatur

560 4741 990 4812 angebaturqne,
1024 4740 1182 4809 quasi
1236 4738 1476 4792 animam
1520 4738 1867 4808 perdidisset,
1890 4737 2018 4807 quia
2051 4736 2117 4791 ab

555 4834 838 4887 exercitiis
866 4830 1251 4902 spiritualibus
1276 4844 1514 4893 cessare,
1547 4838 1600 4883 et
1630 4844 1660 4882 a
1682 4828 1960 4884 laboribus
1991 4843 2115 4883 cor-

554 4921 833 4991 poralibus
861 4935 1057 4975 vacare
1089 4936 1147 4974 se
1170 4920 1409 4973 videbat.
1462 4917 1519 4972 Si
1568 4917 1788 4987 quando
1837 4933 1965 4973 vero
2011 4917 2117 4971 cibi

554 5011 759 5080 aliquid
786 5012 1037 5066 sumebat
1067 5026 1234 5065 causa
1272 5009 1469 5072 morbi,
1500 5018 1593 5062 aut
1633 5009 1853 5063 lavacro
1896 5018 2119 5078 propter

558 5102 928 5155 obedientiam
964 5102 1236 5165 utebatur,
1268 5101 1376 5155 Deo
1419 5100 1639 5169 quidem
1668 5100 1862 5168 agebat
1891 5100 2118 5169 gratias,

552 5194 772 5247 dolebat
825 5202 1007 5246 tamen
1058 5202 1275 5263 propter
1315 5192 1554 5245 laxatum
1588 5190 1709 5244 vitae
1738 5190 1939 5258 prioris
1973 5191 2117 5257 rigo-

553 5302 691 5340 rem.
724 5286 1090 5356 Dignissimus
1112 5300 1243 5338 sane
1278 5284 1457 5347 laude,
1495 5282 1589 5353 qui
1638 5283 1925 5353 pulchrum
1960 5297 2117 5337 suum

553 5378 791 5433 stadium
828 5391 891 5431 ac
934 5391 1055 5432 vere
1079 5376 1311 5432 solarem
1356 5388 1576 5428 cursum
1611 5372 1863 5439 absolvit,
1895 5371 1964 5426 ab
1989 5372 2118 5425 obe-

2214 4002 2601 4073 φθεγγόμενος,
2625 4007 2718 4059 καὶ
2755 4009 2895 4060 κατά
2912 4008 3039 4062 νοῦν
3072 4009 3151 4079 τῷ
3181 4012 3299 4081 Θεῲ
3318 4017 3790 4086 προσευχόμενος,

2218 4092 2316 4146 ὅσα
2333 4109 2390 4146 τε
2405 4093 2540 4147 ἄλλα
2554 4110 2576 4146 ε
2587 4095 2631 4156 ἰς
2645 4094 2894 4165 βοήθειαν
2904 4098 3004 4167 τῆς
3017 4098 3372 4171 ἀδελφότητος
3391 4106 3644 4171 συνεισφέ
3652 4124 3792 4175 ρων,

2225 4184 2603 4255 συμϐουλίαις,
2665 4186 3023 4256 ὑπομνήσεσι,
3063 4190 3393 4257 νουθεσίαις,
3436 4196 3799 4266 παρακλήσε-

2218 4292 2321 4339 σιν,
2354 4275 2495 4330 κατὰ
2526 4276 2626 4347 τὴν
2646 4276 3027 4346 προλαϐοῦσαν
3074 4279 3224 4349 αυτῷ
3267 4283 3540 4352 πατρικὴν
3570 4286 3669 4338 καὶ
3695 4289 3797 4339 εὑ-

2221 4367 2404 4437 νοῖκὴν
2438 4368 2745 4436 συνήθειαν,
2780 4368 2931 4423 οὑπω
2964 4370 3161 4441 ἰσχύων
3190 4370 3269 4424 ἔτι
3296 4373 3646 4443 ἐργάζεσθαι,
3677 4379 3796 4431 οὐδ’

2223 4458 2283 4509 οὑ
2316 4460 2422 4528 μὴν
2452 4460 2581 4527 γόνυ
2610 4460 2811 4523 κλίναι,
2864 4460 2977 4514 οὔτ’
3008 4458 3075 4516 αὖ
3099 4465 3456 4535 ἐπισκήπτειν
3474 4466 3797 4535 ἀναγνώσε-

2222 4548 2391 4617 σιν,ἧ
2438 4548 2560 4601 ὅσον
2626 4550 2691 4602 ἐκ
2718 4550 2814 4604 τοῦ
2851 4552 3434 4621 παραναγινώσκοντος
3483 4555 3795 4625 ὑπηρέτου.

2223 4640 2331 4692 Καὶ
2362 4634 2429 4709 ἦν
2458 4641 2514 4692 ἐν
2541 4640 2752 4703 τούτοις
2771 4642 3218 4713 συλλυπούμενος
3242 4644 3335 4697 καὶ
3352 4645 3797 4716 σκυθρωπάζων,

2222 4730 2297 4793 ὠς
2329 4730 2428 4800 ήδη
2459 4730 2827 4793 ἀπολωλεκὼς
2843 4731 2941 4802 τὴν
2957 4733 3157 4803 ψυχὴν,
3183 4734 3273 4786 διά
3288 4751 3348 4787 τε
3377 4734 3473 4806 τὴν
3495 4736 3799 4807 ἀδράνειαν

2222 4822 2330 4873 τῶν
2378 4821 2764 4891 πνευματικῶν
2806 4821 3178 4894 λειτουργιῶν,
3235 4825 3328 4879 καὶ
3376 4827 3474 4897 τὴν
3509 4828 3800 4897 ἀπραξίαν

2224 4912 2331 4963 τῶν
2372 4911 2700 4981 σωματικῶν
2738 4913 3009 4983 ἐργασιῶν
3031 4930 3045 4944 υ
3079 4914 3132 4967 εί
3160 4914 3262 4968 πού
3300 4932 3354 4968 τι
3395 4916 3485 4968 καὶ
3515 4918 3801 4989 μετελάμ-

2225 5003 2354 5056 ϐανε
2415 5004 2612 5075 βρῶμα
2663 5006 2997 5075 κατάλληλον
3050 5010 3116 5079 τῇ
3193 5010 3355 5080 νόσῳ,
3387 5012 3538 5081 ήκαὶ
3577 5009 3803 5082 λουτρῷ

2222 5095 2345 5148 καθ’
2388 5096 2633 5165 ὑπακοὴν
2687 5098 3047 5166 κεχρημένος,
3091 5100 3408 5170 ηὑχαρίστει
3444 5100 3542 5170 μὲν
3570 5101 3654 5171 τῷ
3683 5104 3804 5156 Κυ-

2227 5186 2350 5255 ρίῳ,
2387 5187 2576 5255 ἠνιᾶτο
2612 5186 2670 5238 δέ
2714 5186 2802 5239 διὰ
2834 5187 2930 5257 τὴν
2973 5189 3177 5243 ἄνεσιν.
3228 5191 3365 5243 Ἀλλ’
3402 5192 3571 5256 ὅντως
3626 5196 3802 5249 καλὸν

2226 5275 2439 5328 δίαυλον
2470 5277 2562 5328 καὶ
2591 5277 2814 5347 ἡλιακὸν
2839 5278 3039 5349 δρόμον
3057 5282 3084 5333 6
3111 5280 3465 5352 πανεύφημος
3486 5283 3800 5349 τετέλεκε-ι,

2228 5370 2289 5422 τὸ
2323 5370 2388 5438 δὴ
2421 5370 2742 5439 λεγόμενον,
2783 5373 2843 5437 ἐξ
2884 5374 3129 5445 ὑπακοῆς
3164 5376 3446 5441 ἀνατείλας
3474 5380 3569 5433 καὶ
3598 5382 3681 5443 εἰς
3704 5380 3805 5432 ὑπ-

2056 5503 2291 5562 NOTAE.

624 5631 695 5697 (Ir)
737 5628 1009 5697 Scriptum
1031 5634 1149 5679 erat
1180 5621 1392 5685 ἑαυτοῦ,
1424 5619 1564 5691 quod
1591 5618 1973 5689 corrigendum
2003 5620 2225 5675 credidi.

2335 5624 2399 5691 (ι)
2438 5624 2568 5681 Item
2596 5630 2865 5699 ὲπιρείας,
2891 5632 3035 5699 quod
3080 5630 3216 5683 nihil
3238 5629 3543 5697 signiﬁcat.

624 5748 738 5818 (29)
773 5748 958 5803 Caesus
987 5761 1016 5799 a
1048 5742 1295 5814 Bulgaris
1327 5740 1663 5809 Nicephorus
1699 5739 1832 5809 imp.
1868 5738 1936 5797 26
1974 5740 2099 5797 Julii
2142 5755 2286 5798 anno
2314 5743 2437 5809 8H,
2470 5745 2558 5800 cui
2591 5749 2855 5803 successit
2892 5748 3114 5803 Michael
3144 5747 3525 5819 Curopalates.
