3926 6524
968 106 1163 117 γ-ν--τ-Ὓ
1252 112 1283 113 κ

133 477 234 549 845

783 484 1063 546 ORATIO
1100 485 1206 545 XI.
1242 511 1310 523 -
1349 483 1727 546 LAUDATIO
1765 485 1825 544 S.
1858 483 2230 544 PLATONIS
2271 485 2697 547 IIEGUMENI.

3247 481 3353 545 846

126 596 289 667 ακοὴν
329 595 664 666 καταλήξαβ
692 598 757 665 τῇ
775 594 1111 664 δωδεκαταίᾳ
1128 593 1236 663 γὰρ
1261 593 1367 644 τῶν
1382 592 1539 661 ὡρῶν
1560 594 1692 661 ἡμε-

1814 590 1993 643 lientia
2053 590 2303 645 videlicet
2357 591 2654 660 incipiens,
2685 599 2738 645 et
2767 589 2821 644 in
2854 588 3167 644 obedientia
3204 592 3354 645 desi-

127 692 243 761 ρινῇ
302 690 540 759 περιόδῳ
604 686 887 757 ἰσάριθμον
933 686 1024 738 τὸν
1068 685 1177 738 τῶν
1206 684 1344 737 ὲτῶν
1371 685 1570 737 κύκλον
1603 685 1686 751 ἐφ’

125 783 338 851 ἑκάστῳ
368 780 541 847 ἀγῶνι
569 775 859 848 διηνυκὼς,
882 778 963 839 είς
987 776 1135 847 ζωὴν
1180 774 1397 829 αἰώνιον
1426 774 1689 844 ἅδιαδόχῳ

125 874 261 940 φωτὶ
288 870 686 925 άναῦεὸίωκεν.
730 868 977 939 Ἀρίθμει
1027 869 1151 931 τοὺς
1194 867 1433 936 ἀγῶνας,
1475 867 1570 919 καὶ
1601 867 1691 918 εὑ-

127 965 312 1033 ρήσεις
346 963 474 1025 τοὺς
530 963 780 1032 χρόνους,
842 960 991 1012 ὀκτὼ
1044 959 1181 1029 πρὸς
1235 957 1685 1027 τεσσαράκοντα·

127 1055 357 1124 πρόσθες
384 1053 512 1115 τοὺς
540 1052 647 1122 πρὸ
673 1052 771 1120 τῆς
802 1047 1526 1121 άποταγῆςδισδυοκαίδεκα,
1555 1047 1689 1115 πρὸς

127 1146 305 1207 ἄλλοις
330 1144 595 1212 τέσσαρσι
622 1143 730 1196 τῶν
770 1139 1045 1211 διωγμῶν,
1079 1139 1174 1191 καὶ
1212 1138 1359 1208 τρισὶ
1388 1137 1486 1206 τῆς
1526 1138 1690 1190 ἀσθε-

127 1236 290 1299 νείας,
323 1234 420 1288 καὶ
448 1234 702 1304 εὑρήσεις
730 1232 809 1303 τῷ
844 1228 1190 1302 ὀγδοηκοστῷ
1233 1229 1345 1281 ἔτει
1390 1228 1530 1299 πλὴν
1576 1228 1693 1291 ἐνὸς

128 1327 506 1398 τελειούμενον
535 1327 627 1380 τὸν
652 1325 917 1395 ἀοίδιμον.

196 1592 312 1664 μβ’.
356 1592 498 1645 Ἀλλ’
529 1590 601 1645 ῶί
644 1591 756 1656 πῶς
783 1591 1048 1662 ἀδακρυτὶ
1076 1591 1138 1645 τὸ
1159 1591 1349 1645 τούτου
1372 1592 1697 1663 διηγήσαιμι

128 1686 273 1749 τέλος
296 1704 312 1751 ;
343 1686 562 1738 Ἔκειτο
592 1684 620 1735 ὁ
643 1684 839 1753 γέρων,
860 1683 1046 1753 ὥσπερ
1062 1702 1114 1737 τι
1131 1687 1300 1754 γέρας
1320 1685 1521 1755 τίμιον,
1548 1686 1696 1755 ἡτοι-

134 1775 414 1844 μασμένος
447 1774 545 1844 τὴν
584 1774 762 1843 ψυχὴν
790 1774 923 1844 πρὸς
947 1774 1046 1844 τὴν
1074 1773 1272 1839 ἔξοδον,
1308 1774 1401 1827 καὶ
1451 1773 1636 1843 κύκλῳ
1666 1776 1698 1845 ἡ

1791 696 1959 747 nens;
2001 697 2124 735 cum
2157 682 2303 735 enim
2346 682 2543 735 diurno
2596 683 2853 736 horarum
2900 680 3187 735 duodecim
3244 682 3353 735 cir-

1789 769 1913 823 cqu
1934 783 2117 837 parem
2153 782 2420 823 annorum
2458 770 2739 839 periodum
2782 771 2834 823 in
2865 784 3198 839 unoquoque
3233 784 3355 824 ecr-

1790 861 1991 914 tamine
2014 861 2492 932 (50)explevisset,
2518 862 2583 916 ad
2605 872 2861 916 aeternam
2881 862 3068 927 vitam,
3096 871 3355 931 perpetuo

1792 950 1996 1006 lumine
2046 953 2351 1018 fruiturus,
2385 954 2690 1022 emigravit.
2738 952 2975 1007 Numera
3021 953 3346 1017 certamina,

1790 1054 1845 1101 et
1879 1047 2120 1101 invenies
2141 1062 2315 1103 annos
2345 1048 2699 1117 quadraginta
2719 1058 2861 1103 octo.
2891 1046 3036 1101 Tum
3060 1063 3236 1101 annos
3269 1048 3354 1101 bis

1794 1138 2085 1193 duodecim
2115 1140 2251 1207 (51),
2277 1149 2401 1193 ante
2416 1140 2945 1195 abrenuntiationem
2981 1139 3165 1195 saeculi
3186 1149 3357 1201 actos,

1788 1229 1956 1298 junge
1982 1230 2105 1286 aliis
2133 1240 2368 1300 quatuor
2397 1232 2575 1295 annis,
2596 1246 2736 1300 quos
2770 1232 2821 1284 in
2847 1231 3354 1300 persecutionibus;

1792 1329 1846 1374 et
1870 1321 2066 1385 tribus,
2107 1336 2248 1390 quos
2295 1321 2350 1376 in
2418 1321 2735 1375 infirmitate
2780 1323 3021 1376 traduxit
3068 1320 3303 1375 Sanetus
3342 1340 3355 1375 :

1793 1421 1847 1466 et
1880 1412 2142 1476 invenies,
2174 1412 2348 1465 virum
2379 1411 2740 1465 venerabilem
2782 1412 2991 1466 obiisse
3020 1426 3164 1465 anno
3183 1411 3359 1465 aetatis

1796 1500 1939 1554 unde
1964 1501 2298 1570 octogesimo
2327 1500 2459 1571 (52).

1863 1592 1954 1646 42.
1998 1591 2104 1646 Sed
2137 1593 2412 1661 quomodo
2462 1591 2582 1647 sine
2630 1591 2886 1661 lacrymis
2934 1604 3164 1646 mortem
3214 1592 3363 1645 illius

1797 1681 2070 1737 narrabo?
2094 1679 2318 1736 iacebat
2345 1695 2533 1746 senex,
2568 1680 2779 1735 habens
2833 1680 3072 1734 animam
3115 1691 3362 1749 paratam

1797 1772 1865 1827 ad
1925 1786 2248 1841 egressum,
2318 1771 2468 1825 velut
2532 1771 2860 1824 honoratum
2925 1769 3200 1837 quoddam
3270 1783 3363 1823 xe-

132 1866 432 1935 ἁδελφότης
464 1865 824 1934 περιχυθεῖσα
847 1864 1027 1936 ἐξῄτει
1050 1863 1157 1917 τῶν
1189 1863 1352 1934 ἱερῶν
1379 1864 1699 1936 προσευχῶν

1814 1867 1952 1921 stium
1987 1866 2141 1937 (53);
2175 1874 2231 1919 et
2270 1865 2477 1919 circum
2506 1862 2681 1918 aﬂusa
2718 1862 3033 1917 fraternitas
3067 1862 3280 1921 orabat,
3307 1868 3366 1915 ut

130 1931 293 2010 αὐτού
352 1931 554 2010 λαβεῖν
595 1931 656 2011 τὸ
704 1931 1023 2027 δῶρον-,καὶ
1069 1931 1298 2027 ἐπείπερ
1342 1931 1438 2010 ἕνα
1467 1931 1696 2012 ἕκαστον

1814 1973 2007 2012 munus
2057 1957 2364 2011 orationum
2415 1955 2532 2025 ejus
2575 1963 2877 2009 mereretur
2906 1954 3174 2023 accipere.
3204 1951 3363 2006 Post-

130 2047 435 2116 ηὐλόγησεν
477 2047 574 2100 καὶ
626 2049 1035 2116 κατησπάσατο,
1063 2050 1281 2102 ἄπεισιν
1322 2050 1418 2103 καὶ
1443 2052 1577 2122 πρὸς
1605 2053 1696 2105 τὸν

129 2136 320 2203 τάφον,
355 2135 417 2205 ὃν
444 2137 507 2187 ὲκ
530 2135 696 2187 πόθου
732 2136 913 2204 ἐζήτει
945 2134 1113 2188 πάλαι
1169 2136 1487 2203 θεάσασθαι,
1515 2138 1561 2190 εί
1605 2139 1699 2192 καὶ

129 2228 224 2278 οὐκ
252 2227 631 2295 ἐπετύγχανεν
663 2224 757 2277 τοῦ
803 2226 1163 2295 καταθυμίου,
1200 2229 1342 2297 κοπῇ
1399 2227 1490 2281 τοῦ
1542 2228 1700 2297 θελή-

134 2335 299 2387 ματος
328 2333 341 2346 ·
373 2317 435 2369 ὃν
494 2316 638 2377 ἰδὼν,
676 2316 846 2386 ὲχάρη
912 2315 1054 2378 λίαν,
1107 2316 1599 2387 ἀνθωμολογήσατο
1621 2319 1700 2387 τῷ

132 2409 345 2478 Κυρίῳ,
360 2407 605 2461 ἐπειπών
625 2424 639 2438 ·
659 2408 821 2475 Αὕτη
836 2407 873 2473 ὴ
892 2407 1235 2462 κατάπαυσί
1239 2428 1270 2473 ς
1281 2428 1400 2478 μου
1414 2412 1497 2475 είς
1517 2410 1702 2464 αἰῶνα

132 2500 380 2566 αἰῶνος·
417 2500 801 2569 μεθηρμόσατο
850 2503 945 2551 καὶ
972 2500 1071 2570 τὴν
1105 2500 1289 2570 φωνὴν
1324 2501 1561 2582 ἐκείνην·
1600 2504 1701 2557 Θέ-

133 2593 297 2658 λημα
332 2588 457 2642 τῶν
506 2591 897 2658 φοϐουμένων
938 2591 1127 2644 αὐτὸν
1176 2591 1415 2655 ποιήσει
1465 2593 1700 2660 Κύριος.

144 2680 436 2749 Ἐκίνησεν
456 2681 552 2733 καὶ
580 2682 691 2734 τῶν
717 2681 821 2745 ἔξω
868 2680 995 2735 οὐχ’
1010 2682 1246 2750 ὀλίγους,
1271 2683 1319 2735 οἳ
1359 2683 1452 2737 καὶ
1498 2683 1571 2753 μὴ
1615 2684 1705 2737 εὐ-

132 2767 469 2841 λαϐηθέντες
496 2773 587 2824 τὸν
618 2773 810 2843 καιρὸν
835 2768 925 2843 (ἦν
952 2773 1062 2843 γὰρ
1096 2773 1200 2827 τῶν
1234 2774 1397 2843 ἱερῶν
1438 2775 1706 2845 νηστειῶν

137 2863 435 2935 περίοδος),
459 2864 793 2935 συνέδραμον
834 2864 1185 2934 μοναδικοίτε
1219 2867 1311 2919 καὶ
1341 2867 1705 2937 μιγάδες,ηύ-

136 2952 341 3024 λογήθη
352 2972 473 3018 σαν,
499 2955 857 3025 ὑπέστρεψαν,
891 2956 1297 3026 ἐφοδιασθέντες
1317 2958 1479 3010 καλὸν
1495 2957 1707 3023 ἐφόδιον

136 3046 235 3115 τὴν
272 3047 490 3100 ἐκείνου
523 3047 686 3116 άγίαν
712 3048 1034 3119 παράθεσιν.
1062 3048 1171 3102 Καί
1190 3065 1253 3115 γε
1287 3049 1449 3112 αὐτὸς
1477 3050 1505 3101 ὁ
1548 3050 1710 3118 ἁγιώ-

138 3152 301 3198 τατος
337 3137 691 3209 πατριάρχης
720 3139 916 3209 παρεὶς
946 3138 1248 3209 ἐξῃτήσατο
1276 3139 1463 3209 εὐχὴν,
1487 3140 1581 3193 καὶ
1609 3139 1706 3193 λα-

140 3225 249 3277 ϐὼν
272 3228 585 3296 ἠσπάσατο.
612 3229 838 3297 Γέγονεν
866 3246 927 3282 τε
944 3231 977 3299 ἠ
1000 3229 1117 3301 ὥρα
1134 3229 1339 3300 ὲκείνη,
1364 3231 1545 3301 πάσης
1577 3233 1710 3284 ὑπο-

141 3318 442 3387 νοουμένης
466 3319 724 3389 διαφορᾶς
744 3320 1117 3390 ἀλεξητήριον,
1151 3322 1259 3374 τῶν
1295 3322 1422 3392 πρὶν
1449 3322 1707 3394 λυπηρῶν

142 3408 389 3462 ἑκποδῶν
418 3413 824 3480 γεγενημένων.
874 3412 1098 3466 Πάντων
1142 3409 1235 3467 οὖν
1269 3414 1709 3484 ὑπεμνημάτισε,

142 3502 311 3553 πᾶσιν
342 3501 716 3571 ὑπερηύξατο,
751 3504 954 3556 άπασιν
976 3505 1222 3573 ἀφίησιν,
1244 3504 1558 3575 ἐχθράνασι,
1589 3506 1713 3560 διώ·-

143 3589 286 3653 ξασι,
326 3590 660 3663 λυπήσασιν,
696 3595 725 3646 ὁ
756 3594 831 3657 ὡς
866 3594 1079 3664 ἀληθῶς
1112 3594 1206 3648 τοῦ
1255 3595 1391 3649 Θεοῦ
1428 3595 1713 3667 ἄνθρωπος

142 3685 233 3734 καὶ
262 3683 498 3754 Χριστὸν
525 3686 628 3736 κᾶν
656 3683 734 3754 τῷ
762 3684 974 3754 θανάτῳ
1013 3686 1366 3755 μιμούμενος.

142 3775 496 3843 aegritudine.
553 3772 799 3843 Denique
834 3790 1028 3829 omnes
1071 3776 1376 3840 admonuit,
1408 3774 1587 3829 oravit
1644 3789 1743 3846 pro

1801 2062 1964 2115 quam
1998 2045 2163 2115 igitur
2188 2044 2486 2113 unicuique
2515 2042 2796 2112 sigillatim
2817 2042 3096 2097 benedixit
3116 2050 3169 2096 et
3199 2056 3366 2096 oscu-

1801 2136 1947 2189 latus
1974 2144 2076 2201 est,
2101 2135 2237 2189 abiit
2273 2135 2339 2188 ad
2411 2134 2749 2203 sepulcrum,
2817 2134 2963 2205 quod
3016 2134 3200 2188 videre
3251 2133 3361 2202 jam

1803 2226 2009 2295 pridem
2077 2227 2332 2280 ardenter
2380 2225 2774 2294 concupierat,
2804 2224 3055 2294 quamvis
3112 2233 3238 2277 voto
3266 2238 3369 2278 suo

1806 2316 2104 2371 frustratus
2153 2316 2352 2383 fuerit,
2382 2316 2512 2385 quia
2559 2330 2900 2386 praepropera
2952 2325 3072 2380 erat
3116 2317 3239 2370 talis
3270 2331 3368 2369 vo-

1806 2405 2009 2460 luntas.
2031 2406 2164 2459 illud
2185 2416 2364 2460 autem
2386 2421 2509 2460 cum
2536 2406 2781 2470 vidisset,
2819 2406 3041 2477 gavisus
3080 2416 3162 2460 est
3191 2406 3367 2468 valde,

1806 2506 1861 2551 et
1912 2497 2186 2551 benedixit
2248 2498 2563 2560 Dominum,
2612 2498 2867 2566 inquiens
2925 2515 2940 2552 :
2985 2498 3115 2551 (hac
3161 2500 3368 2565 requies

1806 2604 1920 2642 mea
1954 2590 2009 2642 in
2037 2590 2287 2643 sceculum
2306 2589 2490 2644 διεσαιὶ
2510 2590 2571 2644 ⁸³.
2607 2588 2811 2645 Deinde
2829 2591 2987 2644 istam
3023 2605 3241 2659 quoque
3272 2604 3369 2643 vo-

1808 2697 1924 2738 cem
1956 2682 2269 2751 subjunxit:
2310 2681 2639 2737 Voluntatem
2664 2683 2960 2737 timentium
2989 2700 3044 2736 se
3069 2683 3229 2752 faciet
3263 2682 3340 2736 Do

1808 2774 1979 2827 minus
2004 2774 2071 2828 ιδ.
2106 2773 2297 2827 Traxit
2329 2774 2492 2828 etiam
2537 2774 2605 2828 ad
2633 2788 2691 2828 se
2719 2783 3070 2829 externorum
3099 2790 3205 2829 non
3237 2788 3344 2844 pan

1810 2880 1905 2919 cos
1932 2882 1946 2918 :
1975 2864 2066 2933 qui
2103 2865 2251 2920 nulla
2306 2865 2489 2920 habita
2532 2866 2745 2921 ratione
2784 2866 3043 2936 temporis
3100 2866 3374 2935 (verteba-

1810 2963 1903 3009 tur
1924 2957 2068 3009 enim
2115 2957 2259 3010 sacri
2312 2956 2504 3026 jejunii
2560 2957 2821 3025 circulus)
2862 2956 3223 3012 aceurrebant
3260 2967 3375 3013 tant

1812 3037 2065 3101 monachi
2098 3062 2259 3115 quam
2295 3050 2604 3113 saeculares,
2640 3049 3125 3118 benedictioneque
3148 3059 3370 3118 accepta

1814 3137 2224 3192 revertebantur
2294 3138 2545 3193 instructi
2600 3139 2667 3193 ad
2726 3140 2829 3195 iter
2880 3141 3088 3210 optimo
3150 3141 3371 3205 viatico,

1814 3238 2016 3285 sanctas
2072 3230 2279 3284 scilicet
2336 3231 2692 3299 depositionis
2722 3234 2985 3287 memoria
3032 3233 3371 3303 (3i).Quin-

1812 3320 1923 3374 imo
1970 3320 2349 3375 sanctissimus
2381 3322 2688 3389 patriarcha
2728 3322 2901 3378 adfuit
2924 3323 3065 3394 (55),
3098 3335 3287 3394 petens
3315 3336 3374 3382 ut

1812 3420 1993 3465 oraret
2023 3425 2120 3481 pro
2153 3427 2249 3476 se;
2280 3427 2455 3481 eoque
2476 3412 2786 3481 impetrato,
2818 3416 3097 3471 osculatus
3124 3425 3207 3471 est
3222 3432 3371 3472 eum.

1812 3502 2002 3573 Itaque
2048 3504 2179 3557 liora
2229 3504 2319 3557 illa
2359 3504 2613 3560 omnibus
2660 3507 3089 3574 suspicantibus,
3121 3506 3371 3562 alicniori

1814 3594 1961 3663 ipsos
1994 3594 2062 3648 ab
2114 3595 2340 3649 invicem
2391 3607 2512 3649 esse
2550 3595 2754 3660 animo,
2790 3594 2933 3650 facta
2967 3595 3069 3650 fuit
3100 3597 3154 3651 in
3192 3612 3374 3651 reme-

1814 3685 1986 3746 dium,
2017 3684 2203 3754 procul
2236 3684 2493 3737 submota
2519 3699 2861 3754 quaecunque
2899 3694 3057 3739 antea
3092 3687 3377 3740 exstiterat

1812 3773 2091 3836 omnibus,
2144 3773 2400 3827 omnibus
2452 3774 2676 3842 ignovit,
2736 3789 2972 3843 quorum
3027 3776 3373 3840 inimicitias,

144 3869 585 3941 persecutiones,
651 3870 933 3924 molestias
975 3872 1191 3933 tulerat,
1236 3878 1422 3937 utpote
1461 3885 1585 3923 vere
1613 3870 1697 3922 vir
1735 3867 1850 3933 Dei,
1886 3877 1941 3921 et
1968 3866 2247 3920 Christum
2281 3867 2445 3921 etiam
2484 3867 2538 3919 in
2566 3878 2743 3922 morte
2772 3869 3019 3924 imitans.

215 3970 330 4032 μγθ.
368 3960 595 4030 Ἐπειδὴ
624 3959 681 4012 δὲ
719 3960 816 4012 καὶ
844 3960 1111 4029 διαθήκην
1152 3960 1260 4012 ἔδει
1299 3958 1601 4021 διαθέσθαι,
1632 3959 1718 4022 τίς

145 4053 319 4123 aii-.11;
370 4053 435 4105 Ἥ
469 4051 748 4123 ὀρθὸδοξος
794 4051 995 4114 πίστις,
1030 4051 1124 4104 καὶ
1150 4052 1182 4121 ἠ
1210 4051 1439 4121 νόμιμος
1455 4050 1716 4112 πολιτεία,

145 4142 233 4209 αἷς
265 4146 584 4212 συνέξησεν,
618 4144 714 4197 καὶ
764 4142 885 4213 μεθ’
923 4137 998 4196 ὧν
1045 4144 1395 4214 ἀπεδήμησεν
1426 4158 1441 4175 ·
1467 4143 1626 4196 τοῦτο
1659 4144 1718 4196 δὲ

146 4240 372 4291 κάκεῖνο
417 4238 718 4307 διανέμειν,
770 4238 831 4291 οὐ
865 4237 1001 4308 πρὸς
1052 4236 1216 4290 αὑτοῦ
1253 4238 1355 4307 (ὅτι
1390 4237 1512 4307 μηδ’
1544 4238 1711 4305 αὐτῆς

145 4332 243 4398 τῆς
259 4330 534 4398 ἐπωμίδος
557 4324 625 4398 ἦν
660 4328 866 4397 κύριος)
892 4326 1292 4382 διατάττεσθαι.
1329 4328 1547 4396 Ἀμέλει
1573 4330 1711 4397 ὲρω-

146 4420 335 4490 τηθεὶς
368 4418 505 4487 πρὸς
533 4416 667 4487 ἐμοῦ
697 4416 789 4469 τοῦ
811 4415 1062 4482 ὲλεεινοῦ,
1084 4416 1155 4487 μή
1173 4434 1225 4469 τι
1252 4416 1426 4486 ἔχοιεν
1452 4416 1715 4487 παριστά-

154 4526 313 4579 μενον
337 4524 352 4537 '
388 4510 454 4578 τῇ
486 4508 587 4577 μὲν
625 4506 770 4576 χειρὶ
793 4504 1068 4577 ἁψάμενος
1129 4506 1223 4561 τοῦ
1279 4508 1517 4577 ἱματίου,
1555 4507 1715 4563 τοῦτο

228 4629 273 4659 ¹³
303 4626 449 4685 Psal.
484 4641 672 4693 exui,
706 4625 791 4682 14.
874 4627 915 4660 ¹ι
950 4624 1096 4682 Psal.
1126 4640 1304 4691 cxuv,
1335 4627 1423 4685 i9.

1882 3958 1973 4012 45.
2009 3956 2280 4024 Quoniam
2320 3972 2451 4013 vero
2489 3958 2735 4026 oportuit
2781 3958 2944 4013 etiam
2988 3969 3373 4018 testamentum

1814 4052 1976 4106 condi
2012 4070 2023 4105 :
2056 4052 2353 4121 quodnam,
2396 4066 2604 4121 quaeso,
2656 4052 2916 4121 reliquit?
2948 4052 3136 4109 Fidem
3196 4058 3379 4111 ortho-

1814 4144 2012 4197 tloxam
2039 4154 2091 4197 et
2117 4145 2594 4198 conversationem
2621 4144 2951 4213 regularem,
2984 4146 3036 4199 in
3062 4148 3264 4216 quibus
3295 4150 3376 4203 vi-

1818 4235 1895 4287 xit
1924 4244 1977 4288 et
2011 4250 2132 4289 cum
2163 4236 2363 4305 quibus
2388 4236 2525 4289 obiit
2554 4254 2567 4290 :
2602 4236 2707 4290 hoc
2738 4248 2920 4292 autem
2954 4238 3035 4292 vel
3061 4240 3193 4295 illud
3249 4241 3377 4297 dis-

1818 4326 2088 4379 stribueré
2114 4326 2179 4379 ad
2217 4325 2370 4379 illum
2412 4341 2518 4379 non
2575 4327 2901 4395 pertinebat,
2949 4344 3074 4384 cum
3106 4336 3282 4401 neque
3314 4332 3383 4386 de

1820 4416 1937 4484 ipso
1962 4416 2123 4485 pallio
2144 4426 2327 4483 posset
2369 4425 2427 4470 ut
2471 4416 2732 4471 dominus
2758 4419 2969 4473 testari.
3009 4418 3251 4476 Tandem
3287 4438 3381 4476 ro-

1820 4518 1979 4579 gatus
2010 4524 2039 4562 a
2069 4525 2154 4564 me
2192 4509 2512 4575 miserabili,
2544 4524 2671 4564 num
2693 4511 2822 4579 quid
2848 4511 3073 4568 haberet
3104 4529 3381 4570 commen-

1649 4765 1879 4824 NOTAE.

220 4989 333 5057 (30)
364 4984 755 5057 Primumrsub
800 4982 1213 5057 obedientiaHS:
1254 4982 1574 5057 Theoctisti,
1633 5003 1715 5042 se-
1746 4989 1792 5045 D
1818 4985 2215 5057 exprimeretur
2262 4986 2383 5051 ejus
2416 5002 2537 5057 quae
2584 4987 2637 5041 in
2662 4987 2852 5041 Graeco
2889 4994 2972 5041 est
2994 4986 3060 5041 ad
3089 5001 3281 5057 vocum
3306 4988 3385 5042 si-

153 5054 391 5112 cundum
428 5057 480 5110 in
522 5056 789 5125 regimine
821 5054 1138 5108 monasterii
1168 5054 1573 5125 Symbolorum,
1602 5070 1714 5111 ter-

155 5132 285 5182 tium
320 5130 374 5182 in
413 5123 771 5197 gubernando
803 5125 1134 5197 monasterio
1159 5123 1514 5193 sacudionis,
1543 5143 1712 5197 quare

156 5209 265 5252 tum
296 5195 774 5252 Constantinopoli
804 5194 854 5247 in
881 5194 1203 5249 reclusione.

223 5264 1011 5337 (51)(ἓῑωοοδὶςδυοκαίδεκα,
1048 5264 1149 5337 Sed
1169 5266 1340 5333 prima
1371 5265 1573 5334 syllaba
1594 5264 1713 5318 Sir-

157 5334 243 5392 leti
297 5334 494 5393 oculos
553 5334 709 5399 fugit,
743 5343 802 5387 ut
851 5335 1123 5387 duodecim
1170 5342 1427 5399 verteret,
1457 5344 1511 5389 et
1545 5344 1714 5389 totam

156 5408 532 5476 chronologia:
557 5406 823 5458 rationem
850 5405 1107 5476 turbavit.

226 5478 337 5546 (52)
379 5473 459 5531 Ei
515 5475 619 5529 hac
668 5476 778 5546 vita
835 5475 1073 5528 excessit
1125 5474 1506 5530 sanctissimus
1547 5473 1720 5546 Plato,

161 5544 556 5616 octogesimum
580 5545 761 5616 aetatis
804 5558 1024 5616 annum
1055 5560 1167 5599 uno
1206 5547 1384 5599 minus
1421 5559 1609 5616 agens,
1643 5544 1725 5597 vir

161 5613 406 5688 pluribus
467 5614 789 5688 perfunctus
838 5613 1136 5688 laboribus,
1180 5616 1408 5688 egregiis
1460 5615 1723 5669 virtutum

162 5680 315 5741 editis
346 5680 720 5740 documentis.
755 5682 831 5736 ita
860 5681 917 5735 S.
951 5680 1234 5737 Theodori
1266 5680 1407 5747 Vita,

229 5760 338 5823 (55)
366 5757 559 5810 Gra'ce
585 5753 809 5823 ἔκειτοὸ
838 5752 1036 5823 γέρων,
1061 5752 1249 5823 ῶσπερ
1276 5771 1327 5806 τι
1349 5760 1515 5823 γέρας
1538 5754 1720 5823 τίμιον

164 5822 567 5897 ἡτοιμασμένος
614 5824 713 5891 τὴν
746 5822 1061 5897 ψυχήνίοει
1090 5822 1269 5897 autem
1303 5822 1493 5893 γέρας,
1530 5822 1719 5897 decus,

168 5893 473 5965 praemium,
516 5908 615 5965 pro
672 5907 782 5964 quo
835 5893 1098 5949 vertimus
1144 5894 1379 5964 xenium,
1412 5902 1469 5948 ut
1503 5893 1724 5965 propius

1820 5055 2181 5110 militudinem
2240 5055 2527 5111 allusio‘nis
2586 5058 2891 5125 elegantia;
2925 5072 3090 5125 quam
3145 5056 3380 5111 Sirletus

1820 5126 2072 5195 neglexit,
2101 5126 2229 5179 dum
2257 5127 2328 5180 ita
2361 5127 2540 5190 vertit,
2587 5144 2605 5177 ι
2632 5125 2856 5181 Jacebat
2892 5142 3057 5181 senex
3106 5126 3196 5181 ille
3230 5129 3386 5181 senio

1821 5196 2111 5249 admodum
2143 5197 2425 5250 honorato.
2452 5214 2471 5246 ι

1890 5265 2002 5333 (54)
2021 5265 2205 5320 Graece
2222 5265 2540 5333 simpliciter
2555 5273 2636 5318 est
2661 5283 2679 5314 ι
2698 5274 2885 5318 sancta
2907 5263 3027 5333 ejus
3044 5264 3337 5334 depositio,
3364 5284 3382 5316 ι

1820 5336 2141 5404 παράθεσις.
2177 5334 2409 5388 Sirletus
2431 5374 2445 5397 ,
2480 5336 2979 5388 commendationem
3024 5336 3184 5388 vertit
3220 5353 3233 5388 :
3284 5350 3389 5403 pu-

1820 5406 1930 5459 tavi
1968 5407 2135 5458 menti
2166 5407 2407 5459 auctoris
2435 5405 2657 5474 propius
2688 5420 3037 5459 accessuram
3086 5407 3390 5474 paraphra-

1820 5490 1947 5530 Sim.

1891 5543 2003 5612 (55)
2033 5540 2153 5596 Vita
2176 5542 2232 5596 S.
2253 5542 2525 5596 Theodori
2557 5560 2571 5596 :
2604 5561 2622 5593 ι
2652 5542 2706 5595 1η
2735 5558 2801 5595 eo
2830 5536 2989 5596 etiam
3012 5541 3383 5596 abundantem

1820 5614 2128 5682 patriarcha
2169 5613 2454 5666 charitatis
2490 5628 2601 5666 suae
2618 5614 2723 5665 vim
2750 5614 3026 5681 animique
3063 5621 3207 5665 recte
3234 5625 3388 5664 com-

1822 5683 1981 5754 positi
2029 5683 2303 5754 specimen
2328 5683 2589 5754 exhibuit.
2623 5689 2935 5754 Accurreus
2958 5683 3217 5754 “ipsemet
3255 5694 3384 5733 cum

1822 5751 2083 5808 universo
2137 5752 2279 5804 clero
2303 5752 2368 5805 ad
2393 5752 2803 5815 monasterium,
2831 5751 3161 5804 moribundo
3189 5756 3383 5803 saneto

1831 5824 2024 5881 astitit,
2078 5829 2224 5875 totus
2281 5821 2335 5874 in
2361 5821 2508 5874 illum
2532 5822 2764 5885 defixus,
2790 5822 3035 5874 membra
3055 5819 3173 5887 ejus
3199 5818 3385 5873 omnia

1830 5892 2219 5963 complectens,
2250 5893 2597 5962 suaviterque
2638 5890 2851 5963 singula
2882 5891 3230 5949 deosculaus.
3264 5904 3285 5940 ι
