3926 6482
596 389 697 450 847

1815 398 1870 458 s.
1911 398 2300 463 THEODORI
2332 397 2671 460 STUDI‘LE

3713 406 3811 468 8&8

589 502 850 565 dandum,
878 517 1038 557 manu
1070 514 1271 561 vestem
1291 509 1726 577 apprehendens,
1751 522 1868 562 eam
1885 510 2151 572 excussit,

2256 512 2591 571 κατέσεισεν,
2622 510 2700 571 ὡς
2737 506 3003 578 σύμϐολον
3058 509 3307 580 ὑπακοῆς
3362 511 3808 582 παντελευθέρου,

591 593 644 645 in
673 594 888 662 signum
937 597 1358 665 expeditissima:
1398 599 1755 667 obedientire;
1798 611 1849 655 et
1884 616 2016 656 voce
2052 603 2148 656 ad.

590 683 810 737 modum
860 685 1132 739 submissa
1194 687 1349 753 dixit,
1409 690 1546 743 nihil
1603 691 1821 756 habere,
1873 706 1939 745 eo
2001 693 2146 761 quod

588 777 772 830 omnia
808 792 942 831 mea:
980 779 1233 847 parvitati
1274 782 1665 837 committeret.
1723 784 1893 839 Porro
1923 795 2149 853 praeter-

587 866 825 920 eundum
859 882 966 929 non
1006 877 1089 923 est
1123 870 1349 939 aliquid,
1374 874 1482 925 vim
1518 872 1724 928 habens
1755 875 2145 943 prmdictionis,

537 1008 547 1019 ,
587 959 733 1027 quod
767 973 961 1029 nempe
986 959 1270 1016 funebrem
1314 971 1536 1016 cantum
1576 964 1679 1019 sibi
1707 966 1819 1034 ipse
1847 973 1973 1020 ante
2000 981 2148 1023 mor-

589 1060 694 1104 tem
721 1053 1007 1108 cecinerit.
1040 1052 1176 1108 Cum
1211 1054 1357 1109 enim
1388 1072 1452 1110 ex
1479 1066 1697 1127 pectore
1724 1058 2022 1123 laboraret,
2057 1074 2148 1116 as-

588 1138 858 1209 siduoque
899 1142 1197 1196 anhelitum
1249 1144 1492 1210 duceret,
1541 1162 1605 1201 ex
1656 1158 1917 1203 consueta
1966 1164 2145 1206 rerum

558 1226 896 1282 divinarum
929 1229 1284 1287 meditatione
1303 1237 1553 1291 movebat
1597 1236 1758 1302 labia,
1794 1238 2029 1292 maxime
2058 1253 2151 1292 au-

589 1327 696 1371 tem
725 1320 989 1388 psallebat
1013 1322 1157 1376 illam
1185 1338 1355 1378 sacra:
1370 1327 1640 1382 cantionis
1667 1330 2025 1398 particulam:
2051 1329 2149 1384 Re-

589 1420 799 1478 surgent
847 1414 1062 1477 mortui,
1102 1423 1151 1467 et
1188 1415 1277 1483 qui
1310 1416 1362 1468 in
1400 1421 1747 1473 monumentis
1800 1429 1922 1474 sunt
1977 1423 2149 1475 susci-

590 1501 858 1564 tabumur,
892 1513 941 1557 et
988 1504 1311 1560 laetabuntur
1360 1510 1449 1578 qui
1498 1521 1615 1564 sunt
1664 1512 1718 1564 in
1751 1524 1890 1566 terra
1930 1530 1949 1567 :
1985 1530 2147 1583 quem

588 1594 980 1650 suavissimum
1026 1613 1241 1653 versum
1304 1598 1630 1657 hortabatur
1682 1615 1740 1658 ut
1778 1620 1962 1659 secum
1992 1622 2152 1661 cane-

589 1695 710 1741 rent
761 1688 855 1756 qui
902 1698 1100 1758 prazsto
1130 1698 1317 1757 erant,
1350 1694 1528 1762 quoad
1559 1694 1709 1764 loqui
1744 1698 1941 1765 potuit,
1965 1710 2018 1753 et
2050 1714 2149 1753 vo-

587 1791 705 1832 cem
733 1780 816 1833 vel
853 1781 1234 1836 tenuissimam
1258 1785 1526 1841 emittere.
1562 1786 1757 1842 Secuta
1799 1802 1978 1845 autem
2014 1807 2149 1847 can-

590 1877 703 1922 tum
734 1879 819 1924 est
851 1887 1022 1936 mors,
1063 1884 1194 1928 tunc
1246 1875 1321 1929 illi
1371 1876 1689 1943 adveniens,
1722 1884 1944 1950 quando
1977 1883 2148 1938 insta-
2179 1842 2219 1897 Β

587 1958 681 2014 bat
711 1963 973 2017 memoria
1001 1963 1133 2031 justi
1166 1964 1360 2021 Lazari
1412 1967 1543 2039 (56),
1577 1971 1643 2024 ad
1690 1989 1851 2040 quem
1916 1975 2148 2029 refertur

584 2061 784 2109 cantus
814 2054 924 2118 ille,
956 2064 1011 2110 et
1039 2072 1161 2112 cum
1196 2072 1305 2128 quo
1335 2075 1462 2130 pars
1494 2063 1613 2131 ejus
1646 2063 1711 2118 de
1742 2080 1852 2131 quo
1889 2068 2043 2123 nobis
2066 2078 2149 2124 est

585 2157 794 2199 sermo.

654 2239 747 2293 44.
776 2239 1019 2309 Denique
1046 2250 1374 2309 extremum,
1424 2244 1728 2307 insurrans,
1760 2246 1948 2303 EstOIe
1985 2250 2145 2317 salvi,

584 2329 898 2400 decoroque
927 2332 1116 2386 habitu
1145 2333 1356 2401 jacens,
1398 2350 1521 2389 cum
1553 2337 1619 2390 ad
1664 2337 1942 2393 dexteram
1990 2341 2148 2395 incli-

588 2430 771 2476 nasset
798 2431 980 2491 caput,
1014 2424 1228 2492 placido
1256 2440 1318 2479 ac
1355 2426 1460 2480 leni
1491 2437 1639 2481 motu
1688 2430 1957 2498 corporis,
2006 2433 2148 2487 velut

585 2513 677 2581 qui
733 2514 787 2567 in
847 2516 1066 2583 proliria
1114 2516 1266 2571 abire
1314 2517 1805 2587 disponit,clausit
1843 2523 2055 2586 oculos,
2084 2539 2146 2578 ea

584 2620 689 2672 qua
722 2606 803 2659 sol
839 2608 1115 2660 occumbit
1148 2609 1307 2670 hora,
1336 2619 1389 2663 et
1417 2610 1670 2679 spiritum
1711 2627 1869 2667 suum
1898 2624 2145 2669 sanctum

587 2694 808 2748 tradidit
853 2697 1084 2763 angelis,
1114 2698 1290 2766 ipsum
1316 2700 1379 2753 ad
1413 2700 1579 2753 solem
1611 2701 1837 2768 justitia:
1881 2704 2145 2759 deductu-

585 2787 679 2840 ris.
702 2784 767 2840 Et
788 2802 931 2841 nunc
963 2788 1051 2842 ille
1076 2790 1290 2857 quidem
1320 2791 1373 2843 in
1404 2791 1560 2845 cretis
1591 2802 1674 2846 est
1711 2794 1843 2863 (56⁸)
1870 2793 2044 2849 audeo
2063 2796 2145 2850 di-

584 2892 727 2940 cere,
793 2892 901 2931 non
960 2879 1137 2932 solum
1187 2880 1422 2935 ascetico
1477 2882 1733 2951 dignatus
1791 2885 2014 2951 ordine,
2049 2886 2143 2941 sed

583 2968 964 3024 confessorum
1005 2970 1453 3027 adnumerandus
1471 2972 1722 3027 choreis:
1748 2990 1979 3043 quorum
1998 2978 2143 3032 enim

584 3062 881 3116 certamina
946 3062 1186 3131 pertulit,
1225 3063 1419 3118 horum
1459 3064 1680 3121 induhie
1718 3069 1881 3121 etiam
1916 3069 2146 3124 haeredi-

2251 602 2431 672 φωνὴν
2458 602 2514 655 δὲ
2538 601 2763 670 ἀφίησιν
2790 601 2906 653 λίαν
2965 600 3212 669 ἀμυδρὰν
3265 601 3385 670 μηδ’
3422 602 3605 655 ὁτιοῦν
3651 604 3810 671 ἔχειν,

2248 693 2334 745 διά
2360 694 2420 745 τὸ
2449 693 2629 745 πάντα
2661 690 2952 745 ἀναθέσθαι
2975 694 3039 762 τῇ
3064 692 3391 745 ταπεινώσει
3416 711 3549 762 μου.
3582 694 3689 746 Καὶ
3712 695 3812 763 μὴν

2248 785 2358 838 οὐδ’
2387 786 2561 837 ἐκεῖνο
2589 782 3017 853 παραλείψομαι,
3068 785 3426 855 προρρήσεως
3476 783 3601 853 ἔχον
3644 784 3813 854 ἔμφα-

2250 894 2354 941 σιν,
2392 878 2473 929 ὅτι
2506 876 2668 938 αὐτὸς
2694 875 2872 944 ἐαυτῷ
2904 878 3190 943 ἐπιτάφιον
3238 876 3380 947 ᾠδὴν
3416 876 3525 947 πρὸ
3581 877 3811 931 θανάτον

2251 962 2653 1032 μεμελῲδηκεν.
2700 962 3060 1032 Συνεχὸμενος
3096 964 3204 1033 γὰρ
3246 963 3353 1016 ὑπὸ
3414 964 3509 1017 τοῦ
3558 964 3809 1033 Θώρακος

2249 1050 2343 1102 καὶ
2376 1049 2693 1119 ἀσθμαίνων
2721 1050 3020 1120 ἐπάλληλα,
3067 1050 3239 1105 ἐκίνει
3294 1051 3393 1121 μὲν
3448 1053 3516 1106 τὰ
3549 1054 3708 1123 χείλη
3758 1057 3815 1107 ὲκ

2247 1140 2345 1209 τῆς
2379 1138 2642 1209 συνήθους
2672 1139 2820 1211 αύτῷ
2854 1140 2963 1193 τῶν
3004 1140 3163 1195 θείων
3212 1142 3467 1213 μελέτης,
3508 1144 3816 1211 ὑπέψαλλεν

2247 1231 2303 1285 δὲ
2335 1232 2568 1299 μάλιστα
2597 1231 2657 1285 τὸ
2693 1232 2794 1301 τῆς
2837 1232 2984 1303 ᾠδῆς
3030 1233 3249 1303 ἐκείνης
3297 1235 3493 1306 μέρος,
3536 1237 3818 1304 Ἀναστήο

2247 1336 2459 1376 vortat
2487 1324 2540 1376 οί
2566 1324 2786 1391 νεκροὶ,
2837 1323 2933 1377 καὶ
2991 1324 3414 1394 ἐγερθήσονται
3465 1329 3519 1379 οἱ
3576 1327 3649 1379 ἐν
3697 1330 3817 1396 τοῖς

2244 1414 2553 1483 μνημείοις
2580 1414 2678 1467 καί
2708 1414 3231 1484 εὐφρανθήσονται
3266 1419 3320 1471 οί
3348 1418 3415 1470 ἐν
3438 1416 3513 1486 τῇ
3551 1418 3652 1487 τῇ,
3698 1438 3820 1474 συν-

2249 1506 2397 1577 ᾀδειν
2427 1504 2576 1575 αύτῷ
2614 1507 3054 1576 προτρεπόμενος
3099 1510 3482 1579 συνεχέστερον
3522 1510 3617 1563 τὸν
3651 1513 3817 1565 αὐτὸν

2249 1595 2350 1665 ἤδη
2409 1594 2589 1664 στίχον
2647 1596 2773 1658 τοὺς
2835 1596 3437 1667 παρισταμένους,ἓως
3487 1599 3555 1652 ἂν
3583 1600 3819 1668 ἠδύνατο

2252 1685 2475 1748 σθένειν,
2505 1685 2595 1737 καὶ
2630 1684 2830 1755 μικρὰν
2866 1685 3081 1753 ἀφιέναι
3127 1689 3332 1757 φωνήν.
3366 1688 3473 1740 Καί
3510 1706 3574 1756 γε
3610 1692 3816 1760 ἐπηκος

2250 1774 2511 1844 λούθησεν
2531 1765 2596 1845 τῇ
2621 1774 2730 1845 ᾠδῇ
2759 1776 2792 1845 ἡ
2822 1774 3097 1847 κοίμησις,
3141 1778 3261 1830 τότε
3323 1778 3600 1846 φθάσασα,
3653 1780 3818 1848 ἡνίκα

2249 1868 2282 1935 ἡ
2311 1864 2403 1918 τοῦ
2444 1864 2652 1918 δικαίου
2696 1864 2951 1936 Λαζάρου
2993 1868 3180 1938 μνήμη
3230 1868 3453 1939 ἐπέστη,
3485 1871 3627 1939 πρὸς
3671 1870 3734 1924 ὃν
3787 1875 3819 1943 ἡ

2248 1955 2499 2025 ἀναφορά
2523 1955 2623 2025 τῆς
2650 1952 2819 2026 ᾠδῆς,
2850 1957 2941 2011 καὶ
2979 1957 3099 2029 μεθ’
3125 1952 3185 2012 οὗ
3215 1960 3248 2030 η
3292 1960 3450 2032 μερὶς
3492 1961 3588 2016 τοῦ
3640 1955 3819 2033 οὗπερ

2247 2048 2275 2099 ὁ
2307 2047 2480 2116 λόγος.

2322 2223 2426 2293 μδ’.
2468 2219 2602 2279 Εἶτα
2626 2224 2934 2277 τελευταῖον
2980 2224 3041 2277 τὸ
3092 2223 3358 2289 σώζεσθαι
3405 2224 3822 2293 ὲπιψιθυρίσας,

2248 2313 2340 2366 ὲπ¹ι
2372 2312 2648 2382 σχήματός
2697 2330 2758 2365 τε
2800 2310 3109 2383 εὐπρεποῦς
3167 2312 3439 2383 κείμενος,
3486 2313 3587 2379 τὴν
3636 2313 3823 2381 κάραν

2248 2405 2478 2471 δεξιόθεν
2506 2403 2888 2471 ὲπικεκλικὼς,
2941 2403 3143 2458 οὑτωσὶ⁹
3183 2406 3386 2476 πραεία
3436 2405 3531 2457 καὶ
3567 2404 3826 2473 ἠρεμαίᾳ.

2247 2500 2311 2568 τῇ
2358 2498 2569 2567 κινήσει
2614 2495 2708 2557 τοῦ
2756 2495 3032 2567 σώματος,
3058 2496 3134 2559 ὡς
3179 2498 3260 2559 είς
3294 2495 3360 2547 τά
3408 2494 3512 2546 ῐδια
3552 2494 3825 2563 ἀπαίρειν

2248 2586 2699 2657 προαιρούμενος,
2733 2585 2911 2656 μύσας
2937 2587 3065 2649 τοὺς
3091 2583 3399 2653 ὀφθαλμοὺς
3443 2583 3501 2635 ὲν
3550 2581 3675 2653 ῶρᾳ
3727 2583 3828 2635 δύ-

2247 2694 2385 2741 σεως
2411 2678 2594 2746 ιὴλίου,
2620 2678 2939 2750 παρέδωκεν
2976 2676 3075 2747 τὴν
3114 2674 3274 2742 ἁγίαν
3316 2673 3497 2744 ψυχὴν
3540 2677 3659 2737 τοῖς
3712 2676 3827 2729 ἀπ-

2247 2768 2470 2836 άγουσιν
2499 2768 2669 2841 αὐτὴν
2698 2770 2871 2838 ἁγίοις
2898 2767 3147 2837 ἀγγέλοις
3174 2766 3308 2836 πρὸς
3329 2768 3419 2820 τὸν
3435 2766 3587 2836 ἦλιον
3615 2766 3723 2836 τῆς
3752 2767 3829 2820 δι-

2246 2863 2556 2931 καιοσύνης.
2586 2862 2694 2916 Καὶ
2724 2861 2817 2914 νῦν
2861 2861 3007 2912 ἐστιν
3034 2861 3062 2913 ὁ
3104 2858 3202 2930 μὲν
3225 2860 3283 2912 ὲν
3311 2859 3584 2929 οὐρανοῖς,
3612 2859 3677 2910 ού
3729 2860 3830 2929 p.6-

2246 2971 2335 3007 νον
2387 2954 2695 3024 ἀσκητικῆς
2747 2950 2950 3015 τάξεώς
2979 2967 3038 3003 τε
3062 2951 3157 3004 καὶ
3201 2950 3600 3021 παραστάσεως
3629 2949 3832 3021 θαρρῶ

2246 3046 2424 3113 λέγειν
2456 3044 2777 3113 ἠξιωμένος,
2801 3040 2936 3094 ἀλλά
2963 3040 3070 3112 γὰρ
3093 3042 3185 3094 καὶ
3206 3040 3554 3119 ὁμολογητῶν
3574 3042 3833 3110 χορείαις

584 3163 751 3208 tatem
809 3155 1152 3225 participavit
1191 3174 1203 3211 :
1237 3168 1331 3211 aut
1366 3158 1412 3212 si
1461 3158 1669 3227 placet,
1704 3176 1829 3215 cum
1880 3163 2142 3231 subjectis

2249 3134 2612 3207 ἠριθμημένος
2635 3150 2649 3165 ο
2678 3127 2752 3186 ὧν
2794 3131 2902 3202 γὰρ
2933 3134 3056 3195 τοὺς
3082 3132 3276 3194 ἀθλους
3304 3132 3557 3201 ἠνεγκεν,
3611 3130 3836 3185 τούτων

583 3244 868 3314 subjectus
914 3246 1360 3315 probatissimus,
1399 3247 1511 3300 imo
1556 3247 1638 3303 bis
1682 3249 1945 3304 obediens
1986 3265 2144 3303 coro-

587 3333 774 3388 narius
800 3350 815 3399 ;
845 3349 968 3389 cum
1032 3335 1294 3389 solitariis
1354 3337 1631 3391 solitarius
1664 3338 1939 3407 legitimus
1967 3356 1981 3404 ;
2016 3356 2140 3393 cum

584 3424 825 3491 praelatis
867 3426 1126 3494 praelatus
1190 3426 1570 3496 dignissimus,
1608 3442 1730 3482 cum
1758 3428 2004 3494 inclusis,
2036 3447 2144 3485 non

584 3514 762 3568 solum
823 3514 1090 3579 inclusus,
1125 3516 1218 3571 sed
1240 3519 1403 3571 etiam
1443 3518 1725 3585 subditus;
1757 3522 2012 3591 quodque
2046 3535 2147 3576 au-

585 3614 803 3677 gustum
860 3605 1146 3675 inprimis,
1204 3623 1327 3662 cum
1393 3608 1803 3666 confessoribus
1864 3611 2147 3667 confessor

586 3699 883 3765 genuinus,
918 3698 1095 3767 rcipsa
1146 3701 1326 3754 verbis
1357 3710 1674 3756 altestaute.
1706 3701 1815 3771 Ego
1848 3715 2026 3757 autem
2064 3706 2146 3756 in-

2243 3226 2399 3297 δῆλον
2431 3225 2514 3277 ὅτι
2544 3222 2640 3275 καὶ
2665 3222 2767 3290 τῆς
2800 3222 3132 3294 κληρουχίας
3166 3220 3494 3290 μετείληφεν
3520 3236 3534 3251 ο
3566 3222 3617 3273 εί
3639 3221 3836 3291 βούλει

2242 3315 2323 3376 δὲ,
2361 3312 2498 3383 μετά
2531 3310 2911 3364 ὑποτακτικῶν
2952 3308 3307 3370 ὑποτακτικὸς
3342 3307 3586 3376 δόκιμος,
3619 3308 3839 3377 μᾶλλον

2244 3405 2299 3459 δὲ
2327 3406 2406 3468 δίς
2435 3404 2675 3474 ὑπήκοος
2705 3402 3049 3471 στεφανίτης,
3086 3400 3205 3470 μεθ’
3255 3397 3580 3469 ήσυχαστῶν
3611 3400 3839 3469 ἡσυχαο

2247 3496 2378 3566 στὴς
2429 3496 2673 3565 ἔννομος,
2734 3494 2872 3563 μετὰ
2918 3490 3245 3562 καθηγητῶν
3304 3489 3626 3560 καθηγητὴς
3672 3492 3840 3545 ἔνθε-

2248 3604 2403 3659 σμος,
2455 3589 2594 3658 μετά
2649 3586 2976 3655 ὲγκλείστων
3006 3584 3064 3637 οὐ
3102 3583 3262 3653 μόνον
3313 3581 3649 3649 ἐγκλειστος,
3688 3583 3840 3637 ἀλλά

2246 3678 2338 3731 καὶ
2367 3678 2764 3744 ὑποτακτήτης,
2787 3673 2816 3727 δ
2836 3673 2933 3728 καί⁵
2957 3673 3275 3743 σεϐάσμιον,
3310 3671 3445 3741 μετά
3466 3671 3843 3743 ὀμολογητῶν

2246 3768 2586 3837 ὁμολογητὴς
2612 3764 3067 3833 ἀπαράγραπτος,
3114 3760 3500 3833 μαρτυρούσης
3549 3760 3632 3827 τῷ
3680 3761 3845 3831 λόγῳ

2246 3860 2346 3928 τῆς
2379 3858 2648 3926 πράξεως.
2680 3854 2820 3922 Ἐγὼ
2840 3855 2898 3907 δὲ
2928 3856 2957 3908 ὁ
2976 3854 3253 3924 δύστηνος,
3282 3851 3719 3923 ἀπορφανισθεὶς
3738 3851 3845 3905 τοῦ

2248 3946 2412 4002 καλοῦ
2446 3946 2676 4015 Πατρὸς,
2706 3943 2809 3997 ποῦ
2843 3946 3002 4013 χεῖρα
3030 3942 3393 4013 ἀπερείσομαι
3451 3940 3599 3995 κατά
3643 3940 3849 4011 ψυχὴν

2249 4038 2605 4107 σαλευόμενος
2630 4051 2645 4100 ;
2672 4035 2793 4087 τίνα
2830 4031 3184 4105 ύπομνηστὴν
3224 4031 3444 4103 εὕροιμι
3487 4030 3849 4102 παραλόγως

2248 4131 2582 4200 φερόμενος;
2622 4126 2738 4190 πῶς
2783 4126 2877 4180 τοῦ
2904 4125 3155 4199 Πονηροῦ
3201 4125 3302 4198 τὴν
3332 4124 3519 4195 ἔφοδον
3568 4124 3849 4195 φύγοιμι,

2253 4223 2327 4294 μὴ
2358 4223 2417 4275 σὲ
2447 4221 2536 4275 τὸν
2585 4219 2841 4291 νουθετὴν
2889 4221 2982 4276 καί⁵
3027 4219 3323 4291 παιδευτὴν
3376 4220 3633 4290 εὐπορῶν
3677 4222 3852 4275 οἶκο-

1364 4362 1367 4363 ,
2252 4316 2341 4369 θεν
2366 4334 2381 4383 ;

657 4407 747 4461 45.
779 4406 897 4472 Ast,
927 4422 960 4461 ο
991 4406 1235 4462 divinum
1280 4408 1414 4461 mihi
1444 4417 1497 4461 et
1516 4423 1729 4462 sacrum
1766 4418 1948 4477 caput,
1982 4416 2038 4463 tu
2066 4424 2150 4464 me

2326 4415 2427 4479 με’.
2474 4409 2613 4463 Ἀλλ’
2644 4404 2691 4463 ὧ
2722 4408 2839 4462 θεία
2884 4424 2973 4477 μοι
3022 4405 3115 4459 καὶ
3162 4403 3284 4474 ίερά
3346 4402 3580 4472 κεφαλὴ.
3635 4402 3708 4456 σύ
3776 4421 3855 4475 με

584 4514 649 4554 ex
709 4500 819 4553 alto
860 4500 1127 4569 prepilius
1182 4501 1411 4567 respice,
1436 4500 1709 4554 labantem
1764 4501 1946 4570 erige,
1979 4501 2149 4570 dirige

2252 4505 2573 4568 ὲποπτεύοις
2589 4505 2793 4559 ἄνωθεν
2810 4504 2988 4565 ἵλεως,
3006 4501 3100 4554 καὶ
3120 4499 3366 4571 ἀνορθοῖς
3388 4497 3855 4559 καταπίπτοντα,

586 4590 945 4658 gradientem,
988 4604 1147 4645 serva
1182 4590 1533 4651 incolumem,
1561 4605 1721 4658 pasce
1764 4606 1973 4644 mecum
2003 4592 2147 4645 hunc

2251 4597 2343 4649 καὶ
2366 4596 2665 4659 διευθύνοις.
2691 4594 3071 4664 πορευόμενον,
3090 4591 3184 4644 καὶ
3203 4590 3486 4658 συντηροῖς
3507 4589 3691 4660 ἀνεπη
3702 4591 3858 4660 ρέα-

584 4698 1019 4753 μεμυηηιιοιη
1062 4682 1236 4736 multo
1292 4683 1475 4735 labore
1516 4692 1568 4735 et
1600 4682 1799 4735 sudore
1848 4680 2148 4751 collegisti;

2250 4704 2409 4751 στον,
2446 4686 2598 4754 ἀγοις
2658 4702 2717 4738 τε
2766 4685 2861 4737 καὶ
2907 4681 3330 4752 συμποιμαίνοις
3382 4696 3495 4750 μοι,
3521 4681 3620 4732 καὶ
3666 4682 3858 4751 τήνδε

587 4785 649 4828 ut
682 4776 788 4830 tuis
829 4776 1089 4829 insistens
1124 4774 1387 4844 vestigiis,
1420 4773 1659 4826 ambulet
1707 4788 1799 4840 per
1828 4772 1967 4825 viam
1998 4787 2151 4826 man-

2252 4778 2351 4846 τὴν
2409 4774 2663 4847 ποίμνην,
2704 4776 2770 4844 ἥν
2804 4773 3014 4834 πολλοῖς
3051 4772 3235 4835 πόνοις
3278 4787 3337 4823 τε
3364 4770 3456 4823 καὶ
3480 4769 3664 4837 ἀγῶσι
3708 4789 3875 4830 συν-,

584 4869 834 4923 datorum
883 4867 1015 4922 Dei:
1048 4868 1300 4931 observa,
1360 4864 1501 4928 fove,
1540 4880 1820 4935 propugna
1886 4875 1993 4918 tam
2032 4880 2147 4919 ma-

588 3789 740 3852 felix,
773 3790 978 3857 Optimo
999 3790 1225 3845 orbatus
1272 3802 1460 3861 patre;
1491 3794 1577 3847 cui
1633 3809 1853 3847 manum
1904 3794 2145 3864 injiciam

586 3879 771 3934 animo
813 3879 1126 3935 fluctuans?
1163 3897 1323 3950 quem
1375 3882 1774 3937 admonitorem
1818 3885 2145 3942 inveniama

584 3980 733 4026 recta
786 3972 1068 4027 declinans
1115 3974 1367 4028 ratione?
1395 3975 1672 4043 quomodo
1715 3977 1842 4031 mali
1880 3978 2147 4035 dannonis

586 4063 869 4119 incursum
902 4064 1130 4134 fugiam,
1170 4082 1275 4120 non
1312 4067 1520 4123 habens
1548 4079 1598 4123 te
1644 4070 2007 4127 domesticum
2065 4072 2149 4127 in-

584 4166 916 4214 structorem
950 4157 1363 4229 doctoremque.

2253 4866 2568 4935 εστήσω,ὲν
2607 4864 2776 4935 ἴχνεσι
2815 4865 2926 4926 τοῖς
2967 4863 3078 4925 σοῖς
3123 4862 3464 4932 περιπατεῖν,
3510 4860 3569 4912 ὲν
3612 4862 3861 4931 τρίϐοις

587 4974 722 5028 gnos
786 4974 949 5029 quam
1007 4974 1225 5027 parvos,
1252 4956 1710 5026 quemadmodum
1768 4965 1817 5009 te
1868 4955 2049 5024 rogavi
2092 4956 2145 5009 in

2253 4958 2363 5011 τῶν
2392 4957 2550 5010 θείων
2574 4956 2802 5009 ἐντολῶν
2845 4954 3196 5025 πορεύεσθαι,
3238 4954 3475 5015 σκέπων,
3512 4954 3859 5022 περιέπων,

586 5050 719 5103 hora
778 5050 959 5104 exitus
1010 5049 1084 5103 tui
1118 5068 1129 5102 :
1158 5049 1234 5102 tui
1290 5047 1435 5102 enim
1503 5055 1628 5101 sunt
1670 5061 1882 5111 omnes,
1916 5060 2148 5114 quorum

2258 5048 2622 5118 προπολεμῶν
2651 5048 2759 5099 τῶν
2782 5048 3031 5117 μεγάλων
3063 5063 3155 5099 σου
3176 5046 3269 5099 καὶ
3292 5043 3503 5115 μικρῶν
3525 5047 3859 5114 ποιμνίων,

585 5143 752 5193 duces
780 5138 874 5193 ﬁlii
903 5139 983 5193 tui
1012 5149 1158 5202 sunt,
1192 5150 1285 5193 aut
1311 5138 1404 5192 filii
1449 5137 1680 5192 filiorum
1720 5153 1732 5189 :
1766 5146 1822 5190 ut
1856 5137 1907 5189 in
1945 5134 2054 5188 Deo
2093 5142 2146 5189 et

2249 5137 2429 5202 καθὼς
2458 5139 2552 5191 καὶ
2599 5138 2839 5208 ὑπέσχου
2887 5138 2943 5190 ὲν
2985 5136 3161 5208 καιρῷ
3215 5153 3310 5189 σου
3330 5135 3428 5206 τῆς
3470 5133 3703 5204 ἐξόδου;
3745 5131 3863 5194 διαὶ

784 5239 795 5245 ρ
2080 5226 2312 5282 NOTAE.

659 5320 771 5387 ('56)
804 5319 876 5372 Ita
906 5320 970 5372 ad
1004 5318 1467 5399 verbumﬁGrmca.
1514 5317 1746 5399 Sirletus
1778 5319 1973 5399 vertit:
2002 5316 2146 5383 Jusli
2244 5319 2464 5399 tandem
2497 5334 2695 5399 corpus
2735 5319 2990 5399 sepulcro
3023 5316 3289 5397 con-didit,
3348 5317 3530 5371 multis
3561 5320 3871 5399 undique

586 5389 782 5443 Lazrtri
816 5391 1029 5458 ejusque
1072 5390 1173 5441 diei
1227 5389 1342 5455 festi
1378 5391 1704 5467 ηιεηιονίιι-ηι,
1746 5388 1904 5457 qliale
1953 5387 2147 5467 festum
2245 5392 2665 5467 confluentibus,
2699 5390 2927 5467 ejusque
2951 5388 3344 5467 depositionem
3395 5404 3490 5457 pro
3524 5387 3673 5441 virili
3712 5387 3872 5467 pro.

589 5462 801 5513 nullum
844 5460 1043 5512 habent
1082 5460 1251 5512 Graeci
1284 5477 1298 5521 ;
1331 5460 1421 5511 sed
1459 5459 1780 5525 simpliciter
1809 5459 2145 5539 memoriam,
2248 5460 2587 5539 bibentibus.
2623 5461 2940 5539 uthqui'nec
2970 5468 3189 5539 mortuo
3218 5460 3451 5539 quidem
3486 5469 3693 5539 sancto
3737 5466 3873 5539 prj-

586 5529 877 5583 occasione
934 5529 1197 5594 evangelii
1270 5529 1442 5595 pridie
1494 5524 1787 5581 Dominica:
1832 5524 2147 5580 Palmarum
2244 5530 2604 5608 vari__\:e|lent.
2632 5549 2649 5579 ι
2676 5524 3051 5608 Ειίειιθίὶηυιιι
3081 5527 3207 5608 γίιέις
3237 5524 3692 5608 ἰδιαιιειιιειιιιιιχε
3738 5524 3761 5581 ἱ
3805 5532 3870 5588 In

586 5599 821 5666 legendi,
857 5607 914 5651 ut
946 5600 1369 5675 supradictum.
1463 5666 1473 5675 _
1639 5667 1648 5675 _
2056 5664 2088 5675 Α
2137 5663 2149 5675 _
2249 5598 2423 5675 Studi_i
2463 5601 2795 5675 monasterio
2838 5608 2890 5652 et
2940 5599 3115 5675 magni
3144 5598 3385 5650 Platonis
3418 5607 3470 5650 et
3513 5598 3659 5649 beati
3700 5618 3873 5670 ιιιιο-

658 5667 786 5737 (ὅθ’)
829 5663 1181 5746 Eadem-Fila
1232 5669 1297 5720 de
1326 5666 1741 5746 sepulturadsla
1784 5666 1968 5746 addit:
2006 5684 2022 5714 ι
2051 5663 2152 5746 Cui
2247 5685 2353 5736 que
2380 5670 2612 5746 έοξςρίιί
2638 5672 2807 5746 dives
2831 5684 2955 5746 arca
2994 5663 3195 5746 pariter
3222 5676 3538 5746 asservatur
3566 5684 3579 5719 :
3610 5679 3660 5719 et
3716 5663 3872 5725 {gor-

591 5736 843 5817 tanquam
874 5737 1020 5790 Patri
1049 5736 1270 5817 Patrum
1293 5753 1435 5817 "eum
1490 5737 1796 5817 patriarcha
1838 5737 2153 5817 innumeris
2247 5754 2349 5809 pus
2378 5739 2433 5793 S.
2465 5739 2737 5796 Theodori
2772 5740 2823 5793 in
2857 5740 3079 5793 Patrum
3114 5743 3324 5792 thecam
3362 5738 3571 5789 illatum
3608 5749 3736 5795 est.
3795 5763 3821 5795 ι

588 5806 888 5863 luminibus
916 5808 1201 5876 thurisquc
1219 5807 1399 5863 sullitu
1419 5806 1565 5875 justa
1614 5806 1986 5877 persolvisset,
2014 5820 2153 5876 aegre
