3926 6500
146 475 245 540 849

784 478 1066 539 ORATIO
1103 481 1242 542 XII.
1276 507 1346 518 ν-
1371 483 1754 546 LAUDATIO
1784 487 1843 546 S.
1886 485 2201 546 ARSENII
2238 489 2781 578 ANACHQRETzE.

3279 498 3383 561 850

144 591 246 656 γάρ
281 603 378 638 σου
419 584 646 654 ποίμνια
700 586 897 651 πάντα,
939 581 1013 640 ὧν
1063 589 1204 641 εἰσιν
1239 590 1615 659 καθηγεμόνες
1646 592 1707 645 τὰ

1815 597 1957 665 apud
2019 597 2186 652 Deum
2231 608 2283 650 te
2313 596 2573 650 habentes
2615 607 2930 665 patronum,
2966 614 3384 669 permaneamus

142 679 206 732 σὰ
236 678 431 741 τέκνα,
473 676 565 729 καὶ
594 675 661 729 ὲκ
692 676 898 730 τέκνων
926 677 1124 746 ἔγγονα
1147 695 1160 711 ·
1186 680 1261 744 ὡς
1310 681 1377 734 ἂν
1405 683 1618 753 ἔχοντές
1657 701 1717 737 σε

139 772 379 830 ἅπαντες
420 768 503 831 είς
548 765 685 820 Θεὸν
709 769 801 821 καὶ
829 769 964 840 πρὸς
987 769 1120 823 Θεὸν
1149 774 1545 845 προασπιστήν,
1574 776 1719 847 ἀπή-

141 879 332 931 μαντοι
368 861 724 931 διαμένοιμεν
793 862 1047 930 ἀοράτων
1099 879 1159 915 τε
1244 864 1339 918 καὶ
1417 866 1716 936 ὁρωμένων

136 953 370 1025 ἐχθρῶν,
405 953 575 1024 μηδὲν
605 952 852 1022 ὑφιέντες
871 953 958 1008 διὰ
984 953 1150 1023 φόϐον
1184 955 1283 1026 τῆς
1313 955 1598 1026 ὀρθοδόξου
1623 960 1714 1012 πί-

138 1063 326 1110 στεως,
389 1045 513 1116 μηδ’
544 1040 613 1098 αὖ
657 1045 1016 1116 ἐκφερόμενοι
1087 1045 1197 1100 τῶν
1255 1045 1416 1103 θείων
1462 1049 1715 1119 ἐντολῶν,

137 1139 260 1208 μήτ’
287 1135 360 1192 αὖ
387 1137 563 1211 θύραν
593 1137 904 1204 ἀνοίγοντες
951 1135 1252 1209 ἀπροσεξίᾳ
1297 1143 1411 1204 τοῖς
1448 1141 1714 1212 ὀλεθρίοις

134 1227 386 1290 πάθεσιν,
436 1227 577 1298 μήτε
621 1225 728 1296 μὴν
759 1225 1252 1297 κατολιγωροῠντες
1283 1230 1383 1300 τῆς
1402 1230 1708 1302 ἀσκήσεως,

133 1318 184 1371 ὲν
206 1316 438 1388 Χριστῷ
473 1313 648 1386 Ἰησοῦ
681 1314 759 1384 τῷ
804 1314 996 1386 Κυρίῳ
1027 1315 1204 1386 ἡμῶν,
1246 1309 1291 1385 ᾧ
1324 1319 1356 1388 ή
1400 1317 1526 1383 δόξα
1552 1320 1646 1371 καὶ
1675 1320 1709 1390 ή

133 1409 263 1478 τιμὴ
293 1408 392 1462 καὶ
420 1407 482 1460 τὸ
529 1405 752 1478 κράτος,
796 1406 896 1459 σὺν
946 1405 1025 1476 τῷ
1073 1408 1474 1479 παντοκράτορι
1511 1409 1706 1479 Πατρὶ,

133 1500 221 1554 καὶ
253 1499 335 1569 τῷ
375 1496 626 1568 ζωοποιῷ
643 1497 739 1550 καὶ
767 1496 1015 1566 παναγίῳ
1047 1497 1347 1568 Πνεύματι,
1370 1497 1465 1552 νῦν
1481 1499 1573 1552 καὶ
1597 1500 1704 1566 ἀεὶ,

134 1593 224 1647 καὶ
255 1595 338 1657 είς
373 1592 506 1657 τοὺς
527 1590 730 1653 αίῶνας
754 1588 864 1642 τῶν
892 1589 1126 1643 αίώνων.
1172 1589 1363 1660 Ἀμήν.

1665 1849 1805 1912 XII.

1815 686 2086 741 immunes
2109 687 2178 741 ab
2203 687 2455 742 hostibus
2477 687 2787 743 visibilibus
2812 700 2865 745 ct
2898 690 3281 758 invisibilibus,
3318 709 3385 752 no

1811 792 1910 847 per
1941 778 2192 832 timorem
2225 779 2561 835 declinemus
2599 794 2629 833 a
2672 795 2798 835 vera
2834 782 2936 838 ﬁde
2970 784 3023 838 in
3057 785 3264 855 aliquo,
3297 786 3383 841 vel

1811 869 2104 924 efferamur
2155 879 2308 924 extra
2359 870 2451 926 Dei
2507 883 2916 942 prmcepta;ne
2961 892 3056 945 per
3106 878 3380 947 ignaviam

1812 962 2122 1031 aperiamus
2143 962 2369 1032 januam
2424 965 2605 1033 pravis
2658 965 2986 1034 affectibus;
3029 984 3097 1023 ne
3143 970 3382 1040 denique

1816 1052 2131 1108 deficiamus
2186 1053 2241 1108 in
2296 1055 2690 1111 exercitatione
2731 1058 3032 1127 proposita,
3068 1059 3121 1113 in
3159 1059 3381 1116 Christo

1811 1141 1943 1200 Jesu
1990 1143 2220 1200 Domino
2260 1155 2469 1211 nostro,
2501 1147 2589 1200 cui
2644 1157 2728 1202 est
2778 1149 2972 1216 gloria,
3006 1149 3184 1203 honor
3206 1160 3260 1204 et
3281 1166 3381 1220 po-

1813 1245 2000 1302 testas,
2055 1253 2180 1293 cum
2244 1238 2404 1294 Patre
2445 1241 2808 1310 omnipotenti
2865 1249 3028 1310 atque
3084 1242 3301 1296 vivitico
3329 1253 3383 1297 et

1810 1329 2163 1384 sanctissimo
2189 1328 2419 1398 Spiritu,
2447 1346 2613 1398 nunc,
2647 1340 2702 1388 et
2731 1346 2973 1402 semper,
3003 1340 3055 1387 et
3087 1332 3140 1385 in
3176 1334 3379 1388 sarcula

1808 1420 2160 1476 saeculorum.
2199 1421 2396 1478 Amen.

1002 2019 1414 2084 LAUDATIO
1457 2022 1519 2084 S.
1566 2019 1886 2083 ARSENII
1932 2018 2522 2082 ANACHORETJE.
2621 2089 2637 2103 ι

133 2186 212 2241 Ex
247 2195 550 2257 perveturto
573 2183 747 2238 codice
779 2180 924 2252 Petri
958 2181 1236 2257 Seguierii,
1274 2181 1522 2236 Francia:
1561 2182 1891 2257 cancellarii,
1928 2184 2072 2257 varie
2105 2181 2331 2257 c0!_l_alq._
2351 2181 2650 2257 Interprete
2685 2185 2894 2242 Joanne
2932 2185 3112 2244 Pinio.
3149 2186 3377 2244 Edidere

1145 2253 1533 2309 Boccauoum.
1564 2251 1684 2307 Act.
1716 2251 1904 2308 Sanct.
1948 2252 2056 2307 Jul.
2084 2261 2123 2306 t.
2155 2251 2245 2316 IV,
2273 2253 2399 2308 617.

714 2662 1117 2720 ΠΡΟΟΙΜΙΟΝ.

197 2761 268 2817 α’.
311 2759 518 2830 Ἀστὴρ
549 2759 811 2829 ἀειφανὴς
839 2761 992 2830 ἡμῖν,
1019 2761 1118 2812 οὐκ
1144 2759 1204 2812 ὲν
1229 2758 1307 2828 τῷ
1333 2758 1580 2828 ζωδιακῷ
1611 2757 1708 2811 κύ-

132 2857 244 2925 κλῳ
277 2853 786 2924 κατηριθμημένος,
817 2853 932 2908 ἀλλ’
962 2855 1021 2906 ὲν
1066 2850 1146 2922 τῷ
1169 2850 1271 2920 τῆς
1301 2849 1504 2920 ἀρετῆς
1539 2849 1706 2918 ούρα-

132 2948 205 3018 νῷ
230 2945 648 3015 ὲστηριγμένος,
679 2944 766 2998 διὰ
793 2944 894 3014 τῆς
920 2944 1137 3015 ὲτησίου
1166 2939 1331 2995 αὐτοῦ
1365 2943 1584 3012 μνήμης
1615 2943 1710 3008 σή-

135 3057 300 3111 μερον
372 3036 679 3090 ἀνατέλλων
715 3075 730 3100 ,
791 3037 930 3105 φωτὶ
983 3035 1277 3104 ἀῦλωτάτῳ
1340 3035 1708 3103 μαρμαρυγὰς

134 3129 570 3201 ὐπερλάμπρους
597 3125 969 3195 ἀγαθοεργίας
997 3127 1262 3195 ἐπαφίησι
1289 3128 1356 3197 τῇ
1391 3123 1702 3194 οίκουμένῃ.

132 3221 225 3282 Τίς
257 3219 320 3272 δέ
354 3220 504 3272 ἐστιν
540 3213 717 3281 οὗτος,
751 3211 796 3270 ὦ
836 3216 1086 3286 φιλάγιον
1115 3217 1423 3287 ᾶθροισμα;
1462 3216 1521 3268 Ὀ
1551 3216 1706 3283 ἰσάγ-

132 3311 286 3378 γελος
319 3310 619 3380 ’Ᾱρσένιος,
648 3309 678 3362 ὁ
705 3308 805 3379 τὴν
833 3309 1034 3380 ἀρετὴν
1065 3308 1376 3381 ἀπρόσιτος,
1408 3308 1470 3361 τὸ
1496 3310 1593 3376 τῆς
1614 3323 1707 3361 τα-

133 3403 447 3465 πεινώσεως
481 3401 636 3470 ὕψος,
663 3400 725 3453 τὸ
751 3400 851 3470 τῆς
880 3400 1223 3466 κατανύξεως
1252 3401 1487 3472 ῥεῖθρον,
1518 3395 1579 3453 οὗ
1614 3399 1707 3452 καὶ

131 3498 164 3567 ἡ
197 3495 391 3566 μνήμη
418 3494 552 3564 μόνη
584 3493 930 3564 παράκλησίς
948 3495 1097 3547 ἐστιν
1120 3495 1200 3556 είς
1222 3493 1420 3563 ἀρετῆς
1446 3491 1702 3544 ἐπίδοσιν.

134 3587 241 3640 Καί
275 3603 369 3657 μοι
393 3585 693 3654 θαυμάζειν
716 3584 924 3655 ὲπίησι,
948 3585 1067 3647 πῶς
1087 3586 1197 3638 τῶν
1217 3585 1392 3638 ἀλλων
1423 3583 1707 3654 μακαρίων

136 3673 367 3743 ἀνδρῶν,
402 3673 555 3739 παρὰ
591 3671 700 3724 τῶν
730 3673 871 3725 κατὰ
899 3674 1090 3743 καιρὸν
1129 3674 1227 3744 τῆς
1255 3673 1460 3743 ἀρετῆς
1487 3673 1706 3728 ἐπαινε-

138 3765 259 3826 τῶν,
290 3763 404 3816 τῶν
434 3762 566 3832 βίων
595 3763 1124 3834 ἀναγεγραμμένων,
1165 3765 1260 3818 καὶ
1295 3767 1416 3826 ταῖς
1458 3766 1569 3817 τῶν
1610 3765 1704 3831 ἐγ-

139 3856 359 3924 κωμίων
407 3853 580 3923 βολίσι
629 3857 1174 3926 καταστραπτόντων,
1205 3855 1362 3909 τοῦδε
1407 3856 1502 3909 τοῦ
1549 3872 1707 3927 τρισ-

140 3948 387 4015 μακαρος
427 3947 456 3998 ό
503 3944 616 4014 βίος
645 3945 997 4016 ἀνιστόρητος
1020 3945 1199 4017 είάθη,
1243 3946 1383 4016 πλὴν
1413 3946 1539 3998 ὅσον
1568 3963 1700 3999 σπο-

139 4040 300 4110 ράδην
359 4039 514 4111 παρά
567 4056 730 4093 τινων
790 4039 953 4094 ὁσίων
1001 4041 1260 4111 Πατέρων
1314 4039 1702 4110 δεδηλωμένος,

137 4133 335 4204 καίπερ
367 4133 443 4204 μὴ
471 4133 1041 4202 ὲναπολιμπανόμενος
1065 4133 1165 4201 τῆς
1200 4132 1456 4203 ἐναρέτου
1485 4133 1707 4187 ἐκείνων

136 4224 570 4295 λαμπροφορίας,
602 4225 684 4278 ὅτι
717 4225 790 4294 μὴ
823 4224 917 4276 καὶ
945 4224 1144 4292 μᾶλλον
1169 4224 1278 4276 τῶν
1307 4224 1518 4278 πολλῶν
1544 4225 1709 4294 ὑπερ⁴

135 4317 365 4387 λάμπων
398 4317 519 4379 ταῖς
547 4316 747 4382 αὐγαῖς
774 4315 883 4369 τῶν
913 4315 1072 4369 θείων
1094 4313 1258 4368 αὐτοῦ
1283 4313 1707 4385 ἀνδραγαθημά-

134 4423 259 4459 των.

201 4497 268 4568 β’.
300 4498 369 4552 Τί
403 4497 529 4562 οὗν;
557 4495 1022 4569 Συνδιαμιίψομεν
1049 4500 1148 4553 καὶ
1175 4501 1337 4570 ἡμεῖς
1365 4501 1478 4562 τοῖς
1503 4497 1706 4568 προλας

133 4589 282 4642 δοῦσι
309 4590 410 4642 τὸν
437 4589 648 4658 χρόνον,
684 4587 782 4641 καὶ
811 4590 1029 4659 οἴσομεν
1071 4589 1389 4661 τηλικοῦτον
1437 4589 1709 4659 θησαυρὸν

132 4681 234 4734 ὑπὸ
259 4681 360 4750 τῆς
383 4681 544 4750 σιγῆς
575 4680 981 4748 καλύπτεσθαις
1011 4683 1290 4752 Ούμενοῦν
1315 4700 1329 4713 ·
1357 4681 1490 4734 ἀλλά
1520 4681 1707 4734 πειθό-

132 4786 281 4836 μενοι
315 4770 432 4832 τοῖς
462 4770 558 4821 ἐπὶ
587 4768 744 4821 τοῦτο
775 4772 1167 4841 παρορμήσασι
1196 4771 1494 4841 Πατράσιν,
1528 4770 1577 4822 εί
1615 4769 1709 4822 καὶ

129 4861 348 4929 ἄμοιροι
373 4856 472 4910 τοῦ
498 4858 866 4927 προσήκοντος
892 4859 1074 4925 λόγου,
1096 4861 1387 4929 ἠλπικότες
1406 4878 1465 4913 τε
1496 4860 1709 4913 ἐπίκου-

132 4966 220 5018 ρον
246 4947 510 5015 δέξασθαι
557 4947 651 5000 τοῦ
685 4949 1084 5020 ἐγχειρήματος
1116 4951 1279 5004 αὑτὸν
1320 4952 1412 5004 τὸν
1459 4954 1537 5013 είς
1573 4951 1708 5002 ὑπό-

129 5043 278 5095 θεσιν
303 5040 402 5094 τοῦ
436 5039 553 5108 βίου
580 5039 962 5109 προκείμενον,
999 5042 1356 5112 ἀπαρξόμεθα
1382 5042 1477 5094 τοῦ
1508 5041 1706 5110 λέγειν,

129 5134 279 5186 οὐδὲν
307 5130 750 5199 ξενοδεκτούντες
777 5132 924 5202 παρά
945 5132 1005 5185 τὸ
1037 5133 1255 5203 ἀληθὲς,
1286 5134 1386 5186 ὅσα
1418 5133 1474 5187 δὲ
1503 5135 1569 5185 ὲκ
1598 5133 1709 5186 τῶν

130 5228 254 5294 περὶ
290 5221 462 5277 αὑτοῦ
494 5223 989 5293 περικεκομμένως
1035 5225 1341 5295 εἰρημένων
1368 5224 1704 5294 ἀναλεγόμε-

2403 2665 2670 2723 PROLOG
2683 2667 2786 2725 US.

1879 2760 1931 2813 l.
1977 2759 2141 2814 Stella
2174 2767 2434 2830 perpetuo
2469 2759 2630 2816 nobis
2675 2775 2966 2831 apparens,
3014 2775 3122 2815 non
3157 2758 3378 2815 zodiaca

1807 2851 2014 2907 etrculo
2030 2860 2408 2915 annumerata,
2431 2850 2522 2906 sed
2542 2851 2597 2905 in
2617 2852 2835 2908 virtutis
2861 2853 3002 2909 coelo
3023 2852 3261 2915 firmata,
3285 2868 3381 2920 per

1808 2941 2238 2996 anniversariam
2304 2955 2459 2996 suam
2505 2943 2828 2998 memoriam
2891 2944 3049 2998 hodie
3107 2945 3381 3007 exoriens,

1808 3033 2277 3102 splendidissimas
2305 3032 2571 3087 bonorum
2599 3047 2825 3103 operum
2847 3037 3258 3090 coruscationes
3285 3036 3380 3089 de-

1810 3123 2148 3178 faecatissima
2172 3123 2290 3178 luce
2318 3123 2563 3177 immittit
2584 3125 2703 3180 orbi
2733 3134 3024 3180 terrarum.
3049 3125 3382 3195 Atqumnam

1810 3216 1900 3268 illa
1939 3224 2042 3277 est,
2075 3231 2108 3268 ο
2149 3214 2456 3270 sanctitatis
2495 3225 2744 3271 amantes
2777 3216 3092 3272 auditores?
3121 3218 3384 3272 Arsenius

1807 3316 1908 3368 est,
1940 3305 2145 3375 angelis
2183 3321 2301 3374 par,
2339 3306 2539 3359 virtute
2581 3306 2916 3371 inacccssus,
2943 3306 3267 3362 humilitatis
3306 3309 3384 3361 al-

1809 3396 2004 3460 titudo,
2036 3399 2285 3451 ascetica:
2311 3395 2614 3465 disciplina:
2632 3397 2826 3466 gloria,
2856 3398 3168 3453 solitudinis
3195 3398 3383 3459 robur,

1810 3487 2246 3556 compunctionis
2291 3484 2591 3552 ﬂuentum;
2635 3488 2791 3555 cujus
2825 3487 2909 3541 vel
2959 3487 3073 3542 sola
3121 3489 3385 3542 memoria

1808 3580 1873 3632 ad
1899 3593 2244 3649 progressum
2277 3577 2331 3631 in
2365 3579 2564 3632 virtute
2594 3579 3005 3632 incitamentum
3037 3588 3138 3633 est.
3169 3580 3234 3633 Et
3255 3594 3385 3633 vero

1808 3673 1994 3727 mirari
2035 3674 2202 3738 subit,
2234 3673 2487 3741 quidsit,
2516 3673 2684 3742 quod,
2719 3684 3004 3743 postquam
3039 3674 3267 3729 aliorum
3305 3676 3385 3728 vi-

1808 3776 1991 3816 rorum
2030 3763 2332 3826 beatorum,
2373 3765 2593 3818 virtutis
2628 3778 2794 3818 causa
2842 3765 3218 3828 laudabilium,
3267 3766 3387 3819 vitae

1810 3857 2130 3924 cnnscriptaa
2186 3865 2336 3920 sunt,
2409 3857 2805 3924 prazconiorum
2867 3856 3036 3910 radiis
3100 3855 3384 3926 fulgentes,

1812 3947 1956 4000 nulla
1982 3946 2051 4001 de
2088 3947 2387 4001 beatissimi
2413 3946 2640 4014 hujusce
2675 3948 2785 3999 vita
2820 3945 2886 4001 ad
2921 3955 3170 4016 posteros
3209 3957 3387 4002 trans-

1810 4039 1932 4096 ierit
1952 4038 2199 4103 historia,
2225 4046 2420 4106 prieter
2447 4053 2591 4101 eam,
2619 4053 2742 4107 qua:
2767 4053 2794 4092 a
2822 4038 3149 4108 quibusdam
3178 4043 3384 4096 sanctis

1808 4131 2060 4186 Patribus
2090 4127 2325 4196 Sparsim
2357 4129 2612 4189 indicata,
2650 4130 2870 4196 insigni,
2912 4144 3018 4198 qua
3045 4129 3267 4198 pollent,
3298 4147 3386 4186 res

1807 4222 2116 4277 illustrandi
2142 4221 2418 4284 facultate,
2446 4235 2552 4273 non
2579 4219 2803 4274 inferior
2823 4229 2928 4286 est,
2959 4221 3069 4275 imo
3089 4236 3219 4275 vero
3245 4224 3386 4277 mul-

1810 4316 1881 4370 tis
1935 4313 2119 4383 potius
2173 4312 2297 4366 aliis
2346 4311 2628 4381 praefulget
2681 4312 2751 4366 ob
2802 4312 3015 4368 divinos
3065 4314 3279 4368 Arsenii
3321 4329 3384 4369 ac

1809 4407 2082 4462 masculos
2112 4416 2391 4477 gestorum
2427 4405 2762 4474 splendores.

1878 4503 1932 4556 2.
1960 4501 2100 4568 Quid
2123 4501 2326 4571 igitur?
2347 4501 2424 4553 An
2451 4516 2553 4555 nos
2579 4501 2743 4554 etiam
2767 4515 2889 4554 cum
2915 4499 3002 4564 iis,
3029 4501 3121 4569 qui
3143 4509 3386 4570 tempore

1809 4603 2224 4663 przecesserunt.
2257 4592 2722 4648 commutabimus
2751 4593 2897 4647 vices
2923 4601 3245 4660 tantumque
3275 4593 3387 4646 the-

1810 4700 2031 4740 saurum
2087 4685 2357 4753 patiemur
2404 4684 2506 4738 sub
2562 4684 2782 4738 silentio
2829 4684 3127 4738 abscondi?
3169 4684 3386 4751 Nequa-

1811 4795 1974 4851 quam
2005 4798 2018 4833 :
2054 4793 2108 4834 at
2129 4778 2351 4833 Patrum
2385 4778 2632 4846 exemplo
2663 4775 2889 4840 incitati,
2930 4775 3149 4838 tametsi
3182 4791 3384 4830 conve-

1810 4870 1991 4924 niente
2013 4869 2258 4923 oratione
2275 4866 2513 4921 destituti
2537 4884 2551 4932 ;
2585 4867 2836 4937 lretique,
2865 4867 3068 4920 auxilio
3099 4875 3384 4921 venturum

1810 4961 2060 5029 praesenti
2090 4961 2308 5014 conatui
2337 4960 2484 5014 illum
2520 4962 2720 5029 ipsum,
2753 4959 2911 5028 cujus
2945 4959 3103 5014 nobis
3134 4960 3373 5029 proposi-

1811 5057 1925 5102 tum
1950 5060 2034 5102 est
2060 5050 2184 5102 vita:
2200 5060 2600 5118 argumentum,
2623 5048 2834 5102 dicendi
2862 5048 3073 5101 initium
3101 5046 3384 5112 faciemus,

1811 5142 1944 5195 nihil
1975 5141 2316 5209 peregrinum
2345 5150 2398 5195 et
2428 5156 2458 5194 a
2487 5156 2613 5195 vero
2636 5141 2872 5194 alienum
2905 5141 3258 5211 adoptantes;
3290 5142 3384 5195 sed

1811 5246 2152 5300 quaecunque
2197 5231 2580 5300 compendiose
2607 5232 2674 5286 de
2707 5232 2828 5301 ipso
2866 5231 3010 5287 dicta
3044 5241 3192 5294 sunt,
3231 5232 3387 5285 colli-

129 5335 223 5379 νοι,
255 5319 306 5368 εί
340 5314 442 5368 καὶ
486 5313 575 5367 διὰ
628 5313 879 5384 ἀρῤάφου
910 5316 1236 5386 διηγήσεως,
1275 5320 1354 5381 είς
1401 5319 1692 5388 ὑπόμνησυ

1814 5332 2021 5392 gentes,
2054 5331 2106 5375 et
2135 5322 2349 5375 etiamsi
2385 5323 2696 5377 narratione
2722 5337 2826 5376 non
2850 5323 3157 5376 cohaerente
3189 5324 3242 5375 in
3271 5337 3391 5378 me-

129 5412 410 5479 ςέροντες,
468 5407 564 5460 καὶ
611 5406 787 5462 ταῦτα
834 5410 997 5462 οἱονεὶ
1043 5413 1478 5479 συνυφαίνοντες,
1513 5414 1607 5466 καὶ
1646 5413 1707 5467 ὲκ

1817 5414 2043 5468 moriam
2082 5422 2416 5477 revocantes,
2448 5424 2612 5482 atque
2653 5415 2768 5468 haec
2809 5414 3215 5482 quodammodo
3259 5429 3392 5467 con-

127 5502 333 5555 τούτων
363 5500 490 5561 ταῖς
525 5499 839 5566 ἀκολούθοις
865 5502 1094 5564 ἐννοίαις
1130 5501 1242 5554 ἔσθ’
1268 5504 1355 5554 ὅτε
1389 5503 1708 5573 προσθήκην

131 5593 448 5660 ποιούμενοι
478 5590 602 5642 καθ’
625 5591 840 5661 εἱρμὸν,
865 5594 1239 5664 πειρασόμεθα
1260 5594 1351 5645 τὸν
1380 5593 1493 5662 βίον
1526 5594 1706 5663 ἀπαρ-

128 5684 405 5745 τῖσασθαι,
461 5682 885 5753 ἀφουσιούμενοι
947 5685 1040 5738 τὸν
1099 5684 1283 5752 πόθον,
1332 5685 1389 5740 ὃν
1435 5687 1562 5758 περὶ
1615 5686 1706 5738 τοῦ

133 5774 510 5843 παμμὰκαρος
545 5773 760 5844 ἔχουσιν
791 5777 840 5828 οί
874 5776 1170 5848 φιλὰρετοι.

1817 5512 2076 5568 texentcs,
2099 5504 2308 5572 adjecto
2339 5504 2521 5567 etiam,
2548 5505 2636 5558 ubi
2662 5519 2748 5558 res
2774 5504 2928 5567 feret,
2953 5519 3018 5557 cx
3043 5503 3390 5573 cogitatiOni-

1813 5596 1914 5649 bus
1966 5595 2090 5648 inde
2147 5597 2612 5662 consequentibus
2669 5595 3077 5659 additamento,
3135 5610 3244 5662 quo
3305 5611 3394 5649 res

1811 5686 2139 5749 cohaereant,
2164 5685 2327 5738 vitam
2353 5686 2634 5740 absolvere
2657 5687 2996 5748 conabimur,
3025 5685 3391 5753 gratificantes

1813 5777 2105 5839 desideria,
2163 5792 2273 5844 quo
2324 5793 2450 5846 erga
2513 5777 2886 5833 beatissimum
2940 5776 3083 5831 hunc
3144 5784 3393 5830 tenentur

1817 5870 2031 5923 virtutis
2068 5877 2334 5922 amantes.
