3926 6434
542 390 647 457 851

1075 510 1304 568 CAPUT
1344 511 1637 570 PRIMUM.

1740 403 1799 464 S.
1837 402 2230 463 THEODORI
2264 402 2610 464 STUDIT/E

3709 396 3807 459 852

2656 512 3052 567 ΚΕΦΑΛΑΙΟΝ
3083 513 3377 570 ΠΡΩΤΟΝ.

549 624 735 681 Sancti
763 627 963 697 patria,
993 628 1235 698 natales;
1266 631 1372 685 vita
1403 630 1676 687 swcularis
1702 644 1820 684 cum
1868 631 2114 753 soli’tarin
2169 629 2346 769 divian
2377 631 2582 684 monitu
2634 639 2995 697 commutata;
3024 632 3253 702 insignes
3283 633 3338 685 in
3367 646 3431 686 ea
3456 642 3805 700 progressus;

1975 716 2226 755 iomumm
2289 718 2414 769 uga.

1975 716 2226 755 tommum
2265 716 2414 771 Iuga.

623 813 678 867 5.
705 810 889 869 Genus
926 810 1163 879 Arsenii,
1200 822 1261 868 ut
1288 812 1465 869 dicam
1510 816 1563 870 id
1607 816 1752 886 quod
1805 830 1892 871 res
1935 825 2040 878 est,
2076 822 2130 868 et

554 905 797 960 atllnium
860 906 1171 973 multitudo,
1228 907 1396 962 virtus
1448 906 1583 974 fuit;
1638 908 1869 979 ejusque
1915 907 2129 963 incendi

556 997 751 1052 studiis
781 1012 845 1053 ac
878 997 1125 1069 insigniri
1166 998 1607 1065 characteribus;
1643 998 1899 1070 quoniam
1941 1013 2066 1053 vero
2099 1014 2129 1052 a

556 1088 821 1158 sanguine
839 1089 890 1144 id
913 1099 1165 1160 repetunt
1184 1090 1381 1146 eruditi
1400 1108 1415 1157 ;
1434 1093 1608 1162 patria
1625 1093 1673 1147 ei
1699 1091 1801 1145 fuit
1823 1091 2127 1155 civitatum,

556 1193 679 1248 quae
714 1180 818 1235 sub
848 1180 987 1236 coelo
1026 1190 1175 1248 sunt,
1210 1182 1482 1252 princeps,
1526 1181 1722 1246 Roma,
1766 1182 2010 1251 inquam,
2043 1194 2132 1235 ce-

559 1268 849 1323 leberrima
889 1285 921 1324 a
949 1284 1058 1339 qua
1082 1281 1507 1341 cognomentum
1547 1281 1874 1342 acceperunt
1905 1270 2005 1334 illi,
2042 1270 2132 1339 qui

560 1358 774 1428 imperii
808 1371 1078 1430 sceptrum
1110 1351 1494 1419 moderantur.
1541 1363 1806 1419 Surculus
1848 1362 1948 1416 fuit
1984 1363 2136 1417 nobi-

560 1449 693 1502 lium
718 1460 1024 1519 parentum,
1054 1454 1358 1524 Opibusque
1380 1471 1444 1511 ac
1466 1456 1675 1526 reliquo
1701 1455 1823 1509 vitae
1848 1454 2137 1524 splendore

2297 814 2553 882 γ’..Γὲνος
2577 814 2678 885 μὲν
2706 814 3002 885 Ἀρσενίου,
3022 814 3253 884 τάληθὲς
3271 815 3467 879 εἰπεῖν,
3483 812 3581 866 καὶ
3601 813 3667 865 οὐ
3685 812 3815 865 σπά-

2227 924 2328 960 νιοι
2354 909 2401 960 οί
2436 908 2774 979 μετέχοντες,
2802 909 2835 978 ἡ
2870 907 3039 978 ἀρετή
3066 925 3081 938 ο
3110 908 3203 959 καὶ
3228 907 3290 959 τὸ
3322 902 3535 958 ἐκεῖθεν
3568 905 3807 971 κατάγε-

2230 999 2352 1051 σθαι
2379 1001 2472 1052 καὶ
2495 998 2996 1070 χαρακτηρίζεσθαι
3014 1011 3028 1026 ·
3065 998 3253 1068 ἐπειδὴ
3279 998 3336 1050 δὲ
3368 997 3429 1050 τὸ
3462 996 3557 1065 ἀφ’
3586 996 3810 1065 αῐμασιν

2228 1092 2340 1153 τοῖς
2368 1087 2723 1158 φιλοπαθὲσιν
2768 1089 3129 1161 ὲπιζητεῖταιο
3173 1090 3207 1160 ἡ
3241 1088 3433 1159 πρώτη
3491 1088 3605 1141 τῶν
3643 1088 3809 1139 ὑπου-

2233 1182 2433 1251 ρανίων
2495 1181 2703 1233 πόλεων
2760 1179 2935 1252 τούτῳ
2986 1181 3206 1253 πατρὶς,
3249 1181 3471 1252 Ῥώμην
3514 1180 3668 1249 λέγω
3718 1182 3814 1250 τὴν

2230 1273 2556 1343 περιϐόητον
2576 1289 2588 1302 °
2616 1272 2709 1342 ἀφ’
2734 1268 2801 1343 ἦς
2825 1273 2925 1344 τὴν
2957 1275 3335 1345 προσηγορίαν
3362 1275 3414 1328 οἱ
3443 1273 3504 1327 τὸ
3534 1272 3814 1342 βασιλικὸν

2232 1364 2513 1433 σκῆπτρον
2545 1364 2867 1434 κατέχοντες
2901 1361 3252 1434 ἑξειλήφασιν
3275 1381 3288 1396 ⁸
3340 1364 3582 1433 εὐγενῶν
3615 1380 3815 1433 γεννη-

2230 1455 2406 1525 τόρων
2444 1454 2713 1525 στέλεχος,
2745 1454 2960 1525 πλούτῳ
2992 1472 3052 1507 τε
3106 1453 3400 1526 κομώντων
3429 1455 3523 1508 καὶ
3555 1458 3622 1526 τῇ
3653 1454 3817 1525 λοιπῇ

560 1540 893 1596 ﬂorentium.
945 1541 1170 1598 Familia
1211 1544 1383 1615 ipsius
1420 1545 1490 1601 ad
1541 1548 1644 1600 hoc
1699 1560 1870 1615 usque
1923 1554 2135 1615 tempus

2262 1547 2329 1599 τοῦ
2365 1547 2478 1616 βίου
2514 1547 2877 1617 περιφανείᾳ’
2910 1541 2971 1601 οὗ
3006 1547 3161 1601 ἑστία
3192 1547 3353 1618 μέχρι
3392 1546 3485 1600 τοῦ
3515 1546 3613 1601 νῦν
3656 1547 3815 1618 περι-

562 1631 773 1702 integra
801 1647 908 1687 non
934 1645 1184 1705 superest
1211 1638 1471 1706 (quonam
1502 1636 1647 1691 enim
1684 1647 1843 1706 pacto
1877 1645 1955 1691 tot
1978 1635 2138 1691 annis

2262 1655 2388 1691 εστιν
2433 1640 2531 1709 οὐχ
2572 1638 2898 1709 ὁλόκληροςο
2930 1640 3048 1703 πῶς
3091 1640 3199 1710 γὰρ
3242 1640 3308 1693 ἂν
3359 1639 3453 1693 καὶ
3487 1639 3819 1692 διεσέσωστο

562 1734 773 1779 servata
800 1725 966 1781 fuerit
986 1725 1030 1795 1')
1058 1726 1151 1782 sed
1178 1728 1429 1799 vestigia,
1459 1727 1550 1782 tali
1574 1728 1947 1798 magnitudine
1970 1728 2141 1783 excel-

564 1815 753 1881 lentia,
809 1816 995 1873 divisit
1056 1817 1456 1874 habitatoribus
1507 1821 1655 1875 velut
1712 1820 1764 1874 in
1819 1820 1983 1875 cellas
2041 1819 2139 1873 tri-

565 1909 715 1976 ginta
753 1908 888 1980 (57).
918 1910 1096 1980 Atque
1128 1910 1234 1966 hoc
1274 1910 1494 1976 sumcit,
1526 1920 1583 1965 ut
1610 1910 1945 1976 ostendatur,
1974 1926 2138 1981 quam

568 2002 799 2057 illustris
821 2017 882 2056 ac
908 2002 1272 2072 undequaque
1296 2003 1487 2058 beatus
1514 2001 1680 2058 fuerit
1703 2003 1781 2057 vir
1809 2003 1909 2057 iste
1937 2019 2139 2059 memo-

568 2093 790 2160 rabilis;
813 2108 1048 2165 cumque
1078 2104 1257 2151 tantus
1278 2103 1442 2159 esset,
1466 2094 1713 2150 doctrina
1746 2094 1909 2149 altius
1936 2094 2143 2150 emine-

568 2184 681 2251 bat,
704 2184 889 2240 Graeca
913 2201 976 2241 ac
994 2184 1240 2240 Romana
1259 2187 1459 2257 pariter
1483 2186 1745 2255 sapientia
1769 2186 2140 2241 admirandus.

640 2276 692 2329 4.
726 2275 857 2346 Ejus
897 2276 1080 2347 itaque
1114 2277 1256 2331 fama
1286 2281 1352 2332 ad
1385 2292 1544 2333 aures
1592 2286 1721 2331 tunc
1756 2277 1932 2331 delata
1964 2278 2145 2347 magni

571 2366 863 2423 Theodosii
899 2369 1268 2437 imperatoris,
1318 2369 1609 2438 quaerentis
1649 2369 1808 2422 talem
1861 2368 1985 2423 tiliis
2032 2369 2147 2423 suis

573 2460 807 2514 Arcadio
833 2470 888 2515 et
926 2458 1168 2514 Horrorio
1194 2461 1519 2531 magiStrum
1566 2460 1862 2528 praeﬁcere,
1892 2460 1989 2530 qui
2032 2474 2149 2515 ma-

570 2549 691 2618 jore
717 2566 829 2620 pra:
853 2551 1111 2605 omnibus
1138 2551 1188 2605 id
1226 2564 1405 2621 operae
1432 2550 1607 2620 pretio
1635 2551 1854 2616 faceret,
1886 2551 2150 2607 Arsenius

575 2644 753 2698 accitu
800 2645 1145 2714 imperatoris
1200 2644 1518 2714 Byzantium
1567 2644 1863 2711 contendit,
1908 2654 1963 2699 et
1995 2659 2151 2700 assu-

578 2752 735 2791 mens
781 2737 968 2792 ambos
1021 2752 1240 2806 pueros,
1279 2738 1523 2792 moribus
1561 2752 1625 2791 ac
1665 2736 1967 2807 disciplinis
2000 2738 2151 2807 ipsos

578 2826 915 2893 informavit,
946 2834 1006 2880 ut
1037 2826 1271 2897 optimos
1293 2841 1387 2881 eos
1419 2841 1541 2881 esse
1566 2828 1880 2881 ostenderet
1923 2827 1977 2881 in
2003 2836 2153 2882 utra-

2237 1728 2511 1791 τοσούτοις
2544 1727 2755 1795 ἐτεσιντ
2799 1728 2921 1799 ἴχνη
2949 1729 3006 1782 δὲ
3034 1730 3129 1783 καί⁸
3162 1729 3402 1801 τοσούτῳ
3443 1728 3671 1800 μεγέθει
3702 1729 3817 1781 δια-

2240 1820 2495 1891 φέροντα,
2543 1821 2617 1884 ὼς
2648 1822 2707 1873 ὲν
2735 1820 3078 1892 τριακοσίαις
3119 1821 3336 1885 κέλλαις
3377 1821 3664 1892 διαιροῦσα
3710 1824 3821 1884 τοῖς

2239 1913 2543 1982 οἰκήτορσι.
2586 1910 2972 1982 Ἐξαρκοῦντος
3001 1912 3192 1966 τούτου
3217 1913 3573 1984 ὲπιδηλῶσαι,
3601 1914 3729 1975 ὅσος
3756 1909 3822 1983 ἦν

2243 2005 2548 2073 περιφανὴς
2593 2004 2688 2057 καὶ
2750 2002 3045 2066 πολύολϐος
3072 2005 3101 2058 ὁ
3145 2003 3421 2073 ἀοίδιμος’
3473 2003 3723 2067 τοιοῦτός
3765 2021 3822 2055 τε

2243 2094 2341 2161 ὢν,
2373 2096 2587 2166 ὑπῆρχε
2621 2096 2717 2149 καὶ
2741 2098 2807 2167 τῇ
2839 2095 3120 2149 παιδεύσει
3160 2096 3488 2167 ὑπέρτερος,
3528 2094 3824 2167 Ἑλληνικῇ

2243 2205 2302 2241 τε
2339 2187 2431 2240 καὶ
2465 2188 2748 2257 Ῥωμαῖκῇ
2780 2187 2945 2259 σοφίᾳ
2975 2186 3410 2258 θαυμαζόμενος.

2314 2280 2377 2334 δ’.
2423 2278 2577 2332 Ἐπεὶ
2618 2273 2710 2334 οὖν
2740 2278 2799 2332 τὸ
2840 2280 3142 2350 τηνικαῦτα
3186 2279 3448 2349 Θεοδοσίῳ
3479 2279 3558 2349 τῷ
3601 2279 3829 2349 μεγαλῳ

2250 2370 2584 2441 βασιλεύοντι
2607 2369 2912 2441 ἐξηκούσθη
2942 2371 3011 2425 τὰ
3039 2371 3168 2441 περὶ
3195 2370 3382 2433 αὑτοῦ,
3412 2371 3667 2440 ζητοῦντι
3696 2388 3828 2423 παι-

2248 2461 2443 2529 δευτὴν
2467 2461 2706 2515 τοιοῦτον
2734 2463 3024 2532 ἐπιστῆσαι
3065 2463 3199 2525 υἱοῖς
3226 2461 3393 2516 αὐτοῦ
3433 2462 3712 2531 Ἀρκαδίῳ
3737 2462 3831 2514 καὶ

2261 2553 2507 2622 Ὠνορίῳ,
2548 2552 2605 2616 ὃς
2646 2554 2730 2623 εἴη
2758 2553 3215 2624 προύργιέστερος
3255 2553 3532 2607 ἁπάντων
3566 2554 3766 2620 ἄγεται
3805 2554 3833 2604 ὁ

2263 2645 2539 2714 Ἀρσὲνιος
2571 2646 2638 2713 τῇ
2671 2643 2766 2697 τοῦ
2793 2644 3121 2717 κρατοῦντος
3155 2646 3297 2715 ῥοπῇ
3326 2645 3386 2699 ὲν
3415 2642 3495 2714 τῷ
3524 2642 3831 2713 Βυζαντίῳ,

2252 2737 2345 2789 καὶ
2375 2733 2707 2806 παραλαϐὼν
2729 2736 3073 2808 ἀμφοτέρους
3097 2735 3225 2799 τοὺς
3254 2734 3469 2800 παῖδας,
3499 2734 3707 2805 ἀνῆγεν
3742 2735 3835 2787 αὑ-

2253 2828 2379 2889 τοὺς
2413 2826 2471 2878 ἐν
2493 2842 2552 2878 τε
2577 2825 2763 2896 ἤθεσιν
2786 2828 2879 2880 καὶ
2901 2824 3290 2896 παιδεύμασιν,
3316 2827 3582 2897 ἀρίστους
3608 2825 3835 2879 ἀποδει-

568 2934 687 2987 Δ«ιιιε
718 2915 991 2971 facultate.
1019 2916 1098 2970 Ad
1127 2916 1599 2986 quadragesimum
1636 2932 1808 2986 usque
1834 2918 2008 2971 aetatis
2038 2932 2148 2972 sua:

2262 2918 2383 2980 ιινὺς
2440 2914 2850 2985 ἀμφοτέρωθεν.
2902 2916 3080 2985 Μέχρι
3127 2915 3185 2969 δὲ
3228 2915 3325 2969 τοῦ
3376 2914 3835 2986 τεσσαρακοστοῦ

580 3026 786 3064 annum
822 3010 875 3063 in
915 3010 1039 3062 aula
1087 3007 1307 3063 assidue
1332 3017 1585 3063 versatus
1610 3016 1693 3062 est
1724 3008 1910 3078 (57");
1948 3008 2151 3077 Deique

583 3103 835 3155 timorem
874 3100 927 3154 in
963 3112 1143 3154 mente
1192 3099 1418 3163 habens,
1454 3098 1739 3169 ingemuit,
1788 3110 1843 3153 et
1872 3099 2156 3154 iuvocahat

584 3192 752 3246 Deum
791 3207 913 3246 cum
949 3191 1205 3263 lacrymis
1233 3190 1459 3246 dicens:
1496 3191 1741 3257 Domine,
1774 3191 1999 3248 ostende
2024 3191 2154 3246 mihi

584 3286 749 3351 viam,
782 3284 969 3352 inqua
1008 3284 1194 3339 salvus
1239 3284 1387 3338 ﬁam.
1428 3284 1495 3339 Et
1531 3298 1677 3349 vero,
1723 3284 1851 3339 dum
1890 3284 1977 3338 die
2004 3289 2158 3354 ’qua-

583 3379 707 3433 dam
737 3378 789 3432 in
816 3378 939 3432 aula
969 3386 1131 3443 esset,
1180 3377 1389 3432 audivit
1430 3377 1669 3433 divinam
1712 3390 1924 3440 vocem,
1959 3390 2081 3444 quae
2109 3374 2159 3429 ei

585 3471 788 3525 diceret
822 3488 837 3523 :
877 3470 1092 3534 Arseni,
1133 3470 1177 3526 si
1219 3469 1406 3526 salvus
1433 3482 1554 3526 esse
1584 3467 1689 3536 vis,
1732 3467 1855 3537 fuge
1887 3467 2158 3529 homines,

585 3569 641 3615 et
669 3559 815 3615 salva
825 3560 968 3615 beris
1004 3560 1135 3630 (58).

660 3650 713 3704 5.
743 3650 869 3705 Haec
893 3649 1074 3719 itaque
1100 3650 1189 3704 ubi
1226 3649 1465 3706 audisset
1502 3646 1788 3712 Arsenius,
1807 3647 1919 3717 jam
1952 3647 2161 3717 pridem

587 3741 774 3796 divino
812 3740 1083 3795 desiderio
1121 3742 1420 3807 sauciatus,
1456 3742 1606 3797 omni
1656 3756 1781 3799 mox
1812 3740 2052 3795 humana
2101 3755 2165 3794 ac

590 3833 793 3887 caduca
828 3832 998 3903 gloria
1046 3842 1384 3902 contempta;
1419 3835 1816 3904 splendoreque
1856 3848 1920 3887 ac
1957 3832 2165 3888 deliciis

590 3925 860 3993 corporis,
888 3922 1147 3993 omnique
1171 3923 1275 3977 alia
1307 3923 1531 3999 honoris
1561 3924 1886 3993 appetentia,
1918 3923 2166 3992 aulisque

595 4018 989 4084 imperatorum
1021 4030 1118 4086 pro
1164 4016 1338 4070 nihilo
1368 4016 1589 4085 putatis,
1623 4015 1757 4069 nihil
1789 4015 2042 4083 cuiquam
2087 4013 2168 4067 lo-

592 4118 753 4162 cutus
803 4106 1188 4162 Alexandriam
1237 4107 1497 4178 navigat;
1542 4107 1774 4177 indeque
1821 4106 2068 4176 pervenit
2113 4106 2166 4159 in

594 4200 829 4266 Scetim;
859 4209 913 4255 et
950 4199 1233 4255 ecclesiam
1270 4201 1548 4270 ingressus
1581 4200 1809 4255 clericos
1841 4199 1985 4269 (58“)
2013 4214 2167 4253 acce-

596 4291 699 4353 dit,
728 4290 918 4345 dicens
953 4310 965 4344 :
1005 4290 1106 4345 Per
1139 4290 1455 4356 Dominum,
1489 4291 1651 4347 facite
1686 4306 1772 4346 me
1816 4292 2161 4353 monachum,

2253 3008 2405 3071 ἔτους
2436 3009 2534 3077 τῆς
2566 3005 2780 3077 ἡλικίας
2827 3004 2994 3058 αὐτοῦ
3037 3006 3095 3057 ὲν
3124 3004 3203 3075 τῷ
3245 3004 3494 3073 παλατίῳ
3531 3002 3835 3073 διηνυκὼς,

2254 3099 2351 3152 καὶ
2375 3099 2467 3151 τὸν
2495 3098 2661 3166 φόϐον
2684 3098 2778 3151 τοῦ
2804 3095 2940 3150 Θεοῦ
2966 3096 3109 3151 κατά
3129 3096 3369 3151 διάνοιαν
3392 3095 3550 3165 ἔχων,
3576 3096 3841 3158 ἐστέναξε

2257 3190 2351 3242 καὶ
2381 3190 2681 3259 παρεκάλει
2704 3189 2793 3242 τὸν
2818 3189 2949 3243 Θεὸν
2978 3188 3118 3258 μετά
3142 3186 3392 3259 δακρύων
3416 3186 3591 3254 λέγων
3614 3201 3629 3217 ⁸
3659 3188 3839 3257 Κύριε

2258 3280 2524 3352 ὀδήγησόν
2558 3297 2648 3351 με,
2678 3278 2796 3342 πῶς
2828 3276 3007 3331 σωθῶ.
3026 3278 3138 3331 Καὶ
3166 3278 3232 3348 δὴ
3255 3279 3313 3331 ἐν
3350 3280 3450 3349 μιᾷ
3482 3278 3635 3342 ὄντος
3669 3278 3842 3333 αὑτοῦ

2258 3374 2317 3426 ἐν
2345 3370 2423 3441 τῷ
2453 3369 2721 3439 παλατὶῳ,
2750 3366 2937 3421 ἀκούει
2967 3366 3118 3431 θείας
3145 3369 3350 3437 φωνῆς,
3376 3366 3641 3437 λεγούσης
3664 3369 3838 3436 αὐτῷ’

2273 3462 2537 3533 Ἀρσένιε,
2568 3462 2617 3515 εἰ
2641 3459 2815 3523 θέλεις
2834 3457 3103 3530 σωθῆναι,
3139 3457 3308 3528 φεῦγε
3338 3458 3466 3522 τοὺς
3487 3457 3845 3530 ἀνθρώπους,

2263 3556 2358 3608 καὶ
2385 3555 2555 3627 σώσῃ.

2334 3661 2397 3709 ε’.
2426 3652 2645 3706 Τούτων
2673 3646 2767 3706 οὖν
2804 3650 3046 3714 ἀκούσας
3076 3651 3104 3703 ὁ
3138 3645 3436 3719 Ἀρσένιος,
3472 3642 3569 3695 καὶ
3603 3644 3848 3697 ἐπιπολὺ

2262 3748 2342 3819 τῷ
2383 3747 2512 3816 θείῳ
2540 3744 2691 3814 πόθῳ
2731 3744 2981 3815 τρωθεὶς,
3010 3742 3190 3811 πάσης
3216 3736 3379 3799 εὐθὺς
3418 3737 3849 3807 καταφρονήσας

2265 3836 2611 3911 ἀνθρωπίνης
2658 3837 2751 3888 καὶ
2776 3834 3113 3905 προσκαίρου
3159 3830 3442 3894 αἰνέσεως,
3472 3826 3567 3881 καὶ
3597 3843 3851 3899 περιφα-

2267 3932 2437 3996 νείας,
2467 3927 2679 4001 τρυφῆς
2710 3943 2771 3979 τε
2804 3924 3121 3995 σωματικῆς
3144 3923 3239 3975 καὶ
3266 3922 3446 3990 πάσης
3479 3918 3647 3990 ἀλλης
3692 3920 3855 3990 φιλο-

2266 4022 2464 4088 δοξίας,
2496 4020 2591 4073 καὶ
2648 4016 2954 4089 βασιλείους
3012 4012 3180 4075 αὐλὰς
3218 4013 3298 4074 εἰς
3338 4010 3492 4064 οὐδὲν
3528 4010 3856 4080 διαλογισά-

2273 4131 2462 4184 μενος,
2527 4111 2716 4183 μηδενὶ
2773 4108 2939 4180 μηδὲν
3005 4102 3244 4177 εἰρηκὼς
3292 4100 3559 4156 ἀποπλέει
3602 4102 3705 4153 ἐπὶ
3754 4102 3860 4169 τὴν

2283 4204 2715 4272 ’Δλεξὲι-βδρεισν,
2765 4198 3021 4253 κάκεῖθεν
3072 4197 3291 4266 ἔρχεται
3345 4192 3425 4254 εἰς
3460 4189 3701 4259 Σκῆτιν·
3758 4190 3861 4244 καὶ

2273 4295 2529 4353 εἰσελθὼν
2555 4296 2610 4348 ὲν
2638 4296 2704 4364 τῇ
2732 4291 3015 4360 ἐκκλησίᾳ,
3044 4289 3408 4358 προσέρχεται
3431 4287 3541 4347 τοῖς
3566 4282 3860 4352 κληρικοίς

598 4396 662 4435 ac
699 4383 839 4435 viam
876 4382 1007 4435 mihi
1030 4383 1320 4446 ostendite,
1361 4382 1449 4437 ubi
1477 4384 1657 4439 salvus
1688 4383 1836 4437 tiam.
1875 4381 1955 4436 llli
1984 4393 2153 4436 autem

2274 4391 2447 4458 λέγων
2470 4406 2484 4421 ο
2530 4387 2628 4440 Διὰ
2665 4386 2758 4439 τὸν
2790 4382 3017 4454 Κύριον,
3046 4378 3310 4447 ποιήσατέ
3356 4393 3424 4445 με
3469 4374 3735 4444 μοναχὸν,
3763 4374 3862 4425 καὶ

604 4473 707 4526 viri
756 4472 1092 4528 nobilitatem
1141 4490 1205 4529 ex
1237 4474 1507 4541 moribus,
1554 4484 1609 4530 et
1645 4475 1793 4529 vultu
1830 4485 1884 4530 et
1930 4474 2153 4543 alloquit

2274 4477 2577 4549 ὀδηγήσατὲ
2609 4491 2676 4545 με
2711 4471 2828 4535 πῶς
2858 4468 3036 4523 σωθῶ.
3080 4469 3143 4520 Οἱ
3188 4466 3247 4519 δὲ
3287 4468 3390 4533 τὴν
3422 4464 3713 4531 εὐγένειαν
3763 4460 3862 4514 τοῦ

599 4564 991 4633 ronjectantes,
1033 4569 1350 4636 quaerebant
1391 4581 1459 4621 ex
1500 4582 1587 4631 eo,
1629 4567 1879 4637 quisnam
1922 4576 1976 4621 et
2015 4567 2153 4635 cuju:

2278 4570 2467 4640 ἀνδρὸς
2500 4570 2565 4621 ἐκ
2594 4566 2686 4619 τοῦ
2717 4564 2905 4635 ἤθους,
2961 4561 3058 4615 καὶ
3110 4559 3206 4611 τοῦ
3254 4556 3575 4627 προσώπου,
3618 4556 3719 4607 καὶ
3761 4553 3865 4622 τῆς

598 4665 765 4712 esset.
802 4654 853 4711 ls
886 4673 1011 4711 cum
1057 4658 1235 4727 primo
1267 4659 1550 4723 abnueret,
1593 4658 1906 4727 diceretque
1946 4675 1959 4711 :
1996 4657 2153 4712 Honu

2282 4661 2567 4731 συντυχίας
2593 4656 2987 4727 στοχασάμενοι
3012 4652 3272 4722 ἐξήταζον
3299 4649 3483 4713 αὐτὸν,
3516 4647 3606 4709 τίς
3642 4649 3734 4717 εῐη
3773 4648 3871 4699 καὶ

602 4764 721 4803 sum
754 4749 1069 4819 peregrinus
1097 4760 1147 4804 et
1179 4750 1445 4821 ahjectus,
1476 4750 1566 4820 qui
1598 4751 1781 4805 salvus
1812 4750 1923 4804 fieri
1956 4766 2140 4820 quaero

2280 4753 2465 4807 πόθεν.
2509 4748 2869 4821 Ἀρνουμένου
2902 4746 2958 4799 δὲ
2986 4743 3150 4797 αὑτοῦ
3183 4742 3251 4795 τὰ
3284 4740 3499 4810 πρῶτα,
3539 4740 3639 4792 καὶ
3666 4740 3869 4805 λέγον-

600 4839 687 4895 vix
721 4840 936 4897 tandem
970 4840 1019 4896 ei
1059 4842 1386 4910 persuadere
1416 4852 1709 4913 potuerunt
1744 4852 1819 4909 ut,
1860 4858 1981 4913 quae
2009 4843 2075 4898 ad
2117 4859 2153 4900 St

2281 4862 2403 4909 τος,
2426 4834 2508 4899 ὅτι
2542 4838 2865 4913 Ἄνθρωπός
2893 4837 3007 4907 εἰμι
3037 4834 3186 4903 ξένος
3213 4832 3306 4888 καὶ
3327 4829 3584 4893 ταπεινὸς
3616 4828 3873 4900 σωθῆναι

2109 5049 2342 5109 ΝΟΤιΕ.

677 5259 791 5326 (37)
835 5260 1060 5316 Videtur
1083 5270 1272 5317 auctor
1303 5261 1435 5316 nihil
1465 5263 1609 5317 aliud
1650 5262 1807 5327 velle,
1833 5276 1995 5331 quam
2023 5261 2180 5331 stipi-

606 5344 715 5387 tem
750 5331 968 5403 familiae
1001 5334 1174 5403 sancti
1229 5334 1546 5402 prinuevum
1577 5335 1633 5387 in
1662 5334 1847 5403 plures
1878 5344 2063 5401 postea
2092 5348 2180 5385 ra-

608 5419 730 5459 mos
783 5401 1020 5455 divisum
1079 5400 1287 5472 fuisse;
1344 5420 1475 5459 usus
1530 5400 1960 5471 him—quantum
1998 5404 2181 5472 suspi-

607 5490 723 5545 cor,
751 5473 835 5526 vel
875 5472 1059 5542 phrasi
1118 5471 1278 5528 istius
1313 5474 1590 5545 temporis,
1638 5474 1723 5529 vel
1768 5474 2033 5543 parmmia
2063 5471 2177 5528 tum

609 5544 830 5597 usitata.

681 5613 826 5684 (37‘)
859 5612 1159 5681 Διηνεκῶς·
1192 5615 1425 5670 subaudi
1460 5615 1664 5684 ἔμεινε,
1695 5614 1770 5667 ὢν
1813 5614 1900 5668 vel
1946 5615 2075 5683 quid
2108 5614 2181 5667 si-

613 5685 760 5757 mile.
782 5682 944 5757 Apud
985 5683 1312 5757 Coteleriuui
1342 5682 1502 5757 lengﬁ
1524 5685 1641 5757 Ἔτι
1680 5684 1754 5738 ὦν
1794 5686 1852 5738 ἐν
1880 5682 2170 5755 τῴπαλα-

613 5754 728 5824 τίῳ.
766 5753 897 5807 Cum
927 5754 1212 5806 etiamnum
1245 5766 1377 5810 esset
1398 5753 1469 5809 ’ἱη
1498 5756 1719 5824 palatio.

686 5823 799 5895 (38)
846 5824 977 5879 Vide
1007 5823 1154 5880 Vitas
1182 5826 1403 5883 Patrum
1434 5828 1577 5898 apud
1600 5826 1960 5897 Rosweydum
1993 5826 2090 5882 lib.
2122 5842 2172 5891 v,

2281 5277 2404 5331 cap.
2468 5260 2522 5323 2,
2582 5256 3099 5331 pag.__565,_nurrli_.
3145 5242 3881 5331 2.__DamaleviciushVitze

2282 5318 2459 5387 sancti
2491 5318 3016 5399 Bogumilieremjta:
3044 5318 3481 5399 Camaldulensis
3518 5323 3747 5394 auctor,
3790 5325 3879 5396 to—

2284 5420 2373 5457 rno
2404 5400 2443 5455 ll
2477 5391 2647 5464 Junii,
2682 5414 2805 5467 pag.
2838 5395 2964 5461 556,
3012 5409 3163 5449 num.
3202 5391 3291 5455 56,
3333 5401 3616 5443 secessum
3654 5391 3787 5465 eius
3828 5391 3881 5438 in

2282 5489 2528 5528 eremum
2569 5470 2974 5525 Dobrovensem
3030 5472 3246 5536 narrat,
3292 5478 3315 5536 _t
3344 5468 3607 5536 tanquam
3664 5470 3713 5535 si
3752 5470 3883 5509 san-

2286 5553 2405 5599 ctus
2440 5556 2627 5597 vocem
2673 5540 2881 5607 lapsam
2931 5534 3197 5607 divinitus
3238 5531 3304 5584 ad
3351 5531 3646 5607 arsenium
3684 5531 3744 5607 in
3782 5544 3884 5607 sua

2285 5596 2570 5667 vocatione
2597 5596 2895 5666 audivisset
2926 5626 2939 5660 :
2972 5604 3171 5660 Arseni
3194 5599 3461 5657 tumultus
3492 5596 3642 5667 fuge,
3677 5606 3739 5650 et
3768 5600 3883 5651 sal-

2278 5685 2510 5738 vaberis.
2560 5702 2578 5735 ι

2349 5736 2618 5824 (38*1Ρεν
2649 5746 3147 5824 clericosjiitellige
3181 5738 3623 5824 hichonacbos.
3657 5736 3877 5795 Exem-

2278 5813 2367 5897 pla
2400 5813 2493 5881 dat
2521 5824 2759 5895 Cangius
2794 5824 2849 5880 in
2878 5818 3146 5876 Glossario
3177 5813 3386 5871 Latino.
