3926 6478
187 443 290 505 853

793 444 1074 506 ORATIO
1111 448 1248 508 XII.
1273 469 1339 483 -
1381 451 1764 510 LAUDATIO
1803 454 1864 512 S.
1905 456 2214 515 ARSENII
2265 457 2806 523 ANACIIORETJE.

3335 464 3442 527 854

188 557 388 625 ζητῶν,
441 554 599 626 μόγις
647 554 990 626 ἠδυνήθησαν
1036 557 1224 608 πεῖσαι
1269 556 1452 622 αὑτὸν,
1494 558 1763 629 θαρῤἦσαι

1884 564 2203 629 ipectabant,
2245 565 2577 620 confidenter
2612 567 2678 622 iis
2706 577 3021 637 exponeret.
3070 570 3201 637 Quae
3239 571 3435 632 edocti.

187 650 372 710 αὐτοῖς
413 647 485 699 τά
517 647 638 700 καθ’
681 647 892 701 ἑαυτόν.
947 646 1055 698 Καὶ
1105 646 1390 715 μαθόντες,
1433 642 1587 701 εἷπον
1629 649 1763 717 πρὸς

190 738 449 806 ἀλλήλους
478 752 492 766 ·
526 736 620 799 Τίς
651 737 758 806 ἄρα
785 737 953 799 ἐστὶν,
980 737 1007 787 6
1039 736 1269 804 ὀφείλων
1298 737 1489 792 τοῦτον
1518 741 1761 811 παραλα-

188 829 300 879 ὃείν
330 828 426 879 καὶ
451 826 716 896 ὣηγῆσαι
757 828 836 888 εἰς
869 824 967 896 τὴν
1004 826 1298 896 μοναδικὴν
1324 828 1599 883 πολιτείαν
1629 847 1641 861 ’
1675 832 1765 884 καὶ

187 915 247 984 δὴ
282 915 734 984 βουλευσαμένων
759 914 962 977 αὐτῶν,
988 915 1225 967 συνεῖδον
1254 917 1582 985 ἀπενεγκεῖν
1604 919 1764 973 αὐτὸν

190 1007 262 1076 τῷ
305 1006 454 1076 ἁῦδᾷ
503 1006 720 1077 Ἰωάννῃ
772 1005 849 1074 τῷ
890 1004 1132 1074 Κολυῦᾠ.
1172 1006 1282 1059 Καὶ
1315 1007 1571 1071 λαϐόντες
1601 1009 1766 1063 αὐτὸν

195 1100 308 1167 μεθ’
351 1097 587 1164 ἑαυτῶν,
616 1095 858 1167 ἀπῆλθον
891 1096 1029 1166 πρὸς
1057 1095 1148 1148 τὸν
1186 1096 1435 1165 γέροντα.
1483 1099 1594 1153 Καὶ
1628 1099 1768 1169 μετά

191 1193 247 1243 τὸ
278 1191 504 1259 ποιῆσαι
537 1191 733 1253 αὐτοὺς
767 1188 955 1258 εὐχὴν,
987 1186 1254 1257 ἐλάλησαν
1291 1188 1440 1260 αὐτῷ
1474 1190 1603 1260 περὶ
1637 1191 1760 1261 Ἀρ-

195 1282 397 1336 σενίου.

259 1381 334 1443 ς’,
378 1374 491 1427 Καὶ
511 1374 569 1425 ὲν
595 1372 673 1442 τῷ
703 1374 1087 1441 συντυγχάνειν
1113 1372 1330 1438 αὐτοὺς,
1357 1373 1767 1444 καταλαϐούσης

190 1466 286 1534 τῆς
341 1465 574 1533 ὲννάτης
628 1463 797 1534 ὥρας,
830 1463 978 1532 λέγει
1012 1465 1124 1525 τοῖς
1152 1464 1433 1533 κληρικοῖς
1479 1468 1507 1518 6
1552 1465 1762 1535 γέρων·

191 1554 376 1614 Δεῦτε,
404 1555 722 1623 ποιήσωμεν
747 1554 987 1624 ἀγάπην,
1012 1555 1105 1606 καὶ
1129 1554 1190 1605 τὸ
1214 1553 1425 1623 θέλημα
1446 1553 1536 1606 τοῦ
1563 1553 1765 1623 Κυρίου

192 1646 457 1714 γενέσθω.
488 1647 599 1698 Καὶ
630 1645 916 1708 καθεσθεὶς
950 1649 977 1699 6
1006 1646 1181 1708 ἀὸϐἄς
1214 1645 1468 1714 Ἰωάννης
1504 1644 1768 1714 μετὰτῶν

192 1737 497 1806 κληρικῶν,
544 1737 779 1806 ἡρξαντο
817 1736 1037 1801 ἐσθίειν,
1066 1737 1325 1798 ἐάσαντες
1357 1736 1448 1788 τὸν
1494 1736 1768 1805 Ἀρσένιον

194 1830 510 1898 ἱστάμενον.
543 1827 863 1881 Ῥίπτειοῦν
893 1827 1150 1896 παξαμὰν
1179 1827 1256 1889 είς
1285 1826 1385 1896 τὴν
1409 1827 1513 1897 γῆν
1543 1828 1571 1879 6
1595 1827 1768 1891 ἀὸδᾶς

1869 653 2008 707 alter
2040 653 2192 710 alteri
2224 657 2482 711 dicebant
2511 676 2522 710 :
2559 656 2820 724 Quisnam
2851 670 2954 727 est,
2984 661 3079 730 qui
3108 662 3265 717 debet
3300 663 3443 718 hunc

1866 743 2138 812 excipere,
2167 755 2220 799 et
2245 746 2552 801 conducere
2582 749 2648 803 ad
2688 750 3046 805 monasticum
3091 751 3442 807 institutum?

1868 833 1952 899 Et,
1986 835 2120 891 inito
2147 838 2397 903 consilio,
2426 839 2604 894 visum
2633 849 2716 896 est
2745 842 3014 898 abducere
3041 844 3215 912 ipsum
3243 846 3307 898 ad
3341 845 3440 898 ab—

1865 924 2042 979 batem
2073 925 2333 981 Joannem
2369 927 2633 984 Colobum
2667 932 2798 1001 (39).
2838 933 2903 986 Et
2940 943 3284 989 assumentes
3315 949 3437 989 eum

1867 1030 2078 1080 secum,
2130 1018 2382 1073 abierunt
2430 1019 2496 1074 ad
2543 1035 2758 1087 senem;
2799 1025 3141 1095 peractisque
3190 1026 3440 1095 precibus

1867 1105 2031 1161 locuti
2068 1121 2190 1162 cum
2229 1107 2322 1163 illo
2347 1117 2476 1164 sunt
2501 1110 2566 1165 de
2588 1110 2841 1166 Arsenio.

1940 1371 1992 1425 6.
2029 1369 2276 1441 Cumque
2311 1371 2451 1428 inter
2483 1374 2901 1446 colloquendum
2940 1377 3051 1448 jam
3091 1393 3233 1433 nona
3274 1378 3439 1434 adre-

1871 1465 2038 1520 nisset
2073 1467 2223 1531 hora,
2249 1465 2381 1522 dicit
2407 1468 2621 1524 clericis
2661 1486 2826 1526 senex
2862 1489 2880 1528 :
2921 1472 3143 1537 Adeste,
3174 1472 3440 1527 faciamus

1868 1571 2073 1626 agapen
2131 1558 2264 1628 (40),
2321 1566 2375 1614 et
2423 1561 2677 1616 voluntas
2724 1561 2817 1616 Dei
2871 1562 2986 1616 fiat.
3033 1564 3442 1632 Considensque

1867 1647 2103 1703 Joannes
2135 1649 2302 1703 abbas
2356 1665 2476 1704 cum
2513 1652 2754 1718 clericis,
2799 1662 3085 1722 cmperunt
3132 1653 3437 1718 comedere,

1867 1739 2106 1793 sitientes
2157 1737 2446 1793 Arsenium
2512 1749 2675 1796 stare.
2743 1741 2969 1812 Projicit
3035 1743 3218 1814 itaque
3273 1758 3441 1812 paxa-

1871 1844 1994 1882 man
2028 1828 2136 1898 (41)
2167 1829 2218 1882 in
2255 1839 2454 1884 terrain
2490 1832 2658 1886 abbas
2681 1831 2942 1898 Joannes,
2968 1835 3149 1904 aitque
3170 1836 3400 1890 Arsenio
3426 1851 3440 1887 :

203 1894 484 1990 Ἰωάννης,
513 1920 608 1972 καὶ
640 1918 790 1987 λέγει
816 1918 893 1988 τῷ
927 1894 1186 1988 Ἀρσενίῳ
1211 1933 1224 1948 ο
1256 1894 1420 1984 Φάγε,
1451 1894 1544 1969 έάν
1588 1917 1766 1988 θέλῃς.

1884 1918 2124 1982 Somede,
2148 1919 2194 1972 si
2228 1920 2382 1975 velis.
2416 1920 2508 1974 llle
2531 1932 2710 1976 autem
2742 1922 3011 1977 inclinans
3036 1940 3094 1977 se
3128 1923 3180 1976 in
3216 1932 3439 1988 terram,

203 2010 264 2066 '0
285 2011 343 2065 δὲ
366 2011 558 2075 κλίνας
592 2011 782 2064 ἑαυτὸν
807 2011 898 2062 ἐπὶ
926 2010 1026 2080 τὴν
1053 2010 1178 2079 γῆν,
1212 2009 1423 2078 ἀπῆλθε
1450 2010 1769 2078 περιπατῶν

192 2104 315 2164 ταῖς
342 2104 508 2174 χερσὶ
541 2103 638 2156 καὶ
665 2104 777 2165 τοῖς
809 2102 989 2166 ποσὶν,
1022 2102 1156 2154 ὅπου
1180 2095 1246 2171 ἦν
1281 2103 1308 2154 6
1341 2100 1602 2170 παξαμάς
1623 2118 1634 2132 ·
1677 2102 1771 2154 καὶ

193 2195 399 2263 ἔφαγεν
427 2193 615 2259 αὑτὸν,
646 2194 719 2256 ὡς
751 2195 928 2246 ἔκειτο
959 2195 1039 2255 είς
1067 2191 1167 2261 τὴν
1195 2194 1317 2262 γῆν.
1347 2192 1456 2245 Καὶ
1487 2191 1608 2244 ἰδὼν
1633 2192 1662 2244 6
1685 2192 1773 2260 γέ-

197 2303 329 2355 ρων,
352 2286 502 2354 λέγει
535 2287 647 2348 τοῖς
677 2285 924 2354 ἀδελφοῖς
942 2301 955 2314 ·
1002 2285 1273 2350 Ὑπάγετε
1303 2283 1444 2352 μετὰ
1466 2283 1656 2347 καλοῦ,
1681 2284 1774 2336 καὶ

194 2378 424 2442 εὔξασθε
459 2378 601 2449 ὑπὲρ
629 2378 814 2449 ἡμῶν
842 2377 1016 2442 οὕτως
1057 2377 1164 2448 γάρ
1197 2376 1515 2444 γινώσκετε,
1558 2378 1639 2429 ὅτι
1689 2377 1773 2429 δό-

195 2488 362 2541 κιμον
399 2471 514 2542 ἔχει
541 2475 765 2541 ποιῆσαι
792 2471 1046 2541 μοναχόν.
1094 2469 1412 2540 Ἥρώτησαν
1442 2464 1534 2522 οὖν
1559 2471 1608 2521 oi
1640 2469 1772 2539 κλη-

199 2563 344 2631 ρικοὶ
397 2562 492 2615 τὸν
539 2563 812 2633 Ἀρσένιον
836 2563 958 2615 καθ’
1009 2562 1256 2624 ἑαυτοὺς,
1293 2560 1548 2628 λέγοντες
1590 2561 1766 2631 αὐτῷ’

200 2654 438 2719 Ποίησον
478 2654 724 2723 ἀγάπην,
751 2652 968 2719 ἀδελφὲ,
994 2652 1085 2705 διὰ
1119 2652 1210 2704 τὸν
1253 2653 1479 2723 Κύριον,
1515 2653 1609 2707 καὶ
1653 2653 1772 2706 εἰπὲ

195 2747 353 2814 ἡμῖν,
408 2745 560 2797 ποῖον
592 2742 852 2812 λογισμὸν
905 2741 1063 2810 ἔσχες
1114 2738 1310 2794 ἐσθίων
1351 2740 1442 2793 τὸν
1483 2741 1769 2810 παξαμάν;

1871 2010 2040 2064 abivit
2101 2009 2250 2072 illuc,
2310 2012 2598 2067 ambulans
2643 2013 2895 2068 manibus
2947 2014 3304 2083 pedibusque,
3349 2015 3440 2068 ubi

1870 2109 1987 2154 erat
2031 2116 2322 2169 paxamas;
2370 2110 2422 2154 et
2473 2102 2525 2154 in
2566 2110 2732 2168 terra,
2773 2111 2934 2171 prout
2977 2104 3210 2171 jacebat,
3264 2105 3442 2172 ipsum

1871 2190 2125 2243 comedit.
2154 2192 2329 2260 Atque
2368 2191 2472 2245 hoc
2500 2192 2844 2260 conspicatus
2874 2207 3058 2256 senex,
3090 2193 3222 2246 dicit
3260 2193 3443 2246 fratri-

1871 2278 1974 2332 bus
1999 2296 2012 2332 :
2047 2279 2204 2334 Abite
2232 2294 2352 2334 cum
2377 2282 2541 2345 bono,
2577 2290 2631 2336 et
2654 2293 2805 2337 orate
2830 2299 2928 2353 pro
2952 2285 3110 2338 nobis
3136 2302 3150 2339 :
3194 2285 3265 2338 ita
3296 2284 3442 2338 enim

1872 2372 2075 2438 scietis,
2099 2372 2237 2439 quod
2257 2373 2517 2441 probatus
2540 2374 2628 2436 sit,
2657 2383 2715 2428 ut
2741 2375 2833 2428 flat
2857 2376 3175 2431 monachus.
3206 2375 3442 2430 Interro-

1872 2474 2068 2531 garunt
2113 2464 2292 2532 itaque
2333 2464 2518 2519 clerici
2562 2465 2700 2520 inter
2743 2481 2804 2521 se
2853 2467 3165 2530 Arsenium,
3201 2467 3444 2522 dicentes

1873 2557 1946 2610 illi
1978 2572 1990 2606 :
2020 2554 2126 2608 Fac
2150 2570 2376 2624 agapen,
2405 2555 2592 2618 frater,
2618 2570 2714 2626 per
2736 2555 3056 2620 Dominum;
3080 2566 3133 2611 et
3155 2557 3242 2610 dic
3264 2556 3444 2621 nobis,

1871 2645 2066 2715 ecquid
2113 2646 2458 2714 cogitationis
2514 2646 2809 2712 habueris,
2863 2647 3083 2715 quando
3123 2646 3446 2701 comedebas

1874 2736 2179 2806 paxaman?
2209 2736 2419 2800 Quibus
2450 2735 2561 2801 ille,
2599 2735 2942 2807 COgitabam,
2963 2737 3164 2806 inquit,
3193 2751 3400 2791 mecum
3429 2753 3442 2789 :

197 2836 313 2890 Καὶ
343 2835 495 2904 λέγει
536 2835 752 2896 αὐτοῖς’
796 2833 1161 2902 Ἔλογισάμην
1215 2830 1351 2902 πρὸς
1390 2832 1646 2901 ἐμαυτὸν,
1692 2834 1774 2885 ὅτι

1884 2843 2034 2898 quem
2075 2827 2172 2880 tibi
2213 2835 2470 2896 tanquam
2536 2829 2659 2882 cani
2695 2828 3038 2898 proiecerunt
3086 2842 3301 2894 panem,
3350 2841 3447 2882 co-

206 2931 296 2992 'ﬂ;
325 2927 452 2982 κυνί
476 2945 557 2980 σοι
587 2925 816 2997 ἔρριψαν
840 2923 932 2977 τὸν
959 2924 1222 2994 ἄρτον,ιὶ›ς
1250 2923 1395 2977 κύων
1423 2926 1563 2993 φάγε
1589 2926 1772 2979 αὐτόν.

1884 2919 2028 2972 mede
2050 2918 2202 2970 illum
2254 2927 2517 2982 tanquam
2546 2917 2719 2970 cauis.
2757 2916 2821 2970 Et
2847 2916 3223 2987 glorificabant
3255 2917 3444 2970 Deum.

197 3021 308 3074 Καὶ
357 3018 621 3083 ἐδόξασαν
656 3017 750 3071 τὸν
789 3016 943 3069 Θεόν.
993 3016 1197 3084 Χρόνον
1225 3010 1320 3069 οὖν
1366 3016 1547 3083 ὀλίγον
1587 3019 1774 3087 μείνας

1884 3007 2083 3078 Exiguo
2110 3008 2272 3077 igitur
2297 3015 2537 3076 tempore
2559 3007 2822 3062 Arsenius
2844 3023 2968 3062 cum
2995 3008 3192 3062 abbate
3234 3005 3450 3061 Joanne

200 3112 341 3179 μετά
369 3108 467 3163 τοῦ
497 3108 642 3163 assa
679 3108 929 3162 Ἰωάννου
952 3107 981 3160 6
1009 3107 1300 3177 Ἀρσένιος,
1326 3108 1421 3161 καὶ
1447 3108 1646 3177 μαθὼν·
1667 3111 1774 3163 πᾶ-

1884 3111 2143 3168 versatus,
2177 3116 2507 3170 omnemque
2536 3101 2850 3156 monasticae
2879 3102 3002 3156 vita:
3028 3101 3289 3155 rationem
3319 3099 3449 3154 edo-

198 3218 298 3254 σαν
323 3201 423 3271 τὴν
452 3199 754 3270 μοναχικὴν
783 3198 1138 3261 κατάστασιν,
1167 3198 1412 3270 ἀπελύθη
1452 3200 1580 3272 παρ’
1608 3201 1774 3256 αὑτοῦ

1884 3205 2016 3259 ctus,
2054 3194 2304 3249 discessit
2337 3194 2406 3247 ab
2432 3208 2519 3258 eo,
2550 3202 2608 3247 ut
2651 3193 2929 3248 secederet
2967 3190 3180 3261 sibique
3217 3190 3319 3245 soli
3352 3205 3451 3244 va-

197 3292 457 3347 ἀπελθεῖν
481 3291 575 3344 καὶ
602 3291 822 3344 καθίσαι
851 3289 994 3343 κατά
1027 3289 1194 3359 μόνας
1218 3307 1232 3322 ο
1259 3292 1354 3344 καὶ
1376 3291 1590 3360 ἔμεινεν
1630 3294 1774 3362 ἀγω-

1884 3296 2048 3344 caret.
2079 3286 2141 3340 Et
2171 3285 2553 3355 perseveravit,
2592 3299 2689 3353 pro
2720 3284 2861 3338 virili
2898 3283 3232 3338 contendens
3264 3282 3316 3335 in
3349 3281 3453 3334 Do-

198 3384 482 3453 νιζόμενος
507 3383 566 3434 ὲν
589 3379 803 3451 κυρίῳ,
830 3380 972 3433 ὥστε
1001 3380 1229 3444 πολλοὺς
1255 3383 1364 3434 τῶν
1387 3383 1527 3438 κατά
1545 3383 1637 3437 τὸν
1659 3403 1778 3438 και-

202 3475 294 3546 ρὸν
321 3475 534 3527 ἐκεῖνον
568 3473 822 3544 μεγάλων
849 3471 1122 3542 γερόντων
1165 3472 1470 3542 ὑπερϐῆναι
1523 3477 1636 3538 τοῖς
1683 3476 1776 3528 πό-

199 3583 334 3631 νοις,
365 3567 435 3634 τῇ
470 3581 531 3617 τε
577 3563 865 3634 καρτερίᾳ,
897 3563 991 3616 καὶ
1020 3563 1086 3632 τῇ
1123 3561 1366 3632 ὑπομονῇ
1402 3563 1512 3616 τῶν
1547 3561 1777 3634 ἀσκητι-

201 3655 313 3708 κῶν
351 3654 607 3722 ἀγώνων.
657 3653 1045 3723 Ἀναχωρήσας
1096 3648 1188 3706 οὖν
1232 3653 1290 3705 ἐν
1317 3653 1393 3722 τῷ
1415 3656 1765 3728 ησυχαστικῷ

203 3748 325 3819 βίῳ,
358 3747 525 3801 πάλιν
557 3746 757 3816 ηῠξατο
783 3743 861 3813 τῷ
885 3743 1003 3814 Θεῷ
1026 3744 1199 3811 λέγων
1220 3762 1232 3776 ·
1279 3744 1472 3813 Κύριε,
1505 3748 1771 3819 ὁδήγησόν

205 3854 296 3908 με,
319 3837 440 3901 πῶς
465 3836 651 3890 σωθῶ*
686 3836 782 3888 καὶ
807 3835 1006 3905 ἤκουσε
1033 3833 1220 3903 φωνῆς
1249 3833 1542 3905 λεγούσης·
1583 3838 1773 3905 Ἀρσέ..

203 3928 512 4000 νιε,φεῦγε,
537 3927 744 3995 σιώπα,
769 3925 1040 3997 ἡσύχαζε·
1074 3926 1234 3980 αὑταὶ
1252 3926 1361 3996 γάρ
1387 3928 1522 3981 εἰσιν
1549 3931 1605 3983 αί
1631 3932 1776 4000 ῥίζαι

203 4018 301 4091 τῆς
321 4019 766 4090 ἀναμαρτησίας.

1881 3381 2031 3433 mino
2059 3393 2233 3448 usque
2264 3378 2421 3443 adeo,
2449 3385 2508 3431 ut
2547 3392 2772 3446 magnos
2805 3376 2856 3429 id
2892 3375 3153 3445 temporis
3184 3389 3343 3430 senes
3373 3373 3450 3427 Ia-

1880 3473 2126 3538 boribus,
2167 3471 2496 3531 constantia,
2540 3484 2602 3524 ac
2664 3468 3028 3523 certaminum
3091 3466 3454 3521 asceticorum

1880 3565 2167 3620 tolerantia
2249 3571 2550 3633 superaret.
2624 3563 2918 3631 Postquam
2981 3559 3049 3615 ad
3115 3557 3453 3628 hesychasti-

1882 3671 2002 3712 cam
2045 3655 2154 3724 (Ω)
2203 3656 2366 3709 vitam
2419 3654 2759 3719 secessisset,
2805 3654 2996 3707 iterum
3037 3651 3214 3706 oravit
3262 3649 3453 3712 Deum,

1877 3749 2110 3805 dicens:
2149 3745 2394 3808 Domine,
2447 3743 2589 3798 viam
2629 3742 2889 3806 ostende,
2942 3742 3032 3796 ubi
3081 3741 3265 3796 salvus
3307 3739 3451 3803 fiam,

1885 3840 1948 3894 Et
1992 3837 2198 3892 audivit
2238 3850 2451 3910 vocem,
2507 3834 2775 3889 dicentem
2813 3851 2826 3887 :
2873 3832 3092 3898 Arseni,
3123 3832 3267 3902 fuge,
3313 3839 3454 3896 tace,

1885 3931 2106 4002 quiesce
2138 3948 2150 3983 :
2181 3944 2303 3983 nam
2351 3928 2436 3980 hae
2477 3936 2604 3981 sunt
2648 3925 2881 3992 radices,
2922 3925 3121 3995 quibus
3165 3939 3196 3981 a
3235 3933 3459 3994 peccato

1890 4022 2151 4080 immunis
2183 4020 2279 4076 fias
2307 4019 2442 4090 (43).

1725 4161 1958 4219 NOTAE.

275 4247 387 4316 (39)
420 4244 661 4317 Joannes
724 4245 963 4301 Colohus
1025 4245 1104 4317 (in
1168 4247 1466 4317 appendice
1516 4250 1582 4305 ad
1641 4252 1790 4310 Vitas

209 4319 438 4372 Patrum
467 4333 589 4387 pag.
627 4316 740 4387 904,
782 4331 875 4384 per
908 4316 1186 4386 apoCopen
1219 4316 1427 4384 Colob;
1464 4318 1649 4378 Grece
1681 4326 1789 4377 Ko-

207 4389 385 4451 λοὸδς,
439 4386 633 4455 estque
692 4386 782 4441 hic
829 4395 1043 4448 curtus,
1085 4402 1309 4455 parvus,
1350 4403 1547 4453 nanus,
1605 4393 1789 4450 brevis

208 4471 452 4522 staturae,
487 4461 618 4530 etc.)
656 4455 757 4510 fuit
783 4456 923 4530 inter
955 4456 1325 4530 anachoretas
1360 4459 1784 4530 celeberrimus;

209 4533 466 4597 idemque
493 4525 746 4592 fortasse,
778 4526 874 4594 qui
899 4526 953 4579 in
977 4526 1358 4597 Martyrologio
1390 4526 1606 4593 Coptica
1640 4525 1786 4587 torno

210 4595 385 4653 tertio’
402 4595 603 4659 Martii,
644 4611 770 4666 pag.
789 4597 892 4650 692
922 4595 1143 4666 notatur
1175 4597 1470 4666 his__verbis
1497 4618 1508 4652 :
1549 4619 1566 4650 ι
1591 4599 1785 4658 Obitus

207 4667 437 4723 Joannis
467 4667 616 4735 parvi
636 4663 926 4735 ere'nlitcea
957 4664 1232 4720 Gerardus
1262 4663 1489 4721 Vossius
1521 4668 1783 4724 Borchlo~

211 4740 362 4803 nius,
393 4733 724 4806 praepositus
743 4733 1102 4804 Tungrensis,
1133 4736 1272 4788 inter
1326 4737 1782 4809 Apophthegmata

207 4806 462 4873 Patrum,
512 4821 637 4860 cum
678 4814 868 4861 sancto
902 4803 1152 4874 Ephraem
1184 4805 1322 4874 Syro
1362 4806 1599 4863 Coloniae
1637 4812 1780 4864 edita

206 4848 1781 4946 2.auritos:"az'f531,'e‘amgfegir,"';'.;;;;.;:a:

205 4948 346 5002 dens
383 4963 398 5001 :
451 4965 472 4999 ι
518 4943 903 5001 Verisimiliter
948 4944 1038 5000 hic
1069 4943 1592 5012 intelligi’Joannem
1621 4947 1780 5004 Colo-

205 5016 402 5080 bitam,
449 5023 507 5070 et
557 5015 694 5071 alias
746 5012 1082 5084 Calybitam,
1143 5015 1424 5084 eremitam
1475 5015 1780 5073 Romanum

209 5087 420 5157 (potius
454 5084 811 5157 CPolitanum
840 5082 863 5144 ξ
909 5083 1122 5157 videsis
1153 5082 1619 5157 Commentarium
1656 5089 1780 5157 ejus

206 5152 479 5237 praevium.
502 5155 590 5234 die
625 5155 697 5237 li
721 5152 1154 5237 JanuariiL§'2),
1190 5153 1348 5234 cuius
1380 5158 1582 5237 mentio
1605 5152 1702 5237 11ι⁷
1724 5159 1778 5214 in
1813 5181 1856 5237 υ

209 5221 600 5296 Nartyrologio
652 5221 1300 5296 Romano,_15'Januarii.
1359 5244 1379 5276 ι
1441 5225 1560 5296 Mox
1598 5236 1778 5282 tamen

206 5293 437 5350 alterius
485 5293 712 5349 Joannis
755 5294 997 5347 eremitae
1043 5293 1282 5363 Egyptii
1340 5295 1610 5362 meminit,
1671 5313 1782 5351 non

207 5367 546 5421 sufﬁcienter
574 5366 896 5428 instructus,
932 5372 991 5417 ut
1015 5363 1220 5432 aliquid
1253 5363 1399 5418 circa
1434 5365 1586 5419 illum
1618 5367 1782 5421 abso-

206 5439 386 5490 solute
433 5432 898 5503 determinetLDe
929 5432 1150 5503 _Joanne
1193 5432 1398 5488 Colobo
1447 5435 1660 5503 plenius
1701 5439 1783 5491 itt-

206 5508 346 5559 strui
390 5504 595 5572 poteris
647 5518 714 5557 ex
750 5500 1145 5572 VitisPatrui‘n
1185 5504 1350 5557 variis
1401 5500 1576 5569 locis;
1621 5507 1783 5561 Cote-

209 5570 538 5695 κτίοἱὲἇιιο
565 5575 602 5637 Ι,
633 5587 664 5626 a
690 5589 814 5643 pag.
841 5571 965 5636 468,
997 5588 1061 5626 ac
1086 5570 1431 5628 Tillemontio
1475 5581 1624 5630 tomo
1653 5578 1721 5642 X,
1756 5592 1783 5629 a

210 5661 331 5695 ma.
477 5682 491 5694 .

279 5663 331 5698 εν.
363 5647 491 5698 427.

210 5661 649 5782 μῗίοςῖλθςερθ,
682 5711 869 5765 Graece
887 5712 1098 5780 ἀγάπη,
1129 5712 1394 5782 accipitur
1426 5715 1509 5767 vcl
1542 5731 1640 5784 pro
1688 5732 1783 5771 ex-

213 5785 580 5837 traordinaria
611 5784 903 5854 refectione
944 5784 998 5835 in
1032 5783 1413 5846 monasteriis;
1445 5783 1668 5854 vel’pro
1692 5803 1782 5840 so-

214 5854 384 5910 lemni
414 5853 666 5911 convivio
691 5869 704 5919 ;
741 5853 823 5908 vel
847 5868 944 5924 pro
973 5868 1130 5910 coma
1157 5854 1224 5910 ad
1266 5869 1430 5924 quam
1459 5849 1778 5926 Christiani,

1888 4255 1982 4311 sed
2018 4264 2287 4322 pauperes
2323 4250 2672 4322 potissimum
2722 4248 3146 4322 adhibebantur.
3185 4247 3257 4322 De
3283 4247 3458 4322 p_rima

1887 4317 2282 4392 significa—tione
2308 4317 2548 4392 consule
2571 4319 2836 4392 C‘angium
2864 4337 2878 4385 ;
2929 4323 2994 4392 de
3023 4319 3272 4392 secunda
3293 4317 3455 4392 Cote-

1887 4387 2082 4448 lerium
2117 4392 2170 4444 in
2205 4391 2349 4444 notis
2383 4391 2488 4444 col.
2527 4389 2664 4454 80!;
2698 4387 2774 4443 ide
2823 4388 2983 4442 tertia
3020 4387 3370 4442 Ciacconium
3401 4390 3454 4444 in

1888 4464 2033 4518 notis
2058 4461 2123 4516 ad
2151 4461 2474 4514 Cassianum
2506 4475 2626 4528 pag.
2657 4457 2781 4513 669.
2822 4457 2922 4512 Hic
2953 4473 3080 4511 vero
3098 4472 3205 4512 non
3243 4457 3354 4511 scio
3385 4474 3452 4513 an

1885 4537 2008 4604 plus
2063 4530 2270 4604 aliquid
2334 4530 2689 4599 significetur,
2753 4542 2918 4598 quam
2972 4542 3128 4582 eteua
3176 4528 3455 4583 ordinaria

1886 4601 2304 4657 inonachorutn.

1957 4671 2067 4741 (41)
2111 4670 2202 4741 Illa
2225 4684 2326 4722 vox
2355 4668 2504 4722 varie
2535 4667 2835 4741 scribitur;
2872 4666 3149 4741 nimii-unt
3170 4681 3452 4734 paxamas,

1886 4735 2250 4812 paleamation,
2288 4738 2759 4812 paxiination:_de
2813 4752 2918 4805 qua
2965 4735 3455 4812 fuse_l_§osvveydus

1884 4804 1937 4865 in
1970 4809 2310 4866 Onomastico
2346 4808 2413 4860 ad
2445 4806 2593 4860 Vitas
2646 4804 2758 4859 PP.
2797 4804 2982 4875 apag.
3016 4806 3194 4870 1045;
3236 4804 3454 4862 brevius

1884 4882 1940 4935 in
1991 4880 2261 4935 Glossario
2299 4876 2511 4930 Latino.
2539 4875 2849 4946 Significat,
2880 4891 3009 4946 vero
3044 4891 3235 4944 panem
3269 4879 3454 4932 subci-

1884 4950 2172 5012 nericium,
2222 4957 2318 5000 aut
2375 4958 2649 5018 recoetum
2685 4961 2782 5018 seu
2840 4945 3232 5018 bis_coctum:
3291 4965 3453 5016 quem

1885 5019 1954 5074 ita
2003 5019 2331 5143 agpellatum
2378 5016 2603 5088 quidam
2646 5016 2838 5070 volunt
2880 5013 3181 5070 a’Paxamo
3216 5013 3454 5084 quodam

1885 5103 2021 5143 cune
2065 5103 2222 5142 tario.

1883 5103 2222 5146 ουῡθαιιιτιο.

1956 5103 2306 5229 ῗῗὲίθιῖἰοεει
2355 5156 2652 5229 quietam,
2697 5155 3024 5229 taciturnam
3051 5197 3066 5222 ,
3125 5155 3454 5211 solitariam.

1886 5226 2134 5285 Grazcum
2182 5227 2545 5298 ﬂcuxaq-rtxbc
2581 5226 2868 5298 dilucidari
2904 5235 3093 5298 potest
3125 5242 3190 5298 ex
3225 5237 3456 5298 annota-

1885 5300 1956 5353 tis
1982 5299 2048 5352 ad
2087 5293 2252 5367 caput
2283 5293 2320 5350 1⁷
2351 5295 2482 5351 Vita:
2512 5297 2683 5350 sancti
2711 5293 2965 5366 Stephani
3007 5293 3248 5350 Sabaitac
3271 5297 3356 5352 die
3392 5299 3457 5352 15

1884 5368 2035 5424 Julii.
2067 5384 2190 5424 pair.
2225 5368 2350 5421 554.

1919 5369 2035 5431 ulii,
2067 5384 2190 5431 pag.
2225 5369 2350 5421 554.

1957 5384 2535 5521 ξῖἐρξξίιιξίῗιζμιιςξθε
2563 5434 3201 5521 Juniorth'aulmaturgus
3226 5435 3454 5502 deloco,

1888 5504 1978 5563 ubi
2008 5504 2206 5576 saepius
2242 5523 2272 5560 a
2318 5508 2564 5576 pluribus
2613 5504 3081 5574 interpellabatur,
3113 5521 3234 5559 cum
3276 5522 3458 5561 secre-

1888 5579 2008 5633 tiori
2065 5579 2450 5631 commutando
2511 5577 2971 5644 TheOphylactum
3037 5576 3348 5635 consulens.
3403 5577 3456 5628 id

1886 5649 2137 5712 responsi
2170 5648 2290 5700 tulit
2319 5648 2483 5716 (tomo
2509 5643 2750 5699 secundo
2772 5643 3079 5716 Februarii,
3115 5661 3234 5713 pag.
3271 5647 3396 5715 194)
3439 5662 3451 5697 :

1900 5737 1918 5769 ι
1966 5717 2305 5781 Tenendum,
2330 5715 2478 5785 quod
2519 5716 2723 5785 optimc
2768 5715 2990 5768 haberet
3031 5717 3243 5769 Arsenii
3277 5717 3457 5769 consi-

1890 5790 2022 5843 lium
2061 5809 2072 5841 :
2103 5789 2149 5841 is
2178 5789 2322 5841 enim
2357 5784 2559 5854 fugere
2586 5784 2661 5837 ait
2704 5784 2950 5854 homines
2987 5795 3041 5839 ct
3086 5786 3306 5839 salvari.
3347 5786 3453 5839 lte-

1890 5875 2122 5930 rumquc
2151 5876 2162 5912 :
2194 5857 2360 5929 Fuge,
2398 5853 2533 5923 tace,
2565 5858 2805 5924 quiesce.
2843 5875 2860 5907 ι
2890 5853 3088 5926 lnspici
3120 5856 3289 5913 etiam
3324 5869 3451 5927 pos~
