3926 6460
493 373 601 438 855

1706 376 1764 434 8.
1799 371 2193 434 THEODORI
2230 375 2577 436 STUDITAE

3649 379 3748 440 856

561 488 615 541 7.
647 485 759 542 Hoc
783 487 963 558 itaque
990 487 1251 544 divinitus
1283 499 1504 559 accepto
1527 491 1803 556 mandato,
1845 506 2063 546 omnem

2239 495 2300 558 ζ’.
2342 494 2535 547 Θεόθεν
2573 493 2665 547 οὖν
2700 494 2992 565 δεξάμενος
3019 495 3082 549 τὸ
3113 493 3350 550 τοιοῦτον
3390 495 3744 565 πρόσταγμα,

492 581 546 632 in
581 580 776 634 caelum
803 581 1066 635 Arsenins
1091 582 1343 638 affectum
1377 582 1654 646 transfert,
1683 598 1914 654 corpore
1942 583 2064 653 qui-

494 670 614 722 dem
649 671 700 723 in
747 680 888 725 terra
943 672 1167 742 degens.
1205 675 1371 728 corde
1417 685 1596 728 autem
1643 691 1766 731 cum
1814 676 2066 744 supernis

493 763 852 829 potestatibus
876 765 1214 821 familiariter
1240 781 1630 837 consuescens.
1656 768 1734 822 Ad
1759 768 1887 822 illud
1910 783 2068 822 man-

491 857 675 906 datum
737 857 1143 925 exsequendum
1210 873 1334 912 eum
1394 857 1773 925 discessisset,
1831 874 2068 930 cumque

493 943 629 996 adeo
676 946 1026 1001 solitudinem
1064 959 1294 1016 amaret,
1333 951 1555 1020 quidam
1601 965 1630 1006 e
1672 951 1939 1020 patribus,
1977 967 2072 1006 no-

492 1035 639 1089 mine
698 1036 910 1094 Mareus
961 1041 1100 1109 (44),
1151 1041 1233 1099 sic
1276 1044 1452 1112 ipsum
1494 1045 1784 1113 compellat
1827 1063 1838 1098 :
1892 1043 2074 1110 Quare

495 1140 601 1178 non
642 1128 804 1198 fugis,
838 1134 1029 1202 pater?
1049 1133 1151 1188 Cui
1179 1133 1357 1190 Senex
1388 1153 1401 1190 :
1432 1133 1590 1189 Novit
1617 1135 1780 1202 Deus,
1811 1138 1953 1206 quod
1981 1152 2074 1192 vos

493 1215 743 1286 diligam:
779 1230 832 1274 at
851 1237 954 1276 non
979 1238 1201 1293 possum
1234 1241 1358 1282 esse
1380 1241 1504 1281 eum
1530 1227 1863 1292 hominibus,
1885 1238 1937 1281 ct
1954 1244 2073 1282 eum

496 1301 626 1358 Deo.
661 1305 922 1366 leestes
951 1313 1214 1368 chiliades
1238 1325 1294 1369 et
1325 1316 1602 1385 myriades
1639 1332 1802 1370 unam
1832 1318 2078 1371 volunta-

498 1404 604 1449 tem
630 1397 858 1466 habent;
885 1402 1132 1460 homines
1148 1420 1274 1460 vero
1297 1407 1499 1462 multas
1520 1407 1721 1462 habent
1739 1409 2075 1464 voluntates:

500 1486 666 1540 Deum
689 1487 868 1558 itaque
888 1490 1163 1547 dimittere
1180 1511 1288 1548 non
1309 1510 1550 1564 possum,
1567 1506 1620 1551 et
1647 1497 1961 1554 hominibus
1983 1514 2078 1553 va-

496 1593 619 1631 care
643 1580 775 1650 (45).
800 1581 919 1637 Jam
948 1599 1079 1640 vero
1097 1594 1154 1639 ut
1182 1586 1382 1642 clarius
1411 1598 1621 1644 constet
1651 1590 1718 1644 de
1743 1590 1862 1660 ejus
1894 1591 2082 1646 solita-

499 1667 576 1719 ria
607 1669 1115 1735 quiete,dicendnm
1136 1674 1300 1728 etiam
1323 1676 1473 1743 illud,
1498 1687 1796 1732 memoratu
1830 1678 2077 1749 dignum.

567 1758 621 1814 8.
654 1758 788 1815 Cum
817 1767 1158 1832 pervenisset
1179 1767 1245 1822 ad
1275 1767 1455 1823 locum
1481 1770 1769 1839 quemdam
1799 1772 2078 1840 (quoniam

498 1852 570 1946 ibi
599 1866 754 1911 erant
786 1859 1079 1915 arundines
1113 1877 1144 1916 a
1177 1863 1629 1946 vento'agitataa),
1651 1865 1731 1919 sic
1771 1864 1966 1920 fratres
1995 1867 2075 1920 af-
2112 1845 2153 1898 Β

499 1935 644 1999 fa'tur
671 1949 935 2006 Arsenius
974 1969 988 2006 :
1030 1952 1289 2017 Quaenam
1330 1937 1446 2011 haec
1487 1959 1779 2012 concussio
1818 1959 1942 2012 est?
1976 1958 2076 2015 Re-

499 2038 767 2105 spondent
795 2040 866 2095 illi
895 2043 1240 2102 :Arundines
1263 2055 1409 2113 sunt,
1430 2048 1842 2119 pater.Subjicit
1865 2049 2072 2106 Senex:

502 2123 641 2182 Vere
670 2129 714 2182 si
747 2131 870 2200 quis
917 2134 1119 2188 sederit
1157 2134 1209 2190 in
1251 2138 1494 2192 solitaria
1523 2138 1728 2208 quiete,
1763 2150 1815 2196 et
1844 2141 2078 2196 audierit

499 2233 684 2272 vocem
716 2221 963 2288 avicula),
993 2239 1098 2278 non
1130 2225 1348 2281 habebit
1376 2242 1472 2282 cor
1497 2229 1615 2296 ejus
1641 2229 1887 2284 eamdem
1924 2232 2078 2299 quie-

502 2319 877 2380 tem;quanto
907 2315 1080 2384 magis
1121 2331 1240 2382 vos,
1291 2318 1430 2373 hanc
1462 2319 1724 2375 habentes
1757 2323 2077 2378 concussio-

501 2417 626 2457 nem
678 2404 811 2474 (ιο).
845 2403 967 2471 Quo
1021 2419 1202 2463 autem
1241 2418 1401 2480 pacto
1433 2411 1522 2466 ille
1570 2412 1625 2465 in
1665 2413 1960 2470 solitudine
1987 2416 2080 2471 de-

504 2511 656 2564 gens,
709 2507 1055 2568 mentemque
1094 2514 1195 2555 usu
1241 2515 1500 2556 sensuum
1552 2503 1890 2570 destitutam,
1942 2514 1997 2559 et
2048 2522 2078 2562 a

505 2599 844 2644 terrenarum
876 2591 1207 2647 tumultuum
1252 2594 1660 2662 perturbatione
1696 2594 2077 2652 inconcussam

504 2679 712 2735 habens
738 2696 931 2738 versus
953 2681 1145 2746 Deum,
1175 2699 1520 2754 nequaquam
1557 2687 1751 2741 amarit
1784 2687 2078 2742 humanam

503 2769 992 2836 consuetudinem,
1039 2772 1127 2826 vel
1172 2771 1321 2826 illam
1362 2774 1547 2839 etiam,
1592 2790 1715 2844 qua:
1757 2778 2081 2833 confusione

503 2869 673 2923 caret,
707 2874 1037 2931 omnemque
1065 2865 1302 2917 sermoni
1334 2880 1364 2918 a
1401 2865 1582 2935 lingua
1618 2869 1962 2934 promananti
1991 2884 2080 2923 ac-

504 2965 719 3004 cessum
743 2953 1122 3021 praeluderet,
1153 2955 1257 3008 nisi
1290 2955 1510 3024 quando
1531 2971 1758 3025 prorsus
1787 2959 2082 3013 necessitas

505 3043 650 3097 aliud
686 3054 925 3112 cogeret,
957 3045 1133 3100 oratio
1156 3055 1410 3116 exponet.

574 3129 630 3183 9.
663 3128 948 3200 Digressus
991 3133 1285 3202 aliquando
1335 3136 1402 3191 ad
1433 3151 1558 3191 eum
1602 3136 1940 3208 Theophilus
1971 3138 2082 3208 (47)
2120 3191 2161 3244 D

504 3221 854 3277 Alexandria:
890 3225 1335 3296 archiepiscopus
1366 3244 1489 3283 cum
1535 3230 1772 3299 quodam
1807 3245 1837 3282 e
1884 3231 2086 3300 primo-

507 3311 666 3366 ribus
715 3314 850 3382 (48),
885 3315 1256 3386 interrogabat
1301 3317 1518 3384 Senem,
1553 3328 1614 3372 ut
1657 3320 1867 3374 audiret
1913 3321 1981 3374 ab
2021 3335 2086 3373 eo

507 3419 839 3460 sermonem.
877 3406 1059 3462 Senex
1103 3417 1286 3464 autem
1331 3419 1458 3479 post
1500 3412 1774 3466 modicum
1807 3413 2085 3467 silentium

511 3493 586 3547 illi
615 3495 720 3548 hoc
749 3497 994 3564 responsi
1031 3496 1199 3552 dedit.
1244 3495 1312 3552 Et
1342 3499 1387 3552 si
1428 3500 1584 3555 vobis
1623 3501 1832 3566 dixero,
1869 3518 1937 3555 an
1971 3518 2087 3557 ser-

512 3586 751 3642 vabitis?
809 3588 888 3642 Illi
936 3590 1004 3643 ad
1053 3604 1114 3643 se
1169 3600 1490 3660 receperunt
1514 3592 1649 3663 (49).
1685 3593 1985 3665 Dixitcrgo
2009 3596 2091 3649 eis

511 3677 736 3734 Senex:
794 3677 898 3734 Ubi
976 3681 1270 3736 Arsenium
1343 3683 1540 3753 degere
1622 3685 1951 3752 audieritis,
2022 3701 2091 3742 ne

509 3771 960 3840 appropinquate.
1011 3773 1160 3826 Alias
1218 3775 1417 3828 iterum
1474 3777 1926 3845 archiepiscopus
1952 3793 2088 3831 con-

509 3864 694 3916 venire
721 3865 895 3932 ipsum
933 3864 1143 3927 volens,
1191 3866 1457 3934 praemisit
1503 3868 1699 3934 primo,
1729 3868 1823 3936 qui
1857 3868 2085 3933 videret,

511 3969 635 4008 num
670 3954 845 4008 Senex
901 3957 1175 4024 aperiret:
1225 3956 1320 4025 qui
1356 3957 1632 4026 significat
1677 3959 1801 4028 ipsi,
1845 3958 2033 4016 dicens
2069 3981 2080 4015 :

509 4043 568 4095 Si
612 4046 846 4109 veneris,
895 4046 1176 4113 aperiam:
1219 4056 1274 4100 at
1298 4047 1342 4101 si
1394 4048 1485 4101 tibi
1520 4051 2087 4117 aperuero,omnibus

511 4135 792 4202 aperiam,
831 4144 884 4189 et
923 4145 1054 4189 tunc
1087 4151 1196 4189 non
1227 4137 1468 4205 amplius
1507 4137 1595 4191 hic
1638 4143 1953 4194 remanebo.
1994 4139 2086 4195 His

510 4227 731 4290 auditis,
781 4228 1225 4298 archiepiscopus
1266 4229 1445 4284 dixit:
1485 4230 1541 4284 Si
1590 4231 1878 4300 fugaturns
1909 4234 2083 4303 ipsum

510 4319 691 4383 venio,
715 4333 820 4372 non
853 4320 1088 4388 amplius
1114 4319 1179 4373 ad
1214 4335 1338 4374 eum
1369 4321 1567 4376 accedo
1589 4332 1636 4374 ε.
1662 4321 1907 4378 Venienti
1930 4327 1996 4381 ad
2028 4343 2086 4382 se

2170 585 2517 654 μετατίθησιν
2544 585 2674 654 ὅλην
2706 584 2802 655 τὴν
2831 586 3072 640 διάθεσιν
3104 586 3239 656 πρὸς
3269 585 3497 657 ούρανδν
3547 587 3578 638 6
3622 587 3746 654 Ἀρ-

2169 675 2360 740 σένιος,
2399 678 2455 728 ὲν
2482 679 2550 748 γῇ
2596 677 2693 745 μὲν
2721 677 3012 747 διατρίϐων
3041 677 3119 747 τῷ
3149 678 3384 746 σώματι,
3416 681 3484 748 τῇ
3513 679 3570 731 δὲ
3610 694 3746 746 καρ-

2166 761 2255 838 δίᾳ
2285 769 2402 829 ταῖς
2432 769 2542 821 ἀνω
2576 767 2837 837 δυνάμεσι
2868 769 3310 838 συμπεριπολῶν’
3347 770 3433 836 ἐφ’
3465 769 3494 820 6
3540 768 3750 835 ἀγόμε-

2170 876 2258 910 νον
2293 859 2456 911 αὐτόν
2497 876 2578 922 τις
2611 858 2718 910 τῶν
2750 859 3011 929 Πατέρων
3043 859 3280 929 τούνομα
3311 861 3562 927 Μάρκος,
3605 857 3749 910 οὕτω

2171 948 2576 1017 φιλησυχοῦντά
2601 967 2732 1018 φησι
2761 949 2896 1019 πρὸς
2922 950 3083 1003 αὐτόν
3103 968 3116 980 ·
3140 951 3238 1003 Διά
3254 951 3305 1003 τί
3326 949 3551 1018 φεύγεις
3573 949 3750 1018 ἡμᾶς,

2173 1040 2356 1110 Πάτερ
2382 1057 2396 1106 ;
2439 1041 2496 1093 ’0
2527 1040 2583 1092 δὲ
2613 1041 2789 1112 γέρων
2823 1041 2960 1110 πρὸς
2994 1041 3158 1094 αὐτόν
3177 1058 3192 1072 ο
3234 1043 3293 1093 Ὀ
3320 1041 3449 1103 Θεὸς
3470 1035 3638 1104 οἶδεν,
3667 1041 3749 1092 ὅτι

2174 1131 2373 1200 ἀγαπῶ
2413 1132 2582 1201 ὑμᾶς·
2619 1132 2732 1185 ἀλλ’
2760 1132 2821 1184 οὐ
2851 1131 3082 1202 δύναμαι
3111 1126 3254 1186 εἷναι
3292 1131 3427 1202 μετά
3459 1131 3556 1183 τοῦ
3587 1129 3748 1194 Θεοῦ,

2177 1223 2270 1275 καὶ
2304 1223 2442 1292 μετά
2480 1220 2587 1273 τῶν
2621 1219 2926 1290 ἀνθρώπων
2949 1236 2962 1250 ·
3010 1222 3066 1274 αἱ
3099 1221 3211 1274 ἄνω
3239 1221 3470 1290 χιλιάδες
3511 1220 3609 1272 καὶ
3643 1237 3750 1288 μυ-

2180 1312 2358 1382 ριάδες
2387 1309 2445 1365 ἓν
2475 1309 2686 1382 θέλημα
2711 1309 2924 1380 ἔχουσιν
2943 1326 2956 1339 ·
2988 1311 3035 1361 οἱ
3071 1310 3127 1363 δὲ
3153 1309 3428 1380 ἄνθρωποι
3457 1309 3632 1362 πολλὰ
3663 1310 3752 1362 θε-

2176 1404 2396 1473 λήματα
2426 1401 2659 1471 ἔχουσιν.
2705 1402 2778 1456 Οὐ
2813 1400 3046 1471 δύναμαι
3089 1396 3182 1455 οὖν
3211 1403 3426 1470 ἀφεῖναι
3462 1401 3555 1453 τὸν
3591 1401 3751 1464 Θεὸν,

2179 1496 2272 1549 καὶ
2303 1493 2583 1565 σχολάζειν
2605 1493 2933 1564 ἀνθρὼποιςῖ
2961 1495 3070 1547 Καὶ
3093 1493 3224 1562 γοῦν
3249 1494 3383 1564 πρὸς
3409 1495 3756 1563 σαφεστέραν

2179 1585 2344 1640 αὐτοῦ
2373 1585 2606 1656 δήλωσιν
2632 1587 2730 1652 τῆς
2762 1583 3013 1655 ἡσυχίας,
3048 1586 3141 1638 καὶ
3173 1583 3331 1637 τοῦτο
3375 1585 3568 1654 ῥητέον
3603 1583 3755 1647 ἀξιοο

2185 1695 2291 1750 μνη
2300 1679 2558 1748 μόνευτον
2587 1677 2668 1730 δν.

2254 1771 2322 1842 η’.
2354 1769 2766 1841 Παραδαλόντος
2803 1769 2895 1822 οὖν
2933 1769 3098 1822 αὐτοῦ
3123 1768 3206 1830 εἰς
3228 1769 3393 1822 τόπον
3419 1768 3562 1832 τινὰ,
3599 1766 3757 1819 ἐπεί-

2183 1881 2288 1935 περ
2325 1858 2466 1934 ἦσαν
2494 1864 2610 1916 ἐκεῖ
2642 1861 2899 1932 κάλαμοι,
2934 1861 3242 1930 κινούμενοι
3280 1861 3384 1914 ὑπὸ
3415 1861 3643 1930 ἀνέμου,
3677 1854 3760 1911 εἷ-

2182 1973 2282 2007 πεν
2314 1957 2426 2017 τοῖς
2468 1953 2718 2023 ἀδελφοῖς
2755 1955 2783 2006 6
2813 1953 3118 2022 Ἀρσένιοςο
3161 1953 3228 2005 Τί
3265 1954 3410 2005 ἐστιν
3457 1954 3485 2005 6
3532 1952 3763 2022 σεισμὸς

2181 2038 2336 2107 οὗτος
2361 2062 2375 2109 ;
2401 2044 2464 2097 Oi
2489 2044 2546 2097 δέ
2589 2057 2741 2110 φασι·
2773 2041 3025 2112 Κάλαμοί
3058 2043 3187 2107 εἰσι,
3220 2041 3421 2112 Πάτερ.
3455 2041 3620 2108 Λέγει
3665 2035 3764 2093 οὖν

2182 2135 2368 2197 αὐτοῖς
2404 2135 2433 2186 6
2472 2134 2677 2204 γέρωψ
2709 2131 2874 2185 Φύσει
2902 2131 2996 2184 ἐὰν
3047 2131 3282 2202 κάθηταί
3310 2149 3396 2194 τις
3435 2132 3492 2184 ὲν
3529 2132 3760 2202 ἠσυχίᾳ,

2184 2228 2410 2282 ἀκούσει
2443 2227 2499 2280 δὲ
2526 2227 2711 2295 φωνὴν
2747 2223 3054 2296 στρουθίου,
3081 2225 3178 2278 ούκ
3211 2224 3322 2295 ἔχει
3363 2227 3395 2296 ἠ
3427 2224 3626 2294 καρδία
3660 2226 3765 2294 τὴν

2184 2318 2349 2374 αὑτοῦ
2407 2319 2640 2390 ἡσυχίαν
2662 2335 2674 2347 '
2709 2319 2860 2386 πόσῳ
2898 2333 2961 2384 γε
2994 2315 3197 2385 μᾶλλον
3226 2316 3405 2384 ὑμεῖς,
3429 2317 3646 2385 ἔχοντες
3667 2315 3765 2366 τὸν

2188 2413 2408 2482 σεισμὸν
2437 2411 2626 2463 τοῦτον
2643 2410 2736 2477 ab;
2771 2406 2894 2470 Πῶς
2919 2408 2975 2460 δὲ
3005 2408 3102 2460 οὐκ
3131 2407 3403 2478 ἔμελλενό
3431 2407 3602 2468 οὕτως
3631 2408 3767 2475 ἡρε-

2189 2502 2324 2573 μῶν,
2352 2501 2445 2554 καὶ
2477 2502 2579 2570 τὴν
2611 2499 2866 2551 ἔκστασιν
2900 2501 2999 2568 τῆς
3035 2498 3099 2552 ἐκ
3147 2498 3256 2552 τῶν
3291 2499 3440 2551 κάτω
3488 2496 3763 2566 θορύϐων,

2186 2593 2586 2663 περιδονήσεως
2626 2589 2922 2658 ἀκλόνητον
2962 2589 3104 2660 ἔχων
3146 2591 3282 2657 πρὸς
3323 2587 3476 2647 Θεὸν,
3529 2588 3604 2657 μὴ
3640 2590 3768 2659 οὐχὶ

2187 2683 2281 2736 καὶ
2299 2682 2359 2734 τὸ
2378 2680 2735 2750 ἀσύμφυρτον
2761 2679 2937 2749 φιλεῖν
2959 2680 3058 2749 τῆς
3082 2677 3430 2747 ἀνθρωπίνης
3448 2676 3765 2747 διατριϐῆς,

2187 2773 2454 2844 ἀπρόοδόν
2479 2788 2538 2824 τε
2569 2772 2715 2842 ἔχειν
2747 2771 2849 2841 τὴν
2883 2769 2989 2824 ἀπὸ
3017 2769 3265 2838 γλώσσης
3290 2768 3531 2837 ὁμιλίαν,
3568 2769 3654 2824 ὅτι
3691 2769 3769 2840 μὴ

2188 2866 2338 2939 πάσῃ
2368 2865 2604 2937 ἀνάγκῃ,
2631 2861 2860 2934 δηλώσει
2886 2860 2943 2914 δὲ
2965 2861 2994 2912 6
3019 2859 3198 2928 λόγος.

2259 3127 2323 3181 θ’.
2359 3125 2495 3180 Ποτὲ
2518 3121 2850 3194 παραλαόὼν
2874 3119 3023 3191 αὑτῷ
3052 3118 3334 3188 Θεόφιλος,
3356 3121 3384 3172 6
3409 3119 3775 3190 ἀρχιεπξσκο-

2192 3237 2294 3282 πος
2321 3217 2748 3287 Ἀλεξανδρείας,
2786 3213 2926 3284 μετὰ
2957 3213 3218 3284 ἄρχοντός
3252 3229 3416 3276 τινος,
3456 3213 3645 3282 ἠρώτα
3680 3211 3775 3264 τὸν

2193 3313 2446 3383 γέροντα,
2472 3307 2705 3364 ἀκοῦσαι
2735 3305 2890 3378 παρὰ
2919 3305 3084 3358 αὑτοῦ
3115 3304 3291 3372 λόγον.
3322 3303 3532 3374 Μικρὸν
3556 3304 3612 3355 δὲ
3648 3321 3775 3355 azm-

2192 3408 2374 3476 πήσας
2417 3407 2444 3457 6
2479 3403 2678 3472 γέρων,
2725 3399 3057 3469 ἀπεκρίνατο
3108 3397 3244 3469 πρὸς
3292 3398 3479 3451 αὐτόν·
3514 3399 3627 3454 Καὶ
3675 3399 3774 3449 ἐὰν

2194 3501 2322 3569 ὑμῖν
2355 3499 2513 3559 εἴπω,
2559 3493 2897 3563 φυλάσσετες
2939 3492 3001 3545 0i
3041 3490 3100 3544 δὲ
3131 3489 3429 3544 συνέθεντο.
3465 3483 3634 3540 Εἶπεν
3675 3485 3774 3542 οὖν

2194 3592 2375 3652 αὐτοῖς
2403 3591 2431 3642 ὁ
2459 3589 2637 3658 γέρων
2663 3603 2677 3616 ι
2724 3586 2889 3638 ὐπου
2930 3583 3025 3636 ἐὰν
3054 3583 3326 3652 ἀκούσητε
3361 3581 3660 3649 Ἀρσένιον,
3693 3581 3771 3650 μὴ

2192 3681 2555 3751 πλησιάσητε.
2586 3676 2809 3730 Ἀλλοτε
2833 3675 2996 3728 πάλιν
3028 3673 3308 3743 βουληθεὶς
3350 3674 3378 3724 6
3406 3672 3772 3742 ἀρχιεπίσκο-

2193 3793 2292 3836 sco;
2325 3770 2666 3842 παραϐαλεῖν
2693 3767 2862 3835 αύτῷ,
2895 3764 3189 3819 ἀπέστειλε
3229 3764 3446 3832 πρῶτον
3482 3762 3685 3815 εἰδέναι
3721 3765 3772 3815 εξ

2189 3865 2396 3931 ἀνοίγοι
2423 3863 2450 3913 6
2484 3861 2546 3930 γέ
2557 3876 2682 3930 ρων.
2713 3859 2823 3911 Καὶ
2846 3856 2998 3927 δηλοῖ
3021 3855 3168 3923 αὐτῷ
3190 3855 3367 3922 λέγων
3387 3870 3401 3883 ·
3440 3855 3564 3908 Ἐὰν
3585 3854 3771 3926 ἔλθῃς,

2193 3957 2414 4023 ἀνοίγω,
2448 3953 2541 4005 καὶ
2568 3952 2661 4006 ἐάν
2697 3967 2778 4003 σοι
2810 3948 3023 4012 ἀνοίξω,
3056 3948 3223 3999 πᾶσιν
3254 3946 3488 4014 ἀνοίγω⁶
3521 3948 3616 3998 καὶ
3647 3948 3774 3998 τότε

2192 4047 2395 4102 οὐκέτι
2427 4045 2727 4113 καθέζομαι
2772 4035 2894 4097 ὦδε.
2937 4039 3123 4094 Ταῦτα
3157 4040 3399 4102 ἀκούσας
3443 4041 3472 4092 6
3510 4040 3771 4110 ἀρχιεπί-

2193 4157 2415 4206 σκοπος,
2457 4134 2640 4189 εἶπενο
2684 4133 2747 4186 Εἰ
2783 4131 2971 4196 διῶξαι
3000 4132 3159 4183 αὑτὸν
3192 4131 3654 4200 ἀπέρχομαι,οούκ
3691 4131 3773 4184 ἔτι

2193 4233 2504 4302 ἀπέρχομαι
2538 4227 2673 4299 πρὸς
2699 4226 2884 4279 αὐτόν.
2908 4223 3017 4277 Καὶ
3052 4225 3158 4292 μὴν
3198 4221 3290 4275 καί
3322 4239 3468 4285 τινος
3500 4222 3607 4274 τῶν
3654 4223 3773 4273 Πα-

2192 4329 2365 4398 τέρων
2402 4323 2648 4386 ἐλθόντος
2676 4320 2810 4392 πρὸς
2835 4317 3018 4381 αὑτὸν,
3050 4317 3144 4371 καὶ
3171 4315 3504 4386 κρούσανσος
3543 4315 3642 4385 τὴν
3674 4315 3771 4368 θύ-

1775 4440 1863 4494 VA
1877 4443 2013 4498 BHE
2056 4444 2459 4501 LECTIONES.
3120 4477 3124 4480 -

582 4529 664 4602 Mf
716 4527 856 4589 Lege
894 4543 1017 4582 cum
1069 4526 1339 4584 Cutelerio
1385 4531 1493 4584 τῶν
1525 4531 1787 4602 καλάμων
1819 4536 2044 4592 τούτων.

2221 4537 2323 4590 Vit.
2372 4536 2486 4590 PP.
2527 4534 2622 4588 lib.
2655 4547 2706 4596 ν,
2742 4529 2908 4585 libell.
2941 4527 2992 4580 ἓ.
3040 4548 3057 4578 ε
3101 4525 3415 4596 Nunquam,
3441 4523 3660 4587 vadam,
3707 4525 3774 4578 ad

513 4600 785 4653 hominem
810 4609 1079 4653 sanctum.
1124 4618 1142 4649 ι

2030 4696 2265 4752 NOTAE.

511 4773 640 4818 sunt
672 4771 928 4835 excerpta
980 4762 1115 4818 Vita:
1166 4760 1370 4825 laudati
1422 4766 1594 4825 sancti
1646 4767 1786 4835 apud
1817 4765 2084 4822 Combeii-

511 4837 650 4887 stum
707 4833 925 4887 tomoll
992 4837 1120 4888 novi
1175 4837 1415 4896 Auctarii
1459 4833 1796 4891 Bibliotheca:
1855 4837 2082 4891 Patrum

513 4905 698 4960 Cra-co
735 4904 960 4967 Latium,
1000 4919 1122 4974 pag.
1154 4908 1282 4967 990.

581 4974 950 5046 (inhiamus
986 4975 1096 5046 iste
1155 4980 1522 5040 verosimilius
1571 4976 1737 5031 fuerit
1777 4977 2085 5046 discipulus

513 5045 647 5098 adeo
675 5045 936 5098 obediens
983 5045 1037 5097 in
1074 5046 1258 5103 Scethi
1299 5052 1515 5105 abbatis
1545 5049 1776 5110 Silv:ini,
1822 5045 1985 5103 notus
2031 5050 2084 5100 in

524 5113 951 5190 Vit.__PP.__libro
985 5131 1037 5179 ν,
1065 5117 1250 5174 libello
1281 5122 1365 5185 14,
1395 5137 1516 5190 pag.
1548 5120 1650 5173 617
1677 5138 1690 5181 ;
1722 5133 1882 5190 quam
1913 5134 2086 5171 anno-

513 5202 606 5240 sus
641 5185 730 5238 ille
763 5183 1002 5249 Marcus,
1044 5202 1206 5256 quem
1244 5183 1518 5244 Palladius
1565 5183 1770 5250 invisit,
1819 5189 1947 5242 dum
1982 5205 2087 5240 nu-

514 5263 746 5309 meraret
781 5269 958 5309 annos
989 5267 1228 5313 centum.
1270 5261 1482 5315 Videsis
1521 5258 1816 5313 Historiam
1860 5258 2088 5311 Lausia-

516 5341 801 5402 rant,__cap.
829 5325 894 5378 21
925 5343 940 5391 ;
967 5334 1021 5402 et
1053 5328 1206 5402 in_l‘ra_
1225 5331 1304 5383 lit.
1338 5347 1370 5402 y
1391 5348 1442 5384 m
1471 5330 1763 5402 Annotatis
1789 5329 1854 5383 ad
1879 5329 2086 5402 cap}.

586 5343 652 5389 nt,
680 5341 801 5448 cap.
829 5341 894 5378 ιιι
925 5343 940 5391 ;
967 5341 1021 5378 et
1053 5341 1195 5381 Intra
1226 5341 1304 5383 tit.
1338 5347 1370 5402 y
1391 5348 1442 5384 m
1471 5341 1763 5384 Annotatts
1789 5341 1854 5383 ad
1879 5345 2001 5398 cap.
2032 5341 2086 5380 2.

586 5397 725 5469 (ιξλ
792 5411 848 5449 es
882 5397 1071 5451 eadem
1102 5398 1305 5469 legitur
1331 5401 1474 5469 apud
1505 5399 1858 5462 Cotelerinm,
1907 5416 1960 5468 p.
1987 5398 2093 5452 555

513 5465 754 5528 c1356,
806 5481 1017 5521 necnon
1105 5465 1183 5522 in'
1226 5471 1329 5524 Vit.
1369 5465 1487 5523 'PP.
1543 5471 1634 5523 lib.
1685 5486 1737 5536 v,
1791 5465 1956 5524 libell.
2003 5469 2089 5532 l7,

515 5553 637 5607 pag.
669 5536 942 5609 655;}tbi
973 5547 1155 5592 tamen
1195 5554 1279 5596 est
1306 5559 1318 5594 :
1353 5560 1370 5591 ι
1403 5542 1762 5609 Superiorum
1793 5542 1936 5594 enim
1982 5541 2092 5591 vir-

517 5617 690 5730 :utlum
733 5607 926 5676 millia,
973 5617 1028 5662 et
1060 5610 1229 5666 millia
1272 5607 1506 5665 millium
1543 5627 1711 5664 unam
1751 5613 2089 5666 voluntatem

539 5695 585 5730 tu
629 5686 738 5730 ent.
776 5705 793 5728 ι

518 5680 738 5730 habent.
776 5705 793 5728 ι

589 5748 704 5819 (46)
745 5747 980 5802 Coteler.
1028 5764 1148 5819 pag.
1202 5752 1324 5815 559,
1373 5765 1424 5806 et
1465 5752 1568 5806 Vit.
1619 5751 1731 5805 PP.
1784 5754 1879 5806 lib.
1924 5767 1975 5816 ν,
2028 5751 2091 5803 li-

520 5818 646 5891 bell.
681 5818 735 5882 ‘2,
775 5835 896 5887 pag.
950 5819 1074 5880 564,
1107 5818 1275 5874 fnum.
1327 5823 1378 5887 5,
1419 5825 1508 5877 ubi
1563 5826 1753 5891 legitur
1791 5843 1804 5874 ι
1845 5823 2090 5879 eamdem

525 5889 765 5958 quietem
800 5907 812 5942 :
847 5908 866 5940 ι
918 5900 971 5945 ct
1018 5909 1033 5940 ι
1069 5894 1397 5948 arundinum
1439 5889 1654 5948 haruni.
1687 5914 1702 5944 ›

2259 4770 2374 4838 (Π)
2417 4766 2573 4830 Apud
2603 4761 2861 4838 _C_nteler.
2901 4777 3026 4838 pag.
3066 4756 3184 4838 ᾔει,
3210 4751 3772 4838 νοεειιινῆμακάριος,

2187 4822 2402 4895 beatus.
2455 4822 2562 4891 Va.
2597 4833 2712 4888 PP.
2746 4837 2840 4889 lib.
2872 4822 2923 4897 v',
2955 4822 3206 4904 liticine,
3232 4841 3368 4904 pag.-
3393 4824 3515 4904 5as,
3549 4840 3568 4873 ι
3605 4822 3778 4902 beata:

2186 4911 2486 4964 tneinoriac.
2523 4927 2539 4957 ι
2572 4904 2758 4960 S.Leo
2790 4896 3084 4969 PP.epist.
3119 4896 3207 4960 64,
3229 4896 3296 4969 ad
3320 4896 3691 4969 Marcianum.
3721 4896 3775 4944 in

2184 4963 2425 5034 editione
2461 4977 2762 5032 Parisiensi
2809 4963 3466 5044 anni-1675‘ordine94,
3507 4963 3774 5044 etim-dem

2186 5031 2421 5119 appellat
2467 5031 2483 5100 ι
2515 5057 2718 5119 sanetae
2754 5044 3033 5119 memoriae
3079 5031 3778 5119 Alexandrinae‘gbllcclesia:

2187 5102 2527 5188 eiliseopum.
2560 5136 2578 5168 ι
2623 5114 2885 5188 Ειπθιιίει·
2909 5113 2999 5176 52v
3029 5111 3096 5164 ad
3125 5107 3416 5188 episcopo-5
3440 5102 3776 5188 Ga-Ilin?rll-T’

2189 5173 2391 5245 iliideni
2435 5189 2628 5244 ordine
2673 5173 2771 5249 77,-
2803 5200 2927 5238 eum
2965 5173 3090 5237 cum
3133 5173 3437 5249 Athanasio
3483 5181 3539 5225 et
3568 5173 3778 5240 Cyrilln

2190 5261 2507 5322 conferens,
2543 5278 2560 5309 ι
2594 5247 3378 5326 probatissimumpraesulem
3410 5261 3427 5326 ι
3469 5250 3773 5326 nuncupat.

2191 5311 2648 5385 VidevBaroitiu'm
2693 5328 2758 5380 ad
2802 5339 3007 5378 annum
3033 5311 3164 5395 fil-2,
3210 5326 3263 5395 et
3297 5311 3780 5395 .Ht'storiam-ch‘rm

2193 5403 2487 5470 nologicam
2531 5398 2964 5470 patriarcharum
3005 5385 3776 5470 Alemandrittorttntgatttelto:-

2193 5452 2632 5539 uiuui'uuiut'uui
2663 5468 2834 5533 Junii,
2884 5460 3181 5536 pag.‘52;
3230 5455 3320 5509 ubi
3368 5453 3436 5508 de
3476 5452 3775 5506 virtutibus

2199 5556 2253 5598 et
2281 5543 2427 5597 vitiis
2457 5544 2597 5602 ejus.
3008 5600 3029 5602 ξ
3059 5598 3086 5602 -
3527 5591 3541 5602 .
3689 5590 3700 5602 .

2281 5560 2427 5597 VllllS
2457 5560 2597 5610 ejus.
3689 5590 3700 5602 .

2270 5615 2382 5683 (48)
2435 5613 2672 5667 (εὶυιειεπ.
2729 5617 2783 5664 et
2843 5604 2947 5659 Vit.
2999 5598 3117 5655 PP.
3172 5609 3350 5650 «eum
3396 5591 3637 5663 quodam
3683 5606 3772 5660 ιυ-

2303 5703 2396 5737 LI

2200 5685 2396 5822 dﬂigi);
2436 5753 2542 5806 Vit.
2573 5748 2686 5804 PP.
2723 5765 2843 5818 pag.
2875 5746 2977 5799 565
3026 5763 3043 5793 ι
3077 5736 3452 5822 promiserunt
3496 5749 3555 5792 se
3591 5743 3778 5789 custo-

2171 5811 2338 5882 ‘dire.
2370 5811 2388 5876 i
2425 5825 2662 5879 Coteler.
2694 5811 2972 5873 curiosum
3003 5811 3311 5884 φυλάττεινε
