3926 6438
566 391 674 455 859

1696 391 1757 452 S.
1790 391 2178 453 THEODORI
2230 390 2573 452 STUDIT.’E

3696 390 3800 452 860

563 521 727 573 quam
767 504 812 560 si
856 520 962 559 non
1002 520 1126 561 cum
1183 505 1302 576 ipso
1330 505 1635 560 collocutus
1677 503 1852 561 fuero.
1883 506 2146 561 Miserunt

2263 506 2396 575 ιὺτῷ
2436 504 2757 574 ἀπαντήσω.
2801 501 3096 572 Ἕπεμψαν
3144 496 3237 555 οὗν
3282 499 3420 570 μετὰ
3458 499 3555 553 τοῦ
3594 501 3826 572 ἀδελφοῦ

568 597 732 666 igitur
774 595 1007 667 aliqném
1062 612 1185 651 cum
1226 596 1415 661 fratre,
1467 598 1559 666 qui
1622 597 1800 667 ipsum
1843 598 1910 652 ad
1950 599 2145 652 cellam

566 691 810 752 duceret,
845 688 971 755 quia
1003 689 1161 756 longe
1203 688 1464 742 distabat.
1509 688 1575 742 Et
1605 689 1820 757 pulsato
1871 690 2033 753 ostio,
2066 690 2147 743 in-

569 779 742 848 gressi
794 789 953 846 sunt;
1005 781 1351 849 salutatoque
1384 778 1545 843 Sene,
1578 780 1837 834 sederunt.
1890 782 1944 834 in
1980 782 2146 835 silen-

572 871 669 923 tio.
702 869 846 924 Dixit
883 871 1065 940 itaque
1103 871 1191 924 ille
1223 871 1467 925 ecclesiae
1491 870 1659 925 frater
1691 890 1705 925 :
1740 872 1916 941 Surgo
1967 873 2148 927 disce-

572 958 664 1023 do,
696 970 848 1015 orate
884 976 980 1029 pro
1013 976 1115 1015 me.
1146 963 1212 1013 At
1235 960 1399 1014 frater
1422 962 1762 1031 peregrinus,
1793 977 1899 1015 non
1931 963 2148 1016 iuventa

573 1064 696 1103 cum
720 1048 859 1105 Sene
881 1052 1221 1120 colloquendi
1255 1052 1522 1117 libertate,
1565 1053 1700 1107 dixit
1734 1052 1889 1106 fratri
1922 1072 1934 1107 :
1977 1051 2148 1107 Venio

573 1148 627 1193 et
659 1154 760 1207 ego
794 1152 989 1193 tecum.
1018 1139 1082 1193 Et
1107 1142 1310 1209 egressi
1338 1148 1467 1195 sunt
1501 1142 1685 1194 simul.
1720 1141 1952 1212 Rogavit
1987 1155 2149 1209 porro

576 1226 756 1294 ipsum
807 1230 1127 1298 peregrinus
1178 1228 1409 1284 dicens:
1464 1229 1579 1285 Duc
1641 1247 1726 1286 me
1779 1232 1846 1285 ad
1897 1232 2149 1287 abbatem

576 1317 818 1386 Moysen,
878 1334 943 1373 ex
1002 1321 1306 1375 latronibus
1342 1336 1667 1377 conversum
1698 1323 1830 1393 {59).
1865 1324 1945 1378 Ad
1988 1339 2149 1393 quem

578 1418 862 1476 postquam
916 1411 1227 1475 venissent,
1269 1414 1512 1483 suscepit
1549 1415 1723 1481 ipsum
1772 1430 1894 1469 cum
1929 1417 2150 1485 gaudio,

576 1505 630 1550 et
686 1499 942 1553 exhibitis
988 1500 1373 1570 hospitalitatis
1420 1503 1609 1559 officiis
1664 1507 1890 1561 dimisit.
1930 1506 2068 1562 Tum
2107 1510 2151 1564 is

576 1590 669 1651 qui
706 1590 875 1643 alium
909 1592 1158 1655 duxerat,
1210 1595 1288 1649 sic
1320 1596 1485 1651 infit:
1546 1596 1704 1662 Ecce,
1748 1599 1944 1652 adduxi
1996 1609 2046 1653 te
2087 1601 2152 1654 ad

580 1679 915 1753 [Arsenium]
980 1686 1308 1739 monachum
1365 1698 1705 1753 extraneum,
1765 1700 1819 1744 et
1878 1692 1943 1744 ad
1993 1690 2151 1763 Egy-

579 1772 749 1838 ptium
780 1791 793 1826 :
830 1783 949 1827 uter
990 1776 1158 1844 magis
1192 1776 1393 1845 placuit
1441 1779 1571 1833 tibi?
1608 1780 1706 1834 Cui
1739 1780 1903 1835 frater
1940 1801 1952 1836 :
1984 1782 2154 1854 Εεν-

580 1862 723 1930 ptins
750 1864 947 1930 placuit
976 1868 1105 1920 mihi
1144 1866 1365 1923 Patrum
1398 1870 1619 1941 aliquis,
1648 1873 1733 1927 his
1766 1875 1989 1939 auditis,
2025 1890 2151 1931 ora-

582 1954 657 2006 vit
685 1954 875 2019 Demn,
902 1956 1089 2011 dicens
1122 1976 1133 2009 :
1168 1959 1414 2025 Domine,
1450 1976 1561 2015 rem
1594 1962 1736 2017 hanc
1757 1964 2150 2022 mihiostende.

581 2041 684 2098 Iste
714 2048 857 2099 enim
921 2047 1058 2117 fugit
1100 2059 1318 2118 propter
1354 2067 1556 2104 nomen
1613 2060 1786 2113 tuum,
1822 2055 1912 2109 ille
1940 2070 2067 2110 vero
2098 2058 2149 2110 in

580 2137 741 2191 ulnas
765 2139 962 2207 accipit
1016 2150 1231 2209 propter
1263 2157 1457 2195 nomen
1501 2156 1676 2199 tuum.
1723 2144 1787 2197 Et
1816 2156 2047 2200 ostensa:
2075 2147 2150 2202 illi

579 2238 709 2281 sunt
746 2232 862 2282 duae
894 2246 1057 2285 naves
1105 2248 1312 2301 magum
1349 2251 1363 2298 ;
1419 2243 1471 2286 et
1506 2235 1558 2288 in
1597 2251 1705 2289 una
1757 2236 1974 2305 quidem
2016 2254 2151 2292 cou-

581 2319 875 2386 templatur
901 2321 1151 2375 abbatem
1182 2323 1469 2375 Arsenium
1498 2333 1552 2376 et
1596 2326 1849 2393 spiritum
1877 2324 1970 2378 Dei
2003 2328 2153 2381 navi-

581 2421 770 2478 gantes
798 2412 849 2464 in
876 2412 1086 2479 quiete;
1116 2421 1170 2465 et
1199 2414 1364 2467 abbas
1396 2413 1608 2485 M0y5es
1647 2425 1701 2469 et
1726 2418 1904 2485 angeli
1932 2417 2023 2471 Dei
2058 2435 2153 2473 na-

580 2503 841 2570 vigabaut
869 2504 919 2556 in
953 2504 1144 2565 altera,
1190 2504 1434 2558 favorum
1475 2508 1652 2564 mellis
1680 2511 1973 2579 particulas
2006 2511 2057 2565 in
2090 2527 2153 2567 os

580 2592 700 2659 ejus
733 2596 1033 2645 inserentes
1064 2593 1195 2661 (ϐυ).
1241 2594 1330 2649 Sic
1383 2597 1469 2650 ille
1499 2600 1760 2654 secedens
1790 2602 2030 2656 virorum
2060 2618 2153 2657 ac-

580 2682 756 2735 cessui
804 2683 1118 2757 indulgebat
1166 2685 1609 2753 aliquantulum;
1679 2692 1967 2746 mulierqu
2026 2710 2155 2751 vero

583 2789 650 2826 ne
679 2775 756 2826 vel
788 2776 1057 2828 tantillum
1105 2776 1325 2845 quidem
1362 2796 1373 2831 :
1412 2786 1556 2835 totus
1588 2783 1788 2851 quippe
1827 2796 1946 2838 erat
1975 2801 2151 2855 asper,

582 2876 635 2918 et
670 2882 699 2918 a
738 2865 989 2922 liberiore
1016 2884 1270 2924 sermone
1296 2870 1532 2937 alienus,
1574 2888 1761 2929 amore
1792 2874 1884 2931 Dei
1919 2891 2153 2948 occupa-

585 2957 766 3011 batur.

657 3050 744 3102 12.
788 3049 977 3105 Mulier
1032 3054 1218 3124 itaque
1273 3055 1521 3126 quaadam
1583 3059 1858 3114 senatoria
1912 3059 2154 3117 Romana

2247 597 2595 665 καταστῆσαι
2650 594 2830 658 αὐτὸν,
2866 594 2950 646 ὅτι
3001 591 3218 662 μακρὰν
3257 586 3324 661 ἦν
3354 594 3386 658 ἠ
3424 591 3592 645 κέλλα
3624 593 3791 645 αὑτοῦ
3814 610 3827 623 ·

2248 689 2341 741 καὶ
2364 688 2695 759 κρούσαντες
2716 686 2815 755 τὴν
2860 685 3051 755 θύραν,
3080 684 3346 753 εἰσῆλθον·
3374 684 3469 738 καὶ
3498 685 3827 754 ἀσπασάμε-

2248 798 2329 834 νοι
2371 780 2464 831 τὸν
2513 778 2744 850 γέροντα
2787 777 3051 831 ἐκάθισαν
3103 776 3437 839 σιωπῶντες.
3471 772 3642 828 Εἶπεν
3680 774 3772 830 ὠν
3802 782 3831 831 6

2249 874 2475 941 ἁδελφὸς
2513 875 2540 926 6
2580 872 2680 939 τῆς
2716 870 3045 940 ὲκκλησίας’
3090 868 3426 938 Ἐγείρομαι,
3479 870 3701 938 ὑπάγω,
3736 871 3825 922 sb-

2252 966 2413 1030 ξασθε
2464 966 2603 1035 ὑπὲρ
2637 963 2793 1033 ἐμοῦ.
2838 963 2895 1016 '0
2938 962 2997 1016 δὲ
3044 960 3191 1025 ξένος
3230 961 3477 1028 ἀδελφὸς,
3521 962 3598 1032 μὴ
3654 961 3830 1031 εὑρὼν

2250 1054 2564 1127 παρρησίαν
2621 1053 2757 1124 πρὸς
2806 1054 2898 1107 τὸν
2944 1053 3211 1122 γέροντα,
3261 1047 3416 1104 εἶπεν
3462 1050 3542 1118 τῷ
3579 1052 3826 1123 ἀδελφῷ·

2254 1148 2525 1217 Ἔρχομαι
2568 1146 2721 1215 κάγὼ
2761 1145 2898 1217 μετὰ
2928 1145 3043 1199 σοῦ.
3075 1147 3182 1199 Kal
3215 1143 3438 1213 ἐξῆλθον
3480 1146 3645 1214 ὁμοῦ.
3683 1147 3831 1216 [Iap-

2251 1240 2512 1293 εκάλεσεν
2541 1239 2632 1293 οῦν
2659 1238 2842 1300 αὐτὸν,
2873 1238 3047 1306 λέγων
3070 1254 3083 1268 °
3127 1237 3273 1291 Λάϐε
3314 1254 3381 1307 με
3424 1238 3520 1291 καὶ
3560 1239 3704 1307 πρὸς
3741 1239 3832 1290 τὸν

2250 1332 2425 1387 ἁὸὀᾱν
2450 1331 2656 1401 Μωσῆν
2683 1330 2776 1385 τὸν
2826 1329 2933 1384 ἀπὸ
2954 1328 3187 1400 λῃστῶν.
3220 1329 3331 1382 Kal
3360 1329 3629 1382 ἐλθόντων
3651 1330 3833 1383 αὐτῶν

2253 1424 2392 1493 πρὸς
2417 1424 2600 1487 αὐτὸν,
2633 1422 2852 1487 ἐδέξατο
2879 1421 3042 1475 αὑτὸν
3076 1421 3215 1490 μετὰ
3247 1422 3442 1490 χαρᾶς,
3474 1420 3575 1474 καὶ
3610 1421 3831 1489 φιλοξε-

2252 1515 2453 1577 νὶσαςά
2498 1515 2788 1568 ἀπέλυσεν.
2836 1515 2942 1566 Kal
2973 1513 3121 1581 λέγει
3162 1515 3190 1566 6
3233 1512 3473 1580 ἐνεγκὼν
3522 1512 3617 1566 τὸν
3646 1513 3834 1581 ἕτερον

2254 1608 2481 1675 ἁδελφός
2505 1624 2519 1639 ο
2565 1606 2697 1659 Ἰδοὺ
2722 1606 3013 1672 ἀπήνεγκα
3042 1622 3102 1657 σε
3127 1605 3263 1674 πρὸς
3294 1604 3384 1657 τὸν
3420 1603 3633 1668 ξενικὸν
3666 1619 3834 1673 μονα-

2255 1698 2347 1769 χδν
2381 1699 2476 1751 καὶ
2514 1698 2648 1767 πρὸς
2677 1696 2767 1749 τὸν
2800 1696 3097 1763 Αἰγύπτιον
3120 1710 3135 1727 ’
3182 1695 3265 1757 τίς
3293 1694 3357 1747 ὲκ
3385 1694 3495 1746 τῶν
3526 1695 3623 1747 δύο
3665 1695 3832 1765 ήρεσέ

2256 1805 2379 1855 σοις
2432 1791 2593 1855 Λέγει
2636 1790 2665 1841 6
2717 1786 2978 1855 ἀδελφόςο
3041 1786 3099 1841 '0
3149 1785 3446 1853 Αἰγύπτιος
3493 1785 3665 1855 ἤρεσέ
3718 1803 3829 1855 μοι.

2268 1880 2535 1943 Ἀκούσας
2548 1879 2605 1933 δέ
2627 1896 2711 1941 τις
2734 1878 2843 1931 τῶν
2869 1878 3131 1949 Πατέρων
3148 1876 3342 1940 ταῦτα,
3365 1876 3570 1946 ηὔξατο
3587 1876 3668 1945 τῷ
3689 1876 3833 1946 Θεῷ,

2256 1969 2430 2035 λέγων
2451 1984 2464 1997 ο
2495 1967 2688 2035 Κύριε,
2718 1966 2891 2032 δεῖξόν
2941 1983 3031 2036 μοι
3076 1964 3138 2018 τὸ
3178 1966 3411 2035 πρᾶγμα
3443 1965 3633 2018 τοῦτο’
3665 1967 3745 2019 ὅτι
3777 1967 3835 2029 ὃς

2260 2062 2358 2130 μὲν
2382 2058 2574 2128 φεύγει
2598 2059 2687 2112 διὰ
2714 2058 2775 2111 τὸ
2799 2058 2970 2127 ὄνομά
3003 2074 3119 2119 σου,
3141 2056 3200 2119 ὃς
3220 2056 3278 2109 δὲ
3304 2056 3724 2122 ὲναγκαλίζεται
3746 2058 3839 2111 διὰ

2255 2146 2316 2199 τὸ
2346 2146 2517 2215 ὄνομά
2545 2164 2661 2199 σου.
2690 2146 2799 2199 Kal
2828 2143 3040 2215 ἐδείχθη
3073 2143 3221 2214 αὐτῷ
3250 2143 3344 2197 δύο
3375 2144 3537 2197 πλοῖα
3576 2147 3798 2214 μεγάλα
3820 2165 3833 2178 ·

2258 2238 2351 2291 καὶ
2389 2238 2582 2307 θεωρεῖ
2608 2238 2699 2290 τὸν
2737 2236 2910 2290 ἀϐὄᾶν
2944 2235 3219 2303 Ἀρσένιον
3246 2235 3339 2289 καὶ
3382 2235 3443 2287 τὸ
3475 2235 3707 2304 Πνεῦμα
3737 2238 3835 2289 τοῦ

2256 2327 2391 2382 Θεοῦ
2434 2328 2688 2390 πλέοντες
2718 2328 2775 2379 ὲν
2805 2326 3008 2396 ἡσυχίᾳ
3048 2327 3127 2388 είς
3157 2326 3216 2378 ἓν
3250 2337 3274 2366 θ
3310 2327 3403 2379 καὶ
3438 2328 3466 2379 6
3491 2327 3672 2389 ἀόὁᾶς
3703 2329 3836 2382 Μω-

2259 2423 2358 2490 σῆς
2379 2420 2472 2473 καὶ
2502 2420 2551 2471 οἱ
2602 2418 2821 2485 ἄγγελοι
2863 2416 2956 2469 τοῦ
2995 2416 3132 2470 Θεοῦ
3176 2417 3428 2480 πλέοντες
3463 2419 3543 2480 εἰς
3571 2418 3632 2471 ἓν
3660 2419 3707 2483 ί,
3736 2424 3834 2474 καὶ

2256 2509 2533 2578 ἐψώμιζω
2567 2507 2924 2578 μελικηρίδας
2950 2522 2963 2536 ·
2990 2506 3133 2560 οὕτω
3160 2507 3217 2559 δὲ
3258 2506 3558 2576 ὑποχωρῶν
3592 2509 3694 2572 τὰς
3722 2512 3832 2563 τῶν

2257 2600 2465 2670 ἀνδρῶν
2507 2600 2726 2669 ὁμιλίας
2771 2599 3027 2664 ἐνεδίδου,
3071 2599 3168 2662 τὰς
3192 2599 3301 2651 τῶν
3335 2599 3614 2666 γυναικῶν
3651 2601 3837 2654 ὁτιοῦν

2258 2691 2542 2762 οὐδαμῶς·
2580 2690 2777 2761 δριμὺς
2818 2692 2929 2759 γὰρ
2959 2685 3026 2761 ἦν
3062 2690 3183 2753 ὅλος
3230 2690 3325 2744 καὶ
3354 2689 3834 2763 ἀπαρρησίαστος.

2261 2782 2541 2853 ἐρωτικῶς
2565 2782 2700 2853 πρὸς
2734 2782 2866 2835 Θεὸν
2899 2780 3263 2852 διακείμενος.

2335 3051 2419 3121 ιβ’.
2448 3051 2703 3105 Ἐλθοῦσα
2731 3050 3021 3122 τοιγαροῦν
3049 3052 3127 3116 είς
3152 3052 3241 3105 τὸν
3274 3053 3542 3106 Κάνωπον
3580 3052 3840 3117 Ἀλεξαν-

584 3139 863 3210 Canopum
915 3144 1252 3201 Alexandriae
1311 3148 1546 3213 devenit,
1588 3150 1740 3206 dives
1805 3153 1959 3207 valde
1997 3170 2059 3207 ac
2092 3156 2157 3208 ti-

2263 3144 2445 3215 δρείας
2484 3145 2582 3213 μιά
2620 3144 2955 3215 συγκλητικὴ
2980 3145 3086 3198 ἀπὸ
3112 3145 3328 3214 Ῥώμης
3356 3144 3587 3196 πλουσία
3606 3146 3840 3214 σφόδρα,

589 3247 740 3287 mens
786 3233 976 3298 Deum,
1001 3246 1247 3290 sanctum
1283 3239 1575 3293 Arsenium
1612 3240 1795 3297 videre
1824 3244 2157 3301 desiderans.

589 3318 811 3391 Excepit
866 3323 1012 3377 illam
1080 3323 1415 3395 TheOphilus
1472 3329 1947 3401 archiepiscnpus;
2001 3351 2159 3403 quem

588 3414 819 3480 rogavit,
875 3417 1226 3484 persuaderet
1278 3418 1428 3484 Seni,
1483 3430 1541 3475 ut
1604 3437 1662 3477 se
1712 3425 2041 3483 admitteret.
2101 3428 2166 3482 Et

590 3514 877 3575 postquam
911 3508 976 3561 ad
1001 3525 1125 3563 eum
1156 3512 1395 3566 venisset
1451 3515 1920 3587 archiepiscOpus,
1958 3522 2167 3590 rogavit

593 3608 652 3650 ut
698 3613 816 3653 eam
874 3601 1207 3658 admitteret.
1268 3603 1447 3660 Senex
1508 3624 1635 3663 vero
1683 3610 2013 3680 colloquium
2066 3614 2165 3682 ipsi

588 3691 884 3745 recusavit.
915 3692 1128 3758 Quibus
1154 3696 1317 3749 rebus
1343 3699 1391 3751 ei
1425 3698 1778 3766 denuntiatis,
1812 3702 1968 3770 jubet
1994 3705 2166 3758 sterni

590 3777 834 3847 jumenta
866 3798 986 3847 sua,
1022 3783 1250 3839 dicens:
1287 3786 1520 3842 Confido
1559 3789 1668 3844 Deo
1722 3791 1841 3847 fore
1873 3804 1931 3848 ut
1955 3795 2167 3850 videam

594 3870 770 3939 ipsum
806 3888 821 3925 :
874 3889 1051 3942 neque
1095 3876 1239 3930 enim
1297 3878 1417 3932 veni
1459 3880 1641 3934 visura
1684 3882 1959 3940 hominem
1992 3886 2170 3956 (multi

592 3964 737 4015 enim
771 3963 1020 4021 homines
1035 3978 1161 4021 sunt
1202 3967 1255 4021 in
1296 3970 1513 4026 civitate
1541 3976 1776 4042 nostra),
1814 3977 1908 4030 sed
1936 3980 2170 4046 prapheo

596 4061 706 4106 tam
744 4055 926 4109 visura
980 4058 1122 4112 veni.
1154 4057 1333 4128 thue
1362 4062 1429 4115 ad
1465 4064 1657 4117 cellam
1693 4063 1851 4121 Senis
1891 4069 2168 4136 pervenit;

594 4154 745 4199 extra
779 4147 949 4211 illam,
983 4148 1093 4204 Deo
1148 4150 1222 4205 ita
1256 4152 1599 4222 disponente,
1646 4158 1876 4212 vacabat
1941 4159 2113 4215 Senex
2149 4180 2163 4217 :

596 4252 756 4304 quem
781 4240 1121 4308 conspicata,
1150 4243 1384 4311 procidit
1405 4246 1471 4299 ad
1502 4247 1666 4316 pedes
1700 4248 1848 4317 ejus;
1887 4253 2169 4323 erexitque

597 4330 743 4383 illam
781 4347 905 4385 cum
936 4333 1017 4386 ira
1052 4346 1101 4398 ο,
1142 4334 1227 4388 his
1269 4335 1433 4390 dictis
1478 4338 1529 4390 in
1581 4354 1701 4392 eam
1752 4341 2039 4400 intendens
2070 4365 2083 4400 :
2113 4346 2172 4401 Si

597 4420 790 4474 faciem
847 4438 1022 4477 meam
1051 4424 1238 4480 videre
1297 4427 1409 4493 vis;
1449 4444 1538 4492 en,
1579 4430 1719 4483 vide.
1764 4433 1855 4486 Illa
1905 4451 2032 4489 vero
2064 4454 2173 4505 pra:

2267 3236 2359 3287 καὶ
2395 3232 2703 3304 φοϐουμένη
2733 3234 2823 3286 τὸν
2852 3234 3006 3299 Θεὸν,
3046 3232 3286 3287 ποθοῦσα
3353 3232 3480 3285 ἰδεῖν
3503 3233 3694 3299 αὑτὸν,
3739 3237 3843 3287 ὑπ-

2263 3327 2481 3391 εδέξατο
2506 3326 2672 3396 αὐτὴν
2693 3328 2722 3378 6
2747 3326 3002 3396 Θεόφιλος
3030 3329 3059 3381 6
3087 3326 3536 3397 ἀρχιεπίσκοπος,
3566 3330 3667 3381 καὶ
3700 3347 3843 3401 παρ-

2268 3419 2525 3472 εκάλεσεν
2557 3418 2719 3471 αὑτὸν
2747 3418 2834 3471 ἵνα
2870 3418 3034 3490 πείσῃ
3061 3418 3153 3473 τὸν
3181 3419 3412 3490 γέροντα
3441 3418 3704 3485 δέξασθαι
3742 3422 3846 3473 αὑ-

2268 3512 2387 3581 τήν.
2420 3510 2531 3563 Kal
2565 3509 2734 3563 ἐλθὼν
2766 3511 2795 3563 6
2839 3510 3270 3581 ἀρχιεπίσκοπος
3300 3509 3437 3581 πρὸς
3472 3510 3656 3575 αὐτὸν,
3700 3527 3847 3580 παρ-

2270 3603 2455 3656 εκάλει
2483 3601 2737 3666 δέξασθαι
2767 3600 2958 3671 αὐτὴν.
3006 3600 3065 3655 'O
3104 3601 3160 3655 δὲ
3202 3601 3381 3670 γέρων
3422 3600 3481 3652 οὐ
3514 3600 3849 3666 κατεδέξατο

2266 3694 2596 3763 ἀπαντῆσαι.
2633 3693 2721 3756 Ὠς
2760 3688 2855 3746 οὖν
2895 3690 3172 3761 ἀνηγγέλη
3222 3690 3358 3762 αὑτῇ
3390 3689 3587 3757 ταῦτα,
3626 3693 3849 3744 κελεύει

2270 3784 2577 3854 στρωθῆναι
2619 3784 2688 3837 τὰ
2740 3786 2912 3854 κτήνη
2955 3785 3145 3851 αὐτῆς,
3176 3783 3446 3851 λέγουσαο
3484 3783 3741 3837 Πιστεύω
3771 3785 3851 3854 τῷ

2266 3873 2386 3944 Θεῷ
2420 3874 2548 3927 ἰδεῖν
2582 3875 2743 3928 αὐτόν
2764 3890 2779 3905 ο
2810 3875 2872 3928 οὐ
2900 3875 3008 3944 γὰρ
3032 3875 3320 3946 ἄνθρωπον
3341 3869 3504 3944 ἦλθον
3539 3874 3668 3927 ίδείν
3689 3892 3706 3907 ·
3739 3877 3850 3928 εἰσὶ

2267 3965 2377 4034 γὰρ
2418 3966 2513 4018 καὶ
2560 3967 2616 4019 ὲν
2651 3968 2716 4036 τῇ
2763 3966 2914 4019 πόλει
2953 3965 3110 4037 ἡμῶν
3142 3966 3327 4020 πολλοὶ
3356 3965 3632 4035 ἄνθρωποι
3656 3985 3671 3997 ·
3712 3967 3852 4020 ἀλλὰ

2276 4056 2561 4126 προφήτην
2588 4051 2752 4125 ἦλθον
2783 4056 2931 4108 ίδετν.
2956 4055 3065 4109 Kal
3094 4055 3170 4118 ὡς
3199 4055 3400 4124 ἔφθασε
3432 4056 3562 4127 περὶ
3589 4055 3694 4125 τὴν
3727 4058 3851 4109 κέλ-

2274 4144 2373 4197 λαν
2399 4145 2494 4197 τοῦ
2526 4146 2800 4215 γέροντος,
2828 4148 2949 4199 κατ’
2975 4147 3288 4217 οἰκονομίαν
3329 4145 3465 4199 Θεοῦ
3502 4146 3853 4217 ηὑκαίρησεν

2275 4237 2378 4302 ἔξω
2422 4240 2520 4308 τῆς
2567 4238 2765 4308 κέλλης
2806 4239 2835 4291 6
2866 4238 3075 4309 γέρων·
3102 4238 3198 4291 καὶ
3229 4238 3409 4291 ἰδοῦσα
3441 4238 3628 4302 αὐτὸν,
3678 4257 3853 4309 προσ-

2278 4330 2440 4382 έπεσε
2467 4332 2577 4392 τοῖς
2604 4314 2775 4382 malit.
2796 4328 2981 4393 αὐτοῦ,
3014 4332 3106 4382 καὶ
3143 4330 3365 4399 ἤγειρεν
3395 4329 3564 4399 αὐτὴν
3599 4331 3727 4399 μετ’
3757 4332 3852 4399 ὀρ-

2278 4422 2400 4489 γῆς,
2439 4420 2533 4472 καὶ
2575 4420 2875 4488 προσέσχεν
2926 4420 3063 4489 αὐτῇ
3118 4419 3325 4487 λέγων’
3360 4420 3423 4472 El
3454 4420 3517 4472 τὸ
3546 4420 3853 4489 πρόσωπόν

597 4511 922 4563 verecundia
970 4511 1167 4567 faciem
1225 4514 1401 4583 ipsius
1454 4518 1817 4587 contemplata
1866 4535 1974 4573 non
2037 4520 2157 4576 fuit.

2270 4527 2370 4579 μου
2409 4510 2582 4571 θέλεις
2616 4510 2763 4573 ἰδεῖν,
2800 4509 2929 4570 ἰδοὺ,
2965 4508 3147 4577 βλέπε.
3195 4509 3260 4562 Ἦ
3306 4508 3363 4561 δὲ
3410 4508 3521 4561 ἀπὸ
3569 4509 3852 4579 αἰσχύνης

598 4599 734 4653 Tum
770 4601 1004 4658 Sanctus
1033 4623 1045 4658 :
1082 4603 1271 4661 Nonne
1302 4622 1468 4676 opera
1507 4625 1625 4664 mea
1659 4612 1901 4666 audisti?
1932 4612 2165 4668 Necesse

595 4702 714 4746 erat
763 4694 853 4748 illa
916 4696 1286 4751 considerare.
1340 4697 1627 4763 Quomodo
1685 4712 1868 4755 autem
1912 4713 2018 4756 tam
2051 4720 2167 4758 ma-

598 4802 757 4854 gnam
783 4786 1181 4855 navigationem
1211 4788 1496 4846 instituere
1521 4807 1653 4847 ausa
1683 4793 1786 4847 es?
1814 4795 1893 4848 An
1921 4794 2162 4866 ignoras,

597 4877 743 4945 quod
780 4878 978 4933 mulier
1006 4881 1107 4946 sis,
1147 4890 1197 4935 et
1226 4882 1371 4951 quod
1391 4898 1665 4954 nunquam
1695 4886 1895 4942 debeas
1914 4890 2167 4957 prodire?

599 4965 739 5021 Num
772 4968 910 5024 forte
940 4970 1043 5025 huc
1080 4972 1296 5035 venisti,
1331 4981 1391 5027 ut
1420 4975 1583 5031 abeas
1626 4977 1875 5041 Romam,
1914 4989 1969 5032 et
2016 4980 2166 5035 dicas

602 5060 962 5117 mulieribus:
1020 5062 1139 5118 Vidi
1178 5064 1505 5132 Arsenium;
1561 5082 1625 5121 ac
1675 5069 1916 5137 pervium
1958 5069 2165 5124 faciant

604 5167 754 5207 mare
782 5154 1038 5209 mulieres
1073 5155 1140 5209 ad
1176 5172 1257 5211 me
1299 5158 1662 5212 ventilantes?
1702 5158 1999 5229 Respondit
2032 5161 2120 5215 illa
2149 5179 2161 5215 :

604 5242 662 5297 Si
699 5244 928 5299 Domino
957 5246 1241 5316 placuerit,
1276 5248 1551 5303 neminem
1584 5250 1689 5306 huc
1728 5252 1912 5306 venire
1944 5253 2169 5321 permit-

2271 4600 2332 4652 οὐ
2363 4599 2657 4669 κατενόησε
2688 4598 2749 4650 τὺ
2788 4598 3077 4668 πρόσωπον
3112 4597 3300 4652 αὑτοῦ.
3337 4598 3445 4650 Kal
3476 4597 3628 4665 λέγει
3654 4600 3802 4668 αὐτῇ
3834 4616 3848 4629 ·

2271 4692 2383 4743 Οὐκ
2403 4691 2641 4759 ἧκουσας
2665 4689 2733 4742 τὰ
2756 4687 2889 4759 ἔργα
2914 4706 3015 4759 μου
3038 4704 3053 4754 ;
3074 4672 3498 4758 Ταῦτα⁹βλέπειν
3524 4688 3847 4755 ἀναγκαῖον.

2273 4788 2396 4851 Πῶς
2422 4787 2479 4840 δὲ
2515 4787 2610 4839 καὶ
2639 4785 2942 4855 ἐτόλμησας
2964 4785 3187 4853 ποιῆσαι
3213 4786 3466 4837 τοσοῦτον
3498 4783 3669 4836 πλοῦν
3692 4800 3707 4847 ;
3734 4784 3852 4836 Οὐκ

2270 4876 2435 4943 οἶδας,
2473 4880 2555 4931 ὅτι
2600 4878 2738 4949 γυνὴ
2771 4872 2840 4942 εἴ,
2878 4875 2974 4929 καὶ
3011 4875 3111 4928 οὐκ
3152 4874 3389 4953 ὀφείλεις
3435 4873 3849 4944 προσέρχεσθαι

2270 4970 2524 5035 πώποτε;
2552 4969 2584 5039 ἢ
2628 4970 2714 5022 ἴνα
2744 4966 2985 5040 ἀπέλθῃς
3013 4966 3093 5030 εἰς
3129 4964 3371 5036 Ῥώμην,
3403 4964 3499 5018 καὶ
3527 4965 3691 5035 εἴπῃς
3723 4966 3851 5025 ταῖς

2268 5064 2533 5132 γυναιξὶν,
2555 5064 2637 5116 ὄτι
2684 5061 2937 5132 Ἑώρακα
2977 5060 3273 5130 ’Δρσένιον,
3303 5060 3399 5113 καὶ
3428 5058 3716 5129 ποιήσουσι
3746 5057 3851 5125 τὴν

2271 5156 2547 5209 θάλασσαν
2594 5154 2733 5219 ὁδὸν,
2773 5152 3049 5221 γυναικῶν
3095 5150 3407 5222 ἐρχομένων
3442 5149 3582 5220 πρός
3619 5164 3731 5218 px;
3782 5148 3851 5200 Ἦ

2270 5248 2327 5302 δὲ
2372 5241 2557 5300 εἶπεν
2614 5246 2738 5298 Ἐὰν
2786 5244 2915 5315 θέλῃ
2958 5243 3180 5315 Κύριος,
3210 5243 3311 5296 οὑκ
3340 5241 3464 5312 ἀφῶ
3510 5259 3636 5295 τινα
3666 5241 3850 5294 ἐλθεῖν

1908 5359 2137 5415 VARle
2177 5354 2555 5414 LECTIONES

632 5489 636 5491 Α
676 5458 705 5524 ς.
741 5447 845 5524 Vit.
876 5446 988 5524 ρι’.
1048 5468 1065 5499 ι
1108 5448 1243 5503 Cum
1280 5448 1666 5518 festinatione;
1725 5466 1850 5507 cum
1903 5453 2290 5524 indignatione.
2337 5470 2354 5503 ι
2431 5449 2462 5491 ἀ
2493 5448 2666 5505 Cotel.
2699 5448 3101 5519 φιλοφρονήσας
3128 5446 3346 5511 αὐτούς.

616 5519 633 5557 ί
667 5518 839 5573 Cotel.
877 5520 994 5570 ἕνα.

3447 5458 3470 5486 ο
3501 5446 3679 5503 Cotel.
3721 5447 3841 5502 ἕνα.

2104 5632 2339 5691 NOTAE.

677 5729 788 5803 (59)
832 5731 902 5783 De
943 5730 1124 5855 δέοὸγδε
1164 5751 1192 5790 e
1234 5702 1445 5789 latrone
1492 5746 1757 5789 converso
1804 5731 1912 5802 agit
1960 5731 2163 5789 Comm.

677 5817 760 5855 ευ.
793 5817 946 5855 num.
1052 5839 1065 5854 .

602 5799 778 5867 pt’ev.‘
793 5817 946 5856 num.
976 5799 1065 5855 ‘28.

2330 5728 2457 5796 (60)
2498 5726 2604 5780 Res
2631 5726 2747 5780 haec
2779 5732 2925 5795 gesta
2954 5722 3288 5796 narraturin
3331 5720 3432 5776 Vit.
3471 5718 3708 5796 P_P_._lib.
3742 5734 3842 5785 vn,

2274 5791 2391 5869 cap.
2430 5799 2513 5862 18,
2548 5812 2698 5852 ιιιιω.
2734 5791 2801 5862 2,’
2829 5804 2881 5851 et
2912 5795 3055 5865 apud
3086 5793 3322 5851 Coteler.
3350 5808 3475 5863 pag.
3507 5791 3633 5848 568.
