3926 6504
207 490 300 556 861

814 489 1095 549 ORATIO
1129 488 1268 548 XII.
1298 515 1366 525 —
1402 488 1784 549 LAUDATIO
1821 488 1882 547 S.
1920 486 2234 547 ARSENlI
2269 486 2814 547 ANACIIORETiE.

3343 493 3448 556 862

206 576 302 634 ὦδε
329 595 342 608 ·
364 577 479 630 ἀλλ’
516 576 676 647 εὖχου
711 577 850 646 ὑπὲρ
882 576 1039 645 ἐμοῦ,
1073 577 1166 627 καὶ
1197 576 1503 645 μνημόνευέ
1532 593 1632 644 μου
1661 575 1774 627 δια-

1885 582 2013 626 tam.
2046 575 2144 628 Ast
2198 590 2292 628 ora
2325 589 2422 643 pro
2455 590 2563 639 me,
2614 591 2936 643 semperque
2979 578 3086 632 mei
3127 581 3447 638 memoriam

207 670 426 730 παντός.
475 670 534 721 Ὀ
571 669 627 720 δὲ
659 669 998 736 ἀποκριθεὶς,
1035 666 1189 720 εἶπεν
1228 669 1384 738 αὐτῇ.
1421 665 1664 736 Εὖχομαι
1696 665 1773 734 τῷ

206 763 340 830 Θεῷ,
375 762 464 813 ῖνα
507 759 796 829 ἐξαλειφθῇ
835 760 896 812 τὸ
930 761 1272 830 μνημόσυνόν
1304 776 1396 812 σου
1430 761 1494 810 ὲκ
1523 759 1619 826 τῆς
1657 759 1774 810 δια-

207 856 350 915 νοίας
394 871 516 922 μου.
555 851 743 904 Ταῦτα
770 850 1066 914 ἀκούσασα,
1104 851 1329 918 ἐξῆλθεν
1367 849 1772 920 τεταραγμένη.

208 948 310 998 Kal
337 946 416 1007 ὠς
441 940 606 1014 ἦλθεν
633 943 714 1004 είς
735 941 832 1012 τὴν
858 943 1031 1006 πόλιν,
1054 943 1160 995 ἀπὸ
1191 941 1364 1011 λύπης
1388 941 1545 994 ἔϐαλε
1575 942 1776 1010 πυρέτι-

205 1055 332 1090 τειν.
367 1037 478 1088 Καὶ
505 1035 784 1105 ἀνηγγέλη
811 1033 888 1102 τῷ
915 1033 1093 1103 πάπᾳ,
1143 1034 1226 1086 δτι
1261 1032 1497 1085 ἀσθενεῖ.
1543 1032 1654 1085 Kal
1683 1031 1771 1084 ὲλ-

206 1128 311 1180 θὼν
343 1127 484 1196 πρὸς
523 1124 720 1194 αὐτὴν,
750 1124 1047 1192 παρεκάλει
1077 1122 1269 1191 μαθεῖν
1293 1121 1346 1173 τί
1379 1123 1547 1182 ἐστιν,
1577 1121 1605 1173 6
1637 1121 1770 1189 ἔχει.

215 1220 271 1270 Ἡ
300 1219 359 1270 δὲ
384 1214 541 1270 εἶπεν
573 1215 722 1284 αὐτῷ
739 1231 752 1244 ·
779 1211 903 1266 Εἴθε
929 1213 1002 1284 μὴ
1031 1214 1319 1283 ἀπήντησα
1344 1207 1446 1266 ὧδε
1471 1229 1486 1245 ο
1514 1209 1642 1264 εἶπα
1667 1211 1773 1281 γὰρ

203 1310 277 1377 τῷ
308 1310 568 1377 γέροντι·
621 1304 943 1374 Μνημόνευέ
995 1320 1135 1372 μουο
1171 1304 1266 1356 καὶ
1324 1300 1447 1356 εἶπέ
1497 1320 1624 1372 μοι,
1690 1302 1773 1354 ὅτι

207 1397 452 1464 Εὖχομαι
486 1393 564 1463 τῷ
590 1392 729 1461 Θεῷ,
766 1393 851 1444 ἵνα
881 1389 1172 1460 ἐξαλειφθῇ
1200 1390 1262 1442 τὸ
1296 1387 1642 1460 μνημόσυνόν
1678 1403 1771 1438 σου

206 1490 266 1539 ὲκ
318 1487 422 1554 τῆς
461 1483 702 1544 διανοίας
756 1499 877 1552 μου.
911 1481 1020 1535 Kal
1065 1481 1172 1534 ίδοὺ
1202 1478 1313 1547 ἐγὼ
1341 1476 1666 1547 ἀποθνήσκω
1708 1478 1773 1528 ὲκ

203 1577 296 1644 τῆς
334 1575 535 1642 λύπης.
580 1574 688 1625 Kal
723 1572 872 1639 λέγει
910 1572 1048 1641 αὐτῇ
1091 1573 1118 1623 6
1156 1568 1602 1639 ἀρχιεπίσκοπος.
1658 1565 1772 1618 Οὐκ

203 1663 344 1728 οἶδας
373 1666 456 1718 ὅτι
494 1663 631 1732 γυνὴ
661 1658 730 1728 εἴ,
759 1664 850 1716 καὶ
877 1663 906 1714 6
934 1660 1125 1730 ἐχθρὸς
1146 1658 1388 1720 διάϐολος
1422 1656 1511 1708 διὰ
1538 1655 1646 1708 τῶν
1671 1671 1769 1722 γυ-

204 1757 406 1809 ναικῶν
437 1755 666 1824 πολεμεῖ
713 1755 838 1815 τοὺς
868 1753 1090 1820 ἀγίους;
1129 1750 1241 1803 Kal
1275 1749 1360 1802 διὰ
1382 1745 1542 1799 τοῦτο
1566 1741 1716 1798 εἶπεν
1744 1745 1772 1797 6

202 1849 382 1917 γέρων
404 1863 416 1876 ·
468 1847 598 1914 περὶ
626 1846 732 1914 γὰρ
759 1846 856 1912 τῆς
881 1843 1056 1913 ψυχῆς
1084 1859 1176 1894 σου
1214 1840 1432 1910 εὔχεται
1458 1838 1768 1900 διαπαντός.

1879 663 2038 718 habe.
2089 666 2192 730 Qui
2228 666 2584 736 respondens,
2620 666 2756 720 dixit
2791 669 2905 720 illi:
2951 668 3135 725 Orabo
3163 669 3354 737 Deum,
3388 683 3449 728 ut

1875 758 2137 810 memoria
2190 759 2264 810 tui
2331 758 2574 811 deleatur
2602 775 2667 812 ex
2706 761 2888 813 animo
2946 775 3086 815 meo.
3146 761 3270 818 Hice
3320 781 3444 819 cum

1875 846 2157 909 andiisset,
2187 849 2356 901 exivit
2383 851 2730 902 conturbata.
2777 851 2951 919 Atque
2983 862 3038 904 ut
3068 856 3316 921 pervenit
3352 857 3444 910 'ad

1875 936 2175 998 civitatem,
2222 952 2331 1005 pra:
2381 938 2595 992 tristitia
2642 939 2696 992 in
2750 939 2942 993 febrim
2978 942 3208 998 incidit:
3243 960 3444 998 renun-

1877 1025 2185 1094 tiatumque
2229 1038 2311 1082 est
2342 1043 2492 1097 papa:
2515 1029 2646 1098 (61),
2674 1032 2816 1099 quod
2841 1043 3162 1100 aegrotaret;
3202 1037 3295 1104 qui
3321 1052 3441 1089 eam

1874 1117 2136 1174 accedens
2204 1120 2426 1186 rogabat
2492 1122 2778 1176 certiorem
2808 1139 2866 1178 se
2894 1125 3062 1188 reddi,
3108 1142 3218 1195 quo
3255 1129 3446 1184 morbo

1880 1205 2172 1262 laboraret.
2256 1209 2499 1279 Subjecit
2544 1211 2680 1266 illa:
2740 1211 2953 1268 Utinam
3013 1232 3288 1285 nunquam
3339 1219 3446 1274 huc

1874 1298 2177 1354 venissem!
2208 1301 2318 1354 dixi
2348 1303 2548 1356 etenim
2584 1303 2713 1358 Seni
2741 1322 2757 1362 :
2790 1305 3105 1361 Memoriam
3139 1308 3244 1362 mei
3281 1309 3442 1375 habe,

1873 1399 1925 1443 et
1956 1392 2236 1459 respondit
2265 1411 2276 1446 :
2326 1388 2503 1447 Orabo
2541 1392 2736 1458 Deum,
2766 1405 2823 1449 ut
2865 1398 3125 1451 memoria
3159 1401 3231 1452 tui
3261 1399 3441 1453 delea-

1870 1487 1959 1532 tur
2021 1494 2089 1534 ex
2139 1480 2320 1535 animo
2363 1497 2502 1536 meo.
2553 1480 2619 1536 Et
2663 1498 2784 1538 ecce
2812 1486 3012 1540 morior
3039 1502 3138 1556 ego
3177 1503 3285 1556 prae
3344 1488 3442 1542 tri-

1869 1570 2040 1634 stitia,
2079 1569 2314 1624 Rursum
2365 1573 2807 1642 archiepiscopus
2845 1593 2858 1630 :
2917 1574 3032 1629 Non
3078 1579 3242 1640 nosti,
3296 1580 3442 1647 quod

1870 1660 2068 1713 mulier
2124 1660 2222 1724 sis,
2263 1670 2317 1715 et
2361 1662 2505 1730 quod
2559 1663 2732 1718 hostis
2780 1665 3031 1721 diabolus
3058 1682 3153 1735 per
3182 1669 3440 1724 mulieres

1871 1750 2148 1820 impugnet
2208 1755 2462 1807 sanctos!
2500 1755 2670 1823 idque
2713 1756 2834 1810 ideo
2863 1757 3000 1811 dixit
3040 1757 3214 1812 Senex
3252 1777 3266 1811 :
3312 1775 3438 1813 nam

1872 1855 1970 1908 pro
2017 1842 2200 1896 anima
2246 1852 2335 1896 tua
2363 1844 2583 1898 assidue
2629 1856 2770 1899 orat.
2799 1846 2864 1900 Et
2909 1847 2988 1901 sic
3017 1863 3173 1902 mens
3206 1847 3325 1915 ejus
3357 1863 3442 1902 re-

204 1907 310 1990 Kal
337 1937 515 1999 οὕτως
537 1907 876 2006 έθεραπεύθη
895 1907 929 1986 ⁷ὁ
951 1907 1207 2003 λογισμὸς
1239 1907 1428 2000 αδτῆς.
1451 1930 1546 1982 καὶ
1564 1927 1774 1998 ἀπῆλθε

1882 1907 2056 1986 creata
2088 1942 2204 2000 est;
2234 1943 2286 1987 et
2314 1949 2440 1989 cum
2470 1936 2668 2006 gaudio
2696 1937 2943 1992 discessit
2971 1937 3036 1991 ad
3062 1938 3277 2008 propria
3300 1938 3436 2007 (62).

209 2031 344 2098 μετά
375 2029 553 2096 χαρᾶς
593 2029 673 2088 είς
711 2027 779 2078 τὰ
810 2025 936 2080 ἴδια.
989 2025 1053 2076 Ἦ
1091 2025 1189 2094 μὲν
1216 2019 1310 2076 οὖν
1349 2021 1570 2093 ⁴ίισυχία,
1617 2021 1773 2092 καὶὴ

204 2121 512 2189 ἀπάντησις
538 2117 762 2188 τοιαύτη
789 2116 882 2169 τοῦ
931 2114 1235 2184 Ἀρσενίου.

803 2227 1054 2281 ΚΕΦΑΛ.
1097 2225 1170 2278 Β’.

1877 2018 1943 2077 Et
2017 2024 2142 2078 talis
2206 2026 2424 2095 quidem
2487 2027 2699 2082 Arsenii
2752 2042 3000 2084 secessus
3052 2037 3106 2083 et
3163 2044 3429 2085 occursus

1876 2112 2000 2168 fuit.

2487 2227 2714 2284 CAPUT
2752 2228 2815 2284 11.

224 2347 437 2401 Donum
469 2342 725 2397 orationis
755 2349 802 2393 et
833 2342 1217 2411 lacrymarum;
1255 2339 1467 2415 vigilite,
1509 2339 1842 2415 documenta,
1886 2337 2037 2415 labor
2065 2355 2359 2415 mentienti
2400 2343 2766 2411 mortiﬁcatio,
2804 2352 3122 2413 paupertas;
3153 2344 3441 2415 discipulo-

1161 2425 1277 2461 rum
1311 2409 1573 2474 dimissio,
1605 2418 1653 2462 et
1696 2407 1986 2473 adniissio,‘
2011 2411 2204 2462 reditus
2231 2412 2285 2463 in
2316 2410 2505 2466 Troen.

277 2539 366 2601 ιγ’.
403 2529 582 2598 Εὑχῆς
614 2526 670 2578 δὲ
701 2525 794 2577 καὶ
820 2523 1314 2594 ταπεινοφροσύνης
1343 2524 1529 2592 χάρισι
1561 2523 1643 2586 τίς
1677 2523 1761 2576 οὓ-

203 2643 310 2687 τως
349 2622 726 2688 ὲκεκὸσμητο;
783 2617 892 2670 Καί
946 2633 1030 2679 τις
1082 2617 1180 2685 μὲν
1233 2616 1440 2686 μάρτυς
1483 2618 1511 2668 6
1547 2616 1772 2683 ἀδελφὸς

206 2720 436 2778 ἐκεῖνος,
467 2714 495 2763 6
528 2707 853 2779 παραϐαλὼν
875 2710 932 2761 ὲν
959 2708 1036 2778 τῷ
1072 2707 1266 2776 κελλίῳ
1295 2706 1388 2759 τοῦ
1420 2706 1690 2776 γέροντος,
1715 2707 1774 2770 ὃς

205 2805 463 2877 προσχὼν
498 2802 583 2854 διὰ
607 2801 702 2869 τῆς
730 2801 942 2870 θυρίδος
981 2799 1147 2863 ἔνδον,
1186 2798 1382 2865 θεωρεῖ
1425 2798 1514 2850 τὸν
1545 2797 1776 2867 γέροντα

204 2899 324 2952 ὅλον
357 2897 434 2957 ὡς
466 2893 594 2963 πῦρ.
628 2887 733 2944 Ἦν
765 2892 857 2944 καὶ
888 2891 1035 2957 ἄξιος
1058 2893 1086 2942 6
1114 2889 1338 2956 ἁδελφὸς
1365 2888 1458 2941 τοῦ
1491 2889 1632 2941 ἰδεῖν.
1667 2889 1777 2942 Kal

205 2992 279 3051 ὡς
311 2989 596 3056 ἔκρουσεν,
632 2983 854 3053 ἐξῆλθεν
901 2984 929 3034 6
964 2983 1140 3051 γέρων
1164 2998 1178 3010 ο
1214 2981 1306 3033 καὶ
1353 2979 1474 3032 ἰδὼν
1505 2980 1594 3031 τὸν
1627 2979 1779 3032 ἀδελ-

204 3080 306 3148 φὸν
367 3075 664 3144 ἐκθαμδον,
715 3074 862 3142 λέγει
911 3071 1087 3144 αὐτῷ’
1152 3073 1338 3140 Ἔχεις
1386 3069 1584 3139 πολλὴν
1627 3069 1776 3139 ὥραν

1939 2522 2030 2578 15.
2070 2523 2190 2579 Jam
2215 2541 2342 2581 vero
2366 2528 2489 2596 quis
2518 2528 2778 2586 orationis
2796 2537 2850 2585 et
2873 2529 3196 2587 humilitatis
3223 2532 3439 2588 dotibus

1876 2613 2128 2667 ornatior
2163 2614 2254 2667 illo
2311 2617 2557 2670 exstitit?
2600 2619 2768 2688 Cujus
2815 2619 3032 2688 quidem
3069 2623 3142 2675 rei
3176 2623 3327 2678 testis
3358 2633 3442 2678 est

1875 2702 2040 2758 frater
2095 2704 2205 2768 ille,
2241 2706 2332 2773 qui
2374 2706 2442 2760 ad
2493 2707 2683 2762 cellam
2736 2709 2884 2763 senis
2923 2710 3223 2781 digressus,
3255 2723 3308 2767 et
3338 2714 3440 2766 ob-

1879 2807 2100 2848 servans
2130 2810 2225 2862 per
2253 2793 2544 2850 fenestram
2576 2811 2657 2860 ea,
2694 2813 2816 2867 qua:
2860 2799 3062 2854 fiebant
3099 2800 3271 2860 intus.
3295 2803 3442 2858 videt

1877 2896 2058 2935 senem
2111 2891 2304 2947 totum,
2361 2884 2516 2952 quasi
2574 2884 2751 2955 ignem
2811 2887 2888 2956 (et
2939 2902 3070 2942 sane
3099 2889 3298 2958 dignus
3323 2901 3442 2945 erat

1877 2969 2045 3026 frater
2089 2973 2190 3026 ista
2217 2975 2443 3044 videre).
2500 2975 2674 3030 Simul
2706 2985 2869 3043 atque
2896 2978 2940 3033 is
2971 2980 3226 3047 pulsavit,
3257 2997 3442 3050 egres-

1878 3078 1971 3118 sus
1994 3073 2078 3118 est
2103 3080 2290 3128 senex,
2323 3067 2622 3136 vidensque
2661 3066 2884 3122 fratrem
2923 3078 3145 3136 stupore
3177 3071 3439 3137 defixum,

205 3169 458 3240 κρούων;
509 3166 600 3237 Μή
643 3167 696 3218 τί
731 3181 860 3216 ποτε
890 3161 1029 3227 εἶδες
1073 3157 1209 3228 ὦδε;
1250 3162 1358 3215 Kal
1394 3159 1573 3213 είπεν·
1619 3155 1771 3229 Οὐχί.

1882 3156 2004 3209 dicit
2031 3159 2080 3210 ei
2118 3173 2132 3209 :
2168 3155 2250 3209 An
2283 3172 2314 3210 a
2359 3159 2530 3211 multo
2584 3167 2821 3227 lelnpure
2874 3160 3134 3228 pulsasti?
3173 3161 3441 3217 Numnam

205 3261 317 3315 Kal
366 3258 610 3327 λαλήσας
651 3255 818 3323 αὐτῷ,
845 3254 1133 3308 ἀπέλυσεν.
1192 3255 1289 3316 Τὶς
1321 3253 1377 3305 δὲ
1411 3255 1438 3305 6
1472 3250 1658 3313 εἰπὼν,
1697 3253 1776 3302 δτι

204 3351 399 3419 ὥσπερ
439 3347 612 3409 οὐδεὶς
652 3345 745 3398 τοῦ
791 3345 1051 3397 παλατίου
1097 3345 1283 3415 ὲφόρει
1331 3343 1575 3412 βελτίονα
1613 3341 1777 3396 αὑτοῦ

205 3439 414 3510 ἐσθῆτα
461 3439 521 3490 ὲν
563 3438 674 3498 τοῖς
706 3435 996 3506 βασιλείοις
1025 3436 1246 3503 διάγων,
1280 3433 1449 3493 οὕτως
1476 3434 1595 3485 οὐδὲ
1628 3435 1684 3484 ἐν
1711 3435 1776 3502 τῇ

206 3531 477 3601 ἐκκλησίᾳ
517 3531 615 3599 τῆς
664 3527 913 3595 Σκήτεως
943 3524 1375 3594 προσερχόμενος
1398 3521 1779 3587 εὐτελεστέραν

204 3621 372 3675 αὑτοῦ
405 3620 565 3682 ἄλλος
598 3618 884 3688 ὲφὸρησεν.
920 3615 1050 3667 Ὅτε
1078 3615 1172 3667 καὶ
1199 3613 1354 3682 ὲδὸθη
1386 3611 1516 3664 ποτὲ
1543 3613 1621 3674 είς
1647 3611 1781 3679 Σκῆ-

203 3731 289 3766 τιν
322 3712 463 3781 πρὸς
496 3711 652 3777 ὀλίγα
688 3707 918 3777 ἰσχάδια,
952 3706 1048 3758 καὶ
1084 3705 1158 3767 ὡς
1192 3703 1354 3774 μηδὲν
1389 3701 1516 3756 δντα
1544 3703 1643 3755 οὐκ
1672 3703 1778 3755 ἀπ-

205 3804 448 3856 έστειλεν
480 3800 558 3870 τῷ
600 3796 880 3868 Ἀρσενίῳ,
908 3797 984 3857 ὼς
1008 3797 1094 3848 ἴνα
1130 3794 1204 3864 μὴ
1238 3793 1396 3863 ὖῦριν
1429 3793 1593 3866 πάθῃ.
1631 3792 1689 3845 '0
1722 3795 1778 3848 δὲ

204 3898 388 3964 γέρων
422 3891 660 3951 ἀκούσας
680 3930 694 3953 ,
729 3888 828 3939 οὐκ
857 3883 1018 3956 ἦλθεν
1049 3888 1127 3948 εἰς
1158 3885 1258 3956 τὴν
1287 3883 1524 3949 σύναξιν,
1568 3884 1740 3951 λέγων
1759 3899 1775 3915 ’

217 3978 551 4049 Ἠφορίσατέ
587 3995 678 4045 μοι
707 3974 800 4028 τοῦ
847 3973 920 4042 μὴ
947 3971 1128 4024 δοῦναί
1169 3989 1258 4041 μοι
1280 3971 1380 4039 τὴν
1411 3969 1679 4037 εὐλογίαν,
1712 3971 1778 4038 ἢν

206 4069 455 4139 ἐπεμψεν
477 4071 504 4120 6
531 4067 661 4129 Θεὸς
685 4067 795 4126 τοῖς
832 4063 1099 4130 ἀδελφοῖς,
1135 4064 1200 4132 ἢν
1232 4061 1331 4114 οὐκ
1357 4061 1475 4131 εἰμὶ
1505 4061 1650 4125 ἄξιος
1681 4060 1778 4112 λα-

206 4163 343 4214 ϐεῖν.
379 4161 488 4211 Καὶ
517 4160 756 4230 ηκουσαν
784 4156 1002 4217 πάντες,
1035 4152 1130 4204 καὶ
1172 4151 1532 4220 ὠφελήθησαν
1577 4151 1656 4212 είς
1679 4150 1779 4220 τὴν

205 4252 538 4303 ταπείνωσιν
594 4248 686 4300 τοῦ
744 4246 1018 4315 γέροντος.
1087 4244 1196 4296 Kal
1246 4241 1497 4294 ἀπελθὼν
1556 4242 1584 4294 6
1647 4259 1778 4311 πρε-

209 4339 472 4410 σδύτερδς
527 4338 734 4406 ἤγαγεν
781 4335 940 4388 αὐτὸν
983 4335 1062 4396 είς
1101 4333 1200 4403 τὴν
1245 4330 1462 4395 σύναξιν
1501 4331 1638 4401 μετὰ
1676 4349 1775 4401 χα-

209 4433 330 4502 Pd:-

280 4605 364 4658 ιδ’.
399 4602 476 4655 T6
502 4602 558 4654 δὲ
597 4602 858 4672 διερωτᾷν
888 4602 1072 4666 αὐτὸν,
1110 4603 1202 4656 καὶ
1234 4603 1308 4674 μὴ
1349 4606 1576 4673 στοιχεῖν
1605 4605 1665 4655 ὲν
1701 4604 1777 4674 τῷ

215 4696 332 4765 ἰδίῳ
363 4693 574 4762 σκοπῷ,
606 4695 665 4745 o6
693 4692 1074 4756 ταπεινώσεως
1097 4696 1292 4762 ἔργον;
1324 4696 1526 4764 καίπερ
1557 4696 1777 4762 γνώσει,

212 4787 307 4838 καὶ
337 4785 556 4837 συνέσει
598 4785 690 4835 καὶ
717 4785 877 4854 σοφίᾳ
907 4784 1394 4853 κατηγλαῖσμένος.
1419 4787 1608 4841 Τοίνυν
1644 4806 1779 4840 πυν-

211 4877 513 4946 θανόμενον
541 4875 702 4927 αὐτόν
726 4875 853 4927 ποτέ
876 4891 996 4926 τινα
1020 4874 1316 4940 Αἰγύπτιον
1341 4877 1468 4944 περὶ
1496 4879 1602 4930 τῶν
1635 4879 1780 4932 ίδίων

211 4966 510 5035 λογισμῶν,
561 4963 686 5016 ἰδὼν
730 4965 890 5016 αὑτὸν
927 4963 1112 5033 ἔτερος
1150 4967 1258 5018 τῶν
1291 4967 1554 5034 ἀδελφῶν,
1589 4964 1776 5020 εἶπενο

221 5058 396 5115 Ἀδδᾶ
437 5056 702 5127 ’Δρσένιε,
745 5057 860 5120 πῶς
905 5055 1172 5126 τοσαύτην
1214 5059 1496 5112 παίδευσιν
1542 5061 1780 5130 Ῥωμαϊ-

1879 3245 2082 3314 aliquid
2117 3246 2202 3300 hic
2233 3247 2458 3301 vidisti?
2499 3245 2602 3313 Qui
2633 3249 2768 3302 dixit
2799 3267 2812 3302 :
2846 3248 3224 3320 Nequaquam.
3253 3251 3319 3306 Et
3355 3253 3442 3321 ip-

1877 3351 1998 3388 smn
2049 3336 2334 3400 allocutus,
2395 3337 2609 3392 dimisit
2657 3339 2898 3408 (65-64).
2955 3341 3080 3397 Fuit
3135 3345 3227 3412 qui
3283 3345 3442 3410 dixit,

1877 3425 2040 3494 quod,
2073 3426 2213 3478 sicut
2244 3440 2402 3479 nemo
2431 3427 2484 3480 in
2525 3428 2722 3497 palatio
2753 3438 2988 3499 gestaret
3021 3432 3442 3499 splendidiorem

1877 3525 2104 3583 vestem,
2140 3533 2304 3586 quam
2337 3519 2475 3587 ipse.
2513 3521 2734 3588 quando
2763 3521 2991 3589 degebat
3023 3525 3074 3577 in
3119 3526 3237 3578 aula
3281 3527 3446 3595 impe-

1876 3610 2108 3676 ratoris;
2136 3612 2215 3664 sic
2247 3627 2407 3664 nemo
2440 3627 2550 3680 prae
2597 3614 2712 3682 ipso
2748 3614 2890 3668 alius
2923 3618 3146 3684 gestarit
3173 3618 3442 3683 viliorem,

1877 3708 2159 3768 postquam
2183 3700 2248 3753 ad
2280 3709 2482 3754 emtum
2526 3700 2765 3756 Sceticos
2795 3705 3121 3759 accessisset
3145 3707 3255 3776 (65)
3306 3709 3444 3762 Cum

1875 3790 2164 3858 aliquando
2194 3791 2246 3843 in
2278 3790 2421 3846 Sceti
2453 3791 2697 3859 pauculae
2726 3793 2919 3847 caricae
2951 3794 3432 3863 distribuerentur;

1874 3895 1968 3934 eas
2025 3889 2282 3948 tanquam
2336 3896 2420 3935 res
2471 3881 2626 3933 nihili
2672 3882 2900 3936 Arsenio
2931 3897 3034 3936 non
3069 3885 3350 3950 miserunt,
3386 3899 3445 3941 ut

1877 3986 1944 4025 ne
2003 3971 2197 4037 injuria
2243 3970 2562 4025 alliceretur.
2601 3971 2721 4036 Quo
2778 3973 2986 4039 audito,
3045 3989 3153 4028 non
3205 3978 3347 4030 venit
3375 3979 3444 4032 ad

1877 4063 2158 4117 collectam
2220 4077 2406 4128 senex,
2461 4062 2693 4116 dicens:
2749 4061 3086 4133 Segregastis
3148 4081 3271 4131 me,
3333 4084 3444 4124 non

1877 4152 2056 4206 dando
2095 4153 2224 4204 mihi
2273 4152 2542 4220 eulogiam
2579 4151 2711 4220 (66),
2765 4167 2928 4220 quam
2969 4154 3119 4208 misit
3151 4153 3293 4209 Deus
3327 4155 3441 4211 fra-

1877 4242 2092 4306 tribus;
2133 4255 2294 4309 quam
2330 4255 2437 4293 non
2470 4254 2592 4294 sum
2631 4240 2830 4310 dignus
2860 4242 3129 4310 accipere.
3163 4243 3227 4297 Et
3260 4246 3446 4300 audie-

1878 4341 2008 4385 runt
2039 4347 2249 4393 omnes,
2280 4329 2640 4398 aediﬁcatique
2682 4339 2810 4387 sunt
2853 4332 2906 4385 in
2938 4331 3247 4387 humilitate
3273 4337 3442 4392 senis.

1879 4423 1945 4477 Et
1984 4423 2172 4479 abiens
2203 4423 2484 4492 presbyter
2513 4420 2625 4493 (67)
2653 4425 2811 4479 duxit
2847 4425 3024 4495 ipsum
3059 4425 3126 4479 ad
3159 4427 3444 4483 collectam

1808 4514 1849 4567 D
1877 4531 2001 4569 cum
2029 4515 2244 4584 gaudio.

1953 4606 2039 4657 Η.
2081 4607 2160 4659 Ad
2210 4607 2344 4673 haec,
2408 4607 2552 4675 quod
2617 4607 2974 4676 interrogaret
3025 4607 3181 4673 alios,
3235 4624 3446 4679 suoque

1875 4695 2192 4764 neutiquam
2222 4695 2490 4749 arbitratu
2516 4695 2859 4764 procederet,
2900 4711 3080 4750 nonne
3118 4697 3444 4754 humilitatis

1880 4795 1962 4839 est
1988 4785 2168 4852 opus?
2211 4785 2424 4839 tametsi
2460 4785 2672 4846 notitia,
2709 4784 3060 4853 intelligentia
3089 4799 3155 4838 ac
3179 4787 3444 4854 sapientia

1881 4875 2270 4929 ornatissimus
2297 4874 2456 4928 foret.
2513 4875 2647 4928 Dum
2702 4875 2887 4942 itaque
2924 4876 3162 4941 quodam
3201 4885 3446 4944 tempore

1880 4965 2194 5034 Egyptium
2260 4967 2497 5035 aliquem
2561 4974 2973 5034 percontaretur
2995 4965 3064 5020 de
3108 4967 3448 5035 cogitationi-

1878 5057 1980 5113 bus
2007 5058 2145 5121 suis,
2174 5058 2314 5114 alius
2339 5059 2558 5128 quidam
2589 5059 2819 5112 fratrum
2865 5057 3043 5127 ipsum
3071 5059 3443 5130 conspicatus,

1718 5190 1953 5247 NOTAE.

279 5306 398 5372 (6|)
439 5303 531 5375 Ἰξῷ
553 5302 830 5375 πάπᾳᾼιε
850 5315 1073 5361 vocatus
1095 5306 1196 5360 fuit
1213 5306 1520 5375 patriarcha
1545 5307 1777 5361 Alexan-

210 5377 424 5429 drinus.
468 5373 681 5445 Videsis
723 5373 1049 5428 Glossarium
1088 5373 1329 5430 ercum
1374 5377 1586 5445 Cangii.
1617 5378 1777 5431 Cote-

212 5445 308 5500 ler.
354 5445 522 5516 habet
559 5443 924 5516 τῷ-ιέακαρίῳ
964 5446 1204 5514 Θεοφίλῳ
1235 5445 1311 5516 τῷ
1343 5443 1773 5516 ἀρχιεπισκὸπῳ.

282 5515 429 5584 (6η
465 5511 569 5566 γει.
610 5511 744 5584 re.
777 5511 906 5584 lu);
942 5528 1024 5576 ιιι,
1072 5511 1192 5584 pag.
1243 5511 1467 5579 sine:
1505 5516 1673 5572 libell.
1716 5511 1775 5583 2,

215 5582 365 5638 num.
400 5583 432 5633 7
463 5600 476 5635 :
512 5582 1000 5652 etiapulthoteler.
1031 5582 1163 5652 pagf
1187 5585 1309 5638 360.

281 5653 496 5722 (63-64)
545 5651 657 5722 Vit.
689 5649 804 5704 PP.
849 5652 942 5706 lili.
975 5649 1230 5717 v,'libell.
1278 5654 1361 5721 18,
1399 5669 1550 5708 num.
1587 5655 1638 5720 1,
1663 5655 1769 5711 Co-

217 5722 367 5776 teler.
403 5737 524 5789 pag.
564 5721 687 5774 360.

284 5788 425 5864 (65);
464 5790 566 5864 ιίίι.
613 5789 751 5864 _PP.
788 5788 1036 5864 Iib.__us.
1086 5809 1209 5864 pag.
1261 5793 1385 5861 506,
1443 5793 1610 5849 libell.
1673 5796 1766 5862 ιδ,

218 5875 367 5917 num.
395 5860 450 5930 6,
473 5859 709 5917 Coleler.
743 5875 862 5932 pag.
893 5860 1014 5915 555.

1955 5309 2066 5379 (66)
2107 5309 2392 5377 Εὑλογίαν.
2424 5308 2521 5365 llic
2545 5309 2781 5379 intellige
2801 5308 3039 5364 edulium
3070 5309 3444 5367 benedictione

1883 5382 2184 5434 sacerdotis
2233 5391 2634 5444 consecratum,
2673 5382 2815 5448 quod
2867 5390 2988 5448 post
3039 5379 3229 5433 Missas
3281 5382 3443 5434 alicui

1882 5450 2010 5503 dare
2066 5451 2147 5504 vel
2195 5451 2588 5512 transmittere,
2625 5459 2742 5503 erat
2779 5450 2994 5512 signum
3038 5451 3443 5505 communionis

1880 5530 1932 5574 et
1961 5520 2268 5586 cliaritatis,
2301 5520 2376 5573 uti
2413 5519 2616 5574 videsis
2645 5520 2787 5588 apud
2820 5518 3178 5589 Rosweydum
3207 5519 3260 5572 in
3295 5519 3442 5574 Ono-

1880 5603 2124 5643 ηιαειιεο.

1949 5661 2061 5729 (67)
2100 5660 2334 5729 Coteler.
2368 5675 2490 5726 pag.
2520 5658 2623 5711 356
2661 5658 2852 5729 addit:
2895 5677 2911 5707 ι
2947 5658 3168 5714 Carieas
3205 5659 3254 5729 ei
3283 5659 3440 5712 detu-

1878 5727 1967 5796 lit;
2000 5749 2016 5780 ›
2039 5737 2092 5783 et
2125 5730 2226 5782 Vit.
2253 5728 2360 5780 PP.
2387 5729 2479 5782 lib.
2509 5745 2559 5794 v,
2581 5728 2745 5785 libell.
2775 5728 2862 5794 55,
2891 5745 3040 5783 num.
3063 5729 3128 5784 δι
3157 5749 3173 5782 ι
3199 5727 3440 5785 Portavit

1875 5801 1922 5854 ei
1956 5800 2020 5855 de
2048 5800 2242 5854 caricis
2281 5800 2406 5854 illis.
2439 5821 2453 5849 ι
