3926 6446
449 447 558 512 863

1649 433 1708 491 S.
1748 424 2140 489 THEODORI
2191 415 2533 480 STUDITIE

3573 404 3679 469 864

449 558 626 614 dixit:
681 549 828 607 Abba
876 548 1090 614 Arseni,
1131 547 1407 618 quomodo
1436 552 1516 609 tu,
1553 543 1648 612 qui
1679 548 1830 594 tanta
1858 537 2006 592 vales

2143 531 2207 601 ὴν
2235 531 2328 582 καὶ
2366 525 2684 597 Ἑλληνικὴν
2727 523 3108 592 ἐπιστάμενος,
3140 520 3326 574 τοῦτον
3355 519 3445 571 τὸν
3489 519 3681 588 ἀγροῖο

449 649 753 706 eruditione
786 647 1025 698 Romana
1070 659 1132 697 ac
1155 643 1364 703 Graeca,
1399 646 1666 708 agrestem
1699 637 1859 689 istum
1894 647 2008 700 per-

451 740 697 798 contaris
750 739 814 792 de
865 737 970 791 tuis
998 731 1460 802 cogitationibus?
1493 727 1594 782 Cui
1626 727 1814 780 beatus
1851 739 1865 776 :
1896 722 2006 776 Ro-

454 849 668 889 manam
713 830 932 900 quidem
965 838 1018 881 et
1046 827 1286 880 Graecam
1329 822 1670 891 disciplinam
1699 817 1810 889 (68)
1842 817 1964 870 novi
1992 832 2006 879 ;

453 925 800 994 alphabetum
841 937 968 974 vero
993 918 1160 987 hujus
1205 917 1431 985 agrestis
1471 912 1699 968 necdum
1725 909 1910 964 didici.
1950 906 2014 960 Et

451 1033 579 1070 vero
602 1015 855 1083 quidnam
885 1022 1106 1066 sanctus
1132 1009 1403 1077 signiﬁcat
1443 1005 1546 1059 hac
1581 1003 1672 1057 re?
1699 999 1874 1067 Quod,
1910 998 2014 1053 nisi

451 1109 574 1177 quis
605 1123 698 1176 per
747 1120 928 1158 veram
977 1103 1334 1156 humilitatem
1383 1108 1507 1152 ante
1539 1095 1719 1151 omnia
1761 1091 2015 1162 alphabe-

452 1210 566 1253 tum
597 1199 787 1257 discat,
822 1196 874 1249 in
905 1194 1159 1248 secundis
1201 1206 1406 1260 ponens
1449 1200 1706 1256 tanquam
1743 1185 1794 1238 in
1833 1198 2017 1237 acces-

452 1289 602 1343 sorio
654 1299 868 1339 omnem
917 1282 1247 1336 mundanam
1299 1277 1664 1346 sapientiam,
1721 1272 1932 1328 etiamsi
1965 1271 2016 1323 iu

454 1379 600 1434 omni
641 1376 968 1431 exercitatus
1006 1373 1168 1427 fuerit
1198 1370 1506 1439 disciplina,
1548 1381 1730 1420 revera
1780 1363 1934 1418 rudis
1964 1371 2020 1416 et

457 1468 863 1522 iudoctissimus
893 1464 984 1519 sit.
1018 1462 1215 1516 lterum
1250 1461 1431 1528 itaque
1473 1456 1824 1524 interrogavit
1849 1470 1972 1509 eum
2002 1471 2015 1506 :

453 1559 739 1625 Quomodo
765 1573 860 1612 nos
887 1571 948 1610 ex
975 1562 1121 1610 tanta
1147 1552 1451 1608 eruditione
1473 1559 1527 1604 et
1571 1548 1855 1617 sapientia,
1887 1544 2018 1598 nihil

455 1648 632 1721 [hom]
668 1648 970 1711 habemus;
1030 1643 1267 1715 IEgyptii
1307 1653 1484 1695 autem
1527 1639 1613 1692 isti
1647 1646 1823 1690 tantas
1847 1635 2023 1705 possi-

455 1742 584 1797 dent
622 1739 890 1792 virtutes?
946 1737 1258 1806 Respondet
1332 1729 1593 1786 Arsenius
1627 1746 1639 1782 :
1689 1727 1797 1782 Nos
1839 1742 1903 1780 ex
1935 1740 2024 1781 sa-

458 1833 656 1902 pientia
721 1829 906 1884 mundi
963 1828 1098 1882 nihil
1166 1827 1476 1881 habemus:
1526 1831 1608 1875 ast
1677 1820 1751 1874 illi
1789 1817 2020 1889 Egyptii

456 1933 510 1979 et
552 1925 731 1977 idiota:
782 1935 851 1976 ex
909 1919 1027 1975 suis
1074 1917 1352 1972 laboribus
1411 1919 1796 1981 compararunt
1858 1912 2026 1963 virtu-

456 2018 538 2064 tes
563 2010 698 2078 (69).

534 2101 619 2154 15.
658 2100 858 2153 Praeter
899 2095 1280 2156 humilitatem,
1327 2108 1530 2162 pernox
1559 2093 1721 2146 etiam
1750 2097 1868 2144 erat
1896 2103 2023 2144 san-

460 2203 603 2254 ctus,
636 2199 877 2245 sanctam
903 2188 1108 2257 jugiter
1137 2185 1434 2254 lacrymam
1466 2197 1620 2238 suam
1649 2180 1983 2251 proluudens
2010 2196 2024 2231 :

460 2281 610 2338 omni
660 2281 860 2348 quippe
899 2287 1139 2345 tempore
1194 2275 1320 2328 vitae
1342 2288 1483 2338 sum,
1511 2288 1621 2343 quo
1655 2272 1721 2326 ad
1749 2286 1885 2340 opus
1909 2285 2028 2323 ma-

463 2389 634 2428 nuum
665 2371 906 2432 sedebat,
940 2381 1179 2436 pannum
1216 2366 1470 2436 gestabat
1518 2365 1571 2418 in
1603 2366 1726 2419 sinu
1759 2363 2030 2433 lacryma-

466 2482 584 2520 rum
612 2480 801 2528 causa,
835 2478 900 2516 ex
926 2459 1104 2514 oculis
1146 2458 1264 2528 ejus
1292 2458 1602 2512 cadentium
1641 2456 1776 2524 (70).
1807 2456 1885 2508 Ad
1915 2455 2030 2508 hac

466 2559 641 2614 inerat
666 2556 768 2624 ipsi
807 2553 1114 2623 vigiliarum
1151 2553 1323 2619 gratia
1375 2563 1541 2618 supra
1573 2562 1736 2616 quam
1771 2546 1876 2600 dici
1911 2560 2029 2613 pos-

466 2648 559 2704 sit.
591 2643 895 2714 Aliquando
930 2641 1093 2711 igitur
1121 2637 1332 2692 vocavit
1362 2633 1477 2708 (71)
1507 2636 1758 2690 abbatem
1792 2635 2030 2688 Alexan-

467 2739 624 2793 drum
681 2751 746 2790 ac
798 2733 1030 2798 Zoilum,
1086 2729 1390 2797 discipulos
1453 2743 1602 2790 suos,
1639 2741 1806 2796 seque
1857 2727 2031 2794 ipsum

469 2826 782 2891 hutnilians,
818 2824 996 2877 dixit:
1041 2818 1489 2888 Quandoquidem
1536 2817 1811 2872 daemones
1856 2815 2034 2882 impu-

469 2927 636 2989 gnant
662 2931 766 2981 me,
815 2930 879 2970 ac
912 2912 1099 2968 nescio
1125 2927 1191 2966 an
1232 2911 1286 2964 in
1320 2923 1514 2965 somno
1545 2909 1677 2962 mihi
1701 2908 2032 2976 subrepant;

471 3021 682 3062 noctem
719 3007 858 3060 hanc
913 3004 1130 3072 vigilate
1182 3014 1419 3062 mecum,
1458 3008 1513 3053 et
1558 2999 1867 3060 observate,
1905 3011 2034 3049 num

470 3099 526 3152 in
556 3095 835 3166 pervigilio
855 3093 1163 3148 dormitem.
1199 3089 1366 3158 igitur
1393 3103 1422 3140 a
1460 3085 1767 3152 vespertino
1799 3093 2039 3148 tempore

2108 639 2201 674 κον
2231 619 2360 688 περὶ
2384 618 2492 670 τῶν
2536 617 2645 670 σῶν
2673 617 2880 687 ἐρωτᾷς
2901 613 3176 683 λογισμῶν
3197 629 3211 678 ;
3236 611 3345 665 Kal.
3365 610 3393 662 6
3415 612 3685 679 μακάριος

2109 713 2211 781 ἔφη
2235 726 2250 741 ⁸
2278 711 2396 779 Τὴν
2429 710 2524 780 μὲν
2565 706 2880 777 Ῥωμαϊκὴν
2911 705 3007 758 καὶ
3049 701 3370 772 Ἑλληνικὴν
3401 699 3686 751 παίδευσιν

2110 800 2359 869 ἵσταμαι,
2383 797 2473 849 τὸν
2495 796 2552 848 δὲ
2577 795 2884 864 άλφάῦητον
2905 792 2999 845 τοῦ
3029 791 3286 860 ἀγροίκου
3316 789 3506 841 τούτου
3532 785 3688 838 οῦπω

2114 888 2428 958 μεμάθηκα.
2459 885 2524 937 Τί
2588 884 2738 953 δηλοῖ
2797 883 2826 935 6
2858 881 3010 947 ἅγιος
3065 882 3121 932 ὲν
3168 878 3376 946 τούτῳ;
3413 877 3535 928 Ὀτι
3583 875 3690 927 κᾶν

2113 982 2292 1032 πᾶσαν
2332 977 2612 1030 παίδευσιν
2736 991 2820 1036 τις
2854 969 3192 1042 ὲξησκηκὼς,
3233 971 3308 1039 μὴ
3336 968 3434 1038 τὴν
3472 966 3559 1020 διὰ
3589 983 3690 1019 τα-

2115 1069 2422 1132 πεινώσεως
2458 1066 2690 1138 ἀληθοῦς
2717 1065 3032 1134 ἁλφάόητον
3064 1064 3122 1115 ὲν
3150 1059 3384 1133 πρώτοις
3419 1059 3602 1129 μάθοι,
3634 1059 3692 1109 ὲν

2122 1159 2360 1229 δευτέρῳ
2389 1158 2559 1218 τιθεὶς
2579 1158 2654 1219 ὼς
2676 1159 2733 1210 ὲν
2763 1156 3025 1226 παρέργῳ
3057 1155 3236 1207 πᾶσαν
3269 1151 3460 1219 σοφίαν
3495 1166 3694 1217 κοσμι-

2116 1249 2240 1319 κὴν,
2268 1249 2589 1311 ἀπαίδευτός
2621 1250 2737 1301 ἐστι
2765 1247 2843 1317 τῷ
2869 1247 3002 1309 ὄντι,
3029 1245 3120 1298 καὶ
3147 1242 3542 1313 ἀμαθέστατος.
3578 1241 3695 1292 Πά-

2117 1341 2202 1392 λιν
2235 1337 2325 1392 οῦν
2352 1339 2705 1410 ἐπηρώτησεν
2727 1339 2908 1392 αὐτόν·
2948 1336 3070 1398 Πῶς
3092 1336 3252 1405 ἡμεῖς
3281 1332 3388 1387 ἀπὸ
3418 1331 3696 1400 τοσαύτης

2121 1431 2450 1494 παιδεύσεως
2506 1431 2599 1483 κα)⁵
2649 1429 2841 1497 σοφίας
2890 1427 3042 1481 οῦδὲν
3089 1427 3324 1497 ἔχομεν,
3352 1418 3498 1480 οῦτοι
3536 1423 3594 1476 δὲ
3643 1423 3694 1473 oi

2119 1522 2405 1589 Αἰγύπτιοι
2433 1520 2698 1583 τοσαύτας
2728 1518 2926 1589 ἀρετάς
2953 1518 3242 1585 κέκτηνται
3265 1534 3280 1583 ;
3303 1515 3467 1584 Λέγει
3490 1513 3644 1582 αὐτῷ
3667 1515 3697 1565 6

2134 1613 2440 1684 Ἀρσένιος·
2483 1613 2676 1681 Ἡμεῖς
2707 1611 2815 1664 ἀπὸ
2844 1610 2944 1679 τῆς
2983 1608 3075 1661 τοῦ
3109 1608 3316 1677 κόσμου
3354 1605 3696 1664 παιδεύσεως

2122 1706 2275 1760 οὐδὲν
2304 1705 2499 1773 ἔχομεν
2520 1720 2533 1734 ο
2567 1697 2713 1756 οῦτοι
2739 1701 2795 1754 δὲ
2822 1703 2872 1754 oi
2908 1701 3194 1768 Αἰγύπτιοι
3228 1700 3323 1752 καὶ
3348 1697 3556 1751 ἰδιῶται
3585 1696 3699 1749 ἀπὺ

2128 1796 2274 1849 ίδίων
2304 1795 2488 1848 κόπων
2517 1793 2816 1860 ἐκτήσαντο
2845 1792 2943 1854 τὰς
2967 1791 3186 1862 ἀρετάς.

2200 2077 2281 2130 ιε’.
2316 2076 2458 2144 Πρὸς
2502 2075 2559 2128 δὲ
2597 2074 2695 2146 τὴν
2725 2071 3246 2144 ταπεινοφροσύνην,
3281 2072 3371 2124 καὶ
3400 2069 3704 2123 εύκατάνυ-

2127 2186 2254 2232 κτος
2293 2163 2363 2238 ἦν
2393 2169 2423 2220 6
2451 2168 2624 2234 ἅγιος,
2652 2163 2900 2236 προχέων
2947 2163 3187 2226 ἁεννὰως
3215 2163 3276 2215 τδ
3308 2161 3452 2232 ἱερὸν
3487 2160 3702 2213 ἐκείνου

2126 2257 2360 2327 δάκρυον
2384 2272 2398 2286 ο
2430 2254 2551 2308 ὅλον
2583 2254 2691 2324 γὰρ
2731 2253 2821 2306 τὸν
2844 2253 3032 2322 χρόνον
3070 2252 3168 2322 τῆς
3193 2250 3339 2320 ζωῆς
3369 2247 3534 2305 αὐτοῦ
3568 2248 3705 2301 καθ-

2129 2349 2383 2418 εζόμενος
2409 2348 2491 2410 είς
2518 2345 2581 2400 τὸ
2610 2345 2922 2416 ἐρχόμενον,
2951 2345 3116 2416 ῥάκος
3148 2338 3293 2413 εἶχεν
3323 2343 3381 2395 ὲν
3401 2341 3481 2411 τῷ
3509 2341 3702 2409 κόλπῳ

2131 2439 2289 2509 χάριν
2313 2437 2422 2491 τῶν
2450 2437 2721 2506 δακρύων,
2745 2435 2854 2489 τῶν
2878 2435 3187 2488 πιπτόντων
3229 2433 3336 2486 άπὸ
3360 2432 3471 2485 τῶν
3507 2431 3710 2499 όφθαλυ

2135 2531 2251 2598 μῶν
2275 2527 2462 2581 αὑτοῦ.
2507 2529 2723 2597 Ηροσῆν
2756 2527 2991 2603 δὲαύτῷ
3033 2527 3127 2578 καὶ
3164 2525 3227 2578 τὸ
3255 2525 3354 2593 τῆς
3395 2523 3708 2593 ἀγρυπνίας

2134 2622 2379 2688 χάρισμα
2415 2608 2729 2688 ὑπερφυῶς.
2766 2616 2901 2668 ῐιοτὲ
2942 2615 3036 2670 οῦν
3079 2615 3303 2667 ἐκάλεσε
3325 2616 3416 2667 τόν
3441 2631 3498 2666 τε
3532 2612 3709 2666 ἀόὁᾶν

2148 2709 2489 2778 Ἀλέξανδρον
2529 2711 2621 2761 καὶ
2664 2707 2885 2772 Ζώῐλον,
2920 2707 3047 2768 τοὺς
3097 2705 3342 2776 μαθητὰς
3384 2705 3573 2766 αὑτοῦ,
3610 2705 3711 2758 καὶ

2135 2801 2406 2855 ταπεινῶν
2439 2800 2652 2864 ἑαυτὸν,
2678 2799 2901 2868 εἴρηκεν
2923 2813 2934 2825 ’
2981 2799 3200 2869 Ἐπειδὴ
3229 2799 3278 2850 oi
3314 2797 3568 2864 δαίμονες
3609 2815 3713 2850 πο-

2135 2893 2359 2962 λεμοῦσί
2391 2909 2481 2961 με,
2506 2893 2600 2944 καὶ
2633 2893 2733 2944 οὐκ
2779 2885 2895 2944 οἶδα
2927 2893 2975 2943 εἰ
3005 2891 3294 2943 κλέπτουσί
3329 2907 3395 2960 με
3426 2891 3484 2942 ἐν
3527 2889 3706 2960 ῦπνῳ,

2137 2985 2235 3054 τὴν
2255 2983 2422 3035 νύκτα
2444 2982 2645 3052 ταύτην
2670 2981 2967 3034 κοπιάσατε
2993 2981 3108 3050 μετ’
3133 2980 3291 3047 ἐμοῦ,
3312 2980 3406 3032 καὶ
3437 2997 3500 3049 τη
3511 2980 3714 3049 ρήσατέ

2141 3093 2230 3145 με,
2262 3077 2311 3128 εί
2334 3073 2578 3138 νυστάξω
2607 3075 2665 3125 ὲν
2693 3076 2760 3144 τῇ
2793 3073 3090 3144 ἀγρυπνία.
3120 3073 3230 3144 Καὶ
3257 3072 3516 3125 ἐκάθισαν
3550 3066 3631 3134 εἷς
3652 3073 3718 3124 ὲκ

472 3159 735 3242 sederunt
783 3183 963 3248 taciti,
1003 3195 1144 3234 unus
1173 3195 1203 3232 a
1245 3179 1450 3232 dextris
1497 3175 1663 3238 illius,
1689 3175 1825 3228 alter
1853 3189 1882 3227 a
1908 3173 2034 3226 sini-

2143 3164 2326 3228 δεξιῶν
2352 3162 2540 3230 αὑτοῦ,
2572 3165 2665 3218 καὶ
2701 3159 2788 3227 εἷς
2824 3163 2883 3230 ἐξ
2925 3163 3220 3232 εὐωνύμων
3258 3161 3420 3216 αὑτοῦ
3467 3160 3575 3215 ἀπὸ
3615 3162 3717 3230 ὀψὲ

473 3277 600 3331 stris
634 3294 647 3330 :
707 3284 760 3330 et
797 3273 932 3328 dixit
976 3281 1235 3339 uterque:
1279 3267 1391 3322 Nos
1421 3265 1801 3328 dormivimus,
1830 3271 1884 3316 et
1913 3277 2039 3316 sur-

475 3369 739 3432 reximus,
801 3379 973 3434 neque
1031 3362 1304 3417 sensimus
1349 3375 1472 3415 eum
1531 3359 1852 3413 nictantem.
1887 3355 2042 3409 Mane

481 3469 660 3511 autem
689 3454 853 3522 (Deus
889 3452 1038 3506 novit
1068 3462 1245 3504 utrum
1277 3451 1393 3519 ipse
1423 3448 1715 3512 simularit,
1746 3462 1854 3515 quo
1895 3456 2044 3514 puta.

480 3561 682 3610 remus,
705 3546 879 3614 ipsum
895 3543 1314 3603 dorntituriisse,
1333 3556 1427 3594 seu
1449 3555 1514 3593 an
1535 3538 1794 3591 naturalis
1817 3551 2042 3590 somnus

480 3651 608 3691 vere
655 3637 705 3689 ei
743 3633 1067 3702 obrepserit)
1110 3642 1190 3686 ter
1228 3631 1394 3695 llavit,
1431 3645 1494 3683 ac
1528 3644 1650 3683 mox
1680 3629 1935 3690 surrexit,
1964 3626 2044 3680 di-

478 3741 654 3783 Cens:
710 3723 1059 3778 Dormiturivi
1106 3723 1248 3774 enim
1306 3736 1454 3775 vero.
1515 3721 1579 3774 Et
1623 3722 2038 3789 respondimus:

479 3816 592 3872 Nos
623 3819 916 3870 nescimus.
949 3813 1215 3867 Caeterum
1248 3821 1460 3866 noctem
1488 3810 1601 3881 (72)
1633 3819 1802 3864 totam
1837 3809 2041 3864 transi-

481 3910 640 3977 gebat
697 3907 823 3977 vigil
851 3925 865 3971 ;
915 3915 969 3958 et
1002 3905 1230 3973 quando
1261 3920 1440 3968 mane,
1470 3914 1663 3955 natura
1692 3903 1762 3955 ita
1799 3912 2042 3969 cogente,

485 3997 730 4051 veniebat
774 3995 1127 4054 dormiturus,
1173 3993 1386 4045 dicebat
1437 4006 1629 4045 somno
1671 4008 1684 4044 :
1743 3990 2042 4053 Adesdum,

483 4103 639 4143 serve
666 4100 897 4155 nequam
925 4101 940 4148 ;
972 4083 1202 4151 adjuva;
1235 4081 1525 4149 somnique
1577 4081 1799 4149 paulum
1858 4094 2045 4147 carpe-

486 4180 597 4242 bat,
630 4177 848 4238 sedens,
870 4188 924 4229 et
943 4175 1125 4228 statim
1158 4171 1577 4241 expergeliebat.
1607 4169 1839 4238 Vespere
1867 4181 2045 4222 autem

488 4269 873 4330 Sabbatornm,
918 4272 1202 4334 postquam
1227 4262 1338 4330 (75)
1374 4261 1718 4316 illucesoebat
1746 4259 2044 4324 Dominica,

486 4355 800 4413 demittebat
856 4354 1024 4407 solem
1087 4362 1204 4420 post
1263 4365 1342 4416 se,
1392 4361 1448 4404 et
1495 4351 1817 4404 extendebat
1855 4363 2048 4402 manus

488 4462 618 4501 suas
647 4446 699 4497 in
725 4445 926 4498 omium
959 4456 1144 4504 orans,
1176 4441 1350 4493 donec
1381 4440 1573 4493 iterum
1608 4441 1688 4493 sol
1715 4437 1908 4493 faciem
1929 4437 2048 4505 ejus

2141 3256 2553 3323 σιωπήσαντες,
2608 3254 2703 3308 καὶ
2766 3250 2917 3308 εἷπον
2968 3254 3307 3324 ἀμφότεροι,
3363 3255 3445 3307 ὅτι
3523 3253 3719 3322 Ἡμεῖς

2141 3344 2545 3419 ἐκοιμήθημεν,
2597 3345 2692 3397 καὶ
2733 3346 3061 3416 ἁνέστημεν,
3097 3346 3191 3398 καὶ
3226 3346 3327 3397 οὐκ
3365 3344 3720 3414 ᾐσθάνθημεν

2140 3436 2301 3488 αὐτὸν
2339 3434 2701 3499 νυστάξαντα,
2739 3435 2833 3487 καὶ
2861 3436 2954 3488 ἐπὶ
2977 3434 3055 3504 τῷ
3084 3434 3248 3502 πρωῒ,
3282 3437 3310 3487 6
3337 3435 3468 3497 Θεὸς
3501 3430 3643 3486 οἶδεν
3679 3437 3712 3505 ἢ

2141 3527 2222 3578 ὅτι
2251 3526 2342 3593 ἀφ’
2369 3525 2559 3577 ἑαυτοῦ
2605 3524 2877 3593 ἐποίησεν,
2917 3525 3002 3577 ἵνα
3045 3525 3327 3594 νοήσωμεν
3369 3524 3449 3576 ὃτι
3491 3523 3722 3576 ἐνύστα-

2147 3615 2255 3679 ξεν,
2284 3616 2316 3685 ἢ
2355 3616 2437 3668 ὃτι
2472 3615 2590 3668 κατ’
2631 3615 2891 3686 ἀλήθειαν
2937 3617 2969 3684 ἡ
3002 3616 3163 3683 φύσις
3208 3615 3303 3668 τοῦ
3334 3614 3502 3668 ῦπνου
3531 3611 3718 3686 ἦλθεν,

2145 3703 2378 3771 ὲκύσησε
2435 3706 2582 3771 τρεῖς
2642 3703 2829 3766 πνοὰς,
2886 3704 2981 3757 καὶ
3033 3703 3193 3767 εὐθὺς
3242 3703 3462 3774 ἀνέστη,
3500 3704 3717 3772 λέγων’

2156 3791 2484 3856 Ἐνύσταξα,
2523 3794 2635 3846 ναί.
2670 3794 2781 3847 Καὶ
2801 3793 3198 3865 ἀπεκρίοημεν·
3235 3794 3422 3866 Ἡμεῖς
3454 3797 3554 3850 οὐκ
3581 3797 3724 3850 οἶδαο

2148 3903 2267 3956 μεν.
2311 3884 2454 3954 Πλὴν
2491 3885 2620 3954 ὅλην
2661 3886 2762 3955 τὴν
2800 3887 2968 3939 νύκτα
3011 3885 3235 3939 διετέλει
3269 3888 3586 3956 ἀγρυπνῶν,
3623 3891 3723 3942 καὶ

2144 3980 2232 4032 ὅτε
2261 3973 2390 4046 ἦλθε
2425 3974 2502 4045 τῷ
2536 3975 2678 4045 πρωϊ
2706 3977 2792 4028 διὰ
2823 3978 2922 4046 τὴν
2949 3977 3108 4044 φύσιν
3143 3977 3494 4046 καθευδῆσαι,
3532 3980 3724 4047 ἔλεγεν

2145 4067 2221 4136 τῷ
2255 4066 2429 4136 ὕπνῳ·
2481 4065 2671 4134 Δεῦρο,
2718 4068 2855 4119 κακὲ
2877 4067 3050 4132 δοῦλε,
3091 4069 3451 4138 ὑπούργησον·
3494 4071 3586 4122 καὶ
3615 4071 3724 4139 ἥρ-

2147 4159 2282 4223 παξε
2309 4159 2501 4228 μικρὸν
2527 4158 2909 4227 καθεζόμενος,
2936 4160 3030 4212 καὶ
3055 4159 3258 4221 εὐθέως
3282 4160 3534 4228 ἠγείρετο
3593 4162 3725 4232 Ὀψὲ

2147 4249 2460 4314 Σαϐϐάτων,
2489 4248 2909 4317 ὲπιφωσκούσης
2959 4249 3239 4320 Κυριακῆς
3270 4249 3396 4318 ἧφιε
3442 4249 3532 4300 τὸν
3568 4249 3724 4319 ἥλιον

2147 4340 2323 4393 ὀπίσω
2351 4338 2536 4404 αὐτοῦ,
2587 4339 2682 4391 καὶ
2725 4339 2896 4392 ἔτεινε
2937 4339 3034 4404 τὰς
3082 4341 3268 4410 χεῖρας
3307 4338 3469 4391 αὐτοῦ
3513 4341 3592 4402 εἰς
3630 4342 3726 4397 τὸν

2147 4433 2374 4503 οὐρανὸν
2421 4433 2728 4500 εὐχόμενος,
2778 4431 2882 4495 ἕως
2934 4425 2994 4485 οῦ
3048 4432 3209 4485 πάλιν
3255 4433 3284 4484 6
3340 4431 3492 4500 ἥλιος
3547 4431 3724 4501 ἐλαμ-

487 4538 880 4599 collustraret;
928 4543 982 4588 et
1024 4533 1120 4598 sic,
1159 4533 1303 4602 quod
1333 4540 1449 4587 erat
1489 4531 1783 4600 reliquum,
1816 4528 2034 4583 sedendt

2154 4524 2253 4593 ψεν
2291 4525 2370 4586 είς
2399 4522 2461 4574 τὸ
2489 4522 2780 4592 πρόσωπον
2809 4521 2994 4586 αὐτοῦ,
3035 4523 3130 4577 καὶ
3162 4521 3305 4576 οὕτω
3332 4523 3518 4576 λοιπὸν
3553 4524 3725 4577 ἐκαθ-

489 4627 817 4685 insumebat.

560 4744 650 4798 l6.
693 4741 925 4794 Eﬂ’atum
979 4747 1161 4794 autem
1218 4738 1323 4793 hoc
1373 4738 1532 4793 beato
1576 4747 1694 4793 erat
1745 4738 2046 4793 familiare:

487 4835 639 4904 quod
668 4833 783 4904 (74)
818 4832 1086 4888 suﬂiceret
1111 4831 1380 4885 monacho
1407 4846 1501 4900 per
1515 4845 1678 4884 unam
1709 4831 1897 4885 horam
1923 4831 2050 4884 dor-

489 4927 648 4988 mire,
679 4925 839 4979 modo
866 4924 1061 4992 pugilis
1085 4924 1131 4978 is
1156 4937 1354 4977 nomen
1382 4931 1706 4977 mereretur.
1736 4922 1812 4976 Ac
1833 4923 2011 4976 denuo
2035 4943 2048 4977 :

489 5017 790 5075 Monachus
834 5016 1156 5087 peregrinus
1183 5015 1297 5084 (75)
1344 5015 1398 5068 in
1437 5015 1658 5084 regione
1696 5015 1894 5080 aliena,
1919 5017 2051 5070 nulli

2155 4615 2326 4676 έζετο.

2227 4731 2324 4795 ις’.
2357 4732 2542 4800 Φέρων
2565 4730 2621 4783 δὲ
2640 4725 2708 4799 ἦν
2729 4729 2816 4783 διὰ
2845 4727 3096 4798 γλώσσης
3121 4729 3150 4780 6
3191 4727 3456 4798 μακάριος
3481 4727 3575 4780 καὶ
3594 4728 3724 4781 τοῦ-

2155 4839 2214 4876 το
2238 4837 2251 4850 ·
2278 4823 2359 4875 ὃτι
2383 4821 2613 4890 ἀρκετὸν
2636 4820 2714 4888 τῷ
2740 4819 2976 4888 μοναχῷ,
3003 4820 3092 4871 ἵνα
3117 4819 3374 4888 κοιμᾶται
3401 4819 3526 4888 μίαν
3549 4817 3724 4891 ὤραν,

2159 4911 2254 4964 ὲάν
2282 4911 2429 4961 ἐστιν
2459 4910 2787 4977 ἀγωνιστής.
2826 4909 2936 4962 Καὶ
2973 4909 3138 4961 πάλιν
3163 4950 3177 4974 ,
3218 4909 3299 4962 ὅτι
3355 4907 3517 4970 Ξένος
3561 4926 3729 4978 μονα-

2160 5001 2252 5072 χὸς
2280 5004 2359 5065 εἰς
2391 5001 2680 5070 ἀλλοτρίαν
2713 4999 2896 5070 χώραν
2940 4999 3105 5069 μηδὲν
3132 4999 3430 5070 μεσαζέτω,
3459 4999 3550 5052 καὶ
3591 5001 3728 5053 ἀνα-

1995 5108 2226 5168 NOTAE.

565 5201 679 5270 (68)
729 5199 837 5255 Vit.
871 5199 982 5253 PP.
1015 5198 1111 5270 lib.
1135 5211 1189 5261 ν,
1221 5196 1389 5252 libell.
1421 5197 1510 5263 15,
1541 5211 1697 5251 num.
1722 5196 1781 5261 7,
1811 5197 2052 5253 addunt:

498 5293 518 5324 ε
550 5267 825 5335 Quantum
851 5270 916 5323 ad
948 5267 1231 5324 saxulum.
1264 5284 1283 5318 ι

564 5341 677 5411 (69)
729 5339 834 5400 γει,
1018 5338 1114 5390 lib.
1150 5352 1205 5411 Χ,
1238 5335 1405 5411 libell.
1438 5336 1527 5401 10,
1549 5349 1728 5411 _num.
1762 5335 1796 5389 5
1836 5347 2060 5411 narrant

495 5404 804 5464 ea'di'xisse
831 5428 850 5459 ι
878 5409 1125 5463 abbatem
1150 5406 1464 5474 Evagrium.
1490 5425 1510 5457 ι
1540 5404 1773 5459 Coteler.
1808 5420 1928 5474 pag.
1956 5407 2060 5459 553

496 5489 552 5534 et
580 5479 726 5533 354:
765 5497 783 5529 ι
812 5478 958 5532 Dixit
994 5476 1192 5545 aliquis
1235 5477 1392 5530 beato
1439 5474 1668 5530 Arsenio
1698 5493 1710 5528 :
1746 5475 1865 5539 Quo
1899 5478 2060 5530 modo

499 5566 618 5610 1108,
655 5567 672 5598 ι
707 5559 811 5601 CIC.

570 5618 685 5688 (70)
735 5618 860 5688 Vit._
886 5615 1003 5688 PP.
1043 5615 1136 5667 lib.
1167 5630 1218 5688 ν,
1254 5616 1416 5688 libell.
1448 5616 1500 5688 5,
1536 5630 1686 5688 ιιιιιηζ
1733 5615 1780 5666 1.
1814 5615 2029 5666 (Intoler

497 5684 623 5757 pag.
669 5684 795 5741 370.
841 5686 916 5740 De
967 5685 1122 5757 iletus
1165 5686 1496 5757 abundantia
1543 5686 1597 5739 in
1645 5684 1847 5738 Comm.
1894 5701 2047 5750 pt'a’t‘.

500 5755 652 5813 itum.
686 5759 786 5819 45;
825 5767 877 5810 et
908 5755 1046 5810 infra
1081 5771 1228 5808 num.
1258 5756 1348 5807 ‘25.

572 5827 682 5899 (71)
723 5829 847 5884 Haec
876 5846 893 5880 ι
936 5824 1177 5881 narravit
1225 5826 1389 5880 abbas
1424 5824 1611 5879 Daniel
1649 5843 1665 5876 ι
1718 5823 1858 5893 apud
1897 5821 2051 5876 (Ioles

2160 5206 2258 5259 ler.
2292 5219 2414 5324 pag.
2447 5203 2572 5256 3'71.

2179 5344 2191 5352 _
2233 5274 2346 5352 (7ζ)
2384 5273 2622 5352 Coteler.
2662 5286 2806 5352 _pag.
2842 5269 2947 5352 3556
2977 5287 2990 5324 :
3020 5268 3282 5352 «Retulit
3329 5271 3496 5328 abbas
3534 5272 3728 5352 Daniel

2162 5340 2458 5395 deabhate
2484 5343 2734 5406 Arsenio,
2764 5340 2910 5410 quod
2948 5351 3162 5410 noctem
3201 5351 3391 5410 totam,
3424 5361 3440 5394 ι
3471 5352 3575 5397 etc.
3622 5344 3726 5400 l'it.

2166 5411 2274 5464 PP.
2319 5413 2414 5464 lib.
2451 5427 2504 5473 ν,
2541 5412 2704 5465 libell.
2744 5411 2798 5475 4,
2834 5426 2984 5463 num.
3014 5409 3048 5460 2
3077 5412 3238 5464 etiam
3282 5409 3486 5466 Danicli
3529 5430 3729 5468 narra-

2161 5484 2362 5536 tionem
2405 5481 2674 5534 tribuunt.

2230 5552 2342 5617 (75)
2390 5549 2495 5621 l’it.
2538 5549 2650 5621 PP.
2675 5550 2839 5604 libell.
2872 5552 2923 5612 4,
2952 5566 3101 5603 num.
3128 5548 3414 5621 ﬁcoteler.
3443 5567 3565 5621 pag.
3597 5552 3724 5607 556.

2231 5621 2342 5687 (7i)
2394 5620 2498 5672 Vit.
2533 5620 2651 5671 PP.
2689 5621 2842 5682 ibid.,
2874 5621 3039 5675 libell.
3080 5619 3166 5679 11),
3193 5636 3342 5673 num.
3373 5620 3424 5672 6.

2231 5689 2503 5813 gssissvu.
2533 5690 2644 5744 PP.
2690 5691 2845 5754 ibid.,
2889 5691 3058 5745 libell.
3099 5689 3186 5756 11,
3220 5707 3372 5746 num.
3420 5691 3444 5744 1
3487 5690 3726 5749 Coteler.

2160 5775 2432 5829 pag.003.
