3926 6474
204 450 308 515 865

833 445 1112 507 ORATIO
1151 445 1285 505 ΧΠ.
1314 467 1380 478 -
1415 438 1792 502 LAUDATlO
1830 436 1892 498 S.
1920 435 2232 494 ARSENII
2287 434 2826 495 ANACHOBET/E.

3355 432 3458 497 866

207 562 466 616 παύεται.
492 559 603 613 Καὶ
626 558 788 612 πάλιν
809 554 958 608 εἶπεν
973 571 988 584 ο
1027 555 1150 607 Ἐὰν
1172 554 1263 606 τὸν
1287 553 1417 605 Θεὸν
1440 552 1782 621 ζητήσωμεν,

1893 560 1947 599 se
1977 544 2194 612 negotio
2228 543 2462 596 medium
2517 543 2847 610 interponat,
2884 548 2938 594 et
2975 539 3191 608 quietus
3241 542 3363 595 crit.
3397 543 3461 597 Et

206 652 511 720 φανήσεται
545 648 699 716 ἡμῖν,
735 647 827 698 καὶ
863 644 957 697 ἐὰν
987 643 1149 695 αὑτὸν
1176 642 1562 711 κατάσχωμεν,
1605 658 1780 710 παρα-

209 743 362 812 μένει
393 742 550 809 ἡμῖν.
580 736 878 807 [εἰργάζετο
919 735 974 787 δὲ
1014 735 1107 787 καὶ
1149 736 1271 795 ταῖς
1309 733 1495 802 χερσὶν
1529 734 1557 785 ὁ
1597 730 1784 802 ’Λρσέ-

206 852 339 894 νιος,
383 828 726 897 ἀποστολικῷ
769 829 1084 897 καυχήματι
1125 825 1550 895 σεμνυνόμενος·
1587 821 1783 875 ἔπλεκε

207 924 319 992 γὰρ
349 922 449 989 τὴν
482 919 690 989 σειρὰν,
724 919 820 971 καὶ
843 917 1114 988 ἔρραπτεν
1144 916 1246 978 ἓως
1277 914 1424 986 ὥρας
1460 914 1656 981 ἕκτης·
1687 911 1784 965 καὶ

206 1013 267 1064 τὸ
299 1011 366 1082 δὴ
393 1008 728 1080 θαυμαστὸν,
771 1009 852 1061 ὅτι
891 1010 938 1060 ει
971 1007 1046 1076 μὴ
1083 1007 1230 1073 ἅπαξ
1274 1006 1367 1058 τοῦ
1408 1003 1657 1057 ἐνιαυτοῦ
1686 1004 1785 1056 οὐκ

208 1102 484 1170 ήλλασσεν
524 1098 634 1152 τῶν
669 1098 836 1168 βαῖων
862 1099 923 1150 τὸ
950 1097 1116 1169 ὕδωρ,
1145 1098 1346 1167 μᾶλλον
1377 1097 1434 1150 δὲ
1465 1095 1781 1165 προσετίθη.

209 1191 322 1243 Καὶ
352 1190 698 1258 παρεκάλουν
719 1187 884 1240 αὐτόν
909 1204 1049 1250 τινες
1071 1188 1178 1240 τῶν
1206 1186 1482 1256 Πατέρων,
1511 1186 1782 1252 λέγοντες·

209 1282 311 1334 Διά
362 1280 418 1333 τι
447 1283 554 1334 οὐκ
584 1280 874 1340 ἀλλάσσεις
901 1279 1010 1330 τῶν
1053 1278 1222 1346 βαῖων
1248 1278 1308 1330 τὸ
1337 1277 1519 1349 ὖδωρ;
1550 1279 1630 1330 ὅτι
1649 1278 1782 1341 ῦζει.

211 1372 325 1423 Καὶ
347 1371 532 1436 ἔλεγεν
552 1369 734 1432 αὐτοῖς
761 1383 774 1397 ⁸
823 1368 969 1419 Ἀντ).
990 1365 1097 1418 τῶν
1127 1365 1488 1435 θυμιαμάτων
1513 1367 1538 1406 8
1563 1365 1658 1418 καὶ
1677 1363 1786 1417 τῶν

214 1460 427 1530 μύρων,
463 1452 538 1513 ὧν
568 1459 861 1527 ἀπήλαυσα
884 1458 942 1510 ὲν
975 1455 1052 1526 τῷ
1076 1456 1284 1526 κόσμῳ,
1312 1457 1467 1526 χρεία
1494 1454 1788 1510 ἀπολαύειν

215 1569 282 1621 με
303 1552 406 1620 τῆς
429 1550 692 1613 δυσωδίας
711 1549 915 1617 ταύτης
933 1565 946 1578 τ
963 1539 1034 1600 ὀὐ
1059 1547 1133 1616 μὴ
1156 1549 1302 1617 παρῇ
1327 1549 1419 1600 καὶ
1440 1547 1499 1599 τὸ
1524 1547 1788 1615 ἐγκρατὲς

213 1646 272 1696 ὲν
331 1643 410 1712 τῷ
455 1641 682 1711 τοιούτῳ
727 1640 933 1710 σκοπῷ,
988 1640 1101 1692 ἀλλ’
1150 1639 1468 1702 ὑποπιάζων
1513 1638 1572 1690 τὸ
1605 1639 1785 1706 σῶμα,

215 1729 582 1796 ἐδουλαγώγει
605 1727 817 1790 ἑαυτὸν,
840 1728 914 1789 ώς
939 1728 1156 1796 ἀριστος
1177 1727 1552 1796 πωλοδάμνης,
1573 1727 1789 1794 φεύγων

217 1823 318 1890 μὲν
350 1821 443 1872 τὸν
473 1819 654 1891 κόρον,
683 1819 759 1881 ώς
789 1818 1051 1889 ὑϐριστὴν
1109 1819 1307 1871 πῶλον.
1337 1817 1449 1887 Τῆς
1480 1816 1698 1887 ὀπώρας
1732 1816 1788 1868 δὲ

1890 635 2089 688 iterum
2117 633 2289 688 dixit:
2336 634 2390 685 Si
2421 632 2587 686 Deum
2615 634 2726 702 (76)
2758 634 3193 702 qumsiverimus,
3231 651 3462 704 appare-

1888 726 1967 779 bit
1997 724 2154 778 nobis
2185 741 2198 777 :
2247 733 2303 779 et
2349 725 2392 777 si
2426 740 2548 778 eum
2603 726 2955 790 tenuerimus,
2995 727 3334 794 permanebit
3365 742 3464 779 no-

1889 816 2124 870 hiscum.
2156 813 2411 869 Manibus
2433 816 2594 868 etiam
2621 815 2884 869 Arsenius
2918 816 3218 880 laborabat,
3257 818 3459 884 gloria-

1889 907 2038 963 tione
2102 908 2398 977 apostolica
2473 907 2872 961 condecoratus
2910 926 2923 961 :
2956 909 3222 975 plectebat
3266 909 3464 978 quippe

1889 1009 1944 1054 et
1967 1000 2269 1054 consuebat
2300 1014 2473 1068 usque
2513 1000 2578 1052 ad
2614 999 2806 1052 horam
2840 1008 3051 1054 sextam
3089 1018 3102 1053 :
3136 1011 3298 1069 atque
3329 1001 3460 1052 illud

1891 1088 2161 1155 mirabile,
2192 1089 2342 1157 quod
2387 1103 2495 1142 non
2530 1099 2763 1144 mutaret
2793 1106 2990 1160 aquam
3026 1091 3326 1160 palmarum
3358 1091 3463 1143 nisi

1891 1181 2057 1235 semel
2107 1181 2160 1232 in
2205 1193 2373 1245 anno,
2407 1179 2499 1233 sed
2545 1180 2724 1248 potius
2769 1181 2929 1234 aliam
2980 1183 3252 1249 adjiceret.
3291 1183 3464 1250 Roga-

1903 1269 2144 1338 bantque
2190 1284 2314 1324 eum
2351 1270 2569 1338 quidam
2600 1285 2630 1323 e
2665 1271 2932 1338 patribus,
2967 1271 3204 1325 dicentes
3241 1289 3252 1324 :
3287 1271 3465 1335 Quare

1891 1376 2000 1415 non
2025 1370 2202 1415 mutas
2226 1376 2424 1430 aquam
2465 1362 2810 1430 palmarum?
2843 1364 2970 1431 quia
3017 1363 3166 1416 fetet.
3212 1363 3464 1432 Dixitque

1893 1453 2001 1506 illis
2035 1470 2048 1505 :
2100 1454 2202 1506 Pro
2231 1454 2573 1519 suﬂimentis,
2613 1462 2664 1508 et
2716 1458 3028 1522 unguentis,
3054 1455 3254 1523 quibus
3285 1457 3335 1508 in
3368 1471 3465 1510 sae-

1892 1545 2017 1598 culo
2063 1544 2303 1609 fruebar,
2359 1555 2572 1614 oportet
2625 1560 2709 1598 me
2758 1547 2836 1599 uti
2892 1546 2996 1600 isto
3040 1544 3228 1601 fetore.
3280 1546 3466 1615 Neque

1894 1635 2303 1702 temperantiam
2357 1636 2410 1688 in
2459 1636 2560 1691 hac
2589 1652 2647 1690 re
2694 1635 2796 1690 sibi
2830 1638 3164 1704 ιιι-ονοείιτιηι
3211 1637 3460 1701 habebat,

1895 1729 1987 1781 sed
2011 1728 2282 1796 castigans
2313 1743 2530 1795 corpus,
2562 1728 2614 1780 in
2646 1729 2966 1781 servitutem
2999 1729 3128 1781 illud
3163 1730 3336 1798 ipsum
3376 1746 3461 1782 reo

1895 1817 2132 1884 digebat,
2168 1827 2423 1887 tanquam
2474 1821 2716 1887 optimus
2756 1821 2879 1888 equi
2932 1821 3210 1884 domitor;
3249 1821 3462 1890 fugiens

213 1917 401 1986 πάντη
433 1917 771 1986 ἀπεχόμενος
804 1911 892 1983 ἦν.
919 1917 1096 1968 Μόνον
1125 1914 1200 1976 ὡς
1232 1915 1483 1983 ἤκουσεν,
1511 1915 1592 1965 ὃτι
1614 1912 1787 1965 ἐτέλε-

1893 1910 2217 1973 satietatem,
2263 1927 2368 1962 non
2410 1926 2567 1965 secus
2595 1927 2658 1966 ac
2696 1913 3013 1965 insolentem
3061 1913 3286 1979 pullum.
3322 1912 3461 1967 Fru-

216 2026 311 2062 σεν
345 2010 371 2048 ιι
402 2008 511 2060 πᾶν
537 2008 783 2076 γέννημα
815 2007 1058 2074 ὀπώρας,
1088 2005 1273 2072 ἔλεγεν
1300 2006 1390 2073 ἀφ’
1423 2003 1617 2056 ἑαυτοῦ
1639 2021 1652 2034 ·
1683 2003 1786 2055 Φέ-

216 2099 344 2169 ριτέ
369 2114 462 2168 μοι
485 2113 500 2127 ·
535 2096 628 2149 καὶ
649 2094 868 2162 ἐγεύετο
899 2093 1045 2157 ἅπαξ
1078 2093 1186 2146 ἀπὸ
1213 2094 1433 2146 πάντων
1461 2093 1675 2162 μικρὸν,
1701 2092 1789 2144 εὐ-

215 2189 496 2260 χαριστῶν
561 2187 638 2257 τῷ
702 2185 840 2255 Θεῷ.
901 2185 1094 2253 Ἔλεγε
1157 2186 1214 2238 δὲ
1272 2187 1300 2238 ὁ
1360 2184 1534 2246 esse;
1591 2183 1789 2254 Δανιὴλ

217 2283 351 2351 περὶ
423 2279 587 2333 αὑτοῦ
614 2319 628 2343 ,
659 2280 742 2332 ὅτι
785 2277 1032 2330 Τοσαῦτα
1064 2277 1159 2344 ἔτη
1206 2275 1419 2346 ἔμεινεν
1456 2275 1574 2346 μεθ’
1610 2274 1785 2344 ἡμῶν,

219 2373 384 2440 μόνον
431 2370 616 2424 θαλλὶν
668 2369 814 2421 σίτου
857 2367 1149 2437 ἐποιοῦμεν
1184 2365 1332 2436 αὺτῷ
1378 2365 1471 2418 τοῦ
1516 2363 1787 2426 ἐνιαυτοῦ,

218 2465 316 2515 καὶ
354 2464 446 2516 ὅτε
480 2460 858 2534 παρεϐάλομεν
894 2459 1029 2530 πρὸς
1069 2457 1255 2525 αὐτὸν,
1298 2457 1359 2523 ἐξ
1401 2455 1563 2510 αὐτοῦ
1606 2455 1791 2525 ήσθίο·

223 2569 342 2621 μεν.

295 2727 382 2791 ιζ’.
435 2726 598 2779 Ἀλλά
632 2726 740 2796 γὰρ
791 2725 884 2778 καὶ
931 2724 1193 2794 ἀκτήμων
1243 2719 1310 2796 ἦν
1358 2726 1385 2778 ὁ
1433 2724 1727 2794 ’Δρσένιος,
1763 2725 1791 2776 ὁ

220 2820 392 2882 ὅντως
424 2820 479 2869 ὲν
510 2817 734 2884 ἀγαθοῖς
758 2814 1030 2878 πλούσιος.
1061 2815 1331 2886 Ἔχρῃζον
1357 2812 1450 2868 οὖν
1471 2817 1791 2884 πράγματος

221 2905 329 2966 ἓως
363 2905 481 2965 ἑνὸς
515 2901 697 2954 λικνοῦ
739 2903 782 2967 ἱ,
818 2903 910 2954 καὶ
962 2901 1038 2971 μὴ
1086 2901 1242 2972 ἔχων,
1284 2903 1448 2955 πόθεν
1498 2905 1788 2972 ἀγοράσαι,

222 2997 386 3051 ἔλαϐε
434 2996 585 3066 παρά
619 3013 762 3058 τινος
809 2997 1052 3067 ἀγάπην,
1091 2998 1186 3050 καὶ
1232 2993 1420 3050 εἶπενο
1472 2999 1791 3068 Εὐχάριστῶ

226 3107 331 3153 σοι,
364 3086 562 3156 Κύριε,
592 3087 674 3140 ὅτι
702 3088 940 3157 ήξίωσάς
986 3106 1053 3158 με
1103 3089 1286 3142 λαϐεῖν
1335 3090 1552 3160 ἀγάπην
1597 3090 1686 3143 διὰ
1732 3091 1792 3144 τὸ

223 3178 398 3247 ὄνομά
434 3194 550 3230 σου.
579 3170 702 3230 Οῗον
733 3176 786 3229 δὲ
814 3179 908 3229 καὶ
935 3177 994 3229 τὸ
1023 3178 1194 3248 παρὸν
1224 3179 1489 3241 ἀπαθείας
1514 3178 1588 3233 ὢν
1623 3182 1790 3250 ἀκρο-

224 3269 396 3336 τάτης
444 3267 686 3320 λεκτέον.
715 3262 887 3319 Ἦλθε
933 3263 1026 3320 οὗν
1077 3285 1206 3321 ποτε
1247 3270 1383 3340 πρὸς
1429 3270 1590 3323 αὐτὸν
1632 3288 1792 3340 μαγι-

227 3358 502 3426 στριανδς,
529 3359 709 3428 φέρων
738 3357 885 3428 αὐτῷ
911 3358 1176 3430 διαθήκην
1210 3359 1576 3428 συγκλητικοῦ
1607 3361 1793 3428 αὑτοῦ,

226 3450 283 3512 ὃς
360 3449 655 3502 κατέλιπεν
708 3449 856 3520 αὐτῷ
907 3451 1273 3521 κληρονομίαν
1325 3452 1522 3523 πολλὴν
1570 3454 1793 3524 σφόδρα.

226 3543 336 3595 Καὶ
361 3542 545 3595 λαϐὼν
591 3542 760 3613 αὐτὴν
798 3542 989 3614 ἢθελεν
1015 3545 1217 3614 σχίσαι.
1255 3546 1456 3598 Ἔπεσε
1487 3546 1544 3599 δὲ
1573 3549 1600 3599 ὁ
1634 3563 1796 3615 μαγι-

229 3633 484 3704 στριανδς
531 3635 610 3696 εἰς
637 3636 766 3695 τοὺς
805 3629 972 3699 πόδας
999 3636 1162 3689 αὑτοῦ
1201 3635 1375 3705 λέγων
1398 3652 1413 3669 ⁸
1443 3637 1646 3706 Δέομαί
1680 3655 1795 3704 σου,

1887 2001 2068 2055 ctibus
2094 2001 2206 2070 (77)
2241 2002 2466 2056 omnino
2506 2002 2834 2066 abstinebat,
2876 2011 3236 2074 praiterquam
3292 2006 3462 2074 quod,

1890 2091 1982 2143 ubi
2046 2092 2316 2154 audierat,
2383 2107 2545 2147 omne
2593 2093 2872 2148 fructuum
2923 2109 3092 2164 genus
3115 2096 3462 2160 maturuisse,

1887 2195 1952 2235 ex
1981 2197 2040 2236 se
2065 2181 2309 2237 diceret:
2362 2183 2564 2238 Alferte
2610 2186 2766 2239 mihi.
2802 2186 2864 2239 Et
2901 2187 3068 2240 semel
3100 2202 3166 2240 ex
3203 2189 3463 2242 omnibus

1889 2273 2162 2327 modicum
2201 2274 2328 2342 quid
2361 2276 2636 2344 gustabat,
2667 2278 2873 2346 gratias
2915 2293 3083 2348 agens
3127 2279 3254 2334 Deo.
3283 2279 3468 2334 Abbas

1892 2364 2075 2418 Daniel
2114 2367 2179 2419 de
2205 2367 2322 2435 ipso
2347 2368 2528 2421 retulit
2560 2386 2573 2420 :
2606 2367 2896 2424 Totannos
2926 2372 3124 2426 mansit
3150 2372 3462 2436 nobiscum,

1888 2462 1944 2508 et
1968 2453 2184 2507 unicum
2224 2456 2418 2510 thallin
2456 2457 2567 2526 (78)
2623 2459 2882 2513 frumenti
2915 2462 3205 2528 quotannis
3232 2460 3331 2529 ipsi
3367 2461 3466 2514 da-

1890 2545 2139 2602 bamus:
2220 2556 2274 2602 et
2336 2550 2555 2618 quando
2616 2552 3079 2607 conreniebamus
3143 2553 3344 2622 ipsum,
3401 2569 3466 2606 cx

1890 2637 2078 2689 eodem
2110 2638 2468 2694 comedimus.

1965 2729 2054 2782 17.
2089 2728 2155 2782 Et
2191 2745 2318 2783 vero
2377 2747 2689 2800 quanquam
2741 2732 2872 2786 nihil
2923 2734 3180 2790 Arscnins
3217 2734 3465 2804 posside-

1891 2818 2004 2880 bat,
2050 2835 2175 2874 vere
2217 2831 2395 2875 tamen
2444 2823 2602 2876 bonis
2643 2823 2976 2878 abundabat.
3017 2824 3186 2878 Tanta
3234 2841 3356 2878 cum
3389 2827 3467 2878 la-

1892 2910 2108 2965 boraret
2163 2912 2274 2983 (79)
2328 2930 2507 2968 rerum
2560 2914 2764 2984 inopia,
2826 2927 2883 2969 ut
2933 2915 3014 2970 vel
3070 2931 3174 2969 una
3236 2916 3465 2970 interula

1892 3004 2033 3059 linea
2061 3006 2173 3075 (80)
2208 3008 2491 3077 indigeret,
2529 3025 2703 3080 neque
2733 3009 2956 3064 haberet
2989 3010 3132 3063 unde
3164 3025 3281 3063 eam
3315 3024 3466 3063 eine-

1891 3105 2016 3161 ret;
2074 3099 2282 3168 accepit
2341 3102 2410 3153 ab
2448 3101 2631 3169 aliquo
2686 3102 3110 3171 elcemosynam,
3171 3101 3463 3170 dixitque:

1892 3187 2106 3242 Gratias
2159 3190 2256 3243 tibi
2303 3206 2425 3259 ago,
2478 3191 2724 3256 Domine,
2778 3200 2922 3261 quod
2983 3191 3238 3259 dignatus
3278 3207 3362 3243 me
3389 3194 3467 3246 sis

1891 3280 2232 3350 eleemosyna
2279 3295 2502 3350 propter
2569 3299 2766 3338 nomen
2816 3295 2987 3338 tuum.
3059 3282 3214 3336 Nunc
3284 3292 3463 3336 autem

1890 3367 2034 3437 quod
2076 3369 2142 3423 ad
2181 3369 2631 3426 sublimissimam
2685 3373 2852 3427 animi
2880 3389 2909 3427 a
2949 3373 3454 3442 perturbationibus

1891 3459 2043 3515 liberi
2087 3461 2473 3528 perfectionem
2530 3466 2855 3533 pervenerit.
2912 3465 3074 3518 modo
3128 3466 3330 3534 pariter
3372 3466 3460 3517 di-

1892 3550 2147 3606 cendum.
2191 3551 2350 3608 Venit
2380 3556 2492 3625 (8i)
2528 3556 2594 3609 ad
2635 3571 2759 3609 cum
2795 3557 3090 3624 aliquando
3153 3558 3466 3626 magistria-

1895 3657 1998 3697 nus
2037 3645 2171 3714 (δε),
2219 3647 2468 3703 deferens
2513 3649 2561 3702 ei
2613 3657 3000 3702 testamentum
3071 3649 3173 3702 viri
3232 3649 3466 3717 alicujus

231 3723 306 3794 μή
339 3723 534 3795 σχίσῃς
567 3721 755 3794 αὑτήν,
793 3724 870 3794 μὴ
916 3723 1226 3796 δεξάμενος.
1269 3726 1412 3797 Πρὸς
1455 3725 1660 3789 τούτοις
1699 3729 1787 3781 καὶ

1904 3736 2162 3791 senatorii
2202 3739 2433 3804 ordinis,
2477 3740 2692 3809 cognati
2723 3739 2867 3809 ejus,
2908 3741 3001 3811 qui
3037 3741 3330 3810 reliquerat
3364 3741 3464 3811 ipsi

1458 3836 1696 3894 vitam
1752 3840 2158 3903 LECTIONES.
2757 3844 2762 3850 ’

311 3928 339 3966 ⁸
362 3924 600 3980 Coteler.
632 3923 962 3996 ἀρωμάτων.
1035 3926 1064 3967 ιι
1090 3925 1262 3983 Cotel.
1296 3926 1579 4000 ἐτελέσθη.
1663 3931 1679 3970 ί
1715 3929 1885 3988 λίνου.

1740 4042 1973 4101 NOTAE.

299 4130 417 4201 (76)
463 4128 699 4182 Ἐπλεκε
726 4131 834 4202 γὰρ
859 4131 958 4254 τήν
998 4130 1203 4212 σειράν.
1243 4130 1350 4184 Vit.
1384 4129 1497 4185 l’P.
1535 4132 1691 4199 ibid.,
1725 4134 1795 4189 li-

305 4203 362 4254 ll.
413 4199 470 4254 4.
512 4215 664 4252 num.
715 4201 748 4254 5
786 4219 798 4252 :
835 4220 853 4251 ι
936 4203 1145 4254 actebat
1188 4202 1440 4254 nlectam.
1477 4220 1496 4252 ι
1559 4204 1791 4254 Coteler.

233 4199 362 4255 bell.
400 4199 672 4270 Inuum:
715 4201 748 4254 5
786 4199 853 4252 τ’(
894 4199 1145 4255 Faciebat
1188 4202 1440 4270 plectam.
1477 4220 1496 4252 ι
1559 4204 1791 4260 COIeler.

235 4287 360 4343 pag.
409 4268 516 4323 357
544 4285 610 4343 :_¢
645 4266 881 4343 Pleetam
938 4266 1224 4343 texebat.)
1267 4270 1379 4343 Vox
1416 4272 1623 4338 plecta,
1675 4290 1795 4343 qme

233 4313 456 4394 :itfetur
479 4353 507 4418 ξι
539 4337 728 4418 Graeco
753 4338 1028 4418 (πλεκτὸν,
1063 4340 1246 4418 πλέκω
1277 4313 1474 4408 quippe
1499 4313 1799 4408 estfnebtoy,

235 4407 496 4476 contexo)
551 4405 773 4458 formari
827 4422 1018 4479 posse,
1066 4405 1305 4462 habenae
1342 4405 1470 4463 sunt
1511 4424 1540 4463 e
1590 4405 1802 4479 palma,

234 4480 429 4548 junco,
483 4485 672 4555 Sparto
717 4485 810 4528 aut
850 4477 1015 4560 simili
1058 4488 1446 4560 recontcittte,
1499 4493 1562 4560 εξ
1591 4477 1803 4559 :quibus

238 4546 465 4616 spartae,
511 4546 773 4604 canistra,
831 4546 1046 4616 aliaque
1093 4547 1356 4615 ejusmodi
1415 4546 1800 4604 conficiuntur.

237 4617 347 4671 Has
374 4615 614 4676 Egyptii
646 4615 833 4676 σειρὰς
863 4624 1076 4669 vorant.
1108 4618 1291 4671 Adisis
1329 4617 1608 4676 lloswevdi
1646 4629 1802 4675 notas

237 4630 347 4671 Has
374 4630 614 4684 mgyptu
646 4630 833 4684 σειράς
863 4630 1076 4669 vorant.
1108 4630 1291 4671 Ασιειδ
1329 4630 1608 4688 ιςοδψοεγιιι
1646 4630 1802 4675 notas

235 4687 290 4739 in
327 4686 477 4738 hunc
512 4687 716 4738 locum.
753 4681 976 4752 Hispani
1005 4685 1320 4753 hujnsmodi
1358 4687 1596 4742 habenas
1625 4691 1804 4741 norni-

236 4763 376 4834 nant
441 4753 678 4822 pleylas,
734 4744 1014 4834 (διέπαιξε
1070 4744 1135 4808 ἐι
1189 4758 1264 4834 ηε.
1316 4758 1680 4834 conticinntur
1727 4759 1800 4834 _fi-
1834 4744 1878 4803 ί)

235 4824 440 4885 scellae,
484 4821 616 4886 etc.,
653 4838 817 4876 seras.
856 4821 992 4877 Vide
1024 4833 1178 4879 notas
1207 4824 1480 4878 Ciacconii
1513 4828 1563 4880 ili
1589 4829 1802 4881 Cassia-

237 4908 398 4955 num,
451 4906 577 4961 pag.
623 4890 746 4944 687.
797 4892 956 4947 Locis
996 4907 1161 4961 supra
1213 4894 1299 4947 hic
1352 4894 1532 4950 citatis
1569 4896 1804 4950 refertur

237 4962 452 5016 factum
484 4975 724 5030 praesens
756 4977 819 5016 ex
849 4977 943 5015 ore
981 4963 1192 5018 abbatis
1223 4963 1477 5017 Danielis.

310 5030 426 5098 (77)
481 5029 752 5099 Ὀπώρας.
801 5029 903 5084 Vit.
937 5031 1052 5085 PP.
1089 5033 1240 5096 ibid.,
1283 5033 1444 5086 libell.
1476 5032 1531 5092 4,
1566 5048 1716 5086 num.
1747 5034 1803 5098 6,

239 5110 294 5155 et
323 5099 571 5172 Coteler.
595 5101 844 5172 pag.557
874 5109 1093 5172 vertunt
1122 5118 1414 5172 pomorum.
1450 5102 1672 5156 Factum
1703 5104 1805 5158 hoc

240 5183 506 5225 narrasse
544 5168 840 5231 Danielem,
879 5168 1137 5226 habemus
1169 5174 1431 5225 indidem.

312 5239 426 5307 (78)
470 5237 668 5289 Θαλλὶν
693 5239 839 5291 σίτου
880 5238 984 5292 Vit.
1016 5239 1126 5294 ΡΙ).
1158 5241 1288 5294 ibid.
1319 5256 1468 5293 num.
1497 5240 1530 5292 4
1558 5258 1569 5292 :
1610 5260 1627 5290 ι
1661 5239 1808 5293 Men-

239 5326 428 5363 suram
460 5322 682 5375 parvam
718 5310 911 5361 victus.
943 5328 962 5358 ι
998 5309 1230 5363 Coteler.
1274 5329 1291 5361 ι
1332 5309 1505 5362 Unum
1536 5311 1804 5372 Ihallium,

240 5392 558 5446 mensuram
611 5375 891 5430 frumenti.
925 5396 943 5427 ι
997 5381 1148 5446 Apud
1201 5379 1418 5432 Surium
1481 5396 1627 5432 num.
1689 5382 1806 5434 18:

246 5465 262 5494 ι
295 5445 573 5516 Thallium
605 5462 618 5496 :
652 5456 866 5512 oportet
900 5445 1055 5501 enim
1094 5449 1177 5502 his
1221 5450 1294 5502 uti
1336 5450 1527 5516 patriis
1577 5451 1810 5502 nomini-

241 5516 366 5586 bus.
401 5534 418 5565 ι
467 5514 721 5586 Mensura
762 5516 944 5586 itaque
985 5519 1098 5570 haec
1134 5529 1248 5571 erat
1292 5514 1432 5584 apud
1465 5517 1744 5586 Aigyptios
1779 5533 1810 5572 e

245 5585 393 5657 loliis
432 5584 663 5657 palmeis
698 5583 978 5657 coufecta;
1026 5597 1183 5655 prout
1215 5588 1486 5654 colligitur
1529 5583 1808 5657 cit—etymo

245 5654 529 5724 noininis,
547 5655 749 5724 dequo
773 5653 1039 5724 Caugiusj
1079 5666 1132 5710 et
1156 5653 1384 5712 inferius
1411 5658 1498 5710 hic
1526 5653 1806 5722 numfl7;

256 5719 336 5774 ubi
376 5737 480 5774 vox
515 5719 728 5776 θαλλῖα.

321 5791 430 5857 (59)
485 5791 744 5862 ViuPP.
775 5795 870 5850 lib.
904 5811 956 5862 ν,
992 5795 1156 5851 libell.
1194 5795 1247 5860 6,
1283 5813 1432 5850 num.
1465 5798 1517 5861 5,
1553 5805 1605 5851 ct
1648 5796 1807 5852 Cote-

253 5859 349 5915 ler.
384 5877 512 5932 pag.
547 5861 674 5915 357.

1972 4135 2086 4212 (βο)
2126 4137 2306 4212 Λίνον,
2340 4141 2484 4210 quod
2530 4143 2822 4206 substituo,
2875 4143 3016 4198 inter
3055 4143 3160 4197 alia
3199 4143 3466 4212 significat

1900 4207 2220 4286 _carbosumz
2254 4207 2545 4286 Nos-_cum,
2571 4214 2857 4286 coteleriq
2875 4227 2994 4282 pag.
3043 4213 3146 4286 557
3189 4207 3275 4267 hie
3305 4215 3465 4286 intel-

1901 4276 2119 4341 ligimus
2164 4294 2275 4332 rem
2327 4280 2565 4352 aliinem.
2615 4282 2716 4334 Vit.
2767 4276 2888 4336 PP:
2933 4276 3045 4335 rem
3087 4283 3240 4352 plane
3284 4285 3466 4352 diver-

1904 4360 2020 4421 sam
2058 4357 2283 4421 _ponunt
2349 4351 2443 4421 lib.
2498 4367 2568 4415 ν,
2625 4351 2787 4405 libell.
2839 4351 2908 4416 6,
2958 4351 3110 4421 num.
3162 4353 3196 4406 4
3226 4370 3239 4404 :
3271 4371 3288 4401 ι
3320 4351 3466 4421 Opus

1905 4412 2108 4491 habuit
2132 4417 2186 4491 in_
2230 4412 2563 4474 necessitate
2582 4436 2679 4475 sua
2710 4412 2978 4491 usquead
3010 4412 3171 4475 imam
3203 4412 3462 4491 siliquam

1903 4487 2109 4559 nummi
2135 4487 2222 4555 (de
2253 4505 2358 4557 qua
2387 4490 2626 4559 Cangius
2659 4491 2711 4544 iu
2743 4487 2917 4546 Gloss.
2947 4487 3093 4558 Lat.)
3117 4499 3168 4543 et
3201 4487 3329 4545 cuni
3357 4508 3464 4546 non

1907 4554 2194 4630 inveniret,
2229 4554 2440 4630 accepit
2472 4554 2763 4628 a'quodam
2802 4561 2946 4612 velut
2980 4554 3404 4630 eleemosynam.
3441 4581 3461 4612 ι

1907 4620 2073 4699 Vetus
2103 4620 2580 4699 interpres-legerit
2602 4631 2705 4692 ἓως
2730 4631 2893 4698 νόμον
2918 4628 3055 4692 ἑνός,
3089 4620 3305 4698 quando
3330 4633 3466 4684 scri-

1905 4693 2014 4760 psit
2065 4713 2081 4744 ι
2114 4693 2401 4768 υειῃιιοδιί-
2436 4693 2598 4752 unam
2649 4693 2901 4768 siliquam
2953 4693 3181 4752 nummi.
3213 4717 3232 4750 ι
3281 4699 3463 4753 Codex

1907 4773 2086 4840 noster
2116 4765 2180 4818 de
2210 4766 2345 4821 Vitis
2379 4766 2598 4840 Patrum
2621 4765 3097 4840 membranaeeus,
3133 4769 3324 4823 litteris
3359 4786 3463 4840 un-

1907 4833 2138 4911 cialibus
2173 4850 2266 4888 seu
2293 4836 2572 4911 quadratis
2613 4838 2750 4911 forte
2795 4854 2823 4892 a
2853 4838 3017 4911 __mille
3047 4840 3262 4892 circiter
3303 4839 3465 4892 annis

1908 4907 2175 4974 scriptus,
2233 4907 2333 4958 sub
2388 4911 2607 4961 nomine
2665 4907 2883 4960 Czesarii
2937 4922 3064 4974 ep.,
3127 4923 3190 4960 ac
3247 4917 3466 4960 notatus

1909 4969 1953 5049 0_
1984 4971 2082 5049 Ms.
2114 4973 2200 5036 ll),
2239 4973 2363 5043 legit
2393 4993 2405 5028 :
2438 4993 2456 5024 ι
2483 4975 2629 5049 Qpns
2665 4976 2847 5049 habuit
2876 4977 2929 5029 in
2965 4969 3218 5029 cessitate
3254 4977 3464 5041 (neces-

1911 5043 2089 5113 sitate)
2116 5057 2214 5094 sua
2241 5059 2415 5113 usque
2448 5046 2513 5098 ad
2532 5043 2712 5099 _unam
2748 5047 2999 5113 siliquam
3032 5060 3305 5097 nummos.
3338 5063 3356 5095 ι

1984 5109 2094 5180 (8i)
2136 5113 2236 5167 Ista
2271 5109 2561 5167 narrantur
2602 5116 2654 5168 in
2704 5115 2803 5167 Vit.
2856 5109 2971 5166 PP.
3018 5113 3373 5174 ibid.,‘|ibell.
3407 5113 3460 5178 6,

1909 5181 2150 5254 ntun.2,
2171 5191 2246 5254 Aet
2270 5185 2411 5250 apud
2435 5183 2666 5238 Coteler.
2699 5200 2823 5254 pag.
2845 5183 2949 5238 562
2977 5197 3040 5235 ex
3075 5198 3169 5254 ore
3204 5181 3460 5254 Danielis.

1983 5250 2113 5332 (822‘
2133 5250 2980 5332 Mayto'fptavdg,Mmagistrianus
3019 5252 3100 5332 viil
3121 5253 3462 5332 'magisleria-

1911 5335 2028 5372 nus.
2077 5319 2244 5371 Erant
2292 5319 2364 5374 illi
2403 5338 2465 5375 ex
2513 5319 2941 5377 ofﬁcio-militia:
2973 5319 3238 5389 palatium,
3282 5322 3372 5388 qui
3409 5331 3462 5375 et

1913 5399 2116 5459 agentes
2146 5391 2199 5440 in
2239 5391 2409 5444 rebus.
2446 5391 2598 5444 Varia
2644 5394 2708 5444 dc
2741 5394 2804 5444 iis
2839 5392 3052 5459 collegit
3098 5391 3464 5458 Ilosvweydus

1912 5460 1964 5512 in
1989 5458 2360 5531 Onomastico.
2393 5460 2600 5531 Cangio
2628 5472 2710 5514 cst
2739 5458 3243 5531 o/ﬁcialisftagistri
3275 5460 3462 5531 o/ﬂcio-

1913 5527 2160 5580 rum:lu
2211 5529 2428 5582 (Zodicis
2474 5527 2821 5598 regularum,
2871 5531 2938 5583 ab
2986 5527 3267 5582 llolﬂenio
3311 5529 3461 5590 editi,

1912 5607 2064 5666 parte
2098 5612 2155 5659 tt,
2194 5612 2312 5667 pag.
2356 5599 2481 5662 477,
2531 5595 2875 5659 Crimlaicus,
2926 5599 3063 5650 idem
3097 5599 3296 5650 factum
3337 5613 3464 5649 nar-

1914 5682 2041 5721 rans
2075 5685 2088 5718 :
2126 5684 2143 5715 ι
2182 5667 2359 5738 Venit,
2393 5669 2587 5737 inquit,
2629 5671 2847 5738 quidam
2883 5669 3062 5731 homo,
3097 5667 3463 5738 nomineMa-

1915 5740 2198 5806 gistratus,
2230 5755 2248 5787 ι
2301 5736 2659 5805 ineptissime
2688 5753 2898 5807 ponens
2946 5752 3145 5792 nomen
3188 5736 3466 5806 appellati-

1914 5822 2038 5859 vum
2067 5821 2166 5875 pro
2200 5808 2416 5862 nomine
2444 5808 2677 5876 proprio.
