3926 6446
469 429 572 498 861

1696 409 1754 467 S.
1782 397 2186 467 THEODORI
2228 392 2578 457 STUDiT/E

3634 380 3744 445 868

472 540 840 598 haereditatem
871 533 1026 589 valde
1057 543 1307 601 magnam
1346 544 1359 583 :
1402 534 1691 595 postquam
1728 521 1779 575 id
1806 518 2045 588 accepis-

2172 510 2486 581 ῖιακριτικὸς
2528 502 2868 575 ύπῆρχεν,εῐ
2922 516 3055 552 ποτε
3093 497 3257 570 ἦρετό
3286 512 3387 559 τις.
3425 496 3747 567 Πυθομένου

473 646 578 695 set,
628 631 802 685 voluit
834 625 1105 682 scindere.
1146 619 1386 676 Procidit
1437 625 1619 672 autem
1667 612 2054 683 magistriauus

476 724 541 779 ad
578 722 741 792 pedes
765 719 904 787 ejus,
931 717 1115 768 dicens
1139 710 1277 765 :Oro
1303 720 1375 770 te,
1399 721 1466 761 ne
1497 702 1717 760 scindas
1756 700 1885 754 illud
1916 698 2053 767 (83),

474 816 519 870 si
567 790 855 867 admittere
900 820 1143 862 recusas.
1188 802 1456 856 Prxterea
1492 793 1839 851 discernendi
1881 790 2055 844 lacul-

476 916 587 960 tate
626 903 886 974 pollebat,
916 899 960 953 si
996 896 1119 966 quis
1158 908 1282 948 eum
1323 892 1700 959 interrogaret.
1733 884 2058 939 Sciscitante

476 999 642 1068 igitur
675 996 869 1049 abbate
904 991 1079 1044 Marco
1110 987 1245 1057 (85),
1283 993 1337 1038 et
1367 983 1582 1037 dicente
1620 997 1633 1031 :
1669 979 1824 1031 Anne
1852 976 2056 1029 bonum

477 1064 580 1151 est,
607 1088 844 1156 aliquem
879 1083 1013 1136 nihil
1050 1080 1251 1134 habere
1274 1074 1449 1131 solatii
1474 1075 1528 1127 in
1545 1071 1678 1126 cella
1702 1068 1826 1124 sua?
1848 1064 2059 1119 Etenim

478 1181 587 1234 vidi
641 1179 863 1231 fratrem
924 1173 1127 1226 habere
1159 1182 1325 1238 parva
1376 1165 1548 1227 olera,
1598 1174 1775 1230 eaque
1805 1156 2057 1212 evellere.

476 1271 579 1325 Cui
632 1284 842 1323 senex:
898 1264 1107 1317 Bonum
1148 1260 1430 1314 enimvero
1481 1265 1607 1310 est:
1655 1264 1844 1306 verum
1898 1254 2060 1317 prout

480 1361 721 1416 hominis
774 1358 939 1411 fuerit
991 1354 1248 1409 alIeelio:
1310 1350 1513 1406 etenim
1568 1349 1613 1403 si
1662 1362 1772 1400 non
1808 1342 2063 1397 habuerit

483 1454 651 1507 robur
691 1451 743 1504 in
786 1450 881 1502 tali
919 1448 1078 1501 modo
1121 1443 1339 1515 agendi,
1389 1442 1585 1496 iterum
1619 1436 1888 1509 plantabit
1926 1434 2057 1489 alia.

482 1546 631 1597 Alias
692 1556 911 1596 rursum
999 1553 1163 1593 senex
1239 1537 1379 1590 dixit
1448 1533 1632 1588 abbati
1707 1528 2061 1585 Alexandro:

483 1639 710 1703 Quando
771 1632 1067 1688 abscideris
1112 1630 1355 1698 palmeos
1386 1637 1509 1681 tuos
1560 1639 1744 1679 ramos
1772 1621 1905 1691 (85),
1945 1615 2065 1674 veni

484 1740 546 1783 ut
581 1742 794 1783 mecum
846 1723 1127 1777 comedas.
1163 1721 1345 1774 Abbas
1375 1727 1553 1772 autem
1587 1714 1895 1770 Alexander
1923 1713 2066 1766 lente

487 1818 772 1873 laborabat
819 1830 883 1869 ac
937 1813 1230 1866 moderate.
1290 1809 1464 1878 thue
1494 1806 1668 1861 adfuit
1698 1816 1934 1873 tempus,
1970 1804 2067 1856 ha-

2151 600 2244 657 οῦν
2292 601 2387 654 τοῦ
2434 599 2578 653 ἀδεᾶ
2612 597 2840 665 Μάρκου
2875 594 2968 647 καὶ
2996 593 3281 660 λέγοντος
3323 589 3504 643 Καλὸν
3550 590 3615 642 τὸ
3671 590 3748 659 μὴ

2154 698 2298 766 ἔχειν
2320 679 2446 747 ιτινά
2472 693 2820 764 παράκλησιν
2852 691 2910 741 ἐν
2936 687 3013 759 τῷ
3046 687 3243 756 κελλίῳ
3269 684 3469 749 αὐτοῦς
3501 684 3596 736 καὶ
3630 683 3744 751 γὰρ

2156 787 2299 842 εἶδον
2338 786 2565 855 ἀδελφὸν
2606 784 2799 854 ἔχοντα
2839 781 3013 851 μικρὰ
3036 780 3242 849 λάχανα
3286 778 3382 831 καὶ
3414 775 3746 848 ὲκριζοῦντα

2157 881 2320 936 αύτά.
2366 874 2535 932 Εἶπεν
2576 878 2605 930 ὁ
2635 876 2843 946 γέρωνο
2871 872 3048 928 Καλὸν
3079 871 3176 941 μέν
3212 873 3357 923 ἐστιν
3378 885 3392 897 ·
3426 869 3563 921 ἀλλά
3608 866 3753 938 πρὸς

2156 973 2256 1043 τὴν
2281 972 2392 1037 ἕξιν
2419 969 2515 1024 τοῦ
2539 967 2830 1039 ἀνθρώπου
2854 984 2870 997 ο
2900 966 2996 1018 ὲάν
3021 964 3130 1033 γὰρ
3160 963 3234 1033 μὴ
3266 962 3364 1032 ἔχῃ
3404 961 3558 1031 ἰσχὺν
3587 962 3647 1015 ὲν
3670 960 3751 1029 τῷ

2160 1064 2385 1131 τοιούτῳ
2418 1063 2627 1132 τρόπῳ,
2662 1059 2825 1113 πάλιν
2857 1056 3077 1126 φυτεύει
3107 1055 3263 1109 ἄλλα.
3295 1052 3520 1106 Ἀλλοτε
3572 1052 3741 1106 πάλιν

2162 1154 2314 1209 εἶπεν
2356 1156 2384 1206 ὁ
2407 1153 2585 1223 γέρων
2613 1150 2691 1219 τῷ
2713 1148 2857 1218 ἀϐὁᾷ
2886 1146 3243 1215 Ἀλεξάνδραν
3270 1142 3392 1196 Ὂτ’
3414 1142 3480 1195 ἂν
3516 1141 3751 1210 ἀποσχί-

2163 1262 2263 1317 σῃς
2294 1244 2364 1296 τά
2390 1242 2580 1296 θαλλὶα
2614 1246 2627 1291 i
2661 1257 2775 1303 σου,
2808 1238 2966 1308 δεῦρο
2996 1236 3189 1305 γεῦσαι
3220 1235 3337 1304 μετ’
3367 1232 3522 1302 ἐμοῦ.
3569 1233 3630 1285 '0
3655 1228 3752 1284 οὖν

2163 1338 2337 1399 ἀόϐᾶς
2383 1334 2731 1404 Ἀλέξανδρος
2761 1329 2981 1401 ὁμαλῶς
3010 1327 3297 1400 εἰργάζετο
3332 1327 3426 1379 καὶ
3460 1326 3752 1389 ἐπιεικῶς,

2165 1431 2259 1484 καὶ
2284 1428 2360 1491 ὡς
2394 1426 2679 1496 γεγόνασιν
2710 1425 2745 1495 ἡ
2774 1422 2911 1494 ὦρα,
2935 1420 3121 1492 ἀκμὴν
3150 1413 3263 1488 εἶχε
3295 1417 3509 1481 θαλλία,
3542 1418 3640 1471 καὶ
3663 1417 3754 1469 θέο

2168 1522 2275 1575 λων
2310 1521 2545 1591 τηρῆσαι
2578 1516 2669 1570 τὸν
2699 1516 2856 1583 λόγον
2899 1513 2995 1567 τοῦ
3036 1512 3309 1582 γέροντος,
3336 1510 3589 1579 ἀνέμεινε
3616 1509 3757 1577 πλη-

2171 1613 2341 1684 ρῶσαι
2376 1612 2534 1665 αὐτά.
2581 1609 2640 1661 ’0
2687 1605 2781 1661 οὖν
2824 1606 2997 1669 ἀ66ἄς
3040 1603 3318 1674 Ἀρσένιος
3362 1602 3436 1665 ὠς
3478 1598 3617 1654 εἶδεν
3669 1602 3754 1653 ὅτι

2169 1705 2434 1776 ὲχρόνισε,
2466 1700 2822 1769 λογισάμενος
2856 1698 3065 1768 μήποτε
3099 1694 3283 1761 ξένους
3317 1693 3494 1762 ἔσχεν,
3522 1693 3755 1760 ἐγεύσα-

2170 1816 2250 1853 το.
2297 1796 2355 1849 Ὀ
2398 1795 2453 1847 δὲ
2507 1790 2877 1861 Ἀλέξανδρος,
2922 1789 2997 1851 ὡς
3056 1786 3319 1850 ἐτέλεσεν,
3368 1785 3465 1855 ὀψὲ
3512 1783 3750 1852 ἀπῆλθε-

488 1913 607 1966 huit
636 1910 932 1965 etiamnum
972 1905 1214 1973 palmeos
1257 1918 1439 1957 ramos
1467 1919 1482 1955 :
1522 1900 1818 1968 volensque
1846 1898 2061 1952 obtem-

2172 1889 2264 1942 καὶ
2295 1888 2443 1955 λέγει
2478 1884 2626 1955 αύτῷ
2663 1884 2692 1934 ὁ
2737 1885 2949 1953 γέρων⁶
2986 1878 3178 1941 Ξένους
3205 1878 3396 1947 ἔσχες;
3429 1876 3536 1930 Kal
3567 1876 3751 1942 λέγει·

491 2016 682 2071 perare
720 1996 957 2053 sermoni
992 1996 1170 2056 Senis,
1217 1992 1513 2061 permansit
1553 2004 1724 2059 usque
1775 1988 1904 2042 dum
1950 2003 2061 2041 rem

496 2104 659 2148 totam
704 2091 1045 2160 explevisset.
1098 2087 1280 2141 Abbas
1312 2084 1494 2152 itaque
1531 2082 1797 2136 Arsenius
1831 2088 1891 2135 ut
1932 2080 2066 2133 vidit

491 2197 617 2237 eum
690 2194 872 2234 moras
945 2176 1184 2238 trahere,
1250 2173 1496 2241 cogitans
1554 2170 1600 2224 si
1655 2169 1794 2223 forte
1846 2169 2069 2221 haberet

494 2274 753 2342 hospites,
785 2268 1153 2323 manducavit.
1193 2265 1293 2319 Ast
1344 2261 1648 2317 Alexander
1691 2259 1781 2315 ubi
1813 2259 2065 2322 absolvit,

492 2380 717 2434 vespere
765 2362 943 2417 rediit.
989 2361 1089 2414 Cui
1142 2372 1348 2413 senex:
1397 2357 1477 2409 An
1511 2354 1751 2423 hospites
1790 2349 2071 2405 habuisti?

494 2455 634 2509 Ille:
684 2452 1055 2522 Nequaquam,
1098 2448 1296 2517 inquit.
1343 2443 1481 2497 Tum
1527 2457 1734 2497 senex:
1791 2438 1905 2492 Cur
1962 2451 2069 2489 non

495 2545 734 2601 venisti?
778 2542 1120 2613 Respondet:
1189 2538 1326 2602 Quia
1383 2534 1569 2588 dixisti
1626 2531 1780 2595 mihi,
1840 2527 2069 2595 Quando

497 2634 796 2689 abscideris
829 2641 951 2685 tuos
995 2643 1199 2693 ramos,
1227 2626 1384 2681 veni:
1417 2633 1471 2678 et
1510 2623 1808 2677 observans
1843 2618 2065 2673 manda-

2171 1979 2324 2048 Οὐχί.
2359 1975 2524 2031 Εἶπον
2555 1974 2649 2030 οῦν
2675 1973 2823 2043 αὐτῷ
2843 1988 2855 2001 ’
2885 1971 3011 2034 Πῶς
3038 1970 3137 2023 οὐκ
3157 1966 3321 2040 ἦλθες
3346 1987 3359 2034 ;
3403 1968 3459 2021 Ὀ
3491 1967 3551 2021 δὲ
3576 1966 3751 2033 λέγει’

2173 2072 2296 2123 Ὀτι
2346 2066 2498 2131 εἶπές
2546 2082 2659 2137 μοι’
2700 2064 2818 2117 “Οτ’
2850 2063 2915 2117 ἂν
2965 2061 3271 2133 ἀποσχίσῃς
3309 2059 3378 2112 τά
3416 2058 3606 2111 θαλλία
3632 2075 3752 2119 σου.

2173 2161 2315 2225 ἐλθὲ,
2346 2161 2442 2213 καὶ
2473 2158 2656 2229 τηρῶν
2685 2174 2777 2209 σου
2817 2156 2906 2209 τὸν
2936 2154 3117 2222 λόγον,
3148 2154 3248 2205 οὐκ
3284 2148 3472 2223 ἦλθον,
3507 2151 3590 2203 ὅτι
3626 2149 3755 2220 ἄρτι

2173 2253 2489 2322 ὲπλήρωσα.
2524 2249 2632 2303 Kal
2675 2246 2986 2317 ἐθαύμαζεν
3032 2247 3059 2298 ὁ
3095 2244 3273 2316 γέρων
3321 2245 3419 2312 τὴν
3461 2240 3755 2312 ἀκρίϐειαν

2181 2340 2367 2405 αὐτοῦ,
2398 2340 2493 2393 καὶ
2516 2338 2665 2406 λέγει
2688 2337 2865 2405 αὐτῷ·
2900 2335 3224 2406 Ταχυτέρως
3254 2333 3513 2397 κατάλυε,
3547 2333 3635 2385 ἵνα
3664 2334 3758 2385 καὶ

2177 2434 2278 2503 τὴν
2320 2431 2537 2496 σύναξίν
2580 2447 2673 2482 σου
2708 2428 2874 2498 βάλῃς
2910 2428 2957 2494 Ικ,
2995 2427 3208 2481 καὶτοῦ
3232 2426 3422 2488 ὕδατός
3465 2441 3558 2477 σου
3584 2440 3756 2494 μετα-

2175 2524 2479 2593 λαμϐάνης
2508 2523 2556 2575 εἰ
2590 2522 2647 2574 δὲ
2693 2522 2861 2592 μήγε,
2895 2519 3105 2589 ταχέως
3160 2518 3271 2589 ἔχει
3321 2518 3384 2570 τὸ
3431 2516 3593 2585 σῶμά
3652 2532 3748 2567 σου

2170 2615 2487 2683 ἀσθενῆσαι.

500 2738 613 2781 tum
653 2732 802 2778 tuum
850 2719 1058 2793 [citius]
1094 2733 1199 2773 non
1230 2718 1354 2772 veni
1388 2735 1402 2771 :
1442 2716 1603 2771 modo
1627 2715 1771 2769 enim
1818 2713 2057 2765 laborem
2098 2710 2385 2779 complevi.
2431 2708 2495 2762 Et
2560 2708 2791 2765 miratus
2856 2716 2941 2763 est
2967 2721 3130 2763 senex
3166 2702 3581 2759 accurationem
3608 2703 3754 2773 eius,

498 2826 555 2871 et
582 2816 713 2871 dicit
759 2814 848 2869 ei:
891 2811 1052 2867 Ocius
1089 2811 1289 2866 diverte
1318 2809 1455 2880 (86),
1483 2822 1540 2863 ut
1581 2805 1810 2878 synaxiu
1838 2804 1949 2874 (87)
1975 2800 2268 2872 persolvas,
2325 2810 2380 2856 et
2434 2815 2631 2871 aquam
2656 2809 2803 2855 tuam
2840 2800 2950 2870 (88)
2983 2812 3210 2853 sumas:
3241 2793 3327 2849 sin
3396 2794 3602 2859 minus,
3646 2805 3760 2849 sta-

500 2908 598 2962 tim
624 2921 822 2973 corpus
848 2914 998 2959 tuum
1036 2903 1236 2959 incidet
1262 2902 1315 2956 in
1344 2900 1733 2956 inﬁrmitatem.

577 3003 661 3057 t8.
707 2992 820 3055 Non
908 2999 1197 3054 verebatur
1271 2996 1463 3049 beatus
1536 2993 1771 3063 quodam
1838 2999 2066 3060 temport

2254 2985 2346 3050 ιη’.
2388 2980 2501 3032 Οὐκ
2545 2979 2713 3031 ἐδεῖτο
2760 2978 2816 3030 δὲ
2846 2976 3236 3031 ταπεινοῦσθαι
3279 2974 3458 3046 καιρῷ
3496 2992 3603 3028 τινι
3648 2976 3765 3037 τοῖς

502 3092 777 3150 humiliari
825 3105 1006 3145 coram
1074 3086 1354 3156 discipulis
1420 3083 1558 3138 suis.
1605 3081 1741 3135 Dum
1789 3080 2066 3149 aliquandt

2184 3072 2375 3127 ἑαυτοῦ
2437 3071 2704 3141 μαθηταῖς
2750 3070 2779 3122 ὁ
2858 3069 3122 3141 μακάριος
3172 3068 3537 3139 καθεζομένου
3593 3066 3765 3119 αὑτοῦ

510 3186 773 3241 resideret
799 3184 851 3237 in
889 3181 1238 3236 interioribus
1276 3176 1525 3248 partibus
1574 3174 1628 3215 ί*
1662 3183 1715 3228 et
1736 3174 2049 3228 turbaretur

2185 3179 2313 3214 ποτε
2360 3162 2419 3212 ὲν
2464 3162 2574 3222 τοῖς
2640 3160 2788 3213 κάτω
2827 3161 3038 3229 μέρεσι,
3070 3163 3165 3212 καὶ
3196 3158 3542 3229 ὀχλουμένου,
3583 3157 3768 3223 ἔδοξεν

2231 3252 2325 3266 ...
2507 3250 2954 3266 ...πυ
3163 3249 3699 3266 Mn.-.“

507 3275 683 3325 visum
713 3281 794 3324 est
815 3270 861 3325 ei
891 3270 1083 3323 cellam
1114 3269 1458 3336 relinquere;
1507 3264 1643 3318 nihil
1672 3279 1737 3317 ex
1764 3262 1852 3315 illa
1893 3275 2076 3315 secum

510 3362 699 3416 ferenti
734 3382 744 3415 :
770 3359 1157 3429 profectusque
1192 3367 1274 3412 est
1301 3357 1366 3411 ad
1393 3354 1690 3423 discipulos
1716 3368 1847 3407 suos
1880 3351 2080 3405 Phara-

510 3453 653 3506 nitas
703 3448 1066 3503 Alexandrum
1112 3462 1177 3500 ac
1227 3445 1463 3498 Zoilum.
1505 3443 1648 3496 Dixit
1685 3456 1814 3512 ergo
1844 3442 2081 3495 Alexan-

510 3544 647 3597 dro:
689 3541 879 3609 Surge,
913 3552 965 3593 et
998 3538 1211 3608 naviga.
1244 3537 1311 3590 Et
1355 3550 1558 3589 morem
1597 3535 1783 3604 gessit.
1829 3535 1905 3586 Ac
1934 3532 2083 3584 Zoilo

511 3631 698 3685 dixit:
742 3627 871 3682 chi
937 3642 1145 3680 mecum
1199 3638 1371 3693 usque
1409 3622 1477 3676 ad
1528 3621 1747 3683 ﬂumen,
1801 3629 1852 3673 et
1903 3630 2085 3686 quaere

514 3721 645 3777 mihi
672 3735 886 3784 navem,
919 3734 1037 3789 qua:
1074 3716 1456 3786 Alexandriam
1495 3728 1683 3768 versus
1725 3711 1840 3765 vela
1888 3709 2077 3762 faciat:

516 3812 705 3879 sicque
735 3818 789 3862 tu
828 3808 894 3863 ad
937 3808 1160 3862 fratrem
1220 3815 1372 3861 tuum
1426 3802 1638 3871 naviga.
1673 3799 1855 3854 Zoilus
1906 3807 2086 3852 autem

2186 3252 2334 3322 αὐτῷ
2365 3251 2684 3305 καταλιπεῖν
2715 3251 2773 3305 τδ
2805 3250 3035 3318 κελλίον,
3079 3251 3246 3320 μηδὲν
3276 3249 3336 3314 ἐξ
3361 3250 3525 3303 αὐτοῦ
3562 3249 3765 3302 λαϐὼν.

2187 3345 2295 3397 Καὶ
2330 3343 2602 3415 ἐπορεύθη
2646 3341 2783 3413 πρὸς
2810 3343 2936 3405 τοὺς
2960 3342 3155 3395 ἑαυτοῦ
3185 3341 3457 3413 μαθητὰς,
3495 3342 3622 3405 τοὺς
3662 3343 3771 3394 Φα-

2191 3437 2437 3509 ρανίτας,
2480 3435 2833 3506 Ἀλέξανδρον
2864 3435 2957 3489 καὶ
2988 3434 3210 3489 Ζώῖλον.
3244 3428 3410 3488 Εἶπεν
3445 3430 3540 3489 οὗν
3575 3432 3770 3498 Ἀλεξ-

2191 3530 2398 3599 άνδρῳ·
2437 3530 2690 3593 Ἀνάστα,
2722 3528 3078 3584 ἁνάπλευσον.
3117 3529 3224 3583 Καὶ
3263 3529 3519 3598 ἐποίησεν
3569 3527 3766 3589 οὕτως,

2191 3623 2301 3675 Καὶ
2328 3622 2406 3692 τῷ
2435 3622 2624 3692 Ζωΐλῳ
2657 3619 2809 3676 εἶπεν
2831 3639 2846 3655 ο
2884 3623 3055 3694 Δεῦρο
3085 3624 3203 3693 μετ’
3231 3622 3363 3692 ἐμοῦ
3402 3622 3509 3681 ἕως
3536 3620 3633 3671 τοῦ
3667 3636 3772 3671 πο-

2188 3714 2385 3784 ταμοῦ,
2407 3715 2502 3769 καὶ
2531 3717 2769 3787 ζήτησον
2799 3734 2889 3786 μοι
2912 3715 3095 3769 πλοῖον
3118 3715 3211 3767 ἐπὶ
3239 3714 3337 3783 τὴν
3355 3711 3775 3782 Ἀλεξάνδρειαν

2195 3806 2484 3862 ἀναπλέον.
2518 3808 2627 3862 Καὶ
2667 3807 2841 3871 οὕτως
2883 3808 2977 3862 καὶ
3025 3806 3091 3859 σὺ
3134 3804 3471 3860 ἀνάπλευσον
3504 3802 3638 3875 πρὸς
3678 3803 3776 3856 τὸν

1812 3939 2049 3996 ἾΑΒΙᾸΞ
2087 3942 2489 4000 LECTIONES.

598 4067 639 4105 ίο
675 4064 780 4119 νει.
844 4061 961 4116 pp.
1027 4056 1401 4127 lib.v,libell.
1458 4057 1547 4124 ιδ,
1611 4069 1762 4110 num.
1810 4055 1867 4122 9,
1911 4055 2120 4111 addunt
2150 4055 2395 4126 Egypti.

2478 4069 2491 4107 ι
2532 4057 2605 4112 al.
2644 4057 2791 4128 βαΐα.
2870 4057 2895 4097 k
2925 4056 2995 4111 al.
3032 4058 3193 4126 ποιῇς
3229 4054 3544 4125 ἀταράχως.

2041 4168 2268 4225 NOTAE.

588 4296 701 4365 (83)
742 4292 1004 4365 Subditur
1030 4291 1087 4365 in
1115 4290 1232 4365 _Vit.
1278 4288 1390 4365 PP.
1433 4284 1929 4365 rQuiaﬁincidetur
1953 4282 2087 4336 mihi

517 4355 700 4435 caput:
738 4365 805 4418 Et
834 4363 966 4417 dicit
993 4364 1042 4415 ei
1063 4362 1249 4435 abbas
1273 4358 1536 4413 Arsenius
1568 4375 1581 4410 :
1615 4355 1910 4435 Ego_prius
1942 4368 2088 4435 mor-

523 4426 646 4491 tuus
683 4450 826 4497 sum,
860 4448 1023 4501 quam
1062 4432 1203 4501 ille:
1238 4431 1352 4501 ipse
1404 4426 2086 4501 a_utem_modo_mortuus

2196 4299 2334 4352 opus
2379 4284 2491 4366 iam
2547 4286 2619 4341 ita
2673 4286 3012 4366 impleverat,
3052 4294 3124 4366 .ut
3168 4299 3276 4366 non
3330 4284 3521 4366 fuisset
3564 4286 3779 4366 reditu-

2198 4369 2292 4409 rus
2350 4356 2456 4426 nisi
2510 4354 2797 4426 postquam
2859 4357 2990 4410 illud
3052 4356 3408 4426 implevisset.
3467 4354 3777 4426 Gotclerius

2195 4439 2321 4496 pag.
2351 4424 2454 4479 559
2484 4424 2819 4481 vertit‘solve
2854 4426 3107 4495 (addens,
3132 4424 3271 4494 quid
3303 4425 3351 4477 vi
3384 4424 3537 4496 verbi
3565 4425 3778 4480 διαλύω

515 4516 633 4570 est;
670 4492 1075 4575 quomodo__me
1110 4492 1237 4575 fecit
1260 4492 1558 4575 'haeredem.
1590 4495 1655 4549 Et
1676 4494 2092 4575 _remisit_testaj
2120 4492 2170 4552 D
2198 4492 2307 4575 non
2354 4495 2700 4575 importatur)
2734 4492 3409 4575 jejunium.__Adde,_quod
3445 4495 3777 4575 solvendum

516 4563 797 4637 mentum;
860 4570 994 4624 nihil
1049 4569 1345 4636 accipiens.
1382 4586 1399 4618 ι
1468 4564 1625 4619 Hunc
1676 4566 1857 4620 locum
1916 4563 2089 4637 tangit

517 4634 846 4713 biographus
896 4639 1035 4713 infra
1079 4634 1231 4693 num.
1277 4637 1347 4691 26
1393 4637 1496 4691 sub
1529 4637 1729 4703 tinctu;
1777 4644 1839 4689 ut
1884 4634 2083 4688 mirum

518 4715 591 4769 sit
617 4710 725 4766 hic’
743 4710 941 4765 omitti.

586 4783 698 4850 (84)
732 4782 951 4835 ldemne
977 4779 1075 4850 ille
1099 4777 1332 4841 Marcus,
1361 4777 1455 4847 qui
1498 4790 1843 4850 supra_nur_n.
1879 4775 1911 4850 ’ί
1945 4775 2082 4850 (not.

518 4853 650 4925 45)?
684 4845 777 4905 'De
821 4860 1015 4925 sancto
1043 4845 1839 4925 homonymej-monacho__in
1872 4845 2085 4925 §c_e_thi,

518 4916 643 4979 cuin
681 4922 887 4991 epocha
930 4919 1056 4991 anni
1105 4916 1324 4991 circiter
1355 4917 1479 4991 400,
1519 4925 1700 4991 actum
1737 4916 2087 4991 die-SAMAarv

521 4995 603 5054 tii,
636 4985 758 5061 pag.
796 4990 935 5061 367V;
971 4989 1061 5042 ubl
1090 4989 1231 5061 etde
1260 4988 1472 5061 duobus
1507 4986 1630 5041 aliis
1669 5000 1793 5055 pag.
1824 4985 1947 5061 5_68_.
1973 4986 2088 5039 Cre-

520 5055 817 5118 teru'm'res
854 5060 940 5112 hic
985 5074 1015 5113 a
1057 5058 1323 5125 scriptore
1371 5058 1506 5110 Vita:
1539 5070 1823 5125 expressa,
1857 5055 2088 5110 habetur

520 5135 576 5188 in
628 5130 731 5185 Vit.
764 5128 878 5183 PP.
920 5130 1013 5182 lib.
1047 5144 1101 5192 v,
1136 5124 1304 5182 libell.
1340 5127 1427 5194 lO,
1475 5124 1628 5180 num.
1662 5124 1727 5191 7;
1755 5125 1901 5195 apud
1929 5126 2089 5181 Cote-

521 5203 619 5257 ler.
656 5217 776 5257 nae.
819 5200 945 5253 558.

540 5218 619 5258 er.
656 5217 789 5269 pag.
820 5216 945 5253 οοδ.

594 5218 1006 5340 (ὃὲῗῧίίίῗῦἵίι).
1037 5268 1329 5340 palmulas.
1365 5266 1546 5340 Θάιλια⁸
1574 5265 1810 5340 simplici
1838 5266 1870 5318 λ
1900 5266 2090 5340 scribit

522 5336 787 5410 Cangius.
816 5341 960 5409 quod
995 5359 1012 5389 ι
1040 5336 1097 5391 in
1141 5339 1362 5410 Lexico,
1397 5336 1595 5410 inquit,
1628 5336 1727 5391 Ms.
1754 5337 2086 5410 Nicomedis,

522 5405 967 5533 ίτῧόξρύλλααῶν
1011 5410 1289 5479 φοινῖκων,
1338 5405 1831 5477 t'oliapalmarum.
1866 5424 1884 5455 ι
1928 5405 2086 5461 Plura

525 5497 539 5533 1
589 5499 598 5531 I
645 5496 750 5533 rm.

525 5496 750 5534 ιυιαιιηι.

596 5550 708 5617 (86)
758 5549 887 5603 Vita:
919 5546 1026 5602 PP.
1065 5550 1158 5602 lih.
1197 5564 1249 5609 ν,
1295 5549 1460 5603 libell.
1495 5548 1579 5611 14,
1624 5564 1775 5601 num.
1810 5549 1832 5601 l
1870 5566 1883 5601 :
1918 5566 1934 5599 ι
1966 5547 2087 5602 Dis-

520 5620 746 5691 jungere
772 5619 1061 5691 (interpres
1094 5620 1279 5689 legerit
1306 5618 1594 5683 καταλύου)
1626 5620 1693 5671 ah
1718 5634 1881 5691 opere
1909 5627 2032 5683 tuo;
2062 5637 2083 5670 ι

526 5689 617 5743 Sed
664 5708 682 5739 ι
713 5689 905 5743 inscite
950 5698 1002 5742 et
1034 5691 1213 5742 alieno
1254 5690 1411 5757 plane
1439 5703 1627 5751 sensu,
1664 5706 1680 5737 ι
1718 5689 1895 5757 inquit
1943 5700 2087 5743 recte

526 5759 830 5813 Cotelerius
877 5759 928 5811 in
970 5761 1110 5812 notis
1141 5760 1243 5813 col.
1272 5759 1372 5811 799
1400 5777 1413 5811 :
1442 5758 1719 5827 quomodo
1748 5760 1891 5812 enim
1928 5778 1945 5808 ι
1975 5759 2087 5813 dis—

525 5830 677 5900 jungi
724 5830 791 5885 ab
838 5844 1021 5901 opere,
1053 5849 1069 5879 ι
1123 5846 1215 5886 seu
1265 5844 1405 5899 opus
1453 5830 1665 5885 mittere
1693 5829 1946 5900 iubetur,
1994 5830 2088 5899 qui

2198 4564 2468 4633 jejunium
2512 4564 2977 4635 indicet’potius;
3026 4566 3077 4620 id
3108 4567 3251 4634 quod
3280 4564 3333 4617 in
3371 4566 3625 4634 proximo
3664 4577 3775 4627 est.

2195 4652 2213 4705 ι
2249 4650 2444 4703 aquam
2473 4646 2618 4688 tuam
2640 4652 2845 4691 sumas.
2874 4635 3108 4705 [Itaque
3126 4635 3717 4705 pra'placctcdiverte;
3753 4658 3770 4686 ι

2193 4704 2300 4775 hoc
2340 4708 2485 4757 enim
2528 4706 2782 4758 καταλύω
2814 4722 2911 4775 per
2949 4704 3091 4760 seet
3120 4704 3172 4758 vi
3205 4705 3357 4760 vocis
3393 4704 3686 4774 signiﬁcat,
3722 4717 3779 4760 et

2188 4774 2426 4855 cohaeret
2459 4789 2589 4854 cum
2636 4774 2911 4855 adjunctis
2943 4796 2954 4829 :
2990 4776 3148 4845 quasi
3182 4775 3334 4855 dicas
3364 4791 3377 4827 :
3406 4775 3549 4828 intro
3570 4784 3775 4855 ἑο.το-

2188 4845 2332 4925 cipe,
2381 4844 2614 4925 quiesce.
2639 4843 2958 4925 paululum,
2998 4843 3339 4925 iit_sy'iiaxin_
3380 4858 3475 4925 seu
3532 4843 3776 4900 officium

2188 4916 2387 4994 recites
2417 4915 2490 4994 (et
2524 4914 3161 4994 quidcm,_pr_out_ha_het
3186 4915 3289 4968 alia
3328 4914 3491 4994 lectio
3522 4917 3589 4967 ad
3615 4931 3775 4994 .mar-

2190 4986 2367 5063 ginem
2426 4992 2619 5063 textus
2652 4986 2792 5063 apud
2842 4986 3171 5063 Cuteleritim
3222 4986 3774 5063 Ilotata_&tap.ixw;,

2190 5057 2301 5134 sine
2326 5057 2760 5134 perlurbatio_ne),
2792 5065 2846 5109 et
2875 5056 3070 5109 deinde
3103 5054 3299 5134 fatnem
3330 5054 3517 5119 pellas,
3556 5057 3777 5109 reticias

2191 5125 2367 5195 vires,
2434 5125 2937 5195 stunendo'aquatn
3002 5135 3179 5189 tuatn;
3232 5125 3334 5195 (Sin
3388 5126 3593 5195 minus,
3660 5134 3772 5179 etc.

2259 5194 2371 5264 (87)
2413 5196 2653 5266 Synaxis
2686 5194 2883 5265 praeter
2929 5195 3034 5248 alia
3072 5194 3345 5266 signiﬁcat
3394 5194 3633 5266 cilicium
3682 5211 3777 5247 ec-

2191 5262 2593 5327 clesiasticum,
2631 5262 2701 5317 ιιι*
2734 5268 2935 5319 videsis
2967 5266 3108 5334 apud
3131 5262 3406 5332 '(Jangium
3455 5266 3508 5317 in
3549 5262 3776 5317 Glossa-

2190 5338 2268 5387 rio
2292 5335 2509 5391 Latino.
2542 5337 2850 5395 Cutelerius
2895 5333 3016 5403 pag.
3052 5336 3153 5389 559
3182 5352 3193 5387 :
3230 5352 3248 5384 ι
3281 5333 3399 5399 Quo
3436 5343 3491 5387 et
3516 5334 3773 5388 ()llicium

2190 5414 2342 5458 tuum
2374 5410 2590 5463 recites.
2626 5426 2644 5456 ι
2697 5405 2797 5457 Vit.
2837 5406 2948 5457 PP.
2983 5409 3102 5459 loco
3132 5407 3375 5475 proxiine
3403 5404 3612 5475 citato;
3650 5422 3668 5453 ι
3704 5404 3774 5458 Ut

2188 5487 2243 5528 et
2268 5478 2631 5533 ministerium
2670 5477 2931 5545 psallendi
2978 5473 3163 5529 iacias.
3199 5494 3215 5524 ι
3254 5473 3430 5545 Malim
3464 5473 3769 5545 igOllicium

2191 5556 2341 5598 tuum
2390 5547 2637 5617 perﬁcias
2672 5543 2759 5599 vel
2798 5548 3021 5608 recites;
3059 5565 3075 5595 ι
3113 5545 3240 5613 quid
3275 5544 3419 5596 enim
3466 5543 3554 5617 hic
3600 5546 3771 5597 mini-

2191 5615 2418 5671 sterium
2470 5617 2760 5686 psallendi,
2810 5627 2917 5670 etc.
2966 5632 3088 5669 cum
3122 5615 3667 5686 vacuo__ventriculo.
3717 5625 3773 5669 et

2191 5701 2402 5740 summa
2440 5683 2741 5751 debilitate,
2782 5686 3019 5741 indicata
3049 5702 3138 5755 per
3185 5686 3242 5737 τὸ
3271 5683 3363 5739 Sin
3391 5686 3583 5748 utilius,
3632 5696 3769 5753 etc.,

2190 5758 2335 5825 quod
2377 5758 2658 5827 sequitur?

2269 5827 2381 5897 (88)
2420 5823 2539 5884 Non
2570 5830 2752 5899 utique
2789 5843 2981 5898 aquam
3029 5840 3272 5896 meram;
3312 5841 3433 5898 qua:
3472 5823 3606 5882 nihil
3637 5840 3768 5897 pro-
