3926 6512
160 485 259 548 869

824 480 1104 540 ORATIO
1146 478 1281 537 XII.
1317 501 1382 512 --
1423 471 1802 535 LAUDATIO
1827 472 1887 531 S.
1929 472 2240 532 ARSENII
2285 471 2828 532 ANACHORETE.

2870 38 2885 41 r
2924 36 2955 39 ῃ
2982 32 3011 37 __
3044 28 3129 39 ,ι’κ..-
3148 26 3209 35 ...ι-τ,
3254 26 3257 29 .
3284 22 3309 31 ννί
3328 22 3343 25 νν

3299 467 3405 530 870

161 595 386 664 ἀδελφόν
415 608 537 645 σου.
572 590 631 644 '0
658 591 713 644 δέ
742 590 939 653 Ζώῖλος
995 590 1089 642 ἐπὶ
1120 587 1198 656 τῷ
1236 586 1380 655 λόγῳ
1420 582 1733 654 ταραχθεὶς,

1847 580 1926 633 his
1963 581 2126 637 dictis
2151 583 2421 647 turbatus,
2451 583 2657 637 tacuit:
2687 592 2851 652 atque
2879 582 2952 636 ita
2982 580 3120 637 alter
3142 581 3210 637 ab
3234 584 3407 637 altero

162 687 459 755 ἐσιώπησε,
517 683 611 734 καὶ
666 681 837 743 οὕτως
897 678 1272 749 ἐχωρίσθησαν
1328 678 1423 731 ἀπ’
1466 675 1728 745 ἀλλήλων.

161 774 447 845 Κατῆλθεν
489 769 584 826 οὖν
631 775 659 825 ό
698 772 877 842 γέρων
910 770 1004 823 ἐπὶ
1041 770 1111 821 τὰ
1143 771 1285 839 μέρη
1324 768 1603 835 Θηϐαΐδος,
1638 767 1733 821 καὶ

159 866 461 936 ἠσθένησεν
508 862 821 935 ἀρρωστίαν
852 860 1117 930 μεγάλην.
1152 860 1215 913 Οἱ
1242 859 1299 912 δὲ
1325 858 1515 911 τούτου
1549 859 1733 912 διακο-

160 957 317 1025 νηταὶ
350 950 509 1007 εἷπον
535 954 674 1023 πρὸς
708 952 972 1021 ἀλλήλους
996 968 1009 982 °
1041 952 1133 1021 Μὴ
1164 950 1276 1020 ἀρά
1308 967 1394 1012 τις
1422 949 1579 1020 ἡμῶν
1608 948 1732 1001 ἐλύ-

158 1066 296 1119 πησε
352 1047 448 1102 τὸν
502 1046 762 1117 γέροντα,
811 1044 907 1097 καὶ
959 1044 1048 1097 διά
1094 1043 1256 1097 τοῦτο
1310 1041 1584 1113 ἐχωρίσθη
1638 1041 1732 1109 ἀφ’

156 1139 310 1210 ημῶν
337 1153 355 1205 ;
392 1138 505 1192 Kal
529 1138 631 1206 οὐχ
670 1130 829 1206 εὗρον
853 1135 911 1188 ἐν
935 1135 1147 1198 ἑαυτοῖς
1180 1132 1353 1187 οὐδέν.
1393 1131 1648 1199 Ὑγιάνας
1675 1133 1733 1187 δὲ

156 1231 184 1282 ό
208 1230 393 1300 γέρων
420 1224 607 1280 εἶπενο
635 1225 980 1296 Πορεύσομαι
1005 1224 1144 1295 πρὸς
1172 1225 1298 1286 τοὺς
1326 1224 1570 1293 πατέρας
1607 1238 1731 1291 μου.

160 1322 268 1375 Kal
294 1319 475 1382 οὕτως
504 1317 852 1381 ἀναπλεύσας
881 1313 1046 1387 ἦλθεν
1088 1318 1167 1380 είς
1200 1316 1300 1385 τὴν
1327 1314 1562 1385 Πέτραν,
1598 1315 1733 1369 ὃπου

158 1408 293 1483 ἦσαν
317 1414 368 1466 οί
395 1411 637 1482 μαθηταὶ
661 1408 854 1463 αὐτοῦ.
886 1410 1077 1472 Ὀντος
1104 1407 1162 1461 δὲ
1192 1405 1357 1461 αὐτοῦ
1389 1405 1615 1475 πλησίον
1640 1403 1732 1457 τοῦ

160 1502 433 1572 ποταμοῦ,
483 1501 748 1572 παιδίσκη
780 1517 866 1563 τις
899 1500 1227 1554 Αίθιόπισσα
1269 1496 1517 1561 ἐλθοῦσα,
1556 1495 1734 1565 ἥψατο

164 1593 427 1664 μηλωτῆς
467 1593 655 1647 αὑτοῦ.
689 1578 750 1645 ’ὁ
782 1593 839 1646 δέ
866 1591 1046 1661 γέρων
1084 1589 1417 1659 ἐπετίμησεν
1462 1587 1621 1656 αὐτῇ.
1669 1586 1733 1638 Ἥ

159 1682 249 1739 οὖν
276 1683 540 1753 παιδίσκη
564 1683 713 1751 λέγει
738 1682 910 1753 αὐτῷ·
937 1682 1002 1737 El
1035 1679 1265 1751 μοναχὸς
1292 1674 1360 1741 ei,
1397 1677 1628 1745 πορεύου
1656 1678 1735 1739 εἰς

158 1776 218 1828 τὸ
245 1775 398 1847 ὅρος.
442 1774 501 1827 Ὁ
528 1775 583 1828 δὲ
610 1775 792 1845 γέρων
822 1775 917 1826 ἐπὶ
946 1772 1024 1842 τῷ
1059 1772 1202 1842 λόγῳ
1234 1768 1578 1838 κατανυγεὶς,
1616 1769 1736 1821 ἔλε-

1838 671 2073 740 sejuucti
2098 684 2246 727 sunt.
2279 673 2562 728 Descendit
2593 674 2757 744 igitur
2776 688 2939 729 senex
2976 674 3031 728 in
3059 683 3241 743 partes
3262 674 3407 728 The-

1838 766 2013 821 baidis
2064 766 2201 836 (89),
2254 767 2513 836 gravique
2567 766 2883 821 infirmitate
2962 775 3248 836 correptus
3301 776 3405 821 est.

1838 857 2065 914 Ministri
2091 866 2273 912 autem
2317 858 2435 927 ejus
2474 858 2733 912 dixerunt
2765 859 2907 912 inter
2939 873 3041 913 se:
3088 858 3168 911 An
3213 859 3411 927 aliquis

1837 960 2084 1005 nostrum
2120 949 2469 1005 contristavit
2508 966 2715 1013 senem,
2748 965 2924 1018 eaque
2954 951 3022 1005 de
3047 965 3211 1004 causa
3248 965 3277 1004 a
3306 965 3406 1004 no-

1836 1042 1921 1096 bis
1966 1041 2243 1105 sejunctus
2281 1043 2402 1096 est?
2428 1041 2493 1096 Et
2524 1058 2628 1095 non
2665 1042 2986 1095 invenerunt
3031 1041 3325 1110 quidquam
3357 1041 3411 1094 in

1837 1146 1897 1186 se
1946 1133 2139 1200 culpze.
2183 1130 2415 1187 Sauitati
2460 1143 2641 1187 autem
2684 1132 2967 1186 reStitutus
3004 1146 3191 1194 senex,
3225 1131 3407 1186 dixit:

1844 1221 1934 1277 Ibo
1971 1223 2037 1277 ad
2082 1230 2265 1293 patres
2297 1238 2487 1288 meos;
2516 1232 2570 1277 et
2601 1223 2681 1278 sic
2720 1223 2845 1277 navi
2891 1232 3137 1278 revectus
3174 1225 3321 1276 venit
3355 1223 3408 1276 in

1835 1312 2054 1369 Petram
2081 1313 2217 1383 (90),
2249 1314 2341 1369 ubi
2393 1321 2550 1368 erant
2585 1312 2837 1383 discipuli
2892 1311 3034 1381 ejus.
3090 1310 3225 1365 Cum
3282 1327 3412 1365 vero

1837 1418 2005 1472 prope
2051 1403 2275 1457 ﬂuviqu
2328 1413 2491 1467 esset,
2534 1404 2712 1471 puella
2775 1404 3022 1473 quaedam
3073 1402 3408 1471 Etlniopissa

1838 1495 2102 1549 accedens
2160 1497 2335 1565 tetigit
2372 1495 2604 1549 meloten
2639 1494 2748 1565 (9t)
2779 1495 2974 1562 ipsius.
3022 1494 3091 1546 At
3122 1509 3287 1547 senex
3324 1494 3407 1546 iu-

1837 1585 2076 1653 crepavit
2116 1600 2258 1639 eam.
2308 1585 2492 1640 Puella
2523 1600 2654 1640 vero
2678 1587 2815 1641 dixit
2844 1586 2919 1641 illi
2952 1604 2964 1639 :
3023 1585 3081 1640 Si
3110 1586 3411 1639 monachus

1837 1688 1917 1738 es,
1962 1675 2095 1729 vade
2122 1676 2189 1728 ad
2235 1685 2496 1729 montem.
2544 1673 2719 1729 Senex
2752 1685 2933 1729 autem
2976 1689 3227 1729 sermone
3259 1689 3409 1726 00111-

1840 1774 2093 1834 ριιηοιιιιι,
2133 1766 2345 1825 dicebat
2374 1767 2515 1822 intra
2543 1781 2601 1822 se
2629 1784 2643 1822 :
2670 1767 2888 1829 Arseni,
2926 1767 2972 1822 si
2997 1768 3299 1820 monachus
3326 1781 3407 1828 es,

159 1883 251 1933 γεν
282 1869 341 1919 ἐν
381 1865 587 1935 ἐαυτῷ’
629 1866 893 1934 Ἀρσένιε,
930 1865 980 1917 εἰ
1029 1863 1259 1935 μοναχδς
1287 1859 1356 1925 εί,
1382 1860 1613 1930 πορεύου
1655 1862 1736 1924 εἰς

1847 1857 1978 1911 vade
2020 1857 2088 1911 ad
2132 1867 2391 1912 montem.
2449 1858 2659 1913 Interea
2707 1868 3003 1913 occurrunt
3032 1857 3080 1912 ei
3109 1856 3413 1912 Alexander

159 1922 217 2011 τὸ
246 1960 376 2027 ὅρος
402 1974 417 1989 ’
450 1922 548 2010 καί
576 1956 669 2009 ἐπὶ
694 1922 853 2009 τοῦτο
881 1922 1203 2025 ἀπήντησαν
1233 1922 1382 2023 αὺτῷ
1402 1955 1429 2006 ὃ
1456 1922 1515 2005 τε
1559 1922 1740 2019 Ἀλέξξ

1847 1954 1898 1999 et
1949 1944 2167 2009 Zoilus;
2221 1961 2455 2015 cumque
2517 1947 2877 2016 procidissent
2932 1948 2998 2003 ad
3059 1949 3223 2017 pedes
3270 1948 3411 2013 eius,

162 2050 355 2120 ανδρος
381 2049 475 2101 καὶ
502 2045 724 2110 Ζὼῖλος,
750 2048 844 2101 καὶ
867 2045 1240 2099 ἐπιπεσόντων
1267 2044 1448 2096 αὐτῶν
1473 2046 1584 2106 τοῖς
1613 2043 1740 2096 ποσὶ

162 2140 352 2202 αὐτοῦ,
386 2138 610 2210 ἔρριψεν
651 2138 838 2191 ἑαυτὸν
870 2138 900 2190 ό
938 2137 1155 2207 Γέρωψ
1184 2136 1276 2188 καὶ
1310 2134 1583 2190 ἔκλαυσαν
1630 2136 1739 2204 ἀμ-

162 2230 405 2300 φότεροι.
438 2226 603 2281 Εἶπεν
624 2229 681 2281 δὲ
710 2229 737 2280 ὁ
764 2227 943 2296 γέρων
962 2242 977 2255 ·
1006 2226 1120 2279 Οὐκ
1148 2225 1445 2295 ἠκούσατε,
1469 2227 1551 2278 ὅτι
1578 2225 1743 2279 ἀσθε-

161 2321 276 2385 νῶ;
308 2320 420 2374 Kal.
460 2313 614 2371 εἷπον
648 2316 794 2386 αὐτῷ
816 2333 829 2346 ·
859 2316 985 2370 Ναί.
1019 2316 1129 2369 Kal
1156 2317 1303 2386 λέγει
1341 2320 1369 2371 ὁ
1398 2318 1602 2391 Γέρωνο
1633 2320 1745 2371 Καὶ

161 2411 248 2464 διὰ
304 2410 359 2462 τί
410 2408 513 2461 οὐκ
571 2407 764 2477 ἦλθετε
816 2407 945 2459 ἰδεῖν
997 2424 1104 2478 μες
1137 2409 1247 2461 Kal
1306 2408 1453 2477 λέγει
1500 2410 1529 2461 ὁ
1574 2409 1746 2473 assa;

174 2500 531 2569 Ἀλέξανδρος
551 2514 565 2529 ο
597 2498 717 2551 Ὅτι
753 2498 782 2550 ό
812 2498 1091 2567 χωρισμός
1117 2516 1209 2553 σου
1243 2500 1335 2568 ἀφ’
1369 2500 1526 2570 ἡμῶν
1554 2501 1613 2553 οὐ
1648 2502 1746 2569 γέ-

163 2609 289 2659 γονε
320 2588 570 2652 πιθανὸς,
602 2589 696 2641 καὶ
728 2589 915 2641 πολλοὶ⁸
941 2590 1045 2643 οὐκ
1067 2589 1450 2661 ὠφελήθησαν,
1476 2591 1744 2659 λέγοντες·

165 2684 290 2735 Ὀτι
316 2682 366 2734 εί
395 2666 486 2751 μὴ’
507 2682 866 2749 παρήκουσαν
901 2680 996 2733 τοῦ
1027 2681 1297 2751 γέροντος,
1331 2682 1430 2735 οὐκ
1464 2681 1529 2735 ἂν
1554 2683 1749 2752 ἐχωρί-

169 2774 271 2843 σθη
307 2772 407 2826 ἀπ’
449 2770 652 2825 αὐτῶν.
704 2771 815 2822 Kal.
867 2770 1015 2837 λέγει
1069 2770 1283 2830 αὐτοῖς’
1334 2771 1505 2839 Κάγὼ
1543 2771 1747 2839 ἔγνων⁹

165 2866 332 2920 πάλιν
377 2858 475 2916 οὖν
522 2861 807 2932 μέλλουσιν
846 2861 1025 2929 λέγειν
1063 2862 1115 2914 οἱ
1161 2862 1477 2931 ἄνθρωποι·
1520 2864 1640 2917 Ὅτι
1676 2865 1751 2935 μὴ

164 2955 413 3026 εὑροῦσα
451 2956 485 3024 ἡ
528 2954 826 3024 περιστερά
866 2953 1173 3008 ἀνάπαυσιν
1214 2957 1326 3018 τοῖς
1369 2955 1528 3008 ποσὶν
1559 2958 1751 3027 αὐτῆς,

165 3046 504 3117 ἀνέστρεψεν
532 3046 665 3116 πρὸς
710 3046 829 3099 Νῶε
882 3046 963 3108 είς
1008 3044 1106 3115 τὴν
1150 3045 1401 3100 κιϐωτόν.
1444 3049 1554 3101 Kal.
1583 3050 1754 3112 οὕτως

168 3137 661 3208 ἐθεραπεύθησαν,
702 3138 800 3191 καὶ
845 3136 1067 3207 ἔμειναν
1112 3139 1231 3207 μετ’
1258 3137 1470 3192 αὐτοϋ1
1514 3140 1618 3204 ἕως
1655 3143 1754 3210 τῆς

170 3230 436 3299 τελευτῆς
470 3230 662 3283 αὑτοῦ.

803 3339 1030 3395 ΚΕΦᾹΛ
1043 3379 1055 3394 .
1082 3341 1156 3394 1".

1843 2037 2069 2106 projecit
2112 2052 2170 2093 se
2214 2039 2377 2091 etiam
2449 2054 2661 2093 senex:
2711 2048 2765 2093 et
2810 2038 3077 2095 ﬂeverunt
3133 2041 3408 2109 utrinque.

1843 2128 1988 2182 Dixit
2029 2144 2234 2184 senex:
2280 2128 2394 2183 Non
2439 2130 2696 2195 audistis,
2728 2131 2872 2201 quod
2907 2133 3269 2202 argrotarem?
3308 2131 3414 2185 Re-

1843 2220 2220 2288 spouderunt:
2262 2220 2338 2276 lta
2371 2231 2475 2276 est.
2520 2222 2756 2277 Rursum
2793 2238 2959 2277 senex
2993 2241 3007 2276 ι
3058 2222 3122 2277 Et
3161 2238 3261 2278 cur
3306 2239 3413 2277 non

1843 2313 2069 2366 venistis
2111 2327 2199 2367 me
2243 2314 2521 2366 invisum?
2568 2313 2632 2367 Et
2681 2314 2819 2368 dixit
2849 2314 3019 2369 abbas
3059 2315 3410 2370 Alexander:

1847 2400 2129 2471 Separatio
2183 2405 2256 2457 tui
2290 2420 2319 2457 a
2357 2404 2511 2458 nobis
2558 2404 2851 2474 approbata
2916 2405 3058 2459 haud
3114 2404 3257 2471 fuit;
3305 2408 3416 2460 imo

1846 2494 2032 2549 multis
2065 2509 2170 2547 non
2226 2494 2451 2564 profuit,
2489 2496 2795 2551 dicentibus
2829 2515 2842 2551 :
2898 2496 3013 2552 Nisi
3044 2498 3416 2555 inobedientes

1850 2584 2080 2641 fuissent
2106 2588 2242 2651 seni,
2272 2602 2378 2641 non
2411 2589 2597 2658 utique
2635 2605 2755 2644 sese
2783 2590 2852 2644 ab
2904 2591 3038 2660 ipsis
3066 2592 3416 2659 sejunxisset.

1850 2678 2004 2733 Tunc
2027 2679 2116 2734 ille
2152 2696 2167 2733 :
2201 2678 2264 2733 Et
2293 2696 2393 2751 ego
2434 2682 2484 2736 id
2516 2683 2663 2741 novi.
2696 2683 2892 2737 lterum
2920 2699 3050 2753 ergo
3071 2686 3267 2740 dicturi
3290 2696 3417 2740 sunt

1851 2770 2099 2826 homines
2132 2789 2146 2825 :
2174 2771 2435 2827 Columba
2470 2788 2575 2828 non
2601 2775 2880 2829 inveniens
2916 2776 3155 2845 requiem
3189 2778 3417 2846 pedibus

1852 2864 1990 2926 suis,
2030 2878 2246 2918 reversa
2287 2873 2373 2918 est
2428 2864 2494 2919 ad
2544 2863 2655 2921 Noe
2706 2866 2761 2920 in
2811 2881 3017 2921 arcam.
3050 2866 3117 2920 Et
3146 2868 3224 2922 sic
3247 2869 3419 2922 curati

1855 2964 2002 3019 sunt,
2058 2966 2494 3028 manseruntque
2544 2973 2669 3013 cum
2718 2973 2785 3014 eo
2840 2974 3017 3030 usque
3064 2960 3131 3015 ad
3190 2970 3419 3014 mortem

1858 3060 2047 3117 lpSlllS.

2500 3338 2650 3394 CAP.
2695 3337 2780 3393 111.

175 3449 486 3506 Fraudium
509 3452 788 3515 dtzmonis,
819 3460 870 3507 et
901 3467 1221 3506 arcanorum
1250 3453 1660 3521 perspicientia;
1687 3457 1923 3522 morbus,
1952 3460 2104 3520 visio,
2137 3473 2266 3510 cura
2316 3455 2591 3510 vilissima:
2623 3454 2943 3523 sepultum;
2969 3469 3109 3509 mors
3131 3470 3151 3518 ;
3170 3456 3428 3512 habitudo

1304 3524 1563 3591 corporis,
1594 3527 1839 3592 periocha
1877 3530 2019 3595 vitm,
2054 3528 2301 3596 elogium.

247 3616 339 3670 ιθ’.
371 3615 544 3671 Πάλιν
572 3614 735 3669 ἄλλου
768 3614 1098 3687 πυθομένου,
1120 3617 1216 3670 καὶ
1242 3617 1495 3685 λέγοντος
1529 3618 1607 3689 τῷ
1628 3621 1686 3672 Ἀ
1698 3638 1751 3691 ρο

178 3709 376 3777 σενίῳο
414 3709 477 3760 Οἱ
519 3707 775 3778 λογισμοί
811 3725 912 3779 μου
946 3707 1187 3761 θλίϐουσί
1229 3726 1318 3779 με,
1350 3709 1633 3777 λέγοντεςο
1680 3712 1754 3765 Οὐ

176 3798 406 3852 δύνασαι
436 3798 749 3867 νηστεῦσαι,
776 3799 897 3851 οὐδὲ
924 3797 1275 3869 ἐργάζεσθαι,
1302 3799 1403 3854 κᾶν
1426 3802 1755 3855 ἐπισκέπτου

178 3891 569 3953 ἀσθενοῦντας,
601 3890 699 3943 καὶ
732 3890 890 3942 τοῦτο
918 3891 974 3943 δὲ
1008 3891 1196 3958 ἀγάπη
1232 3891 1400 3945 ἐστίν.
1441 3891 1608 3954 Εἰδὼς
1641 3893 1697 3945 δὲ
1728 3894 1755 3945 ό

177 3983 363 4052 γέρων
392 3982 495 4043 τάς
522 3979 811 4050 πονηρίας,
839 3980 935 4032 καὶ
960 3982 1085 4043 τοὺς
1117 3981 1302 4043 δόλους
1329 3982 1437 4033 τῶν
1464 3983 1754 4052 δαιμόνων,

178 4073 331 4140 λέγει
381 4070 463 4141 τῷ
509 4070 722 4140 ἀδελφῷ
747 4088 760 4101 ο
807 4071 1047 4140 ”Υπαγε,
1079 4072 1241 4141 φάγε,
1284 4072 1395 4136 πίε,
1431 4074 1628 4145 κοιμῶ,
1664 4076 1759 4129 καὶ

182 4164 260 4235 μὴ
298 4163 515 4235 ἐργάσῃ
534 4178 549 4193 ·
589 4162 750 4231 μόνον
772 4162 865 4215 τοῦ
891 4162 1102 4216 κελλίου
1125 4180 1218 4217 σου
1245 4165 1319 4235 μὴ
1347 4165 1591 4235 ἀποστῇς
1610 4183 1623 4196 ·
1657 4167 1758 4237 ἤδη

178 4256 293 4323 γὰρ
319 4257 403 4309 ὅτι
427 4256 462 4324 ἡ
491 4251 737 4325 ὑπομονὴ
760 4252 855 4306 τοῦ
887 4254 1099 4306 κελλίου
1123 4257 1278 4325 φέρει
1301 4255 1392 4307 τὸν
1422 4254 1653 4324 μοναγδν
1680 4259 1759 4317 είς

178 4347 283 4417 τὴν
305 4346 466 4411 τάξιν
493 4344 683 4400 αὐτοῦ.
716 4346 831 4399 Οὐκ
858 4346 1272 4416 ἀπελιμπάνετο
1307 4345 1363 4399 δὲ
1392 4345 1486 4399 τοῦ
1522 4347 1759 4418 διορατι-

1923 3624 2009 3679 l9.
2046 3624 2181 3678 Dum
2239 3638 2432 3678 rursus
2489 3622 2629 3677 alius
2694 3621 3056 3689 interrogaret
3110 3636 3176 3675 ac
3219 3622 3425 3677 diceret

1852 3717 2131 3772 Arscuio:
2189 3716 2562 3786 Cogitationes
2624 3729 2754 3767 mea:
2815 3713 3059 3783 amiguut
3090 3728 3194 3776 me,
3225 3729 3422 3782 sugge-

1852 3818 2069 3863 rentes:
2101 3807 2216 3862 Non
2254 3810 2401 3863 vales
2421 3808 2691 3876 jcjunare,
2722 3822 2822 3861 nec
2849 3806 3099 3876 operari;
3132 3807 3319 3861 saltem
3344 3808 3426 3859 in-

1855 3899 2039 3954 firmos
2074 3900 2271 3964 visita;
2306 3908 2469 3967 atque
2504 3900 2605 3951 hoc
2631 3906 2781 3952 certe
2829 3897 3070 3952 charitas
3099 3907 3205 3953 est.
3247 3899 3425 3953 Senex

1856 3990 2036 4059 itaque
2085 3998 2231 4044 artes
2274 3989 2540 4059 dolosque
2560 3987 2825 4042 daemonis
2874 3999 3155 4057 perspecta
3191 3990 3422 4055 habens,

1855 4081 1993 4136 dixit
2046 4080 2243 4135 fratri:
2292 4081 2457 4143 Vade,
2509 4081 2755 4143 comede,
2800 4081 2946 4142 bibe,
2984 4082 3179 4147 dormi,
3230 4091 3423 4136 etnon

1855 4188 2081 4241 operare
2109 4189 2122 4226 :
2154 4173 2314 4226 modo
2337 4189 2366 4225 a
2398 4174 2530 4227 cella
2558 4182 2646 4225 tua
2669 4187 2733 4226 ne
2756 4172 2988 4227 desistas
3020 4190 3033 4226 :
3068 4182 3224 4225 norat
3254 4174 3429 4236 enim,

1856 4262 2127 4330 patientia:
2168 4262 2220 4315 in
2267 4262 2397 4316 cella
2436 4261 2825 4315 exercitatione
2872 4260 3196 4314 monachum
3246 4260 3299 4314 in
3333 4276 3426 4313 or-

1856 4349 2037 4404 dinem
2089 4364 2249 4406 suum
2281 4350 2451 4422 redigi
2478 4350 2613 4422 (92).
2642 4347 2828 4421 Neque
2853 4340 3254 4407 destituebatur
3286 4348 3422 4405 cha-

1452 4481 1691 4539 νΑηιιΕ
1733 4483 2144 4544 LECTIONES.

1697 4623 1927 4683 NOTAE.

261 4552 282 4594 ι
308 4551 551 4608 Coteler.
578 4550 765 4622 [μεινε
796 4550 915 4621 μετ’
940 4550 1145 4608 αὐτῶν.

182 4714 388 4769 fuisset
409 4710 480 4766 ad
503 4711 851 4767 eximendam
882 4709 1080 4767 famem
1106 4721 1161 4767 et
1185 4710 1572 4767 restaurandas
1593 4712 1761 4776 vires,

1862 4717 2194 4786 quadrupes.
2226 4716 2410 4787 Itaque
2437 4717 2729 4773 Ciaconius
2754 4720 2808 4774 in
2840 4717 2984 4775 notis
3009 4719 3073 4774 ad
3104 4719 3426 4777 Cassianum

178 4785 280 4839 sed
327 4792 500 4863 luant,
541 4796 650 4863 qua
692 4782 1034 4862 vescisoles,
1065 4797 1225 4851 pane,
1260 4782 1466 4844 herbis,
1512 4791 1607 4835 aut
1641 4784 1765 4838 aliis
1862 4782 1988 4908 paF.
2018 4782 2111 4841 68'!
2147 4800 2292 4842 recte
2324 4782 2530 4849 censet,
2559 4803 2719 4869 posse
2749 4790 2924 4859 accipi
2970 4806 3069 4858 pro
3102 4806 3430 4861 quacunque

178 4854 487 4909 esculentis
542 4851 860 4909 huiusmodi
912 4860 1256 4909 concoctam.
1318 4866 1484 4909 sume.
1539 4854 1764 4907 comede
1865 4858 2022 4909 nele.
2077 4856 2446 4909 Determiuate
2500 4867 2663 4909 etiam
2728 4860 2869 4909 sumi
2920 4870 3100 4909 potest
3142 4877 3239 4909 nm
3293 4865 3427 4909 mlle

1974 4873 2002 4910 Θ

176 4851 487 4926 esculentis
542 4849 1256 4926 huiusmodiconeoctam,
1318 4854 1764 4926 sunteueontede
1862 4849 1932 4926 'pe

176 4928 317 4990 (non
353 4921 561 4975 dicitur
586 4921 717 4982 bibe,
744 4920 892 4987 quod
925 4919 985 4973 fit
1016 4920 1071 4973 in
1108 4936 1247 4989 aqua
1277 4920 1472 4989 mera).
1506 4919 1597 4976 Sic
1623 4922 1764 4976 dici-

2009 4896 2022 4930 _.
2077 4856 2446 4930 Determinate
2500 4856 2663 4930 etiam
2728 4856 2887 4914 sumi'
2920 4856 3100 4929 potest
3120 4856 3239 4928 'pro
3293 4856 3427 4930 pelle

1866 4927 2108 4995 caprina.
2167 4928 2464 4998 Cassianus
2516 4928 2654 4983 libro
2688 4943 2729 4994 ι,
2786 4927 2964 4998 capite
3011 4930 3065 4992 8,
3114 4927 3181 4984 de
3232 4927 3428 4985 melnte

177 5004 309 5072 tur,
340 4992 622 5072 jusculum
674 5006 912 5072 sumere,
952 4991 1048 5072 lac
1095 4991 1402 5056 comedere,
1450 5005 1764 5061 quanquam
1866 4991 2663 5072 monachorum(Egyptiorum
2689 4991 2878 5072 agens,
2916 5002 2995 5053 sic
3013 4991 3252 5072 scribit:
3283 5020 3300 5051 ι
3334 5000 3428 5056 Ul-

173 5060 559 5134 panis'_in_eis__
575 5069 887 5134 maceratus
920 5060 1013 5134 sit.

1867 5066 2033 5138 timus
2065 5076 2147 5138 est
2192 5066 2407 5120 habitus
2450 5083 2640 5120 corum
2686 5069 2841 5138 pellis
2876 5070 3122 5137 caprina,
3155 5086 3277 5138 quae
3317 5088 3429 5125 mc-

804 5109 900 5183 lt—ie
922 5109 1295 5216 :Alexandrice,
1316 5146 1422 5185 non
1454 5130 1756 5216 The_b£tidis,
1786 5109 1839 5168 D
1866 5109 2655 5216 ibiéEVéipéﬁ
2868 5109 3429 5211 ιῖἓὲνῥἰὶῖἔλῚὸΞὶἰιξίῖὶξ

171 5197 505 5258 monuimus
556 5198 609 5251 itt
666 5197 1053 5253 Commentario
1090 5202 1306 5268 praevio,
1353 5217 1504 5254 num.
1548 5202 1635 5255 33.
1683 5202 1757 5256 Ea

167 5286 331 5335 vero,
366 5285 492 5339 qua:
518 5268 606 5321 hic
636 5278 951 5339 narrantur,
983 5269 1146 5339 habes
1178 5270 1230 5323 in
1276 5270 1411 5324 Vilis
1442 5270 1553 5324 PP.
1582 5271 1676 5325 lib.
1704 5287 1759 5337 ν,

170 5342 351 5395 libell.
384 5336 481 5409 15,
517 5352 668 5409 num.
702 5336 757 5409 ο,
796 5340 937 5406 apud
956 5338 1211 5409 iCoteler.
1246 5356 1274 5394 a
1309 5356 1428 5409 pag.
1467 5340 1589 5394 565.

248 5410 371 5478 (9υ)
414 5407 669 5528 Ιηιειιίξε
702 5407 914 5461 Petram
949 5408 1140 5473 Troes,
1182 5410 1249 5462 de
1290 5407 1399 5478 qua
1435 5425 1618 5479 supra.
1653 5408 1763 5465 Suo

248 5496 298 5528 IS
354 5494 515 5528 num.
560 5477 594 5528 2
636 5517 650 5528 .
708 5487 868 5528 vocat
915 5476 1131 5528 Petram
1186 5477 1452 5528 Stromes.
1514 5480 1763 5528 Annam-

636 5517 650 5539 ,
708 5487 868 5548 vocat
915 5476 1131 5548 Petram
1186 5476 1452 5548 Stro‘mes.
1506 5476 1763 5548 ’Apograo

165 5482 298 5534 rius
354 5494 515 5532 num.
560 5477 594 5530 2

208 5553 351 5602 ltum
391 5547 709 5600 Medicaaum
753 5547 893 5616 regis
934 5546 1177 5601 Francia:
1223 5547 1362 5603 infra
1406 5546 1763 5603 citatum‘ha-

204 5628 268 5673 et
308 5616 637 5687 Στρὼμνης,
672 5616 769 5687 sed
815 5617 1045 5686 scriptio
1076 5618 1176 5671 sibi
1213 5633 1320 5671 non
1352 5629 1567 5672 constat
1597 5640 1608 5673 :
1637 5635 1760 5672 nam

166 5700 225 5743 et
291 5686 541 5757 Τρὼμην
597 5686 760 5757 paulo
815 5696 939 5757 post
991 5688 1106 5756 lego
1156 5688 1210 5740 in
1262 5690 1552 5743 accusandi
1608 5704 1758 5743 casu.

166 5701 225 5743 et
294 5701 541 5757 ι’ρωμην
597 5701 760 5766 paulo
815 5701 939 5808 goat
973 5701 1106 5768 dego
1156 5704 1210 5740 tn
1262 5701 1552 5743 accusandt
1608 5704 1758 5743 casu.

166 5758 389 5813 Neutra
428 5756 625 5823 placet.
670 5754 780 5807 Vtt.
866 5755 933 5808 P.
972 5757 1172 5810 Ibidem
1212 5774 1361 5812 num.
1393 5758 1481 5821 10,
1532 5757 1758 5815 Tro/icit.

248 5826 374 5895 (9|)
414 5824 671 5895 Μελωτή,
718 5826 902 5879 ιιιθίοω
928 5827 1011 5881 vel
1055 5828 1288 5890 melotes,
1329 5827 1483 5895 pellis
1514 5829 1698 5889 ovina,
1731 5846 1759 5882 a

174 5895 384 5951 Greco
440 5894 636 5965 μῆλον,
689 5895 819 5959 ovis,
870 5897 967 5951 sed
1020 5901 1072 5951 et
1120 5894 1503 5967 quodcumque
1558 5899 1760 5953 animal

1865 5205 1920 5259 in
1957 5212 2188 5272 utroque
2225 5204 2513 5260 Clossario.

1939 5274 2051 5343 (92)
2105 5274 2211 5327 vn.
2259 5275 2371 5329 PP.
2424 5276 2516 5329 lib.
2550 5291 2605 5338 ν,
2656 5275 2829 5331 libell.
2862 5277 2913 5344 7,
2965 5294 3118 5332 num.
3167 5279 3235 5331 27
3282 5280 3430 5335 hisce

1866 5344 2070 5399 addunt
2099 5346 2165 5396 de
2213 5347 2483 5399 monacho
2526 5348 2674 5399 isto:
2714 5366 2731 5396 (
2762 5346 2863 5412 Qui
2909 5364 3030 5403 cum
3072 5349 3288 5404 fecisset
3321 5360 3431 5404 tres

1864 5416 2000 5487 dies,
2031 5415 2351 5487 exltediatus
2380 5424 2484 5474 est,
2520 5425 2574 5470 et
2596 5417 2879 5487 inveniens
2906 5433 3105 5486 paucas
3137 5421 3427 5487 palmulas,

1864 5484 2025 5558 scidit
2072 5499 2167 5538 eas
2198 5493 2289 5558 μοι
2339 5486 2536 5558 iterum
2593 5486 2646 5539 in
2699 5484 2941 5541 crastino
2989 5484 3153 5558 coepit
3196 5490 3428 5557 plectam

1865 5553 2045 5607 facere
2082 5570 2146 5606 ex
2194 5556 2293 5608 eis.
2345 5554 2447 5619 Qui
2498 5570 2622 5608 cum
2652 5558 2936 5619 csurisset.
2972 5553 3111 5611 dixit
3149 5553 3290 5612 intra
3331 5575 3388 5613 se
3415 5600 3427 5612 .

1865 5624 2413 5696 Eccealireipaucae
2469 5634 2597 5678 sunt
2658 5627 2879 5693 palmae;
2934 5629 3143 5696 explico
3196 5644 3321 5695 eas;
3378 5638 3431 5683 et

1864 5692 2151 5763 manduco.
2184 5695 2247 5747 Et
2277 5711 2399 5747 cum
2426 5692 2868 5763 perexpe’ndissct
2897 5692 3015 5761 cas,
3035 5698 3171 5750 dixit
3197 5692 3425 5753 iterum:

1864 5761 2007 5836 Lego
2039 5779 2251 5836 parum,
2284 5766 2363 5817 sic
2395 5761 2690 5819 manduco.
2721 5766 2787 5819 Et
2816 5781 2939 5820 cum
2976 5769 3213 5836 legisset,
3249 5770 3385 5821 dixit
3412 5786 3426 5821 :

1864 5830 2406 5904 DicatttLaliquantos
2446 5836 2707 5902 psalmos,
2750 5846 2804 5889 et
2834 5837 2948 5904 jam
2997 5830 3223 5893 sécnrus
3275 5854 3430 5890 mau-

1861 5901 2022 5956 duco.
2056 5901 2118 5955 Et
2150 5904 2221 5956 ita
2254 5901 2513 5971 paulatim
2560 5901 2898 5975 proficiebat,
2932 5907 3039 5964 Deo
3079 5919 3424 5977 cooperante,
