  <div class='ocr_page' id='page_1' title='image "/cluster/home/n/w/nwhite01/storage/ocr_20150623/99/ien.35556001661347/445.png"; bbox 0 0 3926 6448; ppageno 0'>
   <div class='ocr_carea' id='block_1_1' title="bbox 526 430 629 497">
    <p class='ocr_par' dir='ltr' id='par_1_1' title="bbox 526 430 629 497">
     <span class='ocr_line' id='line_1_1' title="bbox 526 430 629 497; baseline -0.039 0"><span class='ocrx_word' id='word_1_1' title='bbox 526 430 629 497; x_wconf 77' lang='grc'>871</span> 
     </span>
    </p>
   </div>
   <div class='ocr_carea' id='block_1_2' title="bbox 1710 390 2582 466">
    <p class='ocr_par' dir='ltr' id='par_1_2' title="bbox 1710 390 2582 466">
     <span class='ocr_line' id='line_1_2' title="bbox 1710 390 2582 466; baseline -0.022 0"><span class='ocrx_word' id='word_1_2' title='bbox 1710 408 1772 466; x_wconf 83' lang='grc'>8.</span> <span class='ocrx_word' id='word_1_3' title='bbox 1797 398 2185 464; x_wconf 79' lang='lat' dir='ltr'><strong>THEODORI</strong></span> <span class='ocrx_word' id='word_1_4' title='bbox 2237 390 2582 458; x_wconf 73' lang='lat' dir='ltr'><strong>STUDiT/E</strong></span> 
     </span>
    </p>
   </div>
   <div class='ocr_carea' id='block_1_3' title="bbox 3659 364 3765 425">
    <p class='ocr_par' dir='ltr' id='par_1_3' title="bbox 3659 364 3765 425">
     <span class='ocr_line' id='line_1_3' title="bbox 3659 364 3765 425; baseline -0.028 1"><span class='ocrx_word' id='word_1_5' title='bbox 3659 364 3765 425; x_wconf 71' lang='lat'><strong>87?.</strong></span> 
     </span>
    </p>
   </div>
   <div class='ocr_carea' id='block_1_4' title="bbox 528 477 2120 605">
    <p class='ocr_par' dir='ltr' id='par_1_4' title="bbox 528 477 2091 605">
     <span class='ocr_line' id='line_1_4' title="bbox 528 477 629 497; baseline -0.04 0"><span class='ocrx_word' id='word_1_6' title='bbox 528 477 629 497; x_wconf 86' lang='grc' dir='ltr'><strong>υ..</strong></span> 
     </span>
     <span class='ocr_line' id='line_1_5' title="bbox 528 509 2091 605; baseline -0.027 -4"><span class='ocrx_word' id='word_1_7' title='bbox 528 547 752 601; x_wconf 82' lang='lat' dir='ltr'><strong>risinate</strong></span> <span class='ocrx_word' id='word_1_8' title='bbox 799 526 1175 605; x_wconf 79' lang='lat' dir='ltr'><strong>perspiciendi</strong></span> <span class='ocrx_word' id='word_1_9' title='bbox 1234 536 1433 577; x_wconf 88' lang='lat' dir='ltr'><strong>arcana</strong></span> <span class='ocrx_word' id='word_1_10' title='bbox 1484 519 1567 573; x_wconf 92' lang='lat' dir='ltr'><strong>vir</strong></span> <span class='ocrx_word' id='word_1_11' title='bbox 1620 514 1872 577; x_wconf 83' lang='lat' dir='ltr'><strong>celebris,</strong></span> <span class='ocrx_word' id='word_1_12' title='bbox 1911 509 2091 563; x_wconf 80' lang='lat' dir='ltr'><strong>divina</strong></span> 
     </span>
    </p>
   </div>
   <div class='ocr_carea' id='block_1_5' title="bbox 2226 477 3762 605">
    <p class='ocr_par' dir='ltr' id='par_1_5' title="bbox 2226 477 3762 605">
     <span class='ocr_line' id='line_1_6' title="bbox 2226 477 3762 574; baseline -0.021 -16"><span class='ocrx_word' id='word_1_13' title='bbox 2226 505 2291 558; x_wconf 69' lang='lat'><strong>:05</strong></span> <span class='ocrx_word' id='word_1_14' title='bbox 2320 503 2673 574; x_wconf 76' lang='grc' dir='ltr'><strong>χαρίσματος,</strong></span> <span class='ocrx_word' id='word_1_15' title='bbox 2701 491 2951 562; x_wconf 80' lang='grc' dir='ltr'><strong>ἔμπλεως</strong></span> <span class='ocrx_word' id='word_1_16' title='bbox 2979 486 3052 540; x_wconf 79' lang='grc' dir='ltr'>ὢν</span> <span class='ocrx_word' id='word_1_17' title='bbox 3085 488 3113 537; x_wconf 89' lang='grc' dir='ltr'>ὁ</span> <span class='ocrx_word' id='word_1_18' title='bbox 3136 482 3374 549; x_wconf 79' lang='grc' dir='ltr'>ἀοίδιμος</span> <span class='ocrx_word' id='word_1_19' title='bbox 3416 478 3569 539; x_wconf 77' lang='grc' dir='ltr'>θείας</span> <span class='ocrx_word' id='word_1_20' title='bbox 3603 477 3762 545; x_wconf 78' lang='grc' dir='ltr'>χάρι-</span> 
     </span>
     <span class='ocr_line' id='line_1_7' title="bbox 2333 567 3742 605; baseline -0.013 18"><span class='ocrx_word' id='word_1_21' title='bbox 2333 597 2369 605; x_wconf 88' lang='grc'><strong>·’</strong></span> <span class='ocrx_word' id='word_1_22' title='bbox 2423 594 2446 605; x_wconf 65' lang='grc'><strong>’⁵</strong></span> <span class='ocrx_word' id='word_1_23' title='bbox 2546 591 2557 605; x_wconf 89' lang='grc'><em>¹</em></span> <span class='ocrx_word' id='word_1_24' title='bbox 2714 582 2738 603; x_wconf 74' lang='grc' dir='ltr'><strong><em>τ</em></strong></span> <span class='ocrx_word' id='word_1_25' title='bbox 2768 604 2771 605; x_wconf 53' lang='grc' dir='ltr'><strong>ν</strong></span> <span class='ocrx_word' id='word_1_26' title='bbox 2805 580 2959 605; x_wconf 50' lang='grc' dir='ltr'><strong>μ’μ--π</strong></span> <span class='ocrx_word' id='word_1_27' title='bbox 2986 582 3063 605; x_wconf 68' lang='lat'><strong>-1-</strong></span> <span class='ocrx_word' id='word_1_28' title='bbox 3090 577 3145 605; x_wconf 62' lang='lat'><strong>-3.</strong></span> <span class='ocrx_word' id='word_1_29' title='bbox 3175 574 3292 605; x_wconf 61' lang='grc' dir='ltr'><strong>..ι-’.ἴ</strong></span> <span class='ocrx_word' id='word_1_30' title='bbox 3308 573 3383 605; x_wconf 68' lang='grc' dir='ltr'><strong>[η.</strong></span> <span class='ocrx_word' id='word_1_31' title='bbox 3432 567 3561 605; x_wconf 61' lang='grc' dir='ltr'><strong>Ξλῆε</strong></span> <span class='ocrx_word' id='word_1_32' title='bbox 3586 570 3742 605; x_wconf 59' lang='grc' dir='ltr'><strong>κη..υῶ</strong></span> 
     </span>
    </p>
   </div>
   <div class='ocr_carea' id='block_1_6' title="bbox 527 602 2089 710">
    <p class='ocr_par' dir='ltr' id='par_1_6' title="bbox 527 602 2089 710">
     <span class='ocr_line' id='line_1_8' title="bbox 527 602 2089 710; baseline -0.024 -20"><span class='ocrx_word' id='word_1_33' title='bbox 527 634 701 710; x_wconf 81' lang='lat' dir='ltr'><strong>gratia</strong></span> <span class='ocrx_word' id='word_1_34' title='bbox 752 602 1234 681; x_wconf 77' lang='lat' dir='ltr'><strong>cumulatissimus.</strong></span> <span class='ocrx_word' id='word_1_35' title='bbox 1308 614 1542 668; x_wconf 87' lang='lat' dir='ltr'><strong>Sedcnte</strong></span> <span class='ocrx_word' id='word_1_36' title='bbox 1582 608 1692 678; x_wconf 70' lang='lat'><strong>(93)</strong></span> <span class='ocrx_word' id='word_1_37' title='bbox 1743 621 1809 659; x_wconf 91' lang='lat' dir='ltr'><strong>eo</strong></span> <span class='ocrx_word' id='word_1_38' title='bbox 1847 606 1900 657; x_wconf 90' lang='lat' dir='ltr'><strong>iu</strong></span> <span class='ocrx_word' id='word_1_39' title='bbox 1931 602 2089 663; x_wconf 89' lang='lat' dir='ltr'><strong>cella,</strong></span> 
     </span>
    </p>
   </div>
   <div class='ocr_carea' id='block_1_7' title="bbox 529 691 2094 782">
    <p class='ocr_par' dir='ltr' id='par_1_7' title="bbox 529 691 2094 782">
     <span class='ocr_line' id='line_1_9' title="bbox 529 691 2094 782; baseline -0.026 1"><span class='ocrx_word' id='word_1_40' title='bbox 529 691 827 782; x_wconf 50' lang='lat' dir='ltr'><strong>venitvox,</strong></span> <span class='ocrx_word' id='word_1_41' title='bbox 876 716 1062 769; x_wconf 87' lang='lat' dir='ltr'><strong>dicens</strong></span> <span class='ocrx_word' id='word_1_42' title='bbox 1118 708 1217 778; x_wconf 85' lang='lat' dir='ltr'><strong>ipsi</strong></span> <span class='ocrx_word' id='word_1_43' title='bbox 1257 726 1270 761; x_wconf 85' lang='lat'><strong>:</strong></span> <span class='ocrx_word' id='word_1_44' title='bbox 1317 702 1610 761; x_wconf 83' lang='lat' dir='ltr'><strong>Adesdum,</strong></span> <span class='ocrx_word' id='word_1_45' title='bbox 1665 695 1947 752; x_wconf 78' lang='lat' dir='ltr'><strong>ostendam</strong></span> <span class='ocrx_word' id='word_1_46' title='bbox 1999 691 2094 745; x_wconf 91' lang='lat' dir='ltr'><strong>tibi</strong></span> 
     </span>
    </p>
   </div>
   <div class='ocr_carea' id='block_1_8' title="bbox 531 793 2097 887">
    <p class='ocr_par' dir='ltr' id='par_1_8' title="bbox 531 793 2097 887">
     <span class='ocr_line' id='line_1_10' title="bbox 531 793 2097 887; baseline -0.024 -13"><span class='ocrx_word' id='word_1_47' title='bbox 531 830 692 887; x_wconf 89' lang='lat' dir='ltr'><strong>opera</strong></span> <span class='ocrx_word' id='word_1_48' title='bbox 726 810 1026 867; x_wconf 85' lang='lat' dir='ltr'><strong>hominum.</strong></span> <span class='ocrx_word' id='word_1_49' title='bbox 1055 803 1403 869; x_wconf 84' lang='lat' dir='ltr'><strong>Surgensque</strong></span> <span class='ocrx_word' id='word_1_50' title='bbox 1432 793 1627 857; x_wconf 78' lang='lat' dir='ltr'><strong>exivit;</strong></span> <span class='ocrx_word' id='word_1_51' title='bbox 1655 801 1889 856; x_wconf 87' lang='lat' dir='ltr'><strong>eumque</strong></span> <span class='ocrx_word' id='word_1_52' title='bbox 1922 794 2097 838; x_wconf 86' lang='lat' dir='ltr'><strong>trans-</strong></span> 
     </span>
    </p>
   </div>
   <div class='ocr_carea' id='block_1_9' title="bbox 532 875 2096 965">
    <p class='ocr_par' dir='ltr' id='par_1_9' title="bbox 532 875 2096 965">
     <span class='ocr_line' id='line_1_11' title="bbox 532 875 2096 965; baseline -0.026 0"><span class='ocrx_word' id='word_1_53' title='bbox 532 875 655 965; x_wconf 72' lang='lat' dir='ltr'><strong>ttilit</strong></span> <span class='ocrx_word' id='word_1_54' title='bbox 686 908 737 959; x_wconf 93' lang='lat' dir='ltr'><strong>iu</strong></span> <span class='ocrx_word' id='word_1_55' title='bbox 779 903 954 957; x_wconf 90' lang='lat' dir='ltr'><strong>locum</strong></span> <span class='ocrx_word' id='word_1_56' title='bbox 990 896 1243 963; x_wconf 88' lang='lat' dir='ltr'><strong>aliquem,</strong></span> <span class='ocrx_word' id='word_1_57' title='bbox 1292 898 1346 943; x_wconf 89' lang='lat' dir='ltr'><strong>et</strong></span> <span class='ocrx_word' id='word_1_58' title='bbox 1387 883 1624 940; x_wconf 89' lang='lat' dir='ltr'><strong>ostendit</strong></span> <span class='ocrx_word' id='word_1_59' title='bbox 1669 880 1721 934; x_wconf 88' lang='lat' dir='ltr'><strong>ei</strong></span> <span class='ocrx_word' id='word_1_60' title='bbox 1762 875 2096 942; x_wconf 64' lang='lat' dir='ltr'><strong>Ethiopem,</strong></span> 
     </span>
    </p>
   </div>
   <div class='ocr_carea' id='block_1_10' title="bbox 534 964 2099 1058">
    <p class='ocr_par' dir='ltr' id='par_1_10' title="bbox 534 964 2099 1058">
     <span class='ocr_line' id='line_1_12' title="bbox 534 964 2099 1058; baseline -0.027 -1"><span class='ocrx_word' id='word_1_61' title='bbox 534 999 871 1058; x_wconf 84' lang='lat' dir='ltr'><strong>scindentem</strong></span> <span class='ocrx_word' id='word_1_62' title='bbox 927 990 1106 1058; x_wconf 84' lang='lat' dir='ltr'><strong>ligna,</strong></span> <span class='ocrx_word' id='word_1_63' title='bbox 1164 992 1323 1051; x_wconf 88' lang='lat' dir='ltr'><strong>atque</strong></span> <span class='ocrx_word' id='word_1_64' title='bbox 1368 979 1419 1031; x_wconf 88' lang='lat' dir='ltr'><strong>in</strong></span> <span class='ocrx_word' id='word_1_65' title='bbox 1460 987 1713 1044; x_wconf 84' lang='lat' dir='ltr'><strong>magnum</strong></span> <span class='ocrx_word' id='word_1_66' title='bbox 1765 968 1965 1023; x_wconf 86' lang='lat' dir='ltr'><strong>fascem</strong></span> <span class='ocrx_word' id='word_1_67' title='bbox 2012 964 2099 1017; x_wconf 88' lang='lat' dir='ltr'><strong>illa</strong></span> 
     </span>
    </p>
   </div>
   <div class='ocr_carea' id='block_1_11' title="bbox 535 1056 2100 1148">
    <p class='ocr_par' dir='ltr' id='par_1_11' title="bbox 535 1056 2100 1148">
     <span class='ocr_line' id='line_1_13' title="bbox 535 1056 2100 1148; baseline -0.026 -2"><span class='ocrx_word' id='word_1_68' title='bbox 535 1056 992 1148; x_wconf 49' lang='lat' dir='ltr'><strong>coacervantemi</strong></span> <span class='ocrx_word' id='word_1_69' title='bbox 1051 1089 1212 1146; x_wconf 90' lang='lat' dir='ltr'><strong>quem</strong></span> <span class='ocrx_word' id='word_1_70' title='bbox 1267 1068 1506 1123; x_wconf 88' lang='lat' dir='ltr'><strong>tentahat</strong></span> <span class='ocrx_word' id='word_1_71' title='bbox 1573 1070 1813 1133; x_wconf 90' lang='lat' dir='ltr'><strong>portare,</strong></span> <span class='ocrx_word' id='word_1_72' title='bbox 1851 1056 1945 1113; x_wconf 89' lang='lat' dir='ltr'><strong>sed</strong></span> <span class='ocrx_word' id='word_1_73' title='bbox 1993 1068 2100 1107; x_wconf 88' lang='lat' dir='ltr'><strong>non</strong></span> 
     </span>
    </p>
   </div>
   <div class='ocr_carea' id='block_1_12' title="bbox 537 1150 2101 1253">
    <p class='ocr_par' dir='ltr' id='par_1_12' title="bbox 537 1150 2101 1253">
     <span class='ocr_line' id='line_1_14' title="bbox 537 1150 2101 1253; baseline -0.026 -16"><span class='ocrx_word' id='word_1_74' title='bbox 537 1186 783 1253; x_wconf 91' lang='lat' dir='ltr'><strong>poterat;</strong></span> <span class='ocrx_word' id='word_1_75' title='bbox 830 1184 883 1228; x_wconf 93' lang='lat' dir='ltr'><strong>et</strong></span> <span class='ocrx_word' id='word_1_76' title='bbox 932 1185 1027 1239; x_wconf 89' lang='lat' dir='ltr'><strong>pro</strong></span> <span class='ocrx_word' id='word_1_77' title='bbox 1081 1182 1147 1221; x_wconf 92' lang='lat' dir='ltr'><strong>eo</strong></span> <span class='ocrx_word' id='word_1_78' title='bbox 1194 1172 1252 1217; x_wconf 91' lang='lat' dir='ltr'><strong>ut</strong></span> <span class='ocrx_word' id='word_1_79' title='bbox 1300 1162 1538 1215; x_wconf 88' lang='lat' dir='ltr'><strong>demeret</strong></span> <span class='ocrx_word' id='word_1_80' title='bbox 1580 1171 1645 1209; x_wconf 76' lang='lat' dir='ltr'><strong>ex</strong></span> <span class='ocrx_word' id='word_1_81' title='bbox 1682 1168 1747 1207; x_wconf 91' lang='lat' dir='ltr'><strong>co</strong></span> <span class='ocrx_word' id='word_1_82' title='bbox 1781 1150 2101 1220; x_wconf 81' lang='lat' dir='ltr'><strong>quidquam,</strong></span> 
     </span>
    </p>
   </div>
   <div class='ocr_carea' id='block_1_13' title="bbox 540 1242 2107 1328">
    <p class='ocr_par' dir='ltr' id='par_1_13' title="bbox 540 1242 2107 1328">
     <span class='ocr_line' id='line_1_15' title="bbox 540 1242 2107 1328; baseline -0.026 0"><span class='ocrx_word' id='word_1_83' title='bbox 540 1242 738 1328; x_wconf 84' lang='lat' dir='ltr'><strong>iterum</strong></span> <span class='ocrx_word' id='word_1_84' title='bbox 790 1262 1076 1319; x_wconf 82' lang='lat' dir='ltr'><strong>discedens</strong></span> <span class='ocrx_word' id='word_1_85' title='bbox 1114 1254 1392 1310; x_wconf 88' lang='lat' dir='ltr'><strong>scindebat</strong></span> <span class='ocrx_word' id='word_1_86' title='bbox 1416 1250 1580 1318; x_wconf 87' lang='lat' dir='ltr'><strong>ligna,</strong></span> <span class='ocrx_word' id='word_1_87' title='bbox 1615 1253 1670 1299; x_wconf 89' lang='lat' dir='ltr'><strong>et</strong></span> <span class='ocrx_word' id='word_1_88' title='bbox 1699 1242 1830 1296; x_wconf 92' lang='lat' dir='ltr'><strong>fasci</strong></span> <span class='ocrx_word' id='word_1_89' title='bbox 1872 1251 2107 1305; x_wconf 89' lang='lat' dir='ltr'><strong>appone-</strong></span> 
     </span>
    </p>
   </div>
   <div class='ocr_carea' id='block_1_14' title="bbox 542 1325 2105 1426">
    <p class='ocr_par' dir='ltr' id='par_1_14' title="bbox 542 1325 2105 1426">
     <span class='ocr_line' id='line_1_16' title="bbox 542 1325 2105 1426; baseline -0.026 -8"><span class='ocrx_word' id='word_1_90' title='bbox 542 1366 653 1418; x_wconf 86' lang='lat' dir='ltr'><strong>bat.</strong></span> <span class='ocrx_word' id='word_1_91' title='bbox 682 1361 748 1412; x_wconf 85' lang='lat' dir='ltr'><strong>Et</strong></span> <span class='ocrx_word' id='word_1_92' title='bbox 773 1364 1055 1426; x_wconf 84' lang='lat' dir='ltr'><strong>postquam</strong></span> <span class='ocrx_word' id='word_1_93' title='bbox 1087 1346 1307 1415; x_wconf 88' lang='lat' dir='ltr'><strong>paulum</strong></span> <span class='ocrx_word' id='word_1_94' title='bbox 1340 1338 1712 1410; x_wconf 83' lang='lat' dir='ltr'><strong>processisset,</strong></span> <span class='ocrx_word' id='word_1_95' title='bbox 1746 1330 1981 1386; x_wconf 88' lang='lat' dir='ltr'><strong>ostendit</strong></span> <span class='ocrx_word' id='word_1_96' title='bbox 2006 1325 2105 1395; x_wconf 89' lang='lat' dir='ltr'><strong>ipsi</strong></span> 
     </span>
    </p>
   </div>
   <div class='ocr_carea' id='block_1_15' title="bbox 544 1423 2105 1523">
    <p class='ocr_par' dir='ltr' id='par_1_15' title="bbox 544 1423 2105 1523">
     <span class='ocr_line' id='line_1_17' title="bbox 544 1423 2105 1523; baseline -0.025 -16"><span class='ocrx_word' id='word_1_97' title='bbox 544 1423 854 1523; x_wconf 81' lang='lat' dir='ltr'><strong>quemdam,</strong></span> <span class='ocrx_word' id='word_1_98' title='bbox 900 1443 991 1512; x_wconf 94' lang='lat' dir='ltr'><strong>qui</strong></span> <span class='ocrx_word' id='word_1_99' title='bbox 1027 1439 1093 1492; x_wconf 86' lang='lat' dir='ltr'><strong>ad</strong></span> <span class='ocrx_word' id='word_1_100' title='bbox 1137 1437 1315 1490; x_wconf 89' lang='lat' dir='ltr'><strong>lacum</strong></span> <span class='ocrx_word' id='word_1_101' title='bbox 1360 1431 1559 1489; x_wconf 84' lang='lat' dir='ltr'><strong>stabat,</strong></span> <span class='ocrx_word' id='word_1_102' title='bbox 1602 1423 1991 1487; x_wconf 86' lang='lat' dir='ltr'><strong>hauriebatque</strong></span> <span class='ocrx_word' id='word_1_103' title='bbox 2021 1432 2105 1470; x_wconf 68' lang='grc' dir='ltr'><strong>ἐκ</strong></span> 
     </span>
    </p>
   </div>
   <div class='ocr_carea' id='block_1_16' title="bbox 544 1508 2106 1609">
    <p class='ocr_par' dir='ltr' id='par_1_16' title="bbox 544 1508 2106 1609">
     <span class='ocr_line' id='line_1_18' title="bbox 544 1508 2106 1609; baseline -0.029 -10"><span class='ocrx_word' id='word_1_104' title='bbox 544 1561 610 1599; x_wconf 86' lang='lat' dir='ltr'><strong>eo</strong></span> <span class='ocrx_word' id='word_1_105' title='bbox 648 1552 869 1609; x_wconf 86' lang='lat' dir='ltr'><strong>aquam,</strong></span> <span class='ocrx_word' id='word_1_106' title='bbox 909 1542 963 1586; x_wconf 87' lang='lat' dir='ltr'><strong>et</strong></span> <span class='ocrx_word' id='word_1_107' title='bbox 999 1525 1358 1583; x_wconf 81' lang='lat' dir='ltr'><strong>transferebat</strong></span> <span class='ocrx_word' id='word_1_108' title='bbox 1387 1523 1438 1573; x_wconf 92' lang='lat' dir='ltr'><strong>in</strong></span> <span class='ocrx_word' id='word_1_109' title='bbox 1483 1534 1577 1572; x_wconf 91' lang='lat' dir='ltr'><strong>vas</strong></span> <span class='ocrx_word' id='word_1_110' title='bbox 1603 1524 1883 1586; x_wconf 90' lang='lat' dir='ltr'><strong>pertusum</strong></span> <span class='ocrx_word' id='word_1_111' title='bbox 1912 1527 1926 1576; x_wconf 93' lang='lat'><strong>;</strong></span> <span class='ocrx_word' id='word_1_112' title='bbox 1962 1508 2106 1576; x_wconf 87' lang='lat' dir='ltr'><strong>quod</strong></span> 
     </span>
    </p>
   </div>
   <div class='ocr_carea' id='block_1_17' title="bbox 544 1605 1755 1690">
    <p class='ocr_par' dir='ltr' id='par_1_17' title="bbox 544 1605 1755 1690">
     <span class='ocr_line' id='line_1_19' title="bbox 544 1605 1755 1690; baseline -0.031 0"><span class='ocrx_word' id='word_1_113' title='bbox 544 1650 664 1690; x_wconf 89' lang='lat' dir='ltr'><strong>eam</strong></span> <span class='ocrx_word' id='word_1_114' title='bbox 703 1605 1045 1684; x_wconf 63' lang='lat' dir='ltr'><strong>effundebat.</strong></span> <span class='ocrx_word' id='word_1_115' title='bbox 1116 1617 1180 1670; x_wconf 80' lang='lat' dir='ltr'><strong>Et</strong></span> <span class='ocrx_word' id='word_1_116' title='bbox 1228 1616 1406 1669; x_wconf 89' lang='lat' dir='ltr'><strong>denuo</strong></span> <span class='ocrx_word' id='word_1_117' title='bbox 1463 1609 1595 1663; x_wconf 87' lang='lat' dir='ltr'><strong>dicit</strong></span> <span class='ocrx_word' id='word_1_118' title='bbox 1649 1605 1699 1658; x_wconf 91' lang='lat' dir='ltr'><strong>ei</strong></span> <span class='ocrx_word' id='word_1_119' title='bbox 1740 1622 1755 1652; x_wconf 72' lang='grc' dir='ltr'><strong>ι</strong></span> 
     </span>
    </p>
   </div>
   <div class='ocr_carea' id='block_1_18' title="bbox 547 1690 2108 1784">
    <p class='ocr_par' dir='ltr' id='par_1_18' title="bbox 547 1690 2108 1784">
     <span class='ocr_line' id='line_1_20' title="bbox 547 1690 2108 1784; baseline -0.027 -3"><span class='ocrx_word' id='word_1_120' title='bbox 547 1722 828 1780; x_wconf 83' lang='lat' dir='ltr'><strong>ostendam</strong></span> <span class='ocrx_word' id='word_1_121' title='bbox 873 1715 966 1770; x_wconf 82' lang='lat' dir='ltr'><strong>tibi</strong></span> <span class='ocrx_word' id='word_1_122' title='bbox 1006 1706 1220 1784; x_wconf 75' lang='lat' dir='ltr'><strong>[aliud].</strong></span> <span class='ocrx_word' id='word_1_123' title='bbox 1272 1705 1337 1756; x_wconf 89' lang='lat' dir='ltr'><strong>Et</strong></span> <span class='ocrx_word' id='word_1_124' title='bbox 1377 1696 1777 1764; x_wconf 82' lang='lat' dir='ltr'><strong>contemplatur</strong></span> <span class='ocrx_word' id='word_1_125' title='bbox 1826 1690 2108 1758; x_wconf 89' lang='lat' dir='ltr'><strong>templum,</strong></span> 
     </span>
    </p>
   </div>
   <div class='ocr_carea' id='block_1_19' title="bbox 551 1783 2114 1874">
    <p class='ocr_par' dir='ltr' id='par_1_19' title="bbox 551 1783 2114 1874">
     <span class='ocr_line' id='line_1_21' title="bbox 551 1783 2114 1874; baseline -0.028 0"><span class='ocrx_word' id='word_1_126' title='bbox 551 1835 615 1874; x_wconf 91' lang='lat' dir='ltr'><strong>ac</strong></span> <span class='ocrx_word' id='word_1_127' title='bbox 662 1818 798 1872; x_wconf 89' lang='lat' dir='ltr'><strong>duos</strong></span> <span class='ocrx_word' id='word_1_128' title='bbox 844 1810 1011 1869; x_wconf 88' lang='lat' dir='ltr'><strong>viros,</strong></span> <span class='ocrx_word' id='word_1_129' title='bbox 1053 1803 1143 1873; x_wconf 87' lang='lat' dir='ltr'><strong>qui</strong></span> <span class='ocrx_word' id='word_1_130' title='bbox 1186 1797 1343 1868; x_wconf 90' lang='lat' dir='ltr'><strong>equis</strong></span> <span class='ocrx_word' id='word_1_131' title='bbox 1376 1792 1702 1851; x_wconf 88' lang='lat' dir='ltr'><strong>insidebant,</strong></span> <span class='ocrx_word' id='word_1_132' title='bbox 1749 1796 1803 1839; x_wconf 89' lang='lat' dir='ltr'><strong>et</strong></span> <span class='ocrx_word' id='word_1_133' title='bbox 1827 1783 2114 1854; x_wconf 89' lang='lat' dir='ltr'><strong>portabant</strong></span> 
     </span>
    </p>
   </div>
   <div class='ocr_carea' id='block_1_20' title="bbox 552 1876 2111 1977">
    <p class='ocr_par' dir='ltr' id='par_1_20' title="bbox 552 1876 2111 1977">
     <span class='ocr_line' id='line_1_22' title="bbox 552 1876 2111 1977; baseline -0.026 -14"><span class='ocrx_word' id='word_1_134' title='bbox 552 1911 757 1977; x_wconf 88' lang='lat' dir='ltr'><strong>lignum</strong></span> <span class='ocrx_word' id='word_1_135' title='bbox 794 1901 1008 1965; x_wconf 88' lang='lat' dir='ltr'><strong>oblique</strong></span> <span class='ocrx_word' id='word_1_136' title='bbox 1057 1906 1199 1947; x_wconf 89' lang='lat' dir='ltr'><strong>unus</strong></span> <span class='ocrx_word' id='word_1_137' title='bbox 1252 1897 1370 1956; x_wconf 87' lang='lat' dir='ltr'><strong>post</strong></span> <span class='ocrx_word' id='word_1_138' title='bbox 1403 1884 1589 1938; x_wconf 88' lang='lat' dir='ltr'><strong>alium.</strong></span> <span class='ocrx_word' id='word_1_139' title='bbox 1633 1876 1899 1931; x_wconf 76' lang='lat' dir='ltr'><strong>Volebant</strong></span> <span class='ocrx_word' id='word_1_140' title='bbox 1930 1882 2111 1927; x_wconf 85' lang='lat' dir='ltr'><strong>autem</strong></span> 
     </span>
    </p>
   </div>
   <div class='ocr_carea' id='block_1_21' title="bbox 552 1963 2113 2070">
    <p class='ocr_par' dir='ltr' id='par_1_21' title="bbox 552 1963 2113 2070">
     <span class='ocr_line' id='line_1_23' title="bbox 552 1963 2113 2070; baseline -0.026 -17"><span class='ocrx_word' id='word_1_141' title='bbox 552 1963 651 2070; x_wconf 45' lang='lat' dir='ltr'><strong>pe}</strong></span> <span class='ocrx_word' id='word_1_142' title='bbox 692 1992 873 2061; x_wconf 84' lang='lat' dir='ltr'><strong>templi</strong></span> <span class='ocrx_word' id='word_1_143' title='bbox 911 1963 1133 2057; x_wconf 63' lang='lat' dir='ltr'><strong>ianuam</strong></span> <span class='ocrx_word' id='word_1_144' title='bbox 1182 1977 1412 2049; x_wconf 81' lang='lat' dir='ltr'><strong>ingredi,</strong></span> <span class='ocrx_word' id='word_1_145' title='bbox 1450 1983 1504 2028; x_wconf 90' lang='lat' dir='ltr'><strong>et</strong></span> <span class='ocrx_word' id='word_1_146' title='bbox 1534 1985 1645 2025; x_wconf 90' lang='lat' dir='ltr'><strong>non</strong></span> <span class='ocrx_word' id='word_1_147' title='bbox 1682 1967 1956 2027; x_wconf 85' lang='lat' dir='ltr'><strong>valebant,</strong></span> <span class='ocrx_word' id='word_1_148' title='bbox 1986 1963 2113 2032; x_wconf 90' lang='lat' dir='ltr'><strong>quia</strong></span> 
     </span>
    </p>
   </div>
   <div class='ocr_carea' id='block_1_22' title="bbox 556 2060 2116 2162">
    <p class='ocr_par' dir='ltr' id='par_1_22' title="bbox 556 2060 2116 2162">
     <span class='ocr_line' id='line_1_24' title="bbox 556 2060 2116 2162; baseline -0.025 -17"><span class='ocrx_word' id='word_1_149' title='bbox 556 2094 757 2162; x_wconf 88' lang='lat' dir='ltr'><strong>lignum</strong></span> <span class='ocrx_word' id='word_1_150' title='bbox 791 2096 979 2137; x_wconf 92' lang='lat' dir='ltr'><strong>eorum</strong></span> <span class='ocrx_word' id='word_1_151' title='bbox 1013 2085 1129 2131; x_wconf 90' lang='lat' dir='ltr'><strong>erat</strong></span> <span class='ocrx_word' id='word_1_152' title='bbox 1155 2072 1481 2139; x_wconf 84' lang='lat' dir='ltr'><strong>obliquum;</strong></span> <span class='ocrx_word' id='word_1_153' title='bbox 1514 2078 1612 2119; x_wconf 87' lang='lat' dir='ltr'><strong>nec</strong></span> <span class='ocrx_word' id='word_1_154' title='bbox 1641 2060 1851 2116; x_wconf 88' lang='lat' dir='ltr'><strong>dimisit</strong></span> <span class='ocrx_word' id='word_1_155' title='bbox 1881 2072 1939 2112; x_wconf 89' lang='lat' dir='ltr'><strong>se</strong></span> <span class='ocrx_word' id='word_1_156' title='bbox 1974 2068 2116 2108; x_wconf 89' lang='lat' dir='ltr'><strong>unus</strong></span> 
     </span>
    </p>
   </div>
   <div class='ocr_carea' id='block_1_23' title="bbox 557 2147 2116 2251">
    <p class='ocr_par' dir='ltr' id='par_1_23' title="bbox 557 2147 2116 2251">
     <span class='ocr_line' id='line_1_25' title="bbox 557 2147 2116 2251; baseline -0.024 -16"><span class='ocrx_word' id='word_1_157' title='bbox 557 2147 679 2251; x_wconf 61' lang='lat' dir='ltr'><strong>post</strong></span> <span class='ocrx_word' id='word_1_158' title='bbox 704 2178 890 2238; x_wconf 86' lang='lat' dir='ltr'><strong>alium,</strong></span> <span class='ocrx_word' id='word_1_159' title='bbox 929 2179 986 2223; x_wconf 93' lang='lat' dir='ltr'><strong>ut</strong></span> <span class='ocrx_word' id='word_1_160' title='bbox 1015 2173 1252 2237; x_wconf 91' lang='lat' dir='ltr'><strong>portaret</strong></span> <span class='ocrx_word' id='word_1_161' title='bbox 1299 2162 1502 2226; x_wconf 81' lang='lat' dir='ltr'><strong>lignum</strong></span> <span class='ocrx_word' id='word_1_162' title='bbox 1542 2156 1595 2208; x_wconf 87' lang='lat' dir='ltr'><strong>in</strong></span> <span class='ocrx_word' id='word_1_163' title='bbox 1632 2161 1878 2215; x_wconf 88' lang='lat' dir='ltr'><strong>rectum;</strong></span> <span class='ocrx_word' id='word_1_164' title='bbox 1909 2156 1962 2202; x_wconf 88' lang='lat' dir='ltr'><strong>ct</strong></span> <span class='ocrx_word' id='word_1_165' title='bbox 1995 2147 2116 2200; x_wconf 89' lang='lat' dir='ltr'><strong>ideo</strong></span> 
     </span>
    </p>
   </div>
   <div class='ocr_carea' id='block_1_24' title="bbox 558 2237 2119 2335">
    <p class='ocr_par' dir='ltr' id='par_1_24' title="bbox 558 2237 2119 2335">
     <span class='ocr_line' id='line_1_26' title="bbox 558 2237 2119 2335; baseline -0.024 -8"><span class='ocrx_word' id='word_1_166' title='bbox 558 2274 878 2335; x_wconf 88' lang='lat' dir='ltr'><strong>manserunt</strong></span> <span class='ocrx_word' id='word_1_167' title='bbox 919 2272 1070 2317; x_wconf 82' lang='lat' dir='ltr'><strong>extra</strong></span> <span class='ocrx_word' id='word_1_168' title='bbox 1109 2264 1345 2326; x_wconf 87' lang='lat' dir='ltr'><strong>portam.</strong></span> <span class='ocrx_word' id='word_1_169' title='bbox 1392 2248 1457 2302; x_wconf 89' lang='lat' dir='ltr'><strong>Et</strong></span> <span class='ocrx_word' id='word_1_170' title='bbox 1525 2244 1908 2302; x_wconf 77' lang='lat' dir='ltr'><strong>sciscitabatur</strong></span> <span class='ocrx_word' id='word_1_171' title='bbox 1956 2237 2119 2293; x_wconf 84' lang='lat' dir='ltr'><strong>Arse-</strong></span> 
     </span>
    </p>
   </div>
   <div class='ocr_carea' id='block_1_25' title="bbox 559 2329 2115 2428">
    <p class='ocr_par' dir='ltr' id='par_1_25' title="bbox 559 2329 2115 2428">
     <span class='ocr_line' id='line_1_27' title="bbox 559 2329 2115 2428; baseline -0.026 -10"><span class='ocrx_word' id='word_1_172' title='bbox 559 2331 706 2425; x_wconf 89' lang='lat' dir='ltr'><strong>nius,</strong></span> <span class='ocrx_word' id='word_1_173' title='bbox 740 2356 997 2428; x_wconf 87' lang='lat' dir='ltr'><strong>quidnam</strong></span> <span class='ocrx_word' id='word_1_174' title='bbox 1029 2352 1144 2403; x_wconf 73' lang='lat' dir='ltr'><strong>haec</strong></span> <span class='ocrx_word' id='word_1_175' title='bbox 1172 2346 1273 2399; x_wconf 89' lang='lat' dir='ltr'><strong>sibi</strong></span> <span class='ocrx_word' id='word_1_176' title='bbox 1301 2342 1516 2396; x_wconf 85' lang='lat' dir='ltr'><strong>vellent.</strong></span> <span class='ocrx_word' id='word_1_177' title='bbox 1548 2336 1868 2402; x_wconf 90' lang='lat' dir='ltr'><strong>Dictumque</strong></span> <span class='ocrx_word' id='word_1_178' title='bbox 1897 2339 1980 2384; x_wconf 88' lang='lat' dir='ltr'><strong>est</strong></span> <span class='ocrx_word' id='word_1_179' title='bbox 2006 2329 2115 2382; x_wconf 88' lang='lat' dir='ltr'><strong>illi:</strong></span> 
     </span>
    </p>
   </div>
   <div class='ocr_carea' id='block_1_26' title="bbox 562 2423 2119 2514">
    <p class='ocr_par' dir='ltr' id='par_1_26' title="bbox 562 2423 2119 2514">
     <span class='ocr_line' id='line_1_28' title="bbox 562 2423 2119 2514; baseline -0.026 -4"><span class='ocrx_word' id='word_1_180' title='bbox 562 2454 625 2509; x_wconf 86' lang='lat' dir='ltr'><strong>lli</strong></span> <span class='ocrx_word' id='word_1_181' title='bbox 677 2423 824 2511; x_wconf 74' lang='lat' dir='ltr'><strong>sunt,</strong></span> <span class='ocrx_word' id='word_1_182' title='bbox 882 2443 1077 2514; x_wconf 88' lang='lat' dir='ltr'><strong>inquit,</strong></span> <span class='ocrx_word' id='word_1_183' title='bbox 1108 2439 1201 2509; x_wconf 90' lang='lat' dir='ltr'><strong>qui</strong></span> <span class='ocrx_word' id='word_1_184' title='bbox 1246 2440 1468 2506; x_wconf 87' lang='lat' dir='ltr'><strong>portant</strong></span> <span class='ocrx_word' id='word_1_185' title='bbox 1501 2429 1703 2498; x_wconf 82' lang='lat' dir='ltr'><strong>lignum</strong></span> <span class='ocrx_word' id='word_1_186' title='bbox 1741 2423 1966 2493; x_wconf 67' lang='lat' dir='ltr'><strong>iustitiae</strong></span> <span class='ocrx_word' id='word_1_187' title='bbox 1999 2433 2119 2472; x_wconf 91' lang='lat' dir='ltr'><strong>eum</strong></span> 
     </span>
    </p>
   </div>
   <div class='ocr_carea' id='block_1_27' title="bbox 564 2511 2122 2615">
    <p class='ocr_par' dir='ltr' id='par_1_27' title="bbox 564 2511 2122 2615">
     <span class='ocr_line' id='line_1_29' title="bbox 564 2511 2122 2615; baseline -0.024 -14"><span class='ocrx_word' id='word_1_188' title='bbox 564 2544 839 2615; x_wconf 86' lang='lat' dir='ltr'><strong>superbia,</strong></span> <span class='ocrx_word' id='word_1_189' title='bbox 886 2546 941 2592; x_wconf 90' lang='lat' dir='ltr'><strong>et</strong></span> <span class='ocrx_word' id='word_1_190' title='bbox 990 2550 1097 2587; x_wconf 89' lang='lat' dir='ltr'><strong>non</strong></span> <span class='ocrx_word' id='word_1_191' title='bbox 1140 2531 1476 2585; x_wconf 84' lang='lat' dir='ltr'><strong>demiserunt</strong></span> <span class='ocrx_word' id='word_1_192' title='bbox 1519 2537 1577 2576; x_wconf 89' lang='lat' dir='ltr'><strong>se</strong></span> <span class='ocrx_word' id='word_1_193' title='bbox 1612 2519 1681 2574; x_wconf 86' lang='lat' dir='ltr'><strong>ad</strong></span> <span class='ocrx_word' id='word_1_194' title='bbox 1764 2511 2122 2569; x_wconf 88' lang='lat' dir='ltr'><strong>incedendum</strong></span> 
     </span>
    </p>
   </div>
   <div class='ocr_carea' id='block_1_28' title="bbox 564 2613 2123 2708">
    <p class='ocr_par' dir='ltr' id='par_1_28' title="bbox 564 2613 2123 2708">
     <span class='ocr_line' id='line_1_30' title="bbox 564 2613 2123 2708; baseline -0.025 -17"><span class='ocrx_word' id='word_1_195' title='bbox 564 2653 660 2708; x_wconf 91' lang='lat' dir='ltr'><strong>per</strong></span> <span class='ocrx_word' id='word_1_196' title='bbox 718 2634 859 2685; x_wconf 89' lang='lat' dir='ltr'><strong>viam</strong></span> <span class='ocrx_word' id='word_1_197' title='bbox 917 2626 1175 2682; x_wconf 87' lang='lat' dir='ltr'><strong>humilem</strong></span> <span class='ocrx_word' id='word_1_198' title='bbox 1224 2617 1473 2674; x_wconf 88' lang='lat' dir='ltr'><strong>Christi:</strong></span> <span class='ocrx_word' id='word_1_199' title='bbox 1526 2613 1646 2665; x_wconf 91' lang='lat' dir='ltr'><strong>ideo</strong></span> <span class='ocrx_word' id='word_1_200' title='bbox 1707 2614 1926 2660; x_wconf 88' lang='lat' dir='ltr'><strong>manent</strong></span> <span class='ocrx_word' id='word_1_201' title='bbox 1972 2613 2123 2657; x_wconf 78' lang='lat' dir='ltr'><strong>extra</strong></span> 
     </span>
    </p>
   </div>
   <div class='ocr_carea' id='block_1_29' title="bbox 563 2699 2127 2798">
    <p class='ocr_par' dir='ltr' id='par_1_29' title="bbox 563 2699 2127 2798">
     <span class='ocr_line' id='line_1_31' title="bbox 563 2699 2127 2798; baseline -0.026 -14"><span class='ocrx_word' id='word_1_202' title='bbox 563 2740 791 2798; x_wconf 87' lang='lat' dir='ltr'><strong>regnum</strong></span> <span class='ocrx_word' id='word_1_203' title='bbox 826 2722 937 2774; x_wconf 86' lang='lat' dir='ltr'><strong>Dei.</strong></span> <span class='ocrx_word' id='word_1_204' title='bbox 964 2717 1066 2783; x_wconf 86' lang='lat' dir='ltr'><strong>Qui</strong></span> <span class='ocrx_word' id='word_1_205' title='bbox 1093 2728 1222 2767; x_wconf 88' lang='lat' dir='ltr'><strong>vero</strong></span> <span class='ocrx_word' id='word_1_206' title='bbox 1244 2711 1385 2776; x_wconf 83' lang='lat' dir='ltr'><strong>ligna</strong></span> <span class='ocrx_word' id='word_1_207' title='bbox 1417 2702 1636 2761; x_wconf 88' lang='lat' dir='ltr'><strong>scindit,</strong></span> <span class='ocrx_word' id='word_1_208' title='bbox 1686 2699 1849 2753; x_wconf 90' lang='lat' dir='ltr'><strong>homo</strong></span> <span class='ocrx_word' id='word_1_209' title='bbox 1892 2703 1971 2748; x_wconf 91' lang='lat' dir='ltr'><strong>est</strong></span> <span class='ocrx_word' id='word_1_210' title='bbox 2008 2706 2127 2759; x_wconf 89' lang='lat' dir='ltr'><strong>pec-</strong></span> 
     </span>
    </p>
   </div>
   <div class='ocr_carea' id='block_1_30' title="bbox 567 2784 2129 2873">
    <p class='ocr_par' dir='ltr' id='par_1_30' title="bbox 567 2784 2129 2873">
     <span class='ocr_line' id='line_1_32' title="bbox 567 2784 2129 2873; baseline -0.025 -2"><span class='ocrx_word' id='word_1_211' title='bbox 567 2784 703 2872; x_wconf 60' lang='lat' dir='ltr'><strong>caiis</strong></span> <span class='ocrx_word' id='word_1_212' title='bbox 752 2818 1001 2869; x_wconf 87' lang='lat' dir='ltr'><strong>onustus,</strong></span> <span class='ocrx_word' id='word_1_213' title='bbox 1068 2804 1161 2873; x_wconf 94' lang='lat' dir='ltr'><strong>qui</strong></span> <span class='ocrx_word' id='word_1_214' title='bbox 1219 2800 1340 2854; x_wconf 91' lang='lat' dir='ltr'><strong>loco</strong></span> <span class='ocrx_word' id='word_1_215' title='bbox 1368 2792 1696 2866; x_wconf 65' lang='lat' dir='ltr'><strong>paenitentia:</strong></span> <span class='ocrx_word' id='word_1_216' title='bbox 1750 2788 1853 2841; x_wconf 87' lang='lat' dir='ltr'><strong>alia</strong></span> <span class='ocrx_word' id='word_1_217' title='bbox 1889 2784 2129 2852; x_wconf 83' lang='lat' dir='ltr'><strong>adjicere</strong></span> 
     </span>
    </p>
   </div>
   <div class='ocr_carea' id='block_1_31' title="bbox 569 2874 2129 2961">
    <p class='ocr_par' dir='ltr' id='par_1_31' title="bbox 569 2874 2129 2961">
     <span class='ocr_line' id='line_1_33' title="bbox 569 2874 2129 2961; baseline -0.025 1"><span class='ocrx_word' id='word_1_218' title='bbox 569 2923 675 2961; x_wconf 90' lang='lat' dir='ltr'><strong>non</strong></span> <span class='ocrx_word' id='word_1_219' title='bbox 702 2910 885 2959; x_wconf 75' lang='lat' dir='ltr'><strong>cessat</strong></span> <span class='ocrx_word' id='word_1_220' title='bbox 961 2897 1054 2952; x_wconf 86' lang='lat' dir='ltr'><strong>Ille</strong></span> <span class='ocrx_word' id='word_1_221' title='bbox 1113 2902 1316 2953; x_wconf 88' lang='lat' dir='ltr'><strong>autem,</strong></span> <span class='ocrx_word' id='word_1_222' title='bbox 1366 2887 1459 2957; x_wconf 87' lang='lat' dir='ltr'><strong>qui</strong></span> <span class='ocrx_word' id='word_1_223' title='bbox 1497 2896 1694 2949; x_wconf 89' lang='lat' dir='ltr'><strong>aquam</strong></span> <span class='ocrx_word' id='word_1_224' title='bbox 1728 2876 1929 2941; x_wconf 90' lang='lat' dir='ltr'><strong>haurit,</strong></span> <span class='ocrx_word' id='word_1_225' title='bbox 1968 2874 2129 2927; x_wconf 89' lang='lat' dir='ltr'><strong>homo</strong></span> 
     </span>
    </p>
   </div>
   <div class='ocr_carea' id='block_1_32' title="bbox 568 2965 2126 3064">
    <p class='ocr_par' dir='ltr' id='par_1_32' title="bbox 568 2965 2126 3064">
     <span class='ocr_line' id='line_1_34' title="bbox 568 2965 2126 3064; baseline -0.025 -12"><span class='ocrx_word' id='word_1_226' title='bbox 568 3007 673 3060; x_wconf 91' lang='lat' dir='ltr'><strong>est,</strong></span> <span class='ocrx_word' id='word_1_227' title='bbox 704 2995 796 3064; x_wconf 90' lang='lat' dir='ltr'><strong>qui</strong></span> <span class='ocrx_word' id='word_1_228' title='bbox 861 3004 1023 3060; x_wconf 81' lang='lat' dir='ltr'><strong>opera</strong></span> <span class='ocrx_word' id='word_1_229' title='bbox 1075 2984 1290 3055; x_wconf 89' lang='lat' dir='ltr'><strong>quidem</strong></span> <span class='ocrx_word' id='word_1_230' title='bbox 1344 2980 1484 3033; x_wconf 90' lang='lat' dir='ltr'><strong>bona</strong></span> <span class='ocrx_word' id='word_1_231' title='bbox 1542 2974 1707 3037; x_wconf 88' lang='lat' dir='ltr'><strong>facit;</strong></span> <span class='ocrx_word' id='word_1_232' title='bbox 1743 2970 1836 3025; x_wconf 87' lang='lat' dir='ltr'><strong>sed</strong></span> <span class='ocrx_word' id='word_1_233' title='bbox 1870 2965 2126 3038; x_wconf 90' lang='lat' dir='ltr'><strong>quoniam</strong></span> 
     </span>
    </p>
   </div>
   <div class='ocr_carea' id='block_1_33' title="bbox 572 3061 2127 3152">
    <p class='ocr_par' dir='ltr' id='par_1_33' title="bbox 572 3061 2127 3152">
     <span class='ocr_line' id='line_1_35' title="bbox 572 3061 2127 3152; baseline -0.023 -9"><span class='ocrx_word' id='word_1_234' title='bbox 572 3089 712 3143; x_wconf 90' lang='lat' dir='ltr'><strong>mala</strong></span> <span class='ocrx_word' id='word_1_235' title='bbox 743 3082 987 3152; x_wconf 80' lang='lat' dir='ltr'><strong>quaedam</strong></span> <span class='ocrx_word' id='word_1_236' title='bbox 1017 3091 1139 3131; x_wconf 92' lang='lat' dir='ltr'><strong>cum</strong></span> <span class='ocrx_word' id='word_1_237' title='bbox 1166 3076 1230 3127; x_wconf 90' lang='lat' dir='ltr'><strong>iis</strong></span> <span class='ocrx_word' id='word_1_238' title='bbox 1254 3073 1436 3134; x_wconf 87' lang='lat' dir='ltr'><strong>habet,</strong></span> <span class='ocrx_word' id='word_1_239' title='bbox 1474 3069 1526 3121; x_wconf 89' lang='lat' dir='ltr'><strong>in</strong></span> <span class='ocrx_word' id='word_1_240' title='bbox 1556 3081 1621 3120; x_wconf 91' lang='lat' dir='ltr'><strong>eo</strong></span> <span class='ocrx_word' id='word_1_241' title='bbox 1650 3064 1791 3117; x_wconf 91' lang='lat' dir='ltr'><strong>bona</strong></span> <span class='ocrx_word' id='word_1_242' title='bbox 1814 3061 1977 3114; x_wconf 88' lang='lat' dir='ltr'><strong>etiam</strong></span> <span class='ocrx_word' id='word_1_243' title='bbox 2004 3069 2127 3124; x_wconf 89' lang='lat' dir='ltr'><strong>per-</strong></span> 
     </span>
    </p>
   </div>
   <div class='ocr_carea' id='block_1_34' title="bbox 2195 567 3764 662">
    <p class='ocr_par' dir='ltr' id='par_1_34' title="bbox 2195 567 3764 662">
     <span class='ocr_line' id='line_1_36' title="bbox 2195 567 3764 662; baseline -0.022 -12"><span class='ocrx_word' id='word_1_244' title='bbox 2195 614 2305 659; x_wconf 86' lang='grc' dir='ltr'>τος.</span> <span class='ocrx_word' id='word_1_245' title='bbox 2321 567 2654 662; x_wconf 41' lang='grc' dir='ltr'>’καθημένου</span> <span class='ocrx_word' id='word_1_246' title='bbox 2683 582 2775 640; x_wconf 74' lang='grc' dir='ltr'>οὖν</span> <span class='ocrx_word' id='word_1_247' title='bbox 2798 580 2961 637; x_wconf 75' lang='grc' dir='ltr'>αὐτοῦ</span> <span class='ocrx_word' id='word_1_248' title='bbox 2985 582 3063 643; x_wconf 87' lang='grc' dir='ltr'><strong>είς</strong></span> <span class='ocrx_word' id='word_1_249' title='bbox 3090 577 3148 630; x_wconf 75' lang='grc' dir='ltr'>τὸ</span> <span class='ocrx_word' id='word_1_250' title='bbox 3175 573 3404 635; x_wconf 85' lang='grc' dir='ltr'>κελλίον,</span> <span class='ocrx_word' id='word_1_251' title='bbox 3432 567 3563 639; x_wconf 75' lang='grc' dir='ltr'>ἦλθε</span> <span class='ocrx_word' id='word_1_252' title='bbox 3586 570 3764 637; x_wconf 71' lang='grc' dir='ltr'>φωνὴ,</span> 
     </span>
    </p>
   </div>
   <div class='ocr_carea' id='block_1_35' title="bbox 2197 657 3769 750">
    <p class='ocr_par' dir='ltr' id='par_1_35' title="bbox 2197 657 3769 750">
     <span class='ocr_line' id='line_1_37' title="bbox 2197 657 3769 750; baseline -0.02 -13"><span class='ocrx_word' id='word_1_253' title='bbox 2197 657 2431 750; x_wconf 42' lang='grc' dir='ltr'>λέκουσα</span> <span class='ocrx_word' id='word_1_254' title='bbox 2458 657 2632 747; x_wconf 74' lang='grc' dir='ltr'>αύτῷ·</span> <span class='ocrx_word' id='word_1_255' title='bbox 2668 673 2857 744; x_wconf 77' lang='grc' dir='ltr'>Δεῦρο,</span> <span class='ocrx_word' id='word_1_256' title='bbox 2897 669 3058 734; x_wconf 87' lang='grc' dir='ltr'>δείξω</span> <span class='ocrx_word' id='word_1_257' title='bbox 3115 682 3197 717; x_wconf 93' lang='grc' dir='ltr'><strong>σοι</strong></span> <span class='ocrx_word' id='word_1_258' title='bbox 3242 663 3310 715; x_wconf 74' lang='grc' dir='ltr'>τὰ</span> <span class='ocrx_word' id='word_1_259' title='bbox 3351 660 3489 730; x_wconf 75' lang='grc' dir='ltr'>ἔργα</span> <span class='ocrx_word' id='word_1_260' title='bbox 3529 657 3641 710; x_wconf 80' lang='grc' dir='ltr'><strong>τῶν</strong></span> <span class='ocrx_word' id='word_1_261' title='bbox 3677 659 3769 709; x_wconf 80' lang='grc' dir='ltr'>ἀν-</span> 
     </span>
    </p>
   </div>
   <div class='ocr_carea' id='block_1_36' title="bbox 2201 750 3771 847">
    <p class='ocr_par' dir='ltr' id='par_1_36' title="bbox 2201 750 3771 847">
     <span class='ocr_line' id='line_1_38' title="bbox 2201 750 3771 847; baseline -0.019 -17"><span class='ocrx_word' id='word_1_262' title='bbox 2201 775 2454 847; x_wconf 88' lang='grc' dir='ltr'>θρώπων,</span> <span class='ocrx_word' id='word_1_263' title='bbox 2480 771 2573 825; x_wconf 75' lang='grc' dir='ltr'><strong>καὶ</strong></span> <span class='ocrx_word' id='word_1_264' title='bbox 2597 767 2835 827; x_wconf 72' lang='grc' dir='ltr'>ἀναστὰς</span> <span class='ocrx_word' id='word_1_265' title='bbox 2862 761 3105 832; x_wconf 75' lang='grc' dir='ltr'>ἐξῆλθεν,</span> <span class='ocrx_word' id='word_1_266' title='bbox 3141 759 3234 811; x_wconf 76' lang='grc' dir='ltr'><strong>καὶ</strong></span> <span class='ocrx_word' id='word_1_267' title='bbox 3267 756 3577 824; x_wconf 79' lang='grc' dir='ltr'>ἀπήνεγκεν</span> <span class='ocrx_word' id='word_1_268' title='bbox 3604 750 3771 803; x_wconf 69' lang='grc' dir='ltr'>αὑτὸν</span> 
     </span>
    </p>
   </div>
   <div class='ocr_carea' id='block_1_37' title="bbox 2202 842 3773 929">
    <p class='ocr_par' dir='ltr' id='par_1_37' title="bbox 2202 842 3773 929">
     <span class='ocr_line' id='line_1_39' title="bbox 2202 842 3773 929; baseline -0.019 -9"><span class='ocrx_word' id='word_1_269' title='bbox 2202 842 2279 929; x_wconf 81' lang='grc' dir='ltr'><strong>είς</strong></span> <span class='ocrx_word' id='word_1_270' title='bbox 2308 866 2473 917; x_wconf 83' lang='grc' dir='ltr'>τόπον</span> <span class='ocrx_word' id='word_1_271' title='bbox 2505 860 2647 922; x_wconf 77' lang='grc' dir='ltr'>τινά,</span> <span class='ocrx_word' id='word_1_272' title='bbox 2684 857 2779 911; x_wconf 65' lang='grc' dir='ltr'>καὶ</span> <span class='ocrx_word' id='word_1_273' title='bbox 2805 852 3002 916; x_wconf 74' lang='grc' dir='ltr'>ἔδειξεν</span> <span class='ocrx_word' id='word_1_274' title='bbox 3034 848 3184 917; x_wconf 87' lang='grc' dir='ltr'>αύτῴ</span> <span class='ocrx_word' id='word_1_275' title='bbox 3218 845 3466 907; x_wconf 82' lang='grc' dir='ltr'>Αίθίοπα,</span> <span class='ocrx_word' id='word_1_276' title='bbox 3498 842 3773 895; x_wconf 74' lang='grc' dir='ltr'><strong>κόπτοντα</strong></span> 
     </span>
    </p>
   </div>
   <div class='ocr_carea' id='block_1_38' title="bbox 2207 930 3775 1022">
    <p class='ocr_par' dir='ltr' id='par_1_38' title="bbox 2207 930 3775 1022">
     <span class='ocr_line' id='line_1_40' title="bbox 2207 930 3775 1022; baseline -0.02 -11"><span class='ocrx_word' id='word_1_277' title='bbox 2207 958 2357 1022; x_wconf 83' lang='grc' dir='ltr'>ξύλα,</span> <span class='ocrx_word' id='word_1_278' title='bbox 2385 949 2760 1008; x_wconf 76' lang='grc' dir='ltr'>καὶ-ποιοῦντα</span> <span class='ocrx_word' id='word_1_279' title='bbox 2788 943 3004 1015; x_wconf 73' lang='grc' dir='ltr'>φορτίον</span> <span class='ocrx_word' id='word_1_280' title='bbox 3030 940 3191 1011; x_wconf 79' lang='grc' dir='ltr'>μέγα’</span> <span class='ocrx_word' id='word_1_281' title='bbox 3215 936 3471 1004; x_wconf 76' lang='grc' dir='ltr'>ἐπείραζε</span> <span class='ocrx_word' id='word_1_282' title='bbox 3491 933 3550 985; x_wconf 75' lang='grc' dir='ltr'><strong>δὲ</strong></span> <span class='ocrx_word' id='word_1_283' title='bbox 3577 930 3775 1000; x_wconf 83' lang='grc' dir='ltr'>βαστά-</span> 
     </span>
    </p>
   </div>
   <div class='ocr_carea' id='block_1_39' title="bbox 2208 1021 3775 1107">
    <p class='ocr_par' dir='ltr' id='par_1_39' title="bbox 2208 1021 3775 1107">
     <span class='ocr_line' id='line_1_41' title="bbox 2208 1021 3775 1107; baseline -0.019 -4"><span class='ocrx_word' id='word_1_284' title='bbox 2208 1066 2297 1102; x_wconf 84' lang='grc' dir='ltr'><strong>σαι</strong></span> <span class='ocrx_word' id='word_1_285' title='bbox 2325 1046 2475 1107; x_wconf 76' lang='grc' dir='ltr'>αὐτὸ,</span> <span class='ocrx_word' id='word_1_286' title='bbox 2502 1044 2595 1097; x_wconf 71' lang='grc' dir='ltr'><strong>καὶ</strong></span> <span class='ocrx_word' id='word_1_287' title='bbox 2626 1042 2726 1093; x_wconf 83' lang='grc' dir='ltr'><strong>οὐκ</strong></span> <span class='ocrx_word' id='word_1_288' title='bbox 2762 1037 3012 1107; x_wconf 76' lang='grc' dir='ltr'>ἠδύνατο,</span> <span class='ocrx_word' id='word_1_289' title='bbox 3040 1034 3133 1085; x_wconf 71' lang='grc' dir='ltr'>καὶ</span> <span class='ocrx_word' id='word_1_290' title='bbox 3159 1030 3281 1084; x_wconf 73' lang='grc' dir='ltr'>ἀντὶ</span> <span class='ocrx_word' id='word_1_291' title='bbox 3309 1027 3401 1079; x_wconf 78' lang='grc' dir='ltr'><strong>τοῦ</strong></span> <span class='ocrx_word' id='word_1_292' title='bbox 3434 1021 3565 1095; x_wconf 86' lang='grc' dir='ltr'>ἆραι</span> <span class='ocrx_word' id='word_1_293' title='bbox 3594 1024 3655 1087; x_wconf 73' lang='grc' dir='ltr'>ἐξ</span> <span class='ocrx_word' id='word_1_294' title='bbox 3680 1023 3775 1076; x_wconf 84' lang='grc' dir='ltr'>αύ-</span> 
     </span>
    </p>
   </div>
   <div class='ocr_carea' id='block_1_40' title="bbox 2206 1114 3776 1204">
    <p class='ocr_par' dir='ltr' id='par_1_40' title="bbox 2206 1114 3776 1204">
     <span class='ocr_line' id='line_1_42' title="bbox 2206 1114 3776 1204; baseline -0.02 -8"><span class='ocrx_word' id='word_1_295' title='bbox 2206 1143 2320 1204; x_wconf 79' lang='grc' dir='ltr'>τού,</span> <span class='ocrx_word' id='word_1_296' title='bbox 2356 1137 2605 1193; x_wconf 82' lang='grc' dir='ltr'>ἀπελθὼν</span> <span class='ocrx_word' id='word_1_297' title='bbox 2637 1133 2796 1187; x_wconf 86' lang='grc' dir='ltr'>πάλιν</span> <span class='ocrx_word' id='word_1_298' title='bbox 2829 1130 3027 1182; x_wconf 74' lang='grc' dir='ltr'>ἔκοπτε</span> <span class='ocrx_word' id='word_1_299' title='bbox 3056 1123 3209 1188; x_wconf 83' lang='grc' dir='ltr'>ξύλα,</span> <span class='ocrx_word' id='word_1_300' title='bbox 3247 1122 3339 1175; x_wconf 67' lang='grc' dir='ltr'><strong>καὶ</strong></span> <span class='ocrx_word' id='word_1_301' title='bbox 3368 1116 3669 1187; x_wconf 86' lang='grc' dir='ltr'>προσετίθη</span> <span class='ocrx_word' id='word_1_302' title='bbox 3700 1114 3776 1182; x_wconf 78' lang='grc' dir='ltr'>τῷ</span> 
     </span>
    </p>
   </div>
   <div class='ocr_carea' id='block_1_41' title="bbox 2210 1206 3774 1303">
    <p class='ocr_par' dir='ltr' id='par_1_41' title="bbox 2210 1206 3774 1303">
     <span class='ocr_line' id='line_1_43' title="bbox 2210 1206 3774 1303; baseline -0.02 -17"><span class='ocrx_word' id='word_1_303' title='bbox 2210 1232 2435 1303; x_wconf 80' lang='grc' dir='ltr'>φορτίῳ.</span> <span class='ocrx_word' id='word_1_304' title='bbox 2462 1228 2572 1282; x_wconf 69' lang='grc' dir='ltr'><strong>Καὶ</strong></span> <span class='ocrx_word' id='word_1_305' title='bbox 2603 1223 2810 1295; x_wconf 66' lang='grc' dir='ltr'>προϐάς</span> <span class='ocrx_word' id='word_1_306' title='bbox 2834 1220 3033 1287; x_wconf 81' lang='grc' dir='ltr'><strong>ὀλίγον,</strong></span> <span class='ocrx_word' id='word_1_307' title='bbox 3059 1215 3258 1280; x_wconf 75' lang='grc' dir='ltr'>ἔδειξεν</span> <span class='ocrx_word' id='word_1_308' title='bbox 3283 1211 3431 1280; x_wconf 79' lang='grc' dir='ltr'>αὐτῷ</span> <span class='ocrx_word' id='word_1_309' title='bbox 3458 1225 3580 1261; x_wconf 86' lang='grc' dir='ltr'>τινα</span> <span class='ocrx_word' id='word_1_310' title='bbox 3621 1206 3774 1258; x_wconf 70' lang='grc' dir='ltr'>ἱστά-</span> 
     </span>
    </p>
   </div>
   <div class='ocr_carea' id='block_1_42' title="bbox 2214 1295 3779 1392">
    <p class='ocr_par' dir='ltr' id='par_1_42' title="bbox 2214 1295 3779 1392">
     <span class='ocr_line' id='line_1_44' title="bbox 2214 1295 3779 1392; baseline -0.019 -18"><span class='ocrx_word' id='word_1_311' title='bbox 2214 1337 2372 1392; x_wconf 81' lang='grc' dir='ltr'>μενον</span> <span class='ocrx_word' id='word_1_312' title='bbox 2398 1318 2491 1370; x_wconf 75' lang='grc' dir='ltr'><strong>ὲπὶ</strong></span> <span class='ocrx_word' id='word_1_313' title='bbox 2511 1317 2735 1377; x_wconf 80' lang='grc' dir='ltr'>λάκκου,</span> <span class='ocrx_word' id='word_1_314' title='bbox 2761 1311 2853 1363; x_wconf 72' lang='grc' dir='ltr'><strong>καὶ</strong></span> <span class='ocrx_word' id='word_1_315' title='bbox 2879 1305 3172 1363; x_wconf 79' lang='grc' dir='ltr'>ἀντλούντα</span> <span class='ocrx_word' id='word_1_316' title='bbox 3201 1303 3344 1372; x_wconf 76' lang='grc' dir='ltr'>ὕδωρ</span> <span class='ocrx_word' id='word_1_317' title='bbox 3374 1300 3431 1366; x_wconf 80' lang='grc' dir='ltr'>ἐξ</span> <span class='ocrx_word' id='word_1_318' title='bbox 3460 1295 3654 1358; x_wconf 76' lang='grc' dir='ltr'>αὑτοῦ,</span> <span class='ocrx_word' id='word_1_319' title='bbox 3684 1296 3779 1347; x_wconf 78' lang='grc' dir='ltr'>καὶ</span> 
     </span>
    </p>
   </div>
   <div class='ocr_carea' id='block_1_43' title="bbox 2216 1385 3782 1484">
    <p class='ocr_par' dir='ltr' id='par_1_43' title="bbox 2216 1385 3782 1484">
     <span class='ocr_line' id='line_1_45' title="bbox 2216 1385 3782 1484; baseline -0.02 -17"><span class='ocrx_word' id='word_1_320' title='bbox 2216 1385 2619 1484; x_wconf 77' lang='grc' dir='ltr'>μεταϐάλλοντα</span> <span class='ocrx_word' id='word_1_321' title='bbox 2655 1406 2734 1468; x_wconf 86' lang='grc' dir='ltr'>εἰς</span> <span class='ocrx_word' id='word_1_322' title='bbox 2775 1398 3069 1468; x_wconf 80' lang='grc' dir='ltr'>δεξαμένην</span> <span class='ocrx_word' id='word_1_323' title='bbox 3103 1391 3539 1463; x_wconf 81' lang='grc' dir='ltr'><strong>τετρυπημένην,</strong></span> <span class='ocrx_word' id='word_1_324' title='bbox 3592 1387 3692 1438; x_wconf 84' lang='grc' dir='ltr'>καὶ</span> <span class='ocrx_word' id='word_1_325' title='bbox 3720 1385 3782 1436; x_wconf 73' lang='grc' dir='ltr'>τὸ</span> 
     </span>
    </p>
   </div>
   <div class='ocr_carea' id='block_1_44' title="bbox 2213 1477 3781 1572">
    <p class='ocr_par' dir='ltr' id='par_1_44' title="bbox 2213 1477 3781 1572">
     <span class='ocr_line' id='line_1_46' title="bbox 2213 1477 3781 1572; baseline -0.02 -12"><span class='ocrx_word' id='word_1_326' title='bbox 2213 1506 2344 1559; x_wconf 75' lang='grc' dir='ltr'>αὐτὸ</span> <span class='ocrx_word' id='word_1_327' title='bbox 2375 1504 2520 1572; x_wconf 77' lang='grc' dir='ltr'>ὕδωρ</span> <span class='ocrx_word' id='word_1_328' title='bbox 2556 1498 2872 1568; x_wconf 71' lang='grc' dir='ltr'>ὲκχέουσαν.</span> <span class='ocrx_word' id='word_1_329' title='bbox 2910 1491 3018 1544; x_wconf 77' lang='grc' dir='ltr'><strong>Καὶ</strong></span> <span class='ocrx_word' id='word_1_330' title='bbox 3058 1487 3218 1541; x_wconf 85' lang='grc' dir='ltr'>πάλιν</span> <span class='ocrx_word' id='word_1_331' title='bbox 3248 1485 3394 1551; x_wconf 74' lang='grc' dir='ltr'>λέγει</span> <span class='ocrx_word' id='word_1_332' title='bbox 3428 1481 3578 1549; x_wconf 75' lang='grc' dir='ltr'>αύτῷ</span> <span class='ocrx_word' id='word_1_333' title='bbox 3600 1495 3615 1510; x_wconf 82' lang='lat'>&#39;</span> <span class='ocrx_word' id='word_1_334' title='bbox 3645 1477 3781 1531; x_wconf 79' lang='grc' dir='ltr'>Δεύ-</span> 
     </span>
    </p>
   </div>
   <div class='ocr_carea' id='block_1_45' title="bbox 2217 1569 3782 1668">
    <p class='ocr_par' dir='ltr' id='par_1_45' title="bbox 2217 1569 3782 1668">
     <span class='ocr_line' id='line_1_47' title="bbox 2217 1569 3782 1668; baseline -0.02 -18"><span class='ocrx_word' id='word_1_335' title='bbox 2217 1615 2298 1668; x_wconf 90' lang='grc' dir='ltr'><strong>ρο,</strong></span> <span class='ocrx_word' id='word_1_336' title='bbox 2357 1569 2515 1655; x_wconf 81' lang='grc' dir='ltr'>δείξω</span> <span class='ocrx_word' id='word_1_337' title='bbox 2567 1603 2685 1641; x_wconf 75' lang='grc' dir='ltr'>σοι’</span> <span class='ocrx_word' id='word_1_338' title='bbox 2740 1585 2833 1637; x_wconf 75' lang='grc' dir='ltr'><strong>καὶ</strong></span> <span class='ocrx_word' id='word_1_339' title='bbox 2881 1580 3076 1649; x_wconf 78' lang='grc' dir='ltr'><strong>θεωρεῖ</strong></span> <span class='ocrx_word' id='word_1_340' title='bbox 3122 1578 3265 1645; x_wconf 64' lang='grc' dir='ltr'>ἱερὸν</span> <span class='ocrx_word' id='word_1_341' title='bbox 3313 1573 3406 1626; x_wconf 72' lang='grc' dir='ltr'><strong>καὶ</strong></span> <span class='ocrx_word' id='word_1_342' title='bbox 3445 1572 3539 1623; x_wconf 86' lang='grc' dir='ltr'>δύο</span> <span class='ocrx_word' id='word_1_343' title='bbox 3577 1569 3782 1638; x_wconf 76' lang='grc' dir='ltr'>ἄνδρας</span> 
     </span>
    </p>
   </div>
   <div class='ocr_carea' id='block_1_46' title="bbox 2216 1661 3783 1757">
    <p class='ocr_par' dir='ltr' id='par_1_46' title="bbox 2216 1661 3783 1757">
     <span class='ocr_line' id='line_1_48' title="bbox 2216 1661 3783 1757; baseline -0.022 -14"><span class='ocrx_word' id='word_1_344' title='bbox 2216 1687 2554 1757; x_wconf 80' lang='grc' dir='ltr'>καθημένους</span> <span class='ocrx_word' id='word_1_345' title='bbox 2586 1682 2794 1740; x_wconf 68' lang='grc' dir='ltr'>ἵπποις,</span> <span class='ocrx_word' id='word_1_346' title='bbox 2828 1674 2923 1726; x_wconf 70' lang='grc' dir='ltr'>καὶ</span> <span class='ocrx_word' id='word_1_347' title='bbox 2955 1667 3321 1741; x_wconf 75' lang='grc' dir='ltr'><strong>βαστάζοντας</strong></span> <span class='ocrx_word' id='word_1_348' title='bbox 3348 1664 3503 1730; x_wconf 89' lang='grc' dir='ltr'>ξύλον</span> <span class='ocrx_word' id='word_1_349' title='bbox 3535 1661 3783 1727; x_wconf 80' lang='grc' dir='ltr'>πλαγίως</span> 
     </span>
    </p>
   </div>
   <div class='ocr_carea' id='block_1_47' title="bbox 2216 1747 3784 1830">
    <p class='ocr_par' dir='ltr' id='par_1_47' title="bbox 2216 1747 3784 1830">
     <span class='ocr_line' id='line_1_49' title="bbox 2216 1747 3784 1830; baseline -0.02 0"><span class='ocrx_word' id='word_1_350' title='bbox 2216 1778 2314 1830; x_wconf 79' lang='grc' dir='ltr'>’ἑνα</span> <span class='ocrx_word' id='word_1_351' title='bbox 2346 1747 2501 1827; x_wconf 50' lang='grc' dir='ltr'>’κατά</span> <span class='ocrx_word' id='word_1_352' title='bbox 2539 1769 2631 1823; x_wconf 74' lang='grc' dir='ltr'>τοῦ</span> <span class='ocrx_word' id='word_1_353' title='bbox 2677 1766 2813 1828; x_wconf 80' lang='grc' dir='ltr'>ἑνός.</span> <span class='ocrx_word' id='word_1_354' title='bbox 2842 1761 3069 1816; x_wconf 82' lang='grc' dir='ltr'>Ἥθελον</span> <span class='ocrx_word' id='word_1_355' title='bbox 3116 1757 3172 1810; x_wconf 82' lang='grc' dir='ltr'><strong>δὲ</strong></span> <span class='ocrx_word' id='word_1_356' title='bbox 3212 1755 3300 1809; x_wconf 78' lang='grc' dir='ltr'>διὰ</span> <span class='ocrx_word' id='word_1_357' title='bbox 3342 1756 3438 1823; x_wconf 83' lang='grc' dir='ltr'>τῆς</span> <span class='ocrx_word' id='word_1_358' title='bbox 3472 1750 3648 1817; x_wconf 84' lang='grc' dir='ltr'>πύλης</span> <span class='ocrx_word' id='word_1_359' title='bbox 3690 1747 3784 1801; x_wconf 80' lang='grc' dir='ltr'><strong>τοῦ</strong></span> 
     </span>
    </p>
   </div>
   <div class='ocr_carea' id='block_1_48' title="bbox 2145 1838 3787 1938">
    <p class='ocr_par' dir='ltr' id='par_1_48' title="bbox 2145 1838 3787 1938">
     <span class='ocr_line' id='line_1_50' title="bbox 2145 1838 3787 1938; baseline -0.02 -16"><span class='ocrx_word' id='word_1_360' title='bbox 2145 1857 2183 1913; x_wconf 83' lang='grc' dir='ltr'><strong><em>Β</em></strong></span> <span class='ocrx_word' id='word_1_361' title='bbox 2214 1866 2360 1938; x_wconf 83' lang='grc' dir='ltr'>ἱεροῦ</span> <span class='ocrx_word' id='word_1_362' title='bbox 2392 1861 2674 1921; x_wconf 75' lang='grc' dir='ltr'>εἰσελθεῖν,</span> <span class='ocrx_word' id='word_1_363' title='bbox 2713 1857 2808 1910; x_wconf 68' lang='grc' dir='ltr'><strong>καὶ</strong></span> <span class='ocrx_word' id='word_1_364' title='bbox 2855 1856 2956 1907; x_wconf 86' lang='grc' dir='ltr'><strong>ούκ</strong></span> <span class='ocrx_word' id='word_1_365' title='bbox 3004 1850 3290 1921; x_wconf 74' lang='grc' dir='ltr'>ἠδύναντο,</span> <span class='ocrx_word' id='word_1_366' title='bbox 3324 1845 3411 1897; x_wconf 70' lang='grc' dir='ltr'>διὰ</span> <span class='ocrx_word' id='word_1_367' title='bbox 3447 1842 3507 1894; x_wconf 82' lang='grc' dir='ltr'><strong>τὸ</strong></span> <span class='ocrx_word' id='word_1_368' title='bbox 3551 1841 3695 1892; x_wconf 85' lang='grc' dir='ltr'>εἶναι</span> <span class='ocrx_word' id='word_1_369' title='bbox 3722 1838 3787 1889; x_wconf 83' lang='grc' dir='ltr'>τὸ</span> 
     </span>
    </p>
   </div>
   <div class='ocr_carea' id='block_1_49' title="bbox 2216 1922 3785 2025">
    <p class='ocr_par' dir='ltr' id='par_1_49' title="bbox 2216 1922 3785 2025">
     <span class='ocr_line' id='line_1_51' title="bbox 2216 1922 3785 2025; baseline -0.02 -14"><span class='ocrx_word' id='word_1_370' title='bbox 2216 1959 2371 2025; x_wconf 84' lang='grc' dir='ltr'>ξύλον</span> <span class='ocrx_word' id='word_1_371' title='bbox 2397 1954 2573 2009; x_wconf 82' lang='grc' dir='ltr'>αὐτῶν</span> <span class='ocrx_word' id='word_1_372' title='bbox 2598 1950 2820 2015; x_wconf 83' lang='grc' dir='ltr'>πλάγιον</span> <span class='ocrx_word' id='word_1_373' title='bbox 2846 1963 2859 1977; x_wconf 87' lang='grc'><strong>·</strong></span> <span class='ocrx_word' id='word_1_374' title='bbox 2892 1946 2992 1999; x_wconf 87' lang='grc' dir='ltr'><strong>ούκ</strong></span> <span class='ocrx_word' id='word_1_375' title='bbox 3018 1942 3345 1998; x_wconf 73' lang='grc' dir='ltr'>ἐταπείνωσε</span> <span class='ocrx_word' id='word_1_376' title='bbox 3374 1937 3430 1990; x_wconf 81' lang='grc' dir='ltr'><strong>δὲ</strong></span> <span class='ocrx_word' id='word_1_377' title='bbox 3455 1933 3618 1986; x_wconf 76' lang='grc' dir='ltr'>αὑτὸν</span> <span class='ocrx_word' id='word_1_378' title='bbox 3648 1933 3677 1983; x_wconf 88' lang='grc' dir='ltr'>ὁ</span> <span class='ocrx_word' id='word_1_379' title='bbox 3705 1922 3785 1991; x_wconf 79' lang='grc' dir='ltr'>εἷς</span> 
     </span>
    </p>
   </div>
   <div class='ocr_carea' id='block_1_50' title="bbox 2218 2019 3789 2103">
    <p class='ocr_par' dir='ltr' id='par_1_50' title="bbox 2218 2019 3789 2103">
     <span class='ocr_line' id='line_1_52' title="bbox 2218 2019 3789 2103; baseline -0.018 -4"><span class='ocrx_word' id='word_1_380' title='bbox 2218 2047 2392 2099; x_wconf 84' lang='grc' dir='ltr'>ὀπίσω</span> <span class='ocrx_word' id='word_1_381' title='bbox 2442 2041 2536 2096; x_wconf 83' lang='grc' dir='ltr'><strong>τού</strong></span> <span class='ocrx_word' id='word_1_382' title='bbox 2587 2040 2746 2093; x_wconf 80' lang='grc' dir='ltr'>ἄλλου</span> <span class='ocrx_word' id='word_1_383' title='bbox 2782 2037 3001 2103; x_wconf 78' lang='grc' dir='ltr'>ἐνέγκαι</span> <span class='ocrx_word' id='word_1_384' title='bbox 3032 2037 3091 2087; x_wconf 79' lang='grc' dir='ltr'><strong>τὸ</strong></span> <span class='ocrx_word' id='word_1_385' title='bbox 3125 2032 3280 2096; x_wconf 81' lang='grc' dir='ltr'>ξύλον</span> <span class='ocrx_word' id='word_1_386' title='bbox 3317 2028 3401 2082; x_wconf 76' lang='grc' dir='ltr'>ἐπ’</span> <span class='ocrx_word' id='word_1_387' title='bbox 3434 2025 3651 2083; x_wconf 74' lang='grc' dir='ltr'>εὐθείας</span> <span class='ocrx_word' id='word_1_388' title='bbox 3693 2019 3789 2072; x_wconf 80' lang='grc' dir='ltr'><strong>καὶ</strong></span> 
     </span>
    </p>
   </div>
   <div class='ocr_carea' id='block_1_51' title="bbox 2216 2109 3790 2199">
    <p class='ocr_par' dir='ltr' id='par_1_51' title="bbox 2216 2109 3790 2199">
     <span class='ocr_line' id='line_1_53' title="bbox 2216 2109 3790 2199; baseline -0.018 -9"><span class='ocrx_word' id='word_1_389' title='bbox 2216 2137 2304 2190; x_wconf 69' lang='grc' dir='ltr'>διὰ</span> <span class='ocrx_word' id='word_1_390' title='bbox 2349 2133 2508 2187; x_wconf 77' lang='grc' dir='ltr'>τοῦτο</span> <span class='ocrx_word' id='word_1_391' title='bbox 2551 2131 2772 2199; x_wconf 72' lang='grc' dir='ltr'>ἔμειναν</span> <span class='ocrx_word' id='word_1_392' title='bbox 2806 2127 2911 2192; x_wconf 75' lang='grc' dir='ltr'>ἔξω</span> <span class='ocrx_word' id='word_1_393' title='bbox 2960 2124 3059 2191; x_wconf 79' lang='grc' dir='ltr'><strong>τῆς</strong></span> <span class='ocrx_word' id='word_1_394' title='bbox 3084 2123 3279 2191; x_wconf 85' lang='grc' dir='ltr'>πύλης.</span> <span class='ocrx_word' id='word_1_395' title='bbox 3326 2116 3587 2171; x_wconf 84' lang='grc' dir='ltr'>Ἐπύθετο</span> <span class='ocrx_word' id='word_1_396' title='bbox 3625 2109 3721 2165; x_wconf 75' lang='grc' dir='ltr'><strong>οὖν</strong></span> <span class='ocrx_word' id='word_1_397' title='bbox 3761 2113 3790 2162; x_wconf 80' lang='grc' dir='ltr'>ὁ</span> 
     </span>
    </p>
   </div>
   <div class='ocr_carea' id='block_1_52' title="bbox 2231 2201 3788 2299">
    <p class='ocr_par' dir='ltr' id='par_1_52' title="bbox 2231 2201 3788 2299">
     <span class='ocr_line' id='line_1_54' title="bbox 2231 2201 3788 2299; baseline -0.019 -18"><span class='ocrx_word' id='word_1_398' title='bbox 2231 2226 2500 2299; x_wconf 76' lang='grc' dir='ltr'>’Δρσένιος</span> <span class='ocrx_word' id='word_1_399' title='bbox 2521 2223 2571 2274; x_wconf 88' lang='grc' dir='ltr'><strong>τί</strong></span> <span class='ocrx_word' id='word_1_400' title='bbox 2659 2218 2829 2272; x_wconf 84' lang='grc' dir='ltr'>ταῦτα</span> <span class='ocrx_word' id='word_1_401' title='bbox 2854 2233 2867 2281; x_wconf 90' lang='grc'>;</span> <span class='ocrx_word' id='word_1_402' title='bbox 2894 2217 3000 2269; x_wconf 70' lang='grc' dir='ltr'><strong>Καὶ</strong></span> <span class='ocrx_word' id='word_1_403' title='bbox 3030 2213 3226 2285; x_wconf 65' lang='grc' dir='ltr'>ἐρρέθη</span> <span class='ocrx_word' id='word_1_404' title='bbox 3257 2208 3435 2278; x_wconf 79' lang='grc' dir='ltr'>αύτῷ·</span> <span class='ocrx_word' id='word_1_405' title='bbox 3464 2201 3626 2259; x_wconf 72' lang='grc' dir='ltr'>Οὗτοί</span> <span class='ocrx_word' id='word_1_406' title='bbox 3658 2205 3788 2261; x_wconf 79' lang='grc' dir='ltr'>εἰσι,</span> 
     </span>
    </p>
   </div>
   <div class='ocr_carea' id='block_1_53' title="bbox 2221 2295 3793 2387">
    <p class='ocr_par' dir='ltr' id='par_1_53' title="bbox 2221 2295 3793 2387">
     <span class='ocr_line' id='line_1_55' title="bbox 2221 2295 3793 2387; baseline -0.018 -17"><span class='ocrx_word' id='word_1_407' title='bbox 2221 2316 2407 2387; x_wconf 71' lang='grc' dir='ltr'>φησὶν,</span> <span class='ocrx_word' id='word_1_408' title='bbox 2453 2310 2814 2384; x_wconf 78' lang='grc' dir='ltr'>βαστάζοντες</span> <span class='ocrx_word' id='word_1_409' title='bbox 2849 2307 3002 2372; x_wconf 83' lang='grc' dir='ltr'>ξύλον</span> <span class='ocrx_word' id='word_1_410' title='bbox 3041 2302 3384 2370; x_wconf 76' lang='grc' dir='ltr'>δικαιοσύνης</span> <span class='ocrx_word' id='word_1_411' title='bbox 3429 2299 3566 2368; x_wconf 82' lang='grc' dir='ltr'><strong>μετά</strong></span> <span class='ocrx_word' id='word_1_412' title='bbox 3611 2295 3793 2362; x_wconf 81' lang='grc' dir='ltr'>ὑπερ-</span> 
     </span>
    </p>
   </div>
   <div class='ocr_carea' id='block_1_54' title="bbox 2222 2388 3787 2481">
    <p class='ocr_par' dir='ltr' id='par_1_54' title="bbox 2222 2388 3787 2481">
     <span class='ocr_line' id='line_1_56' title="bbox 2222 2388 3787 2481; baseline -0.016 -18"><span class='ocrx_word' id='word_1_413' title='bbox 2222 2408 2476 2481; x_wconf 80' lang='grc' dir='ltr'>ηφανίας,</span> <span class='ocrx_word' id='word_1_414' title='bbox 2509 2406 2602 2459; x_wconf 70' lang='grc' dir='ltr'>καὶ</span> <span class='ocrx_word' id='word_1_415' title='bbox 2632 2403 2731 2455; x_wconf 82' lang='grc' dir='ltr'><strong>οὐκ</strong></span> <span class='ocrx_word' id='word_1_416' title='bbox 2765 2396 3207 2465; x_wconf 74' lang='grc' dir='ltr'>ἐταπεινώθησαν</span> <span class='ocrx_word' id='word_1_417' title='bbox 3250 2391 3345 2446; x_wconf 84' lang='grc' dir='ltr'>τοῦ</span> <span class='ocrx_word' id='word_1_418' title='bbox 3391 2388 3720 2460; x_wconf 79' lang='grc' dir='ltr'>πορευθῆναι</span> <span class='ocrx_word' id='word_1_419' title='bbox 3752 2395 3787 2413; x_wconf 87' lang='lat'><strong>&quot;&#39;</strong></span> 
     </span>
    </p>
   </div>
   <div class='ocr_carea' id='block_1_55' title="bbox 2223 2480 3793 2571">
    <p class='ocr_par' dir='ltr' id='par_1_55' title="bbox 2223 2480 3793 2571">
     <span class='ocr_line' id='line_1_57' title="bbox 2223 2480 3793 2571; baseline -0.016 -16"><span class='ocrx_word' id='word_1_420' title='bbox 2223 2505 2289 2571; x_wconf 82' lang='grc' dir='ltr'>τῇ</span> <span class='ocrx_word' id='word_1_421' title='bbox 2323 2500 2552 2568; x_wconf 79' lang='grc' dir='ltr'>ταπεινῇ</span> <span class='ocrx_word' id='word_1_422' title='bbox 2593 2494 2696 2564; x_wconf 78' lang='grc' dir='ltr'><strong>ὀδῷ</strong></span> <span class='ocrx_word' id='word_1_423' title='bbox 2724 2490 2819 2546; x_wconf 77' lang='grc' dir='ltr'>τοῦ</span> <span class='ocrx_word' id='word_1_424' title='bbox 2852 2488 3111 2561; x_wconf 80' lang='grc' dir='ltr'>Χριστοῦ,</span> <span class='ocrx_word' id='word_1_425' title='bbox 3156 2488 3236 2541; x_wconf 82' lang='grc' dir='ltr'>διὸ</span> <span class='ocrx_word' id='word_1_426' title='bbox 3269 2486 3516 2553; x_wconf 79' lang='grc' dir='ltr'>μένουσιν</span> <span class='ocrx_word' id='word_1_427' title='bbox 3555 2481 3661 2545; x_wconf 79' lang='grc' dir='ltr'>ἔξω</span> <span class='ocrx_word' id='word_1_428' title='bbox 3688 2480 3793 2547; x_wconf 73' lang='grc' dir='ltr'>τῆς</span> 
     </span>
    </p>
   </div>
   <div class='ocr_carea' id='block_1_56' title="bbox 2227 2573 3796 2665">
    <p class='ocr_par' dir='ltr' id='par_1_56' title="bbox 2227 2573 3796 2665">
     <span class='ocr_line' id='line_1_58' title="bbox 2227 2573 3796 2665; baseline -0.015 -18"><span class='ocrx_word' id='word_1_429' title='bbox 2227 2592 2502 2665; x_wconf 81' lang='grc' dir='ltr'>βασιλείας</span> <span class='ocrx_word' id='word_1_430' title='bbox 2523 2588 2615 2643; x_wconf 79' lang='grc' dir='ltr'><strong>τοῦ</strong></span> <span class='ocrx_word' id='word_1_431' title='bbox 2645 2586 2779 2641; x_wconf 80' lang='grc' dir='ltr'>Θεοῦ</span> <span class='ocrx_word' id='word_1_432' title='bbox 2845 2587 2872 2639; x_wconf 86' lang='grc' dir='ltr'>ὁ</span> <span class='ocrx_word' id='word_1_433' title='bbox 2897 2584 2953 2638; x_wconf 85' lang='grc' dir='ltr'><strong>δὲ</strong></span> <span class='ocrx_word' id='word_1_434' title='bbox 2982 2582 3051 2635; x_wconf 67' lang='grc' dir='ltr'>τὰ</span> <span class='ocrx_word' id='word_1_435' title='bbox 3081 2580 3212 2647; x_wconf 85' lang='grc' dir='ltr'>ξύλα</span> <span class='ocrx_word' id='word_1_436' title='bbox 3237 2578 3473 2639; x_wconf 81' lang='grc' dir='ltr'>κόπτων,</span> <span class='ocrx_word' id='word_1_437' title='bbox 3504 2573 3796 2643; x_wconf 80' lang='grc' dir='ltr'>ἄνθρωπός</span> 
     </span>
    </p>
   </div>
   <div class='ocr_carea' id='block_1_57' title="bbox 2226 2664 3799 2751">
    <p class='ocr_par' dir='ltr' id='par_1_57' title="bbox 2226 2664 3799 2751">
     <span class='ocr_line' id='line_1_59' title="bbox 2226 2664 3799 2751; baseline -0.015 -13"><span class='ocrx_word' id='word_1_438' title='bbox 2226 2664 2345 2738; x_wconf 72' lang='grc' dir='ltr'>ἔστι</span> <span class='ocrx_word' id='word_1_439' title='bbox 2395 2686 2452 2736; x_wconf 76' lang='grc' dir='ltr'>ὲν</span> <span class='ocrx_word' id='word_1_440' title='bbox 2505 2680 2803 2751; x_wconf 83' lang='grc' dir='ltr'>ἁμαρτίαις</span> <span class='ocrx_word' id='word_1_441' title='bbox 2863 2672 3313 2744; x_wconf 80' lang='grc' dir='ltr'>πεφορτισμένος,</span> <span class='ocrx_word' id='word_1_442' title='bbox 3366 2669 3459 2722; x_wconf 75' lang='grc' dir='ltr'><strong>καὶ</strong></span> <span class='ocrx_word' id='word_1_443' title='bbox 3512 2666 3635 2720; x_wconf 80' lang='grc' dir='ltr'>ἀντὶ</span> <span class='ocrx_word' id='word_1_444' title='bbox 3698 2664 3799 2717; x_wconf 79' lang='grc' dir='ltr'><strong>τοῦ</strong></span> 
     </span>
    </p>
   </div>
   <div class='ocr_carea' id='block_1_58' title="bbox 2232 2757 3800 2846">
    <p class='ocr_par' dir='ltr' id='par_1_58' title="bbox 2232 2757 3800 2846">
     <span class='ocr_line' id='line_1_60' title="bbox 2232 2757 3800 2846; baseline -0.012 -18"><span class='ocrx_word' id='word_1_445' title='bbox 2232 2774 2586 2846; x_wconf 79' lang='grc' dir='ltr'>μετανοῆσαι,</span> <span class='ocrx_word' id='word_1_446' title='bbox 2636 2772 2799 2840; x_wconf 73' lang='grc' dir='ltr'>ἕτερα</span> <span class='ocrx_word' id='word_1_447' title='bbox 2841 2764 3147 2839; x_wconf 78' lang='grc' dir='ltr'>προπιθῶν</span> <span class='ocrx_word' id='word_1_448' title='bbox 3175 2762 3237 2815; x_wconf 83' lang='grc' dir='ltr'><strong>ού</strong></span> <span class='ocrx_word' id='word_1_449' title='bbox 3265 2760 3496 2814; x_wconf 88' lang='grc' dir='ltr'>παύεται</span> <span class='ocrx_word' id='word_1_450' title='bbox 3527 2767 3579 2810; x_wconf 71' lang='grc' dir='ltr'><strong>η.</strong></span> <span class='ocrx_word' id='word_1_451' title='bbox 3632 2757 3744 2809; x_wconf 77' lang='grc' dir='ltr'>Καὶ</span> <span class='ocrx_word' id='word_1_452' title='bbox 3770 2759 3800 2809; x_wconf 81' lang='grc' dir='ltr'>ὁ</span> 
     </span>
    </p>
   </div>
   <div class='ocr_carea' id='block_1_59' title="bbox 2229 2847 3805 2934">
    <p class='ocr_par' dir='ltr' id='par_1_59' title="bbox 2229 2847 3805 2934">
     <span class='ocr_line' id='line_1_61' title="bbox 2229 2847 3805 2934; baseline -0.014 -15"><span class='ocrx_word' id='word_1_453' title='bbox 2229 2868 2289 2920; x_wconf 82' lang='grc' dir='ltr'><strong>τὸ</strong></span> <span class='ocrx_word' id='word_1_454' title='bbox 2342 2865 2482 2934; x_wconf 81' lang='grc' dir='ltr'>’ύδωρ</span> <span class='ocrx_word' id='word_1_455' title='bbox 2528 2862 2763 2923; x_wconf 83' lang='grc' dir='ltr'>ἁντλῶν,</span> <span class='ocrx_word' id='word_1_456' title='bbox 2823 2856 3106 2929; x_wconf 81' lang='grc' dir='ltr'>ἄνθρωπός</span> <span class='ocrx_word' id='word_1_457' title='bbox 3156 2855 3271 2906; x_wconf 77' lang='grc' dir='ltr'>ἐστι</span> <span class='ocrx_word' id='word_1_458' title='bbox 3320 2850 3458 2904; x_wconf 73' lang='grc' dir='ltr'>καλὰ</span> <span class='ocrx_word' id='word_1_459' title='bbox 3508 2848 3609 2918; x_wconf 82' lang='grc' dir='ltr'><strong>μὲν</strong></span> <span class='ocrx_word' id='word_1_460' title='bbox 3658 2847 3805 2917; x_wconf 71' lang='grc' dir='ltr'>ἔργα</span> 
     </span>
    </p>
   </div>
   <div class='ocr_carea' id='block_1_60' title="bbox 2231 2939 3803 3024">
    <p class='ocr_par' dir='ltr' id='par_1_60' title="bbox 2231 2939 3803 3024">
     <span class='ocr_line' id='line_1_62' title="bbox 2231 2939 3803 3024; baseline -0.014 -12"><span class='ocrx_word' id='word_1_461' title='bbox 2231 2958 2422 3021; x_wconf 85' lang='grc' dir='ltr'>ποιῶν,</span> <span class='ocrx_word' id='word_1_462' title='bbox 2451 2955 2563 3009; x_wconf 81' lang='grc' dir='ltr'>ἀλλ’</span> <span class='ocrx_word' id='word_1_463' title='bbox 2600 2952 2785 3024; x_wconf 74' lang='grc' dir='ltr'>ἐπειδὴ</span> <span class='ocrx_word' id='word_1_464' title='bbox 2817 2953 2912 3005; x_wconf 57' lang='grc' dir='ltr'><strong>σὺν</strong></span> <span class='ocrx_word' id='word_1_465' title='bbox 2946 2950 3128 3011; x_wconf 77' lang='grc' dir='ltr'>αὐτοῖς</span> <span class='ocrx_word' id='word_1_466' title='bbox 3160 2947 3269 3017; x_wconf 77' lang='grc' dir='ltr'>ἔχει</span> <span class='ocrx_word' id='word_1_467' title='bbox 3303 2945 3426 2998; x_wconf 72' lang='grc' dir='ltr'>τινὰ</span> <span class='ocrx_word' id='word_1_468' title='bbox 3456 2939 3693 3010; x_wconf 84' lang='grc' dir='ltr'>πονηρὰ,</span> <span class='ocrx_word' id='word_1_469' title='bbox 3743 2941 3803 2991; x_wconf 82' lang='grc' dir='ltr'>ὲν</span> 
     </span>
    </p>
   </div>
   <div class='ocr_carea' id='block_1_61' title="bbox 2231 3033 3804 3120">
    <p class='ocr_par' dir='ltr' id='par_1_61' title="bbox 2231 3033 3804 3120">
     <span class='ocr_line' id='line_1_63' title="bbox 2231 3033 3804 3120; baseline -0.013 -16"><span class='ocrx_word' id='word_1_470' title='bbox 2231 3053 2404 3120; x_wconf 86' lang='grc' dir='ltr'>τούτῳ</span> <span class='ocrx_word' id='word_1_471' title='bbox 2454 3046 2703 3102; x_wconf 83' lang='grc' dir='ltr'>ἀπώλεσε</span> <span class='ocrx_word' id='word_1_472' title='bbox 2737 3047 2831 3098; x_wconf 72' lang='grc' dir='ltr'>καὶ</span> <span class='ocrx_word' id='word_1_473' title='bbox 2867 3043 2934 3095; x_wconf 84' lang='grc' dir='ltr'>τὰ</span> <span class='ocrx_word' id='word_1_474' title='bbox 2966 3041 3193 3113; x_wconf 86' lang='grc' dir='ltr'>χρηστά.</span> <span class='ocrx_word' id='word_1_475' title='bbox 3222 3038 3395 3109; x_wconf 85' lang='grc' dir='ltr'>Χρεία</span> <span class='ocrx_word' id='word_1_476' title='bbox 3438 3034 3533 3088; x_wconf 78' lang='grc' dir='ltr'><strong>οὖν</strong></span> <span class='ocrx_word' id='word_1_477' title='bbox 3581 3033 3804 3103; x_wconf 77' lang='grc' dir='ltr'>νήψεως</span> 
     </span>
    </p>
   </div>
   <div class='ocr_carea' id='block_1_62' title="bbox 573 3126 2120 3241">
    <p class='ocr_par' dir='ltr' id='par_1_62' title="bbox 573 3126 2120 3241">
     <span class='ocr_line' id='line_1_64' title="bbox 573 3126 2120 3241; baseline -0.021 -11"><span class='ocrx_word' id='word_1_478' title='bbox 573 3126 1051 3241; x_wconf 63' lang='grc' dir='ltr'>ἀὶάίι.Ὶνίεἱιιιιιιὶα</span> <span class='ocrx_word' id='word_1_479' title='bbox 1084 3166 1245 3235; x_wconf 79' lang='lat' dir='ltr'><strong>igitur</strong></span> <span class='ocrx_word' id='word_1_480' title='bbox 1277 3159 1480 3215; x_wconf 87' lang='lat' dir='ltr'><strong>homini</strong></span> <span class='ocrx_word' id='word_1_481' title='bbox 1512 3169 1650 3224; x_wconf 91' lang='lat' dir='ltr'><strong>opus</strong></span> <span class='ocrx_word' id='word_1_482' title='bbox 1684 3161 1767 3207; x_wconf 86' lang='lat' dir='ltr'><strong>est</strong></span> <span class='ocrx_word' id='word_1_483' title='bbox 1791 3152 1844 3203; x_wconf 92' lang='lat' dir='ltr'><strong>in</strong></span> <span class='ocrx_word' id='word_1_484' title='bbox 1879 3147 2120 3217; x_wconf 75' lang='lat' dir='ltr'><strong>operibus</strong></span> 
     </span>
    </p>
   </div>
   <div class='ocr_carea' id='block_1_63' title="bbox 2226 3126 3806 3241">
    <p class='ocr_par' dir='ltr' id='par_1_63' title="bbox 2236 3126 3806 3213">
     <span class='ocr_line' id='line_1_65' title="bbox 2236 3126 3806 3213; baseline -0.013 -16"><span class='ocrx_word' id='word_1_485' title='bbox 2236 3144 2313 3213; x_wconf 81' lang='grc' dir='ltr'>τῷ</span> <span class='ocrx_word' id='word_1_486' title='bbox 2342 3140 2611 3211; x_wconf 83' lang='grc' dir='ltr'>ἀνθρώπῳ</span> <span class='ocrx_word' id='word_1_487' title='bbox 2660 3140 2739 3200; x_wconf 86' lang='grc' dir='ltr'><strong>είς</strong></span> <span class='ocrx_word' id='word_1_488' title='bbox 2766 3137 2833 3190; x_wconf 76' lang='grc' dir='ltr'>τὰ</span> <span class='ocrx_word' id='word_1_489' title='bbox 2859 3136 2999 3206; x_wconf 78' lang='grc' dir='ltr'>ἔργα</span> <span class='ocrx_word' id='word_1_490' title='bbox 3028 3130 3216 3197; x_wconf 79' lang='grc' dir='ltr'>αὐτοῦ,</span> <span class='ocrx_word' id='word_1_491' title='bbox 3259 3130 3345 3184; x_wconf 85' lang='grc' dir='ltr'><strong>ἵνα</strong></span> <span class='ocrx_word' id='word_1_492' title='bbox 3399 3126 3475 3199; x_wconf 82' lang='grc' dir='ltr'>μὴ</span> <span class='ocrx_word' id='word_1_493' title='bbox 3524 3126 3605 3191; x_wconf 82' lang='grc' dir='ltr'><strong>είς</strong></span> <span class='ocrx_word' id='word_1_494' title='bbox 3645 3128 3806 3179; x_wconf 77' lang='grc' dir='ltr'>κενὸν</span> 
     </span>
    </p>
   </div>
   <div class='ocr_carea' id='block_1_64' title="bbox 576 3253 1503 3329">
    <p class='ocr_par' dir='ltr' id='par_1_64' title="bbox 576 3253 1503 3329">
     <span class='ocr_line' id='line_1_66' title="bbox 576 3253 1503 3329; baseline -0.025 -7"><span class='ocrx_word' id='word_1_495' title='bbox 576 3268 712 3329; x_wconf 82' lang='lat' dir='ltr'><strong>suis,</strong></span> <span class='ocrx_word' id='word_1_496' title='bbox 741 3274 798 3317; x_wconf 91' lang='lat' dir='ltr'><strong>ut</strong></span> <span class='ocrx_word' id='word_1_497' title='bbox 827 3278 934 3314; x_wconf 91' lang='lat' dir='ltr'><strong>non</strong></span> <span class='ocrx_word' id='word_1_498' title='bbox 966 3261 1020 3313; x_wconf 90' lang='lat' dir='ltr'><strong>in</strong></span> <span class='ocrx_word' id='word_1_499' title='bbox 1055 3269 1250 3310; x_wconf 80' lang='lat' dir='ltr'><strong>vanum</strong></span> <span class='ocrx_word' id='word_1_500' title='bbox 1282 3253 1503 3305; x_wconf 87' lang='lat' dir='ltr'><strong>laboret.</strong></span> 
     </span>
    </p>
   </div>
   <div class='ocr_carea' id='block_1_65' title="bbox 645 3328 2138 3422">
    <p class='ocr_par' dir='ltr' id='par_1_65' title="bbox 645 3328 2138 3422">
     <span class='ocr_line' id='line_1_67' title="bbox 645 3328 2138 3422; baseline -0.021 -10"><span class='ocrx_word' id='word_1_501' title='bbox 645 3328 736 3412; x_wconf 72' lang='lat'><strong>‘20.</strong></span> <span class='ocrx_word' id='word_1_502' title='bbox 758 3353 868 3409; x_wconf 87' lang='lat' dir='ltr'><strong>Hoc</strong></span> <span class='ocrx_word' id='word_1_503' title='bbox 891 3366 1103 3422; x_wconf 88' lang='lat' dir='ltr'><strong>quoque</strong></span> <span class='ocrx_word' id='word_1_504' title='bbox 1121 3348 1188 3402; x_wconf 90' lang='lat' dir='ltr'><strong>de</strong></span> <span class='ocrx_word' id='word_1_505' title='bbox 1218 3346 1335 3415; x_wconf 88' lang='lat' dir='ltr'><strong>ipso</strong></span> <span class='ocrx_word' id='word_1_506' title='bbox 1362 3347 1612 3395; x_wconf 90' lang='lat' dir='ltr'><strong>narratur</strong></span> <span class='ocrx_word' id='word_1_507' title='bbox 1637 3352 1651 3387; x_wconf 88' lang='lat'><strong>:</strong></span> <span class='ocrx_word' id='word_1_508' title='bbox 1676 3332 1813 3389; x_wconf 92' lang='lat' dir='ltr'><strong>Dum</strong></span> <span class='ocrx_word' id='word_1_509' title='bbox 1844 3328 2138 3400; x_wconf 87' lang='lat' dir='ltr'><strong>aliquando</strong></span> 
     </span>
    </p>
   </div>
   <div class='ocr_carea' id='block_1_66' title="bbox 580 3421 2137 3512">
    <p class='ocr_par' dir='ltr' id='par_1_66' title="bbox 580 3421 2137 3512">
     <span class='ocr_line' id='line_1_68' title="bbox 580 3421 2137 3512; baseline -0.022 -7"><span class='ocrx_word' id='word_1_510' title='bbox 580 3451 633 3505; x_wconf 93' lang='lat' dir='ltr'><strong>in</strong></span> <span class='ocrx_word' id='word_1_511' title='bbox 682 3447 827 3502; x_wconf 81' lang='lat' dir='ltr'><strong>Sceti</strong></span> <span class='ocrx_word' id='word_1_512' title='bbox 877 3421 1187 3512; x_wconf 69' lang='lat' dir='ltr'><strong>tegrotaret,</strong></span> <span class='ocrx_word' id='word_1_513' title='bbox 1237 3433 1511 3504; x_wconf 88' lang='lat' dir='ltr'><strong>profectus</strong></span> <span class='ocrx_word' id='word_1_514' title='bbox 1544 3426 1824 3497; x_wconf 82' lang='lat' dir='ltr'><strong>presbyter</strong></span> <span class='ocrx_word' id='word_1_515' title='bbox 1855 3421 1977 3476; x_wconf 90' lang='lat' dir='ltr'><strong>tulit</strong></span> <span class='ocrx_word' id='word_1_516' title='bbox 2013 3433 2137 3472; x_wconf 87' lang='lat' dir='ltr'><strong>eum</strong></span> 
     </span>
    </p>
   </div>
   <div class='ocr_carea' id='block_1_67' title="bbox 581 3518 2142 3597">
    <p class='ocr_par' dir='ltr' id='par_1_67' title="bbox 581 3518 2142 3597">
     <span class='ocr_line' id='line_1_69' title="bbox 581 3518 2142 3597; baseline -0.021 -2"><span class='ocrx_word' id='word_1_517' title='bbox 581 3540 647 3595; x_wconf 87' lang='lat' dir='ltr'><strong>ad</strong></span> <span class='ocrx_word' id='word_1_518' title='bbox 682 3536 989 3595; x_wconf 78' lang='lat' dir='ltr'><strong>ecclesiam,</strong></span> <span class='ocrx_word' id='word_1_519' title='bbox 1035 3543 1089 3586; x_wconf 90' lang='lat' dir='ltr'><strong>et</strong></span> <span class='ocrx_word' id='word_1_520' title='bbox 1138 3526 1320 3597; x_wconf 89' lang='lat' dir='ltr'><strong>posuit</strong></span> <span class='ocrx_word' id='word_1_521' title='bbox 1356 3524 1408 3577; x_wconf 93' lang='lat' dir='ltr'><strong>in</strong></span> <span class='ocrx_word' id='word_1_522' title='bbox 1446 3528 1613 3576; x_wconf 89' lang='lat' dir='ltr'><strong>strato</strong></span> <span class='ocrx_word' id='word_1_523' title='bbox 1642 3518 1776 3588; x_wconf 72' lang='lat'><strong>(94),</strong></span> <span class='ocrx_word' id='word_1_524' title='bbox 1807 3523 2142 3583; x_wconf 88' lang='lat' dir='ltr'><strong>parvumque</strong></span> 
     </span>
    </p>
   </div>
   <div class='ocr_carea' id='block_1_68' title="bbox 581 3608 2145 3688">
    <p class='ocr_par' dir='ltr' id='par_1_68' title="bbox 581 3608 2145 3688">
     <span class='ocr_line' id='line_1_70' title="bbox 581 3608 2145 3688; baseline -0.022 -2"><span class='ocrx_word' id='word_1_525' title='bbox 581 3629 811 3686; x_wconf 82' lang='lat' dir='ltr'><strong>cervical</strong></span> <span class='ocrx_word' id='word_1_526' title='bbox 857 3626 923 3680; x_wconf 91' lang='lat' dir='ltr'><strong>ad</strong></span> <span class='ocrx_word' id='word_1_527' title='bbox 959 3631 1119 3688; x_wconf 90' lang='lat' dir='ltr'><strong>caput</strong></span> <span class='ocrx_word' id='word_1_528' title='bbox 1154 3619 1293 3687; x_wconf 85' lang='lat' dir='ltr'><strong>ejus.</strong></span> <span class='ocrx_word' id='word_1_529' title='bbox 1338 3613 1491 3668; x_wconf 88' lang='lat' dir='ltr'><strong>Unus</strong></span> <span class='ocrx_word' id='word_1_530' title='bbox 1531 3626 1561 3665; x_wconf 90' lang='lat' dir='ltr'><strong>e</strong></span> <span class='ocrx_word' id='word_1_531' title='bbox 1608 3608 1853 3667; x_wconf 90' lang='lat' dir='ltr'><strong>senibus,</strong></span> <span class='ocrx_word' id='word_1_532' title='bbox 1888 3616 2013 3657; x_wconf 94' lang='lat' dir='ltr'><strong>cum</strong></span> <span class='ocrx_word' id='word_1_533' title='bbox 2053 3614 2145 3653; x_wconf 87' lang='lat' dir='ltr'><strong>ve-</strong></span> 
     </span>
    </p>
   </div>
   <div class='ocr_carea' id='block_1_69' title="bbox 584 3694 2141 3785">
    <p class='ocr_par' dir='ltr' id='par_1_69' title="bbox 584 3694 2141 3785">
     <span class='ocr_line' id='line_1_71' title="bbox 584 3694 2141 3785; baseline -0.021 -9"><span class='ocrx_word' id='word_1_534' title='bbox 584 3721 774 3782; x_wconf 87' lang='lat' dir='ltr'><strong>nisset,</strong></span> <span class='ocrx_word' id='word_1_535' title='bbox 818 3725 875 3770; x_wconf 94' lang='lat' dir='ltr'><strong>ut</strong></span> <span class='ocrx_word' id='word_1_536' title='bbox 900 3719 1071 3785; x_wconf 86' lang='lat' dir='ltr'><strong>ipsum</strong></span> <span class='ocrx_word' id='word_1_537' title='bbox 1108 3711 1327 3769; x_wconf 86' lang='lat' dir='ltr'><strong>viseret,</strong></span> <span class='ocrx_word' id='word_1_538' title='bbox 1380 3713 1433 3758; x_wconf 92' lang='lat' dir='ltr'><strong>et</strong></span> <span class='ocrx_word' id='word_1_539' title='bbox 1458 3701 1681 3755; x_wconf 86' lang='lat' dir='ltr'><strong>vidisset</strong></span> <span class='ocrx_word' id='word_1_540' title='bbox 1708 3710 1831 3752; x_wconf 89' lang='lat' dir='ltr'><strong>eum</strong></span> <span class='ocrx_word' id='word_1_541' title='bbox 1867 3694 1920 3747; x_wconf 93' lang='lat' dir='ltr'><strong>in</strong></span> <span class='ocrx_word' id='word_1_542' title='bbox 1950 3699 2141 3752; x_wconf 90' lang='lat' dir='ltr'><strong>strato,</strong></span> 
     </span>
    </p>
   </div>
   <div class='ocr_carea' id='block_1_70' title="bbox 584 3782 2145 3877">
    <p class='ocr_par' dir='ltr' id='par_1_70' title="bbox 584 3782 2145 3877">
     <span class='ocr_line' id='line_1_72' title="bbox 584 3782 2145 3877; baseline -0.022 -5"><span class='ocrx_word' id='word_1_543' title='bbox 584 3811 897 3871; x_wconf 80' lang='lat' dir='ltr'><strong>scandalum</strong></span> <span class='ocrx_word' id='word_1_544' title='bbox 921 3782 933 3785; x_wconf 26' lang='grc' dir='ltr'>ν</span> <span class='ocrx_word' id='word_1_545' title='bbox 954 3818 1147 3877; x_wconf 85' lang='lat' dir='ltr'><strong>passus</strong></span> <span class='ocrx_word' id='word_1_546' title='bbox 1202 3808 1305 3863; x_wconf 88' lang='lat' dir='ltr'><strong>est,</strong></span> <span class='ocrx_word' id='word_1_547' title='bbox 1340 3796 1525 3851; x_wconf 88' lang='lat' dir='ltr'><strong>dicens</strong></span> <span class='ocrx_word' id='word_1_548' title='bbox 1559 3809 1574 3846; x_wconf 86' lang='lat'><strong>:</strong></span> <span class='ocrx_word' id='word_1_549' title='bbox 1626 3788 1845 3844; x_wconf 86' lang='lat' dir='ltr'><strong>Hiccine</strong></span> <span class='ocrx_word' id='word_1_550' title='bbox 1872 3795 1954 3839; x_wconf 90' lang='lat' dir='ltr'><strong>est</strong></span> <span class='ocrx_word' id='word_1_551' title='bbox 1977 3782 2145 3838; x_wconf 87' lang='lat' dir='ltr'><strong>abbas</strong></span> 
     </span>
    </p>
   </div>
   <div class='ocr_carea' id='block_1_71' title="bbox 586 3876 2153 3963">
    <p class='ocr_par' dir='ltr' id='par_1_71' title="bbox 586 3876 2153 3963">
     <span class='ocr_line' id='line_1_73' title="bbox 586 3876 2153 3963; baseline -0.024 -3"><span class='ocrx_word' id='word_1_552' title='bbox 586 3903 883 3963; x_wconf 82' lang='lat' dir='ltr'><strong>Arsenius,</strong></span> <span class='ocrx_word' id='word_1_553' title='bbox 936 3907 988 3951; x_wconf 90' lang='lat' dir='ltr'><strong>et</strong></span> <span class='ocrx_word' id='word_1_554' title='bbox 1039 3896 1143 3947; x_wconf 92' lang='lat' dir='ltr'><strong>hoc</strong></span> <span class='ocrx_word' id='word_1_555' title='bbox 1184 3889 1343 3944; x_wconf 89' lang='lat' dir='ltr'><strong>modo</strong></span> <span class='ocrx_word' id='word_1_556' title='bbox 1393 3881 1700 3940; x_wconf 86' lang='lat' dir='ltr'><strong>recumbit?</strong></span> <span class='ocrx_word' id='word_1_557' title='bbox 1772 3876 1967 3933; x_wconf 87' lang='lat' dir='ltr'><strong>Senior</strong></span> <span class='ocrx_word' id='word_1_558' title='bbox 2021 3886 2153 3927; x_wconf 89' lang='lat' dir='ltr'><strong>vero</strong></span> 
     </span>
    </p>
   </div>
   <div class='ocr_carea' id='block_1_72' title="bbox 587 3964 2150 4061">
    <p class='ocr_par' dir='ltr' id='par_1_72' title="bbox 587 3964 2150 4061">
     <span class='ocr_line' id='line_1_74' title="bbox 587 3964 2150 4061; baseline -0.023 -10"><span class='ocrx_word' id='word_1_559' title='bbox 587 3993 820 4061; x_wconf 88' lang='lat' dir='ltr'><strong>sumpsit</strong></span> <span class='ocrx_word' id='word_1_560' title='bbox 861 4003 983 4042; x_wconf 88' lang='lat' dir='ltr'><strong>eum</strong></span> <span class='ocrx_word' id='word_1_561' title='bbox 1029 4000 1091 4039; x_wconf 89' lang='lat' dir='ltr'><strong>ac</strong></span> <span class='ocrx_word' id='word_1_562' title='bbox 1123 3982 1256 4036; x_wconf 81' lang='lat' dir='ltr'><strong>dixit</strong></span> <span class='ocrx_word' id='word_1_563' title='bbox 1288 3999 1300 4032; x_wconf 89' lang='lat'><strong>:</strong></span> <span class='ocrx_word' id='word_1_564' title='bbox 1335 3974 1553 4044; x_wconf 83' lang='lat' dir='ltr'><strong>Ecquod</strong></span> <span class='ocrx_word' id='word_1_565' title='bbox 1587 3982 1704 4027; x_wconf 90' lang='lat' dir='ltr'><strong>erat</strong></span> <span class='ocrx_word' id='word_1_566' title='bbox 1741 3984 1876 4038; x_wconf 89' lang='lat' dir='ltr'><strong>opus</strong></span> <span class='ocrx_word' id='word_1_567' title='bbox 1910 3976 2064 4021; x_wconf 91' lang='lat' dir='ltr'><strong>tuum</strong></span> <span class='ocrx_word' id='word_1_568' title='bbox 2097 3964 2150 4017; x_wconf 93' lang='lat' dir='ltr'><strong>in</strong></span> 
     </span>
    </p>
   </div>
   <div class='ocr_carea' id='block_1_73' title="bbox 589 4057 2151 4155">
    <p class='ocr_par' dir='ltr' id='par_1_73' title="bbox 589 4057 2151 4155">
     <span class='ocr_line' id='line_1_75' title="bbox 589 4057 2151 4155; baseline -0.021 -17"><span class='ocrx_word' id='word_1_569' title='bbox 589 4057 728 4155; x_wconf 67' lang='lat' dir='ltr'><strong>pago</strong></span> <span class='ocrx_word' id='word_1_570' title='bbox 760 4078 890 4133; x_wconf 85' lang='lat' dir='ltr'><strong>tuo?</strong></span> <span class='ocrx_word' id='word_1_571' title='bbox 943 4072 1247 4142; x_wconf 75' lang='lat' dir='ltr'><strong>Respondet</strong></span> <span class='ocrx_word' id='word_1_572' title='bbox 1281 4081 1443 4122; x_wconf 79' lang='lat' dir='ltr'><strong>senex</strong></span> <span class='ocrx_word' id='word_1_573' title='bbox 1472 4080 1484 4114; x_wconf 93' lang='lat'>:</span> <span class='ocrx_word' id='word_1_574' title='bbox 1541 4061 1733 4115; x_wconf 81' lang='lat' dir='ltr'><strong>Pastor</strong></span> <span class='ocrx_word' id='word_1_575' title='bbox 1768 4057 1949 4111; x_wconf 90' lang='lat' dir='ltr'><strong>ovium</strong></span> <span class='ocrx_word' id='word_1_576' title='bbox 1979 4066 2151 4109; x_wconf 90' lang='lat' dir='ltr'><strong>eram.</strong></span> 
     </span>
    </p>
   </div>
   <div class='ocr_carea' id='block_1_74' title="bbox 591 4146 2153 4241">
    <p class='ocr_par' dir='ltr' id='par_1_74' title="bbox 591 4146 2153 4241">
     <span class='ocr_line' id='line_1_76' title="bbox 591 4146 2153 4241; baseline -0.023 -10"><span class='ocrx_word' id='word_1_577' title='bbox 591 4146 762 4231; x_wconf 63' lang='lat' dir='ltr'><strong>instat</strong></span> <span class='ocrx_word' id='word_1_578' title='bbox 829 4167 1150 4241; x_wconf 82' lang='lat' dir='ltr'><strong>presbyter:</strong></span> <span class='ocrx_word' id='word_1_579' title='bbox 1204 4162 1323 4227; x_wconf 88' lang='lat' dir='ltr'><strong>Quo</strong></span> <span class='ocrx_word' id='word_1_580' title='bbox 1365 4165 1521 4228; x_wconf 92' lang='lat' dir='ltr'><strong>pacto</strong></span> <span class='ocrx_word' id='word_1_581' title='bbox 1554 4152 1739 4221; x_wconf 80' lang='lat' dir='ltr'><strong>igitur,</strong></span> <span class='ocrx_word' id='word_1_582' title='bbox 1771 4146 1966 4217; x_wconf 88' lang='lat' dir='ltr'><strong>inquit,</strong></span> <span class='ocrx_word' id='word_1_583' title='bbox 1990 4146 2153 4198; x_wconf 85' lang='lat' dir='ltr'><strong>vitam</strong></span> 
     </span>
    </p>
   </div>
   <div class='ocr_carea' id='block_1_75' title="bbox 2239 3236 2501 3301">
    <p class='ocr_par' dir='ltr' id='par_1_75' title="bbox 2239 3236 2501 3301">
     <span class='ocr_line' id='line_1_77' title="bbox 2239 3236 2501 3301; baseline -0.008 -14"><span class='ocrx_word' id='word_1_584' title='bbox 2239 3236 2501 3301; x_wconf 78' lang='grc' dir='ltr'>κοπιάσῃ.</span> 
     </span>
    </p>
   </div>
   <div class='ocr_carea' id='block_1_76' title="bbox 2310 3309 3808 3390">
    <p class='ocr_par' dir='ltr' id='par_1_76' title="bbox 2310 3309 3808 3390">
     <span class='ocr_line' id='line_1_78' title="bbox 2310 3309 3808 3390; baseline -0.009 -15"><span class='ocrx_word' id='word_1_585' title='bbox 2310 3330 2379 3376; x_wconf 84' lang='grc' dir='ltr'><strong>κ’.</strong></span> <span class='ocrx_word' id='word_1_586' title='bbox 2413 3319 2781 3390; x_wconf 78' lang='grc' dir='ltr'>Διηγούμενον</span> <span class='ocrx_word' id='word_1_587' title='bbox 2813 3319 2869 3372; x_wconf 81' lang='grc' dir='ltr'><strong>δέ</strong></span> <span class='ocrx_word' id='word_1_588' title='bbox 2901 3321 3014 3371; x_wconf 79' lang='grc' dir='ltr'>ἐστι</span> <span class='ocrx_word' id='word_1_589' title='bbox 3042 3314 3315 3371; x_wconf 73' lang='grc' dir='ltr'>καὶτοῦτο</span> <span class='ocrx_word' id='word_1_590' title='bbox 3344 3313 3471 3383; x_wconf 72' lang='grc' dir='ltr'>περὶ</span> <span class='ocrx_word' id='word_1_591' title='bbox 3498 3309 3689 3365; x_wconf 78' lang='grc' dir='ltr'>αὐτοῦ·</span> <span class='ocrx_word' id='word_1_592' title='bbox 3722 3311 3808 3363; x_wconf 83' lang='grc' dir='ltr'><strong>ὅτι</strong></span> 
     </span>
    </p>
   </div>
   <div class='ocr_carea' id='block_1_77' title="bbox 2239 3401 3812 3482">
    <p class='ocr_par' dir='ltr' id='par_1_77' title="bbox 2239 3401 3812 3482">
     <span class='ocr_line' id='line_1_79' title="bbox 2239 3401 3812 3482; baseline -0.01 -14"><span class='ocrx_word' id='word_1_593' title='bbox 2239 3414 2632 3482; x_wconf 78' lang='grc' dir='ltr'>ἀσθενήσαντος</span> <span class='ocrx_word' id='word_1_594' title='bbox 2691 3407 2854 3462; x_wconf 77' lang='grc' dir='ltr'>αὑτοῦ</span> <span class='ocrx_word' id='word_1_595' title='bbox 2916 3424 3041 3459; x_wconf 87' lang='grc' dir='ltr'>ποτε</span> <span class='ocrx_word' id='word_1_596' title='bbox 3096 3408 3176 3468; x_wconf 80' lang='grc' dir='ltr'>εἰς</span> <span class='ocrx_word' id='word_1_597' title='bbox 3216 3406 3434 3472; x_wconf 80' lang='grc' dir='ltr'>Σκῆτιν,</span> <span class='ocrx_word' id='word_1_598' title='bbox 3481 3401 3730 3470; x_wconf 77' lang='grc' dir='ltr'>ἀπῆλθεν</span> <span class='ocrx_word' id='word_1_599' title='bbox 3782 3402 3812 3453; x_wconf 78' lang='grc' dir='ltr'>ὁ</span> 
     </span>
    </p>
   </div>
   <div class='ocr_carea' id='block_1_78' title="bbox 2243 3493 3810 3578">
    <p class='ocr_par' dir='ltr' id='par_1_78' title="bbox 2243 3493 3810 3578">
     <span class='ocr_line' id='line_1_80' title="bbox 2243 3493 3810 3578; baseline -0.011 -17"><span class='ocrx_word' id='word_1_600' title='bbox 2243 3525 2344 3578; x_wconf 86' lang='grc' dir='ltr'><strong>πρε</strong></span> <span class='ocrx_word' id='word_1_601' title='bbox 2356 3505 2635 3574; x_wconf 76' lang='grc' dir='ltr'>σϐύτερος,</span> <span class='ocrx_word' id='word_1_602' title='bbox 2658 3500 2752 3554; x_wconf 76' lang='grc' dir='ltr'>καὶ</span> <span class='ocrx_word' id='word_1_603' title='bbox 2775 3500 3001 3569; x_wconf 71' lang='grc' dir='ltr'>ἤνεγκεν</span> <span class='ocrx_word' id='word_1_604' title='bbox 3021 3498 3182 3550; x_wconf 78' lang='grc' dir='ltr'>αὐτὸν</span> <span class='ocrx_word' id='word_1_605' title='bbox 3207 3498 3338 3565; x_wconf 72' lang='grc' dir='ltr'>πρὸς</span> <span class='ocrx_word' id='word_1_606' title='bbox 3364 3495 3461 3564; x_wconf 83' lang='grc' dir='ltr'><strong>τὴν</strong></span> <span class='ocrx_word' id='word_1_607' title='bbox 3483 3493 3810 3561; x_wconf 79' lang='grc' dir='ltr'>ἐκκλησίαν,</span> 
     </span>
    </p>
   </div>
   <div class='ocr_carea' id='block_1_79' title="bbox 2243 3586 3817 3665">
    <p class='ocr_par' dir='ltr' id='par_1_79' title="bbox 2243 3586 3817 3665">
     <span class='ocr_line' id='line_1_81' title="bbox 2243 3586 3817 3665; baseline -0.011 -12"><span class='ocrx_word' id='word_1_608' title='bbox 2243 3603 2337 3653; x_wconf 77' lang='grc' dir='ltr'><strong>καὶ</strong></span> <span class='ocrx_word' id='word_1_609' title='bbox 2366 3597 2560 3665; x_wconf 65' lang='grc' dir='ltr'>ἔθηκεν</span> <span class='ocrx_word' id='word_1_610' title='bbox 2584 3594 2744 3647; x_wconf 82' lang='grc' dir='ltr'>αὑτὸν</span> <span class='ocrx_word' id='word_1_611' title='bbox 2774 3594 2852 3655; x_wconf 84' lang='grc' dir='ltr'>εἰς</span> <span class='ocrx_word' id='word_1_612' title='bbox 2879 3589 3189 3660; x_wconf 88' lang='grc' dir='ltr'>χαλάδριον,</span> <span class='ocrx_word' id='word_1_613' title='bbox 3230 3588 3323 3641; x_wconf 70' lang='grc' dir='ltr'><strong>καὶ</strong></span> <span class='ocrx_word' id='word_1_614' title='bbox 3351 3586 3545 3656; x_wconf 84' lang='grc' dir='ltr'>μικρὸν</span> <span class='ocrx_word' id='word_1_615' title='bbox 3569 3601 3817 3656; x_wconf 86' lang='grc' dir='ltr'>προσκε-</span> 
     </span>
    </p>
   </div>
   <div class='ocr_carea' id='block_1_80' title="bbox 2245 3675 3819 3760">
    <p class='ocr_par' dir='ltr' id='par_1_80' title="bbox 2245 3675 3819 3760">
     <span class='ocr_line' id='line_1_82' title="bbox 2245 3675 3819 3760; baseline -0.008 -15"><span class='ocrx_word' id='word_1_616' title='bbox 2245 3691 2471 3759; x_wconf 76' lang='grc' dir='ltr'>φάλαιον</span> <span class='ocrx_word' id='word_1_617' title='bbox 2509 3689 2644 3760; x_wconf 75' lang='grc' dir='ltr'>πρὸς</span> <span class='ocrx_word' id='word_1_618' title='bbox 2669 3690 2734 3755; x_wconf 79' lang='grc' dir='ltr'>τῇ</span> <span class='ocrx_word' id='word_1_619' title='bbox 2762 3686 2972 3755; x_wconf 78' lang='grc' dir='ltr'>κεφαλῇ</span> <span class='ocrx_word' id='word_1_620' title='bbox 3004 3680 3193 3738; x_wconf 77' lang='grc' dir='ltr'>αὐτοῦ.</span> <span class='ocrx_word' id='word_1_621' title='bbox 3228 3681 3338 3735; x_wconf 73' lang='grc' dir='ltr'>Καὶ</span> <span class='ocrx_word' id='word_1_622' title='bbox 3365 3675 3447 3744; x_wconf 77' lang='grc' dir='ltr'>εἷς</span> <span class='ocrx_word' id='word_1_623' title='bbox 3474 3680 3582 3732; x_wconf 82' lang='grc' dir='ltr'><strong>τῶν</strong></span> <span class='ocrx_word' id='word_1_624' title='bbox 3615 3696 3679 3746; x_wconf 83' lang='grc' dir='ltr'>γε</span> <span class='ocrx_word' id='word_1_625' title='bbox 3689 3680 3819 3750; x_wconf 71' lang='grc' dir='ltr'>ρύνο</span> 
     </span>
    </p>
   </div>
   <div class='ocr_carea' id='block_1_81' title="bbox 2245 3770 3822 3845">
    <p class='ocr_par' dir='ltr' id='par_1_81' title="bbox 2245 3770 3822 3845">
     <span class='ocr_line' id='line_1_83' title="bbox 2245 3770 3822 3845; baseline -0.008 -10"><span class='ocrx_word' id='word_1_626' title='bbox 2245 3799 2351 3836; x_wconf 81' lang='grc' dir='ltr'><strong>των</strong></span> <span class='ocrx_word' id='word_1_627' title='bbox 2389 3779 2557 3834; x_wconf 73' lang='grc' dir='ltr'>ἐλθὼν</span> <span class='ocrx_word' id='word_1_628' title='bbox 2600 3780 2679 3841; x_wconf 86' lang='grc' dir='ltr'><strong>είς</strong></span> <span class='ocrx_word' id='word_1_629' title='bbox 2715 3776 3000 3845; x_wconf 76' lang='grc' dir='ltr'>ἐπίσκεψιν</span> <span class='ocrx_word' id='word_1_630' title='bbox 3042 3773 3228 3839; x_wconf 81' lang='grc' dir='ltr'>αὑτοῦ,</span> <span class='ocrx_word' id='word_1_631' title='bbox 3264 3771 3385 3825; x_wconf 77' lang='grc' dir='ltr'>ἰδών</span> <span class='ocrx_word' id='word_1_632' title='bbox 3425 3770 3585 3825; x_wconf 81' lang='grc' dir='ltr'>αὐτὸν</span> <span class='ocrx_word' id='word_1_633' title='bbox 3629 3772 3715 3834; x_wconf 80' lang='grc' dir='ltr'><strong>είς</strong></span> <span class='ocrx_word' id='word_1_634' title='bbox 3761 3772 3822 3824; x_wconf 79' lang='grc' dir='ltr'><strong>τὸ</strong></span> 
     </span>
    </p>
   </div>
   <div class='ocr_carea' id='block_1_82' title="bbox 2247 3860 3824 3941">
    <p class='ocr_par' dir='ltr' id='par_1_82' title="bbox 2247 3860 3824 3941">
     <span class='ocr_line' id='line_1_84' title="bbox 2247 3860 3824 3941; baseline -0.006 -17"><span class='ocrx_word' id='word_1_635' title='bbox 2247 3871 2555 3941; x_wconf 86' lang='grc' dir='ltr'>χαλάδριον,</span> <span class='ocrx_word' id='word_1_636' title='bbox 2584 3868 3000 3936; x_wconf 80' lang='grc' dir='ltr'>ὲσκανδαλίσθη,</span> <span class='ocrx_word' id='word_1_637' title='bbox 3020 3866 3196 3933; x_wconf 81' lang='grc' dir='ltr'>λέγων</span> <span class='ocrx_word' id='word_1_638' title='bbox 3221 3880 3234 3895; x_wconf 81' lang='grc'>⁶</span> <span class='ocrx_word' id='word_1_639' title='bbox 3276 3860 3443 3927; x_wconf 71' lang='grc' dir='ltr'>Οὗτός</span> <span class='ocrx_word' id='word_1_640' title='bbox 3477 3866 3625 3916; x_wconf 75' lang='grc' dir='ltr'>ἐστιν</span> <span class='ocrx_word' id='word_1_641' title='bbox 3656 3864 3687 3914; x_wconf 91' lang='grc' dir='ltr'>ὁ</span> <span class='ocrx_word' id='word_1_642' title='bbox 3720 3862 3824 3916; x_wconf 73' lang='grc' dir='ltr'><strong>ἀε-</strong></span> 
     </span>
    </p>
   </div>
   <div class='ocr_carea' id='block_1_83' title="bbox 2248 3952 3825 4027">
    <p class='ocr_par' dir='ltr' id='par_1_83' title="bbox 2248 3952 3825 4027">
     <span class='ocr_line' id='line_1_85' title="bbox 2248 3952 3825 4027; baseline -0.006 -13"><span class='ocrx_word' id='word_1_643' title='bbox 2248 3963 2350 4025; x_wconf 82' lang='grc' dir='ltr'><strong>6ἄς</strong></span> <span class='ocrx_word' id='word_1_644' title='bbox 2391 3960 2683 4027; x_wconf 83' lang='grc' dir='ltr'>Ἀρσένιος,</span> <span class='ocrx_word' id='word_1_645' title='bbox 2734 3959 2829 4012; x_wconf 68' lang='grc' dir='ltr'>καὶ</span> <span class='ocrx_word' id='word_1_646' title='bbox 2870 3960 2945 4019; x_wconf 83' lang='grc' dir='ltr'>εἰς</span> <span class='ocrx_word' id='word_1_647' title='bbox 2979 3956 3154 4010; x_wconf 79' lang='grc' dir='ltr'>ταῦτα</span> <span class='ocrx_word' id='word_1_648' title='bbox 3187 3955 3502 4019; x_wconf 84' lang='grc' dir='ltr'>άνάκειται;</span> <span class='ocrx_word' id='word_1_649' title='bbox 3536 3952 3740 4008; x_wconf 76' lang='grc' dir='ltr'><strong>Λαὸὼν</strong></span> <span class='ocrx_word' id='word_1_650' title='bbox 3766 3954 3825 4005; x_wconf 73' lang='grc' dir='ltr'><strong>δὲ</strong></span> 
     </span>
    </p>
   </div>
   <div class='ocr_carea' id='block_1_84' title="bbox 2249 4043 3827 4119">
    <p class='ocr_par' dir='ltr' id='par_1_84' title="bbox 2249 4043 3827 4119">
     <span class='ocr_line' id='line_1_86' title="bbox 2249 4043 3827 4119; baseline -0.006 -13"><span class='ocrx_word' id='word_1_651' title='bbox 2249 4054 2412 4106; x_wconf 74' lang='grc' dir='ltr'>αὐτὸν</span> <span class='ocrx_word' id='word_1_652' title='bbox 2461 4053 2489 4104; x_wconf 84' lang='grc' dir='ltr'><strong>ὁ</strong></span> <span class='ocrx_word' id='word_1_653' title='bbox 2540 4048 2928 4119; x_wconf 81' lang='grc' dir='ltr'>πρεσϐύτερος,</span> <span class='ocrx_word' id='word_1_654' title='bbox 2974 4048 3124 4115; x_wconf 74' lang='grc' dir='ltr'>λέγει</span> <span class='ocrx_word' id='word_1_655' title='bbox 3157 4046 3305 4117; x_wconf 85' lang='grc' dir='ltr'>αύτῷ</span> <span class='ocrx_word' id='word_1_656' title='bbox 3328 4063 3340 4079; x_wconf 80' lang='grc' dir='ltr'><strong>ο</strong></span> <span class='ocrx_word' id='word_1_657' title='bbox 3377 4047 3441 4099; x_wconf 88' lang='grc' dir='ltr'>Τί</span> <span class='ocrx_word' id='word_1_658' title='bbox 3467 4043 3533 4114; x_wconf 80' lang='grc' dir='ltr'>ἦν</span> <span class='ocrx_word' id='word_1_659' title='bbox 3564 4044 3626 4095; x_wconf 74' lang='grc' dir='ltr'>τὸ</span> <span class='ocrx_word' id='word_1_660' title='bbox 3656 4044 3827 4115; x_wconf 77' lang='grc' dir='ltr'>ἔργον</span> 
     </span>
    </p>
   </div>
   <div class='ocr_carea' id='block_1_85' title="bbox 2255 4134 3827 4210">
    <p class='ocr_par' dir='ltr' id='par_1_85' title="bbox 2255 4134 3827 4210">
     <span class='ocr_line' id='line_1_87' title="bbox 2255 4134 3827 4210; baseline -0.007 -14"><span class='ocrx_word' id='word_1_661' title='bbox 2255 4160 2347 4195; x_wconf 79' lang='grc' dir='ltr'><strong>σον</strong></span> <span class='ocrx_word' id='word_1_662' title='bbox 2388 4142 2445 4194; x_wconf 79' lang='grc' dir='ltr'>ὲν</span> <span class='ocrx_word' id='word_1_663' title='bbox 2487 4141 2552 4210; x_wconf 79' lang='grc' dir='ltr'>τῇ</span> <span class='ocrx_word' id='word_1_664' title='bbox 2588 4137 2751 4210; x_wconf 81' lang='grc' dir='ltr'>κώμῃ</span> <span class='ocrx_word' id='word_1_665' title='bbox 2785 4152 2917 4200; x_wconf 83' lang='grc' dir='ltr'>σού;</span> <span class='ocrx_word' id='word_1_666' title='bbox 2948 4135 3107 4202; x_wconf 74' lang='grc' dir='ltr'>Λέγει</span> <span class='ocrx_word' id='word_1_667' title='bbox 3137 4136 3165 4188; x_wconf 84' lang='grc' dir='ltr'>ὁ</span> <span class='ocrx_word' id='word_1_668' title='bbox 3204 4136 3410 4205; x_wconf 79' lang='grc' dir='ltr'>γέρων·</span> <span class='ocrx_word' id='word_1_669' title='bbox 3444 4134 3653 4203; x_wconf 76' lang='grc' dir='ltr'>Ποιμὴν</span> <span class='ocrx_word' id='word_1_670' title='bbox 3688 4150 3827 4203; x_wconf 81' lang='grc' dir='ltr'>προ-</span> 
     </span>
    </p>
   </div>
   <div class='ocr_carea' id='block_1_86' title="bbox 1865 4296 2552 4359">
    <p class='ocr_par' dir='ltr' id='par_1_86' title="bbox 1865 4296 2552 4359">
     <span class='ocr_line' id='line_1_88' title="bbox 1865 4296 2552 4359; baseline -0.012 -1"><span class='ocrx_word' id='word_1_671' title='bbox 1865 4299 2099 4359; x_wconf 69' lang='grc' dir='ltr'><strong>νΑΒΙιΕ</strong></span> <span class='ocrx_word' id='word_1_672' title='bbox 2150 4296 2552 4357; x_wconf 73' lang='lat' dir='ltr'><strong>LECTIONES.</strong></span> 
     </span>
    </p>
   </div>
   <div class='ocr_carea' id='block_1_87' title="bbox 666 4427 3829 4534">
    <p class='ocr_par' dir='ltr' id='par_1_87' title="bbox 666 4427 3829 4534">
     <span class='ocr_line' id='line_1_89' title="bbox 666 4427 3829 4534; baseline -0.012 -16"><span class='ocrx_word' id='word_1_673' title='bbox 666 4474 702 4496; x_wconf 79' lang='grc' dir='ltr'><strong>ἰι</strong></span> <span class='ocrx_word' id='word_1_674' title='bbox 727 4460 972 4534; x_wconf 75' lang='lat' dir='ltr'><strong>Cotelch</strong></span> <span class='ocrx_word' id='word_1_675' title='bbox 992 4457 1101 4534; x_wconf 41' lang='grc' dir='ltr'>τοῦ.</span> <span class='ocrx_word' id='word_1_676' title='bbox 1120 4451 1515 4534; x_wconf 69' lang='grc' dir='ltr'>διορθώσασθαι</span> <span class='ocrx_word' id='word_1_677' title='bbox 1541 4448 1769 4511; x_wconf 79' lang='grc' dir='ltr'>ἑαυτοὺς</span> <span class='ocrx_word' id='word_1_678' title='bbox 1803 4446 1894 4501; x_wconf 74' lang='grc' dir='ltr'><strong>καὶ</strong></span> <span class='ocrx_word' id='word_1_679' title='bbox 1921 4442 2273 4516; x_wconf 79' lang='grc' dir='ltr'>πορευθῆναι,</span> <span class='ocrx_word' id='word_1_680' title='bbox 2298 4449 2401 4495; x_wconf 91' lang='lat' dir='ltr'><strong>etc.</strong></span> <span class='ocrx_word' id='word_1_681' title='bbox 2478 4446 2505 4474; x_wconf 73' lang='grc' dir='ltr'>ιι</span> <span class='ocrx_word' id='word_1_682' title='bbox 2545 4433 2774 4490; x_wconf 90' lang='lat' dir='ltr'><strong>Coteler.</strong></span> <span class='ocrx_word' id='word_1_683' title='bbox 2802 4432 2970 4496; x_wconf 81' lang='grc' dir='ltr'>ἄλλας</span> <span class='ocrx_word' id='word_1_684' title='bbox 3038 4430 3269 4502; x_wconf 88' lang='grc' dir='ltr'>ἀνομίας</span> <span class='ocrx_word' id='word_1_685' title='bbox 3320 4427 3601 4499; x_wconf 78' lang='grc' dir='ltr'>προστιθεῖ</span> <span class='ocrx_word' id='word_1_686' title='bbox 3636 4428 3829 4484; x_wconf 76' lang='grc' dir='ltr'>ὲπάνω</span> 
     </span>
    </p>
   </div>
   <div class='ocr_carea' id='block_1_88' title="bbox 595 4527 1231 4603">
    <p class='ocr_par' dir='ltr' id='par_1_88' title="bbox 595 4527 1231 4603">
     <span class='ocr_line' id='line_1_90' title="bbox 595 4527 1231 4603; baseline -0.017 -12"><span class='ocrx_word' id='word_1_687' title='bbox 595 4536 702 4591; x_wconf 82' lang='grc' dir='ltr'><strong>τῶν</strong></span> <span class='ocrx_word' id='word_1_688' title='bbox 732 4529 1015 4603; x_wconf 84' lang='grc' dir='ltr'>ἁμαρτιῶν</span> <span class='ocrx_word' id='word_1_689' title='bbox 1044 4527 1231 4581; x_wconf 80' lang='grc' dir='ltr'>αὑτοῦ.</span> 
     </span>
    </p>
   </div>
   <div class='ocr_carea' id='block_1_89' title="bbox 2086 4643 2308 4699">
    <p class='ocr_par' dir='ltr' id='par_1_89' title="bbox 2086 4643 2308 4699">
     <span class='ocr_line' id='line_1_91' title="bbox 2086 4643 2308 4699; baseline -0.005 0"><span class='ocrx_word' id='word_1_690' title='bbox 2086 4643 2308 4699; x_wconf 67' lang='lat' dir='ltr'><strong>NOTA‘J.</strong></span> 
     </span>
    </p>
   </div>
   <div class='ocr_carea' id='block_1_90' title="bbox 597 4762 2152 4839">
    <p class='ocr_par' dir='ltr' id='par_1_90' title="bbox 597 4762 2152 4839">
     <span class='ocr_line' id='line_1_92' title="bbox 597 4762 2152 4839; baseline -0.017 1"><span class='ocrx_word' id='word_1_691' title='bbox 597 4787 770 4839; x_wconf 85' lang='lat' dir='ltr'><strong>donec</strong></span> <span class='ocrx_word' id='word_1_692' title='bbox 798 4776 1009 4832; x_wconf 81' lang='lat' dir='ltr'><strong>veniret</strong></span> <span class='ocrx_word' id='word_1_693' title='bbox 1038 4772 1102 4827; x_wconf 88' lang='lat' dir='ltr'><strong>ad</strong></span> <span class='ocrx_word' id='word_1_694' title='bbox 1129 4770 1372 4825; x_wconf 87' lang='lat' dir='ltr'><strong>ordinem</strong></span> <span class='ocrx_word' id='word_1_695' title='bbox 1404 4783 1581 4823; x_wconf 90' lang='lat' dir='ltr'><strong>suum.</strong></span> <span class='ocrx_word' id='word_1_696' title='bbox 1608 4764 1674 4819; x_wconf 88' lang='lat' dir='ltr'><strong>Et</strong></span> <span class='ocrx_word' id='word_1_697' title='bbox 1700 4778 1820 4839; x_wconf 87' lang='lat' dir='ltr'><strong>cum</strong></span> <span class='ocrx_word' id='word_1_698' title='bbox 1853 4762 2152 4831; x_wconf 84' lang='lat' dir='ltr'><strong>accepisset</strong></span> 
     </span>
    </p>
   </div>
   <div class='ocr_carea' id='block_1_91' title="bbox 600 4833 2154 4910">
    <p class='ocr_par' dir='ltr' id='par_1_91' title="bbox 600 4833 2154 4910">
     <span class='ocr_line' id='line_1_93' title="bbox 600 4833 2154 4910; baseline -0.017 0"><span class='ocrx_word' id='word_1_699' title='bbox 600 4852 847 4910; x_wconf 83' lang='lat' dir='ltr'><strong>llduciam</strong></span> <span class='ocrx_word' id='word_1_700' title='bbox 905 4845 1166 4898; x_wconf 86' lang='lat' dir='ltr'><strong>adversus</strong></span> <span class='ocrx_word' id='word_1_701' title='bbox 1222 4840 1576 4910; x_wconf 78' lang='lat' dir='ltr'><strong>cogitationes</strong></span> <span class='ocrx_word' id='word_1_702' title='bbox 1633 4833 2154 4910; x_wconf 76' lang='lat' dir='ltr'><strong>tiialas,_vincebat</strong></span> 
     </span>
    </p>
   </div>
   <div class='ocr_carea' id='block_1_92' title="bbox 599 4903 2154 4981">
    <p class='ocr_par' dir='ltr' id='par_1_92' title="bbox 599 4903 2154 4981">
     <span class='ocr_line' id='line_1_94' title="bbox 599 4903 2154 4981; baseline -0.016 -3"><span class='ocrx_word' id='word_1_703' title='bbox 599 4940 712 4979; x_wconf 89' lang='lat' dir='ltr'><strong>eas.</strong></span> <span class='ocrx_word' id='word_1_704' title='bbox 748 4940 765 4970; x_wconf 73' lang='grc' dir='ltr'><strong>ι</strong></span> <span class='ocrx_word' id='word_1_705' title='bbox 810 4914 1138 4977; x_wconf 86' lang='lat' dir='ltr'><strong>Cotclerius,</strong></span> <span class='ocrx_word' id='word_1_706' title='bbox 1188 4903 1316 4981; x_wconf 55' lang='lat' dir='ltr'><strong>pag:</strong></span> <span class='ocrx_word' id='word_1_707' title='bbox 1346 4909 1472 4974; x_wconf 81' lang='grc'><strong>555,</strong></span> <span class='ocrx_word' id='word_1_708' title='bbox 1504 4908 1596 4961; x_wconf 89' lang='lat' dir='ltr'><strong>illa</strong></span> <span class='ocrx_word' id='word_1_709' title='bbox 1650 4921 1755 4958; x_wconf 92' lang='lat' dir='ltr'><strong>non</strong></span> <span class='ocrx_word' id='word_1_710' title='bbox 1785 4903 1913 4973; x_wconf 85' lang='lat' dir='ltr'><strong>legit</strong></span> <span class='ocrx_word' id='word_1_711' title='bbox 1961 4905 2017 4956; x_wconf 88' lang='lat' dir='ltr'><strong>in</strong></span> <span class='ocrx_word' id='word_1_712' title='bbox 2054 4915 2154 4956; x_wconf 86' lang='lat' dir='ltr'><strong>suo</strong></span> 
     </span>
    </p>
   </div>
   <div class='ocr_carea' id='block_1_93' title="bbox 601 5002 771 5047">
    <p class='ocr_par' dir='ltr' id='par_1_93' title="bbox 601 5002 771 5047">
     <span class='ocr_line' id='line_1_95' title="bbox 601 5002 771 5047; baseline -0.041 0"><span class='ocrx_word' id='word_1_713' title='bbox 601 5002 771 5047; x_wconf 79' lang='lat' dir='ltr'><strong>textu.</strong></span> 
     </span>
    </p>
   </div>
   <div class='ocr_carea' id='block_1_94' title="bbox 673 5040 2155 5127">
    <p class='ocr_par' dir='ltr' id='par_1_94' title="bbox 673 5040 2155 5127">
     <span class='ocr_line' id='line_1_96' title="bbox 673 5040 2155 5127; baseline -0.015 -14"><span class='ocrx_word' id='word_1_714' title='bbox 673 5040 788 5127; x_wconf 50' lang='lat'>(93&#39;)</span> <span class='ocrx_word' id='word_1_715' title='bbox 828 5053 1207 5127; x_wconf 53' lang='lat' dir='ltr'><strong>Prmmittilun</strong></span> <span class='ocrx_word' id='word_1_716' title='bbox 1235 5050 1287 5102; x_wconf 93' lang='lat' dir='ltr'><strong>in</strong></span> <span class='ocrx_word' id='word_1_717' title='bbox 1327 5045 1586 5127; x_wconf 49' lang='lat' dir='ltr'><strong>vrere.</strong></span> <span class='ocrx_word' id='word_1_718' title='bbox 1633 5044 1726 5125; x_wconf 75' lang='lat' dir='ltr'><strong>lib.</strong></span> <span class='ocrx_word' id='word_1_719' title='bbox 1762 5060 1816 5104; x_wconf 73' lang='grc' dir='ltr'><strong>ν,</strong></span> <span class='ocrx_word' id='word_1_720' title='bbox 1868 5042 2036 5127; x_wconf 50' lang='grc' dir='ltr'>ιχδοιι.</span> <span class='ocrx_word' id='word_1_721' title='bbox 2068 5040 2155 5127; x_wconf 62' lang='grc' dir='ltr'>ιδ,</span> 
     </span>
    </p>
   </div>
   <div class='ocr_carea' id='block_1_95' title="bbox 602 5112 2157 5185">
    <p class='ocr_par' dir='ltr' id='par_1_95' title="bbox 602 5112 2157 5185">
     <span class='ocr_line' id='line_1_97' title="bbox 602 5112 2157 5185; baseline -0.013 0"><span class='ocrx_word' id='word_1_722' title='bbox 602 5112 858 5185; x_wconf 73' lang='lat' dir='ltr'><strong>nui...’2;</strong></span> <span class='ocrx_word' id='word_1_723' title='bbox 896 5145 911 5175; x_wconf 83' lang='grc' dir='ltr'><strong>ι</strong></span> <span class='ocrx_word' id='word_1_724' title='bbox 952 5124 1092 5178; x_wconf 69' lang='lat' dir='ltr'><strong>Dixit</strong></span> <span class='ocrx_word' id='word_1_725' title='bbox 1124 5121 1289 5173; x_wconf 84' lang='lat' dir='ltr'><strong>abbas</strong></span> <span class='ocrx_word' id='word_1_726' title='bbox 1333 5119 1538 5181; x_wconf 87' lang='lat' dir='ltr'><strong>Daniel,</strong></span> <span class='ocrx_word' id='word_1_727' title='bbox 1587 5116 1677 5182; x_wconf 90' lang='lat' dir='ltr'><strong>qui</strong></span> <span class='ocrx_word' id='word_1_728' title='bbox 1710 5122 1825 5165; x_wconf 78' lang='lat' dir='ltr'><strong>erat</strong></span> <span class='ocrx_word' id='word_1_729' title='bbox 1858 5112 2157 5180; x_wconf 86' lang='lat' dir='ltr'><strong>discipulus</strong></span> 
     </span>
    </p>
   </div>
   <div class='ocr_carea' id='block_1_96' title="bbox 606 5183 2156 5257">
    <p class='ocr_par' dir='ltr' id='par_1_96' title="bbox 606 5183 2156 5257">
     <span class='ocr_line' id='line_1_98' title="bbox 606 5183 2156 5257; baseline -0.014 -4"><span class='ocrx_word' id='word_1_730' title='bbox 606 5198 816 5254; x_wconf 81' lang='lat' dir='ltr'><strong>abbatis</strong></span> <span class='ocrx_word' id='word_1_731' title='bbox 860 5193 1108 5255; x_wconf 82' lang='lat' dir='ltr'><strong>Arsenii;</strong></span> <span class='ocrx_word' id='word_1_732' title='bbox 1140 5190 1263 5257; x_wconf 84' lang='lat' dir='ltr'><strong>quia</strong></span> <span class='ocrx_word' id='word_1_733' title='bbox 1313 5187 1551 5241; x_wconf 84' lang='lat' dir='ltr'><strong>narravit</strong></span> <span class='ocrx_word' id='word_1_734' title='bbox 1598 5188 1642 5236; x_wconf 84' lang='lat' dir='ltr'><strong>ei</strong></span> <span class='ocrx_word' id='word_1_735' title='bbox 1676 5185 1843 5236; x_wconf 83' lang='lat' dir='ltr'><strong>abbas</strong></span> <span class='ocrx_word' id='word_1_736' title='bbox 1874 5183 2156 5241; x_wconf 78' lang='lat' dir='ltr'><strong>Arsenins,</strong></span> 
     </span>
    </p>
   </div>
   <div class='ocr_carea' id='block_1_97' title="bbox 605 5252 2160 5335">
    <p class='ocr_par' dir='ltr' id='par_1_97' title="bbox 605 5252 2160 5335">
     <span class='ocr_line' id='line_1_99' title="bbox 605 5252 2160 5335; baseline -0.015 -10"><span class='ocrx_word' id='word_1_737' title='bbox 605 5280 873 5335; x_wconf 85' lang='lat' dir='ltr'><strong>tauquam</strong></span> <span class='ocrx_word' id='word_1_738' title='bbox 902 5266 974 5335; x_wconf 81' lang='lat' dir='ltr'><strong>de</strong></span> <span class='ocrx_word' id='word_1_739' title='bbox 1016 5252 1122 5315; x_wconf 86' lang='lat' dir='ltr'><strong>alio</strong></span> <span class='ocrx_word' id='word_1_740' title='bbox 1160 5252 1354 5335; x_wconf 66' lang='lat' dir='ltr'><strong>aliqua</strong></span> <span class='ocrx_word' id='word_1_741' title='bbox 1388 5258 1573 5310; x_wconf 86' lang='lat' dir='ltr'><strong>dicens</strong></span> <span class='ocrx_word' id='word_1_742' title='bbox 1612 5262 1763 5320; x_wconf 83' lang='lat' dir='ltr'><strong>(puto</strong></span> <span class='ocrx_word' id='word_1_743' title='bbox 1790 5264 1989 5335; x_wconf 51' lang='lat' dir='ltr'><strong>lameln,</strong></span> <span class='ocrx_word' id='word_1_744' title='bbox 2020 5252 2160 5318; x_wconf 86' lang='lat' dir='ltr'><strong>quod</strong></span> 
     </span>
    </p>
   </div>
   <div class='ocr_carea' id='block_1_98' title="bbox 606 5319 2162 5396">
    <p class='ocr_par' dir='ltr' id='par_1_98' title="bbox 606 5319 2162 5396">
     <span class='ocr_line' id='line_1_100' title="bbox 606 5319 2162 5396; baseline -0.013 -2"><span class='ocrx_word' id='word_1_745' title='bbox 606 5343 673 5394; x_wconf 88' lang='lat' dir='ltr'><strong>de</strong></span> <span class='ocrx_word' id='word_1_746' title='bbox 714 5319 775 5390; x_wconf 70' lang='lat' dir='ltr'><strong>eo</strong></span> <span class='ocrx_word' id='word_1_747' title='bbox 828 5334 1151 5396; x_wconf 85' lang='lat' dir='ltr'><strong>dicebatur).</strong></span> <span class='ocrx_word' id='word_1_748' title='bbox 1194 5348 1211 5378; x_wconf 78' lang='grc' dir='ltr'><strong>ι</strong></span> <span class='ocrx_word' id='word_1_749' title='bbox 1261 5319 1389 5391; x_wconf 68' lang='lat' dir='ltr'><strong>Qum</strong></span> <span class='ocrx_word' id='word_1_750' title='bbox 1437 5319 1734 5396; x_wconf 18' lang='lat' dir='ltr'><strong>itidem’es</strong></span> <span class='ocrx_word' id='word_1_751' title='bbox 1786 5335 1879 5396; x_wconf 82' lang='lat' dir='ltr'><strong>ore</strong></span> <span class='ocrx_word' id='word_1_752' title='bbox 1929 5319 2162 5373; x_wconf 84' lang='lat' dir='ltr'><strong>Danielis</strong></span> 
     </span>
    </p>
   </div>
   <div class='ocr_carea' id='block_1_99' title="bbox 608 5391 2163 5467">
    <p class='ocr_par' dir='ltr' id='par_1_99' title="bbox 608 5391 2163 5467">
     <span class='ocr_line' id='line_1_101' title="bbox 608 5391 2163 5467; baseline -0.015 -4"><span class='ocrx_word' id='word_1_753' title='bbox 608 5391 911 5465; x_wconf 79' lang='lat' dir='ltr'><strong>referuntur</strong></span> <span class='ocrx_word' id='word_1_754' title='bbox 938 5403 1074 5467; x_wconf 88' lang='lat' dir='ltr'><strong>apud</strong></span> <span class='ocrx_word' id='word_1_755' title='bbox 1105 5391 1336 5454; x_wconf 82' lang='lat' dir='ltr'><strong>Coteler.</strong></span> <span class='ocrx_word' id='word_1_756' title='bbox 1372 5413 1492 5466; x_wconf 76' lang='lat' dir='ltr'><strong>pag.</strong></span> <span class='ocrx_word' id='word_1_757' title='bbox 1518 5395 1639 5467; x_wconf 62' lang='lat'><strong>564.</strong></span> <span class='ocrx_word' id='word_1_758' title='bbox 1676 5391 1953 5467; x_wconf 76' lang='lat' dir='ltr'><strong>lucodice</strong></span> <span class='ocrx_word' id='word_1_759' title='bbox 1978 5400 2163 5467; x_wconf 73' lang='lat' dir='ltr'><strong>nostro</strong></span> 
     </span>
    </p>
   </div>
   <div class='ocr_carea' id='block_1_100' title="bbox 608 5460 2165 5533">
    <p class='ocr_par' dir='ltr' id='par_1_100' title="bbox 608 5460 2165 5533">
     <span class='ocr_line' id='line_1_102' title="bbox 608 5460 2165 5533; baseline -0.012 -3"><span class='ocrx_word' id='word_1_760' title='bbox 608 5460 1021 5533; x_wconf 80' lang='lat' dir='ltr'><strong>membranaceo</strong></span> <span class='ocrx_word' id='word_1_761' title='bbox 1049 5472 1091 5521; x_wconf 85' lang='grc' dir='ltr'><strong>Ο</strong></span> <span class='ocrx_word' id='word_1_762' title='bbox 1136 5484 1236 5522; x_wconf 89' lang='lat' dir='ltr'><strong>ms.</strong></span> <span class='ocrx_word' id='word_1_763' title='bbox 1286 5469 1337 5525; x_wconf 79' lang='grc'><strong>5.</strong></span> <span class='ocrx_word' id='word_1_764' title='bbox 1368 5460 1493 5520; x_wconf 79' lang='lat' dir='ltr'><strong>olim</strong></span> <span class='ocrx_word' id='word_1_765' title='bbox 1530 5464 1742 5528; x_wconf 81' lang='lat' dir='ltr'><strong>collegii</strong></span> <span class='ocrx_word' id='word_1_766' title='bbox 1787 5461 1955 5512; x_wconf 81' lang='lat' dir='ltr'><strong>nostri</strong></span> <span class='ocrx_word' id='word_1_767' title='bbox 1990 5460 2165 5527; x_wconf 75' lang='lat' dir='ltr'><strong>lngol-</strong></span> 
     </span>
    </p>
   </div>
   <div class='ocr_carea' id='block_1_101' title="bbox 609 5536 2164 5609">
    <p class='ocr_par' dir='ltr' id='par_1_101' title="bbox 609 5536 2164 5609">
     <span class='ocr_line' id='line_1_103' title="bbox 609 5536 2164 5609; baseline -0.013 -9"><span class='ocrx_word' id='word_1_768' title='bbox 609 5544 919 5606; x_wconf 78' lang='lat' dir='ltr'><strong>stailiensis,</strong></span> <span class='ocrx_word' id='word_1_769' title='bbox 972 5541 1063 5609; x_wconf 91' lang='lat' dir='ltr'><strong>qui</strong></span> <span class='ocrx_word' id='word_1_770' title='bbox 1097 5541 1161 5593; x_wconf 90' lang='lat' dir='ltr'><strong>ad</strong></span> <span class='ocrx_word' id='word_1_771' title='bbox 1190 5538 1391 5609; x_wconf 68' lang='lat' dir='ltr'><strong>calcem</strong></span> <span class='ocrx_word' id='word_1_772' title='bbox 1439 5536 1723 5609; x_wconf 83' lang='lat' dir='ltr'><strong>inchoatus</strong></span> <span class='ocrx_word' id='word_1_773' title='bbox 1756 5540 1975 5609; x_wconf 55' lang='lat' dir='ltr'><strong>notatur</strong></span> <span class='ocrx_word' id='word_1_774' title='bbox 2021 5545 2164 5581; x_wconf 90' lang='lat' dir='ltr'><strong>anno</strong></span> 
     </span>
    </p>
   </div>
   <div class='ocr_carea' id='block_1_102' title="bbox 609 5600 2165 5677">
    <p class='ocr_par' dir='ltr' id='par_1_102' title="bbox 609 5600 2165 5677">
     <span class='ocr_line' id='line_1_104' title="bbox 609 5600 2165 5677; baseline -0.012 -7"><span class='ocrx_word' id='word_1_775' title='bbox 609 5617 735 5677; x_wconf 66' lang='lat'><strong>829,</strong></span> <span class='ocrx_word' id='word_1_776' title='bbox 796 5600 1023 5666; x_wconf 70' lang='lat' dir='ltr'><strong>habetur</strong></span> <span class='ocrx_word' id='word_1_777' title='bbox 1057 5628 1068 5663; x_wconf 87' lang='lat'><strong>:</strong></span> <span class='ocrx_word' id='word_1_778' title='bbox 1132 5627 1149 5659; x_wconf 79' lang='grc' dir='ltr'><strong>ι</strong></span> <span class='ocrx_word' id='word_1_779' title='bbox 1188 5607 1381 5661; x_wconf 86' lang='lat' dir='ltr'><strong>Beatus</strong></span> <span class='ocrx_word' id='word_1_780' title='bbox 1412 5676 1417 5677; x_wconf 17' lang='grc' dir='ltr'><em>ν</em></span> <span class='ocrx_word' id='word_1_781' title='bbox 1444 5605 1704 5677; x_wconf 79' lang='lat' dir='ltr'><strong>Arsenius</strong></span> <span class='ocrx_word' id='word_1_782' title='bbox 1750 5600 2039 5677; x_wconf 76' lang='lat' dir='ltr'><strong>referebat,</strong></span> <span class='ocrx_word' id='word_1_783' title='bbox 2099 5615 2165 5653; x_wconf 85' lang='lat' dir='ltr'><strong>eo</strong></span> 
     </span>
    </p>
   </div>
   <div class='ocr_carea' id='block_1_103' title="bbox 612 5671 2164 5752">
    <p class='ocr_par' dir='ltr' id='par_1_103' title="bbox 612 5671 2164 5752">
     <span class='ocr_line' id='line_1_105' title="bbox 612 5671 2164 5752; baseline -0.012 -14"><span class='ocrx_word' id='word_1_784' title='bbox 612 5685 779 5752; x_wconf 86' lang='lat' dir='ltr'><strong>quod,</strong></span> <span class='ocrx_word' id='word_1_785' title='bbox 821 5682 1033 5752; x_wconf 86' lang='lat' dir='ltr'><strong>dum_in</strong></span> <span class='ocrx_word' id='word_1_786' title='bbox 1067 5681 1279 5749; x_wconf 85' lang='lat' dir='ltr'><strong>propria</strong></span> <span class='ocrx_word' id='word_1_787' title='bbox 1326 5676 1457 5729; x_wconf 72' lang='lat' dir='ltr'><strong>crlla</strong></span> <span class='ocrx_word' id='word_1_788' title='bbox 1508 5674 1753 5751; x_wconf 77' lang='lat' dir='ltr'><strong>residuos</strong></span> <span class='ocrx_word' id='word_1_789' title='bbox 1783 5671 1946 5731; x_wconf 86' lang='lat' dir='ltr'><strong>viros,</strong></span> <span class='ocrx_word' id='word_1_790' title='bbox 1990 5688 2005 5717; x_wconf 75' lang='grc' dir='ltr'><strong>ι</strong></span> <span class='ocrx_word' id='word_1_791' title='bbox 2036 5679 2164 5733; x_wconf 85' lang='lat' dir='ltr'><strong>ctc.,</strong></span> 
     </span>
    </p>
   </div>
   <div class='ocr_carea' id='block_1_104' title="bbox 617 5739 2170 5816">
    <p class='ocr_par' dir='ltr' id='par_1_104' title="bbox 617 5739 2170 5816">
     <span class='ocr_line' id='line_1_106' title="bbox 617 5739 2170 5816; baseline -0.008 -8"><span class='ocrx_word' id='word_1_792' title='bbox 617 5739 688 5808; x_wconf 76' lang='lat' dir='ltr'><strong>ibi</strong></span> <span class='ocrx_word' id='word_1_793' title='bbox 720 5739 834 5807; x_wconf 71' lang='lat' dir='ltr'><strong>est:</strong></span> <span class='ocrx_word' id='word_1_794' title='bbox 878 5770 895 5801; x_wconf 84' lang='grc'><strong>‹</strong></span> <span class='ocrx_word' id='word_1_795' title='bbox 936 5739 1080 5805; x_wconf 72' lang='lat' dir='ltr'><strong>Vidit</strong></span> <span class='ocrx_word' id='word_1_796' title='bbox 1121 5739 1245 5805; x_wconf 78' lang='lat' dir='ltr'><strong>ante</strong></span> <span class='ocrx_word' id='word_1_797' title='bbox 1296 5758 1504 5816; x_wconf 84' lang='lat' dir='ltr'><strong>portam</strong></span> <span class='ocrx_word' id='word_1_798' title='bbox 1549 5741 1781 5799; x_wconf 82' lang='lat' dir='ltr'><strong>civitatis</strong></span> <span class='ocrx_word' id='word_1_799' title='bbox 1828 5740 1964 5794; x_wconf 88' lang='lat' dir='ltr'><strong>duos</strong></span> <span class='ocrx_word' id='word_1_800' title='bbox 2014 5739 2170 5808; x_wconf 87' lang='lat' dir='ltr'><strong>juve-</strong></span> 
     </span>
    </p>
   </div>
   <div class='ocr_carea' id='block_1_105' title="bbox 613 5830 918 5893">
    <p class='ocr_par' dir='ltr' id='par_1_105' title="bbox 613 5830 918 5893">
     <span class='ocr_line' id='line_1_107' title="bbox 613 5830 918 5893; baseline -0.01 -14"><span class='ocrx_word' id='word_1_801' title='bbox 613 5838 729 5893; x_wconf 89' lang='lat' dir='ltr'><strong>nes,</strong></span> <span class='ocrx_word' id='word_1_802' title='bbox 764 5840 782 5873; x_wconf 78' lang='grc' dir='ltr'><strong>ι</strong></span> <span class='ocrx_word' id='word_1_803' title='bbox 815 5830 918 5877; x_wconf 90' lang='lat' dir='ltr'><strong>etc.</strong></span> 
     </span>
    </p>
   </div>
   <div class='ocr_carea' id='block_1_106' title="bbox 2330 4751 3835 4836">
    <p class='ocr_par' dir='ltr' id='par_1_106' title="bbox 2330 4751 3835 4836">
     <span class='ocr_line' id='line_1_108' title="bbox 2330 4751 3835 4836; baseline -0.007 -24"><span class='ocrx_word' id='word_1_804' title='bbox 2330 4756 2440 4825; x_wconf 68' lang='grc'><strong>(94)</strong></span> <span class='ocrx_word' id='word_1_805' title='bbox 2473 4754 2771 4836; x_wconf 67' lang='grc' dir='ltr'>Χαλάδριον</span> <span class='ocrx_word' id='word_1_806' title='bbox 2811 4764 2868 4836; x_wconf 85' lang='lat' dir='ltr'><strong>et</strong></span> <span class='ocrx_word' id='word_1_807' title='bbox 2909 4751 3218 4836; x_wconf 64' lang='grc' dir='ltr'>χαράξριρν,</span> <span class='ocrx_word' id='word_1_808' title='bbox 3270 4761 3460 4836; x_wconf 61' lang='lat' dir='ltr'><strong>matla,</strong></span> <span class='ocrx_word' id='word_1_809' title='bbox 3508 4751 3697 4836; x_wconf 65' lang='lat' dir='ltr'><strong>pellis,</strong></span> <span class='ocrx_word' id='word_1_810' title='bbox 3751 4759 3835 4809; x_wconf 65' lang='lat' dir='ltr'><strong>vel</strong></span> 
     </span>
    </p>
   </div>
   <div class='ocr_carea' id='block_1_107' title="bbox 2257 4803 3802 4882">
    <p class='ocr_par' dir='ltr' id='par_1_107' title="bbox 2257 4803 3802 4882">
     <span class='ocr_line' id='line_1_109' title="bbox 2257 4803 3802 4882; baseline -0.001 -1"><span class='ocrx_word' id='word_1_811' title='bbox 2257 4803 2437 4882; x_wconf 55' lang='lat' dir='ltr'><strong>lec‘tus</strong></span> <span class='ocrx_word' id='word_1_812' title='bbox 2477 4803 2710 4882; x_wconf 69' lang='lat' dir='ltr'><strong>nellibtis</strong></span> <span class='ocrx_word' id='word_1_813' title='bbox 2736 4803 3034 4878; x_wconf 30' lang='lat' dir='ltr'><strong>instrai‘usr.‘</strong></span> <span class='ocrx_word' id='word_1_814' title='bbox 3056 4803 3697 4876; x_wconf 48' lang='lat' dir='ltr'><strong>Vide&#39;nb’iié‘EOi&#39;éiéﬁi&#39;</strong></span> 
     </span>
    </p>
   </div>
   <div class='ocr_carea' id='block_1_108' title="bbox 2258 4868 3838 4978">
    <p class='ocr_par' dir='ltr' id='par_1_108' title="bbox 2258 4868 3838 4978">
     <span class='ocr_line' id='line_1_110' title="bbox 2258 4868 3838 4978; baseline -0.002 -27"><span class='ocrx_word' id='word_1_815' title='bbox 2258 4900 2361 4978; x_wconf 57' lang='lat' dir='ltr'><strong>79f)</strong></span> <span class='ocrx_word' id='word_1_816' title='bbox 2388 4908 2438 4952; x_wconf 90' lang='lat' dir='ltr'><strong>et</strong></span> <span class='ocrx_word' id='word_1_817' title='bbox 2468 4868 2711 4978; x_wconf 36' lang='lat' dir='ltr'><strong>talos-sar.</strong></span> <span class='ocrx_word' id='word_1_818' title='bbox 2744 4894 2915 4949; x_wconf 54' lang='lat' dir='ltr'><strong>Graec.</strong></span> <span class='ocrx_word' id='word_1_819' title='bbox 2944 4892 3151 4973; x_wconf 73' lang='lat' dir='ltr'><strong>Cangii.</strong></span> <span class='ocrx_word' id='word_1_820' title='bbox 3177 4868 3838 4978; x_wconf 43' lang='lat' dir='ltr'><strong>Certe—apud‘iituruinq‘iie</strong></span> 
     </span>
    </p>
   </div>
   <div class='ocr_carea' id='block_1_109' title="bbox 2259 4962 3839 5047">
    <p class='ocr_par' dir='ltr' id='par_1_109' title="bbox 2259 4962 3839 5047">
     <span class='ocr_line' id='line_1_111' title="bbox 2259 4962 3839 5047; baseline -0.001 -27"><span class='ocrx_word' id='word_1_821' title='bbox 2259 4983 2297 5047; x_wconf 43' lang='lat' dir='ltr'><strong>a-</strong></span> <span class='ocrx_word' id='word_1_822' title='bbox 2318 4968 2524 5020; x_wconf 81' lang='lat' dir='ltr'><strong>Joanne</strong></span> <span class='ocrx_word' id='word_1_823' title='bbox 2562 4965 2846 5047; x_wconf 69' lang='lat' dir='ltr'><strong>Qeomctm</strong></span> <span class='ocrx_word' id='word_1_824' title='bbox 2878 4962 3201 5047; x_wconf 71' lang='lat' dir='ltr'><strong>exprimitur</strong></span> <span class='ocrx_word' id='word_1_825' title='bbox 3220 4977 3312 5031; x_wconf 90' lang='lat' dir='ltr'><strong>per</strong></span> <span class='ocrx_word' id='word_1_826' title='bbox 3342 4962 3489 5016; x_wconf 88' lang='grc' dir='ltr'>κώεα</span> <span class='ocrx_word' id='word_1_827' title='bbox 3520 4963 3571 5016; x_wconf 91' lang='lat' dir='ltr'><strong>in</strong></span> <span class='ocrx_word' id='word_1_828' title='bbox 3597 4962 3839 5034; x_wconf 62' lang='lat' dir='ltr'><strong>sequeno</strong></span> 
     </span>
    </p>
   </div>
   <div class='ocr_carea' id='block_1_110' title="bbox 2262 5033 3082 5107">
    <p class='ocr_par' dir='ltr' id='par_1_110' title="bbox 2262 5033 3082 5107">
     <span class='ocr_line' id='line_1_112' title="bbox 2262 5033 3082 5107; baseline -0.009 -16"><span class='ocrx_word' id='word_1_829' title='bbox 2262 5038 2324 5101; x_wconf 90' lang='lat' dir='ltr'><strong>ti,</strong></span> <span class='ocrx_word' id='word_1_830' title='bbox 2360 5050 2521 5107; x_wconf 88' lang='lat' dir='ltr'><strong>quem</strong></span> <span class='ocrx_word' id='word_1_831' title='bbox 2561 5035 2751 5097; x_wconf 83' lang='lat' dir='ltr'><strong>citant,</strong></span> <span class='ocrx_word' id='word_1_832' title='bbox 2781 5033 3082 5097; x_wconf 79' lang='lat' dir='ltr'><strong>versiculo;</strong></span> 
     </span>
    </p>
   </div>
   <div class='ocr_carea' id='block_1_111' title="bbox 2332 5143 3836 5229">
    <p class='ocr_par' dir='ltr' id='par_1_111' title="bbox 2332 5143 3836 5229">
     <span class='ocr_line' id='line_1_113' title="bbox 2332 5143 3836 5229; baseline -0.006 -28"><span class='ocrx_word' id='word_1_833' title='bbox 2332 5146 2934 5229; x_wconf 42' lang='lat' dir='ltr'><strong>dieugsro-Mpoéridr</strong></span> <span class='ocrx_word' id='word_1_834' title='bbox 2982 5162 3095 5229; x_wconf 49' lang='lat' dir='ltr'><strong>uc“</strong></span> <span class='ocrx_word' id='word_1_835' title='bbox 3115 5144 3255 5225; x_wconf 69' lang='grc' dir='ltr'><strong>ιδών</strong></span> <span class='ocrx_word' id='word_1_836' title='bbox 3283 5144 3380 5229; x_wconf 52' lang='grc' dir='ltr'><em>ἐξίει</em></span> <span class='ocrx_word' id='word_1_837' title='bbox 3415 5143 3636 5197; x_wconf 75' lang='grc' dir='ltr'>κώεσιν</span> <span class='ocrx_word' id='word_1_838' title='bbox 3667 5148 3836 5200; x_wconf 76' lang='grc' dir='ltr'>ὄντα,</span> 
     </span>
    </p>
   </div>
   <div class='ocr_carea' id='block_1_112' title="bbox 2346 5214 3840 5287">
    <p class='ocr_par' dir='ltr' id='par_1_112' title="bbox 2346 5214 3840 5287">
     <span class='ocr_line' id='line_1_114' title="bbox 2346 5214 3840 5287; baseline -0.005 -14"><span class='ocrx_word' id='word_1_839' title='bbox 2346 5214 2680 5287; x_wconf 73' lang='lat' dir='ltr'><strong>l&#39;iluperubat</strong></span> <span class='ocrx_word' id='word_1_840' title='bbox 2705 5218 2978 5270; x_wconf 82' lang='lat' dir='ltr'><strong>Arsem&#39;um</strong></span> <span class='ocrx_word' id='word_1_841' title='bbox 3022 5216 3234 5284; x_wconf 79' lang='lat' dir='ltr'><strong>aliquis,</strong></span> <span class='ocrx_word' id='word_1_842' title='bbox 3260 5214 3435 5267; x_wconf 80' lang='lat' dir='ltr'><strong>videns</strong></span> <span class='ocrx_word' id='word_1_843' title='bbox 3466 5231 3582 5266; x_wconf 83' lang='lat' dir='ltr'><strong>eum</strong></span> <span class='ocrx_word' id='word_1_844' title='bbox 3605 5234 3720 5269; x_wconf 78' lang='lat' dir='ltr'><strong>esse</strong></span> <span class='ocrx_word' id='word_1_845' title='bbox 3751 5237 3840 5269; x_wconf 74' lang='lat' dir='ltr'><strong>sa-</strong></span> 
     </span>
    </p>
   </div>
   <div class='ocr_carea' id='block_1_113' title="bbox 3429 5283 3834 5355">
    <p class='ocr_par' dir='ltr' id='par_1_113' title="bbox 3429 5283 3834 5355">
     <span class='ocr_line' id='line_1_115' title="bbox 3429 5283 3834 5355; baseline 0.007 -17"><span class='ocrx_word' id='word_1_846' title='bbox 3429 5283 3543 5355; x_wconf 80' lang='lat' dir='ltr'><strong>[pcr</strong></span> <span class='ocrx_word' id='word_1_847' title='bbox 3571 5288 3834 5353; x_wconf 78' lang='lat' dir='ltr'><strong>pellibus.</strong></span> 
     </span>
    </p>
   </div>
   <div class='ocr_carea' id='block_1_114' title="bbox 2267 5397 3841 5481">
    <p class='ocr_par' dir='ltr' id='par_1_114' title="bbox 2267 5397 3841 5481">
     <span class='ocr_line' id='line_1_116' title="bbox 2267 5397 3841 5481; baseline 0 -29"><span class='ocrx_word' id='word_1_848' title='bbox 2267 5403 2337 5481; x_wconf 35' lang='grc' dir='ltr'>τοι</span> <span class='ocrx_word' id='word_1_849' title='bbox 2362 5400 2501 5461; x_wconf 79' lang='grc' dir='ltr'>κῶος</span> <span class='ocrx_word' id='word_1_850' title='bbox 2540 5409 2621 5452; x_wconf 78' lang='lat' dir='ltr'><strong>est</strong></span> <span class='ocrx_word' id='word_1_851' title='bbox 2663 5399 2842 5481; x_wconf 43' lang='lat' dir='ltr'><strong>pellis.</strong></span> <span class='ocrx_word' id='word_1_852' title='bbox 2875 5397 3181 5481; x_wconf 61' lang='lat' dir='ltr'><strong>agninach</strong></span> <span class='ocrx_word' id='word_1_853' title='bbox 3212 5398 3371 5478; x_wconf 68' lang='lat' dir='ltr'><strong>ovina</strong></span> <span class='ocrx_word' id='word_1_854' title='bbox 3404 5439 3433 5478; x_wconf 39' lang='lat'><strong>..</strong></span> <span class='ocrx_word' id='word_1_855' title='bbox 3467 5406 3521 5449; x_wconf 84' lang='lat' dir='ltr'><strong>et</strong></span> <span class='ocrx_word' id='word_1_856' title='bbox 3553 5397 3758 5466; x_wconf 85' lang='lat' dir='ltr'><strong>quippe</strong></span> <span class='ocrx_word' id='word_1_857' title='bbox 3791 5399 3841 5451; x_wconf 89' lang='lat' dir='ltr'><strong>ni</strong></span> 
     </span>
    </p>
   </div>
   <div class='ocr_carea' id='block_1_115' title="bbox 2270 5467 3844 5537">
    <p class='ocr_par' dir='ltr' id='par_1_115' title="bbox 2270 5467 3844 5537">
     <span class='ocr_line' id='line_1_117' title="bbox 2270 5467 3844 5537; baseline -0.003 -15"><span class='ocrx_word' id='word_1_858' title='bbox 2270 5473 2502 5523; x_wconf 85' lang='lat' dir='ltr'><strong>aliorum</strong></span> <span class='ocrx_word' id='word_1_859' title='bbox 2533 5468 2937 5537; x_wconf 74' lang='lat' dir='ltr'><strong>qnmlrupeihnn</strong></span> <span class='ocrx_word' id='word_1_860' title='bbox 2960 5471 2982 5519; x_wconf 68' lang='grc' dir='ltr'>’ί</span> <span class='ocrx_word' id='word_1_861' title='bbox 3008 5469 3161 5530; x_wconf 78' lang='grc' dir='ltr'>Κῶος</span> <span class='ocrx_word' id='word_1_862' title='bbox 3193 5469 3354 5521; x_wconf 82' lang='lat' dir='ltr'><strong>etiam</strong></span> <span class='ocrx_word' id='word_1_863' title='bbox 3390 5467 3662 5535; x_wconf 84' lang='lat' dir='ltr'><strong>signilicat</strong></span> <span class='ocrx_word' id='word_1_864' title='bbox 3697 5477 3844 5521; x_wconf 86' lang='lat' dir='ltr'><strong>stra-</strong></span> 
     </span>
    </p>
   </div>
   <div class='ocr_carea' id='block_1_116' title="bbox 2272 5535 3843 5623">
    <p class='ocr_par' dir='ltr' id='par_1_116' title="bbox 2272 5535 3843 5623">
     <span class='ocr_line' id='line_1_118' title="bbox 2272 5535 3843 5623; baseline -0.001 -32"><span class='ocrx_word' id='word_1_865' title='bbox 2272 5542 2477 5623; x_wconf 38' lang='lat' dir='ltr'><strong>gulu‘in.</strong></span> <span class='ocrx_word' id='word_1_866' title='bbox 2535 5535 2589 5591; x_wconf 75' lang='lat' dir='ltr'><strong>lii</strong></span> <span class='ocrx_word' id='word_1_867' title='bbox 2630 5535 2945 5617; x_wconf 70' lang='lat' dir='ltr'><strong>apqgrapho</strong></span> <span class='ocrx_word' id='word_1_868' title='bbox 2995 5538 3248 5623; x_wconf 39' lang='lat' dir='ltr'><strong>hieglica-o</strong></span> <span class='ocrx_word' id='word_1_869' title='bbox 3288 5537 3424 5601; x_wconf 84' lang='lat' dir='ltr'><strong>regis</strong></span> <span class='ocrx_word' id='word_1_870' title='bbox 3479 5535 3727 5623; x_wconf 62' lang='lat' dir='ltr'><strong>Eranciae</strong></span> <span class='ocrx_word' id='word_1_871' title='bbox 3759 5546 3843 5589; x_wconf 87' lang='lat' dir='ltr'><strong>est</strong></span> 
     </span>
    </p>
   </div>
   <div class='ocr_carea' id='block_1_117' title="bbox 2274 5606 3843 5677">
    <p class='ocr_par' dir='ltr' id='par_1_117' title="bbox 2274 5606 3843 5677">
     <span class='ocr_line' id='line_1_119' title="bbox 2274 5606 3843 5677; baseline -0.003 -16"><span class='ocrx_word' id='word_1_872' title='bbox 2274 5610 2484 5669; x_wconf 73' lang='grc' dir='ltr'>εὐτελές</span> <span class='ocrx_word' id='word_1_873' title='bbox 2523 5626 2573 5659; x_wconf 88' lang='grc' dir='ltr'><strong>τι</strong></span> <span class='ocrx_word' id='word_1_874' title='bbox 2601 5608 2825 5677; x_wconf 81' lang='grc' dir='ltr'>στρῶμα</span> <span class='ocrx_word' id='word_1_875' title='bbox 2853 5626 2865 5659; x_wconf 89' lang='lat'>:</span> <span class='ocrx_word' id='word_1_876' title='bbox 2892 5608 3031 5675; x_wconf 90' lang='lat' dir='ltr'><strong>apud</strong></span> <span class='ocrx_word' id='word_1_877' title='bbox 3064 5608 3280 5659; x_wconf 89' lang='lat' dir='ltr'><strong>Surium</strong></span> <span class='ocrx_word' id='word_1_878' title='bbox 3308 5620 3455 5658; x_wconf 88' lang='lat' dir='ltr'><strong>num.</strong></span> <span class='ocrx_word' id='word_1_879' title='bbox 3484 5606 3545 5657; x_wconf 75' lang='lat'><strong>2|</strong></span> <span class='ocrx_word' id='word_1_880' title='bbox 3571 5606 3679 5657; x_wconf 84' lang='lat' dir='ltr'><strong>vile</strong></span> <span class='ocrx_word' id='word_1_881' title='bbox 3702 5616 3843 5659; x_wconf 84' lang='lat' dir='ltr'><strong>stra—</strong></span> 
     </span>
    </p>
   </div>
   <div class='ocr_carea' id='block_1_118' title="bbox 2278 5675 3845 5746">
    <p class='ocr_par' dir='ltr' id='par_1_118' title="bbox 2278 5675 3845 5746">
     <span class='ocr_line' id='line_1_120' title="bbox 2278 5675 3845 5746; baseline 0 -17"><span class='ocrx_word' id='word_1_882' title='bbox 2278 5680 2479 5746; x_wconf 78' lang='lat' dir='ltr'><strong>gulum.</strong></span> <span class='ocrx_word' id='word_1_883' title='bbox 2530 5675 2695 5730; x_wconf 82' lang='lat' dir='ltr'><strong>Porro</strong></span> <span class='ocrx_word' id='word_1_884' title='bbox 2730 5678 3008 5729; x_wconf 81' lang='lat' dir='ltr'><strong>historiam</strong></span> <span class='ocrx_word' id='word_1_885' title='bbox 3042 5678 3182 5731; x_wconf 87' lang='lat' dir='ltr'><strong>hanc</strong></span> <span class='ocrx_word' id='word_1_886' title='bbox 3229 5685 3625 5733; x_wconf 85' lang='lat' dir='ltr'><strong>commemorat</strong></span> <span class='ocrx_word' id='word_1_887' title='bbox 3653 5675 3845 5731; x_wconf 86' lang='lat' dir='ltr'><strong>lauda-</strong></span> 
     </span>
    </p>
   </div>
   <div class='ocr_carea' id='block_1_119' title="bbox 2282 5746 2964 5817">
    <p class='ocr_par' dir='ltr' id='par_1_119' title="bbox 2282 5746 2964 5817">
     <span class='ocr_line' id='line_1_121' title="bbox 2282 5746 2964 5817; baseline -0.001 -15"><span class='ocrx_word' id='word_1_888' title='bbox 2282 5760 2367 5803; x_wconf 89' lang='lat' dir='ltr'><strong>tus</strong></span> <span class='ocrx_word' id='word_1_889' title='bbox 2392 5746 2651 5814; x_wconf 84' lang='lat' dir='ltr'><strong>Coteler.,</strong></span> <span class='ocrx_word' id='word_1_890' title='bbox 2687 5762 2810 5817; x_wconf 80' lang='lat' dir='ltr'><strong>pag.</strong></span> <span class='ocrx_word' id='word_1_891' title='bbox 2840 5748 2964 5802; x_wconf 78' lang='lat'><strong>567.</strong></span> 
     </span>
    </p>
   </div>
  </div>
