3926 6486
161 417 257 476 8‘73

778 412 1055 472 ORATIO
1095 412 1230 472 ΧΙῘ.
1273 437 1341 447 --
1376 413 1754 474 LAUDATIO
1787 414 1845 474 S.
1905 414 2215 474 ARSENII
2258 412 2796 472 ANACIIORET/E.

3294 412 3395 473 871

157 522 332 574 ϐάτων
377 524 542 591 ήμην.
593 509 703 574 Καὶ
755 523 903 589 λέγει
940 523 967 575 6
999 521 1402 592 πρεσϐύτερος
1443 523 1565 586 Πῶς
1598 519 1712 585 οὖν,

1829 523 2102 580 traduxisti
2129 528 2141 578 l
2178 523 2275 579 llic
2299 538 2445 588 vero,
2468 523 2522 576 In
2550 523 2732 578 labore
2763 521 2956 586 multo,
2990 522 3085 587 ait,
3105 531 3160 577 et
3195 539 3395 576 32rqu-

156 611 305 680 φησὶ,
340 611 526 682 διῆγες
555 613 646 664 τὸν
675 611 788 679 βίον
824 629 950 678 σου;
995 612 1053 664 ὐ
1100 613 1157 665 δέ
1204 629 1402 681 φησιν·
1449 613 1535 665 Ἐν
1569 614 1721 682 κόπῳ

155 700 354 771 πολλῷ,
384 701 479 752 καὶ
503 699 706 769 μόχθῳ.
733 700 841 753 Καὶ
860 698 1005 767 λέγει
1031 698 1205 769 αὐτῷ·
1236 701 1344 752 Καὶ
1371 698 1486 762 πῶς
1513 699 1721 766 διάγεις

153 792 355 862 ἀρτίως
403 793 461 842 ἐν
504 791 582 859 τῷ
611 791 807 861 κελλίῳ
840 807 973 856 σονς
1017 791 1074 844 '0
1101 791 1157 844 δὲ
1189 791 1292 862 ἔφη
1314 808 1326 820 ·
1358 791 1550 854 Καλῶς
1587 792 1718 845 ἀνα.-

153 883 418 953 παύομαι.
477 883 583 935 Καὶ
622 882 768 950 λέγει
811 881 961 952 αὑτῴ
1001 884 1029 936 6
1060 872 1458 953 πρεσϐύτερος’
1498 883 1722 946 Βλέπεις

152 974 334 1028 τοῦτον
364 974 455 1026 τὸν
485 973 658 1027 ἁσὸᾶν
696 974 1001 1044 Ἀρσένιονς
1033 974 1214 1045 πατὴρ
1251 974 1514 1043 βασιλέων
1541 973 1723 1044 ὑπῆρ-

153 1083 242 1135 χεν
288 1067 349 1116 ὲν
399 1063 476 1134 τῷ
520 1065 743 1135 κόσμῳ,
793 1066 886 1118 καὶ
935 1064 1093 1134 χίλιοι
1139 1064 1316 1117 δοῦλοι
1369 1064 1722 1135 σηρικοφόροι

154 1152 430 1222 παρέσταν
460 1153 554 1222 (m)
579 1152 726 1223 αὑτῷ
749 1169 762 1182 ·
796 1153 1070 1224 πολύτιμα
1104 1153 1160 1206 δὲ
1192 1155 1488 1224 στρώματα
1514 1154 1722 1208 ὑποκὰ-

153 1263 227 1299 τω
254 1246 427 1298 αὑτοῦ
455 1242 521 1316 ἦν
549 1262 562 1275 ·
613 1245 678 1298 σὺ
711 1245 768 1298 δὲ
814 1246 1017 1317 ποιμὴν
1048 1245 1141 1311 ὢν,
1175 1247 1272 1315 οὐχ
1304 1241 1471 1314 εἶχες,
1514 1246 1581 1316 ἢν
1627 1245 1724 1300 νῦν

155 1335 316 1404 ἔχεις,
349 1337 686 1391 ἀνάπαυσινο
711 1333 986 1401 καὶ.ο’ὗτος
1014 1339 1111 1406 τὴν
1137 1338 1366 1408 τρυφὴν,
1397 1338 1464 1409 ἥν
1494 1332 1640 1408 εἶχεν
1665 1339 1723 1391 ὲν

155 1429 228 1500 τῷ
275 1429 494 1501 κόσμῳ,
536 1424 638 1483 ὧδε
691 1431 790 1484 οὐκ
836 1429 968 1498 ἔχει.
1015 1429 1144 1482 Ἰδοὺ
1192 1424 1306 1494 οὖν,
1349 1430 1412 1482 σὺ
1455 1430 1553 1500 μὲν
1596 1429 1725 1483 ἀνα·

159 1523 326 1592 παύῃ,
390 1521 641 1584 κάκεῖνος
702 1520 963 1574 θλίϐεται.
1015 1521 1073 1574 '0
1122 1520 1178 1574 δὲ
1229 1520 1468 1582 ἀκούσας
1527 1520 1722 1586 ταῦτα,

159 1612 464 1687 κατηνύγη.
501 1612 596 1664 καὶ⁹
645 1610 803 1665 ἔϐαλε
855 1611 1163 1682 μετάνοιαν,
1191 1610 1394 1679 λέγων’
1429 1613 1725 1682 Συγχωρη-

161 1701 249 1754 σόν
280 1719 395 1772 μοι,
427 1701 594 1763 ἀϐϐἅ,
641 1704 958 1773 ἡμάρτηκα,
991 1703 1072 1758 ὅτι
1120 1695 1275 1766 οὗτος
1324 1697 1488 1774 ἦλθεν
1529 1704 1609 1766 εἰς
1636 1702 1726 1755 x6-

161 1809 282 1856 πον,
325 1792 484 1862 κάγὼ
528 1794 610 1856 εἰς
650 1793 987 1848 ἀνάπαυσιν·
1021 1795 1115 1848 καὶ
1145 1792 1445 1866 ὠφεληθεὶς
1487 1794 1516 1847 6
1548 1794 1725 1864 γέρων

159 1885 498 1956 ἀνεχώρησε.

225 1981 335 2029 καθ.
365 1975 556 2045 Τούτῳ
583 1973 662 2044 τῷ
691 1975 946 2047 μακαρίῳ
975 1974 1284 2044 ἐπέστησαν
1315 1975 1362 2027 οῖ
1387 1974 1637 2042 δαίμονες
1665 1975 1724 2026 ἓν

155 2064 229 2133 τῷ
285 2065 505 2133 κελλίῳ,
563 2063 838 2128 θλιϐόντες
873 2064 1053 2120 αὐτόν.
1105 2063 1522 2135 Παραλαϐόντες
1569 2063 1627 2117 δὲ
1676 2063 1725 2116 οἱ

158 2151 533 2212 διακονοῦντες
585 2151 754 2220 αὐτῷ,
803 2153 898 2205 καὶ
940 2153 1161 2215 στάντες
1211 2151 1314 2218 ἔξω
1358 2155 1457 2223 τῆς
1509 2152 1724 2219 κέλλας,

157 2241 401 2309 ἤκουσαν
433 2240 597 2294 αὑτοῦ
626 2241 853 2312 βοῶντος
881 2243 1015 2313 πρὸς
1040 2243 1131 2297 τὸν
1161 2243 1294 2298 Θεὸν
1314 2245 1408 2297 καὶ
1442 2243 1724 2312 λέγοντος·

167 2332 223 2386 '0
262 2333 400 2396 Θεὸς
442 2350 564 2403 μου,
609 2332 683 2404 μὴ
730 2334 1102 2406 ὲγκαταλίπῃς
1142 2352 1210 2406 με
1235 2350 1250 2364 θ
1308 2334 1458 2388 οὐδὲν
1500 2336 1728 2406 ἐποίησα

156 2423 390 2479 ἐνώπιόν
424 2444 517 2480 σου
549 2425 752 2494 ἀγαθόν
779 2444 792 2459 ·
824 2426 958 2480 ἀλλὰ
988 2427 1074 2490 δός
1103 2444 1193 2496 μοι
1217 2425 1357 2480 κατὰ
1379 2427 1476 2495 τὴν
1498 2427 1728 2498 χρηστό-

154 2518 300 2586 τητά
343 2535 438 2571 σου
472 2518 656 2588 βαλεῖν
686 2519 882 2590 ἀρχήν.
920 2517 1232 2586 Πυθομένου
1269 2517 1325 2571 δὲ
1351 2517 1512 2570 αὑτὸν
1539 2517 1726 2587 ἑτέρου

155 2607 390 2678 ἁδελφοῦ
423 2609 655 2662 ἀκοῦσαι
694 2609 851 2678 λόγον
878 2607 1166 2678 ὠφελείας,
1216 2603 1369 2661 εἶπεν
1401 2608 1549 2679 αὐτῷ
1576 2609 1604 2660 6
1630 2608 1727 2675 γέ-

158 2714 300 2767 ρων·
333 2701 475 2770 Ὀση
532 2699 779 2769 δύναμις,
815 2699 1100 2767 ἀγώνισαι,
1143 2700 1230 2755 ἵνα
1263 2703 1296 2772 ἠ
1327 2701 1472 2756 ἔνδον
1518 2717 1616 2755 σου
1639 2701 1729 2771 ὲρ·

153 2789 324 2856 γασῖα
352 2790 497 2844 κατὰ
525 2790 658 2844 Θεὸν
679 2787 736 2865 ᾖ,
763 2791 856 2844 καὶ
878 2792 1122 2863 νικήσεις
1140 2792 1207 2846 τὰ
1234 2793 1340 2858 ἔξω
1366 2793 1700 2863 πάθη.Διηνε
1718 2825 1729 2832 -

153 2881 266 2945 πῶς
295 2876 389 2935 οὖν
418 2883 476 2934 ὲν
515 2883 730 2947 πολλοῖς
759 2882 933 2937 ἔτεσιν
960 2887 988 2938 6
1021 2885 1306 2955 Μακάριος
1346 2885 1472 2946 τοὺς
1501 2885 1729 2956 ἀσκητι-

152 2974 283 3037 κοὺς
308 2974 474 3028 αὐτοῦ
505 2975 742 3044 ἀγῶνας,
769 2976 860 3029 καὶ
889 2976 1172 3040 ἀνάπλεως
1202 2977 1276 3030 ὢν
1312 2977 1509 3040 παντὸς
1535 2994 1730 3048 κατορ-

152 3064 430 3136 θώματος.
453 3067 576 3119 ἐπεὶ
602 3067 892 3137 ἐνέστηκεν
917 3067 945 3119 6
973 3068 1071 3138 τῆς
1100 3067 1484 3138 μεταστάσεως
1515 3067 1726 3139 καιρὸς,

151 3155 461 3225 παρῃνὴνει
486 3154 564 3225 (ιι)
594 3156 706 3217 τοῖς
736 3157 997 3226 μαθηταῖς
1019 3155 1182 3210 αὐτοῦ
1215 3157 1387 3225 λέγων
1407 3173 1420 3188 ο
1454 3158 1544 3228 Μὴ
1569 3175 1730 3229 φρονι-

1825 631 1912 670 na.
1965 616 2103 671 Tum
2136 617 2272 672 alter
2310 630 2542 670 rursus:
2584 613 2648 666 Et
2698 615 2790 683 qui
2844 628 2990 668 nunc
3030 614 3181 682 degis
3217 614 3268 667 in
3303 622 3394 666 tua

1825 707 1992 764 cella?
2052 707 2391 777 Respondit:
2449 705 2746 761 Commode
2790 705 3037 774 quiesco.
3083 703 3150 757 Et
3196 704 3392 756 iterum

1825 801 2105 871 presbyter
2139 818 2151 853 :
2211 799 2369 854 Vides
2399 798 2650 853 abbatem
2697 796 2843 850 hunc
2871 794 3204 850 Arsenium?
3233 794 3394 847 Pater

1825 893 2212 961 imperatorum
2245 899 2362 944 erat
2389 889 2442 942 in
2474 887 2692 952 sarculo,
2724 894 2779 941 et
2811 886 2956 941 mille
2981 884 3171 939 famuli
3204 883 3394 939 sericis

1825 983 1996 1037 induti
2052 981 2303 1037 astabant
2362 980 2441 1044 ei,
2495 981 2731 1049 pretiosa
2784 978 2949 1032 etiam
3000 985 3176 1033 strata
3235 984 3395 1029 erant

1825 1073 2010 1127 subter
2035 1071 2192 1140 ipso:
2227 1079 2282 1124 tu
2314 1083 2444 1124 vero
2467 1073 2571 1123 non
2608 1067 2842 1123 habuisti
2878 1080 3066 1136 paswr
3098 1065 3391 1127 exsistens,

1826 1177 1987 1232 quam
2027 1176 2175 1216 nunc
2207 1161 2393 1225 habes,
2429 1159 2668 1228 requiem
2697 1177 2708 1213 :
2739 1158 2832 1214 sed
2856 1159 2945 1211 ille
2975 1157 3219 1220 delicias,
3254 1168 3394 1224 quas

1828 1249 2016 1305 habuit
2065 1251 2120 1303 in
2146 1249 2368 1310 smeulo,
2423 1247 2511 1302 hic
2564 1262 2672 1301 non
2707 1247 2889 1301 habet.
2920 1243 3051 1298 Vide
3093 1244 3300 1313 igitur;
3335 1253 3392 1297 tu

1825 1340 1993 1410 quieti
2033 1339 2316 1405 indulges;
2363 1339 2453 1393 ille
2498 1353 2626 1393 vero
2657 1337 2964 1392 afﬂictatur.
2999 1335 3210 1402 Quibus
3240 1334 3394 1388 audi-

1828 1433 1918 1499 tis,
1976 1441 2334 1502 compunctus
2383 1439 2487 1495 est,
2520 1444 2583 1485 ac
2612 1443 2839 1499 corpore
2891 1427 3150 1481 inclinato
3178 1424 3388 1479 veniam

1827 1524 1978 1595 petiit
2027 1522 2252 1580 dicens:
2285 1522 2507 1593 Ignosce
2555 1520 2724 1586 mihi,
2785 1520 2945 1585 abba,
2990 1516 3232 1587 peccavi.
3298 1515 3394 1570 llic

1827 1617 1972 1672 venit
2005 1615 2072 1672 ad
2102 1615 2363 1679 laborem,
2390 1624 2443 1668 et
2467 1627 2568 1683 ego
2597 1611 2664 1667 ad
2687 1611 2954 1682 requiem.
2979 1609 3042 1664 Et
3069 1624 3191 1663 cum
3213 1609 3392 1663 fructu

1827 1721 1994 1762 senex
2023 1706 2295 1763 discessit.

1893 1972 1983 2028 21.
2029 1970 2255 2026 Beatum
2306 1970 2418 2039 (95)
2464 1971 2628 2025 istum
2677 1967 2969 2039 aliquando
3010 1967 3064 2020 in
3109 1965 3244 2019 cella
3296 1978 3394 2032 ag-

1826 2061 1999 2132 gressi
2031 2071 2160 2118 sunt
2191 2062 2485 2123 daemones,
2526 2061 2822 2127 atliigcntes
2861 2073 3008 2113 eum.
3061 2055 3396 2110 Accedentes

1827 2163 2008 2210 autem
2029 2154 2122 2225 qui
2145 2154 2524 2211 ministrabant
2552 2153 2674 2223 ipsi,
2690 2160 2745 2208 et
2770 2159 2975 2206 stantes
3000 2158 3152 2204 extra
3177 2147 3393 2220 cellam,

1827 2245 2118 2300 audierunt
2155 2244 2332 2314 ipsum
2382 2243 2707 2300 clamantem
2753 2243 2820 2296 ad
2867 2239 3060 2303 Deum,
3114 2254 3179 2293 ac
3209 2238 3396 2292 dicen-

1828 2344 1976 2391 tem:
2006 2332 2049 2389 Ο
2109 2335 2185 2388 mi
2227 2335 2389 2397 Deus,
2453 2348 2523 2388 ne
2554 2331 2900 2402 derelinquas
2941 2345 3062 2394 me;
3100 2328 3238 2382 nihil
3266 2325 3396 2381 boni

1827 2427 1882 2480 in
1933 2434 2225 2497 conspectu
2260 2435 2357 2479 tuo
2387 2425 2470 2492 egi
2503 2442 2516 2478 :
2560 2423 2652 2479 sed
2681 2423 2749 2478 da
2789 2422 2918 2476 mibi
2965 2427 3186 2491 propter
3241 2415 3394 2472 beni-

1827 2515 2085 2586 gnitatem
2145 2525 2330 2576 tuam,
2380 2521 2441 2568 ut
2492 2512 2693 2583 jaciam
2757 2510 3190 2566 fundamentum.
3257 2507 3394 2560 Dum

1828 2615 2008 2662 autem
2035 2603 2145 2674 (96)
2173 2602 2313 2657 alius
2341 2601 2509 2656 frater
2539 2601 2899 2670 interrogaret
2931 2597 3133 2666 ipsum,
3170 2603 3229 2646 ut
3265 2591 3393 2645 boni

1828 2695 2029 2767 aliquid
2083 2711 2149 2750 ex
2205 2695 2323 2765 ipso
2368 2693 2602 2759 audiret,
2648 2691 2787 2746 dixit
2809 2705 2971 2745 senex
3015 2707 3028 2741 :
3089 2684 3393 2744 Cotitende,

1827 2796 2090 2859 quantum
2122 2794 2292 2856 potes,
2343 2793 2402 2840 ut
2445 2784 2657 2839 interna
2687 2783 2932 2852 operatio
2973 2790 3062 2832 tua
3103 2778 3393 2832 sitsecun-

1827 2881 1956 2937 dum
2016 2877 2208 2942 Deum,
2270 2885 2327 2931 et
2376 2880 2627 2930 externas
2669 2873 3027 2944 appetitiones
3085 2865 3389 2938 superabis.

1829 2970 2123 3041 Postquam
2147 2968 2329 3038 itaque
2357 2966 2548 3022 beatus
2575 2965 2794 3022 assidue
2823 2963 3057 3019 ascetica
3088 2975 3185 3015 sua
3211 2967 3388 3014 certa-

1829 3063 1975 3118 mina
1998 3076 2099 3133 per
2126 3061 2326 3116 multos
2351 3072 2527 3114 annos
2558 3057 2890 3112 enutlasset
2933 3054 3068 3124 (97),
3104 3050 3251 3104 omni
3279 3049 3391 3100 vir-

1830 3163 1942 3209 tute
1993 3153 2106 3223 jam
2146 3152 2360 3222 plenus,
2408 3149 2745 3218 instaretque
2785 3156 2998 3215 tempus
3052 3141 3393 3211 migrationis

152 3245 338 3316 τίσητε
371 3247 546 3298 ποιεῖν
579 3245 800 3312 ἀγάπας
836 3253 863 3282 ο
894 3247 1034 3318 ὑπὲρ
1068 3246 1200 3317 ἐμοῦ
1221 3263 1236 3280 ο
1288 3247 1400 3316 ἐγὼ
1448 3249 1558 3320 γὰρ
1599 3248 1724 3302 εἴτι

1832 3249 1971 3320 ejus,
2004 3248 2326 3303 hortabatur
2358 3244 2654 3312 discipulos
2690 3258 2844 3307 suos,
2874 3241 3060 3296 dicens
3086 3258 3099 3294 :
3132 3237 3209 3292 Ne
3238 3236 3390 3292 solli-

151 3336 387 3405 ἐποίησα
419 3337 645 3408 ἐμαυτῷ
673 3348 722 3404 P,
753 3336 953 3409 ταύτην
982 3338 1090 3409 ἔχω
1132 3338 1332 3408 εὑρεῖν.
1383 3338 1726 3410 Ἐταράχθη-

153 3446 248 3482 σαν
279 3424 375 3482 οὖν
403 3430 450 3482 οι
478 3430 740 3499 μαθηταὶ,
772 3428 1104 3493 ἀκούσαντες
1129 3429 1319 3484 ταῦτα’
1345 3430 1439 3484 καὶ
1460 3430 1607 3498 λέγει
1634 3432 1727 3485 αὖ·

150 3523 293 3583 τοῖς⁶
321 3509 489 3576 Οὔπω
514 3516 644 3592 ἦλθε
670 3522 704 3590 ἠ
736 3519 853 3590 ὥρα
876 3538 889 3552 ο
924 3521 1013 3575 ὅτε
1042 3521 1097 3574 δὲ
1124 3521 1360 3592 ἔρχεται,
1392 3521 1536 3591 λέγω
1561 3524 1689 3591 ὑμῖν
1710 3539 1722 3552 '

153 3611 408 3682 κριθῆναι
441 3612 497 3665 δὲ
528 3611 638 3682 ἔχω
671 3613 790 3683 μεθ’
812 3613 965 3682 ὑμῶν
995 3613 1091 3667 ἐπὶ
1117 3613 1209 3668 τοῦ
1241 3614 1481 3684 βήματος
1522 3621 1596 3684 (ο)
1632 3615 1726 3668 τοῦ

152 3703 416 3776 Χριστοῦ,
455 3705 550 3758 ἐὰν
592 3703 801 3774 δώσητε
830 3705 890 3758 τὸ
917 3705 1167 3774 λείψανον
1199 3706 1301 3776 μού
1347 3724 1474 3762 τινι.
1513 3707 1576 3760 Τί
1609 3703 1722 3771 οὖν,

152 3797 310 3864 φησι,
348 3799 677 3864 ποιήσομενς
725 3796 807 3848 ὅτι
836 3795 936 3849 οὐκ
966 3796 1184 3867 οἴδαμεν
1225 3796 1565 3866 ἐνταφιάσαι.
1619 3799 1725 3850 Καὶ

153 3885 303 3952 λέγει
329 3883 514 3948 αὐτοῖς
544 3887 572 3938 6
593 3886 808 3958 Γέρων·
842 3887 956 3940 Οὐκ
982 3885 1160 3940 οἴδατε
1198 3886 1379 3957 βαλεῖν
1410 3889 1640 3960 σχοινίον
1671 3899 1720 3954 (1,

154 3977 244 4028 καὶ
275 3971 414 4047 ἆραῖ
444 3994 509 4047 με
535 3977 612 4042 εἰς
638 3978 698 4031 τὸ
723 3977 879 4049 δροςς
909 3972 1076 4042 Οὗτος
1095 3979 1150 4033 δὲ
1171 3974 1238 4052 ἦν
1261 3980 1290 4033 6
1317 3980 1473 4049 λόγος
1504 3981 1597 4035 τοῦ
1630 3982 1728 4034 Γέ-

157 4085 377 4136 ροντος’
453 4071 720 4140 Ἀρσένιε,
769 4071 848 4125 διὸ
905 4071 1157 4142 ὲξῆλθεςς
1228 4072 1385 4128 τοῦτο
1442 4078 1724 4146 σημαῖνον.

165 4158 452 4230 Ἐπειπερ,
486 4161 621 4232 φησὶ
653 4161 773 4232 Θεῷ
798 4165 1030 4217 συνεῖναι
1063 4164 1257 4217 σαυτὸν
1280 4164 1537 4234 προέθου,
1563 4163 1726 4219 ἀκλύ-

1827 3343 1919 3397 citi
1945 3341 2080 3414 (98),
2116 3350 2175 3395 ιιι
2199 3354 2400 3410 agapas
2424 3338 2534 3409 (99)
2565 3337 2776 3394 faeiatis
2812 3351 2912 3407 pro
2954 3350 3041 3390 tne
3070 3347 3240 3389 :‘nam
3271 3344 3392 3401 ego.

1826 3433 2094 3503 siquidem
2118 3432 2248 3486 mihi
2278 3430 2406 3496 feci,
2434 3430 2577 3484 illam
2598 3429 2892 3484 inveniam.
2916 3426 3144 3480 Turbati
3164 3437 3294 3492 ergo
3315 3421 3393 3493 (Ι)

1828 3532 1956 3581 sunt
1984 3523 2257 3594 discipuli,
2299 3523 2413 3577 haec
2449 3520 2766 3586 audientes;
2809 3527 2865 3573 et
2896 3517 3035 3572 dixit
3064 3517 3171 3571 illis
3201 3531 3215 3569 :
3242 3511 3394 3568 Non-

1828 3618 1958 3671 dum
1985 3616 2132 3671 venit
2155 3619 2322 3681 hora;
2351 3613 2568 3683 quando
2599 3619 2780 3666 autem
2810 3610 3039 3673 venerit,
3074 3608 3253 3664 dicam
3293 3621 3392 3659 vo-

1832 3710 1938 3765 bis.
1992 3707 2264 3763 Judicium
2305 3707 2450 3760 enim
2499 3703 2781 3759 vobiscum
2824 3703 3010 3758 subire
3054 3701 3227 3755 debeo
3269 3706 3396 3752 ante

1834 3799 2071 3855 tribunal
2141 3797 2364 3862 Christi,
2440 3796 2485 3853 si
2557 3795 2810 3865 cuiquam
2881 3793 3135 3850 dederitis
3194 3805 3396 3859 corpus

1833 3906 2012 3948 meum
2067 3889 2164 3961 (2).
2197 3889 2463 3958 Quidnam
2510 3904 2660 3960 ergo,
2747 3885 3018 3958 inquiunt,
3085 3878 3392 3938 faciemus?

1832 3985 1961 4054 quia
2004 3983 2280 4037 nescimus
2303 3983 2378 4051 (5)
2410 3981 2540 4036 illud
2564 3980 2812 4050 sepelire.
2839 3978 2899 4032 Et
2920 3977 3050 4033 dicit
3079 3976 3159 4031 eis
3187 3988 3350 4030 senex
3379 3990 3391 4024 ε

1831 4075 1948 4129 Νοιι
1995 4074 2169 4128 nostis
2219 4073 2434 4128 mittere
2483 4071 2690 4135 funem,
2719 4080 2774 4126 et
2806 4069 2996 4124 tollere
3045 4082 3130 4123 me
3160 4066 3215 4121 in
3250 4079 3397 4119 nion-

1837 4164 1985 4220 lem?
2033 4163 2167 4218 Illud
2219 4173 2396 4218 autem
2442 4162 2752 4233 frequenter
2800 4160 3138 4230 usurpabat:
3177 4155 3393 4217 Arseni,

1446 4304 1680 4361 VARIE
1742 4301 2143 4360 LECTIONES.

228 4446 258 4478 ο
281 4438 354 4494 al.
380 4438 625 4510 ἀγάπην.
697 4450 726 4489 ι’
749 4440 964 4496 additur
998 4442 1136 4511 apud
1161 4441 1335 4496 Cotel.
1371 4443 1611 4516 ἀγάπην.
1686 4455 1712 4495 (ι
1737 4443 1975 4501 Coteler.
2007 4445 2086 4508 el;
2123 4444 2215 4497 τὸν
2247 4444 2382 4496 πόδα
2415 4460 2538 4512 μου,
2567 4443 2621 4494 in
2643 4441 2826 4510 pedem
2861 4455 3050 4492 meum.

1665 4595 1898 4652 NOTAE.

229 4730 650 4806 (iu)_ﬂapéa_tav
678 4746 774 4800 per
803 4746 1073 4806 syncopen
1104 4746 1201 4806 pro
1231 4733 1600 4806 παρέστησαν.
1655 4733 1820 4788 Paulo
1860 4743 1982 4806 post
2009 4736 2262 4806 occurrit
2298 4737 2604 4805 ἐπέστησαν
2647 4737 2853 4805 absque
2885 4751 3134 4806 syncope.

227 4799 303 4868 (η)
327 4799 814 4874 ⁸ῐΙοιρῃνήνειέριὨ
832 4799 939 4872 quo
969 4799 1238 4874 substitue
1268 4799 1499 4872 παρῄνει
1530 4821 1544 4856 :
1578 4818 1606 4856 a
1641 4799 1924 4874 παραινέω
1968 4805 2092 4869 nisi,
2135 4822 2284 4860 more
2309 4799 2511 4862 Graecis
2542 4806 2670 4860 alibi
2718 4799 2852 4862 satis
2891 4799 3169 4874 familiari,
3198 4813 3389 4860 auctor

161 4885 290 4924 usus
322 4869 488 4942 fuerit
517 4869 970 4942 anadiplosifseu
999 4869 1425 4942 reduplicatio‘n'e
1455 4873 1701 4942 secunda:
1723 4869 1963 4942 syllabae.

196 4943 300 5009 ⁵(ο)
330 4939 569 4994 Cotcler.
608 4941 733 4995 Ἐπὶ⁵
761 4943 853 5003 τοῦ
881 4941 1122 5013 βήματος
1137 4939 1242 4994 τοῦ
1278 4941 1509 5012 φοϐεροῦ
1569 4942 1663 5014 (al.
1701 4939 1959 5013 Χριστοῦ)
1993 4962 2005 5000 :
2051 4954 2173 4999 ante
2214 4946 2539 5000 tremendum
2573 4946 2831 5000 tribunal.

231 5048 502 5173 95%;“.
531 5050 644 5108 PP.
677 5053 772 5109 lib.
797 5069 848 5120 v,
878 5054 1043 5111 libell.
1081 5055 1169 5120 15,
1216 5071 1370 5113 num.
1395 5057 1465 5111 5:
1498 5057 1730 5121 Coteler,

163 5134 278 5189 pag.
317 5121 445 5175 353.

230 5191 347 5256 (96)
397 5188 504 5260 Vit.
544 5187 655 5247 PP.
691 5191 844 5256 ibid.,
881 5193 1048 5248 libell.
1078 5195 1163 5260 11,
1195 5212 1346 5250 num.
1386 5197 1436 5249 1.

229 5262 347 5326 (97)
400 5259 897 5342 Ἐξαντλησαμενος
950 5259 1156 5342 addidi,
1207 5281 1316 5342 quo
1353 5267 1504 5342 fieret
1551 5266 1730 5342 perfe-

163 5341 285 5404 ctus
310 5345 549 5404 sensus;
602 5332 709 5385 nisi
748 5332 885 5387 forte
934 5349 1032 5403 pro
1084 5332 1344 5404 διηνεκῶς
1382 5332 1728 5391 scribendum

164 5400 227 5452 sit
259 5399 584 5465 διενεγκών.

227 5469 342 5537 (98)
391 5469 459 5522 In
500 5468 603 5524 Vit.
648 5469 757 5523 PP.
809 5471 902 5525 lib.
937 5488 991 5532 ν.
1033 5472 1200 5528 libell.
1249 5475 1335 5538 10,
1375 5492 1523 5530 num.
1572 5478 1623 5538 9,
1676 5490 1727 5532 ct

163 5539 301 5661 ﬁgutd
368 5539 606 5594 Coteler.
641 5556 762 5608 pag.
813 5541 916 5596 369
971 5555 1227 5598 narratur
1263 5561 1328 5599 ex
1383 5562 1477 5602 ore
1530 5546 1727 5602 Danie-

228 5679 339 5745 (99)
391 5679 773 5753 ‘Ayana;,_hic
799 5680 1034 5749 intellige
1063 5682 1452 5753 eleemosynas,
1485 5687 1738 5742 refectio-

164 5760 253 5827 nes
289 5765 616 5829 pauperum.
664 5748 794 5803 Vide
826 5748 1118 5817 utrumque
1158 5748 1485 5808 Glossarium
1520 5759 1734 5826 Caugii.

176 5814 272 5870 ιἰι.
341 5818 461 5873 PP.
522 5819 613 5872 ltb.
649 5834 730 5883 ιιι,
789 5835 937 5873 ιιυω.
975 5820 1096 5884 165,
1159 5837 1275 5893 pag.
1328 5824 1431 5878 52-I
1495 5827 1730 5882 habent;

489 5913 756 5973 PATROL.
800 5911 919 5973 Gn.
957 5912 1166 5975 XCIX.

1845 5076 1863 5105 ι
1922 5057 2090 5112 Nemo
2153 5075 2316 5128 super
2379 5076 2465 5114 me
2532 5059 2693 5115 faciat
2763 5060 3121 5122 charitatem,
3185 5057 3288 5112 nisi
3344 5059 3394 5111 in

1837 5129 1948 5250 sltlda
2003 5130 2315 5184 oblatione:
2370 5145 2471 5201 ego
2517 5131 2563 5185 si
2615 5131 2715 5185 feci
2773 5131 3128 5194 charitatent,
3177 5129 3396 5182 invenio

1837 5214 1848 5250 ι
1897 5214 2003 5250 am.
2041 5218 2058 5250 ι

1835 5214 2003 5252 Illalll.
2041 5218 2058 5250 ι

1906 5269 1982 5336 (1)
2013 5268 2068 5322 In
2109 5269 2212 5322 Vit.
2241 5269 2351 5323 PP.
2387 5271 2479 5326 lib.
2515 5285 2599 5333 Ill,
2639 5286 2791 5323 num.
2834 5269 2950 5333 165,
2982 5284 3100 5337 pag.
3130 5267 3398 5338 5237mm-

1836 5340 2112 5392 mlttitur:
2153 5360 2169 5389 ι
2217 5340 2476 5395 Turbatis
2518 5349 2698 5393 autem
2741 5339 3040 5407 discipulis.
3087 5337 3394 5408 quasi’jam

1835 5416 2074 5479 tempore
2106 5413 2517 5479 propinquante.
2559 5428 2576 5458 ι
2631 5409 2696 5464 Ει
2729 5410 2819 5462 lib.
2860 5424 2906 5470 v,
2942 5408 3101 5462 libell.
3131 5407 3393 5479 15,7num.

1833 5477 1906 5530 9:
1953 5498 1968 5528 ι
2009 5477 2117 5542 Qui
2152 5496 2271 5532 cum
2318 5477 2660 5542 imorerctur,
2723 5479 2920 5532 turbati
2980 5487 3108 5531 sunt
3157 5478 3329 5530 valde.
3371 5499 3389 5528 ι

1844 5548 2101 5621 Coteler”
2144 5564 2262 5618 pag.
2293 5550 2416 5616 569,
2449 5550 2726 5621 μέλλοντος
2747 5549 3004 5620 τελευτᾷν
3049 5565 3063 5600 :

1846 5620 2045 5671 riturus
2080 5629 2228 5673 esset.

3124 5547 3256 5600 Cum
3285 5565 3396 5600 mo-

1917 5689 1992 5760 (2)
2047 5688 2146 5741 Vit.
2183 5689 2293 5742 PP.
2337 5709 2354 5740 ι
2395 5689 2450 5742 Si
2498 5689 2850 5760 permiseritis
2877 5688 3130 5757 cuiquam
3162 5686 3230 5741 de
3271 5700 3396 5741 cor-

1845 5773 1974 5828 pOre
2006 5776 2123 5812 meo
2153 5760 2352 5826 aliquid
2387 5761 2582 5813 facere.
2619 5778 2636 5810 ι

1916 5830 1989 5897 (5)
2043 5830 2140 5882 Vit.
2171 5829 2276 5885 PP.
2323 5849 2340 5881 ι
2376 5830 2643 5888 Mortuutn
2673 5828 2868 5884 vestire
2896 5827 2975 5881 vel
3000 5826 3242 5896 sepelire.
3293 5843 3310 5875 ι

2917 5922 2994 5982 28
