3926 6450
517 375 624 438 875

1731 373 1789 432 S.
1821 372 2026 434 ΤΗΕο
2049 373 2230 441 DORI
2265 374 2608 435 STUDlT/E

3690 372 3793 434 876

517 496 687 551 quare
721 476 966 553 [saeculo]
999 495 1250 550 egressus
1282 481 1468 550 95(4)?
1496 480 1605 535 Hac
1644 495 1704 535 re
1735 482 2050 550 signiﬁcans
2082 499 2095 535 :

2230 501 2366 553 ἠτον
2396 487 2486 537 τὸν
2520 485 2643 538 νοῦν
2671 484 2941 556 διατήρει,
2977 472 3062 538 ἵνα
3089 485 3164 555 μὴ
3197 483 3283 538 διὰ
3315 483 3410 555 τῆς
3439 483 3615 556 λήθης
3639 483 3793 544 κενὸς

521 571 813 640 Quoniam,
848 574 1047 632 aiebat.
1107 582 1157 627 te
1179 575 1356 642 ipsum
1411 573 1680 637 obtulisti,
1733 582 1791 627 ut
1823 589 1948 627 cum
1988 571 2098 628 Deo

2230 573 2337 644 νένῃ
2371 573 2464 627 τοῦ
2502 574 2936 643 συναμιλλᾶσθαι
2966 576 3041 645 (ρ)
3063 573 3217 645 Θεῷ.

519 666 840 727 versat-eris,
870 664 1083 720 custodi
1155 676 1388 718 mentem
1432 663 1908 732 imperturbatum,
1947 673 2006 718 ut
2037 679 2133 734 per
2169 664 2499 720 oblivionem
2531 680 2737 722 vacuus
2800 681 2909 722 non
2950 666 3046 721 fias
3085 666 3150 720 ad
3188 665 3627 720 conversandum
3671 678 3793 719 cum

522 759 651 812 Deo.

587 850 678 903 22.
715 848 939 902 Dicebat
971 849 1136 903 etiam
1167 849 1298 904 illud
1333 867 1347 903 :
1388 847 1655 906 Paenituit
1687 851 1833 906 enim
1862 865 1991 906 vero
2022 864 2108 904 me

520 937 718 1008 saepius
743 939 842 1009 (5),
873 938 1111 993 locutum
1171 955 1325 1006 esse;
1361 941 1600 997 tacuisse
1633 957 1763 997 vero
1801 957 2110 1012 nunquam.

522 1026 635 1082 Hoc
696 1028 895 1097 quippe
946 1026 1207 1082 indicavit
1250 1029 1324 1098 (6)
1387 1027 1644 1096 Sanctus,
1710 1046 1806 1100 per
1868 1031 2114 1086 multilo-

521 1120 710 1189 quium
735 1121 933 1189 saepius
973 1120 1272 1183 hominem,
1305 1121 1399 1190 qui
1441 1137 1548 1176 non
1611 1122 1862 1190 attendit,
1898 1133 1955 1177 ut
1981 1137 2116 1178 con-

523 1227 655 1279 grua
693 1210 970 1281 proferat.
1005 1211 1153 1278 labi;
1195 1211 1248 1266 in
1276 1212 1618 1269 calamitates
1677 1215 1864 1284 utique
1926 1215 2117 1270 morti-

524 1298 669 1358 feras
724 1318 789 1358 ac
850 1303 1228 1359 contentiones
1299 1306 1723 1375 praecipitatum.
1776 1307 1933 1374 Quod
1984 1307 2116 1362 dum

525 1410 714 1450 amens
775 1411 879 1450 non
911 1396 1099 1462 sentit,
1131 1396 1451 1465 pmnitentia
1491 1413 1597 1453 non
1621 1399 1862 1464 ducitur,
1892 1399 1988 1456 sed
2016 1400 2120 1455 im-

527 1487 784 1556 pudentia
822 1487 1005 1558 potius
1053 1503 1083 1542 e
1115 1490 1393 1544 contrario
1447 1491 1514 1545 ad
1569 1491 1899 1562 loquendum
1952 1493 2119 1549 robo-

529 1589 680 1634 ratur
719 1589 941 1650 propter
984 1582 1386 1637 contentionem
1435 1584 1658 1638 malitia:
1693 1603 1706 1637 :
1749 1601 1876 1640 nam
1929 1587 2120 1656 pedica

530 1671 704 1726 valida
745 1672 862 1726 viro
901 1683 1029 1729 sunt
1067 1675 1284 1743 prepria
1314 1674 1473 1740 labia,
1503 1684 1557 1729 et
1595 1678 1795 1747 proprii
1844 1679 1955 1734 oris
1999 1693 2122 1734 ver-

531 1763 614 1819 bis
663 1773 936 1833 captatur.
963 1767 1029 1819 At
1058 1767 1379 1833 sapientem,
1425 1775 1479 1820 et
1507 1767 1598 1836 qui
1641 1777 1877 1824 mentem
1917 1784 2123 1840 expur-

532 1862 709 1922 gatam
767 1854 952 1917 habet,
994 1852 1237 1908 locutum
1274 1865 1470 1924 praeter
1523 1857 1572 1911 id
1603 1858 1749 1927 quod
1776 1859 1984 1926 debuit,
2014 1875 2118 1915 sae-

534 1946 656 2014 pius
691 1944 965 2014 ptenituit.
1020 1943 1258 2009 Utinam,
1307 1946 1612 2016 inquiebat,
1639 1963 1950 2004 sermonem
1977 1951 2122 2006 hunc

537 2053 642 2091 non
671 2037 1022 2105 protulissem
1047 2037 1060 2090 !
1095 2035 1173 2090 Ex
1202 2037 1550 2108 Inultiloquio
1573 2040 1718 2093 enim
1755 2054 1862 2094 non
1889 2041 2121 2098 evitabis

536 2139 839 2196 peccatum.
865 2129 992 2184 Ideo
1020 2128 1160 2184 bona
1184 2145 1272 2185 res
1302 2139 1386 2184 est
1415 2141 1781 2200 opportunum
1814 2132 2116 2189 silentium.

535 2219 766 2284 Quando
785 2221 898 2290 jam
952 2223 1113 2277 morti
1171 2231 1288 2278 erat
1333 2223 1643 2295 vicinus(7)
1676 2226 2120 2291 ,viderunteum

540 2313 737 2368 fratres
781 2313 1036 2379 flentem;
1074 2323 1127 2369 et
1170 2314 1361 2369 dicunt
1397 2316 1446 2368 ei
1479 2333 1490 2369 :
1535 2314 1712 2382 Vere,
1749 2333 1818 2372 an
1877 2327 1932 2373 et
1965 2327 2017 2374 tu
2055 2319 2122 2373 ti-

542 2419 676 2466 mes,
726 2402 914 2458 Pater?
973 2403 1324 2473 Respondet:
1385 2405 1537 2473 Vere,
1594 2407 1780 2470 timor,
1818 2409 1910 2478 qui
1973 2423 2123 2464 nunc

541 2509 755 2549 mecum
785 2504 870 2550 est
905 2494 961 2549 in
995 2497 1095 2550 hac
1128 2495 1282 2561 liora,
1324 2511 1536 2550 mecum
1583 2507 1722 2564 erat,
1763 2514 1829 2553 ex
1862 2514 1972 2570 quo
2005 2516 2120 2555 mo-

542 2587 750 2642 nachus
788 2586 964 2642 factus
993 2605 1115 2643 sum
1151 2589 1261 2658 (7*)
1298 2607 1310 2642 :
1345 2598 1396 2643 et
1424 2590 1502 2644 sic
1525 2590 1857 2646 obdormivit
1884 2593 1934 2646 in
1966 2607 2120 2663 pace.

541 2678 700 2733 Certe
746 2679 917 2734 abbas
970 2679 1193 2734 Pmmen
1223 2680 1320 2748 (8),
1361 2680 1545 2734 audita
1584 2683 1758 2751 ipsius
1795 2691 1993 2747 morte,
2046 2684 2124 2737 la-

543 2783 796 2840 crymans
860 2770 1044 2826 dixit:
1121 2771 1321 2826 Beatus
1375 2788 1454 2838 es,
1516 2773 1656 2828 abba
1715 2775 1932 2840 Arscni,
1979 2775 2122 2845 quod

545 2861 775 2930 teipsum
802 2859 995 2916 ﬂevisti
1043 2862 1097 2916 in
1146 2861 1249 2917 hoc
1284 2864 1487 2917 mundo
1517 2882 1530 2917 :
1583 2865 1676 2934 qui
1702 2865 1847 2919 enim
1880 2866 2123 2936 seipsum

547 2953 635 3008 hic
663 2969 770 3008 non
804 2954 917 3019 flet,
957 2955 1011 3009 in
1055 2963 1319 3010 atternum
1363 2956 1474 3010 illic
1506 2955 1695 3012 ﬂebit:
1741 2957 2009 3027 siquidem
2038 2960 2125 3016 hic

547 3046 675 3101 llere
731 3047 1120 3114 voluntarium,
1151 3047 1264 3103 illic
1312 3063 1419 3104 non
1465 3048 1593 3104 ﬂere
1643 3049 1981 3120 impossibile
2043 3063 2130 3111 est

549 3152 660 3206 prae
690 3139 996 3195 tormentis.

2281 846 2386 917 κβ’.
2416 846 2610 916 Ἔλεγε
2637 846 2695 900 δὲ
2747 848 2838 900 καὶ
2868 845 3026 910 τοῦτο
3049 863 3063 878 ·
3104 846 3356 916 Λαλήσας
3387 846 3495 916 γὰρ
3537 846 3800 916 πολλάκις

2217 938 2619 1007 μετεμελήθην,
2672 937 2957 1007 σιωπήσας
3017 937 3074 990 δὲ
3116 936 3392 990 οὐδέποτε.
3441 937 3635 1008 Τούτῳ
3693 939 3800 1012 γὰρ

2214 1029 2485 1099 ἐδήλωσεν
2513 1031 2540 1082 6
2567 1029 2774 1092 Ὅσιος,
2809 1029 2890 1081 ὅτι
2930 1029 2994 1081 ἐκ
3025 1027 3351 1095 πολυλογίας
3380 1028 3670 1092 πολλάκις,
3706 1032 3802 1082 καὶ

2220 1120 2294 1190 μὴ
2348 1119 2742 1188 ἐστοχασμένος
2776 1120 3103 1190 προσφέρειν
3151 1119 3220 1172 τὰ
3264 1118 3611 1189 ἁρμόζοντα,
3649 1121 3804 1174 ἐκπί-

2219 1229 2342 1264 πτει
2377 1215 2404 1265 6
2434 1211 2736 1281 ἄνθρωπος,
2788 1211 2881 1264 καὶ
2935 1211 3030 1263 ἐπὶ
3082 1211 3370 1282 συμφορὰς
3415 1211 3546 1275 ἴσως
3577 1213 3675 1266 καὶ
3711 1213 3804 1266 θα-

2218 1304 2579 1374 νατηφόρους,
2638 1303 2732 1354 καὶ
2785 1301 3151 1370 δικαιολογίας
3209 1302 3650 1374 κρημνιζὸμενος
3693 1320 3704 1332 '
3776 1305 3805 1357 ὃ

2220 1398 2410 1467 ἄφρων
2444 1393 2517 1465 μὴ
2548 1393 2958 1460 αισθανόμενος,
2993 1394 3053 1446 οὐ
3087 1394 3456 1466 μετεμελήθη,
3484 1393 3623 1447 ἀλλὰ
3664 1397 3803 1464 μᾶλ-

2220 1490 2310 1542 λον
2336 1485 2709 1557 ἀναισχυντῶν
2740 1486 2836 1537 ἐπὶ
2865 1485 2925 1538 τὸ
2953 1486 3196 1538 ἐναντίον
3223 1487 3303 1549 εἰς
3326 1486 3384 1539 τὸ
3411 1485 3594 1554 λέγειν
3619 1488 3806 1555 ἀνδρί-

2223 1584 2379 1648 ζεται
2419 1582 2505 1636 διὰ
2548 1579 2664 1652 ἐριν
2703 1580 2899 1644 κακίας
2925 1595 2939 1609 ⁸
2975 1580 3144 1648 παγὶς
3175 1581 3281 1651 γὰρ
3314 1581 3510 1650 ἰσχυρὰ
3547 1579 3708 1650 ἀνδρὶ
3740 1584 3809 1632 τὰ

2223 1676 2332 1728 ῐδια
2357 1673 2535 1744 χείλη,
2565 1672 2658 1725 καὶ
2684 1671 2962 1726 ἁλίσκεται
2991 1673 3233 1744 ῥήμασιν
3263 1672 3391 1724 ἰδίου
3418 1671 3713 1741 στόματος.
3752 1672 3811 1723 '0

2223 1765 2278 1819 δὲ
2308 1765 2544 1835 εὔφρων,
2588 1764 2683 1817 καὶ
2715 1764 2808 1817 τὸν
2836 1763 2962 1817 νοῦν
2985 1762 3394 1833 κεκαθαρμένον
3435 1762 3678 1830 ἐπέχων,
3712 1763 3810 1814 λα-

2147 1889 2197 1951 B
2222 1858 2392 1923 λήσας
2416 1857 2566 1927 παρὰ
2595 1855 2656 1908 τὸ
2677 1855 2814 1919 δέον,
2841 1855 3101 1917 πολλάκις
3129 1853 3491 1925 μετεμελήθη.
3520 1850 3648 1908 Εἴθε
3677 1855 3809 1925 γὰρ,

2226 1953 2381 2022 φησι,
2414 1950 2489 2021 μὴ
2525 1949 2674 2003 τόνδε
2710 1949 2865 2017 λόγον
2902 1949 3304 2020 προεξήνεγκον
3328 1964 3342 1978 ο
3376 1949 3440 2000 ἐκ
3482 1947 3590 2019 γὰρ
3642 1949 3807 1999 πολυο

2223 2043 2411 2112 λογίας
2442 2044 2540 2096 οὐκ
2568 2042 2807 2112 ἐκφεύξῃ
2833 2041 3129 2112 ἁμαρτίαν.
3156 2041 3254 2094 Διὰ
3284 2038 3443 2092 τοῦτο
3473 2040 3644 2094 καλὸν
3669 2042 3704 2110 ή
3733 2041 3818 2093 εὓ-

2223 2153 2416 2206 καιρος
2453 2136 2652 2205 σιωπή.
2699 2136 2786 2198 Ὡς
2809 2135 2865 2188 δέ
2892 2134 3057 2201 ἐγγυς
3083 2128 3150 2204 ἦν
3181 2131 3275 2185 τοῦ
3309 2133 3567 2203 τελευτᾷν
3590 2141 3639 2197 τ,
3673 2127 3816 2184 εἶδον

2224 2231 2387 2284 αὑτὸν
2426 2231 2475 2282 οἱ
2523 2227 2743 2297 ἀδελφοὶ⁵
2774 2226 3053 2292 κλαίοντα,
3083 2226 3178 2278 καὶ
3207 2224 3456 2294 λέγουσιν
3486 2224 3640 2296 αὐτῷ
3660 2239 3674 2252 °
3726 2224 3819 2277 Ἐν

2223 2321 2453 2393 ἀληθεία
2490 2321 2580 2373 καὶ
2613 2321 2676 2372 σὺ
2714 2318 2876 2388 φοϐῇ,
2906 2317 3087 2388 Πάτερ
3112 2334 3126 2383 ;
3154 2317 3264 2371 Καὶ
3284 2317 3432 2387 λέγει
3459 2318 3646 2380 αὐτοῖς
3666 2333 3682 2347 ο
3727 2318 3818 2370 Ἐν

2225 2415 2457 2486 ἀληθεία
2486 2417 2513 2468 6
2542 2413 2705 2482 φόϐος
2740 2414 2767 2464 6
2804 2411 2898 2464 νῦν
2931 2410 3006 2463 ὢν
3036 2411 3154 2481 μετ’
3186 2411 3320 2482 ἐμοῦ
3345 2413 3401 2465 ἐν
3428 2413 3495 2482 τῇ
3527 2410 3651 2481 ὦρᾳ
3678 2412 3815 2464 ταύ-

2223 2527 2314 2580 τῃ,
2347 2509 2464 2579 μετ’
2493 2505 2626 2578 ἐμοῦ
2651 2503 2738 2577 ἦν,
2768 2505 2860 2572 ἀφ’
2890 2497 2950 2556 οὗ
2978 2503 3180 2573 γέγονα
3225 2504 3476 2576 μοναχός·
3507 2503 3606 2556 καὶ
3636 2502 3820 2566 οὕτως

2225 2599 2500 2670 ἐκοιμήθη
2543 2601 2600 2651 ἐν
2632 2599 2847 2670 εἰρήνῃ.
2888 2597 3106 2668 Ἀμέλει
3137 2602 3164 2651 6
3194 2597 3368 2656 assa;
3399 2595 3614 2666 Ποιμὴν
3651 2597 3821 2650 ἀκού-

2229 2709 2328 2754 σας
2350 2694 2426 2746 ὃτι
2451 2691 2745 2763 ἐκοιμήθη,
2778 2690 3053 2762 δακρύσας
3078 2685 3262 2742 εἶπεν·
3288 2689 3575 2758 Μακάριος
3606 2683 3679 2750 εἷ,
3715 2690 3821 2743 ἁδ-

2227 2787 2298 2841 63
2331 2785 2595 2854 Ἀρσένιε,
2627 2784 2710 2836 ὅτι
2741 2781 3012 2843 ἔκλαυσας
3042 2780 3235 2834 σαυτὸν
3259 2781 3317 2831 ἐν
3340 2778 3473 2848 τῷδε
3499 2777 3575 2848 τῷ
3601 2779 3821 2850 κόσμῳ·

2225 2881 2254 2933 6
2283 2881 2392 2951 γὰρ
2433 2879 2507 2950 μὴ
2552 2878 2754 2930 κλαίων
2789 2875 2978 2928 ἐαυτδν
3012 2867 3137 2935 ὦδε,
3169 2871 3404 2933 αἰωνίως
3445 2873 3560 2923 ἐκεῖ
3582 2870 3825 2925 κλαύσε-

2227 2989 2318 3026 ται
2345 2986 2356 2998 ·
2385 2970 2495 3022 εἴτε
2536 2963 2628 3021 οὖν
2662 2960 2765 3020 ὧδε
2795 2963 2939 3029 ἐκὺν,
2967 2961 3077 3015 εἴτε
3117 2961 3234 3014 ἐκεῖ
3260 2959 3368 3014 ἀπὸ
3397 2958 3657 3031 βασάνων
3688 2961 3817 3014 ἀδύ-

2228 3078 2391 3117 νατον
2418 3060 2494 3132 μὴ
2520 3056 2778 3112 κλαῦσαι.

619 3228 707 3283 25.
746 3227 1000 3283 Narravit
1034 3228 1101 3284 de
1125 3228 1244 3300 ipso
1296 3229 1466 3287 abbas
1521 3230 1750 3298 Daniel,
1782 3236 1926 3305 quod
1975 3252 2118 3292 nun-

2296 3254 2402 3316 κγ’,
2429 3240 2736 3313 Διηγήσατο
2786 3236 2841 3290 δὲ
2883 3233 3059 3298 ἁόὀᾶς
3095 3232 3293 3303 Δανιὴλ
3335 3229 3464 3302 περὶ
3511 3230 3716 3300 αὑτοῦ,
3743 3235 3827 3288 ὅτι

548 3333 710 3389 quam
742 3317 885 3387 loqui
908 3319 1141 3373 voluerit
1161 3322 1227 3374 de
1255 3323 1561 3390 quaestione
1592 3325 1773 3394 aliqua
1807 3325 2125 3395 Scriptum,

549 3426 888 3481 quanquam,
931 3410 974 3467 si
1008 3412 1286 3478 voluisset,
1311 3414 1459 3484 loqui
1489 3417 1755 3484 potuisset
1784 3437 1797 3473 :
1830 3419 1924 3473 sed
1951 3435 2128 3489 neque

551 3504 835 3572 epistolam
870 3503 1027 3559 facile
1076 3504 1368 3560 scribebat.
1426 3505 1657 3572 Quando
1698 3518 1879 3565 autem
1926 3526 2020 3580 per
2048 3512 2132 3566 in-

556 3595 778 3649 tervalla
832 3596 1080 3651 veniebat
1143 3597 1208 3652 ad
1252 3597 1560 3662 ecclesiam,
1613 3614 1752 3666 pone
1809 3601 2127 3657 columnam

554 3686 797 3750 sedebat,
831 3696 893 3742 ut
924 3703 1084 3743 nemo
1131 3689 1336 3743 videret
1388 3689 1578 3745 faciem
1614 3692 1755 3759 ejus,
1797 3707 1977 3762 neque
2018 3695 2131 3763 ipse

559 3777 633 3832 rei
690 3778 844 3833 alteri
892 3781 1213 3835 attenderet.
1277 3782 1404 3836 Erat
1457 3782 1639 3836 vultus
1688 3783 1806 3852 ejus
1855 3784 2133 3853 angelicus

560 3875 735 3928 instar
761 3873 968 3940 Jacob;
1010 3884 1127 3930 erat
1184 3876 1299 3945 ipse
1338 3884 1484 3930 totus
1509 3892 1722 3942 canus;
1764 3892 1860 3931 ore
1888 3877 2132 3941 festivus,

556 3965 765 4030 aridus,
817 3975 1025 4022 statura
1070 3981 1352 4036 procerus,
1386 3976 1443 4020 at
1475 3982 1588 4036 pra:
1621 3977 1902 4023 senectute
1942 3968 2135 4023 incur-

559 4073 680 4112 vus.
737 4056 983 4114 Habebat
1025 4059 1246 4113 barbam
1302 4059 1597 4128 prolixam,
1644 4060 1709 4113 ad
1743 4070 1930 4130 pectus
1961 4077 2138 4130 usque

561 4159 868 4217 protensam
904 4168 919 4205 :
967 4152 1060 4222 pili
1104 4161 1285 4205 autem
1324 4151 1612 4207 oculorum
1660 4152 1780 4221 ejus
1811 4169 1920 4223 prae
1970 4155 2140 4208 nmlto

559 4244 686 4296 ﬂetu
728 4243 1069 4301 exciderant.
1129 4241 1277 4300 Obiit
1329 4260 1536 4300 annum
1577 4260 1745 4316 agens
1794 4261 2138 4316 nonagenum

2228 3342 2484 3397 οὐδέποτε
2513 3334 2746 3405 ἠθέλησε
2766 3330 3002 3398 λαλῆσαι
3034 3325 3259 3398 ζήτημα
3291 3325 3391 3396 τῆς
3421 3325 3669 3396 Γραφῆς,
3701 3329 3830 3380 καί-

2232 3450 2338 3503 περ
2390 3431 2690 3498 δυνάμενος
2738 3422 2992 3493 λαλῆσαι,
3039 3421 3088 3474 ει
3133 3419 3360 3491 ἢθελεν·
3395 3419 3508 3474 ἀλλ’
3543 3417 3670 3472 οὔτε
3707 3421 3835 3473 ἐπιο

2235 3524 2430 3593 στολὴν
2459 3520 2670 3589 ταχέως
2707 3515 2967 3586 ἔγραφεν.
3002 3514 3134 3567 Ὅτε
3169 3513 3225 3566 δὲ
3259 3514 3458 3583 ἤρχετο
3484 3513 3564 3573 εἰς
3595 3512 3697 3582 τὴν
3735 3515 3801 3564 ἐκ

2236 3614 2467 3686 κλησίαν
2525 3610 2614 3665 διὰ
2666 3608 2882 3680 χρόνου,
2915 3606 3092 3660 ὀπίσω
3139 3606 3232 3659 τοῦ
3275 3605 3468 3657 στύλου
3515 3603 3833 3667 ἐκαθίζετο.

2241 3707 2330 3760 ἵνα
2364 3703 2554 3775 μηδεὶς
2583 3702 2669 3773 ἴδῃ
2700 3700 2761 3754 τὸ
2791 3699 3080 3770 πρόσωπον
3108 3697 3296 3755 αὐτοῦ,
3331 3697 3405 3765 μή
3443 3711 3502 3746 τε
3531 3694 3698 3753 αὐτὸς
3737 3694 3836 3746 ἄλ-

2238 3797 2333 3850 λου
2363 3796 2605 3865 προσχῇ’
2633 3788 2700 3863 ἦν
2726 3791 2782 3844 δὲ
2816 3789 2876 3842 τδ
2907 3784 3044 3851 εἶδος
3079 3785 3245 3840 αὑτοῦ
3284 3782 3594 3853 ἀγγελικδς,
3636 3781 3836 3850 ὥσπερ

2242 3889 2338 3943 τοῦ
2386 3885 2605 3951 Ἰακὼϐ,
2641 3884 2940 3946 ὁλοπόλιος,
2967 3880 3184 3941 ἀστεῖος
3223 3875 3300 3946 τῷ
3332 3875 3559 3944 στόματι
3585 3883 3633 3936 ο,
3665 3872 3837 3942 ξηρὸς

2241 3977 2300 4032 δὲ
2339 3976 2552 4046 ὑπῆρχε
2597 3974 2694 4028 καὶ
2747 3971 2979 4042 μακρὸς,
3014 3968 3127 4024 ἀλλ’
3152 3965 3441 4038 ἐκυρτώθη
3469 3964 3578 4018 ἀπὸ
3607 3962 3702 4016 τοῦ
3735 3964 3839 4032 γή-

2249 4085 2375 4139 ρως.
2403 4063 2562 4138 Εἴχεν
2588 4065 2643 4119 δὲ
2669 4063 2759 4118 τὸν
2789 4062 3026 4131 πώγωνα
3060 4060 3256 4131 μέγαν,
3291 4058 3562 4126 φθάνοντα
3595 4055 3702 4118 ἕως
3735 4055 3840 4121 τῆς

2247 4159 2488 4222 κοιλίαςο
2529 4160 2581 4212 αἱ
2630 4159 2688 4213 δὲ
2737 4157 2924 4227 τρίχες
2971 4153 3080 4207 τῶν
3110 4149 3406 4222 ὀφθαλμῶν
3433 4149 3598 4204 αὑτοῦ
3633 4147 3839 4200 ἔπεσον

2253 4249 2361 4304 ἀπὸ
2387 4248 2481 4302 τοῦ
2513 4247 2708 4302 πολλοῦ
2737 4245 3016 4316 κλαυθμοῦ
3034 4260 3048 4275 ’
3073 4243 3300 4313 τελευτᾷ
3329 4242 3347 4278 ί
3374 4239 3447 4293 ’δέ
3480 4238 3617 4292 ἐτῶν
3649 4239 3840 4306 ἐνενή-

1891 4387 2124 4442 νΜὶΗΕ
2167 4389 2576 4448 LECTIONES.

675 4508 695 4535 τ
722 4497 790 4551 al.
823 4495 1056 4566 ἤμελλεν
1098 4499 1453 4569 παραδιδόναι
1503 4499 1564 4552 τὸ
1598 4499 1831 4570 πνεῦμα.

1949 4509 1969 4535 ⁸
2003 4501 2238 4559 Coteler.
2285 4503 2520 4575 σώματι.
2606 4509 2619 4541 ί
2652 4505 2889 4559 Coteler.
2924 4502 3160 4569 ἐγένετο.

2100 4616 2333 4674 ΝΟΤιίΕ.

639 4719 710 4783 (p)
741 4710 1198 4790 Συναμιλὶᾶσθαι,
1250 4708 1392 4776 quod
1417 4717 1533 4761 erat
1567 4707 1634 4790 ιιι.
1651 4717 1840 4790 nostro
1882 4711 2216 4790 apographo,
2265 4726 2432 4790 quam
2474 4711 2562 4766 hic
2591 4713 2725 4790 satis
2759 4713 2824 4790 ad
2859 4710 3196 4790 propositum
3241 4707 3423 4790 faciat,
3474 4719 3582 4787 non
3621 4706 3784 4760 video
3827 4727 3840 4762 :

569 4776 822 4843 est'enim
857 4776 971 4835 cum
1009 4782 1185 4848 aliqua
1222 4788 1545 4850 concertare.
1593 4776 1779 4831 Melius
1828 4781 2061 4846 quadrat
2093 4780 2520 4850 συνομιλεῐσθαι,
2556 4791 2613 4836 ιιι
2653 4783 2744 4837 hic
2781 4776 3091 4838 sit'versari
3134 4793 3259 4833 cum
3293 4778 3401 4832 Deo
3435 4794 3447 4830 :
3486 4777 3681 4847 sicque
3711 4793 3842 4834 cons

569 4860 715 4929 gruit
751 4854 827 4924 τῷ
859 4853 1116 4915 συνεῖναι,
1149 4848 1292 4918 quod
1319 4849 1594 4917 praecedit.

645 4951 719 5018 (ι)
771 4947 873 5000 l'it.
897 4944 1018 5019 PP.
1057 4963 1081 5019 ε
1121 4940 1213 5019 llle
1243 4949 1424 5019 autem
1458 4954 1640 4995 sermo
1685 4951 1901 5019 semper
1937 4946 2053 5018 erat
2085 4938 2138 4992 in

573 5009 669 5075 ore
700 5009 930 5072 Arsenii.
974 5034 990 5065 ι
1046 5013 1201 5079 Quod
1241 5011 1404 5066 etiam
1447 5025 1556 5079 prae
1586 5009 1759 5063 oculis
1793 5010 1981 5079 habuit
2014 5026 2142 5063 san-

2248 4951 2424 4997 marte
2453 4944 2734 5012 adjecerit,
2763 4944 2846 4998 vel
2874 4940 3090 4996 aliunde
3117 4938 3277 4992 fuerit
3300 4946 3584 5012 mutuatus
3612 4951 3846 4996 sanctus

2255 5008 2571 5068 Theodorus
2607 5014 2842 5076 Sluditu,
2865 5028 3026 5081 quam
3059 5025 3158 5064 nec
3181 5008 3325 5077 apud
3348 5008 3709 5075 Cotelerium,
3743 5027 3851 5067 nec

573 5102 695 5146 ctus
730 5077 1084 5154 Eutliymius,
1115 5093 1172 5136 ut
1203 5090 1418 5154 constat
1449 5077 1518 5135 ex
1547 5079 1669 5154 Vita
1703 5080 1821 5154 ejus
1848 5079 1918 5131 20
1943 5077 2144 5154 Janua-
2252 5085 2305 5138 in
2349 5084 2455 5137 γει,
2490 5084 2603 5138 ΡΙ),
2647 5087 2733 5140 hic
2766 5077 3000 5152 reperio.

575 5162 663 5224 rii,
696 5174 816 5230 pag.
849 5147 992 5230 5⁷11ζ
1017 5170 1174 5230 nu_m._
1216 5152 1302 5207 59.
1352 5151 1587 5230 Sanctus
1615 5149 1939 5230 Dorotbeus.
1968 5151 2149 5230 arclri:
2284 5225 2294 5230 _
2326 5154 2401 5223 (7)
2448 5156 2551 5208 Vit.
2591 5155 2704 5209 PP.
2739 5175 2756 5206 ι
2785 5147 2920 5209 Cum
2974 5163 3156 5208 autem
3218 5147 3518 5205 traditurus
3550 5158 3698 5206 esset
3733 5151 3853 5221 spi-

580 5220 868 5288 man'drita,
901 5243 927 5279 ιι
955 5225 1216 5280 Corderio
1258 5233 1443 5275 nostro
1475 5223 1674 5281 editus,
1708 5220 2053 5274 institutione
2082 5220 2146 5272 lO
2253 5220 2437 5282 ritum.
2473 5248 2489 5276 ι
3327 5285 3333 5289 .

581 5304 659 5354 sic
687 5299 884 5382 habet:
926 5314 958 5382 ιι
998 5295 1263 5376 Arsenius
1312 5292 1612 5382 abbassliboi
1645 5292 1769 5382 ipse
1799 5290 2155 5382 assidue}:
2276 5297 2456 5382 “(7“)”
2494 5298 2596 5382 'Vit.
2773 5297 3057 5382 addunt“:
3099 5317 3138 5382 ,ι
3179 5298 3246 5351 Et
3299 5292 3851 5382 timeoivﬂdfifﬁd

582 5371 863 5424 culcabat:
914 5366 1108 5419 Arseni
1152 5379 1321 5431 quare
1354 5362 1607 5416 exivisti?
1645 5359 1755 5415 Nos
1808 5371 1915 5413 tam
1953 5362 2157 5431 perdth
2259 5359 2397 5424 die‘m
2421 5359 2458 5422 '3
2485 5368 2729 5422 Januarii
2773 5369 2823 5419 in
2861 5365 2977 5419 vim
3005 5366 3062 5420 Β,
3098 5367 3378 5422 Laurentii
3424 5363 3721 5419 ,ιυειίηίδιιί
3755 5378 3854 5431 pa.

584 5439 840 5495 socordes
872 5451 1084 5508 sumus.
1123 5430 1180 5508 ut
1223 5447 1402 5498 neque
1441 5435 1698 5508 sciamus,
1727 5445 1897 5508 quare
1928 5430 2160 5508 exiveri-

585 5527 731 5572 mus,
783 5524 955 5576 neque
1012 5505 1398 5576 intelligamus,
1445 5504 1575 5569 quid
1624 5504 1720 5576 sit,
1747 5500 1892 5568 quod
1925 5500 2164 5576 volueri-

591 5571 732 5635 mus.
779 5571 1120 5645 Quapropter
1168 5571 1274 5627 non
1315 5571 1492 5627 solum
1537 5572 1872 5643 proficimus,
1902 5572 1998 5626 sed
2030 5585 2166 5624 sem-

590 5668 684 5721 per
722 5649 1088 5722 allligimur.)
1217 5712 1247 5722 ﬁ
1625 5712 1635 5722 _
1710 5712 1719 5722 _

666 5721 739 5784 (Si)
809 5709 913 5772 Vit.
979 5715 1093 5770 PP.
1156 5712 1440 5785 «Semper
1493 5712 1797 5784 paenituit:
1842 5731 1860 5763 ι
1926 5709 2165 5766 Coteler.

599 5808 748 5853 δουναι.
795 5858 830 5861 Δ
1130 5856 1138 5861 Δ
1430 5856 1440 5861 _
1583 5857 1592 5861 _
1888 5853 1899 5861 _
2121 5851 2130 5861 _

672 5868 743 5929 ω)
793 5858 939 5914 llanc
980 5856 1268 5913 asceticam
1321 5856 1759 5924 explanationem
1822 5853 1902 5910 vel
1950 5853 2169 5922 prOprio

2263 5441 2515 5495 triarchaa
2569 5437 2780 5500 Veneti,
2811 5452 2930 5506 cap.
2978 5437 3066 5500 10,
3103 5455 3224 5561 νοῇ
3258 5438 3384 5518 561..
3420 5437 3489 5489 de
3523 5433 3643 5516 ipso
3677 5435 3853 5514 mori-

2264 5521 2387 5561 turo
2436 5510 2686 5561 dicitur:
2749 5526 2767 5560 ι
2817 5508 2872 5560 In
2925 5508 3120 5561 fiducia
3227 5522 3490 5561 acartum.
3544 5519 3598 5557 In
3654 5512 3853 5557 timore

2264 5521 2387 5564 turo
2436 5510 2686 5563 dicitur:
2749 5526 2767 5560 ι
2817 5508 2872 5560 In
2925 5506 3120 5562 fiducia
3172 5506 3490 5570 Macarium,
3544 5506 3598 5557 in
3654 5506 3854 5557 timore

2266 5581 2555 5634 Arsenium
2626 5577 2866 5632 referens
2920 5594 2933 5631 :
2993 5580 3133 5633 inter
3187 5590 3482 5646 utrumque
3548 5575 3853 5646 incedens,

2269 5660 2329 5705 ut
2356 5666 2481 5704 cum
2531 5649 2726 5704 liducia
2778 5658 3062 5715 metueret,
3108 5665 3207 5705 nec
3238 5649 3357 5703 sine
3385 5645 3582 5702 timore
3612 5645 3853 5699 conlide-

2278 5729 2380 5776 ret.
2420 5740 2437 5771 ι

2349 5793 2427 5860 (8)
2477 5793 2549 5845 Dc
2605 5806 2669 5844 co
2715 5789 3153 5844 Commentarius
3208 5789 3479 5859 praevius;
3526 5789 3618 5854 qui
3653 5785 3707 5840 in
3745 5784 3851 5837 Vir.

2283 5864 2394 5918 PP.
2421 5875 2642 5920 meatur
2688 5862 2970 5923 Pastor,id
3000 5863 3143 5917 enim
3197 5861 3399 5929 ποιμὴν
3440 5861 3629 5913 lira-cc
3672 5864 3854 5911 sonat.
