3926 6494
199 499 264 561 77
793 495 1073 556 ORATIO
1106 497 1240 556 XII.
1279 522 1346 532 -
1381 492 1760 558 LAUDATIO
1798 492 1856 551 S.
1904 493 2218 553 ARSENII
2259 488 2798 554 ANACHORETE.

3315 488 3414 552 878

166 622 328 659 κοντα
361 603 526 657 πέντε
550 619 564 635 °
598 603 852 675 ἐποίησεν
895 605 952 659 δὲ
991 606 1069 668 είς
1101 608 1162 658 τὸ
1196 606 1455 660 παὶάτιον
1499 605 1593 658 τοῦ
1638 604 1735 673 τῆς

1840 603 2112 670 quintum.
2139 602 2336 658 Mansit
2368 617 2529 672 porro
2565 601 2616 655 in
2640 600 2840 670 palatio
2867 598 3214 669 imperatoris
3238 597 3413 655 Theo-

165 697 316 760 Θείας
347 696 571 766 μνήμης
600 695 881 748 Θεοδοσίου
911 695 1004 749 τοῦ
1035 696 1271 765 μεγάλου
1298 698 1400 758 ἕως
1422 696 1516 749 τοῦ
1545 713 1738 748 τεσσα-

165 785 431 855 ρακοστοῦ
474 786 631 850 ἔτους
660 787 760 857 τῆς
789 787 953 841 αὑτοῦ
980 788 1219 858 ἡλικίας,
1250 789 1344 842 καί
1385 791 1441 842 ὲν
1472 779 1538 858 τῇ
1572 788 1737 857 Σκῆτι

162 879 253 948 ἔτη
280 884 355 949 μ’,
384 879 478 931 καὶ
505 878 637 932 δέκα
672 879 750 942 είς
781 878 974 950 Τρὼην
1005 881 1101 950 τῆς
1128 879 1238 933 ἄνω
1264 879 1581 942 Βαϐυλῶνος
1608 898 1738 933 κατ-

163 971 344 1022 έναντι
378 971 686 1039 Μέμφεως·
718 969 812 1024 καὶ
853 971 946 1040 ἔτη
993 977 1040 1038 γ’
1084 973 1164 1034 είς
1200 972 1289 1024 τὸν
1333 971 1600 1024 Κάνωπον
1637 972 1738 1041 τῆς

174 1061 602 1132 Ἀλεξανδρείας,
658 1063 752 1114 καὶ
789 1061 921 1116 ἄλλα
971 1062 1064 1114 δύο
1109 1061 1203 1132 ἐτη
1251 1058 1414 1133 ἦλθεν
1451 1062 1610 1116 πάλιν
1657 1065 1736 1126 είς

162 1154 380 1224 Τρὼην,
412 1156 505 1208 καὶ
536 1156 656 1208 ἐκεῖ
680 1154 968 1225 ἐκοιμήθη,
1001 1154 1225 1218 τελέσας
1252 1167 1280 1194 ιι
1319 1158 1377 1208 ὲν
1421 1157 1612 1228 εἰρήνῃ
1642 1156 1737 1208 καὶ

162 1245 313 1315 φόϐῳ
335 1244 472 1298 θεοῦ
496 1244 587 1298 τὸν
607 1245 805 1314 δρόμον
828 1245 993 1298 αὑτοῦ
1016 1261 1028 1274 ·
1052 1246 1133 1299 ὅτι
1156 1242 1223 1317 ἦν
1248 1246 1383 1317 ἀνὴρ
1410 1248 1613 1315 ἀγαθὸς
1643 1248 1736 1302 καὶ⁵

162 1337 375 1409 πλήρης
407 1335 721 1406 Πνεύματος
757 1336 932 1404 ἁγίου,
964 1338 1058 1390 καὶ
1081 1339 1337 1402 πίστεως.
1375 1339 1646 1392 Κατέλιπε
1677 1337 1733 1392 δέ

165 1446 252 1497 μοι
283 1429 380 1482 τὸν
419 1429 626 1498 χιτῶνα
669 1429 832 1487 αὐτοῦ
863 1428 956 1481 τὸν
991 1429 1333 1500 δερματινδν,
1369 1433 1460 1487 καὶ
1495 1433 1734 1502 τρίχινον

160 1522 386 1590 κάμισιν
414 1519 628 1586 λευκὸν,
660 1520 750 1572 καὶ
782 1520 1036 1574 σανδάλια
1064 1522 1340 1575 σεόἐννινα
1365 1533 1413 1586 ν,
1446 1525 1536 1576 καὶ
1568 1523 1676 1590 ἐγὼ
1705 1525 1734 1576 ό

160 1609 374 1672 ἀνάξιος
404 1607 638 1678 ὲφόρεσα
663 1605 823 1673 αὐτὰ,
855 1609 1001 1671 ὅπως
1029 1609 1328 1680 εὖλογηθῶ.
1362 1611 1532 1664 Τοῦτο
1561 1611 1621 1664 τὸ
1645 1613 1735 1665 πέ-

161 1717 255 1769 ρας
286 1699 382 1752 τοῦ
414 1699 532 1768 βίου
571 1699 664 1752 τοῦ
695 1700 983 1770 Μακαρίου
1025 1701 1322 1771 Ἀρσενίου,
1351 1702 1425 1765 ὼς
1451 1704 1507 1756 ὲν
1532 1703 1735 1770 ὀλίγοις

155 1793 209 1844 δὲ
246 1792 606 1862 διηγημὲνον,
639 1792 700 1845 οὐ
731 1791 871 1845 κατὰ
909 1792 971 1844 τὸ
1001 1792 1208 1862 πλῆθος
1249 1793 1357 1848 τῶν
1390 1795 1735 1864 ἀξιαγάστων

158 1883 322 1936 αὐτοῦ
361 1884 702 1955 πρακτικῶν,
731 1883 866 1938 ἀλλὰ
896 1886 1038 1939 κατὰ
1067 1885 1127 1938 τὸ
1154 1885 1356 1955 φθᾶσαι
1389 1887 1733 1959 βραχυμερὲς

156 1977 343 2046 γραφῇ
401 1975 775 2045 παραδοθῆναι
833 1976 986 2046 παρὰ
1047 1977 1157 2029 τῶν
1217 1977 1377 2030 ὁσίων
1433 1979 1720 2048 γερόντων.

165 2055 359 2137 Ἡμεῖς
384 2067 443 2120 δὲ
465 2068 561 2120 καὶ
584 2067 650 2120 τὰ
679 2068 807 2135 περὶ
827 2067 1036 2122 ἑαυτῶν
1061 2068 1353 2139 ληψόμενοι
1377 2079 1423 2134 κ,
1452 2072 1552 2125 οὐκ
1569 2074 1726 2144 ὀκνή-

157 2177 324 2230 σομεν
363 2159 540 2230 τόλμῃ
560 2159 834 2231 χρώμενοι
859 2161 1159 2231 προσθῆναί
1183 2178 1236 2215 τι
1260 2163 1372 2226 τοῖς
1391 2165 1725 2235 εἰρημένοις,

153 2251 251 2321 τῆς
294 2249 397 2319 μὲν
438 2248 848 2319 πενιχρολογίας
887 2249 1044 2319 ἡμῶν
1076 2250 1329 2321 δήλωσιν,
1359 2251 1453 2306 τοῦ
1491 2253 1548 2305 δὲ
1591 2255 1729 2319 πρὸς

154 2343 242 2394 τὸν
274 2343 472 2410 ’Δγιον
511 2341 676 2393 πόθου
700 2339 1120 2413 ἀποπλήρωσιν.

226 2603 326 2658 κδ’.
375 2605 473 2668 Τίς
521 2600 677 2674 λόγος
737 2606 990 2680 δυνηθείη
1055 2613 1256 2682 φράσαι
1305 2613 1400 2667 τοῦ
1444 2615 1730 2668 πανολϐίου

157 2696 370 2758 τούτου,
409 2697 505 2749 καὶ⁵
541 2697 913 2767 τρισμάκαρος
941 2701 1236 2754 ὁσιωτάτου
1271 2703 1462 2773 ἀνδρὸς
1496 2704 1562 2758 τὰ
1602 2722 1732 2757 κατ-

157 2787 458 2858 ορθώματα
483 2788 842 2858 διηγήσασθαι
867 2809 881 2854 ;
923 2790 958 2846 ἃ.
987 2793 1047 2844 οὑ
1075 2793 1233 2861 μόνον
1255 2796 1288 2863 ὴ
1316 2794 1436 2847 καθ’
1464 2797 1612 2865 ἡμᾶς
1648 2813 1738 2864 γε-

158 2882 253 2932 νεὰ
282 2878 577 2948 θαυμάζει,
611 2878 706 2932 καὶ
730 2883 984 2952 πειρᾶται
1010 2882 1108 2946 τὰς
1134 2883 1324 2936 τούτου
1356 2884 1650 2954 ἀθλητικὰς
1678 2890 1736 2941 ὲν

160 2973 395 3042 ἀσκήσει
449 2972 790 3039 παλαίστρας
823 2973 1164 3043 ζηλοτυπῶν,
1195 2975 1330 3028 ἀλλὰ
1359 2977 1452 3029 καὶ
1481 2978 1528 3030 οἱ
1568 2979 1736 3049 ὰκρέυ

163 3081 321 3131 μονες
367 3062 462 3115 καὶ
501 3067 786 3134 κορυφαῖοι
826 3065 931 3118 τῶν
976 3065 1144 3134 ἁγίων
1187 3067 1432 3137 ἀρχαίων
1475 3071 1735 3141 Πατέρων

160 3156 256 3225 τὴν
289 3153 388 3208 τοῦ
422 3156 762 3225 ὲμηνύσαντο
805 3156 1077 3210 πολιτείαν
1100 3175 1113 3190 ο
1141 3158 1286 3227 λέγω
1330 3159 1393 3230 δὴ
1426 3161 1518 3214 τὸν
1560 3165 1733 3232 μέγαν

1840 3173 2226 3235 expresserunt
2307 3163 2430 3216 vitae
2502 3161 2876 3214 institutum:

163 3248 459 3318 Εὑθύμιον,
486 3249 543 3312 ὃς
582 3251 763 3302 πᾶσαν
792 3251 1026 3321 σπουδὴν
1063 3253 1295 3307 ἐποιεῖτο
1325 3254 1517 3308 τούτου
1558 3260 1738 3327 μιμεῖ-

165 3339 287 3393 σθαι
322 3339 424 3403 τὰς
450 3339 671 3409 ἀρετὰς,
696 3340 795 3405 τήν
821 3357 877 3393 τε
910 3342 1137 3412 ἡσυχίαν
1164 3344 1350 3406 αὑτοῦ,
1382 3347 1475 3398 καὶ
1504 3349 1734 3418 σιωπὴν,

163 3433 256 3486 καὶ
285 3432 809 3502 ταπεινοφροσύνην,
842 3433 902 3486 τὸ
923 3433 1016 3487 τοῦ
1044 3435 1350 3505 ἐνδώματος
1380 3437 1610 3502 εὐτελὲς,
1646 3442 1738 3492 καὶ

166 3525 262 3595 τὴν
289 3525 402 3578 τῶν
441 3524 745 3594 βρωμάτων
768 3527 999 3596 ἀποκὴν,
1033 3530 1125 3579 καὶ
1152 3528 1250 3597 τὴν
1278 3529 1358 3589 είς
1394 3529 1571 3584 πάντα
1603 3548 1738 3600 καρ·

166 3618 352 3686 τερὶαν
382 3615 445 3668 τὸ
484 3615 662 3685 ἐαυτῷ
696 3618 1004 3687 προσέχειν,
1035 3619 1174 3671 κατὰ
1202 3620 1263 3672 τὸ
1292 3620 1383 3672 ὑπ’
1407 3622 1619 3673 ἐκείνου
1653 3623 1741 3673 λε·-

169 3708 418 3776 γόμενον·
465 3708 729 3776 Ἀρσένιε,
769 3709 849 3761 διὸ
895 3708 1156 3776 ὲξῆλθες;
1211 3712 1436 3779 Ἐζήλου
1474 3713 1530 3766 δὲ
1577 3713 1740 3766 αὐτοῦ

172 3799 264 3850 καὶ
292 3799 395 3868 τὴν
427 3798 744 3864 κατάνυξιν,
785 3802 876 3852 καὶ
910 3801 976 3853 τὰ
1004 3802 1234 3872 δάκρυα,
1277 3805 1368 3856 καὶ
1411 3804 1508 3866 τὰς
1547 3805 1745 3858 παννύ-

174 3906 295 3957 χους
320 3890 650 3958 ἀγρυπνίας,
686 3889 746 3941 τὸ
779 3889 1079 3960 φιλέρημόν
1109 3911 1165 3945 τε
1195 3895 1284 3946 καὶ
1324 3895 1616 3963 μιτόδοξον,
1652 3898 1744 3948 καὶ

1839 693 1980 747 dosii
2035 694 2215 764 magni
2270 695 2468 750 divinae
2523 693 2800 747 memoriae
2859 707 3034 762 usque
3084 694 3150 746 ad
3209 707 3412 746 annum

1840 797 1952 838 sua:
2000 785 2174 840 aetatis
2246 784 2724 855 quadragesimum
2759 782 2878 852 (9):
2921 788 2975 838 in
3043 781 3186 838 Sceti
3243 797 3414 836 annos

1838 875 2198 947 quadraginta
2226 893 2238 930 :
2285 875 2339 930 in
2381 875 2526 930 Troe
2555 890 2682 930 vero
2708 874 3014 944 superioris
3041 874 3154 944 (10)
3189 873 3415 943 Babylo-

1839 967 1925 1021 nis
1958 983 2150 1024 versus
2178 968 2492 1038 Memphim,
2545 983 2719 1029 annos
2748 967 2969 1021 decem:
3007 973 3120 1021 tres
3147 967 3202 1020 in
3229 966 3382 1020 Cano
3400 995 3415 1004 --

1841 1073 1908 1127 po
1940 1058 2050 1129 (11)
2089 1059 2432 1116 Alexandriae
2467 1078 2480 1114 :
2528 1068 2582 1114 et
2621 1058 2844 1128 reliquis
2883 1057 3100 1112 duobus
3133 1057 3295 1111 annis
3328 1072 3416 1110 re-

1837 1152 1938 1206 diit
1980 1151 2033 1205 in
2085 1152 2311 1219 Troen;
2374 1152 2560 1221 ibique
2608 1149 2961 1215 obdormivit,
3019 1163 3417 1203 consummatis

1837 1257 2058 1298 cursum
2091 1259 2250 1299 suum
2280 1243 2332 1298 in
2362 1258 2492 1312 pace
2530 1258 2594 1296 ac
2621 1242 2814 1296 timore
2839 1241 2931 1296 Dei
2964 1259 2977 1294 :
3010 1241 3139 1310 quia
3170 1247 3290 1293 erat
3332 1239 3416 1291 vir

1837 1336 2011 1392 bonus
2070 1349 2125 1391 et
2169 1337 2366 1406 plenus
2415 1335 2619 1406 Spiritu
2668 1343 2859 1389 sancto
2907 1341 2963 1388 et
3014 1332 3139 1389 ﬁde.
3175 1330 3416 1400 Reliquit

1836 1439 2016 1482 autem
2051 1427 2182 1481 mihi
2215 1429 2496 1497 pelliceam
2521 1441 2676 1482 suam
2712 1425 2981 1491 tunicam,
3008 1425 3300 1494 albamque
3323 1441 3416 1479 ca-

1835 1521 2051 1576 misiam
2087 1520 2198 1591 (12)
2227 1520 2524 1587 cilicinam,
2549 1535 2651 1575 nec
2681 1535 2791 1574 non
2828 1519 3097 1584 sandalia,
3130 1534 3160 1573 e
3189 1519 3406 1589 palant-

1834 1613 1884 1668 la
1915 1611 2184 1668 conlecta.
2221 1612 2284 1666 Et
2316 1627 2416 1683 ego
2462 1612 2714 1683 indignus
2745 1612 2834 1666 illa
2872 1612 3116 1683 gestavi,
3153 1620 3213 1665 ut
3247 1611 3414 1665 bene-

1835 1707 2048 1761 dicerer
2095 1705 2226 1775 (l3).
2286 1703 2385 1759 Hic
2441 1705 2566 1759 vita:
2608 1704 2824 1759 Arsenii
2879 1704 3186 1769 transitus;
3223 1703 3413 1773 paucis

1836 1798 2055 1868 quidem
2102 1797 2404 1866 expositus,
2459 1811 2569 1850 non
2619 1805 2800 1850 autem
2849 1804 3013 1866 prout
3042 1811 3248 1860 rerum,
3277 1809 3415 1864 quas

1837 1890 2021 1958 gessit,
2067 1888 2428 1943 admiratione
2462 1887 2751 1957 dignarum
2786 1887 3088 1940 multitudo
3127 1886 3412 1957 exigebat;

1833 1980 1925 2034 sed
1972 1987 2134 2048 prout
2170 1977 2469 2032 secundum
2524 1987 2709 2041 tenue,
2751 1977 2897 2045 quod
2931 1975 3230 2044 praecessit,
3267 1988 3414 2028 com-

1829 2072 2085 2142 pendium
2129 2087 2160 2125 a
2215 2069 2418 2125 sanctis
2473 2068 2696 2123 senibus
2745 2066 2948 2136 scripto
3004 2065 3393 2120 commendatae

1831 2170 1978 2218 sunt.
2013 2159 2123 2215 Nos
2157 2175 2307 2223 vero,
2340 2166 2461 2229 post
2493 2158 2608 2212 haec
2629 2156 2695 2210 ab
2727 2156 2860 2225 ipsis
2879 2165 3126 2224 accepta,
3160 2169 3266 2207 non
3297 2167 3417 2224 gra-

1832 2255 2082 2309 vabimur
2128 2252 2331 2306 audere
2354 2249 2583 2319 aliquid,
2617 2256 2670 2302 et
2701 2248 2997 2316 adjungere
3027 2247 3118 2309 iis,
3149 2245 3411 2315 quaejam

1835 2343 1978 2398 dicta
2008 2350 2154 2405 sunt,
2193 2350 2301 2394 tam
2340 2349 2398 2392 ut
2429 2339 2753 2393 ostendatur
2800 2335 3071 2392 sermonis
3102 2336 3279 2392 nostri
3320 2351 3417 2406 pe-

1838 2434 2020 2499 nuria,
2076 2447 2238 2502 quam
2287 2439 2348 2484 ut
2391 2443 2660 2500 propensa
2718 2428 2773 2482 in
2831 2435 3084 2483 sanctum
3152 2428 3413 2481 voluntas

1837 2527 2139 2594 expleatur.

1907 2617 1998 2671 ‘24.
2042 2615 2300 2682 Quaenam
2373 2611 2794 2668 fortunatissimi
2867 2610 3064 2676 hujus,
3112 2609 3414 2664 beatissimi

1839 2722 1904 2763 ac
1941 2706 2274 2762 sanctissimi
2301 2704 2399 2757 viri
2436 2713 2580 2758 recte
2613 2703 2770 2757 factis
2797 2701 3142 2756 recensendis
3166 2715 3262 2769 par
3287 2714 3410 2754 esse

1841 2802 2013 2870 possit
2044 2798 2262 2854 oratio?
2285 2795 2416 2864 Qua:
2456 2811 2560 2850 non
2601 2804 2810 2849 tantum
2833 2802 2966 2848 aetas
2993 2802 3178 2848 nostra
3209 2793 3416 2846 adrui--

1841 2902 2015 2953 ratur,
2050 2898 2104 2944 et
2139 2888 2380 2944 aemulari
2423 2896 2652 2942 conatur
2691 2885 2968 2940 exantlata
2999 2885 3067 2937 ab
3097 2884 3192 2936 illo
3225 2883 3415 2937 solita-

1841 2984 1937 3038 riae
1979 2982 2104 3036 vitae
2150 2981 2470 3041 certamina,
2521 2978 2613 3032 sed
2641 2977 2995 3044 antiquorum
3034 2990 3257 3044 quoque
3284 2990 3415 3028 san-

1841 3085 2054 3130 ctorum
2109 3071 2331 3126 Patrum
2386 3071 2657 3140 primores
2731 3083 2793 3121 ac
2860 3066 3135 3137 principes
3189 3066 3417 3135 hujusce

2960 3173 3217 3229 magnum
3295 3158 3419 3212 dico

1845 3256 2221 3326 Enthymium,
2249 3255 2338 3324 qui
2367 3269 2584 3323 operam
2617 3253 2762 3307 dedit
2795 3250 3112 3312 maximam,
3152 3260 3209 3304 ut
3243 3250 3418 3318 ipsius

1842 3351 2073 3404 virtutes
2114 3348 2455 3410 imitaretur;
2512 3361 2788 3401 secessum
2837 3345 3045 3414 ipsius,
3099 3345 3414 3406 silentium,

1843 3441 2242 3501 humilitatem,
2288 3440 2514 3492 vestitus
2570 3439 2828 3492 vilitatem
2858 3477 2873 3501 ,
2938 3437 3183 3489 ciborum
3236 3437 3409 3502 absti-

1843 3529 2107 3589 nentiam.
2175 3528 2529 3596 vigilantiam,
2568 3542 2673 3596 qua
2714 3528 2766 3578 in
2797 3524 3050 3578 omnibus
3090 3523 3194 3577 sibi
3246 3533 3420 3577 atten~

1837 3620 2019 3679 debat,
2051 3619 2202 3686 juxta
2240 3616 2311 3680 id,
2341 3617 2484 3685 quod
2518 3618 2585 3670 ab
2627 3618 2744 3684 ipso
2782 3615 2984 3668 dictum
3037 3622 3119 3668 est
3151 3631 3163 3666 :
3203 3613 3417 3676 Arseni,

1839 3727 1937 3766 cur
1977 3709 2223 3782 [saeculo]
2255 3710 2452 3764 existi?
2503 3709 2578 3762 Ad
2636 3710 2783 3772 haac,
2839 3708 3088 3762 :emulari
3138 3708 3419 3775 satagebat

1841 3805 2011 3873 ipsius
2058 3804 2538 3872 compunctionem
2568 3842 2582 3864 ,
2634 3803 2931 3871 lacrymas,
2983 3798 3420 3869 pervigilationes

1843 3906 2155 3959 nocturnas,
2198 3909 2437 3950 amorem
2491 3892 2840 3956 solitudinis,
2893 3891 3075 3946 odium
3130 3889 3314 3960 gloria:
3367 3900 3418 3941 et

1481 4029 1710 4084 V'Alilxﬁ
1757 4028 2158 4085 LECTIONES.

239 4147 266 4176 υ
293 4142 363 4195 al.
398 4139 714 4202 τελειώσας.
790 4149 816 4175 ν
848 4141 914 4194 :ll.
953 4143 1219 4206 σεΰὲνινα,
1253 4144 1547 4198 σεϐεννίνα.

1629 4155 1651 4181 ι
1687 4146 1994 4216 λαὸόμενοι.

1681 4261 1909 4314 ΝΟΤΑΞ.

243 4374 317 4440 (9i
354 4374 593 4429 Coteler.
629 4388 750 4443 pag.
780 4374 901 4438 571,
939 4390 1101 4426 annos
1132 4374 1506 4441 quadraginta,
1547 4386 1600 4427 ut
1641 4376 1735 4428 ali-

1848 4377 2063 4440 l'ucrat,
2137 4377 2311 4431 insula
2377 4376 2636 4432 Metanma
2703 4386 2990 4431 vocaretur
3043 4395 3056 4431 ε

3109 4377 3424 4448 induchque

178 4443 226 4497 bi
251 4446 702 4517 observavimus;
738 4445 977 4517 addens:
1027 4463 1043 4494 ‹
1083 4443 1240 4497 Pater
1267 4444 1441 4499 factus
1473 4447 1740 4500 le‘llllSSl‘
1777 4447 1818 4502 ι)
1848 4457 2095 4500 sanctum
2132 4444 2510 4517 Hieronymum
2540 4458 2593 4501 et
2625 4448 2983 4502 Athanasium
3027 4443 3420 4516 presbyterum,

181 4530 388 4569 morum
423 4513 638 4566 Arcadii
667 4523 720 4567 et
748 4513 992 4569 Honorii.
1033 4535 1050 4565 ι

244 4585 356 4652 (l0)
426 4585 528 4638 vn.
588 4581 703 4636 PP.
739 4584 834 4638 lih.
869 4603 921 4648 ν,
955 4585 1120 4640 libell.
1173 4587 1260 4651 is,
1312 4601 1461 4640 num.
1499 4587 1582 4639 ιο.
1624 4607 1640 4638 ι
1687 4587 1744 4641 1η

180 4652 316 4721 loco,
367 4657 462 4728 qui
497 4653 702 4728 dicitur
730 4652 945 4728 Trolicn
992 4670 1154 4728 supra
1191 4658 1565 4728 Babyloniam.
1609 4677 1623 4704 ι
1659 4656 1745 4711 ln-

182 4723 399 4798 _te_rpres’
433 4726 487 4798 in
519 4723 708 4798 Graegi
754 4723 941 4798 legerit
977 4723 1407 4798 ElgiTpénvi‘thY
1439 4729 1550 4780 ἄνω
1577 4728 1748 4779 816'.)-

181 4791 361 4865 λῶνος,
392 4796 472 4849 vel
517 4796 596 4857 είς
653 4791 847 4863 Τρὼην
891 4794 1004 4848 ἄνω
1048 4791 1147 4865 τῆς
1198 4791 1530 4858 Βασυλῶνος.
1567 4798 1627 4849 Ει
1670 4799 1748 4852 sic

183 4864 416 4937 intellige
445 4873 650 4937 textum
693 4873 936 4937 nostrum
972 4864 1192 4937 :neque
1237 4867 1381 4921 enim
1431 4869 1547 4937 dua:
1579 4867 1749 4937 Baby-

183 4934 325 4990 lones
354 4933 580 4989 fuerunt
619 4934 673 5006 in
713 4931 946 5006 IEgypto
977 4973 992 4998 ,
1028 4931 1114 5006 uti
1138 4951 1237 5006 nec
1266 4937 1386 4989 duae
1433 4931 1746 5006 Mempheé:

181 5014 230 5058 et
256 5005 424 5059 simili
455 5007 598 5058 haud
630 5005 793 5058 dubie
823 5003 1001 5060 sensu
1035 5005 1085 5058 in
1133 5003 1313 5060 Fastis
1345 5007 1512 5057 sacris
1533 5005 1747 5060 zEt/iio-

182 5077 327 5142 picis,
363 5091 394 5129 a
425 5073 564 5128 Jobo
600 5072 826 5128 Lndollo
856 5075 908 5127 in
947 5075 1187 5128 Historia
1236 5076 1544 5142 Aithiopica
1567 5079 1746 5139 editis,

183 5159 299 5214 pag.
337 5145 446 5216 425
488 5144 806 5216 intelligitur
841 5143 1169 5216 Ptolomaeus
1210 5157 1415 5216 martyr
1457 5162 1486 5199 e
1515 5144 1748 5215 Memphi

182 5212 486 5283 sirperiore.
508 5212 582 5267 De
602 5212 722 5268 istis
751 5215 961 5268 duabus
988 5217 1212 5271 urbibus
1235 5212 1440 5270 dictum
1468 5218 1517 5269 in
1546 5212 1748 5269 Canini.

182 5301 336 5356 prin.
375 5285 549 5356 Adde,
600 5284 687 5338 hic
739 5283 1010 5356 designari
1052 5285 1376 5356 Babylonem
1427 5300 1645 5348 novam,
1679 5288 1751 5340 ad

185 5354 361 5408 Nilum
426 5353 674 5424 ﬂuvium,
730 5353 915 5422 postea
940 5353 1211 5420 dirutani;
1267 5371 1333 5410 ex
1380 5356 1536 5424 cujus
1579 5357 1752 5409 ruinis

183 5426 416 5477 excitata
449 5423 550 5476 fuit
581 5424 634 5476 in
673 5424 886 5496 vieiniis
921 5426 1048 5496 urbs
1083 5425 1300 5488 Cairus,
1330 5429 1497 5480 totius
1531 5425 1749 5496 Aigypti

185 5505 375 5562 caput;
413 5509 442 5546 a
495 5509 603 5566 qua
652 5495 916 5566 tantisper
951 5495 1158 5549 distant
1200 5498 1312 5566 ejus
1371 5501 1584 5559 rudera,
1637 5495 1753 5565 quae

184 5567 484 5619 etiamnum
520 5562 687 5615 videri
718 5562 992 5617 dicantur.

227 5636 362 5706 -(ll)
401 5635 477 5687 De
528 5647 737 5706 canopo
773 5651 980 5706 supra:
1019 5636 1215 5702 quibus
1250 5635 1371 5690 addi
1428 5647 1650 5704 possunt
1687 5653 1751 5691 ex

185 5701 558 5758 notatimiihus
606 5701 806 5757 Valesii
832 5701 897 5758 ad
927 5701 1122 5758 librum
1159 5722 1214 5760 ιιι
1241 5701 1752 5759 Historiwecclesia-

185 5778 330 5828 uice
384 5774 698 5843 Sozotueni,
764 5791 889 5843 pag.
944 5775 1062 5837 ll7,
1122 5793 1240 5843 qua:
1272 5779 1431 5830 habet
1465 5777 1748 5840 deinsigni

189 5844 517 5896 uicinasterio
550 5840 987 5912 Tabennens-ium
1022 5862 1034 5895 :
1064 5840 1268 5912 ex'quo
1299 5847 1520 5905 factum,
1560 5857 1616 5896 ut
1646 5848 1749 5898 Ca-

191 5927 377 5977 nopus,
441 5925 562 5976 qua}
617 5920 772 5962 antea
814 5911 884 5961 ob
939 5913 1122 5961 luva
1173 5911 1224 5964 et
1273 5913 1492 5964 delicias
1527 5915 1742 5968 infamis

1847 4518 1913 4570 de
1973 4532 2043 4586 eo
2104 4519 2420 4585 loquentes;
2488 4519 2578 4585 qui
2639 4528 2946 4586 postremus
3015 4518 3214 4572 ibidem
3269 4533 3417 4572 vocat

1854 4605 1872 4638 ι
1937 4585 2302 4650 Metanmam,
2356 4585 2733 4640 suburbanum
2787 4588 3036 4640 maxima:
3086 4588 3236 4641 urbis
3298 4589 3423 4644 Ale-

1850 4658 2109 4727 xandriae,
2142 4659 2285 4727 quod
2322 4658 2453 4711 olim
2485 4656 2738 4726 Canopus
2767 4658 3080 4710 vocabatur.
3121 4676 3139 4708 ι

1919 4726 2030 4796 (12)
2073 4726 2313 4796 Κάμισιν
2342 4727 2574 4798 Coleler.
2611 4728 2886 4798 Καμάσιν,
2915 4738 3106 4798 estque
3135 4727 3420 4792 subucula,

1850 4797 1991 4851 linea
2051 4797 2302 4868 interula,
2378 4797 2677 4868 indusium,
2707 4797 2877 4868 lintea
2897 4797 3110 4868 _sindon
3150 4817 3163 4852 :
3220 4799 3284 4851 de
3315 4817 3421 4868 qua

1849 4882 1980 4921 voce
2047 4866 2283 4935 Cangius
2337 4875 2391 4920 et
2439 4864 2836 4919 Onomasticum
2896 4866 3197 4936 Rosvvevdi.
3264 4864 3425 4922 vocis

1849 4946 2064 5007 etymon
2110 4939 2274 4990 tradit
2323 4950 2544 4990 sanctus
2593 4937 2829 4990 Isidorus
2861 4936 3194 5006 llispalensis
3242 4939 3335 4993 lib.
3372 4956 3423 4991 ix

1854 5007 2174 5076 Originum;
2224 5017 2450 5060 stratum
2475 5007 2640 5077 enim__
2673 5009 2758 5060 vel
2815 5009 2984 5062 lectus
3034 5025 3184 5060 coma
3226 5008 3424 5077 Hispa-

1853 5074 1977 5130 nico
2013 5078 2272 5132 idiomate
2318 5087 2564 5131 vocatur.
2602 5074 2837 5129 Caniisia
2892 5077 3061 5130 Gallis
3093 5074 3340 5132 chemise.
3371 5080 3424 5130 In

1852 5147 2119 5214 liturgicis
2173 5157 2255 5200 est
2299 5149 2535 5201 exterior
2585 5146 2754 5201 vestis
2810 5148 2930 5200 alba
2971 5149 3326 5216 clericorum,
3371 5152 3426 5202 in

1852 5218 2082 5271 ecclesia
2115 5218 2315 5285 gestari
2343 5217 2525 5272 solita.

1927 5287 2037 5356 (l3)
2085 5286 2385 5341 leonis-mus
2447 5287 2665 5352 sancti,
2724 5288 2835 5341 sive
2895 5288 3130 5344 exterior
3179 5291 3426 5357 Corporis

1854 5358 2079 5424 species,
2111 5359 2177 5411 ab
2208 5367 2430 5411 auctore
2461 5357 2592 5413 Vita:
2623 5361 3032 5413 accuratissime
3075 5358 3160 5412 hic
3186 5361 3428 5412 delinea-

1857 5436 1929 5487 ta,
1975 5437 2228 5480 narratur
2275 5430 2415 5493 apud
2455 5429 2690 5481 (joteler.
2731 5444 2850 5496 pag.
2891 5431 2986 5482 571
3027 5429 3123 5481 :in
3173 5429 3276 5482 Vit.
3309 5428 3423 5481 PP.

1855 5497 1949 5549 lih.
1996 5513 2046 5560 ν,
2083 5498 2245 5550 libell.
2288 5498 2370 5562 15,
2426 5512 2576 5551 ηυιιι.
2613 5499 2724 5550 1ος
2782 5500 2975 5552 ibidem
3028 5500 3189 5552 etiam
3249 5501 3426 5552 brevis

1858 5568 1969 5638 haec
2028 5570 2149 5620 vita:
2193 5568 2466 5634 periocha.
2519 5569 2700 5623 Codex
2753 5571 3427 5638 noster,lngolstadiensis

1858 5637 2013 5705 plane
2043 5640 2337 5704 singularis
2360 5647 2462 5699 est,
2495 5641 2619 5690 dum
2641 5639 2771 5691 dicit
2803 5657 2814 5692 :
2849 5659 2866 5691 ι
2902 5637 3128 5692 Moritur
3158 5655 3424 5693 annorum

1859 5717 2074 5759 centum
2109 5724 2210 5770 xv;
2254 5727 2270 5758 ι
2320 5717 2372 5760 at
2414 5707 2572 5763 facile
2605 5710 2805 5762 alicubi
2836 5727 2898 5763 ex
2933 5725 3031 5762 xcv
3069 5710 3210 5778 (qua:
3265 5709 3427 5761 lectio

1860 5793 1924 5829 ex
1959 5778 2070 5830 Vita
2112 5791 2316 5839 nostra,
2389 5778 2521 5830 Vitis
2573 5779 2685 5832 PP.
2743 5795 2806 5830 ac
2847 5781 3116 5832 Cotelerio
3165 5778 3426 5847 probatur

1855 5861 1973 5897 esse
2003 5849 2258 5915 genuina)
2291 5848 2512 5901 formari
2581 5851 2751 5915 potuit
2796 5865 2915 5912 cxv,
2975 5852 3301 5916 transposita
3335 5850 3423 5898 tit—

1854 5922 1961 5963 tera
2002 5930 2049 5965 Χ.
