3926 6448
516 431 622 493 879

1712 428 1772 483 S.
1827 425 2216 486 THEODORI
2250 427 2594 488 STUDl'LE

3667 431 3767 490 880

514 545 812 610 societatis,
849 543 1184 598 alacritatem
1218 558 1281 596 ac
1321 541 1724 598 contentionem
1759 544 1814 597 in
1847 542 2076 610 orando,
2110 565 2123 606 Α

2230 543 2596 615 ισοσύντυχον,
2648 546 2708 599 τὸ
2759 548 2835 612 είς
2884 548 3193 620 προσευχὴν
3230 545 3512 618 πρόθυμόν
3561 563 3620 598 τε
3683 549 3771 599 καὶ

513 637 1046 694 commiserationem
1111 649 1176 690 ac
1223 632 1635 689 discretionem.
1691 630 1852 687 Omni
1906 633 2090 702 itaque

2229 633 2428 701 ὗτονον,
2491 635 2612 688 τότε
2661 636 2948 706 συμπαθὲς
2996 636 3087 690 καὶ
3123 637 3482 706 διακριτικόν.
3547 636 3772 705 Ἐπειδὴ

516 729 697 786 studio
739 728 860 784 vita:
907 729 1078 799 ipsius
1125 727 1439 783 institutum
1475 725 1740 792 imitatus,
1783 726 2088 797 gratiarum

2229 725 2368 778 οίνυν
2399 725 2552 800 πάσῃ
2598 727 2800 798 σπουδῇ
2854 729 2976 798 τὴν,
3004 728 3212 781 ἐκείνου
3256 727 3572 796 ἐμιμήσατο
3620 726 3772 780 πολι-

515 820 700 884 etiam,
729 820 928 892 quibus
978 820 1069 875 ille
1097 828 1214 874 erat
1246 819 1525 888 praeditus,
1555 820 1758 875 donum
1794 819 2086 874 fruendum

2229 815 2357 884 είαν,
2389 818 2483 870 καὶ
2503 817 2614 870 τῶν
2635 817 2829 888 ἱκείνῳ
2851 818 3162 889 προσόντων
3188 817 3544 889 χαρισμάτων
3565 816 3772 886 ἠξιώθη

516 914 747 984 accepit,
810 912 1141 970 sanctissimi
1214 911 1454 981 Spiritus
1503 912 2084 976 communicationem,

517 1004 685 1058 divini
712 1005 935 1060 luminis
957 1004 1374 1060 illustrationem
1401 1017 1465 1058 ac
1491 1003 1720 1073 gratiam
1752 1002 2090 1073 perspicien~

520 1095 572 1149 di
600 1110 824 1150 arcana.

2190 903 2249 965 ἐν
2286 911 2584 967 ἀπολαύσει
2635 913 2888 982 γενέσθαι
2922 913 3021 982 τῆς
3051 929 3110 964 τε
3158 909 3252 963 τοῦ
3288 908 3561 976 παναγίου
3595 907 3774 960 Πνεύ-

2205 1019 2375 1074 ματος
2425 1005 2767 1074 μεταδοσίας,
2791 1005 2885 1058 καὶ
2929 1005 3029 1074 τῆς
3079 1003 3173 1057 τοῦ
3199 1000 3344 1054 θείου
3369 999 3548 1069 φωτὸς
3575 997 3776 1068 ἐλλάμ-

2199 1095 2368 1164 ψεως,
2400 1095 2494 1150 καὶ
2525 1095 2617 1150 τοῦ
2649 1095 2956 1168 διορατικοῦ
2989 1095 3346 1166 χαρίσματος.

1967 1228 2330 1289 EPILOGUS.

591 1345 683 1400 25.
716 1342 760 1398 Ο
781 1344 1057 1399 beatorum
1102 1341 1418 1396 beatissime
1453 1341 1668 1405 Arseui,
1689 1355 1888 1412 purum
1930 1339 2109 1412 Spiri—

527 1448 614 1494 tus
670 1436 1100 1506 receptaculum.
1140 1434 1339 1504 Ecquis
1378 1448 1558 1488 sermo
1615 1445 1703 1489 tua
1755 1445 1901 1490 recte
1961 1443 2112 1506 gesta

527 1529 705 1599 dignis
732 1529 1021 1598 praeconiis
1066 1527 1332 1582 extollat?
1374 1527 1544 1594 Quale
1591 1530 1809 1586 virtutis
1844 1544 2015 1599 genus
2045 1530 2099 1583 in

2290 1350 2385 1396 κε’.
2422 1339 2490 1396 Ὠ
2530 1342 2816 1412 μακαρίων
2867 1340 3250 1412 μακαριώτατε
3293 1339 3556 1410 Ἀρσένιε,
3591 1341 3658 1394 τὸ
3689 1358 3784 1394 κα-

2221 1434 2385 1504 θαρὸν
2417 1433 2510 1487 τοῦ
2541 1433 2852 1502 Πνεύματος
2881 1433 3248 1500 καταγώγιον.
3301 1431 3399 1493 Τίς
3435 1429 3601 1497 ἀξίως
3649 1431 3784 1500 ἐφη-

2207 1529 2376 1579 νετται
2411 1526 2484 1598 (q)
2535 1525 2694 1594 λόγος
2731 1524 2840 1577 τῶν
2869 1524 2978 1576 σῶν
3015 1522 3458 1593 κατορθωμάτων
3486 1539 3499 1587 ;
3537 1525 3696 1575 ποῖον
3729 1523 3785 1575 δὲ

531 1632 581 1676 te
636 1622 874 1692 primum
917 1620 1185 1676 laudabo?
1217 1621 1299 1675 An
1347 1636 1622 1677 secessum
1671 1637 1700 1674 a
1746 1621 1985 1676 saeculo?
2039 1619 2104 1674 Et

2229 1615 2348 1681 εἶδος
2381 1617 2582 1689 ἀρετῆς
2611 1616 2826 1687 πρῶτον
2855 1617 2913 1669 ὲν
2941 1615 3025 1668 σοὶ
3059 1614 3420 1683 ἐπαινέσομαι
3445 1630 3460 1678 ;
3489 1613 3784 1683 ἀναχώρη-

530 1711 786 1780 quisnam
825 1713 898 1765 ita
934 1709 1083 1764 dicto
1127 1709 1312 1764 divino
1342 1710 1594 1776 audiens,
1635 1711 1799 1765 citius
1840 1710 2104 1764 mundum

531 1800 754 1870 reliquit
780 1799 1140 1854 universum?
1163 1799 1246 1853 Ad
1270 1798 1490 1853 modum
1526 1800 1821 1868 locumque
1852 1797 2110 1853 salutaris

534 1890 743 1960 requiei
810 1891 1055 1945 cucurrit
1115 1889 1388 1943 Abraham
1453 1889 1804 1957 patriarcha,
1866 1898 1921 1947 at
1988 1901 2111 1942 cum

538 1993 708 2033 uxore
739 1987 794 2034 et
842 1989 1150 2049 apparatu;
1203 1989 1260 2033 tu
1319 1994 1447 2032 vero
1485 1987 1593 2032 tam
1642 1979 1791 2033 solus
1821 1993 1986 2047 quam
2019 1977 2111 2046 qui

538 2073 792 2133 maxime,
825 2071 1030 2141 absque
1069 2079 1329 2140 apparatu
1375 2085 1436 2125 ac
1467 2071 1631 2125 rebus
1680 2069 1990 2139 superlluis,
2027 2083 2115 2123 so-

538 2164 646 2217 lam
703 2162 906 2218 Christi
955 2178 1174 2218 crucem
1224 2161 1278 2215 in
1336 2161 1575 2216 humeris
1641 2162 1822 2216 l'erens
1868 2176 2112 2215 eremum

539 2253 840 2309 iudoluisti.
900 2252 1272 2324 imperatoriae
1332 2262 1384 2308 te
1436 2253 1574 2307 aula;
1632 2269 1740 2307 non
1800 2260 2115 2318 traxerunt;

539 2344 871 2415 dignitatum
928 2346 1114 2415 apices
1167 2359 1274 2399 non
1321 2343 1694 2399 detinuerunt.
1737 2341 1956 2410 Quanto
2004 2344 2117 2399 haec

543 2439 665 2505 plus
716 2437 1157 2493 admirabilitatis
1215 2436 1433 2502 habent,
1493 2451 1659 2507 quam
1704 2447 1855 2506 gesta
1899 2437 2112 2508 ipsius!

547 2529 608 2584 Et
626 2531 751 2600 quis
784 2531 852 2585 ab
877 2529 1303 2600 appetitionibus
1332 2538 1488 2584 extra
1519 2528 1781 2584 saeculum
1817 2547 1917 2585 nec
1951 2545 2062 2585 non
2089 2545 2119 2583 a

544 2629 886 2672 terrenarum
933 2618 1354 2687 impressionum
1403 2617 1750 2672 lineamentis
1799 2632 2119 2680 conversus,

546 2711 638 2765 tali
666 2725 791 2776 cum
827 2711 932 2764 Deo
959 2709 1304 2780 colloquendi
1333 2709 1539 2762 honore
1584 2708 1814 2763 donatus
1840 2708 1983 2763 fuit?
2013 2708 2122 2763 Ma-

549 2817 688 2871 gnus
739 2800 829 2856 ille
890 2798 1100 2870 Moyses
1165 2809 1404 2853 montem
1459 2796 1591 2851 Sina
1645 2797 1918 2862 ascendit;
1967 2808 2024 2852 at
2063 2806 2119 2852 tu

549 2908 788 2963 quoque,
851 2901 1115 2962 occupata
1170 2890 1437 2945 orationis
1496 2889 1774 2954 columna,
1840 2904 1966 2944 cum
2014 2891 2121 2944 Deo

2212 1725 2293 1760 σιν
2325 1708 2532 1778 κόσμου
2559 1724 2572 1772 ;
2609 1708 2700 1760 καὶ
2737 1707 2822 1770 τίς
2858 1704 3030 1769 οὕτως
3060 1703 3386 1775 ἐπακηκοὼς
3419 1705 3603 1775 φωνῆς
3635 1705 3787 1766 θείας

2211 1801 2470 1855 κατέλιπε
2505 1802 2697 1856 θᾶττον
2733 1799 2936 1870 κόσμον
2967 1799 3123 1863 ὅλον;
3157 1798 3300 1868 Πρὸς
3331 1797 3422 1850 τὸν
3453 1798 3662 1868 τρόπον
3695 1799 3789 1850 καὶ

2211 1897 2302 1950 τὸν
2335 1897 2498 1950 τόπον
2525 1897 2621 1967 τῆς
2656 1894 3034 1966 σωτηριώδους
3064 1892 3470 1956 καταπαύσεως
3499 1895 3785 1966 προσδρα-

2215 1987 2329 2058 μὼν
2352 1989 2609 2059 Ἀδραάμ
2643 1988 2672 2040 ὀ
2717 1987 3083 2058 πατριάρχης,
3112 1985 3248 2039 ἀλλὰ
3293 1985 3392 2038 σὺν
3433 1987 3658 2054 γυναικὶ
3695 1985 3791 2038 καὶ

2213 2085 2528 2153 ἀποσκευῇ·
2565 2083 2627 2135 σὺ
2671 2081 2729 2134 δὲ
2786 2079 3095 2149 μονώτατος
3137 2079 3231 2132 καὶ
3277 2079 3508 2142 ἄσκευος
3555 2082 3652 2131 καὶ
3687 2081 3792 2132 άπ-

2214 2179 2444 2248 έριττος,
2478 2174 2638 2243 μόνον
2669 2171 2760 2229 τοῦ
2794 2171 3029 2243 Χριστοῦ
3063 2171 3154 2226 τὸν
3195 2171 3423 2239 σταυρὸν
3479 2170 3792 2240 έπωμάδιον

2215 2271 2400 2339 φέρων
2423 2266 2686 2338 ηύλίσθης
2712 2267 2769 2320 ὲν
2796 2269 2860 2338 τῇ
2891 2266 3105 2337 ἐρήμῳ.
3145 2264 3414 2318 Βασίλειοί
3446 2281 3504 2318 σε
3535 2264 3700 2319 αὐλαὶ
3729 2264 3792 2316 οὑ

2216 2360 2601 2424 καθείλκυσαν,
2645 2359 2912 2429 ὑπεροχαὶ
2964 2358 3293 2430 ἀξιωμάτων
3336 2356 3399 2409 ού
3446 2357 3794 2426 περικράτη-

2219 2475 2340 2512 σαν.
2369 2458 2534 2510 Ὅσον
2561 2455 2734 2509 ταῦτα
2758 2454 2968 2507 ἐκείνου
2999 2451 3425 2524 θαυμασιώτερα
3454 2453 3796 2522 προτέτυχεν

2217 2547 2501 2620 ἐργασίαν.
2530 2548 2628 2610 Τίς
2659 2546 2830 2608 οὕτως
2863 2545 3194 2616 συστραφεὶς
3223 2543 3329 2597 τῶν
3356 2542 3664 2612 αἰσθήσεων
3691 2540 3796 2605 ἔξω

2219 2643 2452 2712 κόσμου,
2501 2641 2730 2695 καὶτῶν
2766 2640 2917 2694 κάτω
2963 2637 3386 2709 φαντασιῶντων
3425 2637 3798 2708 χαρακτήρων

2220 2735 2532 2804 γενόμενος,
2561 2733 2682 2802 Θεῷ
2724 2731 3055 2801 συλλαλῆσαι
3080 2730 3340 2800 tamen;
3381 2728 3592 2798 Μωσῆς
3629 2731 3658 2781 ό
3697 2729 3797 2798 μέο

2221 2847 2324 2900 γας
2349 2826 2604 2897 ἀναχθεὶς
2639 2826 2697 2877 ὲν
2719 2822 2796 2894 τῷ
2830 2822 3025 2893 Σιναίῳ
3050 2839 3063 2853 ·
3097 2822 3232 2876 ἀλλὰ
3275 2823 3369 2875 καὶ
3402 2823 3466 2874 σὺ
3495 2823 3554 2875 έν
3583 2821 3662 2892 τῷ
3701 2822 3800 2890 τῆς

2225 2917 2536 2990 προσευχῆς
2583 2913 2763 2984 στύλῳ
2790 2911 3046 2980 ἐφθακὼς
3081 2911 3288 2980 ὁμιλεῖν
3317 2911 3434 2980 Θεῷ
3466 2910 3620 2980 ἠξίου
3665 2911 3802 2964 έκά-

549 2983 794 3053 quotidie
839 2983 1093 3037 versandi
1134 2983 1396 3037 honorem
1448 2981 1726 3050 accepisti.
1763 2981 1912 3036 Illius
1937 2981 2121 3036 vultus

2229 2981 2400 3063 στοτε.
2437 2981 2711 3070 ’κακεῖνος
2734 2981 2817 3058 ’τὸ
2855 3003 3148 3076 πρόσωπον
3190 3001 3437 3055 ἐντεῦθεν
3468 3003 3594 3073 δόξῃ
3637 3019 3794 3072 ιιιεερι⁹

552 3075 719 3144 gloria
772 3075 966 3128 exinde
1012 3075 1380 3128 coruscabat:
1441 3081 1497 3127 tu
1549 3083 1730 3127 autem
1774 3089 1953 3129 nonne
1978 3083 2123 3129 totus

2229 3104 2507 3173 ήστραπτο
2525 3117 2537 3130 ·
2566 3101 2630 3154 σὺ
2658 3099 2718 3152 δὲ
2749 3098 2848 3169 οὐχ
2871 3075 2989 3160 ὅλος
3018 3095 3130 3167 πῦρ
3153 3094 3231 3165 τῷ
3257 3095 3456 3167 δρῶντι
3485 3094 3802 3153 ἑδείκνυσο;

555 3166 694 3235 ignis
715 3165 1017 3235 apparuisti
1053 3163 1255 3218 videnti
1294 3162 1388 3218 te?
1415 3164 1470 3232 (ο
1496 3163 1820 3216 miraculum
1843 3163 1881 3232 l)
1914 3162 2123 3216 oratio-

556 3255 641 3309 nis
674 3255 741 3308 ad
791 3253 960 3308 Deum
997 3261 1256 3309 contactu
1289 3253 1343 3306 in
1375 3251 1650 3307 ﬂammam
1707 3255 1903 3306 mutari
1938 3253 2124 3317 visus;

556 3358 741 3416 tuque,
776 3347 864 3401 cui
897 3362 979 3413 res
1018 3345 1552 3410 communicabatur,
1590 3346 1690 3409 rei,
1725 3362 1846 3416 qua:
1878 3360 2127 3401 commu-

559 3440 843 3494 nicabatur
875 3439 1202 3505 consimilis,
1246 3440 1471 3510 angelus
1506 3455 1627 3496 eras
1653 3440 1774 3510 igne
1804 3440 2023 3504 ardens,
2052 3447 2125 3504 et,

558 3532 606 3587 si
638 3547 741 3585 non
799 3531 1058 3586 audacius
1115 3547 1278 3601 quam
1327 3546 1422 3599 par
1455 3540 1559 3598 est,
1603 3530 1852 3600 eloquar,
1898 3531 2126 3599 gloriam

562 3623 852 3678 Mosaicam
883 3636 1294 3692 supergressus.
1332 3619 1453 3676 Jam
1489 3637 1618 3674 vero
1655 3621 1784 3689 quid
1808 3621 1974 3673 statio
2001 3634 2127 3688 pcr-

564 3731 667 3768 nox
696 3733 711 3769 :
740 3713 854 3768 Nox
905 3714 1048 3767 sicut
1100 3713 1214 3767 dies
1262 3712 1564 3767 illutninata
1618 3710 1718 3766 fuit
1767 3710 2128 3772 orationibus,

563 3803 1026 3873 quemadmodum
1082 3803 1302 3859 divinus
1361 3801 1532 3858 David
1594 3803 1853 3859 cecinit‘.
1913 3801 2005 3856 Sol
2039 3802 2131 3857 tibi

566 3898 744 3950 oranti
806 3906 1015 3962 astans,
1064 3898 1165 3952 soli
1200 3907 1252 3952 te
1289 3897 1523 3962 remisit,
1557 3897 1881 3951 circularem
1909 3911 2131 3950 cursum

569 4004 853 4058 peragens.
889 3987 932 4042 Ο
971 3989 1074 4053 sol,
1133 3989 1235 4042 soli
1287 3989 1640 4058 intelligentia
1683 3989 1909 4058 praedito
1943 4003 2134 4042 revera

565 4079 761 4134 aeuwle
797 4080 810 4132 !
869 4076 1021 4132 Mens
1056 4084 1146 4131 tua
1180 4077 1385 4131 lumine
1418 4091 1728 4147 praegnans,
1757 4076 1948 4145 purius
1971 4091 2134 4145 quam

568 4173 776 4228 sulares
832 4172 970 4226 radii
1008 4171 1060 4224 in
1091 4172 1290 4225 cmlum
1333 4169 1553 4224 demisit
1591 4169 1954 4240 cogitationes
1993 4179 2134 4234 tuas,

568 4258 738 4317 caelos
767 4261 918 4330 ipsos
953 4262 1427 4316 transcendentes.

2225 3192 2270 3245 ὣ
2305 3193 2399 3245 τοῦ
2431 3191 2710 3262 θαύματος
2733 3207 2747 3222 ο
2780 3192 2848 3262 τῇ
2880 3190 2948 3244 δι’
2983 3188 3150 3259 εὐχῆς
3196 3189 3334 3260 πρὸς
3364 3186 3496 3240 Θεὸν
3533 3185 3808 3254 συναερεία

2228 3282 2360 3354 φλὸξ
2386 3283 2760 3352 δεικνύμενος,
2800 3281 3060 3351 ἐφόμοιος
3108 3281 3183 3333 ὢν
3226 3280 3320 3333 τοῦ
3368 3279 3736 3350 μετεχομένου
3779 3280 3807 3330 ὁ

2232 3377 2498 3448 μετέχων,
2533 3374 2762 3442 ἄγγελος
2799 3371 3235 3442 πυριφλεγέθων,
3267 3371 3359 3423 καὶ
3385 3373 3432 3424 εί
3469 3371 3545 3440 μὴ
3594 3370 3808 3439 τολμη-

2233 3469 2342 3538 ρῶς
2399 3468 2595 3533 εἰπεῖν,
2633 3465 2732 3536 τῆς
2764 3465 3064 3532 Μωσαῖκῆς
3095 3462 3253 3530 δόξης
3299 3460 3808 3532 ὑπερφερέστερος.

2231 3560 2295 3615 Τί
2335 3561 2390 3614 δὲ
2428 3562 2460 3631 ὴ
2499 3559 2687 3621 στάσις
2715 3557 2748 3628 ἡ
2778 3556 3087 3625 πάννυχος;
3123 3553 3156 3623 ἡ
3187 3551 3283 3615 νὺξ
3328 3553 3402 3614 ὡς
3441 3552 3628 3623 ἡμέρα
3685 3554 3813 3609 ταῖς

2233 3655 2564 3724 προσευχαῖς
2594 3653 2955 3721 ὲπεφώτιστο,
2979 3647 3052 3711 ὠς
3079 3648 3107 3699 ὁ
3138 3644 3281 3708 θεῖος
3306 3642 3469 3695 Δασὶδ
3497 3644 3814 3714 ὲμελογρά-

2234 3762 2426 3815 φησεν.
2459 3744 2651 3806 Ἥλιός
2684 3760 2742 3795 σε
2781 3738 3068 3812 παρεστῶν
3092 3739 3158 3808 τῇ
3190 3736 3324 3805 εὐχῇ
3346 3733 3483 3804 ἡλίῳ
3513 3732 3816 3802 παρέπεμ-

2235 3854 2360 3901 πεν,
2396 3836 2497 3906 τὴν
2529 3833 2796 3903 κυκλικὴν
2828 3829 3168 3901 περιδρομὴν
3199 3826 3541 3896 ποιούμενος.
3581 3819 3652 3874 Ὠ
3691 3825 3819 3893 ἥλιε

2238 3929 2332 3981 καὶ
2364 3926 2458 3980 τοῦ
2489 3927 2659 3986 ὅντως
2698 3923 2889 3994 νοητοῦ
2917 3920 3067 3992 ἡλίου
3097 3917 3393 3990 ἐφάμιλλε·
3424 3917 3456 3986 ὴ
3481 3914 3696 3967 διάνοιά
3721 3931 3819 3966 σου

2239 4017 2415 4086 φωτὸς
2463 4015 2720 4084 ἐγκύμων
2753 4015 3075 4084 ὑπάρχουσα
3099 4008 3339 4078 ἡλιακῶν
3371 4005 3604 4062 ἀκτίνων
3639 4005 3822 4058 me..-

2242 4107 2498 4178 ρὼτερον,
2543 4107 2671 4167 τοῦς
2701 4104 2996 4172 λογισμοὺς
3040 4105 3119 4165 εἰς
3151 4099 3378 4171 οὐρανὸν
3411 4097 3546 4168 ἠφίη
3574 4098 3670 4165 (r),
3724 4099 3824 4148 καὶ

2240 4199 2384 4271 ὑπὲρ
2410 4199 2536 4262 τοὺς
2566 4196 2829 4265 οὐρανοὺς
2851 4193 3270 4264 άνατρέχοντας.

637 4351 730 4408 26.
769 4354 852 4406 An
912 4353 1224 4407 solitudinis
1299 4349 1700 4421 jucunditatem
1789 4349 2123 4421 praedicabo‘

2315 4355 2428 4423 κς’.
2471 4355 2726 4426 Ἡσυχίας
2756 4352 3126 4425 τερπνότητα;
3154 4348 3249 4403 καὶ
3268 4347 3351 4412 τίς
3377 4366 3470 4401 σου
3495 4349 3677 4418 ᾣπται
3703 4349 3828 4416 φιλ-

571 4445 774 4516 Ecquis
821 4456 872 4501 te
904 4447 1155 4515 apparuit
1181 4443 1494 4500 solitudinis
1517 4443 1810 4506 amantior,
1845 4443 1912 4497 ab
1947 4444 2140 4497 huma-

574 4536 659 4590 nis
684 4535 1006 4590 tumultibus
1035 4533 1340 4601 recedente,
1367 4541 1421 4588 et
1450 4532 1506 4587 in
1537 4531 1713 4588 solum
1746 4530 1919 4586 Deum
1950 4531 2134 4585 eleva-

574 4628 671 4682 to?
697 4627 1053 4698 Pythagoram
1085 4624 1468 4695 philosophum
1502 4638 1625 4678 cum
1663 4623 1880 4678 nemine
1916 4623 2136 4692 quidem

575 4716 702 4780 alio,
765 4728 821 4771 at
873 4731 996 4771 cum
1030 4715 1204 4772 bobus
1254 4723 1434 4768 tamen
1477 4722 1531 4768 et
1561 4713 1752 4767 avibus
1804 4712 2137 4766 collocutqu

576 4808 776 4870 ferunt,
805 4822 871 4861 ex
901 4821 1088 4860 amore
1136 4803 1336 4875 quietis
1367 4822 1380 4858 :
1427 4812 1483 4858 tu
1531 4818 1659 4858 vero
1694 4803 1768 4866 id,
1815 4801 1961 4872 quod
1995 4802 2046 4854 in
2076 4816 2141 4854 eo

579 4895 681 4950 l'uit
725 4912 754 4950 a
791 4895 1132 4965 philosophia
1181 4894 1446 4957 alienum,
1491 4900 1750 4960 tanquam
1806 4908 1996 4962 parum
2049 4893 2141 4946 de-

578 5002 728 5050 cens,
779 4987 1178 5057 redarguendo,
1206 4984 1439 5040 docuisti
1468 4984 1822 5054 hesychasten
1856 4983 1910 5038 in
1945 4984 2140 5039 solitu-

579 5077 705 5130 dine
761 5076 975 5146 degere,
1036 5092 1104 5132 ne
1159 5091 1346 5131 vocem
1400 5075 1619 5144 quidem
1681 5074 1860 5128 avium
1917 5076 2140 5129 audien-

582 5175 684 5220 tem
716 5166 846 5237 (M).
906 5165 1011 5221 Cor
1065 5174 1215 5220 tuum
1262 5181 1460 5236 purum
1519 5166 1656 5219 mari
1697 5164 1966 5234 profunda
1998 5175 2140 5219 tran-

660 5280 674 5311 ¹
706 5279 848 5336 Psal.
883 5296 1145 5344 cxxxvnt,
1176 5280 1262 5334 12.

2241 4447 2614 4519 ησυχώτερος,
2651 4445 2760 4498 τῶν
2813 4440 3166 4512 ἀνθρωπίνων
3220 4437 3463 4508 θορύϐων
3505 4439 3828 4507 ἀφιστάμε-

2242 4557 2350 4602 νος,
2387 4539 2477 4592 καὶ
2513 4537 2649 4608 πρὸς
2671 4535 2803 4588 Θεὸν
2834 4534 2994 4604 μόνον
3037 4529 3536 4602 μετεωριζόμενοςς
3569 4529 3830 4597 Πυθαγό-

2247 4646 2343 4700 ραν
2375 4630 2510 4698 φασὶ
2550 4629 2641 4681 τὸν
2685 4627 2972 4695 φιλόσοφον
3011 4623 3156 4694 ἄλλῳ
3197 4621 3294 4692 μὲν
3331 4619 3530 4683 οὐδενὶ,
3563 4620 3727 4690 βουσὶ
3773 4621 3830 4671 δὲ

2245 4722 2340 4774 καὶ
2373 4721 2580 4790 ὀρνέοις
2612 4718 2933 4789 προσλαλεῖν
2961 4715 3190 4787 ἡσυχίας
3229 4713 3394 4785 ἔρωτι
3417 4726 3431 4739 °
3475 4713 3539 4764 σὺ
3571 4712 3631 4764 δὲ
3663 4712 3828 4764 τοῦδε

2245 4813 2304 4866 τὸ
2336 4813 2658 4881 ἀφιλόσοφον
2700 4809 3020 4880 διήλλεγξας
3057 4808 3132 4870 ὡς
3174 4802 3628 4876 σμικροπρεπὲς,
3685 4803 3829 4871 μηδὲ

2248 4905 2429 4974 φωνῆς
2488 4905 2688 4975 όρνέων
2743 4901 3002 4955 ἐπαΐοντα
3058 4900 3148 4953 τὸν
3203 4896 3516 4968 ἡσυχαστὴν
3566 4896 3829 4964 ἠρεμεῖν.

2250 4999 2464 5052 Ἐοικέν
2493 5015 2585 5051 σου
2619 5000 2651 5069 ἡ
2678 4996 2890 5066 καθαρὰ
2912 4993 3107 5065 καρδία
3132 4991 3357 5059 πελάγει
3384 4987 3833 5057 κατεστορεσμέο

2249 5109 2322 5160 νῳ
2354 5091 2565 5161 γαλήνῃ
2597 5089 2809 5160 βαθείᾳ,
2839 5088 3028 5158 πόρρω
3070 5083 3176 5138 τῶν
3209 5083 3309 5152 τῆς
3339 5078 3609 5150 πονηρίας
3663 5094 3834 5130 πνευι

2251 5185 2434 5253 μάτων
2462 5182 2804 5253 βαλλομένων
2841 5177 3097 5247 ἐπιπνοίᾳ
3136 5173 3232 5229 τοῦ
3269 5171 3534 5239 παναγίου
3567 5167 3832 5240 Πνεῦμα-

2082 5368 2314 5425 NUT/E.

656 5496 729 5564 (qi
776 5495 1124 5565 Ἐπιηνεῖται.
1161 5494 1236 5548 lta
1267 5494 1634 5564 apographum
1665 5501 1933 5565 nostrum2
1964 5488 2123 5565 _Vocel

2229 5502 2340 5539 uane
2371 5499 2474 5538 non
2509 5479 2723 5534 invenio
2761 5497 2772 5531 :
2828 5476 2962 5542 Quid
3004 5475 3048 5528 si
3073 5471 3279 5528 scribas
3322 5468 3682 5565 ὲιξυμρεῖτριιί

659 5567 729 5634 (τ)
769 5565 953 5631 Ἢφίην
991 5565 1056 5617 ab
1088 5565 1286 5633 ἀφίημι
1343 5580 1439 5630 pro
1473 5565 1607 5632 άφίη
1637 5580 1651 5626 ;

1706 5539 2167 5645 ρῖξῇοξίιὶοιιοξο
2201 5571 2306 5624 qua
2363 5551 2726 5620 componitur,
2791 5539 3080 5613 augmento
3128 5541 3416 5620 temporali.
3467 5539 3553 5591 hic
3582 5539 3638 5591 in
3677 5540 3837 5592 initio

1739 5634 1747 5645 .
1907 5630 1935 5645 ι·
1991 5627 2008 5645 ι
2189 5629 2250 5645 .-_
2279 5643 2343 5645 ,__
2381 5626 2428 5645 :_
2466 5624 2697 5645 t:-......-.t-
2730 5619 2970 5645 l‘-.....n.n
3005 5629 3105 5645 non
3158 5612 3257 5645 ΙιἋ
3284 5629 3295 5638 ·
3330 5610 3416 5645 nln
3453 5609 3678 5645 vurlunn
3734 5611 3837 5645 Ιηιο

589 5609 1055 5702 αίῖἷξύἰιίξᾚδῖιῦξ
1691 5609 2346 5685 (ξΙ-έιιᾏτιίῖΙιιείὶιιιιῖοηεε
2381 5626 2433 5705 in
2466 5609 2971 5691 linguam-ercam
3005 5629 3124 5684 pag.
3158 5612 3295 5665 H3:
3330 5609 3419 5662 ubi
3453 5609 3679 5662 verbum
3734 5611 3838 5663 Imc

593 5722 736 5761 nunc
758 5706 940 5774 augeri
972 5701 1028 5757 in
1066 5706 1238 5770 initio,
1273 5701 1418 5758 nunc
1446 5705 1498 5756 in
1526 5703 1724 5765 medii),
1757 5716 1898 5753 nunc
1927 5701 2180 5765 utrinque
2230 5701 2486 5763 reperies.

660 5799 771 5864 (Η)
804 5796 1005 5868 Alludit
1038 5798 1102 5850 ad
1139 5798 1290 5857 illud,
1323 5799 1464 5868 qtttul
1499 5799 1563 5850 de
1595 5812 1723 5850 voce
1763 5794 1985 5868 avicula!
2021 5808 2148 5868 nar-

592 5869 730 5922 ravit
767 5884 914 5920 num.
960 5867 1012 5921 8.
1067 5868 1181 5922 Alia
1232 5864 1669 5937 hic'sequcutiu,
1719 5881 1826 5934 quo
1869 5864 2145 5918 referenda

2255 5789 2384 5852 sint,
2437 5783 2662 5855 quilibet
2714 5797 2810 5851 per
2865 5795 2923 5836 sc
2980 5793 3043 5832 ex
3092 5774 3252 5829 dictis
3303 5771 3614 5842 perspicere
3680 5781 3836 5838 potc'

2258 5871 2345 5911 ιιι.
