3926 6508
180 447 276 514 881

781 444 1063 508 ORATIO
1098 444 1239 506 XII.
1277 468 1348 482 ·-·
1387 443 1770 507 LAUDATIO
1801 445 1863 506 S.
1925 445 2240 506 ARSENII
2273 442 2820 506 ANACHORET/E.

3320 442 3428 506 882

176 577 285 626 τος,
335 558 395 610 ιν
444 547 490 626 ᾧ
533 555 597 611 τὸ
652 555 819 611 πλοῦν
863 555 1222 625 διαπεράνας,
1255 557 1337 619 είς
1375 555 1468 609 τὸν
1506 555 1757 626 ἀκύμονα

1866 557 2131 629 quillitate
2156 564 2332 613 strato
2369 555 2547 612 simile
2578 554 2698 622 fuit,
2728 553 3014 624 spiritibus
3043 553 3267 612 malitia!
3298 572 3428 628 pro-

178 650 371 722 λιμινα
395 648 497 718 τῆς
523 648 637 704 ἀνω
664 647 943 718 βασιλείας
969 646 1340 713 κατέπαυσας.
1373 649 1748 720 Ταπεινοφρο-

179 743 342 813 σύνης
370 741 536 812 ὖψοςς
569 742 662 795 καὶ
684 742 767 805 τίς
791 741 962 806 οὕτως
983 743 1272 799 ἐταπείνου
1297 743 1488 798 ἑαυτὸν
1513 746 1572 798 ὲν
1597 744 1752 799 εὐτε-

175 833 297 906 λείᾳ
324 834 587 906 ὲσθῆτοςς
629 833 727 898 Τίς
767 831 942 900 οὕτως
981 835 1052 890 τά
1081 836 1274 908 πρῶτα
1312 836 1451 908 ἔχων
1495 838 1554 891 ἐν
1595 837 1751 908 βασι-

176 923 350 988 λεῦσι,
397 923 490 977 καὶ
538 923 708 987 πολὺς
749 925 808 978 ἐν
854 924 1157 992 παιδεύσει,
1208 925 1441 992 ὕστατος
1485 926 1641 999 ὤφθη
1693 929 1753 984 ἑν

175 1015 491 1087 ἀποκρύψει
529 1014 812 1085 εὐγενείας
849 1034 912 1070 τε
941 1018 1037 1072 καὶ
1069 1018 1264 1088 σοφίας
1308 1020 1408 1091 τῆς
1442 1020 1753 1093 ἀπολλυμέ-

174 1123 311 1180 νης⁶
364 1111 391 1162 ὁ
437 1108 887 1181 χρυσοστόλιστος
931 1109 1346 1182 πενιχροφόρος,
1389 1112 1418 1165 ὀ
1446 1111 1755 1183 πολύσοφος

178 1205 671 1277 ἀγροικιζόμενοςο
715 1205 744 1258 ὁ
777 1203 1258 1273 πολυμαθέστατος
1309 1203 1754 1275 μαθητευόμενος

175 1300 295 1361 ταῖς
328 1297 664 1368 ἐρωτήσεσιν
695 1292 837 1367 [ut]
865 1297 985 1358 ταῖς
1015 1293 1358 1366 ἐκμαθήσεσι
1379 1294 1755 1363 προσπαθείας

177 1389 505 1461 νεκρότητα,
530 1388 626 1442 καὶ
648 1387 897 1458 παρῆκες
916 1387 1090 1456 ἑτέρῳ
1119 1387 1298 1441 πλέων
1322 1387 1486 1457 ἔχειν.
1517 1389 1589 1442 Τὸ
1618 1387 1756 1459 πρὸς

176 1481 299 1543 τοὺς
334 1477 771 1549 ἀγχιστεύαντας
796 1479 1117 1544 αἰσθέσθαι;
1157 1477 1439 1532 Ἐντεῦθεν
1471 1495 1554 1532 σοι
1580 1480 1641 1533 τὺ
1668 1479 1757 1534 λέ-

175 1589 292 1640 γειν
313 1588 330 1603 °
373 1570 516 1638 Ἐγὼ
564 1571 670 1642 πρὸ
700 1569 914 1625 ἐκείνου
944 1569 1238 1635 ἀπέθανον,
1273 1570 1351 1640 τῷ
1385 1571 1756 1644 προαιρετικῷ

173 1664 376 1735 δηλαδὴ
434 1663 652 1734 Θανάτῳ
708 1660 805 1715 τοῦ
853 1660 1088 1732 φυσικοῦ
1144 1661 1574 1734 προτεθνηκότος
1635 1679 1754 1718 σου.

185 1755 474 1809 Ἐντεῦθεν
495 1755 556 1808 τὸ
585 1753 850 1826 μακάριόν
878 1771 972 1807 σου
999 1752 1348 1825 ἐπίφθεγμα·
1389 1755 1654 1824 Ἀρσὲνιε,
1676 1755 1758 1809 διὸ

171 1845 397 1917 ἐξῆλθες
416 1862 430 1877 ο
462 1845 490 1899 ὃ
521 1846 710 1917 ᾄδουσι
757 1843 911 1914 χοροὶ
943 1844 1250 1915 μοναστῶν,
1287 1846 1546 1917 φέροντες
1576 1863 1754 1915 σωτη-

173 1940 294 2010 ρίας
351 1939 602 2006 ἑφόδιον·
649 1937 925 2009 ἁμαρτίας
977 1939 1088 2008 γάρ
1133 1940 1282 1993 ἐστιν
1336 1939 1621 2010 ἐμπόδιον,
1662 1918 1839 2012 τήνΒ

170 2031 374 2094 αίτίαν,
396 2030 465 2083 δι’
486 2029 553 2100 ἠν
572 2029 776 2101 κόσμου
795 2031 1208 2102 ὲπερῤἀγημεν,
1224 2031 1763 2103 ὲπαναμιμνήσκειν,

174 2123 266 2175 καὶ
297 2122 438 2192 πρὸς
474 2122 643 2192 μηδὲν
679 2121 807 2175 ἀλλο
827 2121 869 2193 ἢ
895 2120 1025 2192 περὶ
1049 2120 1205 2175 τοῦδε
1230 2121 1395 2192 μόνου
1431 2122 1760 2194 φροντίζειν.

1856 650 1946 704 cul
2009 648 2199 718 ejectis
2257 649 2441 704 atilatu
2531 647 2769 716 Spiritus
2835 647 3210 705 sanctissimi:
3268 651 3430 721 cujus

1856 741 2116 811 auspiciis
2166 740 2567 812 navigationem
2659 753 2939 804 emensus,
3015 741 3072 794 in
3129 742 3432 812 tranquillo

1857 835 2079 904 superni
2134 832 2286 905 regni
2364 842 2525 902 portu
2583 830 2920 901 requievisti.
2973 831 3058 886 An
3105 832 3432 890 humilitatis

1858 925 2202 980 altitudinem
2233 926 2493 994 eloquar?
2519 923 2721 995 Ecquis
2760 923 2902 981 adeo
2956 924 3197 995 seipsum
3230 925 3432 997 abiecit

1859 1016 1918 1073 in
1973 1017 2179 1073 vilitate
2223 1019 2458 1074 vestitus
2480 1017 2503 1070 τ
2527 1015 2662 1084 Quis
2697 1016 2933 1087 primum
2962 1016 3104 1087 apud
3130 1017 3428 1086 imperato-

1859 1123 1948 1164 res
1975 1109 2151 1163 locum
2185 1117 2398 1175 tenens,
2447 1109 2727 1177 multaque
2759 1107 3028 1178 sapientia
3073 1109 3433 1179 conspicuus.

1859 1201 1997 1256 adeo
2031 1202 2280 1271 apparuit
2328 1211 2677 1271 postremus,
2722 1199 3064 1256 occultando.
3093 1200 3434 1258 nobilitatem

1859 1310 1926 1351 ac
1984 1295 2329 1366 sapientiam,
2381 1310 2504 1366 qua:
2534 1296 2694 1366 peril.
2726 1295 2832 1362 Qui
2885 1309 3054 1351 aurea
3111 1293 3433 1350 indueharis

1859 1385 2020 1451 stola,
2048 1387 2440 1458 pauperculum
2470 1387 2582 1444 fers
2613 1387 2898 1456 habitum;
2939 1388 3034 1458 qui
3061 1402 3188 1444 eras
3218 1386 3436 1458 sapien-

1861 1478 2129 1546 tissimus,
2176 1479 2241 1536 tis
2290 1479 2445 1536 rudis
2488 1487 2544 1536 et
2591 1481 2866 1551 agrestis;
2903 1480 2996 1551 qui
3025 1494 3148 1536 eras
3181 1479 3439 1551 magister

1859 1558 2170 1641 disciplinis
2237 1571 2683 1639 excultissimus,
2777 1571 3303 1643 interrogationibus
3374 1584 3440 1625 ac

1862 1663 2166 1734 disciplinis
2206 1664 2684 1721 mortiﬁcationem
2744 1664 2915 1722 discis
2955 1663 3332 1730 all‘ectionum,
3383 1675 3440 1719 ct

1863 1763 2106 1829 potiores
2133 1758 2291 1813 alteri
2332 1767 2518 1828 partes
2564 1756 2914 1814 concessisti.
2938 1756 3116 1819 Anne,
3150 1770 3281 1827 erga
3313 1769 3442 1825 pro-

1863 1849 2106 1918 pinquos
2144 1848 2422 1917 quomodo
2462 1846 2690 1902 allectus
2739 1845 2935 1910 fueris.
2989 1846 3264 1917 eloquar?
3307 1845 3444 1901 lllnc

1869 1947 2022 1994 tuum
2089 1947 2237 1994 certe
2265 1937 2488 1993 eﬂ‘atum
2533 1937 2687 2009 (15):
2753 1935 2867 2008 Ego
2923 1945 3051 1992 ante
3086 1937 3265 2007 ipsum
3295 1950 3444 1990 mor-

1871 2041 1998 2087 tuus
2050 2047 2172 2087 sum
2208 2049 2222 2086 :
2264 2031 2576 2088 voluntaria
2618 2029 2874 2086 videlicet
2919 2038 3100 2085 morte
3139 2027 3446 2084 naturalem

1873 2134 1922 2180 te
1953 2130 2331 2193 pratvertcnte.
2367 2119 2506 2175 Htuc
2545 2121 2766 2176 beatum
2798 2130 2950 2175 tuum
2982 2120 3188 2174 dictum
3219 2138 3233 2174 :
3263 2120 3435 2174 Arse-

174 2214 248 2280 ni,
300 2229 473 2284 quare
541 2211 922 2280 cxisti?Quod
970 2212 1267 2268 concinunt
1324 2214 1479 2270 chori
1528 2217 1946 2282 monachorum,
2015 2213 2252 2269 ferentes
2309 2212 2568 2267 viaticum
2639 2213 2855 2269 salutis.
2901 2211 3192 2268 Peccatum
3247 2213 3448 2282 quippe

173 2307 403 2376 impedit
453 2322 633 2362 causa:
692 2316 910 2377 propter
958 2322 1122 2378 quam
1155 2323 1187 2362 a
1221 2308 1427 2364 mundo
1455 2309 1634 2365 avulsi
1692 2326 1908 2378 sumus,
1975 2307 2407 2373 reminiscentia,
2465 2307 2725 2378 nullaque
2747 2308 2852 2363 alia
2877 2323 3043 2380 quam
3103 2307 3172 2365 de
3197 2307 3300 2365 hoc
3329 2309 3447 2364 solo

178 2414 330 2454 cura.

239 2490 350 2555 κζ’.
387 2490 455 2544 Τί
488 2489 543 2543 δὲ
567 2490 600 2560 ἡ
624 2488 948 2558 ἀγαλλίασις
979 2491 1082 2562 τῆς
1111 2491 1260 2558 θείας
1281 2494 1645 2562 κατανύξεως,
1667 2514 1763 2568 με·

173 2582 301 2653 λέτη
334 2581 573 2635 θανάτου
603 2581 886 2652 διηνεκὴς,
921 2583 1166 2648 ἀεννάως
1196 2585 1568 2654 πελαγίζουσα
1604 2590 1662 2642 ὲν
1689 2590 1756 2660 τῇ

176 2674 398 2745 καθαρᾷ
429 2673 625 2745 καρδία
655 2690 771 2737 σου,
801 2673 862 2740 ἐξ
889 2668 956 2745 ἦς
1004 2677 1075 2731 τά
1121 2677 1318 2749 ῥεῖθρα
1350 2678 1460 2732 τῶν
1499 2679 1754 2752 δακρύων

176 2765 513 2828 ἀνελλειπῶς
544 2765 847 2836 προχέοντα
872 2768 1081 2840 πυρσόν
1115 2786 1199 2824 σοι
1224 2770 1398 2840 ἀνῆψε
1431 2770 1582 2838 θείας
1613 2774 1756 2842 ἀγα-

177 2857 434 2929 πήσεως;
491 2857 569 2927 Τῇ
613 2858 936 2931 σωφροσύνῃ
991 2860 1244 2932 δεύτερον
1284 2861 1484 2934 Ἰωσὴφ
1529 2864 1756 2931 είκότως

176 2948 510 3018 καλέσαιμι·
547 2947 682 3002 ἀλλά
724 2951 819 3003 καί
858 2951 919 3004 τὸ
946 2952 1043 3024 τῆς
1073 2951 1261 3022 θήλεος
1299 2953 1641 3024 μνημόσυνον
1679 2958 1760 3019 εἰς

177 3040 326 3093 ἆπαν
353 3037 591 3108 ἐξαίρων
621 3037 681 3104 ἐξ
710 3040 877 3111 ἁγνῆς
924 3041 1156 3113 καρδίας
1218 3060 1334 3096 σου.
1371 3044 1429 3098 '0
1463 3045 1630 3109 ὅντως
1659 3048 1760 3100 Φε-

1935 2492 2028 2548 27.
2045 2490 2166 2547 Jam
2188 2505 2323 2548 vero
2360 2490 2493 2562 quid
2519 2489 2819 2546 exsultatio
2847 2487 3045 2543 divinae
3070 2488 3452 2557 compunctio-

1862 2585 1972 2654 nis,
2001 2601 2065 2641 ac
2096 2583 2379 2640 meditatio
2413 2582 2605 2637 mortis
2647 2581 2892 2644 assidua,
2917 2580 3125 2651 jugiter
3158 2578 3447 2637 exundans

1860 2675 1917 2730 in
1941 2690 2081 2745 puro
2104 2674 2267 2730 corde
2296 2683 2414 2740 tuo,
2445 2688 2476 2729 e
2506 2687 2617 2743 quo
2653 2673 3018 2743 lacrymarum
3059 2667 3264 2728 ﬂuenta
3294 2672 3448 2728 inde-

1862 2766 2112 2824 sinenter
2156 2765 2540 2837 promanantia
2585 2765 2865 2819 flammam
2917 2764 3022 2819 sibi
3078 2764 3450 2820 accenderunt

1861 2854 2061 2912 divina:
2111 2855 2468 2912 dilectionis?
2511 2853 2856 2911 Verecundia
2916 2855 3148 2910 alterum
3200 2865 3254 2910 te
3293 2840 3450 2911 lose-

1864 2949 2033 3021 phum
2093 2952 2292 3004 merito
2325 2948 2744 3019 appellaverim;
2777 2948 2872 3004 sed
2914 2947 3062 3002 enim
3092 2946 3309 3004 femiua!
3335 2963 3451 3004 me-

1867 3042 2098 3097 moriam
2133 3057 2200 3096 ex
2247 3051 2400 3097 casto
2427 3041 2594 3095 corde
2627 3049 2722 3095 tuo
2753 3039 2981 3094 omnino
3008 3039 3252 3095 delevisti
3275 3057 3291 3108 ;
3314 3055 3450 3095 con-

181 3130 432 3201 ρώνυμος
459 3129 634 3201 ἄρσην
661 3131 753 3204 (ε),
790 3133 891 3186 καὶ
915 3132 1067 3186 οὐδὲν
1099 3132 1463 3208 θηλυπρεπῶς
1499 3137 1758 3209 ἐπιφερό-

1866 3135 2114 3189 veniente
2164 3133 2239 3187 rei
2288 3132 2686 3202 signiﬁcatione
2726 3129 2914 3188 Ferens
2955 3147 3154 3187 nomen
3182 3133 3285 3187 viri
3317 3171 3334 3197 ,
3364 3135 3449 3207 ni-

180 3240 362 3292 μενος.
394 3223 474 3293 Τῇ
506 3224 805 3296 ἐγκρατείᾳ
829 3226 897 3281 τὰ
923 3227 1070 3298 πάθη
1098 3230 1422 3300 πτερνίζων,
1448 3231 1541 3284 τὸν
1564 3249 1761 3303 πατρι-

179 3315 356 3387 ἀρχην
398 3315 595 3370 Ἰακὼὸ
626 3318 931 3390 ἐζηλώσας,
969 3320 1166 3376 ἐσθίων
1210 3323 1297 3378 διὰ
1325 3324 1388 3378 τὸ
1411 3323 1532 3396 ζῇν,
1561 3325 1622 3378 ού
1652 3324 1760 3389 ζῶν

177 3409 266 3461 διά
296 3409 358 3461 τὸ
378 3409 617 3462 ἐσθίεινο
709 3411 817 3482 γάρ
849 3413 964 3477 τοῖς
995 3413 1100 3480 ἔξω
1126 3413 1270 3486 λόγῳ
1304 3415 1764 3484 πεφιλοσόφηται,

177 3501 338 3557 τοῦτό
370 3520 454 3557 σοι
488 3503 635 3575 ἔργῳ
665 3504 924 3558 ἑκάστοτε
953 3505 1332 3577 ἐπεπλήρωτο.
1376 3507 1456 3579 Τῇ
1484 3507 1765 3581 ἀγρυπνίᾳ

178 3596 252 3659 ὡς
315 3595 613 3666 ἀσώματος
664 3596 992 3662 διετέλεσας,
1025 3597 1291 3666 κοιμίζων
1346 3601 1474 3665 τοὺς
1525 3601 1765 3671 ἀστέρας

179 3688 298 3750 ταῖς
331 3685 722 3757 ὲγρηγόρσεσι,
750 3688 1138 3759 παραπέμπων
1165 3690 1264 3762 τὴν
1286 3689 1457 3744 νύκτα
1485 3693 1608 3757 ταῖς
1638 3694 1762 3745 ἑπι-

182 3777 431 3847 κλήσεσι,
463 3778 646 3845 πάσης
671 3778 873 3848 ἀρετῆς
905 3779 1212 3845 ἀνάπλεως,
1241 3781 1443 3845 παντὸς
1486 3782 1766 3852 κατορθώ-

186 3887 355 3938 ματος
405 3871 647 3941 ὲραστὴς
703 3869 1118 3944 ἀκριϐέστατος.
1157 3869 1228 3928 Ὦ
1257 3874 1484 3946 φωστὴρ
1529 3875 1630 3945 τῆς
1672 3875 1766 3928 ὑπ’

181 3961 414 4030 οὐρανὸν
463 3960 848 4030 φωτεινότατε.
890 3956 962 4014 '0
1007 3963 1184 4035 ἀστὴρ
1228 3963 1551 4035 ἡσυχαστῶν
1596 3965 1768 4034 αὐγο-

181 4047 458 4101 ειδὲστατε
478 4063 492 4077 ο
509 4043 579 4101 Ὦ
602 4048 758 4114 κλέος
786 4051 1066 4121 μοναστῶν
1090 4047 1552 4108 πολυευκτότατον
1567 4069 1582 4084 ·
1605 4051 1766 4122 Εὖγε,

182 4137 407 4208 ἀγγελε,
453 4139 685 4208 ὲπίγειε,
726 4140 995 4207 ἀπαθείας
1035 4142 1363 4215 ὡραιότησιν
1392 4146 1764 4217 ὲπτερωμένε.

188 4225 350 4299 Εὖγε,
387 4233 600 4303 ἀρετῶν
647 4234 965 4306 παράδεισε,
1009 4237 1210 4299 παντὸς
1253 4238 1454 4309 ὡραίου
1492 4237 1771 4308 κατορθώ-

190 4341 358 4393 ματος
411 4326 814 4396 πεφυτευμένε.
851 4327 1236 4398 Εὖγε,οὑρανὲ
1283 4329 1610 4396 κατάστερε,
1651 4346 1770 4382 ποι-

189 4418 359 4482 κίλοις
388 4418 643 4474 κάλλεσι.
666 4457 680 4473 .
700 4419 1158 4491 .δεδιουργημένε
1197 4422 1282 4490 ἐφ’
1315 4420 1439 4490 ῦψει
1474 4420 1568 4474 τοῦ
1601 4422 1771 4476 καθα-

188 4509 437 4578 ρωτάτου
469 4509 587 4580 βίου
607 4548 621 4562 .
641 4547 655 4562 .
673 4547 689 4563 .
706 4547 720 4562 .

1862 3225 2047 3295 hilque
2121 3223 2418 3280 eﬂemiuati
2485 3239 2597 3295 prae
2657 3231 2724 3278 .te
2781 3219 2986 3280 ferens.
3068 3222 3448 3295 Temperantia

1859 3337 2056 3393 pravas
2083 3322 2254 3378 animi
2297 3323 2740 3393 perturbationes
2784 3321 3030 3387 calcans,
3071 3321 3445 3392 patriarcham

1861 3412 2034 3471 Iacob
2084 3416 2374 3472 aemulatus
2425 3429 2508 3482 es;
2541 3413 2834 3470 comedens
2853 3422 2913 3470 ut
2935 3414 3148 3469 viveres
3177 3453 3193 3479 ,
3230 3429 3340 3469 non
3369 3415 3451 3469 vi-

1864 3522 2017 3570 vens.
2051 3515 2111 3561 ut
2152 3506 2490 3564 comederes.
2540 3505 2697 3574 Quod
2739 3507 2888 3561 enim
2937 3506 3006 3561 ab
3039 3506 3288 3562 externis
3323 3506 3448 3576 phi-

1865 3599 2213 3669 losopbatum
2259 3597 2364 3654 fuit
2391 3599 2578 3666 verbo,
2627 3598 2761 3655 illud
2805 3598 2904 3654 ahs
2937 3607 2986 3654 te
3019 3598 3221 3669 passim
3253 3599 3451 3670 imple-

1867 3702 1980 3748 tum
2011 3706 2199 3761 opere.
2234 3692 2363 3747 Sine
2410 3707 2606 3748 somno
2646 3690 3000 3763 perdurasti;
3042 3707 3150 3747 non
3194 3706 3356 3749 secus
3387 3708 3452 3750 ac

1866 3783 1916 3840 si
1977 3781 2180 3839 fuisses
2244 3784 2635 3853 incorporeus;
2692 3782 2883 3837 stellas
2939 3782 3162 3852 sopieus
3217 3782 3446 3852 vigiliis,

1866 3885 2195 3945 noctemque
2263 3876 2575 3946 tran'sigens
2639 3875 3103 3940 invocationibus,
3164 3877 3316 3930 omni
3346 3861 3451 3930 viro

1869 3975 1984 4022 tute
2009 3967 2226 4036 plenus,
2277 3977 2332 4023 et
2385 3968 2831 4025 studiosissimus
2895 3966 3078 4023 omnis
3124 3969 3256 4023 recti
3287 3965 3449 4022 cilicii

1869 4069 2105 4112 amator.
2167 4056 2212 4113 Ο
2267 4059 2538 4114 luminare
2594 4059 2792 4123 omnis,
2867 4074 2988 4128 quae
3042 4058 3146 4113 sub
3174 4057 3315 4113 caelo
3345 4064 3449 4121 est,

1869 4157 2030 4204 teme
2079 4150 2510 4206 lucidissimuml
2569 4150 2616 4206 Ο
2676 4152 2832 4207 stella
2863 4151 3312 4223 hesychastarum
3347 4149 3453 4203 ful-

1871 4240 2185 4310 gidissima!
2249 4256 2282 4295 ο
2327 4243 2495 4298 decus
2561 4243 2958 4300 monachorum
3011 4242 3446 4312 optatissimum.

1871 4329 2020 4397 Euge
2069 4332 2344 4389 terrestris
2379 4333 2587 4404 angele,
2622 4335 2832 4390 alarum
2873 4351 2904 4390 a
2937 4332 3120 4404 pravis
3169 4331 3453 4403 appetitio-

1873 4423 2036 4478 nibus
2087 4423 2434 4480 immunitum
2478 4435 2820 4482 venustatem
2861 4425 3069 4481 indute.
3100 4423 3250 4494 Euge
3278 4424 3451 4478 virtu-

1799 4496 1844 4552 Ῑ)
1873 4521 1992 4567 tum
2034 4515 2307 4584 paradiso,
2355 4517 2510 4572 omni
2542 4528 2759 4573 maturo
2774 4518 3080 4576 honestatis
3111 4517 3290 4574 fructu
3318 4529 3452 4572 cou-

187 4603 308 4656 sitc.
358 4601 508 4672 Euge
539 4603 810 4657 stellatum
845 4603 1066 4668 cmlum,
1095 4602 1244 4657 varia
1308 4603 1801 4672 pulchritudine...
1843 4603 2166 4662 fabricatum
2213 4624 2376 4680 super
2432 4608 2650 4680 fastigio
2706 4611 3014 4681 purissime
3059 4610 3181 4666 vitae
3237 4608 3449 4680 (16)....

186 4705 379 4747 cetera
427 4693 820 4749 desiderantur.

1703 4810 1935 4868 ΝΟΤᾸΞ.

261 4925 331 4996 (s)
367 4926 602 4998 ’Δρσηνο
631 4923 708 4980 lta
747 4926 835 4982 hic
863 4925 1068 4980 mutavi
1099 4925 1423 4980 mendosum
1454 4925 1625 4996 ἀρεις.
1661 4924 1760 4981 Vid

1866 4937 2042 4998 lymon
2073 4929 2128 4984 in
2159 4927 2365 4988 Comm.
2394 4929 2607 4999 prmio,
2642 4943 2792 4982 nunt.
2829 4926 2882 4980 2.

262 5041 376 5111 (l5)
408 5038 626 5095 Dictum
663 5039 796 5095 illud
827 5039 909 5094 vel
936 5050 1148 5111 auctor,
1176 5038 1260 5092 vel
1291 5038 1484 5111 aliquis
1513 5040 1774 5111 transcri-

189 5121 312 5178 ptnr
345 5109 697 5180 praetermisit
721 5115 775 5166 in
811 5119 958 5164 textu
987 5109 1123 5164 Vita:
1149 5125 1300 5171 num,
1335 5109 1438 5175 l7;
1475 5110 1567 5180 sed
1599 5109 1775 5162 aliun-

188 5182 257 5233 de
281 5178 407 5235 illud
441 5181 726 5247 eruimus,
773 5190 834 5234 ut
871 5189 1015 5250 patet
1053 5196 1118 5234 ex
1153 5181 1428 5234 annotatis
1460 5178 1527 5233 ad
1559 5194 1680 5247 cap.
1712 5180 1769 5233 ‘2.

264 5253 375 5320 (lii)
412 5251 472 5306 Si
499 5250 777 5321 epilogum
806 5250 1062 5306 conferas
1113 5264 1237 5306 cum
1278 5251 1524 5321 prologo,
1556 5265 1660 5304 non
1693 5250 1774 5304 vi-

1883 5042 2079 5098 dentur
2107 5042 2196 5098 hic
2246 5043 2349 5098 nisi
2407 5041 2639 5111 paucula
2694 5036 2994 5094 desiderari
3030 5052 3044 5090 :
3083 5048 3271 5111 neque
3309 5033 3451 5087 enim

1882 5113 2196 5169 verosimile
2226 5123 2332 5177 est,
2366 5104 2514 5184 quod
2551 5117 2744 5166 auctor
2771 5123 2940 5180 parvo
2978 5106 3140 5177 capiti
3164 5104 3454 5176 adiungere

1879 5183 2113 5240 voluerit
2138 5185 2370 5240 caudam
2390 5183 2689 5252 majorem.
