3926 6436
521 364 627 427 883

1678 362 1739 422 S.
1780 360 2169 423 THEODORJ
2217 355 2559 419 STUDITE

1151 500 1259 561 DE
1286 500 1706 575 SEQUENTE
1751 500 2263 564 LAUDATIONE
2324 496 2667 560 FUNEBRI
2714 494 3113 560 MONITUM.

1520 689 1675 756 (Anc.
1720 687 1850 766 Mn,
1878 686 2132 742 Bibliotlt.
2160 699 2309 772 natu,
2352 689 2391 734 t.
2425 695 2498 743 Vt,
2522 694 2579 749 p.
2613 679 2760 749 565.)

591 883 817 938 Matrem
847 898 998 938 suam
1030 881 1407 940 Theoctistam
1447 899 1710 953 supremo
1758 884 1947 939 morbo
1993 882 2327 937 laborantem
2363 887 2676 950 peramante
2726 878 2922 948 pi'aque
2950 876 3185 948 epistola
3228 876 3546 932 consolatus
3578 875 3758 932 fuerat

521 972 861 1036 Theodorus,
893 986 1017 1041 qua:
1041 981 1125 1026 est
1149 972 1271 1025 libri
1307 970 1509 1041 prioris
1533 980 1710 1027 sexta.
1742 968 1886 1025 idem
1915 984 2040 1025 mox
2067 970 2391 1026 exstinctam
2436 967 2649 1022 funebri
2678 966 2928 1021 oratione
2968 973 3293 1035 prosecutus
3321 974 3423 1030 est,
3450 973 3507 1020 et
3533 965 3757 1035 quidem

524 1059 743 1130 insigni,
782 1074 947 1128 quam
980 1069 1289 1113 memorant
1341 1059 1449 1114 duo
1488 1058 1798 1130 biographi,
1832 1069 2021 1112 noster
2051 1071 2171 1128 cap.
2199 1055 2256 1119 2,
2288 1064 2341 1109 et
2374 1052 2795 1108 Sirmoudianus
2843 1066 2896 1121 p.
2931 1051 2985 1106 5.
3013 1049 3131 1106 lam
3176 1066 3306 1107 vero
3339 1067 3466 1107 cum
3515 1052 3574 1107 in
3605 1064 3763 1107 cata-

521 1149 645 1218 logo
672 1147 942 1216 impresso
976 1146 1225 1200 codicum
1254 1161 1389 1200 mss.
1416 1145 1758 1200 bibliothecae
1781 1145 1957 1215 Regia:
1974 1141 2326 1205 Parisiensis,
2363 1150 2403 1194 t.
2435 1140 2503 1202 ll,
2536 1156 2585 1210 p.
2613 1138 2740 1202 558,
2768 1138 3019 1209 legissem
3056 1139 3259 1194 servari
3294 1138 3347 1192 in
3378 1140 3570 1195 codice
3618 1138 3755 1193 M9l

522 1235 665 1289 hanc
697 1232 925 1288 Studitaa
965 1234 1268 1287 oratiOnem
1297 1232 1363 1287 de
1396 1243 1570 1287 matre
1603 1248 1725 1300 sua,
1748 1248 1976 1302 eamque
2007 1232 2251 1287 nondum
2286 1228 2487 1284 editam
2513 1228 2752 1281 viderem
2771 1270 2786 1293 ,
2810 1226 2954 1296 justa
2984 1226 3117 1282 mihi
3146 1226 3415 1297 cupiditas
3434 1228 3625 1283 oborta
3654 1239 3760 1291 est,

522 1320 966 1391 quandoquidem
1003 1321 1284 1389 complura
1321 1320 1427 1374 alia
1462 1318 1690 1375 Studitae
1723 1321 1924 1388 scripta
1954 1320 2255 1384 edideram,
2289 1318 2392 1372 hoc
2417 1316 2785 1386 epitaphicum
2827 1315 3028 1385 pariter
3058 1316 3111 1369 in
3150 1314 3325 1370 lucem
3357 1316 3712 1384 protrahendi
3747 1335 3759 1371 :

521 1409 723 1463 etenim
768 1418 973 1464 sanctae
1011 1405 1229 1461 femina:
1267 1406 1573 1461 encomium
1613 1422 1641 1460 a
1674 1415 1861 1462 sancto
1894 1405 2001 1459 filio
2025 1406 2337 1469 recitatum,
2369 1418 2529 1474 quem
2566 1418 2673 1456 non
2702 1401 2966 1456 delectet?
3001 1400 3201 1470 Rogavi
3232 1402 3396 1471 igitur
3417 1417 3515 1473 per
3550 1402 3764 1457 litteras

521 1496 701 1551 virum
731 1496 970 1565 equestri
1020 1495 1284 1564 dignitate
1331 1502 1610 1558 ornatum,
1636 1503 1799 1562 atque
1841 1492 2000 1546 editis
2030 1492 2184 1548 libris
2206 1492 2594 1556 clarissimum,
2634 1489 2878 1557 mihique
2907 1488 3111 1557 jamdiu
3160 1490 3393 1543 amicitia
3421 1490 3761 1554 devinctum,

522 1581 750 1637 Paulum
780 1582 1099 1645 Drachium,
1131 1591 1190 1635 ut
1222 1581 1539 1651 praedictam
1572 1580 1801 1635 Studitze
1830 1579 2287 1645 lucubrationem,
2330 1581 2431 1633 mei
2464 1594 2626 1632 causa
2661 1593 2724 1631 ex
2760 1575 3061 1632 Parisieusi
3122 1577 3306 1631 codice
3344 1577 3765 1633 exscribendam

526 1680 747 1725 curaret
786 1687 801 1737 ;
838 1670 980 1737 quod
1048 1669 1137 1723 ille
1188 1684 1283 1736 per
1327 1668 1600 1738 egregium
1656 1667 2044 1738 calligraphum
2106 1666 2432 1740 Sypsomum
2491 1680 2625 1734 pure
2670 1665 3049 1735 eleganterque
3088 1665 3480 1720 conficiendum
3543 1668 3764 1736 sategit.

524 1758 693 1828 Igitur
736 1756 926 1813 Graeco
980 1762 1205 1825 accepto
1262 1755 1578 1823 exemplari,
1627 1755 1849 1808 latinam
1902 1753 2190 1810 confestim
2240 1754 2655 1809 translationem
2691 1752 2883 1822 adjeci,
2924 1761 2984 1807 ut
3033 1752 3156 1822 pius
3202 1753 3290 1808 hic
3319 1753 3768 1808 Commentarius

523 1844 775 1913 plurimis
800 1845 992 1915 prosit.
1030 1841 1146 1895 Erit
1182 1844 1346 1912 igitur
1380 1843 1483 1897 hoc
1514 1843 1578 1896 de
1605 1840 1917 1896 Thcoctista
1970 1842 2231 1911 scriptum
2268 1839 2673 1909 adjuugeudum
2714 1839 2811 1902 illi,
2846 1837 2991 1907 quod
3018 1838 3084 1892 de
3113 1836 3340 1893 Platone
3361 1880 3376 1903 ,
3406 1839 3768 1910 pientissimae

522 1931 766 2002 ejusdem
816 1930 1034 1985 femina:
1084 1929 1273 1996 fratre,
1305 1945 1407 1984 suo
1440 1944 1633 1999 nempe
1661 1930 1953 1993 avunculo,
1978 1936 2032 1983 et
2059 1929 2113 1983 in
2138 1929 2481 1999 spiritalibus
2505 1926 2691 1991 Patre,
2724 1925 2867 1980 idem
2898 1925 3112 1979 Studita
3141 1927 3405 1992 exaravit,
3436 1936 3491 1983 et
3540 1925 3767 1983 Bollan-

525 2020 669 2075 diani
703 2020 755 2074 iu
780 2019 957 2090 primo
992 2018 1190 2088 Aprilis
1218 2018 1497 2072 volumine
1524 2017 1770 2086 Appcud.
1806 2032 1861 2087 p.
1891 2016 2085 2083 46-54,
2114 2031 2181 2071 ex
2214 2015 2482 2069 Vaticano
2529 2014 2721 2068 codice
2744 2012 2953 2083 jamdiu
2990 2014 3329 2083 evulgaruut.

1229 2125 1370 2180 Xlll.

526 2221 712 2277 Sancti
744 2221 925 2277 Patris
945 2221 1112 2274 nostri
1153 2229 1201 2272 et
1228 2219 1540 2287 confessoris
1567 2217 1823 2272 Theodori
1848 2217 2093 2275 Cateclte-

862 2294 934 2345 sis
962 2290 1193 2361 funebris
1228 2291 1282 2342 in
1328 2300 1548 2343 matrem
1583 2304 1757 2344 suam.

594 2457 644 2508 l.
677 2453 914 2523 Tempus
941 2453 1127 2522 exigit,
1155 2465 1188 2504 ο
1212 2449 1304 2503 lilii
1327 2464 1390 2502 ac
1421 2446 1633 2509 fratres,
1671 2457 1730 2501 ut
1761 2447 2096 2516 inexspecta-

527 2559 635 2603 tam
666 2546 909 2601 notitiam
942 2544 1121 2599 obitus
1151 2541 1365 2611 inclytm
1387 2538 1690 2593 communis
1717 2536 1891 2591 Patris
1922 2535 2096 2591 nostri

525 2639 735 2696 sororis
764 2635 1096 2692 nuntiemus.
1131 2631 1255 2687 llaec
1282 2632 1425 2686 enim
1458 2637 1743 2699 postquam
1777 2628 1930 2698 juxta
1962 2642 2097 2697 prte-

527 2735 732 2789 ﬁnitam
764 2731 1028 2789 creatoris
1075 2729 1169 2783 Dei
1201 2729 1537 2783 voluntatem
1568 2732 1838 2795 praesente
1866 2724 1975 2778 vita
1999 2723 2094 2778 de—

527 2826 713 2881 functa
750 2824 874 2889 fuit,
904 2824 969 2878 ad
1018 2818 1481 2890 supermundialia
1521 2833 1579 2872 se
1613 2815 1919 2882 transtulit,
1953 2814 2097 2869 haud

529 2920 732 2973 luctum
778 2916 941 2972 nobis
1006 2912 1404 2982 ineptissimum
1460 2909 1796 2977 relinquens,
1850 2917 1911 2962 ut
1963 2906 2099 2961 forte

530 3012 728 3082 aliquis
769 3005 1133 3068 existimabit,
1171 3002 1262 3057 sed
1297 3000 1538 3053 laetitiam
1580 2998 1784 3067 potius,
1829 2997 1899 3050 ob
1952 2996 2099 3065 ejus-

529 3104 652 3157 dem
684 3101 893 3171 pleuam
927 3112 1023 3167 spe
1055 3094 1453 3164 migrationem.
1499 3089 1673 3144 Vultis
1717 3087 1859 3143 enim
1890 3086 2099 3141 narrari

531 3213 561 3250 a
594 3210 679 3248 me
703 3193 856 3248 vobis
882 3191 1107 3259 aliisque
1134 3186 1221 3241 hic
1250 3184 1613 3256 praesentibus
1638 3181 2099 3253 (quandoquidem

535 3285 675 3359 haud
705 3283 941 3348 tacendi,
979 3279 1071 3335 sed
1105 3278 1362 3347 loquendi
1400 3286 1611 3345 tempus
1641 3284 1757 3339 est,
1806 3281 1966 3343 prout
2010 3272 2099 3326 illa

534 3373 868 3445 praescriptio
904 3364 1081 3441 jubet‘
1110 3367 1219 3422 1N8
1248 3368 1429 3422 laudes
1452 3367 1713 3419 hominem
1752 3374 1872 3417 ante
1901 3363 2098 3417 obitum

2126 2134 2173 2189 A

2933 2122 3032 2175 lI".

2200 2214 2311 2269 Τοῦ
2352 2211 2981 2286 ὀσίουῙΙατρὸςήμῷη
3004 2212 3100 2264 καὶ
3132 2212 3503 2286 ομολογητοῦ
3542 2215 3769 2269 95(86)-

2258 2302 2373 2408 pgv
2401 2281 2738 2352 κατήχησις
2770 2281 3080 2351 ἐπιτάφιος
3107 2284 3193 2347 είς
3240 2284 3354 2351 τὴν
3394 2284 3610 2339 ἑαυτοῦ
3650 2307 3770 2356 μη-

2273 2373 2294 2407 τ
2334 2371 2427 2408 οα.

2273 2371 2427 2420 τερα.

2268 2445 2336 2497 α’.
2382 2444 2650 2510 ’Ήνεγκεν
2680 2443 2707 2495 ὁ
2738 2441 2960 2512 καιρὸς,
2992 2434 3037 2494 ὦ
3062 2442 3225 2495 τέκνα
3257 2443 3350 2495 καὶ
3384 2444 3625 2514 ἀδελφοὶ,
3664 2447 3769 2515 ἀγ-

2197 2534 2382 2604 γελίαν
2413 2536 2540 2606 ὑμῖν
2584 2537 2907 2603 ἀναγγεῖλαι
2939 2534 3368 2604 ἀπροσδόκητον,
3400 2536 3521 2605 ἣτις
3552 2539 3704 2589 ἐστὶν
3740 2541 3772 2591 ὁ

2199 2627 2424 2691 θάνατος
2474 2627 2574 2698 τῆς
2621 2628 2864 2699 ἀοιδίμου
2908 2628 3140 2699 ἀδελφῆς
3178 2627 3270 2682 τοῦ
3315 2630 3494 2683 κοινοῦ
3555 2631 3769 2700 [ἰατρὸς

2198 2721 2355 2791 ήμῶν
2382 2722 2494 2791 (1)·
2540 2718 2681 2790 αὕτη
2718 2721 2826 2791 γὰρ
2858 2724 2923 2791 τῇ
2956 2721 3239 2792 ὡρισμένῃ
3282 2719 3445 2792 βουλῇ
3490 2720 3586 2775 τοῦ
3630 2721 3769 2785 (tuo-

2199 2811 2435 2864 πλάστου
2459 2808 2594 2863 Θεοῦ
2625 2809 3063 2882 λειτουργήσασα
3084 2810 3164 2881 τῷ
3192 2812 3416 2881 παρόντι
3450 2810 3575 2884 βίῳ,
3605 2828 3773 2882 μετα-

2199 2900 2511 2972 κεχώρηκεν
2543 2902 2623 2965 είς
2650 2901 2719 2955 τὰ
2746 2900 2845 2954 ὐπε
2857 2901 3090 2972 ρκὸσμια
3111 2919 3124 2932 ·
3152 2901 3211 2954 οὐ
3231 2901 3415 2974 ,λύπην
3446 2903 3579 2972 ἡμῖν
3598 2920 3772 2957 κατα-

2199 2990 2431 3045 λιποῦσα
2471 2992 2757 3063 ἀλόγιστον
2781 3032 2795 3055 ,
2827 2992 2903 3055 ὡς
2933 2994 2997 3046 ἄν
3030 3009 3115 3055 τις
3140 2993 3350 3065 οἰηθείη
3375 3033 3389 3057 ,
3423 2994 3559 3048 ἀλλὰ
3587 2994 3773 3065 χαρὰν

2201 3086 2570 3155 ὲμποιήσασα,
2606 3085 2695 3138 διὰ
2720 3085 2819 3155 τῆς
2841 3085 3159 3141 εὐελπίστου
3190 3087 3362 3157 αὐτῆς
3392 3088 3771 3158 μεταϐάσεως.

2201 3179 2392 3232 Θέλετε
2411 3179 2516 3247 γὰρ
2538 3178 2886 3247 διηγήσωμαι
2914 3180 3043 3249 ὑμῖν
3065 3178 3252 3250 ὥσπερ
3274 3180 3368 3233 καὶ
3391 3182 3503 3242 τοίς
3532 3178 3775 3233 ἐνταῦθα

2202 3270 2413 3339 (ἐπειδὴ
2445 3270 2638 3339 καιρὸς
2669 3269 2727 3321 οὐ
2770 3269 2862 3321 τοῦ
2892 3270 3071 3340 σιγᾷν,
3102 3271 3239 3324 ἀλλὰ
3269 3270 3363 3325 τοῦ
3383 3258 3593 3339 λαλεῖν,
3627 3273 3777 3326 κατὰ

2200 3360 2302 3431 τὴν
2332 3357 2659 3412 κελεύουσαν
2689 3358 2941 3431 ἐντολήν·
2975 3359 3070 3428 Μὴ
3105 3362 3429 3430 ἐπαινέσῃς
3450 3362 3641 3431 ἄνδρα
3662 3363 3779 3430 ἕως

534 3464 694 3534 ejus),
724 3462 907 3523 vultis,
947 3460 1190 3527 inquam,
1240 3458 1450 3511 narrari
1513 3454 1775 3524 quidquid
1827 3454 1980 3507 beata
2011 3454 2107 3521 illa.

2217 3450 2317 3521 τῆς
2344 3450 2560 3516 ἐξόδου
2597 3450 2803 3521 αὐτοῦ)
2832 3452 2931 3505 ὅσα
2958 3451 3215 3523 ἐποίησεν
3246 3455 3279 3523 ή
3314 3455 3557 3525 μακαρία
3584 3456 3777 3526 ἐκείνη

537 3556 742 3618 anima,
776 3553 950 3608 adhuc
1007 3551 1060 3606 in
1115 3563 1279 3605 carne
1345 3562 1590 3611 versans,
1651 3546 1776 3600 boni
1823 3546 2105 3615 sanctique

538 3647 727 3717 egerit,
754 3656 808 3701 et
831 3644 1069 3699 erelestis
1118 3640 1269 3710 regni
1306 3640 1528 3709 praemio
1559 3638 1727 3707 digni.
1759 3637 1901 3708 Ergo
1934 3636 2109 3692 favete

540 3739 792 3803 auribus,
838 3736 932 3791 ﬁlii
969 3736 1097 3799 mei,
1125 3734 1252 3787 dum
1292 3747 1393 3802 ego
1419 3731 1605 3800 procul
1643 3732 1791 3785 omni
1824 3730 2109 3785 mendacio

543 3830 912 3886 narrationem
945 3826 1225 3881 instituam
1254 3842 1266 3877 :
1293 3824 1506 3893 eritque
1542 3822 1692 3877 vobis
1712 3820 1924 3876 femina:
1948 3821 2109 3889 hujus

542 3921 759 3987 notitia,
790 3920 1140 3975 cateclteseos
1185 3929 1292 3969 non
1347 3911 1558 3966 inutilis
1624 3914 1832 3977 instar,
1885 3913 1994 3967 imo
2055 3920 2110 3967 et

540 4012 698 4067 valde
729 4009 1001 4081 proficuaa.

614 4103 666 4158 2.
717 4102 911 4159 Utrum
963 4117 1024 4155 ea
1064 4101 1282 4170 quidem
1317 4116 1344 4154 a
1379 4096 1694 4170 parentibus
1739 4093 1954 4149 initium
2000 4093 2111 4147 vir-

547 4194 695 4258 tutis,
741 4192 885 4247 sicut
944 4200 1000 4246 et
1053 4191 1195 4257 vitae,
1235 4189 1560 4260 sumpserit,
1614 4187 1793 4242 dicere
1850 4199 2109 4265 nequeo:

547 4285 845 4354 praesertim
898 4284 1026 4354 quia
1063 4299 1171 4338 non
1206 4299 1294 4338 res
1318 4293 1445 4337 ante
1469 4298 1577 4348 me,
1604 4280 1696 4336 sed
1730 4284 1854 4348 post
1903 4292 1989 4332 me
2018 4291 2114 4330 ua-

549 4391 683 4443 tum,
716 4386 897 4448 gestas
935 4376 1255 4431 scribendas
1287 4375 1533 4444 suscepi;
1575 4382 1737 4441 atque
1766 4370 1833 4424 ab
1863 4383 1929 4424 eo
1977 4378 2112 4423 tem-

548 4484 698 4539 pore,
730 4482 842 4537 quo
873 4470 994 4537 ipsa
1027 4468 1159 4522 recti
1214 4468 1475 4537 pravique
1518 4464 1902 4521 discretionem
1964 4475 2117 4515 asse-

546 4570 672 4616 cuta
722 4558 849 4614 fuit.
877 4556 1117 4614 Pueritia
1151 4560 1313 4628 igitur
1346 4568 1508 4627 atque
1549 4553 1915 4611 adolescentia
1946 4554 2115 4606 omis-

548 4655 645 4718 sis,
703 4668 768 4708 ex
818 4653 1054 4723 conjugii
1101 4654 1221 4721 ejus
1273 4663 1514 4721 tempore
1549 4650 1805 4705 narrandi
1834 4646 2115 4703 exordium

546 4747 852 4817 capiamus.
886 4744 953 4798 Et
991 4746 1242 4813 quamvis
1288 4742 1587 4798 conformis
1620 4740 1746 4796 huic
1770 4749 1967 4794 nostra:
1996 4752 2120 4809 pro-

2210 3541 2289 3594 ἔτι
2335 3544 2391 3595 ἐν
2420 3542 2584 3613 σαρκὶ
2624 3536 2758 3594 οὖσα
2798 3541 2939 3596 καλά
2970 3558 3031 3594 τε
3068 3543 3164 3597 καὶ
3208 3543 3332 3595 ὅσια
3356 3584 3369 3607 ,
3402 3545 3497 3596 καὶ
3532 3545 3629 3611 τῆς
3663 3546 3783 3598 τῶν

2208 3631 2453 3701 οὐρανῶν
2488 3633 2763 3702 βασιλείας
2799 3633 3037 3699 ὲπὰξιας
3070 3633 3193 3686 θέτε
3235 3633 3301 3706 δή
3343 3630 3435 3687 οὖν
3468 3651 3571 3697 τις
3600 3637 3783 3700 ἀκοὰς

2208 3722 2385 3796 ὑμῶν,
2429 3724 2593 3777 τέκνα
2627 3742 2729 3794 μου
2749 3764 2764 3788 ,
2795 3724 2948 3793 κάγὼ
2981 3725 3335 3797 ὑφηγήσομαι
3363 3726 3512 3795 ὑμῖν,
3543 3725 3653 3791 ἔξω
3682 3727 3783 3780 τοῦ

2207 3815 2435 3885 ψεύδους
2474 3814 2755 3878 παντελῶς
2789 3818 3109 3887 φερόμενος,
3136 3817 3230 3870 καὶ
3254 3818 3547 3889 γενήσεται
3581 3818 3718 3887 ὑμῖν
3749 3820 3785 3888 ή

2208 3910 2338 3979 περὶ
2377 3909 2580 3977 ταύτης
2622 3908 2930 3976 ἀπαγγελία
2954 3950 2969 3973 ,
3012 3911 3130 3964 ἀντὶ
3173 3912 3527 3980 κατηχήσεως
3556 3910 3637 3982 (Ξ)
3678 3912 3787 3964 οὐκ

2210 4002 2487 4071 ἀνόνητος,
2519 4002 2597 4064 ὠς
2629 3995 2803 4071 οἶμαι,
2838 4000 2977 4054 ἀλλά
3007 4002 3101 4054 καὶ
3135 4002 3275 4071 μάλα
3304 4002 3600 4073 ὠφέλιμος.

2282 4090 2353 4161 β’.
2402 4092 2496 4145 Ἐκ
2549 4090 2754 4160 γονέων
2805 4088 2904 4160 μὲν
2947 4084 3150 4160 ήρχθαι
3194 4091 3364 4162 αὐτῆς
3408 4090 3509 4163 τήν
3552 4093 3788 4163 ἀρετὴν,

2211 4183 2400 4254 ὥσπερ
2427 4184 2522 4237 καὶ
2555 4183 2644 4235 τὸν
2674 4182 2818 4253 βίον,
2854 4182 2955 4234 οὐκ
2985 4180 3093 4252 ἔχω
3134 4182 3313 4251 λέγειν
3336 4198 3349 4212 ·
3394 4184 3515 4236 ἐπεὶ
3547 4184 3688 4253 μηδὲ
3717 4186 3793 4238 τὰ

2213 4277 2319 4345 πρὸ
2350 4275 2505 4345 ἐμοῦ,
2543 4274 2679 4328 ἀλλὰ
2708 4274 2777 4327 τὰ
2808 4275 2926 4344 μετ’
2955 4275 3055 4345 ἐμὲ
3090 4275 3375 4346 προῆγμαι
3407 4278 3751 4346 συγγράφειν
3773 4294 3789 4308 ο

2215 4369 2306 4420 καὶ
2342 4367 2492 4431 ἐξότε
2543 4370 2739 4437 πεῖραν
2768 4367 3020 4437 εἰληφυῖα
3058 4363 3125 4437 ἦν
3169 4368 3269 4436 τῆς
3307 4367 3653 4435 διαγνώσεως
3693 4370 3794 4423 τοῦ

2215 4458 2379 4512 καλοῦ
2409 4460 2501 4512 καὶ
2523 4459 2598 4529 μὴ
2619 4457 2791 4520 οὕτως
2816 4460 3050 4529 ἔχοντος.
3088 4460 3206 4513 Ἵνα
3231 4455 3325 4513 οὖν
3343 4460 3410 4512 τὰ
3434 4459 3532 4528 τῆς
3561 4460 3796 4530 πρώτης

2214 4551 2308 4603 καὶ
2372 4549 2629 4621 δευτέρας
2694 4549 3137 4621 μεθηλικιώσεως
3183 4550 3468 4621 παρῶμεν,
3525 4551 3635 4605 ἀπὸ
3692 4554 3795 4605 τοῦ

2216 4642 2407 4711 και,ροῦ
2449 4641 2551 4710 τῆς
2591 4641 2948 4712 συμϐιώσεως
2985 4640 3281 4713 ἀρξώμεθα
3306 4642 3404 4710 τῆς
3440 4642 3793 4712 διηγήσεως·

2218 4734 2312 4787 καῖ
2337 4736 2384 4785 εί
2417 4732 2491 4803 μὴ
2515 4733 2733 4796 οἰκείως
2759 4735 2892 4805 ήμῖν
2922 4732 3034 4803 ἔχει
3054 4734 3082 4786 ὁ
3105 4734 3368 4803 κοσμικὺς
3399 4732 3512 4803 βίος
3532 4734 3631 4803 τῆς
3658 4735 3799 4787 καλ-

549 4839 770 4894 fessioni
804 4852 909 4892 non
937 4847 1021 4893 est
1049 4837 1323 4891 mundana
1359 4835 1587 4906 egregiae
1620 4833 1860 4906 parentis
1915 4839 2108 4887 nostra!

2217 4824 2508 4895 λιμήτορος
2531 4863 2547 4889 ,
2582 4826 2731 4895 ὅμως
2762 4827 2827 4879 ὲκ
2853 4826 2952 4894 τῆς
2979 4826 3151 4896 ἀρχῆς
3179 4824 3241 4877 τὸ
3269 4825 3422 4887 τέλος
3452 4824 3795 4895 κατίδωμεν,

549 4932 680 4995 vita,
706 4939 881 4984 tamen
921 4943 989 4983 ex
1027 4928 1297 4998 principio
1339 4928 1498 4981 linem
1534 4926 1932 4997 prospeximus,
1965 4924 2107 4979 ideo-

549 5038 655 5092 que
691 5022 837 5077 illam
869 5022 996 5077 vita:
1039 5029 1245 5090 partem
1278 5022 1588 5076 necessario
1630 5028 1966 5074 connectatn.
1995 5015 2119 5071 Fuit

551 5132 679 5185 ergo
705 5114 851 5169 illius
878 5113 1055 5184 prima
1086 5113 1281 5177 \‘irlus,
1310 5111 1477 5166 Deum
1503 5112 1682 5166 colere
1713 5126 1777 5164 ac
1803 5107 2118 5164 medullitus

550 5206 807 5261 adamare
838 5225 850 5260 :
884 5207 955 5260 ita
991 5215 1067 5269 ut,
1105 5198 1415 5275 quanquam
1438 5204 1557 5257 viro
1586 5204 1639 5257 in
1665 5202 1974 5273 conjugium
2007 5209 2118 5255 tra—

549 5297 702 5359 dita,
754 5295 925 5349 nihilo
982 5303 1161 5348 tamen
1224 5294 1405 5348 minus
1473 5294 1773 5349 eniteretur
1844 5291 2121 5346 meliorem

551 5386 727 5455 quoad
782 5384 897 5440 fieri
951 5392 1167 5456 poterat
1232 5385 1353 5439 vitae
1398 5399 1618 5438 cursum
1663 5383 1880 5439 sectari.
1921 5381 2123 5449 Quam-

550 5477 737 5531 obrem
781 5491 903 5530 cum
946 5476 1181 5545 primum
1218 5491 1318 5531 nos
1361 5476 1592 5545 peperit,
1624 5491 1726 5530 non
1773 5491 1926 5544 mque
1962 5483 2128 5543 atque

624 5588 640 5617 ⁸
675 5584 843 5642 Eccli.
873 5603 950 5653 xl,
983 5586 1071 5643 30.

619 5706 699 5776 (l)
748 5703 1212 5776 Platonem‘d‘icit,
1251 5717 1525 5759 summum
1556 5702 1870 5761 monasticae
1900 5699 2127 5757 familiae

552 5773 836 5846 przeSidem
870 5783 994 5831 ante
1031 5773 1399 5830 Theodorum.

2217 4917 2531 4983 ἀναγκαίως
2596 4916 2783 4969 τοῦτον
2845 4916 3243 4988 προσθήσομαι.
3304 4914 3550 4987 Ἐκείνης
3608 4917 3800 4970 τοίνυν

2218 5008 2435 5078 πρῶτον
2489 5009 2843 5079 κατόρθωμα,
2897 5010 2959 5062 τὸ
3002 5010 3094 5062 τὸν
3143 5010 3275 5063 Θεὸν
3320 5008 3655 5078 σεϐασθῆναι
3698 5011 3799 5063 καὶ

2219 5102 2503 5171 ἀγαπῆσαι
2554 5100 2617 5165 ἐξ
2656 5101 2981 5171 ὁλοκλήρου·
3033 5100 3171 5154 ὥστε
3218 5103 3266 5155 εἰ
3314 5099 3567 5172 συνήφθη
3611 5100 3798 5172 ἀνδρὶ,

2220 5192 2334 5246 ἀλλ’
2382 5193 2509 5263 ὅλην
2552 5194 2750 5262 ἑαυτὴν
2799 5193 3050 5257 ἐϐιάζετο
3099 5196 3198 5256 τῆς
3245 5193 3552 5261 κρείττονος
3595 5193 3803 5263 μοίρας

2220 5285 2469 5354 γενέσθαι
2491 5301 2505 5315 ⁸
2540 5285 2629 5351 διὰ
2655 5283 2814 5337 τοῦτο
2855 5285 3165 5355 γεννήσασα
3195 5285 3343 5355 ἡμᾶς
3381 5282 3615 5356 πρώτως
3637 5324 3653 5349 ,
3696 5286 3803 5338 οὐκ

2221 5374 2341 5431 εἷπε
2375 5378 2435 5431 τὸ
2464 5380 2583 5441 ταῖς
2618 5377 2799 5441 ἄλλαις
2846 5378 3114 5445 γυναιξὶν,
3163 5371 3252 5430 οἷα
3300 5378 3506 5430 ἐκεῖναι
3550 5375 3648 5429 ἐπὶ
3687 5379 3805 5441 τοῖς

2222 5471 2491 5539 νεογόνοις
2538 5468 2761 5523 εἰώθασι
2803 5467 2942 5522 κατά
2972 5467 3291 5540 δαιμονικὴν
3324 5467 3542 5538 κίνησιν
3593 5467 3805 5539 κεχρῆ-

2298 5696 2376 5766 (2)
2417 5694 2756 5752 Catecltesim
2798 5694 3017 5766 proprie
3050 5693 3285 5766 appellat
3319 5693 3457 5746 hanc
3488 5692 3802 5746 orationem

2228 5763 2387 5825 etiam
2416 5767 2749 5840 biograpbus
2781 5763 2966 5821 noster
2994 5764 3098 5822 loc.
3140 5763 3234 5818 cit.
