3926 6472
161 451 267 514 885

701 449 985 511 ORATIO
1007 448 1178 514 XIII.
1204 475 1276 486 -
1309 450 1692 510 LAUDATIO
1745 451 2131 513 FUNEBRIS
2181 445 2263 512 IN
2301 451 2620 513 MATREM
2661 447 2890 514 SUAM.

3306 454 3410 516 886

163 559 284 610 σθαι
326 554 718 627 κλῃδονισμοῖς
762 556 858 611 καὶ
887 557 1272 626 πενρίάμμασιν
1300 557 1398 610 καὶ
1429 556 1620 622 ἄλλαις
1649 575 1730 612 τι·

1841 560 1959 615 aliae
2004 559 2261 616 mulieres
2311 563 2492 616 locuta
2522 568 2634 626 est;
2669 575 2842 630 neque
2881 566 2942 615 ut
2985 558 3088 615 illae
3123 574 3182 615 se
3221 561 3412 630 gessit.

161 652 242 702 civ
272 647 516 718 ἐπῳδαῖς
545 648 626 711 είς
659 665 719 700 τε
759 649 888 712 τοὺς
933 648 1156 716 δίφρους
1198 647 1296 700 καὶ
1327 649 1453 712 τοὺς
1488 650 1736 703 κοιτωνί-

159 758 322 804 σκους
347 780 364 803 ,
414 738 818 810 περιτραχήλιά
854 757 915 792 τε
953 738 1245 809 βάλλουσαι
1291 741 1386 794 καὶ
1425 739 1736 809 περίαπτα,

159 832 273 886 ἀλλ’
307 833 536 902 ἠρκεῖτο
565 831 724 901 μόνον
760 834 826 901 τῇ
861 831 1114 902 σφραγῖδι
1137 831 1233 885 τοῦ
1273 830 1542 895 ζωοποιοῦ
1577 849 1738 885 σταυ-

161 922 256 995 ροῦ
286 922 628 993 τετειχίσθαι
664 924 812 992 ἡμᾶς
833 964 847 987 ,
895 924 1026 976 ἀντὶ
1053 922 1219 976 ὅπλου
1250 923 1397 987 τινὸς
1421 924 1514 976 καὶ
1539 921 1738 992 θυρεοῦ

154 1017 529 1085 ἀμαχωτάτου
555 1012 714 1067 τοῦτο
744 1012 1160 1085 προϐαλλομένη
1185 1030 1199 1045 ο
1238 1014 1326 1068 διὰ
1352 1013 1510 1068 τοῦτο
1549 1013 1740 1068 πασῶν

149 1107 257 1162 τῶν
306 1105 489 1160 ἄλλων
534 1106 808 1174 γυναικῶν
854 1106 1277 1176 προσκυνουσῶν
1308 1107 1404 1160 καὶ
1432 1108 1739 1161 ἁπανισταο

154 1202 333 1270 μένων
367 1197 429 1263 ἐξ
453 1197 624 1268 αὐτῆς
647 1197 826 1266 ὅψεως
850 1201 916 1269 τῇ
947 1197 1235 1269 αὐτουργῷ
1261 1199 1358 1251 καὶ
1389 1199 1741 1272 μυσταγωγῷ

150 1295 243 1346 καὶ
285 1291 600 1361 διδασκάλῳ
649 1289 758 1343 τῶν
796 1291 1079 1355 τοιούτων,
1121 1291 1256 1360 μόνη
1287 1290 1386 1343 οὑκ
1421 1291 1668 1361 ἠνείχετο
1703 1293 1738 1362 ὴ

151 1384 403 1453 ἡμετέρα
437 1384 648 1451 μήτηρ,
680 1382 802 1435 οὐτε
851 1382 1096 1452 κεφαλὴν
1128 1382 1306 1436 κλῖναι
1334 1381 1581 1444 πώποτε,
1615 1381 1740 1438 οὔτε

152 1475 554 1546 προσδραμεῖν,
591 1467 700 1526 οὔδ’
728 1468 795 1525 αὖ
834 1474 1126 1541 μετασχεῖν
1169 1471 1269 1542 τῆς
1298 1472 1586 1544 γοητείας·
1614 1474 1741 1528 καί·

147 1585 253 1638 περ
300 1566 414 1620 ὑπὸ
470 1565 581 1617 τῶν
631 1563 971 1633 τελουμένων
1020 1563 1393 1634 ἀπειλουμένη
1445 1565 1741 1629 πολλάκιςο

147 1659 264 1712 ἀλλ’
306 1658 506 1721 ὅντως,
547 1656 746 1724 Ψυχαὶ
779 1655 1114 1709 δικαίωνέν
1149 1655 1301 1723 χειρὶ
1336 1654 1507 1720 Θεοῦ,
1551 1657 1744 1713 καίοὺ

143 1749 225 1819 μὴ
249 1749 482 1818 ἅψηται
514 1746 714 1801 αὐτῶν
727 1746 1006 1812 ,βάσανος
1033 1762 1048 1777 ο
1100 1746 1212 1800 Καὶ
1252 1748 1285 1800 ό
1321 1745 1620 1813 πεποιθὼς
1647 1749 1747 1804 ἐπὶ

147 1839 485 1910 Κύριον-,ὠς
510 1837 648 1907 ὅρος
675 1837 848 1904 Σιὼν,
881 1838 954 1902 ὡς
978 1837 1045 1891 τὰ
1075 1837 1248 1905 Λόγιά
1282 1854 1466 1908 φησιν.

216 2027 287 2088 γ’.
329 2017 616 2091 Δεύτερον,
653 2018 748 2074 τοῦ
785 2019 931 2074 θείου
975 2019 1144 2073 πόθου
1170 2016 1427 2084 αὐξοντος
1458 2019 1631 2090 αὐτῆς
1672 2021 1731 2074 ὲν

147 2112 210 2179 τῇ
244 2109 470 2180 καρδίᾳ,
505 2111 693 2181 ἐπειδὴ
727 2107 796 2182 ἦν
827 2111 1194 2180 ἀγράμματος
1221 2111 1280 2175 ἐξ
1301 2110 1568 2182 ὀρφανίας
1599 2113 1732 2180 ἀγο-

152 2203 288 2271 μένη
312 2240 328 2264 ,
379 2201 762 2271 γραμματίζει
797 2202 995 2273 ἑαυτὴν
1026 2205 1059 2273 ὴ
1105 2203 1244 2274 σοφὴ
1288 2202 1384 2256 καὶ
1420 2203 1690 2267 συνετίζει
1712 2245 1728 2271 ,

151 2294 239 2346 καὶ
267 2293 330 2345 τὺ
360 2293 679 2363 Ψαλτήριον
707 2293 1063 2363 ἀποστηθίζει
1095 2292 1356 2347 κάλλιστά
1379 2309 1438 2346 τε
1472 2293 1569 2348 καὶ
1606 2310 1728 2347 συν-

149 2384 443 2454 τομώτατα
462 2399 478 2413 ·
498 2386 590 2436 καὶ
615 2383 774 2437 τοῦτο
803 2382 918 2446 πῶς
938 2400 954 2450 ;
976 2383 1078 2436 οὐκ
1102 2385 1159 2437 ὲν
1182 2384 1369 2455 ἡμέρᾳ.
1399 2381 1735 2454 σχολάζουσα

148 2479 210 2546 τῇ
245 2475 454 2549 μελέτῃ
474 2517 489 2540 ,
521 2475 596 2537 ὡς
627 2476 694 2530 ἂν
723 2475 799 2547 μὴ
828 2475 920 2528 τὸν
945 2475 1115 2549 ἄνδρα
1154 2474 1550 2548 παραλυπήσῃ,
1582 2474 1615 2546 ἦ
1641 2472 1735 2527 τὸν

147 2566 295 2620 οἰκον
349 2566 748 2638 ὑπελαττώσῃ,
801 2567 941 2620 ἀλλὰ
987 2568 1096 2638 πρὸ
1139 2566 1310 2621 ὕπνου
1355 2583 1416 2620 τε
1465 2566 1562 2620 καὶ
1611 2565 1734 2636 μεθ’

150 2661 339 2719 ὕπνον.
375 2657 822 2730 φωταγωγούσης
853 2658 1125 2728 καγδήλης
1151 2658 1432 2728 κάμνουσα
1459 2657 1616 2726 τόνῳ,
1640 2653 1734 2709 τοῦ

149 2754 209 2804 ἐκ
231 2752 342 2804 τῶν
367 2751 569 2822 χειρῶν
598 2749 760 2822 ἔργου
789 2751 893 2803 οὐκ
919 2749 1146 2820 ἠμέλειυ
1169 2748 1306 2803 ἀλλὰ
1333 2748 1409 2819 πῆ
1441 2749 1539 2818 μὲν
1560 2745 1735 2814 τούτῳ

149 2843 521 2914 προσέχουσα,
560 2841 638 2912 πῆ
664 2843 723 2895 δὲ
751 2843 812 2895 τὸ
831 2841 1018 2910 ἕτερον
1039 2837 1178 2904 εἶδος
1213 2839 1732 2912 μεταχειριζομένη,

149 2940 237 2989 καὶ
271 2937 368 2990 τὸν
409 2931 560 2988 οἷκον
599 2933 754 3005 ηὑξει
775 2972 791 2997 ,
826 2935 920 2987 καὶ
968 2935 1078 2986 τῶν
1120 2932 1459 3005 μαθημάτων
1491 2934 1734 3003 ἐπελαμ-

148 3029 373 3083 6ἁνετο³
428 3028 615 3080 ἔκτοτε
663 3026 844 3080 τοίνυν
893 3026 995 3080 οὐκ
1045 3025 1326 3080 επαύσατο
1352 3025 1618 3097 ὁμιλοῦσα
1656 3025 1736 3096 τῷ

148 3119 274 3190 θείῳ
300 3117 471 3172 Δαυῖδ
511 3117 724 3188 ἡμέραν
754 3115 814 3181 ἐξ
838 3117 1075 3187 ἡμέρας,
1107 3116 1204 3170 καὶ
1232 3116 1353 3179 ταῖς
1389 3116 1564 3178 θείαις
1607 3115 1736 3168 ἀνα-

148 3213 381 3279 γνώσεσι
436 3210 778 3282 προσέχουσα
797 3227 810 3242 ·
842 3209 1054 3262 ὲκεῖθὲν
1079 3227 1140 3262 τε
1164 3208 1432 3287 καιομένη
1457 3207 1556 3278 τὴν
1594 3223 1734 3278 καρ-

1840 665 1962 720 qua:
1997 665 2193 706 recens
2235 651 2402 718 natis,
2429 650 2705 707 diabolico
2748 651 3006 721 impulsu,
3039 649 3330 706 claviculas
3357 663 3413 706 et

1840 743 2104 813 ligaturas
2138 749 2303 812 atque
2349 743 2454 796 alia
2487 743 2760 814 praestigia
2789 742 2857 797 ad
2883 741 3103 799 sellulas
3131 751 3186 797 et
3209 742 3414 798 cubilia

1839 838 2118 904 adhibent,
2146 848 2370 907 torques
2402 839 2564 892 etiam
2599 846 2654 890 et
2697 836 2937 892 amuleta
2974 836 3130 892 collis
3157 835 3412 906 injicien-

1840 938 1958 998 tes;
1990 932 2084 986 sed
2138 931 2270 987 satis
2325 931 2376 986 ei
2432 940 2552 987 erat
2593 931 2851 987 salutaris
2895 931 3079 987 crucis
3124 932 3280 1003 signo
3315 945 3416 985 nos

1839 1024 2203 1089 communire,
2253 1033 2420 1093 atque
2451 1026 2552 1080 hac
2600 1025 2754 1094 quasi
2785 1034 3060 1079 armatura
3103 1032 3158 1080 et
3189 1026 3417 1093 inexpu~

1839 1115 2042 1187 gnabili
2075 1123 2233 1171 scuto
2288 1125 2590 1188 protegere.
2617 1118 2806 1188 Itaque
2845 1132 2973 1171 cum
3028 1117 3147 1171 aliae
3202 1115 3415 1171 feminae

1841 1205 2243 1260 venerabundze
2294 1215 2644 1277 assurgerent
2690 1216 2983 1277 conspecta
3033 1205 3278 1277 qualibet
3318 1220 3417 1260 auo

1841 1293 2008 1350 ctrice
2043 1303 2098 1349 et
2127 1294 2423 1350 initiatrice
2467 1310 2532 1351 ac
2580 1296 2839 1367 magistra
2863 1295 3174 1366 huiusmodi
3206 1294 3416 1365 praesti-

1842 1386 2082 1458 giorum,
2133 1387 2248 1442 sola
2279 1396 2456 1443 mater
2493 1397 2707 1455 nostra,
2740 1403 2916 1458 neque
2944 1387 3216 1458 caputhis
3255 1387 3416 1442 incli-

1842 1492 1995 1546 nare,
2027 1493 2202 1549 neque
2251 1495 2346 1536 eas
2397 1481 2674 1545 invocare,
2712 1496 2889 1550 neque
2915 1480 3186 1537 ullatenus
3221 1494 3415 1549 super~

1843 1571 2090 1628 stitiones
2117 1573 2444 1644 participare
2471 1589 2631 1644 passa
2664 1585 2780 1640 est;
2834 1587 2976 1642 saepe
3021 1572 3149 1628 licet
3175 1572 3242 1627 ab
3269 1571 3415 1626 illius

1846 1663 2202 1736 professionis
2255 1667 2476 1722 feminis
2528 1667 2704 1722 minas
2765 1675 3007 1736 experta.
3070 1664 3175 1722 Sed
3227 1680 3418 1736 reapse

1841 1753 2117 1824 justorum
2149 1755 2346 1809 anima:
2394 1755 2447 1810 in
2477 1769 2642 1809 manu
2692 1754 2783 1808 Dei
2831 1763 2960 1808 sunt
2987 1796 3000 1814 .
3034 1769 3209 1824 neque
3235 1762 3419 1822 tanget

1847 1857 1944 1899 eos
1967 1851 2297 1898 tormentum
2342 1845 2385 1898 '.
2417 1843 2483 1897 Et
2510 1845 2599 1914 qui
2651 1842 2867 1912 conﬁdit
2897 1844 2949 1896 in
2979 1843 3234 1905 Domino,
3281 1843 3417 1895 sicut

1762 1932 1804 1988 Β
1833 1949 1980 1989 mons
2015 1932 2144 1988 Sion
2173 1934 2282 1998 ',ut
2315 1933 2609 2005 Scriptum
2638 1934 2812 1988 aiunt.

1904 2021 1958 2075 3.
1986 2021 2250 2076 Postltinc
2271 2021 2456 2076 divino
2481 2037 2667 2077 amore
2692 2022 2746 2075 in
2772 2022 2891 2091 ejus
2925 2021 3089 2076 corde
3117 2030 3416 2084 crescente,

1833 2110 1960 2180 quia
2005 2111 2122 2165 sine
2171 2111 2512 2175 litteratura,
2565 2119 2626 2165 ut
2666 2111 2932 2180 orphana,
2987 2110 3174 2164 relicta
3217 2109 3413 2170 fuerat.

1833 2197 1950 2268 ipsa
1978 2198 2176 2255 litteris
2200 2210 2371 2255 semet
2395 2200 2668 2270 sapienter
2702 2199 2899 2254 imbuit
2937 2199 3326 2270 instruxitque,
3363 2207 3418 2254 et

1835 2286 2152 2356 psalterium
2218 2288 2432 2358 egregie
2497 2287 2935 2358 brevissimoque
2999 2296 3242 2356 tempore
3302 2303 3412 2341 me-

1835 2373 2025 2427 moriae
2077 2374 2373 2428 mandavit.
2439 2374 2496 2428 ld
2555 2382 2737 2429 autem
2787 2375 3101 2442 quomodo?
3148 2373 3412 2442 Equidem

1835 2460 1980 2516 haud
2010 2461 2247 2516 interdiu
2271 2463 2398 2516 huic
2423 2463 2766 2532 occupationi
2802 2478 3024 2526 vacans.
3055 2477 3122 2518 ne
3155 2463 3273 2517 viro
3301 2479 3419 2519 mo-

1837 2550 2053 2606 lestiam
2104 2561 2348 2621 crearet,
2387 2562 2483 2608 aut
2530 2552 2797 2607 minorem
2852 2552 3034 2607 domui
3082 2567 3270 2607 curam
3310 2552 3416 2606 im-

1835 2641 2120 2710 penderet,
2156 2641 2250 2697 sed
2275 2653 2397 2696 ante
2423 2650 2478 2697 et
2506 2651 2626 2710 post
2650 2657 2924 2708 somnum,
2942 2642 3166 2697 ardente
3195 2643 3425 2697 lucerna.

1835 2733 2026 2790 sedulo
2074 2735 2372 2790 lucubratis
2396 2775 2411 2797 ,
2465 2750 2553 2792 res
2588 2751 2708 2805 quae
2734 2745 2891 2791 erant
2930 2738 2984 2790 in
3023 2735 3276 2790 manibus
3307 2751 3413 2789 non

1835 2825 2176 2896 negligebat,
2238 2825 2330 2880 sed
2378 2826 2540 2881 modo
2585 2826 2713 2881 huic
2750 2827 2910 2881 modo
2951 2826 3104 2881 alteri
3136 2840 3281 2881 cura:
3328 2825 3418 2879 in-

1840 2922 1985 2968 tenta
2014 2951 2030 2975 ,
2062 2923 2116 2969 et
2145 2915 2367 2970 domum
2397 2931 2452 2969 re
2483 2914 2737 2971 familiari
2780 2917 3032 2985 augebat,
3064 2926 3117 2972 et
3145 2917 3413 2972 doctrinis

1836 3004 2001 3059 simul
2046 3005 2290 3060 animum
2343 3007 2650 3062 excolebat.
2707 3008 2886 3078 Atque
2937 3025 3001 3064 ex
3034 3023 3099 3064 eo
3151 3009 3412 3063 nimirum

1837 3102 2082 3165 tempore
2152 3113 2435 3168 nunquam
2491 3097 2700 3152 destitit
2754 3115 2877 3153 eum
2922 3099 3120 3152 Davide
3167 3101 3411 3162 versari,

1836 3183 2036 3239 divinis
2065 3185 2310 3256 quotidie
2342 3188 2667 3244 lectionibus
2690 3203 2910 3259 operam
2945 3204 3172 3245 navans.
3203 3190 3413 3256 Quibus

147 3275 295 3366 eius,
325 3303 425 3356 και
467 3275 695 3374 ἐψιξὲδ
727 3301 924 3372 μέλλον
959 3275 1179 3370 ἀγαθὸνΙ
1208 3275 1643 3370 ἀναλάμπουσα,
1674 3275 1730 3351 ἔτι

1836 3289 1931 3330 eor
1990 3275 2237 3342 incensa,
2271 3294 2337 3334 ac
2368 3278 2537 3334 futuri
2569 3279 2696 3335 boni
2733 3294 2830 3350 spe
2864 3279 3247 3347 exardescens,
3281 3281 3410 3351 quid

148 3399 286 3449 ποιεῖ
313 3395 414 3448 καὶ
446 3393 499 3445 τί
545 3393 842 3465 ἐργάζεται
877 3395 911 3462 ἡ
945 3392 1260 3461 θαυμασία;
1298 3389 1734 3460 ἀποκοσμήσασα

148 3489 342 3556 ἑαυτὴν
387 3486 500 3539 τῶν
550 3485 821 3556 ματαίων,
862 3485 956 3538 καὶ
987 3484 1061 3547 ὡς
1093 3481 1417 3554 χηρευτικόν
1454 3498 1508 3534 τι
1543 3480 1731 3551 σχῆμα

147 3577 500 3632 ἀναλαϐοῦσα
519 3617 534 3642 ,
567 3575 740 3640 οὕτως
769 3578 849 3640 είς
879 3576 1187 3645 ὑπόδειγμα
1233 3573 1400 3628 καλὸν
1439 3572 1735 3645 προύκειτο

148 3675 263 3736 ταῖς
289 3670 616 3742 γνωρίμοις,
645 3670 785 3740 μήτε
816 3669 1095 3738 ὀμνύουσα
1123 3666 1185 3720 τὸ
1209 3666 1465 3727 καθόλου,
1509 3667 1633 3737 μηδ’
1663 3659 1730 3718 αὖ

147 3763 475 3835 ψευδομένη,
512 3763 650 3833 μήτε
683 3762 753 3814 τὰ
786 3759 960 3813 πολλὰ
987 3756 1399 3829 κρεοφαγοῦσα,
1424 3758 1483 3811 ἐν
1507 3756 1586 3827 τῷ
1621 3756 1727 3827 μάέ

149 3856 301 3909 λιστα
330 3853 888 3926 τεσσαρακοστίζειψ
925 3851 1062 3903 ἀλλὰ
1089 3853 1186 3904 καὶ
1236 3850 1290 3903 el’
1328 3865 1460 3902 ποτε
1495 3850 1576 3912 είς
1644 3849 1730 3902 εὐ-

149 3949 312 4017 ωχίαν
359 3945 728 4018 προύκαλεῖτο
749 3943 1013 4013 γαμικὴν,
1043 3941 1416 4004 λανθανόντως
1459 3940 1731 4010 ὐπεξῆγεν

153 4038 349 4109 ἑαυτὴν
374 4037 625 4107 μηδόλως
657 4037 939 4105 ἁπτομένη
966 4033 1168 4106 κρεῶν,
1209 4033 1345 4105 μηδὲ
1371 4033 1431 4086 τὸ
1455 4032 1610 4104 ὄμμα
1644 4031 1730 4084 αῐ-

156 4142 317 4198 ρουσα
349 4132 434 4192 είς
460 4129 534 4181 τὰ
563 4128 835 4200 θυμελικὰ
866 4129 1124 4196 παίγνια·
1152 4127 1374 4197 καὶγὰρ
1400 4121 1468 4196 ἦν
1497 4126 1731 4195 σώφρων

152 4222 194 4272 εί
221 4221 313 4274 καί
338 4238 422 4284 τις
456 4220 618 4290 ἄλλη,
650 4220 748 4272 ’ἑνα
788 4219 957 4288 ἄνδρα
987 4218 1304 4290 γνωρίσασα
1331 4255 1346 4282 ,
1373 4217 1469 4270 καὶ
1494 4217 1594 4286 τὴν
1629 4215 1731 4285 ψυ-

152 4315 244 4384 χὴν
282 4313 426 4385 μετά
472 4311 574 4383 τὴν
616 4311 900 4382 ἀποταγὴν
929 4311 1185 4365 τοσοῦτον
1219 4311 1301 4374 είς
1330 4308 1500 4381 ἄκρον
1526 4308 1728 4376 ἁγνεύο

155 4423 308 4469 σασα,
357 4403 436 4469 ὡς
482 4404 578 4458 καὶ
629 4403 792 4475 μέχρι
837 4402 1100 4475 λογισμοῦ
1144 4402 1530 4474 τυραννήσεως
1569 4401 1728 4472 ἀκριο

152 4495 423 4551 δεύεσθαι.

213 4589 275 4643 δ’.
318 4587 418 4652 Τίς
453 4587 549 4641 οὑν
587 4586 806 4656 εκείνην
852 4584 1044 4638 ἔλαθεν
1091 4583 1449 4654 μεσονυκτίου
1496 4583 1722 4655 καιρός;

1835 3367 2168 3438 aggreditur,
2199 3371 2396 3439 quidve
2432 3371 2544 3442 agit
2569 3372 2912 3428 admirabilis
2939 3372 3138 3427 femina
3175 3373 3198 3428 ί
3245 3372 3414 3429 Vanis

1835 3458 1940 3512 sibi
2024 3458 2284 3514 detractis
2360 3461 2749 3527 ornamentis,
2807 3473 2862 3517 et
2921 3464 3121 3518 viduali
3176 3467 3409 3533 quodam

1835 3547 2041 3602 amictu
2073 3561 2378 3621 assumpto,
2436 3553 2759 3622 praeclarum
2804 3561 2977 3609 semet
3016 3547 3296 3622 exemplar
3327 3554 3410 3607 fa-

1835 3638 2144 3696 miliaribus
2195 3642 2515 3711 praebebat:
2582 3660 2759 3715 neque
2806 3643 3028 3711 jurahat
3120 3660 3361 3715 unquam
3392 3689 3408 3711 ,

1835 3744 2012 3800 neque
2039 3732 2422 3796 mentiebatur,
2452 3749 2630 3802 neque
2652 3736 2911 3789 carnibus
2939 3735 3264 3805 plerumque
3287 3751 3406 3791 ves-

1832 3823 2100 3887 cebatur,
2156 3825 2611 3894 quadragesima“
2663 3827 2964 3899 praesertim
2997 3835 3261 3896 tempore.
3304 3825 3410 3883 Sed

1833 3926 1888 3971 et
1931 3917 1978 3972 si
2036 3917 2258 3987 quando
2310 3917 2377 3972 ad
2420 3920 2664 3989 nuptiale
2705 3919 3014 3974 convivium
3052 3929 3407 3986 evocaretur,

1834 4007 2245 4063 dissimulanter
2300 4024 2359 4064 se
2408 4010 2768 4076 continebat,
2829 4010 3046 4066 intactis
3108 4011 3407 4078 carnibus,

1832 4098 2132 4170 oculosque
2182 4101 2250 4155 ad
2301 4101 2622 4173 thymelieos
2647 4103 2802 4158 lusus
2843 4103 3066 4157 minime
3102 4102 3403 4158 attollens:

1833 4199 1951 4246 erat
1990 4192 2136 4247 enim
2179 4207 2304 4246 cum
2359 4193 2556 4261 primis
2595 4193 2812 4264 pudiea,
2872 4209 3041 4248 unum
3089 4194 3265 4249 virum
3314 4209 3408 4264 ag-

1831 4297 2066 4338 noscens
2091 4325 2109 4349 ,
2145 4282 2499 4354 animumque
2530 4300 2690 4340 suum
2726 4295 2849 4355 post
2897 4287 3161 4342 consortii
3204 4302 3407 4342 renun-

1832 4377 2115 4434 tiationem
2148 4393 2322 4448 usque
2341 4379 2406 4432 ad
2435 4394 2712 4434 summam
2743 4380 3134 4451 cogitationum
3161 4381 3403 4451 ipsarum

1830 4469 2244 4541 castigationem
2277 4470 2675 4539 purificaverat.

1905 4583 1958 4637 4.
2014 4582 2171 4648 Quod
2217 4599 2345 4652 ergo
2391 4583 2539 4637 illam
2586 4585 2774 4638 mediae
2810 4585 2985 4641 noctis
3030 4594 3244 4655 tempus
3267 4603 3404 4657 prae-

151 4681 330 4752 ὲπειδὴ
353 4681 520 4752 ἔργον
563 4679 625 4732 τὸ
651 4651 837 4746 λόγιον
880 4651 1119 4749 ἐπλήρου
1141 4693 1154 4706 ·
1184 4651 1608 4730 Ιιιιςσονύκτιον-⁷
1626 4675 1724 4740 ἐξ·

1836 4675 2020 4730 teriit?
2068 4674 2145 4729 He
2181 4690 2312 4729 sane
2347 4690 2472 4729 vera
2497 4689 2711 4730 sacrum
2737 4674 2955 4729 eﬂatum
2981 4677 3356 4747 complebatur
3390 4721 3398 4730 .

150 4774 459 4843 ετειρόμην
503 4769 612 4825 τοῦ
659 4769 1153 4841 ἐξομολογεῖσθαι
1194 4785 1295 4823 σοι
1345 4767 1443 4821 ἐπὶ
1483 4768 1556 4822 τὰ
1600 4768 1725 4836 κρί-

147 4882 295 4930 ματα
321 4863 437 4932 τῆς
471 4862 865 4930 δικαιοσύνης
896 4875 1043 4916 σου’
1074 4861 1160 4924 τίς
1187 4859 1244 4913 δὲ
1272 4860 1469 4932 ὄρθρου
1505 4859 1724 4931 ἐξέγερ-

155 4973 263 5021 eg;
313 4956 397 5018 τίς
441 4955 501 5006 δὲ
546 4953 741 5024 ἐτέρας
791 4952 1157 5025 διωρισμένης
1204 4952 1556 5022 εὐχαριστίας
1603 4950 1723 5020 ὥρα

152 5047 550 5117 naptham-co;
610 5044 911 5115 Οὐδαμῶς·
958 5043 1097 5098 ἀλλὰ
1145 5044 1238 5097 καὶ
1295 5044 1394 5112 τῆς
1446 5044 1722 5113 οἰκουρίας

153 5132 480 5210 ἃντεχομένη
506 5138 627 5191 λίαν
647 5179 662 5202 ,
695 5142 792 5193 καὶ
815 5138 890 5200 ὡς
918 5137 1020 5190 οὐκ
1052 5136 1117 5190 ἄν
1143 5153 1228 5197 τις
1254 5135 1363 5188 τῶν
1398 5135 1721 5203 φιλοπόνων,

154 5227 555 5298 πλουσιωτέραν
580 5228 680 5294 τὴν
707 5229 763 5278 ἐν
792 5229 904 5288 τοῖς
934 5225 1159 5293 ἀγαθοῖς
1187 5223 1368 5294 ἔργοις
1402 5225 1723 5277 είσεποιεῖτο

150 5321 406 5385 ἐπίδοσιν,
470 5319 810 5390 ρυθμίζουσα
842 5317 921 5387 τῷ
952 5317 1075 5370 καθ’
1105 5319 1305 5386 ἑαυτὴν
1338 5317 1719 5385 ὑποδείγματι,

151 5415 235 5464 καὶ
265 5413 356 5466 τὸν
401 5411 696 5481 ὁμόζυγον,
732 5410 826 5462 καὶ
863 5410 1059 5474 παῖδας
1090 5453 1103 5474 ,
1159 5410 1257 5462 καὶ
1303 5409 1718 5479 θεραπαινίδας’

149 5507 230 5557 τὶν
255 5507 378 5575 μὲν,
413 5503 552 5574 μετὰ
573 5502 682 5556 τῶν
702 5502 879 5557 ἄλλων
908 5503 1003 5555 καὶ
1032 5503 1114 5565 είς
1141 5502 1449 5570 ὑπόμνησιν
1475 5502 1718 5569 φέρουσα

148 5597 233 5650 τοῦ
257 5595 552 5652 θανατικοῦ
583 5594 868 5666 χωρισμοῦ
890 5610 903 5623 °
939 5595 1033 5648 καὶ
1063 5594 1154 5648 διὰ
1182 5593 1342 5647 τοῦτο
1385 5591 1718 5662 συμϐουλεύ-

148 5706 274 5743 ουσα
320 5690 419 5743 καὶ
464 5683 865 5758 παρακαλοῦσα
891 5684 990 5757 τὴν
1017 5684 1111 5737 ἀπ’
1141 5683 1387 5754 ἀλλήλων
1421 5682 1678 5753 στέρησιν
1699 5699 1712 5713 ·

152 5781 234 5830 καὶ
276 5779 463 5848 μέντοι
522 5775 734 5828 πείθειο
786 5773 880 5828 καὶ
949 5772 1186 5826 πείσασα
1235 5773 1328 5824 ἐπὶ
1378 5773 1504 5842 μιᾶς
1553 5772 1713 5841 εὐνῆς

1827 4765 2005 4820 Media
2065 4774 2214 4819 nocte
2265 4764 2540 4834 surgebant
2588 4765 2658 4817 ad
2709 4766 3062 4834 conﬁtendum
3109 4768 3205 4819 tibi
3247 4784 3402 4836 super

1817 4857 2030 4926 judicia
2079 4856 2481 4925 justiﬁeationis
2511 4865 2617 4912 tua:
2649 4857 2690 4911 ’⁵.
2741 4856 2873 4922 Quae
2926 4870 3104 4913 autem
3136 4862 3397 4915 matutina

1827 4950 2228 5013 consurrectio,
2266 4964 2515 5018 quaenam
2542 4950 2646 5002 alia
2679 4949 2938 5018 praatinita
2968 4952 3262 5020 gratiarum
3293 4953 3399 5008 Deo

1830 5039 2166 5109 agendarum
2208 5041 2341 5093 hora
2367 5040 2928 5109 prmtermittebatur?
2963 5042 3122 5098 Nulla
3148 5060 3394 5114 prorsus.

1829 5129 1932 5184 Sed
1958 5139 2011 5186 et
2035 5130 2229 5184 domus
2252 5131 2515 5185 custodia:
2567 5146 2896 5201 magnopere
2925 5133 3102 5187 dedita
3123 5177 3137 5200 ,
3186 5150 3297 5206 prae
3330 5137 3399 5190 In-

1826 5221 2050 5276 borioso
2105 5222 2368 5288 quolibet,
2417 5223 2638 5278 uberius
2667 5224 2935 5277 bonorum
2964 5241 3183 5294 operum
3214 5243 3399 5282 exem-

1825 5316 1914 5383 plo
1967 5315 2188 5384 proprio
2255 5317 2653 5370 incrementum
2709 5317 2974 5373 eﬂiciebat
3028 5321 3082 5374 in
3133 5322 3287 5384 viro,
3338 5321 3395 5377 in

1825 5408 2030 5471 liberis,
2072 5410 2122 5461 in
2154 5409 2388 5464 ancillis.
2442 5408 2509 5462 Et
2533 5409 2609 5464 illi
2639 5411 2857 5479 quidem
2889 5455 2903 5478 ,
2933 5421 3131 5482 praeter
3163 5423 3392 5475 caetera.

1824 5497 2063 5552 futuram
2099 5515 2314 5568 quoque
2343 5503 2534 5556 mortis
2564 5516 2728 5556 causa
2757 5505 3154 5572 separationem
3185 5505 3240 5558 in
3284 5523 3398 5562 nte-

1825 5589 2057 5643 moriam
2097 5591 2426 5657 revocabat;
2479 5592 2705 5661 ideoque
2728 5593 3056 5650 admonebat
3099 5605 3152 5649 et
3192 5597 3396 5651 adhor-

1824 5684 2075 5747 tabatur,
2133 5693 2190 5736 ut
2240 5683 2469 5738 invicem
2520 5685 2903 5741 abstinerent:
2963 5703 3126 5758 quam
3179 5703 3292 5742 rem
3343 5689 3392 5742 ei

1821 5773 2091 5841 persuasit
2124 5775 2175 5830 in
2205 5784 2408 5830 tantum
2438 5817 2452 5842 ,
2488 5786 2544 5831 ut
2575 5794 2682 5832 uno
2719 5778 2916 5834 lectulo
2952 5787 3164 5836 utentes
3189 5821 3202 5846 ,
3233 5781 3389 5849 quin-

209 5895 225 5924 '
266 5890 393 5960 Sap.
430 5907 510 5955 nr,
551 5891 594 5944 Ι.
677 5891 696 5922 ⁸
737 5888 881 5946 Psal.
915 5904 1098 5953 σχειν,
1132 5888 1176 5941 1.
1257 5887 1275 5918 ⁵
1317 5886 1458 5941 Ρδίιι.
1501 5901 1709 5951 tzxvm,
1752 5886 1838 5939 62.
