3926 6432
539 402 642 466 887

1717 383 1773 443 S.
1813 373 2205 440 THEODORI
2247 372 2591 436 STUDITxE

3664 372 3767 433 888

543 510 783 583 quennio
822 519 875 565 et
901 507 1041 562 ultra
1092 506 1229 559 inter
1271 516 1329 556 se
1364 515 1469 553 non
1516 496 1898 568 cognoverint;
1960 491 2099 561 quod

2227 487 2343 550 ,λοις
2373 487 2532 539 πέντε
2562 484 2644 538 Era
2656 485 2790 555 σινῆ
2818 483 2911 537 καὶ
2939 482 3212 556 πρὸς-,οὐκ
3241 482 3487 552 ἔγνωσαν
3517 485 3766 549 ἑαυτοὺς,

543 613 628 659 est
659 601 978 657 admirabile
1007 613 1070 653 ac
1093 609 1301 649 rarum.
1333 590 1435 658 Qui
1461 591 1605 645 enim
1637 588 1777 642 ﬁerit
1803 585 2008 655 possit,
2046 594 2102 636 ut

545 695 687 770 ignis
716 690 986 761 adjacenti
1016 687 1233 758 stipula:
1271 698 1380 738 non
1403 680 1802 770 admisceatur,
1864 673 1970 730 nisi
2005 675 2106 770 hoc

548 765 685 838 forte
748 780 1163 852 supranaturale
1215 775 1370 831 fuit?
1428 771 1585 840 Quod
1630 770 1676 826 si
1720 768 1973 832 Boosus,
2011 765 2104 834 qui

547 874 1016 931 condormientem
1051 870 1284 924 Rutliam
1358 879 1467 920 una
1516 871 1676 918 nocte
1707 859 1928 928 reliquit
1968 857 2106 910 inta-

543 975 712 1031 ctam,
737 964 1011 1027 laudatur,
1043 960 1231 1032 quidni
1279 966 1506 1026 uterque
1557 966 1753 1023 parens
1789 963 1942 1004 meus
1995 962 2105 1002 me-

544 1057 706 1112 ritam
737 1054 1113 1126 temperantia:
1141 1050 1370 1123 gloriam
1403 1047 1603 1102 referat
1625 1045 1647 1097 ?
1667 1043 1795 1098 Esto
1819 1041 1981 1112 igitur
2007 1040 2108 1094 boc

542 1148 828 1202 amborum
885 1145 1234 1201 encomium:
1287 1139 1486 1194 etenim
1536 1135 1640 1189 bac
1687 1135 1738 1187 in
1761 1147 1820 1186 re
1876 1144 1980 1183 non
2007 1129 2109 1182 imo

544 1235 762 1307 proprie
809 1244 963 1305 pater
1026 1247 1182 1287 meus
1236 1227 1451 1283 laudem
1509 1224 1699 1278 matris
1747 1215 2106 1307 participabit.

543 1303 664 1379 iam
693 1303 825 1378 vero
857 1323 1056 1378 liberos
1086 1319 1395 1391 plenissima
1422 1313 1637 1369 virtutis
1665 1310 1863 1366 femina
1897 1303 2111 1361 monitis

543 1425 600 1470 et
650 1413 1126 1470 adhortationibus
1179 1409 1478 1465 erudiebat.
1536 1403 1602 1458 Et
1639 1401 1801 1458 modo
1856 1397 2109 1453 rationali

543 1504 698 1575 virga
719 1503 1051 1574 percutiens,
1080 1501 1240 1554 modo
1269 1497 1554 1554 sedulitate
1574 1493 1866 1552 deducens,
1887 1502 2108 1558 urgens,

546 1609 613 1651 ac
640 1594 945 1666 provehens
982 1592 1048 1648 ad
1108 1589 1454 1662 perfectiora.
1492 1586 1632 1652 Quid
1669 1582 1832 1638 inde?
1863 1579 2110 1635 Filiolam

546 1686 804 1741 roborant
829 1683 1080 1754 stupendi
1115 1681 1305 1735 matris
1337 1693 1540 1743 mores,
1580 1691 1702 1746 quae
1728 1688 1830 1729 nec
1875 1672 2020 1728 illam
2045 1669 2111 1724 ad

549 1777 786 1831 virorum
805 1782 1155 1844 conspectum
1181 1771 1507 1836 adducebat,
1528 1783 1625 1823 nec
1640 1765 1870 1822 feminea
1889 1763 2111 1818 monilia

546 1865 876 1922 ctdextralia
905 1877 1314 1934 purpureasque
1344 1871 1522 1916 vestes
1551 1857 1725 1914 eidem
1749 1853 2062 1910 ostendebat
2086 1869 2101 1919 ;

545 1957 639 2014 sed
665 1959 731 2012 ad
767 1957 1018 2026 pietatem
1059 1955 1241 2024 potius
1256 1969 1380 2024 erga
1418 1950 1586 2006 Deum
1615 1947 1941 2018 impellebat,
1977 1953 2031 1999 et
2054 1943 2108 1997 in

545 2049 722 2104 sacris
754 2048 974 2102 Litteris
1014 2046 1316 2110 erudiebat,
1345 2057 1610 2115 pauperes
1665 2038 1900 2108 hospitio
1958 2036 2108 2090 exci-

548 2155 675 2209 pere
701 2138 948 2200 docebat,
983 2137 1114 2206 quin
1146 2136 1309 2191 etiam
1365 2134 1703 2204 leprosorum
1752 2129 1934 2184 ulcera
1982 2142 2109 2198 pro-

553 2231 691 2302 priis
759 2230 1014 2284 manibus
1052 2228 1278 2298 cogebat
1326 2227 1654 2293 abstergere.
1709 2221 1989 2277 Postremo
2041 2218 2108 2272 ad

547 2323 718 2378 Deum
748 2323 1107 2392 caelestesque
1139 2317 1568 2390 pulchritudines
1605 2330 1669 2368 ex
1705 2314 1788 2368 his
1843 2311 1993 2366 humi
2023 2327 2111 2365 re-

550 2412 801 2481 pentibus
827 2421 1062 2466 mentem
1094 2409 1282 2480 puellze
1301 2406 1655 2471 transferens,
1679 2403 1789 2458 Deo
1803 2409 2106 2457 consecrat.

549 2501 617 2556 Et
643 2501 818 2558 lautos
870 2502 1086 2572 quidem
1133 2501 1236 2554 hoc
1279 2498 1496 2568 optima:
1550 2494 1891 2550 educationis
1947 2509 2110 2562 argu-

549 2599 793 2645 mentum
868 2591 1290 2644 commenlarios
1363 2587 1495 2641 milii
1551 2585 1956 2656 suppeditaret;
2017 2582 2110 2636 sed

551 2697 619 2735 ne
661 2697 821 2752 quem
877 2682 1123 2738 satietate
1177 2697 1417 2744 onerem,
1447 2679 1536 2733 hic
1579 2681 1793 2732 sistam.
1818 2675 1991 2732 Unum
2035 2683 2113 2728 ta-

553 2786 700 2840 men,
731 2771 879 2841 quod
919 2781 1066 2826 recte
1125 2770 1339 2825 reticeri
1398 2769 1601 2837 nequit,
1647 2766 1938 2835 adjiciam:
1969 2763 2112 2832 quod

553 2859 810 2915 nimirum
875 2860 1135 2930 quotidie,
1195 2868 1480 2928 postquam
1529 2871 1587 2910 se
1643 2855 1797 2909 liberi
1856 2855 1910 2908 in
1963 2854 2117 2908 lectis

551 2960 992 3024 composuerant,
1029 2952 1169 3006 haud
1204 2961 1328 3005 ante
1355 2952 1469 3019 ipsa
1504 2949 1747 3002 cubitum
1788 2947 1919 3009 ibat,
1951 2961 2112 3016 quam

552 3045 937 3115 superveniens
953 3044 1132 3099 crucis
1154 3047 1309 3114 signo
1329 3042 1526 3097 membi
1541 3056 1571 3095 a
1592 3041 1804 3095 illorum
1830 3040 2114 3107 signassel.

553 3133 877 3204 Rursusque
904 3148 1028 3188 cum
1085 3140 1392 3203 surgerent,
1423 3144 1566 3200 saepe
1611 3143 1711 3182 nos
1762 3125 2117 3181 exstimulans

553 3232 719 3294 atque
746 3225 1153 3294 expergiscens,
1181 3224 1245 3276 ad
1271 3237 1457 3291 preces
1487 3218 1843 3288 compellebat
1871 3234 1884 3268 :
1916 3216 2122 3269 scilicet

556 3328 612 3370 ut
642 3331 748 3370 non
777 3317 894 3384 ipsa
926 3326 1154 3378 tantum,
1179 3314 1272 3369 sed
1306 3323 1359 3368 et
1395 3311 1510 3376 lilii,
1549 3309 1643 3364 Dei
1673 3307 1900 3363 servitio
1931 3321 2128 3361 assue-

554 3413 786 3460 scerent.

622 3498 678 3552 5.
711 3498 823 3567 Age
869 3511 995 3550 vero
1043 3497 1110 3551 de
1159 3495 1379 3552 famulis
1443 3495 1863 3564 famulabusque
1924 3492 2126 3546 multus

557 3589 691 3642 mihi
737 3603 921 3647 sermo
975 3588 1295 3652 oboriretur,
1336 3588 1380 3643 si
1411 3602 1687 3657 exponore
1741 3585 1956 3650 vellem,
1992 3599 2130 3654 quo-

560 3681 722 3734 modo
751 3680 874 3735 illos
907 3681 1007 3734 sibi
1037 3681 1374 3734 conciliaret.
1410 3679 1599 3740 aleret,
1630 3686 1860 3747 potaret,
1886 3676 2128 3740 vestiret,

559 3781 825 3842 quantum
880 3787 1041 3826 nemo
1093 3773 1234 3827 alius
1264 3772 1347 3826 vel
1401 3771 1887 3826 clementissimus.
1927 3770 2124 3837 Neque,

560 3871 618 3917 ut
652 3863 900 3932 iit,panis
915 3871 1126 3917 tantum
1171 3873 1222 3918 et
1249 3863 1361 3916 vini
1387 3877 1449 3916 ac
1476 3861 1613 3916 lardi
1645 3860 1898 3915 diurnum
1924 3858 2125 3912 victum

559 3957 971 4026 suppeditabat;
1006 3957 1099 4011 sed
1142 3971 1286 4026 saepe
1313 3965 1364 4011 et
1423 3955 1756 4012 solemnibus
1811 3954 2129 4023 plerumque

567 4051 777 4114 diebus,
809 4059 1023 4104 recente
1069 4065 1235 4105 carne
1287 4049 1579 4112 nutriebat,
1612 4045 1870 4116 piscibus,
1901 4053 1953 4098 et
2009 4043 2129 4097 alti-

566 4142 734 4206 libus,
763 4151 817 4195 et
844 4143 1143 4196 mulsorum
1203 4139 1675 4209 propinationibus
1725 4137 1888 4206 ;quia
1939 4150 2130 4202 ncmpc

567 4234 708 4286 haud
739 4234 852 4300 ipsa
881 4231 993 4286 sola
1027 4231 1110 4284 his
1145 4230 1248 4283 frui
1302 4230 1535 4283 volebat.
1585 4228 1777 4282 Nonne
1807 4227 1922 4281 haec
1954 4225 2131 4279 dilau-

566 4323 744 4377 danda
779 4332 984 4377 suntet
1015 4325 1181 4377 rara?
1213 4338 1392 4378 nonne
1424 4320 1724 4392 peculiares
1759 4328 1961 4373 sancta
1990 4318 2135 4370 illius

567 4416 763 4475 animae
811 4417 1222 4484 praerogativa?
1277 4415 1454 4470 Credo
1504 4413 1757 4484 equidem
1798 4413 1847 4465 id
1881 4411 2013 4464 milii
2046 4426 2136 4463 as-

2203 577 2265 630 τὺ
2293 575 2723 648 παραδοξότατόν
2750 592 2809 627 τε
2837 575 2931 628 καὶ
2974 573 3300 644 δυσεύρητον
3323 589 3339 604 ο
3389 573 3508 637 πῶς
3555 574 3669 643 γάρ
3704 575 3772 644 ἂν

2206 667 2300 720 καὶ
2327 668 2426 737 οὐχ
2448 665 2758 736 ὁμιλήσειεν
2787 664 2850 717 τδ
2875 662 2986 734 πῦρ
3014 667 3082 735 τῇ
3117 663 3496 735 παρακειμένῃ
3517 665 3768 739 καλάμῃ,

2205 759 2258 811 εί
2299 758 2374 830 μή
2405 758 2698 829 ὑπερφυῶς
2733 759 2849 810 ἐστι
2881 756 2942 810 τδ
2984 756 3302 826 γινόμενον;
3345 758 3439 810 καὶ
3467 760 3518 810 εί
3560 759 3591 810 ὁ
3639 757 3773 820 Βοδξ

2207 849 2307 920 τὴν
2344 848 2498 901 Ῥοὺθ
2533 848 2699 911 ἐάσας
2731 848 3006 915 ἀνέπαφον
3039 847 3562 918 συγκαθευδήσασαν
3586 850 3647 901 ἐν
3677 853 3775 920 μιᾷ

2209 939 2365 991 νυκτὶ
2412 939 2748 1003 ἐπαινεῖται,
2783 937 2899 999 πῶς
2927 937 3026 991 οὐκ
3070 937 3368 1007 ἀμφότεροι
3408 938 3637 1000 εἰκότως
3677 954 3778 990 σω-

2209 1031 2480 1101 φροσύνης
2511 1031 2920 1099 ἀπενέγκωνται
2949 1031 3100 1087 κλέος
3120 1047 3134 1094 ;
3153 1029 3292 1082 Ἀλλ’
3325 1030 3462 1083 έστω
3489 1031 3590 1099 μὲν
3617 1029 3776 1083 τοῦτο

2207 1124 2321 1175 τοῖν
2369 1123 2512 1176 δυοῖν
2561 1125 2867 1192 ἐγκώμιον·
2919 1123 3337 1194 παραπολαύσει
3381 1123 3490 1195 γὰρ
3538 1122 3780 1177 ἐνταῦθα

2209 1213 2308 1266 οὐκ
2341 1213 2584 1284 ἀκαίρως
2625 1213 2773 1265 καὶὸ
2806 1214 3093 1282 γεννήσας,
3125 1212 3219 1266 τοῦ
3247 1213 3344 1282 τῆς
3371 1212 3639 1283 τεκούσης
3677 1213 3778 1266 ἐπ-

2212 1302 2382 1358 αίνου.
2416 1303 2498 1356 Τὰ
2529 1303 2585 1356 δὲ
2611 1297 2774 1357 τέκνα
2809 1305 2841 1375 ή
2873 1305 3178 1374 πανάρετος
3225 1304 3469 1358 παιδεύει
3501 1307 3560 1358 ἐν
3589 1303 3780 1357 νουθεο

2214 1393 2355 1457 σίαις
2421 1395 2516 1447 καὶ
2567 1395 2990 1464 παραινέσεσιν,
3052 1394 3130 1465 πῆ
3184 1395 3284 1464 μὲν
3343 1395 3524 1467 ῥάϐδῳ
3580 1393 3777 1465 λογικῇ

2213 1485 2528 1555 πλήσσουσα
2547 1524 2564 1551 ,
2591 1485 2667 1555 πῆ
2692 1485 2748 1539 δὲ
2774 1484 3042 1557 ἐμμελείᾳ
3069 1487 3278 1554 ἄγουσα
3303 1487 3397 1539 καὶ
3425 1486 3781 1556 προσάγουσα

2212 1575 2307 1631 καὶ
2336 1576 2574 1644 αὔξουσα
2617 1578 2699 1640 είς
2743 1576 2812 1630 τὰ
2859 1577 3289 1648 τελεώτερα.Ἐξ
3317 1572 3379 1632 οὗ
3427 1578 3480 1631 τί
3528 1576 3778 1645 γίνεται;

2213 1672 2528 1743 καταρτίξει
2555 1672 2615 1727 τὸ
2660 1673 2949 1745 θυγάτριον
2989 1675 3084 1728 καὶ
3129 1675 3158 1727 ό
3194 1674 3393 1746 τρόπος
3426 1673 3778 1743 θαυμαστόςο

2215 1763 2339 1818 οὔτε
2369 1767 2448 1831 είς
2481 1766 2604 1836 δψιν
2638 1767 2882 1838 ἀρρένων
2911 1767 3186 1839 φέρουσα,
3228 1766 3352 1820 οὔτε
3382 1766 3450 1821 τά
3481 1767 3783 1836 γυναικιλὰ

2214 1856 2488 1927 ἐμπλόκια
2519 1857 2614 1910 καὶ
2645 1857 2924 1928 περιδέξια
2969 1857 3064 1912 καὶ
3120 1858 3508 1927 περιπόρφυρα
3559 1856 3781 1911 ὑποδει-

2215 1945 2452 2000 κνύουσα
2473 1963 2487 1977 ο
2523 1946 2659 2016 πρὸς
2691 1947 2747 1999 δὲ
2775 1946 3083 2000 θεοσέϐειαν
3114 1947 3411 2014 ἀνάγουσα,
3445 1945 3538 1998 καὶ
3563 1948 3631 1998 τὰ
3660 1945 3786 2017 ιερά

2215 2040 2518 2112 γράμματα
2547 2039 2966 2104 ὲινπαιδεύουσα,
3013 2041 3108 2093 καὶ
3139 2041 3264 2104 τοὺς
3293 2040 3544 2110 πτωχοὺς
3588 2040 3785 2093 ύποδέα

2216 2131 2406 2201 χεσθαι
2450 2131 2846 2186 ἐκδιδάσκουσα
2870 2171 2885 2194 ,
2917 2131 3015 2186 καὶ
3042 2131 3152 2184 τῶν
3189 2131 3377 2184 λωὸῶν
3406 2131 3478 2183 τὰ
3519 2130 3658 2200 ἕλκη
3691 2132 3786 2183 ἐκ·

2220 2224 2518 2292 μάσσεσθαι
2561 2223 2893 2294 αύτοχείρως
2937 2224 3432 2292 ὑπαναγκάζουσαο
3475 2225 3567 2277 καὶ
3595 2225 3784 2286 τέλος,

2217 2315 2296 2377 είς
2340 2313 2473 2368 Θεὸν
2503 2315 2596 2368 καὶ
2623 2315 2690 2368 τά
2733 2314 3028 2384 ἐπουράνια
3068 2314 3240 2386 κάλλη
3273 2315 3380 2370 ἀπὸ
3424 2314 3531 2366 τῶν
3571 2313 3784 2366 ἐνθένδε

2219 2406 2575 2476 χαμαιζήλων
2603 2405 2695 2459 τὸν
2739 2405 2862 2459 νοῦν
2907 2405 3000 2459 τοῦ
3051 2405 3237 2476 κορίου
3276 2408 3622 2477 μετάγουσα,
3666 2404 3789 2474 Θεῷ

2217 2496 2557 2567 ἀνατίθησιν.
2596 2496 2762 2549 Ἀλλά
2795 2496 2965 2552 πολλά
3010 2513 3076 2567 με
3105 2497 3283 2566 λέγειν
3315 2499 3348 2568 ή
3387 2496 3646 2558 ὑπόθεσις
3683 2495 3788 2565 τῆς

2219 2590 2509 2660 καλλίστης
2561 2590 2732 2654 αὐτῆς
2784 2591 3170 2663 παιδοτροφίας
3220 2590 3590 2660 ὑπομνήματα
3643 2605 3791 2660 παρ-

2219 2681 2474 2752 εχομένη,
2521 2682 2608 2736 διὰ
2650 2682 2742 2735 τὸν
2797 2683 2954 2753 κόρον
3001 2681 3234 2735 ἐνταῦθα
3274 2682 3484 2750 στήτω·
3533 2681 3562 2733 ὂ
3611 2680 3669 2733 δέ
3718 2698 3789 2750 με

2220 2774 2541 2826 καταλιπεῖν
2563 2774 2623 2827 οὐ
2646 2774 2829 2838 καλὸν,
2856 2775 3013 2827 τοῦτο
3048 2772 3374 2844 προσθείην⁹
3407 2773 3489 2825 ὅτι
3522 2771 3790 2824 ἑκάστοτε

2226 2867 2364 2934 μετὰ
2392 2867 2451 2920 τὸ
2485 2867 2812 2938 καθευδῆσαι
2844 2868 2971 2928 τοὺς
3003 2866 3228 2928 παῖδας,
3256 2866 3318 2918 οὐ
3349 2865 3566 2926 πάντως
3590 2859 3660 2933 ἦν
3691 2865 3790 2916 αὑ·-

2221 2959 2319 3028 τὴν
2351 2959 2735 3028 κοιτασθῆναι,
2770 2958 2897 3027 πρὶν
2929 2955 2994 3010 ἂν
3027 2955 3298 3010 ἀπιοῦσαν
3327 2954 3683 3024 σημειοῦσθαι
3722 2956 3795 3008 τά

2226 3050 2375 3119 σφῶν
2412 3050 2549 3119 μέλη
2588 3051 2654 3120 τῇ
2703 3048 2798 3102 τοῦ
2851 3047 3083 3120 σταυροῦ
3138 3047 3427 3119 σφραγῖδι·
3463 3041 3583 3098 εῖτα
3625 3046 3796 3099 πάλιν

2228 3143 2364 3210 μετὰ
2392 3143 2489 3212 τὴν
2521 3142 2736 3211 ἔγερσιν
2763 3141 2837 3204 ὼς
2862 3142 2954 3194 ἐπὶ
2985 3141 3046 3194 τὸ
3075 3141 3209 3194 πολὺ
3237 3141 3535 3194 νύσσουσαν
3569 3139 3666 3192 καὶ
3691 3139 3799 3207 ἀφ·

2228 3235 2502 3288 υπνοῦσαν
2529 3236 2677 3304 ἡμᾶς
2702 3236 2795 3288 καὶ
2817 3235 2952 3306 πρὸς
2983 3234 3290 3306 προσευχὴν
3312 3233 3799 3306 προτρεπομένην,

2230 3325 2316 3374 ἵνα
2363 3322 2438 3392 μὴ
2489 3322 2649 3392 μόνον
2693 3323 2906 3393 ἐκείνη,
2937 3324 3073 3378 ἀλλὰ
3103 3325 3197 3377 καὶ
3225 3323 3294 3377 τά
3321 3323 3486 3377 τέκνα
3531 3323 3652 3396 Θεῷ
3695 3323 3800 3377 λα-

2227 3413 2441 3482 τρεύειν
2471 3412 2850 3468 παιδεύωνται.

2299 3503 2362 3558 ε’.
2411 3506 2476 3556 "A
2511 3504 2569 3557 δὲ
2595 3505 2724 3576 περὶ
2756 3505 2958 3559 δούλων
2989 3507 3082 3558 καὶ
3105 3505 3382 3571 δουλίδων,
3415 3505 3583 3568 πολὺς
3629 3508 3661 3559 ό
3709 3506 3803 3560 M-

2228 3609 2345 3662 γος,
2398 3593 2708 3666 βουλομένῳ
2757 3612 2848 3667 μοι
2891 3594 3140 3665 φράζειν,
3172 3596 3272 3648 ὅσα
3301 3595 3481 3661 ἐκείνη
3514 3595 3800 3665 ώμήρετο,

2229 3687 2544 3758 διέτρεφεν,
2594 3688 2870 3752 ἐπότιζεν,
2921 3689 3290 3754 ἐνεδίδυσκεν,
3323 3688 3398 3750 ὡς
3435 3686 3611 3751 οὐδεὶς
3658 3688 3804 3742 πολὺ

2228 3776 2335 3829 τῶν
2365 3774 2561 3842 ἄλλων,
2593 3779 2687 3830 καὶ
2709 3779 2756 3830 εἰ
2784 3778 2902 3831 λίαν
2931 3779 3328 3858 φιλανθρώπων
3347 3797 3360 3812 ο
3389 3779 3484 3849 οὐχ
3502 3779 3580 3840 ὡς
3607 3780 3806 3851 έτυχεν

2229 3870 2376 3938 ἄρτῳ
2409 3871 2503 3922 καὶ
2536 3870 2663 3939 οἴνῳ
2700 3870 2792 3923 καὶ
2821 3869 3000 3940 λάρδῳ
3047 3869 3388 3940 δεξιουμένη,
3421 3871 3482 3924 τὸ
3507 3873 3808 3944 ἐφημερή-

2230 3977 2342 4012 σιον
2369 3963 2696 4030 σιτηρέσιον,
2731 3961 2868 4015 ἀλλὰ
2892 3961 3176 4032 πολλαχῶς
3209 3962 3302 4015 καὶ
3331 3964 3388 4014 ἐν
3415 3963 3809 4031 ἐορταστικαῖς

2225 4053 2483 4124 ἡμέραις,
2519 4053 2615 4106 καὶ
2650 4053 2946 4124 προσφάτῳ
2973 4053 3127 4124 κρέει
3151 4052 3535 4123 διατρέφουσα,
3567 4053 3724 4124 ὅψοις
3746 4073 3810 4109 τε

2230 4147 2326 4199 καὶ
2353 4145 2560 4216 ὀρνέοις
2610 4145 2705 4199 καὶ
2734 4146 3154 4216 καρυκευτικοῖς
3200 4145 3570 4214 προπόμασιν,
3603 4147 3664 4197 ού
3705 4146 3809 4216 φέ-

2237 4255 2404 4308 ρουσα
2427 4239 2523 4308 τὴν
2555 4238 2662 4290 τῶν
2710 4235 2974 4290 τοιούτων
3025 4236 3324 4308 μετάληψιν
3353 4238 3436 4306 ἐφ’
3469 4219 3669 4304 ἑαυτῆς
3707 4237 3812 4307 μό-

2235 4347 2330 4399 νης
2364 4329 2679 4400 ἱσταμένην.
2707 4323 2832 4398 Ἆρ’
2861 4329 2960 4382 οὐκ
3007 4327 3271 4380 ἐπαινετὰ
3311 4327 3482 4382 ταῦτα
3520 4328 3613 4381 καὶ
3661 4327 3811 4392 ξενί-

2238 4423 2420 4486 ζοντα,
2449 4421 2544 4473 καὶ
2586 4419 2684 4487 τῆς
2712 4418 2869 4486 ἁγίας
2912 4416 3089 4484 ψυχῆς
3122 4415 3336 4482 ἐκείνης
3365 4415 3811 4485 προτερήματα;

569 4507 874 4560 scntiemini
945 4517 1214 4576 quotquot
1271 4507 1493 4562 auditis.
1557 4505 1661 4558 Sed
1723 4505 1854 4557 illud
1914 4516 2120 4572 quoquc

2239 4517 2551 4584 συμφήσετε
2583 4509 2680 4565 οἷδ’
2704 4515 2786 4565 ὅτι
2817 4514 2866 4564 οἱ
2898 4510 3292 4581 ἐνωτιζόμενοι.
3334 4509 3474 4561 ’Ἀλλ’
3502 4509 3696 4578 ἔμοιγε
3749 4508 3814 4567 εὖ

569 4606 714 4650 recte
743 4612 829 4650 me
861 4595 1135 4651 dicturum
1168 4608 1319 4667 puto,
1368 4597 1512 4666 quod
1553 4598 1716 4650 etiam
1751 4593 2126 4655 minitabatur,

570 4691 896 4759 corrigebat,
950 4698 1004 4744 et
1063 4691 1334 4759 praacipue
1387 4688 1704 4743 domesticis
1764 4684 1930 4756 (quod
1985 4682 2130 4737 haud

572 4781 687 4835 scio
721 4789 902 4835 utrum
933 4781 1060 4834 vitio
1087 4795 1153 4833 an
1191 4779 1338 4833 laudi
1369 4780 1598 4842 vertam)
1635 4778 1823 4846 alapas
1855 4773 2125 4842 impinge-

573 4874 684 4936 bat,
733 4871 1054 4940 objurgabat
1081 4885 1176 4926 eos
1208 4881 1256 4924 et
1295 4870 1616 4924 verberabat
1651 4887 1662 4921 :
1715 4869 1842 4938 quia
1877 4866 1992 4920 haec
2038 4865 2135 4918 lio-

575 4963 800 5016 nestatis
824 4963 1079 5016 docendae
1111 4977 1293 5024 causa,
1336 4977 1363 5015 a
1396 4960 1555 5015 furtis
1608 4956 1967 5022 absterrendi,
2000 4956 2135 5009 alia-

575 5068 807 5124 rumque
841 5053 1101 5108 virtutum
1145 5054 1326 5108 studio
1368 5053 1601 5119 liebant;
1652 5051 1878 5120 ejusque
1911 5051 2137 5102 rectitu-

574 5150 720 5206 dinis
745 5167 934 5205 amans
973 5153 1191 5207 animus
1234 5152 1515 5205 iracundia
1564 5151 1976 5221 percellebatur,
2011 5165 2133 5204 cum

574 5253 629 5297 et
655 5244 856 5314 alioqui
915 5245 1047 5298 satis
1108 5245 1358 5298 irritabili
1427 5252 1618 5296 natura
1678 5254 1844 5308 esset,
1894 5245 2009 5296 zelo
2045 5241 2136 5297 Dei

577 5350 720 5403 saepe
748 5343 1092 5403 compuncta.
1130 5333 1326 5388 Verum
1359 5334 1547 5388 eadem
1583 5345 1701 5403 post
1734 5333 2139 5387 vcrberationcs

579 5429 892 5482 cubiculum
946 5443 1106 5482 suum
1162 5427 1426 5497 ingressa,
1477 5428 1577 5482 sibi
1610 5443 1774 5497 genas
1804 5427 2050 5495 pulsans,
2087 5435 2140 5478 et

582 5520 786 5576 utinam
826 5519 1051 5573 doleas!
1102 5518 1203 5572 sibi
1236 5519 1443 5582 dicens,
1471 5528 1633 5587 atque
1666 5518 1730 5571 ad
1768 5517 2138 5586 paenitentiam

585 5611 800 5675 inﬂexa,
827 5617 1020 5665 vocata
1051 5610 1114 5663 ad
1147 5625 1204 5663 se
1231 5625 1351 5678 qua:
1376 5611 1721 5679 vapulaverat
1747 5609 1968 5670 famula,
2005 5607 2141 5662 ﬂexo

584 5718 722 5770 genu
758 5702 974 5757 veniam
1017 5702 1253 5771 petebat.
1305 5702 1348 5755 Ο
1376 5711 1618 5757 sanctam
1667 5701 2137 5770 resipiscentiani!

586 5795 737 5850 Certc
769 5796 814 5851 si
849 5796 987 5851 forte
1032 5796 1230 5866 aliquis
1281 5795 1460 5866 priora
1513 5794 1922 5862 vituperarerit,
1952 5794 1995 5849 is
2029 5794 2142 5848 haec

2239 4607 2304 4660 ἂν
2343 4607 2455 4675 ἔχοι
2499 4604 2635 4674 πρὸς
2680 4603 2886 4665 τούτοις
2923 4603 3131 4668 είπεῖν,
3169 4603 3249 4655 ὅτι
3291 4601 3384 4654 καὶ
3419 4602 3669 4670 ἠπείλει,
3716 4605 3818 4657 καὶ

2238 4696 2585 4766 ἠσφαλίζετο,
2609 4694 2702 4747 καὶ
2734 4693 2964 4763 μάλιστα
2994 4695 3102 4756 τοῖς
3125 4691 3353 4761 ἐγγύθεν
3385 4693 3504 4761 (οὐκ
3537 4687 3635 4746 οἷδ’
3667 4695 3697 4747 ὅ
3735 4713 3815 4757 τι,

2241 4790 2299 4840 ἐν
2329 4788 2482 4856 μέρει
2515 4785 2683 4855 ψόγου
2717 4785 2750 4853 ἢ
2786 4784 3008 4837 ἐπαίνου
3045 4782 3307 4854 θήσομαι)
3329 4783 3388 4835 τὸ
3415 4783 3509 4834 καὶ
3538 4784 3816 4854 ἐρῤάπιξε

2242 4881 2338 4932 καὶ
2385 4879 2666 4948 ἐφύϐριζε,
2711 4878 2805 4932 καὶ
2848 4877 3190 4946 προσέτυπτε
3221 4875 3308 4928 διὰ
3333 4875 3393 4927 τὸ
3424 4874 3566 4943 ὑπὲρ
3593 4891 3816 4946 σωφροο

2243 4972 2407 5040 σύνης
2434 4970 2528 5024 καὶ
2577 4970 2844 5032 ἁκλοπίας
2892 4969 2987 5023 καὶ
3017 4967 3183 5036 άλλης
3212 4966 3416 5037 ἀρετῆς
3444 4966 3622 5020 ταῦτα
3665 4969 3819 5037 γίνε-

2245 5060 2397 5123 σθαι,
2443 5061 2532 5112 καὶ
2576 5059 2653 5130 τῷ
2709 5058 2864 5129 θυμῷ
2916 5058 3218 5125 ἐπλήσσετο
3261 5059 3294 5127 ή
3347 5057 3816 5128 σπουδαιόψυχος.

2244 5153 2429 5223 ἐπειδὴ
2459 5154 2549 5206 καὶ
2579 5169 2792 5221 φύσεως
2813 5147 2879 5221 ἦν
2909 5151 3188 5220 ὀξυτέρας,
3219 5148 3366 5219 ζήλῳ
3387 5149 3522 5202 Θεοῦ
3548 5151 3619 5203 τά
3647 5153 3820 5205 πολλὰ

2243 5246 2702 5316 τιτρωσκομένης.
2726 5244 2969 5313 Ἑκείνης
3001 5243 3055 5296 δέ
3100 5243 3246 5295 ἐστιν
3277 5243 3338 5295 τὸ
3384 5243 3520 5312 μετά
3564 5244 3629 5296 τὸ
3661 5261 3815 5296 τετυο

2247 5338 2405 5406 φέναι
2438 5337 2825 5406 είσερχομένης
2859 5337 2937 5398 εἰς
2966 5335 3055 5387 τὸν
3089 5333 3458 5397 κοιτωνίσκον,
3492 5333 3586 5385 καὶ
3616 5335 3820 5406 ἑαυτῆς

2247 5430 2681 5498 ἀντιτυπτούσης
2712 5430 2808 5491 τὰς
2837 5429 3094 5499 παρειὰς,
3123 5425 3186 5479 Εί
3219 5427 3461 5494 πονοίης,
3499 5427 3671 5498 ἑαυτῇ
3698 5429 3820 5482 ἑπι-

2248 5516 2534 5586 λεγούσης,
2565 5518 2674 5569 κάκ
2700 5517 2889 5569 τούτου
2925 5515 3371 5585 ἁνακοπτομένης
3400 5515 3536 5584 πρὸς
3575 5519 3822 5586 μετάμε-

2248 5610 2359 5676 λον,
2412 5610 2506 5662 καὶ
2550 5610 2648 5678 τὴν
2692 5611 2987 5677 τυφθεῖσαν
3016 5608 3498 5679 προσκαλουμένης
3531 5609 3627 5661 καὶ
3658 5627 3820 5678 γονυ-

2251 5701 2542 5770 πετούσης,
2579 5703 2671 5754 καὶ
2703 5701 3088 5771 ἐξαιτουμένης
3124 5699 3492 5770 συγχώρησιν.
3521 5699 3633 5751 Καὶ
3655 5699 3700 5751 ὣ
3724 5701 3822 5765 τῆς

2253 5792 2477 5863 εὐαγοῦς
2511 5794 2970 5859 ἐπανακλήσεωςί
3006 5793 3104 5848 κᾶν
3148 5793 3255 5864 γὰρ
3295 5792 3355 5846 τὸ
3397 5791 3668 5863 πρότερον
3705 5792 3822 5860 δοίη
