3926 6454
153 423 261 486 889

726 419 1010 484 ORATIO
1039 417 1213 480 XIII.
1242 443 1313 457 -
1352 419 1735 482 LAUDATIO
1771 421 2161 486 FUNEBRIS
2221 426 2304 487 ΙΝ
2337 427 2659 490 MATREM
2687 430 2918 493 SUAM.

3325 435 3426 498 890

158 552 241 598 τις
268 533 774 607 κατηγορούμενον,
792 533 931 588 ἀλλά
945 549 1011 602 γε
1036 533 1098 587 τδ
1122 532 1377 604 δεύτερον
1406 533 1726 605 παραδόξως

1846 538 2151 593 mirabiliter
2179 539 2321 596 facta
2343 541 2620 612 posterius
2666 544 3097 601 commendabit.
3131 545 3225 604 Sic
3254 552 3424 605 metui

157 629 469 700 γινόμενον,
507 630 536 682 ὁ
565 627 729 690 αὐτὸς
752 626 1093 681 ἐπαινέσειεν
1115 641 1129 656 °
1160 625 1285 679 ὅθεν
1316 627 1412 679 καὶ
1448 625 1736 698 κεράσασα

153 721 232 793 τῷ
277 720 434 792 φόϐῳ
483 721 577 776 τὸν
625 719 807 785 ἔλεον,
858 719 957 775 καὶ
1003 716 1329 790 στέργεσθαι
1371 719 1505 790 παρ’
1553 719 1738 774 αὐτῶν

154 813 519 884 ἐγνωρίζετο,
550 812 646 868 καὶ
696 814 955 885 φρουρεῖν
982 811 1156 876 αὑτὰς
1187 810 1324 883 πρὸς
1358 811 1738 883 σωφρονισμὸν

155 906 512 960 ὑπεδείκνυτο
527 921 540 934 ·
556 905 652 959 καὶ
690 902 1034 974 ἑκατέρωθεν
1058 904 1120 958 τὸ
1139 903 1433 975 κράτιστον
1451 903 1735 974 ἐκέκτητο.

165 999 480 1068 Ἀγάπησιν
503 997 562 1051 δέ
589 996 743 1068 παρὰ
769 995 882 1050 τῶν
897 993 1344 1064 γειτνιαζουσῶν,
1362 994 1737 1067 ἐλεημοσύνην

153 1092 207 1145 δὲ
234 1091 377 1164 πρὸς
404 1091 532 1154 τοὺς
562 1089 786 1155 ἐνδεεῖς,
816 1089 903 1154 τίς
933 1087 1272 1160 ὑπερέϐαλεν
1299 1086 1551 1159 ἐκείνηνς
1585 1086 1738 1157 έχου-

157 1201 254 1238 σαν
302 1183 370 1237 τὺ
422 1183 523 1254 μὲν
564 1183 632 1236 ἐκ
687 1179 784 1236 τοῦ
825 1178 1283 1252 συμμετριάζειν,
1340 1179 1579 1251 μάλιστα
1614 1181 1738 1243 ταῖς

156 1273 611 1345 ύποδεεστέραις·
643 1273 705 1327 τὸ
724 1271 783 1328 δέ
812 1273 877 1327 ἐκ
902 1271 997 1327 τοῦ
1035 1272 1178 1342 άγαν
1213 1270 1598 1343 συμπαθοῦσα,
1630 1271 1736 1326 κᾶν

155 1369 278 1422 ὅσον
303 1367 370 1423 τὸ
402 1366 624 1437 δαψιλὲς
663 1365 764 1436 τῆς
808 1365 1153 1436 προθέσεως,
1179 1363 1280 1418 οὐκ
1311 1364 1400 1418 εία
1439 1362 1738 1436 προφαίνει-

156 1459 279 1515 σθαι
297 1460 334 1530 ἡ
369 1458 662 1531 μετριότης
688 1456 788 1528 τῆς
816 1455 1126 1528 ὑπάρξεως.
1171 1455 1319 1528 Πλὴν
1344 1455 1619 1528 μάρτυρες
1637 1454 1738 1525 τῆς

155 1547 420 1619 ἀληθείας
447 1548 497 1600 oi
522 1546 710 1600 πολλοὶ
731 1543 829 1599 καὶ
851 1544 1110 1626 πολλάκις
1128 1543 1225 1600 καὶ
1255 1543 1737 1615 ἀποτεταγμένως,

155 1639 387 1712 ὀρφανοί
418 1655 480 1692 τε
508 1638 602 1691 καὶ
632 1637 824 1709 χῆραι,
842 1636 984 1704 ξένοι
1014 1652 1076 1690 τε
1100 1637 1195 1690 καὶ
1223 1635 1569 1707 αὐτόχθονες,
1587 1652 1739 1689 νοσε-

157 1735 238 1805 ροί
269 1752 329 1789 τε
354 1733 449 1788 καὶ
477 1733 756 1806 γέροντες,
778 1731 874 1785 καὶ
899 1731 950 1784 οἰ
979 1731 1078 1799 τῆς
1102 1730 1253 1802 ίερᾶς
1273 1730 1433 1784 νόσου
1453 1729 1733 1802 λαχόντες,

156 1825 308 1897 παρὰ
349 1825 454 1897 τῆς
485 1822 874 1895 πτωχοτρόφου
919 1821 1105 1886 δεξιᾶς
1136 1821 1585 1892 θεραπευόμενοι.
1625 1825 1737 1879 Καὶ

1839 629 2279 687 misericordiam
2341 632 2676 700 admiscens,
2733 644 2789 692 et
2856 636 2926 691 ab
2969 637 3188 694 ancillis
3239 639 3422 709 palam

1838 722 2146 791 amabatur,
2215 731 2272 779 et
2329 724 2548 780 illarum
2612 741 2672 782 se
2729 729 3010 784 custodire
3073 730 3422 786 honestatem

1838 815 2220 873 monstrabat:
2269 822 2324 870 et
2349 830 2464 870 rem
2503 825 2795 888 utramque
2825 820 3088 889 optimam
3118 822 3422 880 obtinebat.

1837 903 1956 960 Jam
1988 921 2176 962 amore
2219 922 2346 977 erga
2398 910 2849 979 circumstantes,
2879 921 2932 967 et
2976 915 3326 986 eleemosyna
3354 915 3422 970 ad

1837 1014 2060 1071 egenos,
2109 1002 2237 1071 quis
2287 1017 2408 1056 eam
2453 1003 2775 1074 superavit?
2825 1003 2890 1060 Et
2923 1020 3080 1060 amor
3102 1008 3321 1077 quidem
3353 1023 3421 1062 ex

1837 1088 1962 1157 ejus
2015 1089 2394 1146 moderatione
2447 1093 2764 1161 apparebat,
2809 1096 3118 1163 przesertim
3173 1110 3305 1164 erga
3338 1095 3423 1150 in-

1841 1180 2107 1237 firmiores
2139 1200 2153 1236 :
2185 1181 2562 1238 misericordia
2594 1194 2779 1238 autem
2812 1200 2878 1240 ex
2908 1187 3028 1254 ejus
3059 1185 3233 1241 nimia
3272 1203 3425 1243 com-

1835 1269 2145 1340 passione:
2207 1286 2527 1342 quanquam
2581 1274 2881 1331 voluntatis
2943 1275 3108 1345 hujus
3157 1277 3414 1344 copiam,

1837 1360 2157 1417 facultatum
2211 1371 2525 1418 nostrarum
2579 1363 2933 1422 mediocritas
2984 1367 3245 1438 effulgere
3304 1386 3414 1426 non

1837 1453 2072 1509 sinebat.
2130 1453 2236 1508 Sed
2280 1463 2461 1510 tamen
2509 1463 2681 1510 testes
2733 1457 2981 1514 veritatis
3011 1469 3142 1514 sunt
3173 1460 3328 1513 multi
3362 1469 3420 1516 et

1837 1558 2218 1614 saepenumero
2236 1554 2291 1600 et
2315 1546 2539 1602 statutis
2560 1547 2794 1612 vicibus,
2850 1550 3080 1619 orphani
3127 1566 3191 1606 ac
3222 1552 3416 1617 vidua,

1838 1635 2111 1706 peregrini
2159 1645 2214 1691 et
2255 1636 2552 1706 indigena,
2593 1639 2781 1708 aegroti
2835 1655 2901 1696 ac
2943 1656 3125 1710 senes,
3172 1651 3227 1698 et
3262 1659 3420 1699 sacro

1839 1729 2031 1785 morbo
2061 1729 2320 1799 correpti,
2351 1730 2446 1800 qui
2479 1729 2600 1800 ejus
2651 1733 2867 1788 nutrice
2914 1749 3218 1804 pauperum
3250 1751 3414 1791 manu

1838 1818 2010 1889 adjuti
2063 1820 2304 1876 fuerunt.
2361 1823 2538 1893 Atque
2578 1823 2682 1880 hoc
2716 1826 2882 1881 etiam
2915 1827 3191 1883 excellens
3243 1829 3296 1883 in
3344 1844 3412 1884 ea

154 1890 286 1989 γούν
316 1890 422 1974 καί
447 1890 813 1988 τοῦτο-ίαῦτῆς
861 1918 922 1971 τὸ
973 1890 1272 1985 ἐξαίρετον,
1320 1916 1382 1970 τὸ
1416 1890 1735 1971 σύνδειπνον

1846 1912 1967 1980 fuit,
2013 1913 2158 1983 quod
2211 1890 2498 1970 convivam
2548 1917 2602 1971 in
2657 1933 2847 1972 mensa
2899 1917 3099 1974 habere
3134 1920 3419 1976 Christum

156 2014 250 2066 καὶ
279 2005 662 2082 ὁμοτράπεζον
699 2007 788 2060 τὸν
819 2007 1057 2079 Χριστὸν
1097 2006 1265 2078 ἐχειν,
1301 2007 1465 2078 ἡνίκα
1500 2008 1741 2078 μάλιστα

158 2106 340 2177 παρῆν
371 2101 565 2173 καιρὸς
608 2099 702 2154 τοῦ
751 2100 1053 2171 ἑορτάζειν.
1099 2099 1286 2154 Ταῦτα
1323 2100 1384 2153 οὐ
1431 2101 1607 2171 μικρά
1648 2117 1739 2171 μοι

157 2196 556 2267 καταφαίνεται
583 2197 696 2259 τοῖς
751 2193 1114 2264 προληφθεῖσι
1145 2194 1222 2263 τῷ
1250 2193 1415 2264 γάμῳ
1458 2194 1595 2264 πρὸς
1631 2211 1738 2247 σω-

156 2291 354 2362 τηρίας
385 2288 685 2359 ἐφόδιον,εί
715 2285 810 2340 καὶ
839 2285 920 2339 ἑτι
940 2285 1122 2338 λέγειν
1160 2285 1260 2339 οὐκ
1289 2284 1487 2356 ἔχομεν
1519 2283 1741 2356 μείζονα

159 2401 224 2436 πε
232 2386 287 2455 ρὶ
319 2383 422 2453 τῆς
460 2382 601 2451 εύφη
611 2397 708 2449 μου
718 2379 910 2450 μένης.

227 2476 308 2542 ς’.
351 2473 662 2544 Τοιγαροῦν
689 2471 880 2540 ἐπειδὴ
910 2470 1144 2542 ἡνεγκεν
1189 2469 1218 2521 ό
1261 2466 1455 2539 καιρὸς
1500 2468 1600 2538 τὴν
1646 2466 1738 2522 τοῦ

163 2568 458 2638 μοναδικοῦ
488 2567 769 2637 σχήματος
813 2563 1133 2632 ἀνάκλησιν,
1162 2561 1247 2624 τίς
1277 2561 1385 2633 πρὸ
1418 2562 1637 2630 ἐκείνης
1658 2601 1673 2623 ,
1704 2561 1737 2630 ἢ

162 2660 457 2726 ὑπεδέξατο
491 2657 617 2719 τοὺς
647 2653 886 2725 Χριστοῦ
917 2652 1301 2723 θεραπευτὰς.
1343 2652 1376 2725 ἢ
1423 2650 1739 2724 ἐξενοδόχη-

163 2771 273 2817 σεν,
319 2751 355 2823 ἢ
398 2749 810 2821 ἐθεράπευσεν,
872 2745 1108 2817 μάλιστα
1143 2743 1238 2796 καὶ
1285 2744 1349 2796 ἐκ
1398 2744 1492 2797 τοῦ
1538 2743 1739 2797 οἰκείου

162 2840 393 2910 ἀδελφοῦ
425 2836 793 2908 συνελκομένη
819 2853 834 2903 ;
861 2836 1029 2890 Ὅθεν
1051 2835 1137 2890 ἵνα
1163 2834 1232 2888 τά
1264 2833 1434 2887 πολλά
1462 2837 1737 2905 συντέμω,

161 2937 236 2999 εἰς
266 2934 436 2988 πόθον
477 2930 709 2984 ἐλθοῦσα
735 2929 837 2999 τῆς
862 2927 1172 2998 ἀσκητικῆς
1218 2926 1386 2998 ζωῆς,
1432 2926 1612 2981 πείθει
1650 2927 1740 2980 τόν

161 3024 353 3097 ἀνδρα,
401 3019 696 3092 συμπείθει
744 3020 872 3082 τοὺς
901 3018 1096 3081 παῖδας
1137 3015 1363 3079 πολλαῖς
1395 3016 1741 3086 ἐπιμελείαις

161 3115 252 3168 καὶ
279 3111 593 3173 νουθεσίαις
631 3109 729 3164 καὶ
759 3108 1140 3178 ὑποσχέσεσιν,
1173 3105 1370 3160 ἔπειτα
1401 3107 1528 3170 τοὺς
1556 3106 1611 3172 ἐξ
1650 3108 1741 3159 ἀν-

1842 2005 2153 2074 (pauperem
2189 2005 2454 2076 aliquem)
2494 2008 2797 2078 praesertim
2851 2016 3099 2078 tempore
3156 2010 3420 2066 solemni-

1843 2096 1991 2162 tatis,
2019 2096 2178 2152 solita
2218 2096 2344 2152 fuit.
2385 2098 2512 2154 Haec
2540 2099 2687 2153 haud
2719 2100 2858 2154 levia
2894 2100 3028 2154 mihi
3067 2101 3326 2156 videntur
3360 2102 3414 2157 in

1841 2187 1908 2242 iis
1945 2186 2035 2256 qui
2071 2188 2370 2258 nuptialem
2405 2198 2607 2246 statum
2643 2191 2709 2246 ad
2740 2190 2936 2246 salutis
2983 2190 3242 2246 viaticum
3277 2208 3420 2261 pra:-

1841 2286 2235 2347 sumpserunt;
2285 2279 2500 2334 etiamsi
2543 2277 2686 2334 forte
2726 2279 2935 2350 majora
2969 2280 3078 2336 alia
3106 2281 3176 2336 de
3199 2281 3302 2337 hac
3329 2283 3422 2337 be-

1840 2371 2053 2424 nedicta
2081 2370 2280 2425 femina
2313 2371 2496 2426 dicere
2533 2387 2638 2426 non
2684 2372 3037 2428 haberemus.

1911 2462 1964 2517 6.
1995 2463 2360 2529 Quamobrem
2412 2473 2702 2533 postquam
2753 2465 2910 2534 lapsu
2940 2476 3247 2535 temporum
3300 2481 3422 2521 mo-

1840 2554 2086 2610 nachalis
2137 2555 2356 2611 habitus
2409 2556 2696 2611 restitutus
2753 2555 2876 2621 fuit,
2942 2558 3068 2627 quis
3112 2564 3238 2611 ante
3265 2557 3418 2614 illam

1839 2646 2044 2701 Christi
2103 2645 2339 2703 famulos
2401 2647 2945 2718 suscepit,ltospitio
2997 2648 3133 2704 fovit
3163 2648 3422 2721 curisque

1839 2738 2054 2804 refecit,
2105 2755 2135 2795 a
2183 2739 2353 2795 fratre
2404 2741 2709 2808 praesertim
2765 2742 2832 2796 ad
2878 2741 2930 2795 id
2967 2741 3229 2797 inducta?
3263 2741 3422 2799 Unde

1839 2831 2027 2895 etiam,
2053 2841 2114 2887 ut
2142 2833 2312 2888 multa
2340 2832 2665 2903 compendio
2706 2834 3076 2904 intercipiam,
3128 2835 3248 2890 viro
3285 2851 3415 2892 sua-

1839 2924 1953 2987 det,
1989 2924 2176 2980 liberis
2210 2928 2414 2995 pariter
2455 2926 2759 2981 consuadct
2808 2926 2958 2982 curis
2991 2927 3200 2992 multis,
3243 2930 3421 2982 moni-

1841 3018 1911 3073 tis
1939 3032 2003 3073 ac
2043 3019 2527 3088 promissionibus.
2585 3035 2713 3074 mox
2769 3020 2934 3075 etiam
2969 3021 3070 3076 viri
3104 3021 3367 3076 fratribus
3401 3041 3416 3078 :

1840 3119 1894 3165 et
1917 3111 2028 3179 jam
2063 3111 2227 3166 rebus
2270 3112 2408 3167 bene
2433 3111 2776 3182 compositis,
2815 3113 2980 3167 dumo
3010 3114 3289 3183 egreditur
3319 3129 3420 3185 po-

159 3207 283 3278 δρὸς
313 3203 581 3273 ἀδελφούς
603 3220 619 3235 ⁸
653 3204 748 3255 καὶ
771 3203 841 3256 τὰ
874 3201 1052 3254 πάντα
1077 3198 1142 3252 εὖ
1171 3197 1486 3269 διαθεμένη.
1520 3199 1739 3270 ἐξέρχε-

1846 3204 2029 3273 pulum
2093 3204 2362 3274 integrum
2422 3201 2533 3257 Deo
2593 3203 2864 3268 offerens,
2925 3214 3164 3273 quatuor
3223 3219 3422 3274 nempe

160 3317 248 3353 ται
287 3297 393 3368 τῆς
438 3296 636 3358 οἰκίας,
667 3293 841 3362 δῆμον
889 3292 1014 3345 ὅλον
1041 3289 1120 3360 τῷ
1148 3288 1270 3360 Θεῷ
1299 3290 1736 3360 παραστήσασαο

159 3391 398 3459 τέτταρα
449 3386 550 3457 μὲν
593 3384 664 3439 τά
708 3384 878 3437 τέκνα
910 3383 1017 3454 (3),
1069 3383 1223 3452 τρεῖς
1267 3384 1395 3445 τοὺς
1443 3383 1501 3448 ἐξ
1549 3383 1742 3453 ἀνδρὸς

159 3481 426 3552 ἀδελφοὺς
453 3479 553 3550 (4),
580 3478 675 3531 καὶ
710 3476 830 3548 μεθ’
879 3477 1082 3547 ἑαυτῆς
1114 3477 1216 3548 τὴν
1247 3476 1514 3548 κεφαλήν.
1551 3477 1615 3528 Ὢ
1642 3474 1740 3544 τῆς

159 3575 478 3646 θαυμασίας
506 3570 897 3641 καινοτομίαςί
925 3569 972 3623 ὣ
996 3570 1096 3640 τῆς
1130 3570 1432 3641 παραδόξου
1464 3570 1740 3639 μεταστά-

162 3669 325 3731 σεωςί
347 3666 522 3720 Τοῦτο
552 3663 758 3730 ἐξένισε
789 3662 889 3734 μέν
920 3661 1060 3718 κατὰ
1090 3663 1189 3734 τὴν
1214 3663 1429 3734 ἡμέραν
1455 3661 1554 3731 τὴν
1587 3662 1740 3730 βασι-

160 3760 296 3821 λίδα,
326 3755 594 3826 ἐξέπληξε
624 3755 682 3808 δὲ
713 3754 814 3817 τάς
849 3752 1209 3822 συγγενίδας,
1237 3751 1529 3822 ἐθάμϐησε
1554 3750 1611 3804 δὲ
1641 3751 1740 3814 τάς

159 3847 511 3918 γνωρίμους,
553 3844 847 3909 κατένυξεν
897 3843 954 3897 δὲ
997 3843 1060 3896 ού
1104 3846 1262 3908 μόνον
1307 3845 1437 3906 τοὺς
1462 3842 1738 3910 ὁρῶντας,

161 3939 294 3992 ἀλλὰ
318 3939 416 3991 καὶ
438 3937 760 4000 ἀκούοντας,
794 3936 876 3989 ὅτι
918 3935 1154 4002 συζυγία
1200 3935 1280 3987 έτι
1322 3932 1737 4005 μεσηλικιοῦσα,

161 4030 588 4102 αύταρκουμένη
619 4047 680 4082 τε
710 4030 851 4083 κατά
878 4028 971 4082 τὸν
1001 4027 1138 4099 βίον,
1171 4025 1443 4096 ἀξιώματι
1474 4024 1740 4097 βασιλικῷ

164 4125 255 4176 καὶ
288 4120 635 4194 ταμιευτικῷ
677 4118 963 4190 τιμωμένη
989 4159 1004 4185 ,
1040 4120 1168 4182 τοὺς
1217 4117 1412 4180 παῖδας
1442 4115 1740 4186 ἡλικιώτας

163 4216 363 4284 ἔχουσα
386 4253 402 4278 ,
448 4210 548 4281 οὐχ
586 4209 776 4280 εἴλχθη
815 4211 911 4280 μὲν
943 4207 1020 4279 τῷ
1051 4207 1253 4262 τούτων
1281 4207 1491 4290 ιρίλτρῳ
1513 4248 1529 4274 ,
1561 4208 1623 4260 οὐ
1662 4206 1740 4277 τῷ

168 4305 485 4359 καταλιπεῖν
508 4301 754 4372 διάδοχον
784 4301 878 4354 τοῦ
907 4302 1119 4369 γένους,
1162 4299 1283 4353 ούδέ
1314 4299 1392 4370 τῷ
1418 4299 1613 4369 αἵματι
1641 4299 1739 4368 τῆς

167 4396 508 4468 ἀγχιστείας,
536 4393 597 4448 οὗ
612 4412 662 4448 ιε
693 4397 759 4466 τῇ
795 4396 892 4464 τῆς
918 4393 1094 4457 οἰκίας
1127 4393 1603 4462 ἀποστερήσει.οὐ
1633 4391 1741 4462 μὴν

167 4489 281 4542 οὖδέ
306 4490 376 4559 τῇ
410 4488 511 4558 τῆς
538 4485 835 4557 θεραπείας
862 4485 1215 4556 ἀλλοτριώσει
1244 4501 1258 4514 ·
1279 4484 1391 4538 ἀλλ’
1417 4483 1607 4554 ἔρριψε
1642 4483 1740 4553 μὲν

1844 3295 2007 3357 filios,
2045 3305 2155 3350 tres
2179 3295 2279 3350 viri
2306 3295 2390 3350 sui
2425 3294 2643 3358 fratres,
2675 3309 2976 3364 secumque
3009 3295 3188 3364 ipsum
3216 3297 3414 3351 domus

1842 3395 2026 3456 caput.
2070 3386 2115 3441 0
2146 3385 2414 3441 mirabilis
2455 3386 2665 3440 novitas
2686 3387 2698 3439 !
2719 3401 2752 3440 ο
2784 3386 3161 3456 inexspectata
3188 3401 3422 3443 conver-

1843 3481 1959 3535 sio!
2003 3479 2058 3534 Id
2091 3495 2223 3534 sane
2271 3481 2617 3550 peregrinum
2678 3489 2808 3534 tunc
2865 3479 3046 3534 visum
3075 3489 3159 3534 est
3193 3481 3419 3552 reginas,

1843 3585 2066 3642 stupore
2096 3571 2274 3628 affecit
2294 3575 2755 3644 consanguineas,
2794 3584 2950 3629 notas
2976 3576 3203 3644 quasvis
3238 3576 3418 3631 admi-

1841 3664 2054 3718 ratione
2083 3664 2385 3733 suspendit,
2419 3663 2735 3732 compunxit
2777 3661 3011 3728 denique
3053 3679 3158 3718 non
3189 3680 3420 3719 cernen-

1845 3763 2157 3810 testantqu
2186 3755 2280 3808 sed
2311 3763 2366 3808 et
2397 3754 2719 3819 audientes;
2753 3755 2898 3823 quod
2930 3769 3127 3823 nempe
3161 3756 3420 3825 conjugio

1843 3848 2080 3902 medium
2113 3845 2297 3901 adhuc
2326 3861 2547 3901 cursum
2594 3854 2839 3911 tenente,
2884 3845 2999 3915 ipsa
3051 3847 3213 3901 rebus
3245 3848 3312 3902 ad
3337 3848 3417 3901 vi-

1843 3949 1952 3995 tam
2003 3939 2135 3995 satis
2195 3938 2496 4003 instructa,
2551 3939 2813 4009 dignitate
2861 3938 3070 4002 aulica,
3124 3941 3418 4009 quaestoria

1842 4029 2053 4086 scilicet
2078 4027 2314 4097 fulgens.
2350 4029 2495 4084 filios
2546 4029 2755 4083 habens
2799 4037 2959 4084 aetate
2994 4028 3273 4096 ﬂorentes,
3309 4048 3417 4088 non

1843 4121 2036 4176 fuisset
2070 4121 2266 4175 horum
2294 4136 2486 4177 amore
2518 4129 2814 4186 commota,
2852 4137 2957 4176 null
2984 4121 3258 4179 desiderio
3287 4139 3420 4180 suc-

1842 4228 2116 4268 cessorem
2180 4213 2369 4285 stirpis
2417 4213 2784 4284 relinquendi,
2837 4229 2942 4265 non
2981 4217 3422 4286 consanguineo-

1842 4321 1963 4360 rum
1987 4304 2202 4370 aﬂ'cctu,
2238 4320 2415 4375 neque
2439 4307 2633 4361 domus
2663 4307 3038 4371 derelictioue,
3085 4323 3264 4376 neque
3302 4325 3420 4364 ser-

1844 4413 2037 4452 vorutn
2091 4398 2477 4465 destitutione;
2534 4399 2627 4454 sed
2677 4401 2818 4471 regis
2872 4415 3061 4455 omnes
3095 4401 3421 4470 projecissct

1844 4490 2102 4554 honores,
2140 4489 2265 4545 vitae
2299 4489 2523 4545 delicias
2556 4491 2847 4555 calcasset,
2897 4507 3067 4561 seque
3103 4492 3283 4562 gladio
3307 4492 3420 4561 spi-

168 4581 259 4645 τάς
290 4583 357 4634 ἐκ
398 4579 664 4651 βασιλέων
691 4577 858 4648 τιμὰς
879 4617 892 4642 ,
923 4578 1276 4649 κατεπάτησε
1311 4576 1368 4630 δὲ
1397 4575 1464 4629 τὰ
1494 4576 1586 4629 τοῦ
1625 4575 1739 4646 βίου

1851 4580 1989 4634 ritus
2048 4595 2078 4633 a
2130 4581 2444 4635 carnalibus
2495 4582 2986 4637 consuetudinibus
3040 4583 3420 4652 praecidisset,

175 4675 404 4745 τερπνὰ,
431 4673 649 4743 διέκοψέ
673 4689 734 4726 τε
761 4673 828 4743 τῇ
864 4671 958 4724 τοῦ
990 4670 1302 4741 πνεύματος
1340 4670 1586 4740 μαχαίρᾳ
1613 4672 1742 4722 ἐαυ-

180 4767 271 4837 τὴν
309 4767 377 4818 ἐκ
411 4764 523 4818 τῶν
553 4763 832 4833 σαρκικῶν
862 4763 1119 4833 σχέσεων,
1154 4763 1247 4815 καὶ
1275 4761 1345 4814 τά
1374 4761 1601 4825 δόξαντα
1628 4759 1746 4830 Θεῷ

177 4860 426 4928 πέπραχε
457 4856 900 4928 μεγαλοϐούλως.
944 4857 1007 4908 Ὦ
1033 4857 1131 4926 τῆς
1163 4854 1531 4924 ’Λόραμιαίας
1567 4853 1747 4923 ψυχῆς

173 4954 242 5014 Lb;
270 4950 493 5021 ἀληθῶς
512 4949 608 5005 καὶ
634 4950 1083 5022 ἀνδρειόφρονοςί
1111 4948 1352 5011 Εἰκότως
1379 4949 1444 5002 ἄν
1477 4965 1560 5011 τις
1579 4946 1747 5016 αὐτὴν

177 5043 308 5109 μετά
338 5042 440 5112 τῆς
467 5042 871 5112 Μακκαϐαἶκῆς
902 5041 1134 5112 ἀρίστης
1169 5040 1376 5112 μητρὸς
1412 5039 1747 5104 συντάξειεν,

176 5133 414 5186 θύσασαν
441 5135 507 5203 τῇ
536 5133 808 5204 άσκητικῇ
841 5133 1070 5202 ἀθλήσει
1101 5133 1199 5196 τάς
1234 5132 1429 5194 ὠδῖνας
1449 5148 1461 5161 ·
1487 5133 1581 5185 καὶ
1613 5132 1751 5201 μετά

179 5227 377 5296 ’Δννης
420 5226 522 5294 τῆς
555 5225 978 5295 Σαμουηλίτιδος
1002 5265 1015 5286 ,
1048 5225 1148 5295 οὐχ
1176 5225 1274 5278 ’ἐνα
1301 5225 1390 5276 τὸν
1420 5224 1478 5289 ἐξ
1510 5226 1750 5292 ὲπαγγευ

176 5316 309 5380 λίας,
343 5316 462 5369 ἀλλ’
495 5316 614 5370 ὅλον
661 5316 754 5369 τὸν
794 5316 1005 5388 καρπὸν
1035 5317 1206 5387 αὐτῆς
1248 5316 1634 5385 ἀφιερώσασαν
1673 5317 1752 5386 τῷ

181 5410 385 5481 Κυρίῳ.
438 5409 756 5479 Χαρίσομαι
788 5409 845 5462 δὲ
876 5409 1007 5477 ὑμῖν
1039 5411 1153 5472 τοῖς
1185 5409 1483 5478 ἀκροαταῖς
1519 5410 1658 5478 τάχα
1697 5425 1751 5464 τι

179 5502 491 5572 ὁσιώτερον,
522 5502 617 5555 καὶ
645 5501 737 5554 τὸν
763 5500 862 5570 τῆς
894 5501 1175 5564 ἐκϐάσεως
1213 5501 1384 5570 αὐτῆς
1425 5501 1625 5570 τρόπον
1672 5501 1749 5552 δι-

178 5593 545 5664 ηγησάμινος.
577 5593 704 5647 ‘Ent
722 5593 831 5664 γὰρ
847 5595 912 5664 τῇ
930 5592 1210 5665 ὡρισμένῃ
1226 5595 1327 5663 τὴν
1346 5592 1522 5644 οἰκίαν
1540 5591 1755 5658 ἐξαλλά-

249 5729 322 5798 (ὖ)
367 5725 591 5798 Nempe
625 5725 987 5798 Theodorus,
1028 5725 1302 5797 Josephus
1348 5736 1537 5796 postea
1594 5727 1746 5798 arch.

183 5796 826 5922 1'hess.f'l£uthymius,
883 5806 937 5852 et
991 5798 1099 5853 lilia
1159 5796 1304 5864 una,
1356 5800 1421 5852 de
1468 5811 1576 5863 qua
1635 5796 1746 5867 jam

183 5884 352 5922 sermo
413 5878 508 5922 ult.

181 5884 352 5924 sermo
390 5878 508 5923 Iun.

1849 4670 1944 4724 Dei
1971 4668 2226 4739 placitum
2270 4671 2620 4740 magnanima
2658 4687 2782 4725 cum
2814 4673 3100 4726 voluntate
3133 4680 3418 4727 exsecuta.

1850 4761 1893 4816 Ο
1919 4763 2254 4816 Abramitica
2291 4778 2418 4816 vere
2445 4762 2625 4817 anima
2657 4773 2819 4832 atque
2853 4764 3060 4818 virilis!
3104 4761 3294 4818 Merito
3324 4763 3425 4818 ali-

1848 4854 1972 4922 quis
2006 4869 2129 4909 cum
2179 4852 2611 4909 Macltabaeorum
2659 4856 3043 4911 strenuissima
3074 4867 3247 4911 matre
3283 4856 3426 4913 hanc

1850 4947 2346 5013 connumeraverit,
2414 4962 2535 5016 qua:
2597 4948 2840 5002 ascetico
2890 4948 3175 5001 certamini
3231 4957 3425 5017 partus

1853 5052 1986 5091 suos
2017 5036 2252 5091 hostiam
2279 5035 2482 5106 objecit
2511 5057 2524 5094 :
2555 5038 2795 5107 itemque
2822 5053 2947 5092 cum
2971 5040 3128 5090 Anna
3161 5036 3427 5092 Samueli-

1854 5128 1985 5193 tide,
2027 5129 2155 5198 quia
2185 5145 2292 5184 uon
2329 5145 2500 5183 unum
2529 5145 2592 5184 ex
2621 5140 2768 5195 voto,
2801 5129 2893 5184 sed
2930 5129 3255 5183 universum
3285 5131 3422 5183 uteri

1853 5220 1936 5274 sui
1969 5219 2205 5275 fructum
2260 5221 2486 5274 Domino
2522 5222 2884 5277 consecravit.
2940 5219 3046 5274 Sed
3081 5221 3429 5290 gratificabor

1855 5313 2012 5366 vobis
2045 5312 2388 5369 auditoribus
2437 5309 2614 5368 adhuc
2643 5313 2851 5383 aliquid
2877 5312 3114 5367 fortasse
3159 5313 3425 5375 sanctius,

1854 5405 2155 5458 discessum
2211 5405 2329 5473 ejus
2373 5407 2702 5460 enarranda.
2753 5403 2887 5457 Nam
2934 5404 3156 5458 definito
3187 5413 3430 5473 tempore

1857 5496 2018 5549 domo
2046 5496 2157 5564 jam
2191 5497 2476 5560 decedens,
2507 5512 2602 5551 ceu
2629 5497 2674 5552 si
2705 5496 2898 5552 festum
2934 5497 3080 5551 diem
3121 5506 3326 5565 ageret,
3357 5499 3424 5552 ad

1862 5602 1919 5641 se
1950 5601 2139 5641 omnes
2174 5590 2498 5644 convocavit
2554 5588 2782 5644 aﬂincs:
2815 5603 3050 5658 quorum
3087 5585 3183 5640 viri
3211 5588 3429 5658 quidem

1933 5723 2008 5793 (ί)
2053 5724 2104 5777 In
2139 5724 2248 5777 vita
2283 5722 2556 5779 Theodori
2586 5739 2710 5795 cap.
2743 5724 2794 5787 5,
2827 5724 2882 5777 in
2915 5719 3435 5795 inlerp.__lat._c<,oa'tl-

1863 5789 2085 5862 μαέἰιηι
2120 5795 2289 5848 tribus
2331 5797 2598 5848 sororibus
2638 5789 2849 5861 corrige
2887 5809 3006 5845 cum
3051 5789 3218 5845 tribus
3243 5789 3433 5862 fratri-

1863 5866 1976 5928 bus,
2011 5866 2097 5921 ubi
2129 5865 2239 5933 jam
2280 5881 2385 5920 nou
2422 5868 2578 5920 fuerit
2611 5866 2975 5921 emendatum.
