3926 6456
504 397 600 462 891

1695 391 1754 450 S.
1789 391 2184 450 THEODORI
2224 390 2569 451 STUDITA']

3649 385 3756 447 892

504 508 783 571 dolebant,
809 502 1022 563 feminae
1051 502 1218 556 etiam
1249 500 1560 571 plorabant,
1592 499 1948 570 peregrinum
1981 499 2082 550 hoc

2201 498 2341 561 ξασα,
2395 497 2472 560 ὡς
2520 490 2631 550 οἷον
2676 495 2884 563 ἄγουσα
2947 492 3272 564 ἑορτάσιμον
3321 492 3561 563 ἡμέραν,
3612 494 3758 546 οὕτω

505 597 751 652 videntes
798 593 1170 664 spectaculum
1219 591 1508 648 voluntarii
1537 590 1843 655 discessus;
1894 603 1961 643 ac
1996 602 2081 642 re-

505 697 759 760 putantes
825 686 1068 758 mysterii
1123 684 1574 755 magnitudinem,
1621 697 1736 736 rem
1790 678 2082 751 praconiis

505 779 862 835 extollebant.
891 776 1027 833 Nam
1072 778 1291 848 utrique
1336 775 1728 838 observabant,
1785 771 2082 842 patremfa-

509 872 689 927 milias
710 872 872 926 domo
890 871 1001 941 jam
1035 878 1326 925 exeuntem
1349 909 1363 935 ,
1395 877 1623 923 matrem
1656 876 1834 921 autem
1868 879 2083 936 parum-

507 980 606 1034 per
660 964 1069 1028 subsistentem,
1133 978 1261 1017 mox
1317 963 1382 1016 ad
1414 961 1741 1016 asceterium
1798 967 2085 1012 transeun-

512 1066 642 1120 tem,
674 1064 799 1124 post
824 1053 1153 1108 divenditam
1201 1053 1424 1106 domum
1458 1051 1805 1121 pretiumque
1832 1048 2080 1118 pauperi-

510 1147 610 1200 bus
658 1146 1029 1200 distributum.
1099 1144 1222 1198 Haac
1285 1152 1414 1199 sunt
1495 1141 1685 1196 matris
1754 1150 1956 1196 nostrae
2027 1140 2080 1193 in

511 1238 787 1292 mundana
815 1238 920 1291 vita
951 1236 1232 1302 facinora;
1266 1244 1427 1304 atque
1455 1235 1570 1288 hac
1604 1233 1857 1302 exposui,
1889 1240 1948 1285 ut
1974 1248 2081 1286 non

510 1341 608 1381 vos
640 1330 761 1389 soli,
794 1328 887 1381 sed
928 1335 982 1382 et
1014 1329 1059 1382 si
1084 1328 1175 1396 qui
1213 1328 1266 1380 in
1294 1324 1540 1380 saeculari
1581 1326 1781 1376 mundo
1813 1337 2084 1392 cognove-

515 1419 643 1481 rint,
673 1417 908 1471 habeant
937 1433 1047 1486 qtto
1071 1418 1334 1487 juventur
1363 1414 1748 1484 pulcherrimis
1777 1414 1862 1467 his
1895 1428 2084 1466 narra-

516 1505 776 1572 tionibus,
799 1515 852 1561 et
883 1505 993 1561 Deo
1022 1506 1234 1560 laudem
1262 1504 1521 1559 tribuant.

593 1781 644 1834 7.
686 1779 794 1834 Sed
846 1778 1024 1850 agesis
1056 1777 1262 1848 reliqua
1296 1794 1727 1849 persequamur,
1783 1779 1835 1833 in
1885 1782 2084 1850 quibus

2188 586 2583 656 προσκαλεῖται
2611 585 2739 649 τοὺς
2767 583 2863 638 τοῦ
2894 585 3084 652 γένους
3112 583 3382 647 ἅπαντας·
3431 583 3529 636 καὶ
3561 583 3612 635 οί
3654 584 3758 654 μὲν

2187 678 2406 750 ἤλγουν,
2437 679 2493 732 αί
2539 677 2598 730 δὲ
2638 675 2918 749 ἐθρήνουν,
2952 674 3101 742 ξένον
3126 693 3180 729 τι
3210 675 3414 745 ὁρῶσαι
3444 675 3628 743 θέαμα
3663 673 3759 728 τὸν

2187 767 2425 822 ἐθελοντὶ
2455 766 2752 839 χωρισμὸν,
2785 767 2879 821 καὶ
2907 769 2965 820 ἐν
2997 767 3215 830 ἑαυταῖς
3246 766 3640 836 δοκιμάζονται
3661 765 3760 819 τοῦ

2191 859 2492 929 μυστηρίου
2526 858 2588 910 τδ
2621 857 2872 929 μέγεθος,
2911 856 3181 926 άνύμνουν
3211 858 3271 910 τὸ
3305 856 3622 926 γινόμενονο
3665 857 3762 908 καὶ

2187 951 2294 1023 γὰρ
2323 950 2509 1022 ἐώρων
2536 950 2859 1021 ἀμφότεροι,
2888 947 2982 1002 τὸν
3031 948 3131 1020 μὲν
3159 948 3371 1012 ἐξιόντα
3412 947 3516 1016 τῆς
3555 948 3761 1012 οἰκίας,

2188 1040 2284 1110 τὴν
2310 1040 2367 1092 δὲ
2388 1040 2523 1110 πρὸς
2549 1045 2746 1111 μικρὸν
2776 1041 3167 1110 ἐπιμένουσαν,
3186 1039 3302 1093 εἶτα
3327 1039 3598 1093 ἀπιοῦσαν
3625 1041 3762 1111 πρὸς

2188 1133 2249 1185 τὸ
2281 1134 2635 1202 άσκητήριον,
2665 1132 2761 1185 καὶ
2792 1133 2962 1202 αὐτὴν
2996 1133 3094 1203 τὴν
3123 1133 3301 1186 οἰκίαν
3330 1132 3763 1202 ἀπεμπωληθεῖ-

2190 1241 2291 1277 σαν
2317 1224 2411 1277 καὶ
2431 1223 2852 1294 διανεμηθεῖσαν
2871 1225 2985 1288 τοῖς
3011 1224 3268 1278 ἐνδεέσιν.
3289 1223 3476 1276 Ταῦτά
3501 1224 3642 1277 εἰσιν
3665 1224 3766 1294 τῆς

2189 1315 2465 1386 ἡμετέρας
2498 1314 2708 1385 μητρὸς
2730 1315 2826 1384 τῆς
2846 1315 3115 1385 κοσμικῆς
3137 1314 3375 1384 βιώσεως
3395 1316 3463 1368 τά
3489 1316 3762 1386 ἐπίσημα,

2189 1407 2284 1458 καὶ
2310 1405 2484 1458 ταῦτα
2509 1404 2746 1476 διῆλθον,
2771 1406 2870 1476 οὐχ
2899 1405 2986 1458 ἴνα
3015 1404 3179 1475 μόνον
3208 1406 3394 1476 ὑμεῖς,
3428 1405 3540 1458 ἀλλ’
3581 1407 3631 1458 εί
3667 1407 3760 1458 καί

2188 1515 2334 1562 τινες
2359 1498 2466 1552 τῶν
2498 1500 2555 1550 ὲν
2576 1497 2654 1569 τῷ
2694 1498 2884 1568 κόσμῳ
2910 1498 3192 1566 φθάσωσιν
3221 1497 3529 1560 ἐπανιέναι,
3562 1497 3762 1567 ἔχωσιν

2190 1590 2516 1660 ὠφελεῖσθαι
2542 1592 2652 1655 τοῖς
2672 1589 2982 1654 καλλίστοις
3008 1591 3343 1665 διηγήμασιν
3373 1589 3493 1662 Θεῷ
3523 1591 3763 1662 ἀνθομο-

2190 1682 2348 1750 λογού
2357 1699 2526 1752 μενοι.

2261 1773 2326 1837 ζ’,
2351 1771 2521 1842 Δεῦρο
2545 1772 2609 1842 δὴ
2643 1771 2848 1836 λοιπὸν,
2868 1771 2976 1825 τῶν
3003 1769 3128 1843 ἑξῆς
3155 1771 3433 1842 ἐχώμεθα,
3451 1771 3589 1840 πρὸς
3607 1772 3644 1825 ἃ
3670 1775 3770 1842 μά.

520 1871 792 1940 praecipue
845 1869 1174 1939 praprieque
1231 1884 1411 1923 sermo
1467 1880 1652 1923 noster
1691 1869 2025 1934 versabitur,
2057 1886 2089 1924 ο

2201 1871 2345 1920 λιστα
2378 1867 2472 1920 καὶ
2501 1866 2718 1929 οἰκείως
2763 1868 2895 1937 ἡμῖν
2923 1866 3034 1932 ἕξει
3075 1867 3103 1918 ὁ
3135 1865 3292 1934 λόγος
3319 1905 3334 1930 ,
3381 1867 3764 1937 ἠγαπημένοι.

517 1959 718 2014 dilecti.
766 1958 1052 2013 Pulchram
1085 1957 1216 2013 facit
1246 1958 1626 2022 mutationem,
1671 1958 1972 2027 angelicum
2007 1959 2090 2010 in-

519 2053 690 2105 duens
740 2051 986 2105 habitum
1017 2049 1368 2105 ornatissima
1415 2047 1614 2104 femina
1650 2067 1664 2102 :
1703 2050 1992 2104 multorum
2027 2065 2091 2103 eo

525 2140 664 2198 facto
727 2140 996 2211 lacrymas
1051 2139 1229 2204 elicit,
1284 2139 1376 2207 qui
1435 2139 1525 2193 illa
1584 2141 1671 2194 die
1722 2139 1896 2195 vocati
1958 2154 2092 2192 con-

518 2239 818 2296 venerant,
874 2228 961 2282 vel
995 2229 1155 2282 etiam
1191 2237 1386 2297 sponte
1420 2238 1854 2295 concurrerant,
1888 2237 1947 2283 ut
1990 2231 2094 2284 hoc

519 2321 894 2375 tantummodo
940 2329 1248 2390 spectarent
1289 2320 1610 2391 mysterium
1663 2320 1867 2390 peragi.
1953 2321 2094 2373 Ade-

521 2427 707 2468 ramus
736 2419 789 2466 et
853 2427 956 2466 nos
985 2427 1108 2466 cum
1153 2411 1400 2482 genitore
1446 2413 1724 2467 communi
1761 2451 1778 2476 ,
1823 2411 2096 2466 festumne

520 2504 697 2557 acturi
726 2518 793 2557 an
828 2505 1088 2573 ploratnri
1113 2503 1136 2557 ἲ
1165 2512 1394 2558 matrem
1420 2506 1748 2567 amittentes,
1784 2519 1959 2574 neque
1980 2504 2091 2573 jam

520 2590 849 2645 confidentia
901 2591 1058 2645 solita
1096 2606 1213 2645 eam
1255 2592 1594 2659 alloquentes
1643 2601 1736 2645 aut
1808 2592 2090 2658 adeuntes,

521 2677 616 2730 sed
647 2677 714 2731 de
744 2676 919 2746 ipsius
945 2678 1189 2732 discessu
1213 2679 1512 2747 cogitantes
1539 2689 1737 2733 moesto
1762 2695 1884 2733 cum
1909 2681 2091 2734 corde.

521 2761 656 2816 Nam
690 2780 812 2818 cum
865 2772 920 2818 et
953 2780 1052 2819 nos
1079 2765 1180 2833 ipsi
1206 2776 1326 2834 post
1355 2776 1561 2820 Certum
1610 2768 1869 2836 temporis
1932 2767 2097 2822 inter-

531 2855 734 2908 vallum
809 2855 1009 2908 abituri
1069 2855 1134 2908 ad
1203 2854 1596 2923 professionem
1658 2871 1906 2912 essemus
1970 2874 2092 2912 cum

523 2947 798 3017 genitore,
843 2961 944 3015 ego
968 2947 1185 3015 quidem
1243 2957 1424 3015 utpote
1451 2963 1515 3001 ex
1549 2948 1774 3002 imberbi
1805 2957 1960 3004 aetate
1985 2950 2093 3019 λειω

522 3039 578 3091 in
607 3037 782 3091 virum
837 3037 1229 3107 progrediens,
1282 3037 1472 3092 dolens
1520 3039 1706 3108 utique
1753 3054 2097 3108 maerensque

521 3143 717 3193 eram;
768 3129 956 3198 quidni
1015 3128 1215 3183 enim?
1269 3129 1527 3183 Attamen
1579 3145 1705 3184 cum
1798 3131 2094 3200 gratiarum

2205 1959 2540 2012 ’Δλλοιοῦται
2561 1959 2661 2030 τὴν
2688 1959 2859 2029 καλὴν
2875 1957 3179 2024 ἀλλοίωσιν,
3197 1958 3256 2011 τὸ
3276 1959 3562 2027 ίσάγγελον
3579 1959 3767 2028 σχῆμα

2196 2051 2697 2122 μεταμφιασαμένη
2730 2053 2763 2122 ή
2794 2052 3131 2122 περίκοσμος
3151 2069 3165 2083 ο
3211 2053 3352 2104 κινεῖ
3393 2049 3528 2119 γοῦν
3556 2050 3768 2103 πολλῶν

2191 2143 2400 2213 δάκρυα
2463 2143 2557 2196 ἐπὶ
2608 2143 2685 2214 τῷ
2731 2143 3082 2213 γεγενημένῳ
3138 2141 3571 2211 συνεληλυθότων
3623 2143 3768 2195 κατὰ

2193 2232 2292 2300 τὴν
2332 2231 2572 2302 ἡμέραν,
2608 2231 2758 2286 ἐστιν
2787 2225 2862 2286 ὧν
2893 2234 2987 2286 καὶ
3018 2231 3270 2301 ἀκλήτως
3294 2273 3309 2297 ,
3356 2232 3442 2286 ἵνα
3479 2232 3574 2286 καὶ
3605 2233 3770 2302 μόνον

2194 2321 2498 2375 θεάσωνται
2547 2323 2609 2375 τὸ
2657 2323 2956 2394 μυστήριον
2988 2323 3347 2394 τελούμενονο
3402 2324 3662 2394 παρῆμεν
3709 2323 3770 2376 δὲ

2194 2411 2289 2464 καὶ⁵
2325 2413 2488 2483 ἡμεῖς
2518 2413 2617 2466 σὺν
2647 2412 2725 2482 τῷ
2758 2408 2924 2483 κοινῷ
2959 2413 3170 2483 Πατρὶ,
3222 2414 3274 2468 τί
3305 2415 3398 2468 καὶ
3432 2413 3540 2481 φῶ,
3575 2414 3772 2483 ἑορτά-

2197 2519 2380 2566 σοντες
2409 2504 2442 2573 ἢ
2477 2502 2874 2573 θρηνήσοντεςς
2926 2506 3025 2576 τήν
3051 2522 3110 2558 τε
3144 2505 3358 2576 μητέρα
3390 2503 3769 2574 ἀποϐεϐληκό-

2194 2609 2306 2658 τες,
2332 2594 2516 2648 οὐκέτι
2551 2595 2690 2665 μετὰ
2718 2598 2818 2666 τῆς
2856 2596 3029 2666 αὐτῆς
3070 2597 3402 2668 παρρησίας,
3439 2595 3564 2648 οὔτε
3592 2614 3767 2666 προσ-

2195 2685 2530 2755 ομιλοῦντες,
2566 2686 2689 2740 οὕτε
2719 2689 3036 2756 προσιόντες
3062 2727 3078 2752 ,
3117 2689 3208 2740 τόν
3235 2704 3295 2740 τε
3329 2687 3424 2740 ἀπ’
3459 2687 3633 2756 αὐτῆς
3666 2707 3773 2758 χω-

2197 2777 2391 2848 ρισμὸν
2424 2779 2818 2850 ἐπινοούμενοι,
2850 2781 2942 2832 καὶ
2971 2777 3481 2849 καρδιαλγούμενοι.
3519 2781 3630 2831 Καὶ
3664 2781 3774 2850 γὰρ

2201 2870 2505 2940 μελλόντων
2534 2872 2692 2942 ήμῶν
2721 2872 2862 2942 μετὰ
2884 2872 2984 2940 τὴν
3019 2869 3413 2940 συμπλήρωσιν
3440 2869 3538 2924 τοῦ
3576 2870 3774 2941 καιροῦ

2197 2963 2455 3033 ἀπαίρειν
2504 2963 2643 3034 πρὸς
2688 2963 2750 3014 τὸ
2795 2962 2893 3015 καὶ
2941 2962 3088 3032 ήμᾶς
3121 2959 3441 3030 τελεσθῆναι
3489 2959 3630 3031 μετὰ
3680 2961 3776 3014 τοῦ

2198 3057 2542 3125 γεννήτορος,
2573 3053 2746 3121 ἔγωγε
2775 3054 2872 3124 μὲν
2891 3052 2966 3116 ὡς
2989 3052 3084 3106 ἅτε
3113 3052 3171 3116 ἐξ
3205 3052 3466 3120 ἀγενείων
3493 3054 3573 3116 εἰς
3601 3052 3778 3118 ἄνδρα

2199 3147 2388 3210 τελῶν,
2434 3146 2698 3216 ἀλγεινῶς
2735 3147 2832 3215 μὲν
2867 3147 2962 3199 καὶ
3002 3146 3282 3215 ὀδυνηρῶς
3319 3143 3480 3215 (πῶς
3511 3145 3624 3215 γὰρ
3661 3144 3770 3216 οῦ),

523 3219 761 3284 actione,
793 3220 934 3274 hanc
989 3219 1302 3273 mmstitiam
1361 3219 1621 3273 ferebam.
1688 3220 1795 3275 Sed
1861 3222 2092 3275 duorum

2202 3240 2341 3308 πλὴν
2375 3239 2567 3310 ἔφερον
2608 3238 2723 3308 μετ’
2751 3238 3100 3308 εὐχαριστίας
3142 3237 3204 3290 τὸ
3242 3236 3412 3300 πάθος
3433 3253 3448 3268 °
3480 3240 3593 3290 τοῖν
3627 3238 3777 3290 δυοῖν

521 3309 749 3365 fratrum
776 3326 916 3366 unus
964 3311 1250 3365 admodum
1279 3311 1624 3376 adolescens,
1672 3311 1854 3366 statim
1901 3327 1965 3366 ac
2018 3312 2100 3366 af-

522 3401 625 3456 fuit
676 3403 949 3457 discessus
984 3401 1115 3455 hora
1147 3442 1161 3468 ,
1218 3411 1272 3455 et
1294 3412 1628 3470 postremum
1694 3402 1811 3464 vale
1851 3403 1964 3472 jam
2016 3405 2101 3457 di-

521 3492 768 3558 cebatur,
820 3502 875 3547 et
923 3492 1368 3562 compcllationes
1395 3493 1754 3562 ploratusque
1800 3504 1960 3563 atque
1987 3509 2102 3548 am-

523 3587 719 3658 piexus
769 3582 1010 3648 fiebant;
1072 3583 1204 3647 ille,
1266 3583 1487 3653 inquam
1520 3624 1535 3650 ,
1589 3585 1654 3637 ad
1702 3584 1891 3638 matris
1922 3584 2099 3639 sinum

521 3681 822 3736 convolans
868 3675 1302 3746 inseparabiliter
1354 3676 1629 3742 haerebat,
1680 3677 1837 3745 quasi
1891 3678 2097 3731 vitulus

521 3774 732 3845 sejungi
781 3788 840 3828 se
872 3787 1108 3826 renuens
1131 3810 1147 3834 ,
1200 3771 1534 3840 rogabatque
1566 3779 1623 3824 ut
1653 3786 1944 3840 parumper
1977 3786 2098 3826 cum

521 3875 697 3920 matre
727 3872 1005 3927 maneret;
1069 3871 1181 3916 tum
1227 3861 1345 3932 ejus
1399 3872 1584 3931 postea
1634 3862 1961 3918 voluntatem
2010 3879 2103 3916 ex-

521 3955 792 4025 pleturum
842 3968 900 4008 se
959 3951 1345 4023 promittebat.
1410 3952 1548 4006 Num
1607 3952 1771 4024 igitur
1830 3969 1925 4009 cor
1973 3955 2102 4008 ada-

525 4045 831 4099 mantinum
862 4043 1128 4097 mollitum
1173 4052 1256 4097 est
1285 4083 1300 4107 ,
1347 4053 1442 4098 aut
1468 4045 1746 4110 concidit,
1805 4055 1897 4099 aut
1942 4045 2097 4114 pueri

525 4137 819 4207 ploratibus
856 4134 1084 4188 fractum
1116 4134 1240 4188 est?
1280 4134 1499 4188 Minime
1529 4136 1790 4204 gentium.
1826 4134 2095 4201 Quidnam

526 4243 654 4283 vero
702 4235 892 4283 sancte
939 4225 1265 4296 respondit?
1319 4225 1455 4280 Cum
1492 4228 1726 4294 quadam
1763 4229 1943 4283 vultus
1973 4237 2096 4283 tor-

525 4319 695 4374 vitate
723 4358 738 4382 ,
788 4317 1237 4388 potentissimum
1274 4326 1646 4371 maternorum
1677 4318 1944 4372 viscerum
1981 4320 2098 4374 vin—

527 4425 653 4466 cens
686 4406 940 4461 affectum
969 4423 982 4460 :
1014 4405 1131 4460 Nisi
1166 4417 1374 4476 sponte,
1399 4409 1597 4477 inquit,
1624 4407 1718 4470 ﬁli,
1751 4409 1974 4476 abieris,
2002 4426 2100 4479 ego

527 4510 582 4556 te
613 4515 776 4554 manu
813 4498 1035 4569 propria
1066 4499 1117 4551 in
1144 4498 1323 4551 navim
1349 4499 1646 4568 imponam.
1701 4499 1879 4555 Cessit
1917 4501 2098 4570 itaque

2202 3330 2258 3383 δὲ
2291 3331 2560 3400 ἀδελφοῖν,
2611 3333 2640 3384 ὁ
2707 3330 2891 3400 ἕτερος
2958 3329 3154 3400 κομιδῇ
3189 3330 3308 3390 νέος
3332 3329 3407 3382 ὢν
3436 3329 3548 3398 (5),
3581 3329 3774 3398 ἐπειδὴ

2205 3419 2390 3490 παρῆν
2426 3422 2458 3488 ὴ
2487 3418 2586 3489 τῆς
2620 3418 2882 3489 ἐκδημίας
2912 3419 3098 3489 ἡμέρα
3121 3459 3135 3485 ,
3162 3419 3296 3471 οἵτε
3326 3419 3590 3488 ὲξιτήριοι
3624 3417 3778 3484 λόγοι

2204 3512 2298 3564 καὶ
2325 3512 2792 3581 προπεμπτήριοι,
2811 3504 2871 3563 αἴ
2895 3527 2955 3563 τε
2979 3509 3327 3580 ἀνακλήσεις,
3344 3511 3406 3562 αῖ
3430 3526 3489 3562 τε
3514 3509 3778 3577 οἰμωγαὶ,

2203 3602 2264 3654 αἴ
2286 3619 2346 3655 τε
2381 3601 2732 3672 περιπλοκαί,
2766 3599 3499 3672 ἐπέτρεχεν,είσεκολποῦτο,
3536 3599 3782 3650 δυσαποο

2205 3693 2461 3756 σπάστως
2499 3688 2610 3761 εἶχε
2657 3695 2755 3762 τῆς
2795 3692 3000 3762 μητρὸς
3024 3731 3040 3756 ,
3086 3690 3290 3744 ὡσανεὶ
3339 3689 3640 3759 μοσχάριον
3676 3689 3781 3760 τὴν

2202 3779 2473 3844 διάζευξιν
2504 3781 2964 3849 άπαναινόμενον,
2996 3781 3183 3851 ἐξῄτει
3209 3780 3289 3833 ἐτι
3315 3779 3600 3850 ἐπιμένειν
3640 3779 3782 3850 πρὸς

2204 3874 2376 3945 βραχὺ
2405 3876 2472 3944 τῇ
2505 3868 2811 3945 μητρὶ,εἷθ’
2840 3874 3068 3946 ὕστερον
3098 3874 3341 3946 πληροῦν
3370 3873 3539 3943 αὐτῆς
3565 3872 3628 3925 τὸ
3653 3872 3783 3943 βού-

2200 3966 2378 4035 λευμα
2420 3961 2891 4035 ἐπήγγελτο.⁷Δρ’
2937 3961 3031 4020 οὗν
3070 3964 3520 4036 κατεμαλακίσθη
3559 3965 3593 4034 ή
3640 3963 3780 4018 ἀδα-

2204 4057 2433 4128 μαντίνη
2466 4056 2661 4125 καρδία
2705 4057 2888 4128 ἐκείνη
2912 4098 2928 4124 ,
2963 4057 2996 4128 ἢ
3034 4058 3356 4123 συνέπεσεν,
3393 4058 3425 4129 ἢ
3465 4055 3781 4111 συνὼκλασε

2200 4150 2314 4209 τοῖς
2342 4146 2436 4200 τοῦ
2471 4146 2665 4210 παιδὸς
2709 4146 3260 4217 κλαυθμυρίσμασιν;
3307 4145 3606 4217 οὐμενοῦν·
3662 4145 3781 4198 ἀλλ’

2199 4234 2311 4292 οἷον
2345 4241 2406 4292 τὸ
2439 4241 2586 4293 ὅσιον
2637 4239 2806 4310 αὐτῆς
2847 4239 3194 4310 ἐπίφθεγμα;
3238 4239 3378 4309 μετά
3401 4255 3544 4301 τινος
3581 4237 3783 4308 ἐμϐρι-

2201 4330 2326 4394 θοῦς
2346 4331 2512 4395 ἕξεως
2530 4313 3001 4400 ὑπέρνικήσαντος
3026 4331 3135 4383 τῶν
3153 4328 3423 4400 μητρῴων
3450 4329 3782 4399 σπλάγχνων

2198 4423 2258 4475 τὸ
2286 4423 2770 4492 τυραννικώτατον,
2800 4423 2862 4474 Εί
2900 4421 2975 4491 μὴ
2997 4419 3158 4484 ἐκὼν,
3180 4413 3424 4490 φησὶν,ὧ
3444 4420 3633 4473 τέκνον
3664 4422 3780 4473 άπ-

2200 4514 2374 4575 έλθοις
2399 4555 2412 4579 ,
2446 4513 2555 4581 ἐγώ
2605 4531 2664 4566 σε
2697 4516 2765 4583 τῇ
2815 4511 2904 4581 νηῒ
2947 4512 3225 4582 αὐτοχειρὶ
3260 4510 3627 4581 ἐπιδαλοῦμαι
3659 4511 3776 4580 (6)·

530 4607 682 4662 puer,
709 4600 762 4645 et
790 4605 1039 4645 seorsum
1073 4591 1450 4645 discessimus.
1480 4592 1571 4645 Illa
1601 4601 1781 4646 autem
1807 4631 1822 4656 ,
1853 4601 1912 4646 ut
1940 4604 2091 4662 puto,

2201 4603 2337 4670 εἶξεν
2372 4605 2465 4658 οῦν
2489 4608 2516 4658 ὁ
2533 4608 2680 4667 παῖς,
2707 4605 2800 4657 καὶ
2827 4605 3009 4673 διέστη
3020 4621 3118 4673 μεν
3142 4604 3437 4688 ἀμφότεροι
3457 4620 3472 4634 ’
3515 4604 3774 4674 κάκείνη,

527 4704 622 4758 par
669 4686 926 4757 quiddam
985 4694 1252 4756 patrasset
1284 4726 1299 4752 ,
1355 4701 1418 4740 ac
1451 4689 1504 4740 in
1545 4687 1903 4757 quadraginta
1954 4702 2098 4740 mar-

529 4789 706 4851 tyrum
749 4779 1016 4848 supplicio
1040 4787 1229 4833 sancta
1261 4787 1463 4842 mater,
1496 4794 1618 4847 qua:
1648 4779 1913 4833 celebrem
1945 4779 2095 4833 illum

529 4872 820 4941 spirantem
863 4871 1042 4926 adhuc
1082 4871 1252 4926 filium
1284 4888 1442 4928 suum
1478 4873 1530 4927 in
1588 4873 1890 4943 plaustrum
1934 4874 2096 4928 attol-

528 4963 646 5017 lens
682 4963 962 5031 imposuit.

605 5048 654 5104 8.
716 5049 856 5116 Quid
888 5066 1019 5106 vero
1046 5060 1231 5121 postea
1257 5053 1280 5106 ?
1330 5051 1564 5123 Optabat
1595 5054 1856 5124 praeclara
1894 5055 2095 5109 femina

528 5142 632 5199 sub
662 5143 970 5197 obedientia
1003 5147 1177 5214 magis
1205 5143 1389 5200 vivere
1412 5183 1428 5209 ,
1463 5146 1607 5213 quod
1631 5155 1684 5200 et
1713 5161 1929 5215 aequum
1958 5157 2094 5201 erat.

532 5234 637 5289 Sed
666 5234 796 5304 quia
847 5250 912 5289 ex
948 5237 1219 5306 prazterito
1273 5247 1573 5305 temporum
1632 5237 1869 5303 turbine,
1922 5253 2098 5308 neque

528 5327 924 5382 monasterium
955 5328 1134 5383 adhuc
1164 5338 1281 5384 erat
1315 5337 1690 5384 constructum
1717 5373 1729 5397 ,
1768 5345 1943 5400 neque
1979 5347 2097 5386 mo-

602 5443 680 5514 (5)
717 5443 847 5497 Erat
867 5443 955 5497 hic
988 5443 1210 5498 nomine
1237 5442 1585 5514 Euthymius,
1617 5446 1685 5500 de
1723 5460 1831 5515 quo
1868 5444 2005 5499 infra
2042 5446 2097 5501 in

532 5511 720 5568 adnot.
755 5528 879 5583 pag.
909 5528 1025 5583 seq.

606 5584 684 5655 (ϐ)
726 5581 1052 5655 Sanctorum
1083 5581 1224 5638 facta
1265 5583 1618 5647 admiremur,
1662 5584 1752 5653 qui
1789 5587 1968 5640 omnia
2008 5588 2095 5655 pio

534 5652 735 5710 mentis
758 5652 951 5708 affectu
976 5662 1240 5724 egerunt;
1268 5669 1579 5724 quanquam
1608 5652 1714 5724 non
1740 5670 1892 5724 asque
1910 5652 2091 5711 omnia

535 5725 737 5795 imitari
763 5721 1044 5795 debemus}
1070 5721 1229 5795 Certe
1267 5721 1630 5795 adolescentis
1670 5721 1944 5795 Eutlfymii
1983 5742 2089 5782 non

536 5795 668 5851 satis
707 5794 923 5847 ﬁrmum
956 5793 1190 5865 religiosi
1219 5793 1826 5865 institutisuscipiendi
1848 5797 2090 5865 proposi-

539 5877 649 5920 tum
704 5879 826 5919 mox
883 5862 1357 5932 matri'fratriqus
1403 5862 2087 5932 sollicitudinemgravem

2198 4694 2270 4756 ὡς
2300 4693 2461 4760 δοκῶ,
2512 4694 2812 4764 ὲςράμιλλόν
2852 4711 2906 4747 τι
2955 4696 3053 4766 τῆς
3096 4697 3189 4748 ἐπὶ
3218 4694 3311 4747 τοῦ
3345 4694 3454 4748 τῶν
3489 4696 3780 4768 Τεσσαρά-

2199 4801 2366 4836 κοντα
2399 4783 2695 4854 μαρτύρων
2721 4783 2886 4851 ἁγίας
2928 4786 3135 4855 μητρὸς
3163 4784 3428 4855 ᾀδομένου
3459 4786 3552 4838 ἐπὶ
3583 4788 3652 4856 τῇ
3678 4787 3780 4856 τῆς

2208 4876 2423 4947 ἁμάξης
2450 4876 2546 4928 τοῦ
2573 4875 2653 4930 ἔτι
2679 4877 3007 4946 ἐμπνέοντος
3027 4876 3228 4931 οίκείου
3253 4876 3370 4931 υἱοῦ
3403 4877 3562 4931 ἄρσει
3586 4895 3647 4932 τε
3685 4882 3782 4933 καὶ

2199 4967 2461 5032 ὲπιθέσει,
2495 4967 2806 5032 ἐξετέλεσεν
2829 4969 2927 5038 (7).

2276 5063 2347 5127 η’.
2400 5057 2561 5110 Ἀλλά
2590 5056 2640 5108 τί
2677 5058 2745 5109 τὰ
2783 5057 2947 5127 ἐξῆς;
2990 5057 3206 5112 Ἐπόθει
3246 5058 3429 5112 τοίνυν
3475 5057 3509 5127 ή
3554 5061 3781 5127 γενναία

2203 5149 2465 5220 ἄρχεσθαι
2499 5149 2701 5218 μᾶλλον
2720 5189 2736 5214 ,
2765 5148 2953 5219 ὥσπερ
2984 5151 3079 5203 καὶ
3113 5145 3181 5220 ἦν
3217 5151 3458 5205 δίκαιονο
3500 5152 3692 5222 ἐπειδὴ
3722 5153 3778 5205 δὲ

2203 5244 2268 5295 ἐκ
2305 5242 2405 5311 τῆς
2449 5244 2578 5313 πρὶν
2609 5242 2926 5312 διειλήσεως
2947 5284 2961 5308 ,
2988 5241 3113 5296 οὔτε
3150 5245 3513 5314 μοναστήριον
3541 5240 3612 5314 ἦν
3648 5261 3776 5297 συνι

2207 5335 2530 5404 ιστάμενον,
2586 5335 2695 5388 οὐδ’
2749 5334 2819 5387 αὖ
2863 5334 3011 5405 ψυχὴ
3067 5335 3447 5404 ἐπιστημόνως
3497 5334 3774 5406 δυναμένη

2199 5449 2428 5512 creavit,
2463 5459 2544 5521 ut_
2566 5460 2689 5519 post
2723 5450 2954 5504 dicetur.
2999 5451 3321 5521 lmpositura
3366 5461 3546 5507 autem
3579 5454 3774 5510 fuisset

2200 5520 2251 5572 in
2288 5521 2466 5573 navim
2505 5519 2818 5574 Theoctista
2846 5521 3036 5584 lilium,
3065 5519 3192 5589 quia
3223 5524 3620 5577 transeundum
3654 5537 3774 5580 erat

2200 5590 2337 5643 ultra
2374 5591 2712 5659 Brisphorum
2742 5592 2808 5644 ad
2838 5590 3198 5646 Saccudionis
3239 5592 3293 5644 in
3327 5592 3455 5646 Asia
3490 5604 3771 5650 monaste-

2196 5660 2360 5713 rium.
2399 5658 2506 5712 νη.
2545 5659 2752 5713 Theod.
2791 5675 2913 5727 cap.
2949 5663 3000 5713 5.

2266 5729 2342 5797 (7)
2385 5731 2611 5800 Exstant
2649 5730 3032 5800 pulcherrima:
3061 5730 3129 5783 de
3176 5731 3259 5786 his
3294 5748 3361 5787 χι.
3396 5730 3519 5786 MM.
3554 5734 3764 5791 Oratio-

2194 5815 2288 5856 nes
2318 5800 2416 5854 SS.
2456 5797 2663 5866 Basilii,
2689 5811 2740 5855 et
2771 5799 2931 5871 Greg.
2965 5797 3213 5872 Nysseni.
