3926 6482
158 442 266 506 893

694 443 978 507 ORATIO
1002 445 1174 506 XIII.
1207 471 1277 482 —
1324 447 1713 509 LAUDATIO
1763 449 2152 512 FUNEBBIS
2184 449 2267 512 ΙΝ
2326 449 2651 511 MATREM
2676 449 2908 511 SUAM.

3310 450 3414 512 894

158 551 493 624 ἀφηγεῖσθαι
525 551 637 606 τῶν
670 552 903 613 πολλῶν,
932 554 996 605 ἐκ
1017 553 1206 607 τούτου
1235 553 1483 624 βιάζεται
1507 555 1614 609 ὑπὸ
1646 555 1740 609 τοῦ

1848 558 2006 614 nialis
2071 559 2256 614 aderat
2318 574 2440 629 qua:
2491 559 2786 629 prudenter
2830 567 3153 614 exterarum
3210 569 3412 614 cretum

157 643 394 715 άδελῖροῦ
425 643 798 711 κελλιωτικῶς
845 644 922 715 (8)
964 643 1160 713 βιῶσαι
1193 646 1334 717 μετὰ
1364 647 1464 718 τῆς
1495 663 1739 718 προκαρ-

159 737 354 808 θείσης
389 735 720 810 θυγατρίδος
760 739 853 792 καὶ
900 737 1096 808 ἐτέρας
1143 741 1477 809 συγγενίδος.
1523 743 1600 812 Ζῇ
1639 741 1739 812 μὲν

157 829 363 885 αὐτίκα
386 830 812 902 ὕπομονητικῶς
833 845 846 860 ·
874 829 941 903 ζῇ
961 831 1018 886 δὲ
1040 831 1336 904 ὀδυνηρῶς·
1363 831 1479 897 πῶς
1505 834 1614 904 γὰρ
1639 832 1735 902 οῦς

159 923 248 976 τὸν
275 921 736 993 χειραγωγοῦντα
770 924 845 994 μὴ
896 924 1215 996 κεκτημένη
1236 967 1252 992 ,
1306 925 1403 981 καὶ
1434 925 1535 990 τὰς
1585 927 1737 980 ἀντι-

159 1014 512 1086 πραττούσας
553 1013 634 1087 τῷ
659 1016 908 1071 εὐσεϐεῖν
935 1016 1307 1088 ἐφευραμένη.
1330 1018 1427 1071 καὶ
1456 1017 1735 1080 τοσοῦτον,

157 1103 298 1157 ὥστε
326 1105 426 1159 καὶ
451 1103 546 1158 τοῦ
582 1104 834 1176 σεμνείου
860 1103 1219 1175 ἐξορίζεσθαι.
1261 1105 1532 1178 Αἰδοῦμαι
1561 1106 1738 1160 εἰπεῖν

158 1193 299 1265 ὑπὲρ
329 1194 478 1259 τίνος
515 1194 612 1248 καὶ
640 1194 730 1248 διά
757 1194 902 1257 τίνος
923 1234 939 1259 ,
976 1197 1150 1262 φειδοῖ
1187 1195 1300 1249 τῶν
1329 1195 1699 1267 ἀκροωμένων
1719 1211 1735 1226 ·

158 1287 309 1357 ὅμως
344 1287 505 1357 φέρει
545 1286 688 1357 ὑπὲρ
715 1285 810 1339 τοῦ
843 1285 1010 1339 καλοῦ
1048 1287 1336 1358 πάσχουσα
1368 1290 1462 1342 καὶ
1499 1288 1586 1341 διὰ
1626 1287 1739 1342 Κύ-

163 1396 276 1448 ριον
303 1378 680 1449 πελαζομένη.
716 1379 824 1431 Καὶ
851 1379 952 1431 οὐκ
985 1373 1082 1432 οἷδ’
1114 1380 1264 1444 ὅπως
1293 1378 1618 1447 άπαγγείλω
1639 1378 1738 1441 τὰς

159 1471 503 1542 ἐπαλλήλους
543 1471 813 1542 ἐπιφορὰς
844 1472 938 1524 καὶ
966 1471 1296 1541 μεταγωγὰς
1334 1471 1436 1541 τῆς
1467 1469 1612 1541 ζωῆς
1642 1469 1740 1523 αὐ-

156 1563 274 1631 τῆς,
313 1561 410 1615 καὶ
445 1560 547 1625 τὰς
576 1562 955 1632 ἐπισυμῦάσας
999 1563 1155 1631 ἡμῖν,
1197 1561 1262 1614 ἐκ
1287 1578 1346 1614 τε
1383 1559 1731 1629 συγγενείας,

157 1655 220 1708 ἐκ
241 1670 303 1706 τε
336 1652 618 1724 βασιλείας
646 1652 852 1723 θλίψεις
885 1654 978 1706 καὶ
1008 1652 1201 1718 ὀδύνας
1235 1653 1331 1707 καὶ
1361 1653 1734 1725 περιστάσεις·

156 1744 216 1796 τὸ
247 1743 304 1795 δὲ
338 1741 710 1811 συναγόμενον
747 1737 851 1812 ἦν,
910 1743 944 1812 ἡ
973 1742 1348 1813 θρυλλουμένη
1386 1742 1603 1813 μοιχεία
1642 1739 1737 1795 τοῦ

157 1835 588 1904 αὐτοκράτορος,
618 1834 759 1906 ὑπὲρ
780 1829 849 1905 ἦς
877 1837 970 1889 καὶ
991 1836 1053 1889 τὸ
1076 1838 1310 1906 πάσχειν
1339 1831 1407 1907 ἦν
1429 1836 1565 1906 αὐτῇ
1590 1833 1734 1905 [cod.

156 1931 341 2004 αὑτή].
364 1931 524 1984 Ἐπεὶ
563 1930 619 1983 δέ
647 1930 743 1983 τοῦ
774 1929 1157 2000 οίκουμενικοῦ
1188 1929 1538 1998 τολμήματος
1567 1927 1737 1995 ἐμνή-

156 2022 313 2093 σθην,
354 2024 470 2076 ἴστε
504 2017 616 2076 οἷον
644 2021 902 2092 ὀδυνηρὸν
930 2020 1152 2086 ἐλαϐεν,
1181 2021 1348 2090 ἡνίκα
1395 2018 1541 2090 ἐώρα
1590 2019 1738 2088 ἡμᾶς

156 2119 219 2170 ἐκ
246 2116 346 2171 τοῦ
385 2117 759 2187 μοναστηρίου
785 2113 1222 2186 ἁρπαζομένους,
1244 2111 1573 2165 συνελθοῦσα
1598 2111 1740 2165 κατὰ

154 2209 254 2278 τὴν
288 2209 479 2278 ὥραν·
512 2208 652 2262 ἀλλὰ
696 2211 744 2260 εἰ
775 2209 869 2261 καὶ
896 2207 956 2258 τδ
989 2207 1213 2276 θρηνεῖν
1259 2201 1326 2276 ἦν
1365 2205 1502 2275 αὐτῇ
1549 2221 1734 2275 μονου·

159 2301 295 2373 μένῃ
331 2301 572 2371 μάλιστα
596 2301 655 2364 ἐξ
681 2298 862 2369 ἡμῶν,
882 2298 984 2351 οὐκ
1002 2299 1411 2369 ἠγανάκτησεν,
1433 2298 1494 2350 οὐ
1517 2298 1739 2368 προΐετο

159 2393 314 2462 ῥῆμα
369 2391 585 2460 άγενές,
616 2389 736 2443 οὐδὲ
775 2386 972 2461 ἔρρηξε
999 2389 1092 2442 τὸν
1125 2389 1347 2460 χιτῶνα,
1375 2388 1474 2442 οὐκ
1506 2385 1740 2456 ἠλάλαξε

157 2485 268 2546 τοῖς
296 2484 597 2545 κωκυτοῖς·
633 2481 770 2546 ἀλλ’,
788 2481 1006 2544 Ἀπιτε,
1037 2483 1220 2552 φησιν,
1240 2475 1284 2534 ὧ
1313 2480 1501 2542 παῖδες
1524 2479 1619 2533 καὶ⁵
1636 2477 1741 2531 σώ-

158 2574 340 2639 ζοισθε
375 2575 435 2628 ἐν
465 2573 676 2645 Κυρίῳ,
705 2574 952 2643 ὅπουπερ
983 2574 1050 2628 ἂν
1103 2572 1430 2641 άπάγοισθε,
1459 2572 1554 2624 καὶ
1580 2570 1741 2625 ὁποῖά

159 2670 274 2722 ποτ’
310 2667 382 2720 ἂν
414 2665 768 2731 πάθοιτε,διά
794 2667 958 2736 νόμον
983 2666 1149 2720 αὐτοῦ
1173 2665 1333 2719 τοῦτο
1358 2664 1737 2736 προελόμενοι·

157 2759 366 2828 ἀγαθὸν
411 2759 521 2829 γάρ
551 2758 682 2828 ὑμῖν
714 2759 744 2812 ὃ
775 2777 828 2813 τι
856 2761 922 2814 ἂν
952 2761 1046 2813 καὶ
1078 2757 1411 2828 ὑποσταίητε
1443 2756 1614 2810 δεινὸν
1645 2757 1742 2826 μέ-

159 2868 247 2919 χρι
294 2851 396 2904 καὶ
439 2848 694 2918 αἵματος,
731 2848 763 2918 ἦ
813 2848 1193 2920 προσήκασθαι
1227 2847 1317 2901 τὸν
1351 2845 1738 2917 μοιχεύσαντα,

165 2942 257 2994 καὶ
287 2941 381 2993 διὰ
415 2938 576 2992 τοῦτο
609 2939 904 3008 προδοῦναι
946 2939 1046 3009 τὴν
1086 2935 1369 3007 ἀλήθειαν.
1395 2937 1458 2988 Ὢ
1490 2934 1591 3003 τῆς
1627 2932 1741 2985 τολ-

164 3034 343 3102 μηρᾶς
359 3031 455 3085 καὶ
485 3030 737 3099 γενναίας
758 3030 970 3101 ψυχῆςί
1005 3028 1168 3092 εὐθὺς
1191 3028 1252 3080 οὐ
1277 3025 1606 3090 κατέπεσεν,
1635 3023 1742 3078 ὧσ-

165 3139 267 3192 περ
293 3118 367 3192 ἦν
404 3120 572 3186 είκδς,
601 3120 1037 3191 χθαμαλωτέρας
1073 3120 1166 3172 καὶ
1208 3104 1473 3187 ἀνάνδρου
1509 3114 1738 3167 παθεῖν·

162 3214 294 3267 ἀλλὰ
324 3211 416 3278 τίς
445 3212 874 3283 συνεξεδήμησε,
912 3210 1370 3281 συνωδοιπόρησε,
1405 3209 1740 3280 συνέθραυσε

162 3306 219 3357 τὸ
243 3303 612 3358 άπαλώτατον
644 3305 894 3375 σαρκίον,
940 3304 1005 3373 τῇ
1050 3301 1146 3355 τοῦ
1191 3301 1349 3372 ὅρους
1399 3302 1736 3374 ὑπερϐάσει·

163 3400 280 3452 οὐδὲ
312 3399 411 3453 τὸν
448 3399 734 3472 πρόθυμον
768 3396 1155 3468 συνοδοιπόρον
1188 3396 1502 3465 εὑραμένη·
1538 3395 1622 3462 αἳ,
1662 3392 1741 3457 αἲ,

164 3490 278 3556 πῶς
320 3490 586 3560 γεγόνασι
630 3491 832 3552 πάντες
857 3488 948 3542 τοῦ
975 3487 1172 3558 καιροῦ
1217 3487 1395 3540 άπανθ
1407 3487 1612 3556 ρωπότε
1625 3499 1705 3555 ροι
1727 3501 1742 3551 ;

164 3581 252 3632 καὶ
284 3579 495 3649 μᾶλλόν
524 3595 672 3642 τινες
710 3578 805 3631 καὶ
832 3575 1406 3645 προσεπεμὸαίνοντες
1444 3575 1537 3628 καὶ
1574 3591 1746 3644 προσ-

163 3672 521 3735 ονειδίζοντες
547 3670 660 3724 ⁴τῶν
691 3669 1042 3739 ὑποχειρίων,
1073 3667 1149 3731 ὼς
1179 3667 1540 3739 πληρωθῆναι
1566 3667 1627 3720 τὸ
1653 3667 1745 3720 εὑ-

165 3763 478 3832 αγγελικδν,
507 3763 592 3816 ὅτι
635 3761 864 3830 Ἑχθροί
899 3759 1005 3814 τοῦ
1039 3760 1359 3829 ἀνθρώπου
1388 3763 1441 3814 οἱ
1463 3758 1745 3814 οίκειακοί

153 3855 383 3919 κλυτοῦ·
426 3853 630 3922 ἔφθασε
668 3851 801 3922 γοῦν
841 3852 986 3923 ἡμᾶς
1023 3851 1118 3905 καὶ
1156 3849 1509 3913 αἰκισθέντας
1557 3850 1591 3920 ἡ
1635 3865 1736 3919 μα-

167 3947 350 4020 καρία.

233 4109 295 4162 θ’.
338 4105 453 4159 Καὶ
490 4105 564 4176 μή
597 4120 684 4168 τις
729 4104 788 4157 ἐν
829 4102 965 4174 τῷδε
1008 4100 1294 4172 λογίσηται
1328 4100 1555 4165 ἑαυτοὺς
1598 4101 1746 4172 ἡμᾶς

166 4197 558 4270 ἐγκωμιάζειν,
603 4197 704 4250 οὐκ
761 4195 985 4265 ἔχοντάς
1032 4212 1084 4248 τι
1130 4193 1241 4247 τῶν
1296 4193 1742 4264 ἐπαινουμένων·

167 4291 312 4344 ἄλλοι
347 4290 460 4362 γὰρ
500 4289 600 4359 οὐχ
631 4290 793 4358 ἡμεῖς
825 4288 875 4340 οί
909 4286 1316 4358 ἀνδρισάμενοι,
1354 4286 1449 4338 καὶ
1479 4283 1557 4355 τῷ
1584 4281 1748 4354 κοινῷ

174 4382 347 4453 Πατρὶ
381 4379 759 4451 ἐπιγραπτέον
793 4383 854 4431 τὸ
882 4377 1217 4448 κατόρθωμα
1235 4375 1310 4446 (9)
1332 4394 1346 4408 ·
1368 4376 1456 4429 ἴνα
1478 4375 1536 4429 δὲ
1564 4393 1748 4447 παρα-

169 4478 456 4544 στήσωμεν
489 4472 580 4524 τὸν
605 4472 703 4538 τῆς
719 4470 1118 4540 ἐπαινουμένης
1138 4467 1348 4536 ἀγῶνα,
1373 4467 1744 4537 ἐνεπέσαμεν,

170 4561 476 4632 σύγγνωτε,
511 4563 589 4623 είς
617 4560 744 4622 τοὺς
777 4560 905 4630 περὶ
938 4559 1048 4612 τῶν
1086 4559 1370 4629 ἡμετέρων
1393 4557 1618 4611 ἐκείνων
1656 4557 1746 4610 λό-

166 4672 321 4722 γους,
354 4656 434 4718 ὡς
478 4654 538 4706 οὐ
576 4651 987 4724 βεϐουλήμεθα·
1029 4651 1186 4714 ἀλλὰ,
1231 4651 1431 4719 Μέγας
1473 4654 1504 4704 ό
1531 4651 1747 4717 Κύριος

167 4747 350 4818 ἡμῶν,
384 4748 484 4802 καί
512 4746 746 4816 μεγάλη
777 4746 814 4812 ἠ
835 4744 1012 4813 ἰσχὺς
1041 4743 1249 4799 αὑτοῦ.
1283 4743 1372 4807 Ὠς
1408 4744 1592 4813 ἐκείνη
1623 4741 1747 4794 λανο

169 4839 436 4903 θανόντως
497 4838 750 4910 ὐπεισῄει
815 4836 875 4889 ἐν
928 4837 1008 4906 τῷ
1065 4835 1312 4906 φρουρίῳ
1369 4835 1466 4898 τὰς
1533 4833 1748 4902 πληγὰς

168 4933 364 5002 ὁρῶσα,
398 4933 495 4986 καὶ
525 4931 726 4994 ταύτας
757 4929 1134 4998 ὐπαλείφουσα
1159 4969 1174 4992 ,
1210 4927 1306 4980 καὶ
1331 4925 1409 4997 τῷ
1435 4925 1555 4996 Θεῷ
1589 4924 1747 4989 δόξαν

168 5025 256 5077 καὶ
283 5019 438 5078 αἶνον
467 5024 528 5076 ἐν
553 5022 632 5092 τῷ
663 5023 731 5075 δι’
761 5023 981 5092 ἐντολὴν
1015 5017 1179 5073 αὑτοῦ
1210 5018 1382 5072 ταῦτα
1413 5016 1742 5086 ὑφίστασθαι

166 5117 232 5169 τὰ
261 5115 435 5186 αὐτῆς
467 5113 672 5184 ἔγγονα
699 5114 1134 5185 άναπέμπουσα·
1171 5110 1344 5173 οὕτως
1377 5110 1525 5182 ἡμᾶς
1562 5109 1744 5161 εὐκτι-

168 5207 274 5270 xiii;
297 5208 396 5260 καὶ
425 5205 854 5277 κλαυθμυρικῶς
883 5205 979 5259 καὶ
1008 5201 1326 5276 περιχαρῶς
1348 5202 1408 5254 ἐν
1434 5198 1743 5271 μεταιχμίῳ

166 5298 270 5352 τῶν
298 5298 396 5352 δύο
419 5297 631 5364 παθῶν,
661 5299 729 5352 ἐκ
756 5297 866 5352 τῶν
899 5299 1077 5352 ἐκεῖσε
1103 5296 1240 5369 πρὸς
1264 5292 1335 5348 τά
1364 5293 1622 5347 ἐπέκεινα
1645 5295 1744 5363 τῆς

235 5498 257 5531 ⁸
294 5499 486 5554 Matth.
525 5516 576 5562 ις,
608 5500 698 5555 36.
775 5501 795 5531 ‘
834 5498 980 5553 Psal.
1012 5515 1193 5563 cum,
1228 5499 1281 5553 5.

236 5675 311 5743 (8)
350 5674 617 5730 Ccllulani
647 5690 746 5731 seu
786 5675 1014 5732 cellioue
1043 5673 1299 5731 monachi
1337 5683 1433 5729 aut
1473 5671 1745 5728 moniales

168 5754 317 5799 extra
352 5747 748 5801 monasterium
793 5745 846 5800 in
887 5746 1041 5803 cellis
1074 5745 1407 5805 habitantes.
1447 5743 1516 5799 de
1545 5743 1744 5812 quibus

171 5818 306 5869 satis
335 5815 580 5884 Cangius
620 5816 674 5870 in
705 5814 928 5887 Lexico,
962 5816 1145 5874 citatis
1176 5815 1380 5873 Graecis
1403 5815 1741 5878 auctoribus,

169 5896 217 5937 et
246 5889 550 5954 prescriim
583 5887 805 5941 Allatio.

1838 665 2026 722 regere
2073 659 2257 722 posset
2287 692 2304 717 ,
2359 657 2648 720 propterea
2698 665 2728 704 a
2765 647 2930 704 fratre
2958 649 3171 720 cogitur
3195 649 3415 705 cellula-

1840 759 2035 798 norum
2066 758 2218 799 more
2243 743 2424 798 vivere
2450 783 2466 808 ,
2525 757 2650 798 cum
2699 742 2809 798 ﬁlia
2861 741 2975 811 jam
3013 750 3170 797 antea
3217 751 3412 808 tonsa,

1838 835 2054 906 aliaque
2102 843 2354 907 cognata.
2411 834 2719 905 Statimque
2772 834 3065 903 patientem
3112 834 3279 888 vitam
3321 849 3415 889 ex-

1840 935 1993 998 perta
2026 935 2112 982 est
2141 968 2158 994 ,
2197 926 2615 995 necessarioque
2649 924 2859 979 tristem
2888 966 2905 992 ,
2939 923 3068 995 quia
3098 933 3152 979 et
3181 925 3410 995 spiritali

1838 1020 1978 1074 duce
2003 1019 2245 1082 carebat,
2279 1018 2326 1072 ei
2360 1016 2628 1087 quasdam
2661 1024 2820 1070 nacta
2850 1024 2934 1070 est
2977 1014 3195 1070 sodales
3225 1014 3413 1085 pietati

1837 1111 2096 1166 adversas
2130 1149 2148 1176 ,
2203 1109 2257 1164 in
2295 1117 2505 1162 tantum
2539 1107 2782 1162 utetiam
2841 1121 3001 1161 sacro
3029 1106 3121 1160 illo
3162 1107 3282 1161 loco
3321 1123 3416 1160 ex-

1838 1203 2158 1273 pelleretur.
2178 1199 2289 1255 Cur
2305 1209 2485 1254 autem
2511 1199 2593 1253 vel
2618 1198 2777 1268 cujus
2800 1213 2989 1268 opera,
3015 1198 3184 1267 pudet
3209 1198 3413 1263 dicere,

1840 1301 1898 1347 ut
1927 1290 2264 1346 audientium
2314 1289 2544 1344 auribus
2603 1303 2844 1358 parcam.
2904 1289 3152 1340 Attamen
3200 1287 3417 1342 virtutis

1838 1399 2003 1440 causa
2029 1424 2046 1449 ,
2099 1391 2153 1438 et
2177 1391 2399 1452 pr0pter
2429 1382 2717 1435 Dominum
2770 1379 2969 1433 afflicta
2997 1419 3010 1444 ,
3070 1379 3336 1449 patienter
3358 1393 3417 1433 se

1839 1476 2079 1548 gerebat.
2136 1473 2246 1531 Nec
2273 1491 2383 1546 quo
2415 1482 2574 1543 pacto
2611 1473 2832 1527 recitem
2884 1473 3000 1528 scio
3034 1472 3169 1526 alias
3197 1485 3261 1524 ex
3293 1469 3417 1524 aliis

1837 1571 1964 1624 vita:
1990 1567 2109 1636 ejus
2141 1568 2482 1622 calamitates
2512 1575 2566 1620 et
2598 1564 2743 1618 vices
2769 1603 2783 1627 ,
2817 1572 3140 1630 nostrasque
3169 1561 3417 1616 afﬁnibus

1838 1671 1890 1715 et
1915 1660 1982 1714 ab
2006 1660 2233 1728 imperio
2252 1671 2562 1728 pressuras,
2588 1653 2931 1718 adlictiones,
2954 1661 3009 1707 et
3034 1652 3414 1708 adversitates.

1842 1752 2065 1806 Summa
2097 1751 2170 1804 rei
2205 1748 2327 1814 fuit,
2363 1746 2638 1800 famosum
2671 1744 3020 1814 imperatoris
3050 1743 3415 1809 adulterium,

1842 1843 1987 1913 quod
2043 1842 2200 1896 matri
2232 1856 2453 1910 quoque
2482 1847 2684 1893 nostrae
2728 1852 2894 1891 causa
2941 1835 3151 1889 doloris
3182 1835 3415 1890 exstitit.

1843 1929 1996 1986 Nunc
2027 1947 2153 2002 quia
2181 1931 2462 2001 publicum
2493 1929 2709 1983 facinus
2738 1927 3162 1982 commemoravi
3200 1969 3215 1992 ,
3251 1926 3418 1995 probe

1847 2024 2000 2081 scitis
2058 2038 2223 2093 quam
2271 2037 2416 2092 aegre
2472 2021 2561 2074 illa
2614 2018 2820 2082 tulerit,
2871 2033 2993 2071 cum
3047 2032 3149 2071 nos
3192 2017 3258 2071 de
3297 2032 3417 2071 mo-

1845 2118 2085 2174 nasterio
2143 2117 2450 2170 abstractos
2512 2113 2666 2177 vidit,
2735 2112 2937 2182 quippe
2985 2127 3107 2180 quae
3156 2111 3220 2163 ad
3267 2110 3414 2163 illam

1844 2213 2034 2266 horam
2082 2215 2430 2263 convenerat.
2499 2205 2604 2260 Sed
2638 2205 2887 2273 quamvis
2945 2203 2998 2255 in
3055 2203 3203 2255 luctu
3261 2213 3414 2265 erat,

1843 2304 2098 2360 sodalitio
2139 2299 2441 2372 praesertim
2487 2308 2682 2352 nostro
2723 2296 2956 2366 spoliata
2989 2337 3003 2361 ,
3058 2309 3165 2347 non
3193 2303 3276 2348 est
3330 2294 3417 2346 in-

1841 2400 2081 2470 dignata,
2118 2410 2295 2466 neque
2321 2393 2636 2448 indecorum
2664 2391 2964 2460 quidquam
3001 2389 3180 2443 locuta
3204 2427 3218 2450 ,
3246 2402 3419 2456 neque

1844 2491 2083 2545 tunicam
2119 2487 2301 2549 scidit,
2337 2498 2514 2554 neque
2548 2483 2820 2538 clamores
2846 2480 3105 2548 lugubres
3142 2478 3364 2532 sustulit
3401 2495 3416 2543 ;

1842 2584 1934 2638 sed
1967 2582 2125 2636 Abite
2155 2620 2170 2647 ,
2208 2578 2421 2648 inquit,
2450 2577 2546 2631 ﬁlii
2576 2616 2594 2643 ,
2622 2585 2676 2632 et
2702 2576 2755 2629 in
2786 2574 3018 2628 Domino
3053 2572 3186 2628 salvi
3215 2581 3416 2634 es‘Iote,

1842 2687 2171 2745 quocunque
2229 2671 2448 2724 demum
2476 2668 2751 2723 ducemini
2782 2707 2797 2732 ,
2844 2675 2899 2720 et
2928 2665 3183 2733 qumlibet
3228 2677 3422 2733 perpe—

1845 2764 2096 2826 tiemini,
2159 2758 2602 2829 quandoquidem
2662 2756 2796 2826 legis
2852 2754 3001 2809 illius
3061 2754 3232 2823 gratia
3293 2766 3421 2821 pro-

1845 2855 2080 2924 positum
2138 2851 2241 2906 hoc
2278 2848 2622 2919 suscepistis.
2680 2846 2878 2900 Melius
2931 2846 3076 2900 enim
3119 2842 3276 2898 vobis
3313 2849 3419 2904 est,

1843 2961 2007 3018 grave
2067 2943 2342 3012 quodlibet
2374 2956 2547 3010 usque
2569 2940 2635 2994 ad
2665 2940 2991 3010 sanguinem
3025 2938 3137 3007 pati
3171 2975 3188 3001 ,
3253 2949 3419 3006 quam

1844 3039 2154 3095 adulterum
2208 3037 2261 3090 in
2316 3033 2757 3089 communionem
2793 3032 3101 3093 admittere,
3149 3040 3314 3099 atque
3347 3029 3422 3082 ita

1845 3133 2130 3185 veritatem
2159 3128 2410 3197 prodere.
2442 3125 2486 3179 0
2527 3124 2794 3194 intrepida
2820 3123 3002 3177 anima
3035 3131 3088 3176 et
3116 3134 3376 3191 generosa
3404 3120 3417 3172 l

1848 3222 1922 3276 Ibi
1965 3220 2187 3274 minime
2240 3217 2521 3281 concidit,
2579 3231 2677 3271 ceu
2727 3231 2824 3284 par
2858 3212 3053 3268 fuisset
3111 3211 3424 3279 contingere

1847 3313 2046 3368 infimae
2083 3311 2248 3366 alicui
2273 3318 2328 3364 et
2357 3308 2566 3363 enervi.
2601 3307 2743 3373 Quid
2776 3319 2905 3360 vero
2933 3304 2956 3356 ?
2982 3301 3281 3357 Nobiscum
3312 3301 3422 3354 dis-

1846 3403 2028 3467 cessit,
2080 3401 2364 3455 nobiseum
2407 3400 2511 3453 iter
2557 3396 2816 3467 suscepit,
2872 3395 3168 3448 delicatum
3215 3390 3425 3445 attrivit

1846 3496 2234 3566 corpusculum
2265 3493 2317 3546 in
2340 3491 2540 3546 montis
2561 3505 2813 3551 ascensu,
2841 3489 3047 3542 nullum
3069 3485 3302 3538 alacrem
3325 3481 3425 3536 via:

1847 3589 2100 3645 comitem
2133 3593 2310 3640 nacta.
2347 3583 2462 3637 Heu
2490 3584 2503 3636 !
2542 3584 2642 3636 heu
2673 3583 2686 3635 l
2736 3580 3011 3649 quomodo
3043 3592 3234 3631 omnes
3261 3590 3424 3630 occa-

1847 3680 2098 3736 sionibus
2157 3677 2292 3731 fiunt
2348 3675 2674 3729 inhumani!
2732 3671 2874 3739 Quin
2927 3680 2981 3725 et
3037 3668 3288 3722 nonnulli
3343 3667 3425 3719 in-

1848 3770 2120 3824 sultabant
2138 3777 2194 3823 et
2215 3766 2671 3821 conviciabantur
2693 3766 2786 3835 qui
2809 3766 3022 3818 fuerant
3047 3762 3115 3816 de
3130 3760 3423 3823 famulitio,

1850 3872 1910 3914 ut
1939 3860 2319 3930 evangelicum
2344 3858 2477 3912 illud
2504 3857 2875 3926 compleretur
2910 3874 2923 3910 :
2959 3853 3172 3908 Inimici
3195 3850 3423 3904 hominis

1848 3954 2122 4007 domestici
2153 3953 2266 4022 ejus
2298 3952 2340 4003 ⁵.
2393 3949 2582 4020 Itaque
2609 3951 2676 4004 ad
2708 3964 2807 4005 nos
2838 3949 2892 4002 in
2921 3944 3257 4002 cruciatibus
3290 3957 3427 4014 quo-

1849 4063 1957 4118 que
2000 4047 2207 4116 positos
2237 4047 2392 4102 beata
2429 4047 2546 4101 haec
2576 4043 2906 4099 adventavit.

1922 4141 1974 4196 9.
2020 4138 2191 4194 Nemo
2229 4153 2434 4204 autem,
2469 4154 2676 4208 quaeso,
2708 4144 2921 4206 reputet
2952 4139 3169 4187 nosmet
3197 4131 3346 4199 ipsos
3395 4145 3424 4182 a

1851 4231 2011 4285 nobis
2044 4231 2364 4298 praedicari,
2397 4231 2491 4300 qui
2548 4245 2738 4286 revera
2781 4229 2984 4282 nullam
3016 4237 3225 4296 partem
3264 4222 3429 4291 hujus

1850 4322 2027 4378 laudis
2057 4324 2395 4394 attingimus.
2454 4322 2661 4393 Quippe
2685 4322 2776 4376 alii
2811 4362 2826 4386 ,
2877 4336 2984 4373 non
3017 4334 3117 4373 nos
3139 4358 3154 4381 ,
3208 4327 3430 4372 strenue

1849 4422 2095 4482 egerunt,
2157 4422 2210 4466 et
2258 4413 2537 4466 communi
2595 4412 2776 4481 potius
2821 4409 2968 4461 Patri
3002 4423 3088 4461 res
3119 4406 3255 4460 bene
3280 4415 3428 4475 gesta

1854 4500 2111 4554 vertenda
2161 4508 2262 4554 est.
2321 4498 2588 4568 Ignoscite
2651 4511 2874 4560 autem,
2927 4497 2970 4549 si
3001 4494 3132 4547 dum
3199 4493 3431 4545 laudatae

1780 4610 1824 4665 ι)
1854 4587 2067 4643 feminae
2121 4598 2398 4641 certamen
2434 4587 2763 4656 exponimus
2784 4626 2799 4650 ,
2829 4585 2981 4638 inviti
3016 4586 3066 4635 in
3096 4597 3278 4635 rerum
3312 4579 3430 4632 illa-

1852 4694 1971 4731 rum
2005 4679 2372 4733 narrationem
2402 4677 2714 4732 incidimus.
2764 4675 2866 4729 Sed
2910 4673 3132 4742 Magnus
3170 4670 3428 4724 Dominus

1851 4776 2045 4830 uoster,
2076 4775 2126 4818 et
2175 4781 2365 4833 magna
2416 4765 2580 4818 virtus
2614 4764 2728 4832 ejus
2759 4763 2779 4794 ⁸
2818 4764 2830 4818 ι
2862 4761 2955 4817 Illa
2989 4761 3173 4830 itaque
3198 4759 3339 4813 clam
3372 4757 3426 4810 in

1849 4853 2150 4907 custodiam
2183 4853 2451 4922 ingressa,
2480 4852 2612 4906 visis
2646 4851 2818 4921 plagis
2844 4864 3051 4920 easque
3086 4847 3333 4902 osculata
3376 4855 3430 4898 et

1849 4946 2212 4999 medicamine
2237 4959 2445 5014 ungens
2473 4983 2488 5009 ,
2552 4942 2663 4998 Deo
2699 4942 2925 5013 gloriam
2978 4942 3305 5011 laudemque
3332 4941 3429 4993 ob-

1851 5039 1995 5103 tulit,
2049 5038 2176 5107 quia
2248 5037 2342 5091 lilii
2403 5037 2486 5092 sui
2554 5046 2775 5106 propter
2813 5032 3060 5103 ejusdem
3099 5034 3270 5106 legem
3302 5031 3428 5085 talia

1849 5135 2187 5196 paterentur.
2231 5126 2322 5178 Sic
2347 5125 2437 5178 illa
2472 5140 2577 5178 nos
2607 5138 2730 5178 cum
2763 5122 3018 5193 precibus
3039 5161 3055 5186 ,
3091 5122 3382 5192 gemitibus
3409 5162 3425 5184 ,

1850 5213 2124 5283 simulque
2148 5214 2443 5278 hilaritate,
2469 5213 2610 5266 inter
2635 5213 2733 5265 has
2752 5211 2890 5265 duas
2920 5210 3088 5263 animi
3112 5208 3427 5280 passiones,

1853 5302 1925 5357 ab
1956 5302 2048 5357 illo
2115 5302 2234 5356 loco
2275 5302 2340 5355 ad
2393 5302 2649 5358 ulteriora
2703 5300 2972 5356 abductos
3015 5298 3285 5355 comitatis
3333 5297 3429 5352 ad-

1924 5671 2000 5741 (9)
2040 5667 2158 5741 Ipse
2186 5667 2512 5741 Theodorus
2535 5677 2745 5741 patrem
2787 5683 2947 5741 suum
2982 5666 3429 5741 spiritalemPla-

1855 5737 2037 5796 tonein
2065 5737 2131 5793 ad
2165 5737 2551 5794 constantiam'
2576 5741 2628 5794 in
2675 5737 3031 5801 adversitate,
3063 5737 3296 5806 exempli
3334 5752 3432 5791 ca:-

1855 5813 1986 5883 teris
2033 5809 2305 5883 praebendi
2344 5825 2535 5883 causa,
2583 5825 2912 5883 magnopere
2962 5810 3214 5866 hortatus
3247 5807 3426 5864 fuerat

1858 5878 2046 5935 Hom;
2074 5879 2170 5934 lib.
2203 5896 2241 5946 ι,
2274 5878 2297 5934 l
2328 5889 2384 5937 et
2417 5879 2470 5933 2.
