3926 6448
508 395 615 460 895

1699 395 1760 454 8.
1800 392 2196 454 THEODORI
2238 392 2588 453 STUDIT/E

3683 387 3783 452 896

509 500 790 556 mirationi
816 509 957 582 erat,
985 508 1040 557 et
1078 517 1108 555 a
1141 499 1250 555 Deo
1286 500 1502 572 piisque
1542 499 1861 555 hominibus
1910 499 2082 555 beata:
2113 553 2115 560 ,

2226 503 2494 571 παγωγῆς
2532 499 2987 572 παραπέμπουσα
3025 497 3370 568 ἐθαυμάζετο
3391 538 3407 564 ,
3437 496 3563 568 Θεῷ
3597 513 3656 548 τε
3687 498 3781 550 καί

521 602 725 643 nomen
758 587 1209 658 consequebatur.
1227 586 1319 643 Sic
1348 604 1450 644 nos
1495 602 1687 643 rursus
1718 589 1982 658 pravenit
2011 603 2096 642 re-

509 678 741 731 deuntes
785 675 1039 732 Catharis
1059 688 1113 732 et
1137 676 1580 732 Thessalonicam
1604 677 1859 730 exsilium
1883 676 2092 746 pulsos,

511 764 648 819 hora
695 764 928 819 brumali
987 773 1042 820 et
1097 767 1404 835 vespertina
1449 766 1503 821 in
1561 765 1791 821 taberna
1842 764 2049 819 rustica
2082 803 2097 828 ,

514 855 858 910 clandestino
886 867 941 910 et
976 857 1255 926 incognito
1286 857 1547 921 adventu,
1579 865 1638 911 ut
1674 871 1776 911 nos
1817 855 2022 909 videret
2044 863 2100 908 et

517 953 627 998 tota
679 943 851 1000 ferme
904 955 1061 1002 nocte
1110 948 1400 1003 nobiscum
1450 946 1964 1013 versaretur,dum
1997 961 2100 1000 nos

516 1035 745 1089 invicem
785 1036 838 1090 in
889 1036 1122 1093 Domino
1164 1046 1487 1094 testamenta
1530 1038 1918 1094 conderemus.
1977 1034 2102 1090 Sta-

516 1127 725 1194 timque
761 1143 978 1184 summo
1010 1145 1170 1185 mane
1191 1170 1206 1194 ,
1241 1131 1386 1201 quod
1417 1140 1533 1186 erat
1561 1130 1824 1185 acerbum
1857 1141 1911 1183 et
1939 1128 2104 1184 mise-

520 1220 737 1282 rabile,
796 1223 1065 1290 separatis
1132 1223 1404 1286 invicem,
1467 1223 1557 1277 illa
1607 1223 1727 1278 vale
1768 1222 1995 1284 dicens,
2049 1229 2106 1276 et

523 1322 781 1380 tanquam
814 1311 868 1365 in
909 1314 1105 1368 animae
1130 1313 1609 1369 commendatione
1641 1313 1828 1367 oscula
1875 1310 2104 1380 singulis

520 1399 769 1467 corporis
815 1401 1078 1456 membris
1130 1402 1472 1472 imprimens,
1530 1417 1654 1457 cum
1696 1401 1926 1472 gemitu,
1967 1399 2100 1470 Ego,

521 1490 704 1544 aiebat
737 1490 836 1561 (ut
881 1492 1000 1561 ejus
1045 1494 1320 1549 locutione
1350 1493 1514 1566 utar)
1559 1494 1672 1564 jam
1736 1509 1881 1548 nunc
1932 1507 1966 1546 ο
2009 1491 2105 1546 lilii

521 1594 777 1648 suprema
835 1583 1003 1637 verba
1065 1584 1427 1642 morientibus
1483 1585 1666 1640 dicere
1718 1585 1926 1638 videor.
1977 1581 2108 1636 Cui-

523 1665 652 1721 libet
686 1679 867 1723 autem
921 1671 1174 1725 rationali
1222 1683 1403 1728 mente
1457 1673 1684 1743 praedito
1715 1669 2023 1741 cujusmodi
2055 1669 2107 1723 id

2193 593 2306 655 τοῖς
2351 590 2762 663 εὐσεϐεστέροις
2811 590 2922 645 τῶν
2969 589 3274 659 ἀνθρώπων
3325 586 3780 660 μακαριζομένη-

2195 681 2367 747 οῦτως
2397 681 2742 752 προέφθασεν
2767 677 2925 745 αὖθις
2963 680 3549 754 παλινστροφήσαντας
3579 683 3647 735 ὲκ
3675 680 3782 736 τῶν

2197 773 2432 844 Καθαρὰ
2466 773 2580 845 (10)
2600 813 2617 840 ,
2650 772 2747 826 καὶ
2774 772 2910 844 πρὸς
2942 772 3348 843 Θεσσαλονίκην
3377 772 3784 844 ὐπεροριζομέ-

2199 882 2326 929 νους
2352 867 2431 929 είς
2455 863 2775 936 χειμερινὴν
2799 864 2892 916 καὶ
2919 863 3219 936 έσπεραίαν
3247 863 3396 933 ὤραν
3426 866 3487 918 ὲν
3516 864 3783 936 χωριακῷ

2201 956 2546 1027 καταλύματι
2572 997 2588 1022 ,
2639 955 2789 1026 φόὸῳ
2829 955 3008 1025 πολλῷ
3047 955 3448 1026 κρυπτοφανῶς
3495 956 3594 1010 καὶ
3637 955 3780 1010 ἀδια-

2201 1047 2460 1120 γνὼστως
2515 1047 2848 1111 θεάσασθαι,
2898 1049 2994 1102 καὶ
3041 1050 3320 1118 συντυχεῖν
3361 1050 3495 1118 ἡμῖν
3545 1047 3616 1100 δι’
3663 1047 3785 1117 ὅλης

2205 1139 2392 1211 σχεδὸν
2417 1141 2515 1209 τῆς
2548 1140 2774 1204 νυκτόςυ
2807 1137 3144 1208 διαθεμένων
3177 1139 3334 1209 ἡμῶν
3357 1138 3633 1209 διαθήκας
3675 1137 3784 1206 (ll)

2204 1232 2304 1296 τὰς
2349 1232 2406 1285 ὲν
2458 1231 2650 1303 Κυρίῳ
2703 1232 2842 1302 πρὸς
2899 1231 3200 1304 ἀλλήλους,
3251 1231 3346 1284 καὶ
3401 1230 3569 1294 εὐθὺς
3621 1229 3786 1283 ἕωθεν

2206 1326 2408 1394 (ὁποῖον
2430 1318 2500 1394 ἦν
2553 1324 2804 1392 ἀλγεινὸν
2829 1324 2926 1378 καὶ
2958 1323 3189 1378 ἐλεεινόν
3220 1323 3260 1393 l)
3306 1322 3598 1392 διαζευγνυ
3610 1323 3787 1393 μένων

2203 1419 2364 1490 ἡμῶν
2390 1419 2484 1471 ἀπ’
2521 1417 2768 1489 ἀλλήλων
2789 1457 2804 1480 ,
2839 1419 3099 1488 κάκείνης
3129 1419 3220 1472 τὸν
3267 1419 3670 1490 συντακτήριον
3697 1417 3788 1471 λό-

2206 1527 2304 1579 γον
2340 1509 2600 1580 ποιούσης
2621 1552 2634 1576 ,
2678 1513 2774 1564 καὶ
2807 1508 2883 1574 ὡς
2913 1509 3091 1574 έξόδια
3117 1511 3231 1572 τοῖς
3269 1509 3575 1580 φιλήμασιν
3617 1525 3791 1580 προσ-

2207 1602 2590 1673 επιτιθεμένης
2634 1603 2770 1673 ἡμῖν
2821 1603 2963 1656 κατὰ
3012 1603 3122 1655 πᾶν
3173 1601 3336 1671 μέλος
3381 1599 3477 1653 τοῦ
3536 1599 3794 1670 σώματος

2211 1694 2348 1766 μετὰ
2377 1694 2697 1764 κλαυθμῶν.
2748 1692 2889 1762 Ἐγὼ
2921 1694 3051 1764 γὰρ,
3084 1694 3271 1764 φησὶν,
3298 1694 3445 1764 άρτι,
3470 1692 3666 1757 τέκνα,
3708 1691 3794 1744 ἶνα

525 1762 802 1828 negotium
832 1760 1018 1828 fuerit,
1063 1763 1371 1833 conjectare
1410 1765 1556 1819 licet.
1603 1761 1738 1817 Nam
1772 1765 1817 1819 si
1851 1771 2108 1818 amanter

2221 1760 2303 1843 ita}.
2348 1788 2441 1842 τὸν
2489 1760 2830 1841 αὑτόλεκτον-
2859 1760 3030 1856 αὐτῆς
3079 1760 3237 1854 λόγον
3279 1760 3438 1850 εἴπω,
3491 1783 3794 1849 ἑξοδιάζειν

525 1849 666 1902 inter
715 1865 776 1904 se
830 1852 1120 1921 copulatis,
1179 1863 1233 1907 et
1278 1869 1406 1908 mox
1467 1853 1777 1908 dissociatis
1829 1851 1914 1917 fit,
1950 1852 2107 1921 juxta

2221 1879 2355 1948 ὒμᾶς
2381 1877 2522 1930 δοκῶ
2548 1876 2660 1948 (12)
2682 1893 2695 1906 ·
2731 1876 2910 1941 ἔξεστι
2941 1849 3310 1946 στοχάσασθαι
3338 1849 3450 1938 τοῖς
3475 1876 3793 1945 ἐχέφροσιν·

525 1956 788 2012 magnum
825 1941 1162 2014 Theologum
1196 1943 1545 2016 Gregorium,
1583 1947 1747 2000 unius
1775 1946 2023 2016 corporis
2050 1946 2106 2000 in

523 2031 635 2087 duo
685 2033 968 2101 dissectio,
1009 2048 1064 2090 et
1126 2039 1411 2107 utriusque
1467 2037 1859 2104 morliﬁcatio;
1912 2037 2004 2093 vel
2061 2037 2108 2092 si

524 2125 691 2180 boum
759 2126 924 2182 simul
998 2128 1399 2194 educatorum,
1450 2128 1740 2199 eidemque
1789 2129 1923 2198 jugo
1975 2127 2107 2183 sub-

527 2219 789 2282 ditorum,
841 2235 948 2274 non
982 2221 1101 2276 sine
1133 2221 1346 2293 lugubri
1395 2223 1600 2293 mugitu
1649 2224 1707 2277 lit
1769 2222 2109 2286 dissociatio,

527 2314 770 2383 separari
803 2330 911 2369 non
943 2316 1304 2385 patientium;
1340 2316 1494 2386 quid,
1535 2316 1696 2386 quale
1735 2323 2112 2385 quantumque

527 2400 581 2453 in
608 2416 666 2455 re
698 2404 951 2471 praesenti
982 2403 1280 2473 contigisse
1304 2403 1669 2457 concedemus
1693 2403 1715 2455 ?
1751 2400 1894 2456 Sane
1921 2403 2116 2457 utrim-

525 2503 656 2558 que,
699 2489 770 2544 ob
809 2487 901 2543 Dei
933 2491 1222 2554 timorem,
1273 2490 1481 2544 doloris
1533 2489 1886 2544 acerbitatem
1943 2491 2114 2560 repri-

530 2576 814 2632 mebamus
854 2595 867 2630 :
899 2578 991 2632 scd
1041 2577 1092 2630 id
1127 2577 1348 2647 quidem
1378 2577 1540 2646 quale
1567 2587 1947 2647 quantumque
1983 2577 2112 2642 fuit,

530 2666 963 2736 magnanimitati
989 2667 1110 2737 ejus
1138 2667 1468 2722 ascribatur.

603 2905 690 2962 l0.
740 2905 910 2961 Porro
969 2905 1037 2960 ad
1077 2921 1164 2962 res
1202 2913 1410 2960 vestras
1460 2904 1860 2980 quodvattinet,
1893 2903 2116 2969 fratres,

532 2998 634 3069 ipsi
673 3014 771 3053 vos
805 3000 1092 3060 narrastis.
1121 2997 1212 3068 qui
1244 2996 1601 3052 beneficentia
1631 2996 1779 3050 fruiti
1815 2997 1972 3058 estis,
2010 3009 2119 3064 quo

535 3098 776 3157 tempore
809 3103 903 3141 vos
932 3087 1150 3156 collegit
1194 3087 1260 3140 ad
1302 3103 1403 3141 nos
1437 3087 1659 3141 veniens
1684 3126 1699 3148 ,
1728 3095 1780 3140 et
1815 3102 1912 3140 ceu
1944 3087 2120 3154 pullos

2209 1971 2257 2022 εί
2281 1969 2391 2040 γὰρ
2417 1970 2511 2022 ἐπὶ
2533 1971 2644 2032 τοῖς
2673 1967 3062 2040 συγκραθεῑσιν
3079 1965 3444 2037 ἀγαητικῶς
3463 1967 3604 2037 πρὸς
3631 1967 3798 2037 ἀλλή-

2208 2060 2334 2124 λους
2358 2060 2456 2113 καὶ
2484 2060 2848 2130 διισταμένοις
2877 2059 3108 2128 γίνεται,
3141 2058 3286 2112 κατὰ
3324 2057 3420 2110 τὸν
3457 2060 3639 2127 μέγαν
3667 2056 3800 2109 Θεο-

2209 2151 2366 2221 λόγον
2381 2151 2680 2223 Γρηγόριον
2699 2193 2714 2216 ,
2769 2151 2961 2222 ὥσπερ
2993 2149 3112 2213 ένός
3145 2147 3400 2219 σώματος
3431 2150 3513 2212 είς
3529 2149 3626 2202 δύο
3654 2150 3798 2219 τομὴ

2212 2244 2307 2298 καὶ
2334 2243 2663 2314 ἀμφοτέρων
2691 2242 2958 2314 νέκρωσις
2981 2284 2995 2306 ,
3036 2242 3069 2313 ἦ
3102 2241 3320 2312 μόσχων
3348 2239 3677 2311 συντρόφων
3705 2241 3800 2294 καὶ

2212 2335 2497 2410 όμοζὺγων
2549 2335 2822 2402 διάζευξις
2866 2333 3078 2405 γοερῶς
3113 2333 3455 2405 μυκωμένων
3499 2333 3589 2385 ἐπ’
3633 2333 3801 2402 άλλή-

2214 2429 2327 2492 λοις
2352 2428 2450 2481 καὶ
2473 2428 2534 2482 οὑ
2570 2427 2846 2497 φερόντων
2876 2429 2975 2496 τὴν
3003 2425 3361 2496 ἀλλοτρίωσιν
3379 2439 3393 2454 ·
3419 2424 3471 2476 τί
3501 2424 3598 2478 καὶ
3631 2425 3800 2478 πόσον

2215 2522 2310 2576 καὶ
2338 2520 2524 2592 ⁴ἡλίκον
2556 2520 2780 2590 δοίημεν
2803 2520 2897 2570 ἐπὶ
2930 2517 3024 2572 τοῦ
3061 2518 3359 2588 παρόντοςς
3400 2517 3497 2569 καὶ
3527 2533 3804 2586 κατεκρά-

2215 2611 2419 2684 τοῦμεν
2449 2612 2749 2681 ἀμφότεροι
2772 2609 3030 2683 φοσοθετᾳ
3047 2609 3146 2678 τῆς
3178 2607 3607 2679 δριμυπαθείας.
3637 2607 3802 2661 Ἀλλὰ

2216 2703 2376 2760 τοῦτο
2413 2703 2512 2773 μὲν
2543 2701 2607 2772 δὴ
2633 2699 2876 2754 τοιοῦτον
2907 2700 3001 2753 καὶ
3031 2697 3349 2770 τηλικοῦτον
3381 2697 3463 2764 ὃν,
3499 2698 3600 2768 τῆς
3630 2715 3803 2770 μεγα-

2215 2795 2482 2868 λοψυχίας
2504 2795 2677 2865 αὐτῆς
2702 2810 2752 2846 τι
2761 2792 2976 2864 μάσθω.

2291 2894 2342 2943 ι’.
2384 2889 2458 2942 Τὸ
2488 2887 2546 2940 δὲ
2582 2887 2871 2956 ὑμέτερον,
2901 2883 3141 2949 ἀδελφοὶ,
3174 2883 3331 2936 αὐτοὶ
3359 2881 3806 2952 ὲξηγήσασθε,οί

2220 2981 2316 3034 καὶ⁹
2345 2981 2443 3052 τῆς
2483 2977 2806 3049 εὐεργεσίας
2839 2976 3270 3039 ἀπολαύσαντες,
3305 2975 3382 3038 ὡς
3419 2973 3809 3045 συμϐέϐληκεν

2223 3075 2366 3144 ὑμᾶς
2425 3069 2754 3141 ἐξερχομένη
2812 3069 2948 3140 πρὸς
3009 3070 3193 3139 ἡμᾶς,
3247 3066 3504 3136 καθάπερ
3553 3067 3805 3128 νεοττοὺς

535 3178 662 3231 nido
689 3193 972 3242 excussos,
1019 3180 1072 3233 in
1113 3194 1275 3234 suum
1333 3178 1633 3233 claustrum
1667 3177 1886 3247 recepit.
1924 3175 2115 3230 Deinde

2226 3166 2549 3238 ἐκριφέντας
2579 3167 2644 3218 ἐκ
2675 3164 2890 3225 καλιᾶς,
2929 3165 3010 3222 είς
3040 3161 3101 3214 τὸ
3135 3162 3334 3215 οίκεῖον
3360 3159 3808 3230 φροντιστήριον

535 3282 752 3322 reversa
786 3268 1032 3339 singulos
1058 3271 1338 3326 consolata
1368 3281 1472 3338 est,
1500 3272 1566 3325 ad
1609 3273 1799 3325 urbem
1832 3284 1891 3324 se
1933 3266 2124 3324 confe-

538 3374 665 3414 rens
693 3378 709 3426 ;
742 3360 974 3432 illucque
1004 3372 1278 3433 utcunque
1305 3363 1643 3427 intromissa,
1691 3363 2121 3433 iugemiscendo,

538 3453 769 3515 orando,
808 3459 863 3506 et
892 3453 1038 3508 hunc
1067 3454 1333 3523 hospitem
1372 3454 1713 3525 excipiendo,
1766 3456 1934 3510 alium
1964 3455 2124 3510 robo-

542 3543 733 3609 rando,
770 3544 935 3598 alium
974 3547 1364 3612 sustentando,
1429 3548 1594 3601 alium
1639 3548 1996 3604 subducendo
2031 3557 2126 3604 :et

543 3649 692 3688 more
725 3635 913 3704 optimi
970 3638 1243 3691 mconomi
1277 3647 1326 3691 et
1369 3639 1669 3693 secundum
1719 3618 1887 3693 Deum
1936 3642 2124 3710 praesi-

541 3728 719 3781 dentis
747 3768 760 3788 ,
796 3728 992 3795 partim
1042 3728 1216 3794 alens,
1247 3729 1441 3798 partim
1480 3732 1914 3795 administrans,
1971 3735 2115 3787 velut

544 3835 680 3875 nova
709 3817 952 3885 Natalia,
985 3828 1038 3873 et
1073 3819 1334 3876 Priscilla:
1386 3823 1601 3878 aemula.
1632 3822 1826 3878 Testes
1876 3839 1994 3889 vos,
2029 3825 2124 3878 be-

543 3911 734 3965 neticia
762 3911 990 3981 experti,
1030 3912 1124 3980 qui
1176 3922 1230 3966 et
1277 3913 1459 3983 lingua
1504 3914 1918 3970 commoditates
1967 3929 2124 3969 acce-

544 4012 666 4072 ptas
728 4001 974 4057 fatemini
1027 4018 1091 4058 ac
1128 4003 1434 4059 celebratis.
1486 4005 1640 4060 Tunc
1690 4015 1818 4060 vero
1856 4006 2124 4060 mirabilis

546 4095 657 4146 haec
693 4092 890 4147 femina
937 4103 1265 4160 postremam
1321 4110 1542 4163 quoque
1570 4095 1959 4151 beatitudinem
1992 4111 2125 4150 con-

544 4183 695 4250 sequi
743 4183 904 4250 digna
946 4183 1069 4249 fuit,
1125 4184 1390 4239 conviciis
1423 4186 1680 4239 nimirum
1727 4201 1758 4240 a
1796 4185 2121 4256 quibusdam

544 4274 754 4338 affecta,
797 4290 1032 4343 quorum
1063 4275 1283 4329 nomina
1311 4285 1505 4345 sponte
1545 4277 1750 4332 reticeo
1788 4287 1884 4343 ;et
1933 4293 2123 4347 perse-

545 4368 818 4422 cutionem
877 4375 1097 4435 propter
1150 4367 1419 4437 justitiam
1470 4383 1628 4437 passa
1680 4383 1746 4424 ac
1811 4369 2118 4423 veritatem.

549 4461 832 4530 Responde
857 4470 911 4513 tu
942 4461 1146 4525 mihi,o
1173 4461 1498 4532 Pater,quid
1526 4479 1622 4532 pro
1648 4472 1700 4517 te
1728 4464 1935 4518 carceri
1967 4478 2124 4517 man-

2226 3259 2417 3312 ἐπειτα
2434 3255 2825 3327 ὑποστρέψασαι
2851 3253 3102 3323 καθάπερ
3122 3254 3350 3306 ἕκαστον
3374 3250 3808 3321 παρηγορήσατο

2224 3350 2362 3423 πρὸς
2412 3349 2480 3402 τὰ
2527 3349 2587 3400 ὲν
2636 3348 2790 3401 άστει
2841 3343 3217 3414 πορευομένη’
3269 3343 3494 3395 κάκεῖσε
3545 3338 3810 3403 ποδαπῶς

2225 3439 2544 3497 εἰσελθοῦσα
2588 3437 2981 3511 περιέτρυςεν,
3014 3433 3318 3504 ἠντιϐόλει,
3368 3432 3466 3486 τὸν
3493 3432 3595 3503 μὲν
3639 3448 3812 3502 προσ-

2223 3532 2511 3604 δεχομένη,
2542 3530 2634 3583 τὸν
2666 3530 2722 3582 δὲ
2750 3529 3150 3597 ὑπαλείφουσα,
3173 3524 3263 3577 τὸν
3291 3523 3350 3577 δὲ
3379 3521 3688 3593 ὲρείδουσα,
3715 3521 3810 3574 τὸν

2223 3626 2281 3680 δὲ
2308 3623 2686 3692 ὑπεξάγουσα·
2734 3621 2829 3675 καὶ
2877 3619 2972 3683 οὒς
3010 3618 3109 3689 μὲν
3159 3613 3570 3688 τροφευομένη,
3623 3612 3719 3675 οὓς
3751 3613 3812 3666 δὲ

2225 3718 2605 3789 διοικουμένη,
2632 3716 2707 3781 ὡς
2734 3715 2798 3770 ἄν
2827 3731 2910 3776 τις
2946 3713 3168 3782 ἄριστος
3215 3708 3496 3779 οἰκονόμος
3530 3706 3629 3760 καὶ
3668 3707 3814 3759 κατὰ

2223 3811 2358 3866 Θεὸν
2393 3811 2726 3882 προστάτης,
2750 3808 2783 3876 ὴ
2809 3807 2978 3868 ὅντως
3000 3805 3096 3858 νέα
3125 3802 3393 3863 Νατάλια,
3420 3799 3515 3853 καὶ
3545 3797 3813 3868 Πρισκίλ-

2224 3904 2325 3972 λης
2360 3900 2471 3974 (l3)
2501 3899 2769 3969 ὁμόζηὶος
2789 3913 2804 3926 °
2855 3897 2953 3952 καὶ
2990 3895 3268 3968 μάρτυρες
3301 3895 3483 3963 ὑμεῖς.
3533 3893 3582 3944 oi
3610 3887 3674 3945 εὖ
3705 3907 3816 3945 πα-

2228 3995 2412 4055 θόντες
2432 4033 2446 4056 ,
2475 3992 2569 4044 καὶ
2597 3989 2687 4043 διὰ
2729 3978 2981 4057 γλώσσης
3010 3989 3071 4041 τὸ
3100 3985 3527 4056 εὐσυμπάθητον
3560 3983 3814 4055 φερόμε-

2227 4103 2318 4140 νον
2358 4084 2575 4156 ἔχοντες
2624 4082 2716 4134 καὶ
2740 4078 3188 4150 θαυμαζόμενον.
3242 4074 3477 4145 Ἦξιώϐη
3515 4072 3815 4144 τοιγαροῦν

2225 4176 2531 4251 τηνικαῦτα
2563 4177 2597 4247 ή
2629 4174 2908 4243 θαυμασία
2945 4171 3037 4225 καὶ
3071 4168 3164 4222 τοῦ
3217 4166 3528 4221 τελευταίου
3568 4182 3816 4237 μακαρι-

2227 4269 2367 4342 σμοῦ
2394 4268 2856 4339 ἐπιτυγχάνουσα,
2885 4260 3258 4332 ὀνειδιζομένη
3291 4260 3396 4312 ὑπό
3420 4275 3605 4318 τινων.
3638 4251 3715 4312 ὧν
3741 4257 3815 4311 τὰ

2225 4365 2466 4435 ὀνόματα
2499 4360 2640 4415 ἑκὼν
2674 4359 3089 4431 ὑπερϐήσομαν
3127 4355 3223 4409 καὶ
3270 4352 3454 4422 μέντοι
3499 4349 3815 4419 διωκομένη

2225 4459 2411 4511 ἕνεκεν
2436 4453 2779 4522 δικαιοσύνης
2812 4454 2906 4505 καὶ
2934 4449 3214 4520 ἀληθείας.
3245 4445 3542 4516 ’Δπόκρινέ
3584 4460 3675 4514 μοι
3721 4445 3818 4496 καί

545 4555 725 4624 cipato
754 4554 1152 4623 patientissima
1185 4555 1298 4610 haec
1327 4557 1672 4622 sustinuerit,
1730 4572 1852 4611 cum
1901 4571 2115 4610 accusa-

2230 4549 2413 4615 αὐτὸς,
2441 4542 2484 4602 ὧ
2515 4548 2719 4616 Πάτερ,
2752 4545 2780 4597 ὅ
2805 4561 2858 4596 τι
2891 4543 2985 4596 καὶ
3020 4542 3229 4610 ὑπέστη
3263 4537 3352 4590 διὰ
3399 4537 3468 4589 σε
3509 4549 3818 4604 πεφρουρι-

546 4644 708 4706 reris,
738 4658 861 4696 cum
903 4645 1132 4712 quaestio
1163 4643 1231 4699 de
1283 4657 1334 4699 te
1373 4647 1526 4700 tieret
1554 4687 1568 4710 ,
1610 4655 1886 4717 postremo
1939 4646 2012 4700 ob
2045 4645 2123 4700 rei

550 4735 870 4788 necessarias
921 4735 1401 4789 ministrationem.
1458 4735 1554 4792 Dic
1616 4741 1827 4807 tyranni
1883 4737 2122 4806 rapinas,

549 4826 724 4880 minas
745 4868 759 4891 ,
786 4827 1238 4882 exanimationes.
1266 4827 1457 4882 Nonne
1483 4829 1598 4898 ipsa
1646 4829 1793 4884 socia
1827 4828 1920 4882 tibi
1970 4828 2125 4882 dolo-

551 4932 664 4970 rum
701 4917 920 4987 triginta
944 4920 1136 4973 dielius
1170 4919 1272 4974 fuit
1317 4922 1372 4974 in
1414 4922 1658 4976 custodia
1699 4921 1936 4979 detenta.
2001 4935 2126 4973 cum

548 5020 784 5076 quatuor
811 5024 1061 5064 asceseos
1095 5011 1463 5075 consortibus,
1512 5022 1565 5067 et
1603 5013 1820 5081 quidem
1861 5026 1955 5080 per
2003 5025 2126 5064 car-

549 5115 700 5154 ceres
733 5100 1041 5155 distributis
1069 5102 1295 5171 ?lbique
1323 5106 1516 5158 omitto
1545 5104 1723 5158 dicere
1761 5113 1964 5171 quanta
2007 5101 2125 5156 fue-

625 5213 734 5279 (10)
752 5207 881 5265 Post
902 5212 1331 5267 verberationem
1360 5214 1559 5268 missus
1586 5213 1680 5267 fuit
1715 5228 1743 5266 a
1767 5212 2129 5267 Constantino

552 5285 682 5349 imp.
734 5282 890 5336 exsul
953 5281 1402 5338 Thessalonicam
1454 5283 1776 5339 Theodorus
1829 5298 1950 5335 cum
2004 5283 2127 5336 aliis

554 5352 864 5413 monachis,
895 5355 1053 5419 cujus
1083 5355 1293 5408 itineris
1322 5357 1496 5422 prima
1529 5355 1743 5408 mansio
1774 5355 1992 5405 fuerunt
2023 5353 2128 5405 Ca-

555 5425 730 5485 tlmra,
760 5434 815 5475 ut
845 5425 1072 5491 ipsemet
1103 5426 1322 5492 seripsit
1345 5426 1516 5492 Epist.
1554 5426 1648 5478 lib.
1683 5441 1720 5482 I.
1765 5426 1817 5478 ὅ.
1852 5422 1981 5476 Loci
2018 5423 2124 5476 Ca-

555 5496 708 5547 thara
738 5495 936 5563 mentio
968 5493 1025 5546 lit
1056 5495 1216 5547 etiam
1249 5496 1339 5548 lib.
1375 5510 1438 5558 ιι,
1467 5497 1624 5563 epist.
1662 5495 1745 5546 12.

626 5564 737 5631 (ll)
788 5561 1116 5617 Theoctislae
1171 5582 1294 5618 cum
1360 5561 1527 5618 fratre
1573 5567 1858 5632 deportato
1903 5575 2126 5616 noctun-

557 5649 685 5686 num
738 5633 1070 5700 colloquium
1131 5639 1516 5705 COgnoscimus
1565 5635 1728 5690 etiam
1779 5652 1843 5689 ex
1891 5634 2050 5702 epist.
2083 5633 2116 5686 5

557 5705 646 5757 ιιι).
683 5721 720 5764 l,
753 5719 802 5771 p.
845 5705 965 5758 184.

625 5776 736 5842 (12)
780 5773 995 5828 Piorum
1020 5774 1326 5840 liujusmodi
1355 5785 1828 5842 testamentorum,
1857 5776 2120 5832 habemus

559 5851 864 5915 exemplum
899 5848 1038 5912 apud
1080 5849 1254 5916 ipsum
1298 5848 1565 5902 Studitam
1598 5849 1760 5900 intra.

2235 4643 2436 4716 σμένου
2471 4658 2564 4693 σου
2600 4637 2762 4692 ἕνεκα
2793 4639 2826 4707 ἡ
2861 4633 3183 4696 πολύαθλος,
3219 4633 3275 4684 ὲν
3305 4631 3372 4699 τῇ
3402 4627 3725 4697 συζητησει,
3759 4628 3818 4679 ὲν

2231 4714 2300 4804 τῇ
2347 4728 2586 4800 φροντίδι
2614 4725 2722 4779 τῶν
2759 4723 3104 4792 ἀναγκαίων
3131 4719 3255 4788 λέγε
3288 4717 3388 4787 τὴν
3418 4715 3681 4787 ἁρπαγὴν
3717 4714 3816 4768 τοῦ

2234 4821 2584 4894 κρατοῦντος,
2612 4819 2710 4889 τὴν
2741 4815 2992 4885 ἀπειλὴν,
3035 4811 3136 4884 τὴν
3165 4810 3446 4865 ὰνέτασιν·
3483 4809 3606 4878 οὐχὶ
3637 4806 3818 4879 καύτὴ

2237 4913 2620 4986 συμπέπονθέν
2654 4927 2760 4974 σοι,
2789 4904 3259 4977 τριακονθήμερον
3280 4902 3508 4972 μείνασα
3538 4916 3819 4970 φρουρου-

2238 5007 2373 5078 μένη
2403 5003 2510 5057 ὑπὸ
2537 5002 2813 5072 τεττάρων
2841 4997 2951 5051 τῶν
3001 4993 3480 5065 συνασκουμένων,
3511 4992 3606 5045 καὶ
3638 4991 3828 5057 ταῦτα,

2230 5099 2579 5173 διῃρημένων
2605 5097 2726 5159 ταῖς
2755 5093 3034 5162 εἰρκταῖς;
3061 5091 3220 5143 κάκεῖ
3248 5085 3321 5140 ἐῶ
3353 5087 3553 5154 λέγειν.
3578 5087 3682 5138 ὅσα
3710 5085 3817 5138 ὑπὸ

2303 5213 2418 5281 (15)
2459 5207 2869 5281 Priscillanota
2905 5212 2999 5281 est
3023 5203 3432 5281 ex__1lct.apost.
3466 5207 3621 5281 (ει-εειΔ
3653 5195 3814 5281 Papli

2232 5267 2494 5352 epistolis.
2543 5281 2649 5352 De
2695 5277 2930 5352 Nataliah
2959 5275 3037 5329 sic
3085 5267 3352 5352 Baroniiis
3386 5273 3440 5325 in
3490 5267 3816 5352 Martyrolo:

2231 5340 2338 5423 εἷο,
2378 5355 2398 5404 1
2441 5349 2772 5423 Decembriis
2803 5364 2816 5400 :
2850 5366 2865 5397 ι
2898 5345 3115 5423 δωρειαὶ
3151 5341 3409 5423 l‘iatalias,
3446 5340 3634 5423 uxo‘rri‘s
3669 5340 3813 5394 beati

2231 5407 2452 5476 Kdriani
2481 5421 2734 5489 martyris
2753 5433 2872 5486 qua:
2895 5416 2997 5471 sub
3016 5414 3351 5489 Diocletiano
3376 5415 3507 5489 imp.
3529 5407 3631 5489 S_S.
3667 5425 3815 5462 mar-

2232 5497 2441 5564 lyribus
2475 5481 2801 5564 Nicomediae
2829 5489 2880 5564 in
2923 5499 3143 5564 carcere
3187 5484 3420 5538 detentis
3462 5481 3636 5564 multo
3675 5489 3816 5560 tem-

2232 5556 2364 5634 pore
2435 5561 2796 5634 ministravit;
2853 5556 3419 5634 irnpletoqueeoruin
3471 5556 3809 5630 certamine,

2239 5621 2763 5698 llonstantinopolim
2784 5621 3059 5700 profecta,
3096 5621 3317 5700 vibidem
3362 5624 3414 5675 in
3463 5635 3610 5700 pace
3650 5621 3810 5700 quic-

2234 5708 2332 5758 vit.
2370 5725 2386 5756 ι
2428 5690 2634 5758 νὶἀεεῖε
2668 5690 2876 5770 reliqua
2919 5698 2984 5754 de
3028 5710 3092 5751 ea
3138 5695 3466 5750 documenta
3509 5707 3535 5744 a
3572 5690 3808 5744 Baronio

2229 5777 2416 5832 citata.
