3926 6464
169 446 276 508 891

728 446 1014 509 ORATIO
1047 452 1218 511 XIII.
1257 479 1320 488 -—
1363 453 1749 516 LAUDATIO
1781 454 2167 516 FIINEBRIS
2213 454 2291 513 ΙΝ
2347 452 2666 513 ΜΑΤΗΕΜ
2702 454 2930 515 SUAM.

3336 458 3441 519 898

169 556 279 606 τῶν
309 554 567 607 δουλίδων
586 551 682 606 τοῦ
712 556 996 626 φρουρέως
1029 557 1258 629 ὑπέστη,
1285 561 1379 614 καὶ
1409 560 1510 614 ὅσα
1541 561 1753 616 ἐταλαι·

1862 562 1926 615 rit
1980 576 2140 630 passa
2197 575 2226 614 a
2270 560 2514 614 custodis
2544 559 2795 622 ancillis,
2853 571 3056 628 quamn
3094 560 3148 615 in
3188 565 3439 632 angustia

170 646 405 717 πωρήθη
441 644 584 699 κατὰ
628 645 729 716 τὴν
776 646 877 716 τῆς
931 647 1076 717 ζωῆς
1120 649 1407 720 ἀφορμὴν,
1459 651 1554 706 καὶ
1591 653 1754 722 ἄρτον

168 738 369 808 ὀδύνης
401 739 662 793 ἐσθίουσα
695 740 792 792 καῖ⁷
822 739 975 810 πόμα
1007 740 1240 806 θλίψεως
1271 744 1500 797 πίνουσα
1521 760 1536 776 ο
1572 747 1667 798 καὶ
1691 745 1750 797 ού

168 832 261 885 τοῦ
293 832 562 902 παρόντος
607 832 804 903 καιροῦ
835 832 904 884 τὰ
954 833 1204 904 τηνικάδε
1239 836 1618 906 τετολμημένα
1660 837 1754 889 καὶ

169 926 519 993 γεγενημένα
557 923 968 994 διασημαίνειν·
1017 923 1157 978 ἀλλὰ
1205 927 1596 999 συγχωρείσθω
1640 931 1755 991 τοῖς

171 1015 515 1082 δεδρακόσιν,
562 1016 591 1068 ὃ
619 1031 673 1068 τι
719 1018 814 1068 καὶ
853 1017 1232 1087 πεπράκασιν·
1264 1019 1406 1073 οῦτω
1433 1019 1541 1092 γὰρ
1581 1023 1753 1073 εἰπεῖν

172 1105 580 1177 ἁρμοδιώτερον
603 1149 620 1172 ,
651 1109 698 1160 εί
735 1109 828 1161 καὶ
863 1108 1129 1178 κρίμασιν
1173 1103 1254 1173 οἷς
1285 1111 1682 1183 παρεχώρησεν
1719 1112 1752 1183 ἢ

174 1199 554 1270 ᾡκονόμησεν,
599 1199 687 1252 ἵνα
719 1199 1060 1268 ὲγκόπτηται
1089 1201 1257 1254 κακία
1278 1243 1291 1267 ,
1323 1203 1416 1255 καὶ
1446 1202 1520 1274 μὴ
1549 1205 1629 1266 είς
1661 1204 1757 1255 νό-

179 1307 278 1362 μον
326 1292 552 1360 ἕρχεται
595 1291 656 1344 τὸ
689 1292 1204 1362 παρανομούμενον,
1234 1293 1369 1358 Θεὸς
1397 1295 1487 1348 τὸν
1515 1296 1756 1366 διωγμὸν

174 1384 576 1438 ἀνεκαλέσατο·
613 1384 709 1437 καὶ
735 1384 843 1455 γὰρ
865 1385 1215 1455 ὲπανήκομεν
1235 1388 1282 1439 οἱ
1308 1388 1756 1459 ὑπερορισθέντες

175 1478 269 1530 καὶ
316 1476 847 1546 διασκορπισθέντεςι
866 1478 945 1540 είς
988 1477 1216 1542 ταυτὸν,
1266 1478 1343 1543 ὡς
1393 1481 1526 1542 ίστε,
1577 1481 1758 1544 δεξιᾶς

175 1568 436 1639 τυχόντες
461 1568 560 1638 τῆς
596 1567 1003 1632 ὲπανελεύσεως
1038 1569 1191 1637 παρὰ
1217 1571 1314 1640 τῆς
1344 1570 1672 1641 κρατούσης.

244 1713 337 1760 ια’.
395 1705 556 1758 Ἀλλὰ
593 1705 638 1757 τί
671 1705 752 1759 ἔτι
792 1709 858 1778 τῇ
900 1706 1206 1778 θεοτιμήτῳ
1261 1708 1431 1780 μητρὶ
1463 1708 1598 1779 πρὸς
1644 1725 1756 1772 τοις

176 1797 493 1868 εἰρημένοις
522 1799 916 1868 προσθείημεν,
949 1800 1044 1853 καὶ
1075 1799 1128 1852 τί
1155 1799 1626 1870 προσερεισόμεθα
1655 1801 1756 1871 ἀρ-

177 1887 537 1959 μοδιώτερονςς
560 1884 630 1940 Ὦ
657 1888 909 1960 δακρύων
933 1889 1133 1958 ὀχετοὶ,
1159 1889 1274 1942 ὅσοι
1309 1891 1373 1943 ὲκ
1399 1890 1508 1943 τῶν
1537 1890 1754 1959 ἐκείνης

173 1980 475 2051 ὀφθαλμῶν
502 1982 715 2044 ἀενάως
738 1981 1062 2051 προεχὲοντο
1085 1981 1175 2035 διὰ
1203 1983 1294 2036 τὸν
1324 1983 1512 2054 ἄνδρα,
1532 1984 1620 2036 διὰ
1644 1983 1752 2037 τῶν

173 2072 383 2127 παίδων
413 2072 505 2126 τὸν
539 2072 954 2146 σφαλερώτερον
985 2074 1123 2143 (14),
1156 2073 1247 2128 διὰ
1278 2075 1338 2128 τὸ
1373 2074 1752 2145 ποίμνιον,διὰ

172 2163 299 2226 τοὺς
321 2163 752 2227 ὀλισθαίνοντας,
772 2163 860 2216 διὰ
884 2163 972 2218 τὸν
1001 2164 1123 2218 καθ’
1155 2164 1385 2218 ἕκαστον
1413 2167 1715 2236 στηριγμόν
1736 2166 1748 2219 !

174 2251 366 2322 ἐπειδὴ
395 2252 472 2315 ὡς
508 2254 693 2323 μήτηρ
739 2254 1088 2324 πνευματικὴ
1129 2255 1190 2306 τὸ
1225 2255 1394 2308 ἐλεεῖν
1441 2250 1622 2327 εἶχενο
1661 2257 1754 2311 καὶ

170 2343 244 2407 ὡς
266 2344 476 2414 ἀδελφὴ
498 2345 638 2413 ὑπὲρ
663 2344 906 2413 ἀδελφῶν
929 2346 1071 2400 κατὰ
1094 2347 1300 2419 Κύριον
1321 2347 1408 2401 ἀεὶ
1428 2347 1751 2420 ἠγωνίζετο,

174 2436 274 2491 κᾶν
337 2437 400 2489 οὐ
463 2437 815 2506 συνῳκίζετο.
874 2439 938 2490 ’Ὠ
1013 2438 1192 2510 ψυχῆς
1251 2439 1597 2511 οἱκτίρμονος
1661 2441 1756 2496 καὶ

173 2529 469 2599 ὲλεήμονος
521 2527 793 2590 ἐπίδοσιςι
845 2530 938 2584 καὶ
981 2525 1027 2584 ὦ
1076 2531 1402 2602 σπλάγχνων
1448 2530 1755 2602 συμπαθῶν

172 2619 434 2681 κένωσις,
485 2617 546 2670 οὐ
596 2617 870 2689 φερόντων
921 2618 1017 2690 τὴν
1067 2619 1180 2674 τῶν
1232 2620 1567 2692 προσιόντων
1629 2619 1751 2673 στέ-

174 2713 381 2764 νωσινι
454 2711 593 2764 ὥστε
654 2711 748 2763 καὶ
799 2711 1017 2766 δέεσθαι
1067 2713 1238 2781 αὐτὴν
1284 2713 1426 2783 ὑπὲρ
1484 2712 1595 2766 τῶν
1640 2712 1757 2767 δεο-

175 2803 376 2873 μόνων,
411 2803 506 2856 καὶ
535 2801 877 2865 δανείζεσθαι
904 2803 1042 2874 ὑπὲρ
1075 2803 1172 2857 τοῦ
1232 2803 1459 2857 δανείων
1510 2803 1756 2858 ἀπαλλά-

173 2894 298 2960 ξαιο
329 2894 428 2948 καὶ
481 2895 692 2964 χαίρειν
751 2895 845 2947 καὶ
887 2895 1082 2966 ἑαυτὴν
1140 2895 1406 2967 πρίασθαι
1453 2895 1594 2966 ὑπὲρ
1655 2895 1757 2966 τῆς

175 2989 379 3058 ἑτέρων
411 2985 1467 3058 ἀπολυτρώσεως,τραπεζοποιουμένην
1497 2986 1565 3041 αὖ
1604 2987 1756 3040 πλει-

175 3079 366 3141 στάκις
394 3080 843 3148 χριστομιμήτως
872 3116 890 3142 ,
924 3078 1021 3132 καὶ
1053 3078 1152 3142 τὰς
1182 3077 1483 3147 πενομένας
1546 3093 1753 3146 συγκα-

173 3171 466 3240 λουμένην,
497 3169 591 3224 καὶ
614 3172 734 3233 ταῖς
768 3169 925 3233 ἰδίαις
971 3169 1159 3240 χερσὶν
1194 3168 1595 3239 ὑπηρετοῦσαν,
1623 3168 1756 3222 διότι

1863 653 2025 706 fuerit
2054 655 2198 722 quod
2239 652 2432 706 attinet
2473 652 2538 705 ad
2573 652 2693 704 vita:
2732 652 3209 707 sustentationem.
3241 669 3437 724 panem

1857 743 2063 797 doloris
2117 742 2430 806 camedens,
2480 750 2534 796 et
2569 742 2794 796 calicem
2827 741 3018 797 bibens
3051 744 3438 798 tribulationis.

1859 834 1963 888 Sed
1995 849 2101 888 non
2133 845 2215 889 est
2256 834 2415 903 hujus
2452 834 2712 902 temporis
2743 833 2925 887 omnia
2981 850 3104 904 quae
3138 843 3266 889 tunc
3307 850 3439 890 ausa

1857 935 1910 981 et
1937 934 2052 980 acta
2097 925 2318 980 fuerunt
2365 925 2694 996 significare.
2755 923 3112 994 Ignoscamus
3170 927 3435 980 malorum

1858 1021 2173 1084 auctoribus
2205 1018 2467 1089 quidquid
2499 1027 2747 1088 egerunt.
2785 1017 2877 1072 Sic
2919 1020 3063 1073 enim
3093 1019 3272 1074 dicere
3302 1034 3439 1074 con-

1859 1112 2173 1166 venientius
2207 1121 2331 1179 est;
2364 1111 2812 1181 quandoquidem
2851 1110 3073 1181 iudiciis
3145 1111 3260 1166 suis
3313 1127 3439 1180 per-

1858 1204 2139 1259 missionis
2179 1211 2273 1256 aut
2329 1202 2700 1273 providentiae,
2739 1212 2798 1256 ut
2849 1202 3053 1256 malum
3089 1202 3442 1272 abrumpere-

1859 1305 1968 1360 tur,
1999 1306 2054 1350 et
2083 1311 2150 1348 ne
2179 1295 2263 1350 lex
2287 1295 2436 1349 fieret
2465 1295 2610 1364 quod
2633 1304 2752 1348 erat
2783 1294 3146 1364 illegitimum,
3183 1308 3439 1362 persecu-

1859 1390 2061 1444 tionem
2101 1389 2244 1442 Deus
2279 1387 2530 1443 sedavit:
2574 1403 2702 1441 nam
2735 1395 2788 1440 et
2839 1387 3081 1449 exsules,
3125 1385 3324 1440 reversi
3348 1400 3441 1440 su-

1860 1495 2019 1547 mus;
2052 1488 2104 1534 et
2146 1479 2406 1548 dispersi,
2450 1477 2633 1532 denuo
2681 1479 3074 1541 convenimus;
3105 1475 3337 1537 felicem.
3382 1484 3441 1529 ut

1857 1572 2027 1634 scitis,
2067 1569 2303 1627 reditum
2329 1570 2428 1624 abs
2493 1578 2752 1638 regnante
2785 1566 3013 1622 Domina
3071 1567 3363 1621 consecuti.

1929 1707 2018 1763 ll.
2045 1707 2156 1779 Age
2183 1722 2312 1762 vero
2336 1706 2462 1777 quid
2520 1706 2700 1760 adhuc
2752 1704 3072 1758 veneranda!
3103 1703 3292 1759 matris
3321 1703 3438 1755 lau-

1859 1801 2020 1857 dibus
2053 1802 2336 1865 addemus,
2369 1807 2461 1853 aut
2482 1799 2612 1868 quid
2638 1796 3051 1852 convenientius
3095 1793 3440 1848 attexemus‘l

1789 1927 1828 1981 Β
1858 1895 1902 1951 Ο
1936 1895 2298 1965 laerymarum
2325 1892 2504 1957 rivuli,
2531 1897 2877 1961 quotquotex
2907 1890 3026 1956 ejus
3040 1888 3212 1941 oculis
3236 1902 3442 1955 peren-

1856 1985 1996 2040 niter
2061 1985 2365 2048 ﬂuxerunt,
2430 1990 2651 2051 propter
2693 1981 2893 2043 virum,
2947 1987 3165 2047 propter
3213 1991 3380 2030 unum
3410 1990 3440 2027 e

1857 2077 1983 2132 filiis
2025 2076 2236 2132 lubrico
2278 2076 2452 2146 magis
2514 2073 2840 2136 obnoxium,
2891 2080 3114 2142 propter
3181 2067 3441 2122 Ecclesiae

1855 2182 2094 2239 gregem,
2126 2174 2344 2236 propter
2377 2166 2558 2235 lapsos
2592 2204 2608 2229 ,
2635 2166 2763 2220 dum
2804 2163 3048 2233 singulos
3079 2160 3316 2216 solidare
3345 2175 3439 2214 co-

1857 2271 2016 2316 natur
2048 2261 2062 2314 !
2095 2257 2343 2330 Namque
2375 2269 2433 2313 ut
2463 2258 2726 2328 spiritalis
2758 2266 2950 2318 mater,
2983 2256 3222 2308 clemens
3273 2261 3432 2316 erat;

1858 2361 1916 2407 ut
1944 2366 2120 2415 soror,
2161 2365 2260 2420 pro
2305 2349 2564 2404 fratribus
2593 2350 2647 2403 in
2701 2347 2932 2403 Domino
2985 2359 3262 2413 nunquam
3324 2358 3434 2399 non

1856 2442 2111 2505 sollicita,
2137 2439 2348 2496 etiamsi
2383 2438 2792 2495 contubernalis
2847 2452 2953 2492 non
2985 2447 3152 2495 esset.
3180 2432 3224 2488 0
3254 2434 3435 2487 anima

1856 2530 2243 2588 misericordia:
2273 2538 2324 2585 et
2353 2530 2710 2601 eleemosyme
2741 2545 2957 2598 semper
2990 2531 3210 2600 parata!
3243 2527 3286 2584 0
3329 2525 3439 2580 vis-

1857 2638 2043 2679 oerum
2076 2622 2440 2692 benignorum
2482 2620 2654 2676 effusa
2689 2623 2950 2687 charitas,
2983 2638 3106 2692 qua:
3160 2621 3433 2676 neminem

1856 2714 2198 2771 accedentem
2246 2715 2516 2783 angustiis
2571 2714 2694 2784 angi
2752 2714 2965 2768 sinebat
3001 2717 3013 2768 l
3045 2717 3118 2769 ita
3155 2722 3214 2768 ut
3253 2721 3435 2783 egeret

1856 2808 1974 2876 ipsa
2002 2821 2102 2875 pro
2133 2804 2522 2875 indigentibus,
2582 2820 2865 2858 versuram
2902 2803 3106 2860 faceret
3148 2819 3246 2874 pro
3292 2804 3434 2856 redi-

1856 2896 2067 2952 mendis
2096 2895 2328 2950 aliorum
2367 2895 2628 2954 versuris.
2666 2897 2889 2966 gestiret
2924 2895 3160 2965 denique
3205 2894 3433 2963 pretium

1856 3001 1955 3056 pro
1980 2985 2208 3041 aliorum
2271 2987 2642 3054 redemptione
2676 2986 2986 3055 persolvere
3009 3027 3024 3049 ,
3068 2984 3435 3054 trapeziticam

1857 3076 2022 3132 etiam
2054 3077 2354 3148 saapissime
2393 3077 2592 3131 Christi
2627 3077 2931 3133 imitatione
2968 3091 3256 3132 exercens.
3291 3077 3436 3131 Pau-

1859 3171 2079 3240 peribus
2106 3185 2324 3242 quoque
2359 3169 2579 3225 feminis
2611 3170 2676 3225 ad
2721 3185 2782 3226 se
2847 3170 3160 3226 convocatis
3202 3170 3439 3238 propriis

175 3264 312 3332 ἔρως
352 3255 423 3330 ἦν
452 3259 612 3331 αὐτῇ,
643 3260 704 3313 τὸ
727 3261 826 3331 τῆς
872 3259 1242 3329 φιλοπτωχίας
1275 3257 1531 3329 δώρημα.
1586 3259 1650 3310 Ὢ
1679 3258 1754 3311 τίο

1863 3263 2118 3318 manibus
2166 3263 2562 3330 ministrabat;
2604 3277 2837 3333 namque
2904 3262 2960 3317 in
3014 3262 3226 3316 deliciis
3247 3261 3298 3314 ei
3338 3259 3440 3313 fuit

177 3360 302 3430 μίου
328 3357 598 3428 στόματος
617 3357 716 3426 τῆς
744 3358 808 3410 ὲκ
839 3356 998 3410 θείων
1027 3356 1223 3424 λογίων
1245 3355 1438 3409 ἀενάου
1465 3355 1760 3426 ἐκμελετή-

176 3468 334 3514 σεως,
370 3451 465 3504 καὶ
498 3449 917 3519 ἀπαραλείπτου
955 3449 1118 3521 μέχρι
1151 3449 1384 3504 θανάτου
1413 3448 1753 3517 διαλειτουρ-

174 3544 395 3613 γήσεως
429 3542 442 3595 l
477 3543 540 3593 Ὢ
573 3541 773 3609 τιμίων
812 3539 989 3593 ποδῶν
1019 3539 1485 3610 ἀποσφυρώσεως,
1543 3540 1607 3591 ἐκ
1661 3537 1759 3608 τῆς

175 3635 535 3701 ὲντευκτικῆς
566 3630 702 3701 πρὸς
726 3631 859 3684 Θεὸν
885 3629 1169 3685 ἀνενδότου
1199 3629 1415 3698 πήξεώς
1440 3648 1496 3684 τε
1539 3629 1635 3683 καὶ
1659 3649 1761 3685 πα-

178 3725 522 3796 ραστάσεωςῐ
558 3725 622 3777 Ὦ
644 3723 705 3777 οὐ
744 3724 902 3794 μόνον
928 3722 1243 3794 ὲσπερινῆς,
1283 3723 1419 3780 ἀλλά
1449 3724 1544 3777 καὶ
1574 3723 1761 3794 ὀρθρι-

178 3819 268 3888 νῆς
295 3818 394 3870 καὶ
423 3816 822 3886 μεσονυκτινῆς
848 3816 1013 3867 ὁσίων
1043 3816 1240 3884 χειρῶν
1280 3816 1418 3886 πρὸς
1477 3815 1608 3868 Θεὸν
1661 3817 1760 3868 ὲ-ιτ-

178 3909 390 3978 ἀρσεως
415 3908 508 3958 καὶ
537 3906 851 3972 διανυτικῆς
875 3904 986 3955 τῶν
1024 3904 1359 3974 αἰτηθέντων
1389 3905 1717 3970 ὲπιτεύξεως
1743 3905 1755 3957 !

179 3998 333 4052 καὶᾶ)
366 3996 702 4068 νυκτερινῶν
751 3995 1015 4054 ἐνυπνίων
1069 3996 1495 4066 διασαφήσεωςί
1567 3996 1758 4066 ἐπειδὴ

179 4089 313 4160 πρὸς
339 4088 410 4142 τὰ
447 4087 836 4158 παριστάμενα
859 4087 1098 4160 λυπηρὰ,
1128 4087 1390 4152 πολλάκις
1424 4089 1562 4159 αύτῇ
1627 4087 1759 4152 Θεὸς

181 4184 238 4236 τὸ
261 4182 458 4253 μέλλον
484 4182 929 4252 προμεμήνυκεν,
958 4181 1452 4253 παραμυθούμενος
1474 4183 1573 4248 τὴν
1592 4180 1759 4235 αὑτοῦ

182 4274 537 4344 θεράπαιναν.
582 4274 647 4326 Ὠ
673 4277 771 4344 τῆς
807 4274 900 4327 τοῦ
927 4275 1048 4327 ὅλου
1083 4274 1334 4344 σώματος
1389 4275 1448 4339 ἐξ
1475 4277 1761 4345 ἀσκήσεως

183 4365 549 4434 παραλύσεως
576 4365 589 4417 l
621 4365 717 4416 καὶ
745 4364 789 4416 ὦ
811 4365 1062 4427 εὐτελοῦς
1097 4365 1191 4418 καὶ
1222 4366 1463 4419 ἀθάλπου
1495 4369 1551 4418 ὲν
1579 4365 1759 4436 καιρῷ

182 4453 382 4523 κρύους
413 4454 678 4514 ἐνδύσεως
706 4452 720 4504 ι
755 4453 848 4506 καὶ
869 4451 914 4506 ῶ
949 4454 1242 4525 στρωμνῆς
1271 4455 1532 4526 διαξήρου
1569 4455 1757 4525 στενῆς

183 4563 238 4598 τε
272 4546 369 4598 καὶ
403 4545 655 4613 κολοδῆς,
689 4546 782 4596 καὶ
806 4544 1087 4615 ψυχούσης
1118 4546 1486 4609 ἀνακλίσεωςί
1552 4544 1596 4597 ὢ
1658 4548 1758 4615 τῆς

1861 3370 1985 3425 erga
2018 3355 2207 3420 inopes
2249 3354 2554 3424 benignitas
2587 3354 2938 3425 largitasque.
2991 3353 3036 3408 0
3067 3353 3434 3407 venerandum

1861 3462 1945 3512 os,
1983 3445 2128 3517 quod
2165 3445 2350 3500 divina
2404 3445 2622 3516 eloquia
2680 3461 2897 3516 semper
2943 3445 3333 3510 meditabatur,
3386 3455 3439 3496 et

1863 3537 2240 3592 incessabilem
2293 3553 2468 3607 usque
2504 3537 2572 3592 ad
2625 3547 2855 3594 mortem
2907 3536 3182 3608 liturgiam
3217 3535 3387 3591 obivit
3423 3536 3437 3588 !

1862 3627 1906 3684 Ο
1942 3629 2375 3684 venerandorum
2416 3628 2613 3697 pedum
2663 3627 2731 3682 ad
2783 3627 3173 3682 ambulandum
3239 3625 3442 3679 indesi-

1863 3728 2053 3774 nenter
2081 3719 2147 3774 ad
2180 3717 2346 3773 Deum
2375 3719 2606 3773 malleoli
2644 3717 2783 3772 flrtni
2815 3732 3030 3788 semper
3056 3725 3226 3786 atque
3277 3732 3438 3785 para-

1865 3809 1900 3862 ti
1933 3811 1944 3863 !
1978 3809 2020 3863 0
2043 3823 2151 3863 non
2179 3825 2402 3878 vespere
2432 3819 2640 3864 tantum
2662 3809 2756 3864 sed
2787 3819 2841 3862 et
2864 3824 3022 3863 mane
3051 3818 3103 3862 et
3133 3819 3294 3865 nocte
3336 3825 3439 3863 me-

1861 3902 1947 3954 dia
1984 3911 2296 3954 sanctarum
2330 3916 2591 3954 manuum
2623 3900 2690 3954 ad
2728 3900 2895 3954 Deum
2923 3901 3173 3965 elevatio,
3206 3911 3259 3954 et
3288 3911 3435 3955 certa

1861 3991 2257 4061 postulatorum
2288 3993 2595 4062 impetratio
2629 3989 2710 4046 10
2749 4001 3140 4047 nocturnorum
3204 3997 3441 4048 somnio-

1863 4099 1982 4137 rum
2014 4084 2368 4138 revelationes
2397 4085 2409 4138 !
2443 4082 2656 4138 Etenim
2688 4085 2758 4138 ob
2788 4087 3212 4139 circumstantes
3246 4086 3440 4141 moles-

1865 4176 1966 4230 tias
2027 4191 2168 4243 ξιξερο
2234 4175 2375 4230 Deus
2435 4174 2618 4230 futura
2659 4178 3136 4246 prannonstravit,
3179 4177 3438 4232 famulam

1861 4283 2012 4322 suam
2071 4267 2384 4321 consolans.
2429 4264 2474 4321 0
2509 4267 2675 4323 totius
2725 4269 2975 4338 corporis
3024 4271 3094 4324 ob
3148 4274 3438 4326 asceticam

1861 4361 2027 4415 vitam
2062 4362 2373 4426 dissolutio,
2413 4363 2647 4434 vilisque
2697 4374 2749 4420 et
2784 4366 2926 4419 male
2969 4365 3037 4418 ab
3080 4366 3312 4421 hiberno
3342 4365 3440 4420 fri-

1859 4467 1990 4520 gore
2045 4464 2332 4523 protegens
2381 4457 2550 4510 vestis
2586 4458 2598 4509 l
2647 4453 2690 4509 0
2719 4456 2913 4511 lectule
2957 4457 3169 4527 rigide,
3214 4466 3443 4525 anguste

1860 4557 2142 4616 curteque,
2197 4547 2485 4617 frigidiquc
2544 4548 2893 4603 discubitusl
2928 4547 2972 4603 Ο
2999 4549 3314 4603 ittdilferetts
3373 4560 3427 4603 et

182 4637 371 4706 ἀφίλου
397 4635 494 4689 καὶ
523 4634 891 4688 ἀσυνδυάστου
931 4636 1064 4705 πρὸς
1115 4639 1296 4691 πᾶσαν
1359 4636 1480 4704 ὄψιν
1528 4637 1754 4708 ἄρρενος

1863 4638 2280 4694 inconciliabilis
2306 4653 2433 4708 erga
2468 4638 2760 4707 cujuslibet
2816 4639 2916 4692 viri
2964 4649 3241 4708 aspectum
3274 4643 3439 4694 animi

181 4727 503 4791 ὃιαθέσεωςί
534 4729 628 4780 καὶ
657 4725 702 4779 ῶ
731 4726 828 4796 τῆς
855 4727 1117 4797 ἐπιμόνου
1152 4730 1246 4782 καὶ
1302 4730 1606 4800 τεταμένης
1657 4730 1756 4783 αὒ-

183 4817 280 4889 τῆς
311 4818 451 4889 πρὸς
475 4817 608 4871 Θεὸν
640 4817 948 4888 μονώσεως.
974 4818 1073 4871 Διά
1104 4818 1262 4872 τοῦτο
1297 4820 1519 4890 γὰρκαὶ
1551 4821 1752 4891 ἀκηδίᾳ

182 4911 514 4974 παλαίουσα,
545 4910 642 4962 καὶ
677 4912 814 4981 μήτε
841 4912 987 4981 ἡμᾶς
1018 4911 1148 4981 ὁρᾷν
1176 4909 1374 4980 ἔχουσα
1407 4912 1749 4983 συχνότερον,

186 5004 323 5074 μήτε
363 5003 524 5057 ἄλλον
557 5002 647 5056 τὸν
682 5001 1067 5073 πνευματικῶς
1109 5001 1504 5070 ὑπαλείφοντα,
1562 5005 1761 5074 ἡττᾶτο

184 5095 485 5166 ποιουμένη
515 5095 612 5157 τάς
642 5111 796 5158 τινας
819 5096 1081 5166 προόδους
1110 5095 1205 5148 καὶ
1231 5095 1541 5165 ἀποδημίας
1575 5114 1586 5126 ’
1621 5098 1758 5150 ἀλλὰ

185 5185 286 5235 κάν
336 5184 513 5254 τούτῳ
551 5185 643 5237 τὸν
704 5187 904 5240 κανόνα
955 5187 1297 5254 φυλάττουσα
1350 5187 1760 5256 ἀπαράλειπτον

185 5275 543 5330 ἀπεδείκνυτο
562 5292 579 5308 ⁸
621 5275 665 5330 ῶ
693 5278 980 5349 φιλεργίας
1007 5277 1417 5348 ἀνυπερϐλήτου
1456 5277 1671 5348 νύκτωρ
1701 5297 1759 5330 τε

186 5367 280 5417 καὶ
308 5366 430 5435 μεθ’
461 5369 674 5438 ἡμέραν
701 5367 1087 5431 διακοπώσεως
1114 5371 1126 5422 !
1161 5370 1254 5422 καὶ
1275 5368 1318 5420 ὦ
1347 5369 1625 5423 δακτύλων
1665 5370 1759 5423 τοῦ

187 5460 514 5527 ἐργαστικοῦ
538 5461 1032 5531 ἀποσκληρώσεως,
1056 5462 1148 5513 καὶ
1175 5461 1254 5523 εἰς
1290 5459 1496 5530 βύρσης
1529 5462 1761 5532 σκληρό-

187 5566 319 5621 τητα
347 5554 809 5624 μεταποιηθείσης
861 5554 958 5624 τῆς
992 5554 1224 5624 φυσικῆς
1273 5553 1614 5623 ἁπαλότητος
1642 5571 1653 5584 ·
1687 5555 1761 5625 μὴ

262 5782 371 5860 (μ)
414 5783 671 5860 Intelligit
709 5785 1084 5860 Euthyminm,
1107 5806 1266 5860 quem
1297 5793 1361 5846 ad
1392 5794 1756 5848 constantiam

199 5855 374 5907 multis
427 5855 619 5911 verbis
667 5855 959 5913 roltorabat
1010 5855 1138 5928 ipse"
1190 5862 1507 5916 Theodorus
1568 5864 1661 5916 lib.
1708 5880 1754 5929 ι,

1869 4730 2083 4784 habitus
2110 4730 2122 4783 !
2157 4731 2197 4783 Ο
2227 4738 2484 4784 constans
2515 4737 2568 4783 et
2600 4730 2761 4783 enixa
2787 4730 2960 4800 ipsius
2990 4745 3113 4785 cum
3172 4730 3280 4786 Deo
3313 4733 3442 4786 soli-

1868 4823 1995 4875 tudo
2023 4823 2035 4874 !
2070 4820 2250 4888 Quare
2283 4831 2339 4875 et
2372 4837 2495 4876 cum
2527 4821 2708 4877 tristia
2740 4821 3090 4889 conflictans,
3125 4840 3301 4892 neque
3343 4839 3441 4879 nos

1866 4931 2008 4983 saepe
2049 4917 2289 4984 aspicere
2323 4921 2533 4984 valens,
2571 4932 2747 4985 neque
2800 4919 2967 4972 alium
2989 4921 3081 4987 qui
3124 4919 3443 4988 spiritaliter

1870 5017 2158 5070 recrearet,
2198 5008 2418 5061 mcerori
2475 5008 2694 5072 cedens,
2747 5010 3092 5078 egressiones
3147 5012 3360 5078 aliquas
3390 5023 3441 5066 et

1867 5101 2332 5171 peregrinationes
2366 5100 2596 5155 faciebat
2630 5121 2644 5156 :
2679 5112 3051 5159 verumtamen
3089 5104 3141 5157 in
3183 5104 3267 5157 bis
3311 5106 3442 5172 ipsis

1868 5192 2165 5245 solemnem
2215 5206 2436 5260 precum
2476 5193 2720 5247 ordinem
2751 5205 3008 5250 accurate
3053 5197 3343 5253 observare
3383 5213 3441 5250 se.

1866 5281 2298 5335 demonstrabat.
2325 5282 2368 5336 0
2401 5282 2579 5336 diurni
2632 5285 2992 5354 nocturnique
3045 5285 3247 5341 laboris
3290 5303 3438 5341 sum-

1869 5389 1989 5427 mus
2020 5388 2171 5426 amor
2196 5374 2207 5425 !
2237 5372 2280 5427 Ο
2310 5373 2603 5442 digitorum
2627 5391 2688 5429 ex
2727 5394 2888 5446 opere
2925 5379 3173 5442 durities,
3197 5391 3249 5433 et
3285 5391 3442 5434 natu-

1871 5464 1998 5517 ralis
2027 5464 2330 5517 tcneritudo
2360 5465 2411 5517 in
2449 5468 2579 5520 corii
2603 5470 2953 5538 asperitatem
2990 5475 3289 5526 conversa!
3315 5475 3440 5544 quia

1868 5554 2118 5607 videlicet
2151 5569 2255 5608 non
2287 5569 2383 5623 pro
2402 5571 2458 5611 se
2482 5568 2716 5625 tantum,
2751 5561 2828 5628 (id
2856 5563 3000 5617 enim
3033 5564 3255 5620 minime
3278 5582 3440 5620 cura-

1865 5793 2095 5865 epist.__li
2125 5813 2137 5846 :
2165 5790 2414 5860 ἀνδρίζου
2443 5790 2534 5846 οὖν
2561 5795 2653 5847 καὶ
2681 5795 2863 5859 αὐτὸς.
2893 5797 3086 5864 ἀδελφὲ
3113 5797 3240 5865 κῦρι
3272 5794 3443 5851 Εὐθύ-

1867 5881 1957 5930 μιε
1987 5883 1998 5917 ;
2037 5861 2272 5917 γὶνὲιίιεν
2302 5879 2394 5929 age
2424 5875 2468 5915 et
2503 5875 2580 5926 ιιι,
2603 5868 2810 5919 domine
2837 5867 3005 5933 {mter
3030 5861 3301 5934 Eutﬂymi,
3334 5877 3435 5924 etc.
