3926 6430
546 383 657 447 899

1731 390 1792 449 S.
1825 387 2216 448 THEODORI
2261 389 2607 452 STUDI‘I‘A’.‘

3681 381 3774 443 900

548 494 686 563 bat),
713 492 806 550 sed
834 507 932 564 pro
965 493 1133 549 totius
1164 492 1275 550 fere
1306 495 1542 551 coenobii
1566 496 1904 553 indumentis
1929 512 2100 568 opera

2222 499 2303 551 ὅτι
2335 500 2470 566 πρὸς
2497 501 2558 553 τὸ
2602 498 2801 568 ἐαυτὴν
2856 496 3119 568 ἐπαρκεῖν
3175 491 3554 567 ἐργαζομένης
3606 491 3774 562 (τοῦτο

545 583 730 651 batur,
767 593 825 639 ut
854 599 950 640 vos
977 584 1251 641 auditores
1281 586 1457 642 scitis.

617 854 704 907 l2.
742 852 1043 922 Singularis
1074 852 1274 923 quippe
1323 851 1376 908 in
1409 853 1511 910 hoc
1559 853 1757 910 femina
1786 854 1888 911 fuit
1918 867 2110 928 praeter

544 953 734 1000 Caetera
778 984 792 1008 ,
845 945 917 998 ita
957 954 1015 998 ut
1065 944 1112 1000 si
1142 960 1246 1015 qua
1287 944 1340 998 in
1381 960 1436 999 re
1503 946 1824 1016 reprehendi
1857 957 1914 1002 ut
1947 948 2109 1003 homo

545 1040 738 1100 potest,
764 1031 889 1086 hinc
912 1046 1039 1085 ansa
1090 1032 1400 1100 arripiatur,
1423 1041 1583 1101 atque
1607 1049 1674 1087 ex
1708 1035 1914 1104 reliquo
1957 1035 2106 1105 ejus-

543 1120 661 1175 dem
691 1137 818 1191 erga
849 1122 1098 1176 virtutem
1136 1122 1348 1177 fervore
1376 1141 1391 1186 ;
1446 1139 1554 1193 quo
1601 1124 1760 1180 ﬁebat
1789 1127 2109 1196 plerumque

541 1213 833 1267 vehemens
859 1223 912 1267 et
940 1215 1101 1268 nimia
1131 1231 1257 1285 erga
1293 1215 1470 1269 socias
1495 1232 1742 1273 aseeseos
1775 1235 1838 1273 ac
1863 1220 2106 1274 subditas

539 1305 800 1360 exactrix.
847 1303 960 1360 [mo
991 1315 1044 1360 et
1084 1306 1363 1362 iracundia
1407 1311 1836 1365 suecendebatur
1863 1312 1916 1365 in
1961 1311 2107 1367 defe-

538 1396 715 1450 ctibus
761 1395 876 1451 sive
923 1413 1184 1466 operum,
1223 1402 1337 1455 sive
1390 1401 1837 1470 psalmodiarum,
1890 1405 2003 1460 sive
2037 1407 2104 1460 ad

537 1487 707 1543 ollicia
741 1490 1081 1547 assiduitatis
1114 1508 1128 1556 ;
1161 1507 1394 1562 raroque
1442 1493 1495 1547 in
1541 1494 1625 1549 his
1654 1510 1680 1546 a
1710 1496 1962 1564 quapiam
2011 1512 2104 1551 su-

545 1581 836 1648 perabatur
867 1622 883 1646 ,
921 1583 1286 1652 soeordesque
1347 1585 1606 1653 urgebat,
1638 1595 1690 1639 et
1716 1587 1886 1656 alapis
1938 1587 2099 1642 etiam

536 1671 960 1742 inobsequentes
1004 1674 1274 1744 pulsabat.
1313 1674 1416 1729 Sed
1453 1686 1629 1730 tamen
1667 1677 1746 1731 sic
1795 1679 1958 1732 etiam
1989 1695 2104 1733 ma-

536 1762 617 1831 gis
657 1764 1002 1833 diligebatur,
1035 1780 1198 1834 quam
1230 1765 1304 1818 illi
1333 1764 1425 1834 qui
1458 1767 1576 1835 plus
1607 1765 1774 1820 nimio
1818 1767 2101 1836 indulgen-

2213 589 2319 658 γάρ
2353 591 2578 660 μηδενὸς
2607 592 2765 659 λόγου
2794 590 2934 660 πρὸς
2957 589 3176 659 αὐτῆς),
3213 587 3348 641 ἀλλὰ
3380 585 3474 640 καὶ
3523 586 3663 654 πρὸς
3721 587 3776 638 τὸ

2209 681 2329 733 ὅλον
2351 682 2616 736 κοινύδιον
2657 681 2840 752 σχεδὸν
2873 681 3224 744 ὲνδιδύσκειν,
3258 679 3333 742 ὡς
3360 674 3680 740 ἐπίστασθε,
3730 679 3774 729 oi

2209 772 2503 837 ἀκούοντες
2527 774 2659 843 (15).

2282 866 2369 935 ιβ’.
2400 865 2510 917 Καὶ
2543 866 2650 934 γὰρ
2683 864 2806 933 ξένη
2830 881 2916 926 τις
2944 861 3052 916 τῶν
3085 858 3360 928 γυναικῶν
3379 859 3436 910 ἐν
3463 859 3644 930 τούτῳ
3667 857 3775 926 ὦφ-

2211 952 2275 1023 θη
2329 953 2467 1022 μετὰ
2488 953 2595 1005 τῶν
2629 953 2801 1006 ἄλλων
2821 968 2836 982 °
2867 952 3007 1005 ὥστε
3062 949 3157 1002 καὶ
3181 947 3234 1000 ετ
3256 965 3309 1000 τι
3359 947 3434 1009 ὼς
3493 947 3776 1016 ἄνθρωπον

2209 1045 2376 1116 αὐτὴν
2401 1045 2513 1098 ἐστι
2555 1045 2880 1115 μωμεῖσθαι,
2910 1041 3158 1096 ἐντεῦθεν
3184 1039 3284 1102 τὰς
3316 1040 3572 1109 ἀφορμὰς
3604 1056 3776 1108 προσ-

2209 1138 2368 1201 εῖναι,
2436 1136 2531 1189 καὶ
2554 1137 2617 1188 ἐκ
2641 1137 2738 1205 τῆς
2773 1135 2936 1205 ἄλλης
2965 1132 3137 1200 αὐτῆς
3175 1130 3300 1201 περὶ
3333 1129 3399 1184 τά
3453 1130 3599 1183 καλὰ
3659 1130 3780 1200 θερ-

2211 1226 2463 1296 μότητος,
2497 1226 2816 1296 ἐπιτατικὴν
2842 1226 2919 1288 ὼς
2955 1223 3026 1277 τὰ
3058 1221 3228 1275 πολλὰ
3269 1220 3436 1274 οὖσαν
3487 1221 3777 1291 ἀκριϐολοκ

2206 1337 2302 1388 γου
2313 1320 2479 1390 μένην
2505 1320 2640 1391 πρὸς
2669 1319 2766 1382 τὰς
2796 1317 3240 1385 συνασκουμένας
3265 1314 3614 1384 ὑποχειρίους
3634 1352 3650 1376 ,
3689 1316 3778 1366 καὶ

2207 1409 2558 1479 θυμουμένην
2587 1408 2731 1460 ἐστιν
2756 1407 2844 1460 ὅτε
2883 1407 2941 1459 ἐν
2998 1407 3118 1467 ταῖς
3156 1403 3459 1474 ἐλλείψεσιν
3511 1403 3623 1456 εἴτε
3671 1403 3778 1454 τῶν

2204 1498 2401 1568 ἔργων,
2439 1499 2547 1550 εἴτε
2573 1496 2680 1549 τῶν
2708 1494 3056 1566 ψαλμῳδιῶν,
3079 1495 3186 1546 εἴτε
3204 1493 3314 1546 τῶν
3345 1492 3769 1563 παραστάσεωνθ

2202 1589 2276 1651 ὡς
2303 1589 2394 1641 καὶ
2425 1588 2718 1659 νικηθῆναι
2744 1589 2912 1656 αὐτὴν
2947 1586 3006 1639 οὐ
3034 1584 3313 1647 πολλάκις,
3362 1583 3576 1652 ὠθῆσαί
3605 1599 3668 1635 τε
3692 1599 3778 1634 νυ-

2205 1679 2526 1743 σταζούσας,
2556 1678 2589 1748 ἢ
2621 1679 2715 1731 καὶ
2749 1678 2973 1747 ῥαπίσαι
3021 1675 3383 1745 ἀνηκοούσας.
3453 1674 3651 1752 Ἀλλὰ⁵
3685 1677 3778 1727 καὶ

2203 1769 2300 1821 εἴθ’
2327 1770 2495 1834 οὕτως
2523 1764 2636 1840 εἶχε
2672 1771 2731 1822 τὸ
2759 1769 3076 1837 ἀγαπᾶσθαι
3111 1768 3313 1837 μᾶλλον
3333 1765 3474 1836 ὑπὲρ
3507 1767 3641 1829 τοὺς
3660 1765 3779 1818 λίαν

533 1860 614 1907 tes
655 1862 826 1920 sunt;
880 1855 1005 1924 quia
1070 1871 1177 1909 non
1230 1855 1332 1909 nisi
1394 1857 1524 1910 recti
1553 1856 1786 1926 bonique
1820 1872 2003 1912 amore
2032 1859 2097 1912 iis

2206 1834 2608 1932 ὀμαλωτάτους,
2637 1862 2726 1914 διὰ
2756 1834 2818 1914 τδ
2849 1863 2907 1928 ἐξ
2933 1834 3138 1929 ἀγαθοῦ
3165 1860 3335 1929 αὐτὴν
3359 1834 3628 1911 κινεῖσθαι
3645 1859 3782 1929 πρὸς

531 1944 774 1998 motibus
811 1945 1236 2014 percellebatur:
1262 1945 1498 2014 alioquin
1529 1961 1752 2015 prorsus
1790 1947 1858 2000 ab
1897 1947 1981 2001 his
2007 1948 2100 2001 ab-

530 2034 777 2099 b0rrens,
810 2043 862 2089 et
897 2035 1124 2089 subesse
1152 2035 1272 2090 aliis
1303 2034 1599 2104 deposcens
1629 2054 1642 2089 :
1674 2035 1887 2090 interim
1929 2036 2095 2090 Deum

530 2126 634 2180 sibi
669 2125 1074 2180 misericordem
1108 2125 1424 2195 implorans,
1453 2126 1591 2180 sicut
1619 2142 1718 2180 nos
1747 2128 1868 2182 aliis
1896 2129 2100 2197 pariter

529 2219 921 2274 condonamus.
972 2217 1181 2288 Reapse
1224 2228 1347 2289 post
1385 2217 1596 2274 Patrem
1625 2220 1975 2292 (Platonem)
2005 2237 2101 2276 cu-

529 2310 705 2366 stodia
749 2311 1038 2375 inclusum,
1073 2310 1209 2365 adeo
1248 2311 1381 2364 mihi
1423 2311 1494 2366 ob
1531 2327 1686 2366 suam
1740 2314 2101 2367 humilitatem

532 2403 773 2473 Subiecta
809 2412 945 2466 erat,
974 2418 1138 2471 seque
1163 2403 1217 2456 in
1251 2403 1573 2470 obsequium
1609 2403 1926 2467 tradiderat,
1962 2415 2021 2458 ut
2049 2414 2102 2460 et

531 2492 790 2549 famulam
817 2509 874 2548 se
907 2493 1220 2561 appellaret,
1251 2502 1306 2546 et
1328 2493 1560 2561 indignis
1592 2492 1818 2561 pedibus
1846 2496 1981 2549 meis
2005 2495 2102 2549 ad-

536 2585 881 2646 volveretur,
937 2591 991 2638 et
1032 2582 1211 2636 cordis
1257 2597 1454 2636 arcana
1500 2583 1629 2636 mihi
1677 2582 2018 2652 patefaceret,
2051 2593 2105 2640 et

539 2676 851 2730 nullatenus
900 2690 930 2728 a
984 2675 1118 2729 meis
1166 2676 1492 2744 praescriptis
1525 2675 1846 2731 discederet.
1893 2676 2105 2733 Pudore

534 2766 701 2834 igitur
731 2768 891 2819 miser
915 2779 1014 2835 ego
1045 2765 1347 2828 sull'undor,
1367 2767 1579 2836 quoties
1607 2778 1798 2836 reputo
1828 2770 2102 2838 quomodo

535 2857 624 2911 illa
684 2869 794 2911 me“
831 2858 1111 2910 dominum
1178 2868 1492 2926 patremque
1535 2858 1862 2924 nominaret,
1889 2869 1940 2914 et
1965 2874 2102 2929 quo-

533 2950 693 3004 rnodo
725 2964 809 3004 me
848 2949 1073 3014 coleret,
1101 2964 1344 3004 amorem
1377 2949 1561 3002 timori
1607 2948 1916 3005 admiscens
1942 2991 1955 3014 ,
2009 2966 2103 3005 ne-

532 3057 640 3112 que
664 3050 722 3096 tit
760 3051 952 3106 mater,
976 3041 1068 3096 sed
1103 3051 1157 3095 ut
1203 3042 1308 3094 lilia
1347 3056 1551 3095 morem
1589 3053 1822 3110 gereret.

599 3132 689 3186 15.
728 3130 995 3186 Przterea
1045 3133 1126 3186 lex
1162 3133 1235 3185 illi
1293 3132 1374 3184 vel
1398 3133 1554 3186 limes
1592 3133 1936 3188 continentia:
1980 3132 2099 3198 fuit,
2130 3166 2171 3223 ρ

527 3239 804 3295 nunquam
834 3225 1115 3279 comedere
1143 3224 1208 3278 ad
1244 3225 1542 3278 satietatem
1580 3224 1704 3278 :sed
1739 3231 1915 3279 tamen
1943 3226 2098 3281 cibo-

529 3330 645 3368 rum
682 3314 1005 3385 qualitatem
1068 3329 1316 3370 coercere
1368 3331 1462 3386 per
1505 3315 1865 3370 obedientiam
1910 3317 1957 3371 ei
1989 3332 2097 3372 non

526 3404 882 3470 licebat;etsi
917 3406 971 3459 in
1009 3406 1111 3460 hoc
1159 3422 1486 3476 magnOpere
1534 3410 1888 3477 repugnabat,
1927 3424 2099 3480 neque

525 3497 874 3552 exaudiebat.
946 3496 1122 3552 Semel
1164 3499 1346 3568 itaque
1397 3501 1448 3552 in
1519 3500 1606 3554 die
1647 3501 1964 3554 vescebatur
1996 3542 2010 3567 ,
2046 3512 2100 3557 et

525 3588 744 3655 quidem
787 3588 928 3643 circa
987 3589 1121 3643 solis
1158 3602 1411 3643 occasum
1455 3589 1773 3659 plerumque
1811 3631 1825 3654 ,
1877 3607 2098 3647 sumens

527 3686 741 3732 tenuem
773 3688 827 3731 et
875 3679 1174 3747 simplicem
1225 3679 1339 3733 sine
1377 3680 1494 3733 oleo
1528 3681 1761 3750 vinoque
1799 3683 2007 3737 cibum.
2034 3681 2100 3736 Et

528 3769 796 3834 siquando
834 3770 988 3824 statis
1004 3771 1196 3825 diebus
1221 3772 1486 3840 jejunium
1513 3774 1816 3840 omittebat,
1844 3792 1947 3829 non
1970 3791 2100 3832 sane

531 3862 596 3915 ad
633 3862 1003 3931 repletionem,
1057 3863 1147 3916 sed
1194 3878 1384 3931 parum
1449 3866 1577 3933 quid
1621 3865 1872 3935 brevique
1929 3868 2099 3938 degu-

527 3961 722 4018 stans,
767 3957 892 4009 satis
927 3955 974 4008 ei
1044 3963 1179 4008 erat.
1247 3953 1528 4025 Religiosae
1587 3972 1718 4011 vero
1772 3961 2103 4029 paupertatis

526 4043 915 4099 demonstratio
942 4057 1074 4110 erat,
1105 4047 1245 4115 quod
1274 4046 1404 4099 nihil
1441 4048 1662 4103 omnino
1697 4049 1954 4115 habebat,
1989 4067 2096 4105 non

530 4134 808 4200 famulam,
847 4153 952 4190 non
1007 4154 1199 4192 aurum
1244 4149 1615 4209 argentumve,
1662 4156 1832 4211 neque
1880 4142 2102 4196 munda-

529 4242 658 4280 num
678 4227 902 4297 aliquid,
941 4231 1034 4283 sed
1074 4230 1391 4284 vestimenta
1424 4233 1659 4293 cilicina,
1687 4243 1739 4287 et
1772 4236 2099 4304 paupercula

528 4321 636 4374 duo
663 4329 987 4391 tegumenta.
1018 4320 1142 4377 H336
1171 4324 1361 4377 mortis
1390 4340 1552 4378 causa
1574 4327 1703 4379 mihi
1730 4337 1783 4380 et
1810 4327 1961 4382 fratri
1994 4330 2098 4383 lar-

527 4415 634 4486 gita
656 4453 671 4477 ,
692 4416 902 4469 caeteris
931 4416 1219 4482 sepultura:
1241 4417 1546 4479 reservatis,
1576 4417 1654 4470 sic
1682 4419 1817 4471 nuda
1847 4421 2099 4474 substan-

2197 1949 2388 2016 ταῦτα,
2415 1952 2510 2004 καὶ
2541 1951 2768 2007 πάντοτε
2792 1950 3241 2018 ἁπογινώσκουσα
3282 1951 3375 2002 καὶ
3393 1947 3629 2018 ζητοῦσα
3649 1948 3782 2001 ὐπο-

2199 2043 2529 2097 τάσσεσθαιο
2565 2045 2661 2098 καὶ
2690 2041 2881 2112 μέντοι
2944 2042 3030 2094 διὰ
3061 2041 3222 2094 τοῦτο
3274 2041 3365 2093 τὸν
3413 2039 3547 2093 Θεὸν
3608 2039 3783 2092 ίλεουο

2203 2135 2360 2204 μένη,
2397 2135 2473 2196 ὡς
2526 2135 2688 2204 ἡμεῖς
2749 2132 2905 2186 αὐτοὶ
2965 2131 3066 2195 τὰς
3126 2131 3502 2201 συγχωρήσεις
3555 2129 3795 2190 εἰκότως·

2200 2225 2529 2296 ἐποιούμεθα
2549 2243 2562 2256 ·
2596 2226 2688 2278 καὶ
2713 2226 2820 2296 γὰρ
2852 2225 2986 2294 μετὰ
3014 2223 3111 2294 τὴν
3125 2222 3404 2295 κάθειρξιν
3430 2220 3524 2274 τοῦ
3564 2221 3784 2292 Πατρὸς

2199 2318 2449 2372 τοσοῦτον
2484 2319 2727 2388 ὑπετάγη
2769 2335 2870 2386 μου
2905 2319 2972 2387 τῇ
3003 2316 3333 2368 ταπεινώσει
3369 2315 3461 2366 καὶ
3524 2313 3783 2366 ἐπιδέδω-

2203 2428 2298 2464 κεν
2333 2414 2412 2472 εἰς
2439 2410 2711 2479 ὑπακοὴν,
2745 2410 2886 2464 ὥστε
2919 2409 3013 2460 καὶ
3035 2393 3239 2476 ’δούλην
3267 2407 3464 2473 ἑαυτὴν
3489 2405 3782 2474 ὀνομάζειν

2203 2501 2297 2555 καὶ
2328 2501 2435 2552 τῶν
2466 2500 2702 2564 ἀναξίων
2719 2516 2817 2568 μου
2843 2498 3018 2551 ποδῶν
3049 2489 3782 2566 ὲφάπτεσθαι,ἐξαγορεύειν

2205 2611 2262 2647 τε
2296 2594 2364 2648 τά
2404 2595 2622 2664 κρυπτά
2651 2593 2752 2662 τῆς
2788 2591 3037 2662 καρδίας,
3067 2594 3162 2644 καὶ
3189 2592 3270 2652 εἰς
3323 2591 3431 2642 πᾶν
3468 2588 3654 2641 ὁτιοῦν
3705 2589 3777 2658 μὴ

2203 2685 2521 2738 ἀντιτείνειν
2565 2685 2672 2737 τῶν
2719 2685 3126 2752 ἐπιταγμάτων.
3165 2681 3360 2744 Αἰδοῦς
3407 2680 3593 2734 τοίνυν
3643 2682 3780 2748 πλη-

2206 2778 2404 2850 ροῦμαι
2436 2777 2612 2846 ἔγωγε
2642 2779 2670 2830 ὁ
2703 2776 2869 2839 τάλας
2891 2775 3082 2838 ὁσάκις
3120 2776 3184 2828 ἂν
3217 2775 3312 2828 καὶ
3363 2773 3781 2843 ἀναλογίσωμαι

2203 2873 2349 2934 ὅπως
2385 2872 2443 2924 τέ
2467 2888 2532 2941 με
2557 2869 2803 2940 ὠνόμαζε
2836 2869 3024 2940 κύριον
3058 2867 3154 2920 καὶ
3193 2867 3432 2936 Πατέρα,
3489 2865 3587 2920 καὶ
3633 2866 3783 2926 ὅπως

2204 2964 2426 3017 ἐσέϐετο
2456 2964 2775 3034 συμμίξασα
2805 2962 2881 3033 τῷ
2909 2961 3059 3032 φόϐῳ
3095 2961 3185 3013 τὸν
3219 2958 3404 3025 πόθον,
3438 2959 3533 3012 καὶ
3559 2957 3661 3028 οὐχ
3707 2957 3781 3018 ὡς

2207 3055 2412 3124 μήτηρ,
2455 3054 2568 3106 ἀλλ’
2593 3053 2667 3116 ὡς
2698 3055 2885 3107 τέκνον
2921 3049 3315 3124 πειθαρχοῦσα.

2277 3152 2364 3210 ιγ’.
2395 3145 2535 3214 Πρὸς
2562 3144 2734 3197 ταῦτα
2771 3144 3096 3214 ἐγκρατείας
3127 3144 3222 3213 μὲν
3249 3143 3392 3212 ὅρον,
3449 3139 3510 3193 τδ
3565 3141 3642 3213 μὴ
3703 3143 3783 3202 είς

2203 3237 2362 3307 κόρον
2393 3240 2588 3303 φαγεῖν
2623 3234 2767 3306 εἶχεν
2790 3254 2804 3268 ·
2833 3239 2930 3305 τὴν
2956 3237 3010 3290 δὲ
3043 3238 3303 3306 ποιότητα
3325 3237 3433 3289 τῶν
3465 3236 3783 3307 βρωμάτων

2201 3330 2533 3399 συστεῖλαιή
2572 3329 2814 3399 ὑποταγὴ
2846 3330 2944 3382 οὐκ
3012 3331 3097 3382 εία
3122 3367 3137 3392 ,
3175 3329 3377 3398 καίπερ
3446 3329 3779 3397 προσκειμέ-

2198 3443 2296 3495 νην
2327 3423 2602 3478 ἐπὶτοῦτο
2633 3424 2876 3494 σφοδρῶς
2898 3463 2912 3486 ,
2947 3422 3039 3476 καὶ
3070 3422 3143 3492 μὴ
3190 3421 3643 3489 εἱσακουομένην.
3669 3415 3781 3471 Ἦν

2197 3515 2378 3569 τοίνυν
2421 3514 2798 3584 μονοσιτοῦσα,
2837 3513 2932 3566 καὶ
2971 3511 3108 3583 πρὸς
3137 3510 3288 3563 δύσιν
3313 3509 3406 3562 τοῦ
3437 3509 3587 3579 ἡλίου
3609 3510 3688 3572 ὼς
3713 3511 3784 3561 τὰ

2201 3608 2391 3671 πολλὰ,
2431 3606 3091 3678 μεταλαμϐάνουσαλιτήν
3121 3621 3242 3657 τινα
3274 3604 3366 3657 καὶ
3394 3604 3627 3672 σχέδιον,
3691 3604 3783 3656 άν-

2199 3697 2376 3750 έλαίον
2413 3715 2470 3750 τε
2494 3698 2588 3751 καλ⁸
2606 3699 2783 3752 ἄοινον
2809 3697 2904 3769 τὴν
2931 3697 3140 3768 τροφήν
3168 3711 3182 3724 ·
3217 3694 3322 3747 κᾶν
3356 3693 3517 3745 ὁπότε
3549 3693 3606 3746 δὲ
3640 3711 3779 3746 κατ-

2198 3789 2352 3842 έλυεν
2387 3793 2443 3842 ἐν
2509 3792 2629 3852 ταῖς
2655 3790 2990 3860 ὡρισμέναις
3024 3787 3280 3859 ἡμέραις,
3318 3786 3378 3838 οὐ
3445 3785 3584 3837 κατὰ
3644 3786 3786 3853 πλη·

2202 3882 2426 3952 σμονὴν,
2463 3880 2520 3947 ἐξ
2549 3882 2728 3950 ὀλίγου
2751 3883 2806 3934 δὲ
2850 3881 2947 3934 καὶ
2996 3882 3138 3934 κατά
3177 3879 3372 3950 μικρὸν
3421 3877 3782 3945 λαμϐάνουσα

2199 3974 2464 4042 ἠρκεῖτο·
2514 3973 2902 4044 ἀκτημοσύνης
2936 3973 2992 4025 δὲ
3021 3973 3239 4042 δεῖγμα,
3292 3971 3353 4023 τὺ
3407 3969 3576 4038 μηδὲν
3630 3969 3783 4038 ἔχειν

2201 4061 2388 4128 αὐτὴν,
2432 4062 2565 4129 μήτε
2598 4060 2974 4130 θεραπαινίδα,
3009 4062 3142 4128 μήτε
3173 4059 3398 4130 χρυσίον
3427 4098 3440 4121 ,
3502 4056 3643 4125 μήτε
3676 4059 3778 4124 ἀρ·

2200 4151 2408 4220 γύριον,
2448 4150 2582 4220 μήτε
2612 4168 2662 4202 τι
2689 4151 2784 4203 τοῦ
2816 4152 3010 4214 αἰῶνος
3044 4149 3256 4216 τούτου,
3291 4150 3324 4220 ἢ
3368 4147 3527 4219 μόνον
3559 4147 3630 4200 τά
3653 4149 3779 4216 τρί-

2200 4259 2327 4312 χινα
2386 4243 2549 4312 ῥάκια
2604 4241 2639 4295 ἂ
2700 4241 3095 4312 περιϐἐὸλητο,
3145 4240 3238 4294 καὶ
3266 4241 3334 4293 τὰ
3389 4239 3480 4293 δύο
3539 4240 3785 4309 πενιχρᾶ

2202 4336 2568 4404 σκεπάσματα
2602 4333 2736 4404 (l6).
2780 4332 2996 4403 Ἀμέλει
3046 4331 3225 4385 τοίνυν
3282 4333 3368 4385 ὅτε
3409 4329 3779 4388 ἀπετελεύτα,

2201 4426 2324 4495 ἐμοί
2351 4445 2408 4480 τε
2437 4428 2530 4480 καὶ
2554 4425 2632 4497 τῷ
2660 4424 2874 4494 ἀδελφῷ
2929 4423 3248 4493 διανείμασα
3310 4423 3502 4484 ταῦτα,
3569 4422 3669 4475 καὶ
3718 4423 3784 4473 τὸ

527 4506 617 4560 tiis
650 4515 700 4560 et
731 4506 917 4560 mundi
967 4507 1264 4573 allectibus,
1292 4509 1410 4561 laata
1466 4518 1723 4577 tanquam
1781 4511 1845 4562 ad
1875 4514 2090 4581 propria

2206 4517 2381 4569 λοιπὸν
2417 4520 2495 4580 εἰς
2521 4515 2884 4586 ὲνταφιασμδν
2948 4514 3161 4583 ἔχουσα,
3203 4513 3375 4578 οὕτως
3436 4515 3623 4584 γυμνὴ
3683 4519 3784 4567 καὶ

527 4593 879 4663 proﬁciscens
937 4597 1099 4650 rebus
1153 4598 1401 4652 humanis
1452 4601 1705 4664 excessit,
1747 4600 1882 4656 bene
1936 4605 2093 4660 nobis

528 4687 924 4757 salubriterque
979 4699 1228 4758 precata,
1288 4705 1577 4759 praaseules
1618 4711 1832 4765 quoque
1902 4713 2095 4754 omnes

527 4781 706 4834 crucis
756 4781 1001 4851 symbolo
1058 4782 1313 4852 signans;
1349 4801 1469 4838 nam
1516 4787 1673 4841 multi
1732 4791 1935 4844 inventi
1968 4799 2094 4846 sunt

529 4872 601 4928 ibi
633 4873 845 4940 fratres,
876 4874 993 4942 ejus
1017 4875 1223 4929 obitum
1247 4879 1564 4947 spectaturi.

599 5138 683 5190 H.
718 5136 844 5200 Sed,
871 5154 904 5192 ο
935 5140 1241 5194 veneranda
1272 5149 1325 5194 et
1377 5140 1839 5195 desideratissima
1897 5153 2086 5206 mater,

525 5229 592 5284 ad
620 5239 670 5284 te
697 5231 842 5284 enim
876 5246 1182 5285 sermonem
1241 5243 1519 5298 converto,
1554 5234 1730 5288 dulcis
1758 5234 1888 5288 mihi
1916 5251 2002 5290 res
2039 5246 2092 5290 et

599 5454 708 5520 (l5)
751 5454 810 5526 ld
850 5454 1081 5526 allirmat
1109 5453 1433 5510 Theodorus
1467 5456 1629 5510 etiam
1666 5457 1716 5510 in
1754 5457 1980 5526 cpistola
2016 5461 2082 5513 ad

527 5533 776 5583 matrem,
803 5525 896 5577 lib.
931 5541 989 5586 ll,
1020 5525 1070 5578 6.

597 5593 950 5713 ξΙίΊΰλιίὶοιιῐει·
978 5595 1287 5664 praedictam
1322 5595 1591 5651 Theodori
1621 5596 1684 5649 ad
1718 5607 1940 5651 matrem
1969 5599 2086 5668 epi-

528 5673 745 5715 stolam.

536 5803 544 5805 _
601 5733 713 5805 (l'i)
737 5735 952 5805 Auctor
987 5734 1258 5789 chronica:
1297 5750 1594 5805 synopseos
1628 5735 1763 5790 Vitre
1815 5739 2084 5794 'l‘heodori

535 5803 587 5853 in
623 5803 855 5855 editione
896 5804 1172 5858 Sirrnondi
1217 5808 1281 5857 ad
1316 5803 1403 5856 an.
1441 5805 1565 5867 795,
1606 5817 1753 5870 putat
1798 5807 2085 5862 (‘oislolam

2201 4611 2321 4671 ταῖς
2355 4608 2508 4672 ῦλαις
2531 4609 2627 4662 καὶ
2652 4610 2770 4670 ταῖς
2801 4606 2896 4660 τοῦ
2929 4607 3135 4675 κόσμου
3165 4605 3582 4676 προσπαθείαις,
3650 4608 3782 4676 χαίο

2204 4715 2370 4768 ρουσα
2425 4701 2518 4750 καὶ
2548 4698 2623 4761 ὡς
2655 4698 2791 4770 πρὸς
2832 4697 2901 4750 τὰ
2943 4698 3048 4750 ἴδια
3099 4695 3374 4766 χωροῦσα,
3408 4695 3782 4765 ἀπεδήμησεν

2195 4788 2261 4842 ἐκ
2288 4788 2394 4842 τῶν
2429 4789 2660 4853 ἐνθένδε,
2695 4788 3141 4859 ἐπιφθεγξαμένη
3168 4791 3299 4860 ἡμῖν
3352 4788 3618 4859 εὐκτήρια
3680 4789 3781 4840 καὶ

2195 4877 2459 4946 σωτήρια,
2486 4878 2579 4928 καὶ
2607 4878 3120 4960 κατασφραγίσασιὶ
3147 4879 3376 4930 ’ἑκαστον
3465 4877 3575 4929 τῶν
3629 4893 3782 4947 παρ’

2198 4967 2521 5035 ισταμένων,
2563 4967 2756 5036 ἐπειδὴ
2799 4969 2890 5020 καὶ
2923 4968 3109 5020 πολλοὶ
3134 4968 3241 5022 τῶν
3274 4969 3517 5037 ἀδελφῶν
3544 4968 3786 5040 εὑρέθηο

2195 5074 2295 5110 σαν
2324 5057 2586 5126 θεώμενοι
2611 5058 2709 5128 τὴν
2742 5058 2999 5128 κοίμησιν
3024 5060 3158 5128 (17).

2274 5150 2353 5202 ιδ’.
2427 5149 2636 5203 Ἀλλ’ὖ.)
2697 5151 2876 5221 μῆτερ
2938 5151 3212 5220 σεϐασμία
3270 5150 3363 5204 καὶ
3426 5151 3780 5222 πολυπόθητε

2202 5243 2359 5314 (πρὸς
2382 5244 2440 5296 σὲ
2464 5246 2570 5316 γάρ
2599 5245 3214 5314 είμιέπιστρεφόμενος,
3242 5245 3301 5296 τὸ
3337 5243 3508 5310 γλυκύ
3541 5260 3632 5313 μοι
3675 5247 3783 5297 καὶ

2189 5465 2255 5519 ad
2302 5474 2530 5518 matrem
2581 5464 2836 5532 scriptam
2880 5461 3049 5517 fuisse
3082 5474 3207 5532 ante
3256 5477 3409 5517 suam
3464 5460 3776 5529 profectio-

2193 5550 2311 5588 nem
2355 5536 2405 5588 in
2451 5531 2706 5587 exsiliunt
2759 5532 2824 5585 ad
2863 5533 3048 5586 urbem
3101 5531 3579 5595 Thessalonicam;
3619 5537 3772 5594 quod

2191 5606 2233 5658 si
2278 5606 2347 5658 ita
2377 5620 2433 5658 se
2467 5605 2710 5666 haberet,
2743 5601 3054 5656 Theoctista
3093 5617 3310 5671 quoque
3346 5617 3441 5668 per
3467 5602 3514 5653 id
3545 5609 3775 5671 tempus

2191 5675 2454 5737 obiisset;
2514 5674 2652 5742 quod
2708 5689 2737 5726 a
2795 5673 3022 5726 veritate
3083 5675 3253 5742 plach
3293 5671 3570 5742 abhorret.
3627 5671 3771 5724 Nam

2191 5743 2500 5799 Theoctista
2534 5741 2722 5797 eomes
2763 5743 2915 5796 illius
2948 5743 3158 5796 itineris
3189 5741 3297 5794 tilio
3332 5741 3457 5792 fuit.
