3926 6498
177 447 265 516 901
716 447 997 509 ORATIO
1021 447 1195 513 XIII.
1226 478 1294 489 -
1319 456 1701 520 LAUDATIO
1738 462 2125 524 FUNEBRIS
2152 462 2236 523 IN
2273 461 2594 524 MATREM
2627 461 2855 524 SUAM.

3301 465 3410 528 902

174 565 392 632 πρᾶγμα
418 561 512 615 καὶ
535 561 727 633 ὄνομα,
759 569 822 619 τὸ
873 568 1108 638 ποοητόν
1165 586 1258 639 μοι
1310 571 1404 622 καὶ
1451 571 1716 642 ἐράσμιον

1840 589 2039 641 nomen,
2061 575 2437 632 desiderabilis
2462 574 2825 644 amabilisque
2855 582 3205 644 conspectus,
3231 587 3410 630 mater

174 653 424 727 Θεώρημα
447 695 464 722 ,
495 655 530 724 ἡ
560 656 949 726 μητρότεκνος,
984 659 1185 729 μᾶλλον
1217 658 1274 712 δὲ
1314 658 1586 724 διτοτόκος
1624 677 1727 730 μου

173 746 442 818 διμήτηρ),
475 743 578 799 ποῦ
606 763 739 800 ποτε
782 749 930 818 ἡμᾶς
987 748 1384 814 ἀπολέλοιπας;
1441 749 1544 804 ποῦ
1599 767 1730 804 ποτε

176 841 631 910 μετακεχώρηκας
660 856 675 905 ;
713 839 791 908 πῆ
817 840 874 893 δέ
906 839 1286 911 μεθωρίσθης;
1333 841 1408 912 πῆ
1459 841 1514 895 δέ
1538 842 1634 895 καὶ
1672 842 1731 896 ἐν

175 931 332 993 ποίοις
361 932 549 993 τόποις
577 931 831 1002 ἐναυλίζῃ
857 948 871 995 ;
905 932 966 984 ἐν
999 931 1181 995 ποίαις
1205 931 1460 986 ἐπαύλεσι
1519 949 1732 1004 συγχωο

177 1021 408 1090 ριάζει;;
437 1022 708 1093 ὁπηλίκας
742 1023 1131 1089 κατοπτεύεις;
1172 1024 1274 1079 Τὸν
1329 1025 1441 1096 γὰρ
1494 1024 1732 1095 ἄρχοντα

175 1112 257 1165 τοῦ
284 1113 446 1184 ἀέρος
479 1112 670 1167 τούτου
689 1113 750 1167 εὖ
772 1109 887 1169 οῖδα
902 1116 965 1168 ἐκ
982 1117 1090 1169 τῶν
1111 1115 1330 1184 ἀγαθῶν
1357 1133 1448 1169 σου
1480 1116 1732 1187 πράξεων

178 1205 631 1276 ὑπερνικήσασαν,
669 1208 844 1260 ἐκεῖσε
878 1202 1017 1260 εἶναι
1047 1207 1175 1261 ἔνθα
1202 1207 1414 1278 ἀπέδρα
1434 1207 1590 1279 ὀδύνη
1638 1207 1732 1260 λύ-

178 1313 244 1366 πη
274 1299 367 1350 καὶ
399 1298 703 1367 στεναγμὸς
729 1342 743 1363 ,
806 1297 936 1352 ἔνθα
962 1299 1071 1352 τῶν
1112 1299 1287 1368 ἁγίων
1332 1299 1549 1354 πάντων
1583 1300 1734 1354 ἐστὶν

177 1387 608 1458 εὐφραινομένων
647 1391 682 1462 ἡ
732 1390 1030 1456 κατοικία,
1063 1390 1192 1445 ἔνθα
1249 1386 1384 1462 ἦχος
1429 1393 1524 1445 καὶ
1575 1392 1735 1462 χορὸς

176 1478 526 1548 ἑορταζόντων
560 1483 656 1534 καλ⁵
685 1481 1108 1552 ἀγαλλιωμὲνων
1136 1523 1152 1548 ,
1184 1483 1311 1537 ἔνθα
1333 1484 1428 1537 καὶ
1460 1485 1510 1537 oi
1562 1484 1734 1538 κοινοὶ

177 1570 320 1637 ἡμῶν
346 1570 566 1642 ἀδελφοὶ
600 1572 694 1636 οὒς
755 1574 848 1626 καὶ
876 1573 1157 1646 ἐπόθησας
1205 1576 1300 1628 καὶ
1354 1580 1734 1644 συγκοινωνεῖν

178 1660 284 1730 ἥρω
309 1679 325 1694 ⁸
361 1663 487 1734 ἄρτι
529 1663 636 1733 γὰρ
661 1663 731 1716 τὰ
783 1665 1050 1734 ἰδιώματα
1094 1668 1192 1736 τῆς
1228 1667 1429 1737 σαρκὸς
1487 1667 1736 1737 παρόντα

179 1750 430 1824 διαφορὰν
467 1753 745 1808 ποιοῦνται
768 1756 868 1824 τῆς
909 1756 1285 1827 συμϐιώσεως.
1321 1759 1412 1828 Μὴ
1436 1758 1500 1830 δὴ
1545 1759 1737 1812 ἐπιλά-

180 1842 240 1915 ϐῃ
255 1844 412 1916 ήμῶν
426 1845 536 1898 τῶν
558 1845 666 1898 σῶν
697 1846 990 1917 ἐλαχίστων
1015 1848 1221 1903 τέκνων
1240 1865 1255 1882 ⁶
1283 1849 1382 1922 μὴ,
1405 1850 1730 1922 παρακαλῶο

1837 661 2000 718 simul
2039 674 2113 720 et~
2147 664 2278 728 ﬁlia,
2329 678 2452 734 quae
2505 664 2589 719 bis
2621 678 2706 719 me
2735 663 3011 734 peperisti,
3041 663 3124 718 bis
3155 667 3406 734 genitrix,

1837 752 2059 808 ubinam
2095 769 2195 809 nos
2232 754 2500 825 reliquisti
2526 755 2550 808 2
2576 769 2812 824 quonam
2855 761 2914 809 tu
2961 754 3247 824 migrasti?
3273 771 3411 824 quos

1839 844 1894 899 in
1961 845 2095 901 ﬁnes
2155 847 2418 902 translata
2447 847 2759 916 esiquteve
2785 846 2899 900 loca
2965 862 3110 902 nunc
3165 848 3410 904 habitas?

1838 935 2037 1005 quibus
2068 934 2122 989 in
2164 936 2386 991 sedibus
2424 935 2969 1006 diversarisiquales
3021 952 3169 992 nunc
3224 947 3412 992 contn-

1839 1026 2090 1082 bernales
2117 1037 2330 1096 spectas
2359 1029 2384 1082 ?
2410 1027 2543 1081 Nam
2567 1028 2865 1096 principem
2895 1028 3112 1096 quidem
3139 1028 3281 1083 aeris
3313 1028 3416 1082 huc

1835 1117 1927 1188 jus
1955 1128 2103 1174 certo
2136 1119 2251 1174 scio
2282 1126 2335 1174 te
2366 1119 2523 1174 bonis
2560 1121 2669 1174 tuis
2694 1119 2953 1188 operibus
2983 1119 3271 1185 devicisse,
3303 1120 3407 1172 ibi-

1839 1224 1946 1279 que
1974 1218 2025 1263 te
2053 1223 2174 1263 esse
2227 1208 2366 1263 unde
2414 1209 2568 1263 dolor
2608 1217 2661 1262 et
2695 1224 2896 1263 maeror
2925 1218 2978 1262 et
3006 1208 3186 1264 luctus
3241 1223 3403 1262 essu-

1841 1297 1994 1352 lant:
2033 1297 2120 1352 ubi
2152 1308 2460 1355 sanctorum
2517 1298 2760 1352 omnium
2819 1298 3089 1352 incolatus
3119 1308 3200 1353 est
3228 1299 3414 1353 beato-

1841 1405 1961 1444 rum
1993 1409 2006 1444 :
2036 1390 2129 1445 ubi
2162 1391 2422 1462 strepitus
2478 1390 2793 1460 chorusque
2827 1390 3303 1445 solemnizantium
3340 1399 3417 1444 at-

1841 1496 1948 1550 que
1998 1481 2293 1536 laetantium
2324 1491 2406 1537 est
2437 1501 2450 1537 :
2481 1481 2571 1536 ubi
2624 1481 2792 1535 nostri
2851 1496 3168 1537 communes
3199 1480 3410 1546 fratres,

1841 1585 1981 1640 quos
1999 1580 2052 1625 et
2081 1572 2273 1625 amasti
2297 1580 2349 1625 et
2375 1579 2657 1626 consortes
2691 1571 2890 1626 habere
2911 1570 3205 1640 exoptasti.
3259 1570 3414 1624 Nunc

1842 1664 1985 1718 enim
2027 1671 2320 1732 praesentes
2367 1662 2546 1717 adhuc
2575 1664 2757 1718 carnis
2794 1664 3153 1733 proprietates
3219 1662 3416 1718 discri-

1841 1771 1966 1811 men
1993 1756 2276 1824 convictus
2303 1755 2563 1809 eﬂiciunt.
2596 1753 2781 1824 Neque
2807 1754 2912 1810 mei
2963 1755 3303 1810 obliviscaris
3353 1756 3417 1808 ﬁ-

1842 1846 2037 1900 liorum
2063 1855 2276 1900 tuorum
2304 1846 2510 1900 minimi
2537 1865 2550 1900 :
2577 1861 2665 1910 ne,
2703 1845 2943 1915 inquam,
2971 1859 3070 1900 oro
3100 1861 3412 1916 quaesoque,

181 1935 268 2006 μὴ,
289 1937 574 2003 ἀντιϐολῶ,
609 1937 683 2008 μὴ
707 1939 939 2011 ἐπιλήσῃ
967 1940 1061 1994 τοῦ
1095 1943 1348 2012 ποιμνίου
1381 1960 1473 1996 σου
1505 1943 1599 1997 τοῦ
1649 1961 1736 2015 μι-

1841 1937 2021 2008 pusilli
2051 1936 2228 2006 gregis
2258 1937 2336 1990 tui
2367 1951 2554 1991 curam
2581 1937 2800 1990 omittas
2830 1951 3006 2006 neque
3035 1936 3236 2007 magni.
3301 1933 3406 1989 Sed

178 2029 303 2100 κροῦ
334 2047 392 2082 τε
424 2031 516 2084 καὶ
543 2028 637 2082 τοῦ
666 2030 903 2100 μεγάλου
925 2047 940 2062 ο
997 2031 1131 2085 ἀλλά
1183 2034 1496 2104 παρρησίας
1541 2035 1736 2105 τυχοῦ-

179 2136 260 2185 σα,
306 2121 550 2175 πιστεύω
576 2120 620 2174 δ’
667 2123 749 2175 ὃτι
801 2123 897 2177 καὶ¹
947 2123 1375 2196 ἐπιτετύχηκας,
1446 2125 1605 2196 στῆθι
1642 2127 1739 2180 καὶ

180 2211 314 2266 ίλεοῦ
345 2213 439 2266 καὶ
485 2212 771 2277 ἐξιλάσκου
840 2214 1143 2285 προσεύχου
1174 2216 1270 2269 καὶ
1298 2216 1601 2287 ύπερεύχου
1646 2218 1739 2271 καὶ

181 2304 371 2371 μᾶλλον
400 2303 528 2374 ἄρτι
551 2305 973 2375 ἐκτενεστέρως,
1005 2306 1436 2373 παιδαγωγοῦσα
1466 2307 1561 2361 καὶ
1613 2325 1741 2378 στη-

180 2394 398 2462 ρίζουσα
426 2394 520 2447 καὶ
547 2392 862 2464 φρουροῦσα
899 2411 967 2464 με
999 2394 1090 2447 τὸν
1118 2394 1350 2447 δείλαιον
1395 2397 1502 2448 ἀπὸ
1571 2397 1736 2466 φόϐου

179 2483 571 2554 ἀμαρτητικοῦ,
612 2485 721 2538 ἀπὸ
751 2483 938 2554 βέλους
964 2486 1270 2556 πετομένου
1323 2486 1574 2557 ἀνομίας,
1630 2486 1740 2541 ἀπὸ

178 2574 349 2645 πάσης
385 2575 555 2643 ἄλλης
583 2575 848 2645 ἐπηρείας
876 2576 1197 2647 δαιμονικῆς
1216 2594 1230 2609 ο
1261 2579 1623 2649 ποιμαίνουσα
1643 2578 1741 2633 καὶ

180 2668 665 2736 συμποιμαίνουσα,
687 2667 955 2722 νύσσουσα
978 2669 1073 2721 καὶ
1097 2673 1740 2741 προσυπομιμνήσκουσα

175 2757 262 2812 διά
285 2758 518 2828 ψυχικῆς
548 2759 840 2823 ἐντεύξεως
859 2775 874 2790 ο
903 2760 1342 2832 ἐπισκεπτομένη
1376 2779 1434 2814 τε
1463 2763 1556 2815 καὶ
1577 2764 1741 2814 ἐπαν-

178 2849 472 2921 ορθουμένη
533 2851 818 2917 ἑκάστοτε,
843 2853 938 2906 καὶ
971 2852 1221 2924 Θεωμένη
1251 2853 1369 2916 πῶς
1415 2854 1736 2923 ἀνίσταμαι,

179 2941 292 3006 πῶς
313 2942 774 3014 κεκίνημαιψυχῇ
819 2961 878 2996 τε
928 2943 1023 2997 καὶ
1064 2943 1301 3014 σώματι,
1361 2945 1448 2998 ἵνα
1501 2945 1740 3016 παντοίῳ

181 3031 314 3101 λόγῳ
336 3031 712 3103 ῥυθμούμενος
743 3034 837 3086 καὶ
860 3032 1350 3103 καταρτιζόμενος,
1379 3033 1520 3086 κατά
1544 3035 1743 3086 σκοπόν

1846 2028 2188 2084 securitatem
2253 2028 2467 2096 adepta,
2496 2028 2660 2081 credo
2724 2027 2869 2083 enim
2923 2034 2974 2082 te
3027 2026 3117 2080 illa
3159 2027 3410 2098 politam.

1839 2119 2046 2181 adesto,
2093 2117 2332 2188 indulge.
2392 2117 2707 2188 propitiare.
2772 2114 2880 2171 Ora
2929 2125 2982 2171 et
3036 2131 3202 2172 exora
3269 2131 3413 2169 nunc

1839 2212 2073 2265 maxime
2100 2209 2340 2276 enixius;
2368 2208 2560 2280 dirige,
2591 2211 2766 2274 lirma,
2800 2207 3012 2264 custodi
3044 2223 3131 2263 me
3154 2209 3412 2262 miserum

1839 2318 1869 2357 a
1909 2301 2164 2371 peccandi
2213 2302 2474 2371 periculo,
2504 2317 2536 2357 a
2566 2302 2672 2357 telo
2719 2303 2932 2358 volante
2993 2301 3316 2373 iniquitatis,
3345 2302 3414 2355 ab

1841 2393 1988 2446 omni
2022 2393 2231 2461 reliquo
2284 2391 2485 2446 diaboli
2535 2403 2881 2448 nocnmento.
2914 2392 3083 2447 Pasce
3119 2406 3227 2458 me,
3257 2406 3412 2446 como

1843 2497 2024 2552 pasce,
2071 2497 2224 2552 urge,
2250 2497 2560 2548 commone,
2615 2483 2848 2552 spiritali
2898 2483 3183 2554 praesentia
3234 2482 3411 2542 visita.

1842 2573 2054 2643 corrige
2099 2573 2152 2626 in
2186 2571 2438 2641 singulis,
2470 2580 2634 2640 atque
2683 2571 2912 2626 observa
2963 2570 3237 2642 quomodo
3291 2587 3415 2625 sur-

1843 2678 1986 2731 gam,
2014 2664 2290 2732 quomodo
2315 2662 2529 2726 cubem,
2561 2663 2838 2732 quomodo
2869 2677 3099 2732 corpore
3123 2663 3416 2731 animoque

1843 2761 2316 2808 commovearzut
2363 2752 2693 2806 omnimodis
2745 2752 2985 2808 directus
3036 2761 3092 2807 et
3120 2752 3412 2823 perfectus,

1844 2861 1908 2901 ex
1937 2859 2128 2898 norma
2163 2843 2404 2898 veritatis
2435 2843 2712 2908 incedens,
2754 2842 2861 2898 Deo
2883 2844 3094 2911 placere
3129 2844 3273 2899 bono
3297 2845 3418 2898 vitae

1844 2937 2062 2991 tramite
2085 2951 2275 3005 queam
2306 2953 2321 3002 ;
2350 2943 2539 3005 etpost
2558 2936 2695 2989 lianc
2716 2936 2878 2988 vitam
2906 2936 3185 3005 impetrem
3213 2945 3267 2989 ut
3293 2952 3414 2990 eum

1847 3028 2072 3083 asseclis
2122 3027 2258 3082 meis
2312 3026 2414 3082 sub
2466 3037 2558 3081 tuo
2607 3027 2909 3097 patrocinio
2959 3027 3080 3082 liam
3112 3070 3127 3094 ,
3157 3038 3208 3082 et
3273 3029 3418 3082 ﬁlius

182 3139 238 3176 τε
267 3123 462 3193 βαίνων
492 3125 590 3193 τῆς
619 3124 900 3195 ἀληθείας,
932 3123 1122 3193 φθάσω
1168 3124 1488 3195 εὐαρεστεῖν
1521 3123 1640 3194 Θεῷ
1660 3123 1736 3177 διὰ

1848 3121 2109 3174 minimus
2139 3129 2314 3172 tecum
2341 3119 2539 3174 sortiar
2576 3119 2629 3172 in
2659 3119 2882 3173 dextera
2929 3118 3132 3174 Christi
3169 3119 3260 3173 Dei
3299 3135 3420 3172 nos-

183 3217 274 3285 τῆς
303 3214 511 3283 ἀγαθῆς
528 3215 877 3286 ἀφηγήσεως,
913 3215 1007 3268 καὶ
1027 3213 1174 3284 τύχω
1206 3214 1341 3285 μετά
1361 3214 1451 3268 τὸν
1472 3214 1597 3285 τῇδε
1637 3213 1736 3284 βίοι

1852 3212 1919 3266 tri
1941 3211 2258 3267 consistere.
2292 3211 2418 3266 Haec
2469 3225 2578 3276 me,
2619 3225 2652 3264 ο
2697 3210 2814 3275 lilii,
2840 3211 3019 3280 eIOqui
3049 3211 3248 3265 veritas
3293 3227 3419 3265 coe-

186 3305 276 3356 σὺν
297 3308 403 3368 τοῖς
437 3305 725 3374 ἑπομένοις
751 3323 839 3375 μοι
868 3307 971 3358 ὑπὸ
996 3307 1094 3376 τὴν
1120 3306 1325 3376 σκέπην
1349 3323 1442 3359 σου
1468 3301 1629 3372 εἶναι,
1659 3306 1736 3360 κα¹

1858 3306 1954 3376 git,
1993 3305 2258 3359 vobismet
2279 3305 2485 3358 scilicet
2525 3302 2650 3358 talia
2699 3301 2900 3358 cursim
2935 3319 3188 3373 perorare
3226 3321 3310 3358 me
3331 3303 3422 3374 ju-

185 3400 584 3468 συμμετασχεῖν
613 3414 706 3451 σου
742 3396 817 3460 ὡς
851 3397 1040 3450 τέκνον
1073 3397 1359 3468 ἐλάχιστον
1416 3399 1514 3468 τῆς
1561 3400 1627 3452 ἐκ
1665 3399 1752 3452 δε-

1859 3397 2130 3452 bentibus.

188 3487 300 3554 ξιὼν
330 3490 570 3563 Χριστοῦ
612 3490 706 3545 τοῦ
764 3490 901 3543 Θεοῦ
973 3491 1128 3563 ἡμῶν
1197 3493 1612 3562 παραστάσεως.
1667 3492 1853 3548 Ταῦτά
1892 3510 1983 3564 με,
2049 3492 2240 3558 τέκνα,
2307 3491 2619 3562 ἠνάγκασεν
2664 3491 2698 3562 ὴ
2747 3489 2971 3562 ἀλήθεια
3024 3489 3416 3562 διηγήσαστοαι

190 3586 274 3636 καὶ
319 3584 470 3655 ὑμῖν,
513 3583 665 3656 παρὰ
719 3583 902 3656 ρεῦσιν
944 3586 1012 3640 τά
1058 3585 1278 3639 τοιαῦτα
1313 3584 1643 3640 κελεύουσιν.
