3926 6436
643 521 1666 549 εει-Μ

1709 377 1766 435 S.
1805 370 2195 432 THEODORI
2221 371 2566 432 STUDITAE

3651 359 3748 422 904

1663 512 3730 548 W

3401 527 3724 538 ..ι-α*-

1609 659 2664 848 EPISTOLfE.

1857 886 2147 960 (δημίου.
2175 900 2230 957 p.
2268 885 2420 957 177.)

1365 1123 1503 1176 ΤΟΥ
1532 1121 1732 1176 0ΣίοΥ
1761 1121 2032 1174 ΠΑΤΡΟΣ
2055 1118 2250 1172 ΗΜΩΝ
2281 1116 2402 1170 ΚΑΙ
2437 1111 2902 1170 ΟΜΟΔΟΓΠΤΟΥ

1033 1243 1625 1333 ΘΕΟΔΩΡΟΥ
1664 1239 2363 1329 ΗΓΟΥΜΕΝΟΥ
2403 1239 2630 1326 ΤΩΝ
2687 1231 3244 1325 ΣΤΟΥΔΙΟΥ

1565 1391 2696 1529 ΕΠΙΣΤΟΛΑΙ.

1669 1705 2104 1792 ΒΙΒΛΙΟΝ
2157 1703 2611 1793 ΠΡΩΤΟΝ

637 1842 735 1900 ΕΚ
764 1849 897 1901 ΤΩΝ
920 1847 1278 1901 ΔΜΦΟΡΩΝ
1298 1845 1537 1900 ΑΥΤΟΥ
1561 1845 1959 1899 ΕΠΙΣΊῸΛΩΝ
1977 1846 2280 1900 ΕΚΛΟΓΗ
2306 1841 2448 1897 ΤΗΣ
2475 1845 2615 1896 ΠΡΩ
2629 1842 2764 1894 ΤΗΣ
2801 1841 2931 1894 ΚΑΙ
2954 1836 3340 1893 ΔΕΥΤΕΡΑΣ
3367 1829 3704 1888 ΕΞΟΡΙΑΣ.

1313 2074 1593 2136 SANC'l‘l
1643 2075 1926 2136 PATRIS
1955 2073 2244 2136 NOSTRI
2288 2074 2391 2136 ET
2429 2068 2970 2136 CONFESSORIS

1011 2231 1636 2326 THEODORI
1715 2230 2390 2324 PREPOSITI
2440 2223 3265 2326 S'I‘UDITARUM.

1617 2430 2680 2559 EPISTOL/E.

1681 2764 2033 2852 LIBER
2144 2761 2598 2852 PRIMUS

538 2931 641 2990 ΕΧ
669 2932 1022 2992 DIVERSIS
1053 2935 1231 2993 EJUS
1281 2935 1675 2994 EPISTOLIS
1712 2934 2145 3062 ρυιΰῡιέὒέῃῆλ

2213 2934 2418 3063 ig)?“
2477 2931 2562 2987 ΙΝ
2616 2927 2858 2984 PRIMO
2908 2926 3001 2981 ET
3055 2920 3400 2981 SECUNDO
3457 2919 3766 2977 EXSILIO

2108 3147 2175 3158 ...-

748 3223 827 3279 A'.
856 3255 924 3265 —
950 3223 1216 3280 Πλάτωνι
1244 3228 1621 3296 πνευματικῷ
1647 3233 1843 3300 πατρί,

2537 3232 2574 3282 1.
2611 3258 2680 3268 -—
2711 3225 2922 3280 Platoni
2963 3225 3105 3294 patri
3143 3224 3431 3293 spirituali.

537 3339 826 3390 Theodorus
850 3341 993 3389 exsul
1022 3339 1303 3401 Platonem,
1330 3344 1408 3392 vel
1433 3347 1599 3406 potius
1621 3346 1955 3470 subé’lattoqis
1981 3362 2208 3458 persiona,
2231 3345 2490 3457 mo'tzig‘cshos
2508 3357 2624 3468 9;th
2644 3344 2887 3403 hortatur,
2913 3353 2979 3391 ne
3008 3335 3299 3402 Imperatori
3319 3339 3548 3387 adultero
3568 3349 3780 3385 consen-

1753 3421 1812 3457 an
1841 3444 1854 3455 .
1959 3423 2076 3458 aron
2100 3423 2156 3458 us
2199 3422 2275 3458 an.
2406 3444 2418 3466 ,
2442 3419 2493 3454 n.
2560 3442 2570 3453 .

1753 3419 1854 3458 ant.
1896 3419 2156 3466 (Barontus
2199 3422 2275 3458 an.
2310 3419 2418 3466 Ἰδῧ,
2442 3419 2493 3454 n.
2526 3419 2570 3454 «Ι».

607 3505 819 3576 Quibus
889 3510 1070 3566 verbis
1123 3520 1174 3567 te
1213 3512 1499 3569 alfabimur
1524 3553 1540 3579 ,
1585 3515 1744 3572 Pater
1783 3518 2114 3584 dulcissime,

2291 3517 2356 3570 Τί
2391 3533 2496 3579 σοι,
2545 3507 2590 3567 ὧ
2633 3514 2816 3583 Πάτερ
2843 3511 3146 3581 γλυκύτατε
3179 3508 3360 3579 ἡμῶν,
3386 3503 3781 3577 προσφθεγξὼ-

539 3600 743 3656 sanctis
776 3601 1079 3658 visceribus
1123 3605 1234 3661 tuis
1262 3616 1482 3675 propter
1521 3606 1687 3662 Deum
1728 3611 1946 3665 orbati?
1976 3613 2106 3681 quid

542 3693 649 3745 laeti
698 3693 1041 3761 autjucundi
1093 3695 1419 3766 loquemur?
1452 3697 1637 3768 Neque
1680 3703 1824 3755 enim
1864 3702 2110 3758 luctuosa

542 3794 597 3838 et
637 3783 838 3846 tristia,
872 3786 1027 3853 quasi
1054 3787 1247 3840 acerbe
1272 3785 1508 3844 ferentes
1551 3790 1652 3845 hoc
1681 3794 1824 3859 quod
1859 3796 2107 3848 exsilium

543 3874 924 3939 existimatur;
974 3875 1120 3941 quod
1170 3891 1267 3930 nos
1304 3893 1331 3930 a
1368 3888 1419 3931 te
1453 3879 1745 3936 didicimus
1795 3897 1900 3936 non
1943 3899 2111 3952 agno-

542 3979 714 4026 scere.
757 3974 816 4020 ut
862 3966 954 4035 qui
1000 3966 1190 4020 incolae
1239 3968 1408 4022 simus
1448 3971 1713 4024 universae
1781 3980 1938 4026 terra:
1968 3990 1982 4026 :
2014 3973 2109 4028 sed

545 4054 675 4108 illud
722 4055 920 4119 solum,
966 4071 1076 4121 quo
1118 4057 1244 4125 quis
1290 4072 1317 4110 a
1374 4059 1481 4111 Deo
1526 4073 1621 4126 per
1664 4060 1953 4128 cujuslibet
1992 4062 2111 4130 ejus

543 4144 783 4197 mandati
827 4145 1330 4212 praevaricationem
1383 4145 1604 4210 excidit,
1635 4147 1902 4216 longeque
1943 4149 2112 4218 proji-

544 4234 708 4287 citur.
741 4231 1082 4302 Quapropter
1113 4235 1412 4303 gaudemus
1441 4249 1571 4289 sane
1598 4244 1653 4290 et
1672 4235 1939 4300 lzetamur,
1965 4239 2112 4308 quod

546 4323 794 4390 quamvis
829 4321 1036 4391 indigni
1060 4323 1198 4377 crelo
1230 4333 1282 4377 et
1314 4333 1455 4377 terra
1487 4324 1680 4388 simus,
1715 4334 1892 4379 tecum
1931 4335 2110 4382 tamen

546 4421 737 4466 sancto
786 4421 939 4480 patre
983 4422 1171 4467 nostro
1212 4414 1364 4484 digiti
1418 4415 1584 4468 habiti
1627 4431 1840 4476 sumus.
1880 4417 1971 4485 qui
2017 4433 2113 4485 pro

545 4504 664 4572 ejus
712 4503 970 4558 mandato
1024 4504 1137 4558 haec
1185 4515 1512 4575 pateremur,
1560 4517 1758 4576 tuaque
1811 4511 2111 4563 secundum

545 4609 769 4649 carnem
809 4596 1202 4649 consuetudine
1232 4597 1593 4664 privaremur.
1628 4597 1933 4667 Caeteroqui
1967 4601 2110 4654 enim

548 4685 828 4740 nobiscum
853 4701 1069 4754 semper
1091 4700 1168 4748 es,
1195 4696 1367 4754 pater,
1402 4686 1453 4739 in
1477 4689 1650 4742 oculis
1676 4697 1728 4742 et
1754 4705 1846 4742 ore
1870 4690 2110 4743 omnium

546 4787 818 4830 nostrum.
850 4776 915 4831 Et
945 4777 1038 4846 qui
1093 4777 1246 4830 aliter
1282 4777 1463 4832 vivere
1511 4779 1804 4847 possimus,
1848 4779 1952 4832 nisi
1991 4796 2018 4832 a
2063 4791 2113 4833 te

2222 3609 2383 3680 μεθα,
2428 3609 2477 3661 οἱ
2526 3605 3025 3678 ἀπορφανισθέντες
3055 3603 3143 3655 διὰ
3186 3602 3321 3654 Θεὸν
3359 3600 3465 3653 ἀπὸ
3514 3599 3627 3651 τῶν
3675 3598 3781 3650 σῶν

2211 3701 2380 3769 ἁγίων
2429 3700 2792 3768 σπλάγχνων;
2828 3698 2979 3748 ποῖον
3011 3694 3068 3746 δὲ
3109 3692 3438 3763 προσηνὲςῆ
3481 3689 3783 3762 περιχαρὲς

2210 3791 2436 3859 λέξομεν
2464 3807 2479 3854 ;
2513 3788 2632 3840 οὐδὲ
2667 3786 2775 3856 γὰρ
2807 3784 3060 3854 ὀδυρτικὰ
3081 3783 3173 3835 καὶ
3203 3781 3451 3852 θλισερὰ,
3485 3780 3783 3851 δυσχεραί-

2209 3897 2391 3942 νοντες
2442 3879 2539 3950 τὴν
2574 3876 2909 3947 δοκουμένην
2941 3874 3185 3944 ὲξορίαν·
3222 3873 3288 3945 ἢν
3319 3873 3479 3943 ἡμεῖς
3520 3872 3581 3924 οὐ
3623 3872 3784 3939 γινὼ-

2212 3988 2361 4024 σκειν
2392 3968 2750 4039 δεδιδὰγμεθα
2785 3965 2889 4021 ὑπὸ
2922 3965 3035 4018 σοῦ·
3069 3963 3212 4018 κατὰ
3231 3963 3293 4016 τὸ
3316 3963 3614 4030 παροίκους
3637 3963 3782 4033 ἡμᾶς

2210 4058 2351 4116 εἶναι
2391 4063 2570 4131 πάσης
2597 4063 2694 4129 τῆς
2721 4059 2846 4128 γῆς·
2876 4058 2910 4128 ἢ
2935 4057 3101 4128 μόνην
3138 4055 3235 4124 τὴν
3265 4055 3371 4108 ἀπὸ
3394 4054 3528 4107 Θεοῦ
3563 4054 3652 4107 διὰ
3683 4053 3782 4121 τῆς

2211 4156 2578 4227 παραϐάσεως
2611 4153 2709 4223 τῆς
2738 4151 3029 4206 ὁποιασοῦν
3059 4149 3280 4219 ἐντολῆς
3310 4146 3474 4202 αὐτοῦ
3505 4146 3784 4199 ἔκπτωσιν

2213 4250 2308 4302 καὶ
2354 4247 2571 4317 μακρὰν
2612 4244 2948 4316 ἀπορῤιφήν.
2979 4242 3070 4294 Διὸ
3115 4240 3382 4311 χαίρομεν
3425 4239 3515 4291 καὶ
3553 4237 3783 4306 εὐφραι-

2213 4339 2435 4409 νόμεθα,
2479 4339 2559 4391 ὅτι
2590 4336 2695 4390 κᾶν
2718 4335 2925 4398 ἀνάξιοί
2961 4335 3128 4400 ὲσμεν
3161 4329 3255 4384 τοῦ
3283 4327 3513 4400 οὐρανοῦ
3556 4329 3654 4381 καὶ¹
3681 4327 3784 4396 τῆς

2212 4429 2337 4498 γῆς,
2375 4429 2512 4495 πλὴν
2549 4428 2644 4478 σὺν
2681 4425 2764 4477 σοὶ
2800 4423 2876 4492 τῷ
2928 4423 3066 4492 ἁγίῳ
3107 4419 3262 4490 ἡμῶν
3295 4419 3466 4488 [Iath
3507 4418 3782 4488 κατηξιώ-

2215 4520 2390 4588 θημεν
2425 4518 2564 4584 ὑπὲρ
2613 4517 2713 4584 τῆς
2751 4513 2974 4581 ἐντολῆς
3019 4511 3182 4566 αὐτοῦ
3219 4508 3390 4562 ταῦτα
3437 4507 3654 4572 παθεῖν,
3688 4510 3784 4561 καὶ

2215 4609 2548 4680 στερηθῆναι
2586 4625 2678 4660 σου
2714 4607 2811 4676 τῆς
2847 4605 2990 4658 κατὰ
3020 4605 3199 4673 σάρκα
3234 4601 3549 4668 συναφείας.
3571 4599 3785 4661 ’Ἄλλως

2211 4701 2320 4771 γὰρ
2356 4699 2472 4769 μεθ’
2494 4698 2651 4768 ἡμῶν
2685 4693 2734 4750 εἴ
2762 4697 2871 4758 ἀεὶ,
2906 4695 3110 4763 Πάτερ,
3140 4692 3415 4763 ὁρώμενος
3454 4689 3550 4740 καὶ
3587 4689 3786 4741 συλλα-

2213 4793 2494 4861 λούμενος.
2527 4792 2634 4843 Καὶ
2661 4791 2778 4853 πῶς
2807 4789 2913 4859 γὰρ
2945 4788 3147 4856 ἑτέρως
3191 4784 3451 4855 ζήσομεν,
3488 4784 3535 4835 ει
3575 4783 3651 4853 μὴ
3693 4783 3787 4835 σοῦ

545 4877 861 4922 sanctarum
916 4883 1136 4936 precum
1173 4868 1422 4937 praesidio
1469 4878 1748 4940 tegantur,
1796 4878 1848 4924 et
1891 4885 1921 4923 a
1968 4871 2111 4924 malo

2215 4886 2280 4953 τῇ
2316 4882 2422 4934 τῶν
2445 4883 2613 4950 ἁγίων
2637 4880 2812 4949 εὐχῶν
2838 4880 3015 4949 σκέπῃ
3043 4874 3584 4947 περιφυλαχθείημεν
3617 4873 3788 4927 ἀϐλα-

545 4972 826 5012 servemur
864 4959 1110 5012 innoxii?
1153 4958 1412 5014 Seorsum
1449 4960 1691 5029 abjuncti
1737 4975 1799 5014 ac
1841 4963 2108 5030 segregati

547 5051 743 5120 singuli
791 5049 1036 5118 fuimus;
1085 5053 1220 5107 salvi
1261 5060 1441 5107 tamen
1474 5068 1664 5108 omnes
1717 5062 1879 5122 atque
1913 5055 2111 5124 integri

547 5157 611 5195 ac
678 5144 900 5198 suabilcs
963 5146 1386 5212 permansimus.
1447 5145 1514 5199 Et
1570 5162 1884 5215 quanquam
1948 5163 2109 5216 parva

551 5233 801 5299 quzedam
849 5234 1194 5288 incommoda
1233 5235 1292 5287 in
1326 5235 1409 5288 via
1457 5237 1809 5304 pertulimus,
1841 5239 2116 5292 nonnullis

551 5335 801 5388 nostrum
857 5327 1019 5378 etiam
1078 5327 1265 5381 morbo
1320 5327 1563 5394 allectis;
1628 5329 1716 5383 ille
1766 5331 2118 5384 nihilominus

557 5415 648 5481 qui
685 5415 864 5470 dixit:
897 5418 1155 5487 Respicite
1204 5420 1443 5472 volatilia
1485 5422 1620 5485 caeli,
1665 5432 1714 5474 et
1758 5423 1873 5475 lilia
1924 5424 2038 5493 agri
2064 5425 2111 5488 ¹;

555 5505 650 5573 qui
687 5507 908 5559 minime
940 5509 1074 5563 fallit
1114 5510 1165 5562 in
1202 5511 1486 5577 promissis
1517 5515 1650 5571 suis.
1688 5514 1987 5567 incolumes
2019 5529 2116 5567 nos

552 5596 768 5649 tandem
812 5611 1004 5666 praater
1031 5616 1182 5668 spem
1212 5611 1450 5657 nostram
1481 5602 1586 5657 huc
1616 5602 2112 5676 [Thessalonicam]

624 5739 636 5767 ’
663 5737 846 5792 Matth.
881 5754 951 5800 γι,
985 5739 1072 5804 “26,
1097 5739 1184 5792 28.

2218 4972 2333 5033 δεῖς
2385 4970 2491 5022 ἀπὸ
2549 4969 2642 5022 τοῦ
2707 4967 2992 5038 Ιίονηροῦ,
3060 4965 3372 5035 καταμόνας
3421 4957 3500 5025 εἷς
3553 4963 3788 5024 ἕκαστος

2215 5063 2374 5134 ἡμῶν
2403 5061 2689 5131 διορισθείς
2715 5077 2728 5124 ;
2766 5060 2903 5129 πλὴν
2928 5056 3363 5126 διεφυλάχθημεν
3397 5053 3491 5107 καὶ
3518 5053 3789 5105 διασεσωο

2218 5153 2393 5221 σμεθα
2424 5152 2518 5203 καὶ
2557 5150 2876 5221 ήδράσμεθα
2911 5148 3135 5210 πάντες.
3176 5147 3286 5200 Καὶ
3313 5144 3475 5198 εἶκαὶ
3499 5143 3700 5213 μικρόν
3733 5159 3786 5194 τι

2217 5241 2752 5311 ὲταλαιπωρήσαμεν
2786 5241 2844 5291 ὲν
2887 5242 2951 5307 τῇ
2987 5239 3110 5307 ὁδῷ,
3138 5236 3298 5290 τινῶν
3327 5236 3420 5288 καὶ
3452 5232 3787 5302 ἀσθενησάν-

2214 5348 2352 5385 των·
2389 5334 2536 5401 ὅμως
2584 5335 2612 5385 ὁ
2663 5330 2868 5394 εἰπὼν,
2919 5329 3287 5397 Ἐμϐλέψατε
3316 5329 3403 5391 εὶς
3438 5325 3508 5377 τὰ
3537 5325 3784 5377 πετεινὰ

2216 5423 2320 5476 τοῦ
2363 5423 2643 5490 οὐρανοῦ,
2689 5422 2787 5476 καὶ
2822 5424 2906 5487 εὶς
2939 5421 3008 5474 τὰ
3050 5421 3227 5488 κρίνα
3274 5418 3379 5471 τοῦ
3430 5415 3638 5483 ἀγροῦ,
3686 5416 3782 5466 καὶ

2215 5514 2450 5583 ἀψευδὴς
2514 5516 2571 5568 ὲν
2621 5517 2739 5576 ταῖς
2789 5512 3142 5580 ἐπαγγελίαις
3208 5507 3409 5573 αὑτοῦ,
3458 5506 3782 5561 ἀπεσώσατο

2213 5607 2379 5677 ἡμᾶς,
2416 5605 2491 5670 ὼς
2517 5606 2615 5659 οὐκ
2643 5604 2965 5675 ἠλπίζομεν,
3000 5600 3378 5674 παραθέμενος
3411 5597 3556 5668 ἡμᾶς
3589 5592 3780 5648 ὲνταῦο
