3926 6482
174 448 278 511 905

1404 449 1940 511 EPISTOLARUM
1962 450 2112 512 LIB.
2150 451 2200 511 Ι.

3317 449 3428 515 906

167 565 254 616 θα·
295 560 490 624 κλίνας
529 576 590 613 τε
621 560 706 624 εἰς
736 559 1084 630 συμπάθειαν
1120 560 1224 624 τάς
1255 561 1483 632 καρδίας
1519 561 1632 615 τῶν
1659 561 1744 615 δν-

1855 559 2142 629 perduxit,
2200 558 2266 614 ad
2319 571 2576 614 aerumnae
2623 565 2826 615 nostra
2882 554 3425 617 commiserationem

163 672 273 708 των
308 652 525 724 ἀνδρῶν
551 651 656 721 τῆς
685 651 1062 726 ταλαιπωρίας
1084 651 1266 722 ἡμῶν,
1288 651 1386 706 καὶ
1417 651 1654 722 μάλιστά
1680 667 1744 720 γε

165 745 258 800 τοῦ
311 740 777 813 ἀρχιεπισκόπου.
813 741 928 794 Μία
967 741 1264 795 δὲ’λοιπὺν.
1299 741 1538 812 μέριμνά
1594 742 1746 793 ὲστιν

165 839 297 908 ἡμῖν
327 836 427 889 καὶ
465 834 839 897 ἀδιάσπαστος
871 832 1178 902 ἀδολεσχία,
1213 833 1352 902 μετά
1379 831 1620 903 δεήσεως
1652 834 1746 886 ὲκ-

166 927 356 991 τενοῦς
407 925 504 980 καὶ
541 923 810 991 ἀναξίας,
866 925 931 978 τὸ
979 925 1040 977 σε
1097 922 1514 995 κραταιοῦσθαι,
1561 924 1746 996 Πάτερ

168 1019 323 1090 ἡμῶν
361 1016 738 1088 πολυπόθητε,
786 1017 883 1070 καὶ
931 1016 1115 1087 μένειν
1155 1017 1214 1068 εν
1255 1016 1372 1080 τοῖς
1402 1015 1747 1087 δεδογμένοις

166 1113 263 1180 τῆς
295 1109 442 1180 ὑπὲρ
476 1108 740 1180 ἀληθείας
762 1106 898 1161 Θεοῦ
931 1107 1224 1176 ὁμολογίας
1251 1106 1446 1177 ἀκλινῆ
1489 1108 1585 1160 καὶ
1625 1106 1747 1161 ἀκί-

166 1218 358 1272 νητον,
412 1201 472 1253 ὲν
517 1200 711 1270 μηδενὶ
755 1180 1096 1270 πτυρόμενον
1119 1238 1134 1265 ,
1181 1199 1215 1268 ἢ
1264 1197 1596 1269 διψυχοῦντα
1629 1199 1748 1260 ταῖς

168 1293 272 1346 τῶν
309 1291 731 1364 προϐαλλόντων
752 1292 875 1343 κατ’
906 1289 1215 1362 ἐκστροφὴν
1234 1290 1343 1344 τῶν
1370 1290 1748 1361 οίκοδομηθέν-

171 1404 274 1439 των
330 1403 417 1438 σοι
454 1385 638 1454 χάριτι
679 1384 816 1437 Θεοῦ
853 1383 998 1456 ὑπὲρ
1027 1383 1311 1448 εὐσεϐείας
1347 1384 1748 1454 ἀγωνισμάτων

171 1477 576 1545 ὲγχειρήσεσιν.
621 1475 914 1545 Ἐξήχηται
948 1475 1055 1544 γὰρ
1082 1477 1110 1529 6
1129 1475 1287 1543 λόγος
1309 1474 1613 1546 πανταχοῦ,
1650 1475 1748 1531 καὶ

170 1567 528 1637 δεδυσώπηκε
565 1567 751 1636 σχεδὸν
787 1569 968 1620 πᾶσαν
1001 1565 1203 1638 ψυχὴν,
1234 1566 1327 1619 καὶ
1360 1567 1554 1637 ἦγειρε
1579 1567 1748 1638 κέρας

171 1659 447 1729 σωτηρίας
503 1659 562 1711 ὲν
623 1660 737 1722 τοῖς
787 1659 1159 1729 Χριστιανοῖς,
1210 1658 1308 1711 καὶ
1353 1659 1576 1728 ἀφεῖλεν
1606 1661 1748 1713 livet-

170 1752 254 1815 δος
285 1754 352 1804 ὲκ
383 1750 495 1803 τῶν
529 1751 833 1823 μοναστῶν.
883 1753 997 1807 Καὶ
1024 1749 1121 1808 οἷδ’
1146 1752 1230 1806 ὅτι
1268 1752 1494 1823 φήσειεν
1519 1751 1749 1818 ἕκαστος

172 1838 227 1895 εὖ
272 1841 512 1913 φρονῶν,
545 1843 630 1896 ὅτι
660 1841 726 1912 ζῇ
755 1841 992 1912 Χριστὸς
1022 1842 1080 1894 ὲν
1119 1842 1272 1912 ἡμῖν,
1315 1843 1412 1896 καὶ
1446 1842 1746 1912 βασιλεύει,

173 1937 264 1986 καὶ
299 1935 685 2003 πειθαρχεῖται
715 1933 917 2004 μᾶλλον
945 1933 1085 2004 ὑπὲρ
1113 1933 1435 2012 ἀνθρώπους
1462 1933 1558 1998 οὒς
1578 1934 1749 1989 ἔπλα-

172 2041 283 2087 σεν,
323 2025 424 2094 οὐχ
473 2025 560 2077 ἵνα
603 2024 932 2095 ἀπειθῆται,
987 2024 1283 2095 δοξάζηται
1319 2024 1378 2078 δὲ
1419 2023 1511 2078 ὑπ’
1546 2025 1747 2079 αὐτῶν.

173 2117 358 2171 Πάντα
393 2112 486 2170 οὖν
514 2116 824 2184 γινώσκεις,
862 2112 1011 2181 οἶδας
1049 2117 1120 2170 τά
1160 2116 1372 2182 δέοντα,
1402 2117 1463 2170 οὐ
1492 2117 1591 2186 τῆς
1615 2119 1750 2187 ἡμε-

171 2209 337 2276 τέρας
374 2208 733 2278 ὑπομνήσεως
765 2208 894 2280 δέη·
941 2207 1084 2278 πλὴν
1127 2210 1533 2279 προεκέλευσας
1574 2207 1749 2274 οὕτως

171 2301 319 2367 ἡμᾶς
354 2299 606 2368 γράφειν.
654 2300 746 2352 Διδ
779 2300 844 2370 δὴ
893 2299 968 2371 μὴ
999 2299 1265 2374 φοϐηθῇς,
1299 2301 1505 2370 Πάτερ,
1536 2301 1747 2372 ἀνθρω-

173 2406 294 2452 πον,
336 2388 369 2457 ἢ
410 2388 714 2458 ἀνθρώπων
744 2390 1043 2460 ὲκθλίψεις.
1074 2392 1368 2464 Γνωρίζεις
1401 2394 1482 2448 ὅτι
1515 2395 1564 2447 ol
1603 2393 1748 2461 ἆγιοι

170 2481 304 2551 ὖναρ
331 2480 427 2532 καὶ
456 2481 612 2533 σκιὰν
638 2481 815 2536 ταῦτα
843 2482 1215 2555 λογισάμενοι,
1244 2485 1748 2556 ὲθαυμαστώθησαν

169 2573 224 2623 ἐν
263 2571 485 2644 οὐρανῷ
527 2574 622 2627 καὶ
662 2575 756 2629 ἐπὶ
799 2576 926 2646 γῆς.
962 2577 1197 2647 Μικρὸν,
1239 2577 1457 2648 δέομαι,
1495 2579 1747 2649 πονήσω-

172 2682 289 2733 μεν·
333 2664 418 2718 ἔτι
456 2667 652 2740 μικρὸν
702 2669 1120 2741 ὑπομείνωμεν·
1160 2672 1254 2726 καὶ
1287 2671 1516 2743 ἧνυσται
1559 2672 1692 2742 ἡμῖν
1718 2670 1748 2724 6

167 2757 368 2826 δρόμος
397 2760 426 2810 ό
454 2759 638 2823 καλός.
670 2760 782 2814 Καὶ
808 2763 836 2814 ὁ
884 2762 1152 2830 στέφανος
1202 2763 1535 2828 πέπλεκται,
1576 2763 1672 2816 καὶ
1718 2763 1747 2816 ό

172 2852 361 2919 μισθὸς
391 2853 748 2922 ἑτοιμάζεται
780 2853 1022 2919 αἰώνιος,
1054 2857 1148 2910 καὶ
1181 2855 1335 2925 φίλος
1363 2855 1612 2928 κληθήσῃ
1650 2854 1746 2908 τοῦ

169 2946 496 3017 ἐπουρανίου
526 2945 812 3013 βασιλέως,
845 2948 940 3000 καὶ
971 2947 1080 3000 τῶν
1109 2948 1282 3014 ἀγίων
1328 2948 1628 3012 κοινωνδςφ
1649 2945 1746 2999 καὶ⁵

167 3037 512 3107 όμολογητὴς
568 3039 722 3110 παρά
760 3038 1092 3108 ἀνθρώποις.
1134 3040 1265 3104 Ναὶ,
1305 3042 1392 3095 ναὶ
1423 3041 1612 3113 δέομαι
1652 3045 1746 3098 καὶ

167 3129 432 3183 ἀντιϐολῶ
487 3129 557 3184 τά
596 3131 843 3200 πατρικά
885 3148 987 3199 μου
1029 3131 1348 3204 σπλάγχνα·
1399 3135 1560 3204 γενοῦ
1614 3137 1746 3207 ἡμῖν

167 3221 449 3292 ὀχύρωμα,
488 3223 758 3295 ὑπομονὴ,
781 3223 1076 3294 καρτερία.
1121 3226 1247 3279 Ἐὰν
1269 3226 1378 3298 γάρ
1408 3228 1496 3293 σὺ,
1535 3228 1741 3301 Πάτερ,
1773 3245 1816 3305 c

169 3316 415 3385 στήκῃς,
449 3315 611 3385 ἡμεῖς
650 3316 720 3370 τά
765 3316 962 3387 ἀχρεῖά
1002 3335 1098 3372 σου
1153 3319 1320 3372 τέκνα
1354 3320 1744 3393 εὐτονούμεθα,

170 3405 345 3457 πάντα
378 3405 602 3474 οῐσομεν
652 3405 921 3474 γενναίως
972 3407 1042 3460 τά
1093 3408 1482 3479 συμϐαίνοντα,
1515 3412 1747 3482 δυνάμει

167 3492 295 3546 Θεοῦ
334 3495 432 3547 καὶ
462 3494 651 3563 εὐχαῖς
683 3512 800 3548 σου.
839 3497 935 3550 Ἐκ
969 3498 1079 3567 γὰρ
1100 3497 1236 3551 Θεοῦ
1268 3500 1745 3572 ήπαραχώρησις,

168 3583 334 3647 οὕτως
361 3582 716 3648 εὐδοκοῦντος
753 3584 974 3649 πάντως
1024 3587 1094 3640 τά
1145 3588 1412 3657 ἡμέτερα,
1453 3591 1548 3644 καὶ
1577 3592 1746 3646 αὐτοῦ

168 3672 396 3737 διδόντος
432 3673 686 3744 δύναμιν.
733 3675 844 3738 re;
885 3675 1229 3745 τεχνολογίας
1281 3677 1393 3732 τῶν
1437 3680 1748 3737 ὐποκλίνειν

171 3781 227 3818 σε
255 3766 357 3836 τῆς
388 3767 648 3837 ἀληθείας
680 3768 1040 3839 πειρωμένων
1093 3770 1170 3841 μὴ
1210 3770 1276 3841 δὴ
1324 3773 1516 3838 πτοοῦ,
1559 3766 1605 3827 ὦ
1637 3775 1750 3828 Πάν

168 3875 278 3927 τερ.
312 3858 550 3921 ’Δπλοῦς
593 3860 622 3912 ό
660 3859 840 3926 λόγος.
867 3860 1007 3930 Φησὶ
1046 3862 1156 3934 γάρ
1192 3879 1297 3916 που
1334 3866 1362 3917 6
1404 3864 1560 3934 ἅγιος
1603 3867 1748 3920 Ἐπι-

171 3949 356 4014 φάνιος
386 3940 446 4001 εν
479 3947 555 4018 τῷ
585 3948 715 4016 περὶ
759 3948 852 4002 τοῦ
886 3951 1080 4021 Πάσχα
1117 3954 1282 4008 αὐτοῦ
1322 3955 1487 4026 λόγῳ·
1521 3953 1645 4020 υἷος
1678 3960 1745 4014 ἂν

168 4034 201 4112 ᾖ
241 4039 552 4110 ἄνθρωπος,
581 4039 736 4110 παρά
779 4040 852 4095 τὰ
898 4042 958 4096 ὲν
1004 4047 1070 4116 τῇ
1121 4045 1244 4118 θεία
1289 4047 1480 4120 Γραφῇ
1513 4051 1744 4120 κείμενα

171 4129 578 4201 συμϐουλεύων,
648 4128 760 4185 ἀπὸ
807 4133 1038 4204 καρδίας
1076 4135 1247 4201 λαλεῖ,
1291 4137 1384 4191 καὶ
1431 4140 1744 4210 ἐντάλματα

168 4219 470 4291 ἀνθρώπων
506 4219 802 4292 διηγεῖται·
836 4223 932 4276 καὶ
973 4225 1099 4295 περὶ
1139 4224 1249 4278 τῶν
1277 4229 1535 4282 τοιούτων
1563 4231 1743 4300 φέρων

167 4307 232 4359 τά
263 4307 356 4361 τοῦ
402 4309 732 4364 Ἀποστόλου
761 4312 943 4380 λέγει,
975 4314 1057 4367 ὅτι
1085 4315 1211 4369 Κᾶν
1241 4314 1496 4385 ἄγγελος
1525 4319 1595 4384 ἐξ
1633 4322 1736 4375 οὺ-

161 4399 348 4465 ρανοῦ
379 4400 575 4468 ἐστιν,
610 4401 879 4472 ἀνάθεμα
913 4402 1094 4470 αὐτῷ.
1144 4405 1254 4459 Ποῦ
1287 4406 1342 4460 δὲ
1377 4410 1624 4480 φήσομεν
1653 4413 1738 4478 τὸ,

171 4490 230 4540 Οἱ
273 4488 455 4559 ἱερεῖς
478 4508 600 4560 μου
626 4492 884 4560 ὴθέτουν
908 4495 1098 4564 νόμον
1113 4515 1254 4566 μου,
1282 4500 1381 4553 καὶ
1411 4501 1740 4570 ἐϐεϐήλουν

1850 651 2156 706 incolarum
2185 650 2347 705 corda
2392 649 2697 718 inﬂectens,
2729 650 2826 707 sed
2869 651 3217 722 potissimum
3248 654 3428 708 archi-

1849 739 2111 809 episcopi.
2171 739 2399 810 Reliqua
2438 755 2570 796 vero
2624 755 2730 796 una
2786 752 2871 798 est
2927 758 3061 800 cura
3100 753 3319 812 nostra,
3374 754 3430 802 et

1849 830 2076 887 assidua
2105 831 2408 895 meditatio,
2441 846 2566 886 cum
2608 831 2836 902 prolixis
2860 833 3116 903 precibus
3143 843 3199 890 et
3233 836 3427 891 imme-

1850 923 1992 988 ritis,
2024 931 2082 977 ut
2124 924 2240 994 ipse
2267 923 2667 989 corroboreris,
2696 922 2859 978 Pater
2903 924 3449 986 desiderabilissime.

1848 1003 1903 1067 et
1952 1013 2007 1067 in
2055 1014 2303 1073 instituta
2346 1029 2446 1084 pro
2483 1014 2714 1069 veritate
2762 1011 2856 1069 Dei
2901 1014 3248 1072 confessione
3283 1016 3427 1072 fixus

1853 1115 2020 1175 atque
2065 1106 2363 1162 immobilis
2387 1121 2635 1173 maneas;
2663 1105 2800 1161 nihil
2831 1107 3135 1178 trepidans,
3172 1118 3264 1164 aut
3309 1112 3429 1164 ani-

1849 1212 1997 1252 mum
2028 1199 2365 1255 conturbans
2408 1199 2476 1254 ad
2512 1213 2706 1254 eorum
2740 1199 2998 1268 insultus,
3037 1201 3129 1272 qui
3171 1201 3429 1256 certami-

1850 1307 1980 1346 num
2024 1293 2255 1363 gloriam
2308 1309 2432 1364 qua:
2477 1309 2578 1364 pro
2611 1295 2815 1366 pietate
2847 1311 2975 1350 cum
3023 1295 3206 1352 divina
3251 1297 3425 1368 gratia

1847 1383 2074 1448 obiisti,
2136 1393 2381 1439 evertere
2421 1393 2714 1441 conantur.
2773 1384 2976 1455 Sparsa
3029 1386 3176 1441 enim
3223 1387 3428 1456 ubique

1849 1469 1994 1525 fama
2029 1481 2133 1538 est,
2169 1487 2471 1543 omnesque
2501 1474 2896 1544 propemodum
2928 1475 3180 1530 homines
3207 1484 3428 1545 stupore

1848 1564 2160 1635 complevit,
2203 1556 2258 1620 et
2294 1579 2465 1621 cornu
2512 1566 2709 1623 salutis
2754 1567 2931 1623 erexit
2980 1568 3038 1623 in
3070 1568 3424 1636 Christianis,

1851 1655 2133 1711 infamiam
2169 1656 2428 1712 auferens
2464 1672 2532 1712 ex
2565 1658 2758 1714 ordine
2797 1659 3218 1716 monachorum.
3251 1660 3427 1732 Atque

1852 1747 1978 1811 hoc,
2034 1748 2191 1815 scio,
2244 1749 2504 1803 fatebitur
2549 1749 2934 1821 unusquisque
2987 1766 3213 1821 compos
3267 1760 3427 1807 rectae

1852 1838 2073 1904 mentis,
2106 1839 2290 1895 vivere
2321 1838 2600 1894 Christum
2645 1840 2698 1894 in
2735 1841 2916 1907 nobis,
2949 1850 3005 1896 et
3053 1857 3300 1912 regnare,
3346 1844 3427 1897 ei-

1853 1943 1956 1998 que
1987 1928 2214 1985 obedire
2238 1945 2339 1985 nos
2374 1929 2550 2000 magis
2572 1945 2735 2000 quam
2765 1931 3081 1987 hominibus
3112 1947 3250 2002 quos
3273 1949 3428 1989 crea-

1849 2020 1963 2084 vit;
2000 2033 2107 2073 non
2138 2029 2197 2073 ut
2244 2028 2650 2087 contemnatur,
2692 2022 2787 2077 sed
2825 2022 3162 2093 gloriﬁcetur
3204 2023 3274 2078 ab
3318 2025 3421 2078 eis.

1849 2109 2044 2167 Omnia
2088 2127 2218 2185 ergo
2270 2112 2365 2166 tibi
2415 2122 2704 2184 perspecta
2756 2125 2920 2169 sunt:
2951 2114 3060 2170 scis
3104 2113 3238 2184 quid
3282 2114 3426 2169 facto

1847 2218 2020 2274 opus;
2074 2205 2503 2259 commonitione
2548 2214 2740 2261 nostra
2792 2219 2900 2260 non
2936 2219 3064 2276 eges
3099 2221 3114 2258 :
3145 2216 3427 2261 verumta-

1848 2305 1974 2346 men
2018 2292 2134 2346 haec
2178 2291 2252 2346 ita
2289 2307 2391 2348 nos
2438 2293 2682 2349 scribere
2719 2294 3046 2364 praecepisti.
3081 2293 3263 2361 Quare
3314 2296 3427 2350 noli

1850 2383 2129 2437 hominem
2174 2383 2395 2451 timere,
2428 2382 2610 2451 Pater,
2641 2394 2739 2440 aut
2771 2385 3055 2441 hominum
3086 2385 3425 2441 vexationes.

1847 2470 2001 2529 Nosti
2028 2485 2254 2530 sanctos
2283 2490 2408 2530 cum
2444 2476 2698 2532 umbram
2738 2487 2794 2533 et
2815 2477 3086 2532 somnium
3120 2477 3236 2532 haec
3258 2476 3426 2531 duce-

1849 2573 1993 2634 rent,
2032 2567 2386 2624 admirabiles
2418 2568 2560 2624 caelo
2601 2569 2876 2639 terrisque
2911 2569 3212 2624 exstitisse.
3254 2567 3427 2622 Modi-

1847 2670 1994 2724 cum,
2026 2673 2240 2728 quaso.
2272 2658 2587 2714 laboremus
2613 2676 2629 2714 :
2653 2659 2927 2715 modicum
2952 2659 3133 2715 adhuc
3153 2659 3428 2714 sustinea-

1853 2765 2000 2816 mus,
2044 2760 2100 2806 et
2144 2750 2424 2821 egregium
2467 2765 2690 2806 cursum
2735 2751 3260 2808 consummabimus.
3303 2747 3425 2805 Jam

1847 2853 2054 2895 corona
2114 2839 2368 2904 texitur,
2420 2853 2632 2895 merces
2683 2848 2887 2894 aeterna
2941 2848 3311 2908 praeparatur,
3371 2849 3428 2894 et

1847 2928 2088 2985 ctelesti's
2138 2928 2283 2999 regis
2350 2929 2564 2985 amicus
2624 2938 3060 2999 sanctorumque
3152 2928 3426 2998 particeps

1847 3021 2139 3088 vocabere,
2172 3032 2226 3077 et
2253 3022 2398 3092 apud
2439 3021 2698 3078 homines
2733 3021 3037 3078 confessor.
3065 3020 3173 3085 Sic,
3208 3022 3289 3079 sic
3325 3036 3425 3077 oro

1847 3124 2013 3184 atque
2065 3114 2311 3170 obtestor
2361 3112 2541 3169 Patris
2597 3114 2702 3170 mei
2760 3115 2976 3171 viscera
3024 3133 3039 3170 :
3088 3124 3209 3172 esto
3264 3114 3426 3171 nobis

1848 3203 2135 3272 fortitudo,
2179 3204 2460 3276 patientia,
2509 3206 2838 3261 constantia.
2888 3204 2971 3260 Tu
3017 3205 3162 3261 enim
3188 3245 3204 3270 ,
3239 3204 3424 3272 Pater,

1848 3296 1894 3351 si
1925 3296 2160 3363 steteris,
2190 3311 2291 3352 nos
2314 3297 2614 3353 imbecilles
2640 3297 2736 3353 lilii
2766 3297 2845 3353 tui
2876 3297 3205 3353 valentiores
3226 3298 3427 3352 redde-

1851 3402 2015 3453 mur,
2056 3395 2112 3443 et
2157 3387 2345 3443 viriles
2393 3389 2610 3444 animos
2659 3388 2964 3459 capiemus,
3015 3403 3179 3443 casus
3233 3402 3425 3443 omnes

1849 3476 2059 3535 fortiter
2098 3477 2363 3548 feremus,
2409 3479 2506 3534 Dei
2545 3481 2748 3536 virtute
2798 3496 2861 3536 ac
2892 3480 3148 3551 precibus
3195 3480 3326 3535 tuis.
3378 3485 3424 3534 Α

1849 3568 1962 3624 Deo
2013 3570 2286 3641 siquidem
2339 3581 2424 3627 est
2482 3572 2572 3627 hic
2624 3587 2913 3638 secessus,
2952 3572 3036 3628 sic
3089 3572 3426 3643 approbante

1848 3663 2077 3720 omnino
2105 3678 2193 3720 res
2228 3673 2470 3730 nostras,
2493 3665 2748 3737 viresque
2783 3664 3184 3736 suppeditante.
3215 3663 3426 3719 Facun—

1847 3754 1992 3809 diam
2021 3768 2210 3809 eorum
2241 3755 2335 3825 qui
2369 3766 2421 3811 te
2451 3771 2483 3811 a
2527 3757 2758 3811 veritate
2799 3756 3084 3812 dimovere
3127 3766 3422 3810 conantur.

1848 3843 1992 3898 haud
2021 3860 2300 3915 quaquam
2335 3845 2681 3911 reformides,
2715 3845 2894 3900 Pater.
2931 3844 3174 3915 Simplex
3214 3861 3421 3900 sermo.

1847 3935 1936 3990 Ait
1973 3936 2116 3990 enim
2174 3937 2387 4006 uspiam
2424 3949 2650 3994 sanctus
2695 3940 3033 4010 Epiphanius
3078 3941 3133 3994 in
3180 3941 3425 3995 oratione

1849 4041 1948 4081 sua
1986 4026 2057 4082 de
2086 4025 2373 4094 Paschale,
2403 4029 2584 4099 qualis
2609 4029 2680 4086 sit
2709 4031 2895 4098 homo,
2923 4042 3118 4102 praeter
3139 4049 3199 4088 ea
3223 4049 3343 4103 quae
3368 4033 3422 4088 in

1847 4119 2047 4174 divinis
2075 4119 2298 4176 Litteris
2333 4123 2537 4192 scripta
2573 4133 2724 4188 sunt,
2775 4126 3100 4192 consultus;
3141 4142 3207 4181 ex
3259 4128 3424 4182 corde

1847 4211 2114 4280 loquitur,
2157 4223 2210 4267 et
2235 4224 2458 4268 enarrat
2498 4216 2758 4271 mandata
2802 4217 3107 4272 hominum.
3149 4217 3213 4271 Et
3241 4218 3308 4272 de
3338 4217 3424 4272 his

1848 4306 1981 4375 ipsis
2031 4306 2276 4375 Apostoli
2333 4308 2494 4362 verba
2570 4310 2878 4378 producens
2925 4308 3154 4374 :Licet,
3205 4311 3419 4381 inquit,

1846 4398 2059 4468 angelus
2082 4404 2146 4452 de
2177 4400 2303 4454 creto
2331 4402 2422 4465 sit,
2462 4403 2747 4456 auat/mna
2779 4403 2926 4457 illi“.
2955 4403 3074 4470 Quo
3105 4415 3286 4461 autem
3318 4422 3422 4460 nu-

1845 4505 2000 4545 mero
2044 4492 2174 4545 illud
2222 4493 2590 4561 censebimus,
2620 4493 2931 4550 Sacerdotes
2961 4498 3061 4551 mei
3098 4508 3424 4566 contempse-

168 4580 234 4634 τὰ
259 4581 403 4650 ἅγιά
428 4600 586 4652 pou;
619 4583 647 4637 ὃ
675 4589 1011 4657 προφητικὸν
1043 4589 1103 4643 ὃν
1140 4592 1463 4663 προσλαϐὼν
1497 4598 1525 4648 6
1544 4597 1736 4650 Θεολό-

1847 4591 1967 4636 ηιηι
2008 4583 2171 4654 legem
2212 4601 2404 4650 meam,
2453 4597 2502 4640 et
2534 4587 2838 4654 polluerunt
2878 4590 3196 4642 sanctuaria
3224 4605 3340 4643 mea
3364 4590 3423 4645 ’ἲ

167 4686 257 4737 γος
288 4674 348 4727 ὲν
379 4673 458 4743 τῷ
488 4675 711 4746 μεγάλῳ
745 4676 1199 4749 ’Δπολογητικῷ,
1225 4686 1578 4756 προστίθησιν
1597 4688 1740 4743 οὕτω

166 4761 364 4832 λέγων·
406 4766 666 4838 Βεϐήλοις
717 4771 812 4823 ml.
848 4773 1016 4836 ὁσίοις
1051 4775 1113 4827 οὐ
1161 4777 1482 4833 διέστελλον·
1524 4781 1640 4834 ἀλλ’
1672 4778 1741 4854 ἦν

167 4856 344 4921 αὐτοῖς
379 4861 596 4912 ἅπαντα
646 4861 820 4918 κοινά.
873 4865 1020 4918 Πόσα
1047 4867 1105 4920 δὲ
1149 4869 1317 4934 ἄλλα,
1351 4872 1447 4926 ἐὰν
1474 4891 1560 4937 τις
1609 4874 1741 4949 θέλῃ

167 4947 417 5012 ἀκούειν;
454 4950 822 5007 Παυέσθωσαν
874 4955 1061 5010 λοιπὸν
1096 4960 1142 5011 οἱ
1173 4960 1592 5032 διαστρέφοντες
1639 4947 1740 5037 τὴν

167 5039 420 5111 ἀλήθειαν
448 5042 543 5096 τοῦ
576 5045 710 5098 Θεοῦ
738 5046 956 5116 ψευδέσι
985 5051 1184 5119 λόγοις,
1216 5054 1310 5105 καὶ
1336 5055 1546 5120 ἑαυτοῖς
1575 5075 1741 5128 προσ-

168 5133 453 5199 εχέτωσαν.
505 5135 696 5206 Ἡμεῖς
726 5139 833 5211 γάρ
876 5139 976 5211 τῆς
1027 5143 1249 5213 ἐντολῆς
1295 5147 1597 5218 τηλαυγοῠς
1649 5149 1739 5202 οὖα

169 5238 283 5291 σης,
319 5228 416 5279 καὶ
453 5229 521 5297 τῇ
555 5229 866 5298 παραϐάσει
899 5233 961 5285 τὸ
993 5233 1210 5289 αἰώνιον
1240 5236 1351 5307 πῦρ
1381 5239 1484 5292 ἀπε
1497 5239 1728 5310 ιλούσης,

168 5314 261 5384 οὐχ
293 5317 652 5387 ὑποκύψομεν
681 5323 798 5385 τοῖς
844 5324 1210 5393 ἀνθρωπίνοις
1255 5329 1496 5401 φόϐοιςῆ
1533 5334 1734 5395 πόνοις·

167 5411 256 5473 οὐ,
310 5414 387 5480 μὰ
436 5415 561 5478 τοὺς
591 5417 730 5487 ὑπὲρ
780 5418 982 5490 ἀρετῆς
1035 5422 1286 5490 ἀγῶνας·
1336 5427 1450 5478 ἀλλ’
1481 5428 1528 5479 εί
1560 5429 1653 5481 καὶ
1679 5428 1738 5480 τὸ

168 5497 296 5569 αἷμα
331 5504 525 5573 χεῦσαι
555 5507 653 5572 δεῖ,
685 5511 822 5578 μετά
851 5515 1025 5582 χαρᾶς
1052 5518 1416 5586 ποιησόμεθα,
1451 5519 1589 5574 Θεοῦ
1643 5522 1730 5574 ὲν-

171 5595 441 5663 ισχύοντος
468 5597 557 5650 ὃιά
589 5600 696 5652 τῶν
731 5603 838 5655 σῶν
871 5605 1043 5672 ἀγίων
1074 5610 1411 5680 προσευχῶν.

235 5866 448 5923 ’Galat.
482 5885 521 5932 ι,
554 5869 608 5923 8.
685 5871 705 5903 ³
730 5872 920 5928 Ezech.
951 5895 1083 5940 χχιι,
1117 5880 1206 5934 26.

439 5969 710 6033 Panos.
748 5971 862 6033 Gn.
901 5975 1085 6038 XCIX

1848 4672 1992 4742 quod
2023 4674 2299 4743 prophetas
2329 4675 2537 4730 dictum
2572 4693 2845 4747 usurpans
2877 4677 3191 4749 Theologus
3220 4680 3272 4734 in
3307 4695 3422 4733 ma-

1849 4779 1952 4834 gno
1980 4764 2343 4833 Apologetico,
2389 4770 2503 4822 hac
2532 4768 2682 4822 addit
2715 4786 2728 4822 :
2757 4767 2999 4824 Profana
3031 4780 3086 4824 et
3122 4785 3277 4825 sacra
3309 4786 3420 4826 non

1846 4855 2273 4924 distinguebant,
2326 4857 2418 4911 sed
2459 4859 2643 4913 omnia
2703 4859 2812 4915 illis
2862 4860 3179 4914 communia
3239 4871 3415 4917 erant.

1837 4945 2011 5012 Quam
2067 4951 2236 5001 multa
2284 4958 2413 5002 sunt
2443 4950 2568 5014 alia,
2600 4951 2645 5004 si
2681 4952 2805 5021 quis
2836 4953 3029 5007 audire
3062 4953 3223 5006 velit?
3261 4951 3418 5008 Desi-

1837 5047 1967 5092 nant
2021 5053 2167 5108 ergo,
2221 5041 2314 5109 qui
2361 5039 2512 5096 falsis
2558 5044 2906 5098 sermonibus
2954 5054 3275 5114 pervertunt
3321 5046 3412 5100 Dei

1836 5130 2145 5196 veritatem,
2195 5134 2406 5202 sibique
2443 5135 2576 5205 ipsis
2613 5136 2917 5191 attendant.
2951 5137 3061 5194 Nos
3103 5140 3246 5194 enim
3286 5156 3411 5196 cum

1842 5223 2189 5290 perspicuum
2249 5226 2318 5280 sit
2375 5227 2739 5294 mandatum,
2800 5237 2854 5284 et
2915 5230 3094 5301 ignem
3149 5242 3411 5288 aeternum

1843 5315 2329 5381 praevaricautibus
2391 5321 2668 5384 minetur,
2737 5338 3084 5393 nequaquam
3149 5326 3411 5382 cedemus

1841 5408 2094 5463 humanis
2136 5413 2430 5466 terroribus
2482 5424 2574 5466 aut
2611 5416 2924 5485 suppliciis;
2965 5432 3200 5488 non,per
3225 5433 3415 5473 susce-

1839 5507 1928 5566 pta
1985 5515 2082 5567 pro
2141 5502 2365 5557 veritate
2418 5507 2738 5561 certamina.
2785 5506 2922 5572 Quin
2983 5509 3030 5563 si
3087 5509 3408 5579 sanguinem

1837 5588 2163 5658 profundere
2181 5607 2312 5660 opus
2330 5594 2420 5656 sit,
2441 5595 2670 5650 libentes
2685 5605 2848 5666 atque
2871 5597 3070 5653 hilares
3110 5599 3409 5669 profunde-

1842 5699 1984 5748 mus,
2005 5681 2114 5739 Deo
2136 5699 2235 5741 nos
2263 5699 2358 5755 per
2378 5697 2593 5744 sanctas
2621 5704 2809 5758 preces
2853 5701 2974 5747 tuas
2991 5692 3385 5748 corroborante

2969 5984 3048 6047 29
