3926 6434
540 355 641 421 907

610 464 854 521 Viriliter
916 478 1017 532 age
1072 475 1126 521 et
1175 473 1270 529 tu,
1315 461 1535 518 domine
1585 460 1753 519 frater
1811 465 2064 536 Euthymi
2096 482 2108 518 :
2138 475 2190 533 Α

538 561 743 616 bonum
769 556 991 612 certaSti
1022 564 1296 610 certamen
1321 558 1341 585 ι
1375 572 1390 609 :
1423 569 1491 610 ne
1520 554 1840 612 deseramus
1870 572 1991 619 nos,
2024 556 2118 611 lux

538 668 682 717 mea,
718 661 770 705 et
800 650 1010 705 viscera
1046 663 1166 704 mea
1194 665 1208 702 :
1237 663 1304 703 ne
1344 662 1445 718 pro
1489 648 1688 718 exiguo
1716 658 1772 703 et
1805 650 1953 704 brevi
1983 648 2121 704 laeti-

538 746 628 800 tiae
667 744 869 807 fructu,
921 742 1133 797 beatam
1165 739 1332 794 vitam
1383 740 1720 795 amittamus.
1764 741 1843 797 Ne
1880 756 2119 812 praesen-

538 838 674 892 tium
714 850 895 889 rerum
924 833 1268 903 iucunditate
1306 831 1562 900 capiaris,
1606 847 1741 887 neve
1785 833 1851 887 ad
1884 833 2116 888 tribula-

540 928 719 981 tiones
765 924 1115 987 succumbas,
1147 922 1339 977 frater.
1371 918 1490 975 Noli
1521 932 1667 991 terga
1697 922 1849 976 dare.
1882 920 2115 978 Gavisus

537 1027 621 1073 est
652 1017 927 1078 Christus,
954 1016 1146 1070 videns
1179 1024 1230 1069 te
1262 1028 1361 1068 sua
1395 1027 1559 1067 causa
1591 1012 1944 1084 ﬂagellatum.
1970 1012 2115 1068 Cave

536 1110 686 1163 illum
712 1108 1023 1169 contristes,
1057 1106 1253 1161 dilecte
1280 1106 1373 1169 mi,
1407 1104 1489 1158 vel
1512 1104 1843 1161 collaetantes
1867 1106 2113 1176 angelos,

534 1201 624 1255 vel
662 1200 946 1254 dominum
980 1196 1215 1261 Patrem,
1249 1196 1353 1258 vel.
1386 1211 1507 1266 qua:
1542 1211 1642 1251 nos
1682 1195 1887 1266 Spiritu
1923 1208 2115 1253 sancto

533 1292 696 1346 enixa
738 1299 839 1355 est,
886 1288 1253 1343 venerandam
1304 1287 1552 1353 Matrem,
1604 1288 1687 1342 vel
1737 1287 1936 1343 fratres
1991 1300 2114 1346 tuos

535 1397 751 1446 omnes,
776 1394 970 1449 meque
999 1380 1291 1450 praecipue,
1316 1392 1476 1446 quem
1508 1392 1691 1432 amare
1714 1387 1763 1432 te
1793 1378 1950 1434 dicis.
1980 1379 2113 1436 Tres

534 1488 728 1529 sumus
752 1487 916 1528 carne
947 1471 1167 1535 fratres,
1202 1471 1377 1525 simus
1407 1479 1459 1525 et
1484 1469 1680 1538 spiritu
1710 1488 1721 1523 :
1752 1484 1818 1525 ne
1844 1471 2113 1527 violemus

533 1579 754 1621 sacrum
808 1574 863 1618 et
914 1561 1157 1618 divinum
1214 1576 1501 1616 numerum
1545 1579 1557 1613 ε
1603 1576 1943 1630 exponamus
2011 1578 2111 1620 nos

534 1659 686 1726 ipsos
716 1671 814 1726 pro
857 1655 947 1710 Dei
988 1654 1248 1708 mandato
1275 1653 1342 1708 ad
1388 1651 1737 1721 supplicium,
1771 1662 1829 1706 ut
1868 1653 1921 1707 in
1953 1664 2110 1710 aeter-

532 1763 666 1803 num
708 1748 978 1801 vivamus.
1012 1744 1168 1811 Quod
1208 1753 1476 1814 superest,
1521 1743 1740 1799 solliciti
1782 1744 1968 1810 etiam,
2005 1744 2109 1801 Pa-

533 1851 637 1905 ter,
663 1855 855 1895 sumus
882 1841 946 1893 de
976 1837 1203 1907 reliquis
1231 1836 1489 1891 fratribus
1519 1835 1724 1891 nostris
1751 1835 2107 1906 dulcissimis,
2140 1823 2182 1879 Β

533 1950 699 2003 quam
729 1941 872 1987 recte
902 1932 1024 1986 illos
1052 1930 1319 1985 Dominus
1346 1930 1624 1985 direxerit.
1669 1927 1781 1985 Hoc
1809 1932 1954 1986 enim
1987 1948 2112 2003 pee-

533 2035 749 2082 calores
798 2040 1037 2089 oramus,
1075 2033 1133 2078 ut
1178 2024 1293 2092 ipse
1333 2024 1550 2076 illorum
1595 2032 1819 2077 curator
1867 2024 1957 2089 sit,
1997 2025 2113 2081 dis-

532 2128 814 2191 pensator,
863 2126 917 2171 et
959 2116 1171 2181 ductor,
1212 2124 1375 2184 prout
1433 2115 1549 2185 ipse
1590 2115 1743 2169 novit
1785 2124 1839 2170 et
1874 2116 2029 2186 jubet
2060 2126 2115 2173 et

531 2212 671 2280 vult,
719 2226 807 2266 res
852 2210 1071 2264 illorum
1106 2208 1521 2263 administrans.
1561 2206 1768 2263 Revera
1801 2209 1945 2263 enim
1981 2210 2112 2265 ube-

533 2318 623 2359 res
674 2318 773 2372 pro
824 2302 933 2358 illis
988 2301 1256 2372 lacrymas
1314 2298 1593 2354 fundimus
1641 2313 2014 2369 :semperque
2056 2303 2109 2355 in

532 2399 710 2454 oeuiis
738 2399 943 2454 nostris
975 2397 1192 2453 illorum
1224 2396 1404 2451 vultus
1426 2404 1736 2460 versantur,
1764 2395 1893 2450 dum
1922 2409 2111 2452 eorum

534 2512 726 2566 preces
772 2498 1133 2567 imploramus
1193 2497 1440 2554 subsidio
1497 2496 1837 2567 negligentiae
1889 2504 2109 2548 nostr-az.

1732 360 1790 419 S.
1822 359 2216 419 THEODORI
2264 359 2612 420 STUDI'I'AE

3698 359 3800 421 908

2298 466 2572 538 Ἀνδρίζου
2611 461 2705 521 οῦν
2754 466 2848 520 καὶ
2880 466 3080 532 αὐτὸς,
3113 464 3310 535 ἀδελφέ
3354 464 3485 537 κῦρι
3535 464 3797 539 Εὐθύμιε·

2220 559 2385 613 καλὸν
2411 560 2602 630 ἀγῶνα-
2647 558 2925 631 ὴγωνίσω·
2961 558 3039 630 μὴ
3067 557 3488 629 ἀπολειφθῶμεν
3529 560 3797 631 ἀλλήλων,

2221 652 2340 721 φῶς
2385 652 2519 723 ἐμὸν
2558 652 2655 707 καὶ
2686 651 3016 722 σπλάγχνον·
3060 651 3139 721 μὴ
3174 649 3243 703 δι’
3270 649 3458 718 ὀλίγην
3492 652 3591 704 καὶ
3635 655 3801 725 πρόσ-

2221 762 2410 816 καιρον
2459 745 2719 810 εὐζωῖαν,
2769 744 3127 816 ἀπολέσωμεν
3162 742 3262 815 τὴν
3306 744 3589 814 μακαρίαν
3635 746 3798 817 ζωήν.

2220 838 2313 909 Μὴ
2351 839 2593 910 τερφθῇς
2618 840 2731 902 τοῖς
2764 837 3032 909 παροῦσιν
3059 836 3236 909 ἡδέσι,
3264 836 3359 891 καὶ
3402 836 3644 908 ὀκλάσῃς
3670 840 3803 908 πρὸς

2217 932 2288 986 τὰ
2315 932 2560 1004 θλιϐερά,
2606 925 2653 986 ὧ
2702 930 2919 1001 ἀδελφέ.
2957 931 3050 1001 Μὴ
3079 927 3263 1004 δώσῃς
3323 929 3490 983 νῶτα.
3532 930 3801 1001 Ἐτέριρθη

2218 1020 2312 1078 οῦν
2344 1025 2372 1077 ὁ
2407 1026 2664 1095 Χριστὸς,
2702 1024 2826 1078 ίδών
2853 1040 2914 1076 σε
2942 1023 3284 1092 τυπτόμενον
3319 1020 3460 1092 ὑπὲρ
3495 1020 3691 1075 αὐτοῦ·
3728 1024 3801 1094 μὴ

2218 1120 2471 1194 λυπήσῃς
2501 1121 2684 1187 αὑτὸν,
2711 1119 2966 1191 άγαπητέ
3004 1136 3128 1189 μου,
3161 1118 3297 1190 μηδὲ
3327 1118 3452 1181 τοὺς
3478 1121 3804 1189 περιχαρέν-

2215 1230 2313 1276 τας
2338 1213 2627 1281 ἀγγέλους,
2677 1212 2812 1284 μηδὲ
2850 1212 2942 1265 τὸν
2976 1212 3184 1283 Κύριον
3236 1209 3328 1264 τὸν
3382 1211 3635 1281 Πατέρα,
3671 1211 3802 1281 μηδὲ

2214 1307 2315 1377 τὴν
2348 1307 2442 1360 καὶ
2480 1305 2760 1375 Πνεύματι
2802 1304 2945 1375 ἁγίῳ
2980 1304 3277 1359 ὠδίνουσαν
3320 1304 3468 1375 ἡμᾶς
3495 1292 3803 1372 σεὸἇσμίαν

2215 1400 2467 1471 Μητέρα,
2503 1399 2635 1469 μηδὲ
2658 1399 2785 1461 τοὺς
2813 1396 3075 1466 ἀδελφούς
3108 1414 3203 1450 σου
3233 1397 3468 1460 πάντας·
3505 1396 3803 1466 ἐξαιρέτως

2214 1493 2334 1564 ἐμὲ,
2365 1492 2423 1545 ὃν
2449 1491 2628 1559 λέγεις
2657 1491 2831 1561 δῶρον
2861 1491 3057 1561 φιλεῖν.
3091 1489 3254 1559 Τρεῖς
3277 1489 3449 1559 ἐσμεν
3477 1488 3556 1559 (Ι)
3580 1487 3802 1556 ἀδελφοὶ

2211 1586 2275 1639 τδ
2313 1583 2457 1638 κατὰ
2518 1584 2738 1655 σάρκα,
2788 1582 2929 1635 ἔστω
2959 1581 3057 1635 καὶ⁵
3105 1581 3166 1634 τὸ
3217 1580 3359 1633 κατά
3402 1579 3668 1649 πνεῦμα·
3727 1579 3801 1650 μὴ

2213 1678 2571 1749 ἀτιμάσωμεν
2615 1675 2707 1729 τὸν
2759 1675 2941 1745 τίμιον
3021 1673 3116 1727 καὶ
3170 1672 3462 1745 θεαρχικὺν
3515 1672 3797 1743 άριθμόνξ·

2213 1770 2396 1840 δῶμεν
2455 1768 2685 1831 ἑαυτοὺς
2740 1766 2882 1838 ὑπὲρ
2933 1764 3155 1835 ἐντολῆς
3197 1763 3333 1818 Θεοῦ
3383 1764 3660 1833 πάσχειν,
3716 1763 3802 1817 ἵνα

2211 1865 2466 1935 ζήσωμεν
2490 1862 2580 1915 τὸν
2619 1860 2814 1916 αἰῶνα.
2840 1858 2997 1929 Λύπη
3037 1857 3081 1911 δ’
3109 1852 3201 1911 οὖν
3231 1857 3365 1928 ἡμῖν
3419 1857 3559 1922 ἐστι,
3593 1856 3801 1926 Πάτερ,

2213 1954 2427 2027 μεγάλη
2481 1953 2576 2007 καὶ
2628 1952 2717 2005 διὰ
2771 1953 2899 2014 τοὺς
2956 1948 3181 2011 λοιποὺς
3231 1947 3489 2015 γλυκίους
3536 1946 3802 2015 ἀδελφοὺς

2209 2046 2407 2117 ἡμῶν,
2459 2044 2577 2107 πῶς
2640 2045 2668 2097 ὁ
2709 2041 2915 2113 Κύριος
2956 2038 3301 2109 διευθέτησεν
3347 2038 3573 2102 αὐτούς.
3630 2036 3805 2090 Τοῦτο

2209 2140 2317 2210 γάρ
2371 2138 2447 2203 ὡς
2497 2134 2811 2207 ἁμαρτωλοὶ
2871 2132 3164 2204 εὐχόμεθα,
3215 2130 3304 2184 tua
3335 2129 3499 2195 αὐτὸς
3535 2146 3806 2201 μεριμνη·

2214 2232 2313 2302 τὴς
2358 2230 2538 2285 αὐτῶν
2568 2229 2818 2300 γένηται,
2847 2225 3127 2297 διοικητὴς
3148 2264 3164 2290 ,
3190 2225 3406 2294 δδηγδς,
3451 2222 3528 2287 ὼς
3566 2218 3682 2277 οἶδε
3710 2223 3805 2276 καὶ

2214 2324 2451 2388 κελεύει,
2486 2324 2580 2376 καὶ
2609 2321 2778 2385 θέλει,
2807 2318 2874 2373 τά
2904 2320 3026 2372 κατ’
3056 2318 3252 2379 αὐτοὺς
3289 2314 3673 2386 πρυτανεύων.
3712 2314 3805 2384 Τῷ

2215 2418 2328 2471 ὄντι
2370 2415 2480 2486 γάρ
2543 2413 2719 2482 πικρὰ
2764 2412 2976 2483 δάκρυα
3024 2406 3409 2478 ἀποστάζομεν
3462 2405 3532 2459 δι’
3562 2406 3802 2470 αὐτούς’

2216 2511 2310 2563 καὶ
2365 2508 2452 2562 ἐπ’
2485 2506 2802 2577 ὀφθαλμοὺς
2840 2502 3001 2575 ήμῶν
3047 2501 3138 2558 ἀεὶ
3164 2502 3221 2553 αἱ
3263 2499 3413 2569 ὄψεις
3446 2498 3631 2553 αὐτῶν
3660 2501 3805 2552 κεῖν-

539 2588 928 2644 Verumtamen
987 2600 1041 2645 tu
1084 2604 1186 2660 pro
1228 2590 1484 2645 omnibus
1537 2605 1779 2659 precare,
1822 2587 2002 2651 Pater,
2058 2596 2115 2640 ut

2220 2615 2324 2663 ται,
2358 2600 2457 2667 τὴν
2500 2598 2665 2668 εὐχὴν
2714 2597 2895 2651 ἀυτῶν
2929 2592 3201 2663 δεομένων
3266 2590 3349 2652 είς
3389 2589 3656 2660 βοήθειαν
3701 2590 3804 2658 τῆς

538 2684 861 2754 patientiam
914 2683 1328 2753 adipiscamur,
1380 2681 1696 2735 felicitatem
1729 2718 1744 2744 ,
1796 2678 2110 2749 praesidium

2220 2688 2704 2763 ῥᾳθυμίαςήμῶν.
2734 2686 2926 2755 Ὅμως
2968 2682 3156 2753 εὖχου,
3186 2674 3233 2735 ὧ
3259 2679 3465 2751 Πάτερ,
3496 2680 3644 2750 ὑπὲρ
3671 2681 3807 2735 πάν-

537 2791 567 2829 a
610 2774 743 2839 Deo,
794 2784 847 2830 et
892 2775 1156 2829 auxilium
1190 2774 1453 2829 adversus
1488 2771 1686 2827 diaboli
1738 2769 2111 2826 tentationes:

2220 2800 2346 2847 των,
2378 2779 2657 2851 ὑπομονὴν
2689 2775 2997 2849 κτήσασθαι
3045 2775 3213 2845 ἡμᾶς,
3280 2771 3561 2842 εὐτυχίαν,
3592 2772 3807 2842 σκέπην

537 2880 612 2935 ειν
655 2868 800 2939 (ιιιοιι
849 2867 957 2923 Deo
996 2868 1282 2938 Ριθουθτίίς
1322 2876 1381 2921 ιιι
1429 2875 1478 2921 ιθ
1510 2866 1563 2920 in
1615 2880 1798 2930 came:
1839 2874 1929 2918 θυι
1977 2863 2115 2918 alios
2217 2878 2282 2930 ἐκ
2304 2875 2458 2942 Θεοῦ,
2483 2876 2576 2928 καὶ
2604 2872 2856 2943 βοήθειαν
2902 2871 2968 2923 ἐκ
2989 2868 3100 2921 τῶν
3131 2865 3457 2939 πειρασμῶν
3486 2864 3585 2918 τοῦ
3624 2864 3808 2917 διαϐό-

538 2962 738 3015 fratres
771 2971 990 3015 nostros
1031 2960 1311 3016 videamus
1346 2978 1358 3013 :
1395 2959 1506 3023 fiat,
1545 2959 1657 3012 fiat.
1689 2956 2016 3022 Quaesumus
2062 2964 2115 3009 et

2220 2968 2346 3022 λου·
2385 2968 2477 3021 καὶ
2508 2965 2534 3018 ὃ
2566 2964 2790 3035 ἀρέσκει
2818 2960 2896 3032 τῷ
2926 2959 3064 3031 Θεῷ,
3100 2960 3230 3032 περὶ
3257 2956 3351 3011 τοῦ
3390 2958 3448 3010 ἐν
3478 2957 3649 3027 σαρκὶΙ
3675 2955 3807 3008 ἰδεῖν

538 3053 805 3107 audemus
852 3068 917 3107 ex
968 3053 1128 3107 nobis
1181 3054 1418 3107 salutare
1479 3050 1692 3105 dulcem
1746 3049 1967 3103 fratrem
2013 3061 2115 3101 no-

2222 3073 2281 3109 σε
2299 3054 2331 3125 ἢ
2346 3054 2473 3117 τοὺς
2488 3051 2751 3121 ἀδελφοὺς
2769 3050 2947 3123 ἡμῶν,
2963 3051 3193 3119 γένοιτο,
3210 3048 3441 3117 γένοιτο.
3454 3045 3703 3117 Δεόμεθα
3712 3046 3808 3099 καὶ

540 3156 743 3210 strnrn,
790 3146 834 3200 si
894 3156 1075 3200 tecum
1110 3156 1215 3211 est,
1267 3155 1361 3198 aut
1412 3144 1457 3199 si
1518 3142 1642 3213 quis
1698 3140 1839 3195 alius
1885 3138 2114 3193 fratrum

2222 3100 2515 3217 τολμῶμεν
2544 3100 3260 3213 ιξῆιζῶξξέρᾅὲἆῷῥρεξᾶἆι
3286 3100 3380 3192 τδν
3408 3100 3619 3205 γλυκῦν
3648 3137 3808 3208 ἡμῶν

540 3248 879 3300 nostrorum,
925 3238 1177 3309 quisquis
1238 3238 1345 3292 erit
1394 3236 1483 3291 cui
1542 3233 1841 3290 nuntiabis.
1905 3230 2115 3287 Salutat

2223 3233 2475 3302 ἀδελφὸν,
2519 3232 2679 3303 εἴπερ
2712 3230 2830 3283 ἐστὶ
2868 3229 3007 3301 μετὰ
3041 3227 3160 3294 σοῦ,
3193 3228 3225 3298 ἦ
3260 3226 3353 3280 καὶ
3386 3224 3547 3288 ἄλλος
3572 3224 3807 3295 ἀδελφὸς

540 3346 755 3387 mecum
796 3339 1039 3386 sanctam
1079 3330 1317 3385 animam
1349 3340 1495 3384 tuam
1537 3328 1795 3383 dominus
1821 3327 2115 3389 diaconus,

2223 3324 2383 3396 ἡμῶν
2416 3321 2525 3389 οἶος
2555 3324 2623 3378 ἂν
2661 3321 2719 3399 ᾗ,
2757 3323 2860 3377 κᾶν
2890 3323 3104 3396 φθάσῃς
3149 3320 3409 3391 μηνύσαι.
3464 3319 3803 3384 Ἀσπάζεται

542 3434 593 3477 et
621 3432 771 3491 pater
805 3430 1013 3485 noster,
1054 3422 1307 3491 egregius
1332 3420 1498 3476 frater
1526 3435 1702 3484 meus,
1737 3429 1790 3473 et
1821 3418 1963 3473 filius
1993 3426 2115 3473 tuus

2222 3416 2280 3470 δὲ
2337 3416 2435 3470 σὺν
2485 3415 2613 3486 ἐμοὶ
2642 3415 2743 3486 τὴν
2772 3414 2936 3483 ἁγίαν
2978 3430 3072 3467 σου
3099 3411 3276 3482 ψυχὴν
3322 3413 3351 3465 ὁ
3393 3410 3585 3481 κύριος
3622 3412 3810 3468 διάκο-

542 3530 863 3571 mconomus
913 3515 1094 3570 caeteri
1120 3513 1419 3570 honorandi
1446 3511 1639 3567 fratres
1669 3520 1724 3566 et
1750 3509 2115 3568 desiderandi.

542 3607 650 3667 Ora
682 3623 781 3678 pro
826 3609 1006 3674 nobis,
1039 3608 1220 3671 Pater,
1262 3607 1422 3661 enixe
1453 3616 1511 3661 et
1548 3607 1901 3671 incessanter,
1942 3617 1999 3658 ut
2024 3604 2121 3673 ju-

546 3697 658 3755 bes.
684 3700 840 3753 Aliud
874 3701 1018 3754 enim
1046 3700 1227 3756 dicere
1257 3714 1366 3753 non
1402 3697 1681 3753 habemus.

1128 3977 1189 4030 II.
1220 4008 1290 4018 —
1318 3977 1518 4031 Eidem.

2223 3526 2313 3572 νος
2351 3507 2428 3579 (2)
2460 3510 2556 3561 καὶ
2584 3508 2773 3578 Πατὴρ
2805 3503 2985 3575 ἡμῶν,
3032 3504 3061 3556 ὁ
3092 3502 3259 3566 καλός
3295 3519 3394 3572 μου
3418 3501 3670 3570 ἀδελφὸς,
3712 3505 3809 3558 καὶ

2220 3600 2409 3653 τέκνον
2438 3616 2553 3660 σου,
2581 3599 2609 3650 ὁ
2638 3595 2940 3666 οἰκονόμος·
2972 3595 3024 3647 οἱ
3048 3592 3223 3647 λοιποὶ
3259 3592 3431 3662 τίμιοι
3460 3593 3683 3661 ἀδελφοὶ
3712 3597 3809 3651 καὶ

2215 3689 2607 3761 πολυπόθητοι.
2639 3686 2814 3756 Εῦχου
2846 3688 3000 3758 ἡμῖν,
3027 3682 3237 3757 Πάτερ,
3268 3682 3488 3754 Θερμῶς
3516 3682 3615 3738 καὶ
3648 3684 3807 3740 seu.

2224 3783 2499 3847 λείπτως,
2539 3779 2615 3842 ὡς
2657 3777 2918 3842 κελεύεις.
2976 3777 3043 3832 Τί
3098 3774 3210 3849 γάρ
3267 3774 3398 3831 ἄλλο
3438 3773 3647 3845 λέγειν,
3704 3779 3809 3834 οὐκ

2232 3881 2448 3952 ἔχομεν.

2756 3974 2832 4028 B'.
2866 3997 2931 4012 —-
2962 3971 3047 4039 Τῷ
3074 3970 3256 4038 αὐτῷ.

703 4096 962 4148 Platonem
986 4098 1177 4162 magnis
1201 4098 1349 4151 effert
1370 4098 1596 4149 laudibus
1626 4115 1635 4147 :
1676 4108 1796 4159 tum,
1824 4108 1898 4222 ut}
1901 4100 1947 4148 in
1974 4105 2205 4172 suscepta
2224 4096 2460 4209 vgaitatis’
2478 4093 2772 4220 defensione
2799 4098 3111 4155 perseveret,
3136 4106 3307 4143 rursus
3326 4093 3638 4143 cohortatur.

1900 4175 2098 4211 aromus
2120 4177 2199 4212 an.
2230 4162 2256 4211 7
2326 4197 2338 4221 ,
2362 4173 2411 4208 ιι.
2470 4196 2482 4210 .

1900 4165 2098 4211 aronius
2120 4162 2199 4212 an.
2230 4162 2338 4221 790,
2362 4173 2411 4208 ιι.
2434 4162 2482 4210 7.

610 4289 728 4345 Jarn
776 4292 975 4350 iterum
1025 4294 1092 4349 ad
1128 4304 1179 4349 te
1219 4295 1423 4362 scribo,
1475 4295 1755 4349 dominum
1803 4304 1856 4350 et
1902 4293 2118 4349 Patrem

2295 4289 2609 4362 Δεύτερεύω
2644 4290 2769 4359 ἄρτι
2819 4287 3048 4358 γράφων
3096 4283 3254 4358 [cod.
3308 4285 3512 4359 Regius
3542 4292 3806 4363 ἀντιγρά-

540 4397 745 4437 meum.
777 4382 972 4439 Nescio
1023 4398 1091 4439 an
1132 4385 1345 4441 litteras
1396 4402 1542 4440 meas
1584 4387 1880 4455 acceperis.
1940 4386 2115 4455 Atque

2223 4383 2362 4457 φων]
2396 4386 2532 4454 πρὸς
2564 4382 2654 4434 τὸν
2690 4380 2851 4449 κῦριν
2892 4379 2989 4435 καὶ
3025 4379 3248 4448 Πατέρα
3285 4397 3410 4449 μου.
3444 4381 3558 4437 Ούκ
3600 4380 3721 4439 οἶδα
3750 4388 3802 4440 εἰ

539 4476 595 4527 in
642 4475 748 4528 illis
797 4477 1016 4547 quidem
1052 4477 1199 4549 quod
1240 4489 1454 4548 tempus
1510 4479 1780 4548 exigebat,
1828 4479 2006 4549 quoad
2062 4480 2115 4533 in

2220 4476 2388 4541 ἐδέξω
2431 4476 2501 4529 τά
2548 4473 2871 4545 γράμματα.
2923 4473 3036 4526 Καὶ
3078 4473 3136 4527 ἐν
3179 4473 3416 4536 ἐκείνοις
3459 4468 3575 4542 οῦν,
3603 4477 3661 4529 ετ
3682 4495 3738 4531 τι
3771 4481 3802 4532 ὁ

540 4568 698 4622 nobis
730 4567 854 4635 fuit,
897 4569 1116 4640 indigne
1145 4570 1292 4636 licet,
1328 4571 1523 4626 elocuti
1566 4587 1778 4627 sumus.
1806 4570 1961 4627 Nunc
1987 4586 2115 4627 vero

2220 4569 2411 4639 καιρὸς
2442 4565 2663 4638 ἀπῄτει,
2696 4565 2792 4619 καὶ
2821 4559 2890 4635 ἦν
2916 4566 3049 4635 ἡμῖν
3086 4565 3163 4627 είς
3194 4563 3444 4635 δύναμιν,
3481 4566 3720 4633 ἀναξίως
3750 4570 3801 4623 δ’

538 4672 661 4726 quae
712 4670 1044 4729 congruunt,
1094 4673 1148 4716 et
1202 4663 1512 4733 suppeditat
1568 4664 1729 4730 Deus,
1774 4664 1843 4719 ad
1893 4664 2115 4720 humilis

2220 4656 2333 4724 οῦν,
2367 4661 2515 4730 ὅμως
2542 4655 2949 4728 ἐφθεγξάμεθα.
2977 4657 3088 4709 Καὶ
3121 4656 3246 4726 ἄρτι
3276 4656 3333 4709 δὲ
3363 4657 3465 4711 ὅσα
3487 4658 3798 4725 ἐπιϐάλλει,

536 4750 736 4803 animae
787 4766 921 4805 mea:
965 4754 1279 4819 utilitatem,
1334 4765 1429 4810 aut
1472 4755 1540 4809 ad
1588 4766 1692 4810 tua:
1735 4757 1920 4820 etiam,
1966 4757 2112 4826 quod

2220 4753 2313 4806 καὶ
2337 4751 2471 4805 διδοῖ
2496 4750 2625 4812 Θεὸς
2652 4752 2737 4802 ἐπ’
2771 4749 3012 4819 ὠφελείᾳ
3042 4747 3139 4819 τῆς
3170 4748 3432 4819 ταπεινῆς
3458 4767 3561 4819 μου
3589 4751 3798 4825 ψυχῆς,

540 4841 834 4896 audentius
859 4840 1003 4908 dico,
1036 4846 1508 4915 magnanimitatis
1540 4846 1990 4909 consolationem,
2029 4862 2115 4915 pa-

2220 4847 2250 4916 ἦ
2283 4846 2378 4899 καὶ
2407 4845 2541 4916 πρὸς
2576 4844 2946 4914 παρηγορίαν,
2984 4842 3199 4912 τολμῶν
3226 4842 3390 4911 λέγω,
3421 4844 3523 4915 τῆς
3559 4847 3661 4915 σῆς
3694 4865 3799 4919 με-

540 4946 641 4998 ter,
685 4934 962 5003 adjiciam.
1003 4937 1117 4992 Hoc
1161 4939 1328 5004 enim,
1368 4948 1427 4992 ut
1458 4941 1596 4995 alias
1641 4956 1803 5010 sa-pe,
1850 4942 1921 4995 ita
1969 4957 2115 4997 nunc

2220 4938 2583 5007 γαλοψυχίας,
2617 4931 2662 4989 ὦ
2683 4936 2888 5006 Πάτερ,
2924 4935 3365 5005 προσερήσομεν.
3400 4937 3574 4992 Τοῦτο
3597 4939 3679 5004 δὲ,
3720 4943 3799 5005 ὡς

540 5026 663 5079 dico
706 5040 771 5079 ac
799 5026 1057 5096 proﬁteor
1090 5045 1102 5081 :
1130 5028 1174 5082 si
1204 5045 1310 5098 qua
1344 5030 1397 5083 in
1435 5046 1520 5085 me
1561 5041 1644 5086 est
1684 5031 1894 5086 dicendi
1928 5032 2027 5096 vis,
2062 5042 2115 5087 et

2220 5031 2501 5093 πολλάκις,
2538 5032 2633 5083 καὶ⁵
2658 5025 2754 5081 νῦν
2782 5028 2927 5096 λέγω
2958 5028 3053 5081 καὶ
3083 5028 3493 5099 ἀπολογοῦμαι·
3516 5032 3598 5085 ὄτι
3628 5033 3686 5086 εῐ
3711 5051 3801 5098 τις

540 5117 772 5172 facultas
827 5118 1102 5173 scribendi
1154 5122 1666 5191 quantulacunque,
1724 5137 1833 5175 non
1894 5131 2113 5191 propter

2220 5124 2374 5192 λόγος
2403 5126 2459 5175 ἐν
2489 5123 2613 5194 ἐμοὶ
2645 5123 2737 5175 καὶ
2764 5121 3139 5193 ἐπιτηδειότης
3162 5121 3278 5183 πῶς
3300 5139 3431 5174 ποτε
3461 5126 3636 5197 μικρά
3664 5131 3799 5198 περὶ

539 5224 625 5263 me
660 5209 933 5266 infelicem
964 5210 1231 5267 famulum
1274 5223 1423 5267 tuum
1451 5213 1629 5269 datam
1670 5215 1859 5278 fuisse,
1897 5215 1991 5268 sed
2035 5217 2111 5270 tui

2220 5215 2313 5267 τοῦ
2345 5214 2602 5285 γράφειν,
2635 5216 2697 5268 ού
2738 5214 2806 5268 δι’
2836 5214 2938 5284 ἐμὲ
2963 5215 3055 5268 τὸν
3082 5214 3265 5269 ἄθλιον
3289 5216 3478 5272 δοῦλόν
3510 5237 3604 5273 σου
3632 5222 3801 5275 δεδώ-

572 5387 593 5417 δ
650 5387 669 5440 l
710 5388 851 5443 Tim.
879 5406 953 5456 tv,
981 5392 1035 5443 7.

2054 5530 2280 5587 ΝΟΤιιΕ.

606 5643 683 5713 (1)
708 5642 1090 5716 Τρεῖςῗέσμεν.
1110 5643 1450 5716 Theodorus,
1480 5644 1772 5716 Josephus,
1799 5646 1890 5711 qui
1919 5648 2100 5701 archi-

534 5716 827 5786 episcop_t_is
864 5715 1371 5770 Thessalonicensis
1409 5717 1529 5778 f'nit,
1558 5715 1986 5786 et’Eutltymius,
2008 5735 2100 5773 su-

536 5783 631 5854 pra
668 5785 721 5839 itt
744 5783 1017 5841 Theodori
1044 5786 1186 5851 Vita,
1212 5802 1362 5839 nunt.
1400 5787 1452 5845 τ,

2208 5721 2219 5733 ⁸
2280 5651 2596 5735 (ξλιίὐριος
2622 5655 2923 5735 διάκονος.
2980 5658 3141 5735 Forte
3194 5659 3543 5735 Nattcratiuj.
3574 5664 3638 5716 de
3685 5679 3797 5733 quo

2208 5722 2259 5802 in
2300 5722 2568 5802 Theodori
2595 5726 2764 5802 _Vita,
2813 5722 2965 5802 ntt'nt.
2998 5731 3100 5787 126
3121 5775 3135 5800 ,
3166 5733 3231 5787 ad
3261 5748 3422 5802 quem
3472 5722 3797 5790 Theodorus

2207 5795 2389 5863 plures
2414 5796 2632 5867 scripsit
2674 5800 2951 5867 epistolas.
