3926 6476
183 441 290 504 909

1417 442 1537 500 EPl
1549 440 1952 500 STOLARUM
1987 443 2127 500 LIB.
2153 442 2198 499 I.

3334 446 3442 512 910

185 565 371 621 ρηται,
416 546 532 601 ἀλλ’
565 545 730 599 ἕνεκα
764 544 856 597 σοῦ
891 542 982 598 τοῦ
1030 543 1243 614 ἔχοντος
1273 543 1372 615 τὴν
1406 546 1635 613 ἄφθονον
1667 545 1751 614 χά-

1872 560 2062 610 causa,
2107 548 2200 616 qui
2256 547 2532 616 cepiosam
2577 547 2629 601 in
2670 547 2836 603 corde
2881 549 3266 608 scaturientem
3319 570 3446 624 ενα·

182 658 266 711 ριν
305 641 364 692 ἐν
401 638 603 708 καρδίᾳ
631 637 1006 709 πηγάζουσαν.
1037 636 1154 689 Καὶ
1180 635 1265 688 διὰ
1280 637 1458 689 ’τοῦτο
1488 637 1767 707 ἡδομένως

179 735 274 786 καὶ
315 733 619 802 χαιρόντως
652 721 814 800 ἔργον
858 730 1004 801 ἔχεις
1051 729 1326 792 παιδεύειν
1369 729 1465 784 κα.)⁸
1497 729 1764 798 σοφίζειν,

177 824 240 876 οὑ
287 822 452 891 μόνον
480 822 652 891 ἡμᾶς,
702 820 795 883 οὓς
839 820 914 883 ὡς
964 819 1282 888 ἀδελφιδοῦς
1317 821 1590 889 οἰηθέντες
1623 821 1767 883 τινὲς

178 913 611 982 ἀπεσφάλησαν,
643 913 779 966 ἀλλὰ
813 915 906 966 καὶ
932 913 1140 976 πάντας
1166 914 1326 978 ὅσους
1358 917 1422 967 ἐκ
1454 914 1766 984 πνεύματος

177 1010 422 1077 ᾕνεγκας
459 1006 609 1079 υίούς
651 1023 710 1058 τε
743 1006 842 1058 καὶ
870 1005 1071 1068 παῖδάς
1102 1023 1217 1059 σουο
1252 1007 1346 1060 καὶ
1384 1007 1466 1059 ὅτι
1490 1006 1762 1076 ἀληθεύω,

176 1100 348 1164 ἔδειξε
388 1101 458 1153 τὰ
489 1101 792 1170 πράγματα
840 1099 981 1170 ὑπὲρ
1021 1099 1119 1152 σοῦ
1161 1099 1417 1170 ἀληθινοῦ
1466 1100 1764 1172 ποιμένος,

174 1193 270 1247 τοῦ
304 1194 405 1264 τὴν
433 1193 613 1263 ψυχὴν
645 1192 954 1254 τεθεικότος
988 1191 1131 1262 ὑπὲρ
1169 1192 1315 1246 ἰδίων
1349 1191 1657 1262 προϐάτων·
1691 1193 1767 1255 ὡς

174 1289 239 1342 ἂν
273 1289 353 1358 μὴ
406 1289 866 1358 παρατραποῖμεν
901 1286 1005 1353 ἐξω
1042 1304 1147 1339 που
1174 1287 1275 1357 τῆς
1299 1287 1581 1356 ἀληθείας,
1611 1289 1764 1359 αίρε-

172 1382 465 1448 τισάμενοι
512 1377 642 1449 [ms.
690 1378 824 1448 Reg.
859 1376 1244 1449 αἱρησάμενοι]
1290 1362 1434 1449 τάχα
1466 1379 1767 1450 προθύμως

174 1472 270 1522 καὶ
313 1470 379 1522 τὸ
436 1471 637 1522 οίκεῖον
682 1463 821 1538 αἷμα
870 1468 1127 1522 κενῶσαι.
1180 1469 1328 1540 Αῦτη
1364 1465 1457 1524 οὖν
1510 1471 1766 1542 ποιμένος

174 1558 436 1628 ἀληθινοῦ
464 1558 782 1622 ἐπιστασία,
811 1557 1168 1629 διελέγχουσα
1197 1562 1324 1621 τοὺς
1353 1561 1761 1634 ψευδωνύμους,

174 1651 267 1705 καὶ
297 1651 474 1712 ὅντως
501 1649 832 1719 δεικνυμένη
858 1649 949 1720 in};
975 1650 1093 1720 Θεῴ
1131 1652 1224 1704 καὶ
1261 1652 1439 1723 Πατρὶ
1469 1655 1563 1708 καὶ
1601 1659 1757 1725 ἀρχι·

173 1745 402 1812 ποίμενι
434 1742 680 1809 ἐπάξιος.
728 1742 812 1794 Τά
838 1742 926 1795 διὰ
958 1743 1019 1795 σὲ
1063 1744 1355 1814 τοιγαροῦν
1389 1749 1765 1819 κεχαρισμένα

175 1859 264 1909 μοι
285 1834 595 1907 δλιγοστῶς
629 1837 746 1901 πώς
777 1855 857 1891 σοι
887 1839 1172 1909 προσάγω
1211 1843 1306 1894 καὶ
1349 1841 1397 1896 εῐ
1425 1843 1763 1914 δρεπόμενος

171 1932 298 1995 τοὺς
337 1931 450 1983 τῶν
499 1929 955 2000 καταϐληθέντων
1002 1949 1086 1985 σοι
1134 1931 1616 2004 πολυφροντίστως
1665 1937 1758 1989 καὶ

171 2023 426 2090 ἀφθόνως
466 2020 804 2092 σπερμάτων
835 2021 911 2085 ὡς
953 2021 1159 2091 ἀγαθὸς
1192 2023 1472 2093 γεωργὸς,
1503 2026 1628 2089 τοὺς
1658 2028 1763 2080 οὐκ

171 2111 264 2165 οἷδ’
303 2115 458 2175 ὅπως
487 2112 703 2182 εἴποιμι
739 2112 1092 2183 ίσχνοφόρους
1122 2112 1392 2184 καρπούς.
1428 2113 1494 2166 Τί
1529 2111 1621 2168 οῦν
1651 2115 1763 2168 λοι-

172 2209 270 2260 πὺν
304 2208 449 2260 εῖπω
490 2206 802 2276 πρόσφορον
856 2204 953 2258 καὶ
998 2206 1361 2260 εύαπόδεκτον
1408 2210 1472 2278 τῇ
1525 2211 1590 2279 σῇ
1629 2210 1762 2282 ἁγίᾳ

169 2300 339 2370 ψυχῇ,
375 2299 562 2369 Πάτερ
602 2314 702 2367 μου
733 2296 1082 2365 γλυκύτατε;
1113 2297 1197 2361 τίς
1231 2315 1299 2368 με
1340 2298 1621 2370 διέστησεν
1653 2300 1760 2353 ἀπὸ

169 2391 261 2445 τοῦ
305 2390 402 2444 σοῦ
450 2388 744 2452 ἀειποθοῦς
778 2387 1111 2458 προσώπου;
1159 2389 1260 2460 τῆς
1298 2390 1592 2459 ήδυλαλοῦς
1639 2409 1761 2445 συν-

169 2484 391 2554 τυχίας;
423 2483 526 2552 τῆς
557 2480 958 2552 σωτηριοποιοῦ
987 2480 1244 2551 ὁδηγίας;
1283 2481 1355 2535 Σύ
1387 2501 1487 2543 μου
1522 2485 1581 2537 τὸ
1617 2484 1755 2554 φῶς,

169 2580 197 2630 ὁ
229 2576 498 2645 ἀειφανὴς
522 2574 716 2644 λύχνος
740 2574 849 2628 τῶν
880 2576 937 2627 ἐν
961 2573 1112 2645 ψυχῇ
1142 2576 1435 2631 σκοτεινῶν
1459 2577 1755 2648 λογισμῶν·

172 2668 372 2738 ῥάϐδος
405 2665 862 2737 ὑποστηρίζουσά
894 2684 996 2735 μου
1039 2666 1101 2720 τὸ
1146 2667 1337 2724 ἄτονον
1378 2671 1477 2741 τῆς
1505 2672 1756 2742 καρδίας,

170 2760 416 2830 ἀθυμίας
457 2758 752 2830 μεταϐολὴ,
788 2759 1099 2830 προθυμίας
1148 2761 1380 2832 ἀλοιφὴ,
1413 2764 1754 2832 εὐαγγέλιον,

171 2853 336 2923 χαρά,
376 2852 566 2922 ἑορτὴ,
586 2851 823 2916 εὐδοξία.
862 2853 1025 2906 ΙἈνευ
1060 2851 1154 2906 σοῦ
1183 2854 1275 2906 καὶ
1301 2857 1328 2907 ὁ
1354 2854 1506 2924 ἥλιός
1543 2873 1633 2925 μοι
1659 2873 1756 2909 κα-

169 2949 375 3018 τηφής.
416 2944 564 3013 Ἐγὼ
611 2945 703 2997 τὸν
757 2945 897 3016 ἀέρα
956 2945 1180 3015 βλέπειν
1228 2946 1327 2998 οὐκ
1357 2947 1569 3017 ἤθελον,
1601 2949 1634 3019 ἦ
1667 2950 1756 3001 τὸν

171 3039 259 3090 σὺν
291 3036 662 3108 προσϐλέπειν
709 3037 1055 3108 χαρακτῆρα.
1099 3037 1264 3091 Οὐδέν
1299 3055 1386 3108 μοι
1411 3034 1478 3109 ἦν
1513 3040 1610 3109 ὴδὺ
1644 3040 1756 3093 τῶν

171 3131 259 3182 ἐπὶ
287 3130 418 3198 γῆς,
472 3129 545 3198 μὴ
591 3127 879 3200 παρούσης
925 3131 1024 3200 τῆς
1065 3129 1165 3196 σῆς
1200 3130 1509 3194 συνουσίας.
1549 3133 1613 3184 Τί
1647 3135 1755 3203 γὰρ

172 3223 384 3293 Πατρὸς
409 3221 672 3291 ἀληθινοῦ
706 3221 1111 3292 ποθεινότερον,
1143 3225 1240 3276 καὶ
1277 3224 1439 3277 τοῦτο
1484 3227 1578 3278 ἐπὶ
1614 3225 1750 3278 Θεοῦ
1779 3247 1822 3306 C

170 3312 624 3384 λαμϐανόμενονς
656 3308 778 3365 Οίδε
807 3312 965 3366 τοῦτο
993 3315 1124 3376 παῖς
1171 3315 1510 3387 φιλοπάτωρ,
1547 3319 1640 3371 καὶ
1670 3320 1751 3373 δν-

170 3422 270 3468 τως
326 3405 580 3473 γνήσιος.
639 3403 706 3455 Τί
746 3402 956 3458 πολλῶν
1012 3405 1276 3476 ῥημάτων
1322 3408 1509 3478 χρεία;
1551 3410 1751 3475 ἐξείπω

169 3499 300 3568 ὅπερ
329 3496 656 3550 ἐπάνθανον.
695 3495 819 3549 Ὅτι
853 3513 956 3566 μου
988 3497 1247 3563 πολλάκις
1277 3501 1467 3572 καὶμὴ
1495 3501 1752 3574 ὡρμημέ-

172 3609 256 3644 νου
293 3589 556 3660 ἔρχεσθαι
597 3592 655 3644 ἐν
684 3591 764 3658 τῷ
791 3591 933 3660 ἁγίῳ
963 3591 1160 3662 κελλίῳ
1189 3609 1304 3659 σου,
1337 3595 1751 3667 ἀνεπαισθήτως

171 3700 301 3749 πως,
331 3683 409 3744 ῶς
435 3699 582 3746 τινος
607 3683 883 3748 ἕλκοντος,
904 3683 1095 3753 ἐπῄειν
1120 3687 1260 3737 κατά
1304 3687 1596 3756 πρόσωπόν
1632 3705 1746 3740 cou-

171 3779 240 3840 ὡς
273 3777 540 3838 πολλάκις
572 3776 919 3847 ἐρωτῶντος,
949 3776 1014 3829 Τί
1042 3771 1209 3847 ﬁxae;
1240 3778 1465 3851 ἀπορεῖν
1508 3798 1574 3851 με
1623 3783 1750 3836 ἀπυ-

172 3866 475 3936 κρίνεσθαι,
501 3865 672 3929 οὕτως
708 3865 810 3936 τῆς
852 3867 1127 3938 σωτηρίας
1159 3885 1261 3938 μου
1311 3871 1369 3922 ἐν
1400 3873 1482 3924 σοὶ
1506 3873 1747 3943 ἀποκρε-

175 3959 444 4028 μαμένης.
481 3958 591 4011 Καὶ
620 3957 706 4020 τίς
734 3957 870 4030 πρὸς
894 3958 955 4011 τὸ
987 3958 1100 4028 φῶς
1131 3960 1230 4013 οὐκ
1257 3961 1562 4034 ἐπιτρέχει;
1604 3965 1748 4020 Ἀλλ’

172 4050 478 4121 εὐχαριστῶ
505 4049 581 4120 τῷ
594 4050 734 4120 Θεῷ,
758 4051 826 4104 δι’
842 4044 903 4104 οῦ
932 4069 1025 4105 σου
1050 4053 1391 4126 ὲξεσπάσθην
1423 4057 1527 4110 ὑπὸ
1547 4061 1747 4130 χειρῶν

171 4144 269 4196 τῶν
305 4145 674 4212 πατησάντων
703 4145 793 4196 τὸν
828 4145 991 4216 νόμον
1021 4146 1210 4211 αὑτοῦ,
1241 4149 1335 4202 καὶ
1364 4149 1659 4219 ὴργμένων
1689 4153 1747 4217 ἐξ

171 4236 384 4303 ὁμοίων.
424 4236 516 4306 Μὴ
542 4235 728 4298 αὐτοῖς
754 4236 1032 4307 λογισθείη
1059 4238 1261 4309 Κύριος
1287 4241 1314 4292 ὁ
1345 4241 1477 4304 Θεός
1511 4260 1611 4312 μου
1648 4244 1746 4316 τὴν

173 4327 457 4398 ἁμαρτίαν·
498 4325 642 4389 ἓλξοι
668 4326 723 4377 δὲ
754 4327 832 4388 είς
877 4327 1174 4396 ἐπίγνωσιν
1218 4330 1316 4383 τοῦ
1357 4332 1742 4403 τολμήματος,

172 4420 409 4472 κάκεῖνοι
451 4418 583 4487 περὶ
611 4417 764 4470 τοῦδε
789 4417 1074 4472 ἀνεύθυνοι
1112 4421 1428 4490 εὑρεθῶσιν.
1479 4425 1744 4479 Ἐνέκλει-

175 4510 261 4561 σάν
290 4525 373 4571 σε,
403 4506 481 4570 ὡς
511 4506 813 4576 ἐμάθομεν,
859 4509 920 4560 ἐν
971 4508 1201 4579 οἰκίσκῳ
1230 4511 1410 4583 μικρῷ
1461 4515 1536 4584 (5)
1557 4532 1570 4544 ⁸
1606 4515 1741 4570 ἀλλά

169 4601 255 4652 τοῦ
285 4597 520 4671 οὐρανοῦ
565 4616 625 4651 σε
675 4601 936 4669 οἰκήτορα
987 4600 1286 4668 ἀνέδειξαν.
1335 4604 1735 4678 Ἐφρούρησαν,
1769 4599 1815 4655 D

169 4694 261 4746 οὐκ
292 4693 529 4765 ᾔσθοντο
557 4692 638 4746 δέ·
682 4691 955 4762 θησαυρὸν
982 4693 1090 4762 γάρ
1122 4694 1414 4764 ὁμολογίας
1444 4698 1598 4751 Θεοῦ·
1632 4702 1739 4754 κάκ

169 4787 350 4839 τούτου
384 4788 569 4854 γνοῖεν
595 4784 641 4837 δ’
673 4783 761 4849 ἃν,
789 4785 948 4856 εῐπερ
969 4784 1238 4854 βλέψοιεν,
1272 4789 1352 4841 ὅτι
1386 4806 1446 4842 σε
1474 4791 1654 4862 τίμιον
1679 4795 1739 4846 ἐν

170 4879 468 4951 ἀνθρώποις
486 4877 813 4949 ἐγνώρισαν,
839 4877 934 4932 καὶ
959 4877 1151 4948 κόσμῳ
1179 4881 1464 4952 σωτήριον,
1491 4885 1585 4938 καὶ
1611 4887 1739 4939 πολ-

168 4967 271 5032 λοῖς
294 4969 638 5038 φιλοθέατον.

241 5061 436 5126 Ἐδὲξω
481 5062 579 5124 τὰς
606 5062 832 5132 ἀτιμίας
881 5064 978 5116 καὶ
1040 5063 1229 5132 ὕϐρεις
1281 5065 1421 5136 μετά
1470 5067 1730 5137 Χριστοῦο

168 5153 421 5224 ἐδιιὶιχθης
477 5153 554 5215 ὡς
606 5154 875 5226 μακάριος
897 5172 910 5186 ·
946 5156 1282 5227 ἐσκόρπισάν
1323 5175 1417 5211 σου
1438 5159 1506 5213 τά
1536 5163 1735 5230 πρόϐα-

166 5259 247 5310 τα,
285 5246 366 5298 ὅτι
413 5261 472 5297 σε
521 5243 614 5296 τὸν
661 5245 897 5314 ποιμένα
933 5247 1009 5310 ὡς
1065 5249 1300 5318 Χριστὸν
1347 5251 1642 5316 ἐπάταξαν.
1672 5257 1732 5309 Ei

167 5337 252 5389 καὶ
275 5335 552 5406 τολμηρὸν
604 5335 802 5400 εἰπεῖν,
855 5337 1004 5407 ὅμως
1043 5338 1208 5392 αὑτοῦ
1257 5340 1350 5394 καὶ
1394 5343 1426 5410 ἡ
1461 5344 1633 5414 φωνὴ,
1662 5351 1733 5402 Εἰ

1871 638 1998 691 tiam
2031 638 2218 692 babes.
2253 637 2489 707 Indeque
2533 639 2653 694 laeto
2681 655 2747 696 ac
2776 640 2962 694 libenti
2996 642 3258 711 animojd
3304 645 3438 714 agis.

1868 739 1929 783 ut
1983 730 2182 785 doceas
2229 739 2282 785 et
2321 730 2562 795 erudias,
2613 747 2718 785 non
2775 731 2935 786 modo
2993 747 3117 797 nos,
3158 749 3296 804 quos
3347 750 3446 803 pro

1867 823 2158 892 nepotibus
2188 823 2447 877 habentes
2476 824 2696 892 quidam
2724 823 3086 890 aberrarunt;
3127 826 3219 880 sed
3251 841 3444 881 omnes

1868 919 2024 979 adeo,
2055 925 2324 986 quotquot
2351 931 2418 970 ex
2447 918 2640 986 spiritu
2684 916 2824 971 ﬁlios
2850 918 3167 986 procreasti.
3195 917 3261 973 Et
3296 920 3442 989 quod

1868 1005 1978 1070 aio,
2002 1022 2190 1059 verum
2237 1021 2358 1061 esse
2401 1022 2488 1062 res
2516 1007 2822 1062 docuerunt
2854 1008 2920 1063 de
2954 1020 3004 1064 te
3031 1025 3161 1065 vero
3199 1022 3439 1081 pastore,

1868 1100 1958 1167 qui
1991 1114 2088 1168 pro
2113 1098 2226 1154 tuis
2255 1100 2450 1154 ovibus
2490 1101 2729 1153 animam
2759 1100 3012 1169 posuiSti,
3045 1118 3113 1157 ne
3143 1119 3376 1173 usquam
3407 1120 3439 1158 a

1867 1191 2098 1246 veritate
2141 1191 2528 1258 deﬂectamus;
2557 1194 2733 1262 parati
2776 1194 2858 1248 vel
2891 1195 3207 1264 sanguinem
3257 1196 3438 1266 ipsum

1867 1298 1975 1336 non
2021 1275 2244 1353 gravate
2285 1284 2633 1354 profundere.
2669 1284 2791 1338 “me
2827 1286 3011 1355 itaque
3047 1287 3159 1340 veri
3206 1290 3440 1357 pastoris

1867 1386 1951 1431 est
1987 1377 2288 1446 vigilantia,
2326 1377 2494 1433 falsos
2525 1379 2877 1450 redarguens,
2926 1390 2981 1434 et
3005 1379 3114 1434 Deo
3159 1397 3222 1436 ac
3271 1382 3436 1449 Patri,

1870 1479 2264 1539 pastorumque
2298 1470 2535 1540 Principi
2581 1486 2706 1525 vere
2756 1471 2974 1540 dignam
3026 1487 3086 1528 se
3149 1474 3434 1528 exhibens.

1868 1561 2000 1626 Quae
2033 1561 2196 1632 igitur
2221 1570 2442 1632 propter
2466 1572 2516 1617 te
2545 1562 2677 1616 mihi
2714 1563 2880 1634 gratis
2904 1579 3162 1620 concessa
3195 1565 3437 1629 fuerunt,

1869 1653 1986 1710 llaec
2023 1656 2116 1709 tibi
2145 1655 2342 1726 exigua
2368 1658 2603 1728 quadam
2646 1672 2714 1711 ex
2753 1666 2903 1726 parte
2931 1657 3101 1712 olfero
3135 1677 3149 1713 :
3182 1667 3237 1713 et
3269 1661 3439 1714 senii-

1868 1763 1998 1801 num
2035 1764 2157 1819 qua:
2189 1765 2382 1820 magna
2435 1766 2564 1805 cura
2596 1751 2817 1819 copiose
2858 1751 3130 1820 sparsisti,
3179 1761 3437 1821 tanquam

1869 1839 2046 1895 bonus
2081 1842 2342 1912 agricola,
2392 1843 2561 1897 exiles
2606 1842 2791 1897 nescio
2824 1857 2963 1912 quos
2991 1841 3204 1897 fructus
3253 1844 3437 1898 metis.

1792 1901 1836 1960 Β
1865 1932 2003 1999 Quid
2037 1949 2165 2002 ergo
2203 1947 2501 2003 congruum
2543 1933 2610 1987 de
2641 1944 2859 1998 caetero,
2894 1943 3207 2003 sanctzrque
3242 1934 3441 1989 animae

1865 2034 1972 2079 tuae
1999 2033 2304 2093 acceptum,
2341 2024 2662 2079 dulcissime
2693 2033 2865 2094 pater,
2897 2025 3212 2094 proferam?
3240 2023 3441 2094 Ecquis

1864 2131 1951 2170 me
1978 2130 2008 2168 a
2042 2131 2259 2185 semper
2291 2115 2527 2185 optanda
2557 2112 2698 2170 facie
2737 2124 2826 2169 tua
2860 2113 3166 2184 disjunxit?
3196 2129 3226 2168 a
3254 2112 3441 2170 suavi-

1861 2206 2028 2277 loquo
2072 2207 2410 2276 congressu?
2455 2221 2482 2259 a
2519 2205 2747 2262 salutari
2782 2206 2989 2261 ductu?
3026 2203 3108 2258 Tu
3150 2203 3242 2260 lux
3293 2219 3429 2268 mea,

1862 2309 1918 2353 tu
1995 2313 2209 2368 semper
2290 2299 2580 2367 splendens
2654 2298 2876 2352 lucerna
2964 2297 3435 2352 tenebricosarum

1861 2392 2057 2446 anima:
2100 2391 2492 2460 cogitationum
2550 2391 2746 2458 :virga
2801 2389 2984 2443 cordis
3043 2390 3147 2442 mei
3208 2389 3440 2460 languo-

1860 2502 1974 2539 rem
2021 2485 2271 2550 fulciens,
2310 2483 2562 2539 niceroris
2596 2482 2924 2553 proﬂigatio,
2957 2481 3254 2536 alacritatis
3297 2497 3437 2535 con—

1860 2576 2087 2638 ciliatio,
2117 2575 2319 2628 bonum
2361 2571 2636 2636 nuntium,
2665 2571 2948 2641 gaudium,
2984 2569 3205 2632 festum,
3237 2568 3432 2638 gloria.

1862 2661 1992 2717 Siue
2024 2673 2073 2716 te
2117 2664 2201 2717 sol
2246 2663 2364 2732 ipse
2394 2662 2528 2715 mihi
2562 2658 3199 2730 iujucunduszaereipso
3244 2672 3436 2711 carere

1859 2757 2153 2820 malebant,
2184 2771 2350 2825 quam
2387 2755 2498 2808 oris
2539 2752 2618 2807 tui
2648 2759 2945 2822 conspectu
2988 2749 3251 2804 fraudari.
3286 2749 3408 2803 Nihi

1857 2851 2104 2906 omnium
2133 2863 2254 2918 quae
2278 2848 2329 2901 in
2361 2856 2504 2901 terra
2535 2854 2682 2908 sunt,
2706 2858 2872 2899 suave
2898 2843 3031 2897 mihi
3055 2857 3175 2897 esse
3197 2848 3428 2910 poterat.

1857 2943 1900 2996 si
1932 2940 2270 2996 consuetudo
2305 2948 2396 2992 tua
2432 2938 2667 2992 deesset.
2707 2935 2848 3002 Quid
2896 2937 3039 2990 enim
3085 2949 3218 2990 vero
3251 2943 3306 2988 et
3346 2949 3432 2988 se.

1856 3036 2094 3092 cundum
2134 3034 2302 3089 Deum
2351 3042 2508 3102 patre
2549 3030 2884 3100 optabilius?
2927 3027 3089 3082 Novit
3131 3029 3233 3082 hoc
3288 3028 3432 3082 filius

1855 3131 2027 3199 patris
2057 3143 2269 3189 amans,
2302 3141 2367 3180 ac
2396 3140 2523 3181 vere
2556 3139 2869 3196 germanus.
2910 3123 3050 3188 Quid
3075 3122 3262 3176 multis
3293 3136 3432 3191 Opus

1856 3231 1937 3277 est
1971 3220 2191 3275 verbis?
2220 3219 2406 3275 Dicam
2439 3219 2584 3288 quod
2616 3217 2750 3272 mihi
2787 3216 3004 3270 accidit.
3042 3212 3430 3284 Sarpenumero

1860 3317 2028 3379 enim,
2061 3314 2277 3368 tametsi
2322 3314 2387 3368 ad
2434 3326 2648 3367 sacram
2681 3310 2933 3366 cellulam
2988 3318 3134 3364 tuam
3169 3309 3432 3362 accedere

1857 3424 1967 3465 nou
2001 3408 2392 3473 instituissem,
2445 3405 2565 3461 sine
2603 3420 2765 3460 sensu
2806 3403 2988 3466 flebat,
3034 3412 3094 3456 ut
3120 3403 3275 3470 quasi
3318 3411 3430 3453 tra-

1855 3503 2018 3557 hente
2062 3502 2246 3572 aliquo
2291 3501 2359 3555 ad
2399 3509 2450 3556 te
2495 3499 2738 3555 venirem
2770 3516 2782 3551 :
2815 3499 2884 3551 it-a
2915 3506 2973 3549 ut
3001 3496 3268 3549 adventus
3299 3511 3428 3548 cau-

1854 3612 1970 3651 sam
2025 3595 2407 3665 interroganti,
2455 3593 2585 3662 quid
2631 3604 2910 3654 causarer,
2957 3589 3272 3657 plet-umque
3319 3601 3429 3642 non

1856 3687 2158 3741 haberem:
2195 3698 2369 3754 usque
2413 3683 2547 3737 adeo
2592 3681 2740 3736 salus
2783 3695 2901 3734 mea
2933 3696 2998 3733 ex
3053 3689 3106 3733 te
3137 3677 3426 3744 pendebat.

1856 3777 1922 3832 Et
1948 3785 2151 3847 quotus
2184 3779 2419 3847 quisque
2450 3785 2534 3832 est
2563 3775 2655 3845 qui
2683 3774 2750 3829 ad
2784 3774 2967 3827 lumen
3001 3787 3105 3825 non
3141 3770 3430 3825 occurrat?

1854 3867 2056 3925 Verum
2090 3872 2291 3940 gratias
2318 3869 2429 3924 Deo
2460 3883 2586 3938 ago,
2619 3876 2839 3937 propter
2867 3881 3028 3935 quem
3055 3863 3084 3920 a
3119 3873 3171 3918 te
3201 3863 3427 3918 avulsus

1853 3979 1972 4018 sum
2033 3964 2251 4017 illorum
2301 3961 2574 4023 manibus,
2621 3959 2714 4029 qui
2753 3958 2869 4027 ejus
2917 3957 3087 4027 legem
3132 3957 3429 4011 conculca-

1850 4064 2000 4121 runt,
2034 4064 2085 4110 et
2122 4070 2151 4109 a
2193 4055 2470 4110 similibus
2504 4052 2688 4107 exorsi
2716 4059 2865 4107 sunt.
2896 4049 3012 4103 Non
3057 4051 3285 4119 imputet
3319 4049 3426 4102 illis

1852 4148 2116 4203 Dominus
2152 4146 2293 4202 Deus
2322 4160 2477 4201 meus
2513 4153 2824 4216 peccatum;
2863 4144 2955 4199 sed
3000 4143 3066 4198 ad
3105 4141 3426 4198 temeritatis

1849 4241 2181 4312 agnitionem
2230 4239 2352 4294 illos
2394 4238 2716 4309 compellat;
2759 4246 2819 4291 ut
2864 4237 3025 4293 nobis
3074 4237 3291 4307 quidem
3330 4252 3426 4305 pa-

1852 4346 1988 4390 trem
2039 4335 2361 4400 restituant;
2425 4333 2531 4402 ipsi
2589 4341 2770 4387 autem
2823 4346 3012 4400 pmnas
3070 4331 3190 4402 ejus
3255 4345 3423 4385 causa

1849 4443 1956 4482 non
1997 4426 2168 4480 luant.
2205 4424 2554 4479 Ineluserunt
2583 4433 2654 4489 te,
2704 4431 2764 4477 ut
2810 4422 3143 4492 accepimus,
3191 4431 3422 4492 angusta

1849 4519 1903 4573 in
1947 4519 2212 4585 aedicula;
2242 4527 2296 4571 at
2326 4517 2446 4572 (εωΙί
2484 4516 2657 4572 civem
2706 4524 2757 4571 te
2796 4516 3198 4570 renuntiarunt.
3242 4515 3321 4569 Te
3365 4513 3421 4569 in

1844 4612 2148 4668 custodiam
2190 4610 2441 4664 homines
2484 4622 2676 4664 sensus
2741 4615 2989 4676 expertes
3031 4608 3420 4675 coniecerunt.

1845 4704 2162 4759 thesaurum
2225 4700 2588 4756 confessionis
2638 4699 2852 4754 divinas.
2911 4698 3005 4753 Vel
3067 4700 3193 4754 hinc
3235 4708 3418 4754 autem

1843 4803 2220 4864 agnoscerent,
2273 4792 2318 4846 si
2363 4791 2493 4861 quid
2532 4790 2797 4856 viderent,
2843 4793 2986 4860 quod
3039 4799 3091 4846 te
3119 4792 3418 4861 pretiosum

1846 4888 1988 4957 apud
2019 4887 2268 4940 homines
2307 4883 2662 4948 ostenderint,
2700 4893 2752 4937 et
2782 4883 2986 4937 mundo
3017 4885 3336 4948 salutarem,
3365 4893 3419 4938 et

1845 4981 2035 5035 multis
2064 4980 2446 5049 expetendum.

1913 5074 2120 5128 Probra
2161 5082 2216 5128 et
2270 5071 2628 5126 contumelias
2683 5087 2806 5125 cum
2855 5072 3073 5125 Christo
3124 5071 3412 5140 pertulisti,

1843 5165 2276 5237 persecutionem
2331 5178 2520 5234 passus
2547 5179 2607 5218 es
2649 5173 2707 5218 ut
2760 5165 2949 5218 beatus
2996 5184 3008 5219 :
3045 5165 3417 5234 disperserunt

1841 5275 1971 5316 oves
2008 5269 2151 5323 tuas,
2184 5259 2312 5328 quia
2355 5268 2405 5312 te
2453 5269 2746 5327 pastorem,
2771 5259 2913 5314 sicut
2945 5257 3246 5325 Christum,
3285 5275 3412 5328 per-

1841 5363 2152 5410 cusserunt.
2212 5352 2324 5407 Etsi
2393 5352 2572 5407 dicere
2635 5351 2811 5406 audax
2860 5353 3124 5420 videatur,
3170 5363 3411 5411 attamen

1658 5457 1892 5519 NOTAE.

231 5539 303 5613 (Et)
340 5540 437 5591 Ἐν
463 5541 717 5613 οίκίσκφ
741 5610 758 5613 _
771 5539 982 5608 μικρῷ.
1005 5540 1386 5613 Theophanes
1424 5547 1490 5600 ad
1533 5563 1736 5606 annum

167 5615 213 5653 εἰ
246 5611 590 5664 Constantini
647 5620 702 5664 et
741 5610 949 5666 lrenes.
1000 5612 1057 5666 '0

169 5671 460 5760 Βωρδάνιον
474 5680 567 5732 τὸν
586 5681 874 5760 πατρίκιον
899 5683 993 5736 καὶ
1012 5671 1472 5760 ῥομέστικον-τῶν
1496 5671 1730 5760 Σχολῶν,

167 5753 252 5830 ita".
291 5751 543 5830 Ἰωάννην
572 5752 662 5803 τὸν
695 5753 926 5830 ιςόμητα
952 5753 1047 5830 τοῦ
1085 5751 1348 5830 Ὀφικίου,
1376 5760 1473 5830 ,καὶ
1501 5751 1729 5830 είσήγαλ

1839 5559 2116 5629 Παλατίῳ.
2149 5559 2442 5628 Imperator
2467 5558 2794 5613 Bardanium
2818 5562 3098 5629 patricium
3129 5571 3177 5616 et
3199 5561 3414 5615 schola-

1115 5613 1370 5700 βάσιλεῦς
1407 5617 1735 5698 ἀπέστειλεν

1857 5646 1954 5682 'um
1982 5613 2350 5696 domesticum,
2383 5641 2430 5684 et
2470 5629 2732 5683 Joannem
2766 5613 2949 5700 Ofﬁcii
2977 5635 3216 5686 comitem
3237 5635 3405 5698 misit,

1833 5701 1923 5774 qui
1955 5700 2234 5774 Platonem
2268 5701 2323 5752 in
2378 5702 2555 5774 urbem
2609 5701 2903 5765 inductum,
2938 5704 2991 5755 in
3038 5703 3304 5774 ergastulo
3338 5706 3407 5756 ad

1831 5769 2107 5842 Michaelis
2128 5771 2354 5842 caelestis
2379 5773 2584 5827 militia:
2605 5774 2856 5842 principis
2883 5775 2934 5826 iu
2956 5769 3160 5842 palatio
3179 5783 3408 5829 erectam

167 5821 364 5895 ἶΞντδν
387 5822 655 5895 Πλάτωνα
693 5822 771 5895 εἰς
804 5821 905 5895 τὴν
937 5825 1114 5895 πόλιν,
1150 5821 1244 5878 καὶ
1280 5821 1725 5895 ἁπέκλεισινεξς
1827 5821 2260 5895 ωάεηιηξηξίξιέίί,

180 5885 522 5964 Ἐγκεῖστραν
558 5891 618 5947 όν
651 5891 730 5962 τῷ
774 5885 885 5965 ναῷ
913 5894 1008 5949 τοῦ
1052 5885 1523 5968 ’Ᾱρχιστρατηγοῦ
1556 5903 1612 5953 ἐν
1643 5885 1720 5971 τιξῖ
