3926 6434
535 361 632 425 911

1718 357 1778 415 S.
1810 354 2200 416 THEODORI
2238 353 2585 414 STUDITE

3670 349 3778 415 912

536 467 698 539 ipsius
718 481 821 522 vox
843 475 927 522 est
953 485 963 519 :
983 464 1042 521 Si
1066 482 1146 521 me
1183 465 1437 536 persecuti
1462 473 1667 530 sunt,et
1688 481 1774 519 vos
1796 482 2099 535 persequens

2210 466 2314 535 ἐμὲ
2341 466 2623 529 ἐδίωξαν,
2665 465 2760 519 καὶ
2786 464 2942 534 ὑμᾶς
2992 461 3278 529 διώξουσι
3300 478 3312 495 ’
3345 462 3438 516 καὶ
3462 461 3650 525 τᾶλλα,
3680 465 3777 519 ὃσα

537 570 624 618 tur
651 563 706 625 ’ς
734 570 787 615 et
815 569 1029 625 caetera,
1065 575 1186 629 qua:
1220 559 1396 628 ipsum
1425 558 1764 628 sequentium
1796 559 2100 615 similitudi-

531 666 656 705 nem
697 650 1013 705 declarant:
1042 649 1103 705 Si
1130 659 1301 705 tamen
1348 649 1449 719 ipsi
1476 650 1846 719 compatimur,
1870 659 1930 704 ut
1978 665 2097 705 ma-

535 760 674 811 gnus
701 742 898 799 Paulus
922 745 1016 809 ait,
1057 752 1116 797 ut
1157 752 1207 796 et
1230 742 1683 812 congloriﬁcemur
1708 744 1750 799 ⁸.
1780 742 1956 812 Atque
1987 742 2102 798 haec

536 835 752 901 quidem
785 837 839 890 in
868 836 1013 890 hunc
1063 834 1304 889 modum.
1363 832 1493 887 Mihi
1517 847 1646 887 vero
1675 832 1902 904 prodigo
1937 841 1991 888 et
2017 833 2102 888 in-

537 922 721 992 digno,
746 924 950 979 sanctis
982 922 1234 991 precibus
1283 921 1415 983 tuis.
1466 920 1625 977 Pater
1651 921 1817 991 juste,
1848 922 2103 976 consola-

541 1016 739 1069 tionem
786 1016 927 1071 hanc
974 1016 1199 1087 largitus
1252 1025 1334 1071 est
1384 1014 1697 1069 misericors
1748 1012 1913 1080 Deus,
1957 1021 2018 1068 ut
2045 1020 2103 1068 et

540 1107 730 1175 spiritu
766 1115 944 1161 tecum
1001 1106 1125 1161 sim.
1165 1104 1257 1160 Sic
1287 1106 1431 1159 enim
1466 1120 1677 1176 semper
1706 1120 1829 1177 ago,
1865 1106 2022 1176 quasi
2052 1115 2103 1163 te

539 1199 771 1259 videam,
802 1198 958 1267 quasi
1022 1206 1199 1252 tecum
1264 1197 1479 1267 loquar,
1531 1198 1687 1268 quasi
1736 1198 2101 1268 precationem

541 1290 859 1358 percipiam,
891 1289 1046 1357 quasi
1086 1298 1355 1359 protegar,
1392 1290 1551 1358 quasi
1582 1298 1801 1346 mutuos
1823 1289 2103 1347 conferam

541 1392 820 1433 sermones
850 1379 914 1433 ad
938 1379 1310 1433 stabiliemlam
1335 1378 1729 1436 confessionem
1772 1395 1935 1452 quam
1969 1396 2105 1437 cono

545 1467 717 1524 lessus
747 1484 829 1522 es.
883 1470 953 1522 At
986 1469 1118 1522 mihi
1160 1470 1344 1524 videor
1393 1478 1639 1540 percepta
1686 1486 1815 1526 voce
1856 1482 1945 1526 tua
1990 1471 2107 1528 haec

541 1560 729 1612 audire
756 1576 769 1613 :
795 1557 994 1614 Pusille
1027 1558 1326 1624 Theodore,
1355 1561 1606 1630 exiguum
1637 1569 1720 1616 est
1745 1577 1927 1617 revera
1961 1562 2103 1631 quod

540 1650 828 1718 afﬂigimur
860 1667 875 1713 ;
906 1652 1032 1721 quia
1072 1666 1221 1720 spem
1249 1653 1558 1721 praeclaram
1586 1654 1743 1709 oﬂ'ert
1790 1654 1949 1709 Deus.
1981 1654 2105 1711 Haec

542 1742 670 1795 mihi
709 1752 839 1796 sunt
871 1744 1191 1807 consolatio,
1218 1744 1329 1797 haec
1357 1744 1699 1799 refocillatio.
1749 1745 1830 1800 Ne
1856 1745 2104 1800 reformi-

2202 558 2313 617 τοῖς
2358 554 2743 609 ἀκολουθοῦσιν
2785 554 2936 626 αύτῷ
2990 555 3147 627 φέρει
3206 554 3305 625 τὴν
3333 553 3736 608 ταυτοπάθειαν
3761 572 3775 588 ·

2203 646 2391 716 Εἴπερ
2432 648 2544 716 τὰρ
2600 645 3052 715 συμπάσχομεν
3088 644 3261 716 αὐτῷ,
3307 643 3383 708 ὥς
3412 660 3583 715 φησιν
3607 645 3637 697 ό
3680 645 3782 713 μέ-

2203 756 2305 808 γας
2338 738 2571 804 Παῦλος,
2615 739 2715 792 ἵνα
2760 737 2859 791 καί
2899 734 3435 806 συνδοξασθῶμεν.
3484 737 3598 789 Kal.
3634 737 3781 790 οὕτω

2207 831 2306 902 μὲν
2342 830 2541 885 ταῦτα.
2573 829 2732 900 Ἐμοὶ
2759 828 2817 883 δὲ
2842 828 2923 899 τῷ
2949 828 3146 898 ἀσώτῳ
3174 828 3270 883 καὶ
3297 827 3525 899 ἀναξίῳ,
3550 828 3642 881 διὰ
3667 827 3781 881 τῶν

2205 922 2312 976 σῶν
2343 922 2513 991 ἀγίων
2535 921 2732 992 εὐχῶν,
2786 920 2970 992 Πάτερ
3007 920 3207 988 δίκαιε,
3251 920 3547 992 ἐχαρίσατο
3575 922 3604 974 ό
3626 918 3781 989 ἐλεή-

2206 1033 2324 1087 μων
2345 1014 2549 1087 Κύριος
2587 1015 2951 1086 παράκλησιν,
2995 1015 3173 1069 καὶτὸ
3198 1015 3258 1068 ὲν
3294 1014 3569 1084 πνεύματι
3600 1014 3779 1066 συνεῖ-

2202 1110 2292 1165 ναί
2322 1126 2437 1165 σοι’
2469 1111 2586 1180 είμὶ
2626 1111 2735 1181 γὰρ
2778 1111 2866 1164 ἀεὶ⁵
2902 1110 2978 1174 ὡς
3024 1109 3166 1181 ὀρῶν
3209 1126 3269 1163 σε
3311 1108 3407 1162 καὶ
3435 1108 3644 1178 ὁμιλῶν
3674 1123 3778 1174 σοι,

2202 1201 2299 1255 καὶ
2320 1201 2395 1266 ὡς
2428 1202 2791 1272 κομιζόμενος
2816 1203 2915 1273 τὴν
2955 1202 3141 1273 εὐχὴν,
3168 1202 3261 1256 καὶ
3292 1201 3368 1266 ὡς
3417 1202 3777 1271 σκεπόμενος,

2202 1290 2297 1345 καὶ
2320 1288 2395 1354 ὡς
2422 1290 2595 1355 διδοὺς
2620 1291 2713 1343 καὶ
2746 1291 3039 1361 λαμϐάνων
3066 1290 3261 1360 λόγους
3286 1293 3367 1356 είς
3395 1292 3651 1362 ἐδρασμα
3680 1291 3780 1363 τῆς

2201 1381 2492 1452 ὁμολογίας
2520 1376 2589 1453 ἦς
2618 1382 2998 1453 ὡμολόγησας.
3040 1384 3153 1438 Καὶ
3182 1382 3325 1437 δοκῶ
3358 1400 3452 1436 σου
3471 1382 3780 1452 έπαῖούσης

2202 1474 2301 1539 τῆς
2327 1476 2510 1544 φωνῆς
2534 1473 2710 1527 ταῦτα
2735 1474 2978 1528 ἀκούειν’
3011 1474 3245 1528 Ταπεινὲ
3288 1474 3554 1546 Θεόδωρε,
3584 1474 3779 1546 μικρὸν

2203 1565 2371 1628 ὅντως
2403 1565 2885 1637 ταλαιπωροῦμεν,
2916 1565 3040 1619 ἐπεὶ
3070 1566 3241 1637 καλὴν
3274 1566 3431 1637 φέρει
3461 1567 3492 1620 ό
3516 1566 3651 1629 Θεὸς
3680 1567 3779 1637 τὴν

2202 1657 2415 1712 ἐλπίδα.
2449 1658 2633 1712 Ταῦτά
2675 1676 2766 1729 μοι
2813 1660 3151 1731 παρηγορία,
3192 1659 3362 1714 ταῦτα
3385 1659 3666 1731 ἀναψυχή.
3689 1660 3777 1732 Μὴ

2208 1751 2410 1824 δείσῃς,
2444 1751 2647 1822 Πάτερ,
2682 1751 2749 1805 δι’
2773 1753 2871 1822 ἐμὲ
2898 1753 2992 1807 τὸν
3019 1753 3204 1807 δοῦλόν
3244 1770 3339 1806 σου
3362 1754 3457 1807 καὶ
3490 1755 3779 1807 παντάπα-

538 1833 655 1895 des,
686 1830 866 1897 Pater,
898 1834 1000 1887 mei
1030 1848 1215 1898 causa,
1247 1835 1339 1903 qui
1387 1850 1577 1889 servus
1628 1845 1754 1890 tuus
1789 1852 1909 1890 sum
1945 1838 2099 1906 plane

2210 1859 2295 1895 σιν
2324 1820 2764 1914 ἀπερριμμένον.
2779 1820 2890 1897 Kal.
2908 1845 3018 1915 γάρ
3033 1847 3148 1916 είμι
3176 1844 3271 1899 τοῦ
3300 1844 3533 1915 ούρανοῦ
3560 1845 3778 1915 καὶτῆς

539 1922 805 1989 abiectus,
837 1924 960 1979 coeli
1001 1932 1266 1993 terraeque
1301 1926 1593 1993 piaculum,
1624 1927 1933 1982 mortalium
1980 1943 2099 1982 om-

539 2012 691 2065 nium
742 2012 1149 2081 frigidissimus.
1203 2010 1394 2067 Verum
1439 2024 1616 2069 tamen
1662 2016 1842 2072 dicere
1903 2018 2100 2082 audeo,

540 2110 799 2171 tanquam
829 2118 923 2172 spe
944 2104 1083 2159 bona
1114 2114 1306 2174 printer
1352 2106 1605 2161 meritum
1651 2107 1841 2175 fretus,
1882 2124 2101 2165 sursum

537 2203 809 2255 spectans,
848 2196 1234 2251 intercessione
1263 2206 1352 2251 tua
1378 2201 1779 2263 corroboratus.
1809 2217 1916 2257 non
1945 2202 2015 2257 ob
2038 2217 2101 2257 ea

535 2283 871 2341 insoles-cens
913 2302 1034 2356 quae
1061 2304 1254 2353 passus
1284 2305 1402 2343 sum
1442 2307 1455 2354 ;
1494 2291 1587 2345 sed
1624 2307 1712 2348 me
1741 2292 1917 2364 ipsum
1942 2296 2099 2349 dam-

536 2393 671 2430 nans
702 2380 904 2446 potius,
950 2380 1094 2448 quod
1121 2395 1229 2433 non
1265 2378 1495 2445 fortiter,
1544 2397 1643 2437 nec
1687 2394 1748 2437 ut
1771 2385 2013 2449 decebat,
2049 2395 2105 2441 et

534 2469 678 2537 quod
733 2483 922 2538 pauca,
955 2471 1266 2540 nulliusque
1324 2474 1608 2534 momenti.
1636 2475 1877 2531 vivificas
1916 2478 2101 2531 consia-

534 2560 732 2615 derans
758 2563 1041 2630 passiones
1062 2572 1398 2619 sanctorum.
1423 2564 1484 2618 In
1515 2566 1681 2621 multa
1720 2568 1863 2622 enim
1889 2578 2105 2637 marty-

534 2651 614 2702 ria
666 2650 827 2705 incidi
889 2650 1173 2705 duodecim
1210 2651 1573 2708 voluminibus
1625 2655 1915 2722 descripta,
1951 2654 2021 2707 ita
2046 2665 2104 2709 ut

534 2751 631 2792 cor
650 2738 1079 2806 obstupesceret,
1112 2756 1212 2795 nec
1241 2756 1325 2796 me
1352 2743 1555 2812 aliquid
1584 2760 1680 2813 pro
1711 2744 1927 2799 Christo
1982 2761 2103 2813 pas-

536 2846 656 2885 sum
690 2831 867 2888 dicere
907 2835 1185 2889 auderem.
1240 2832 1381 2899 Quid
1430 2851 1592 2904 porro
1645 2836 1878 2899 dulcius,
1920 2838 2100 2904 Pater,

535 2932 793 2994 tanquam
826 2940 1017 2981 servus
1042 2942 1294 2997 suggero,
1325 2943 1489 2999 quam
1522 2944 1619 2999 pro
1652 2930 1770 2999 ipso
1794 2932 1939 3001 pati?
1966 2930 2101 2988 Sur-

535 3034 656 3073 sum
712 3020 911 3089 aspice,
938 3020 1118 3085 Pater,
1149 3037 1311 3078 cerne
1344 3022 1656 3092 Dominum,
1698 3026 1905 3081 intuere
1943 3042 2104 3097 ange-

2201 1936 2305 2003 γῆς
2352 1935 2590 2007 μίασμα,
2631 1939 2725 1994 καὶ
2771 1938 2975 2001 παντὸς
3015 1938 3307 2009 ἀνθρώπου
3356 1938 3777 2008 κατεψυγμένος

2205 2026 2424 2095 μᾶλλον.
2470 2028 2617 2099 Πλὴν
2671 2029 2854 2100 τολμῶ
2900 2030 3079 2100 λέγειν
3105 2031 3203 2107 ,ὡς
3250 2030 3469 2096 ἀνάξιος
3526 2031 3775 2095 εὔελπις,

2201 2115 2314 2170 ἄνω
2337 2116 2549 2187 βλέπων
2580 2119 2751 2191 ρωννύ
2760 2138 2921 2192 μενος
2944 2121 3049 2176 ὑπὸ
3065 2122 3169 2193 τῆς
3196 2123 3294 2193 σῆς
3329 2124 3654 2194 πρεσϐείας.
3678 2125 3776 2178 οὐκ

2201 2207 2520 2263 ἀπευδοκῶν
2549 2214 2630 2276 είς
2651 2213 2922 2279 ἂέπαθον,
2956 2216 3407 2286 ἐπιμεμφόμενος
3430 2216 3485 2269 δὲ
3514 2218 3774 2285 ἐμαυτὸν,

2202 2303 2284 2357 ὅτι
2322 2303 2395 2374 μὴ
2421 2305 2682 2377 ἀνδρείως
2709 2313 2802 2364 καὶ
2831 2309 2971 2364 κατά
2993 2309 3172 2379 λόγον,
3212 2311 3307 2365 καὶ
3347 2311 3430 2365 ὅτι
3454 2310 3631 2377 δόλίγα
3685 2312 3777 2365 καὶ

2204 2394 2419 2459 οὐδενὸς
2470 2398 2596 2463 ἀξια
2652 2400 2873 2469 ἀφορῶν
2927 2400 3065 2470 πρὸς
3106 2400 3172 2456 τά
3212 2402 3453 2467 ζωοποιά
3492 2403 3642 2473 πάθη
3671 2405 3777 2457 τῶν

2203 2484 2396 2552 ἀγίων.
2432 2487 2677 2553 Ἐγένετό
2696 2507 2786 2559 μοι
2808 2489 2916 2562 γὰρ
2947 2491 3161 2545 πολλῶν
3193 2492 3434 2558 ἔντευξις
3460 2493 3778 2565 μαρτυρίων

2204 2576 2263 2628 ὲν
2299 2576 2505 2631 δώδεκα
2531 2578 2736 2645 δέλτοις
2754 2582 3271 2655 ἀπογεγραμμένων
3293 2602 3307 2613 ·
3329 2584 3471 2637 ὥστε
3500 2586 3778 2658 παταχθῆ-

2203 2685 2291 2721 ναι
2319 2669 2416 2740 τὴν
2440 2672 2690 2742 καρδίαν,
2716 2674 2808 2728 καὶ
2853 2676 2987 2746 μηδὲ
3012 2678 3214 2747 τολμᾷν
3244 2676 3428 2745 λέγειν
3454 2680 3542 2733 ὅτι
3572 2679 3778 2737 ἔπαθόν

2203 2774 2257 2812 τι
2286 2758 2375 2813 διὰ
2400 2760 2659 2831 Χριστόν.
2702 2765 2814 2818 Καὶ
2850 2766 2902 2818 τί
2940 2764 3294 2837 γλυκύτερον,
3341 2767 3545 2839 Πάτερ.
3573 2769 3779 2841 ύπομι-

2207 2850 2430 2919 μνήσκω
2455 2853 2530 2917 ὡς
2558 2854 2764 2919 δοῦλος,
2808 2855 2901 2910 τοῦ
2949 2856 3016 2909 δι’
3046 2857 3211 2910 αύτδν
3258 2859 3528 2929 πάσχεινς
3562 2862 3777 2933 ’Δθρει,

2207 2939 2416 3010 Πάτερ,
2459 2942 2600 2996 ἄνω·
2630 2945 2732 3015 ὅρα
2777 2945 2867 2998 τὸν
2897 2945 3120 3017 Κύριον,
3157 2947 3430 3003 ὲπόπτευε
3475 2951 3575 3014 τάς
3604 2954 3782 3023 ἀγγε-

2204 3031 2417 3096 λοθεῖας
2439 3050 2451 3064 ·
2484 3035 2760 3100 ἐνατένιζε
2790 3037 2888 3102 τάς
2922 3038 3304 3110 ἀγιοχορείαςτ
3341 3041 3416 3095 ίδε
3456 3043 3551 3097 ἐπὶ
3582 3044 3780 3115 θρόνου

536 3112 712 3166 lorum
735 3112 1036 3177 discursus,
1068 3113 1348 3169 considera
1371 3125 1684 3172 sanctorum
1713 3118 1908 3174 choros
1936 3137 1949 3173 :
1983 3120 2099 3174 vide

2203 3128 2409 3197 ὑψηλοῦ
2453 3130 2546 3184 καὶ
2589 3132 2905 3202 ἐπηρμένου
2942 3137 3036 3187 τὸν
3063 3134 3270 3207 Κριτὴν
3309 3134 3403 3189 τοῦ
3434 3112 3644 3207 κόσμου
3671 3156 3685 3170 ·
3720 3142 3783 3204 ὃς

535 3201 590 3255 in
641 3202 787 3256 edito
824 3210 878 3256 et
924 3202 1143 3257 sublimi
1194 3202 1334 3258 solio
1363 3202 1606 3261 Judicem
1660 3209 1871 3272 mundi,
1922 3210 2009 3277 qui
2053 3218 2104 3265 te

536 3293 747 3347 fidelem
776 3309 990 3348 servum
1024 3304 1526 3366 praeceptorumque
1560 3313 1786 3353 suorum
1822 3300 2101 3356 custodem

535 3382 958 3451 ρτυηυηιὶίιι)ἰῐ,ς
987 3391 1061 3448 et,
1107 3388 1251 3452 quod
1311 3384 1489 3452 majus
1547 3396 1651 3451 est,
1710 3387 2101 3446 confessorem.

535 3471 740 3526 Deinde
770 3487 1007 3541 quonam
1063 3480 1114 3526 te
1142 3472 1354 3527 mittet?
1382 3471 1498 3528 Non
1527 3474 1580 3528 in
1608 3474 1786 3545 ignem
1820 3487 2101 3543 aeternum,

536 3567 628 3635 qui
670 3566 771 3637 legi
823 3566 940 3636 ejus
995 3581 1101 3620 non
1137 3565 1500 3636 obsequentes
1527 3568 1725 3638 excipit
1754 3585 1768 3625 :
1797 3569 1890 3623 sed
1924 3569 1990 3623 ad
2025 3570 2105 3623 vi-

537 3659 669 3713 tales
694 3660 866 3725 sedes,
904 3660 970 3712 ad
1006 3658 1239 3728 quietem
1284 3658 1667 3724 immortalem,
1700 3661 1765 3714 ad
1821 3661 2103 3730 sempiter-

536 3766 660 3803 nam
700 3750 1135 3820 immensamque
1161 3750 1423 3813 laetitiam,
1449 3750 1626 3815 Intra,
1652 3752 1827 3821 inquit
1857 3754 2024 3817 enim,
2046 3754 2101 3806 in

534 3841 788 3909 gaudium
839 3839 1053 3893 Domini
1083 3841 1198 3893 tui"
1220 3880 1234 3895 .
1268 3838 1522 3894 Omnium
1564 3850 1810 3895 nostrum
1843 3844 1987 3897 oculi
2036 3845 2101 3897 ad

536 3941 587 3983 te
618 3930 897 3983 eollimant
923 3947 935 3983 :
964 3944 1153 3983 omnes
1177 3938 1228 3983 te
1250 3937 1427 3984 stante
1450 3931 1659 3999 magnis
1692 3940 1744 3985 et
1765 3933 1958 3987 erectis
1993 3932 2105 3987 ani-

536 4022 638 4074 mis
675 4036 885 4075 sumus.
938 4018 1095 4073 Adsit
1126 4020 1223 4074 tibi
1268 4020 1430 4073 etiam
1462 4028 1622 4090 atque
1647 4022 1805 4075 etiam
1839 4024 2100 4078 auxilium

526 4107 628 4165 Dei
650 4110 899 4165 muniens
930 4119 1004 4174 te,
1035 4112 1363 4165 confirmans
1396 4119 1467 4175 te,
1492 4112 1877 4168 constabiliens
1905 4124 1974 4180 te,
2000 4114 2103 4170 for-

536 4204 725 4256 tiorem
777 4188 1006 4257 reddens
1036 4211 1107 4257 te.
1168 4200 1269 4268 Qui
1333 4203 1500 4258 Deum
1564 4206 1744 4271 times,
1792 4222 1860 4261 ne
1912 4209 2102 4267 timeas

535 4294 676 4363 quod
708 4293 835 4347 fecit
878 4294 972 4347 tibi
1011 4294 1174 4349 homo
1196 4294 1239 4360 ⁸,
1267 4306 1363 4350 aut
1392 4294 1504 4352 fors
1532 4298 1696 4352 etiam
1728 4297 1970 4356 facturus
1999 4312 2099 4356 est.

536 4388 781 4443 Confidis
825 4389 877 4443 in
939 4388 1192 4455 Domino,
1230 4406 1387 4445 mons
1414 4406 1472 4446 es
1500 4392 1652 4458 Sion,
1698 4412 1805 4449 non
1863 4412 2099 4453 commo-

2204 4388 2460 4471 κάτοικον
2619 4418 2763 4490 ἔχεις

534 4482 744 4536 veheris
803 4483 856 4534 in
914 4490 1174 4536 aeternum
1202 4484 1222 4515 ³
1253 4499 1266 4536 :
1300 4484 1685 4541 inhabitantem
1732 4489 1875 4542 enim
1934 4492 2097 4545 habes
2131 4491 2173 4544 D
2201 4524 2230 4559 τ

531 4586 781 4641 supernre
811 4569 1109 4627 Jerusalem
1143 4573 1477 4627 conditorem
1497 4585 1547 4630 et
1577 4576 1956 4633 architectum.
2006 4579 2094 4633 Vi-

530 4663 774 4718 rulentas
817 4672 871 4717 et
912 4665 976 4717 ad
1012 4662 1254 4719 fraudem
1291 4668 1621 4735 compositas
1670 4682 1858 4722 eorum
1911 4686 2092 4737 voces,

528 4757 621 4825 qui
653 4757 745 4809 tibi
771 4757 1105 4826 serpentium
1160 4757 1263 4812 ritu
1300 4759 1664 4824 insusurrant,
1699 4771 1858 4831 teque
1888 4780 1915 4816 a
1946 4765 2094 4820 vitali

528 4850 774 4904 veritatis
804 4849 954 4918 ligno
984 4849 1254 4906 abducere
1285 4851 1491 4916 volunt,
1527 4852 1671 4923 fuge,
1698 4864 1752 4907 et
1791 4869 1953 4911 aures
1998 4859 2095 4912 oh-

528 4939 707 5002 firma,
749 4941 961 4994 veritati
1017 4940 1173 4996 firme
1231 4943 1534 5004 adhaerens,
1578 4946 1869 5016 multisque
1926 4965 2095 5005 sacrae

527 5030 820 5099 Scriptura:
847 5047 909 5085 ac
957 5032 1170 5103 piorum
1214 5034 1379 5087 etiam
1420 5035 1698 5090 hominum
1750 5040 2093 5105 testimoniis,

526 5121 591 5175 ad
633 5123 1001 5177 omnimodam
1053 5125 1486 5180 immolrilitatem
1514 5129 1827 5193 obstrictus,
1861 5144 1911 5184 ut
1947 5135 2093 5189 vocis

523 5232 742 5285 quoque
788 5217 933 5273 illius
982 5217 1194 5270 laudem
1252 5234 1585 5283 consequare
1646 5220 1749 5283 Qui
1801 5223 1925 5288 facit
1961 5225 2090 5288 Ita’C,

525 5326 626 5362 non
651 5311 937 5363 movebitur
977 5311 1031 5362 in
1066 5319 1319 5364 (uernum
1355 5311 1415 5363 ¹⁰.
1444 5309 1569 5364 Sani
1605 5312 1796 5368 fratres
1828 5325 1952 5368 sunt
1978 5329 2095 5369 om-

524 5418 621 5455 nes
655 5421 667 5454 :
703 5402 958 5456 dominus
986 5402 1252 5456 diaconus
1301 5402 1457 5456 Pater
1516 5420 1688 5469 meus,
1720 5406 1895 5461 dulcis
1928 5407 2092 5463 frater

522 5508 698 5556 meus,
732 5509 795 5546 ac
844 5494 1014 5563 magis
1042 5510 1189 5547 nunc
1244 5497 1437 5548 merito
1483 5496 1876 5557 desiderabilis.
1902 5501 2091 5568 reliqui

521 5586 683 5640 etiam
716 5586 895 5640 dilecti
937 5588 1067 5640 mihi
1097 5597 1149 5639 et
1206 5586 1507 5641 honorandi
1546 5589 1634 5641 ﬁlii
1684 5591 1756 5643 Ini
1790 5609 1803 5655 ;
1841 5608 1935 5659 pro
1964 5595 2087 5661 qui-

589 5702 610 5729 ⁸
637 5698 793 5821 Jgan.
825 5718 911 5761 xv,
942 5702 1030 5755 20.
1109 5704 1129 5733 ⁸
1154 5702 1308 5756 Hom.
1334 5722 1444 5763 vm,
1477 5707 1557 5757 i7.

589 5786 627 5821 ι’,
704 5812 714 5821 ,

524 5785 627 5833 τιν,
669 5785 714 5821 ε).

1635 5708 1652 5729 ⁷
1685 5707 1869 5764 Matth.
1908 5728 2034 5775 xxv,
2091 5717 2179 5773 9.5.

2206 3236 2265 3272 σε
2298 3220 2630 3291 ἀνακηρύξει
2670 3223 2860 3277 πιστὸν
2907 3224 3116 3289 δοῦλον,
3148 3224 3378 3280 καὶτῶν
3410 3228 3645 3283 ἐντολῶν
3675 3233 3783 3286 αύ-

2204 3311 2297 3363 τοῦ
2325 3312 2587 3383 τηρητὴν,
2615 3314 2729 3369 καὶ.
2756 3313 2819 3367 τὸ
2860 3314 3042 3385 μεῖζον
3065 3354 3081 3380 ,
3110 3316 3470 3393 όμολογητήν.
3505 3316 3643 3376 Εἶτα
3673 3325 3782 3378 ποῦ

2206 3418 2267 3454 σε
2297 3401 2500 3473 πέμψει
2520 3419 2535 3469 ;
2552 3403 2651 3457 οὐκ
2681 3406 2761 3469 είς
2786 3404 2899 3478 πῦρ
2934 3406 3176 3474 αἰώνιον,
3200 3410 3336 3481 ὅπερ
3353 3411 3629 3483 λαμϐάνει
3649 3416 3783 3479 τοὺς

2166 3526 2169 3531 ›
2204 3493 2450 3557 ἀπειθεῖς
2478 3494 2569 3547 τοῦ
2598 3495 2764 3567 νόμου
2792 3498 2958 3553 αὐτοῦ
2978 3515 2992 3531 ’
3020 3499 3137 3555 ἀλλ’
3154 3503 3233 3565 είς
3260 3500 3525 3574 ζωοδόχον
3548 3507 3781 3576 χωρίον,

2203 3586 2298 3639 καὶ
2331 3584 2597 3641 ἀθάνατον
2626 3590 2988 3655 κατάπαυσιν,
3021 3594 3117 3646 καὶ
3143 3595 3669 3663 ἀπειροαγαλλίατον
3688 3601 3784 3652 εύ-

2205 3678 2479 3749 φροσύνην
2497 3678 2623 3751 [ms.
2646 3680 2779 3752 Reg.
2808 3682 3228 3757 θεοφροσύνην].
3254 3688 3784 3761 Είσελθεγάρ,φη-

2206 3771 2310 3834 σὶν,
2324 3774 2411 3837 εἰς
2428 3772 2545 3839 τὴν
2562 3773 2755 3841 χαρὰν
2770 3774 2877 3828 τοῦ
2895 3777 3121 3844 Κυρίου
3144 3792 3279 3832 σου.
3303 3779 3527 3833 Πάντων
3549 3783 3581 3852 ἡ
3588 3784 3710 3852 μῶν
3728 3786 3781 3839 oi

2203 3862 2474 3932 ὀφθαλμοὶ⁸
2499 3866 2577 3927 είς
2602 3864 2660 3917 σὲ
2699 3864 2980 3935 βλέπουσι.
3006 3869 3213 3934 Πάντες
3255 3871 3638 3943 μεγαλοψυχοῦ
3647 3893 3779 3943 μεν,

2206 3954 2299 4007 σοῦ
2316 3955 2680 4027 ήδρασμένου.
2701 3957 2801 4029 Είη
2831 3975 2912 4013 σοι
2929 3961 3022 4014 ἐπὶ
3040 3960 3205 4015 πλέον
3228 3964 3261 4034 ὴ
3284 3963 3506 4034 βοήθεια
3522 3966 3617 4019 τοῦ
3636 3967 3780 4023 Θεοῦ

2202 4048 2477 4119 ὀχυροῦσά
2496 4068 2577 4114 σε,
2600 4051 2914 4123 δυναμοῦσά
2933 4070 3017 4118 σε,
3033 4054 3328 4111 εὐτονοῦσά
3345 4074 3425 4122 σε,
3448 4058 3782 4131 ἀνδρειοῦσά

2204 4156 2283 4194 σε.
2334 4140 2391 4194 '0
2424 4141 2515 4195 τὸν
2552 4141 2686 4196 Θεὸν
2718 4144 3081 4216 φοϐούμενος,
3116 4147 3193 4219 μὴ
3222 4149 3465 4221 φοϐηθῇς
3491 4150 3519 4204 δ
3545 4153 3780 4225 ἐποίησέ

2205 4248 2285 4284 σοι
2313 4231 2616 4303 ἄνθρωπος,
2652 4235 2685 4307 ἢ
2723 4236 2820 4291 καὶ
2862 4239 3078 4310 ποιήσει
3137 4241 3319 4311 τυχόν.
3364 4242 3643 4305 Πέποιθας
3680 4246 3782 4298 ἐπὶ

2204 4325 2429 4394 Κύριον,
2461 4326 2586 4397 δρος
2615 4324 2665 4381 εῐ
2692 4328 2852 4396 Σιὼν,
2883 4330 2944 4385 ού
2970 4330 3275 4403 σαλευθήσῃ
3307 4335 3387 4397 είς
3431 4333 3518 4387 τὸν
3553 4334 3734 4390 αἰῶνα
3760 4354 3774 4366 ο

2792 4421 2886 4474 τὸν
2912 4422 3013 4492 τῆς
3048 4422 3160 4477 ἄνω
3200 4423 3553 4496 Ἰερουσαλὴμ
3588 4428 3780 4498 τεχνί-

2236 4525 2301 4575 ην
2333 4508 2425 4560 καὶ
2456 4508 2807 4579 δημιουργόν.
2840 4511 2954 4576 Τάς
3006 4512 3244 4578 ίοϐόλους
3267 4515 3471 4584 φωνὰς,
3500 4516 3597 4571 καὶ
3628 4519 3779 4573 ἀπα-

2198 4595 2527 4661 τηλοθελεῖς,
2558 4597 2665 4651 τῶν
2709 4598 2784 4661 ὡς
2817 4598 2995 4668 δφεων
3041 4602 3466 4675 ύποσυρομένων
3519 4622 3627 4672 σοι,
3677 4610 3783 4663 καὶ

2201 4686 2460 4743 θελόντων
2486 4707 2545 4743 σε
2573 4690 2669 4744 τοῦ
2687 4691 2845 4758 ξύλου
2872 4692 2967 4747 τοῦ
2986 4693 3217 4759 ζωτικοῦ
3252 4698 3352 4768 τῆς
3372 4697 3630 4768 ἀληθείας
3667 4703 3780 4757 ἀπα

2203 4777 2347 4844 άξαι,
2393 4779 2585 4849 φεῦγε,
2618 4782 2713 4834 καὶ
2743 4780 2997 4847 ὲνωτίζου
3032 4784 3179 4851 ἅπαξ
3222 4788 3587 4858 κραταιωθεὶς
3612 4792 3675 4846 ὲν
3702 4795 3774 4864 τῇ

2199 4869 2447 4942 ἀληθείᾳ,
2480 4872 2575 4925 καὶ
2604 4872 2691 4925 διὰ
2720 4872 2927 4927 πολλῶν
2956 4878 3271 4949 μαρτυριῶν
3298 4880 3396 4949 τῆς
3431 4881 3593 4950 ἁγίας
3624 4882 3777 4955 Γρα-

2200 4961 2309 5029 φῆς
2340 4963 2712 5033 συσφιγχθεὶς,
2740 4962 2851 5017 ἔσθ’
2880 4966 2969 5020 ὅτε
3008 4967 3105 5023 καὶ
3156 4969 3459 5041 ἀνθρώπων
3500 4974 3771 5042 εὐσεϐῶν,

2199 5054 2279 5115 εἰς
2333 5055 2568 5126 παντελῆ
2608 5056 2935 5130 ἀκινησίαν
2966 5060 3118 5125 ὅπως
3157 5062 3324 5137 τεύξῃ
3368 5066 3630 5136 κάκείνης
3665 5067 3774 5138 τῆς

2199 5147 2384 5217 φωνῆς
2416 5150 2476 5201 τὲ,
2522 5150 2797 5221 ἐγκώμιον
2823 5170 2838 5184 ·
2875 5152 2940 5206 '0
2978 5153 3167 5208 ποιῶν
3192 5155 3400 5221 ταῦτα,
3437 5157 3509 5209 οὐ
3537 5160 3771 5213 σαλευ-

2194 5240 2443 5307 θήσεται
2500 5245 2586 5305 εἰς
2644 5244 2750 5297 τὸν
2797 5244 3001 5300 αἰῶνα.
3049 5247 3416 5314 Ὑγιαίνουσιν
3458 5250 3507 5300 οἱ
3557 5250 3768 5314 πάντες

2192 5330 2433 5399 ἀδελφοὶ,
2468 5335 2495 5385 ὁ
2524 5334 2711 5403 κύριος
2756 5336 3003 5401 διάκονος
3030 5340 3057 5390 ό
3098 5340 3285 5409 Πατήρ
3318 5356 3442 5408 μου,
3489 5340 3517 5390 ό
3554 5340 3769 5408 γλυκύς

2197 5439 2298 5490 μου
2328 5424 2573 5493 ἀδελφὸς,
2607 5427 2702 5479 καὶ
2733 5427 2827 5478 νῦν
2859 5427 3060 5497 μᾶλλον
3086 5428 3249 5493 ἀξίως
3286 5429 3679 5502 περιπόθητος,
3712 5436 3766 5486 οἱ

2193 5514 2372 5568 λοιποὶ
2404 5518 2714 5588 προσφίλιοι
2745 5520 2837 5572 καὶ
2866 5519 3038 5588 τίμιοί
3064 5536 3186 5588 μου,
3217 5522 3309 5573 καὶ
3342 5522 3507 5574 τέκνα
3540 5539 3656 5586 σου,
3682 5518 3769 5587 οἷς

2195 5609 2292 5658 σὺν
2322 5610 2444 5677 ἐμοὶ
2476 5612 2629 5677 πᾶσι,
2664 5611 2863 5681 Πάτερ,
2888 5610 3073 5681 εὔχου.
3108 5612 3315 5675 Πάντες
3360 5614 3542 5666 αὐτῶν
3574 5615 3769 5685 εὐδρο-

2292 5720 2312 5751 ⁸
2351 5719 2491 5776 Psal.
2596 5739 2677 5788 LV,
2712 5724 2764 5780 5.
2875 5723 3071 5781 ’Psai.
3129 5741 3309 5789 cxxw,
3378 5732 3399 5781 1
3543 5729 3586 5759 ι’
3611 5726 3762 5784 Psal-
