3926 6498
176 482 280 546 913

1407 480 1952 540 EPISTOLARUM
1984 482 2130 540 LIB.
2167 483 2217 542 Ι.

3342 491 3449 552 914

173 602 334 674 μοῦσι
360 619 375 635 ο
404 600 646 671 παθητὸν
669 598 859 661 αὐτοῖς
901 597 1119 669 μόνονὴ
1159 597 1227 670 σὴ
1255 597 1412 665 ὑγεία
1459 599 1518 652 ὲν
1550 600 1739 672 Κυρίῳ

1868 600 1968 656 hus
1991 601 2249 656 omnibus
2271 615 2515 663 mecum,
2543 597 2736 663 Pater.
2763 613 2878 654 ora.
2911 598 3116 653 Omnes
3149 609 3299 656 recte
3322 617 3452 656 cur-

169 697 263 751 καὶ
291 696 606 766 εὐφόρητον
638 693 756 746 πᾶν
788 690 969 744 ότιοῦν
992 687 1247 746 παθοῦσι.
1275 691 1499 755 Πάντως
1544 692 1638 745 καὶ
1664 691 1757 744 λυ-

167 786 451 860 πούμεθα,
503 783 603 838 καὶ
650 781 1072 855 ἀδημονοῦμεν,
1125 783 1218 836 καὶ
1263 782 1627 854 ἀσχάλλομεν,
1659 783 1755 837 καὶ⁴

169 875 552 948 ῥᾳθυμοῦμεν,
601 875 701 928 καὶ
731 873 1010 944 λογισμῶν
1055 873 1314 946 πονηρῶν
1344 875 1600 946 ὀχλήσεις
1634 875 1756 946 ἔχο-

168 987 265 1040 μεν
293 988 309 1000 ο
339 969 438 1023 καὶ
489 967 613 1023 οὐδὲ
647 966 758 1038 γάρ
817 964 969 1019 ἔστιν
1013 965 1170 1030 ἐκτὸς
1193 965 1427 1037 θλίψεων
1461 967 1755 1039 παρελθεῖν

163 1063 271 1116 τῶν
291 1060 422 1132 τῇδε
440 1074 457 1090 ⁶
486 1058 625 1115 ἀλλά
647 1059 737 1112 διά
766 1056 864 1129 τὴν
913 1057 1107 1112 ἐλπίδα
1132 1059 1229 1112 καὶ
1248 1060 1415 1130 εὐχήν
1448 1077 1542 1113 σου
1570 1060 1752 1131 ίσχύο-

167 1171 286 1224 μεν.
335 1153 494 1224 Ἐμοὶ
527 1151 607 1215 δὲ,
637 1151 844 1221 Πάτερ,
902 1149 1090 1222 εῦχου,
1137 1152 1220 1205 ὅτι
1256 1151 1348 1204 τὸν
1391 1151 1618 1206 Ἡσαΐαν
1665 1152 1756 1208 τὸν

163 1247 317 1313 άγιον
342 1243 675 1315 ὲκστηθίζω.
703 1246 813 1298 Καὶ
834 1243 1076 1315 δήλωσόν
1104 1261 1199 1316 μοι
1233 1245 1306 1311 εί,
1340 1247 1494 1316 παρά
1526 1247 1588 1301 τὸ
1615 1248 1754 1319 γρά-

163 1353 309 1404 φειν,
337 1335 740 1406 ἀναγινώσκειν
781 1353 853 1407 με
883 1335 1080 1400 θέλεις.

693 1535 770 1592 1".
791 1566 863 1578 -—
902 1532 987 1601 Τῷ
1018 1533 1204 1600 αὐτῷ.

1862 698 2041 744 runt:
2106 705 2274 745 unum
2323 689 2428 744 illis
2468 699 2676 754 votum,
2728 699 2817 742 tua
2863 689 2920 742 in
2967 687 3198 744 Domino
3252 688 3445 744 salus:

1859 781 1979 836 leve
2003 789 2184 836 autem
2207 790 2261 836 et
2295 781 2600 847 tolerabile,
2637 779 2902 852 quidquid
2927 788 3011 836 est
3037 782 3183 850 quod
3233 783 3451 851 patiun-

1858 885 1969 929 tur.
2006 871 2244 929 Omnino
2277 882 2331 928 et
2359 874 2630 938 dolemus,
2655 881 2711 928 et
2751 873 3054 937 tristamur,
3080 883 3134 928 et
3170 873 3446 942 angimur,

1855 975 1909 1022 et
1937 967 2122 1021 animo
2146 967 2452 1038 dejicimur,
2484 976 2540 1022 et
2581 981 2870 1036 pravarum
2903 967 3304 1036 cogitationum
3347 964 3449 1018 ﬁu-

1860 1058 2046 1114 ctibus
2084 1059 2389 1128 agitamur:
2419 1075 2599 1130 neque
2624 1060 2770 1114 enim
2806 1059 2930 1115 sine
2952 1059 3215 1115 aerumnis
3246 1057 3313 1112 ei
3344 1058 3449 1113 hac

1863 1151 1973 1205 vita
2013 1151 2196 1221 egredi
2232 1151 2356 1206 licet
2393 1168 2406 1205 :
2444 1151 2537 1206 sed
2563 1165 2659 1222 spe
2689 1150 2930 1216 subnixi,
2959 1165 3022 1205 ac
3054 1152 3308 1220 precibus
3333 1150 3443 1205 tuis

1862 1241 2008 1298 vires
2031 1242 2326 1298 sumimus.
2362 1240 2442 1297 Tu
2471 1257 2619 1307 vero,
2648 1242 2830 1311 Pater,
2869 1243 3004 1297 bene
3037 1243 3167 1295 mihi
3200 1257 3442 1312 precare,

1862 1333 1917 1387 in
1952 1345 2206 1388 sanctum
2240 1332 2437 1388 Isaiam
2491 1333 2868 1388 incumbenti:
2901 1342 2956 1388 et
2987 1333 3234 1404 signiﬁca
3287 1334 3445 1401 milii,

1860 1441 1930 1481 an
1955 1427 2135 1496 legere
2166 1442 2253 1482 me
2281 1427 2564 1492 duntaxat,
2597 1442 2702 1481 non
2727 1436 2910 1482 autem
2941 1437 2991 1482 et
3024 1427 3265 1482 scribere
3287 1427 3439 1482 velis.

2429 1538 2497 1593 ΙΙΙ
2532 1567 2604 1582 -
2643 1537 2848 1593 Eidem.

311 1648 736 1704 Thessalonicam
760 1651 811 1698 in
832 1645 1067 1698 exsilium
1085 1647 1394 1710 deportatus,
1452 1645 1648 1701 itineris
1665 1651 1745 1700 sui
1767 1651 1962 1700 modum
1984 1656 2038 1701 et
2069 1651 2296 1702 ordinem
2324 1649 2546 1714 exponit.
2572 1651 2772 1712 (Baron.
2797 1663 2876 1701 an.
2903 1650 3014 1711 796,
3049 1665 3186 1702 num.
3237 1652 3311 1714 1.)

225 1758 521 1833 Προχεῖταί
575 1775 670 1830 μοι
705 1759 766 1810 τὸ
807 1757 1043 1828 δάκρυον
1068 1754 1178 1828 πρὸ
1199 1753 1297 1809 τοῦ
1318 1749 1479 1826 λόγου
1505 1773 1518 1787 ·
1551 1758 1644 1811 καὶ
1677 1760 1739 1812 τὰ

1921 1757 2204 1815 Proﬁuunt
2241 1761 2374 1814 mihi
2428 1759 2683 1830 lacrymaa
2711 1769 2836 1814 ante
2870 1759 3036 1815 verba
3071 1779 3084 1815 :
3113 1761 3189 1826 (et
3226 1761 3438 1817 viscera

157 1854 456 1923 σπλάγχνα
504 1852 776 1905 δονεῖται·
808 1850 905 1904 καὶ
933 1851 968 1921 ἡ
988 1849 1109 1921 χεὶρ
1147 1848 1447 1921 ὑποτρέμει
1475 1849 1571 1904 τοῦ
1604 1850 1744 1922 γρά-

155 1962 318 2017 φεινο
359 1945 456 1998 καὶ
481 1944 711 2014 ἕλκομαι
757 1941 1122 2012 πανταχόθεν,
1145 1943 1242 1996 καὶ
1285 1941 1473 2014 φέρειν
1511 1943 1572 1997 τὸ
1618 1944 1743 1998 ὀδυ-

153 2037 448 2108 νηρδνούχ
477 2029 588 2098 οἷός
633 2033 694 2087 τὲ
726 2034 865 2102 είμι.
892 2033 957 2085 Ὢ
996 2031 1116 2096 πῶς
1146 2032 1357 2100 ἐνέγκω
1381 2048 1499 2098 σου,
1526 2033 1739 2102 Πάτερ,

154 2127 365 2197 Πάτερ,
391 2125 462 2178 τά
489 2123 901 2196 χριστομίμητα
927 2122 1076 2195 πάθη
1101 2140 1117 2190 ;
1142 2122 1189 2176 ὣ
1216 2122 1334 2185 πῶς
1361 2122 1498 2175 οἴσω
1525 2137 1620 2176 σου
1645 2121 1744 2192 τὴν

153 2220 371 2290 ὑψηλὴν
399 2219 495 2272 καὶ
546 2216 708 2286 ἁγίαν
752 2216 1124 2283 ταπείνωσινς
1167 2214 1286 2280 πῶς
1338 2215 1637 2286 ὑπαντήσω
1657 2231 1743 2268 σοι

152 2311 296 2366 κατά
331 2310 496 2378 λόγον
548 2309 906 2381 ἀντιγράφειν
932 2325 948 2373 ;
980 2308 1077 2362 καὶ
1132 2310 1228 2362 ποτ
1276 2307 1576 2380 τράπωμαι
1599 2347 1615 2373 ,
1646 2308 1743 2362 καὶ

151 2403 276 2458 ὃθεν
304 2403 480 2474 ῐωμαι
518 2400 815 2472 κατάρχειν
875 2400 987 2453 τῶν
1034 2399 1384 2471 γραμμάτων
1409 2416 1425 2466 ;
1452 2399 1597 2470 Πρὸς
1638 2398 1742 2470 ἐμὲ

149 2496 244 2550 οῦν
273 2498 366 2561 σὺ,
399 2489 448 2550 ὧ
490 2495 698 2565 Πάτερ,
739 2491 968 2547 τοιαῦτα
1015 2492 1286 2564 γράφεις;
1313 2490 1454 2562 πρὸς
1502 2489 1604 2562 ἐμὲ
1650 2489 1742 2544 τὸν

151 2585 438 2655 σκώληκα,
472 2583 569 2638 καὶ
618 2581 903 2654 βόρϐορον,
959 2581 1058 2636 καὶ
1097 2582 1328 2646 ἄσωτον,
1354 2581 1384 2634 6
1413 2579 1605 2651 Πατὴρ
1636 2596 1744 2648 φω-

148 2682 248 2745 νάς
269 2679 469 2750 ἀφίησι
521 2676 840 2749 πρεπούσας
866 2674 1080 2746 τέκνῳξς
1120 2672 1378 2728 Ἰκετικὺν
1423 2670 1742 2742 ἀναλαμϐά-

148 2787 260 2833 νεις
281 2771 472 2841 σχῆμα
497 2769 526 2821 6
545 2768 779 2838 ὀφείλων
806 2764 1172 2821 ίκετεύεσθαι.
1201 2762 1373 2828 Κάγὼ
1394 2761 1580 2816 λοιπὸν
1600 2762 1629 2815 ό
1647 2760 1743 2815 τά·

147 2863 248 2928 λας
272 2863 329 2916 τί
374 2859 879 2933 προσφθέγξωμαις
919 2857 1017 2911 καὶ⁵
1047 2855 1168 2919 πῶς
1199 2854 1520 2909 ταπεινωθῶ
1551 2855 1630 2926 τῷ
1656 2854 1740 2909 δι-

148 2955 291 3026 καίῳ
321 2971 428 3027 μου
449 2953 666 3025 Πατρί;
707 2953 859 3025 ὅμως
892 2948 1166 3021 ἐδεξάμην
1196 2941 1376 3015 σου,ὧ
1408 2948 1611 3019 Πάτερ,
1637 2947 1740 3018 τὴν

1852 1852 2196 1919 quatiuntur,
2253 1864 2306 1906 et
2334 1867 2536 1907 manus
2566 1852 2853 1907 scribendo
2875 1855 3269 1910 contremiscit.
3299 1855 3438 1911 Tor-

1847 1955 2017 2010 queor
2041 1942 2300 2011 undique,
2327 1957 2427 1996 nec
2445 1942 2686 1996 dolorem
2716 1940 2864 1996 ferre
2886 1943 3002 2012 jam
3027 1943 3200 1997 valeo.
3238 1945 3302 1998 Et
3329 1962 3439 2015 quo

1853 2042 2032 2100 pacto,
2063 2031 2245 2097 Pater,
2283 2048 2314 2087 ο
2338 2032 2518 2096 Pater,
2554 2032 2832 2087 Christum
2863 2033 3137 2088 imitantes
3163 2035 3437 2090 cruciatus

1847 2131 1970 2177 tuos
2032 2121 2491 2194 perferanr?quo
2554 2135 2713 2195 pacto
2752 2124 3022 2180 excelsam
3075 2136 3438 2198 sanctamque

1846 2213 2236 2270 demissionem
2300 2224 2451 2271 tuam
2515 2217 2980 2288 sustinebo?quo
3021 2227 3181 2288 pacto
3235 2236 3433 2290 queam

1845 2304 1961 2368 tibi,
1995 2315 2152 2376 prout
2185 2307 2324 2363 ratio
2363 2311 2622 2380 postulat,
2658 2310 3004 2365 rescribere?
3037 2311 3155 2378 Quo
3205 2329 3291 2368 me
3316 2330 3434 2370 ver-

1847 2405 1978 2462 tam,
2006 2406 2061 2452 et
2089 2399 2231 2455 unde
2249 2401 2457 2458 litteras
2482 2403 2781 2460 exordiar?
2810 2407 2890 2462 Ad
2923 2423 3007 2463 me
3033 2407 3222 2479 igitur,
3250 2409 3430 2476 Pater,

1845 2499 1900 2545 tu
1934 2491 2061 2545 talia
2106 2493 2346 2549 scribis?
2383 2497 2449 2550 ad
2478 2512 2565 2551 me
2619 2499 2996 2564 vermiculum,
3040 2517 3286 2570 ccenum,
3332 2506 3418 2558 in-

1845 2591 2259 2653 temperantem,
2307 2586 2466 2642 Pater
2491 2599 2858 2659 congruentes
2886 2592 3005 2647 ﬁlio
3039 2609 3202 2650 voces
3239 2597 3426 2651 mittit.

1859 2673 2134 2744 Supplicis
2177 2678 2384 2732 cultum
2443 2680 2644 2744 induis,
2687 2681 2773 2736 cui
2833 2683 3128 2754 supplicari
3179 2700 3278 2754 par
3325 2695 3426 2742 est.

1841 2763 1912 2818 At
1943 2778 2045 2836 ego
2079 2768 2298 2822 tandem
2329 2768 2519 2824 infelix
2565 2771 2695 2840 quid
2746 2772 2992 2844 eloquar,
3022 2784 3075 2829 et
3114 2791 3225 2845 quo
3271 2788 3429 2846 pacto

1838 2857 1994 2927 justo
2062 2857 2211 2914 Patri
2245 2877 2367 2916 meo
2401 2863 2766 2920 humiliahor?
2795 2866 3175 2921 Verumtamen
3221 2871 3426 2937 accepi,

1840 2945 2018 3013 Pater,
2042 2949 2280 3021 indignis
2299 2952 2550 3007 manibus
2567 2961 2811 3008 sanctam
2838 2955 3142 3025 epistolam,
3169 2965 3426 3027 tanquam

149 3050 316 3119 ἁγίαν
344 3047 641 3119 ἐπιστολὴν
671 3049 731 3101 ἐν
773 3045 965 3117 χερσὶν
1005 3043 1257 3107 ἀναξίαις
1275 3041 1352 3106 ὡς
1395 3041 1737 3112 θεογράφους

1843 3039 2052 3094 tabulas
2073 3056 2102 3095 a
2133 3041 2241 3096 Deo
2275 3053 2546 3100 exaratas.
2591 3045 2788 3100 Audivi
2818 3061 3010 3102 vocem
3041 3057 3200 3102 tuam
3228 3049 3428 3104 litteris

146 3143 390 3205 πλάκας.
437 3139 690 3194 Ἥκουσά
731 3154 828 3191 σου
870 3139 972 3208 τῆς
1015 3133 1416 3205 ὲγγραμμάτου
1440 3132 1623 3202 φωνῆς
1659 3131 1735 3195 ὡς

147 3235 203 3288 ei
230 3251 318 3298 τις
350 3231 644 3289 ἀκούσειεν
689 3230 928 3299 ἀγγέλου
979 3227 1167 3298 φωνῆς
1214 3226 1249 3296 ἢ
1273 3225 1576 3280 ἀποστόλου
1601 3241 1614 3254 ·
1639 3225 1735 3279 καὶ

150 3326 444 3399 συνέτριψε
469 3325 572 3397 τὴν
616 3323 868 3396 καρδίαν,
904 3323 1002 3376 καὶ
1044 3320 1300 3385 ὲξέϐλυσε
1342 3319 1600 3390 δάκρυον,
1639 3317 1735 3372 καὶ

149 3418 614 3488 ἀπεκλαυσάμην,
639 3417 737 3470 καὶ
766 3415 1048 3487 ιθρήνησα
1072 3413 1174 3482 οὐχ
1217 3411 1576 3483 Ἰερεμιτικδν
1605 3411 1736 3482 θρῆ-

147 3530 238 3566 νον
291 3513 390 3566 ἐπὶ
441 3509 634 3564 παθῶν
669 3506 990 3576 θεοπυγέσι
1045 3504 1462 3574 γεγενημένων’
1495 3503 1632 3558 ι’διον
1677 3502 1734 3557 δέ

147 3622 272 3660 τινα
299 3606 401 3658 καὶ
430 3602 815 3674 φιλοπάτριον,
841 3598 940 3653 καὶ
975 3597 1096 3670 Θεῷ
1137 3597 1310 3662 δντως
1350 3597 1726 3669 χαριστήριον.

146 3697 422 3759 Δίνέσεως
489 3695 600 3766 γὰρ
648 3690 886 3762 ἀληθοῦς
925 3690 963 3746 ἀ
1009 3689 1382 3753 ἀπέσταλκας,
1447 3688 1628 3759 Πάτερ
1658 3687 1736 3740 δί-

147 3805 294 3851 καιε,
329 3784 669 3857 ἀπογραφῆς
720 3783 872 3851 ἀξια,
910 3781 1010 3855 τῆς
1044 3784 1126 3848 εις
1169 3781 1305 3837 Θεὸν
1338 3781 1618 3846 όλοτελοῦς
1637 3799 1732 3836 σου

148 3878 467 3951 προθέσεως
496 3875 776 3946 γνώριμα.

215 3967 553 4041 Τοιγαροῦν,
583 3960 630 4020 ὦ
661 3966 872 4036 Πάτερ,
899 3964 1200 4038 ἑστήριξας
1239 3967 1273 4036 η
1283 3964 1401 4037 μῶν
1430 3964 1502 4018 τὰ
1525 3964 1733 4036 φρονή-

148 4077 326 4131 ματαο
362 4058 681 4131 ὲνεύρωσας
703 4057 864 4129 ἡμῶν
893 4057 993 4120 τάς
1040 4056 1291 4128 καρδίας.
1337 4056 1513 4128 ’Υπὲρ
1540 4056 1736 4109 ἐλπίδα

143 4153 180 4220 ἡ
208 4150 410 4223 ἀνδρία
453 4164 592 4202 σουο
630 4149 774 4221 ὑπὲρ
822 4148 1155 4219 προσδοκίαν
1203 4151 1237 4219 ὴ
1280 4149 1568 4220 παρρησία
1613 4163 1731 4201 σου.

149 4244 347 4307 ’Δλλος
393 4259 480 4306 τις
530 4243 666 4312 ἡμῖν
713 4243 926 4313 ὤφθης,
967 4244 1002 4314 ἢ
1032 4244 1207 4314 ὅσπερ
1241 4241 1539 4312 ἰγνωρίζου
1573 4257 1587 4272 °
1613 4240 1734 4304 ὅλος

146 4339 207 4390 ἐν
239 4336 362 4407 υεῷ
404 4333 800 4405 ἠλλοιωμένος.
833 4336 975 4402 Δόξα
1003 4335 1081 4406 τῷ
1111 4351 1172 4388 σε
1205 4333 1613 4404 δυναμώσαντι.
1656 4334 1730 4386 Ού

1838 3131 2213 3202 consignatam
2262 3141 2322 3188 ut
2374 3134 2421 3189 si
2454 3136 2580 3205 quis
2626 3137 2804 3208 angeli
2837 3139 2921 3193 vel
2967 3141 3198 3209 apostoli
3235 3156 3427 3196 vocem

1835 3222 2151 3289 audiat;et
2210 3239 2311 3280 cor
2372 3226 2638 3281 contrivit
2695 3238 2753 3282 et
2807 3227 3076 3300 lacrymas
3132 3234 3424 3302 expressit.

1834 3312 2022 3369 Planxi
2053 3325 2106 3370 et
2154 3315 2486 3374 lamentatus
2528 3334 2674 3383 sum,
2711 3335 2817 3375 non
2867 3319 3177 3378 Jeremitica
3214 3326 3428 3382 lamen-

1835 3410 2060 3471 tatione,
2078 3410 2146 3462 de
2170 3410 2516 3464 inimicorum
2548 3407 2643 3464 Dei
2667 3410 3073 3469 calamitatibus
3101 3419 3422 3486 composita;

1834 3498 1930 3555 sed
1978 3500 2262 3569 peculiari,
2292 3517 2413 3572 qua:
2441 3512 2495 3557 et
2518 3501 2761 3557 studium
2815 3504 2874 3558 in
2908 3503 3124 3561 Patrem
3169 3517 3423 3576 testetur,

1832 3602 1886 3647 et
1915 3606 2041 3647 vere
2069 3590 2181 3647 Deo
2214 3601 2395 3664 grates
2417 3592 2638 3650 referat.
2670 3595 2821 3650 Vera:
2859 3597 3004 3652 enim
3063 3601 3420 3670 laudationis,

1833 3680 1996 3738 Pater
2023 3683 2190 3753 juste,
2220 3694 2350 3739 sunt
2405 3699 2528 3756 quae
2580 3685 2802 3754 misisti,
2836 3686 2999 3759 digna
3035 3705 3154 3761 quae
3213 3694 3422 3749 descri-

1835 3774 2050 3842 bantur,
2088 3776 2383 3846 perfectam
2405 3793 2532 3848 erga
2554 3775 2726 3831 Deum
2756 3791 3027 3849 mentem,
3069 3785 3422 3857 animumque

1837 3876 1987 3920 tuum
2019 3868 2476 3923 demonstrantia.

1905 3958 2083 4025 Quare
2115 3974 2308 4014 sensus
2349 3970 2584 4024 nostros,
2607 3961 2790 4026 Pater,
2840 3963 3214 4021 confirmasti:
3254 3970 3416 4025 corda

1834 4061 2018 4106 nostra
2069 4053 2454 4107 corroborasti.
2513 4051 2693 4124 Supra
2761 4070 2913 4125 spem
2982 4057 3246 4115 fortitudo
3307 4073 3417 4128 tua,

1835 4159 1996 4212 supra
2025 4145 2482 4213 exspectationem
2530 4145 2753 4203 libertas
2798 4157 2911 4202 tua.
2950 4150 3103 4206 Alius
3146 4155 3418 4226 quispiam

1834 4233 1990 4287 nobis
2019 4233 2170 4288 visus
2199 4248 2258 4287 es
2288 4235 2356 4289 ab
2372 4249 2437 4289 eo
2453 4250 2614 4305 quem
2641 4253 2971 4296 noveramus
3001 4260 3014 4296 :
3053 4252 3194 4300 totus
3224 4247 3277 4301 in
3311 4248 3417 4304 Deo

1835 4323 2170 4377 immutatus.
2203 4322 2345 4378 Laus
2375 4324 2422 4378 ei
2453 4327 2544 4395 qui
2582 4336 2633 4381 te
2677 4329 3038 4385 conﬁrmavit.
3073 4332 3191 4388 Non
3223 4335 3420 4406 dejecit

145 4424 427 4480 κατέϐαλε
482 4441 544 4478 σε
592 4422 759 4493 φόϐος
823 4422 1142 4494 βασιλείας·
1188 4424 1289 4477 ούκ
1357 4423 1637 4494 ὲχαύνωσὲ
1672 4441 1731 4476 σε

1843 4421 1889 4468 te
1920 4423 2094 4468 terror
2148 4414 2513 4484 imperatoris,
2568 4434 2678 4473 non
2709 4421 2972 4476 emollivit
3015 4432 3065 4477 te
3116 4425 3416 4482 insidiatrix

143 4515 386 4588 γοητικὴ
435 4513 668 4569 θωπεὶα.
702 4513 818 4584 Ούχ
851 4513 992 4566 εῐλου
1052 4512 1394 4584 προσκαίρου
1445 4512 1740 4568 ἀπολαύειν

143 4611 368 4683 ἡδονῆς,
398 4606 844 4680 προκινδυνεύειν
870 4607 1040 4662 θέλων
1059 4610 1159 4679 τῆς
1174 4607 1433 4678 ἀληθείας
1456 4607 1550 4660 τοῦ
1579 4609 1738 4665 Θεοῦ.

155 4706 216 4760 ’0
247 4702 462 4775 ποιμὴν
489 4704 519 4756 ὁ
547 4700 738 4764 καλὸς,
765 4701 796 4754 6
825 4699 941 4764 θεὶς
963 4700 1063 4772 τὴν
1091 4700 1272 4772 ψυχὴν
1306 4701 1445 4771 ὑπὲρ
1464 4701 1573 4753 τῶν
1607 4719 1739 4770 προ-

145 4796 335 4852 ϐάτων
354 4812 370 4828 '
399 4797 431 4850 6
459 4794 560 4849 καὶ
577 4792 676 4848 νῦν
704 4791 928 4862 δέσμιος
950 4791 1040 4844 διά
1067 4791 1168 4860 τῆς
1203 4793 1468 4864 φρουρᾶς,
1496 4790 1571 4853 ὡς
1605 4791 1741 4860 Χρι-

147 4889 280 4944 cmi
323 4885 747 4949 ’Δπόστολος.Ὦ
769 4882 863 4938 τοῦ
887 4884 1165 4954 δωματίου
1192 4883 1423 4947 ἐκείνου,
1442 4884 1500 4935 ὲν
1527 4874 1572 4949 ᾧ
1594 4882 1736 4954 φέρῃ

145 4983 241 5034 καὶ
279 4977 530 5050 περιάγῃ
577 4975 655 5040 ὡς
695 4976 881 5048 τίμιον
930 4976 1026 5029 καὶ
1070 4973 1375 5047 εῦχρηστον
1424 4973 1618 5037 σκεῦος
1656 4972 1735 5042 τῷ

145 5070 402 5141 Δεσπότῃ
457 5067 576 5139 Θεῷ
599 5070 614 5123 l
637 5067 765 5122 Εῐθε
792 5067 886 5121 οῦν
916 5068 976 5122 τὺ
1003 5065 1198 5136 ἔδαφος
1229 5068 1406 5119 ὲκεῖνο
1437 5083 1735 5136 περιεπτυ-

145 5164 354 5234 ξάμην,
380 5154 448 5216 οὗ
483 5161 535 5213 οί
571 5162 731 5224 πόδες
763 5161 858 5214 τοῦ
906 5161 1096 5232 κυρίου
1137 5176 1239 5230 μου
1273 5161 1368 5212 καὶ
1397 5159 1610 5230 Πατρός
1641 5160 1738 5229 βαι

141 5255 410 5321 δίζουσιν.
447 5249 572 5304 Εἴθε
603 5250 705 5313 τὰς
729 5252 871 5304 κατά
896 5250 991 5304 σοῦ
1015 5250 1164 5314 κλεῖς
1193 5250 1288 5302 καὶ
1320 5248 1544 5320 κλεῖθρα
1570 5265 1738 5320 προσ-

141 5351 435 5419 εκύνησα,
502 5345 582 5407 ὡς
641 5344 918 5414 θησαυρὸν
1001 5342 1288 5406 εὐσεϐείας
1369 5342 1729 5412 φυλάττοντα.

142 5443 366 5498 Μᾶλλον
413 5439 476 5494 δὲ
528 5437 833 5510 ἐϐουλόμην
860 5438 923 5492 τὸ
955 5437 1138 5508 τίμιον
1166 5438 1345 5490 ἐκεῖνο
1382 5437 1733 5491 ἀσπάσασθαι

143 5537 322 5602 στόμα
367 5529 437 5583 τὸ
479 5527 825 5600 ὁμολογῆσαν
853 5527 945 5582 τὺν
987 5526 1144 5597 λόγον
1173 5529 1272 5598 τῆς
1314 5514 1570 5599 ἀληθείας
1592 5545 1607 5560 ο
1631 5529 1732 5593 τὰς

140 5626 293 5688 ὁσίας
329 5626 531 5694 χεῖρας
563 5621 665 5685 τὰς
699 5620 1075 5693 ἐπαιρομένας
1107 5623 1188 5684 εἰς
1218 5621 1381 5690 ἁγίας
1421 5622 1730 5692 προσευχὰς

143 5716 234 5769 καὶ
275 5711 745 5784 εὐπροσδέκτους.
775 5712 889 5766 Ποῦ
921 5713 1055 5766 ποτέ
1086 5729 1191 5782 μου
1218 5712 1280 5766 τὸ
1310 5713 1484 5780 γλυκὺ
1511 5713 1732 5782 ἀπέπτη

141 5808 484 5874 πρόσωπον;
520 5802 629 5856 ποῦ
666 5802 726 5856 δὲ
757 5806 789 5874 ὴ
822 5805 1094 5876 σωτήριος
1124 5804 1278 5876 φωνὴ
1320 5805 1728 5876 κατεσιγάσθη;

143 5895 273 5949 Ἰδοὺ
303 5892 370 5966 δὴ
395 5891 514 5964 ἐγὼ
535 5892 774 5966 ὀρφανὸς
793 5894 822 5949 6
839 5893 1079 5961 ἐλεεινὸς
1097 5895 1191 5951 καὶ
1221 5897 1600 5969 παντέρημος,
1628 5898 1730 5950 οὐκ

1838 4505 2097 4560 adulatio.
2128 4503 2358 4562 Noluisti
2398 4508 2577 4579 exigui
2637 4513 2900 4581 temporis
2957 4514 3229 4584 voluptate
3285 4517 3415 4588 frui,

1838 4599 1931 4670 qui
1958 4615 2058 4669 pro
2086 4599 2181 4654 Dei
2219 4601 2450 4656 veritate
2502 4603 2799 4673 periclitari
2833 4606 3069 4663 volebas.
3109 4609 3292 4666 Bonus
3317 4629 3415 4683 pa-

1837 4701 1968 4757 stor,
1997 4691 2089 4761 qui
2115 4707 2214 4763 pro
2243 4692 2435 4748 ovibus
2455 4694 2695 4750 animam
2730 4700 2930 4769 posuit,
2967 4702 3058 4771 qui
3087 4718 3234 4757 nunc
3280 4720 3419 4774 quo-

1835 4798 1942 4852 que
1989 4783 2202 4837 vinctus
2251 4784 2308 4838 in
2362 4786 2631 4853 custodia,
2673 4797 2732 4842 ut
2767 4787 2970 4844 Christi
3007 4792 3324 4862 Apostolus.
3371 4796 3416 4850 Ο

1836 4875 2084 4931 cellulam
2117 4877 2263 4931 illam
2296 4880 2352 4933 in
2397 4896 2505 4950 qua
2551 4883 2790 4938 versaris
2836 4893 3001 4955 atque
3066 4887 3415 4945 concluderis

1835 4979 2092 5039 tanquam
2129 4971 2432 5041 pretiosum
2474 4983 2530 5029 et
2578 4975 2711 5030 utile
2736 4991 2830 5031 vas
2859 4978 3086 5034 Domino
3125 4979 3254 5035 Deo.
3293 4981 3412 5036 Uti-

1833 5075 1960 5113 nam
1986 5061 2054 5115 ad
2087 5062 2262 5115 solum
2317 5061 2448 5118 illud
2505 5065 2843 5132 advolverer,
2903 5068 2956 5122 in
2986 5087 3093 5140 quo
3131 5071 3338 5126 domini
3361 5082 3416 5128 et

1836 5150 2015 5208 Patris
2039 5153 2145 5208 mei
2176 5156 2343 5224 pedes
2365 5156 2739 5215 inambulantl
2782 5161 3006 5218 Utinam
3051 5173 3106 5219 et
3144 5165 3324 5221 claves
3361 5181 3416 5222 et

1835 5245 2072 5300 claustra
2103 5249 2468 5314 exoscularer,
2501 5266 2621 5320 qua:
2653 5252 2969 5308 thesaurum
2999 5255 3214 5325 pietatis
3239 5272 3416 5314 custo-

1837 5335 2027 5390 diunt!
2070 5336 2213 5402 Quin
2263 5339 2448 5408 potius
2483 5343 2853 5398 venerandum
2884 5361 2946 5400 os
2988 5343 3116 5403 illud
3157 5351 3413 5420 amplecti

1841 5428 2042 5493 malim,
2066 5430 2210 5499 quod
2241 5432 2486 5489 veritatis
2532 5437 2699 5490 verba
2732 5436 3042 5493 confessum
3070 5450 3154 5495 est
3180 5457 3196 5508 ;
3233 5451 3289 5495 et
3319 5459 3412 5498 sa-

1834 5536 1954 5578 cras
1980 5537 2193 5589 manus,
2230 5541 2351 5594 quae
2380 5526 2446 5580 ad
2479 5537 2696 5584 sanctas
2738 5539 2794 5584 et
2838 5533 3196 5600 acceptabiles
3219 5551 3410 5602 preces

1834 5613 2189 5669 attolluntur.
2223 5615 2288 5671 Et
2319 5635 2428 5687 quo
2458 5621 2673 5675 tandem
2704 5622 2834 5677 mihi
2865 5622 3040 5677 dulcis
3083 5625 3249 5680 facies
3285 5643 3415 5680 avo-

1833 5707 1985 5771 lavit,
2044 5724 2154 5777 quo
2199 5721 2359 5779 pacto
2393 5714 2650 5770 salutaris
2701 5732 2801 5770 vox
2828 5718 3140 5772 conticuit?
3190 5719 3267 5773 En
3312 5737 3414 5791 ego

1831 5800 2040 5855 scilicet
2068 5802 2368 5872 orphanus,
2405 5807 2753 5872 miserabilis,
2801 5809 3044 5879 undique
3074 5811 3406 5879 destitutus;

1831 5893 2048 5952 Patrem
2098 5911 2282 5952 meum
2329 5914 2438 5955 non
2472 5900 2702 5969 habens,
2740 5901 3009 5958 luminare
3062 5920 3243 5960 meum
3299 5923 3408 5962 non
