3926 6440
538 401 641 464 915

1732 405 1789 461 S.
1832 398 2223 458 THEODORI
2252 394 2595 454 STUDlTxE

3678 392 3784 453 916

534 512 762 576 habens,
810 508 1085 565 medicum
1182 510 1614 580 nutritoremque
1676 507 1870 561 anima:
1928 520 2094 568 mea};

2227 516 2334 569 χων
2366 497 2457 551 τὸν
2495 497 2717 568 Πατέρα
2746 513 2874 567 μου,
2911 496 3012 551 οὐκ
3053 496 3194 568 ἔχων
3226 497 3318 551 τὸν
3347 499 3614 568 φωστῆρά
3639 516 3774 569 μου,

533 604 649 660 sine
695 613 893 668 tutore,
933 605 1050 657 sine
1110 604 1395 659 defensore
1450 605 1706 659 adversus
1756 599 2101 654 invisibiliter

2223 591 2289 645 :bv
2333 590 2513 660 ἰατρὸν
2554 590 2647 643 καὶ
2688 590 2892 661 τροφέα
2927 590 3027 659 τῆς
3090 590 3348 661 ταπεινῆς
3396 608 3498 660 μου
3558 589 3775 661 ψυχῆς’

534 695 919 767 impugnantes
950 711 1058 761 me,
1101 694 1302 750 Factus
1331 714 1446 749 sum
1495 698 1627 749 sicut
1650 710 1829 747 corvus
1873 694 1926 744 in
1970 692 2097 743 soli-

536 788 714 840 tudine
756 796 803 841 et
838 789 970 841 sicut
1010 805 1191 855 passer
1256 788 1534 842 solitarius
1570 788 1626 840 in
1658 794 1790 839 tecto
1820 786 1882 849 ¹¹,
1914 783 2099 836 oculos

2200 681 2636 750 ἀπροστάτευτος
2664 723 2680 747 ,
2746 681 3191 751 ἀνεπαμύνευτος
3241 681 3377 751 πρὸς
3433 682 3561 745 τοὺς
3625 682 3789 735 πολε-

2204 771 2437 841 μοῦντάς
2518 789 2586 842 με
2662 771 2943 842 ἀοράτως·
3028 771 3352 842 Ἐγενόμην
3399 773 3542 825 ὡσεὶ
3593 772 3786 841 κόραξ

536 879 825 933 intendens
857 880 1114 949 quotidie,
1152 881 1257 934 huc
1283 880 1407 933 illuc
1435 875 2100 948 prqspectansetcircum-

2223 866 2271 915 ἓν
2320 863 2517 931 ἐρήμῳ
2596 863 2677 928 ὡς
2737 863 3056 930 στρουθίον
3125 864 3223 918 ἐπὶ
3300 863 3591 932 δώματος,
3662 862 3787 917 καθ’

535 971 791 1038 spieiens,
829 987 931 1026 nec
963 988 1188 1043 usquam
1215 981 1397 1042 Optata
1419 971 1601 1026 facies.
1643 969 1747 1024 Sed
1772 984 1841 1023 ne
1870 967 1947 1022 sic
1977 966 2102 1035 qui-

536 1063 658 1117 dem
683 1064 924 1119 dolorem
950 1080 1131 1119 meum
1156 1081 1253 1135 pro
1281 1065 1489 1120 meritis
1517 1077 1841 1135 exaggerare
1883 1076 2100 1131 queam.

534 1157 803 1211 Caeterum
851 1158 1049 1227 gratias
1091 1172 1213 1229 ago,
1254 1173 1462 1230 agoque
1501 1158 1664 1212 etiam
1700 1166 1861 1224 atque
1917 1153 2101 1217 etiam,

535 1250 681 1319 quod
720 1260 941 1320 propter
972 1251 1064 1304 Dei
1110 1250 1285 1321 legem
1334 1251 1418 1305 his
1468 1250 1664 1320 dignus
1698 1248 1909 1301 habitus
1940 1262 2103 1312 sum;

536 1343 679 1411 quod
735 1344 870 1396 tanti
927 1342 1104 1396 Patris
1134 1342 1278 1397 filius
1320 1356 1625 1409 nuncupor.
1664 1340 1796 1395 Fors
1826 1341 1990 1394 etiam
2019 1355 2107 1393 re-

537 1450 703 1506 gnare
730 1450 825 1504 per
875 1445 925 1489 te
959 1435 1120 1489 hodie
1158 1435 1361 1498 videar,
1417 1434 1577 1488 Pater
1631 1442 1837 1497 sancte,
1871 1433 1915 1486 si
1947 1432 2109 1486 modo

539 1542 729 1596 preces
780 1538 884 1581 tuae
938 1526 1144 1581 salvum
1194 1542 1282 1581 me
1345 1525 1670 1581 custodiant.
1727 1525 1916 1579 Timeo
1962 1524 2109 1578 enim

540 1620 781 1688 peccatis
814 1620 972 1686 meis,
1017 1629 1072 1675 et
1100 1620 1531 1689 intemperantia:
1565 1634 1718 1674 meae.
1752 1618 1902 1673 Scito
1926 1628 2110 1672 autem

540 1728 627 1767 me
666 1713 919 1782 precibus
962 1713 1069 1768 tuis
1092 1754 1105 1778 ,
1139 1714 1239 1768 etsi
1276 1712 1429 1767 valde
1465 1712 1694 1767 imbellis
1717 1727 1856 1777 sum,
1912 1709 2111 1765 confir-

541 1816 746 1860 matum
798 1815 853 1860 et
890 1815 1133 1860 erectum
1162 1824 1173 1858 :
1204 1820 1381 1874 neque
1413 1820 1511 1874 ego
1551 1803 1750 1871 solum,
1792 1804 1886 1858 sed
1920 1818 2112 1859 omnes
2142 1841 2185 1899 Β

542 1913 711 1951 unum
746 1912 954 1962 sumus,
1000 1896 1144 1950 idem
1195 1905 1373 1950 tecum
1427 1897 1743 1961 sentientes,
1804 1896 2108 1962 unanimes,

542 1991 606 2044 ad
638 1999 865 2044 mortem
896 2006 1064 2059 usque
1086 1990 1272 2043 eadem
1319 1989 1525 2059 perpeti
1563 1990 1732 2059 parati
1761 2005 1775 2043 :
1820 2005 1921 2043 nec
1950 2004 2110 2044 causa

541 2091 722 2135 nostra
756 2080 1051 2151 quidquam
1092 2081 1431 2135 reformides.
1472 2081 1587 2147 Eia,
1635 2080 1813 2147 Pater,
1852 2082 1954 2135 eia.
1993 2082 2109 2145 Eia,

542 2174 746 2242 optime
772 2172 1121 2244 gubernator,
1170 2172 1453 2227 aemulator
1510 2172 1748 2242 pietatis,
1800 2182 2110 2227 sanctorum

542 2265 803 2319 imitator.
838 2263 1117 2334 Magniﬁce
1171 2280 1357 2319 revera
1405 2265 1691 2329 dimicasti,
1746 2264 1973 2319 viriliter
2016 2266 2110 2319 de-

542 2357 788 2414 certasti.
828 2356 971 2409 Inter
1005 2367 1287 2427 martyres,
1326 2366 1407 2412 sat
1436 2357 1569 2420 seio,
1598 2357 1819 2426 spiritus
1864 2370 1990 2411 tuus
2030 2358 2111 2411 lo-

541 2466 665 2505 cum
695 2450 873 2505 habet.
904 2449 1029 2504 Haec
1070 2450 1233 2521 igitur
1272 2450 1336 2503 ad
1388 2451 1534 2504 hunc
1574 2450 1816 2514 modum,
1868 2449 2115 2519 quamvis

542 2543 721 2599 adhuc
746 2541 883 2596 infra
915 2542 1245 2597 desiderium
1286 2558 1489 2607 meum,
1515 2552 1568 2597 et
1611 2543 1749 2596 infra
1793 2542 2113 2613 dignitatem

546 2641 715 2688 tuam.
758 2633 824 2687 Et
850 2635 1109 2702 quoniam
1143 2633 1399 2689 distincte
1452 2649 1671 2688 narrare
1718 2650 1804 2688 me
1841 2634 2002 2703 jubes
2048 2634 2115 2689 ab

545 2726 632 2780 illa
657 2726 767 2787 die,
792 2741 898 2794 qua
938 2725 1240 2779 luctuosam
1282 2727 1684 2795 separationem
1731 2726 2113 2786 sustinuimus.

548 2827 720 2872 totum
763 2818 866 2871 iter
908 2826 1180 2882 nostrum,
1245 2826 1356 2872 tum
1388 2834 1507 2887 quae
1554 2818 1608 2871 in
1656 2833 1721 2872 eo
1749 2819 1908 2873 nobis
1938 2818 2116 2872 conti-

546 2920 775 2982 gerunt:
809 2910 1059 2979 equidem
1113 2910 1285 2979 impar
1317 2925 1437 2964 sum
1464 2927 1477 2974 ;
1510 2909 1788 2982 aggrediar
1810 2917 1989 2963 tamen
2017 2911 2118 2964 im—

546 3005 698 3074 pigre
734 3003 875 3071 quod
904 3003 1086 3073 jubes.
1125 3003 1220 3055 lllo
1242 3018 1371 3074 ergo
1415 3003 1504 3058 die
1546 3019 1654 3073 quo
1685 3002 1863 3057 abiisti
1906 3011 1960 3056 tu
1996 3006 2119 3074 qui-

545 3094 693 3156 dem,
732 3093 911 3157 Pater,
961 3093 1027 3147 ad
1076 3103 1304 3147 mortem
1366 3105 1456 3148 tua
1496 3096 1794 3161 voluntate,
1862 3095 2011 3150 missi
2068 3104 2121 3150 et

547 3200 649 3239 nos
690 3185 743 3237 in
784 3185 1033 3241 exsilium
1064 3202 1273 3251 sumus,
1306 3187 1497 3251 obviis,
1532 3197 1589 3242 ut
1612 3204 1697 3244 res
1731 3189 1868 3254 tulit,
1901 3190 2122 3259 jumcn-
2149 3193 2198 3257 ο

549 3279 621 3332 tis
646 3278 913 3333 subvecti.
949 3280 1015 3333 Et
1061 3280 1294 3349 primum
1335 3278 1575 3347 quidem,
1637 3290 1893 3348 tanquam
1930 3280 2121 3333 harum

550 3385 732 3423 rerum
759 3370 921 3425 rudes
953 3381 1115 3439 atque
1152 3370 1443 3439 inexperti,
1477 3371 1727 3424 nonnihil
1772 3372 1953 3426 animo
1990 3386 2123 3425 con-

548 3463 774 3518 sternati
800 3478 1008 3518 sumus.
1039 3463 1362 3532 Appulimus
1379 3463 1523 3517 enim
1547 3465 1610 3517 ad
1645 3480 1812 3534 pagos
1836 3466 2122 3534 quosdam,

551 3554 921 3622 spectaculum
958 3554 1086 3608 facti
1122 3555 1269 3609 omni
1319 3555 1601 3609 hominum
1644 3556 1797 3610 sexui
1833 3566 1887 3611 et
1934 3558 2080 3613 :etati
2107 3599 2123 3625 ,

551 3645 645 3699 ubi
704 3645 938 3701 tumultu
981 3646 1420 3718 clamoribusque
1470 3648 1708 3717 impletae
1765 3650 1922 3705 nobis
1966 3666 2127 3707 aures

553 3740 797 3805 fuerunt,
826 3755 949 3794 cum
993 3739 1267 3794 solverent
1298 3748 1352 3794 et
1395 3741 1757 3797 subsisterent
1794 3743 1861 3798 ad
1905 3759 2127 3814 compa-

554 3830 723 3885 randa
772 3831 935 3885 victui
986 3834 1316 3894 necessaria.
1353 3835 1445 3903 qui
1482 3850 1581 3888 nos
1630 3835 1921 3889 ducebant.
1972 3835 2128 3890 Post-

554 3938 715 3991 quam
741 3939 873 3978 vero
928 3924 1219 3979 assuefacti
1276 3926 1495 3979 tandem
1548 3927 1771 3989 fuimus,
1806 3926 2021 3981 facilius
2072 3937 2128 3982 et

553 4016 731 4071 lenius
758 4015 897 4070 ferre
928 4017 1194 4085 coepimus
1235 4016 1484 4070 adversa.
1514 4017 1770 4071 Omnium
1819 4034 1981 4087 porro
2011 4034 2123 4073 ma-

554 4107 697 4161 xime
730 4123 830 4163 nos
855 4108 1089 4177 angebat
1120 4106 1297 4162 Patris
1327 4119 1381 4161 et
1411 4108 1616 4163 domini
1649 4108 1866 4165 diaconi
1897 4112 2127 4166 inﬁrmi-

555 4210 659 4254 tas.
693 4200 869 4269 Atque
897 4200 999 4253 hoc
1023 4200 1185 4253 modo
1238 4200 1420 4273 tristes
1445 4210 1500 4254 et
1554 4202 1803 4255 exhausti
1863 4203 1968 4257 iter
1997 4220 2129 4259 con-

557 4294 806 4349 fecimus.
846 4292 1151 4346 Mansiones
1178 4303 1357 4347 autem
1407 4294 1488 4347 hze
1535 4294 1777 4361 fuerunt,
1814 4312 1843 4350 a
1883 4297 2131 4353 Calliaris

556 4386 624 4440 ad
651 4385 891 4449 Liviana,
928 4383 1055 4438 inde
1086 4385 1151 4439 ad
1185 4383 1414 4451 Leucas,
1449 4396 1561 4440 tum
1592 4385 1908 4458 Phyrrum:
1939 4406 2046 4459 quo
2075 4389 2131 4443 in

555 4479 678 4532 loco
710 4477 938 4547 lugubre
969 4477 1226 4546 quiddam
1261 4487 1315 4531 et
1364 4489 1662 4532 memoratu
1712 4480 1933 4550 dignum
1970 4482 2130 4535 nobis

558 4569 774 4623 accidit.
799 4568 938 4623 Cum
965 4568 1110 4622 enim
1148 4584 1214 4622 ex
1252 4569 1547 4637 improviso
1578 4585 1635 4623 se
1667 4571 1994 4625 obtulissent
2031 4587 2130 4627 no-

557 4678 681 4716 vem
720 4677 786 4716 ex
818 4660 1092 4730 primariis
1140 4660 1424 4723 fratribus,
1484 4662 1667 4715 ovium
1712 4663 1882 4716 instar
1916 4666 2128 4733 disper-

558 4768 767 4816 sarum,
817 4752 1285 4807 circumsederunt
1316 4766 1415 4805 nos
1449 4750 1642 4806 flentes
1668 4761 1721 4806 et
1750 4753 1913 4806 corda
1945 4764 2131 4808 nostra

559 4843 931 4899 conficientes.
969 4842 1036 4894 At
1065 4841 1254 4895 ductor
1280 4848 1465 4896 noster
1497 4858 1598 4895 nec
1622 4842 1823 4912 alloqui
1862 4860 1955 4899 eos
1986 4846 2134 4899 sine-

563 4935 676 4990 bat.
708 4933 785 4987 lta
809 4933 1069 4987 miserum
1097 4931 1151 4985 in
1188 4932 1413 4985 modum
1449 4941 1795 5001 aspectantes
1842 4945 2048 5002 mutuo,
2080 4945 2134 4990 et

562 5027 683 5081 vale
717 5026 985 5090 dicentes,
1025 5039 1147 5078 cum
1177 5023 1429 5093 lacrymis
1481 5024 1697 5078 tandem
1731 5026 1925 5081 divulsi
1956 5036 2010 5080 et
2046 5043 2135 5082 se-

562 5119 734 5192 parati
765 5118 985 5172 fuimus.
1019 5116 1219 5171 Deinde
1246 5115 1467 5169 Paulam
1504 5116 1672 5181 ducti,
1702 5118 2009 5174 invenimus
2042 5136 2134 5175 ve-

566 5211 863 5266 nerandam
916 5224 1160 5263 sororem
1212 5216 1362 5261 tuam
1397 5223 1519 5262 cum
1573 5209 1793 5262 domino
1834 5209 2030 5274 Sabba,
2081 5222 2137 5267 et

566 5305 704 5360 clam
741 5302 993 5357 venimus
1051 5302 1103 5354 in
1154 5308 1529 5368 conspectum,
1596 5310 1869 5371 totamque
1923 5314 2137 5359 noctem

568 5410 811 5465 congruo
861 5406 1111 5448 sermone
1137 5391 1423 5446 duximus:
1462 5401 1573 5445 tum
1610 5392 1841 5448 invicem
1883 5404 2136 5466 tanquam

567 5487 727 5542 morti
756 5486 997 5540 addictos
1028 5485 1347 5547 salutantes,
1385 5484 1742 5540 discessimus
1773 5502 1894 5541 cum
1937 5490 2137 5559 gemitu

641 5623 682 5654 “
716 5621 854 5676 Psal.
891 5638 961 5685 ει,
994 5620 1044 5683 7,
1076 5620 1128 5676 8.

2202 954 2418 1025 ἡμέραν
2479 954 2903 1025 ἐποφθαλμιῶν,
2961 950 3065 1009 ὧδε
3125 956 3345 1009 κάκεῖσε
3403 956 3617 1025 βλέπων
3691 957 3790 1009 καὶ

2206 1045 2541 1116 περιαθρῶν,
2580 1047 2673 1100 καὶ
2711 1048 2965 1117 οὐδαμῶς
3000 1048 3059 1100 τὸ
3095 1048 3430 1117 ποθούμενον
3463 1052 3786 1119 πρόσωπον.

2205 1137 2314 1191 Καὶ
2349 1136 2501 1191 οὔπω
2548 1138 2669 1191 κατ’
2711 1137 2871 1204 ἀξίαν
2905 1138 3174 1209 δυναίμην
3222 1140 3641 1210 ἐκτραγῳδῆσαί
3681 1156 3788 1207 μου

2203 1229 2266 1281 τὸ
2294 1230 2484 1292 πάθος.
2515 1230 2663 1299 Πλὴν
2706 1230 3017 1302 εὐχαριστῶ
3056 1232 3150 1285 καὶ
3198 1232 3672 1303 ύπερευχαριστῶ,
3704 1233 3789 1285 ὅτι

2206 1320 2291 1373 διὰ
2318 1321 2480 1390 νόμον
2512 1318 2651 1374 Θεοῦ
2677 1320 2851 1375 ταῦτα
2886 1321 3260 1390 κατηξίωμαι’
3291 1324 3371 1374 ὅτι
3397 1320 3643 1374 τοιούτου
3672 1321 3790 1374 [Ια-

2207 1412 2333 1483 τρδς
2381 1413 2731 1483 ἐχρημάτισα
2782 1414 2990 1468 τέκνον.
3042 1415 3195 1484 Τάχα
3251 1412 3555 1483 βασιλεύειν
3598 1414 3792 1481 οῖομαι

2208 1504 2297 1558 διὰ
2326 1503 2421 1557 σοῦ
2458 1505 2725 1576 σήμερον,
2782 1504 2965 1575 Πάτερ
3016 1504 3161 1573 ἀγιε,
3215 1506 3369 1574 εῐπερ
3416 1506 3449 1574 ἡ
3502 1505 3637 1574 εὐχή
3694 1522 3788 1558 σου

2213 1593 2353 1647 σῶόν
2391 1611 2457 1664 με
2481 1595 2821 1663 διαφυλάξοι.
2852 1596 3078 1649 Δέδοικα
3107 1600 3216 1666 γάρ
3248 1614 3349 1668 μου
3382 1596 3481 1667 τὴν
3509 1596 3793 1665 ἁμαρτίαν

2213 1686 2309 1739 καὶ
2350 1685 2448 1757 τὴν
2494 1687 2770 1741 ἀσωτίαν*
2808 1687 2930 1760 εἴσῃ
2968 1687 3025 1741 δὲ
3060 1688 3345 1757 γινώσκων
3393 1690 3476 1742 ὅτι
3518 1706 3612 1742 σου
3665 1691 3793 1753 ταῖς

2215 1777 2401 1845 ἁγίαις
2448 1778 2633 1848 εὐχαῖς
2666 1780 2955 1851 ἐνίσχυμαι
3011 1780 3105 1834 καὶ
3147 1781 3463 1852 ἐνίδρυμαιο
3510 1780 3615 1834 κᾶν
3667 1781 3795 1836 λίαν

2214 1869 2688 1937 εὐκαταγώνιστός
2731 1873 2879 1940 είμι·
2923 1870 3019 1925 καὶ
3064 1873 3126 1925 ού
3175 1874 3336 1941 μόνον
3361 1872 3493 1941 ἐγὼ,
3530 1873 3795 1927 ἀλλὰκαὶ

2213 1963 2259 2014 οἱ
2301 1961 2499 2026 πάντες
2529 1963 2589 2016 τὸ
2621 1963 2679 2016 ἐν
2700 1965 2870 2035 ἐσμεν
2898 1964 3339 2034 συμφρονοῦντές
3374 1982 3457 2018 σοι.
3490 1965 3795 2036 σύμψυχοι,

2214 2050 2559 2121 συμπάσχειν
2597 2053 2912 2123 αἱρούμενοι
2944 2052 3110 2124 μέχρι
3158 2053 3414 2109 θανάτου.
3463 2056 3576 2109 Kal.
3611 2058 3796 2127 μηδα-

2216 2140 2334 2210 μῶς
2372 2142 2530 2211 ἡμῶν
2585 2143 2746 2195 ἕνεκα
2780 2143 2965 2206 δεδιὼς
3000 2139 3086 2217 ᾖς.
3128 2139 3291 2221 Εὖγε,
3322 2139 3367 2200 ὧ
3394 2146 3600 2218 Πάτερ,
3636 2142 3794 2215 εὖγε.

2214 2226 2376 2298 Εὖγε,
2403 2226 2449 2285 ὦ
2478 2231 2667 2302 ἄριστε
2703 2226 3290 2305 κυδερνῆτα,κζηλιοτά
3329 2234 3430 2305 τῆς
3477 2236 3796 2303 εὐσεϐείας,

2217 2323 2433 2394 μιμητὲ
2463 2324 2572 2377 τῶν
2600 2325 2791 2394 ἁγίων.
2819 2325 3275 2395 Μεγαλοπρεπῶς
3298 2327 3466 2391 ὅντως
3496 2328 3797 2398 ἠγώνισαι.

2213 2415 2501 2480 Νεανικῶς
2545 2417 2965 2488 ὑπερήθλησας*
3017 2418 3158 2488 μετά
3210 2418 3503 2489 μαρτύρων
3561 2414 3663 2472 οἶδ’
3712 2421 3799 2473 ὅτι

2216 2512 2299 2582 εἴη
2353 2510 2416 2563 τὸ
2462 2511 2682 2581 πνεῦμά
2729 2528 2844 2567 σου.
2885 2510 3037 2583 Ἔχει
3075 2512 3174 2583 μὲν
3219 2513 3363 2566 οὕτω
3390 2510 3586 2575 ταῦτα,
3618 2515 3669 2565 εί
3702 2518 3802 2567 καὶ

2220 2603 2386 2672 μήπω
2429 2602 2530 2671 τῆς
2561 2602 2860 2674 ἐπιθυμίας
2905 2621 3007 2675 μου
3046 2605 3141 2657 καὶ
3191 2605 3290 2676 τῆς
3336 2604 3493 2668 ἀξίας
3542 2619 3664 2669 σου,
3717 2607 3802 2668 εἰς

2215 2694 2355 2746 δέον.
2401 2694 2554 2746 Ἐπεὶ
2576 2693 2633 2748 δὲ
2662 2694 2904 2760 κελεύεις
2946 2695 3231 2766 ἱστορῆσαί
3266 2712 3346 2748 σοι
3369 2695 3493 2748 κατ’
3516 2694 3670 2759 ἔπος,
3702 2697 3802 2767 ἀφ’

2215 2777 2284 2852 ἦς
2324 2781 2536 2852 ἡμέρας
2576 2783 2895 2855 ὑπέστημεν
2942 2785 3160 2853 ἐκείνην
3212 2785 3313 2855 τὴν
3356 2785 3628 2858 ὀδυνηρὰν
3676 2788 3805 2843 διά-

2220 2871 2422 2937 ζευξιν,
2458 2876 2557 2944 τήν
2605 2892 2666 2928 τε
2704 2876 3034 2946 ὁδοιπορίαν,
3078 2877 3170 2929 καὶ
3201 2877 3269 2930 τά
3314 2879 3433 2932 κατ’
3461 2879 3635 2951 αὐτὴν
3666 2882 3807 2950 ἡμῖν

2222 2961 2645 3031 συμϐεϐηκόταο
2682 2965 2780 3034 οὐχ
2836 2963 3038 3017 ἱκανῶ·
3076 2962 3219 3035 πλὴν
3261 2966 3323 3019 τὺ
3365 2967 3661 3021 κελευσθέν
3709 2986 3807 3039 μοι

2224 3055 2438 3122 ποιήσω
2467 3054 2789 3108 ἀοκνότατα.
2833 3055 2969 3107 Κατ’
2998 3055 3170 3122 αὐτὴν
3200 3059 3481 3129 τοιγάρτοι
3523 3059 3624 3129 τὴν
3652 3061 3804 3130 ὴμέ-

2231 3161 2331 3213 ραν
2364 3144 2488 3196 καθ’
2521 3147 2586 3216 ἦν
2612 3144 2811 3215 ἀπῄεις
2840 3147 2904 3199 σὺ
2930 3146 3050 3221 μὲν,
3080 3141 3125 3200 ὦ
3154 3150 3356 3219 Πάτερ,
3385 3151 3485 3219 τὴν
3514 3151 3608 3202 ἐπὶ
3632 3152 3810 3204 θάνα-

2224 3253 2316 3288 τον
2344 3236 2462 3289 ὁδὸν
2490 3240 2557 3307 τῇ
2592 3237 2934 3309 προαιρέσει,
2975 3244 3068 3294 καὶ
3097 3243 3259 3312 ἡμεῖς
3292 3240 3664 3311 ἐστειλάμεθα
3697 3244 3806 3315 τὴν

2224 3326 2502 3397 ἐξόριστον
2550 3329 2885 3400 ὁδοιπορίαν,
2951 3331 3311 3401 ἐποχηθέντες
3372 3333 3457 3401 ἐφ’
3502 3326 3585 3396 οἷς
3638 3331 3809 3407 ἔτυχε

2227 3417 2404 3483 ζώοις.
2435 3420 2545 3474 Kal.
2570 3420 2646 3484 ὡς
2685 3422 3007 3493 ἀπείραστοι
3053 3425 3173 3476 κατ’
3208 3423 3384 3493 ἀργὰς
3428 3422 3523 3477 τοῦ
3550 3417 3809 3483 τοιούτου

2226 3508 2523 3579 δράματος,
2550 3506 2694 3581 ἦμέν
2720 3528 2842 3574 πως
2871 3514 2925 3565 ἐν
2949 3512 3178 3584 ἀθυμίᾳ.
3214 3512 3667 3585 Προσεδάλλομεν
3695 3519 3811 3588 γὰρ

2229 3602 2320 3653 καί
2369 3618 2477 3654 τισι
2527 3602 2764 3672 κώμαις,
2808 3603 3213 3674 θεατριζόμενοι
3252 3605 3346 3657 ἐπὶ
3392 3606 3576 3674 πάσης
3624 3606 3813 3675 ὅψεως

2229 3693 2322 3746 καὶ
2354 3693 2572 3763 ἡλικίας
2612 3692 2947 3763 ἀνθρώπων·
2984 3695 3233 3766 θορύϐοις
3275 3714 3333 3751 τε
3382 3698 3477 3750 καὶ
3529 3704 3814 3767 κραυγαῖς

2231 3784 2648 3855 περιηχήθημεν
2677 3784 2961 3856 ἀμφότερα
2985 3787 3053 3841 τὰ
3082 3781 3228 3841 ὧτα⁶
3258 3788 3316 3840 ἐν
3352 3805 3409 3839 τε
3437 3788 3516 3859 τῷ
3545 3790 3815 3861 ἀπαίρειν

2231 3876 2323 3928 καὶ
2371 3874 2711 3928 καταπαύειν
2758 3876 2910 3946 παρὰ
2938 3877 2997 3930 τὸ
3047 3878 3111 3931 τὰ
3156 3879 3436 3946 ἐπιτήδεια
3471 3882 3817 3950 συμπορίζε-

2231 3966 2353 4018 σθαι
2382 3966 2509 4029 τοὺς
2533 3966 2788 4031 ἄγοντας.
2819 3967 2905 4031 Ὠς
2937 3968 2995 4021 δὲ
3025 3969 3193 4039 ᾔομεν
3231 3968 3400 4040 [unus
3457 3970 3681 4043 ᾔειμεν]
3717 3973 3817 4027 ἐπὶ

2228 4058 2418 4129 πρόσω
2452 4057 2780 4125 ἐθισθέντες,
2816 4062 2945 4130 ῥᾷον
2974 4061 3175 4131 μᾶλλον
3199 4062 3467 4134 ἐφέρομεν
3494 4064 3563 4118 τὰ
3607 4065 3817 4135 δυσχε-

2232 4149 2322 4218 ρῆ.
2362 4148 2435 4201 Τὸ
2466 4150 2523 4203 δὲ
2550 4150 2715 4203 ἀνιῶν
2742 4152 2889 4221 ἡμᾶς
2916 4152 3077 4206 πλέον
3109 4155 3142 4223 ἡ
3175 4154 3429 4207 ἀσθένεια
3458 4150 3526 4226 ἦν
3569 4155 3667 4209 τοῦ
3696 4159 3816 4211 lla-

2228 4239 2355 4309 τρὸς
2381 4238 2475 4292 τοῦ
2506 4240 2697 4308 κυρίου
2738 4240 3010 4297 διακόνου.
3053 4242 3162 4295 Καὶ
3183 4242 3326 4296 οὕτω
3350 4245 3451 4313 τὴν
3487 4244 3607 4298 ὁδὸν
3638 4245 3813 4315 ἀχθόο

2243 4346 2415 4399 μενοι,
2472 4331 2954 4402 περιαντλούμενοι
3007 4333 3427 4406 διεπεράναμεν.
3458 4328 3631 4388 Αὗται
3658 4335 3721 4388 δὲ
3756 4337 3819 4388 αἱ

2234 4422 2537 4491 καταμοναί
2564 4438 2578 4449 ·
2611 4423 2718 4476 ἀπὸ
2742 4424 2809 4476 τὰ
2854 4425 3085 4495 Καθαρά
3107 4427 3187 4487 είς
3212 4425 3474 4478 Λιϐιανά·
3506 4425 3705 4478 ἔπειτα
3734 4428 3821 4490 είς

2161 4544 2209 4603 D
2233 4511 2445 4573 Λεύκας
2470 4527 2484 4541 ο
2512 4506 2611 4564 εἷθ’
2643 4512 2815 4575 οὕτως
2849 4515 2929 4575 είς
2963 4514 3023 4565 τὸ
3050 4514 3312 4581 Φύραιονο
3344 4512 3475 4566 ἔνθα
3496 4512 3590 4565 καὶ
3621 4512 3821 4582 ὀδυνη-

2242 4604 2332 4672 ρὸν
2376 4603 2506 4672 ἡμῖν
2540 4604 2761 4672 συνέϐη,
2812 4605 2903 4656 καὶ
2946 4605 3187 4675 ἱστορίας
3227 4603 3397 4669 ἄξιον.
3435 4604 3823 4674 Ὑπερφανέν-

2237 4709 2329 4754 τες
2362 4692 2471 4760 γάρ
2509 4710 2626 4755 πως
2657 4694 2714 4759 ἐξ
2743 4694 3057 4765 ἀπροόπτου
3088 4695 3241 4747 ἐννέα
3268 4695 3377 4747 τῶν
3419 4696 3825 4765 πρωτευόντων

2240 4784 2507 4852 ἀδελφῶν,
2554 4783 2630 4847 ὡς
2675 4784 2927 4855 πρόϐατα
2989 4785 3389 4855 διεσπαρμένα,
3442 4785 3823 4856 περιέστησαν

2242 4880 2374 4949 ἡμῖν
2400 4879 2701 4944 κλαίοντες,
2730 4880 2826 4933 καὶ
2865 4879 3296 4951 συνθρύπτοντές
3335 4879 3495 4950 ἡμῶν
3546 4882 3648 4949 τὴν
3680 4898 3825 4953 καρ-

2243 4970 2386 5028 δίαν.
2427 4972 2537 5025 Καὶ
2565 4973 2593 5024 ὁ
2625 4972 2723 5040 μὲν
2751 4971 2900 5039 ἄγων
2927 4974 3077 5042 ἡμᾶς
3114 4972 3235 5025 οὐδὲ
3275 4971 3657 5042 προσλαλῆσαι
3688 4975 3783 5026 εῐα
3807 4990 3821 5002 '

2238 5062 2448 5115 ἐλεεινὰ
2473 5062 2528 5115 δὲ
2560 5063 2850 5133 βλέποντες
2887 5065 2981 5117 καὶ
3021 5063 3368 5134 βλεπόμενοι,
3419 5063 3517 5117 καὶ
3551 5063 3828 5134 ἐπιφθέγ-

2240 5171 2385 5223 ματα
2409 5154 2658 5224 ἀλλήλοις
2687 5155 3029 5218 ἐπειπόντες,
3061 5154 3372 5209 τελευταῖον
3396 5154 3537 5225 μετά
3564 5154 3827 5226 δακρύων

2238 5242 2694 5313 διεχωρίσθημεν.
2749 5239 2882 5297 Εἶτα
2937 5244 3306 5313 καταχθέντες
3358 5246 3415 5297 ἐν
3470 5247 3537 5314 τῇ
3605 5244 3827 5315 Παύλᾳ,

2238 5332 2475 5403 εὕρομεν
2506 5334 2602 5405 τὴν
2634 5336 3002 5405 πολυτίμητόν
3034 5353 3127 5389 σου
3152 5336 3388 5407 ἀδελφὴν
3414 5336 3511 5389 σὺν
3531 5335 3611 5405 τῷ
3647 5336 3829 5406 κυρίῳ

2246 5425 2435 5497 Σάϐϐα
2458 5427 2556 5496 (Δ),
2588 5427 2845 5497 κρυπτῶς
2887 5426 3317 5496 συνοψισθέντες,
3350 5429 3445 5479 καὶ
3488 5426 3553 5478 δι’
3576 5426 3709 5495 ὅλης
3736 5445 3831 5480 νυ-

2250 5518 2376 5580 κτὸς
2404 5519 2461 5570 ἐν
2489 5516 2669 5588 ταυτῷ
2715 5518 3024 5588 μείναντες,
3056 5517 3390 5590 λαλήσαντές
3422 5534 3478 5571 τε
3511 5516 3581 5571 τὰ
3609 5518 3829 5583 εἰκότα,

2070 5694 2301 5753 NOTAE.

646 5788 723 5869 (4)
755 5789 838 5869 Τῷ
887 5794 1074 5869 κιςρίῳ
1139 5790 1355 5844 Σάϐϐα.
1409 5790 1635 5857 Sabbas,
1670 5792 2005 5848 Studitarum
2074 5795 2117 5850 11

2225 5813 2439 5866 menus,
2472 5798 2527 5853 in
2604 5797 2833 5855 concilio
2884 5796 3103 5855 Niceno
3142 5797 3184 5854 ll
3245 5813 3350 5855 una
3402 5814 3524 5856 cum
3577 5800 3833 5869 Platone,

576 5863 916 5932 subscriptus
950 5862 1167 5930 legitur.
