3926 6472
203 433 311 498 917

1441 425 1972 488 EPISTOLARUM
1997 428 2142 492 LIB.
2184 429 2234 489 Ι.

3358 435 3459 502 918

205 551 302 605 καὶ
323 546 709 617 ἀσπασάμενοι
736 541 1000 613 ἀλλήλους
1031 540 1108 604 ὼς
1138 535 1543 601 ἐπιθανατίους,
1570 536 1784 607 διέστη-

1890 547 1940 593 et
1964 539 2276 608 ejulatione.
2303 538 2381 595 Ac
2412 549 2547 596 tunc
2572 539 2760 596 videre
2799 549 2918 598 erat
2937 540 3198 598 convulsa
3237 555 3456 615 pectora

209 655 311 710 μεν
344 637 624 699 στένοντες
652 635 750 688 καὶ
776 630 1163 701 ποτνιώμενοι.
1190 622 1299 681 Ἦν
1334 627 1462 680 ίδεῖν
1487 627 1610 680 ἐκεῖ
1634 643 1777 680 σπα⁸

208 731 526 804 ρασσόμενα
568 726 852 795 σπλάγχνα
897 725 994 778 καὶ
1032 719 1398 792 σφαδάζοντα,
1451 718 1777 791 θεοπρεπῶς

206 821 526 892 νικωμένης
569 819 667 888 τῆς
707 817 947 887 φύσεως.
986 815 1080 868 Ἐκ
1125 811 1292 867 τῶνδε
1348 810 1783 881 κατεπαύσαμεν

205 917 268 968 ἐν
302 913 384 984 τῷ
426 910 734 980 Δουπαδίῳ,
772 906 1111 978 φιλοφρόνως
1140 903 1589 975 συμπαθηθέντες
1629 903 1785 970 παρά

207 1005 304 1060 τοῦ
355 1001 786 1073 ξενοδοχοῦντος,
824 996 1160 1069 χρησάμενοι
1208 1012 1268 1048 τε
1312 996 1406 1048 καὶ
1452 993 1664 1064 λουτρῷ
1696 993 1785 1047 διὰ

204 1099 336 1161 τοὺς
371 1095 646 1168 μώλωπας
672 1109 685 1123 ο
721 1090 980 1160 γεγόνασι
1020 1089 1130 1157 γὰρ
1173 1085 1268 1141 καί
1315 1103 1478 1140 τινων
1518 1085 1781 1152 δυσίατοι,

203 1188 317 1243 ἀπὸ
371 1187 472 1256 τῆς
534 1183 866 1253 ὁδοιπορίας.
914 1179 1024 1232 Kal.
1071 1177 1432 1250 κατήχθημεν
1483 1177 1564 1240 εἰς
1612 1177 1784 1244 Τίλιν.

217 1280 370 1333 Ἐκεῖ
402 1277 582 1332 τοίνυν
611 1269 937 1329 καταλαϐὼν
964 1271 1114 1339 ἡμᾶς
1140 1269 1168 1323 ὃ
1189 1286 1247 1323 τε
1279 1268 1478 1332 Ἀϐϐἄς
1511 1268 1788 1339 Ζαχαρίας

210 1369 352 1441 μετά
380 1367 476 1421 τοῦ
523 1365 762 1429 Πιονίου,
795 1366 862 1416 ἐκ
893 1360 1105 1432 θερμῆς
1133 1359 1448 1430 προθέσεως
1479 1359 1784 1426 κλαίοντες,

205 1462 302 1514 καὶ
354 1458 475 1530 μεθ’
521 1456 680 1528 ήμῶν
733 1452 1049 1525 αἱρούμενοι
1116 1451 1470 1522 πορεύεσθαι,
1525 1450 1632 1507 κᾶν
1687 1451 1787 1505 οὐκ

204 1551 498 1622 εἰάθησαν.
537 1549 670 1601 Ἀπὸ
701 1546 858 1600 τοῦδε
892 1547 971 1609 είς
1009 1543 1328 1614 Ἀλκέριζαν
1352 1557 1367 1573 ·
1395 1544 1462 1596 ἐκ
1489 1542 1660 1596 τῶνδε
1705 1543 1786 1606 είς

218 1639 793 1712 Ἀναγεγραμμένους,
817 1637 1010 1690 ἔπειτα
1040 1637 1119 1699 είς
1140 1635 1508 1706 ΙΙερπερίναν⁸
1531 1633 1787 1687 κάκεῖθεν

206 1737 291 1799 είς
320 1733 386 1788 τὺ
416 1732 647 1803 Πάριον·
682 1728 1067 1790 κοινωνοῦντες
1110 1725 1262 1797 παρὰ
1292 1724 1402 1778 τῶν
1450 1724 1786 1790 ἐπισκόπων,

205 1828 354 1898 πλὴν
383 1826 482 1880 καὶ
506 1824 647 1895 μετά
697 1820 1079 1883 ταπεινώσεως
1131 1819 1642 1888 ὑπομιμνήσκοντες
1690 1818 1790 1887 ὀμ-

1883 638 1940 684 et
1967 629 2291 698 fatiscentia,
2321 645 2444 684 cum
2499 629 2760 685 decenter
2791 631 2930 687 victa
2965 633 3187 689 cederet
3236 639 3455 687 natura.

1884 722 1963 778 Ex
1991 721 2094 776 hoc
2142 721 2262 776 loco
2307 722 2538 793 digressi
2587 722 2928 780 substitimus
2967 724 3025 779 in
3069 724 3334 796 Lupadio,
3364 725 3458 780 ubi

1884 821 2234 881 peramanter
2274 812 2343 867 ab
2379 813 2595 883 hospite
2651 814 2823 869 habiti
2877 813 3106 882 fuimus,
3153 817 3457 886 balneoque

1886 904 1968 959 usi
1989 913 2211 975 propter
2236 905 2484 960 vibices:
2527 906 2804 962 nonnullis
2847 907 2993 962 enim
3040 923 3182 978 pene
3233 909 3458 963 insana-

1885 993 2021 1050 biles
2043 1005 2337 1050 evaserunt
2366 1011 2433 1051 ex
2469 996 2678 1053 itineris
2707 997 3018 1069 agitatione.
3045 999 3114 1053 Et
3138 1000 3459 1055 divertimus

1886 1084 2065 1140 Tilim.
2108 1086 2220 1142 lllic
2240 1103 2370 1159 ergo
2389 1095 2673 1143 assecutus
2697 1104 2798 1144 nos
2821 1089 2990 1144 abbas
3013 1088 3307 1145 Zacharias
3331 1105 3456 1146 cum

1884 1177 2099 1246 Pionio,
2153 1195 2263 1249 prae
2285 1180 2452 1234 animi
2495 1180 2691 1236 ardore
2745 1182 3028 1237 nobiscum
3058 1183 3248 1237 venire
3269 1184 3459 1253 cupie-

1885 1270 2015 1325 bant
2041 1289 2054 1325 :
2084 1271 2178 1325 sed
2213 1272 2542 1340 permissum
2572 1271 2626 1327 id
2655 1272 2736 1327 eis
2777 1286 2886 1327 non
2919 1272 3042 1328 fuit.
3067 1273 3198 1329 lnde
3245 1275 3456 1329 Alceri-

1887 1376 2025 1425 sam,
2066 1370 2178 1416 tum
2209 1362 2276 1416 ad
2326 1363 2878 1434 Anagegrammenos,
2952 1364 3150 1419 deinde
3207 1363 3459 1436 Perperi-

1886 1467 2034 1516 nam,
2069 1462 2234 1523 atque
2259 1454 2406 1509 illinc
2437 1455 2681 1523 Parium,
2712 1471 2837 1512 cum
2861 1457 3134 1528 episcopis
3155 1461 3458 1514 communi-

1886 1557 2092 1610 cantes,
2124 1554 2179 1600 et
2231 1547 2299 1601 de
2342 1548 2706 1618 jurejurando
2765 1550 3012 1604 modeste
3071 1553 3455 1606 admonentes.

1886 1633 2015 1690 Post
2063 1638 2179 1692 haec
2207 1636 2467 1705 Horcum,
2511 1639 2639 1694 inde
2684 1639 3041 1711 Lampsacum
3068 1680 3083 1706 ,
3139 1643 3228 1696 ubi
3287 1641 3457 1698 Hera-

1887 1727 2087 1783 cleotas
2120 1730 2286 1793 nacti,
2338 1732 2518 1787 triduo
2559 1732 2815 1788 haesimus
2841 1735 3096 1805 navigare
3127 1751 3238 1789 non
3270 1735 3457 1790 valen-

1890 1829 1992 1876 tes.
2049 1821 2256 1878 Deinde
2284 1823 2565 1880 solventes
2603 1826 2913 1895 appulimus
2954 1827 3225 1898 Abydum,
3259 1843 3288 1882 a
3319 1844 3458 1898 pra:-

205 1922 458 1984 νύοντας.
510 1913 642 1970 Εἶτα
693 1915 773 1978 είς
809 1913 1023 1984 Ὀρκὸν,
1068 1910 1278 1964 ἐκεῖθεν
1315 1911 1396 1973 είς
1442 1909 1780 1979 Λάμψακον·

1890 1913 2005 1966 side
2030 1913 2340 1969 humaniter
2359 1915 2591 1985 excepti.
2620 1914 2866 1988 Cumque
2883 1918 2953 1972 ibi
2973 1933 3144 1988 usque
3169 1919 3237 1973 ad
3263 1919 3460 1977 Sabba-

202 2016 265 2069 tv
415 2010 667 2082 εὑρόντες
731 2002 1158 2076 Ἠρακλειώτας,
1208 1999 1784 2072 προσανεπαυσάμεθα

202 2111 529 2180 τριήμερόν,
573 2105 730 2157 πλεῖν
769 2102 830 2154 οὑ
867 2099 1175 2169 δυνάμενοι.
1221 2091 1352 2150 Εῐτα
1397 2094 1786 2166 ἐξορμίσαντες

204 2197 666 2266 κατεπλεύσαμεν
711 2197 767 2248 έν
798 2195 865 2263 τῇ
911 2188 1127 2259 Ἀϐύδῳ
1148 2203 1162 2219 °
1193 2187 1299 2241 ὑπὸ
1334 2186 1431 2241 τοῦ
1469 2189 1650 2241 ἐκεῖσε
1683 2188 1784 2258 ἀρ-

206 2307 401 2363 χοντος
458 2286 703 2348 εὐσεϐῶς
768 2280 1222 2353 κατελεηθέντεςο
1261 2280 1358 2334 καὶ
1406 2279 1786 2350 ἐπιμείναντες

203 2387 312 2449 ἓως
358 2380 457 2436 τοῦ
500 2378 768 2433 σαϐϐάτου
820 2376 1187 2446 ὁκταήμερον,
1239 2372 1666 2442 ἀπεπλεύσαμεν
1707 2373 1789 2434 εις

217 2474 562 2534 Ἐλεοῦντας.
607 2465 1018 2538 Ἑϐδοματιαῖόν
1054 2483 1116 2520 τε
1146 2464 1341 2536 χρόνον
1377 2465 1782 2534 ἐπιμείναντες,

203 2570 296 2624 διὰ
317 2567 379 2620 τὸ
409 2563 624 2626 ἀπλοον,
656 2558 830 2624 δεξιοῦ
852 2559 1054 2629 ἀνέμου
1089 2556 1445 2621 πνεύσαντος,
1475 2555 1781 2626 έπετάσθη-

1888 2012 2004 2058 tum
2035 2014 2160 2061 octo
2187 2006 2398 2061 dierum
2425 2009 2600 2078 spatio
2623 2011 3034 2075 mansissemus,
3070 2010 3189 2065 vela
3229 2010 3458 2065 fecimus

1887 2096 1956 2150 ad
1984 2094 2262 2164 Eleuntes,
2310 2099 2404 2154 ubi
2463 2101 2859 2157 hebdomadem
2921 2103 3265 2169 commorati,
3313 2101 3460 2172 quod

1889 2188 2135 2259 navigari
2157 2204 2267 2244 non
2291 2201 2493 2260 posset,
2530 2192 2770 2247 secundo
2818 2201 2984 2247 vento
3011 2192 3175 2247 ﬂante
3208 2191 3460 2262 perveni-

1890 2294 2011 2334 mus
2069 2280 2126 2334 in
2184 2279 2453 2335 Lemnum
2510 2296 2706 2336 novem
2761 2282 3017 2336 horarum
3075 2277 3456 2338 veliﬁcatione.

1890 2366 2205 2424 Orationem
2235 2370 2328 2426 hic
2378 2380 2619 2427 moratur
2641 2373 2816 2443 pietas
2843 2373 3089 2444 episcopi
3138 2375 3231 2444 qui
3274 2389 3381 2440 me,
3413 2373 3459 2427 si

1889 2462 2010 2531 quis
2031 2461 2188 2529 alius,
2219 2462 2453 2536 benigne
2481 2463 2743 2536 suscepit,
2785 2465 3098 2522 consolatus
3134 2475 3237 2534 est,
3263 2475 3320 2522 et
3347 2466 3461 2522 via-

1889 2554 1998 2608 tico
2024 2553 2301 2611 instruxit.

209 2675 312 2730 μεν
341 2658 401 2709 ἐν
427 2656 495 2723 τῇ
514 2653 720 2722 Λήμνῳ
738 2652 796 2703 ἐν
823 2647 1357 2720 ἐνναωρίῳ.”ιστησί
1401 2664 1503 2718 μου
1537 2647 1629 2700 τὸν
1652 2646 1811 2714 λόγον
1879 2643 2112 2698 ἐνταῦθα
2173 2647 2208 2716 ή
2251 2644 2345 2699 τοῦ
2389 2646 2688 2701 ἐπισκόπου
2725 2645 2836 2702 τῶν
2887 2647 3015 2718 τῇδε
3052 2648 3324 2703 εὐσέϐεια.
3364 2650 3460 2716 ’ος

204 2752 308 2806 οὐκ
340 2750 392 2803 εῑ
424 2765 511 2811 τις
547 2746 657 2818 γὰρ
706 2743 864 2808 ἀλλος
902 2744 998 2797 καὶ
1036 2740 1377 2808 ἐδεξιώσατο,
1414 2743 1507 2795 καὶ
1530 2740 1906 2812 παρηγόρησε,
1936 2738 2033 2794 καὶ
2069 2739 2392 2809 ἐφωδίασεν.

292 2841 388 2893 Ἐκ
415 2836 523 2893 τῶν
565 2835 692 2907 τῇδε
722 2834 900 2888 τοίνυν
931 2831 1378 2894 ἀποπλεύσαντες
1403 2833 1462 2884 ἐν
1490 2830 1662 2900 φόϐῳ,
1697 2831 1786 2884 διὰ

1961 2827 2091 2884 lnde
2144 2845 2275 2902 ergo
2337 2829 2516 2884 soluta
2570 2829 2716 2896 navi,
2772 2844 2884 2885 non
2947 2830 3066 2887 sine
3131 2841 3301 2900 metu,
3344 2839 3464 2905 pro‘

204 2931 270 2985 τὸ
303 2927 712 3000 παρακείμενον
764 2921 936 2987 ἔθνος,
964 2914 1421 2992 ἀντεπεράᾶαμεν
1453 2919 1787 2991 βορῤοφόρου

205 3021 308 3076 καὶ
341 3017 683 3093 ροιζήδοντος
726 3013 786 3066 tv
828 3011 1191 3081 δωδεκαωρίῳ
1226 3009 1419 3062 ἑκατὸν
1451 3008 1787 3077 πεντήκοντα

210 3110 413 3184 μιλίων
447 3106 508 3160 ὃν
537 3104 600 3158 τὸ
632 3101 898 3170 πέλαγος,
928 3103 1256 3171 ὁρμίσαντες
1279 3100 1338 3152 ἐν
1361 3097 1441 3167 τῷ
1476 3097 1788 3167 Κα-νάστρῳ

207 3206 271 3258 tv
309 3203 424 3263 τοῖς
471 3196 878 3264 Θεσσαλονίκης
925 3193 1097 3265 ὁρίοις
1118 3208 1132 3221 ο
1165 3190 1358 3244 ἔπειτα
1392 3191 1473 3253 είς
1505 3189 1788 3261 Παλλήνην

207 3294 282 3349 τά
315 3290 589 3362 πρόσγεια
621 3287 720 3342 τοῦ
751 3286 958 3340 κόλπου
982 3300 996 3314 ο
1040 3279 1160 3336 εἶτα
1203 3284 1282 3345 είς
1310 3282 1372 3334 τὸ
1403 3281 1651 3351 ἔμϐολον.
1696 3281 1790 3334 Ἐκ

206 3386 320 3440 τῶν
353 3382 506 3439 ἐνθεν
542 3380 704 3447 ζώοις
733 3379 897 3434 πάλιν
931 3375 1321 3444 ἐπιϐεϐηκότες
1352 3372 1617 3443 Σαϐϐάτῳ
1644 3371 1788 3442 ἠμέ-

211 3493 287 3548 pa
333 3474 531 3546 ἑορτῆς
588 3470 683 3526 τοῦ
734 3466 1148 3538 Εὑαγγελισμοῦ
1182 3465 1281 3537 (5),
1318 3464 1438 3535 ὥρᾳ
1474 3464 1636 3535 τρίτῃ
1678 3463 1790 3516 είσ-

207 3564 462 3637 ήχθημεν
491 3565 550 3616 tv
588 3563 658 3632 τῇ
689 3559 866 3614 πόλει.
900 3556 1012 3610 Kal.
1044 3557 1132 3608 οἵα
1160 3557 1193 3626 ἡ
1227 3553 1431 3616 εἴσοδος
1460 3553 1474 3606 ί
1510 3553 1643 3605 Οὐδὲ
1679 3552 1790 3622 γὰρ

206 3656 373 3711 τοῦτο
425 3652 720 3726 παρελθεῖν
778 3652 1100 3721 ἀναγκαῖον.
1163 3646 1552 3720 Προπεμφθεὶς
1611 3647 1790 3700 τοίνυν

207 3748 370 3822 παρά
395 3745 492 3801 τοῦ
526 3746 776 3816 ὑπάρχου
807 3743 917 3798 τῶν
956 3742 1182 3812 ὲξόχων,
1225 3734 1308 3805 εἷς
1351 3739 1492 3810 μετά
1523 3754 1790 3809 στρατιωο

206 3841 342 3906 τῶν,
380 3837 724 3910 προσέμενεν
767 3836 828 3888 tv
871 3837 940 3905 τῇ
976 3833 1268 3903 ἀνατολικῇ
1323 3833 1521 3903 πόρτῃ,
1550 3832 1646 3883 καὶ
1669 3832 1791 3882 ἐπι-

209 3934 411 3990 στᾶσιν
459 3929 782 3999 ὑπήντησαν
827 3924 1002 3996 ὁρθιοι
1036 3925 1123 3979 διὰ
1171 3924 1354 3993 σιγῆς.
1399 3924 1510 3976 Kal.
1554 3920 1694 3992 μετὰ
1735 3920 1792 3973 τὸ

207 4023 480 4081 είσελθεῖν
508 4020 830 4082 κλείσαντες
865 4017 966 4082 τὰς
998 4017 1196 4083 πύλας,
1223 4013 1359 4087 ἦγον
1389 4015 1478 4069 διὰ
1524 4016 1626 4084 τῆς
1669 4013 1793 4081 ἀγο-

210 4120 336 4192 ρᾶς,
368 4112 858 4188 προπομπεύοντας
912 4111 1006 4167 ἐπὶ
1049 4110 1150 4182 τῆς
1183 4110 1359 4180 ὅψεως
1388 4107 1496 4163 τῶν
1521 4110 1601 4169 είς
1632 4103 1792 4157 τοῦτο

209 4189 771 4281 συνδεδραμηκότων⁹
803 4204 897 4258 καὶ
924 4204 1304 4272 ἀπαγαγόντες
1334 4204 1628 4272 εισήγαγον
1653 4204 1790 4275 πρὸς
1822 4189 1866 4244 Ι)

208 4305 304 4359 τὸν
337 4304 597 4374 ἄρχοντα.
625 4297 738 4353 Kal.
770 4292 896 4364 εὖγε
923 4295 1001 4366 τῷ
1021 4295 1200 4365 ἀνδρί·
1227 4294 1458 4364 εὑμενές
1489 4294 1597 4366 γὰρ
1621 4296 1792 4366 πρόσ-

209 4412 366 4454 ωπον
404 4392 605 4459 δείξας,
654 4387 798 4461 μετά
864 4387 927 4440 τὸ
987 4391 1176 4440 πεσεῖν
1227 4387 1441 4456 χρηστά
1494 4384 1793 4455 ἐφθέγξατο

209 4489 369 4560 ἡμῖν.
405 4480 748 4555 Παρέπεμψέ
783 4497 845 4534 τε
875 4478 1012 4550 πρὸς
1042 4478 1135 4530 τὸν
1161 4477 1608 4564 ἀρχιεπίσκοπον,
1637 4477 1792 4546 πρῶ-

208 4594 304 4631 τον
333 4571 816 4647 προσευξαμένους
864 4571 922 4624 ἐν
966 4571 1036 4641 τῇ
1068 4567 1201 4638 ἁγίᾳ
1247 4567 1437 4638 Σοφία.
1476 4567 1585 4621 Kal
1630 4568 1689 4618 tv
1712 4565 1791 4635 τῷ

209 4666 490 4738 εὐκτηρίῳ
515 4662 594 4734 τῷ
632 4660 765 4732 παρ’
793 4658 957 4714 αὐτοῦ
996 4659 1231 4729 ποιήσας
1261 4657 1458 4728 εὐχὴν,
1489 4659 1516 4710 ὁ
1548 4657 1789 4725 ἁγιώτα-

208 4779 305 4825 τος
353 4757 579 4822 ἐδέξατο
630 4754 727 4808 καὶ
758 4751 1149 4823 κατησπάσατο
1169 4751 1336 4820 ἡμᾶς,
1368 4749 1637 4820 ὁμιλήσας
1662 4750 1792 4820 ἡμῖν

208 4854 284 4909 τά
312 4852 529 4916 δέοντα,
559 4846 657 4902 καὶ
685 4843 815 4916 παρ’
847 4843 987 4897 αὑτά
1021 4843 1323 4912 κρατήσας,
1353 4841 1448 4894 καὶ
1473 4841 1793 4903 ἀναπαύσας

210 4948 304 5004 διά
331 4963 394 4999 τε
422 4940 655 5013 λουτροῦ
684 4939 779 4993 καὶ
807 4933 1132 5006 βρωμάτων.
1167 4931 1245 5002 Τῇ
1294 4931 1522 5002 δευτέρᾳ
1549 4931 1792 5001 πρωῖθεν

209 5035 360 5110 ἦραν
405 5035 576 5105 ἡμᾶς,
610 5030 703 5084 καὶ
742 5029 809 5081 δι’
849 5026 1119 5096 αἰτήσεως
1153 5025 1482 5092 ποιήσαντες
1531 5021 1791 5086 εὔξασθαι

211 5135 296 5195 είς
331 5129 425 5184 τὸν
474 5126 631 5194 ἅγιον
671 5123 1004 5194 Δημήτριον,
1054 5119 1381 5190 διεχώρισαν
1437 5121 1646 5182 πάντας
1698 5119 1795 5172 ἀπ’

212 5223 487 5292 ἀλλήλων,
522 5214 1005 5286 προπεποιηκὸτας
1035 5211 1221 5282 εὐχὴν,
1251 5211 1344 5265 καὶ
1372 5212 1792 5281 ἀσπασαμένους

211 5311 501 5382 ἀλλήλους.
546 5308 686 5370 Τοὺς
732 5304 826 5360 δύο
856 5303 915 5357 δὲ
956 5302 1103 5373 ἡμᾶς
1141 5300 1401 5368 ἀδελφοὺς
1428 5301 1794 5368 ἀναγαγόντες

212 5406 304 5458 ἐπὶ
339 5404 434 5456 τὸν
471 5403 532 5455 tv
567 5391 614 5468 ᾧ
657 5400 776 5468 είμι
822 5396 939 5450 νυνὶ
983 5394 1166 5456 τόπον,
1196 5391 1474 5455 διέζευξαν
1506 5392 1794 5463 δακρυρῶς

211 5493 696 5563 καταφιλήσαντας
745 5487 1028 5558 ἀλλήλους,
1080 5485 1157 5548 ὡς
1197 5482 1290 5536 καί
1327 5500 1479 5546 τινας
1518 5485 1625 5537 τῶν
1660 5484 1794 5537 θεω-

1887 2928 2010 2988 pter
2056 2919 2342 2974 ﬁnitimam
2400 2929 2637 2991 gentem,
2683 2920 2742 2974 in
2786 2921 3071 2976 adversam
3134 2937 3308 2991 oram,
3370 2939 3464 2980 va-

1887 3011 1998 3067 lido
2026 3013 2270 3082 spirante
2319 3012 2505 3079 borea,
2565 3013 2994 3078 transmisimus,
3044 3023 3270 3070 centum
3304 3017 3462 3088 quin—

1887 3103 2143 3173 quaginta
2172 3102 2400 3157 millium
2427 3102 2649 3174 pelagus
2676 3103 2967 3158 duodecim
3021 3102 3170 3159 horis
3212 3107 3422 3161 emensi
3447 3122 3459 3158 :

1887 3192 2303 3262 appulimusque
2348 3192 2673 3249 Canastrum
2703 3193 2758 3252 in
2805 3194 3004 3248 ﬁnibus
3040 3193 3461 3263 Thessalonica,

1888 3284 2084 3340 deinde
2104 3283 2380 3340 Pallenam
2417 3286 2562 3340 sinui
2587 3285 2899 3358 contiguam
2929 3304 2941 3340 :
2977 3295 3090 3342 tum
3118 3289 3185 3344 ad
3219 3299 3462 3360 portum,

1888 3390 1955 3431 ex
1982 3391 2090 3445 quo
2119 3375 2174 3430 in
2205 3377 2535 3434 animalibus
2581 3377 2778 3432 iterum
2829 3379 3105 3446 sedentes,
3153 3381 3345 3436 urbem
3379 3384 3463 3436 in-

1890 3467 2060 3537 gressi
2108 3482 2300 3522 sumus
2345 3467 2607 3533 Sabbato,
2652 3469 2738 3524 die
2787 3469 2929 3525 festo
2989 3471 3463 3535 Annuntiationis.

1891 3559 2023 3614 hora
2053 3560 2231 3614 tertia.
2272 3559 2459 3626 Qualis
2488 3575 2619 3615 vero
2645 3562 2925 3632 ingressus
2949 3562 2962 3615 l
2988 3576 3165 3630 neque
3190 3561 3296 3616 hoc
3324 3578 3466 3633 pra:-

1893 3649 2055 3703 terire
2082 3649 2165 3703 fas
2191 3659 2293 3703 est.
2333 3649 2657 3705 Praemissus
2687 3665 2719 3704 a
2749 3650 3010 3719 praefecto
3041 3666 3186 3706 unus
3227 3667 3294 3707 ex
3349 3654 3435 3723 pri

1891 3741 2132 3796 moribus
2165 3756 2288 3795 cum
2339 3742 2574 3796 militum
2599 3757 2786 3808 manu,
2824 3742 2892 3796 ad
2941 3741 3277 3798 Orientalem
3336 3762 3466 3815 por-

1892 3843 1999 3890 tam
2021 3835 2386 3904 exspectabat.
2405 3833 2471 3889 Et
2490 3834 3054 3904 appropinquantibus
3071 3835 3250 3899 nobis,
3272 3851 3466 3890 occur-

1891 3936 2081 3982 rerunt
2139 3936 2287 3982 recta
2343 3927 2484 3992 acie,
2545 3927 2807 3984 silentio:
2853 3936 2908 3981 et
2965 3927 3164 3981 clausis
3227 3939 3350 3998 post
3380 3929 3466 3982 in-

1892 4036 2138 4092 gressum
2172 4030 2420 4073 nostrum
2454 4021 2650 4089 portis,
2703 4035 2803 4090 per
2833 4019 3012 4075 forum
3052 4035 3152 4074 nos
3193 4021 3465 4077 duxerunt

1893 4114 2095 4168 celebri
2126 4128 2346 4182 pompa,
2377 4113 2430 4166 in
2453 4112 2627 4167 oculis
2652 4127 2840 4166 eorum
2875 4112 2965 4180 qui
2991 4112 3057 4166 ad
3094 4114 3466 4180 spectaculum

1897 4213 2264 4266 accurrerant,
2297 4204 2775 4273 perduxeruntque
2801 4202 2869 4256 ad
2903 4203 3208 4271 praesidem.
3249 4200 3293 4257 0
3331 4221 3467 4273 prae-

1898 4293 2103 4348 clarum
2130 4293 2341 4347 virum!
2378 4293 2644 4363 placidum
2682 4293 2828 4347 enim
2869 4294 3028 4347 nobis
3060 4294 3268 4348 vultum
3306 4296 3465 4349 exhi-

1898 4381 2054 4447 bens,
2081 4395 2206 4436 cum
2248 4389 2549 4451 prostratus
2586 4381 2895 4448 salutasset,
2929 4383 3046 4438 miti
3078 4399 3178 4438 nos
3213 4399 3465 4438 sermone

1897 4473 2092 4528 allatus
2129 4482 2233 4536 est,
2292 4472 2549 4542 misitque
2578 4473 2647 4527 ad
2702 4473 3174 4542 archiepiscopum
3211 4474 3466 4542 precibus

1896 4575 2024 4620 ante
2055 4565 2188 4620 fusis
2213 4565 2266 4618 in
2314 4575 2516 4622 sanctae
2560 4565 2798 4634 Sophia.
2833 4565 2933 4620 Ubi
2980 4581 3110 4636 ergo
3145 4566 3200 4621 in
3230 4568 3468 4621 oratorio

1895 4671 1996 4711 suo
2027 4665 2279 4724 precatus
2303 4663 2390 4709 est
2424 4656 2819 4720 sanctissimus,
2860 4657 3074 4726 excepit
3122 4672 3243 4720 nos,
3279 4660 3469 4726 etopi-

1896 4760 2027 4817 pare
2059 4745 2328 4809 tractavit,
2358 4747 2742 4801 consentaneis
2773 4747 2955 4801 verbis
2983 4747 3294 4816 alloquens,
3353 4758 3468 4803 tum

1897 4839 2093 4894 balneo
2144 4839 2392 4907 cibisque
2428 4838 2680 4893 reﬁciens
2725 4853 2791 4893 ac
2839 4839 3157 4892 restituens.
3206 4839 3470 4893 Postridie

1899 4946 2057 4985 mane
2077 4930 2291 4985 abducti
2320 4945 2530 4994 sumus,
2555 4939 2610 4984 et
2631 4945 2726 5000 per
2745 4931 2982 5000 speciem
3002 4930 3158 5000 quasi
3186 4931 3251 4984 ad
3293 4933 3467 4985 sancti

1900 5020 2156 5076 Demetrii
2185 5037 2408 5091 precum
2459 5036 2622 5075 causa
2678 5021 3027 5086 ducerentur,
3079 5034 3472 5090 separaverunt

1899 5129 2001 5167 nos
2028 5127 2240 5177 omnes,
2286 5122 2505 5166 orantes
2555 5121 2745 5165 mutuo
2801 5121 2855 5164 et
2905 5111 3024 5164 vale
3065 5110 3334 5164 dicentes.
3361 5109 3470 5165 Nos

1899 5220 2030 5258 vero
2061 5203 2256 5257 fratres
2291 5203 2447 5268 duos,
2501 5219 2625 5258 cum
2657 5203 2712 5257 in
2743 5202 2888 5256 hunc
2916 5202 2971 5255 in
3003 5218 3110 5271 quo
3139 5218 3285 5258 nunc
3333 5204 3471 5274 dego

1899 5295 2074 5350 locum
2125 5297 2530 5365 perduxissent,
2570 5296 2953 5364 sejunxerunt,
2982 5294 3233 5348 ﬂebiliter
3264 5296 3469 5363 ample-

1899 5401 2110 5446 ctentes
2140 5399 2351 5453 mutuo,
2399 5389 2536 5442 adeo
2580 5397 2640 5441 ut
2695 5387 3056 5455 spectantium
3089 5385 3335 5438 nonnulli
3365 5385 3471 5438 mi-

1901 5481 2192 5538 sericordia
2215 5487 2706 5536 commoverentur.
2723 5477 2809 5533 Sic
2836 5492 2894 5532 se
2919 5476 3124 5531 habent
3139 5489 3224 5530 res
3250 5484 3471 5540 nostrae,

1725 5642 1959 5700 ΝΟΤΑΞ.

285 5766 363 5834 (5)
409 5764 624 5834 Ἡμέρᾳ
645 5761 858 5834 ἑορτῆς
890 5761 997 5834 τοῦ
1023 5759 1499 5834 βύᾳγγελισμοῦ.
1553 5762 1675 5817 Dies
1698 5763 1788 5834 le-

213 5831 333 5892 stns
364 5831 840 5898 Auuuntiatimiis,
875 5833 989 5887 sive
1021 5831 1092 5886 25
1132 5832 1330 5899 Martii,
1354 5833 1648 5889 sabbatum
1686 5833 1789 5889 fuit

1850 5795 1860 5804 -
1902 5779 1988 5817 an.
2028 5763 2150 5828 797,
2179 5763 2403 5834 proinde
2432 5778 2573 5817 anno
2626 5761 2717 5834 i_llo
2761 5761 2884 5834 data
2933 5757 3306 5834 videtugﬁltaec
3356 5755 3473 5825 cpi-

1901 5835 2076 5902 Stola;
2111 5828 2237 5890 licet
2271 5833 2535 5888 Batonius
2564 5832 2764 5888 referat
2803 5832 2868 5886 ad
2901 5845 3098 5884 annum
3129 5828 3249 5884 796.
