3926 6438
481 355 588 417 919

1669 354 1728 412 S.
1767 349 2159 414 THEODORI
2201 349 2548 412 STUDITAS

3640 347 3748 409 9'20

485 469 665 532 Pater,
693 475 748 520 et
770 480 869 537 ego
895 465 983 520 hic
1015 466 1181 520 vitam
1215 481 1362 521 nunc
1409 482 1508 537 ago
1539 466 1844 548 luctuosam
1900 477 1954 522 et
1986 466 2067 520 la-

2185 465 2350 533 aévwv
2397 461 2736 536 ταραχθῆναι
2779 462 2848 533 τῇ
2902 460 3237 534 συμπαθείᾳ.
3277 458 3467 525 Οὕτως
3507 461 3578 515 τὰ
3625 463 3745 514 καθ’

486 557 859 612 mentabilem.
896 555 1170 611 Caeterum
1226 557 1468 628 eulogias
1503 568 1701 613 sanctae
1722 571 1916 612 manus
1939 566 2064 622 tuae,

486 647 635 700 velut
654 655 856 701 sanctae
877 645 1163 701 Trinitatis
1207 645 1318 701 vim
1348 646 1676 712 obtinentes,
1706 647 2067 716 suscepimus,

486 753 687 810 easque
723 739 942 795 amuleti
973 740 1091 796 loco
1117 740 1399 808 habemus,
1426 751 1481 796 et
1505 739 1677 795 oculis
1705 740 1906 794 nostris
1924 739 2072 795 velut

489 833 770 888 dexteram
802 841 952 888 tuam
994 834 1373 890 exosculantes
1415 834 1788 889 admovemus.
1835 834 2068 888 Rursum

490 925 756 994 lacrymae,
792 941 1013 980 rursum
1045 927 1251 984 viscera
1291 928 1710 983 convolvuntur.
1756 926 2069 982 Orationem

490 1017 637 1071 enim
668 1017 920 1073 claudere
976 1029 1060 1074 est
1089 1020 1325 1075 animus.
1363 1018 1407 1074 0
1441 1019 1622 1086 Pater,
1654 1037 1751 1076 cur
1795 1036 1881 1076 me
1909 1020 2070 1075 dese-

489 1108 644 1164 ruisti
677 1109 700 1162 ?
731 1110 800 1164 At
844 1125 955 1166 non
1001 1111 1315 1167 deseruisti.
1347 1112 1630 1179 Quomodo
1667 1128 1700 1169 a
1749 1128 1835 1168 me
1881 1113 2077 1182 procul

491 1201 938 1258 abscessisti?At
983 1203 1038 1258 in
1075 1218 1163 1259 me
1218 1205 1448 1260 habitas.
1484 1204 1715 1261 Ubinam
1773 1214 1825 1260 te
1875 1204 2070 1259 iterum

489 1294 707 1349 visurus
736 1296 903 1350 sum?
930 1297 1204 1366 quomodo
1252 1306 1307 1353 te
1345 1299 1612 1353 cernam?
1665 1297 1757 1353 ubi
1810 1298 2072 1354 suavissi-

490 1400 633 1439 mam
659 1394 714 1438 et
742 1385 1037 1440 salutarem
1061 1395 1207 1440 tuam
1225 1401 1416 1441 vocem
1434 1385 1717 1442 exaudiam
1739 1386 1763 1439 ?
1787 1385 2071 1455 ecquando

493 1490 694 1530 mensae
742 1483 846 1530 tua:
875 1477 1192 1531 accumbam
1217 1478 1240 1530 ?
1286 1479 1378 1532 ubi
1408 1493 1704 1549 congressu
1759 1487 1852 1532 tuo
1874 1477 2071 1531 fruar?

492 1575 586 1622 aut
612 1568 703 1622 ubi
737 1569 953 1624 tandem
985 1579 1036 1623 te
1063 1570 1317 1626 audiente
1347 1571 1519 1642 legam
1549 1571 1572 1624 ?
1600 1580 1693 1625 aut
1723 1580 1774 1626 te
1798 1580 2071 1641 praesente

493 1675 684 1715 canam
709 1661 732 1713 ?
760 1670 854 1716 aut
890 1662 1244 1733 castigabor?
1271 1671 1366 1717 aut
1406 1663 1774 1733 reprehendar
1800 1664 1825 1716 .9
1849 1672 1943 1717 aut
1971 1663 2066 1718 ad-

493 1749 756 1803 monebor
781 1749 804 1804 ?
832 1751 1171 1820 amplectens
1201 1752 1421 1807 assidue
1461 1753 1513 1808 id
1540 1754 1683 1822 quod
1718 1753 1811 1808 tibi
1839 1753 2066 1824 placue-

493 1843 585 1907 rit,
606 1843 940 1906 convictum,
971 1860 1175 1910 escam,
1208 1854 1418 1914 potum,
1461 1846 1814 1916 colloquium,
1845 1856 2068 1910 statum,

493 1949 725 1999 sessum,
776 1937 1101 1991 recubitnm.
1136 1937 1276 2004 Quid
1327 1947 1412 1994 est
1441 1939 1588 2008 quod
1638 1939 1773 1994 mihi
1831 1939 2073 1994 accidit?

493 2023 686 2080 Testes
730 2027 947 2096 appello
977 2029 1257 2095 mortales,
1285 2031 1500 2099 appello
1521 2039 1576 2085 et
1625 2030 1877 2085 caelestes
1918 2039 2074 2099 pote-

494 2125 663 2174 states
697 2129 953 2188 patronas
987 2121 1144 2186 mihi,
1175 2123 1318 2192 quod
1363 2131 1414 2178 te
1459 2124 1542 2179 lex
1577 2123 1670 2178 Dei
1722 2138 1752 2178 a
1780 2139 1868 2179 me
1914 2139 2074 2194 sepa-

494 2210 648 2275 rarit,
683 2210 996 2266 mandatum
1021 2229 1190 2268 unum
1223 2223 1510 2270 aeternum.
1550 2215 1752 2270 Audiat
1776 2225 1919 2270 terra
1953 2217 2074 2270 uni-

494 2320 671 2359 versa.
703 2303 994 2375 Propterea
1031 2308 1261 2374 gaudeo,
1291 2319 1346 2363 et
1385 2309 1710 2365 laudationis
1751 2325 1938 2365 vocem
1963 2309 2074 2366 Deo

495 2394 684 2450 reddo.
737 2395 1118 2452 Abundantius
1152 2398 1336 2452 omnia
1361 2400 1589 2469 recipio.
1655 2400 1904 2464 Exsulto,
1962 2415 2072 2455 non

495 2485 730 2554 amplius
789 2486 1046 2552 orbabor,
1080 2502 1190 2541 non
1257 2489 1535 2551 tristabor,
1603 2505 1704 2545 nec
1758 2490 2073 2545 indecorum

495 2577 788 2646 quidquam
845 2578 1088 2648 eloquar.
1127 2579 1352 2650 Suscipe
1376 2591 1557 2635 autem
1579 2590 1634 2636 et
1652 2582 1950 2651 superiora,
1976 2582 2075 2635 Pa-

497 2677 603 2732 ter,
639 2676 695 2721 ut
715 2668 927 2723 sincera
951 2679 1004 2723 et
1031 2669 1155 2739 pia:
1197 2671 1273 2724 tui
1326 2672 1472 2726 enim
1504 2673 1706 2727 amoris
1762 2681 1892 2728 sunt
1929 2688 2077 2743 sym-

496 2758 640 2812 bola.
679 2759 866 2828 Itaque
893 2760 1142 2830 plangam
1173 2767 1498 2824 etiamnum,
1533 2765 1627 2819 sed
1658 2765 1881 2833 planctu
1918 2773 2074 2836 grato

497 2860 553 2904 et
585 2861 828 2920 accepto.
867 2850 946 2905 Tu
972 2869 1119 2914 vero,
1160 2862 1241 2908 ter
1271 2855 1427 2909 beate
1478 2855 1656 2919 Pater,
1690 2856 1861 2927 gaude
1889 2865 1942 2910 et
1981 2857 2078 2911 la:-

501 2953 635 2998 tare.
666 2942 856 2998 Bravia
884 2944 980 2998 tibi
1013 2955 1264 3001 contexta
1295 2957 1429 3002 sunt
1458 2965 1470 3000 :
1503 2949 1765 3016 requietis
1803 2951 1953 3004 locus
1983 2965 2078 3018 pa-

501 3046 652 3091 ratus
673 3044 794 3091 est:
823 3037 979 3091 zelus
1009 3047 1136 3092 tuus
1166 3047 1382 3108 patrum
1418 3049 1634 3094 tuorum
1663 3041 1836 3095 zelum
1863 3041 2030 3095 refert
2057 3060 2072 3097 :

2170 559 2317 628 ἡμᾶς
2358 557 2492 627 ἔχει,
2527 549 2572 611 ὦ
2597 555 2798 625 Πάτερ.
2835 554 2947 607 Καὶ
2992 552 3087 608 νῦν
3128 555 3244 624 είμι
3286 553 3396 624 ἐγὼ
3427 556 3456 608 ό
3486 554 3748 619 ταπεινὸς

2169 648 2404 703 ἐνταῦθα
2457 648 2570 719 βίον
2615 647 2792 704 ἕλκων
2835 647 3100 717 ὀδυνηρὸν
3149 647 3246 701 καὶ
3279 647 3743 701 πολυστένακτον.

2171 742 2282 804 Τάς
2311 742 2369 794 δὲ
2395 742 2461 796 ὲκ
2481 742 2580 811 τῆς
2613 741 2774 808 ἁγίας
2805 758 2897 794 σου
2925 741 3109 813 χειρὸς
3142 739 3394 808 εὐλογίας
3415 738 3746 809 ἐδεξάμεθα,

2168 834 2243 898 ὡς
2270 835 2497 905 δύναμιν
2523 833 2754 905 ἐχούσας
2779 833 2855 903 (6)
2884 834 2983 904 τῆς
3017 831 3178 900 ἁγίας
3202 831 3457 902 Τριάδος·
3493 833 3595 885 καὶ
3631 831 3750 900 ἑχο-

2175 943 2276 996 μεν
2335 927 2506 990 αὐτὰς
2538 926 2615 989 ὡς
2649 926 3038 996 φυλακτήριον,
3065 926 3159 977 καὶ
3193 923 3548 996 περιτίθεμεν
3574 923 3751 986 αὑτὰς

2171 1019 2231 1070 ὲν
2258 1017 2557 1088 ὀφθαλμοῖς
2595 1017 2774 1089 ήμῶν,
2811 1016 2889 1080 ὡς
2924 1017 3023 1087 τὴν
3051 1016 3233 1081 δεξιάν
3257 1033 3351 1070 σου
3382 1015 3749 1084 καταφιλοῦν-

2169 1125 2280 1171 τες.
2315 1107 2484 1162 Πάλιν
2511 1107 2744 1178 δάκρυα,
2783 1108 2947 1162 πάλιν
2977 1107 3304 1178 στρέφονταί
3332 1124 3434 1177 μου
3471 1107 3542 1160 τὰ
3572 1107 3749 1169 ἐντός.

2172 1199 2540 1253 Καταπαῦσαι
2573 1200 2681 1271 γὰρ
2728 1198 2866 1252 Θέλω
2902 1199 2993 1253 τὸν
3034 1199 3208 1268 λόγον.
3236 1193 3307 1252 Ὦ
3355 1199 3560 1268 Πάτερ,
3589 1199 3647 1251 τί
3683 1216 3749 1268 με

2171 1290 2563 1358 ὲγκατέλιπες;
2620 1291 2757 1346 Ἀλλ’
2815 1292 2915 1345 οὐκ
2955 1292 3335 1360 ἐγκατέλιπες.
3380 1291 3502 1355 Πῶς
3547 1291 3608 1345 δέ
3645 1308 3750 1361 μου

2170 1383 2598 1456 ἁπεμάκρυνας;
2645 1384 2785 1438 Ἀλλ’
2811 1384 2867 1438 ὲν
2901 1385 3025 1455 ἐμοὶ
3053 1379 3122 1439 εί.
3148 1385 3259 1439 Ποῦ
3281 1383 3340 1438 δέ
3367 1400 3426 1437 σε
3451 1384 3534 1438 ἔτι
3567 1383 3752 1454 μέλλω

2170 1478 2335 1547 όρᾷν;
2370 1477 2489 1541 πῶς
2523 1493 2582 1530 σε
2619 1477 2856 1547 δψομαις
2891 1476 2997 1530 ποῦ
3027 1493 3121 1530 σου
3151 1476 3372 1531 ἀκούσω
3392 1477 3490 1547 τῆς
3521 1476 3752 1548 ἡδίστης

2170 1570 2268 1622 καὶ
2299 1568 2568 1640 σωτηρίου
2599 1570 2822 1639 φωνῆςς
2865 1569 3059 1623 Ὁπότε
3100 1586 3194 1623 σου
3234 1570 3478 1640 γένωμαι
3507 1569 3754 1640 ὁμοτρά-

2173 1661 2365 1727 πεζοςς
2402 1661 2513 1716 Ποῦ
2559 1679 2653 1715 σου
2699 1661 2985 1726 συνουσίας
3014 1660 3403 1731 ἀπολαύσωςῆ
3443 1660 3666 1714 πώποτε
3692 1663 3753 1714 ὲν

2171 1751 2272 1804 ὠσί
2301 1769 2394 1806 σου
2419 1752 2836 1823 ἀναγνώσομαι;
2869 1754 2902 1824 ἢ
2931 1753 3039 1823 πρὸ
3067 1753 3360 1824 προσώπου
3401 1768 3497 1805 σου
3525 1751 3642 1823 ᾴσω
3666 1768 3682 1815 ;
3715 1750 3751 1819 ἦ

2176 1844 2568 1914 σωφρονισθῶ;
2624 1847 2657 1916 ἢ
2717 1844 3064 1916 ὲπιτιμηθῶς
3120 1845 3154 1915 ἢ
3226 1843 3582 1916 ὲπιμνησθῶ;
3638 1843 3756 1911 ἕξιν

2177 1935 2345 1988 ποιῶν
2374 1935 2410 1990 ἃ
2430 1935 2583 2006 φίλον
2612 1954 2718 2000 σοι,
2745 1938 3010 2002 ἑστίασιν,
3043 1936 3264 2010 βρῶσιν,
3296 1936 3478 2002 ποτὸν,
3506 1936 3752 2005 ὁμιλίαν,

2178 2027 2392 2089 στάσιν,
2445 2028 2738 2100 καθέδραν,
2792 2029 3098 2084 ἁνάκλισιν.
3149 2027 3215 2082 Τί
3264 2046 3354 2099 μοι
3395 2028 3754 2098 συμϐέϐηκε;

2177 2116 2343 2170 Καλῶ
2372 2116 2501 2181 τοὺς
2529 2117 2850 2189 ἀνθρώπους
2891 2120 3198 2190 μάρτυρας,
3236 2117 3385 2171 καλῶ
3413 2117 3508 2171 καὶ
3533 2116 3631 2180 τὰς
3661 2117 3757 2170 ού-

2177 2211 2394 2279 ρανίους
2420 2207 2677 2278 δυνάμεις
2705 2210 3039 2280 συνηγόρους
3075 2225 3198 2280 μοι·
3225 2209 3309 2263 ὅτι
3340 2209 3502 2280 νόμος
3524 2225 3585 2261 σε
3614 2207 3756 2261 Θεοῦ

2177 2300 2440 2373 ἐχώρισεν
2468 2301 2560 2354 ἀπ’
2593 2301 2727 2370 ἐμοῦ
2755 2317 2768 2332 '
2795 2303 2982 2374 ἐντολὴ
3020 2303 3118 2371 μία
3164 2303 3401 2367 αίὼνιος.
3439 2303 3760 2357 ’Δκουσάτω

2176 2395 2210 2465 ὴ
2246 2395 2338 2447 ὑπ’
2367 2394 2619 2466 οὐρανόν.
2653 2395 2750 2448 Διά
2793 2393 2953 2448 τοῦτο
2975 2395 3172 2466 χαίρω,
3208 2396 3306 2448 καὶ
3333 2396 3518 2464 φωνὴν
3547 2393 3757 2464 ἀφίημι

2177 2488 2437 2551 αἰνέσεως
2484 2487 2622 2559 Θεῷ.
2670 2486 2888 2556 Ἀπέχω
2927 2487 3106 2542 πάντα
3155 2489 3297 2556 ὑπὲρ
3340 2488 3406 2540 ὲκ
3459 2485 3756 2556 περισσοῦ.

2190 2583 2543 2652 Ἀγάλλομαι,
2589 2582 2691 2636 οὐκ
2723 2579 3193 2652 όρφανισθήσομαι
3241 2579 3344 2642 ἔτι,
3371 2579 3474 2631 οὐκ
3499 2578 3760 2649 ὀδυνηθή-

2181 2690 2368 2742 σομαι,
2405 2674 2514 2725 οὐδ’
2554 2674 2749 2742 άγενές
2782 2691 2835 2727 τι
2880 2671 3206 2742 φθέγξομαι.
3255 2671 3445 2737 Δέξαιο
3477 2669 3534 2722 δὲ
3563 2669 3662 2723 καὶ
3686 2669 3759 2722 τὰ

2178 2765 2447 2836 ἀνώτερα,
2511 2767 2713 2836 Πάτερ,
2769 2767 2846 2830 ὡς
2883 2766 3095 2836 εὐαγῆ·
3134 2763 3228 2818 τοῦ
3277 2764 3442 2817 πόθου
3495 2780 3591 2816 σου
3644 2762 3759 2832 γάρ

2181 2855 2452 2926 σύμϐολα.
2484 2855 2633 2927 Πλὴν
2667 2857 2750 2910 ὃτι
2792 2857 2887 2910 καὶ
2922 2856 3005 2911 ἔτι
3033 2855 3361 2925 κλαύσομαι,
3394 2853 3510 2908 ἀλλ’
3549 2852 3757 2907 εύαπό-

2178 2949 2363 3003 δεκτα.
2400 2949 2474 3002 Σὺ
2501 2948 2578 3010 δὲ,
2618 2942 2663 3000 ὦ
2694 2949 2875 3020 Πάτερ
2917 2948 3314 3020 τρισμακάριε,
3340 2949 3498 3016 χαῖρε
3522 2946 3619 2998 καὶ
3663 2944 3758 2997 εύ-

2181 3043 2430 3112 φραίνου.
2457 3040 2538 3094 Τὰ
2573 3039 2804 3111 βραδεῖά
2833 3057 2916 3094 σοι
2940 3041 3280 3108 ὲπλάκησαν,
3312 3043 3340 3093 ό
3368 3040 3468 3109 τῆς
3505 3035 3759 3092 ἀναπαύ-

500 3130 746 3184 custodia
771 3139 860 3184 tua
878 3132 1162 3185 veritatem
1179 3132 1497 3200 proclamat.
1526 3131 1754 3188 Vinctus
1775 3142 1859 3188 est
1875 3133 2075 3202 justus,

2187 3149 2323 3195 σεως
2352 3132 2515 3196 τόπος
2544 3133 2894 3204 ἡτοίμασται.
2934 3131 2992 3186 '0
3021 3131 3184 3202 ζῆλός
3215 3147 3309 3184 σου
3340 3130 3480 3184 κατά
3500 3131 3626 3194 τοὺς
3658 3146 3761 3182 πα·

501 3222 654 3275 velut
711 3221 1091 3277 intractabilis.
1152 3221 1254 3288 Qui
1311 3223 1566 3293 pietatem
1621 3227 1827 3291 colunt,
1875 3226 2074 3297 gratias

501 3321 706 3382 agunt:
737 3313 828 3382 qui
861 3313 975 3384 pari
1021 3314 1139 3369 zelo
1196 3322 1472 3379 tenentur,
1520 3315 1880 3372 ferventiores
1925 3327 2072 3384 sunt,

502 3403 930 3473 pulcherrimum
975 3405 1253 3460 exordium
1309 3407 1762 3477 contemplantes.
1804 3407 1907 3474 Qui
1953 3426 2078 3479 per-

503 3505 828 3562 sequuntur,
883 3511 1166 3553 sermones
1196 3498 1330 3553 loris
1360 3507 1586 3553 nectunt
1618 3509 1672 3554 et
1694 3500 2029 3555 maledicunt
2060 3517 2075 3566 ;

503 3583 726 3653 quidam
793 3588 1094 3656 praesertim
1144 3591 1418 3644 monachi.
1477 3592 1630 3645 Intus
1689 3608 1819 3646 vero
1873 3595 2079 3663 cogita-

507 3675 747 3731 tionibus
799 3677 1234 3744 diverberantur,
1288 3690 1344 3735 et
1401 3682 1660 3736 acerbum
1709 3694 2079 3739 accusatorem

508 3767 713 3821 habent
763 3784 916 3823 suam
971 3769 1215 3839 ipsorum
1274 3773 1686 3828 conscientiam.
1745 3774 2079 3841 Quinetiam

508 3857 865 3914 admirantur.
900 3860 1113 3916 Norunt
1163 3863 1386 3932 quippe,
1422 3876 1478 3918 ut
1524 3881 1750 3935 magnus
1787 3866 2081 3938 Gregorius

507 3951 603 4015 ait,
627 3951 725 4005 viri
752 3950 1177 4007 fortisvirtutem
1209 3957 1463 4010 admirari
1483 3957 1644 4010 etiam
1669 3957 1852 4012 hostes
1885 3978 1899 4019 ;
1931 3976 2083 4022 cum,

509 4044 588 4096 ira
636 4053 906 4108 cessante,
939 4060 1038 4099 suo
1073 4061 1160 4100 res
1190 4056 1465 4102 momento
1492 4049 1810 4104 aestimatur.
1851 4050 1927 4104 Te
1968 4051 2081 4105 lau-

509 4137 640 4190 dant
662 4137 856 4208 angeli,
899 4138 1117 4192 beatum
1147 4140 1448 4208 praedicant
1508 4141 1779 4207 homines,
1830 4142 2082 4198 Christus

507 4228 742 4296 excepit,
782 4228 932 4299 regni
967 4229 1232 4284 caelorum
1280 4231 1378 4286 tibi
1412 4231 1609 4301 ianuas
1648 4234 1864 4298 aperuit
1897 4234 1950 4288 in
1989 4251 2084 4289 sae-

509 4320 648 4374 cula.
681 4320 873 4374 Amen.

879 4410 967 4466 IV.
1002 4442 1071 4452 —
1100 4413 1394 4483 NiCcpItoro
1431 4418 1730 4483 pra'posito.

2116 4404 2163 4461 D

2181 3223 2347 3295 τέρας
2376 3241 2470 3276 σου
2491 3240 2504 3252 ’
2523 3225 2558 3292 ὴ
2589 3223 2802 3295 φρουρά
2830 3223 2927 3295 βοᾷ
2951 3226 3051 3294 τὴν
3075 3221 3355 3293 ἀλήθειαν.
3400 3221 3588 3290 Ἐδέθη
3625 3223 3656 3275 ὀ
3679 3221 3760 3274 δίο

2183 3333 2362 3380 καιος,
2413 3313 2490 3377 ὡς
2526 3313 2898 3383 δύσχρηστοςο
2929 3316 2978 3367 οἱ
3017 3315 3075 3367 ὲν
3105 3313 3358 3384 εὐσεϐείᾳ
3410 3312 3754 3382 εὐχάριστοι,

2183 3410 2232 3462 οί
2266 3408 2544 3480 ὀμόζηλοι,
2582 3405 2924 3476 θερμότεροι,
2973 3407 3260 3460 κάλλιστον
3298 3405 3584 3476 προοίμιον
3630 3403 3761 3457 θεα-

2188 3501 2434 3570 σάμενοι.
2492 3501 2555 3554 Oi
2587 3499 2879 3561 διώκοντες
2919 3496 3116 3564 λόγους
3145 3495 3346 3559 ἔξωθεν
3371 3495 3638 3548 πλέκουσι
3662 3495 3765 3546 καὶ

2183 3592 2492 3660 κακίζουσι,
2526 3591 2621 3645 καὶ
2657 3591 2892 3661 μάλιστα
2914 3587 3110 3650 οἵτινες
3145 3585 3254 3639 τῶν
3274 3586 3544 3656 μοναχῶν.
3579 3587 3764 3640 Ἔσω-

2185 3683 2276 3736 θεν
2305 3684 2361 3736 δὲ
2397 3687 2517 3747 ταῖς
2556 3684 2790 3746 ἐννοίαις
2817 3681 3248 3745 ὑπωπιάζονται,
3281 3680 3376 3733 καὶ
3403 3679 3600 3749 πικρὸν
3627 3697 3765 3732 κατ-

2184 3779 2383 3848 ήγορον
2413 3776 2511 3848 τὴν
2549 3776 2685 3829 ἰδίαν
2716 3775 3021 3843 συνείδησιν
3051 3773 3290 3843 ἔχουσιν.
3327 3767 3480 3822 Ἐπεὶ
3508 3768 3604 3822 καὶ
3631 3767 3768 3822 θαυ-

2189 3871 2473 3941 μάζουσιν.
2511 3871 2690 3922 Ἰσασι
2724 3869 2830 3938 γὰρ
2867 3866 3128 3934 ἄγασθαι,
3164 3864 3239 3927 ὡς
3271 3865 3300 3918 ὁ
3340 3863 3512 3934 μέγα-ς
3555 3861 3769 3932 Γρηγό-

2191 3979 2329 4031 ριος,
2358 3961 2548 4028 ἀνδρὸς
2595 3959 2798 4029 ἀρετὴν
2846 3957 2942 4011 κα)⁵
2987 3956 3263 4031 πολέμιοι*
3291 3956 3421 4008 ὅταν
3449 3953 3546 4008 τοῦ
3585 3953 3767 4023 θυμοῦ

2187 4030 2443 4116 λήξαντος
2479 4050 2564 4118 ἐφ’
2591 4049 2788 4118 ἑαυτὴν
2822 4051 2856 4118 ἡ
2897 4048 3096 4118 πρᾶξις
3147 4030 3531 4116 δοκιμάζηται.
3561 4047 3770 4112 Ἀγγε-

2186 4142 2268 4196 λοι
2326 4142 2554 4213 ὑμνοῦσί
2605 4157 2686 4206 σε,
2732 4141 3010 4210 ἄνθρωποι
3064 4139 3474 4209 μακαρίζουσι·
3525 4139 3769 4208 Χριστὸς

2187 4236 2512 4300 ἀπεδέξατο·
2535 4236 2633 4300 τὰς
2669 4234 2843 4298 πύλας
2869 4251 2951 4287 σοι
2975 4233 3182 4301 ἀνέῳγε
3213 4232 3314 4302 τῆς
3349 4229 3627 4302 βασιλείας
3653 4231 3770 4286 τῶν

2184 4329 2429 4398 οὐρανῶν
2452 4331 2531 4391 είς
2559 4329 2683 4391 τοὺς
2715 4327 2936 4390 αίῶνας.
2968 4327 3162 4397 Ἀμήν.

2409 4424 2482 4473 At
2523 4451 2589 4462 -
2629 4422 2947 4488 Νικηφόρφ
2977 4418 3054 4488 t7)
3094 4416 3412 4487 ήτουμένφ
3444 4415 3545 4486 (8)-

651 4525 805 4584 Ouam
827 4539 976 4588 grave
1012 4529 1078 4576 sit
1098 4528 1264 4577 scelus
1285 4526 1597 4590 imperatoris
1621 4533 1725 4592 qui,
1749 4543 1904 4579 uxore
1935 4534 2153 4594 legitima
2178 4537 2354 4597 ejecta,
2389 4536 2532 4584 aliam
2569 4533 2906 4597 assumpserit.
2941 4534 3143 4594 (Baron.
3168 4545 3280 4581 ann.
3305 4532 3416 4591 795,
3438 4543 3491 4579 n.
3513 4530 3618 4592 63.)

585 4608 818 4663 Reddito
839 4611 995 4665 nobis
1028 4627 1125 4681 per
1154 4613 1432 4669 dominum
1455 4614 1746 4668 diaconum
1803 4631 2084 4686 responso,

514 4718 768 4774 germane
794 4718 858 4756 ac
883 4704 1345 4759 desideratissime
1393 4706 1465 4759 mi
1489 4708 1835 4772 consobrine,
1870 4711 2084 4765 animus

513 4805 631 4849 erat
655 4795 797 4848 illico
822 4795 889 4850 ad
937 4805 989 4850 te
1015 4797 1278 4851 scribere.
1310 4797 1416 4852 Sed
1442 4799 1566 4868 quia
1615 4799 1914 4869 hybernum
1944 4811 2083 4856 tem-

512 4903 617 4958 pus
647 4899 781 4952 erat,
811 4898 1185 4958 mutatumque
1221 4891 1504 4944 consilium
1546 4893 1877 4958 retrahebat,
1911 4895 2082 4949 satius

513 4981 642 5035 duxi
667 4998 772 5036 non
800 4982 908 5036 cito
934 4983 1095 5036 verba
1145 4983 1393 5038 fundere.
1432 4984 1721 5055 Postquam
1751 5004 1881 5042 vero
1903 4989 1967 5043 ad
1999 4990 2083 5043 in-

2261 4622 2374 4691 Τῆς
2404 4621 2749 4691 ἀποκρίσεως
2782 4617 3028 4688 δοθείσης
3057 4621 3190 4688 ἡμῖν
3229 4617 3382 4688 παρά
3425 4614 3519 4669 τοῦ
3570 4614 3770 4685 κυρίου

2187 4713 2456 4776 διακόνου,
2487 4715 2676 4784 γνήσιε
2726 4713 2819 4765 καὶ
2853 4709 3197 4780 πολυπόθητέ
3233 4726 3334 4780 μου
3360 4707 3567 4777 άνεψιὲ,
3603 4707 3770 4771 εὐθὺς

2187 4803 2570 4874 ὴόουλήθημεν
2600 4801 2902 4856 ἐπιστεῖλαί
2933 4817 3036 4857 σοι.
3083 4799 3236 4852 Ἐπεὶ
3259 4799 3316 4851 δὲ
3338 4793 3406 4869 ἦν
3437 4797 3631 4868 καιρὸς
3655 4815 3772 4868 χει-

2195 4898 2383 4967 μέριος
2410 4897 2506 4966 (9),
2538 4896 2632 4948 καὶ
2667 4897 2701 4965 ἡ
2736 4893 3100 4964 παλιμῦουλία
3132 4891 3513 4949 συστέλλουσα.
3557 4880 3770 4958 ἀγαθὸν

2192 4989 2522 5058 ἡγησάμεθα
2561 4987 2636 5058 μὴ
2672 4989 2808 5057 ταχὺ
2858 4985 3042 5040 δοῦναι
3080 4985 3260 5053 λόγον.
3301 4983 3496 5037 Ἦνίκα
3532 4982 3591 5035 δὲ
3624 4983 3771 5052 μετὰ

2035 5099 2270 5156 NOTAE.

587 5193 665 5262 (6)
692 5189 1351 5262 ξΩςδύν-αμινέχούσας.
1375 5191 1610 5246 Sanctus
1636 5190 1895 5248 Paulinus
1915 5195 2078 5262 epist.

515 5261 604 5320 45.
688 5261 892 5316 Panem
918 5263 1415 5334 unum_sauc_titati
1469 5273 1573 5316 tua:
1629 5264 1856 5318 unitatis
1907 5261 2081 5334 gratia

516 5336 796 5398 misimus,
828 5334 882 5386 in
919 5347 1028 5401 quo
1057 5332 1223 5386 etiam
1254 5331 1537 5387 Trinitatis
1563 5334 1814 5388 soliditas
1837 5331 2084 5388 contine-

514 5422 622 5460 tur.
655 5403 812 5458 Hunc
845 5416 1038 5472 panem
1068 5403 1339 5472 eulogiam
1393 5419 1516 5459 esse
1569 5411 1625 5457 tu
1682 5402 1852 5459 {acies
1891 5406 2085 5472 digna-

515 5482 664 5530 tione
688 5470 964 5530 sumendi.
1001 5491 1020 5523 ι
1066 5470 1276 5528 Videsis
1312 5472 1600 5544 Rosweydi
1648 5484 1808 5530 notas
1855 5477 1908 5529 in
1944 5470 2086 5530 Pau-

516 5550 706 5601 linum.

589 5617 666 5686 (7)
735 5617 1070 5684 Νικηφόρον.
1126 5632 1144 5664 ι
1191 5613 1575 5671 Consobrinus
1614 5616 1886 5670 Theodori
1928 5616 2088 5671 Nice-

516 5689 722 5758 phorns
744 5697 798 5740 et
821 5687 912 5740 alii
942 5687 1149 5745 afﬁnes,
1171 5687 1314 5754 quod
1343 5703 1408 5741 ex
1431 5688 1779 5741 matrimonio
1800 5689 1933 5758 Imp.
1962 5704 2083 5741 cum

519 5757 802 5813 Thcodote
831 5757 1072 5826 ipsorum
1104 5757 1430 5825 propinqua,
1456 5759 1565 5826 jam
1599 5758 1845 5827 Augusta
1877 5757 2083 5824 ereata,

521 5828 814 5888 corradere
866 5844 1125 5903 magnum
1185 5840 1468 5901 sperarent
1530 5829 1979 5896 emolumentum,
2030 5831 2082 5885 in

2187 5193 2530 5250 Theodorum
2567 5194 2666 5248 ista
2696 5192 2850 5247 nihili
2877 5191 3189 5259 facientem,
3223 5191 3319 5247 sed
3349 5189 3767 5254 adversantem,

2187 5265 2690 5319 commovebantur.
2729 5263 2954 5333 (Baron.
2995 5263 3120 5326 795,
3152 5277 3209 5316 n.
3249 5261 3367 5331 δι.)

2261 5336 2335 5402 (8)
2380 5329 2746 5403 Ἠγουμένφ.’
2768 5333 2858 5389 Sic
2910 5333 3323 5402 appellabantur
3351 5329 3612 5403 praefecti
3646 5348 3771 5388 mo~

2191 5402 2578 5468 nasteriorum,
2614 5406 2883 5461 interdum
2907 5407 3069 5459 etiam
3093 5412 3146 5458 et
3174 5402 3435 5474 praesides
3459 5403 3574 5468 alii,
3616 5405 3772 5459 velut

2192 5475 2245 5528 in
2273 5474 2566 5529 Justiniau.
2587 5475 2719 5530 Nov.
2745 5492 2861 5537 vm,
2891 5491 3011 5545 cap.
3037 5475 3089 5530 5.

2265 5547 2342 5614 (9)
2376 5547 2593 5613 Καιρὸς
2630 5542 2973 5614 χειμέριος(
2999 5546 3392 5616 Constantinus
3445 5542 3768 5616 Porpher-

2195 5618 2410 5684 genitus
2441 5633 2584 5669 anno
2613 5619 2822 5684 imperii
2860 5619 2912 5678 5,
2948 5632 3133 5669 mense
3155 5615 3436 5680 Januario,
3463 5614 3769 5668 indictione.

2196 5690 2247 5750 5,
2287 5687 2511 5740 Mariam
2549 5688 2829 5756 conjugem
2856 5687 3263 5756 repudiavit,et
3292 5688 3343 5740 in
3372 5687 3766 5742 monasterium

2195 5758 2450 5812 detrusit.
2488 5755 2671 5811 Mense
2694 5759 2887 5811 deinde
2907 5759 3148 5826 Augusto
3183 5755 3496 5812 Theodoten
3530 5759 3769 5811 cubicu-

2195 5831 2388 5885 lariam
2423 5829 2704 5886 coronavit
2731 5829 3051 5899 Augustam,
3102 5835 3154 5884 et
3209 5828 3488 5897 illegitimo
3535 5829 3638 5883 sibi
3681 5844 3770 5886 co-
