3926 6452
166 402 269 467 Ὧι

1396 401 1935 464 EPISTOLARUM
1969 403 2117 464 LIB.
2146 406 2195 465 Ι.

3318 411 3424 479 922

164 515 268 585 τῆς
295 515 695 587 ἐπερωτήσεως
737 515 832 571 καὶ
861 515 932 571 τὰ
975 516 1280 599 γράμματα
1309 519 1577 590 ἀπῄτουν,
1611 519 1726 573 αὑτὲ

1855 521 2295 592 terrogationem,
2345 527 2510 581 etiam
2565 527 2758 585 litterae
2834 532 3070 602 idipsum
3120 531 3425 606 ﬂagitantes

165 607 328 661 τοῦτο
355 607 410 661 τί
434 607 517 661 δεῖ
543 607 627 662 ἐτι
656 607 1053 679 διακρίνεσθαι,
1085 611 1182 664 καὶ
1210 609 1287 695 μη
1310 610 1372 664 τὸ
1403 611 1746 683 παριστάμε-

164 717 256 752 νον
291 700 562 769 ἐξειπεῑνς
592 702 816 775 Πρῶτον
842 702 900 756 δὲ
944 704 1120 756 ἐκεῖνο
1160 701 1294 773 ἐρῶ,
1329 703 1424 756 καί
1448 719 1516 774 με
1543 701 1744 769 δέξαιο.

162 790 492 860 τιμιώτατε,
522 794 628 858 ὅτι,
662 791 739 856 ὡς
785 794 884 847 καὶ
914 794 1078 858 αὐτὸς
1115 789 1286 859 οἶδας,
1315 793 1516 864 πολλῆς
1546 794 1746 858 κακίας

164 884 474 954 ὑπόδειγμα
497 885 593 938 τὸν
618 885 812 941 ἑαυτοῦ
845 886 964 957 βίον
1000 887 1438 958 παρεστησάμην
1468 888 1579 949 τοῖς
1619 886 1748 939 πολ-

59 1026 68 1034 ,
161 975 295 1037 λοῖξ.
325 976 435 1028 Kal
460 977 562 1030 οὐκ
601 977 718 1029 ἐστι
743 978 932 1048 σχεδὸν
969 977 1144 1031 εἰπεῖν
1172 977 1417 1047 σφάλμα,
1445 969 1508 1029 οὗ
1547 977 1622 1047 μὴ
1653 977 1746 1030 xal

159 1065 323 1129 αὐτὸς
339 1065 455 1133 ἐγὼ
481 1066 762 1136 μετέσχον,
787 1069 879 1120 καὶ
903 1066 1084 1130 ἄλλοις
1107 1067 1565 1138 προσπαρέδωκα.
1605 1064 1744 1120 Ἀλλ’

159 1155 352 1226 ἐπειδὴ
405 1155 663 1227 μανθάνω
715 1158 814 1227 τὴν
852 1156 1262 1228 φιλανθρωπίαν
1299 1157 1395 1210 τοῦ
1446 1158 1608 1224 Θεοῦ,
1649 1159 1743 1212 καὶ

156 1246 249 1298 τὸν
316 1249 398 1309 είς
459 1246 710 1316 πυθμένα
757 1246 956 1310 κακίας
1020 1248 1420 1318 κατενεχθέντα
1466 1249 1744 1321 ἀναρῤύε-

158 1335 304 1401 σθαι,
340 1335 437 1388 καὶ
494 1335 707 1406 ὀρέγειν
768 1339 929 1405 χεῖρα
982 1334 1121 1406 πρὸς
1181 1337 1508 1407 μετάνοιαν·
1540 1339 1742 1408 ἔφυγον

156 1429 255 1500 τὴν
286 1427 605 1495 ἀπόγνωσιν
629 1467 644 1492 ,
673 1428 766 1481 καὶ
805 1426 962 1495 ἔδοξα
1017 1430 1217 1501 μικρόν
1253 1447 1308 1484 τι
1354 1432 1740 1502 ὑποστηρίζειν

155 1520 393 1589 ἐμαυτὸν
419 1520 557 1590 πρὸς
587 1520 648 1574 τὸ
673 1520 853 1585 εὐθές.

221 1611 322 1664 Διά
350 1610 532 1676 τοῦτο,
555 1611 630 1675 ὡς
645 1613 674 1665 δ
696 1611 806 1665 τῶν
838 1611 1058 1682 ἀφανῶν
1077 1612 1327 1684 γνὼστης
1349 1612 1480 1676 Θεὸς
1504 1613 1735 1667 ἐπίστα-

153 1720 263 1767 ται,
299 1703 662 1773 ἀπεσχοινισα
698 1705 937 1774 ἐμαυτὸν
966 1704 1063 1758 καὶ
1096 1704 1196 1775 τῆς
1221 1705 1606 1777 συνδιατριϐῆς
1624 1706 1735 1760 τῶν

155 1796 438 1867 συγγενῶν
488 1813 613 1867 μου,
656 1796 754 1850 καὶ
792 1795 886 1849 τοῦ
937 1794 1167 1865 ἐθισμοῦ
1217 1795 1328 1850 τῶν
1367 1797 1510 1850 κατά
1551 1797 1731 1868 σάρκα

1848 625 2216 684 accesserunt,
2246 618 2377 687 quid
2426 621 2659 690 amplius
2713 623 3016 679 deliberare
3039 640 3178 695 opus
3221 636 3324 692 est,
3359 642 3424 680 ac

1847 723 1957 763 non
1982 709 2162 779 potius
2191 712 2334 782 quod
2375 729 2463 769 res
2490 724 2574 769 est
2624 716 2865 785 proﬁteri
2889 717 2912 770 ?
2939 718 3183 772 Primum
3238 728 3423 773 autem

1849 799 1978 856 illud
2003 801 2204 868 dicam,
2241 811 2317 874 (et
2337 806 2546 861 sustine
2577 823 2683 868 me,
2715 809 3194 879 reverendissimc)
3225 827 3331 874 me,
3365 820 3424 864 nt

1847 891 1966 960 ipse
2009 894 2179 960 nosti,
2212 895 2506 966 singularis
2563 899 2822 967 nequitiae
2865 901 3176 970 exemplum
3217 902 3269 955 in
3311 903 3420 956 vita

1847 999 1969 1038 mea
2015 985 2204 1040 multis
2260 988 2574 1054 exstitisse;
2606 1005 2712 1045 nec
2741 991 2912 1044 ullum
2949 991 3064 1046 fere
3092 993 3209 1046 vitii
3250 1009 3422 1063 genus

1845 1085 1987 1137 esse,
2019 1075 2164 1143 quod
2197 1090 2306 1130 non
2343 1085 2400 1131 et
2454 1077 2572 1148 ipse
2610 1081 2905 1151 attigerim,
2952 1091 3008 1135 et
3039 1082 3091 1134 in
3113 1083 3244 1136 alios
3271 1084 3418 1137 dori-

1845 1162 2039 1218 varim.
2066 1163 2453 1222 Verumtamen
2478 1169 2658 1224 sciens
2699 1170 3089 1242 benignitatem
3117 1171 3229 1235 Dei,
3253 1174 3418 1228 etiam

1844 1254 1994 1309 illum
2028 1257 2120 1325 qui
2152 1257 2206 1311 in
2243 1257 2353 1313 imo
2391 1260 2646 1315 vitiorum
2688 1261 2857 1316 fundo
2884 1263 3167 1319 demersus
3186 1265 3278 1327 sit,
3310 1267 3418 1319 eri-

1842 1360 1994 1414 pere,
2023 1362 2354 1417 manumque
2380 1349 2446 1403 ad
2473 1350 2851 1419 paenitentiam
2873 1354 3148 1425 porrigere
3181 1373 3195 1421 ;
3226 1355 3418 1426 despe-

1842 1437 2108 1493 rationem
2140 1439 2433 1507 decllnavi,
2464 1457 2660 1512 meque
2699 1443 2880 1513 ipsum
2906 1446 2974 1500 ad
3006 1447 3139 1501 recti
3174 1449 3416 1504 studium

1838 1529 2119 1599 paululum
2143 1529 2467 1586 conﬁrmare
2492 1533 2644 1587 visus
2675 1550 2818 1588 sum.

1907 1618 2224 1691 Propterea,
2287 1631 2345 1676 ut
2399 1623 2740 1679 occultorum
2787 1627 3038 1698 cognitor
3088 1632 3191 1686 scit
3247 1635 3412 1699 Deus,

1835 1712 2069 1768 subduxi
2097 1727 2184 1768 me
2209 1728 2240 1768 a
2271 1715 2632 1770 contubernio
2663 1717 3097 1788 propinquorum
3144 1739 3410 1786 meorum.

1835 1812 1892 1859 et
1931 1806 2390 1862 aconsuetudine
2452 1808 2756 1864 amicorum
2816 1826 3062 1866 meorum
3110 1818 3413 1874 secundum

154 1889 320 1956 φίλων
357 1905 481 1958 μου,
517 1889 610 1940 καὶ
647 1888 699 1941 ετ
737 1903 880 1951 τινος
914 1888 980 1957 δὴ
1029 1883 1128 1941 οὖν
1169 1885 1355 1954 ἄλλου,
1412 1888 1583 1957 μόνης
1627 1890 1726 1959 τῆς

1831 1907 2082 1955 carnem,
2112 1893 2449 1966 aliorumque
2486 1899 2877 1968 quorumlibet,
2906 1902 3020 1956 sola
3048 1902 3142 1958 Dei
3175 1908 3412 1974 potentia

152 1982 435 2051 δυνάμεως
475 1979 568 2033 τοῦ
607 1978 742 2032 Θεοῦ
782 1976 1183 2048 ὲπιὸοηθούσης
1216 1980 1284 2050 τῇ
1321 1978 1576 2049 ἀσθενείᾳ.
1622 1995 1727 2047 μου

152 2075 276 2143 περὶ
329 2074 532 2127 πάντα.
581 2072 693 2125 Kal
737 2071 832 2124 νῦν
862 2071 889 2123 δ
922 2069 1269 2140 ἐπεζήτησας
1304 2071 1435 2141 παρ’
1467 2071 1600 2140 ἐμοῦ
1632 2069 1730 2124 τοῦ

150 2166 399 2236 ἀμαθοῦς
429 2165 640 2236 μαθεῖν,
665 2163 837 2227 οὕτως
875 2163 1008 2233 ἔχει,
1044 2164 1118 2224 ὼς
1140 2163 1328 2234 εῖρηκέ
1359 2181 1442 2218 σοι
1470 2165 1498 2216 δ
1543 2165 1731 2236 κύριος

149 2259 414 2320 διάκονος.
451 2257 623 2310 Τοῦτο
664 2254 719 2308 δὲ
754 2256 854 2308 οὐκ
887 2255 1151 2325 ἀκρίτως,
1179 2254 1213 2327 ἢ
1238 2254 1726 2326 άπεφθεγξάμεθα,

153 2353 182 2421 ἤ
217 2353 312 2405 καὶ
342 2351 673 2420 ὑπέσχομεν,
701 2348 817 2402 ἀλλ’
851 2348 910 2401 ἐν
951 2350 1241 2419 ἐρευνήσει
1285 2349 1381 2401 καὶ
1426 2349 1727 2418 συζητήσει

148 2443 244 2513 τῆς
271 2442 634 2496 θεοπνεύστου
665 2440 886 2512 Γραφῆς
915 2440 974 2512 βε
993 2440 1320 2504 ϐαιωθέντες
1348 2443 1444 2494 καί
1489 2458 1728 2512 κρατυν-

156 2538 362 2599 θέντες,
407 2537 500 2588 καὶ
529 2532 636 2604 μὴν
682 2532 820 2587 ἀλλά
855 2535 950 2586 καὶ
980 2532 1047 2587 δι’
1082 2534 1403 2604 ἐρωτήσεως
1437 2533 1548 2586 τῶν
1575 2535 1727 2604 ὀφει-

148 2630 366 2682 λόντων.
398 2628 506 2680 Καί
535 2643 602 2695 γε
634 2627 668 2696 ἡ
704 2624 934 2695 ἀλήθεια
961 2625 1138 2688 οὕτως
1163 2624 1298 2696 ἔχει,
1332 2625 1426 2679 τοῦ
1459 2626 1604 2678 θείου
1635 2627 1724 2680 νό-

149 2738 250 2791 μου
274 2718 540 2790 ἐμφανῶς
575 2716 1033 2788 ἀπαγορεὺοντος,
1064 2718 1127 2770 οὐ
1157 2718 1246 2771 διὰ
1268 2716 1362 2770 τοῦ
1397 2717 1545 2771 θείου
1577 2718 1724 2771 Παύ-

145 2814 233 2866 λου
265 2812 452 2883 μόνον,
491 2812 626 2864 ἀλλά
670 2809 766 2862 καὶ
808 2808 876 2861 δι’
898 2809 1074 2864 ἀλλων
1121 2809 1388 2878 θεολόγων
1439 2811 1719 2882 Πατάρων,

144 2905 276 2959 αὐτὸ
323 2903 488 2958 τοῦτο
530 2903 977 2974 διευκρινοὺντων
1023 2905 1120 2958 καὶ
1195 2904 1718 2968 ἀπολευκαινόντων,

144 2997 234 3049 καὶ
295 2995 848 3064 συναποφαινομένων
913 2998 979 3066 τῇ
1054 2995 1384 3066 ἀποστολικῆ
1463 2994 1722 3062 ἐγκελεύο

144 3103 246 3141 σει.
285 3086 399 3139 Καὶ
444 3084 560 3148 πῶς
589 3085 776 3139 λοιπὸν
812 3085 1025 3155 ἀλόγως
1072 3087 1461 3157 ἀδιαφορήσω;
1498 3085 1593 3139 καὶ
1644 3085 1721 3157 μὴ

147 3179 349 3248 μᾶλλον
382 3176 710 3241 διασταλθῶ,
736 3179 836 3232 καὶ
874 3175 1211 3246 ὑπεξαγάγω
1244 3178 1440 3230 ἑαυτὸν
1469 3177 1578 3230 ἀπὸ
1606 3177 1717 3230 τῶν

146 3244 496 3339 βλαπτόντων
519 3270 618 3341 τὴν
649 3269 891 3341 ἐλεεινήν
940 3285 1040 3340 μου
1066 3244 1270 3339 ἡψυχήν
1299 3285 1313 3333 ;
1355 3269 1449 3322 καὶ
1491 3263 1605 3331 οἶος
1649 3268 1716 3322 ἂν
1747 3244 1788 3302 C

143 3362 387 3424 κίνδυνος
438 3365 612 3433 παρῇ,
660 3360 758 3414 τοῦ
804 3361 914 3414 τῶν
968 3361 1228 3431 Πατέρων
1281 3360 1715 3430 κορυφαιοτάτου

144 3453 376 3522 βοῶντος
409 3455 504 3506 καὶ
524 3454 795 3522 λέγοντος,
821 3453 905 3506 δτι
951 3453 1077 3506 Ἐάν
1097 3465 1152 3505 τι
1162 3452 1524 3523 παρ’ἐντολῆν
1549 3455 1715 3516 ἐστιν,

142 3548 309 3620 ῆτὴν
355 3549 578 3620 ἐντολὴν
645 3547 1036 3619 παρασλάπτῃ,
1103 3545 1358 3613 οὐδαμῶς
1427 3545 1716 3614 ἀνέχεσθαι

146 3642 273 3711 χρή·
313 3641 423 3693 κᾶν
461 3639 608 3709 ζωῆς
639 3637 974 3707 ἐπαγγελίαν
1010 3636 1131 3710 ἔχῃ,
1159 3636 1264 3691 κᾶν
1299 3636 1530 3692 θανάτου
1563 3638 1720 3690 ἀπει-

143 3733 268 3804 λην;
314 3733 423 3786 Ἐῶ
446 3732 627 3800 λέγειν
650 3731 772 3784 ὅσαι
802 3730 1240 3801 παρυφίστανται
1272 3729 1366 3782 κα)⁵
1393 3728 1549 3783 ἀλλαι
1577 3731 1717 3800 χρή-

144 3841 271 3889 σεις,
305 3824 386 3894 μὴ
415 3823 586 3877 ἐῶσαι
616 3824 764 3893 ἡμᾶς
793 3823 1167 3890 ἐξυπάγεσθαι
1212 3822 1319 3876 κᾶν
1370 3823 1432 3875 τὸ
1479 3823 1715 3892 σμικρό-

140 3935 292 3971 τατον
346 3915 480 3985 γοῦν
518 3915 624 3979 ιξω
672 3914 772 3985 τῆς
821 3914 1044 3985 ἐντολῆς
1070 3930 1085 3944 ο
1120 3914 1297 3978 άλλως
1333 3931 1394 3967 τε
1423 3915 1516 3968 καὶ
1546 3915 1712 3968 πάλιν

141 4008 518 4080 παραγγελίαν
546 4005 770 4077 ἔχοντας
822 4005 918 4060 τοῦ
979 4005 1216 4076 μεγάλου
1270 4005 1576 4071 Βασιλείου,
1626 4007 1710 4060 ὃτι

140 4101 214 4154 δεῖ
244 4101 424 4154 πάντα
452 4099 881 4170 ἀπαραλείπτως
919 4099 1211 4169 φυλάττειν
1242 4099 1311 4153 τὰ
1353 4099 1441 4153 διὰ
1484 4098 1579 4152 τοῦ
1607 4100 1711 4152 Εὑ-

139 4194 390 4262 αγγελίου
425 4193 520 4246 καὶ
552 4192 664 4245 τῶν
704 4191 1020 4245 ἀποστόλων
1047 4192 1175 4247 ,ὑπὸ
1217 4191 1312 4244 τοῦ
1361 4191 1569 4262 Κυρίου
1603 4209 1712 4243 πα·-

140 4286 491 4356 ραδεδομένα.
525 4281 711 4337 Ταῦτα
738 4281 814 4346 ὡς
839 4284 1015 4351 Πατρὶ
1044 4284 1138 4338 καὶ
1168 4284 1477 4354 φιλουμένῳ
1509 4283 1708 4355 τεθάρ-

1831 1981 2194 2037 imbecillitati
2246 1999 2382 2039 mea
2443 1986 2498 2040 in
2552 1988 2808 2043 omnibus
2864 1991 3190 2061 opitulante.
3253 1994 3410 2062 Quod

1829 2086 1957 2143 ergo
1984 2088 2015 2125 a
2049 2088 2138 2127 me
2159 2073 2382 2129 indocto
2415 2075 2629 2131 discere
2659 2078 2899 2148 voluisti,
2939 2081 3018 2136 sic
3064 2084 3285 2152 penitus
3309 2085 3410 2139 ha-

1829 2162 1942 2228 bet,
1970 2173 2026 2219 ut
2052 2164 2256 2220 dictum
2288 2175 2372 2224 est
2395 2182 2426 2222 a
2456 2168 2680 2225 domino
2735 2170 2986 2228 diacono.
3022 2172 3208 2245 Neque
3238 2177 3288 2231 id
3311 2192 3412 2234 nos

1831 2262 2037 2309 temere
2061 2263 2157 2309 aut
2181 2255 2592 2324 aﬂlrmavimus,
2627 2268 2723 2314 aut
2753 2260 2916 2316 locuti
2944 2277 3133 2318 sumus
3158 2283 3172 2319 :
3211 2267 3304 2320 sed
3323 2268 3412 2322 in-

1830 2344 2164 2417 vestigandis
2192 2356 2248 2402 et
2295 2350 2705 2418 perscrutandis
2753 2355 2924 2408 sacris
2954 2353 3173 2412 Litteris
3203 2359 3407 2413 contir-

1828 2437 1958 2490 mati
1989 2447 2045 2492 et
2067 2439 2428 2505 corroborati,
2463 2441 2641 2512 iisque
2687 2444 2852 2499 etiam
2890 2445 3242 2518 interrogatis
3271 2467 3410 2522 quos

1828 2527 2214 2582 conveniebat.
2252 2527 2318 2583 Et
2348 2529 2597 2598 profecto
2619 2533 2820 2588 veritas
2857 2534 2939 2589 sic
2962 2536 3146 2604 habet,
3177 2539 3298 2611 lege
3324 2541 3409 2595 di-

1826 2615 1956 2670 vina
1986 2616 2281 2673 manifeste
2352 2629 2598 2688 vetante,
2656 2638 2768 2677 non
2809 2625 2972 2679 modo
3026 2643 3126 2697 per
3183 2630 3405 2686 beatum

1827 2705 2076 2772 Paulum,
2102 2710 2196 2764 sed
2222 2726 2320 2780 per
2347 2711 2484 2766 alios
2518 2713 2687 2767 etiam
2750 2714 3034 2789 theologos
3074 2721 3282 2786 Patres,
3313 2725 3406 2793 qui

1826 2798 1933 2854 hoc
1966 2801 2146 2871 ipsum
2181 2803 2483 2860 discutiunt
2528 2819 2594 2859 ac
2647 2803 2946 2874 declarant,
3000 2819 3057 2865 et
3106 2828 3231 2867 cum
3273 2829 3405 2884 apo-

1825 2893 2020 2950 stolico
2051 2896 2310 2952 mandato
2337 2899 2711 2954 consentiunt.
2746 2899 2814 2954 Et
2843 2916 3108 2972 quorsum
3152 2921 3253 2978 ego
3288 2923 3407 2962 am-

1825 2986 1972 3056 plius
2003 2987 2364 3045 dissimulabo
2399 2991 2736 3060 inconsulte,
2761 3009 2827 3050 ac
2863 3011 2974 3050 non
3008 2998 3192 3067 potius
3228 3011 3404 3056 retra-

1826 3077 1952 3132 ham
1975 3093 2064 3134 me
2101 3080 2304 3151 ipsum,
2355 3091 2412 3138 et
2448 3084 2756 3141 subducam
2784 3087 2854 3142 ab
2885 3088 2951 3144 iis
2997 3091 3092 3160 qui
3129 3091 3404 3150 infelicem

1823 3168 2060 3226 animam
2082 3188 2257 3228 meam
2280 3177 2639 3246 opprimunt?
2664 3179 2941 3246 Quantum
2965 3197 3129 3253 porro
3151 3194 3230 3239 est
3253 3187 3402 3256 peri-

1822 3263 2029 3329 culum,
2060 3281 2185 3320 cum
2218 3267 2437 3324 Patrum
2469 3285 2718 3328 summus
2757 3273 3111 3344 vociferctur,
3133 3286 3188 3332 et
3218 3278 3395 3334 dicat:

1824 3350 1879 3405 Si
1904 3354 2031 3422 quid
2059 3355 2115 3410 lit
2141 3367 2342 3426 praeter
2361 3361 2706 3430 mandatum,
2737 3372 2830 3419 aut
2857 3366 3114 3421 mandan
3135 3367 3396 3433 alliciens,

1822 3461 2164 3516 nequaquam
2207 3448 2493 3506 ferendum
2533 3463 2638 3522 est,
2689 3457 2938 3526 quamvis
2979 3459 3397 3528 promissionem

1821 3536 1965 3601 vitai,
1994 3541 2242 3607 quamvis
2287 3543 2481 3597 mortis
2512 3545 2688 3599 minas
2739 3544 2985 3602 habeat?
3017 3547 3171 3604 Mitto
3215 3549 3400 3606 dicere

1819 3643 1980 3696 quam
2019 3631 2203 3684 multa
2233 3632 2353 3687 alia:
2390 3634 2504 3688 sint
2537 3638 2851 3700 sententiae,
2883 3653 3005 3709 quae
3038 3655 3140 3696 nos
3169 3642 3255 3697 vel
3291 3644 3398 3697 mi-

1819 3720 2027 3775 nimum
2055 3737 2085 3776 a
2115 3724 2372 3780 mandato
2404 3727 2687 3785 discedere
2713 3731 3030 3800 prohibent,
3059 3749 3183 3788 cum
3212 3737 3392 3807 magni

1818 3811 2015 3866 iterum
2065 3816 2244 3872 Basilii
2291 3819 2535 3873 edictum
2586 3820 2886 3878 habeamus
2932 3841 2947 3877 :
3009 3827 3152 3895 quod
3209 3830 3392 3884 omnia

1819 3922 2040 3975 prorsus
2093 3924 2191 3978 per
2245 3909 2600 3982 Evangelium
2657 3923 2716 3969 et
2765 3916 3042 3985 apostolos
3075 3932 3106 3972 a
3164 3917 3394 3976 Domino

1816 3998 2030 4065 tradita,
2058 4003 2324 4056 servanda
2357 4003 2468 4056 sint
2511 4005 2578 4057 “.
2609 4003 2735 4059 Haec
2769 4021 2870 4076 ego
2903 4007 3001 4061 tibi
3055 4017 3115 4062 ut
3157 4009 3298 4064 Patri
3336 4019 3395 4065 et

1813 4090 1988 4144 amico
2019 4092 2324 4161 patefacere
2359 4109 2468 4148 non
2495 4094 2760 4160 dubitavi,
2813 4099 3250 4167 quandoquidem
3289 4115 3392 4156 nos

1814 4179 1896 4250 (nt
1925 4181 2075 4235 testis
2113 4192 2197 4236 est
2221 4182 2464 4236 cordium
2509 4183 2782 4254 inspector
2828 4184 2993 4257 Deus)
3025 4203 3204 4258 neque
3251 4206 3391 4260 prae-

1810 4271 2095 4335 dicamus;
2127 4288 2236 4327 non
2275 4276 2424 4328 enim
2483 4276 2902 4345 praeminentes
2939 4294 3166 4346 sumus;
3208 4297 3387 4353 neque

138 4379 278 4444 ρηκα
313 4373 634 4442 φανερῶσαί
669 4389 751 4426 σοι
774 4388 790 4403 ο
821 4373 944 4424 ἐπεὶ
984 4373 1081 4426 καὶ
1105 4373 1289 4442 ἡμεῖς,
1318 4374 1393 4436 ὡς
1439 4374 1647 4443 μάρτυς
1677 4374 1706 4425 ὁ

1831 4363 1931 4417 »ἀίει
1980 4363 2321 4433 proﬁtemur,
2358 4367 2453 4421 sed
2483 4376 2538 4421 et
2584 4369 2967 4438 imperatorem
3001 4371 3178 4440 ipsum
3206 4374 3385 4444 piissi-

135 4465 574 4537 καρδιογνώστης
616 4465 773 4533 Θεὸς,
820 4463 944 4516 οὔτε
991 4465 1340 4535 κηρύσσομεν
1392 4465 1554 4536 (οὑτε
1595 4469 1702 4537 γάρ

1831 4467 2066 4522 numque
2092 4468 2274 4525 regem
2316 4455 2582 4512 charitate
2626 4459 2868 4528 gerimus
2887 4460 2944 4513 in
2973 4471 3215 4530 pectore,
3252 4480 3375 4518 om-

134 4561 292 4628 ἐσμεν
341 4556 721 4630 προῦχοντες),
767 4554 893 4609 οὔτε
932 4555 1386 4626 ἀπεχθανόμεθα·
1419 4557 1556 4612 ἀλλά
1606 4559 1700 4611 καὶ

1831 4558 2012 4612 tesque
2057 4547 2320 4616 sanguine
2373 4547 2508 4603 mihi
2566 4549 2913 4619 conjunctos,
2957 4567 3083 4607 cum
3135 4570 3380 4611 necessa-

132 4653 218 4704 τδν
289 4651 674 4722 αὐτοκράτορα
735 4651 831 4703 καὶ
881 4649 994 4719 (l0)
1044 4648 1426 4702 εὑσεόέστατον
1477 4649 1701 4719 βασιλέα

1831 4636 2005 4691 iorum
2033 4638 2310 4694 studiosus
2340 4639 2463 4707 sim,
2500 4651 2559 4695 ut
2583 4643 2684 4712 ipsi
2709 4644 2882 4699 nostis
2907 4661 2923 4710 ;
2953 4654 3010 4700 et
3041 4649 3376 4704 mentionem

131 4743 568 4814 ἐγκαρδιωμένον
615 4741 812 4812 ἔχομεν
839 4743 906 4810 τῇ
938 4741 1144 4811 ἀγάπῃ,
1181 4742 1276 4794 καὶ
1308 4740 1552 4804 ἅπαντας
1575 4741 1702 4804 τοὺς

1831 4731 1916 4801 jus
1945 4730 2176 4788 facimus
2207 4732 2372 4787 etiam
2419 4733 2476 4787 in
2534 4733 2720 4789 divina
2753 4735 2991 4806 liturgia,
3057 4746 3113 4792 et
3143 4753 3242 4807 pro
3285 4740 3378 4794 illo

133 4837 410 4904 συγγενεῖς
456 4851 583 4904 μου,
619 4831 878 4901 φιλοϊδιος
922 4831 1203 4902 ὑπάρχων,
1242 4831 1316 4896 ὡς
1350 4833 1503 4902 ὑμεῖς
1549 4833 1702 4902 γινώ-

1835 4839 2084 4878 recamur
2117 4825 2369 4894 privatim
2404 4840 2468 4881 ac
2491 4826 2726 4896 publice,
2776 4836 2830 4882 et
2852 4827 3110 4884 Ecclesiae
3130 4845 3379 4886 cominu-

132 4944 304 4993 σκετε,
345 4928 444 4981 καὶ
474 4926 890 4998 μνημονεύομεν
931 4923 1100 4977 αὐτοῦ
1131 4926 1223 4978 καὶ
1249 4929 1306 4979 ἐν
1337 4929 1404 4996 τῇ
1438 4926 1561 4997 θείᾳ
1582 4927 1695 4980 λει-

1837 4917 1976 4972 ionis
2008 4919 2304 4989 participes
2353 4935 2546 4975 sumus
2587 4939 2602 4976 :
2655 4921 2907 4991 absitque
2942 4933 3002 4978 ut
3053 4925 3120 4979 ab
3167 4940 3228 4981 ea
3271 4943 3377 4981 un-

128 5016 376 5089 τουργίᾳ,
425 5016 522 5069 καὶ
554 5013 901 5084 ἐπευχόμεθα
933 5011 1039 5083 ἰδίᾳ
1077 5027 1134 5063 τε
1180 5012 1274 5064 καὶ
1302 5012 1554 5083 δημοσίᾳ.
1587 5012 1694 5066 Kal

1831 5027 1961 5077 ,uam
2004 5026 2345 5081 separemur.
2391 5011 2668 5084 Ignoscite
2735 5015 2868 5069 mihi
2918 5016 3016 5070 soli
3078 5019 3373 5087 peccatori.

127 5109 216 5178 τῆς
257 5106 591 5176 Ἐκκλησίας
630 5105 934 5158 κοινωνικοί
973 5106 1160 5174 ἐσμεν.
1189 5105 1296 5157 Kal
1339 5105 1414 5174 μὴ
1441 5105 1524 5175 εῐη
1557 5107 1691 5175 ἡμῖν

1831 5103 1981 5174 lelegi
2011 5104 2157 5158 hunc
2189 5103 2321 5158 mihi
2352 5104 2632 5176 angulum,
2663 5114 2724 5159 ut
2746 5105 2969 5160 deﬂeam
2995 5119 3212 5176 peccata
3231 5125 3374 5174 mea,

129 5219 249 5255 ποτε
291 5198 672 5270 διασχισθῆναι
705 5198 800 5251 ἀπ’
826 5197 1018 5267 αὑτῆς.
1056 5197 1457 5267 Συγχωρήσατέ
1493 5213 1582 5266 μοι
1611 5195 1688 5266 τῷ

1835 5203 1948 5249 tne
1997 5195 2230 5251 miscear
2257 5212 2383 5251 cum
2409 5195 2635 5251 mundo.
2671 5196 2958 5263 Quodnam
3012 5199 3114 5254 hoc
3163 5201 3372 5256 crimen

129 5294 266 5363 μόνῳ
307 5289 658 5362 ἁμαρτωλῷ·
694 5289 921 5360 εἱλόμην
964 5288 1233 5359 θρηνῆσαι
1280 5287 1379 5352 τὰς
1416 5288 1690 5358 ἁμαρτίας

1832 5287 1925 5342 st?
1958 5285 2213 5345 Concede
2245 5289 2350 5346 hoc
2401 5290 2560 5357 mihi,
2604 5290 2960 5348 dilectissime
3019 5294 3369 5358 consobrino,

189 5454 231 5484 ¹²
256 5453 451 5506 Moral.
487 5450 689 5523 Regula
706 5467 801 5515 xu,
826 5465 946 5522 cap.
977 5451 1031 5504 3.

1637 5588 1869 5645 NOTAE.

127 5706 323 5790 pnlavit
389 5701 1278 5790 matrimonio:llensehdemnm
1337 5701 1667 5790 Septembri,
1788 5702 2455 5790 ⁸(1.0).ιέὺσεξόέςγτιιιόνζ
2492 5707 2795 5790 ,ϐασιλέεςλ
2846 5705 3060 5789 Scripta
3113 5718 3194 5764 est
3235 5709 3359 5790 haec

127 5772 414 5831 indictione
437 5775 491 5839 4,
531 5773 669 5846 feria
703 5772 1058 5846 hebdomadis
1094 5783 1304 5846 qua-rt:_i_.
1360 5775 1560 5846 nuptiae
1616 5775 1668 5830 in
1777 5774 2007 5846 epistola
2031 5777 2191 5844 paulo
2221 5787 2348 5830 ante
2375 5779 2610 5846 primum
2639 5779 2915 5842 exsilium,
2949 5772 3080 5835 cum
3105 5781 3347 5836 nondum

123 5845 164 5900 ὃ.
190 5846 482 5902 Μαωοηιίε
508 5844 708 5915 templo
739 5844 1021 5899 celebrata:
1051 5855 1201 5899 sunt.
1239 5841 1526 5914 (THEOPIL)

1831 5863 1837 5896 ι
1863 5841 2207 5915 imperatoris
2237 5841 2624 5905 communione
2656 5841 3007 5919 sejunxisSet.
