3926 6434
542 361 648 426 923
1733 369 1791 430 S.
1822 370 2215 436 THEODORI
2248 374 2602 436 STUDIT/E
3689 370 3789 435 924

541 486 695 546 potes
715 477 880 541 enim,
914 486 997 532 sat
1042 478 1175 543 scio,
1208 478 1506 548 utquietus
1550 479 1639 534 liic
1672 495 1853 552 agam,
1886 482 1957 537 ab
1982 498 2106 538 om-

2217 504 2316 558 μου
2349 490 2408 541 ἐν
2444 488 2511 558 τῇ
2545 487 2722 559 γωνίᾳ
2749 485 2941 558 ταύτῃ,
2976 484 3074 539 καὶ
3125 484 3203 556 μὴ
3248 484 3637 557 συμφύρεσθαι
3679 485 3792 546 τοῖς

528 569 708 633 nibus,
756 568 937 638 quoad
1000 569 1146 634 licet,
1206 578 1569 641 segregatus:
1621 580 1676 625 et
1713 573 1829 629 acri
1883 570 2110 631 solertia

2216 581 2275 633 ἐν
2301 580 2515 651 κόσμῳ.
2549 578 2615 633 Τί
2660 578 2816 633 τοῦτο
2862 578 3156 649 ἐγκλημα;
3208 576 3429 647 χάρισαί
3475 594 3566 647 μοι
3606 573 3789 640 τοῦτο,

528 670 616 712 tua
658 659 877 729 obliqua
930 658 1121 731 dirige,
1168 668 1224 714 et
1259 675 1455 730 aspera
1502 662 1808 732 complana,
1844 664 2106 735 pacisque

2213 667 2560 721 ποθεινότατε
2608 665 2796 737 ἀνεψιέ
2869 663 2987 720 οἶδα
3041 667 3150 736 γάρ
3197 666 3281 719 δτι
3331 665 3426 718 καὶ
3472 663 3650 735 δύνῃ·
3697 665 3791 716 καὶ

526 756 728 804 nostra:
755 750 1068 805 conciliator
1122 759 1258 815 esto,
1308 759 1365 804 et
1415 752 1614 820 quietis
1664 755 1901 825 adiutor,
1942 766 2003 811 ut
2057 757 2104 817 si

2213 759 2441 829 ἠρεμεῖν
2470 757 2729 823 ἐνταῦθα,
2772 760 2866 812 καὶ
2904 758 3326 813 ἀποδιίστασθαι
3373 756 3578 820 παντὸς
3622 755 3787 825 τυχδν

525 840 654 908 quid
701 839 826 895 hinc
865 841 1022 897 nobis
1061 840 1336 896 commodi
1378 853 1579 911 exstet,
1626 844 1775 915 juste
1827 855 1992 917 atque
2038 862 2107 903 ex

2213 848 2496 919 ἀνθρώπου
2517 866 2530 881 ·
2561 849 2656 902 καὶ
2683 851 2751 919 τῇ
2794 849 3025 919 ἐμμελεῖ
3052 847 3305 919 ἀγχινοίᾳ
3359 864 3451 900 σου
3485 847 3556 901 τὰ
3598 844 3792 899 σκολιά

526 931 738 985 ratione
766 932 1135 1001 dispensetur.

2213 937 2440 1009 ποίησον
2479 940 2602 993 λεῖα
2627 957 2640 971 ο
2663 941 2756 992 καὶ
2783 942 2852 992 τά
2880 956 3221 1011 τραχυνοντα
3260 938 3652 1008 καθομάλισον.
3680 935 3792 989 Καὶ

526 1020 685 1088 γενοῦ
732 1021 825 1074 τοῦ
856 1023 1132 1092 εἰρηνικοῦ
1165 1022 1321 1094 ήμῶν
1352 1024 1678 1097 βραϐευτὴς,
1743 1028 1839 1081 καὶ
1909 1028 2007 1099 τῆς
2062 1028 2295 1100 ἡσυχίας
2358 1032 2757 1104 συνασπιστής·
2790 1032 2882 1087 ἵνα
2907 1032 2955 1085 εί
2987 1032 3081 1086 καί
3110 1049 3163 1085 τι
3193 1033 3325 1103 ἡμῖν
3345 1032 3492 1085 ἐστιν
3526 1030 3586 1083 ἐν
3612 1026 3791 1098 τούτῳ

526 1111 817 1183 χρήσιμον,
857 1113 1109 1187 διαιτήσῃ
1140 1114 1366 1178 δικαίως
1396 1118 1490 1170 καὶ
1518 1119 1659 1171 κατά
1682 1118 1857 1187 λόγον.

912 1227 979 1283 ν.
1013 1260 1082 1269 -
1108 1229 1376 1300 Stephano
1408 1249 1441 1284 a
1471 1234 1708 1287 secretis.

2544 1238 2621 1292 E'.
2659 1267 2731 1278 —
2766 1236 3046 1308 Στεφάνῳ
3078 1236 3428 1307 ἀσηκρῆτις.

648 1368 823 1417 Sacros
847 1365 995 1415 etiam
1020 1364 1289 1425 antistites,
1323 1378 1430 1415 cum
1462 1372 1688 1429 peccant,
1711 1370 1807 1417 rite
1833 1366 1894 1416 ab
1915 1367 2042 1431 aliis,
2063 1369 2181 1421 licet
2197 1372 2354 1435 gradu
2373 1370 2685 1422 inferioribus
2716 1373 2984 1422 admoneri.
3016 1372 3311 1434 (Baron.au.
3338 1372 3447 1433 795,
3477 1386 3530 1422 ιι.
3551 1372 3658 1436 6!.)

598 1472 867 1527 "esterno
892 1472 980 1525 die
1007 1485 1130 1524 cum
1177 1470 1411 1539 gloriosa
1444 1472 1732 1539 praesentia
1763 1482 1853 1528 tua
1885 1473 2096 1531 fruere-

527 1583 669 1631 mur,
706 1574 828 1635 post
854 1564 957 1618 alia
996 1565 1243 1633 quaedam
1293 1563 1586 1632 colloquia,
1639 1580 1873 1634 quorum
1931 1582 2094 1623 causa

528 1661 637 1714 liuc
658 1674 905 1724 veneras,
943 1658 1263 1713 devenimus
1304 1660 1518 1714 tandem
1549 1660 1614 1715 ad
1645 1660 1938 1730 Scriptum
1956 1678 2101 1733 qua-

527 1754 754 1817 stiones,
793 1761 850 1807 et
890 1751 945 1805 in
991 1752 1240 1822 ambigua
1293 1752 1564 1807 haerentes
1613 1753 2004 1822 disputatione,
2043 1770 2103 1811 re

529 1843 751 1905 inlecta,
790 1841 1015 1913 digressi
1055 1857 1263 1898 sumus.
1320 1841 1387 1897 Et
1425 1858 1525 1898 nos
1570 1844 1813 1913 quidem,
1859 1845 2100 1912 domine,

2287 1478 2378 1533 'Ev
2406 1480 2471 1550 τῇ
2501 1478 2628 1548 χθὲς
2649 1477 2855 1549 ήμέρᾳ,
2882 1478 3068 1550 ἐπειδὴ
3095 1477 3196 1548 τῆς
3226 1474 3478 1542 εὐκλεοῦς
3511 1496 3606 1533 σου
3639 1497 3787 1551 παρ-

2204 1568 2391 1633 ουσίας
2448 1571 2507 1623 ἐν
2551 1569 2769 1640 μεθέξει
2815 1570 3141 1641 γεγόναμεν,
3197 1570 3336 1639 μετά
3395 1586 3551 1634 τινας
3618 1572 3788 1637 ἄλλας

2205 1660 2522 1729 ὁμιλίας,δι’
2551 1660 2616 1724 ἃς
2638 1662 2731 1714 καὶ
2747 1663 2775 1714 ὁ
2800 1662 3000 1732 τρόπος
3028 1660 3127 1731 τῆς
3149 1659 3383 1715 ἐνταῦθά
3404 1677 3498 1714 σου
3522 1662 3784 1731 ἀφίξεως,

2205 1753 2286 1814 είς
2332 1749 2486 1819 λόγον
2525 1768 2642 1814 πως
2683 1751 3023 1823 ἐληλύθαμεν
3059 1750 3357 1823 Γραφικῶν
3410 1753 3783 1824 ζητημάτων·

2209 1844 2303 1895 καὶ
2331 1842 2390 1894 ἐν
2420 1841 2723 1914 ἀμφιϐολίᾳ
2747 1842 2915 1913 πολλῇ
2945 1841 3321 1912 συσχεθέντες,
3342 1841 3627 1906 ἀπιθάνως
3647 1843 3788 1914 πρὸς

529 1936 693 1989 rudes
714 1943 769 1989 et
790 1933 987 2006 ignari,
1026 1934 1307 2003 sapientiae
1344 1941 1451 1989 tua
1466 1934 1690 1989 minime
1712 1950 1869 2004 pares
1890 1951 2101 1990 sumus.

2213 1932 2378 1986 ταῦτα
2418 1932 2708 2004 διέστημεν
2758 1932 2854 1986 ἀπ’
2906 1933 3191 2003 ἀλλήλωνο
3235 1932 3331 1985 καὶ
3372 1933 3537 2003 ἡμεῖς
3584 1933 3709 2002 μὲν,
3742 1927 3788 1988 ὦ

535 2030 616 2083 Ne
650 2038 828 2083 tamen
879 2042 1069 2082 eorum
1102 2043 1223 2097 quae
1278 2026 1384 2081 dici
1428 2027 1630 2081 debent
1677 2027 1894 2082 silentio
1941 2030 2103 2085 nobis

533 2117 799 2187 judicium
827 2132 1202 2179 accersamus;
1229 2119 1430 2172 etenim
1457 2118 1755 2189 Arguendo,
1785 2120 1878 2185 ait,
1912 2138 2102 2193 argues

529 2208 827 2276 proximum
873 2216 1040 2273 tuum,
1101 2216 1282 2260 etnon
1322 2208 1536 2262 habebis
1583 2225 1741 2279 super
1774 2209 1865 2262 illo
1916 2226 2104 2276 pecca-

531 2299 730 2364 tum",
775 2299 1011 2353 maxime
1059 2314 1183 2353 cum
1235 2299 1537 2368 sapientem
1577 2310 1868 2371 arguentes
1931 2301 2104 2372 magis

529 2391 856 2462 diligamur:
890 2389 1262 2445 necessarium
1313 2391 1568 2446 duximus
1618 2392 1974 2463 congruentia
2010 2392 2104 2447 tibi

530 2495 980 2537 commemorare.
1032 2479 1132 2545 Tu,
1158 2482 1378 2537 domine
1421 2484 1515 2547 mi,
1553 2492 1611 2538 ut
1660 2485 1989 2554 compendio
2022 2485 2105 2539 di-

532 2589 677 2637 cam,
707 2574 1164 2645 interrogationes
1194 2575 1394 2630 multas
1424 2576 1928 2645 responsionesque
1965 2592 2104 2645 prae-

532 2666 743 2730 cidens,
794 2665 913 2719 baac
945 2663 1127 2719 dixisti
1174 2680 1189 2715 :
1236 2664 1358 2718 Non
1418 2663 1617 2718 debere
1663 2664 1962 2719 antistitem
2015 2665 2107 2733 qui

533 2757 681 2828 gregi
715 2756 919 2827 praesit,
970 2766 1121 2810 extra
1156 2754 1281 2809 ﬁdei
1335 2770 1577 2817 causam,
1634 2755 1678 2810 si
1711 2754 1840 2825 quid
1899 2755 1956 2809 in
1987 2754 2106 2811 aliis

535 2849 748 2904 Domini
800 2848 1070 2903 mandatis
1124 2848 1209 2903 vel
1249 2848 1583 2917 imprudens,
1634 2848 1718 2903 vel
1768 2864 1865 2903 sua
1916 2859 2109 2919 sponte

534 2940 700 2994 faciat
726 2938 869 3008 quod
906 2939 1131 2993 vetitum
1188 2938 1278 3001 sit,
1328 2944 1396 2993 ab
1436 2940 1545 2993 ullo
1594 2940 1914 2995 admoneri:
1949 2941 2108 2995 nobis

534 3039 725 3085 contra
778 3029 1191 3095 allirmantibus,
1254 3030 1477 3084 omnino
1530 3031 1749 3095 debere,
1803 3031 1897 3086 sed
1943 3032 2012 3086 ab
2044 3031 2109 3087 iis

533 3122 626 3191 qui
661 3122 806 3175 inter
834 3120 971 3175 alios
1012 3121 1241 3175 scientia
1270 3129 1326 3175 et
1369 3121 1657 3190 prudentia
1697 3121 1957 3175 eminent.
1992 3122 2110 3176 Un-

534 3213 730 3268 denam
760 3228 890 3266 vero
912 3212 1042 3266 dicti
1071 3212 1235 3281 hujus
1260 3211 1651 3266 absurditatem
1683 3211 1777 3266 tibi
1806 3227 1916 3266 non
1933 3221 2111 3267 osten-

2201 2024 2436 2077 δέσποτα
2462 2063 2477 2089 ,
2521 2023 2895 2089 ίδιωτίζοντες,
2922 2024 2985 2077 οὐ
3016 2024 3234 2086 πάντως
3266 2023 3410 2077 κατά
3438 2023 3541 2093 τὴν
3571 2022 3785 2095 παροῦ-

2205 2112 2305 2166 σάν
2342 2128 2437 2165 σου
2474 2112 2673 2181 σοφίαν
2728 2112 3130 2182 ὑπαντήσομεν.
3162 2111 3279 2165 ’Ίνα
3304 2111 3361 2165 δὲ
3392 2110 3469 2184 μὴ
3493 2114 3560 2182 τῇ
3587 2114 3789 2182 ἐφησυ·

2203 2206 2357 2275 χάσει
2412 2203 2522 2257 τῶν
2583 2204 2947 2274 ὀφειλομένων
2993 2203 3296 2275 λαληθῆναι
3346 2206 3519 2274 κρῖμα
3567 2205 3786 2268 ἑαυτοῖς

2204 2297 2599 2365 ἀπενέγκοιμεν
2638 2295 2933 2366 (Ἔλεγμῷ
2985 2294 3116 2365 γὰρ,
3158 2296 3343 2366 φησὶν,
3377 2294 3649 2364 ἐλέγξεις
3678 2295 3788 2349 τὸν

2204 2388 2473 2454 πλησίον
2534 2400 2673 2451 σου,
2724 2387 2823 2440 καὶ
2884 2388 2955 2440 οὐ
3020 2387 3193 2455 λήψῃ
3234 2386 3329 2440 ’δι’
3376 2387 3563 2441 αὐτὸν
3595 2387 3785 2456 ἁμαρ-

2206 2479 2393 2546 τίαν),
2432 2480 2605 2542 ἄλλως
2652 2495 2713 2532 τε
2757 2478 2840 2531 ὅτι
2886 2478 2980 2530 καὶ
3028 2478 3189 2546 σοφὸν
3220 2478 3535 2548 ἐλέγχοντες
3579 2479 3786 2549 μᾶλλον

2207 2572 2695 2644 ἀγαπηθησόμεθα,
2756 2572 3055 2639 ἀναγκαῖον
3090 2571 3350 2643 ᾠήθημεν
3385 2571 3787 2643 προσφωνῆσαί

2209 2681 2293 2717 σοι
2329 2663 2397 2717 τά
2450 2663 2832 2718 ἐπιϐάλλοντα.
2878 2664 2940 2716 '0
2979 2661 3173 2733 κύριός
3217 2680 3338 2732 μου,
3368 2662 3456 2716 ἵνα
3503 2664 3788 2733 συντόμως

2208 2754 2339 2827 ἐρῶ,
2374 2753 2475 2818 τὰς
2519 2754 2718 2819 πολλὰς
2761 2754 2984 2818 πεύσεις
3045 2755 3139 2807 καὶ
3186 2753 3536 2824 ἀντιρρήσεις
3586 2754 3781 2807 ἐπισυ-

2211 2848 2475 2912 στέλλων,
2508 2846 2742 2920 ἔφησθα,
2773 2848 2848 2912 ὡς
2871 2848 2932 2901 οὐ
2966 2846 3072 2919 χρὴ
3101 2845 3191 2900 τὸν
3218 2844 3541 2916 προεστῶτα
3557 2861 3783 2916 ποιμεν-

2209 2944 2404 3014 ἀρχην,
2434 2942 2568 3013 ἀτερ
2613 2940 2870 3007 πίστεως,
2904 2940 2999 2993 ἐπὶ
3029 2941 3151 3003 ταῖς
3203 2938 3389 3002 ἄλλαις
3419 2937 3665 3002 ἐντολαῖς
3690 2938 3789 2992 τοῦ

2210 3033 2439 3105 Κυρίου,
2473 3030 2616 3086 κατά
2650 3028 2877 3100 ἄγνοιαν
2914 3031 2949 3102 ἢ
2992 3029 3234 3085 ἐθελοντὶ
3261 3029 3572 3101 πράττοντά
3596 3045 3651 3083 τι
3679 3029 3792 3083 τῶν

2210 3119 2849 3194 ἀπηγορευμένων,πρός
2877 3137 3023 3183 τινος
3055 3118 3592 3191 ὑπομιμνήσκεσθαι,
3624 3118 3793 3191 ήμῶν

2215 3201 2501 3283 λεγόντων,
2543 3214 2624 3267 ὅτι
2672 3215 2767 3268 καὶ
2811 3213 2986 3284 μάλα·
3009 3214 3124 3269 ἀλλ’
3153 3213 3260 3267 ὑπὸ
3293 3213 3403 3274 τῶν
3428 3214 3785 3286 προεχόντων

534 3304 772 3360 demus?
819 3302 1061 3358 Primum
1115 3303 1336 3373 quidem
1378 3318 1446 3358 ex
1494 3300 1674 3358 Veteri
1724 3303 2103 3360 Testamento.

2214 3306 2273 3359 ἐν
2301 3304 2499 3374 γνώσει
2532 3306 2626 3357 καὶ
2660 3282 2872 3359 συνέσει
2902 3304 3058 3376 παρὰ
3091 3307 3222 3369 τοὺς
3251 3282 3485 3369 ἄλλους.⁷
3504 3282 3617 3359 Kal
3649 3306 3795 3378 πρὸς

534 3396 674 3463 Quid
694 3397 838 3451 enim
873 3396 941 3450 de
972 3396 1192 3450 Daniele
1230 3397 1467 3451 censes?
1505 3397 1587 3450 An
1616 3396 1882 3460 seniores,
1918 3412 2109 3466 quam—

536 3487 619 3540 vis
644 3502 707 3541 ea
734 3486 974 3541 nondum
1004 3495 1165 3540 aetate
1195 3502 1316 3555 quae
1352 3487 1643 3557 legitimam
1668 3488 1923 3556 loquendi
1942 3489 2108 3542 liber-

537 3585 704 3632 tatem
751 3576 922 3641 daret,
965 3575 1019 3629 in
1066 3575 1267 3629 divina:
1336 3576 1603 3631 Susannae
1653 3578 2110 3632 condemnatione

537 3667 986 3739 praevaricantes,
1012 3682 1118 3721 non
1157 3666 1330 3721 solum
1362 3667 1682 3731 admonens,
1731 3684 1921 3724 verum
1944 3670 2110 3724 etiam

538 3759 929 3823 condemnatis,
964 3758 1215 3812 laudatus
1248 3766 1349 3823 est,
1383 3773 1453 3812 an
1482 3774 1592 3813 non
1621 3758 1705 3811 “‘i
1755 3758 1957 3814 Deinde
1995 3774 2106 3814 non

538 3850 924 3905 animadvertis
959 3848 1096 3903 Joab
1126 3849 1179 3903 in
1212 3849 1398 3918 populi
1426 3850 1866 3915 enumeratione,
1903 3866 2030 3914 curn
2053 3851 2106 3904 in

538 3943 636 3998 Dei
668 3944 1026 3998 tentationem
1060 3958 1147 3998 res
1188 3951 1455 4014 vergeret,
1507 3942 1925 4013 supplicantem,
1957 3941 2112 3995 obte-

539 4047 799 4101 stantem,
832 4036 1160 4106 persuadere
1215 4037 1403 4091 divino
1457 4035 1643 4089 Davidi
1697 4042 2006 4098 conantem,
2040 4047 2112 4087 ne

541 4130 595 4184 id
626 4129 787 4183 faciat
810 4129 902 4181 “i
940 4137 1066 4182 nota
1120 4128 1269 4181 enim
1324 4128 1422 4182 tibi
1462 4138 1546 4181 est
1572 4126 1819 4183 historia.
1856 4124 1938 4181 Me
1980 4140 2111 4181 vero

541 4230 723 4275 movet
745 4229 800 4275 et
826 4219 1014 4274 Jethro
1052 4235 1309 4289 magnum
1350 4218 1535 4273 Mosen
1562 4218 1887 4282 admonens,
1933 4225 1990 4273 et
2014 4233 2112 4272 ex-

542 4314 767 4368 hortans
794 4328 905 4366 non
937 4312 1016 4367 sic
1043 4328 1229 4384 regere
1252 4312 1532 4381 populum,
1586 4311 1976 4380 hominemque
2008 4326 2109 4364 ru-

541 4406 798 4460 dimentis
826 4404 1225 4474 quodammodo
1265 4403 1576 4467 instituens,
1620 4402 2015 4471 traducensque
2045 4401 2112 4457 ad

542 4499 831 4554 consilium
860 4514 1038 4552 suum.
1069 4496 1136 4550 Et
1164 4497 1414 4566 quisnam
1441 4496 1600 4565 ipse?
1632 4496 1968 4567 Alienigena,
2005 4496 2110 4550 etsi

2209 3394 2367 3449 τοῦτο
2413 3394 2608 3448 ὁπόθεν
2689 3394 2785 3448 καὶ
2831 3393 2893 3447 οὐ
2936 3395 3405 3466 παραστησόμεθά
3453 3411 3537 3448 σοι
3571 3395 3636 3449 τὸ
3693 3396 3795 3451 τοῦ

2210 3487 2369 3556 λόγου
2398 3486 2625 3553 ἀτοπον;
2650 3485 2875 3558 Πρῶτον
2890 3486 2987 3557 μὲν
3016 3485 3125 3541 ἀπὸ
3159 3486 3261 3556 τῆς
3293 3486 3538 3550 Παλαιᾶς
3582 3487 3792 3559 Διαδή-

2211 3597 2333 3651 κης.
2366 3580 2432 3633 Τί
2463 3580 2573 3651 γάρ
2606 3597 2689 3633 σοι
2714 3577 2946 3634 δοκεῖτὸ
2973 3577 3069 3632 τοῦ
3100 3577 3331 3650 Δανιήλς
3365 3572 3475 3649 ἆρα
3507 3580 3635 3643 τοὺς
3655 3597 3794 3651 πρε-

2213 3675 2529 3745 σδυτέρους,
2558 3674 2760 3745 καίπερ
2792 3671 2866 3727 ὣν
2884 3672 2946 3727 οὐ
2978 3669 3073 3726 τοῦ
3109 3670 3333 3741 ἐννόμου
3362 3668 3558 3740 καιροῦ
3579 3670 3681 3737 τῆς
3710 3671 3795 3735 είς

2210 3767 2271 3821 τὸ
2299 3766 2479 3835 λέγειν
2499 3766 2593 3820 καὶ
2619 3762 3094 3835 παρρησιάζεσθαι
3131 3762 3369 3835 ήλικίας,
3403 3761 3795 3833 παρανομοῦν-

2212 3876 2313 3923 τας
2363 3859 2500 3930 πρὸς
2542 3858 2642 3928 τήν
2681 3857 2782 3928 τῆς
2841 3856 2990 3920 θείας
3020 3855 3311 3926 Σωσάννης
3347 3853 3672 3922 καταδίκην,
3703 3855 3797 3909 ἐπ-

2212 3949 2377 4020 ῃνέθη
2399 3950 2459 4001 οὐ
2491 3949 2649 4019 μόνον
2669 3948 3119 4019 ὑπομιμνήσκων,
3138 3946 3273 4001 ἀλλά
3295 3948 3389 4000 καὶ
3417 3945 3792 4015 κατακρίνων·

2211 4042 2298 4096 ναὶ
2326 4040 2358 4111 ἦ
2389 4040 2485 4103 οὓς
2517 4036 2652 4093 Εἶτα
2725 4041 2785 4093 οὐ
2836 4039 2966 4112 δέχῃ
3017 4039 3109 4092 τδν
3156 4037 3312 4092 Ἰωάδ
3362 4039 3421 4092 ἐν
3468 4038 3536 4107 τῇ
3590 4035 3797 4108 ἀπαρι-

2213 4132 2413 4203 θμήσει
2480 4129 2575 4184 τοῦ
2616 4129 2768 4194 λαοῦ,
2827 4129 2974 4192 ὄντος
3019 4129 3116 4182 τοῦ
3151 4128 3425 4199 δράματος
3453 4128 3535 4191 είς
3585 4143 3798 4198 παρορ-

2212 4224 2411 4295 γισμόν
2437 4222 2595 4289 Θεοῦ,
2646 4220 3052 4284 ἀντιϐολοῦντα,
3099 4218 3517 4290 ἐκλιπαροῦντα,
3562 4218 3798 4272 ἀναπεί-

2214 4316 2326 4370 θειν
2365 4314 2709 4387 πειρώμενον
2744 4312 2842 4367 τὸν
2888 4311 3030 4367 θεῖον
3076 4310 3261 4373 Δαϐὶδ,
3297 4311 3373 4382 μὴ
3414 4311 3577 4364 τοῦτο
3619 4310 3796 4381 δρᾷνς

2213 4404 2370 4463 οἶσθα
2391 4409 2499 4479 γάρ
2526 4408 2625 4477 τὴν
2656 4405 2920 4477 ἱστορίαν.
2966 4405 3098 4476 Ἐμέ
3125 4404 3182 4457 δὲ
3207 4403 3447 4457 δυσωπεῖ
3477 4404 3575 4457 καὶ
3624 4404 3800 4475 ’ίοθὺρ

2213 4498 2648 4567 ὑπομιμνήσκων
2682 4495 2774 4549 τὸν
2804 4494 2976 4565 μέγαν
3001 4495 3226 4564 Μωσῆν,
3260 4492 3355 4545 καὶ
3391 4492 3801 4563 παρεγγυώμε-

544 4605 718 4645 socer.
753 4590 853 4644 Cui
876 4590 1103 4659 loquens
1129 4589 1152 4641 ?
1181 4589 1238 4642 Ei
1269 4588 1358 4658 qui
1400 4588 1581 4642 omnia
1616 4604 1679 4642 ex
1709 4588 1890 4642 divina
1947 4603 2107 4642 reve-

2214 4606 2304 4653 νος
2329 4588 2404 4659 μὴ
2428 4587 2570 4641 οὓτω
2598 4585 2863 4654 διεξάγειν
2899 4585 2987 4638 τὸν
3022 4584 3167 4648 λαὸν,
3184 4585 3275 4637 καὶ
3301 4582 3465 4637 οἱονεὶ
3486 4584 3796 4653 ποιχειῶν,

544 4679 745 4735 latione
791 4682 983 4752 agebat
1009 4680 1070 4734 “.
1114 4681 1284 4748 Atque
1344 4680 1459 4733 haec
1507 4679 1722 4747 quidem
1775 4678 1984 4748 paucis,
2040 4691 2111 4732 ne

2222 4680 2319 4734 καὶ
2361 4680 2497 4750 πρὸς
2543 4678 2642 4745 τὴν
2686 4678 2891 4731 οἰκείαν
2922 4675 3116 4747 βουλὴν
3164 4674 3648 4747 μεταρρυθμίζων.
3684 4674 3803 4727 Καὶ

543 4771 817 4842 longiores
841 4773 1031 4825 simus.
1067 4769 1484 4825 Transeundum
1515 4779 1597 4824 est
1629 4770 1697 4823 ad
1734 4767 1969 4823 Novum.
2000 4768 2113 4822 Be-

2221 4771 2304 4836 τίς
2325 4770 2399 4823 ὢν
2417 4788 2438 4837 ;
2485 4768 2827 4839 ’Δλλογενὴς,
2847 4768 2897 4821 εί
2922 4768 3019 4822 καὶ
3050 4766 3341 4839 κηδεστ-ής.
3383 4766 3490 4819 Καὶ
3511 4765 3617 4819 τίνι
3642 4765 3803 4835 φῶνς

545 4876 854 4923 vereamur,
886 4862 930 4916 si
967 4862 1161 4931 placet,
1192 4862 1597 4933 gloriosissime,
1635 4861 1920 4915 clarissimi
1968 4860 2113 4916 orbis

2222 4863 2314 4933 Τῷ
2340 4864 2516 4916 πάντα
2555 4861 2697 4915 κατὰ
2747 4859 3094 4929 ἀποκάλυψιν
3146 4857 3282 4913 Θεοῦ
3318 4858 3801 4929 διαπραττομένῳ.

548 4960 707 5005 ιρι-ναξ
733 4952 995 5021 praeconis
1024 4953 1259 5006 edictum
1285 4970 1298 5005 :
1323 4950 1380 5006 Si
1413 4960 1669 5019 postremo
1691 4950 1973 5004 revelatum
1999 4952 2113 5020 fue-

2224 4955 2334 5008 Καὶ
2378 4953 2550 5007 ταῦτα
2590 4952 2690 5023 μὲν
2739 4952 2827 5006 ἐπ’
2853 4952 3060 5020 ὀλίγον’
3095 4951 3184 5006 ῐνα
3233 4949 3308 5021 μὴ
3349 4949 3804 5020 μακρηγορήσω-

550 5043 639 5107 rit,
664 5042 865 5109 primus
888 5042 1043 5096 sileat
1082 5043 1145 5097 ’⁷.
1180 5042 1320 5109 Non,
1361 5043 1505 5097 sicut
1531 5042 1719 5112 objicit
1767 5043 1962 5096 caritas
2002 5052 2115 5106 tua,

548 5132 617 5187 de
644 5133 748 5187 lidc
778 5134 908 5187 sola.
944 5133 1030 5199 Et,
1087 5135 1232 5203 quod
1278 5149 1365 5188 mc
1414 5133 1808 5205 propemodum
1848 5132 2110 5204 fugiebat,

552 5240 779 5295 magnus
819 5242 996 5295 pratco
1045 5227 1287 5282 veritatis
1334 5225 1574 5281 Joannes
1605 5226 1875 5281 Herodem
1925 5240 2114 5295 repre-

555 5312 745 5368 hendit
770 5316 833 5371 ¹⁸.
864 5314 1081 5381 Quaeso.
1107 5316 1374 5386 responde
1404 5316 1561 5369 mihi.
1601 5314 1707 5369 Sed
1745 5314 2024 5384 explodar,
2061 5322 2120 5368 ut

555 5404 734 5470 video,
769 5415 824 5459 et
854 5406 1158 5473 deridebor,
1190 5407 1333 5476 quod
1354 5407 1682 5476 aequiparem
1705 5422 1792 5460 me
1818 5406 2117 5475 prephetaz.

557 5497 714 5552 Absit
746 5516 758 5551 :
793 5514 901 5553 non
934 5500 1005 5553 ita
1037 5509 1140 5563 est,
1163 5501 1387 5570 optime.
1418 5500 1543 5554 Ilaec
1568 5515 1710 5561 vero,
1744 5499 1938 5568 inquit,
1986 5500 2120 5553 scri-

558 5601 647 5657 pla
691 5600 811 5643 sunt
860 5592 930 5644 ad
982 5593 1357 5659 correptionem
1398 5602 1633 5646 nostram
1664 5592 1749 5645 ⁸⁸⁸.
1809 5590 1874 5645 Ει
1924 5592 2120 5646 iterum

633 5721 676 5795 ta
702 5721 891 5795 Lavit.
919 5739 1034 5795 χιε,
1059 5723 1160 5791 Π;
1194 5724 1353 5795 Prov.
1384 5740 1462 5790 ix,
1494 5724 1547 5779 8.
1624 5724 1666 5756 “
1694 5724 1829 5779 Dan.
1872 5741 1995 5787 xui,
2046 5725 2067 5777 l
2109 5739 2259 5795 seqq.

565 5792 604 5824 ⁸⁷
643 5791 662 5846 l
690 5793 816 5847 Cor.
858 5811 969 5861 xiv,
993 5794 1081 5849 50.
1160 5796 1202 5827 ¹⁸
1234 5794 1423 5851 Matth.
1469 5812 1576 5861 xw,
1608 5798 1657 5849 4.
1740 5796 1800 5827 ¹⁸⁶
1834 5796 1996 5849 ltlor.
2028 5812 2077 5856 κ.
2106 5797 2161 5848 2.

2227 5063 2347 5116 μεν.
2376 5044 2641 5099 Μετιτέον
2666 5043 2724 5098 δέ
2746 5043 2839 5096 ἐπὶ
2872 5044 2970 5115 τὴν
3003 5042 3167 5097 Νέαν.
3200 5039 3569 5111 Αίδεσθῶμεν,
3603 5041 3654 5092 εί
3682 5040 3811 5110 βού-

2220 5138 2324 5203 λει,
2374 5136 2722 5207 πανεύφημε,
2770 5135 2864 5189 καὶ
2914 5136 2975 5189 τὸ
3019 5134 3113 5189 τοῦ
3161 5135 3260 5205 τῆς
3300 5132 3635 5203 οἰκουμένης
3680 5132 3805 5187 δια-

2219 5228 2447 5300 πρυσίου
2477 5230 2717 5300 κήρυκος
2750 5227 3130 5299 ὑπαγόρευμα,
3157 5228 3239 5294 τὸ,
3287 5226 3429 5280 Ἐὰν
3453 5222 3533 5290 τῷ
3557 5225 3809 5294 ἐσχάτῳ

2225 5319 2653 5390 ἀποκαλυφθῇ,
2681 5324 2713 5375 o'
2737 5320 2967 5389 πρῶτος
2990 5318 3378 5389 σιτάτω.()ὐχ,
3407 5318 3484 5380 ὡς
3505 5317 3808 5372 ἀντιτείνει

2225 5416 2258 5483 ή
2291 5412 2513 5482 φιλότης
2538 5430 2653 5479 σου,
2688 5411 2846 5466 τοῦτο
2873 5412 3001 5483 περὶ
3033 5411 3204 5481 μόνης
3232 5411 3493 5472 πίστεως.
3522 5408 3655 5470 Καὶ,
3687 5402 3808 5462 οἷον

2227 5503 2290 5573 δή
2330 5520 2395 5572 με
2444 5503 2723 5574 παρέλαϐε
2777 5502 2976 5573 μικροῦ
3021 5503 3152 5567 δεῖν,
3185 5504 3212 5555 ὁ
3248 5501 3420 5571 μέγας
3465 5499 3645 5570 κήρυξ
3703 5500 3807 5570 τῆς

2228 5592 2486 5664 ἀληθείας
2536 5594 2786 5665 Ἰωάννης
2831 5593 3041 5664 ἐλέγχει
3096 5592 3188 5647 τὸν
3229 5590 3499 5662 Ἡρώδην.
3542 5588 3801 5660 Ἐρωτῶ,

2341 5727 2381 5759 ¹⁶
2425 5726 2597 5800 chg.
2631 5728 2833 5795 xxtv,i
2866 5742 3015 5798 seqq.
3098 5726 3139 5759 ¹⁶
3167 5725 3335 5782 Exod.
3362 5740 3513 5789 xvnt,
3542 5725 3610 5779 l3
3640 5739 3798 5796 seqq.
