3926 6452
193 437 298 498 925

1420 432 1958 492 EPISTOI.ARUM
2001 434 2125 490 LIB
2174 435 2224 490 I-

3341 433 3445 495 9°26

189 543 487 614 ἀπόκριναί
543 559 655 613 μοι.
694 541 834 594 Ἀλλ’
889 541 1184 612 ἀγχίθυρος
1229 541 1258 593 ὁ
1311 543 1449 611 πρὸς
1505 545 1607 613 ἐμὲ
1667 539 1762 594 οἷδ’

1890 545 2096 596 ’aulns:
2140 543 2438 596 Imitatores
2469 541 2570 596 mei
2607 550 2790 605 estote,
2819 541 2956 594 sicut
2983 551 3030 594 et
3059 558 3150 612 ego
3164 542 3356 598 Christi
3378 543 3421 575 ”

189 641 272 691 ὅτι
299 639 502 704 γέλως·
534 635 596 687 τὸ
627 635 709 688 ὅτι
738 635 796 687 ἐν
822 633 1004 706 μέτρῳ
1036 634 1130 685 τοῦ
1181 636 1463 704 προφήτου
1502 637 1772 688 ἰσοστατεῖ

190 733 401 784 ἑαυτόν.
437 727 578 782 Ἀλλ’
617 728 715 798 οὐχ
768 726 961 788 οὕτως,
991 719 1035 777 ὦ
1094 724 1377 794 βέλτιστεο
1443 725 1632 780 Ταῦτα
1679 726 1768 789 δὲ,

189 822 380 892 φησὶν,
409 819 636 888 ἐγράφη
661 819 810 887 πρὸς
841 818 1167 872 νουθεσίαν
1195 816 1505 886 ἡμετέραν.
1542 819 1648 871 Kal
1673 814 1770 871 αὖ-

190 915 274 976 θις
301 917 329 966 ὁ
361 911 570 974 Παῦλος
590 929 603 942 ·
637 910 896 980 Μιμηταί
927 925 1044 978 μου
1075 911 1336 978 γίνεσθε,
1367 908 1562 973 καθὼς
1612 908 1770 977 κάγὼ

191 1004 474 1074 Χριστοῦ.
495 1004 617 1066 [Ιῶς
629 1003 789 1055 δὲκαὶ
805 996 914 1054 οἷόν
933 1018 991 1054 τε
1011 1000 1307 1071 ὀρθοδοξεῖν
1323 1001 1412 1052 τὸν
1427 998 1575 1064 λοξοε
1585 1001 1771 1070 ργοῦνο

190 1115 281 1160 τα,
303 1096 396 1148 τοῦ
411 1095 556 1146 Θείου
587 1093 845 1146 Ἰακώϐου
867 1093 1234 1162 ἐνισταμένου,
1268 1094 1332 1144 ἐκ
1347 1091 1454 1143 τῶν
1485 1091 1660 1162 ἔργων
1672 1092 1772 1144 δείι

193 1187 425 1240 κνυσθαι
453 1185 553 1255 τὴν
594 1186 809 1240 πίστιν·
841 1186 1082 1248 καὶτοὺς
1121 1184 1248 1255 περὶ
1276 1185 1336 1236 τὸ
1377 1183 1434 1235 ἓν
1467 1184 1764 1254 σφαλλομέο

191 1277 482 1349 νους,μηδέ
499 1279 556 1331 τὺ
577 1277 801 1348 θάτερον
817 1277 958 1348 ἔχειν
975 1293 990 1342 ;
1010 1277 1288 1329 Τοσούτων
1308 1272 1400 1330 οὖν
1413 1279 1504 1330 καὶ
1521 1277 1770 1347 τηλικού-

191 1391 300 1425 των
326 1372 495 1424 ὄντων
520 1369 832 1441 μαρτύρων,
856 1370 955 1422 οὐκ
977 1369 1157 1438 οἴομαι
1182 1370 1535 1438 ἀντιφάσκειν
1561 1370 1661 1440 τὴν
1688 1370 1770 1421 εὖ·

191 1461 411 1529 γένειάν
445 1479 556 1513 σου.
602 1459 665 1512 Εἰ
704 1460 760 1512 δέ
791 1457 971 1523 τοῦτο,
1007 1461 1469 1514 ἀντεπιστελλέτω
1491 1464 1557 1532 τῇ
1589 1463 1769 1531 ἀσυμ-

191 1556 348 1626 φιλίᾳ
378 1555 537 1626 ἡμῶν
567 1553 856 1616 ἀναλύσεις
911 1555 1009 1624 μὲν
1052 1556 1110 1606 ἐν
1152 1554 1294 1624 λόγῳ
1338 1555 1446 1608 τῶν
1475 1557 1769 1627 προταθέν-

189 1666 300 1702 των
319 1666 333 1678 ο
363 1647 748 1716 ἀντεξαγωγάς
791 1646 847 1699 δὲ
875 1647 1353 1720 διευκρινεστέρας
1377 1648 1488 1702 τῶν
1513 1666 1770 1704 συσκευα-

192 1740 548 1810 σθησομένων
601 1755 705 1792 σοι.
761 1738 885 1792 Εἴθε
931 1740 1025 1792 καὶ
1051 1740 1303 1810 πάρεισιν
1326 1756 1340 1770 ο
1371 1743 1529 1811 ἡμεῖς
1548 1759 1611 1811 γε
1640 1760 1770 1795 σιω-

192 1833 466 1901 πήσομεν,
512 1830 606 1882 καὶ
638 1829 971 1905 συγγνώμην
997 1828 1099 1900 τῆς
1129 1831 1454 1898 ἐνστάσεως,
1478 1834 1679 1905 καίπερ
1709 1836 1767 1887 ἐν

1875 635 1976 701 Qui
2008 644 2191 689 autem
2227 635 2340 689 ﬁeri
2372 644 2574 704 potest,
2609 643 2667 688 ut
2698 643 2848 688 recte
2872 635 2994 703 quis
3017 637 3239 700 sentiat,
3276 650 3446 706 agens

1876 744 2150 798 perverse,
2201 728 2386 782 divino
2425 727 2628 782 Jacobo
2681 728 3005 793 aﬁirmante,
3067 745 3132 782 ex
3186 729 3445 797 operibus

1876 822 2086 875 ostendi
2128 821 2310 885 ﬁdem,
2342 829 2397 874 et
2432 821 2497 875 iis
2524 821 2612 889 qui
2648 822 2789 875 circa
2827 836 2993 873 unum
3038 822 3314 886 aberrant,
3345 835 3444 874 ne-

1876 928 1980 981 que
2004 913 2233 965 alterum
2275 911 2499 965 inesse?
2530 911 2631 964 Tot
2670 912 2834 980 igitur
2887 920 2940 964 et
2992 920 3136 964 tanta
3165 927 3288 964 cum
3337 912 3448 964 sint

1878 1004 2205 1067 testimonia,
2283 1020 2388 1057 non
2443 1013 2574 1073 puto
2615 1004 2814 1056 habere
2885 1003 3222 1056 nobilitatem
3298 1013 3444 1056 tuam

1876 1095 2020 1165 quod
2047 1094 2406 1148 contradicat.
2462 1093 2556 1147 Sin
2585 1103 2808 1147 autem:
2862 1095 3039 1147 mittat
3080 1094 3270 1162 impari
3314 1093 3448 1146 ami-

1876 1186 2019 1240 citiae
2050 1196 2248 1240 nostrae
2297 1185 2594 1240 solutiones
2648 1186 3086 1255 propositionum
3111 1194 3444 1250 nostrarum,

1876 1287 1995 1332 tum
2037 1279 2294 1333 clariores
2349 1278 2651 1332 c0ntrarias
2688 1279 3061 1347 oppositiones
3089 1293 3278 1332 eorum
3325 1294 3446 1346 quae

1873 1372 2095 1427 astruis.
2129 1371 2346 1427 Utinam
2391 1386 2522 1425 vero
2546 1379 2857 1440 suppetant,
2890 1381 2944 1425 et
2996 1386 3094 1423 nos
3143 1370 3445 1432 silebimus,

1874 1465 2196 1532 veniamque
2244 1463 2614 1517 contentionis
2653 1473 2874 1527 nostrae,
2905 1463 3151 1531 quamvis
3172 1477 3292 1515 cum
3331 1461 3447 1514 zelo

1875 1556 2202 1626 conjunctae,
2225 1554 2620 1624 postulabimus
2647 1556 2659 1607 l
2693 1554 3112 1624 Reprehendere
3151 1554 3292 1605 enim
3323 1560 3445 1606 tan-

1875 1649 2173 1711 tummodo,
2200 1647 2354 1702 facile
2381 1653 2481 1712 est,
2514 1656 2569 1700 et
2614 1646 2836 1699 cuilibet
2878 1645 3076 1699 volenti
3110 1654 3441 1714 promptum,

1874 1750 1932 1796 ut
1957 1740 2126 1810 legisti
2157 1757 2170 1805 ;
2200 1754 2352 1793 suam
2398 1754 2528 1793 vero
2575 1738 2900 1791 sententiam
2947 1752 3112 1790 sacrae
3153 1736 3446 1805 Scriptura).

1874 1830 2200 1886 testimoniis
2231 1828 2604 1884 conﬁrmatam
2625 1829 2900 1892 inducere,
2933 1828 3172 1881 hominis
3197 1837 3278 1880 est
3301 1843 3448 1882 sanie

192 1923 343 1991 ζήλῳ
385 1920 576 1990 οὔσης,
603 1919 962 1990 αἰτησόμεθα.
1016 1922 1090 1974 Τὸ
1131 1922 1240 1990 γὰρ
1294 1924 1555 1994 ἐπιτιμᾷν
1585 1926 1764 1992 μόνον,

1890 1924 2070 1978 nentis
2127 1938 2189 1977 ac
2235 1922 2448 1988 judicii.
2503 1919 2581 1974 Ne
2612 1936 2740 1991 ergo
2777 1921 2829 1972 in
2862 1919 3185 1973 immensum
3240 1928 3448 1972 crescat

193 2016 428 2084 ῥᾷστονο
466 2015 561 2067 καὶ
608 2013 700 2067 τοῦ
750 2013 1072 2084 βουλομένου
1107 2014 1329 2079 παντὸς,
1379 2015 1454 2078 ὡς
1502 2017 1770 2083 ἀναγινώ-

192 2118 375 2165 σκεις·
408 2102 471 2155 τὸ
495 2103 552 2155 δὲ
578 2102 918 2171 ἀντεισάγειν
943 2102 1040 2173 τὴν
1058 2103 1251 2156 ἑαυτοῦ
1270 2104 1493 2176 γνώμην
1521 2107 1608 2159 διά
1639 2124 1773 2176 μαρ-

190 2192 388 2262 τυρίας
417 2193 515 2260 τῆς
544 2191 899 2244 θεοπνεύστου
913 2191 1155 2261 Γραφῆς,
1187 2192 1375 2262 ἀνδρὸς
1403 2193 1571 2257 ὅντως
1587 2194 1772 2263 ὑγιοῦς

193 2285 292 2336 καὶ
317 2282 445 2335 νοῦν
484 2283 719 2351 ἔχοντος.
770 2284 912 2354 Πρὸς
944 2283 998 2336 δὲ
1021 2284 1082 2334 τὸ
1117 2283 1190 2352 μὴ
1214 2285 1293 2345 εἰς
1325 2285 1594 2354 ἀμετρίαν
1620 2289 1774 2355 ἐνεγ-

192 2377 311 2428 κεῖν
329 2374 429 2446 τὴν
459 2375 771 2446 ἐπιστολὴν,
803 2375 1036 2429 ἐνταῦθα
1083 2378 1547 2448 κατεπαυσάμεθα
1572 2382 1662 2433 τὸν
1689 2381 1776 2434 λό-

191 2485 293 2534 γον
311 2485 328 2500 ο
362 2467 698 2539 παραθέντες
718 2469 811 2522 καὶ
832 2468 1055 2538 χρήσεις
1083 2466 1172 2519 τοῦ
1194 2469 1430 2536 μεγάλου
1464 2470 1763 2535 Βασιλείου,

1872 2015 2121 2084 epistola,
2156 2015 2317 2067 ﬁnem
2343 2013 2430 2066 hic
2474 2012 2724 2074 fecimus,
2754 2012 2979 2080 adjectis
3023 2025 3238 2080 quoque
3270 2012 3446 2079 magni

1875 2106 2053 2159 Basilii
2111 2105 2395 2159 sententiis
2423 2105 2488 2158 ad
2550 2104 2847 2173 pleniorem
2901 2102 3445 2155 demonstrationem.

1877 2198 2069 2251 Salvus
2098 2198 2172 2252 sis
2199 2213 2321 2252 cum
2368 2205 2477 2250 tota
2530 2196 2729 2250 familia
2757 2238 2770 2260 ,
2812 2195 3033 2249 domine
3077 2194 3445 2257 dilectissime,

1875 2289 2148 2358 utrimque
2181 2289 2321 2342 bene
2346 2287 2533 2342 valens
2573 2285 2680 2340 Nos
2708 2286 2852 2339 enim
2888 2284 3169 2341 cliaritatis
3217 2293 3320 2341 tua:
3350 2283 3446 2339 bo-

1877 2396 2008 2434 num
2040 2390 2096 2435 et
2121 2381 2424 2436 scribentes
2474 2388 2531 2434 ct
2567 2394 2677 2432 non
2719 2378 3019 2432 scribentes
3059 2377 3307 2446 cupimus
3359 2389 3446 2430 re-

1875 2474 2066 2528 tinere.

192 2563 278 2625 εἰς
330 2563 717 2632 ἐντελεστέραν
770 2563 1075 2630 ἀπόδειξιν·
1125 2564 1455 2636 φυλαχθείης
1505 2561 1599 2619 οὖν
1662 2569 1794 2637 ἡμῖν
1851 2570 2161 2632 πανέστιος,
2197 2570 2226 2622 ὁ
2265 2567 2622 2638 ἡγαπημένος
2667 2565 2826 2636 ἡμῶν
2873 2564 3160 2632 δεσπότης,
3209 2563 3449 2618 εὐεκτῶν

193 2659 592 2727 ἀμφοτέρωθεν
613 2673 628 2688 ⁶
656 2659 815 2727 ἡμεῖς
843 2659 953 2726 γάη
979 2660 1041 2711 τὸ
1072 2660 1172 2727 τῆς
1203 2662 1427 2731 ἀγάπης
1457 2679 1551 2714 σου
1587 2662 1771 2730 καλὸν,
1809 2664 1905 2716 καὶ
1933 2665 2259 2735 γράφοντες,
2292 2664 2387 2716 καὶ
2429 2663 2505 2732 μὴ
2529 2660 2854 2731 γράφοντες,
2885 2657 3181 2728 γλιχόμεθα
3212 2658 3377 2725 ἔχειν.

211 2750 307 2805 Ἐκ
326 2751 434 2806 τοῦ
449 2751 727 2806 εἰκοστοῦ
748 2753 937 2876 logei)
965 2752 1086 2877 rgias;
1099 2756 1281 2822 ἈΟ-κη
1290 2755 1470 2809 τικῶν
1485 2757 1592 2811 τοῦ
1609 2758 1781 2828 ἁγίου

886 2840 988 2877 am
1089 2841 1181 2877 ου.

886 2840 1181 2879 ασιυιειου.

271 2910 398 2964 Ὅτι
442 2910 525 2964 δεῖ
575 2910 668 2965 τὸν
709 2912 1030 2982 προεστῶτα
1081 2915 1594 2985 ὑπομιμνήσκεσθαι
1633 2918 1782 2988 παρὰ

195 3001 308 3054 τῶν
360 3002 702 3072 προεχόντων
747 3006 806 3057 ἐν
854 3006 920 3075 τῇ
969 3003 1308 3076 ἀδελφότητι,
1356 3008 1423 3062 ἄν
1469 3024 1598 3061 ποτε
1648 3010 1782 3062 ἀπο-

197 3092 401 3164 σφαλῇ.

513 3185 613 3239 Ἐκ
644 3185 751 3239 τοῦ
785 3187 1138 3255 τριακοστοῦ
1168 3188 1472 3258 τετάρτου.

267 3275 377 3329 Τὸν
422 3276 498 3347 μὴ
545 3278 975 3348 καταδεχόμενον
1007 3281 1076 3332 τὰ
1107 3281 1258 3352 παρά
1299 3281 1393 3335 τοῦ
1433 3283 1776 3353 προεστῶτος

195 3367 548 3438 ἐγκριθέντα,
579 3369 685 3439 χρὴ
703 3369 761 3422 ἐν
804 3369 883 3437 τῷ
933 3372 1173 3442 φανερῷ,
1216 3372 1248 3444 ἢ
1295 3373 1422 3444 ἰδίᾳ,
1453 3373 1601 3444 αὑτῷ
1631 3376 1779 3427 ἀντι-

196 3460 404 3526 λέγειν,
441 3460 495 3513 εῐ
530 3475 651 3512 τινα
699 3460 813 3530 ἔχοι
843 3461 998 3528 λόγον
1031 3463 1249 3533 ἰσχυρὸν
1278 3463 1418 3517 κατὰ
1442 3463 1504 3517 τὸ
1533 3464 1779 3535 βούλημα

195 3548 312 3601 τῶν
371 3548 630 3630 Γραφῶν,
687 3548 720 3617 ἦ
776 3551 1133 3621 σιωπήσαντα
1189 3553 1250 3604 τὸ
1302 3555 1780 3624 προστεταγμένον

198 3643 410 3694 ποιεῖν·
446 3641 494 3693 εἰ
520 3640 576 3693 δὲ
606 3640 767 3703 αὐτὸς
797 3643 1134 3713 αἰσχύνεται,
1159 3643 1341 3710 ἄλλοις
1373 3647 1486 3699 τισὶ
1529 3647 1781 3718 μεσίταις

197 3731 338 3802 πρὸς
361 3731 523 3786 τοῦτο
553 3732 870 3804 χρησάσθω.

210 3910 317 3965 Ἐκ
344 3907 466 3964 τῶν
501 3909 748 3966 Ἠθικῶν
780 3911 888 4034 τ’οὲ
915 3911 1102 4032 ιιὑέοὗ
1123 3912 1310 3982 λόγου
1338 3909 1783 3982 ἐϐδομηκοστοῦ

880 3998 983 4034 ευτ
1018 3999 1151 4034 οου.

880 3998 1151 4049 ευτερου.

275 4077 406 4128 Ὀτι
445 4075 552 4146 χρὴ
582 4075 691 4129 τῶν
714 4076 1000 4146 ἀκροατῶν
1034 4076 1160 4138 τοὺς
1192 4075 1663 4145 πεπαιδευμένους
1687 4075 1786 4137 τὰς

1937 2761 2018 2815 Ex
2047 2777 2287 2815 sermone
2318 2759 2560 2814 vicesimo
2595 2756 2948 2810 Asceticorum
2987 2754 3156 2808 sancti
3188 2753 3395 2806 Basilii.

1947 2917 2103 2984 Quod
2135 2917 2250 2986 ipse
2282 2929 2500 2986 quoque
2546 2911 2827 2968 admoneri
2859 2909 3089 2963 antistes
3129 2907 3312 2972 debet,
3351 2921 3450 2976 per

1877 3026 1970 3066 eos
1998 3011 2092 3080 qui
2123 3009 2266 3064 inter
2293 3009 2487 3062 fratres
2509 3005 2776 3068 eminent,
2810 3002 2854 3056 si
2878 3001 3097 3072 quando
3130 3000 3346 3053 labatur
3377 2997 3446 3050 η.

2259 3182 2343 3237 Ex
2364 3200 2519 3236 serm.
2561 3181 2820 3235 tricesimo
2847 3188 3059 3249 quarto.

1949 3278 2084 3332 Eum
2108 3277 2199 3348 qui
2229 3277 2364 3330 nolit
2388 3276 2673 3330 admittere
2705 3289 2824 3342 qua:
2863 3271 3092 3327 antistes
3123 3267 3450 3333 decreverit,

1878 3380 2096 3442 Oportet
2125 3370 2454 3439 respondere
2487 3367 2589 3436 ipsi
2634 3366 2807 3435 palam
2851 3372 2946 3418 aut
2989 3361 3242 3433 privatim
3285 3376 3455 3429 expo-

1881 3479 2035 3527 nere,
2066 3463 2111 3517 si
2155 3477 2314 3532 quam
2362 3460 2615 3514 habuerit
2663 3456 2894 3512 validam
2947 3455 3216 3508 rationem
3273 3452 3450 3506 sacris

1881 3555 2101 3611 Litteris
2130 3562 2552 3609 consentaneam
2591 3569 2603 3604 :
2636 3557 2732 3604 aut
2765 3560 2912 3605 certe
2940 3546 3082 3617 quod
3125 3546 3454 3614 imperatum

1882 3660 1985 3716 est,
2027 3649 2242 3704 silentio
2275 3647 2518 3717 exsequi.
2579 3645 2734 3711 Quod
2786 3644 2831 3698 si
2860 3642 3067 3714 pudore
3101 3638 3457 3711 prohibeatur

1884 3745 1987 3799 hoc
2021 3742 2220 3806 facere,
2253 3740 2374 3795 allis
2414 3737 2766 3808 quibuspiam
2804 3734 3157 3788 internuntiis
3219 3732 3287 3785 ad
3335 3744 3456 3784 eam

1882 3852 2000 3890 rem
2027 3842 2212 3888 utatur
2239 3833 2306 3885 ".

1885 3930 1967 3984 Ea:
1993 3925 2276 3980 Moralium
2300 3923 2530 3992 ejusdem
2557 3934 2792 3974 sermone
2812 3915 3192 3986 septuagesimo
3209 3919 3455 3967 secundo.

1957 4083 2111 4150 Quod
2147 4081 2348 4136 debent
2374 4078 2650 4132 auditores
2697 4075 2788 4146 qui
2822 4088 3096 4129 sacrarum
3130 4070 3459 4126 Litterarum

200 4166 429 4239 Γραφὰς
475 4167 788 4236 δοκιμάζειν
831 4168 898 4221 τά
939 4167 1090 4237 παρά
1118 4167 1227 4220 τῶν
1274 4167 1604 4221 διδασκάλων
1641 4165 1777 4235 λεγό-

1890 4176 2047 4248 periti
2081 4180 2229 4239 sunt,
2282 4170 2525 4225 adhibito
2567 4167 2794 4237 judicio,
2829 4182 2893 4222 ea
2925 4165 3234 4219 auscultare
3283 4178 3405 4233 qua:
3431 4176 3460 4215 a

247 4277 367 4313 ενα.

247 4279 367 4313 ενα.

202 4279 246 4330 μ
275 4353 403 4405 Ὀτι
428 4351 512 4404 δεῖ
540 4352 626 4405 τὸν
662 4351 980 4424 προεστῶτα
1007 4352 1101 4404 τοῦ
1133 4351 1315 4418 λόγου,
1353 4351 1492 4419 μετὰ
1521 4367 1588 4402 πε
1599 4348 1785 4421 ρισκέ-

200 4443 350 4513 ψεως
377 4443 472 4496 καὶ
497 4442 820 4513 δοκιμασίας
854 4441 1076 4511 πολλῆς,
1113 4441 1255 4495 κατά
1287 4441 1486 4494 σκοπὸν
1507 4441 1606 4510 τῆς
1642 4439 1783 4510 πρὸς

1889 4265 2200 4322 doctoribus
2222 4263 2475 4317 dicuntur
2498 4261 2564 4314 ι’.

1961 4357 2116 4424 Quod
2163 4354 2254 4425 qui
2297 4353 2364 4407 ad
2405 4351 2711 4407 docendum
2756 4358 2841 4405 est
2868 4347 3212 4419 praepositus,
3267 4361 3462 4416 magna

1893 4446 2377 4517 circumspectione
2412 4460 2475 4498 ac
2517 4442 2745 4514 judicio,
2793 4442 2861 4496 ad
2898 4457 3023 4495 eum
3060 4440 3220 4494 ﬁnem
3255 4448 3314 4494 ut
3353 4440 3468 4509 pla-

202 4533 336 4586 Θεὸν
371 4535 806 4603 εὐαρεστήσεως,
854 4533 1084 4585 ἕκαστον
1130 4536 1303 4585 ποιεῖν
1347 4550 1404 4586 τε
1445 4531 1539 4584 καὶ
1569 4531 1777 4599 λέγειν·

1890 4553 2007 4597 ceat
2039 4540 2166 4603 Deo,
2195 4553 2352 4610 agere
2380 4537 2589 4608 singula
2633 4535 2798 4591 debet
2847 4549 2912 4590 ac
2951 4534 3120 4604 loqui,
3158 4541 3216 4586 ut
3246 4532 3335 4602 qui
3369 4547 3464 4584 eo-

204 4628 279 4690 ώς
307 4626 598 4696 ὀφείλοντα
639 4625 732 4678 καλ⁸
758 4625 848 4678 ὑπ’
875 4624 1053 4678 αὐτῶν
1084 4624 1191 4678 τῶν
1221 4623 1661 4677 πεπιστευκότων
1685 4621 1782 4674 αὑ-

200 4719 280 4791 τῷ
309 4718 724 4790 δοκιμάζεσθαι.

424 4836 512 4901 ς’.
554 4866 622 4876 -
663 4837 990 4903 Θεοκτίστῃ
1017 4834 1092 4903 τῇ
1112 4831 1327 4887 ἑαυτοῦ
1357 4830 1537 4901 μητρί

1891 4650 2011 4689 rum
2047 4634 2211 4688 etiam
2262 4631 2471 4700 judicio
2519 4629 2611 4699 qui
2660 4643 2804 4683 curse
2842 4626 3013 4697 ipsius
3061 4625 3254 4681 crediti
3307 4631 3462 4686 sunt,

1892 4724 2206 4795 probandus
2229 4722 2299 4775 sit
2320 4721 2384 4775 ".

2245 4813 2334 4868 VI.
2367 4845 2435 4855 -—
2458 4812 2760 4866 Theoctista:
2791 4810 2952 4866 matri
2978 4823 3110 4863 suae.

358 4946 560 4996 Doloris
586 4950 639 4995 et
659 4947 839 4995 amoris
858 4951 1018 4995 testes
1040 4957 1097 4994 ac
1123 4941 1322 5006 pietatis
1341 4943 1516 5004 plenas
1534 4939 1732 4989 litteras
1771 4934 1928 4985 mittit
1951 4931 2113 4988 matri,
2137 4940 2248 4978 cum
2288 4939 2396 4976 eam
2433 4921 2720 4987 gravissime
2743 4926 2987 4984 aegrotare
3018 4919 3310 4980 accepisset.

274 5053 342 5108 El
376 5049 490 5107 οἷόν
517 5069 578 5105 τε
621 5047 688 5122 ἦν
717 5053 924 5123 δάκρυα
958 5053 1016 5104 ἐν
1051 5051 1377 5122 γράμμασιν
1404 5046 1783 5117 ἀποκομίζειν,

204 5149 497 5220 ἐμπλήσας
545 5146 749 5216 ταύτην
793 5163 894 5214 μου
931 5144 998 5198 ἂν
1023 5145 1122 5214 τὴν
1161 5141 1470 5212 ἐπιστολὴν,
1509 5140 1666 5210 τιμία
1693 5138 1788 5192 καὶ

205 5241 436 5310 γλυκεῖα
483 5238 580 5291 καὶ
621 5235 918 5305 θεοπόθητέ
955 5252 1056 5305 μου
1091 5237 1289 5304 μῆτερ,
1327 5231 1786 5304 παρεπεμψάμην

207 5347 290 5384 σοι
319 5332 378 5382 ἐν
403 5327 627 5390 ταύταις
651 5329 772 5390 ταῖς
805 5326 1061 5396 ἡμέραις.
1095 5325 1184 5395 Τῷ
1225 5326 1338 5379 δντι
1365 5325 1474 5396 γάρ
1535 5324 1636 5376 οὐκ
1696 5323 1789 5376 ἀνι

206 5419 384 5482 εκτῶς
411 5419 564 5488 φέρω
595 5418 665 5471 τὰ
692 5418 819 5489 περὶ
850 5415 943 5469 σοῦ
984 5415 1222 5482 ἀκούειν,
1280 5416 1342 5469 οὐ
1370 5415 1515 5483 λέγω
1541 5415 1790 5482 ἐντάφια,

208 5509 349 5562 ἀλλά
371 5510 468 5562 κα)⁵
492 5513 778 5579 νοσήματα
818 5507 1212 5579 ἐπιθανάσιμα.
1250 5507 1361 5561 Καὶ
1394 5507 1482 5560 ἵνα
1508 5507 1560 5560 τί
1589 5505 1785 5572 οὕτως,

214 5602 392 5672 μῆτέρ
418 5618 542 5671 μου,
569 5600 716 5654 εἵλου
758 5602 904 5671 ἡμᾶς
932 5601 1113 5665 ἐᾶσαι,
1142 5601 1476 5671 ἀγαπήσασα
1523 5599 1614 5651 τὸν
1662 5597 1790 5667 μέλ-

195 5685 373 5744 ’λοντα
423 5691 633 5760 αἰῶνας
673 5690 979 5762 ἐκδημῆσαι
1021 5692 1112 5760 ἀφ’
1145 5691 1322 5760 ἡμῶν,
1353 5691 1444 5742 καὶ
1488 5688 1788 5758 ἐνδημῆσαι

1958 5035 2014 5091 Si
2049 5034 2164 5088 ﬁeri
2203 5039 2387 5103 posset
2413 5039 2472 5084 ut
2501 5029 2554 5082 in
2598 5027 2793 5082 litteris
2827 5027 3075 5097 lacrymze
3097 5025 3460 5093 deferrentur,

1891 5127 1978 5182 his
2004 5124 2218 5196 plenam
2249 5121 2390 5174 hanc
2433 5119 2717 5188 epistolam
2754 5131 2954 5181 meam,
2988 5114 3216 5169 colenda
3259 5123 3316 5170 et
3343 5115 3466 5170 dul-

1891 5220 1970 5274 cis
2010 5218 2228 5286 Deoque
2265 5221 2486 5281 accepta
2532 5219 2728 5273 mater,
2777 5208 2863 5262 his
2908 5207 3102 5262 diebus
3146 5207 3214 5260 ad
3255 5213 3306 5260 te
3356 5208 3464 5263 mi-

1893 5310 2106 5364 sissem.
2144 5303 2353 5358 Revera
2383 5300 2528 5356 enim
2553 5297 3028 5368 impatientissime
3065 5297 3204 5363 fero,
3236 5313 3358 5353 cum
3395 5299 3464 5354 de

1895 5401 2061 5456 rebus
2103 5397 2210 5453 tuis
2248 5394 2429 5460 audio,
2457 5408 2568 5448 non
2619 5392 2745 5446 dico
2793 5390 3062 5454 funebria.
3092 5391 3187 5446 sed
3241 5393 3466 5447 morbos

1896 5495 2061 5550 etiam
2093 5491 2343 5546 lethales.
2376 5488 2454 5542 Ac
2494 5500 2755 5556 quorsum
2801 5483 2873 5536 ita
2901 5498 3024 5547 nos,
3057 5492 3252 5547 mater,
3299 5483 3466 5537 relin-

1897 5603 2066 5659 quere
2090 5587 2248 5641 libuit
2283 5581 2454 5639 futuri
2486 5581 2668 5635 saeculi
2700 5578 3014 5634 desiderio?
3051 5593 3080 5633 a
3108 5578 3270 5633 nobis
3291 5577 3464 5641 abire,

1896 5681 2038 5736 etad
2079 5679 2372 5733 Dominum
2427 5673 2743 5745 proﬁcisci?
2773 5672 2880 5726 Sed
2929 5681 2987 5725 tu
3015 5672 3300 5737 nimirum,
3346 5686 3468 5739 qua:

286 5807 330 5837 ¹⁹
359 5803 380 5857 1
405 5803 527 5859 Cor.
569 5820 633 5873 ιι,
665 5805 716 5859 1.
792 5803 838 5835 "
861 5801 1042 5874 Regul.
1071 5803 1171 5873 fus.
1198 5801 1420 5871 disput.,
1452 5799 1762 5868 interrogat.

1960 5796 2001 5828 “
2036 5795 2354 5865 interrogat.
2389 5793 2475 5848 47.
2553 5792 2596 5823 ²¹
2632 5788 2830 5861 Regula
2854 5788 2944 5856 '72,
2981 5803 3102 5858 cap.
3135 5788 3186 5843 1.
3262 5789 3308 5822 ’³
3331 5787 3465 5860 Reg.

213 5877 304 5940 70,
332 5891 452 5946 cap.
478 5875 567 5929 37.
