3926 6432
496 376 597 438 997

1677 381 1736 440 S.
1777 382 2166 442 TIIEODORI
2217 381 2566 441 STUDIT/E

3653 372 3761 436 928

496 487 567 539 ibi
600 493 727 538 sunt
754 485 1058 552 adamaras,
1094 493 1413 556 mutatoque
1437 490 1696 557 majorem
1730 493 1799 546 ob
1823 493 2070 547 eﬂ'ectum

2185 491 2321 562 πρὸς
2364 491 2595 561 Κύριον;
2635 487 2798 541 Ἀλλά
2830 487 2896 540 τά
2927 487 3042 539 ἐκεῖ
3077 485 3291 548 πάντως
3313 484 3633 553 ήγαπήκεις
3653 501 3668 516 ο
3701 486 3763 536 ὲκ

493 579 790 647 proposito,
827 580 892 632 ad
936 580 1210 649 egregiam
1244 589 1596 650 sanctamque
1629 598 1870 638 sororem
1894 602 2070 640 meam

497 671 785 738 pervenire
824 671 1117 740 gestiebas,
1152 680 1206 725 et
1228 672 1293 725 ad
1330 672 1542 726 dulcem
1570 675 1850 729 dominum
1886 693 2070 732 meum

496 760 867 830 Euthymium,
901 770 994 815 aut
1017 762 1083 815 ad
1129 763 1307 831 ipsum
1354 764 1534 830 potius
1583 776 1896 820 sanctorum
1940 768 2073 822 cho-

494 867 633 904 rum.
671 850 736 904 Et
777 867 885 922 quo
936 864 1116 921 pacto,
1160 863 1350 916 mater,
1400 855 1516 908 sine
1563 857 1811 926 laerymis
1853 874 2070 930 pergam

493 942 778 1008 epistolam
830 943 1170 997 contexere?
1208 943 1347 1013 Ergo
1393 944 1445 997 id
1491 945 1758 1013 reliquum
1799 947 1902 1001 fuit
1943 949 2073 1003 infe-

494 1034 580 1088 lici
624 1035 744 1089 vita:
791 1050 944 1096 mete,
979 1043 1286 1088 utmortem
1314 1051 1533 1106 quoque
1594 1047 1742 1091 tuam
1805 1041 2070 1094 audiam?

496 1125 861 1193 utlugubrem
891 1126 989 1178 tibi
1034 1135 1254 1179 cantum
1307 1126 1662 1195 impendam?
1700 1139 1757 1183 ut
1801 1133 2068 1186 tumulum

495 1226 647 1269 tuum
695 1231 948 1277 cernens,
991 1216 1175 1286 elegos
1229 1216 1566 1270 inscribam?
1620 1229 1675 1272 ut
1727 1229 1784 1274 tu
1843 1237 2071 1291 corpore

493 1305 711 1373 quidem
740 1305 840 1359 sub
865 1313 1008 1358 terra
1038 1304 1325 1373 deponaris
1356 1323 1369 1357 :
1403 1306 1598 1375 spiritu
1630 1308 1798 1372 enim,
1830 1321 1911 1364 sat
1933 1313 2067 1378 scio,

497 1400 548 1451 iu
595 1397 736 1469 caelo
779 1398 1087 1451 habitabis:
1135 1413 1235 1468 ego
1291 1414 1421 1452 vero
1475 1401 1529 1452 in
1588 1409 1732 1456 terra
1795 1419 2066 1471 maneam,

499 1489 708 1541 tristem
741 1488 923 1541 adhuc
952 1495 1007 1541 et
1047 1488 1283 1557 peccatis
1311 1489 1543 1543 obsitam
1585 1490 1749 1546 vitam
1793 1496 2017 1551 trahens
2047 1498 2070 1550 ?

495 1580 776 1644 Quomodo
815 1581 928 1634 h:ec
968 1581 1232 1632 ferenda?
1263 1580 1394 1634 mihi
1442 1597 1571 1636 vero
1622 1599 1731 1638 non
1788 1588 2064 1643 eveniant.

495 1672 752 1724 Altamen
791 1671 1157 1739 permittenda
1204 1680 1333 1724 sunt
1363 1674 1546 1726 omnia
1591 1675 1820 1729 consilio
1871 1679 2068 1732 volun-

499 1762 701 1829 tatique
741 1759 931 1829 Optimi
963 1760 1056 1814 Dei
1101 1763 1292 1815 nostri.
1324 1762 1654 1819 Novitenim
1691 1767 1818 1835 quid
1864 1771 2066 1824 conduo

2177 583 2420 644 πλείονος
2469 581 2635 634 πόθου
2667 584 2732 650 τῇ
2762 580 2999 633 διαθέσει
3050 577 3425 648 μετατεθεῖσα,
3453 576 3555 647 τὴν
3585 577 3758 644 καλὴι

2174 673 2270 725 καὶ
2310 673 2472 740 ἁγίαν
2503 689 2605 742 μου
2639 670 2876 739 ἀδελφὴν
2906 669 2980 731 ὡς
3028 667 3229 738 μᾶλλον
3274 667 3638 736 ἐπεθύμησας
3669 684 3766 718 κα-

2172 766 2448 827 ταλαόεῐν,
2485 765 2581 818 καὶ
2607 763 2696 817 τὸν
2725 761 2932 830 γλυκύν
2967 777 3069 830 μου
3093 758 3256 828 κῦριν
3283 756 3581 827 Εὑθύμιον,
3623 759 3763 827 μᾶλ-

2171 860 2261 912 λον
2290 859 2346 911 δὲ
2378 858 2467 912 τὸν
2509 857 2620 910 τῶν
2673 857 2844 924 ἁγίων
2894 855 3073 926 χορόν.
3130 853 3260 918 Καὶ,
3294 847 3339 906 ὧ
3393 853 3594 922 μῆτερ,
3645 853 3763 915 πῶς

2172 952 2438 1024 ἀδακρυτὶ
2477 948 2890 1021 παρελεύσομαι
2914 947 3014 1016 τὴν
3046 945 3340 1015 ἐπιστολὴν
3372 943 3760 1013 διερχόμενοςς

2172 1040 2280 1114 ἆρα
2318 1043 2606 1096 ἀπόκειται
2635 1040 2794 1093 τοῦτο
2825 1042 2893 1110 τῇ
2937 1038 3182 1108 δυστήνῳ
3228 1053 3330 1107 μου
3366 1034 3501 1103 ζωῇ.
3539 1033 3630 1086 ἵνα
3669 1033 3768 1085 καὶ

2170 1135 2262 1187 τὸν
2313 1135 2403 1188 σὺν
2430 1133 2658 1188 θάνατον
2676 1129 2920 1197 ἀκούσω;
2949 1130 3036 1184 ἵνα
3057 1127 3304 1198 ὲπιψάλω
3488 1123 3618 1195 Reg.
3647 1127 3768 1176 ἐπι.

2169 1226 2378 1298 ψάλλω]
2416 1243 2494 1280 σοι
2528 1224 2848 1297 θρηνῳδῶςς
2877 1223 2964 1277 ἵνα
2982 1221 3122 1292 ὁρῶν
3170 1238 3264 1274 σου
3309 1219 3398 1272 τὸν
3417 1219 3612 1285 τάφον,
3652 1221 3769 1270 ἑπι-

2169 1317 2364 1387 γράψω
2385 1317 2630 1386 ὲλεγεῑας
2660 1316 2867 1370 ἴναύπὸ
2887 1317 2990 1384 γῆν
3017 1313 3154 1382 αὑτὴ
3184 1311 3397 1381 σώματι
3429 1309 3527 1379 μὲν
3560 1308 3728 1378 τεθῇς
3747 1325 3762 1341 ο

2170 1408 2441 1477 πνεύματι
2485 1408 2595 1478 γάρ
2632 1401 2729 1460 οἷδ’
2761 1408 2844 1461 ὅτι
2884 1407 2942 1458 ὲν
2989 1404 3239 1474 οὐρανοῖς
3271 1400 3615 1471 αὑλισθήσῃ·
3651 1399 3765 1470 ἐγὼ

2169 1498 2227 1551 δὲ
2257 1498 2397 1568 ὑπὲρ
2435 1497 2540 1566 γῆν
2595 1490 2659 1558 ὦ.
2688 1497 2861 1551 ἕλκων
2904 1494 2984 1548 ἔτι
3040 1496 3133 1548 τὸν
3163 1491 3422 1562 ὀδυνηρὸν
3467 1491 3561 1544 καὶ
3596 1492 3765 1544 πολυ-

2169 1590 2482 1659 αμάρτητόν
2508 1606 2609 1659 μου
2639 1589 2781 1658 βίον;
2811 1588 2921 1640 Καὶ
2950 1585 3066 1648 πῶς
3090 1584 3260 1638 ταῦτα
3280 1586 3510 1647 ἀνεκτά;
3555 1585 3633 1653 μή
3672 1602 3762 1653 μοι

2168 1681 2378 1746 γένοιτο
2397 1696 2411 1708 ⁸
2443 1680 2584 1750 πλὴν
2610 1677 3036 1750 παραχωρητᾶον
3065 1676 3241 1729 πάντα
3263 1675 3321 1726 ὲν
3345 1677 3410 1745 τῇ
3463 1675 3626 1744 βουλῇ
3663 1675 3762 1727 καὶ

2170 1771 2385 1842 θελήσει
2410 1771 2504 1825 τοῦ
2536 1771 2881 1842 ὑπεραγάθου
2897 1770 3032 1824 Θεοῦ
3066 1768 3367 1840 ἡμῶν.Καὶ
3395 1768 3506 1837 γάρ
3547 1765 3695 1819 οἶδεν
3731 1770 3761 1821 ὃ

496 1868 585 1909 eat
621 1857 910 1925 unicuique
959 1865 1244 1910 nostrum:
1277 1857 1405 1925 quid
1450 1873 1588 1927 opus
1629 1861 1720 1926 sit,
1777 1861 2067 1933 intelligit;

2174 1876 2224 1912 τι
2254 1861 2519 1931 συμφέρει
2547 1862 2760 1930 ἑκάστῳ
2782 1860 2956 1930 ἡμῶν·
2978 1857 3351 1914 ὲπίσταταιτδ
3375 1857 3524 1910 δέον·
3554 1873 3760 1926 συναρ-

491 1949 634 2016 quod
661 1963 960 2018 congruum
1009 1957 1114 2010 est,
1165 1947 1426 2017 adaptat;
1475 1949 1710 2004 ﬁliorum
1754 1968 1943 2008 amans
1988 1964 2071 2009 est

496 2042 672 2106 l'ater,
702 2051 846 2094 recte
863 2041 1045 2094 omnia
1071 2040 1334 2110 disponit,
1371 2043 1526 2107 scite,
1550 2044 1822 2108 consulte,
1854 2046 2072 2114 sapien-

494 2144 595 2196 ter,
643 2133 865 2201 pulchre
892 2149 1138 2201 prorsus,
1191 2135 1581 2191 indesinenter.
1622 2136 1707 2202 Et,
1743 2140 2071 2208 asapientia

492 2233 546 2280 et
571 2226 796 2280 altitudo
829 2227 1159 2292 judiciorum
1209 2229 1364 2297 ejus!
1398 2230 1524 2299 quia
1577 2231 1960 2286 inscrutabiles
2015 2241 2069 2288 et

493 2317 896 2388 investigabiles
942 2319 1042 2373 viae
1094 2319 1232 2386 ejus.
1269 2319 1457 2374 Priorc
1512 2322 1730 2390 quidem
1771 2324 1889 2378 loco
1913 2340 2068 2379 soro-

494 2425 605 2463 rem
649 2411 981 2479 assumpsit:
1019 2412 1313 2481 assumpsit
1356 2420 1543 2482 postea
1574 2422 1628 2468 et
1673 2414 1896 2470 fratrem
1923 2436 1937 2482 ;
1963 2428 2071 2472 ter-

494 2507 627 2556 tium
662 2504 876 2572 quaerit.
910 2504 1043 2569 Quis
1073 2504 1162 2560 ille
1189 2505 1406 2560 tandem
1440 2504 1660 2560 futurus
1693 2508 1818 2561 est?
1849 2508 1904 2562 Si
1947 2509 2070 2578 qui-

491 2595 613 2647 dem
645 2594 782 2665 ipsa,
813 2610 1003 2666 magna
1034 2597 1148 2650 laus
1174 2605 1277 2651 est.
1320 2597 1471 2653 Trini
1521 2600 1666 2652 enim
1698 2600 1910 2654 numeri
1942 2617 2072 2671 par-

2174 1953 2327 2021 μόςει
2369 1952 2430 2005 τὸ
2478 1952 2720 2023 πρέπονο
2751 1953 3103 2024 φιλόστοργος
3147 1954 3268 2005 ἐστι
3323 1951 3544 2020 Πατήρο
3572 1949 3759 2013 καλῶς

2168 2043 2471 2114 διατίθησιν
2517 2043 2732 2099 ἅπαντα
2750 2085 2764 2108 ,
2793 2045 3085 2114 εὐστόχως,
3116 2041 3407 2106 εὺῦούλως,
3435 2041 3758 2109 πανσόφως,

2170 2135 2488 2202 παγκάλως,
2538 2136 2976 2200 ἀκαταλείπτως.
3019 2136 3147 2200 Καὶ,
3199 2133 3244 2188 ὦ
3270 2133 3372 2202 τῆς
3412 2135 3608 2202 σοφίας
3649 2133 3748 2186 τοῦ

2177 2226 2379 2296 βάθους
2401 2224 2510 2278 τῶν
2540 2225 2828 2296 χριμάτων
2858 2224 3024 2279 αὑτοῦ
3051 2241 3066 2256 ·
3098 2226 3180 2279 ὅτι
3214 2225 3628 2295 ἀνεξερεύνητοι
3660 2224 3758 2277 καὶ

2171 2319 2568 2390 ἀνεξιχνίαστοι
2599 2319 2656 2371 al
2682 2319 2792 2373 ὁδοὶ
2819 2318 3006 2372 αὐτοῦ.
3038 2318 3350 2390 Προσέλαδε
3379 2317 3509 2387 γοῦν
3534 2317 3598 2370 τὸ
3621 2317 3756 2387 πρό-

2171 2432 2326 2485 τερον
2360 2414 2457 2481 τὴν
2488 2412 2719 2484 ἀδελφὴν
2740 2454 2754 2478 ,
2787 2411 3170 2484 προσελήψατο
3198 2412 3447 2484 δεύτερον
3474 2411 3568 2464 τὸν
3596 2409 3757 2463 ἀδελ-

2173 2506 2293 2572 φόν·
2322 2505 2475 2573 ζητεί
2503 2504 2594 2557 τὸν
2622 2504 2822 2571 τρίτον.
2855 2503 2950 2567 Τίς
2983 2503 3070 2574 εἴη
3118 2496 3311 2568 οὗτος
3359 2501 3422 2554 Εί
3455 2499 3555 2570 μὲν
3587 2499 3752 2568 αὐτὴ,

2175 2597 2318 2666 μέγα
2359 2594 2420 2647 τὸ
2465 2593 2760 2666 ἐγκώμιον.
2811 2594 3108 2666 Τριαδικῆς
3135 2595 3241 2664 γὰρ
3273 2591 3489 2663 μερίδος
3519 2589 3754 2643 ἔπαθλον

495 2690 628 2743 tium
660 2691 880 2759 praemio
910 2691 1332 2760 appropinquas,
1367 2693 1476 2746 vita
1529 2693 1630 2748 rite
1665 2705 1903 2764 peracta,
1951 2713 2070 2766 quae

2172 2687 2426 2750 διανύεις.
2455 2687 2636 2750 καλῶς
2674 2686 3013 2758 διαμείψασα
3055 2686 3145 2739 τὸν
3192 2684 3327 2754 βίον,
3354 2683 3538 2736 πάντα
3559 2682 3753 2735 ἀπολι-

493 2783 678 2835 oumia
726 2782 1014 2851 reliquisti,
1063 2785 1244 2838 omnia
1280 2783 1388 2837 Deo
1421 2784 1639 2849 dedisti,
1679 2793 1860 2855 caput,
1898 2802 2070 2840 mem-

2175 2778 2373 2842 ποῦσα,
2415 2779 2596 2833 πάντα
2644 2779 2810 2834 δοῦσα
2855 2779 2997 2850 Θεῷ,
3042 2777 3141 2848 τὴν
3173 2775 3436 2844 κεφαλὴν,
3467 2773 3537 2827 τά
3592 2775 3753 2844 μέλη,

495 2875 610 2940 bra,
646 2875 873 2943 teipsam
905 2894 917 2928 :
952 2892 1073 2944 qua:
1103 2877 1474 2931 venerandum
1509 2893 1708 2946 corpus
1744 2888 1895 2932 tuum
1920 2893 2070 2932 exer-

2176 2873 2379 2943 σαυτήν
2401 2887 2416 2902 ·
2443 2873 2499 2925 ὲν
2527 2872 2760 2944 ἀσκήσει
2801 2868 3186 2940 κατατρίψασα
3212 2868 3274 2921 τὸ
3298 2866 3482 2937 τίμιόν
3515 2883 3610 2919 σου
3641 2865 3756 2919 σῶ-

493 2967 845 3020 citationibus
891 2968 1190 3022 attrivisti:
1233 2968 1396 3022 vitam
1453 2970 1636 3023 multis
1685 2970 1738 3023 in
1794 2970 2070 3026 laboribus

2183 2981 2279 3036 μα⁸
2313 2965 2674 3018 πολύθλιπτον
2723 2963 2836 3033 βίον
2875 2960 3270 3027 διεξανύσασα·
3313 2956 3518 3028 μᾶλλον
3559 2956 3619 3010 δὲ
3643 2957 3751 3024 τὴν

493 3057 716 3128 exegisti
755 3075 768 3123 ;
809 3059 890 3112 vel
943 3068 1148 3113 arctam
1186 3060 1366 3128 potius
1425 3070 1480 3114 et
1531 3069 1816 3131 angustam
1859 3061 2070 3116 Domini

2179 3058 2369 3128 στενὴν
2393 3059 2487 3110 καὶ
2519 3055 2890 3125 τεθλιμμένην
2918 3053 3038 3108 ὁδὸν
3066 3051 3161 3105 τοῦ
3205 3051 3410 3122 Κυρίου
3445 3049 3712 3121 βαδίσασα
3735 3065 3750 3078 ·

494 3153 636 3204 viam
667 3167 908 3217 emensa,
941 3153 1143 3207 exitum
1183 3153 1236 3206 in
1269 3153 1408 3207 bona
1440 3164 1722 3208 senectute
1752 3170 1896 3210 nunc
1927 3171 2070 3224 qum-

2176 3149 2270 3202 καὶ
2296 3147 2389 3200 νῦν
2417 3149 2475 3199 ὲν
2507 3148 2668 3217 γήρει
2694 3146 2845 3218 καλῷ
2876 3143 3112 3216 ζητοῦσα
3151 3143 3250 3214 τὴν
3299 3142 3581 3198 ἀνάλυσιν.
3606 3143 3748 3195 Tati-

495 3245 588 3299 ris.
621 3243 778 3300 Hunc
808 3255 987 3300 autem
1012 3260 1111 3316 ego
1144 3247 1410 3301 hactenus
1455 3247 1738 3316 deprecor.
1777 3246 2070 3310 Cteterum,

2172 3255 2273 3307 την
2307 3239 2486 3291 τοίνυν
2511 3239 2822 3308 ἀπεύχομαι
2850 3238 2986 3299 τέως
3015 3237 3162 3308 ἄρτι.
3202 3234 3368 3305 Πλὴν,
3398 3234 3694 3304 κράτιστον
3726 3233 3754 3283 ὃ

492 3339 737 3392 omnium
768 3339 1052 3407 optimum,
1096 3339 1242 3408 quod
1273 3340 1382 3394 Deo
1408 3338 1698 3409 placuerit.
1741 3337 1876 3404 Quis
1925 3338 2070 3392 enim

2173 3329 2249 3399 τῷ
2283 3329 2403 3400 Θεῷ
2449 3328 2622 3398 φίλον,
2667 3330 2762 3382 καὶ
2809 3327 2894 3391 τίς
2932 3326 3278 3396 οίκειοτέρως
3324 3325 3393 3378 τά
3437 3327 3569 3395 περὶ
3604 3324 3755 3393 ἡμᾶς

494 3431 797 3485 consultius
839 3445 1002 3500 quam
1037 3431 1126 3485 ille
1158 3431 1320 3486 rebus
1384 3431 1589 3485 nostris
1630 3431 1975 3501 prospiciet?
2003 3432 2070 3486 At

2176 3421 2519 3492 βουλεύσεται
2575 3421 2708 3492 ἄτερ
2762 3418 2967 3486 αὐτοῦς
3010 3418 3170 3472 Ἀλλά
3210 3434 3300 3487 μοι
3345 3419 3523 3488 χαῖρε,
3551 3416 3752 3485 μῆτερ,

497 3534 551 3577 ιιι
601 3523 768 3587 salve,
819 3534 1013 3587 mater,
1063 3533 1119 3578 et
1166 3523 1376 3587 vivens,
1403 3532 1458 3578 et
1493 3532 1727 3577 mortua.
1761 3522 1878 3576 Non
1922 3524 2072 3577 enim

495 3617 766 3680 morieris,
805 3617 1064 3686 quoniam
1109 3617 1228 3670 viva
1276 3632 1356 3671 es.
1414 3616 1701 3671 Voluntate
1751 3625 1964 3670 mortua
2013 3632 2072 3671 es

496 3709 638 3770 vitze,
674 3710 799 3776 quia
833 3709 1038 3763 bonum
1067 3719 1345 3764 certamen
1389 3709 1607 3762 certasti
1639 3726 1653 3772 ;
1686 3708 1814 3777 quia
1843 3708 2073 3762 terrenis

495 3801 657 3855 rebus
690 3801 874 3855 orbata
902 3816 980 3866 es,
1017 3811 1069 3855 ut
1101 3801 1401 3855 ccelestium
1436 3801 2028 3878 adires_h:ereditatem
2056 3817 2070 3864 ;

494 3893 621 3962 quia
675 3892 918 3960 martyrii
967 3893 1270 3948 certamina
1327 3891 1447 3946 sine
1503 3892 1769 3962 sanguine
1845 3891 2073 3960 partici-

495 3984 639 4054 pasti
666 3999 680 4049 ;
713 3984 953 4038 membra
993 3993 1083 4037 tua
1112 3982 1315 4037 Christi
1347 3997 1532 4036 amore
1589 3998 1690 4036 nos
1718 3982 2068 4046 abscindens,

497 4092 686 4131 secura
738 4077 975 4130 discedis
1025 4076 1300 4129 intestata.
1342 4071 1453 4128 Nec
1517 4073 1660 4128 enim
1716 4084 1800 4128 est
1843 4074 1910 4129 de
1961 4089 2068 4142 quo

497 4166 737 4230 testeris,
768 4174 963 4234 przeter
997 4175 1202 4220 vestem
1241 4174 1387 4218 tuam
1429 4163 1722 4227 eilicinam,
1760 4165 1894 4219 et-si
1926 4164 2071 4234 quod

496 4256 644 4312 aliud
676 4267 761 4312 est
791 4257 971 4327 inopis
1004 4257 1131 4312 vitae
1180 4256 1629 4310 instrumentum.
1686 4255 1897 4310 Nudam
1943 4257 2072 4312 hinc

492 4343 605 4414 jam
637 4344 745 4398 Deo
777 4352 828 4397 te
873 4344 1041 4407 sistis,
1101 4360 1292 4415 puram
1316 4361 1346 4398 a
1374 4344 1631 4399 sordibus
1679 4346 1912 4401 terrenis
1949 4347 2071 4400 ani-

498 4453 639 4490 mam
670 4451 887 4507 gerens.
940 4438 1119 4491 Habes
1165 4446 1349 4491 tamen
1375 4437 1520 4507 quod
1550 4437 1710 4493 nobis
1769 4439 2068 4508 relinquas,

2173 3518 2267 3567 καὶ
2303 3513 2474 3578 ζῶσα,
2505 3514 2600 3567 καὶ
2642 3513 2983 3584 κοιμωμένη.
3017 3513 3091 3565 Οὐ
3117 3513 3223 3582 γὰρ
3271 3510 3564 3579 τεθνήξεις,
3616 3506 3755 3559 διότι

2175 3605 2324 3669 ζῶσα
2355 3602 2442 3659 εἴ·
2478 3606 2800 3677 προαιρέσει
2863 3604 3250 3675 ἀπενεκρώθης
3302 3602 3380 3672 τῷ
3428 3601 3562 3670 βίῳ·
3615 3599 3753 3651 διότι

2175 3699 2335 3752 καλὸν
2370 3698 2554 3765 ἀγῶνα
2591 3698 2889 3766 ἠγώνισαι·
2923 3696 3056 3749 διότι
3105 3693 3409 3764 ὲστερήθης
3455 3691 3563 3741 τῶν
3622 3693 3751 3742 ἑπι-

2173 3791 2360 3858 γέίων,
2388 3790 2476 3842 ἵνα
2504 3789 2572 3841 τὰ
2605 3788 2835 3858 οὐράνια
2876 3786 3291 3857 κληρονομήσῃς
3310 3800 3323 3814 ⁸
3348 3783 3479 3835 διότι
3508 3783 3621 3842 τοῖς
3651 3781 3754 3833 τοῦ

2177 3881 2478 3952 μαρτυρίου
2525 3880 2808 3950 ὠμίλησας
2834 3878 3012 3941 ἄθλοις
3042 3875 3347 3948 ἀναιμωτί⁹
3378 3875 3448 3928 τά
3485 3875 3618 3945 μέλη
3654 3891 3756 3928 σου

2173 3974 2320 4044 ἡμᾶς
2345 3971 2691 4040 ἀποτεμοῦσα
2714 3971 2801 4024 διὰ
2828 3968 2926 4041 τὴν
2943 3971 3165 4040 ἀγάπην
3186 3969 3278 4022 τοῦ
3301 3969 3506 4038 Κυρίου
3529 3968 3758 4037 ’ἀμέριε

2177 4083 2306 4137 μνος
2325 4065 2560 4136 ἀπέρχῃ,
2577 4063 2871 4127 ἀδιάθετος.
2898 4063 2972 4117 Οὐ
3001 4063 3106 4135 γὰρ
3129 4063 3362 4134 πάρεστί
3381 4061 3461 4115 σοί
3483 4078 3537 4114 τι
3567 4061 3755 4114 διαθέ-

2175 4159 2317 4222 σθαι,
2348 4159 2380 4229 ἢ
2404 4161 2464 4211 τὸ
2484 4158 2686 4229 ἐνδυμά
2715 4175 2806 4211 σου
2839 4159 2897 4211 τὸ
2936 4158 3194 4229 τρίχινον,
3219 4159 3313 4210 καὶ
3356 4156 3410 4208 εί
3428 4174 3476 4209 τι
3503 4155 3631 4208 ἄλλο
3652 4155 3755 4224 τῆς

2173 4251 2510 4305 ἀσκευάστου
2562 4236 2705 4320 ζωῆς
2745 4249 2971 4318 σχέδιον.
3014 4247 3366 4302 ’Δπεντεῦθεν
3410 4247 3510 4316 ήδη
3565 4249 3753 4316 γυμνὴ

2175 4341 2506 4414 παρίστασαι
2529 4339 2604 4410 τῷ
2620 4338 2758 4409 Θεῷ,
2778 4339 3021 4408 καθαράν
3051 4338 3147 4408 τῆς
3173 4336 3280 4389 τῶν
3308 4335 3448 4389 ὑλῶν
3478 4333 3755 4404 βορϐορώ-

2177 4451 2313 4496 σεως
2343 4433 2580 4502 φέρουσα
2606 4431 2705 4501 τὴν
2752 4431 2949 4500 ψυχήν.
2990 4430 3174 4498 Ἔχεις
3200 4428 3246 4480 δ’
3269 4428 3296 4480 ὃ
3321 4443 3374 4479 τι
3398 4428 3531 4496 ἡμῖν
3579 4441 3754 4478 κατα-

496 4527 727 4582 validam
757 4529 1148 4597 precationem,
1205 4545 1367 4598 quam
1414 4546 1581 4599 prope
1629 4532 1807 4586 adhuc
1847 4532 2070 4586 infanti-

2177 4524 2398 4593 λείψεις,
2429 4522 2525 4593 τὴν
2557 4521 2825 4592 κραταιὰν
2873 4519 3060 4590 εὐχὴν,
3095 4520 3161 4588 ῆν
3207 4518 3300 4571 καὶ
3347 4517 3562 4586 νηπίοις
3616 4517 3752 4586 ἡμῖν

497 4620 599 4674 bus
629 4620 788 4674 nobis
819 4619 1187 4688 impertiebas,
1224 4622 1506 4674 nocturnis
1563 4622 1714 4675 horis
1754 4624 1978 4693 signans
2013 4633 2070 4677 et

496 4710 844 4778 consignans,
880 4725 1070 4778 preces
1100 4723 1197 4779 pro
1228 4709 1385 4762 nobis
1418 4710 1647 4765 Domino
1679 4728 2071 4782 usquequaque

497 4801 760 4856 offerens.
816 4799 1117 4870 Relinques
1167 4810 1222 4855 et
1267 4801 1554 4873 impigram
1605 4811 1750 4857 tuam
1780 4804 1833 4857 in
1869 4805 2069 4876 divinis

499 4892 736 4964 liturgiis
759 4893 1116 4962 diligentiam,
1145 4893 1390 4948 studium
1429 4894 1700 4949 castitatis
1733 4907 1790 4950 et
1823 4897 2066 4962 virtutis,

497 4995 553 5038 et
580 4984 931 5054 apostolicam
979 4984 1360 5055 gloriationem
1398 4986 1622 5041 laboris.
1669 4985 1879 5042 Revera
1925 4990 2070 5044 enim

498 5075 765 5146 plurimus
793 5080 1104 5127 sanctarum
1140 5086 1626 5131 manuumtuarum
1659 5076 1812 5132 lahor
1841 5078 2067 5142 exstitit,

498 5165 826 5234 operuitque
858 5180 923 5219 ac
970 5164 1122 5229 fovit,
1171 5179 1282 5218 non
1325 5179 1425 5220 nos
1457 5167 1623 5233 solos,
1650 5169 1747 5223 sed
1772 5179 1826 5223 et
1875 5169 2071 5223 fratres

499 5258 663 5311 simul
711 5258 1021 5323 universos,
1087 5256 1178 5326 qui
1215 5265 1268 5311 te
1301 5272 1404 5312 ceu
1448 5268 1678 5314 matrem
1730 5262 2070 5331 spiritualem

500 5357 882 5419 agnoscentes,
932 5351 1302 5419 colentesque,
1337 5365 1590 5421 peraeque
1632 5363 1694 5408 ut
1748 5369 1848 5408 nos
1886 5355 1987 5423 ipsi
2022 5364 2072 5410 te

502 5443 691 5510 lugent
724 5452 778 5496 et
813 5443 1086 5496 invocant.
1123 5442 1250 5495 Ha:c
1276 5457 1398 5511 quae
1427 5445 1666 5498 nondum
1721 5456 1849 5499 sunt
1875 5445 2072 5500 litteris

503 5531 832 5597 efﬁnximus,
862 5532 1290 5587 consolationem
1327 5533 1483 5587 nobis
1510 5535 1641 5603 ipsis
1674 5547 1977 5604 captantes,
2017 5549 2072 5591 et

501 5627 684 5679 cordis
709 5625 880 5679 nostri
903 5641 1144 5685 sensum,
1177 5640 1340 5692 quem
1368 5625 1479 5695 ipsa
1510 5627 1670 5681 etiam
1703 5643 1800 5698 per
1833 5637 1882 5683 te
1906 5630 2071 5697 nosti,

507 5717 915 5788 patefacientes.
953 5717 1066 5787 Ego
1097 5717 1282 5785 igitur,
1312 5727 1483 5772 mater
1516 5730 1721 5786 saneta,
1753 5731 1814 5775 ut
1840 5724 2073 5778 maxime

515 5809 729 5870 Vellem.
753 5810 895 5872 quod
921 5818 970 5864 te
997 5826 1103 5864 non
1132 5809 1279 5875 latet,
1309 5810 1493 5864 venire
1524 5828 1628 5865 non
1662 5814 1832 5884 potui,
1855 5822 2072 5885 propter

2175 4607 2292 4664 οὖσι
2322 4611 2505 4679 σχεδὸν
2536 4611 2908 4678 κατέπεμπες,
2952 4607 3257 4678 σημειοῦσα
3300 4607 3395 4660 καὶ
3427 4623 3752 4678 κατασφρα-

2173 4703 2401 4770 γίζουσα
2433 4703 2490 4754 sv
2518 4704 2641 4764 ταῖς
2674 4703 3020 4771 νυκτεριναῖς
3045 4698 3241 4770 ὥραις,
3270 4698 3419 4763 λιτὰς
3449 4699 3567 4753 ἀνθ’
3591 4700 3754 4769 ήμῶν

2172 4796 2250 4866 τῷ
2288 4797 2479 4867 Κυρίῳ
2507 4797 2566 4850 ὲν
2601 4795 2768 4850 παντὶ
2807 4794 2984 4864 καιρῷ
3027 4794 3435 4864 προσφέρουσα.
3469 4795 3751 4848 Καταλεί-

2171 4889 2295 4959 ψεις
2339 4890 2396 4942 δὲ
2437 4889 2531 4941 καὶ
2569 4888 2630 4940 τὸ
2667 4887 2863 4942 ἀοκνόν
2896 4902 2993 4938 σου
3028 4887 3086 4938 ἐν
3131 4888 3254 4948 ταῖς
3288 4885 3464 4949 θείαις
3501 4885 3754 4958 λειτουρ-

2173 4983 2338 5050 γίαις,
2383 4981 2479 5033 καὶ
2513 4980 2794 5048 φίλαγνον,
2832 4976 2930 5031 καὶ
2976 4977 3289 5042 σπουδαῖον,
3336 4977 3434 5031 καὶ¹
3491 4977 3556 5030 τὸ
3608 4978 3751 5030 ἀπο-

2175 5074 2420 5126 στολικὸν
2450 5072 2711 5143 καύχημα
2740 5070 2833 5124 τοῦ
2878 5069 3150 5140 καμάτου.
3177 5069 3268 5142 Τῷ
3295 5069 3409 5124 δντι
3436 5068 3546 5139 γὰρ
3581 5069 3749 5134 πολὺς

2174 5168 2419 5236 κάματος
2453 5166 2517 5217 ὲκ
2549 5164 2661 5217 τῶν
2702 5162 2865 5215 ὁσίων
2913 5178 3006 5215 σου
3049 5160 3252 5233 χειρῶν
3293 5161 3603 5231 ἐξελήλυθε,
3651 5165 3748 5216 καὶ

2172 5258 2501 5311 διεσκέπασε
2549 5258 2644 5310 καὶ
2691 5255 3001 5324 διέθαλψεν,
3035 5253 3134 5324 οὐχ
3168 5255 3316 5323 ἡμᾶς
3361 5255 3579 5323 μόνους,
3608 5253 3748 5308 ἀλλὰ

2173 5351 2266 5404 καὶ¹
2325 5350 2543 5403 ἃπασαν
2587 5351 2688 5419 τὴν
2740 5347 3105 5416 ἀδελφότητα·
3157 5345 3206 5398 οἳ
3255 5345 3352 5397 καὶ
3402 5344 3477 5407 ὡς
3529 5347 3748 5418 μητέρα

2176 5439 2551 5510 πνευματικὴν
2595 5438 2807 5508 ἔχοντες
2859 5453 2918 5488 σε
2964 5436 3060 5488 καὶ
3115 5435 3488 5504 περιέποντες,
3522 5436 3591 5487 τὰ
3655 5436 3745 5490 ίσα

2173 5535 2305 5602 ἡμῖν
2352 5529 2795 5584 καταλυποῦνταί
2834 5546 2890 5581 σε
2938 5528 3032 5579 καὶ
3083 5525 3503 5580 ἀνακαλοῦνται.
3531 5527 3740 5593 Ταῦτα,

2173 5626 2248 5687 ὼς
2277 5623 2352 5695 μὴ
2379 5623 2660 5692 γινόμενα,
2695 5619 3144 5691 ἐσχηματίσαμεν
3186 5620 3244 5672 ὲν
3278 5621 3393 5682 τοῖς
3423 5619 3740 5690 γράμμασι,

2174 5714 2521 5786 παρηγορίαν
2547 5715 2678 5784 ἡμῖν
2699 5713 2881 5775 αὐτοῖς
2908 5709 3209 5776 ποιοῦντες,
3241 5713 3337 5764 καὶ
3367 5712 3741 5766 ὑποδεικνύον-

2176 5810 2265 5871 τὲς
2301 5825 2384 5861 σοι
2417 5806 2483 5860 τά
2524 5807 2622 5876 τῆς
2661 5804 2886 5876 καρδίας
2917 5802 3092 5873 ήμῶν,
3130 5801 3276 5874 ἅπερ
3305 5802 3399 5858 καὶ
3431 5803 3492 5870 ἐξ
3533 5805 3732 5877 ἑαυτῆς
