3926 6464
161 410 264 475 929

1383 418 1914 481 EPISTOLARUM
1957 422 2100 481 LIB.
2145 423 2190 481 Ι.

3305 421 3409 484 930

160 522 482 578 ἐπίστασαι.
527 522 668 591 Ἐγὼ
697 524 896 588 τοίνυν,
928 525 1102 596 μῆτέρ
1137 543 1239 595 μου
1273 528 1426 596 ἁγία,
1450 529 1526 594 ὼς
1551 525 1732 596 οἶσθα,

1844 548 2023 586 curam
2051 550 2171 603 quae
2200 535 2420 608 indigno
2449 536 2579 592 mihi
2605 535 2794 592 nescio
2819 550 2922 606 qua
2954 534 3159 590 ratione
3195 535 3402 589 incum-

161 616 208 666 εί
235 617 332 668 καὶ
361 615 554 685 ἧθελον
588 616 872 682 εἰσελθεῖν,
909 619 1012 670 οὐκ
1038 614 1184 689 εἶχον
1212 621 1257 686 (1
1276 622 1325 689 Ι)
1361 621 1496 686 πῶς,
1527 623 1614 675 διὰ
1639 623 1739 692 τὴν

158 706 421 777 φροντίδα
452 707 553 777 τὴν
586 707 947 778 ἐπικειμένην
984 727 1075 779 μοι
1099 710 1356 777 ἀναξίως,
1379 714 1472 766 καὶ
1501 714 1601 767 οῦκ
1625 712 1738 767 οἶδα

158 798 298 866 ποίῳ
333 798 502 867 λόγῳ.
545 799 634 863 Ὠς
658 799 970 870 θαυμαστὸν
998 802 1127 872 γὰρ,
1160 805 1347 873 φησὶν,
1374 807 1422 858 εί
1453 806 1545 858 καὶ
1567 807 1738 860 Σαοὺλ

157 892 214 940 ἐν
239 892 550 959 προφήταις
571 905 584 918 ·
620 892 713 944 καί
742 908 805 957 γε
845 893 939 944 καὶ
967 893 1242 964 Θεόδωρος
1283 897 1358 948 ἐν.
1385 897 1734 966 ἡγουμένοις.

155 981 331 1034 Ίόῦτό
362 999 429 1050 με
458 976 627 1051 εἶρξε,
657 983 814 1037 τοῦτό
842 1002 909 1052 με
939 985 1262 1058 ἐδέσμησεν.
1303 988 1456 1040 Ἐπεὶ
1483 989 1732 1058 σιδηραῖς

157 1073 415 1126 ἁλύσεσιν
465 1076 515 1127 εί
563 1071 630 1146 ἦν
667 1079 1125 1148 κατεπιασμένος,
1163 1080 1487 1152 διέρρησσον
1535 1083 1731 1147 αὑτὰς,

154 1165 249 1215 καὶ
301 1164 412 1233 πρὸ
465 1164 760 1236 προσώπου
801 1184 895 1219 σου
930 1169 1186 1239 ἱστάμην.
1216 1170 1330 1224 Νῦν
1359 1171 1414 1225 δὲ
1446 1172 1568 1225 ἀντὶ⁸
1597 1173 1732 1242 ἐμοῦ

153 1254 382 1324 επεμψά
431 1273 516 1309 σοι
562 1258 656 1311 τὸν
710 1259 1083 1330 πρεσϐύτερον
1112 1261 1194 1324 είς
1233 1265 1436 1333 μικρὰν
1479 1282 1733 1335 παραμυ-

158 1346 302 1410 θίαν,
330 1348 414 1401 ὅτι
457 1349 550 1402 καὶ
587 1349 751 1414 αὑτός
777 1367 859 1404 σοι
888 1351 1124 1422 ποθητός
1177 1355 1270 1406 καὶ
1296 1355 1478 1424 τίμιος
1503 1373 1516 1386 ·
1553 1357 1642 1410 ἵνα
1674 1358 1733 1410 ἐν

154 1441 572 1513 πᾶσισυμπαρῇ
603 1445 669 1512 τῇ
697 1443 952 1515 ἀσθενείᾳ
983 1462 1099 1510 σου,
1123 1445 1588 1517 ἐπισκεπτόμενος
1638 1451 1732 1504 καὶ

154 1532 463 1600 φροντίζων
497 1533 564 1586 τὰ
599 1533 816 1588 δέοντα·
856 1535 958 1588 κᾶν
988 1552 1045 1588 τε
1080 1537 1346 1609 ἐπιμένῃς
1392 1539 1448 1590 ἐν
1486 1541 1597 1602 τοῖς
1632 1542 1732 1593 αὑ-

153 1621 286 1684 τόθι,
331 1621 600 1694 ἐπιμένῃ·
636 1622 737 1674 κᾶν
759 1640 818 1675 τε
857 1625 1077 1695 ἐξέρχῃ,
1111 1625 1569 1697 συνεξερχόμενος
1615 1629 1731 1700 ἅμα

152 1711 227 1780 τῷ
270 1712 566 1783 οἰκονόμῳ.
600 1713 821 1780 Λοιπὸν,
849 1715 924 1780 ὡς
955 1716 1210 1770 εὐοδὼσει
1241 1718 1269 1770 δ
1308 1718 1462 1780 Θεὸς,
1499 1719 1593 1772 καὶ
1633 1721 1728 1787 φέ-

153 1821 234 1871 ρει
265 1807 298 1874 ἡ
324 1805 612 1868 ἀσθένεια,
650 1804 845 1872 οὕτως,
881 1807 1054 1879 μῆτέρ
1083 1825 1186 1878 μου
1219 1809 1394 1880 τιμία,
1425 1811 1517 1863 καὶ
1545 1811 1726 1879 διαγε-

1841 623 1939 676 bit.
1979 622 2278 678 Mirandum
2311 626 2478 692 enim,
2531 627 2626 691 ait,
2674 627 2720 680 si
2755 626 2916 681 etiam
2952 625 3080 680 Saul
3111 624 3252 678 inter
3280 639 3411 693 pro-

1839 713 2030 782 phetas
2057 715 2100 746 “
2132 733 2146 778 ;
2181 717 2368 786 utique
2394 717 2445 772 si
2473 726 2528 772 et
2557 716 2878 772 Theodorus
2901 717 3041 770 inter
3064 715 3406 785 prapositos.

1839 802 1953 858 Hoc
1971 820 2056 858 me
2085 805 2340 873 inhibuit,
2372 809 2478 864 hoc
2493 825 2581 864 me
2607 808 2951 865 constrinxit.
2990 808 3120 862 Nam
3150 807 3196 860 si
3218 806 3411 860 ferreis

1837 897 2044 951 catenis
2075 898 2323 970 alligatus
2351 901 2600 965 fuissem,
2642 900 3027 972 perfregissem
3076 900 3214 963 illas,
3269 908 3324 952 et
3353 897 3407 952 in

1835 988 2009 1043 oculis
2065 991 2170 1046 tuis
2196 1008 2536 1062 apparerem.
2588 995 2744 1049 Nunc
2792 1010 2920 1048 vero
2960 994 3076 1048 vice
3118 1007 3238 1046 mea
3284 1007 3409 1061 pri--

1836 1079 2113 1150 sbyterum
2166 1083 2232 1138 ad
2266 1092 2319 1139 te
2352 1086 2471 1139 misi
2521 1087 2747 1140 modicae
2789 1084 3174 1139 consolationis
3217 1082 3405 1153 gratia,

1833 1171 2273 1240 quandoquidem
2320 1175 2364 1229 is
2408 1176 2568 1229 etiam
2605 1185 2787 1253 gratus
2845 1185 2899 1229 et
2948 1189 3108 1229 carus
3155 1182 3240 1228 est
3290 1171 3407 1234 tibi,

1835 1271 1893 1316 ut
1917 1262 1970 1316 in
1994 1266 2250 1320 omnibus
2301 1279 2498 1337 praesto
2545 1270 2618 1324 sit
2648 1268 2950 1323 infirmitati
2985 1277 3112 1330 tuae,
3169 1279 3410 1336 congrua

1833 1356 2013 1410 smnia
2043 1359 2334 1426 providens
2384 1370 2440 1414 et
2484 1376 2805 1429 procurans,
2875 1367 2934 1412 ut
2968 1358 3082 1413 sive
3127 1357 3250 1411 istic
3297 1370 3411 1408 ma-

1835 1462 1992 1511 neas,
2027 1465 2135 1503 una
2184 1461 2424 1512 maneat,
2475 1452 2591 1506 sive
2636 1452 2818 1516 abeas,
2861 1449 3020 1503 simul
3074 1450 3232 1502 abeat
3283 1461 3408 1501 cum

1833 1554 2140 1596 (economo.
2179 1541 2476 1607 Caeterum,
2525 1543 2670 1597 sicut
2717 1542 2913 1611 diriget
2963 1540 3126 1600 Deus.
3175 1549 3229 1592 et
3275 1542 3412 1592 [ει-ιιι

1832 1631 2141 1696 inlirmitas,
2178 1633 2256 1686 sic
2287 1648 2470 1702 perge,
2517 1633 2827 1687 veneranda
2891 1639 3062 1685 mater
3109 1646 3246 1689 mea.
3310 1645 3410 1683 nec

1831 1739 1993 1794 supra
2016 1725 2156 1779 vires
2186 1725 2472 1786 contende.
2505 1724 2688 1792 egredi
2712 1722 2997 1777 festinans.
3025 1721 3200 1776 Citius
3228 1730 3410 1774 autem

1830 1817 2100 1886 quomodo
2131 1816 2185 1870 in
2221 1817 2412 1870 morbo
2440 1825 2491 1870 te
2530 1816 2732 1870 habeas
2759 1816 2938 1870 indica
2970 1814 3150 1873 nobis.
3190 1822 3247 1866 ut
3275 1828 3411 1882 pau-

151 1895 262 1955 νοῦ,
294 1897 392 1948 καὶ
428 1896 505 1967 μὴ
535 1897 677 1968 ὑπὲρ
711 1897 944 1968 δύναμιν
986 1901 1156 1972 ταθῇς
1195 1902 1423 1957 θέλουσα
1459 1905 1722 1967 ἐξελθεῖν.

1844 1883 1993 1974 isper
2016 1917 2342 1957 recreemur.
2369 1901 2644 1956 Canonem
2675 1902 2768 1956 tibi
2793 1902 2975 1956 statim
2999 1901 3192 1955 fratres
3219 1912 3410 1952 omnes

153 1988 356 2056 Τὰχιον
409 1987 467 2040 δὲ
519 1989 667 2052 ὅπως
719 1990 950 2062 διαφέρῃ
1001 1993 1059 2044 ἐν
1117 1997 1184 2065 τῇ
1239 1996 1400 2065 νόσῳ,
1433 1998 1728 2064 διάγνωσιν

156 2079 373 2148 πέμψον
407 2081 561 2149 ἡμῖν,
596 2081 682 2133 ἵνα
714 2082 1115 2155 εὐψυχήσωμεν
1157 2086 1374 2156 μικρόν.
1419 2089 1638 2141 Κανόνα
1670 2089 1730 2141 δὲ

154 2170 359 2232 εὐθέως
419 2173 623 2236 πάντες
671 2174 722 2226 οἱ
780 2175 1003 2244 ἀδελφοὶ
1054 2177 1321 2246 ἐποίησάν
1353 2178 1463 2248 (12)
1500 2197 1606 2244 σοι,
1639 2181 1732 2233 καὶ

154 2261 320 2331 εὐχὴν
349 2262 535 2332 ἔχουσι
580 2265 806 2336 διηνεκῆ
834 2267 966 2339 περὶ
993 2267 1092 2338 τῆς
1117 2269 1307 2336 ὑγείας
1341 2288 1457 2325 σου.
1495 2272 1732 2342 Χάρισαι

156 2351 284 2419 ἡμῖν
327 2354 429 2423 τὴν
461 2354 623 2422 ἁγίαν
645 2372 739 2408 σου
770 2357 936 2428 εὐχήν
959 2372 972 2385 °
1007 2358 1300 2428 εὐλόγησον
1353 2361 1501 2430 ἡμᾶς
1533 2378 1732 2432 μητρι-

1832 1996 2229 2065 pependerunt,
2259 2002 2314 2047 et
2332 1994 2645 2047 continuam
2672 2009 2768 2062 pro
2793 1993 2965 2047 salute
2985 2001 3076 2046 tua
3103 1991 3406 2045 oralionem

1835 2086 2058 2139 habent.
2091 2083 2313 2154 Largire
2339 2085 2497 2139 nobis
2525 2093 2743 2138 sanctas
2780 2099 2971 2152 preces
3002 2091 3141 2145 tuas.
3179 2081 3409 2135 benedic

1840 2177 2000 2231 nobis
2050 2177 2319 2230 maternis
2359 2177 2722 2230 muneribus:
2781 2176 3111 2245 amplectere
3169 2188 3268 2228 nos
3314 2188 3411 2242 per

1835 2268 2067 2322 litteras.
2101 2265 2176 2320 Da
2202 2268 2363 2320 nobis
2388 2282 2600 2336 pacem,
2636 2281 2798 2336 quam
2826 2281 2923 2335 per
2947 2264 3147 2319 Christi
3179 2263 3409 2334 gratiam

1842 2359 2034 2423 babes,
2061 2367 2117 2412 et
2147 2359 2396 2413 habitura
2431 2374 2491 2412 es
2522 2359 2573 2411 iu
2605 2359 2800 2413 smcula
2825 2359 3174 2412 saeculorum.

155 2452 275 2511 καῖς
310 2449 574 2520 δωρεαῖς·
601 2451 845 2507 ἄσπασαι
868 2455 1016 2524 ἡμᾶς
1047 2453 1134 2508 διὰ
1159 2454 1253 2508 τοῦ
1278 2458 1627 2527 γράμματος.
1694 2455 1796 2519 Δὸς
1856 2456 1991 2526 ἡμῖν
2053 2453 2152 2525 τὴν
2212 2455 2461 2525 εἰρήνην,
2492 2453 2558 2525 ἠν
2607 2453 2750 2522 ἔχεις
2780 2452 2870 2506 διὰ
2925 2452 3023 2521 τῆς
3063 2451 3282 2522 χάριτος
3317 2446 3411 2500 τοῦ

154 2545 417 2616 Χριστοῦ,
451 2549 543 2601 καὶ⁸
572 2547 714 2611 ἐξεις
745 2549 825 2612 είς
857 2549 1060 2614 αἰῶνας
1093 2550 1322 2606 αἰώνων.

541 2663 616 2715 Z'.
638 2690 710 2703 -—
735 2660 960 2731 Εἰρήνῃ
992 2665 1360 2734 Βασιλίσσῃ.

2263 2662 2374 2717 VII.
2401 2661 2653 2716 -Ινεηω
2695 2661 2966 2731 Augusta.

901 2775 1081 2825 lrenen
1104 2779 1269 2828 laudat
1290 2778 1422 2840 quod
1448 2777 1634 2829 tributa
1656 2780 1978 2830 relaxaverit.
2006 2778 2206 2840 (Baron.
2233 2791 2309 2828 an.
2335 2777 2445 2835 801,
2470 2792 2517 2827 n.
2543 2777 2646 2839 22.)

225 2880 428 2947 Φωνὴ,
465 2880 653 2952 φησιν,
677 2879 747 2934 ἐν
765 2877 953 2950 Ῥαμᾷ
978 2881 1274 2950 ἠκούσθη,
1293 2885 1321 2936 ὁ
1355 2883 1728 2938 θεοπτικὼτα-

154 2991 246 3036 τος
289 2971 598 3041 Ἱερεμίας·
629 2971 850 3040 θρῆνος
903 2973 1002 3026 καὶ
1039 2974 1299 3042 ὀδυρμὸς
1329 2976 1560 3042 πολύς·
1603 2975 1734 3029 Ῥα-

158 3060 280 3128 χὴλ
307 3061 444 3112 τότε
466 3060 766 3112 κλαίουσα
807 3061 880 3114 τὰ
921 3060 1104 3116 τέκνα
1147 3061 1357 3130 αὐτῆς.
1394 3063 1474 3116 Τὰ
1504 3065 1559 3117 δὲ
1594 3083 1737 3137 παρ-

158 3153 287 3204 όντα
312 3144 406 3204 οἷα
433 3152 528 3205 καὶ
559 3151 758 3221 ἡλίκας
792 3151 961 3205 Πόθεν
990 3170 1090 3205 που
1127 3153 1274 3223 χθὲς,
1292 3154 1550 3209 δέσποινα
1581 3157 1739 3226 ἡμῶν

160 3241 480 3309 πανάγαθε,
521 3243 891 3309 ἀναφανέντες
924 3243 1150 3311 ἄγγελοι
1191 3242 1288 3295 τοῦ
1325 3245 1468 3313 ἱεροῦ
1497 3262 1590 3298 σου
1631 3264 1738 3298 πα-

161 3334 376 3398 λατίου,
405 3333 502 3386 καὶ
532 3332 919 3396 ἀκουτίσαντες
936 3335 1070 3403 ἡμῖν
1099 3333 1278 3395 πάσας
1316 3352 1414 3398 τας
1446 3337 1744 3406 γεγενημέ-

160 3446 254 3488 νας
284 3443 382 3479 σου
409 3423 520 3478 τῶν
548 3424 724 3495 έργων
749 3424 1150 3497 ἄρτιαίνέσεις;
1180 3427 1432 3495 Ἥχησαν
1459 3428 1612 3497 ἡμῶν
1639 3430 1745 3498 ἀμ-

161 3520 367 3587 φότερα
395 3516 472 3579 ὠς
496 3516 713 3587 ἀληθῶς
743 3517 810 3570 τὰ
849 3510 983 3570 ὦτα.
1012 3515 1078 3568 Τί
1112 3517 1437 3588 τοιγαροῦνς
1466 3520 1545 3571 δτι
1600 3514 1742 3588 ἦρας

162 3609 505 3679 συσσεισμὸν
537 3607 601 3679 [ι.
642 3608 947 3681 σύσσημον]
971 3613 1027 3663 ἐν
1049 3614 1159 3675 τοῖς
1184 3611 1384 3682 πέρασι
1409 3611 1744 3681 τηλικαύτης

162 3703 451 3766 εὐσεϐείας
476 3719 489 3732 ·
522 3704 616 3756 καὶ
663 3703 772 3756 ίδοὺ
819 3703 1018 3773 ἥκουσί
1063 3722 1145 3758 σοι
1196 3705 1642 3775 κυκλοτέρωοεν,
1669 3708 1743 3768 ὼς

162 3800 385 3868 νεςιέλαι
422 3797 747 3864 πετόμεναι,
784 3795 932 3848 λιταὶ
972 3795 1349 3867 παμπληθεῖς,
1388 3796 1744 3866 γεραίρουσαι

161 3891 252 3944 τὸν
290 3890 430 3944 Θεὸν
465 3889 607 3959 ὑπὲρ
638 3888 747 3940 τῶν
775 3888 972 3940 αἰσίων
1018 3906 1113 3941 σου
1145 3890 1568 3959 καταπράξεων.
1599 3890 1744 3958 Φρά-

165 3983 220 4046 Ca
249 3985 410 4052 ἡμῖν,
440 3976 486 4035 ῶ
510 3982 788 4042 δέσποινα,
813 3980 895 4044 τίς
918 3982 946 4033 ὁ
966 3981 1293 4044 ἐπιϐιϐάσας
1321 3999 1419 4034 σου
1449 3983 1538 4033 τὸν
1569 3982 1740 4034 καθα-

167 4076 413 4144 ρὼτατον
474 4073 600 4127 νοῦν
647 4075 742 4127 ἐπὶ
776 4074 844 4127 τὰ
876 4072 986 4143 ὕψη
1019 4071 1128 4125 τῶν
1161 4074 1446 4142 νοημάτων
1482 4074 1582 4143 τῆς
1613 4074 1743 4144 ἀλη-

165 4165 346 4226 θείας·
379 4162 523 4216 ῶστε
538 4163 614 4225 ὡς
644 4163 752 4216 ἀπὸ
769 4164 1002 4226 σκοπιᾶς
1030 4180 1178 4226 τινος
1199 4162 1412 4232 ὑψηλῆς
1465 4161 1740 4232 μετεώρου

166 4257 516 4328 καταθρῆσαι
550 4255 619 4308 τὰ
657 4256 880 4308 τοιαῦτα
919 4256 1124 4325 ἀρεστὰ
1153 4255 1271 4326 Θεῷ
1317 4255 1409 4307 καὶ
1460 4257 1621 4320 Eata;
1659 4254 1746 4306 Δί·

167 4351 324 4414 δαξον
353 4349 480 4402 ὅθεν
509 4364 592 4401 σοι
608 4349 636 4401 ό
655 4347 755 4417 τῆς
775 4347 1056 4409 εὐσεϐείας
1079 4346 1333 4409 τοσοῦτος
1357 4346 1498 4417 ἔρως
1515 4349 1740 4417 ἐνέσκη-

165 4442 261 4511 ψε·
303 4441 490 4504 καλῶς
519 4439 956 4511 ἀπληστεύεσθαι
975 4439 1045 4492 τὰ
1066 4439 1359 4509 θεάρεστα,
1385 4441 1478 4492 καὶ
1504 4440 1582 4501 εἰς
1603 4439 1743 4510 ὓπερ

169 4537 359 4590 ἐλάσαι
390 4531 611 4603 φειδοῦς
636 4533 735 4603 τῆς
763 4532 904 4604 ὑπὲρ
930 4532 1034 4586 τῶν
1051 4533 1393 4602 Χριστιανῶν
1414 4533 1653 4602 ψυχικῆς
1682 4549 1741 4584 τε

1908 2882 2021 2936 V0.1:
2051 2884 2107 2936 in
2129 2882 2300 2936 Rama
2332 2882 2518 2933 audita
2549 2890 2642 2946 est,
2663 2880 2738 2934 ait
2762 2879 3030 2934 visionum
3060 2877 3154 2932 Dei
3199 2885 3408 2948 specta-

1832 2982 1920 3029 tor
1962 2972 2246 3037 Jeremias,
2299 2970 2534 3038 ploratus
2588 2980 2634 3023 et
2671 2969 2906 3023 ululatu:
2955 2969 3190 3032 multus;
3219 2967 3413 3022 Rachel

1838 3073 1950 3118 tum
2008 3063 2224 3134 plorans
2262 3063 2398 3132 ﬁlios
2423 3078 2542 3115 suos
2561 3062 2626 3114 “.
2662 3060 2815 3115 Nunc
2844 3075 2974 3114 vero
2996 3059 3197 3128 qualia,
3227 3069 3283 3112 et
3308 3075 3414 3111 cu-

1835 3157 2210 3228 jusmodisunt
2236 3153 2565 3226 praesentia?
2591 3153 2863 3207 undenam
2897 3151 3158 3213 hesterni,
3193 3151 3413 3205 domina

1845 3248 2069 3318 optima,
2117 3247 2253 3303 sacri
2298 3245 2480 3316 palatii
2533 3245 2609 3297 tui
2655 3243 2828 3297 nuntii
2889 3258 3026 3312 quos
3091 3241 3324 3296 vidimus
3361 3247 3416 3293 et

1844 3339 2172 3402 audivimus,
2229 3353 2352 3392 cum
2406 3347 2655 3392 recentes
2711 3336 2868 3390 nobis
2925 3349 3154 3405 operum
3197 3343 3413 3388 tuorum

1845 3431 2029 3486 laudes
2043 3439 2531 3486 commemorarent
2561 3430 2582 3482 ?
2610 3428 3219 3484 Personueruntrevera
3245 3428 3416 3479 amba!

1845 3539 2009 3578 aures
2061 3533 2279 3578 nostrae.
2319 3522 2459 3587 Quid
2495 3537 2624 3592 ergo
2657 3521 2681 3575 ?
2721 3524 2846 3591 quia
2887 3519 3155 3575 sustulisti
3202 3518 3415 3588 signum

1844 3613 1912 3668 ab
1955 3613 2212 3668 extremis
2257 3613 2455 3666 finibus
2491 3621 2656 3666 tanta:
2683 3610 2903 3681 pietatis
2935 3628 2948 3663 :
2981 3619 3037 3664 et
3091 3625 3217 3664 ecce
3250 3609 3316 3662 ad
3366 3617 3417 3662 te

1845 3705 2074 3759 veniunt
2112 3704 2375 3774 undique,
2429 3713 2486 3757 et
2527 3703 2752 3756 nubium
2794 3703 2966 3756 instar
3022 3699 3414 3758 advolantium.

1844 3815 2037 3882 preces
2088 3800 2525 3869 quamplurimas,
2567 3798 2737 3852 Deum
2782 3798 3064 3852 laudantes
3100 3813 3198 3867 pro
3232 3795 3417 3865 auspi-

1845 3890 1982 3944 catis
2034 3890 2338 3943 actionibus
2387 3888 2515 3942 tuis.
2580 3888 2673 3942 Dic
2721 3887 2899 3952 nobis,
2941 3888 3181 3952 domina,
3231 3887 3419 3956 ecquis

1847 3981 1935 4034 ille
1980 3989 2084 4045 est,
2115 3981 2205 4048 qui
2247 3980 2606 4033 castissimam
2656 3991 2893 4033 mentem
2949 3987 3093 4032 tuam
3123 3980 3302 4033 evexit
3348 3979 3416 4032 ad

1845 4073 2134 4126 altissimos
2182 4085 2376 4126 sensus
2421 4071 2688 4136 veritatis,
2742 4080 2801 4124 ut
2859 4081 3114 4141 tanquam
3163 4088 3228 4125 ex
3271 4071 3417 4124 edita

1845 4165 2066 4235 specula
2099 4173 2155 4217 et
2189 4165 2406 4219 sublimi
2436 4165 2552 4235 haec
2580 4164 2705 4218 talia
2739 4179 2993 4219 cerneres
3033 4164 3143 4217 Deo
3183 4173 3331 4234 grata
3364 4173 3419 4217 et

1846 4266 2030 4313 sancta
2057 4257 2079 4310 ?
2108 4257 2268 4319 Doce,
2296 4257 2437 4312 unde
2470 4266 2655 4312 tantus
2684 4256 2780 4311 tibi
2820 4257 3036 4326 pietatis
3064 4273 3214 4309 amor
3239 4258 3418 4310 inces-

1845 4351 1936 4417 sit,
1969 4360 2026 4405 ut
2049 4351 2159 4405 Deo
2189 4351 2456 4421 placentia
2506 4349 2886 4404 insatiabiliter
2923 4360 3228 4418 expeteres,
3268 4360 3318 4405 et
3351 4351 3417 4404 ad

1847 4456 2122 4495 summum
2185 4441 2402 4496 culmen
2479 4442 2818 4511 pertingeres
2871 4441 3242 4495 saluberrima:
3290 4456 3417 4511 erga

1847 4533 2277 4586 Christianorum
2297 4541 2408 4586 tum
2430 4532 2638 4585 animas
2657 4543 2767 4585 tum
2793 4548 3016 4602 corpora
3043 4533 3419 4603 providentiae?

169 4631 262 4682 καὶ
280 4627 602 4698 σωματικῆς
645 4626 1026 4694 πολυωφελοῦς
1063 4625 1425 4695 προμηθείας.
1461 4627 1530 4678 Ἢ
1559 4625 1737 4696 ἐπειδὴ

1847 4622 1949 4685 An,
1980 4631 2041 4675 ut
2070 4621 2250 4676 divina
2299 4621 2603 4692 intelligens
2628 4631 2682 4675 et
2724 4622 3081 4692 amplectens,
3111 4631 3418 4677 maternum

172 4722 309 4774 πολὺ
348 4720 422 4772 τὰ
450 4718 569 4771 θεῖα
595 4718 891 4788 φρονοῦσα,
926 4718 1020 4771 καὶ
1062 4717 1385 4788 ίμειρομένη
1426 4718 1742 4788 μητρικῶς,

171 4813 270 4864 οὐκ
300 4811 540 4882 ἀρκετὸν
565 4813 759 4882 ἡγήσω
781 4811 842 4864 τὸ
866 4810 1027 4881 μόνον
1053 4809 1144 4864 τὸν
1174 4810 1303 4863 λαόν
1340 4827 1432 4863 σου
1457 4813 1521 4880 τῇ
1540 4809 1744 4862 ἀνωθεν

171 4904 489 4974 ἐπικουρίᾳ,
523 4903 598 4966 ὡς
640 4903 700 4968 ἐξ
735 4903 1119 4974 Αἰγυπτιακῆς
1165 4920 1311 4966 τινος
1354 4901 1620 4967 δουλείας,
1646 4902 1745 4972 τῆς

175 4996 495 5059 δυσσεϐοῦς,
520 4996 686 5065 φημὶ,
707 4995 963 5059 πίστεως,
987 4993 1361 5064 λυτρώσασθαι
1382 5009 1396 5024 ·
1424 4996 1472 5047 εί
1491 4996 1587 5064 μὴ,
1608 4994 1745 5064 μετὰ

173 5090 276 5142 τῶν
303 5086 689 5159 προλαϐόντων
723 5086 1079 5156 πολυτρόπως
1123 5084 1521 5155 ἐκλαμψάντων
1560 5104 1640 5138 σοι
1669 5085 1747 5137 δί-

174 5199 272 5253 κην
318 5183 570 5249 ἀστέρων
606 5179 1137 5250 ἀγαθουργημάτων,
1172 5180 1267 5232 καὶ
1310 5179 1408 5250 τὴν
1439 5178 1744 5249 παροῦσαν,

172 5278 242 5335 ὼς
283 5271 574 5340 κολοφῶνά
615 5286 736 5323 τινα
796 5269 904 5323 τῶν
942 5269 1187 5340 ἀρετῶν,
1232 5269 1741 5340 ἐπιπροσθήσασθαι

174 5368 365 5435 χάριν;
401 5365 614 5432 Ἀγιος,
667 5362 856 5431 ἅγιος,
892 5363 1064 5430 ἅγιος.
1111 5362 1402 5430 Εὐφράνθη
1443 5364 1470 5414 ὁ
1514 5363 1739 5425 οὐρανὸς

243 5478 482 5549 ¹·ΙΒοε.
515 5476 686 5542 x,il.

1853 4714 1908 4768 in
1950 4728 2157 4768 morem
2205 4729 2314 4768 non
2349 4715 2480 4768 satis
2527 4714 2745 4779 duxisti,
2785 4715 3044 4784 p0pulum
3080 4715 3285 4769 cmlesti
3316 4729 3421 4785 0pc

1851 4809 1997 4862 velut
2013 4825 2076 4863 ex
2092 4807 2402 4879 Algyptiaca
2421 4808 2651 4877 quadam
2673 4809 2954 4872 servitute,
2976 4809 3158 4876 impia,
3174 4808 3418 4877 inquam,

1852 4901 1978 4964 fide,
2012 4899 2268 4953 liberasse
2299 4917 2312 4966 ;
2345 4899 2448 4952 nisi
2477 4900 2544 4953 ad
2573 4898 2866 4968 praaterita,
2902 4908 2955 4953 et
2984 4899 3225 4953 siderum
3250 4909 3422 4953 instar

1853 4992 2001 5048 varie
2030 4991 2350 5046 eollucentia
2390 4991 2653 5045 beneficia
2687 5000 2797 5052 tua,
2826 4991 2988 5056 hanc,
3021 4991 3185 5044 veluti
3228 5005 3422 5059 quem-

1854 5087 1977 5139 dam
2013 5085 2272 5138 virtutum
2313 5093 2526 5138 tuarum
2569 5082 2950 5152 colophonem,
2997 5081 3262 5151 adjiceres
3297 5097 3420 5152 gra-

1855 5176 2038 5231 tiam?
2082 5175 2336 5237 Sanctus,
2383 5183 2622 5238 sanctus,
2667 5184 2909 5229 sanctus.
2951 5171 3186 5227 laetetur
3218 5173 3416 5226 malum

1850 5271 2106 5338 desuper,
2143 5283 2266 5322 cum
2299 5282 2465 5321 sacra:
2496 5266 2643 5321 vocis
2673 5264 2808 5319 Isaia
2838 5265 3082 5319 dicamus
3102 5264 3167 5329 ",
3199 5265 3414 5318 tametsi

1847 5362 1996 5417 istud
2024 5361 2303 5425 audacius,
2331 5360 2456 5428 quia
2480 5360 2618 5413 Deus
2641 5373 2738 5428 per
2763 5367 2815 5412 te
2835 5358 3092 5412 misertus
3115 5366 3197 5412 est
3227 5358 3413 5427 populi

801 5477 847 5508 "
879 5476 1078 5532 Jerem.
1110 5493 1258 5542 xxxx,
1297 5477 1379 5531 l5.
1455 5479 1499 5508 ’⁸
1559 5478 1661 5531 lsa.
1700 5494 1839 5543 κων,
1870 5478 1978 5542 ‘23;
2010 5493 2084 5538 Ix,
2113 5478 2164 5532 4.

1679 5592 1910 5649 NOTAE.

247 5708 359 5772 (il)
417 5706 766 5764 Εἰσελθεῒν.
838 5710 951 5761 οὐκ
1004 5703 1189 5776 εἶχον.
1247 5710 1396 5764 Hanc
1453 5712 1736 5779 epistolam

185 5781 418 5847 scripsit,
457 5789 514 5829 ut
547 5787 790 5845 apparet,
825 5793 948 5832 cum
976 5779 1154 5832 adhuc
1184 5781 1236 5832 in
1267 5791 1528 5836 monastei
1549 5784 1599 5837 iu
1627 5799 1740 5838 ver-

186 5865 414 5911 saretur,
458 5847 800 5918 proindequc
823 5856 946 5904 ante
972 5849 1247 5904 exsilium.

1920 5709 2029 5777 (19.)
2055 5709 2294 5763 Κανόνα
2322 5709 2635 5776 ἐποίησαν.
2671 5705 3119 5777 Ecclesiasticum
3151 5699 3408 5756 ofllicium

1848 5774 1961 5835 sive
1990 5796 2200 5848 preces,
2226 5795 2360 5847 quas
2386 5774 2489 5848 pro
2534 5795 2675 5849 aegra
2708 5774 2984 5833 Theodori
3023 5782 3193 5828 matre
3217 5786 3411 5826 mona-

1848 5853 1932 5906 chi
1969 5851 2366 5920 persolverunt.
