3926 6438
539 384 639 451 931

1731 384 1795 444 S.
1827 380 2221 442 THEODORI
2252 380 2596 442 STUDITIE

3686 381 3793 444 932

533 502 641 556 sui.
694 497 980 570 Impletum
1026 507 1109 553 est
1152 512 1280 569 ergo
1323 495 1636 551 universum
1683 511 1906 567 regnum
1958 506 2107 549 tuum

2214 492 2465 558 ἀνωθενῖ
2476 496 2617 565 μετά
2642 493 2735 548 τοῦ
2766 493 3191 565 ίεροφωνοτάτου
3233 492 3458 546 Ἠσαίου
3491 492 3791 564 ἐπιϐοήσο-

535 591 732 662 gaudio
761 600 817 645 et
864 590 1247 649 exsultatione.
1300 589 1557 658 quoaiam
1591 587 1831 642 ablatum
1869 595 1952 640 est
2004 588 2107 640 ini-

534 700 702 754 quum
740 684 950 754 jugum,
993 683 1137 752 quod
1180 697 1343 751 supra
1378 681 1555 750 ipsum
1591 690 1707 735 erat
1748 678 2006 749 positum,
2053 688 2107 733 et

534 778 682 848 virga
729 793 849 846 quae
893 792 1056 846 super
1093 777 1289 829 collqu
1324 776 1579 843 petentia:
1615 775 1797 843 hujus.
1827 773 1960 837 Quis
1985 772 2106 826 talia

534 868 776 923 audivit?
808 868 897 922 Eia
923 868 1107 931 dicite,
1141 868 1263 921 viri.
1291 866 1424 933 Quis
1455 867 1555 920 sub
1585 866 1689 920 alio
1719 866 1952 935 imperio
2001 865 2107 919 tale

535 977 599 1016 ac
626 972 830 1016 tantum
856 961 1065 1015 facinus
1088 961 1220 1014 vidit
1246 960 1268 1012 ?
1300 960 1534 1013 Laudate
1559 974 1701 1019 eam,
1724 972 1913 1012 omnes
1932 949 2107 1027 p'opu-

536 1053 595 1115 li.
646 1053 983 1123 magnificate
1030 1068 1146 1106 eam
1201 1053 1732 1122 mecum,principes
1781 1061 1839 1106 et
1881 1052 2103 1115 subditi,

536 1144 849 1197 sacerdotes
882 1153 936 1196 et
960 1143 1232 1205 monachi,
1265 1144 1772 1197 etChristianorum
1806 1143 1958 1196 natio
1988 1142 2108 1194 uni-

535 1249 713 1289 versa.
770 1234 888 1289 Non
936 1236 1079 1289 enim
1124 1235 1439 1289 admiranda
1475 1234 1648 1289 solum
1695 1234 1795 1289 fuit
1854 1242 1932 1288 tot
1988 1234 2105 1287 auri

538 1326 863 1380 talentorum
932 1327 1179 1380 remissio
1223 1327 1240 1397 (
1287 1342 1596 1396 quanquam
1667 1326 2107 1396 incomparabilis

537 1417 625 1472 illa
658 1435 741 1473 res
773 1428 856 1473 est
888 1417 929 1486 ),
964 1435 1150 1472 verum
1182 1420 1364 1480 etiam.
1410 1419 1551 1487 quod
1597 1418 1878 1488 iniustitia:
1918 1417 2105 1471 multi-

535 1509 656 1575 plex
698 1509 779 1561 via
826 1509 927 1562 hac
968 1510 1127 1561 simul
1172 1510 1380 1562 ratione
1416 1509 1639 1578 praecisa
1670 1516 1778 1573 est,
1833 1522 1972 1577 opus
2004 1506 2105 1560 fuit

536 1601 693 1668 longe
751 1600 1177 1654 sanctissimum.
1213 1600 1420 1653 Sublati
1468 1609 1594 1654 sunt
1631 1616 1661 1655 e
1712 1600 1893 1654 medio
1933 1615 2107 1654 nexus

534 1690 893 1743 violentarum
927 1688 1409 1757 lethiferarumque
1439 1688 1803 1753 exactionum,
1837 1689 1928 1758 qui
1969 1704 2100 1758 pras-

535 1782 851 1835 decessorcs
884 1791 1003 1836 tuos
1035 1798 1224 1835 omnes
1248 1782 1521 1836 latuerunt
1548 1799 1563 1847 ;
1596 1782 1720 1835 licet
1750 1798 1817 1836 ex
1850 1782 1934 1837 his
1963 1796 2103 1834 non-

536 1874 668 1928 nulli
725 1873 811 1943 pic
859 1883 1155 1943 sancteque
1206 1875 1608 1944 imperaverint.
1662 1874 1776 1928 Hoc
1808 1876 1954 1930 enim
2008 1874 2102 1930 tibi

537 1967 870 2021 servabatur.
903 1967 1082 2021 Cessit
1127 1968 1534 2037 jusjurandum,
1584 1970 1773 2023 crebra
1821 1968 2103 2036 dejeratio,

537 2058 620 2111 vel
642 2058 822 2127 potius
844 2059 1138 2128 perjurium
1156 2059 1487 2129 exigentium
1510 2060 1670 2113 simul
1697 2069 1750 2113 et
1770 2059 2105 2123 debentium,

541 2148 787 2219 utrisque
839 2149 962 2203 inde
994 2165 1091 2218 pro
1126 2165 1183 2202 re
1227 2157 1351 2203 nata
1401 2150 1812 2216 altercantibus,
1853 2151 1982 2205 dum
2020 2150 2109 2205 ille

538 2240 703 2296 celari
748 2242 991 2296 debitum
1022 2241 1333 2312 exprobrat,
1370 2241 1457 2296 hic
1517 2251 1708 2298 contra
1759 2256 1820 2296 se
1874 2241 2107 2312 Opprimi

540 2342 882 2387 sacramento
930 2333 1166 2401 adiurat.
1216 2332 1460 2387 Cessavit
1508 2333 1731 2403 inopum
1776 2332 2013 2398 afﬂictio,
2054 2340 2111 2387 et

538 2440 836 2495 pauperum
856 2426 1186 2491 sollicitudo,
1220 2442 1329 2479 non
1356 2426 1464 2494 jam
1491 2442 1600 2495 quo
1630 2426 1870 2481 remedio
1895 2426 2108 2480 mendi—

540 2518 757 2570 citatem
792 2518 1085 2587 depellant,
1116 2518 1475 2587 quwretitiuin
1515 2535 1528 2582 ;
1568 2519 1711 2587 quod
1744 2517 1925 2573 minus
1958 2533 2109 2572 acer-

533 2609 665 2662 bum
700 2608 898 2675 fuerit;
937 2610 1031 2664 sed
1063 2620 1119 2665 ut
1145 2610 1287 2679 quod
1335 2611 1536 2679 injuste
1594 2611 1847 2681 exigitur,
1878 2618 1933 2664 et
1964 2611 2109 2680 quod

537 2698 820 2753 desursum
867 2700 1285 2769 quodammodo,
1332 2710 1390 2755 ut
1430 2702 1633 2770 peccati
1682 2702 1845 2768 fetus,
1894 2704 2108 2773 irrupit,

540 2793 972 2861 compulsoribus
1000 2794 1333 2863 persolvant.
1359 2792 1473 2848 Non
1521 2795 1763 2864 pendunt
1811 2812 1958 2850 nunc
1988 2795 2107 2860 viae,

540 2893 682 2938 terra
712 2885 953 2955 marique
989 2885 1287 2957 vectigalia.
1325 2886 1573 2941 Cousona
1604 2898 1730 2941 sunt
1763 2888 1878 2943 haec
1930 2889 2107 2961 magni

540 2986 597 3031 et
619 2979 756 3032 sacri
783 2978 1149 3050 Chrysostomi
1179 2980 1377 3034 verbis.
1405 2980 1521 3034 Non
1549 2981 1781 3049 amplius
1811 2983 2112 3053 Spoliantur

540 3071 743 3141 injuste
788 3074 1017 3143 pecunia
1065 3073 1447 3129 mediterranei
1492 3075 1559 3129 ab
1590 3074 1677 3137 iis,
1722 3075 1811 3144 qui
1852 3085 2111 3147 angustos

2211 604 2333 656 μεν,
2369 589 2418 639 εί
2442 588 2537 641 καὶ
2567 586 2864 658 τολμηρὸν,
2892 588 2975 640 ὅτι
3008 586 3229 656 ἐλέησεν
3258 588 3285 638 ὁ
3315 586 3446 648 Θεὸς
3472 584 3563 638 διὰ
3584 585 3685 638 σοῦ
3699 587 3791 639 τὸν

2207 678 2331 731 λαὸν
2362 678 2551 732 αὐτοῦ.
2608 680 2883 749 Ἐπλήσθη
2905 680 3086 750 γοῦνή
3112 678 3375 749 σύμπασά
3409 695 3503 732 σου
3541 677 3793 747 βασιλεία

2208 771 2383 839 χαρᾶς
2416 775 2512 823 καὶ
2542 770 2916 838 ἀγαλλιάσεως
2944 788 2957 801 ⁸
2989 771 3072 823 δτι
3106 770 3384 841 ἀφῄρηται
3409 771 3438 823 ὁ
3469 770 3683 840 ἀνομος
3701 770 3792 835 ζυ-

2208 862 2300 928 γὸς
2330 864 2357 915 ό
2384 862 2471 914 ἐπ’
2505 863 2675 933 αὐτὴν
2722 862 2995 932 κείμενος,
3041 864 3137 916 καὶ
3174 865 3207 933 ή
3255 864 3448 933 ῥάϐδος
3476 865 3512 934 ἡ
3546 864 3645 917 ἐπὶ
3694 862 3789 916 τοῦ

2207 954 2480 1024 τραχήλου
2534 959 2634 1024 τῆς
2674 955 2932 1025 τοιαύτης
2966 956 3403 1028 ὲπικρατήσεως.
3452 956 3551 1019 Τίς
3581 957 3786 1026 ἢκουσε

2205 1043 2430 1095 τοιαῦτα
2450 1060 2465 1110 ;
2488 1043 2666 1113 δεῦρο,
2694 1046 2904 1111 εἴπατε,
2933 1044 3142 1115 ἀνδρες.
3176 1046 3287 1099 Καὶ
3317 1046 3401 1108 τίς
3417 1044 3674 1115 ἑώρακεν
3700 1046 3784 1098 ἐπ’

2206 1134 2373 1205 ἀλλης
2405 1134 2682 1204 βασιλείας
2710 1135 2951 1188 τοιοῦτον
2985 1138 3079 1188 καὶ
3103 1135 3356 1189 τοσοῦτον
3405 1136 3781 1207 κατόρθωμα;

2219 1227 2575 1281 Ἐπαινέσατε
2606 1227 2794 1297 αὐτὴν,
2816 1228 3015 1290 πάντες
3038 1228 3087 1281 οί
3116 1228 3268 1281 λαοί·
3309 1229 3654 1298 μεγαλύνατε
3684 1230 3782 1282 αὐ-

2205 1319 2304 1388 τὴν
2334 1318 2430 1372 σὺν
2458 1321 2612 1388 ἡμῖν,
2648 1319 2905 1389 ἄρχοντές
2927 1337 2985 1373 τε
3025 1320 3120 1374 καὶ
3147 1323 3468 1392 ἀρχόμενοι,
3514 1324 3687 1392 ἱερεῖς
3725 1342 3781 1377 τε

2207 1410 2304 1463 καὶ
2337 1410 2623 1479 μονασταὶ,
2656 1416 2746 1463 καὶ
2784 1413 2891 1465 πᾶν
2924 1413 2983 1465 τὸ
3008 1413 3391 1480 Χριστιανικὸν
3419 1413 3606 1482 φῦλον.
3648 1420 3781 1474 Οὐδὲ

2206 1504 2333 1576 γάρ,
2366 1505 2449 1558 δτι
2482 1504 2587 1558 τῶν
2615 1505 2886 1559 τοσούτων
2914 1506 3009 1559 τοῦ
3036 1506 3262 1577 χρυσίου
3289 1506 3565 1562 ταλάντων
3595 1511 3631 1581 ἡ
3676 1514 3781 1581 ἄφ-

2206 1613 2323 1659 εσις
2354 1598 2565 1665 γέγονε,
2612 1596 2925 1667 θαυμαστὸν
2971 1599 3157 1668 μόνον,
3203 1599 3407 1671 καίπερ
3453 1600 3512 1653 ὃν
3545 1602 3782 1681 ἀνυθπέρ-

2206 1687 2402 1757 ϐλητον
2423 1703 2439 1718 ⁸
2474 1687 2590 1741 ἀλλ’
2617 1689 2697 1742 ὅτι
2730 1689 2825 1743 καὶ
2858 1690 3023 1759 πόρος
3070 1690 3287 1754 ἀδικίας
3330 1690 3697 1757 πολυπλάσιος
3724 1696 3780 1747 ἐν

2206 1782 2272 1849 τῇ
2308 1779 2532 1852 τοιαύτῃ
2561 1780 2815 1834 ὑποθέσει
2854 1781 3214 1851 συνεξεκόπη,
3246 1780 3566 1836 ὁσιώτατον.
3595 1786 3779 1856 Ἠρθη

2139 1837 2181 1891 Β
2210 1837 2274 1927 ἐκ
2311 1874 2476 1943 μέσου
2504 1837 2861 1944 ⁶ξειτραγγοιλιτὲι
2884 1837 3074 1945 βιαίων
3110 1837 3588 1947 καῖψυχοφθόρων

2207 1967 2486 2037 τημάτων,
2508 1966 2747 2021 λαθοῦσα
2772 1966 2901 2029 τοὺς
2922 1966 3029 2037 πρὸ
3054 1965 3149 2022 σοῦ
3182 1966 3446 2033 ἅπαντας,
3471 1968 3678 2039 καίπερ
3693 1986 3779 2023 τι-

2209 2059 2303 2121 νάς
2328 2056 2565 2122 εὐσεϐῶς
2583 2057 3059 2128 βεϐασιλευκότας.
3078 2059 3250 2112 Τοῦτο
3269 2060 3379 2130 γάρ
3400 2076 3480 2113 σοι
3494 2060 3777 2117 ἀπέκειτο.

2210 2152 2490 2205 Πέπαυται
2519 2153 2803 2221 ἐφομοσία,
2832 2152 3159 2223 πολυορκία,
3185 2152 3387 2223 μᾶλλον
3409 2152 3465 2208 δέ
3484 2153 3780 2227 ψευδορκία

2208 2242 2301 2296 ἐπί
2332 2260 2393 2296 τε
2426 2243 2535 2296 τῶν
2562 2244 2935 2297 ἀπαιτούντων
2985 2246 3080 2297 καὶ
3117 2244 3537 2315 ἀπαιτουμένων
3558 2262 3571 2276 ⁸
3602 2248 3781 2316 ἀμφο-

2207 2335 2381 2405 τέρων
2403 2333 2651 2387 ἐντεῦθεν
2677 2334 2753 2396 ὡς
2780 2334 2840 2386 τὸ
2880 2333 3095 2404 συμϐὰν
3121 2334 3532 2405 ἀπολλυμένων,
3555 2333 3652 2387 τοῦ
3681 2335 3781 2405 μὲν

2209 2427 2237 2480 ὅ
2261 2446 2312 2481 τι
2351 2425 2688 2496 ἀποκρύψειε
2734 2426 3099 2497 πειρωμένου,
3132 2426 3226 2481 τοῦ
3257 2427 3331 2491 δὲ,
3367 2427 3395 2479 ὃ
3429 2443 3483 2480 τι
3507 2426 3780 2497 ὐπερπιά-

2211 2536 2321 2572 σειε
2379 2518 2961 2588 καταπολιορκοῦντος.
2996 2518 3278 2572 ιιέπαυται
3318 2515 3569 2587 ἐκθλιψις
3598 2534 3782 2572 στενο-

2209 2610 2589 2682 χωρουμένων,
2612 2610 2709 2664 καὶ
2733 2610 3048 2680 πενομένων
3069 2611 3481 2681 φροντιστήρια,
3501 2610 3603 2680 οὐχ
3625 2611 3777 2674 ὅπως

2208 2703 2307 2772 τῆς
2340 2704 2611 2773 πτωχείας
2642 2703 2931 2775 φάρμακον
2952 2700 3291 2773 ἀλεξιτήριον
3345 2700 3658 2774 ἐξευρεθείη
3692 2704 3781 2775 ζη-

2212 2794 2471 2849 τούντων⁸
2516 2792 2677 2867 ἦττον
2736 2796 2844 2864 γὰρ
2894 2790 2963 2865 ἦν
3008 2794 3073 2848 ἀν
3107 2793 3168 2846 τὸ
3214 2794 3459 2865 λυπηρόν
3490 2810 3504 2825 ⁸
3546 2794 3778 2848 ἀλλ’ἵνα

2210 2887 2271 2940 τὸ
2308 2887 2617 2951 ἀσύνθετον,
2642 2887 2736 2940 καὶ
2752 2884 2957 2941 ἄνωθέν
2986 2902 3105 2949 πως
3137 2884 3211 2949 ὼς
3237 2885 3513 2957 ἁμαρτίας
3532 2886 3782 2959 γέννημα

2212 2979 2607 3049 ἐπεισφρῆσαν,
2648 2978 3016 3030 ἀποτίσωνται
3043 2979 3156 3039 τοῖς
3190 2980 3548 3051 πράκτορσιν.
3584 2980 3786 3035 Οὐκέτι

2211 3071 2266 3123 αἱ
2296 3070 2406 3123 ὁδοὶ
2434 3068 2810 3134 τελωνοῦνται,
2842 3069 2964 3123 ὅσαι
3005 3070 3146 3123 κατά
3190 3070 3315 3140 γῆν,
3356 3071 3478 3125 ὅσαι
3520 3073 3664 3125 κατὰ
3696 3072 3785 3125 θά-

538 3164 749 3219 viaruin
772 3166 952 3219 aditus
974 3166 1245 3231 obsident,
1270 3167 1499 3237 agrestis
1524 3168 1823 3237 cujuspiam
1848 3168 2107 3222 damonis

2211 3163 2437 3216 λασσαν.
2483 3162 2848 3231 Ἀντίφθογγα
2896 3162 3073 3217 ταῦτα
3112 3162 3223 3216 τῶν
3270 3163 3374 3217 ὐπὸ
3416 3163 3510 3218 τοῦ
3540 3165 3783 3233 μεγάλου

542 3273 713 3321 more,
747 3267 842 3311 aut
869 3259 1242 3312 immansueta;
1286 3259 1413 3311 fera:
1440 3259 1727 3313 delibantis
1763 3276 1979 3329 semper
2011 3260 2111 3314 ali-

538 3350 665 3419 quid
682 3367 747 3404 ex
768 3352 974 3404 sarcina
990 3352 1243 3421 pauperis
1265 3353 1503 3407 viatoris.
1539 3350 1647 3408 Nec
1666 3369 1851 3407 rursus
1871 3355 2108 3423 turpium

540 3441 848 3512 bujusmodi
877 3444 1217 3498 exaetionum
1245 3452 1390 3499 metu
1423 3446 1565 3500 domi
1590 3462 1647 3501 se
1670 3447 1955 3501 continent
1980 3464 2108 3517 ege-

540 3535 617 3600 ni,
652 3552 825 3605 neque
850 3537 1067 3606 oppida,
1105 3553 1279 3606 neque
1311 3539 1577 3592 maritima
1612 3539 1729 3594 loca
1760 3540 2111 3609 frequentan-

542 3634 623 3679 tes
658 3642 673 3679 :
705 3627 903 3695 ubique
945 3629 1086 3681 enim
1120 3629 1418 3697 iniquitatis
1449 3630 1655 3699 scopuli
1706 3634 2105 3701 prominebant.

541 3715 657 3769 Non
681 3718 913 3785 amplius
943 3729 1122 3773 nautae
1145 3721 1210 3773 ab
1251 3720 1458 3776 oriente
1490 3735 1545 3777 et
1570 3723 1852 3778 occidente
1872 3734 1927 3777 et
1954 3726 2109 3793 aqui-

540 3805 664 3860 lone
690 3807 984 3870 solventes.
1011 3811 1312 3879 navigando
1343 3811 1727 3879 przefocantur.
1764 3823 2016 3882 tanquam
2042 3832 2110 3869 ex

541 3908 756 3969 gutture
773 3904 1015 3971 angustis
1042 3902 1286 3956 fam-ibus
1307 3905 1608 3972 portorium
1642 3905 1923 3959 reddituri.
1949 3906 2109 3960 Libe-

543 3990 642 4042 rati
671 3998 796 4044 sunt
825 3991 915 4060 qui
944 3993 1171 4045 venandi
1199 4002 1371 4047 artem
1394 4004 1669 4058 exercent,
1692 3997 1941 4064 expedite
1965 4013 2109 4052 nunc

542 4081 684 4135 illam
720 4083 1004 4143 obeuntes.
1041 4099 1190 4137 sacra
1228 4082 1395 4139 lrene.
1443 4085 1683 4141 Piscator
1707 4089 1799 4157 qui
1835 4098 1943 4144 tres
1972 4092 2109 4145 forte

543 4173 716 4243 pisces
748 4176 927 4235 traxit,
966 4176 1126 4245 idque
1160 4186 1279 4245 post
1328 4194 1581 4248 maguum
1618 4196 1842 4250 prorsus
1872 4183 2108 4239 laborem

543 4268 707 4321 totius
737 4266 866 4332 diei,
900 4284 1065 4321 unum
1097 4271 1330 4339 pendere
1360 4284 1466 4325 non
1489 4273 1718 4343 cogitur.
1751 4275 1964 4345 Auceps
1987 4293 2110 4331 eum

542 4374 669 4412 areu
720 4366 813 4411 aut
843 4358 993 4412 visco
1046 4361 1305 4427 pauculas
1332 4361 1470 4414 forte
1508 4377 1636 4416 aves
1662 4364 1889 4431 ceperit,
1934 4366 1999 4419 ad
2031 4366 2112 4418 vi-

543 4459 688 4504 etum
722 4451 824 4505 sibi
859 4452 1192 4506 necessarias
1235 4452 1542 4507 immunisa
1591 4456 1829 4526 vectigali
1860 4472 2107 4520 manens,

542 4543 753 4596 beatius
805 4543 966 4595 vivet.
1018 4541 1243 4595 Militum
1278 4559 1474 4596 uxores
1509 4546 1865 4599 domesticum
1900 4547 2105 4601 luctum

543 4635 809 4689 habentes
833 4633 903 4688 ob
934 4633 1174 4686 virorum
1201 4634 1571 4700 amissionem,
1598 4652 1704 4689 non
1740 4638 1933 4692 acerbe
1958 4639 2110 4693 insu-

543 4741 641 4796 per
671 4724 877 4778 flehunt
907 4725 1269 4779 miserabilem
1291 4733 1345 4779 et
1377 4726 1727 4781 inhumanam
1759 4744 1856 4798 pro
1894 4739 2110 4786 mortuo

543 4816 1109 4871 exactionem.Missos
1133 4816 1271 4871 facio
1291 4818 1567 4882 subulcos,
1601 4820 1780 4873 ovium
1808 4821 2107 4887 institores,

545 4910 651 4963 vini
701 4918 996 4979 emptores.
1054 4909 1206 4963 Mitto
1258 4911 1452 4973 lanios,
1510 4921 1773 4975 textores,
1836 4914 2107 4978 ferrarios,

544 5010 777 5065 sutores,
821 5000 1074 5065 fullones,
1121 5002 1501 5065 aromatarios,
1530 5014 1582 5056 et
1611 5004 1942 5060 architectos
1972 5023 1985 5065 :
2020 5016 2107 5061 at-

544 5109 650 5163 que
694 5101 755 5146 ut
792 5093 979 5163 paucis
1007 5093 1360 5162 complectar,
1396 5105 1566 5148 artem
1617 5112 1856 5163 omnem,
1898 5115 2018 5169 quae
2053 5101 2105 5154 in

544 5200 697 5250 auro,
734 5185 819 5239 vel
848 5184 898 5237 in
933 5185 1099 5253 ligno,
1142 5185 1227 5239 vel
1274 5186 1327 5239 in
1352 5185 1453 5240 alia
1485 5186 1700 5241 demum
1733 5190 1957 5245 materia
1990 5207 2112 5246 cer-

549 5275 715 5340 nitur,
751 5289 821 5328 ne
847 5274 1055 5346 longior
1088 5277 1210 5341 sim,
1249 5276 1300 5331 in
1360 5277 1462 5333 hac
1510 5279 1786 5333 minutiori
1828 5297 2113 5338 enumera-

549 5365 715 5431 tione,
740 5365 941 5435 optima
970 5366 1213 5428 domina.
1240 5368 1557 5438 plauserunt
1582 5386 1771 5425 omnes
1794 5374 1906 5428 suis
1932 5376 2109 5429 mani-

546 5456 670 5522 bus,
716 5466 773 5511 et
799 5458 967 5529 gavisi
1018 5468 1146 5514 sunt
1172 5462 1365 5530 gaudio
1407 5477 1603 5533 magno
1642 5464 1793 5519 valde
1817 5467 2059 5522 dicentes
2094 5487 2106 5523 :

548 5546 870 5603 Benedicam
904 5559 974 5610 te.
1021 5550 1264 5615 Domine,
1316 5555 1573 5621 quoniam
1607 5556 1860 5614 misertus
1892 5575 1950 5614 es
1980 5561 2109 5626 mei,

550 5651 607 5693 et
637 5640 811 5695 factus
839 5657 899 5696 es
930 5643 1061 5698 mihi
1094 5645 1145 5697 in
1179 5645 1429 5700 salutem.

2211 3259 2306 3309 καὶ
2339 3254 2483 3325 ἱεροῦ
2514 3255 2904 3325 Χρυσοστόμου
2938 3256 3267 3327 εἰρημένων.
3318 3256 3513 3311 Οὐκέτι
3548 3258 3783 3328 ὴπειρῶ·

2209 3364 2298 3399 ται
2340 3345 2791 3418 ἐξαργυρίζονται
2833 3346 2997 3401 ἀδικα
3042 3347 3188 3402 κατὰ
3212 3347 3337 3410 τοὺς
3374 3349 3687 3412 στενωποὺς
3720 3352 3785 3402 ἐκ

2208 3439 2316 3491 τῶν
2340 3438 2763 3510 ἐπικαθημένων
2786 3437 2987 3494 ὡσανεὶ
3004 3439 3198 3510 ἀγρίου
3255 3439 3402 3502 τινδς
3442 3438 3717 3509 δαίμονος,
3748 3440 3784 3508 ἢ

2210 3530 2505 3585 ἀτιθάσσου
2548 3530 2735 3602 θηρὸς,
2764 3532 3175 3601 ἀπογευομένου
3226 3531 3443 3593 πάντως
3474 3532 3539 3582 ἐκ
3562 3529 3661 3599 τῆς
3688 3528 3785 3581 τοῦ

2212 3624 2509 3693 πενομένου
2550 3624 2725 3677 ὀδίτου
2781 3623 3224 3693 ἐπιφορτώσεως.
3262 3622 3384 3675 Οὐδ’
3418 3617 3485 3675 αὖ
3522 3622 3633 3675 δέει
3674 3622 3787 3674 τῶν

2210 3716 2468 3769 τοιούτων
2508 3714 2752 3785 αἰσχρῶν
2794 3715 3100 3784 λημμάτων
3131 3714 3269 3768 οίκοι
3298 3713 3548 3783 μένουσιν
3574 3713 3623 3764 οἱ
3649 3713 3789 3767 ἀπο-

2214 3807 2490 3879 ρούμενοι,
2527 3809 2664 3878 μήτε
2694 3806 2762 3860 τά
2791 3807 2849 3859 ἐν
2879 3808 3057 3870 ἄστει,
3094 3809 3232 3879 μήτε
3266 3806 3393 3869 τοὺς
3428 3805 3789 3875 παραθαλασ-

2212 3900 2360 3962 σίους
2420 3899 2621 3962 τόπους
2678 3897 3187 3967 καταλαμϐάνοντες
3216 3912 3230 3926 ⁸
3257 3894 3532 3964 πανταχοῦ
3579 3895 3692 3965 γὰρ
3736 3898 3790 3949 οι

2209 3990 2312 4060 τῆς
2336 3991 2548 4054 ἀδικίας
2589 3989 2843 4044 σκόπελοι
2874 3991 3304 4062 προεστήκασιν.
3337 3988 3533 4042 Οὐκέτι
3564 3991 3612 4042 οἱ
3638 3989 3791 4043 πλω-

2209 4086 2371 4156 τῆρες
2406 4085 2514 4139 ἀπὸ
2542 4084 2816 4139 ἀνατολῶν
2848 4084 2943 4137 καὶ
2988 4083 3212 4153 δυσμῶν
3263 4082 3359 4136 καὶ
3403 4082 3575 4154 βορρᾶ
3636 4082 3793 4153 ἐξορ-

2216 4177 2458 4249 μώμενοι
2485 4178 2579 4231 καὶ
2627 4178 3028 4237 καταπλέοντες
3080 4176 3495 4245 ὐποπνίγονται,
3524 4176 3600 4239 ὡς
3626 4174 3696 4228 ἂν
3727 4178 3793 4229 ἐκ

2212 4270 2407 4341 λαιμοῦ
2444 4272 2553 4333 τοῖς
2604 4273 2807 4333 στενοῖς
2842 4270 3079 4338 στομίοις
3107 4270 3168 4322 τὸ
3209 4267 3610 4337 τελωνούμενον
3648 4268 3791 4320 ἀποο

2212 4363 2497 4426 δώσοντες.
2554 4362 2883 4433 Ἀφείθησαν
2926 4363 2977 4414 οἱ
3026 4361 3125 4432 τὴν
3171 4361 3509 4431 ἀγρευτικὴν
3556 4358 3792 4426 μέθοδον

2218 4454 2630 4525 μετερχόμενοι,
2678 4453 2898 4522 κούφως
2946 4452 3151 4522 ταύτην
3179 4450 3658 4521 διαλαμϐάνοντες,
3696 4452 3793 4504 Ei-

2219 4547 2353 4616 ρήνη
2386 4545 2663 4615 ίερὸψυχε.
2710 4545 2769 4598 '0
2803 4544 2987 4607 ἁλιεὺς
3018 4544 3178 4614 τυχὸν
3220 4545 3370 4615 τρεῖς
3413 4542 3602 4613 ἰχθύας
3634 4544 3796 4597 ἀνελ-

2216 4638 2409 4703 κύσας,
2436 4639 2529 4690 καὶ
2559 4636 2716 4690 τοῦτο
2744 4638 2960 4701 πάντως
2989 4636 3162 4689 πολλά
3192 4634 3544 4698 κεκοπιακὼς
3571 4636 3639 4690 δι’
3660 4636 3793 4708 ὅλης

2215 4732 2449 4800 ἡμέρας,
2478 4729 2567 4783 τὸν
2622 4729 2718 4783 ἕνα
2743 4729 2843 4782 οὐκ
2896 4730 3263 4784 ἀποτίννυσιν.
3312 4730 3368 4783 Ὀ
3422 4728 3645 4799 τοξότης
3694 4729 3730 4799 ἢ
3767 4732 3797 4782 ὁ

2221 4822 2432 4891 ἱξευτὴς
2461 4822 2668 4893 οὕσπερ
2714 4823 3009 4893 ἐθήρευσεν
3056 4822 3271 4887 ὀλίγους
3306 4821 3446 4892 τάχα
3490 4822 3711 4892 ὄρνεις,
3736 4821 3795 4886 ἐξ

2218 4908 2292 4969 ὧν
2341 4916 2491 4984 αὐτῷ
2532 4918 2565 4986 ἡ
2614 4915 2887 4984 ἀναγκαία
2922 4916 3117 4987 τροφὴ,
3168 4915 3554 4986 ἀλογοθέτητος
3597 4915 3794 4986 διαμέ-

2215 5026 2321 5063 νων
2369 5009 2717 5080 εὐζωήσειεν.
2750 5010 2816 5061 At
2852 5010 3235 5080 στρατιώτιδες
3278 5009 3339 5061 τὸ
3367 5009 3565 5061 οἰκεῖον
3589 5008 3791 5071 πένθος

2217 5100 2435 5171 ἔχουσαι
2462 5101 2561 5171 τῆς
2606 5100 2866 5171 ἀνδρικῆς
2906 5101 3200 5171 ἀποϐολῆς,
3226 5100 3325 5154 οὐκ
3359 5100 3795 5171 ἐπιθρηνήσουσι

2216 5192 2428 5263 πικρῶς
2472 5193 2571 5264 τὴν
2620 5193 2759 5265 ὑπὲρ
2796 5192 2890 5247 τοῦ
2927 5192 3178 5257 θανέντος
3219 5193 3457 5265 ἐλεεινὴν
3484 5193 3580 5250 καὶ
3612 5194 3793 5248 ἀπάν-

2218 5285 2434 5355 θρωπον
2460 5285 2832 5356 ἐξαπαίτησιν.
2858 5287 2967 5339 Καὶ
2978 5286 3225 5357 ,πάρειμι
3241 5288 3368 5350 τοὺς
3390 5285 3645 5351 συϐότας,
3665 5287 3795 5349 τούς

2219 5378 2729 5449 προϐατεμπόρους,
2770 5380 2895 5442 τούς
2922 5378 3267 5449 οίνοπράτας.
3316 5378 3419 5431 Ἐῶ
3445 5377 3629 5446 λέγειν
3663 5380 3791 5441 τοὺς

2220 5472 2577 5543 κρεωπώλας,
2607 5472 2732 5535 τούς
2766 5472 3207 5543 ίστουργοῠντας,
3235 5473 3357 5535 τοὺς
3390 5471 3789 5540 χαλκοτύπους,

2218 5566 2344 5628 τούς
2378 5564 2762 5633 σκυτοτόμους,
2802 5564 2929 5627 τοὺς
2972 5564 3337 5627 δευσοποιοὺς,
3376 5564 3788 5635 ἀρωματοπρά-

2221 5676 2319 5721 τας
2349 5676 2409 5712 τε
2442 5658 2537 5711 καὶ
2561 5658 2947 5728 ἀρχιτέκτονας
2970 5677 2984 5690 ⁸
3016 5660 3107 5712 καὶ
3128 5659 3427 5731 συλλήϐδην
3448 5660 3621 5712 εἰπεῖν
3649 5658 3788 5712 ἀπα-

550 5752 649 5787 σαν
678 5736 927 5802 μέθοδον,
969 5736 1066 5806 ὅση
1096 5738 1235 5790 κατὰ
1275 5740 1672 5808 χρυσουργίαν,
1699 5743 1798 5814 ὅση
1837 5745 1978 5798 κατά
2022 5747 2360 5822 ξυλουργίαν,
2410 5749 2510 5815 ὅση
2573 5748 2713 5801 κατά
2768 5750 2947 5801 πᾶσαν
3002 5748 3167 5819 ἀλλην
3194 5749 3325 5821 ὕλην
3363 5750 3783 5821 ἐπιθεωρεῖται·

554 5828 639 5883 ἵνα
690 5830 765 5903 μὴ
810 5831 1019 5903 μακρὸν
1062 5834 1401 5904 ἀποτείνοιμι
1448 5837 1633 5902 λόγον·
1710 5840 1765 5890 ἐν
1808 5844 1875 5911 τῇ
1918 5843 2139 5913 τοιαύτῃ
2207 5841 2647 5913 κατακερμασίᾳ.
2688 5834 2732 5895 ὧ
2762 5842 3039 5910 πανάγαθε
3084 5841 3362 5911 δέσποινα,
3408 5842 3786 5913 ἐπεκρότησεν
