3926 6504
140 439 236 503 933

1355 441 1894 503 EPISTOLARUM
1943 444 2091 504 LIB.
2121 444 2169 504 Ι.

3301 440 3400 502 934

133 557 246 615 ταῖς
293 553 485 624 χερσὶν
530 551 710 608 αὐτῶν
764 554 1033 618 ἅπαντες,
1079 555 1172 608 καὶ
1218 556 1493 628 ἐχάρησαν
1537 558 1712 628 χαρὰν
1755 559 1999 629 μεγάλην
2039 559 2282 630 σφόδρα,
2325 559 2512 612 ἐκεῖνα
2588 557 2871 628 εἰρηκότες
2899 571 2913 586 ·
2975 556 3270 629 Εὑλογήσω
3316 575 3402 616 σε,

135 652 322 723 Κύριε,
373 653 457 704 ὅτι
496 651 736 722 ἠλέησάς
782 670 873 721 με,
903 652 996 705 καὶ
1039 653 1224 720 ἐγένου
1271 671 1361 721 μοι
1409 655 1489 717 εἰς
1529 655 1829 724 σωτηρίαν.

200 744 291 794 Διὸ
325 740 610 805 πεποιθὼς
659 743 854 809 ἐσομαι
901 743 994 794 ἐπί
1026 746 1092 812 τῇ
1140 743 1406 811 θεοσδότῳ
1439 761 1532 797 σου
1564 744 1725 813 βασι-

1895 745 2190 817 Propterea
2242 745 2496 802 ﬁduciam
2530 760 2738 800 sumam
2776 746 2830 800 in
2866 749 2970 801 hoc
2990 747 3247 804 divinitus
3274 749 3405 805 dato

132 831 268 902 λείᾳ.
291 833 481 886 Ταῦτα
508 833 687 886 πάντα
709 834 819 903 (15)
856 833 1116 897 αἰνέσεως
1147 833 1327 904 πλήρη
1359 837 1453 887 καὶ
1482 834 1718 904 ἐξυμνή-

135 942 288 990 σεως,
339 923 546 995 Εἰρήνη
597 924 725 995 φίλη
761 924 1020 994 Χριστοῦ,
1044 926 1106 979 τὸ
1145 926 1316 994 γλυκὺ
1359 926 1451 979 καὶ
1487 928 1721 996 πρᾶγμα

133 1019 225 1070 καὶ
245 1017 442 1086 ϐνομα.
466 1016 651 1069 Ταῦτα
680 1016 740 1068 ού
777 1017 938 1087 μόνον
973 1019 1029 1070 ἐν
1051 1021 1117 1088 τῇ
1151 1019 1477 1088 ἐπικρατείᾳ
1497 1019 1596 1088 τῆς
1621 1017 1718 1086 βα-

135 1107 342 1170 σιλείας
379 1125 497 1170 σου,
534 1106 669 1159 ἀλλά
700 1109 793 1160 καὶ
824 1107 987 1179 μέχρι
1026 1108 1316 1180 τερμάτων
1341 1108 1436 1178 τῆς
1459 1109 1719 1178 οἰκουμέ-

135 1216 228 1268 νης
257 1198 690 1268 διαδοθήσονται,
716 1200 811 1252 καὶ
850 1199 1172 1252 ἀκούσονται
1203 1201 1352 1268 ἡμᾶς
1385 1199 1716 1268 ἀλλοεθνεῖς,

135 1291 228 1344 καὶ
257 1289 654 1359 θαυμάσονται,
687 1291 783 1344 καὶ
814 1288 1212 1360 πτοηθήσονται
1242 1292 1351 1344 ἀπὸ
1377 1292 1479 1360 τῆς
1508 1291 1720 1360 εὐπρα-

137 1381 253 1446 ξίας
283 1381 394 1434 τῶν
426 1380 607 1448 σοφῶν
638 1397 732 1432 σου
761 1380 1230 1450 ἐπιτηδευμάτων.
1258 1381 1546 1436 Αἰδοῦνται
1580 1382 1716 1454 γὰρ,

137 1475 328 1541 φησιν.
367 1469 578 1537 ἀνδρῶν
603 1469 808 1540 ἀρετὴν
843 1471 938 1522 καὶ
971 1470 1242 1538 πολέμιοι,
1271 1471 1300 1523 ό
1331 1471 1436 1525 τῶν
1455 1473 1719 1538 θεολόγων

135 1560 481 1631 διαπρύσιος.
516 1558 674 1612 Οὕτω
706 1560 1036 1628 φυλάττεταί
1063 1578 1156 1614 σου
1190 1562 1433 1632 ἀρραγές
1469 1563 1531 1615 τὸ
1562 1563 1718 1632 βασί-

136 1654 276 1705 λειον
302 1667 318 1680 ⁸
347 1651 520 1713 οὕτως
549 1650 684 1704 εἴκει
719 1651 810 1704 καὶ
835 1651 1083 1704 πείθεται
1111 1669 1192 1705 σοι
1213 1653 1470 1722 ἀσμένως
1523 1654 1586 1707 τὸ
1617 1655 1720 1706 ὐπ-

136 1747 317 1815 ήκοον.
349 1742 538 1815 Ταύτῃ
564 1743 887 1813 θεραπεύεις
915 1743 976 1795 τὸ
994 1744 1175 1796 Θεῖον’
1215 1744 1386 1815 ταύτῃ
1414 1743 1718 1815 ἐπευφραί-

138 1828 246 1899 vel;
271 1837 398 1899 τοὺς
427 1837 722 1899 ἐκλεκτοὺς
744 1836 878 1889 Θεοῦ
906 1837 1190 1906 ἀγγέλους,
1221 1838 1334 1892 ἀλλ’
1365 1837 1458 1892 οὖν
1479 1839 1718 1903 καὶτοὺς

139 1928 296 1991 ὁσίως
317 1928 414 1980 καὶ
441 1926 665 1990 δικαίως
699 1925 1171 1996 πολιτευομένους,
1202 1927 1406 1998 Εἰρήνη
1446 1926 1714 1995 θεὼνυμε.

151 2020 237 2072 Ἐν
271 2018 487 2082 τούτοις
512 2021 545 2088 ἡ
581 2017 834 2072 εὐσέϐειά
883 2035 976 2071 σου
1022 2017 1338 2086 διαλάμπει.
1382 2019 1470 2070 Ἐν
1506 2019 1717 2080 τούτοις

1827 836 2055 907 imperio
2089 850 2204 892 tuo.
2237 837 2364 892 Haec
2385 837 2566 892 omnia
2591 837 2767 892 laudis
2796 839 2955 908 plena
2980 847 3034 894 et
3067 840 3403 910 praedicatio-

1825 928 1933 991 nis,
1971 926 2125 981 lrene
2171 925 2391 981 Christo
2445 927 2634 992 chara,
2675 928 2850 982 dulcis
2893 937 2949 982 et
2980 944 3038 982 re
3073 939 3129 983 et
3158 930 3400 984 nomine.

1827 1017 1954 1073 Htec
1987 1035 2096 1073 non
2128 1019 2304 1073 solum
2333 1033 2438 1087 qua
2462 1027 2612 1087 patet
2653 1019 2864 1088 imperii
2897 1020 2973 1074 tui
3011 1030 3273 1089 potestas,
3307 1021 3402 1074 sed
3503 1009 3508 1016 ’

1827 1113 1894 1167 ad
1919 1112 2064 1182 ipsos
2085 1128 2257 1182 usque
2279 1114 2428 1168 orbis
2455 1122 2613 1168 terrae
2646 1115 2908 1169 terminos
2931 1115 3350 1169 celebrabuntur
3385 1130 3399 1167 :

1826 1204 2155 1273 audientque
2185 1205 2252 1259 de
2278 1205 2435 1259 nobis
2472 1213 2668 1259 exterae
2705 1215 2916 1276 gentes,
2955 1215 3009 1260 et
3037 1207 3401 1270 mirabuntur,

1827 1304 1884 1350 et
1912 1296 2302 1364 obstupescent
2332 1295 2858 1364 sapientissimarum
2887 1295 3158 1349 actionum
3191 1305 3402 1349 tuarum

1827 1386 2163 1442 felicitatem.
2214 1387 2557 1442 lleverentur
2613 1389 2758 1442 enim
2818 1388 3099 1442 hominum
3149 1389 3402 1442 virtutem

1825 1477 1990 1532 etiam
2009 1477 2211 1539 hostes,
2231 1477 2303 1531 ait
2329 1477 2702 1547 theologorum
2730 1478 3063 1533 clarissimus
3079 1480 3144 1532 ".
3169 1479 3247 1533 Ita
3270 1495 3405 1533 con-

1826 1574 2074 1621 servatur
2107 1567 2492 1621 inconcussum
2537 1569 2822 1637 imperium
2872 1577 3048 1633 tuum,
3101 1570 3171 1622 ita
3205 1570 3407 1624 cedunt

1826 1666 1882 1711 et
1899 1657 2132 1712 libenter
2149 1658 2409 1713 obediunt
2431 1659 2525 1712 tibi
2552 1660 2772 1713 subditi.
2792 1659 2908 1715 Hae
2922 1670 3037 1714 arte
3063 1661 3227 1714 Deum
3248 1660 3402 1721 colis,

1827 1746 1931 1800 hac
1983 1747 2186 1801 electos
2237 1747 2332 1801 Dei
2389 1749 2610 1818 angelos
2643 1747 2904 1812 laetiﬁcas,
2935 1749 3044 1803 imo
3089 1759 3143 1803 et
3171 1750 3289 1804 illos
3315 1749 3406 1818 qui

1827 1846 2013 1891 sancte
2036 1853 2099 1892 ac
2121 1839 2270 1908 juste
2289 1838 2454 1892 vitam
2478 1839 2707 1901 ducunt,
2733 1841 2885 1893 lrene
2915 1838 3159 1893 divinum
3180 1855 3403 1894 nomen.

1827 1923 1885 1980 ln
1919 1927 2002 1981 his
2044 1927 2218 1996 pietas
2248 1937 2339 1982 tua
2374 1927 2551 1982 elucet
2584 1943 2597 1979 :
2632 1929 2686 1982 in
2714 1927 2798 1982 his
2843 1944 2905 1984 os
2935 1944 3096 1982 omne
3132 1938 3184 1982 et
3224 1929 3407 2000 lingua

1825 2017 1882 2072 in
1914 2018 2099 2072 laudes
2130 2028 2249 2074 tuas
2285 2019 2548 2089 aperitur,
2588 2018 2712 2074 Haec
2745 2034 2869 2073 vera
2898 2028 2982 2074 est
3021 2020 3191 2090 gloria
3223 2020 3408 2074 Eccle-

141 2113 248 2165 πᾶν
281 2110 457 2180 στόμα
492 2110 586 2163 καὶ
617 2112 767 2163 πᾶσα
824 2109 1047 2178 γλῶσσα
1081 2110 1218 2180 πρὸς
1247 2110 1452 2163 αίνεσίν
1497 2126 1589 2162 σου
1648 2108 1727 2173 ἐξ-

1837 2110 1932 2164 siae
1975 2127 1990 2166 :
2024 2109 2126 2165 hoc
2152 2110 2384 2181 sigillum
2423 2119 2645 2165 asserta:
2676 2125 2705 2164 a
2740 2119 2791 2164 te
2825 2120 3086 2179 paternae,
3118 2121 3172 2165 et
3211 2112 3409 2166 divini-

140 2204 440 2271 ανοίγεται.
468 2202 614 2272 Αὕτη
642 2203 716 2266 ὡς
739 2201 952 2272 άληθῶς
988 2203 1020 2272 ἡ
1053 2201 1179 2268 δόξα
1211 2201 1311 2272 τῆς
1358 2201 1683 2269 Ἐκκλησίας
1706 2214 1722 2231 ⁶

141 2297 279 2367 αὓτη
319 2299 352 2359 ἡ
387 2297 628 2368 σφραγὶς
687 2295 786 2364 τῆς
828 2293 1282 2364 περιποιηθείσης
1333 2311 1416 2346 σοι
1453 2293 1728 2364 πατρικῆς

142 2390 235 2441 καὶ
259 2388 627 2442 θεοπνεύστου
654 2386 762 2438 τῶν
801 2384 1146 2456 Χριστιανῶν
1184 2384 1516 2457 όρθοδοξίας,
1544 2384 1727 2437 ἐκδικε

139 2477 232 2531 τοῦ
261 2477 422 2535 Θεοῦ.
459 2478 554 2529 καὶ
599 2476 700 2546 τῆς
731 2474 992 2544 ἀληθείας
1043 2475 1354 2546 ὐπέρμαχε.
1386 2472 1728 2544 Τηλικαῦταί

143 2587 235 2621 σου
263 2570 318 2621 αἱ
350 2567 458 2620 τῶν
495 2568 706 2636 ἀρετῶν
742 2566 1036 2632 ἐπιδόσεις,
1067 2566 1141 2629 ὡς
1207 2566 1432 2637 μεγάλοι
1489 2567 1582 2620 καὶ⁸
1613 2564 1732 2631 ἀξι-

142 2662 359 2713 έπαινοι
390 2661 438 2711 οἰ
479 2657 660 2728 μισθοί
693 2675 785 2711 σου
814 2673 827 2686 °
861 2657 935 2722 ὡς
970 2657 1104 2711 πολύ
1147 2675 1239 2710 σου
1259 2658 1356 2710 καὶ
1387 2656 1730 2726 ὑπερϐάλλον

140 2753 198 2804 τὸ
228 2751 584 2819 ἀνταπόδομα
607 2751 757 2821 παρὰ
784 2749 878 2802 τοῦ
919 2750 1027 2803 τῶν
1057 2749 1196 2803 ὅλων
1231 2749 1392 2802 Θεοῦ.
1444 2749 1606 2817 Μέγα
1632 2749 1731 2818 μὲν

141 2843 248 2913 γὰρ
280 2843 378 2894 καὶ¹
403 2841 465 2894 τὸ
492 2841 590 2894 ἕνα
618 2841 836 2904 σώζειν.
880 2840 1006 2902 Πῶς
1033 2841 1142 2910 γὰρ
1167 2840 1226 2893 ού
1249 2857 1264 2906 ;
1297 2841 1440 2905 ἐπεὶ,
1470 2840 1544 2904 ὥς
1568 2857 1730 2910 φησιν

141 2934 308 3002 ὴθεία
329 2933 544 3002 Γραφὴ,
577 2933 640 2984 ’0
655 2931 886 3001 ἐξάγων
901 2931 1075 2995 ἀξιον
1089 2932 1158 2996 ἐξ
1183 2932 1459 2998 ἀναξίου,
1485 2933 1561 2997 ὼς
1581 2933 1728 2986 στό-

137 3039 220 3092 μα
247 3041 365 3092 μου
392 3023 564 3076 ἔσται
589 3038 602 3052 ·
634 3022 695 3075 τὸ
727 3022 783 3074 δὲ
801 3022 1067 3085 τοσαύτας
1087 3022 1265 3092 ψυχὰς
1284 3025 1378 3076 κα)⁵
1415 3023 1476 3075 τὸ
1501 3025 1608 3076 πᾶν
1635 3023 1728 3075 τοῦ

143 3114 300 3180 λαοῦ,
341 3114 462 3177 πῶς
487 3115 546 3166 ού
590 3115 734 3184 μέγα
778 3116 873 3167 καὶ
905 3115 1220 3184 σεϐάσμιον,
1267 3118 1359 3168 καὶ
1406 3115 1501 3183 τῆς
1529 3114 1734 3168 ἄνωθεν

145 3206 564 3276 μεγαλοδωρεᾶς
594 3206 764 3269 ὅντως
791 3206 1015 3271 ἐπάξιον
1042 3224 1057 3271 ;
1093 3208 1162 3259 Σὺ
1190 3202 1280 3259 οὖν
1311 3205 1372 3257 τὸ
1405 3206 1543 3275 μέγα
1567 3204 1735 3268 ὅντως

144 3299 233 3348 καὶ
263 3297 650 3366 πραγματικὸν
680 3298 870 3367 ὄνομα,
905 3298 1041 3366 μετὰ
1071 3295 1164 3349 τοῦ
1197 3297 1394 3361 παντὸς
1423 3296 1589 3349 καλοῦ
1620 3299 1736 3348 εἱσ-

147 3388 420 3458 ελήλυθας
467 3391 547 3451 εἰς
581 3389 647 3441 τά
698 3389 980 3458 βασίλεια’
1013 3391 1108 3442 καὶ
1157 3391 1220 3442 σὺ
1266 3389 1334 3441 τὰ
1377 3386 1738 3458 ἐγκαταλείμ-

149 3497 297 3550 ματα
330 3481 435 3551 τῆς
461 3481 810 3552 δικαιοσύνης
843 3484 1060 3546 ἐάσειας
1087 3482 1482 3547 διαιωνίζοντα.

554 3597 636 3652 Η’.
661 3627 727 3640 -
744 3597 989 3668 Συμεὼν
1011 3599 1339 3669 ἡγουμένῳ.

1836 2211 1922 2256 tus
1963 2200 2240 2271 inspirata
2279 2199 2720 2255 Christianorum
2769 2201 2893 2255 ﬁdei
2924 2201 3260 2266 orthodoxae,
3289 2202 3410 2255 vin-

1834 2293 1934 2348 dex
1963 2292 2083 2354 Dei,
2115 2301 2169 2346 et
2213 2291 2460 2346 veritatis
2492 2293 2903 2362 propugnatrix.
2947 2293 3118 2346 Tanta
3145 2301 3272 2346 sunt
3302 2293 3410 2349 vir-

1835 2392 2014 2439 tutum
2047 2391 2260 2437 tuarum
2285 2383 2642 2438 incrementa.
2674 2382 2843 2449 Quam
2867 2399 3059 2454 magna
3081 2393 3136 2439 et
3152 2386 3408 2454 przeelara

1835 2491 2046 2531 merces
2096 2477 2231 2529 tuai
2271 2483 2471 2544 quanta
2503 2482 2559 2528 et
2596 2489 2758 2540 quam
2804 2474 3074 2529 excellens
3124 2475 3411 2529 retributio

1834 2567 1904 2622 ab
1951 2565 2332 2619 universorum
2368 2564 2480 2619 Deo
2512 2566 2525 2617 l
2579 2564 2829 2635 Magnum
2861 2565 3006 2618 enim
3037 2580 3262 2634 prorsus
3303 2574 3409 2628 est,

1836 2659 1923 2714 vel
1953 2673 2122 2711 unum
2149 2672 2402 2711 servare:
2433 2656 2621 2726 quidni
2673 2657 2817 2709 enim
2845 2656 2867 2708 ?
2895 2672 3017 2709 cum
3056 2655 3201 2710 dicat
3229 2655 3411 2710 divina

1839 2749 2156 2819 Scriptura:
2207 2747 2308 2813 Qui
2348 2749 2518 2801 educit
2547 2748 2764 2817 dignum
2791 2748 2853 2800 de
2887 2747 3121 2814 indigno,
3175 2748 3272 2798 erit
3306 2747 3411 2798 sic—

1839 2853 1893 2896 ut
1949 2859 2005 2896 os
2051 2858 2224 2896 meum
2249 2840 2341 2907 ’3;
2407 2847 2484 2893 tot
2523 2839 2732 2892 animas
2772 2848 2827 2892 et
2887 2839 3144 2908 potiulum
3191 2853 3410 2891 omnem

1838 2949 2104 2999 servasse,
2158 2933 2430 3004 quomodo
2469 2946 2724 3002 magnum
2771 2946 2879 2985 non
2921 2938 3209 2984 censeatur
3229 2939 3282 2982 et
3302 2929 3412 3000 glo-

1840 3029 2068 3091 riosum,
2098 3034 2153 3079 et
2199 3024 2407 3079 caelesti
2453 3022 2825 3077 muniﬁcentia
2878 3020 3099 3090 dignum
3128 3020 3150 3072 ?
3176 3019 3257 3073 Tu
3285 3034 3415 3088 ergo

1841 3131 2094 3189 magnum
2149 3133 2336 3172 revera
2372 3125 2427 3170 et
2458 3115 2643 3170 eilicax
2683 3130 2902 3180 nomen,
2954 3113 3240 3184 imperium
3288 3128 3412 3166 cum

1842 3210 1990 3263 omni
2035 3210 2178 3264 bono
2228 3208 2428 3265 inivisti
2461 3226 2474 3262 :
2512 3217 2570 3263 tu
2625 3207 2849 3278 iustitiae
2904 3207 3157 3277 reliquias
3197 3220 3416 3276 semper

1842 3303 2025 3375 vigere
2058 3303 2227 3358 sinas.

2206 3595 2337 3650 V111.
2388 3594 2713 3665 ~Symeoni
2750 3594 3043 3663 praeposito.

1212 3732 1287 3782 De
1328 3733 1568 3784 monacho
1609 3733 1696 3798 qui
1739 3734 2025 3784 coenobium
2066 3730 2362 3794 reliquerat.

234 3843 414 3913 ’Υπὲρ
429 3842 578 3912 ἡμᾶς
604 3841 670 3894 τὰ
693 3841 814 3894 καθ’
830 3842 977 3911 ἡμᾶς
996 3842 1461 3913 ὑπολαμϐάνουσα
1483 3845 1514 3914 ἠ
1537 3862 1729 3913 πατρι-

157 3936 225 4003 κή
250 3952 346 3987 σου
383 3931 686 4000 άγιωσύνη,
708 3930 794 3981 διὰ
816 3929 922 3981 τῶν
934 3930 1027 3982 δύο
1048 3931 1217 3998 αὐτῆς
1241 3933 1568 4003 ἰδιογράφων
1599 3932 1729 4004 [ηις.

161 4028 293 4098 Reg.
321 4022 690 4096 προγραφῶν]
709 4021 1008 4075 ἐπιστολῶν
1038 4024 1314 4094 ὡμίλησεν
1343 4026 1474 4095 ἡμῖν
1505 4026 1570 4079 τά
1595 4027 1736 4090 ξενί-

160 4120 324 4182 ζοντα
349 4118 447 4171 καὶ
469 4114 860 4186 ἐκπλήττοντα.
886 4115 1048 4169 Ἀλλὰ
1079 4116 1206 4187 περὶ
1231 4115 1331 4187 μὲν
1350 4116 1458 4170 τῶν
1476 4135 1738 4189 γραμμα-

158 4212 408 4281 τοφόρων
419 4209 710 4279 εὐδόκησεν
721 4207 749 4260 ὁ
761 4207 1299 4275 Θεὸς,ύποκλιθέντος
1311 4210 1403 4264 τοῦ
1421 4212 1741 4282 ἡγουμένου,

161 4303 545 4373 ἀναληφθῆναι
565 4302 762 4365 αὐτοὺς
787 4302 842 4354 ἐν
863 4301 940 4372 τῷ
957 4303 1140 4374 οἰκείῳ
1159 4304 1338 4358 αὐτῶν
1362 4305 1712 4375 μοναστηρίῳ
1727 4323 1741 4336 ν

1907 3844 2081 3915 Supra
2095 3853 2310 3913 captum
2328 3853 2569 3899 nostrum
2595 3858 2680 3898 res
2696 3851 2908 3896 nostras
2923 3838 3221 3910 suscipiens
3239 3849 3422 3909 pater-

1838 3952 1906 3989 na
1925 3937 2183 3990 sanctitas
2197 3946 2306 3999 tua,
2322 3951 2383 3989 ea
2403 3935 2561 3989 nobis
2581 3935 2792 3988 duabus
2817 3948 2977 3986 manu
2998 3932 3213 4001 propria
3236 3947 3420 3986 exara-

1843 4030 1911 4082 tis
1932 4029 2174 4098 epistolis
2186 4029 2297 4083 suis
2314 4028 2583 4096 exposuit,
2606 4042 2724 4097 quae
2741 4025 3151 4081 admirationem
3167 4033 3220 4079 et
3237 4034 3424 4096 stupo-

1845 4137 1959 4175 rem
1979 4121 2300 4189 iniecerunt.
2317 4121 2422 4176 Sed
2443 4122 2509 4176 de
2533 4120 2826 4175 tabellariis
2837 4118 3078 4189 quidem,
3099 4117 3208 4172 Deo
3223 4119 3424 4188 placuit

1848 4223 1906 4267 ut
1926 4211 2119 4266 inﬂexo
2145 4213 2432 4282 praeposito
2451 4213 2504 4265 in
2523 4211 2910 4266 monasterium
2932 4224 3090 4264 suum
3113 4209 3425 4278 reciperen-

1849 4312 2126 4358 turzreete
2169 4305 2273 4357 hoc
2304 4314 2497 4373 agente
2525 4304 2723 4373 pietate
2766 4311 2880 4364 tua,
2918 4311 2978 4355 ut
2994 4316 3088 4356 eos
3132 4302 3423 4356 verborum

164 4398 349 4461 καλῶς
364 4395 526 4450 τοῦτο
545 4395 830 4466 πραξάσης
849 4395 946 4465 τῆς
966 4395 1276 4459 θεοσεϐείας
1298 4415 1410 4462 σου,
1437 4400 1513 4460 εἰς
1537 4398 1596 4450 τὸ
1617 4397 1727 4449 άνθ-

1846 4411 2066 4450 suorum
2086 4395 2362 4450 admonitu
2387 4395 2625 4465 paternis
2642 4393 3010 4464 spiritualibus
3025 4393 3324 4448 visceribus
3341 4409 3426 4447 re-

165 4490 494 4557 υπενεγκεῖν
518 4489 715 4552 αὐτοὺς
736 4490 824 4542 διὰ
846 4488 939 4542 τοῦ
965 4488 1272 4542 διδακτικοῦ
1292 4489 1461 4555 αὐτῆς
1484 4490 1643 4555 λόγου
1663 4492 1727 4553 εἰς

1846 4489 2112 4544 stitueret.
2151 4488 2228 4542 De
2260 4490 2426 4542 fratre
2459 4497 2641 4541 autem
2681 4496 2890 4550 nostro,
2923 4486 3014 4555 qui
3046 4485 3293 4539 ordinem
3328 4485 3425 4539 de-

163 4583 230 4634 τά
263 4579 499 4652 πατρῷα
524 4581 619 4632 καὶ
663 4579 1010 4649 πνευματικά
1046 4580 1355 4651 σπλάγχνα.
1403 4582 1538 4652 Περὶ
1573 4582 1629 4633 δὲ
1653 4582 1727 4634 τοὶ

1853 4582 2042 4647 seruit,
2091 4589 2148 4636 et
2194 4589 2452 4648 tanquam
2509 4594 2572 4632 ex
2605 4576 2854 4647 paradiso
2911 4575 3249 4631 ccenohiticaa
3303 4574 3426 4630 vita:

165 4672 693 4742 λειποτακτήσαντος
716 4671 946 4742 ἀδελφοῦ
967 4673 1144 4742 ἡμῶν,
1174 4673 1267 4725 καὶ
1286 4673 1360 4735 ὡς
1386 4676 1451 4726 ἐκ
1490 4674 1722 4744 παραδεί

1851 4673 2066 4741 eiectus
2098 4682 2205 4737 est,
2233 4671 2362 4741 quid
2409 4669 2583 4724 dicam
2614 4668 2818 4724 nescio.
2850 4666 3098 4722 Vidimus
3136 4676 3193 4720 et
3221 4681 3320 4720 nos
3351 4667 3428 4719 vi-

170 4782 265 4817 σου
292 4766 398 4833 τῆς
432 4763 784 4834 κοινοϐιακῆς
806 4764 952 4834 ζωῆς
970 4763 1502 4833 ἐξοστρακισθέντος,
1530 4766 1629 4817 οὐκ
1654 4762 1727 4819 οἶδ

1855 4781 1973 4818 rum
2017 4774 2199 4829 antea,
2240 4779 2427 4819 revera
2475 4765 2826 4833 plantatama
2877 4761 2989 4815 Deo
3038 4760 3225 4822 vitent,
3259 4769 3426 4813 totum

166 4857 198 4909 ὃ
239 4874 296 4908 τι
348 4857 618 4925 εἴπωμεν.
661 4857 769 4908 Καὶ
809 4857 970 4925 ἡμεῖς
1017 4856 1321 4924 ἑωρακότες
1349 4856 1440 4908 τὸν
1487 4857 1655 4926 ἄνδρα
1694 4874 1727 4908 τι

1854 4873 2059 4922 veram,
2091 4865 2259 4910 totam
2284 4855 2622 4926 frugiferum.
2646 4852 2930 4917 Quomodo
2977 4865 3123 4904 nunc
3162 4851 3428 4904 Extermi-

170 4951 445 5020 πρότερον
501 4949 576 5011 ὼς
620 4947 837 5017 άληθῶς
886 4947 1132 5016 ἄμπελον
1164 4948 1546 5017 θεοφύτευτον,
1574 4950 1727 5000 πᾶσα

1857 4951 1995 5004 navit
2027 4966 2143 5002 eam
2179 4966 2309 5018 aper
2344 4950 2407 5001 de
2433 4947 2587 5011 silva,
2623 4955 2670 4999 et
2696 4945 2984 5016 singularis
3015 4947 3152 5012 {erus
3180 4948 3430 5010 depastus

168 5041 457 5112 ἀληθινὴν,
483 5043 664 5094 πᾶσαν
689 5041 1060 5111 καρποφόρον.
1091 5041 1200 5093 Καὶ
1219 5041 1333 5103 πῶς
1361 5043 1441 5093 ὅτι
1469 5041 1592 5111 ἄρτι
1611 5042 1721 5093 ὲλυ

1864 5051 1937 5094 est
1969 5057 2084 5093 eam
2109 5042 2154 5072 ’θ
2182 5058 2194 5093 :
2227 5054 2489 5094 conversa
2523 5038 2660 5106 ipsa,
2688 5044 2746 5090 ut
2777 5037 2848 5089 ita
2866 5035 3064 5097 dicam,
3094 5035 3148 5086 in
3180 5033 3431 5086 amaritu-

165 5134 404 5202 μήνατο
417 5133 610 5200 αὐτὴν
625 5129 696 5198 ὗς
709 5133 776 5185 ἐκ
792 5132 1039 5200 δρυμοῦ,
1067 5133 1162 5185 καὶ
1182 5135 1389 5201 μονιὸς
1408 5133 1605 5201 ἄγριος
1622 5149 1727 5185 κατ

1864 5133 2047 5189 dinem
2076 5130 2454 5185 mortiferam?
2479 5131 2674 5182 Annon
2705 5128 2871 5191 enim,
2903 5127 3029 5195 quia
3073 5126 3304 5180 traditus
3348 5133 3432 5179 est

170 5225 514 5292 ενειιήσατο
537 5223 730 5288 αὑτήν
751 5242 763 5253 ·
802 5224 1135 5293 στραφείσης
1152 5224 1339 5292 αὐτῆς,
1355 5224 1429 5285 ὡς
1455 5225 1648 5283 εἰπεῖν,
1681 5225 1726 5275 εἰ

1865 5224 2197 5278 immanibus
2237 5221 2368 5276 feris
2421 5220 2753 5290 passionum,
2794 5232 3036 5272 amorem
3077 5217 3256 5272 carnis
3288 5216 3429 5281 dico,

251 5339 300 5371 ⁸⁷
341 5335 565 5406 Gregor.
622 5332 881 5387 Nazianz.
937 5343 1076 5388 orat.
1117 5333 1205 5399 22,
1233 5335 1334 5389 sub
1365 5334 1458 5387 lin.
1534 5333 1579 5365 ’⁸
1603 5333 1725 5388 Jere

1848 5352 1938 5402 xv,
2003 5336 2093 5391 16.
2164 5337 2208 5369 ³³
2241 5335 2382 5390 Psal.
2415 5350 2592 5398 Lxxrx,
2628 5331 2712 5386 14.

1692 5450 1923 5512 NOTAE.

253 5545 370 5616 (l5)
404 5546 596 5616 Ταοτα
624 5542 840 5616 πάξ-τα.
860 5540 1624 5616 Iheophanesgailkannum},
1652 5540 1727 5616 Ire

1873 5559 2030 5616 μασι.
2061 5539 2243 5616 ριεηδε
2267 5535 2645 5616 porroyartio
2667 5537 2968 5616 indictionis
2994 5552 3167 5616 nona,
3193 5536 3433 5605 piissima

253 5561 370 5616 (Ia)
404 5561 596 5599 'l‘avta
624 5561 840 5597 παντα.
877 5561 1227 5612 tneopnanes
1256 5561 1321 5596 ait
1348 5561 1548 5596 annum
1571 5561 1624 5606 4,
1654 5561 1727 5594 Ire

181 5632 282 5672 nes
312 5613 559 5670 secundo
593 5631 608 5668 :
651 5613 742 5682 Τῷ
859 5613 1091 5684 Μαρτίῳ
1124 5613 1252 5682 μηνί
1288 5613 1390 5681 τῆς
1421 5612 1464 5664 θ’
1500 5612 1727 5684 ἰνδικτιῶ

1916 5561 2030 5596 ασι.
2067 5561 2243 5593 mense
2274 5561 2430 5608 parra
2450 5561 2496 5590 tu
2510 5561 2645 5589 artw
2668 5561 2968 5591 tnuwtwma
2994 5561 3167 5600 nonat,
3193 5561 3432 5605 puum":

1871 5561 2023 5666 frena
2050 5611 2326 5684 Byzantiis
2352 5609 2530 5684 civilia
2563 5609 2761 5684 remisit
2800 5608 3097 5677 vectigalia,
3132 5618 3178 5659 et
3213 5624 3292 5684 ea.
3316 5622 3432 5674 qua:

185 5705 302 5751 νος,
341 5684 549 5754 Εἰρήνη
581 5686 616 5751 ἡ
647 5677 877 5754 εὐσεϐὴς
907 5677 1227 5754 Βυζαντίοις
1264 5677 1392 5754 τούς
1443 5683 1727 5754 πολιτικοί)

1870 5683 2011 5753 apud
2061 5677 2300 5754 Abydum
2350 5687 2398 5731 et
2450 5677 2669 5754 Hierum
2707 5677 3328 5754 dicuntur‘conintercia
3371 5690 3433 5727 ex

190 5748 493 5825 ἐχαρίσατο
523 5748 746 5825 ᾠόρους,
787 5748 882 5805 καὶ
916 5755 1016 5825 τῆς
1057 5752 1279 5804 ’Δϐύδου
1315 5753 1408 5825 κα).
1453 5752 1546 5804 τοῦ
1586 5753 1725 5825 *Ἰερο

1871 5748 2023 5820 parte
2055 5748 2316 5825 relaxarit
2339 5767 2354 5802 :
2380 5763 2472 5816 pro
2510 5750 2695 5825 quibus
2725 5750 2949 5820 aliisque
2972 5748 3234 5816 beneﬁciis
3271 5762 3435 5816 popu-

187 5819 263 5879 τά
291 5819 420 5894 λεγῤ
432 5819 566 5877 μενα
586 5819 864 5894 ,κομέρκια
888 5819 1173 5894 ἐκούφισεν
1195 5839 1207 5852 ·
1237 5823 1486 5894 μεγάλως
1516 5823 1608 5873 ἐπὶ
1635 5823 1727 5874 τού

1871 5819 1951 5879 lus
1978 5823 2237 5878 maximas
2264 5822 2309 5874 ei
2342 5832 2514 5890 grates
2543 5819 2738 5874 retulit.

188 5911 306 5959 τοις
363 5891 457 5950 οὖν
512 5891 691 5956 ἄλλοις
727 5891 936 5956 πολλοῖς
983 5891 1435 5963 εὐχαριστηθείσα
1468 5895 1763 5963 εὐεργετή-
