3926 6436
535 362 642 426 935

1725 372 1787 433 8.
1812 372 2203 437 THEODORI
2246 377 2598 441 STUDszE

3686 367 3785 436 936

536 474 963 546 dominandiqne
984 474 1285 544 libidinem,
1306 477 1489 535 videre
1513 489 1596 536 est
1621 481 1769 537 illum
1792 500 1937 541 nunc
1961 501 2113 541 men-

2221 488 2444 559 πικρίαν
2464 484 2798 555 θανατικήν;
2827 483 2919 554 Μὴ
2963 482 3070 553 γάρ
3103 481 3185 536 δτι
3217 479 3279 533 ού
3321 478 3656 550 παραδοθεὶς
3678 484 3785 536 τοῖς

537 569 607 623 tis
649 569 1111 639 contemplatione
1148 571 1214 625 ab
1252 570 1355 626 illis
1396 573 1703 643 depastum,
1757 586 1813 630 et
1853 588 2106 648 tanquam

536 659 755 714 leonum
783 676 880 716 ore
898 661 1256 716 dilaniatum?
1278 663 1467 718 Parem
1504 667 1673 732 enim,
1706 677 1766 722 ut
1795 667 1911 738 ipse
1944 672 2106 736 nosti,

536 766 602 806 ac
631 753 774 807 illius
817 755 911 824 qui
940 754 1250 809 inconsulto
1280 756 1510 812 discedit
1535 772 1564 811 a
1601 766 1776 828 patre,
1817 760 1887 815 ab
1933 776 2110 831 eoque

536 840 885 906 discinditur,
920 843 1039 912 ejus
1088 844 1298 913 lapsum
1329 860 1450 901 esse
1487 856 1676 902 censet
1707 848 1927 905 divinus
1967 850 2113 907 Basi-

538 933 662 996 lius,
684 934 774 1004 qui
795 944 1037 989 sanctam
1058 935 1445 1004 professionem
1462 938 1666 1007 abjicit.
1698 940 1821 995 Ideo
1842 951 1896 996 et
1919 944 2109 998 eadem

538 1024 1125 1080 excommunicationis
1177 1027 1615 1098 reliquarumque
1653 1046 1935 1101 poenarum
1980 1050 2110 1089 sen-

539 1116 704 1169 tentia
729 1116 1052 1185 plectuntur.
1091 1115 1196 1172 Sed
1229 1118 1317 1173 hic
1352 1121 1569 1189 quidem
1598 1138 1699 1177 nos
1719 1132 1778 1177 ut
1801 1135 2111 1195 peccatores

537 1222 848 1276 precamur,
878 1219 936 1262 ut
966 1210 1252 1279 pristinam
1306 1211 1482 1267 lucem
1528 1213 1724 1269 iterum
1766 1232 1832 1269 ex
1870 1218 1972 1273 hoc
2012 1233 2112 1274 suo

537 1298 684 1353 vitiis
732 1299 986 1354 hebetato
1032 1308 1088 1354 et
1135 1300 1428 1357 obscurato
1482 1304 1759 1360 intellectu
1800 1308 2106 1377 respiciat;

536 1389 864 1459 domumque
889 1391 1068 1446 denuo
1102 1392 1167 1446 ad
1189 1392 1401 1450 dulcem
1428 1393 1637 1450 Patrem
1656 1406 1711 1452 et
1735 1398 2110 1456 charissimam

537 1483 1013 1553 congregationem
1068 1494 1394 1542 revertatur.
1454 1485 1672 1543 Fratres
1721 1500 1903 1545 autem
1963 1493 2111 1563 ipsos

539 1571 841 1637 hortamur,
863 1574 1261 1631 utcmnobitico
1283 1577 1565 1631 certamini
1592 1577 1806 1634 fortiter
1834 1579 2108 1648 insistant,

540 1679 644 1718 nec
673 1673 895 1735 propter
924 1663 1074 1733 impii
1105 1665 1315 1736 lapsum
1345 1668 1719 1723 convellantur
1746 1687 1759 1725 :
1795 1672 1886 1726 sed
1926 1674 2109 1742 potius

540 1754 852 1810 sincerioris
879 1755 1027 1817 fidei,
1072 1756 1566 1829 indissolubilisque
1594 1763 1951 1818 connexionis
1984 1765 2109 1820 inde

537 1855 725 1895 ansam
775 1842 1038 1912 arripiant
1072 1858 1086 1909 ;
1124 1843 1285 1914 idque
1310 1847 1377 1900 ad
1412 1848 1691 1918 sanguinis
1713 1866 1883 1919 usque
1920 1853 2110 1921 profu-
2144 1846 2183 1903 Β

539 1935 768 1998 sionem,
791 1935 1243 2003 quemadmodum
1283 1935 1392 1991 Deo
1416 1937 1557 2005 pleni
1584 1937 1766 1993 Patres
1797 1942 2108 2011 praedicant,

540 2037 600 2083 ut
653 2044 750 2099 per
780 2028 1081 2083 absolutam
1111 2030 1371 2101 religiosae
1399 2031 1517 2087 vita:
1555 2032 1945 2102 perfectionem
1969 2053 2114 2091 mar-

540 2121 658 2191 tyrii
695 2135 951 2175 coronam
992 2121 1046 2175 in
1094 2121 1182 2176 die
1228 2121 1414 2191 judicii
1443 2123 1725 2193 recipiant,
1761 2126 1988 2181 chorum
2031 2129 2111 2183 in-

536 2222 735 2267 euntes
764 2228 887 2267 cum
921 2214 1198 2275 Dositheo,
1223 2224 1277 2269 et
1300 2215 1517 2279 Aeacio,
1548 2226 1603 2272 et
1628 2216 1950 2283 Domitiano,
1984 2222 2111 2276 viris

538 2302 697 2372 plane
728 2303 1106 2364 sanctissimis.
1135 2305 1226 2373 qui
1246 2320 1456 2360 summa
1480 2322 1601 2361 cum
1621 2309 1929 2364 obedientia
1949 2313 2111 2368 vitam

537 2403 851 2463 exegerunt.
902 2393 1070 2449 llodie
1107 2412 1360 2465 namque,
1394 2397 1537 2452 sicut
1594 2399 1853 2454 sanetitas
1919 2411 2008 2456 tua
2057 2404 2113 2457 in

537 2485 748 2553 reliquo
783 2485 1022 2555 epistola:
1056 2496 1207 2541 textu
1239 2489 1336 2549 ait,
1364 2503 1514 2542 mera
1546 2489 1746 2557 ubique
1787 2491 2036 2547 confusio
2060 2501 2115 2547 et

537 2573 911 2631 inobedientia
945 2596 961 2633 :
996 2580 1126 2631 dum
1171 2579 1371 2650 singuli
1413 2578 1527 2633 fere
1572 2580 1826 2637 humanis
1886 2600 2116 2642 consue-

539 2669 817 2724 tudinibus
857 2669 1126 2733 nituntur,
1174 2671 1588 2744 vicinarumque
1641 2674 1928 2741 institutis,
1990 2694 2113 2749 qua:

542 2757 632 2813 Dei
658 2758 865 2828 legibus
891 2759 1047 2828 plane
1072 2760 1432 2816 adversantur
1478 2781 1492 2817 :
1539 2763 1855 2835 maluntque
1880 2766 2042 2837 hujus
2061 2778 2116 2824 et

540 2850 683 2905 illius
706 2851 1001 2922 praepositi,
1028 2868 1190 2922 quam
1220 2853 1525 2909 divinorum
1560 2853 1777 2910 Patrum
1808 2868 2114 2915 nostrorum

537 2944 705 2997 vitam
739 2943 1050 2999 observare.
1082 2943 1201 3011 Quo
1235 2945 1313 3009 fit,
1351 2956 1697 3017 utpastores,
1727 2958 1784 3004 et
1817 2952 1869 3003 in
1898 2951 1981 3006 his
2016 2968 2117 3021 ego

536 3037 770 3106 primus,
818 3037 1174 3107 desipiamus,
1214 3049 1268 3092 et
1318 3038 1605 3093 Dominum
1646 3055 1756 3093 non
1784 3057 2112 3110 quaeramus,

538 3142 642 3181 nec
672 3128 1208 3197 irreprehensibilem
1236 3137 1292 3183 et
1312 3139 1654 3183 constantem
1688 3131 1812 3184 vitae.
1846 3132 2115 3187 rationem

2209 578 2518 641 ἀτιθάσσοις
2536 576 2698 646 θηρσὶ
2725 573 2840 629 τῶν
2873 572 3087 637 παθῶν,
3108 571 3464 641 φιλοσαρκίας
3490 587 3581 636 τε,
3617 572 3781 641 φημὶ,

2210 670 2303 723 καὶ⁵
2332 667 2645 738 φιλαρχίας,
2665 666 2819 719 ἐστιν
2840 664 2967 718 ίδετν
2991 663 3155 717 αὑτὸν
3181 662 3389 734 ἀρτιτῇ
3413 662 3510 716 τοῦ
3534 662 3633 716 νοῦ
3648 662 3783 716 θεω-

2212 764 2304 837 ρίᾳ.
2335 763 2770 834 βιβρωσκόμενον
2796 761 2886 815 ὑπ’
2917 759 3118 822 αὐτῶν,
3139 760 3234 811 καὶ
3252 758 3787 829 κατασπαραττόμε-

2210 873 2300 909 νον
2330 850 2420 910 οἷα
2461 854 2569 908 ἀπὸ
2612 860 2879 925 στόματος
2913 851 3181 915 λεόντωνς
3216 848 3327 920 Τὴν
3374 849 3498 921 ἴσην
3549 850 3687 920 γὰρ,
3713 849 3785 912 ὡς

2210 943 2385 1012 οἶσθα,
2412 947 2589 1017 κρίνει
2621 945 2940 999 ἀπόπτωσιν
2969 943 2999 995 ὁ
3039 942 3185 1005 θεῖος
3220 939 3524 1002 Βασίλειος.
3555 940 3640 1011 τῷ
3665 940 3788 994 ἀλό-

2210 1055 2322 1109 γως
2365 1036 2735 1109 ἀναχωροῦντι
2786 1036 2880 1091 καὶ
2948 1033 3369 1105 ἀποσχιζομένῳ
3411 1032 3664 1103 πατρὸς,
3693 1031 3786 1085 τοῦ

2216 1131 2310 1185 καὶ
2356 1129 2491 1185 αὐτὸ
2527 1130 2589 1182 τὸ
2617 1130 2761 1182 θεῖον
2794 1128 3118 1198 ἐπάγγελμα
3154 1126 3663 1197 ἀπορριπτομένου.
3692 1124 3789 1180 Διά

2210 1218 2369 1272 τοῦτο
2394 1219 2606 1288 καὶτῆς
2634 1219 2801 1285 αὐτῆς
2832 1221 2941 1272 είσι
2971 1217 3278 1288 καταδίκης
3306 1215 3402 1270 ἐπὶ
3429 1218 3532 1288 τῆς
3558 1216 3789 1270 ἀκοινω-

2211 1311 2427 1381 νησίας,
2465 1311 2558 1363 καὶ
2588 1309 2696 1363 τῶν
2724 1310 2901 1364 ἀλλων
2928 1309 3244 1379 ἐπιτιμίων.
3280 1307 3443 1362 Ἀλλὰ
3472 1307 3671 1361 τοῦτον
3692 1308 3789 1378 μὲν

2212 1401 2483 1472 εὐχόμεθα
2517 1401 2593 1464 ὡς
2652 1398 2966 1470 ἁμαρτωλοὶ
2997 1398 3318 1468 ἀντωπῆσαι
3359 1397 3527 1451 πάλιν
3551 1396 3694 1466 πρὸς
3732 1396 3789 1449 τὸ

2213 1493 2478 1563 πρότερον
2501 1492 2640 1561 φῶς,
2673 1492 2738 1544 ἐκ
2768 1490 2870 1559 τῆς
2919 1485 3357 1559 ἀμσλυωπαθοῦς
3387 1488 3483 1543 καὶ
3504 1487 3790 1556 ἐζοφωμέ-

2211 1600 2306 1652 νης
2328 1582 2491 1636 αὐτοῦ
2523 1581 2733 1644 ἐννοίας
2753 1597 2767 1611 ο
2800 1580 2894 1634 καὶ
2925 1578 3108 1633 οἴκαδε
3147 1577 3303 1640 αὖθις
3330 1577 3621 1631 ἐπανιέναι
3654 1577 3791 1646 πρὸς

2212 1674 2303 1727 τὸν
2338 1674 2551 1743 γλυκὺν
2586 1674 2825 1744 Πατέρα,
2877 1672 2973 1724 καὶ
3031 1669 3131 1740 τὴν
3181 1669 3454 1739 φιλτάτην
3509 1669 3788 1723 συνοδίαν.

2217 1769 2416 1829 Αὐτοὺς
2445 1768 2501 1821 δέ
2530 1768 2655 1830 τοὺς
2676 1765 2939 1834 ἀδελφοὺς
2969 1761 3396 1835 παρακαλοῦμεν
3432 1764 3632 1831 στῆναι
3662 1778 3790 1829 γεν-

2213 1859 2378 1921 ναίως
2416 1859 2553 1928 πρὸς
2585 1858 2685 1928 τὴν
2708 1854 3054 1925 κοινοδιακὴν
3077 1854 3301 1921 ἄθλησιν
3322 1868 3337 1883 °
3370 1851 3465 1905 καὶ
3484 1853 3563 1921 μὴ
3598 1852 3793 1905 σαλευ-

2215 1949 2375 2017 θῆναι
2407 1950 2470 2001 ἐκ
2492 1947 2593 2017 τῆς
2630 1948 2725 2000 τοῦ
2756 1944 2987 2009 ἀσεϐοῦς
3016 1942 3425 2006 καταπτὼσεως
3447 1957 3461 1972 ο
3502 1936 3791 2011 μᾶλλονδὲ

2214 2042 2306 2094 καὶ
2333 2040 2536 2109 μᾶλλον
2573 2038 2823 2091 ἐντεῦθεν
2851 2035 3250 2108 ἐπιδράξασθαι
3274 2036 3661 2104 γνησιωτέρας
3694 2037 3789 2087 πί-

2215 2149 2386 2195 στεως
2416 2132 2510 2185 καὶ
2535 2130 2908 2184 ἀδιασπάστου
2934 2126 3289 2191 συντεύξεως,
3310 2124 3569 2180 τοσοῦτον
3596 2127 3795 2197 μέχρις

2212 2226 2463 2293 αἵματος,
2496 2221 2676 2285 καθὼς
2702 2223 2748 2274 οἱ
2782 2219 3029 2289 θεοφόροι
3076 2218 3317 2287 Πατέρες
3350 2215 3790 2286 διαγορεύουσιν,

2215 2316 2301 2369 ἴνα
2333 2314 2629 2383 τελειότητι
2659 2311 2753 2365 τοῦ
2807 2308 3174 2365 ὑποτακτικοῦ
3203 2307 3381 2363 αὐτῶν
3415 2306 3555 2379 βίου,
3581 2307 3677 2360 τὸν
3697 2306 3796 2360 τοῦ

2219 2406 2523 2476 μαρτυρίου
2561 2404 2823 2472 στέφανον
2857 2402 3230 2471 ἀναδήσωνται
3271 2402 3329 2455 ἐν
3368 2404 3433 2471 τῇ
3473 2399 3663 2471 ἡμέρᾳ
3694 2401 3797 2467 τῆς

2215 2495 2582 2564 διαγνώσεως,
2626 2494 2942 2566 χορεύοντες
2999 2492 3136 2563 μετά
3180 2491 3459 2557 Δοσιθέου,
3486 2492 3582 2545 καὶ
3624 2492 3797 2544 Ἀκα-

2217 2587 2361 2651 κίου,
2396 2589 2487 2640 καὶ
2510 2584 2862 2656 Δομετιανοῦ,
2888 2584 2995 2637 τῶν
3018 2584 3158 2637 πάνυ
3185 2581 3490 2650 παναγίων,
3519 2582 3628 2635 τῶν
3652 2599 3798 2636 παν-

2218 2682 2477 2751 υπηκόως
2496 2679 2593 2748 τὴν
2614 2676 2891 2731 πολιτείαν
2912 2674 3364 2728 τετελειωκότων.
3385 2673 3634 2746 Σήμερον
3660 2672 3797 2743 γὰρ,

2217 2772 2397 2836 καθὼς
2432 2772 2488 2826 αἱ
2540 2770 2726 2824 λοιπαὶ¹
2778 2769 2955 2839 φωναὶ
2984 2767 3082 2837 τῆς
3113 2764 3390 2835 δσιότητός
3416 2781 3538 2831 σου,
3565 2766 3802 2835 ἀκρισία

2218 2868 2367 2920 πᾶσα
2406 2867 2500 2919 καὶ
2542 2864 2911 2929 ἀνυποταξίαο
2950 2860 3384 2931 ἐπερειδομένων
3422 2858 3533 2912 τῶν
3572 2860 3801 2913 πάντων

2221 2957 2409 3027 σχεδὸν
2440 2957 2611 3009 εἰπεῖν
2641 2957 2765 3019 ταῖς
2788 2953 3159 3026 ἀνθρωπίναις
3188 2948 3523 3019 συνηθείαις,
3562 2950 3661 3003 καὶ
3676 2954 3801 3013 ταῖς

2218 3051 2333 3105 τῶν
2408 3050 2857 3121 προσεχεστὲρων
2925 3046 3367 3118 διακρατήσεσιν,
3430 3044 3491 3109 ἐξ
3545 3044 3801 3106 ἐναντίας

2221 3141 2473 3211 ἐχούσαις
2504 3141 2610 3194 τῶν
2638 3139 2869 3194 ἐντολῶν
2894 3138 2988 3193 τοῦ
3016 3137 3153 3192 Θεοῦ
3178 3151 3195 3167 ⁸
3226 3137 3319 3190 καὶ
3366 3136 3572 3207 μᾶλλον
3603 3139 3801 3207 αἱρου-

540 3218 929 3289 investigemus
952 3235 966 3279 ;
988 3220 1082 3273 sed
1101 3219 1252 3289 quasi
1284 3221 1559 3290 antiquata
1584 3220 1701 3291 lege
1726 3218 1841 3285 Dei,
1873 3231 1929 3275 et
1949 3222 2114 3276 aboli-

2221 3233 2396 3302 μένων
2426 3232 2522 3285 τοῦ
2568 3233 2741 3295 δεῖνος
2786 3232 2881 3283 καὶ
2917 3229 3011 3283 τοῦ
3058 3230 3231 3293 δεῖνος
3276 3228 3583 3300 ἡγουμένου
3626 3247 3805 3299 παρα-

543 3319 600 3365 to
617 3310 922 3380 Evangelio,
944 3312 1469 3380 hebescentibusque
1486 3312 1859 3382 spiritualibus
1875 3315 2111 3369 sanctio-

541 3402 723 3464 nibus,
764 3410 947 3471 atque,
986 3412 1046 3456 ut
1099 3403 1266 3473 magis
1293 3403 1516 3472 impium
1554 3404 1683 3473 quid
1715 3405 1913 3470 dicam,
1957 3407 2110 3475 quasi

541 3500 750 3546 mutato
799 3492 1121 3547 immutabili
1152 3493 1280 3547 Deo.
1312 3492 1443 3548 Nam
1472 3504 1526 3549 et
1574 3495 1676 3550 hoc
1711 3496 1831 3551 illos
1876 3508 2107 3567 speetat,

539 3584 628 3652 qni
653 3599 865 3654 semper
892 3586 1143 3639 incusant
1177 3594 1231 3638 et
1255 3586 1393 3650 dies,
1426 3595 1482 3641 et
1526 3596 1735 3654 aetates,
1777 3590 1921 3657 quod
1951 3591 2111 3646 aliter

542 3675 647 3740 lue,
684 3676 841 3729 aliter
875 3676 979 3730 illae
1009 3691 1067 3730 se
1098 3677 1354 3731 habeant.

2216 3324 2403 3391 τηρεῖν
2451 3320 2544 3373 τὸν
2591 3320 2725 3390 βίον,
2762 3318 2931 3391 ἢτῶν
2969 3319 3273 3372 θεσπεσίων
3317 3319 3580 3389 Πατέρων
3616 3319 3801 3389 ἡμῶν.

2219 3412 2409 3465 Ἔνθεν
2439 3412 2487 3465 ot
2523 3410 2799 3480 ποιμένες,
2828 3408 2887 3473 ἐξ
2913 3401 2987 3462 ὧν
3022 3391 3133 3477 trib
3160 3409 3400 3477 πρῶτος,
3450 3410 3803 3481 ὴφρονεύσα-

2219 3521 2336 3571 μεν,
2367 3503 2464 3556 καὶ
2495 3502 2586 3555 τὸν
2615 3500 2819 3571 Κύριον
2860 3500 2961 3553 οὐκ
2995 3498 3358 3567 ἐκζητοῦμεν,
3388 3499 3508 3553 οὐδὲ
3540 3500 3599 3553 τὸ
3641 3501 3804 3570 ἀμώ-

2219 3612 2388 3663 μητον
2418 3595 2596 3648 καὶτὸ
2619 3594 2959 3665 ἀκράδαντον
2998 3591 3096 3659 τῆς
3138 3592 3423 3654 πολιτείας
3473 3591 3807 3662 ίχνηλατοῦ-

2218 3702 2318 3753 μεν
2346 3701 2359 3715 °
2389 3685 2507 3739 ἀλλ’
2537 3686 2612 3750 ὼς
2654 3683 3058 3747 παλαιωθέντος
3110 3680 3206 3736 τοῦ
3270 3682 3419 3736 θείου
3478 3683 3671 3754 νόμου,
3709 3686 3810 3739 καὶ⁵

541 3767 885 3837 ἀργήσαντας
931 3767 1027 3820 τοῦ
1079 3768 1439 3837 Εὐαγγελίου,
1477 3768 1571 3823 καὶ
1616 3769 1996 3843 ἀτονησάντων
2052 3774 2158 3828 τῶν
2200 3777 2585 3847 πνευματικῶν
2609 3776 2849 3848 θεσμῶν,
2876 3778 2993 3844 καὶ,
3024 3774 3112 3829 ἵνα
3140 3791 3195 3829 τι
3253 3775 3394 3829 εἴπω
3421 3774 3518 3828 καὶ
3551 3774 3808 3844 βλασφη-

544 3860 791 3930 μότερον,
838 3859 914 3923 ὡς
966 3860 1347 3925 ἀλλοιωθέντος
1405 3861 1504 3915 τοῦ
1555 3862 1920 3919 ἀναλλοιώτου
1975 3866 2133 3923 Θεοῦ.
2178 3870 2348 3923 Τοῦτο
2402 3872 2510 3941 γάρ
2569 3873 2686 3925 ἐστι
2739 3871 2875 3941 πρὸς
2934 3872 2996 3925 τὸ
3058 3871 3235 3937 λέγειν
3274 3868 3369 3921 καὶ
3411 3866 3812 3922 καταιτιᾶσθαι

539 3951 667 4015 τοὺς
715 3952 942 4022 χρόνους
990 3954 1083 4005 καὶ
1130 3952 1227 4014 τὰς
1251 3952 1463 4023 ἡμέρας
1488 3954 1587 4006 καὶ
1614 3954 1715 4018 τὰς
1741 3957 1955 4023 γενεὰς,
1986 3958 2222 4023 ἀλλοίως
2281 3960 2380 4029 μέν
2415 3960 2630 4024 ἐκείνας
2650 4002 2662 4023 ,
2697 3963 2793 4013 καὶ
2825 3960 3052 4024 ἀλλοίως
3077 3958 3303 4020 ταύτας.

616 4043 729 4114 Ego
761 4058 888 4098 vero
915 4060 1022 4098 non
1058 4059 1086 4096 a
1112 4052 1357 4113 tempore
1390 4045 1663 4099 invectum
1702 4047 1804 4101 hoc
1830 4047 2124 4103 discrimen

544 4136 836 4191 contendo.
884 4133 995 4189 Nec
1033 4134 1177 4189 enim
1223 4135 1383 4188 aliam
1421 4134 1648 4190 formam
1690 4137 1867 4191 induit
1906 4139 2126 4204 coglum,

546 4245 647 4283 nec
695 4237 901 4282 motum
951 4227 1151 4291 alium,
1198 4242 1303 4283 nec
1349 4228 1506 4282 aliam
1559 4228 1734 4284 lucem
1787 4229 1892 4284 diei
1940 4232 2123 4301 opifex

544 4321 769 4391 lampas,
814 4334 919 4374 nec
956 4329 1150 4390 praeter
1173 4320 1390 4374 solitum
1418 4321 1663 4375 ordinem
1703 4322 1875 4376 fertur
1910 4333 1966 4377 et
2017 4325 2125 4378 cir-

544 4412 850 4483 cumagitur
875 4411 1209 4465 universum.
1236 4408 1436 4464 Statuit
1464 4411 1609 4466 enim
1641 4412 1757 4475 illa,
1782 4422 1840 4467 ut
1863 4414 2121 4484 scriptum

544 4514 647 4569 est,
679 4506 732 4557 in
770 4513 1023 4557 retentum
1069 4512 1117 4555 et
1160 4504 1215 4556 in
1252 4502 1503 4557 swculum
1544 4504 1758 4567 mculi;
1804 4517 2121 4575 praeceptum

546 4597 742 4662 posuit,
794 4604 841 4648 et
892 4611 993 4647 non
1026 4594 1309 4663 prwteribit
1329 4595 1395 4649 ³⁸.
1439 4595 1547 4650 Sed
1576 4605 1753 4649 ortum
1784 4597 1834 4651 id
1867 4607 1968 4661 est,
2000 4613 2127 4652 san-

546 4688 811 4750 ctissime,
846 4703 911 4739 ex
946 4686 1243 4740 mutatione
1283 4686 1467 4741 liberae
1507 4688 1801 4743 voluntatis
1833 4690 1902 4743 ab
1942 4705 2127 4745 amore

546 4780 737 4833 divino
765 4779 1060 4843 destitutae,
1091 4777 1455 4847 afl‘ectumque
1482 4794 1640 4832 suum
1668 4780 1735 4833 ad
1761 4782 1963 4835 caduca
1989 4782 2126 4837 defi-

547 4873 745 4941 gentis,
774 4871 1005 4939 gloriosa
1035 4870 1281 4939 exempla
1330 4870 1480 4940 sequi
1531 4871 1901 4935 detrectantis,
1951 4889 2127 4943 neque

547 4964 892 5033 archetypam
940 4964 1121 5031 potius
1171 4961 1512 5031 patriamque
1556 4962 1794 5017 divinam
1842 4965 2127 5035 imaginem

548 5056 871 5123 exprimere,
904 5067 1065 5122 quam
1103 5052 1375 5108 deformes
1420 5062 1474 5106 et
1502 5052 1707 5107 alienas
1735 5069 1797 5107 ac
1846 5055 2124 5125 prodigio-

549 5160 655 5197 sas.
704 5142 1066 5209 Quamobrem
1110 5141 1277 5199 animi
1318 5143 1600 5197 simulacra
1632 5144 1892 5213 gerimus,
1931 5150 2125 5214 partim

550 5236 766 5305 quidem
792 5236 1040 5290 humanm
1062 5234 1478 5304 naturzealiqnid
1501 5236 1775 5297 habentia,
1797 5239 1997 5305 partim
2035 5253 2128 5292 ca-

552 5327 858 5395 nis,partim
880 5326 1113 5396 leopardi
1133 5326 1579 5395 fortasse,partim
1599 5327 1778 5396 piscis,
1800 5338 1889 5381 aut
1908 5329 2129 5383 alterius

558 5418 768 5488 rcptilis
790 5419 1092 5489 cuiuspiam
1117 5437 1129 5472 :
1153 5420 1439 5477 sanctitate
1477 5428 1566 5473 tua
1593 5420 1884 5489 anagogicc
1904 5422 2015 5474 haec
2034 5421 2118 5474 in-

559 5512 853 5583 telligente.
893 5512 994 5578 Qui
1014 5528 1143 5583 ergo
1170 5512 1289 5566 talia
1306 5511 1805 5582 deceptietfutiunt,
1824 5522 1917 5565 aut
1942 5511 2119 5566 Evan-

556 5603 693 5673 gelia
724 5604 896 5672 palam
924 5614 979 5658 et
1007 5604 1145 5658 nuda
1180 5604 1356 5659 fronte
1388 5603 1742 5673 perfringam,
1775 5611 1829 5656 et
1866 5603 2117 5671 martyria

633 5798 678 5830 ³⁸
705 5796 845 5854 Psal.
884 5815 1105 5865 chvnt,
1140 5800 1190 5854 6.

2311 4048 2450 4117 Ἐγὼ
2474 4050 2530 4102 δε
2558 4049 3024 4120 ἁνταποκρίνομαι
3047 4048 3123 4110 ὡς
3151 4046 3213 4100 ού
3236 4044 3387 4117 παρά
3407 4043 3467 4098 τὸ
3489 4040 3585 4095 τοῦ
3606 4045 3812 4114 χρόνου

2227 4139 2484 4212 διάφορον
2538 4140 2696 4193 τοῦτο
2754 4138 2995 4208 ὑπήχθη.
3066 4137 3201 4190 osse
3259 4135 3368 4205 γὰρ
3429 4133 3815 4205 ἐτερόμορφος

2228 4236 2448 4301 γέγονεν
2480 4235 2508 4285 ὁ
2537 4232 2784 4305 οὐρανὸς,
2831 4230 2949 4283 οὐδὲ
2995 4228 3407 4301 ἐτεροκίνητος,
3447 4225 3570 4279 οὐδὲ
3617 4226 3817 4296 ἑτερο)-

2228 4322 2451 4393 λαμπὴς
2475 4326 2503 4376 ό
2522 4322 2851 4393 δημιουργὸς
2878 4323 2976 4391 τῆς
2999 4319 3206 4390 ἡμέρας
3229 4318 3477 4388 φωστὴρ,
3498 4316 3619 4369 οὐδέ
3647 4318 3815 4390 παρὰ

2227 4414 2326 4481 τὴν
2374 4413 2501 4483 πρὶν
2550 4411 2703 4476 τάξιν
2736 4408 2958 4480 φέρεταί
2991 4426 3051 4462 τε
3100 4409 3194 4462 καὶ
3238 4405 3541 4473 διεξάγεται
3573 4406 3637 4458 τὸ
3670 4409 3810 4462 πᾶν.

2233 4505 2499 4569 Ἔστησε
2531 4502 2638 4574 γὰρ
2664 4501 2834 4564 αὐτὰ,
2866 4500 3006 4553 κατά
3035 4500 3102 4553 τὰ
3128 4498 3301 4567 Λόγια
3320 4537 3336 4562 ,
3368 4499 3457 4562 είς
3486 4497 3596 4550 τὸν
3615 4496 3819 4568 αἰῶνα

2228 4592 2325 4645 καὶ
2354 4594 2442 4657 εὶς
2470 4591 2577 4645 τὸν
2597 4589 2782 4647 αἰῶνα
2811 4589 2916 4644 τοῦ
2936 4588 3151 4655 αιῶνος
3171 4604 3185 4621 ⁸
3214 4589 3571 4656 πρόσταγμα
3607 4587 3815 4652 ἔθετο,

2231 4682 2329 4736 καὶ
2358 4685 2429 4735 οὐ
2458 4682 2917 4751 παρελεύσεται.
2957 4679 3120 4732 Ἀλλὰ
3158 4677 3316 4732 τοῦτο
3353 4666 3735 4747 συμϐέϐηκεν,
3770 4673 3818 4733 ὦ

2232 4775 2523 4841 ἀγιώτατε,
2578 4773 2717 4827 κατά
2761 4772 2821 4824 τὸ
2862 4770 3260 4841 ἐνηλλαγμένον
3306 4768 3409 4838 τῆς
3451 4768 3818 4833 αύτεξουσίου

2231 4866 2603 4936 προαιρέσεως
2632 4903 2647 4925 ,
2693 4862 3107 4933 ὀλιγωρησάσης
3146 4864 3209 4914 ἐκ
3239 4860 3334 4914 τοῦ
3387 4859 3533 4913 θείου
3563 4859 3781 4929 ἔρωτος
3801 4902 3817 4926 ,

2231 4962 2324 5012 καὶ
2352 4960 2479 5029 περὶ
2504 4960 2571 5012 τὰ
2597 4958 2842 5029 πρόσυλα
2868 4959 2966 5027 τὴν
2995 4958 3194 5027 ἑαυτῆς
3216 4955 3399 5025 ἐφεσιν
3418 4953 3817 5021 ἐκδεδωκυίας,

2234 5052 2327 5105 καλ⁸
2354 5053 2415 5104 ού
2449 5051 2727 5121 θελούσης,
2753 5051 2871 5104 οὐδὲ
2904 5049 3235 5121 αἱρουμένης
3268 5046 3377 5100 τῶν
3429 5044 3673 5099 εὐκλεῶν
3722 5050 3825 5113 ἐφ-

2235 5144 2475 5214 άψασθαι
2514 5144 2995 5214 παραδειγμάτων,
3024 5143 3145 5196 οὑδέ
3187 5139 3534 5211 μεταγράψαι
3563 5141 3678 5194 ἀπὸ
3709 5141 3821 5211 τῆς

2234 5236 2542 5306 ἀρχετύπου
2572 5235 2665 5288 καὶ
2696 5236 2926 5306 πατρίου
2962 5233 3225 5295 θεοειδοῦς
3256 5233 3480 5294 εἰκόνος,
3510 5233 3575 5284 ἐκ
3606 5230 3663 5283 δέ
3698 5233 3819 5284 τῶν

2232 5327 2562 5397 δυσμόρφων
2610 5325 2704 5379 καὶ
2754 5326 3057 5378 ἀλλοκότων
3102 5324 3197 5378 καὶ
3227 5323 3816 5393 τερατουργουμένων.

2232 5417 2331 5470 Διά
2358 5414 2516 5469 τοῦτο
2544 5415 2612 5467 τὰ
2640 5414 2844 5484 ψυχικά
2874 5414 3167 5484 ἰνδάλματα
3200 5413 3555 5482 ἐπιφέρομεν,
3589 5411 3653 5464 τὸ
3713 5413 3820 5481 μέν

2226 5528 2277 5562 τι
2306 5509 2642 5579 ἀνθρωπείου
2672 5509 2835 5577 μέρος
2866 5506 3076 5577 ἔχοντα,
3112 5506 3173 5559 τὸ
3200 5506 3257 5559 δὲ
3288 5505 3467 5570 κυνὸς,
3503 5503 3563 5556 τὸ
3597 5504 3656 5577 δὲ
3688 5504 3816 5559 λεο-

2231 5603 2434 5673 πάρδου
2469 5604 2648 5672 τυχὸν,
2678 5602 2737 5656 τὸ
2762 5602 2816 5656 δὲ
2847 5602 3047 5673 ἰχθύος,
3080 5602 3276 5671 ητινος
3303 5599 3461 5655 ἄλλου
3491 5596 3603 5651 τῶν
3633 5598 3812 5669 ἑρπε-
