3926 6440
556 367 657 438 939

1735 369 1792 428 S.
1829 369 2229 432 THEODORI
2267 370 2618 437 STUDITIE

3722 388 3817 452 940

551 474 914 546 cupiditatum
944 474 1157 529 turbam
1194 474 1454 530 interiora
1486 484 1573 529 tua
1606 476 2054 544 inflammantem,
2086 490 2139 535 ct

2258 484 2447 539 παθῶν
2479 487 2571 539 τὸν
2595 486 2765 555 ἑσμὸν
2808 486 3242 560 ἀναρριπίζοντά
3285 508 3380 544 σου
3414 491 3482 545 τὰ
3514 493 3690 561 ἐντὸς,
3731 499 3816 550 καὶ

552 576 835 639 peccatum
876 567 1326 622 succendentcm.
1362 568 1728 638 Quapropter,
1767 569 1841 624 ﬁli
1879 572 1976 638 mi,
2010 588 2134 642 per-

550 670 739 730 specta
769 676 868 731 per
931 659 1195 715 humilem
1253 659 1545 730 epistolam
1587 677 1764 717 meam
1802 664 2049 731 veritate,
2083 674 2139 720 et

549 755 616 809 ad
648 755 833 810 lumen
885 754 1213 824 suspiciens,
1255 768 1319 809 ac
1360 753 1625 810 divinitus
1665 767 2047 826 compunctus,
2082 768 2137 813 et

549 846 725 902 amice
765 846 1109 911 vulneratus,
1156 854 1528 916 reputansque
1558 861 1623 902 ac
1652 848 1960 919 recogitans
1992 850 2137 906 unde

551 938 844 1002 excideris,
879 948 934 992 et
957 937 1013 991 in
1040 937 1239 1007 quibus
1263 936 1502 991 miseriis
1533 938 1790 1000 versetis,
1824 949 1881 994 et
1912 940 2003 995 ubi
2036 942 2136 995 ha-

549 1028 710 1090 bites,
757 1042 978 1098 nempe,
1028 1036 1088 1083 ut
1134 1027 1214 1083 sic
1261 1027 1463 1092 dicam,
1513 1028 1569 1082 in
1617 1028 1984 1085 tabernaculis
2030 1030 2136 1085 Ce-

550 1119 649 1175 dar
672 1118 752 1183 ³δ;
791 1117 909 1172 redi
946 1117 1015 1172 ad
1047 1132 1237 1171 sanam
1276 1126 1544 1183 mentem,
1588 1133 1812 1174 recurre
1852 1121 1918 1176 ad
1958 1121 2136 1176 locum

550 1221 727 1273 tuum,
770 1210 1172 1282 expergiscere,
1209 1225 1497 1275 renovare,
1545 1222 1599 1267 et
1636 1213 1945 1281 recalesce;
1982 1224 2037 1269 et
2066 1231 2136 1270 ne

552 1303 745 1356 horam
786 1302 1088 1363 cuncteris,
1132 1301 1406 1365 ne-diem,
1462 1318 1531 1357 ne
1562 1303 1960 1358 hebdomadem
1992 1323 2006 1359 :
2041 1305 2135 1361 sed

548 1392 875 1462 quantocius
903 1392 1164 1447 omnibus
1190 1392 1443 1462 abiectis,
1478 1394 1736 1464 praesenti
1764 1405 1928 1465 atque
1965 1397 2135 1452 intre-

556 1482 684 1552 pido
711 1482 895 1535 animo
932 1481 999 1536 ad
1040 1498 1127 1537 me
1160 1483 1283 1537 veni
1332 1483 1603 1539 infelicem
1629 1484 1846 1539 Patrem
1874 1495 2048 1551 tuum,
2081 1495 2137 1541 et

549 1575 618 1630 ad
674 1575 924 1647 egregios
982 1574 1180 1629 fratres
1244 1584 1403 1639 tuos,
1483 1586 1539 1630 et
1591 1592 1848 1648 magnum
1918 1576 2135 1633 Patrem

549 1682 755 1731 meum,
805 1674 861 1721 et
896 1667 1111 1722 Patrem
1151 1675 1328 1722 tuum.
1367 1668 1433 1723 Et
1463 1669 1563 1723 hac
1597 1668 1820 1739 quidem
1866 1669 1935 1724 de
1970 1684 2132 1725 causa

554 1760 842 1816 consilium
885 1772 1022 1826 erat,
1062 1770 1354 1831 postquam
1400 1769 1455 1816 te
1507 1762 1652 1817 istuc
1706 1762 1995 1832 appulsum
2039 1778 2132 1818 co-

2239 576 2618 646 ἀναφλέγοντα
2662 578 2760 648 τὴν
2794 579 3092 649 ἁμαρτίαν.
3151 581 3244 634 Διδ
3285 583 3349 655 δὴ
3380 623 3396 648 ,
3445 586 3649 639 τέκνον
3699 605 3814 657 μου,

2239 668 2497 736 ἐπιγνοὺς
2521 668 2582 721 τὸ
2612 668 2811 739 ἀληθὲς
2836 669 2922 723 διά
2950 669 3051 740 τῆς
3079 673 3343 743 ταπεινῆς
3374 691 3477 744 μου
3503 677 3815 746 ἐπιπολῆς,

2238 760 2333 812 καὶ
2367 759 2675 828 ἀναϐλέψας
2710 761 2847 830 πρὸς
2892 760 2953 813 τὸ
2984 761 3099 829 φῶς
3120 800 3136 827 ,
3183 763 3281 816 καὶ
3308 767 3677 835 κατανυχθεὶς
3711 766 3816 821 θεῖ-

2238 848 2371 913 κῶς,
2400 848 2496 901 καὶ
2526 850 2754 919 πληγεὶς
2789 849 3044 919 φιλικῶς,
3079 853 3173 904 καὶ
3202 853 3528 924 ἀναπλήσας
3556 856 3656 908 καὶ
3688 858 3817 911 ἀνα-

2236 940 2513 1011 γνωρίσας
2546 940 2669 994 ὅθεν
2698 940 2963 1004 ὲξέπεσας
2988 980 3003 1005 ,
3037 942 3134 995 καὶ
3168 943 3226 995 ὲν
3268 943 3441 1007 ποίοις
3491 942 3544 998 εἷ
3588 942 3817 1011 δεινοῖς,

2239 1035 2333 1086 καὶ
2361 1032 2465 1086 ποῦ
2506 1034 2815 1103 παροικεῖς,
2849 1033 2925 1096 ὡς
2966 1035 3173 1097 εἰπεῖν,
3210 1034 3348 1105 μετά
3373 1036 3483 1089 τῶν
3517 1040 3819 1109 σκηνωμάο

2235 1141 2343 1179 των
2372 1124 2564 1195 Κηδάρ
2591 1140 2605 1155 ο
2660 1123 2998 1194 ἀνάσφηλον,
3050 1125 3145 1178 καὶ
3190 1126 3561 1197 ἀναπήδησον,
3596 1130 3698 1183 καὶ
3728 1132 3818 1185 ἀν·

2236 1215 2515 1288 εγέρθητι,
2546 1215 2639 1268 καί
2668 1214 3031 1286 ἀνανεώθητι,
3076 1217 3170 1269 καὶ
3199 1217 3651 1289 ἀναθερμάνθητι
3670 1237 3685 1251 ·
3728 1225 3816 1276 καὶ

2241 1308 2315 1378 μὴ
2347 1307 2519 1378 ὥραν,
2576 1306 2651 1377 μὴ
2687 1307 2923 1377 ἡμέραν,
2968 1310 3043 1377 μὴ
3078 1306 3383 1378 ἑϐδομάδαο
3430 1310 3573 1365 ἀλλά
3622 1311 3817 1369 θᾶττον

2236 1401 2448 1471 χαίρειν
2479 1401 2645 1452 πᾶσιν
2690 1399 2879 1464 εἰπὼν,
2919 1395 3022 1479 ἧκε
3051 1401 3386 1472 ἐρρωμένως
3416 1406 3513 1457 καὶ
3540 1406 3818 1461 ἀνενδοιὰ-

2236 1507 2377 1553 στως
2415 1490 2553 1560 πρός
2586 1507 2654 1557 με
2681 1491 2776 1542 τὸν
2815 1489 3080 1560 δύστηνόν
3115 1508 3209 1545 σου
3240 1493 3499 1564 Πατέρα,
3546 1496 3646 1548 καὶ
3686 1500 3817 1569 πρὸς

2235 1582 2334 1654 τὴν
2366 1583 2537 1653 καλήν
2564 1598 2658 1634 σου
2689 1581 3052 1653 ἀδελφότητα,
3086 1584 3181 1636 καὶ
3211 1586 3347 1654 πρὸς
3379 1585 3471 1638 τὸν
3500 1586 3683 1656 μέγαν
3711 1590 3818 1644 Πα-

2234 1672 2370 1744 τέρα
2399 1688 2500 1743 μου
2531 1673 2626 1724 καὶ
2661 1673 2890 1744 Πατέρα
2926 1689 3039 1727 σου.
3088 1676 3195 1728 Καὶ
3230 1677 3367 1747 πρὸς
3405 1677 3567 1731 τοῦτο
3596 1678 3819 1733 ἐϐουλό-

2241 1781 2350 1834 μην
2381 1764 2501 1834 μὲν,
2530 1763 2693 1834 ἠνίκα
2719 1764 2922 1835 ἔμαθον
2951 1766 3033 1819 ὅτι
3062 1767 3249 1820 αὐτόθι
3283 1767 3686 1841 ὲξεπελάσθης,
3725 1776 3820 1828 καὶ

547 1852 735 1922 gnovi,
776 1851 943 1907 etiam
992 1851 1217 1906 fratrem
1262 1866 1389 1906 cum
1439 1851 1637 1908 litteris
1668 1853 1908 1916 mittere,
1960 1854 2051 1924 qui
2084 1862 2135 1908 te

2238 1855 2469 1925 ἀδελφὸν
2503 1852 2718 1926 πέμψαι
2751 1857 2848 1910 σὺν
2877 1860 2989 1921 τοῖς
3024 1859 3353 1930 γράμμασιν
3377 1900 3392 1924 ,
3431 1862 3521 1914 ἴνα
3549 1878 3609 1914 σε
3647 1865 3818 1935 ἀναρ-

555 1952 856 1999 revocaret.
889 1944 993 1999 Sed
1025 1944 1151 2015 quia
1180 1944 1467 2016 presbyter
1490 1945 1796 2001 litterarum
1827 1947 1964 2001 lator
1994 1948 2127 2002 mihi

548 2036 709 2105 plane
753 2035 1105 2090 confirmavit
1151 2044 1204 2090 te
1246 2036 1314 2091 ad
1361 2037 1506 2092 solas
1543 2037 1753 2093 litteras
1793 2048 2125 2105 venturum,

548 2126 673 2181 ideo
704 2125 934 2195 epistola
966 2135 1260 2181 contentus
1285 2125 1384 2182 fui.
1414 2127 1480 2180 Et
1508 2141 1638 2181 vero
1660 2127 1857 2197 jubent
1883 2144 2126 2198 prorsus,

547 2217 623 2272 illi
668 2218 765 2284 mi,
794 2218 937 2272 sicut
965 2218 1168 2272 dictum
1212 2226 1320 2281 est,
1357 2232 1465 2271 non
1500 2218 1677 2272 solum
1717 2233 1820 2290 ego
1852 2220 2038 2285 miser,
2074 2228 2129 2275 et

547 2307 707 2363 Pater
735 2323 914 2375 meus,
949 2323 1139 2363 verum
1180 2319 1235 2363 et
1264 2310 1437 2364 nostri
1470 2310 1676 2365 domini
1706 2310 1945 2367 Joannes
1985 2329 2121 2382 prae-

548 2412 744 2456 cursor
790 2416 857 2456 ac
890 2400 1131 2457 Joannes
1164 2384 1497 2473 Theologus,
1544 2413 1605 2458 ut
1653 2420 1817 2474 quam
1868 2405 2129 2463 citissime

546 2494 773 2564 gradum
802 2494 1030 2559 referas,
1084 2495 1403 2566 priusquam
1441 2504 1494 2551 te
1540 2496 1821 2567 inopinata
1852 2514 2001 2554 mors
2031 2515 2129 2555 oc-

546 2596 729 2657 cupet.
779 2586 933 2654 Quod
979 2588 1022 2643 si
1074 2588 1396 2643 obfirmatus
1445 2589 1658 2656 adhuc,
1712 2591 1859 2660 quod
1906 2592 2128 2645 minime

548 2695 695 2744 reor,
733 2681 1093 2747 obdurescas,
1125 2690 1178 2737 et
1211 2682 1566 2752 pertinaciter
1600 2683 1858 2748 resistas;
1903 2683 2041 2738 scito
2075 2693 2129 2738 te

546 2762 1082 2828 exeomniunieatum
1113 2787 1254 2837 esse,
1286 2781 1341 2827 et
1370 2788 1400 2827 a
1442 2774 1647 2829 sanctis
1693 2774 1971 2841 omnibus,
2014 2786 2069 2830 et
2097 2791 2127 2830 a

551 2864 715 2919 nobis
762 2864 1141 2933 peccatoribus
1174 2865 1350 2921 donec
1396 2864 1590 2920 faciem
1636 2876 1878 2920 nostram
1922 2867 2125 2922 videas.

548 2954 650 3008 Sin
682 2964 865 3012 autem
904 2952 1130 3025 gradum
1174 2954 1402 3021 referes,
1451 2966 1511 3011 ut
1552 2956 1840 3026 jussimus.
1884 2958 1997 3028 jam
2034 2972 2101 3012 ve

546 3046 708 3101 niens
739 3047 952 3102 solutus
983 3062 1065 3112 es,
1099 3057 1211 3103 tum
1249 3048 1315 3104 ad
1343 3049 1526 3104 divina
1559 3050 1722 3117 dona,
1754 3059 1869 3105 tum
1903 3050 1971 3107 ad
1995 3051 2129 3106 alios

546 3139 719 3197 cibos.

974 3257 1039 3312 Χ.
1063 3287 1129 3299 -
1160 3258 1383 3313 Νἰτοίαο
1417 3261 1698 3326 discipulo.

2238 1947 2490 2020 ρύσηται.
2512 1946 2665 2001 Ἐπεὶ
2685 1948 2742 2003 δὲ
2771 1949 2798 2000 6
2818 1951 3282 2023 γραμματοφόρος
3306 1955 3400 2005 καὶ
3434 1953 3816 2026 πρεσϐύτερος

2233 2040 2602 2094 ἐϐεϐαιώσατό
2635 2057 2702 2111 με
2752 2042 2971 2104 πάντως
2998 2045 3063 2095 ὲκ
3108 2042 3287 2112 μόνων
3319 2044 3430 2099 τῶν
3458 2046 3817 2117 γραμμάτων

2232 2133 2391 2205 ἥκειν
2420 2150 2509 2197 σε,
2537 2132 2625 2186 διὰ
2653 2131 2814 2187 τοῦτο
2843 2133 3123 2204 ἡρκέσθην
3166 2137 3229 2205 τῇ
3274 2136 3556 2209 ἐπιστολῇ.
3602 2139 3715 2191 Καὶ
3752 2137 3818 2209 δὴ

2235 2222 2477 2287 πάντως,
2503 2223 2700 2276 τέκνον
2732 2240 2857 2293 μου,
2887 2222 3070 2286 καθὼς
3093 2224 3331 2294 εῐρηται,
3363 2225 3425 2279 οὐ
3457 2228 3619 2296 μόνον
3650 2225 3765 2295 ἐγὼ
3790 2230 3821 2280 6

2233 2316 2437 2380 τάλας,
2496 2316 2591 2370 καὶ
2636 2318 2664 2369 6
2713 2316 2904 2387 Πατήρ
2953 2333 3088 2385 μου,
3131 2316 3267 2371 ἀλλὰ
3321 2320 3418 2373 καὶ
3462 2320 3513 2372 οἰ
3554 2319 3818 2374 δεσπόται

2234 2408 2427 2479 ⁴ἡμῶν,
2471 2410 2499 2462 6
2532 2407 2875 2478 Πρόδρομος,
2909 2408 3004 2460 καὶ
3031 2409 3060 2461 6
3088 2407 3347 2478 Θεολόγος
3373 2449 3389 2474 ,
3432 2410 3819 2477 ἐγκελεύονταί

2236 2515 2341 2567 σοι,
2389 2498 2618 2569 τάχιστα
2649 2496 3005 2565 ἀποκινῆσαι,
3042 2499 3173 2570 πρὶν
3209 2500 3621 2570 ἀπροσδοκήτου
3646 2501 3819 2556 Θανά·

2233 2610 2328 2645 του
2351 2590 2637 2661 καταλάϐῃ
2667 2591 2729 2644 τὸ
2751 2590 2927 2655 τέλος.
2960 2592 3023 2645 Εἰ
3048 2592 3107 2645 δέ
3131 2610 3203 2656 τι,
3236 2592 3266 2645 δ
3292 2592 3389 2661 οὐχ
3418 2592 3817 2663 ὑπολαμϐάνω.

2235 2680 2675 2751 σκληρυνόμενος
2694 2679 3037 2751 σκληρυνθῇς
3054 2683 3147 2733 καὶ
3168 2679 3518 2743 αὐθαδιάσεις
3540 2697 3554 2711 ο
3572 2681 3817 2749 γίνωσκε

2233 2771 2598 2842 ἀκοινώνητόν
2632 2788 2692 2824 σε
2724 2770 2882 2836 εἶναι,
2912 2773 3006 2825 καί
3029 2772 3091 2823 ὲκ
3121 2773 3340 2825 πάντων
3357 2772 3467 2825 τῶν
3493 2772 3689 2841 ἁγίων,
3717 2776 3818 2829 καὶ

2234 2863 2294 2928 ἐξ
2322 2861 2483 2935 ήμῶν
2508 2862 2617 2915 τῶν
2657 2861 3016 2933 ἁμαρτωλῶν,
3044 2861 3147 2924 ἕως
3173 2862 3238 2916 ἂν
3270 2863 3389 2933 ὄψει
3414 2863 3475 2916 τὸ
3513 2864 3817 2934 πρόσωπον

2235 2956 2413 3025 ἡμῶν.
2443 2955 2505 3007 Εἰ
2534 2954 2591 3006 δὲ
2626 2953 3014 3021 ἀποκινήσεις,
3048 2951 3231 3015 καθὼς
3265 2954 3677 3024 ὲνετειλάμεθα,
3708 2957 3814 3026 ἤδη

2234 3048 2526 3117 ἐρχόμενος
2553 3044 2842 3114 λελυμένος
2869 3038 2939 3109 εἴ,
2973 3044 3067 3097 καὶ
3103 3045 3211 3098 τῶν
3260 3045 3419 3099 Θείων
3457 3046 3671 3118 δώρων,
3714 3050 3817 3102 καὶ

2234 3139 2343 3193 τῶν
2372 3136 2547 3191 ἄλλων
2578 3135 2607 3205 β
2614 3152 2692 3207 ρω
2699 3136 2903 3206 μάτων.

2647 3249 2705 3303 I'.
2734 3278 2803 3289 -
2830 3249 3107 3315 Νικολάῳ
3132 3249 3390 3319 μαθητῇ.
3648 3251 3811 3333 [ut]

1399 3370 1643 3420 Electoln
1669 3369 1990 3433 praepositum
2028 3370 2176 3420 tradit
2216 3370 2459 3430 praecepta
2500 3365 2613 3413 vive
2654 3366 2960 3414 monasticae.

616 3472 1069 3542 Quandoquidem
1114 3472 1209 3529 Dei
1247 3482 1405 3539 nutu,
1439 3474 1741 3544 spiritualis
1774 3474 1844 3527 fili
1885 3473 2124 3538 Nicolae,

546 3565 613 3619 ad
644 3564 985 3634 praefecturae
1015 3566 1229 3637 apicem
1274 3574 1500 3621 evectus
1549 3581 1627 3631 es,
1673 3566 1967 3622 observare
2006 3581 2126 3620 om-

547 3654 681 3708 nino
719 3654 912 3720 debes,
947 3671 1068 3724 quas
1092 3656 1149 3710 in
1182 3655 1286 3710 hoc
1315 3654 1499 3709 libello
1526 3664 1795 3723 praecepta
1830 3663 1978 3707 sunt.
2010 3651 2126 3706 Non

545 3746 710 3817 igitur
742 3745 1015 3801 ullatenus
1065 3746 1401 3812 immutabis,
1435 3761 1597 3816 quam
1630 3762 1659 3799 a
1696 3744 1965 3814 spirituali
2007 3759 2126 3797 mo-

543 3836 786 3891 nasterio
809 3846 901 3891 tuo
917 3836 1177 3907 accepisti
1196 3835 1423 3891 formam
1443 3845 1497 3890 et
1518 3836 1784 3907 regulam,
1804 3836 2009 3903 absque
2029 3850 2126 3889 ne-

544 3927 823 3982 cessitate.
853 3926 973 3983 Non
1009 3923 1318 3997 possidebis
1353 3941 1419 3981 ex
1452 3926 1557 3980 hoc
1579 3926 1782 3979 mundo
1805 3926 2120 3993 quidquam,

547 4034 650 4073 nec
684 4020 783 4073 tibi
823 4020 1106 4090 proprium
1149 4034 1384 4090 repones
1424 4018 1508 4072 vel
1550 4019 1771 4072 unicum
1815 4028 2119 4090 argentum.

545 4109 666 4164 Non
701 4111 911 4166 divides
947 4111 1188 4166 animum
1220 4121 1276 4166 et
1311 4126 1405 4164 cor
1433 4119 1586 4163 tuum
1618 4109 1815 4164 affectu
1847 4110 2121 4180 curisque,

546 4212 771 4274 propter
803 4219 898 4259 eos
923 4204 1016 4274 qui
1044 4203 1140 4259 tibi
1178 4219 1208 4257 a
1251 4204 1362 4257 Deo
1393 4202 1675 4258 commissi
1714 4211 1866 4267 sunt,
1915 4203 2124 4272 tibique

546 4296 600 4349 in
631 4295 827 4365 spiritu
857 4296 951 4349 filii
981 4311 1045 4351 ac
1076 4296 1276 4350 fratres
1298 4295 1422 4349 facti
1453 4303 1609 4362 sunt;
1638 4310 1747 4350 non
1776 4309 1902 4366 erga
1932 4310 2125 4373 neces-

546 4389 721 4443 sarios
762 4389 893 4443 olim
942 4389 1246 4444 secundum
1292 4402 1536 4452 carnem,
1584 4397 1679 4441 aut
1717 4396 1996 4458 cognatos,
2032 4395 2127 4441 aut

547 4479 775 4547 amicos,
810 4490 905 4536 aut
947 4482 1182 4537 sodales.
1216 4480 1336 4537 Non
1380 4482 1632 4553 erogabis
1678 4497 1768 4537 res
1811 4482 2124 4537 monasterii

549 4574 650 4638 tui,
685 4589 864 4643 neque
902 4574 954 4627 in
990 4573 1123 4639 vita,
1174 4589 1355 4644 neque
1392 4584 1517 4643 post
1546 4584 1799 4638 mortem,
1837 4574 1951 4628 sive
1979 4575 2124 4627 elee-

547 4679 785 4734 mosynaa
811 4662 994 4728 titulo,
1024 4663 1140 4718 sive
1168 4663 1354 4735 legati,
1379 4664 1430 4716 in
1458 4672 1579 4718 tuos
1606 4663 1733 4718 olim
1761 4663 2120 4729 necessarios,

2313 3466 2534 3537 Ἐπειδὴ
2560 3466 2782 3536 εὐδοκία
2811 3464 2947 3519 Θεοῦ
2972 3463 3401 3536 προεϐιϐἀσϐης,
3425 3464 3617 3519 τέκνον
3640 3484 3813 3520 πνευ-

2232 3559 2460 3631 ματικὸν
2492 3558 2751 3621 Νικόλαε,
2785 3559 2866 3620 εἰς
2908 3556 2971 3609 τὸ
3004 3557 3103 3626 τῆς
3146 3558 3508 3627 ἡγουμενείας
3551 3557 3807 3630 ἀξίωμα,

2226 3651 2344 3705 δέον
2373 3646 2759 3721 παραφυλάξαι
2792 3663 2850 3700 σε
2897 3648 3075 3701 πάντα
3116 3648 3185 3701 τὰ
3217 3648 3581 3716 ἐντεταλμένα
3620 3668 3709 3705 σοι
3752 3654 3813 3704 ἐν

2226 3742 2304 3813 τῷ
2350 3741 2575 3812 παρόντι
2614 3738 2971 3809 γραμματίῳ.
3010 3740 3083 3792 υὺ
3131 3739 3437 3804 διαλλάξεις
3479 3739 3575 3793 οὖν
3632 3741 3812 3813 ὅνπερ

2227 3834 2530 3906 παρέλαϐες
2561 3833 2729 3885 τύπον
2759 3831 2853 3884 καὶ
2886 3831 3085 3884 κανόνα
3117 3830 3269 3900 παρὰ
3292 3831 3393 3899 τῆς
3418 3834 3814 3902 πνευματικῆς

2226 3946 2321 3982 σου
2351 3928 2517 3999 μονῆς
2551 3928 2609 3978 ὲν
2640 3924 2846 3979 ἅπασιν
2871 3924 2999 3978 ἄνευ
3027 3923 3291 3993 ἀνάγκης.
3321 3921 3395 3975 υὺ
3426 3924 3599 3993 κτήσῃ
3628 3939 3687 3975 τι
3712 3924 3813 3977 τοῦ

2224 4021 2435 4090 κόσμου
2463 4019 2653 4071 τούτου
2675 4058 2691 4083 ,
2722 4016 2843 4069 οὐδὲ
2872 4014 3338 4086 ἀποθησαυρίσεις
3373 4014 3687 4083 ἰδιορίστω;
3730 4018 3814 4079 εἰς

2224 4111 2417 4165 ἑαυτὸν
2449 4109 2614 4181 μέχρι
2649 4108 2744 4162 καὶ
2770 4106 2889 4170 ἑνὸς
2921 4106 3209 4177 ἀργυρίου.
3232 4107 3307 4159 Οὐ
3338 4106 3688 4177 διαμερίσεις
3707 4111 3813 4177 τὴν

2222 4203 2399 4275 ψυχὴν
2426 4204 2522 4256 καὶ
2548 4201 2649 4273 τὴν
2690 4199 2917 4272 καρδίαν
2958 4216 3051 4253 σου
3092 4200 3148 4251 ὲν
3176 4199 3361 4269 σχέσει
3395 4200 3487 4251 καὶ
3528 4201 3808 4268 φροντίδι,

2226 4297 2378 4368 παρὰ
2406 4296 2532 4359 τοὺς
2558 4292 3033 4363 πεπιστευμένους
3069 4308 3150 4344 σοι
3196 4290 3300 4343 ὑπὸ
3330 4289 3465 4343 Θεοῦ
3486 4331 3500 4355 ,
3546 4292 3641 4343 καὶ
3673 4309 3811 4360 γενος

2224 4389 2499 4460 νωμένους
2525 4403 2608 4440 σοι
2629 4385 3015 4454 πνευματικῶς
3039 4384 3184 4445 υἱοὺς
3212 4383 3307 4435 καὶ
3338 4381 3629 4450 ἀδελφούς·
3679 4385 3814 4436 οὒτε

2225 4481 2304 4542 εἰς
2335 4478 2460 4541 τούς
2487 4495 2619 4531 ποτε
2651 4476 2816 4537 ἰδίους
2846 4474 2989 4527 κατά
3022 4473 3223 4543 σάρκα,
3247 4473 3281 4543 ἤ
3317 4476 3618 4541 συγγενεῖς,
3654 4475 3691 4546 ἢ
3723 4476 3816 4544 φί-

2223 4570 2380 4633 λους,
2410 4570 2441 4639 ἢ
2474 4572 2846 4637 συνεταίρους.
2876 4567 2950 4619 Οὐ
2977 4566 3156 4637 χρήσῃ
3190 4568 3298 4627 τοῖς
3334 4565 3438 4635 τῆς
3464 4564 3681 4629 οἰκείας
3713 4584 3814 4619 σου

2228 4659 2401 4732 μονῆς
2429 4699 2444 4724 ,
2474 4657 2601 4711 οὕτε
2636 4656 2745 4721 ζῶν
2771 4697 2786 4723 ,
2819 4654 2943 4710 οὔτε
2979 4656 3115 4727 μετά
3154 4654 3401 4723 Θάνατον,
3444 4656 3825 4726 ὲλεημονητις

549 4764 610 4812 ιιι
632 4756 840 4811 dictum
877 4765 980 4823 est,
1020 4765 1073 4811 et
1101 4755 1308 4811 amicos
1339 4772 1353 4810 :
1392 4771 1495 4810 nec
1528 4755 1674 4809 enim
1706 4754 1773 4809 de
1802 4754 2006 4809 mundo
2037 4768 2116 4818 es,

2233 4753 2355 4816 κῶς,
2390 4751 2423 4822 ἢ
2456 4748 2867 4821 κληρονομικῶς
2888 4790 2903 4815 ,
2934 4750 3013 4812 είς
3037 4747 3164 4811 τούς
3200 4765 3330 4801 ποτε
3360 4750 3813 4819 προειρημένους

547 4858 609 4903 ιιι
647 4864 735 4903 res
764 4848 949 4903 mundi
983 4847 1256 4918 attingas:
1290 4856 1653 4917 praeterquam
1693 4846 1739 4900 si
1770 4846 1861 4915 qui
1889 4845 2030 4900 forte
2056 4860 2122 4899 ex

2233 4841 2391 4904 ἰδίους
2434 4841 2525 4893 καὶ
2558 4840 2764 4909 φίλους.
2821 4840 2896 4893 Οὐ
2942 4840 3049 4909 γὰρ
3094 4840 3159 4892 ὲκ
3206 4838 3300 4892 τοῦ
3342 4840 3549 4911 κόσμου
3584 4837 3675 4906 εἴ,
3724 4844 3817 4897 ἵνα

546 4941 803 4996 coenobio
848 4941 904 4995 in
952 4940 1207 4995 ordinem
1254 4949 1507 4995 nostrum
1550 4937 1867 4992 transierint
1906 4954 1918 4990 :
1961 4946 2123 5007 atque

2233 4933 2463 5004 μετέχῃς
2491 4931 2599 4984 τῶν
2631 4934 2695 4985 ὲκ
2733 4930 2825 4984 τοῦ
2854 4932 3058 5002 κόσμου
3077 4949 3089 4961 ·
3119 4930 3259 4998 πλὴν
3286 4932 3334 4984 εἰ
3376 4932 3451 5002 μή
3487 4948 3589 4983 που
3628 4950 3817 5002 μετα-

547 5031 620 5085 ita
668 5045 856 5085 curam
898 5045 1089 5086 eorum
1136 5045 1292 5101 geres
1337 5030 1494 5099 juxta
1542 5037 1854 5083 sanctorum
1901 5028 2122 5081 Patrum

546 5122 877 5193 exemplum.
915 5122 1034 5179 Non
1078 5122 1385 5193 possidebis
1422 5136 1662 5183 servum,
1697 5135 1876 5190 neque
1904 5120 1971 5174 ad
2005 5127 2127 5173 tuos

549 5231 704 5283 usus,
736 5231 917 5286 neque
945 5217 1012 5271 ad
1044 5216 1364 5272 monasterii
1392 5213 1481 5269 cui
1526 5214 1802 5283 praesides,
1836 5228 1938 5266 nec
1968 5210 2126 5265 deui-

547 5322 655 5377 que
682 5307 751 5362 ad
789 5308 902 5379 agri
949 5308 1051 5374 tui,
1103 5308 1387 5362 hominem
1428 5306 1521 5375 qui
1573 5305 1641 5360 ad
1686 5305 1779 5359 Dei
1834 5303 2123 5373 imaginem

549 5400 729 5454 factus
755 5408 840 5455 est
880 5417 891 5453 :
929 5399 1033 5455 hoc
1063 5400 1211 5453 enim
1242 5396 1597 5452 saecularibus
1629 5396 1762 5450 solis
1804 5409 2123 5449 concessum

549 5501 649 5545 cst.
688 5490 769 5545 Tu
797 5506 929 5546 vero
962 5491 1196 5560 teipsum
1228 5490 1492 5543 exhibere
1543 5486 1821 5540 unanimis
1866 5485 2126 5538 fratribus

552 5584 660 5637 tuis
684 5600 904 5638 servum
934 5584 1117 5638 animo
1145 5582 1331 5644 debes,
1365 5580 1492 5635 licet
1524 5589 1750 5633 externa
1790 5578 1973 5647 specie
2004 5586 2126 5630 tan-

551 5694 711 5747 quam
748 5679 1001 5732 dominus
1031 5686 1087 5732 et
1115 5676 1368 5747 magister
1398 5673 1666 5729 habearis.
1696 5670 1940 5727 Feminei
1965 5684 2125 5724 sexus

631 5842 675 5876 “
714 5847 868 5895 Laut.
904 5855 937 5901 ι,
964 5815 1023 5891 ’.4.

2228 5025 2379 5095 βαῖέν
2410 5041 2553 5086 τινες
2582 5024 2645 5077 ἐκ
2672 5023 2765 5076 τοῦ
2802 5022 3118 5077 κοινωνικοῦ
3147 5022 3264 5093 βίου
3295 5025 3375 5086 εἰς
3406 5023 3469 5075 τὸ
3497 5022 3624 5076 καθ’
3656 5027 3820 5095 ἡμᾶς

2223 5117 2442 5185 τάγμα*
2502 5115 2597 5167 καὶ
2648 5114 2789 5168 οὕτω
2851 5114 3155 5184 φροντίσεις
3216 5114 3358 5167 κατὰ
3412 5115 3645 5185 μίμησιν
3699 5119 3821 5170 τῶν

2227 5208 2399 5273 ἁγίων
2442 5208 2721 5276 Πατέρων.
2764 5207 2837 5259 Οὐ
2873 5208 3051 5277 κτήσῃ
3078 5204 3285 5272 δοῦλον,
3327 5204 3453 5259 οὔτε
3482 5208 3563 5269 είς
3593 5209 3822 5262 οἰκείαν

2228 5296 2439 5365 χρείαν,
2494 5294 2617 5347 οὔτε
2667 5298 2747 5358 εἰς
2799 5297 2864 5365 ἣν
2915 5294 3242 5365 ὲπιστεύθης
3296 5295 3486 5365 μονὴν,
3546 5294 3673 5348 οὔτε
3733 5301 3823 5361 εἰς

2228 5390 2299 5453 ἀγ
2313 5387 2439 5456 ρούς
2473 5404 2589 5453 σου,
2629 5387 2721 5439 τὸν
2752 5387 2872 5440 κατ’
2906 5388 3089 5440 εἰκόνα
3131 5386 3265 5439 Θεοῦ
3296 5388 3558 5455 γεγονότα
3590 5387 3823 5457 ἀνθρω-

2230 5498 2328 5532 πον
2354 5496 2365 5507 ·
2412 5478 2568 5532 τοῦτο
2614 5481 2721 5549 γὰρ
2754 5480 2937 5549 μόνοις
2976 5481 3086 5541 τοῖς
3115 5481 3174 5531 ὲν
3204 5478 3282 5549 τῷ
3314 5480 3413 5549 βίῳ
3449 5478 3827 5553 συγκεχώρη-

2229 5589 2337 5624 ται.
2371 5570 2463 5623 Σοὶ
2490 5571 2547 5623 δὲ
2579 5571 2755 5641 χρεὼν
2801 5571 2991 5623 ἑαυτὸν
3031 5572 3333 5642 παρασχεῖν
3363 5573 3474 5632 τοῖς
3508 5569 3825 5640 ὁμοψύχοις

2233 5682 2323 5717 σου
2356 5662 2603 5732 ἀδελφοῖς
2648 5663 2831 5715 δοῦλον
2867 5666 2930 5733 τῇ
2968 5663 3220 5733 προθέσει
3250 5702 3263 5727 ,
3301 5662 3404 5716 κᾶν
3436 5666 3502 5734 τῇ
3548 5661 3657 5729 ἔξω
3688 5667 3824 5717 ἐπι-
