3926 6476
136 436 234 504 941

1367 436 1900 500 EPISTULARUM
1938 435 2082 495 LlB-
2127 435 2177 496 l.

3299 437 3404 502 942

137 551 336 622 φανείᾳ.
388 549 466 612 ὡς
519 547 787 617 δεσπότης
845 546 1036 616 λογίζῃ
1095 544 1192 600 καὶ
1253 545 1593 609 διδάσκαλος.
1645 546 1720 598 Ού

1838 543 2033 597 animal
2081 542 2148 597 ad
2197 541 2502 597 necessaria
2551 543 2861 598 ministeria
2918 544 3130 600 nullum
3179 544 3407 610 habeas,

137 644 324 712 σχοίης
373 641 514 706 ζῶον
557 641 668 694 τῶν
709 641 773 693 ἐκ
812 639 907 692 τοῦ
955 638 1146 710 θήλεος
1179 637 1370 706 γένους
1405 639 1485 700 είς
1528 638 1718 707 χρείαν

139 733 509 805 ὑπουργικὴν,
540 733 568 786 ὁ
596 733 674 802 τῷ
705 732 860 802 θήλει
897 730 1248 785 παντάπασιν
1281 730 1714 799 ἀποταξάμενος

136 825 258 880 οὔτε
288 828 351 876 ἐν
380 827 448 894 τῇ
481 826 642 894 μονῇ,
682 821 807 876 οὔτε
841 825 898 874 ὲν
930 824 1042 883 τοῖς
1070 821 1258 892 ἀγροῖς
1279 837 1291 850 ·
1327 820 1508 888 καθὼς
1545 820 1720 884 οὐδεὶς

137 917 245 968 τῶν
279 915 450 968 ὁσίων
476 915 571 967 καὶ
591 913 764 981 ἀγίων
799 913 1062 983 Πατέρων
1093 912 1250 983 ήμῶν
1288 911 1720 982 ὲχρήσατο,οῠτε

137 1010 168 1078 ἠ
205 1007 376 1077 φύσις
400 1007 543 1076 αὑτὴ
575 1007 884 1075 ἐπιτρέπει.
939 1007 1053 1058 Οὐκ
1089 1005 1454 1074 ἐποχούμενος
1489 1006 1589 1078 ἔσῃ
1629 1005 1722 1058 ἴπ-

139 1112 261 1158 ποις
298 1095 400 1147 καὶ
426 1095 673 1165 ἡμιόνοις
701 1095 828 1149 ἀνευ
855 1094 1098 1166 ἀνάγκης
1120 1112 1132 1125 ·
1163 1094 1298 1148 ἀλλά
1331 1096 1720 1166 Χριστομιμή-

136 1203 244 1250 τως
272 1186 699 1257 πεζοπορήσεις.
722 1187 786 1238 Ei
811 1185 856 1238 δ’
887 1184 947 1238 οὗ
969 1202 984 1216 θ
1018 1185 1198 1248 πῶλός
1228 1203 1310 1238 σοι
1341 1185 1400 1240 τὸ
1429 1185 1722 1254 ὑποζύγιον
1772 1189 1776 1194 ’

137 1281 313 1333 ἔσται.
355 1278 774 1350 Παραφυλάξεις
817 1278 1034 1341 πάντως
1062 1278 1124 1331 τὸ
1149 1277 1218 1332 τὰ
1245 1279 1422 1332 πάντα
1449 1281 1518 1334 τά
1557 1281 1616 1332 ὲν
1653 1281 1720 1350 τῇ

137 1369 476 1440 ἀδελφότητι
517 1368 675 1422 κοινά
723 1366 863 1422 εἶναι
899 1371 994 1423 καὶ
1046 1370 1356 1440 ἀμέριστα·
1412 1373 1505 1424 καὶ
1557 1371 1723 1441 μηδὲν

137 1459 280 1511 κατά
312 1456 482 1527 μέρος
511 1456 605 1509 τοῦ
637 1456 974 1510 καθέκαστον
1007 1457 1085 1519 εις
1117 1457 1526 1528 ὲξαυθέντησιν,
1560 1460 1722 1529 μέχρι

140 1549 236 1602 καὶ
265 1548 520 1618 ῥαφίδος.
551 1547 654 1601 Σοῦ
681 1549 738 1601 δὲ
765 1549 859 1602 καὶ
887 1549 947 1602 τὸ
976 1549 1136 1619 σῶμα
1160 1550 1254 1602 καὶ
1286 1551 1318 1620 ἡ
1351 1550 1497 1621 ψυχή
1516 1590 1530 1613 ,
1564 1552 1637 1621 μή
1671 1551 1723 1604 τί

141 1656 203 1707 γε
239 1640 395 1704 ἀλλο,
418 1639 661 1692 ἔστωσαν
685 1639 1156 1711 διαμεμερισμένα
1185 1642 1243 1694 ὲν
1276 1641 1482 1712 ἰσότητι
1503 1641 1724 1709 ἀγάπης

144 1733 280 1785 πᾶσι
312 1733 429 1793 τοῖς
471 1733 864 1802 πνευματικοῖς
912 1748 1004 1784 σου
1050 1732 1262 1796 τέκνοις
1306 1733 1402 1786 καὶ
1448 1733 1721 1803 ἀδελφοῖς.

144 1824 264 1876 Οὐκ
294 1822 639 1889 ὲξουσιάσεις
667 1823 762 1876 ἐπὶ
790 1826 903 1887 τοῖς
929 1823 1080 1878 δυσὶν
1112 1824 1361 1893 ἀδελφοῖς
1388 1842 1482 1879 σου
1512 1826 1606 1879 καὶ
1637 1826 1725 1878 τέ-

147 1933 304 1978 κνοις
341 1931 444 1984 μου
510 1913 634 1967 οὔτε
664 1913 799 1985 πρὸς
829 1915 1024 1985 ἀρχὴν,
1065 1915 1188 1969 οὔτε
1216 1916 1353 1986 πρὸς
1397 1918 1729 1988 χειροτονίαν
1763 1904 1802 1958 Β

147 2007 360 2077 πρᾶξαί
395 2024 448 2059 τι
481 2006 653 2077 παρὲξ
696 2009 791 2075 τῆς
840 2009 1114 2076 πατρικῆς
1148 2025 1240 2060 σου
1273 2008 1593 2072 ἑντάλσεως.
1652 2009 1725 2061 Οὐ

149 2100 344 2169 σχοίης
383 2099 523 2168 μετά
551 2099 831 2169 κοσμικῶν
862 2099 1281 2169 ἀδελφοποιίας,
1322 2101 1355 2171 ἢ
1397 2101 1728 2167 συντεκνίας,

143 2195 171 2246 ὁ
203 2192 391 2260 φυγάς
420 2192 515 2246 τοῦ
549 2192 757 2262 κόσμου
785 2193 878 2245 καὶ
904 2191 997 2245 τοῦ
1025 2194 1228 2262 γάμου.
1262 2193 1336 2246 Ού
1367 2193 1474 2263 γάρ
1501 2193 1729 2264 εὓρηται

146 2287 205 2338 ὲν
240 2289 358 2348 τοῖς
389 2285 683 2356 Πατράσιν·
724 2287 772 2337 εί
801 2285 856 2338 δὲ
895 2286 989 2338 καὶ
1018 2285 1268 2357 εὓρηται,
1298 2286 1608 2349 σπανιάκις,
1634 2286 1729 2339 καὶ

147 2378 314 2430 τοῦτο
372 2377 434 2430 οὐ
480 2377 664 2446 νόμος.
714 2376 790 2429 Oti
846 2378 1200 2448 συνεστιαθῇς
1246 2377 1384 2453 μετά
1429 2376 1726 2444 γυναικῶν,

151 2466 296 2536 πλὴν
331 2467 431 2534 τῆς
466 2466 607 2519 κατά
658 2466 837 2535 σάρκα
888 2466 1124 2537 μητρὸς,
1169 2466 1262 2518 καὶ
1309 2465 1580 2534 ἀδελφῆς,
1631 2465 1730 2517 οὐκ

151 2554 270 2610 οἶδα
295 2558 345 2610 εί
381 2566 452 2628 μή
493 2574 579 2620 τις
607 2557 695 2626 βία
722 2558 815 2611 καὶ
839 2558 1076 2626 ἀνάγκη,
1117 2556 1299 2620 καθὼς
1327 2557 1728 2628 παρακελεύον-

150 2663 244 2700 ται
273 2649 321 2700 oi
350 2646 498 2715 ἆγιοι
523 2648 786 2717 Πατέρες.
833 2650 905 2702 Οὐ
938 2651 1124 2720 σχοίης
1147 2651 1207 2702 τὸ
1238 2651 1602 2723 πολυπρόοδον
1636 2651 1732 2706 καὶ

158 2741 596 2810 πολυγύρευτον,
643 2741 772 2794 ἀνευ
824 2742 1070 2814 ἀνάγκης
1121 2745 1619 2816 ὲγκαταλιμπάνων
1671 2745 1733 2798 τὸ

155 2834 353 2886 οίκεῖον
389 2833 636 2902 ποίμνιον
659 2850 673 2865 ο
710 2835 845 2886 ὅπου
877 2851 941 2902 γε
973 2836 1069 2888 καὶ
1101 2836 1476 2907 ὲγκαθημένου
1515 2855 1606 2891 σου
1634 2840 1732 2908 μό-

155 2925 236 2989 λις
273 2926 630 2990 διασώζοιντο
675 2925 742 2978 τὰ
774 2926 1239 2997 πολυτροπώτατα
1307 2931 1402 2983 καὶ
1453 2929 1731 2995 πολυδιεξ-

157 3020 349 3073 ὁδευτα
397 3020 592 3086 λογικά
639 3018 907 3088 πρόὸατα.
947 3021 1358 3089 Παραφυλάξεις
1410 3021 1623 3085 πάντως
1675 3022 1736 3075 τὸ

158 3109 432 3162 ποιεῖσθαι
466 3111 723 3180 τρισάκις
751 3109 852 3181 τῆν
882 3113 1188 3180 κατήχησιν
1222 3115 1287 3182 τῇ
1333 3113 1608 3184 ἐΰδομάδι,
1641 3113 1734 3166 καὶ

159 3200 280 3252 καθ’
329 3200 597 3270 ἑσπέραν·
657 3200 847 3271 ἐπειδὴ
891 3203 1369 3270 πατροπαράδοτον
1417 3203 1595 3267 τοῦτο,
1640 3206 1735 3257 καὶ

161 3295 452 3363 σωτήριον.
500 3295 573 3347 Οὐ
626 3295 775 3365 δοίης
819 3297 956 3368 ὅπερ
1008 3297 1228 3366 λέγουσι
1275 3296 1468 3366 μικρδν
1521 3295 1728 3365 σχῆμα,

159 3382 352 3437 ἔπειτα
401 3385 540 3454 μετά
574 3387 802 3456 χρόνους
845 3388 1030 3459 ἓτερον
1074 3387 1148 3450 ὠς
1196 3389 1356 3457 μέγα.
1403 3387 1498 3440 Ἓν
1532 3389 1638 3457 γὰρ
1674 3387 1735 3439 τὸ

160 3479 372 3548 σχῆμα,
402 3477 591 3550 ὥσπερ
616 3481 710 3534 καὶ
745 3483 804 3534 τὸ
837 3483 1140 3553 βάπτισμα,
1161 3483 1344 3548 καθὼς
1374 3484 1421 3537 οἱ
1452 3483 1597 3552 ἅγιοι
1624 3485 1735 3537 Πα-

158 3571 315 3639 τέρες
349 3573 674 3641 ἐχρήσαντο.
725 3574 800 3626 Οὐ
831 3575 1087 3646 παρασῇς
1121 3577 1248 3638 τοὺς
1273 3577 1471 3645 νόμους
1502 3578 1595 3628 καὶ
1634 3594 1734 3629 κα-

159 3661 316 3725 νόνας
337 3664 450 3715 τῶν
480 3663 757 3735 Πατέρων,
773 3665 878 3736 πρό
910 3684 969 3734 γε
993 3668 1211 3721 πάντων
1238 3669 1332 3721 τοῦ
1355 3669 1507 3736 άγίου
1523 3669 1736 3740 Πατρὸς

161 3755 319 3823 ήμῶν
351 3757 640 3810 Βασιλείου
664 3771 678 3787 ⁸
715 3758 850 3810 ἀλλά
885 3761 993 3812 πᾶν
1017 3761 1044 3813 ὅ
1069 3778 1119 3813 τι
1156 3763 1330 3824 ποιεῖς
1359 3761 1390 3832 ἢ
1428 3764 1629 3828 Αέγεις,
1660 3762 1736 3823 ὡς

165 3851 478 3922 μαρτυρίαν
523 3851 661 3919 ἔχων
687 3853 752 3904 ὲκ
781 3852 887 3903 τῶν
916 3854 1148 3922 Γραφῶν
1196 3854 1457 3923 πράξεις,
1487 3855 1519 3923 ἢ
1559 3854 1632 3916 ὼς
1672 3856 1736 3907 ὲκ

163 3942 439 4013 πατρικῆς
473 3957 566 3993 σου
595 3941 886 4011 συνηθείας
912 3982 928 4002 ,
957 3943 1086 3995 ἄνευ
1122 3945 1488 4013 παραϐάσεως
1517 3943 1737 4012 ἐντολῆς

161 4033 316 4087 Θεοῦ.
349 4033 425 4087 Οὐ
452 4033 799 4103 καταλείψεις
819 4038 880 4087 τὸ
913 4035 1163 4106 ποίμνιόν
1186 4053 1302 4099 σου,
1331 4038 1422 4090 καὶ
1443 4039 1522 4098 είς
1548 4037 1736 4107 ἕτερον

165 4125 476 4197 μεταϐήσῃ,
509 4125 699 4196 ἧπρὸς
734 4126 959 4197 μείζονα
978 4127 1133 4194 ἀξίαν
1162 4128 1735 4200 ὲπαναδράμοις,άνευ

165 4216 445 4287 πατρικῆς
491 4234 586 4270 σου
631 4217 997 4285 διαγνώσεως.
1035 4219 1108 4272 Οὐ
1145 4219 1414 4286 φιλιάσεις
1463 4220 1602 4288 μετὰ
1636 4238 1735 4273 κα-

165 4306 406 4374 ωνικῆς,
433 4306 556 4360 οὐδὲ
588 4306 910 4379 παραϐάλῃς
945 4310 1001 4360 ὲν
1023 4310 1318 4379 γυναικείῳ
1342 4309 1599 4379 σεμνείῳ,
1619 4310 1736 4362 οὐδὲ

169 4399 479 4469 καταμόνας
513 4398 792 4470 ὁμιλήσεις
826 4401 1166 4473 μοναζούσῃ,
1196 4403 1228 4472 ἢ
1268 4405 1529 4472 κοσμικῇ,
1571 4404 1619 4455 εἰ
1661 4405 1734 4474 μή

170 4509 270 4544 που
301 4492 522 4561 ἀνάγκη
547 4493 697 4545 ἕλκοι
717 4510 729 4523 ⁸
766 4495 860 4547 καὶ
881 4494 1002 4546 τότε
1037 4494 1128 4547 δύο
1159 4496 1437 4566 παρόντων
1465 4484 1522 4561 ἐξ
1553 4497 1738 4549 ἑκατέ-

175 4601 266 4648 ρου
296 4584 503 4654 μέρους
535 4583 863 4652 προσώπων.
895 4586 968 4638 Τὸ
995 4587 1103 4655 γὰρ
1135 4586 1213 4650 ἓν,
1243 4587 1317 4649 ὣς
1341 4605 1522 4658 φησιν,
1583 4589 1742 4640 etian-

174 4675 465 4743 ηρέαστον.
514 4675 626 4727 Ούκ
651 4675 882 4738 ἀνοίξεις
909 4677 1006 4746 τῆν
1054 4677 1222 4747 θύραν
1251 4681 1347 4747 τῆς
1385 4678 1619 4749 ποίμνης
1649 4680 1741 4731 ἐπὶ

177 4765 359 4833 εἰσόδῳ
391 4765 657 4828 παντοίας
694 4766 953 4833 γυναικὸς
975 4807 990 4830 ,
1018 4768 1147 4820 ἀνευ
1182 4770 1422 4840 μεγάλης
1458 4771 1703 4840 ἀνάγκης
1725 4788 1738 4802 υ

176 4857 220 4907 εί
264 4857 320 4908 δὲ
363 4857 592 4918 δυνατὸς
631 4853 683 4909 εἶ
717 4858 1056 4928 ἀσυμφανῶς
1097 4859 1368 4929 δέχεσθαι,
1420 4863 1539 4915 οὐδὲ
1589 4863 1743 4916 τοῦτο

175 4945 499 5016 ἀπόϐλητον.
531 4948 604 5000 υὺ
643 4949 892 5018 ποιήσεις
929 4948 1141 5019 σεαυτῴ
1171 4951 1534 5018 καταγώγιον,
1567 4953 1597 5020 ῆ
1629 4957 1743 5015 τοῖς

176 5039 562 5106 πνευματικοῖς
595 5055 687 5090 σου
717 5041 928 5102 τέκνοις
958 5037 1107 5094 οἷκον
1148 5043 1430 5110 κοσμικόν,
1468 5045 1524 5096 ὲν
1553 5039 1596 5111 ᾧ
1636 5047 1741 5096 εἱσι

176 5135 450 5194 γυναῖκες,
500 5131 592 5182 ἐπὶ
638 5129 815 5201 συχνῷ
851 5133 1242 5202 παραϐάλλων*
1289 5135 1402 5187 ἁλλ’
1433 5137 1624 5206 ἐκλέξη
1665 5141 1742 5201 είς

178 5220 383 5289 ἀνδρῶν
408 5221 652 5274 εὐλαὸὦν
670 5224 768 5286 τάς
793 5225 1091 5296 παροδικάς
1113 5228 1203 5278 καὶ
1226 5229 1529 5295 ἀναγκαίας
1555 5230 1740 5299 χρείας

180 5314 464 5367 ποιεῖσθαι.
520 5315 592 5366 Οὐ
643 5317 818 5387 κτήσῃ
864 5316 1108 5388 μαθητὴν
1158 5321 1237 5381 εἰς
1277 5321 1335 5371 τὸ
1386 5321 1592 5373 κελλίον
1648 5339 1740 5374 σου

182 5406 461 5474 μειράκιον
518 5406 879 5472 προσπαθῶς·
951 5408 1067 5460 ἀλλ’
1117 5410 1179 5461 ὲκ
1226 5409 1517 5478 προσώπου
1572 5413 1742 5464 ἀνυπ-

178 5494 356 5560 όπτου,
385 5499 478 5550 καὶ
507 5499 572 5550 ὲκ
600 5497 871 5567 διαφόρων
900 5500 1274 5570 άδε).φιῖ›ν,τῆν
1305 5503 1608 5571 ὑπουργίαν
1651 5521 1740 5555 σου

182 5592 442 5656 ποιήσεις.
490 5589 564 5640 Οὐ
619 5592 792 5660 κτήσῃ
846 5593 1139 5661 ἱματισμὸν
1201 5594 1595 5662 ἐξηλλαγμένον
1651 5596 1742 5646 καὶ

180 5680 492 5748 πολύτιμον,
519 5680 648 5732 ἀνευ
674 5681 766 5733 τοῦ
795 5683 1093 5753 ἱερατεύειν
1124 5701 1182 5735 σε
1207 5700 1220 5714 ο
1251 5684 1521 5745 atas—.03;
1555 5704 1737 5738 ταπει-

180 5773 280 5832 νοῖς
327 5774 761 5841 πατρομιμήτως
810 5774 906 5825 καὶ
951 5775 1141 5844 ἐνδύσῃ
1187 5777 1278 5826 καὶ
1329 5777 1589 5844 ὑποδύσῃ.
1631 5779 1742 5828 Οὐκ

179 5860 268 5925 ἐτη
305 5863 662 5930 ἁϐροδίαιτος,
697 5862 816 5913 οὗτε
850 5865 906 5914 ἐν
933 5867 1108 5931 οἰκείᾳ
1144 5881 1236 5915 σου
1269 5865 1500 5928 δαπάνη,
1528 5866 1649 5916 οὔτε
1684 5870 1740 5916 ὲν

1824 637 1917 706 qui
1949 635 2170 692 feminis
2195 636 2419 690 omnino
2443 635 2787 698 renuntiasti,
2822 650 2926 689 nec
2967 637 3021 689 in
3050 638 3403 703 monasterio,

1825 744 1931 784 nec
1961 729 2018 782 in
2055 728 2201 798 agris
2245 745 2256 778 :
2290 726 2474 780 nullus
2506 725 2777 794 siquidem
2820 736 3136 782 sanctorum
3181 727 3404 782 Patrum

1831 833 1960 872 usus
2004 825 2108 880 est,
2143 824 2199 871 et
2229 824 2424 869 natura
2453 800 2568 884 ipsa
2598 830 2706 868 non
2746 814 3035 884 permittit.
3077 815 3197 870 Non
3233 817 3405 870 vehe-

1831 908 1908 962 ris
1938 907 2098 977 equis
2124 914 2221 961 aut
2250 906 2412 962 mulis
2443 906 2648 975 absque
2679 906 3004 960 necessitate
3030 923 3045 970 ;
3076 907 3173 961 sed
3203 907 3406 962 Christi

1829 1000 2082 1067 exemplo
2137 999 2371 1069 pedibus
2423 999 2526 1054 iter
2577 996 2792 1052 facies:
2829 999 2914 1053 sin
2967 999 3174 1061 minus,
3223 1000 3408 1068 pullus

1829 1090 1971 1144 asini
2004 1091 2112 1144 erit
2153 1093 2461 1160 jumentum
2493 1099 2667 1144 tuum.
2701 1089 2931 1145 Curabis
2961 1090 3188 1144 omnino
3221 1098 3282 1144 ut
3319 1089 3406 1143 in-

1835 1194 1916 1239 ter
1973 1185 2170 1242 fratres
2230 1185 2543 1242 communia
2604 1195 2658 1240 et
2721 1185 2952 1240 indivisa
3015 1185 3126 1240 sint
3181 1184 3405 1250 omnia,

1829 1294 1879 1336 et
1938 1281 2072 1336 nihil
2136 1279 2455 1349 cujusquam
2509 1277 2790 1348 preprium
2842 1277 2964 1348 jure
3014 1275 3283 1341 dominii,
3337 1291 3409 1331 ne

1830 1388 1962 1428 acus
1991 1372 2233 1442 quidem.
2268 1371 2392 1426 Tibi
2433 1386 2562 1425 vero
2591 1381 2646 1424 et
2667 1386 2866 1440 corpus
2895 1379 2950 1424 et
2979 1370 3180 1432 anima,
3213 1384 3281 1424 ne
3321 1369 3410 1424 di-

1831 1479 1952 1518 cam
1985 1472 2204 1528 caatera,
2237 1477 2390 1530 aequa
2429 1461 2585 1514 lance
2621 1460 2908 1514 charitatis
2940 1460 2994 1512 in
3024 1475 3218 1514 omnes
3243 1461 3408 1528 spiri-

1833 1555 2007 1610 tuales
2047 1554 2186 1608 filios
2218 1562 2342 1607 tuos
2375 1568 2439 1608 ac
2473 1550 2671 1606 fratres
2720 1551 3047 1606 dividantur.
3086 1551 3203 1604 Non
3241 1551 3412 1606 uteris

1831 1652 2105 1714 potestate
2134 1659 2260 1714 ergo
2313 1643 2451 1697 duos
2502 1642 2702 1696 fratres
2755 1651 2897 1706 tuos,
2948 1650 3003 1696 et
3049 1641 3188 1696 filios
3235 1657 3408 1706 meos,

1833 1745 1894 1791 ut
1940 1735 2026 1789 vel
2065 1735 2131 1789 ad
2167 1733 2570 1804 prmfecturam,
2622 1733 2707 1788 vel
2753 1734 2820 1787 ad
2852 1733 3250 1787 ordinationem
3291 1734 3412 1789 sine

1837 1826 2010 1882 Patris
2055 1827 2213 1896 jussu
2267 1824 2565 1895 quidquam
2610 1840 2752 1895 agas.
2811 1824 2890 1879 Ne
2938 1825 3231 1880 contrahas
3286 1840 3410 1880 cum

1833 1919 2188 1973 saecularibus
2292 1915 2709 1982 fraternitates,
2800 1917 2887 1970 vel
2973 1915 3410 1987 confiliationes;

1834 2011 2039 2081 quippe
2075 2009 2167 2079 qui
2215 2009 2475 2063 saculum
2526 2018 2582 2063 et
2630 2008 2850 2076 nuptias
2888 2008 3179 2078 reliquisti.
3225 2007 3413 2078 Neque

1832 2102 1980 2156 enim
2012 2108 2192 2154 exstat
2237 2100 2548 2170 exemplum
2587 2101 2641 2153 in
2673 2098 2962 2163 Patribus;
3012 2109 3067 2154 et
3118 2100 3162 2154 si
3211 2107 3409 2160 exstat,

1836 2207 2119 2263 perrarum
2157 2199 2261 2255 est,
2293 2206 2394 2245 nec
2436 2191 2572 2261 legis
2603 2191 2712 2244 vim
2753 2190 2938 2244 habet.
2971 2190 3089 2245 Non
3120 2191 3414 2259 epulabere

1833 2299 1958 2338 cum
1992 2282 2232 2345 feminis,
2261 2289 2484 2350 excepta
2519 2290 2692 2334 matre
2721 2290 2810 2334 tua
2837 2282 3136 2335 secundum
3168 2296 3410 2346 carnem,

1833 2385 1888 2430 et
1919 2390 2128 2440 sorore,
2160 2374 2263 2428 nisi
2295 2374 2376 2428 vis
2405 2373 2582 2442 aliqua
2620 2381 2676 2427 et
2707 2375 3004 2428 necessitas
3034 2382 3238 2444 urgeat.
3273 2375 3416 2430 sicut

1833 2465 2132 2519 admonent
2166 2464 2337 2518 sancti
2373 2464 2582 2518 Patres.
2627 2463 2705 2517 Ne
2748 2464 3010 2534 frequens
3043 2466 3118 2522 sis
3146 2466 3198 2519 in
3232 2481 3416 2538 egres-

1834 2557 1987 2612 sibus
2009 2565 2064 2609 et
2097 2555 2739 2620 circumcursationibus,
2772 2557 3052 2625 proprium
3088 2557 3232 2611 ovile
3258 2558 3418 2612 dese-

1838 2664 1963 2704 rens
2011 2649 2130 2705 sine
2178 2648 2532 2708 necessitate.
2586 2663 2706 2702 cum
2752 2647 2970 2703 difﬁcile
3018 2650 3107 2712 sit,
3161 2649 3323 2703 etiam
3369 2650 3416 2704 si

1844 2740 2101 2794 assiduus
2138 2739 2387 2802 incubes,
2423 2737 2714 2792 variabiles
2741 2747 2796 2792 et
2830 2737 3094 2793 erraticas
3123 2739 3417 2795 rationales

1841 2849 1972 2887 oves
2004 2847 2248 2887 servare.
2289 2830 2430 2885 Cura
2462 2846 2689 2900 prorsus
2727 2842 2788 2884 ut
2816 2832 3145 2885 catechesim
3176 2831 3417 2900 qualibet

1839 2924 2179 2979 hebdomade
2229 2933 2314 2977 ter
2359 2922 2547 2988 facias,
2589 2923 2654 2976 ad
2687 2937 3021 2992 vesperum;
3075 2923 3334 2991 quoniam
3383 2937 3415 2978 a

1838 3015 2090 3070 Patribus
2135 3014 2187 3068 id
2239 3014 2518 3077 traditum,
2558 3025 2613 3067 et
2654 3014 2892 3068 salutare
2936 3023 3038 3068 est.
3088 3013 3164 3067 Ne
3202 3014 3409 3070 dederis

1839 3123 2066 3177 parvum
2099 3123 2263 3177 quem
2292 3115 2485 3161 vocant
2526 3106 2794 3169 habitum,
2829 3120 2912 3169 ac,
2945 3104 3111 3159 veluti
3142 3115 3262 3174 post
3288 3121 3416 3174 spa-

1785 3227 1804 3265 ξ
1840 3198 1976 3251 tium
2003 3196 2286 3265 temporis,
2318 3196 2552 3250 alterum
2581 3195 2728 3250 velut
2769 3209 3024 3264 magnum
3056 3211 3071 3248 :
3103 3210 3242 3250 unus
3267 3193 3414 3250 enim

1841 3298 1925 3342 est
1959 3289 2198 3352 habitus,
2251 3288 2394 3341 sicut
2429 3296 2483 3341 et
2524 3286 2814 3356 baptisma,
2859 3285 3316 3356 quemadmodum
3359 3286 3414 3340 in

1843 3397 1993 3435 more
2045 3379 2148 3434 fuit
2198 3389 2509 3434 sanctorum
2563 3379 2804 3432 Patrum.
2857 3377 2935 3432 Ne
2999 3377 3417 3447 transgrediaris

1841 3470 1987 3541 leges
2030 3478 2086 3523 et
2132 3470 2348 3540 regulas
2395 3467 2640 3534 Patrum,
2693 3467 2968 3538 praecipue
3016 3469 3186 3524 sancti
3239 3467 3416 3526 Patris

1842 3560 2016 3615 nostri
2043 3561 2223 3613 Basilii
2262 3577 2273 3612 :
2310 3560 2404 3614 sed
2431 3559 2695 3628 quidquid
2733 3575 2860 3630 agas
2888 3559 3120 3620 dicasve,
3155 3566 3413 3629 tanquam

1843 3652 2216 3706 testimonium
2256 3667 2322 3705 ex
2367 3651 2538 3705 sacris
2570 3651 2790 3706 Litteris
2832 3652 3057 3715 habeas,
3096 3660 3190 3705 aut
3218 3668 3285 3706 ex
3315 3667 3414 3722 pa-

1844 3753 1994 3798 terna
2043 3744 2459 3804 consuetudine,
2521 3743 2574 3797 id
2620 3759 2737 3814 age,
2790 3743 2908 3798 sine
2947 3743 3116 3798 divini
3161 3742 3416 3814 pmcepti

1844 3836 2312 3905 przevaricatione.
2347 3833 2466 3889 Non
2506 3835 2730 3890 deseres
2782 3850 2999 3904 gregem
3030 3844 3206 3899 tuum,
3256 3844 3314 3889 ut
3347 3837 3416 3890 ad

1845 3926 2078 3980 alterum
2113 3935 2381 3990 transeas,
2414 3926 2497 3980 vel
2529 3927 2596 3980 ad
2627 3927 2884 3995 majorem
2925 3925 3243 3996 dignitatem
3284 3941 3418 3980 cou-

1844 4019 2075 4074 scendas
2106 4020 2225 4074 sine
2256 4020 2435 4074 Patris
2472 4021 2548 4076 tui
2582 4021 2828 4074 arbitrio.
2861 4020 2982 4074 Non
3010 4021 3162 4075 ineas
3187 4019 3418 4074 familia-

1846 4110 2062 4164 ritatem
2113 4127 2237 4165 eum
2286 4112 2571 4174 canonica,
2609 4127 2788 4180 neque
2829 4111 3095 4165 muliebre
3138 4120 3417 4164 monaste-

1844 4201 1985 4254 rium
2026 4201 2369 4271 ingrediaris,
2405 4218 2584 4272 neque
2615 4218 2861 4257 seorsum
2911 4218 3038 4257 cum
3089 4204 3197 4257 ulla
3246 4203 3417 4256 collo-

1844 4290 2030 4359 quaris
2100 4293 2368 4347 monacha
2439 4294 2524 4348 vel
2588 4294 2874 4357 saeculari,
2947 4295 3053 4349 nisi
3115 4296 3418 4352 necessitas

1846 4383 2175 4450 compellat;
2204 4400 2267 4439 ac
2305 4395 2416 4438 tum
2449 4401 2665 4455 quoque
2701 4386 2915 4441 duabus
2947 4387 3201 4456 utrinque
3228 4404 3418 4457 perso-

1847 4475 1930 4527 nis
1974 4476 2280 4530 astantibus
2323 4495 2335 4529 :
2394 4493 2499 4529 una
2542 4477 2688 4531 enim
2719 4517 2733 4541 ,
2783 4487 2842 4532 ut
2881 4479 3074 4546 aiunt,
3130 4481 3419 4536 calumniae

1773 4591 1818 4647 Β
1847 4568 2083 4622 obnoxia
2119 4578 2220 4622 est.
2265 4567 2381 4621 Non
2422 4570 2636 4639 aperies
2680 4571 2882 4624 ostium
2925 4572 3104 4636 ovilis,
3153 4581 3212 4626 ut
3255 4572 3417 4627 femi-

1845 4672 1971 4710 nam
2035 4658 2199 4710 ullam
2254 4658 2586 4712 intromiltas
2635 4659 2754 4714 sine
2803 4676 2994 4731 magna
3045 4663 3416 4717 necessitate:

1844 4747 1988 4816 quod
2030 4749 2074 4802 si
2109 4750 2314 4818 absque
2351 4759 2542 4803 mutuo
2577 4759 2803 4820 aspectu
2841 4752 3050 4806 admitti
3081 4764 3280 4822 potest,
3318 4770 3417 4808 ne-

1844 4856 1949 4908 que
1985 4840 2035 4893 id
2067 4841 2470 4911 negligendum.
2518 4840 2635 4895 Non
2683 4842 2848 4898 facies
2886 4843 2985 4897 tibi
3030 4845 3413 4911 diversorium,

1843 4942 1937 4985 aut
1984 4934 2359 5002 spiritualibus
2406 4933 2528 4987 filiis
2579 4935 2687 4990 tuis
2741 4937 3056 4990 saecularem
3105 4937 3327 4991 domum
3362 4939 3414 4991 iu

1844 5042 1949 5094 qua
1976 5027 2084 5078 sint
2109 5025 2323 5080 feiuinae
2355 5044 2366 5078 :
2407 5027 2476 5080 ita
2508 5038 2565 5081 ut
2593 5043 2712 5081 eam
2748 5028 3060 5097 frequentes
3096 5048 3108 5082 ε
3150 5030 3243 5084 sed
3275 5031 3415 5100 apud

1847 5117 2125 5186 religiosos
2156 5118 2338 5186 potius
2368 5119 2514 5173 viros
2545 5119 2832 5185 diversari,
2878 5130 2931 5173 et
2958 5121 3258 5174 necessaria
3292 5121 3416 5175 vita:

1845 5209 2082 5262 subsidia
2118 5225 2311 5279 capere
2345 5213 2608 5266 studebis.
2641 5209 2757 5266 Non
2802 5214 3030 5267 habebis
3072 5214 3125 5267 in
3158 5214 3289 5268 cella
3327 5223 3416 5268 tua

1845 5297 2169 5365 discipulum
2207 5299 2629 5367 adolescentem,
2670 5318 2778 5371 quo
2823 5302 3054 5356 afficiare
3089 5320 3101 5355 :
3147 5303 3240 5356 sed
3295 5319 3416 5372 per—

1845 5401 1991 5440 souac
2044 5388 2269 5442 minime
2309 5399 2594 5458 suspectae,
2645 5405 2707 5444 ac
2755 5391 3096 5444 diversorum
3131 5391 3265 5443 adeo
3305 5391 3417 5442 frn-

1846 5485 1988 5528 trum
2036 5477 2344 5532 miuistcrio
2379 5479 2568 5531 uteris.
2625 5477 2741 5532 Non
2792 5481 2859 5533 sit
2897 5481 2989 5533 tibi
3035 5482 3416 5534 vestimentum

1844 5567 2204 5633 elaboratum,
2239 5577 2293 5622 et
2331 5571 2651 5638 pretiosum,
2685 5583 2881 5640 praeter
2912 5574 3283 5639 sacerdotale;
3322 5575 3416 5626 scd

1846 5659 2123 5713 humiliter
2157 5661 2376 5715 Patrum
2421 5665 2672 5732 exemplo
2721 5675 2775 5718 ct
2824 5666 3067 5720 indueris
3110 5676 3162 5719 et
3207 5666 3417 5721 calcea-

1847 5751 2009 5803 beris.
2039 5751 2156 5804 Non
2193 5753 2300 5804 eris
2334 5754 2596 5806 delicatus
2639 5771 2699 5807 ac
2743 5756 2939 5818 lautus,
2978 5774 3152 5825 neque
3197 5758 3250 5810 in
3303 5759 3415 5826 pri-

1846 5849 1969 5893 vato
2015 5851 2106 5894 tuo
2145 5853 2386 5911 sumptu,
2425 5859 2598 5910 neque
2633 5845 2686 5896 in
2727 5847 2999 5912 hospitum
3053 5849 3362 5915 receptione
3395 5871 3408 5901 ε
