3926 6430
519 373 620 437 943

1705 373 1763 430 S-
1801 369 2198 432 THEODORI
2253 368 2602 429 STUDlT/E

3692 374 3782 436 944

522 485 626 538 hoc
659 481 808 536 enim
843 481 910 536 ad
953 481 1117 552 hujus
1146 483 1268 536 vitm
1299 482 1633 553 voluptarios
1679 487 1936 553 pertinet.
1989 484 2106 538 Non

2226 487 2330 545 ταῖς
2365 483 2652 552 ὑποδοχαῖς
2703 483 2809 536 τῶν
2861 483 3056 548 ξένων⁶
3105 483 3263 538 τοῦτο
3295 486 3402 556 γὰρ
3428 485 3532 555 τῆς
3575 487 3787 557 μερίδος

523 570 922 624 tliesaurizabis
956 586 1148 624 aurum
1174 571 1232 624 in
1270 573 1602 626 monasterio
1646 585 1777 636 tuo;
1819 576 1914 629 sed
1945 576 2104 644 quid-

520 661 656 732 quid
704 661 760 716 in
833 672 1163 732 unoquoque
1206 679 1406 734 genere
1451 666 1796 730 redundabit,
1848 666 2107 736 adaperto

522 753 661 808 atrio
693 763 790 809 tuo
819 754 1175 825 pauperibus,
1211 765 1524 809 sanctorum
1552 755 1769 810 Patrum
1791 772 1962 822 more,
1995 757 2102 812 lar-

523 846 659 915 gire.
701 843 824 901 Non
877 848 1118 902 servabis
1149 848 1327 902 locum
1382 851 1716 915 obseratum,
1769 867 1871 906 nec
1919 868 2104 906 curam

524 953 684 1008 geres
731 941 1052 996 oeconomiae
1096 959 1110 996 :
1154 945 1249 997 sed
1312 953 1422 998 tota
1488 959 1618 999 cura
1668 953 1756 998 tua
1803 945 2107 999 animarum

526 1040 664 1086 esto.
697 1032 904 1086 Aurum
937 1049 1068 1088 vero
1097 1043 1154 1088 et
1182 1050 1268 1089 res
1304 1036 1427 1090 usui
1459 1037 1795 1091 necessarias
1821 1052 2108 1092 (nconomo

524 1121 860 1184 committes,
897 1133 952 1178 et
978 1124 1220 1191 cellario,
1250 1135 1306 1180 et
1333 1136 1395 1180 nt
1421 1129 1622 1196 cuique
1651 1129 1910 1182 convenit
1943 1128 2109 1182 mini-

525 1215 696 1270 sterio
731 1233 743 1268 :
779 1215 853 1269 ita
884 1215 1166 1280 nimirum,
1200 1228 1260 1272 ut
1297 1233 1468 1288 penes
1507 1228 1559 1274 te
1609 1219 1679 1274 sit
1719 1219 1964 1275 omnium
2011 1235 2108 1289 po-

529 1313 716 1369 testas,
749 1315 803 1360 et
833 1306 1014 1361 oilicia
1041 1309 1094 1360 in
1130 1309 1276 1362 hunc
1299 1317 1395 1363 aut
1425 1309 1596 1376 illum,
1635 1320 1696 1364 ut
1727 1311 1898 1374 voles,
1932 1319 2110 1364 trans.

531 1396 700 1461 feras,
745 1400 1122 1469 rationemque
1189 1403 1370 1473 exigas
1422 1403 1714 1474 cujuslibet
1764 1404 2112 1458 administra-

535 1489 718 1557 tionis,
755 1502 916 1560 prout
954 1493 1243 1548 mandasti.
1281 1493 1399 1549 Non
1443 1495 1610 1551 facies
1641 1495 1728 1550 vel
1788 1511 1914 1566 ages
1953 1495 2110 1564 quid-

537 1598 700 1652 quam
727 1585 781 1638 in
823 1600 882 1639 re
915 1587 1021 1640 ulla
1056 1603 1119 1641 ex
1152 1589 1374 1657 proprio
1408 1604 1596 1655 sensu,
1631 1589 1744 1644 sive
1768 1588 2113 1659 proﬁciscen-

535 1675 664 1728 dum
700 1685 804 1742 est,
839 1692 934 1731 seu
967 1680 1316 1735 vendendum
1357 1681 1443 1735 vel
1483 1680 1817 1746 emendum;
1852 1695 2027 1749 neque
2058 1678 2111 1732 in

538 1770 855 1838 receptione
905 1773 989 1826 vel
1044 1771 1317 1841 ejectione
1361 1774 1611 1836 fratrum,
1663 1787 1842 1843 neque
1889 1773 1942 1826 in
1992 1772 2112 1826 aliis

538 1859 704 1914 rebus
735 1863 1021 1926 externis;
1063 1863 1155 1918 sed
1190 1880 1368 1933 neque
1416 1866 1469 1918 in
1507 1865 1701 1918 animae
1747 1863 1963 1927 erratis,
2001 1865 2118 1918 sine
2149 1849 2190 1902 Β

534 1949 764 2003 consilio
786 1965 973 2005 eorum
998 1953 1089 2021 qui
1117 1954 1328 2020 judicio
1351 1963 1405 2007 et
1438 1955 1636 2023 pietate
1667 1955 2118 2024 przestantmnius

534 2048 628 2093 aut
657 2040 913 2105 duorum,
951 2044 1185 2098 triumve
1215 2055 1310 2099 aut
1340 2046 1600 2114 plurium,
1635 2053 1798 2116 prout
1835 2061 1921 2100 res
1959 2045 2117 2110 feret,

534 2130 678 2184 sicut
697 2147 724 2184 a
747 2130 997 2187 Patribus
1018 2136 1286 2189 sancitum
1306 2145 1408 2190 est.
1432 2135 1556 2191 Haec
1571 2137 1772 2199 omnia,
1793 2147 2123 2206 etquzecun-

532 2237 640 2290 que
659 2223 763 2277 alia
785 2226 1073 2295 accepisti,
1110 2229 1352 2284 servabis
1374 2239 1429 2284 et
1449 2229 1744 2293 custodies,
1775 2237 1834 2282 ut
1858 2229 1998 2282 bene
2026 2227 2122 2282 tibi

535 2314 626 2376 sit,
650 2322 706 2367 et
734 2330 992 2385 prospere
1013 2333 1140 2388 agas
1165 2318 1221 2372 in
1249 2318 1475 2374 Domino
1503 2320 1756 2374 omnibus
1779 2318 1973 2374 diebus
1996 2317 2119 2372 vitae

536 2413 660 2459 tuas.
680 2405 1026 2462 Contrarium
1045 2409 1198 2464 enim
1215 2411 1358 2464 absit
1375 2410 1459 2464 vel
1481 2411 1664 2465 dicere
1687 2410 1772 2464 vel
1800 2410 2058 2479 cogitare.

2213 576 2322 628 τῶν
2355 577 2774 630 ἀπολαυστικῶν
2803 578 2898 630 τοῦ
2927 580 3194 648 παρόντος
3229 579 3367 649 βίου.
3412 581 3489 634 Οὐ
3519 581 3786 651 θησαυρί-

2217 684 2331 730 σεις
2358 669 2580 738 χρυσίον
2613 671 2670 721 ἐν
2707 672 2773 740 τῇ
2823 673 2957 742 μονῇ
3001 689 3093 726 σου
3113 688 3126 701 ·
3158 672 3294 727 ἀλλά
3322 676 3383 725 τὸ
3414 672 3560 726 κατά
3602 691 3789 744 περισ-

2217 759 2368 811 σείαν
2410 762 2503 812 ἐπὶ
2547 761 2746 824 παντὸς
2778 762 2950 825 εἱδους
3003 763 3291 833 μεταδοίης
3322 766 3436 827 τοῖς
3471 767 3791 835 πενομένοις

2217 850 2274 902 ἐν
2303 850 2503 915 ἀνοίξει
2537 853 2636 921 τῆς
2664 853 2834 922 αὐλῆς
2865 871 2979 915 σου,
3014 854 3200 919 καθὼς
3225 855 3320 908 καὶ
3347 857 3396 908 οἱ
3429 857 3579 923 άγιοι
3620 857 3791 908 Πατέ-

2220 959 2330 1013 ρες.
2354 945 2427 995 Οὑ
2464 946 2758 1014 κρατήσεις
2779 947 2942 1000 τόπον
2967 947 3371 1017 ὴσφαλισμένον
3402 948 3500 1000 καὶ
3530 948 3634 1016 τὴν
3663 950 3789 1000 οἱκο-

2216 1035 2446 1105 νομικὴν
2491 1038 2777 1107 φροντίδα·
2822 1039 2935 1091 ἀλλ’
2986 1039 3126 1092 ἔστω
3171 1056 3252 1092 σοι
3300 1040 3451 1092 πάσα
3492 1040 3525 1109 ἡ
3570 1040 3793 1109 φροντὶς

2216 1126 2494 1196 ἀνήκουσα
2530 1129 2658 1199 περὶ
2705 1128 2814 1180 τῶν
2845 1130 3051 1200 ψυχῶν.
3100 1129 3172 1182 Τὸ
3218 1130 3274 1182 δέ
3303 1130 3546 1200 χρυσίον,
3594 1131 3694 1191 καὶ
3733 1132 3794 1182 τά

2221 1218 2361 1271 κατά
2389 1218 2604 1289 χρείαν,
2621 1220 2948 1289 ἐγχειρίσεις
2975 1219 3050 1289 τῷ
3073 1220 3362 1290 οἰκονόμῳ,
3380 1220 3455 1291 τῷ
3475 1221 3794 1291 κελλαρίτη,

2219 1310 2318 1364 καὶ
2345 1311 2418 1373 ώς
2445 1309 2724 1364 ἐπιϐάλλει
2753 1312 2812 1363 ἐν
2839 1313 3046 1384 ἑκάστῃ
3070 1313 3345 1383 διακονίᾳ*
3381 1314 3477 1367 σοῦ
3513 1316 3797 1384 προδήλως

2219 1402 2442 1455 πάντων
2471 1401 2568 1470 τὴν
2606 1402 2856 1469 ἐξουσίαν
2880 1403 3115 1471 ἔχοντος,
3148 1404 3245 1457 καὶ
3281 1407 3690 1477 μεταφέροντος
3727 1407 3799 1467 ὡς

2218 1491 2284 1545 ἂν
2330 1491 2495 1566 βούλῃ
2542 1494 2778 1564 ἑκάστην
2826 1493 3106 1547 διακονίαν
3146 1495 3203 1547 ἐν
3241 1496 3319 1565 τῷ
3362 1499 3584 1566 τυχόντι
3635 1515 3800 1568 προσ-

2219 1581 2372 1653 ώπῳ,
2408 1583 2502 1636 καὶ
2530 1581 3006 1651 ἀπολαμϐάνοντος
3028 1585 3118 1636 τὸν
3140 1583 3298 1651 λόγον
3323 1585 3563 1653 ἑκάστης
3589 1585 3800 1652 διοική-

2223 1691 2358 1736 σεως
2388 1673 2525 1728 καθὸ
2561 1674 2806 1745 ἐντέλλῃ.
2839 1673 2912 1726 Οὑ
2947 1675 3200 1744 ποιήσεις
3246 1693 3296 1728 τι
3341 1677 3372 1744 ἢ
3411 1675 3644 1746 πράξεις
3683 1676 3801 1728 κατ’

2221 1765 2424 1819 οἰκείαν
2449 1764 2674 1834 γνώμην
2701 1765 2760 1818 tv
2790 1765 2949 1818 παντὶ
2981 1767 3289 1835 πράγματι,
3316 1767 3439 1819 οὗτε
3467 1769 3528 1819 tv
3563 1767 3798 1838 προόδῳ,

2222 1857 2343 1911 οὒτε
2372 1861 2429 1912 ἐν
2463 1859 2662 1928 πράσει
2688 1858 2780 1911 καὶ
2806 1858 3096 1928 ἀγορασὶᾳ..
3123 1858 3245 1911 οὗτε
3279 1861 3334 1912 tv
3365 1859 3494 1930 δοχῇ
3525 1859 3557 1930 ἦ
3584 1864 3644 1912 ἐν
3669 1861 3800 1912 ἀποο

2222 1949 2398 2020 κρίσει
2425 1947 2678 2017 ἀδελφοῦ,
2703 1949 2826 2002 οὔτε
2856 1952 2914 2001 tv
2945 1950 3231 2020 ὑπαλλαγῇ
3264 1950 3561 2014 διακονίας,
3590 1951 3718 2004 οὕτε
3742 1954 3796 2002 tv

2222 2043 2368 2112 ἀλλῳ
2396 2041 2503 2094 τινὶ
2537 2040 2646 2094 τῶν
2671 2041 3020 2110 σωματικῶν,
3049 2041 3161 2094 ἀλλ’
3196 2037 3291 2095 οὖν
3321 2043 3439 2095 οὑδέ
3471 2045 3531 2095 tv
3559 2046 3676 2106 τοῖς
3706 2043 3801 2112 ψυ-

2224 2135 2396 2203 χικοῖς
2437 2133 2768 2202 σφάλμασιν,
2801 2132 2928 2186 ἄνευ
2967 2132 3162 2203 βουλῆς
3205 2133 3314 2186 τῶν
3359 2135 3705 2204 προεχόντων
3745 2137 3801 2187 ἐν

2224 2223 2423 2293 γνώσει
2457 2225 2550 2278 καὶ
2576 2223 2856 2294 εὐλαϐείᾳ,
2884 2224 3002 2286 ἐνὸς
3027 2224 3060 2295 ἢ
3086 2224 3200 2288 δύο,
3229 2226 3262 2296 ἢ
3295 2227 3387 2278 καὶ
3412 2227 3600 2297 τριῶν,
3634 2226 3667 2296 ἢ
3709 2227 3804 2278 καὶ

2227 2317 2513 2380 πλειόνων,
2565 2317 2706 2369 κατά
2737 2316 2836 2386 τὴν
2878 2316 3245 2387 ὑποκειμένην
3289 2317 3577 2371 ὑπόθεσιν·
3613 2319 3802 2384 ὥσπερ

2229 2406 2539 2460 ἐντέταλται
2579 2407 2887 2476 Πατρικῶς.
2926 2407 3112 2461 Ταῦτα
3147 2410 3342 2472 πάντα,
3373 2410 3468 2462 καὶ
3507 2411 3608 2463 ὅσα
3641 2411 3805 2479 ἔτερα

533 2495 865 2565 παρέλαϐες,
899 2499 1160 2567 φυλάξεις
1195 2501 1288 2554 καὶ
1311 2501 1662 2572 φρουρήσοις,
1697 2500 1783 2552 ἵνα
1822 2495 1880 2551 εὖ
1911 2514 1992 2550 σοι
2021 2497 2278 2565 γένηται,
2311 2497 2402 2549 καὶ
2466 2496 2565 2569 ἔσῃ
2633 2496 3087 2566 κατευοδούμενος
3117 2499 3173 2550 ἐν
3201 2499 3388 2569 Κυρίῳ
3450 2499 3633 2561 πάσας
3701 2501 3801 2563 τὰς

537 2591 748 2662 ἡμέρας
793 2592 892 2662 τῆς
935 2592 1081 2664 ζωῆς
1111 2611 1225 2648 σου.
1280 2595 1354 2648 Τὸ
1399 2595 1508 2663 γὰρ
1551 2593 1792 2648 ἐναντίον
1819 2591 1985 2660 ἀπείη
2022 2591 2115 2643 καὶ
2138 2590 2317 2658 λέγειν
2344 2589 2439 2642 καὶ
2466 2591 2689 2643 ἐννοεῖν.

785 2707 874 2762 XI.
899 2739 963 2749 —
1002 2709 1284 2766 Anastasio
1329 2712 1566 2782 episcopo
1598 2710 1818 2768 Cnosia.

2249 2707 2424 2766 lA'.—
2451 2707 2812 2771 Ἀναστασίῳ
2838 2707 3144 2776 ἐπισκὸπῳ
3169 2710 3460 2775 Κνωσίας.

3597 2706 3756 2782 [κβκ]

1890 2826 1965 2877 De
2009 2824 2167 2876 umcio
2197 2824 2433 2888 episcopi.

611 2927 750 2996 Quid
785 2930 865 2984 vis
893 2930 1028 2996 tibi,
1076 2931 1420 2988 sanctissime
1452 2929 1612 2985 Pater
1635 2974 1649 2997 ,
1697 2941 1753 2986 et
1777 2930 1904 3001 quid
1939 2939 2113 2984 tanto-

543 3035 670 3090 pere
697 3029 819 3090 post
848 3027 1010 3074 unam
1035 3029 1091 3074 et
1119 3021 1344 3074 alteram
1383 3019 1792 3074 excusationem
1821 3020 2001 3074 adhuc
2029 3021 2114 3074 in-

2289 2925 2354 2980 Τὶ
2395 2943 2474 2978 σοι
2508 2925 2749 2994 γέγονεν,
2779 2919 2822 2979 ὧ
2854 2925 3110 2996 ἱερώτατε
3142 2925 3342 2996 Πάτερ,
3374 2927 3467 2979 καὶ
3529 2927 3582 2979 τί
3613 2929 3808 2982 τοσοῦ-

2219 3037 2311 3074 τον
2354 3019 2499 3088 μετά
2536 3021 2664 3089 μίαν
2711 3021 2804 3077 καὶ
2846 3020 3112 3091 δευτέραν
3143 3021 3473 3092 παραίτησιν
3502 3023 3583 3075 ἐτι
3621 3041 3807 3092 παρα-

540 3121 685 3175 stas,
721 3121 778 3165 ut
806 3127 834 3163 a
866 3127 950 3165 me
981 3111 1234 3180 imperito
1256 3120 1311 3164 et
1333 3111 1478 3164 vitiis
1504 3111 1688 3164 dedito
1717 3111 1962 3165 utilitatis
1999 3127 2115 3164 ser-

2226 3111 2409 3183 ϐιάζῃ,
2455 3112 2596 3165 ὥστε
2624 3113 2753 3185 παρ’
2779 3113 2914 3180 ἐμοῦ
2946 3113 3040 3167 τοῦ
3067 3112 3312 3184 ἀμαθοῦς
3349 3114 3444 3168 καὶ
3465 3117 3808 3185 περιπαθοῦς

542 3218 759 3256 monent
789 3201 1059 3272 recipias?
1091 3203 1203 3273 Ego
1229 3201 1454 3273 potiusa
1477 3212 1529 3257 te
1552 3202 1733 3257 doceri
1763 3218 1898 3272 opus
1927 3202 2119 3267 habeo,

541 3295 636 3366 qui
666 3304 720 3350 et
746 3295 936 3349 ordine
973 3293 1196 3348 inferior
1223 3311 1378 3359 sum,
1405 3304 1460 3350 et
1494 3294 1602 3349 vita
1636 3296 1938 3350 obcaecatus
1960 3334 1974 3357 ,
2012 3309 2121 3348 non

542 3389 612 3442 de
645 3388 995 3457 episcopatus
1039 3386 1247 3450 ciliciis,
1273 3387 1471 3457 (quam
1507 3387 1650 3441 enim
1693 3387 1908 3456 ineptus
1952 3385 2122 3454 simi)

546 3480 640 3534 sed
661 3481 727 3534 de
744 3481 1045 3534 monastico
1067 3489 1232 3546 statu,
1253 3481 1366 3534 sive
1389 3480 1454 3534 de
1475 3480 1865 3550 praepositum;
1888 3494 2123 3547 quonam

547 3581 707 3640 pacto
727 3572 945 3641 indigne
976 3571 1104 3625 mihi
1129 3571 1476 3626 commissum
1519 3586 1734 3641 gregem
1762 3578 2127 3640 congruenter

547 3679 770 3735 regens,
794 3663 1090 3732 prepitium
1124 3663 1177 3715 in
1203 3663 1426 3716 terribili
1455 3660 1828 3731 responsionis
1868 3675 2003 3714 mea:
2040 3659 2127 3713 die

544 3756 783 3826 judicem
815 3755 1117 3809 nanciscar.
1176 3753 1279 3808 Sed
1322 3764 1377 3809 tu
1415 3755 1673 3809 nimirum
1722 3769 1817 3824 per
1859 3766 2126 3808 summam

548 3850 870 3904 modestiam
898 3861 1043 3904 tuam
1070 3850 1172 3903 hoc
1193 3849 1346 3918 egisti
1372 3867 1384 3902 :
1409 3849 1693 3918 explorare
1713 3847 1860 3901 enim
1885 3846 2129 3917 ignoran-

550 3946 680 3998 tiam
701 3959 875 3997 meam
897 3943 1158 4005 voluisse,
1179 3943 1229 3996 id
1256 3943 1389 3996 milii
1417 3942 1484 3996 de
1513 3939 1831 4010 pontiﬁcatu
1861 3950 1953 3994 tuo
1977 3939 2129 3993 nefas

550 4043 634 4089 est
665 4033 949 4102 suspicari.
983 4033 1093 4103 Ego
1119 4047 1248 4086 vero
1287 4047 1468 4086 meum
1493 4031 1665 4100 ipsius
1690 4031 1914 4101 gradum
1940 4069 1954 4092 ,
1981 4044 2014 4081 o
2043 4044 2130 4082 sa-

551 4143 703 4181 crum
735 4137 916 4194 caput,
949 4125 1274 4195 pertimesco
1296 4164 1312 4188 ,
1340 4132 1394 4177 et
1421 4123 1605 4176 animo
1627 4131 1798 4176 aestuo
1826 4122 1967 4176 circa
2010 4119 2131 4173 ani-

553 4235 760 4272 marum
783 4218 1234 4289 gubernationem
1258 4215 1566 4285 ;quomodo
1593 4215 1812 4269 tandem
1847 4229 1912 4268 ex
1943 4214 2132 4267 turbu-

553 4313 701 4366 lento
738 4327 801 4365 ac
843 4311 1145 4379 procelloso
1194 4309 1330 4362 mari
1380 4308 1648 4378 spirituali
1698 4307 1956 4361 traditum
1997 4297 2130 4360 milii

554 4418 779 4472 parvum
813 4403 914 4456 lioc
940 4413 992 4456 et
1020 4401 1300 4472 spirituale
1334 4401 1664 4471 navigiolum
1690 4401 1757 4455 ad
1785 4401 1976 4455 salutis
2003 4415 2130 4469 por-

2225 3205 2508 3274 είληφέναι
2562 3205 2719 3273 λόγον
2771 3206 3080 3274 ώφελείας;
3148 3208 3366 3276 Ἔγωγε
3431 3208 3634 3278 μᾶλλον
3696 3210 3808 3279 ἔχω

2225 3297 2415 3367 χρείαν
2443 3297 2548 3350 ὑπὸ
2575 3296 2668 3348 σοῦ
2702 3298 3032 3368 φωτισθῆναι
3058 3315 3070 3330 ·
3099 3300 3126 3350 ό
3150 3300 3240 3351 καὶ
3263 3303 3326 3368 τῇ
3351 3300 3499 3363 τάξει
3524 3300 3806 3370 δεύτερος,

2224 3390 2320 3443 καὶ
2378 3389 2456 3458 τῷ
2515 3389 2615 3459 βίῳ
2669 3389 3082 3458 ἐσκοτισμένος·
3133 3390 3193 3442 οὑ
3243 3390 3310 3442 τὰ
3339 3392 3466 3460 περὶ
3493 3393 3808 3462 ἐπισκοπῆς

2223 3480 2550 3550 ὀφειλόμενα
2571 3497 2584 3511 ·
2613 3479 2714 3548 φεῦ
2749 3479 2856 3550 γὰρ
2879 3480 2976 3550 τῆς
3005 3480 3142 3550 ἐμῆς
3170 3480 3356 3542 ἀνοίας
3376 3481 3390 3533 ί
3412 3480 3548 3533 ἀλλά
3575 3484 3645 3534 τὰ
3676 3487 3810 3553 περὶ

2233 3574 2560 3644 μοναχικῆς,
2600 3573 2700 3625 εἴτ’
2734 3570 2827 3626 οὖν
2875 3572 3241 3643 ήγουμενικῆς
3288 3574 3697 3637 καταστάσεως,
3747 3577 3808 3628 τὲ

2228 3665 2342 3725 πῶς
2372 3665 2480 3734 ἄρα
2514 3664 2940 3733 ἀφηγησάμενος
2971 3663 3110 3716 κατά
3148 3662 3304 3731 λόγον
3347 3663 3405 3715 τὸ
3437 3664 3808 3732 ἐμπιστευθέν

2231 3773 2320 3826 μοι
2369 3755 2607 3821 ἀναξίως
2642 3756 2912 3824 ποίμνιον,
2945 3753 3163 3826 εὕροιμι
3191 3755 3323 3808 Θεὸν
3357 3754 3486 3808 ἵλεω
3525 3755 3584 3807 tv
3616 3758 3807 3828 ἡμέρᾳ

2226 3849 2324 3920 τῆς
2361 3848 2594 3919 φρικτῆς
2622 3847 2917 3914 ἀπολογίας
2944 3865 3066 3918 μου.
3117 3846 3275 3901 Ἀλλά
3322 3845 3480 3900 τοῦτο
3523 3847 3806 3911 πέπονθας

2229 3943 2446 4002 πάντως
2473 3941 2529 4006 ἐξ
2559 3939 2734 4009 ἄκρας
2762 3938 3245 4009 μετριοφροσύνης.
3281 3938 3664 4008 Ἐκπειράζειν
3694 3941 3806 4008 γάρ

2231 4052 2332 4103 μου
2365 4036 2462 4103 τὴν
2486 4033 2864 4096 ἀπαιδευσίαν,
2887 4032 2947 4084 οὑ
2979 4031 3133 4100 θέμις
3166 4049 3232 4100 με
3258 4030 3504 4083 ὑπονοεῖν
3532 4031 3631 4101 τὴν
3664 4033 3804 4102 ἀρχ-

2232 4124 2531 4196 ιερωσύνην
2577 4140 2693 4175 σου.
2739 4120 2881 4189 Ἐγὼ
2922 4121 3102 4174 τοίνυν
3129 4121 3343 4174 δέδοικα
3376 4121 3445 4173 τά
3474 4119 3569 4173 τοῦ
3598 4123 3805 4175 οἱκεὶου

2232 4214 2464 4286 βαθμοῦ,
2497 4208 2541 4269 ὦ
2575 4214 2693 4284 ἱερά
2724 4211 2954 4281 κεφαλὴ.
2989 4211 3084 4264 καὶ
3115 4211 3328 4278 ἱλιγγιῶ
3363 4212 3491 4281 περὶ
3511 4211 3610 4282 τὴν
3640 4212 3805 4282 ψυχι-

2230 4309 2334 4377 κὴν
2362 4307 2684 4376 κυϐέρνησιν
2711 4305 2788 4375 τῷ
2819 4304 2932 4358 δντι
2950 4321 2964 4336 ο
3000 4303 3118 4366 πῶς
3141 4303 3204 4374 δὴ
3228 4299 3321 4356 οὖν
3347 4305 3410 4356 ἐκ
3437 4304 3535 4373 τῆς
3562 4306 3805 4359 πολυτα-

2233 4400 2400 4471 ράχου
2429 4398 2522 4451 καὶ
2540 4397 2900 4466 ἀεικυμάντου
2927 4397 3122 4468 νοητῆς
3147 4396 3419 4466 θαλάσσης
3449 4397 3804 4469 ἀποσώσαιμι

557 4508 669 4549 tum
699 4495 990 4565 perducam
1017 4511 1029 4549 :
1065 4509 1190 4548 cum
1221 4493 1287 4548 ad
1320 4508 1521 4546 munus
1548 4493 1649 4546 hoc
1679 4501 1734 4546 et
1761 4493 1869 4546 vita
1896 4493 2119 4561 integra,

2228 4491 2289 4544 τὸ
2337 4488 2679 4561 ἐγχειρισθέν
2729 4505 2818 4558 μοι
2856 4488 3013 4540 τοῦτο
3063 4487 3397 4558 βραχύτατον
3443 4488 3536 4540 καὶ
3578 4488 3805 4558 λογικὸν

553 4599 610 4654 et
654 4587 878 4642 scientia
923 4587 1116 4640 idonea
1172 4587 1243 4640 sit
1285 4601 1456 4655 Opus;
1510 4595 1571 4640 ut
1624 4593 1883 4654 tanquam
1923 4584 2124 4653 duplici

557 4682 706 4736 clavo
727 4684 1055 4750 gubernans,
1075 4678 1360 4748 vigilanter
1381 4693 1444 4732 ac
1475 4677 1647 4747 perite
1679 4677 1940 4730 intactum
1975 4675 2126 4744 aquis

557 4771 764 4840 peccati
796 4770 1062 4839 meipsum
1112 4779 1166 4823 et
1208 4784 1302 4823 eos
1343 4769 1436 4838 qui
1476 4783 1562 4823 me
1606 4777 1909 4837 sequuntur
1941 4777 2124 4821 custo-

559 4862 721 4916 diam.
766 4859 889 4915 lltec
920 4860 1082 4930 igitur
1114 4869 1221 4914 tam
1265 4860 1446 4914 miseri
1482 4867 1563 4914 est
1593 4859 1892 4914 excusatio.
1929 4858 2123 4913 Verum

558 4953 685 5021 quia
724 4953 1031 5012 sanctitatis
1065 4962 1170 5005 tua:
1210 4961 1480 5020 pracepto
1514 4955 1731 5021 penitus
1771 4967 1878 5005 non
1919 4952 2128 5003 obtem-

562 5058 786 5111 perare,
825 5044 1038 5096 tametsi
1084 5043 1227 5097 vires
1271 5058 1420 5096 meas
1454 5053 1704 5112 superet,
1745 5043 1984 5112 periculo
2018 5057 2126 5094 non

563 5145 718 5190 vacat
757 5153 771 5189 :
827 5137 1129 5204 praesertim
1167 5151 1290 5189 cum
1327 5135 1394 5190 ab
1441 5137 1560 5204 ipso
1593 5136 1752 5188 etiam
1801 5135 1957 5188 Patre
2008 5151 2128 5188 meo

566 5227 875 5280 mandatum
903 5227 1242 5296 acceperim:
1275 5227 1555 5295 utriusque
1581 5227 1889 5281 obedientia
1919 5226 2089 5280 fretus
2111 5268 2124 5289 ,

566 5322 668 5374 hoc
699 5320 813 5383 tibi,
847 5320 1184 5374 divinissime
1204 5318 1383 5381 Pater,
1413 5335 1507 5387 per
1534 5319 1974 5372 commonitionis
2004 5335 2127 5387 Spe-

565 5409 704 5460 ciem
755 5407 1048 5476 proiitebor
1083 5424 1093 5458 :
1141 5407 1298 5477 longe
1336 5409 1509 5475 majus
1552 5408 1843 5476 multisque
1887 5408 2130 5476 partibus

566 5499 812 5550 navicula
844 5513 964 5550 mea
995 5497 1348 5551 excellentius
1375 5513 1496 5552 esse.
1535 5497 1805 5566 navigium
1841 5497 2131 5567 perfectio-

569 5591 655 5642 nis
677 5600 802 5651 tute,
828 5589 1158 5658 episcopale,
1191 5591 1428 5657 inquam.
1453 5589 1744 5660 fastigium,
1773 5590 1817 5640 si
1841 5605 1962 5642 cum
1997 5604 2132 5657 pra:-

570 5683 728 5751 positi
753 5683 1010 5752 dignitate
1036 5692 1416 5750 comparetur:
1444 5693 1496 5735 et
1523 5693 1668 5736 tanto
1686 5682 1912 5740 scilicet.
1933 5692 2133 5750 quanto

575 5777 628 5828 in
657 5776 838 5844 plures
868 5777 1149 5845 imperium
1182 5777 1404 5830 sortitus
1425 5793 1502 5840 es,
1528 5792 1731 5844 eosque
1760 5791 1864 5828 non
1895 5775 2134 5829 volentes

2228 4583 2511 4653 πλοιάριον
2541 4583 2620 4642 εἱς
2650 4580 2842 4650 λιμένα
2875 4581 3147 4648 σωτηρίας
3169 4595 3181 4610 ⁸
3222 4580 3304 4632 ὅτι
3346 4579 3481 4648 πρὸς
3515 4579 3675 4632 τοῦτο
3707 4583 3806 4634 καὶ

2228 4672 2499 4734 πολιτείας
2528 4670 2862 4742 ἀκραιφνοῦς
2889 4670 3045 4742 χρεία
3073 4671 3166 4724 καὶ
3187 4669 3440 4736 γνώσεως
3466 4669 3656 4738 ἱκανῆς
3683 4673 3804 4724 ἐπι-

2227 4762 2411 4832 τυχία,
2444 4761 2509 4813 ἶν’
2538 4760 2612 4822 ώς
2655 4760 2715 4812 ἐν
2759 4759 2912 4811 δυσὶν
2939 4759 3129 4828 αὑχέσι
3160 4757 3557 4828 πηδαλιουχῶν,
3593 4761 3805 4827 γρηγόο

2229 4869 2336 4924 ρως
2367 4853 2459 4904 καὶ
2487 4851 2868 4920 ἐπιστημόνως
2891 4847 3364 4902 ἀκαταϐάπτιστον
3389 4852 3498 4907 τοῖς
3524 4849 3682 4902 ὕδασι
3703 4854 3807 4920 τῆς

2228 4944 2505 5013 ἁμαρτίας
2539 4942 2776 5011 ἐμαυτόν
2816 4957 2876 4992 τε
2919 4943 3012 4993 καὶ
3051 4941 3175 5003 τοὺς
3225 4941 3525 5009 ἑπομένους
3558 4958 3645 5011 μοι
3681 4942 3804 4995 δια-

2229 5035 2499 5104 φυλάττω.
2551 5035 2698 5103 Αῦτη
2737 5033 2916 5085 τοίνυν
2957 5034 2990 5102 ὴ
3025 5031 3132 5102 ἐμὴ
3165 5032 3426 5099 ἀπολογία
3474 5033 3567 5086 τοῦ
3613 5037 3808 5088 ταλαι-

2229 5125 2432 5196 πώρου.
2473 5125 2624 5178 Ἐπεὶ
2663 5125 2719 5177 δέ
2752 5125 2810 5176 τὸ
2843 5124 2939 5194 τῆς
2967 5124 3242 5194 ὁσιότητος
3279 5141 3370 5177 σου
3416 5125 3662 5195 κέλευμά
3703 5131 3806 5182 οὑκ

2228 5218 2511 5271 ἀκίνδυνον
2556 5218 2729 5285 πάντη
2783 5215 3122 5276 καταλιπεῖν,
3170 5218 3218 5268 εἱ
3265 5217 3359 5268 καὶ
3390 5217 3528 5286 ὑπὲρ
3571 5218 3805 5287 δύναμίν

2233 5327 2336 5380 μου
2383 5310 2710 5378 ἀνυπήκοον,
2757 5307 2929 5370 ἄλλως
2983 5325 3040 5358 τε
3082 5309 3176 5359 καὶ
3220 5309 3284 5359 ἐκ
3324 5307 3418 5360 τοῦ
3451 5310 3654 5363 οἰκείου
3703 5329 3806 5380 μου

2233 5404 2441 5472 Πατρδς
2479 5402 2576 5472 τὴν
2618 5400 2895 5468 ὑποταγὴν
2923 5399 3243 5467 δεξάμενος·
3277 5400 3549 5464 πεποιθὼς
3587 5405 3652 5472 τῇ
3695 5405 3803 5472 ἀμ-

2233 5499 2474 5566 φοτέρων
2500 5493 2797 5564 εὐπειθείᾳ,
2831 5492 2986 5545 τοῦτό
3013 5508 3114 5556 σοι,
3151 5485 3196 5543 ὦ
3225 5491 3466 5544 θειότατε
3504 5494 3710 5564 Πάτερ.
3743 5497 3803 5546 ἐν

2234 5588 2362 5640 εῖδει
2399 5588 2758 5654 ὑπομνήσεως
2819 5581 3236 5649 ἐπιφθέγξομαι,
3293 5585 3374 5634 ὅτι
3428 5583 3615 5652 μεῖζον
3659 5590 3805 5640 κατά

2237 5682 2368 5731 πολὺ
2399 5681 2490 5730 καὶ
2536 5675 2869 5745 ὑπερϐάλλον
2908 5675 2967 5726 τὸ
2997 5676 3178 5726 πλοῖον
3204 5675 3302 5743 τῆς
3340 5677 3436 5744 σῆς
3468 5676 3806 5746 τελειότητος

2238 5770 2371 5837 πρὸς
2423 5768 2479 5818 τὸ
2537 5766 2664 5835 ἐμὸν
2715 5765 2969 5834 νηάριον·
3021 5767 3160 5833 φημὶ
3213 5765 3274 5835 δὴ
3331 5767 3388 5818 τὸ
3444 5767 3806 5820 ἐπισκοπικὸν
