3926 6490
141 459 251 521 945

1378 461 1910 522 EPISTOLARUM
1955 465 2098 523 LIB.
2138 461 2222 526 I.‘

3305 481 3408 543 946

141 575 348 642 ὕψωμα
392 570 531 642 πρὸς
562 572 624 625 τὸ
651 571 1012 641 ἡγουμενικδν
1045 571 1261 642 ἀξίωμα
1285 589 1298 603 ο
1345 573 1441 626 καὶ
1474 573 1724 626 τοσοῦτον

1834 575 2068 632 furtasse
2094 615 2109 637 ,
2141 589 2243 631 nec
2269 579 2646 648 conspirantes
2667 621 2680 645 ,
2715 596 2815 636 nec
2845 584 3086 653 ejusdem
3116 599 3323 645 naturae
3356 605 3408 646 et

141 670 363 736 ὁσῳπερ
393 663 462 719 ἂν
491 664 588 716 καὶ
625 663 886 716 πλειόνων
914 663 1104 732 ἄρχειν
1134 662 1395 733 ἠξιώθης,
1428 664 1522 716 καὶ
1553 664 1725 716 ταῦτα

138 761 239 828 οὐχ
270 757 511 810 ἑκόντων
545 755 699 817 ἴσως,
733 754 852 807 οὐδὲ
895 755 1317 824 ὁμογνωμόνων,
1351 753 1470 806 οὐδὲ
1500 753 1598 822 τῆς
1626 754 1724 807 αύ-

139 852 240 919 τῆς
270 848 491 917 φύσεως
520 847 613 899 καὶ
649 845 842 912 ἀξίας,
897 845 1035 900 ἀλλά
1079 847 1174 899 καὶ
1220 846 1465 918 ἀρρένων
1509 846 1604 898 καὶ
1631 845 1726 915 θη-

140 941 340 1008 λειῶν,
373 938 655 1011 μοναστῶν
689 955 748 991 τε
784 938 880 992 καὶ
927 938 1188 1008 μιγάδων,
1223 938 1498 1009 ἀρχόντων
1532 955 1594 990 τε
1633 938 1728 990 καὶ

141 1032 490 1103 ἀρχομένων,
518 1029 818 1100 γημάντων
867 1029 966 1083 καὶ
1013 1028 1263 1097 ἀγάμων,
1297 1027 1500 1080 δούλων
1532 1044 1592 1080 τε
1632 1028 1727 1080 καὶ

140 1123 473 1194 ἐλευθέρων,
500 1119 754 1192 ὀρφανῶν
777 1137 838 1173 τε
867 1120 961 1172 καὶ
990 1117 1349 1189 χηρευόντων,
1375 1118 1643 1171 πλουσίων
1666 1135 1726 1170 τε

141 1216 237 1266 καὶ
279 1213 552 1283 πενήτων,
602 1208 1038 1264 δυναστευόντων
1083 1223 1142 1259 τε
1186 1208 1280 1260 καὶ
1315 1207 1725 1276 καταπονωμέο

138 1321 270 1368 νων,
305 1300 720 1374 χρεωφειλετῶν
748 1317 809 1352 τε
846 1298 940 1352 καὶ
974 1297 1290 1362 δανειστῶν,
1322 1297 1727 1368 ἁϐροδιαιτούν-

140 1414 250 1450 των
277 1412 340 1448 τε
389 1395 485 1448 καὶ
515 1389 1040 1462 λιμοκτονουμένων,
1069 1389 1496 1458 πολυκτημόνων
1529 1405 1588 1440 τε
1631 1386 1725 1440 καὶ

139 1490 431 1551 ἀνεστίων,
469 1482 995 1556 μαλακοφορούντων
1028 1499 1088 1536 τε
1132 1481 1227 1536 καὶ
1263 1481 1721 1552 ρακοδιιτούντων.

138 1579 330 1634 Ταῦτα
373 1577 482 1648 γὰρ
534 1579 630 1631 καὶ
663 1576 833 1629 πλείω
877 1573 1084 1629 τούτων
1128 1574 1228 1627 οὐκ
1267 1574 1613 1641 ἐπιφαίνεται
1647 1573 1724 1642 τῷ

137 1672 397 1743 ἡμετέρῳ
427 1671 555 1741 βίῳ⁶
585 1672 614 1723 6
640 1669 698 1722 δὲ
743 1669 833 1732 σὸς
873 1667 1280 1738 ἐμπέπλησται.
1320 1667 1430 1721 Καὶ
1456 1667 1577 1721 οὐδὲ
1615 1669 1724 1731 πᾶς

135 1767 162 1816 6
215 1762 348 1826 λαός
405 1778 500 1814 σου
559 1760 664 1814 ὑπὸ
711 1761 838 1830 μιᾶς
881 1757 1161 1828 φροντίδος
1204 1757 1552 1829 δεδιοίκηται,
1602 1759 1725 1812 οὐδὲ

137 1857 364 1909 πάντων
392 1853 464 1905 τὰ
489 1852 755 1921 πρόσωπα
783 1849 879 1902 καὶ
908 1849 975 1902 τὰ
998 1849 1239 1919 ὀνόματα
1260 1844 1437 1912 οἶσθα,
1461 1849 1572 1903 οὐδ’
1598 1848 1726 1902 ἑκά-

1834 669 2140 739 dignitatis;
2175 669 2270 722 sed
2301 685 2479 723 mares
2511 671 2714 738 pariter
2740 688 2805 727 ac
2831 674 3088 744 feminas,
3113 684 3408 739 monachos

1833 772 1889 816 et
1920 762 2209 816 saeculares
2232 803 2246 827 ,
2279 761 2509 831 imperio
2539 763 2794 832 praditos
2819 774 2872 820 et
2898 768 3179 836 subditos,
3218 775 3406 843 conju-

1834 867 1926 923 ges
1951 861 2006 907 et
2025 853 2256 915 caelibes,
2280 868 2464 907 servos
2490 869 2554 907 ac
2577 854 2796 919 liberos,
2820 858 3094 926 orphanos
3117 871 3172 917 et
3192 864 3404 929 viduas,

1833 943 2027 998 divites
2061 953 2116 997 et
2150 959 2419 1013 pauperes
2444 984 2458 1007 ,
2495 953 2747 1014 potentes
2781 956 2836 1001 et
2869 948 3060 1018 inopes
3084 991 3098 1016 ,
3132 953 3407 1011 debitores

1831 1041 1888 1087 et
1918 1032 2289 1097 feneratores,
2327 1034 2471 1088 laute
2494 1034 2741 1091 viventes
2785 1046 2842 1092 et
2885 1037 3027 1095 fame
3055 1041 3401 1110 laborantes,

1835 1123 2130 1192 locupletes
2172 1132 2229 1178 et
2284 1133 2427 1179 tecto
2465 1134 2715 1181 carentes
2738 1165 2753 1190 ,
2805 1129 3041 1184 molliter
3078 1134 3321 1189 vestitos.
3350 1146 3407 1191 et

1835 1230 2126 1284 pannosus.
2147 1214 2273 1270 Haec
2293 1216 2460 1278 enim,
2478 1225 2534 1270 et
2561 1216 2645 1271 his
2668 1217 2844 1286 plura,
2866 1220 2922 1274 in
2949 1222 3059 1276 vita
3081 1233 3269 1280 nostra
3292 1242 3402 1281 non

1832 1317 2166 1372 cernuntur;
2214 1316 2305 1362 tua
2343 1323 2472 1363 vero
2512 1309 2596 1363 his
2635 1309 2836 1366 referta
2876 1323 2980 1368 est.
3024 1315 3135 1370 Nec
3171 1320 3406 1387 populus

1833 1409 1959 1455 tuus
1991 1400 2094 1454 sub
2123 1415 2229 1453 una
2261 1415 2393 1454 cura
2421 1399 2709 1458 universus
2735 1402 2948 1474 cogitur
2969 1445 2985 1471 ,
3018 1421 3120 1461 nec
3157 1411 3402 1465 omnium

1831 1491 1999 1545 facies
2046 1498 2100 1544 et
2151 1489 2371 1545 nomina
2407 1492 2587 1554 nosti,
2636 1507 2742 1547 nec
2792 1494 2917 1552 vitae
2969 1496 3403 1571 uniuscujusque

1833 1582 1950 1635 vias
2007 1590 2062 1634 et
2108 1581 2349 1636 rationes
2391 1583 2716 1654 distinguis:
2757 1586 2853 1640 sed
2892 1587 2981 1641 alii
3021 1589 3176 1644 aliter
3208 1607 3404 1665 magno

1830 1671 2149 1729 discrimine
2192 1688 2253 1728 se
2297 1673 2515 1730 habent.
2563 1675 2776 1731 Etenim
2823 1678 2913 1731 alii
2945 1688 3143 1734 terram
3173 1681 3403 1740 fortasse

1831 1767 2062 1832 colunt,
2110 1765 2199 1820 alii
2229 1767 2518 1839 navigant,
2559 1767 2650 1822 alii
2675 1783 2863 1838 greges
2913 1781 3182 1840 pascunt,
3229 1775 3320 1829 alii
3347 1777 3401 1830 in

1831 1859 1944 1912 otio
1991 1857 2242 1928 degunt,
2289 1857 2380 1911 alii
2425 1859 2819 1928 negotiantur:
2874 1858 3203 1931 longumque
3255 1875 3404 1920 esset

138 1963 271 1998 στου
305 1944 406 2008 τὰς
434 1942 692 2014 μεθόδους
721 1943 820 2010 τῆς
846 1939 993 2008 ζωῆς
1024 1937 1402 2006 διαγινώσκεις
1423 1955 1437 1968 ·
1475 1937 1610 1993 ἀλλά
1634 1938 1724 1992 ἄλ·

1829 1964 1960 2017 quas
2014 1949 2067 2002 in
2103 1947 2330 2018 singulis
2383 1947 2631 2002 videmus
2666 1950 3053 2018 occupationes
3091 1967 3399 2010 recensere.

136 2038 220 2091 λοι
257 2035 447 2098 ιάλλως
500 2033 643 2086 κατά
680 2031 818 2085 πολὺ
860 2031 922 2084 τὸ
967 2030 1223 2099 διάφορον
1255 2028 1490 2098 ἔχουσιν.
1526 2031 1590 2084 Οἱ
1621 2031 1719 2100 μὲν

137 2127 251 2198 γὰρ
308 2128 440 2189 ἴσως
487 2121 878 2193 γεωπονοῦσιν,
934 2121 984 2174 οἱ
1037 2120 1094 2173 δὲ
1135 2119 1529 2186 ναυτίλλουσιν,
1573 2122 1624 2174 οἱ
1664 2121 1720 2174 δὲ

137 2217 618 2289 ποιμαινεύουσιν,
655 2215 704 2268 οἱ
751 2214 808 2267 δὲ
849 2211 1243 2283 ἀπρακτοῦσιν,
1278 2211 1328 2264 οί
1378 2211 1433 2264 δὲ
1476 2228 1720 2282 πρακτο-

138 2313 429 2383 ρεύονταιο
464 2310 556 2362 καὶ
590 2307 758 2370 πολὺς
791 2309 818 2359 6
842 2305 1000 2374 λόγος
1028 2307 1128 2374 τῆς
1160 2304 1245 2373 ἐφ’
1266 2303 1481 2373 ἑκάστῳ
1506 2304 1720 2375 ὁρωμέ-

135 2421 239 2472 νης
271 2402 559 2473 ἐργασίας.
606 2400 731 2452 Ἐπὶ
751 2397 962 2462 τούτοις
985 2397 1041 2450 δὲ
1077 2399 1246 2451 πᾶσιν
1276 2397 1398 2458 ὅσος
1439 2396 1531 2449 καὶ
1560 2396 1721 2467 πηλίο

138 2510 234 2555 κος
284 2495 314 2544 6
352 2491 554 2552 x6no;l
616 2487 760 2542 καθά
814 2487 1123 2558 λογίζομαι,
1182 2489 1484 2557 ἀλόγιστος·
1513 2488 1635 2550 ὅσος
1695 2489 1724 2540 6

137 2583 330 2654 ἱδρὼς,
369 2584 397 2635 6
443 2581 614 2648 ἀγὼν,
663 2582 690 2632 6
724 2579 944 2650 δρόμος,
978 2582 1012 2650 ἡ
1041 2580 1280 2643 εὐτονία,
1323 2582 1356 2651 ἡ
1402 2581 1642 2652 φροντὶς,
1688 2580 1723 2650 ἡ

139 2678 415 2746 μέριμνα,
448 2675 482 2742 ὴ
517 2669 734 2740 ἔκτηξις
763 2674 861 2742 τῆς
885 2674 1107 2744 σαρκὸς,
1132 2675 1165 2744 ή
1194 2673 1353 2744 όδύνη
1393 2674 1493 2744 τῆς
1519 2672 1721 2743 ψυχῆς,

137 2772 168 2838 η
197 2768 305 2836 τῆς
333 2765 571 2827 διανοίας
609 2765 930 2835 κατακοπήι
972 2766 1182 2836 Ὥσπερ
1211 2761 1303 2819 οὖν
1348 2768 1377 2819 6
1404 2765 1725 2820 ἀπευθύνων

135 2863 240 2932 τὴν
277 2859 412 2913 ναῦν
455 2859 516 2910 ὲν
552 2856 766 2929 μεγάλῃ
812 2857 950 2929 ζάλῃ
984 2858 1079 2911 καὶ
1117 2859 1393 2927 καταιγίδι
1427 2859 1722 2929 θαλάσσης,

135 2955 257 3015 ὅλος
286 2953 476 3023 νήφων
502 2949 620 3002 ἐστὶ
645 2953 740 3003 καὶ
764 2951 1188 3020 ἀπερίτρεπτος,
1222 2950 1555 3005 ἀνύστσκτον
1586 2949 1726 3020 ἔχων

136 3046 228 3096 τὸν
257 3041 540 3112 ὀφθαλμόν
561 3055 573 3070 ’
602 3041 722 3095 οὐδὲ
747 3042 854 3112 γὰρ
877 3044 955 3104 εἰς
983 3040 1190 3112 βραχὺν
1217 3043 1373 3114 φέρει
1397 3041 1640 3096 κίνδυνον
1667 3041 1728 3097 τὸ

138 3135 360 3204 μικρῶς
417 3151 537 3197 πως
583 3136 960 3204 παρεμπεσεῖν
1011 3135 1267 3208 ἀπειρίαν
1307 3138 1399 3189 καὶ
1427 3136 1726 3206 ἀμέλειανο

135 3227 284 3281 οὕτω
317 3224 501 3296 πολλῷ
537 3221 738 3295 μᾶλλον
767 3225 796 3278 6
818 3226 1154 3299 κυϐερνήτης
1184 3228 1289 3280 τῶν
1317 3227 1503 3298 ψυχῶν
1531 3229 1729 3295 ἀγωνι-

1823 2036 1880 2090 In
1935 2038 2018 2091 his
2080 2048 2264 2092 autem
2315 2039 2570 2093 omnibus
2609 2039 2783 2107 qualis
2816 2051 3160 2111 quantusque
3215 2043 3404 2100 labor?

1821 2131 2126 2195 aestimari,
2185 2138 2245 2185 ut
2297 2141 2466 2201 puto,
2519 2146 2628 2185 non
2662 2141 2858 2202 potest.
2905 2131 3152 2199 Quantus
3197 2137 3398 2203 sudor,

1822 2232 2099 2276 certamen
2127 2261 2141 2284 ,
2177 2237 2372 2277 cursus
2400 2262 2414 2282 .
2471 2223 2752 2278 contentio
2774 2264 2788 2288 ,
2850 2241 2979 2280 cura
3001 2263 3015 2286 ,
3059 2225 3360 2282 sollicitudo
3384 2268 3398 2290 ,

1823 2314 2005 2368 carnis
2060 2312 2323 2376 alllictio,
2379 2315 2545 2368 animi
2606 2315 2810 2379 dolor,
2875 2318 3076 2372 mentis
3139 2317 3400 2385 defatiga-

1826 2404 1937 2459 tio?
1983 2403 2459 2470 Quemadmodum
2503 2420 2631 2476 ergo
2666 2405 2758 2474 qui
2804 2421 2997 2461 navem
3039 2411 3304 2479 gubernat
3343 2409 3400 2464 in

1825 2492 2032 2564 magnis
2053 2493 2216 2547 maris
2240 2493 2491 2548 fluctibus
2510 2504 2566 2548 et
2589 2501 2929 2563 tempestate,
2955 2506 3103 2552 totus
3126 2499 3397 2571 advigilat,

1825 2597 1881 2641 et
1910 2586 1964 2640 in
1999 2602 2061 2640 ea
2086 2601 2217 2640 cura
2240 2586 2447 2641 deﬁxus
2473 2595 2574 2649 est,
2609 2603 2711 2641 nec
2741 2603 2990 2643 somnum
3015 2591 3187 2647 oculis
3213 2593 3398 2647 indui-

1825 2687 1913 2749 get
1942 2683 2070 2746 (non
2099 2678 2245 2733 enim
2272 2679 2423 2748 parvi
2459 2688 2542 2732 est
2571 2681 2797 2748 periculi
2821 2681 2865 2734 si
2895 2682 2980 2736 vel
2997 2683 3189 2753 exigua
3218 2685 3398 2752 aliqua

1820 2770 2048 2839 obrepat
2085 2770 2355 2839 imperitia
2392 2770 2475 2822 vel
2514 2770 2882 2841 negligentia),
2921 2772 3000 2827 sic
3029 2774 3199 2829 multo
3229 2777 3400 2847 magis

1826 2862 2130 2916 animarum
2158 2862 2492 2932 gubernator
2520 2862 2856 2930 praefecturae
2883 2874 3066 2933 partes
3100 2867 3396 2922 studiosius

1826 2963 1881 3007 et
1929 2955 2235 3008 accuratius
2270 2960 2455 3008 teneat
2489 2969 2712 3010 necesse
2741 2963 2856 3018 est,
2896 2970 2962 3009 ne
2983 2958 3215 3012 extremi
3244 2959 3398 3013 exitii

1829 3045 2098 3116 profundo
2123 3045 2488 3114 demergatur.
2524 3044 2816 3112 Propterea
2838 3083 2852 3106 ,
2887 3032 2946 3098 ut
2977 3046 3234 3112 arbitror,
3271 3064 3401 3102 san-

1830 3137 2072 3191 ctissime
2093 3178 2107 3200 ,
2140 3151 2367 3206 magnus
2401 3135 2690 3204 Apostolus
2717 3136 3094 3190 exclamabat:
3127 3137 3257 3202 Quis
3315 3141 3400 3192 in-

1829 3228 2106 3295 ﬁrmatur,
2150 3235 2198 3279 et
2232 3242 2324 3296 ego
2367 3242 2471 3279 non
2506 3226 2782 3294 inﬁrmor?
2816 3229 2932 3298 quis
2969 3229 3400 3296 scandalizatur,

139 3315 482 3390 στικώτερον
511 3320 607 3372 καὶ
640 3318 1031 3389 ἀκριϐέστερον
1081 3319 1281 3372 εἰδέναι
1309 3319 1516 3388 ὀφείλει
1539 3319 1601 3371 τὸ
1625 3319 1724 3388 τῆς

1829 3330 1876 3373 et
1912 3336 2003 3390 ego
2034 3334 2137 3372 non
2168 3334 2291 3371 uror
2317 3317 2362 3349 ⁸⁵
2389 3318 2412 3369 ?
2461 3316 2524 3370 Et
2557 3317 2787 3371 iterum:
2827 3315 3020 3371 Factus
3050 3334 3166 3371 sum
3198 3317 3402 3374 ludatis

139 3411 483 3484 προστασίας
528 3411 709 3482 ἔργον,
745 3411 831 3464 ἵνα
880 3411 955 3481 μὴ
1007 3411 1336 3481 ὑποϐρύχιος
1378 3411 1604 3483 γένηται
1648 3411 1726 3481 τῷ

139 3503 291 3576 βυθῷ
318 3504 423 3574 τῆς
459 3502 758 3566 ἀπωλείας.
791 3503 890 3555 Διά
913 3500 1109 3566 ταῦτα,
1135 3501 1209 3565 ὡς
1234 3499 1406 3573 οἶμαι,
1432 3502 1724 3572 ἀγιὼτατε,

139 3596 272 3648 ὲϐόα
324 3598 354 3649 6
411 3594 584 3665 μέγας
639 3593 980 3657 Ἀπόστολος,
1032 3595 1128 3660 Τίς
1172 3594 1435 3656 ἀσθενεῖ,
1465 3595 1564 3648 καὶ
1613 3597 1725 3649 οὐκ

135 3686 381 3742 ἀσθενῶ
405 3703 423 3750 ;
454 3687 545 3752 τις
588 3683 1068 3748 σκανδαλίζεται,
1096 3685 1195 3738 καὶ
1228 3687 1338 3738 οὐκ
1362 3684 1477 3754 ἐγὼ
1505 3685 1726 3753 πυροῦο

132 3795 280 3848 μαι;
327 3781 444 3834 Καὶ
469 3777 654 3840 πάλιν,
683 3776 799 3829 Ὅτι
831 3777 1124 3846 ἐγενόμην
1162 3777 1286 3843 τοῖς
1319 3777 1620 3842 Ἰουδαίοις
1646 3779 1726 3844 ὡς

149 3869 459 3934 Ἰουδαῖος,
504 3866 627 3932 τοῖς
669 3866 789 3921 ὑπὸ
838 3868 1029 3937 νόμον
1062 3868 1142 3932 ὡς
1198 3868 1318 3922 ὑπὸ
1362 3870 1570 3937 νόμον,
1602 3869 1726 3935 τοῖς

135 3961 395 4030 ἀνόμοις
423 3960 503 4024 ὠς
537 3958 778 4027 ἄνομος,
802 3958 888 4027 μὴ
928 3958 1013 4011 ὢν
1041 3959 1284 4028 ἄνομος,
1316 3960 1453 4014 ἀλλ’
1475 3961 1727 4030 ἔννομος

138 4051 399 4118 Χριστῷ.
451 4049 581 4116 Τοῖς
628 4048 778 4104 πᾶσι
818 4050 1036 4119 γέγονα
1085 4052 1158 4105 τὰ
1193 4051 1410 4115 πάντα,
1448 4053 1550 4108 ἵνα
1586 4052 1729 4119 τοὺς

137 4143 379 4208 πάντας
427 4141 723 4210 κερδήσω.
769 4140 903 4194 ἰδοὺ
937 4141 1113 4206 οὕτως
1166 4143 1260 4197 καὶ
1301 4144 1350 4196 οί
1400 4145 1520 4199 κατ’
1566 4143 1727 4196 αὐτὸν

139 4238 370 4299 κανόνες
415 4236 510 4287 καὶ
549 4234 666 4304 ὅροι
700 4235 1006 4305 ἐπισκοπῆς
1066 4235 1317 4306 καθάπερ
1353 4235 1447 4289 καὶ
1478 4237 1633 4289 αὐτοὶ
1677 4237 1726 4289 οί

138 4329 424 4380 Θεσπέσιοι
464 4326 708 4397 Πατέρες
733 4326 889 4396 ἡμῶν
917 4327 1312 4394 διαγορεύουσι.
1361 4328 1562 4380 Λοιπὸν
1591 4327 1726 4381 ἀνα-

137 4422 302 4486 γνοὺς
367 4419 464 4472 καὶ
511 4419 761 4485 διαγνοὺς
817 4419 883 4471 τὰ
919 4418 1027 4471 τῶν
1078 4418 1265 4487 ἁγίων,
1304 4419 1394 4472 καὶ
1421 4421 1512 4473 ἐπὶ
1539 4422 1728 4489 χεῖρας

137 4514 278 4582 ἔχων
306 4513 376 4565 τὰ
400 4511 775 4581 θεοπαράδοτα
800 4511 954 4579 λόγια
973 4528 985 4541 ⁸
1018 4511 1070 4562 τί
1107 4512 1241 4581 πρὸς
1271 4512 1406 4582 ἐμοῦ
1439 4512 1532 4565 τοῦ
1564 4513 1728 4565 τάλα-

137 4623 227 4667 νος
255 4602 508 4657 τοιοῦτόν
540 4621 592 4655 τι
616 4603 926 4673 ὲπιζητείς;
967 4601 1108 4670 Ἐγὼ
1135 4602 1276 4659 δοκῶ
1309 4602 1399 4655 τὸν
1428 4602 1722 4654 ἐπίσκοπον

138 4695 279 4750 εἶναι
316 4697 536 4765 ἔφορον,
565 4695 660 4746 καὶ
690 4694 991 4746 ὑπεύθυνον
1015 4695 1114 4764 τῆς
1137 4695 1232 4745 ἐπὶ
1257 4695 1391 4745 πᾶσι
1417 4693 1525 4744 τῶν
1555 4695 1721 4765 ἀρχο-

141 4789 322 4856 μένων
380 4787 680 4854 γενομένης
725 4783 1088 4855 διαπράξεως.
1127 4785 1390 4853 Ἀγγελον
1433 4786 1720 4855 ἀσίγητον,

135 4877 204 4928 τά
262 4874 364 4926 τοῦ
407 4872 546 4925 Θεοῦ
575 4872 918 4942 δικαιώματα
962 4873 1344 4944 κηρύσσοντα·
1385 4874 1539 4944 ὄμμα
1571 4876 1722 4927 ἀκοί-

139 4984 317 5037 μητον
344 4965 449 5028 τὰς
479 4965 712 5018 ἑκάστου
736 4965 888 5027 ὁδοὺς
917 4963 1022 5016 τῶν
1057 4965 1146 5015 ὑπ’
1178 4965 1343 5018 αὐτοῦ
1375 4966 1721 5036 ἐξαγομένων

137 5060 580 5128 ἑπιὸλεπόμενον
605 5073 619 5086 ·
649 5057 876 5127 μίμημα
909 5057 1170 5127 Χριστοῦ,
1201 5061 1282 5119 εἰς
1307 5057 1365 5110 ὅν
1391 5059 1439 5111 οἱ
1465 5059 1721 5128 ἑπόμενοι

138 5151 510 5221 προσέχοντες
528 5148 629 5218 τὴν
659 5148 868 5201 ἑαυτῶν
892 5147 1037 5217 ζωὴν
1063 5147 1428 5216 εὐαγγελικῶς
1457 5164 1726 5219 χαρακτη-

139 5242 354 5312 ρίζουσι
384 5260 399 5274 ⁸
437 5241 699 5310 φωστῆρα
747 5239 1024 5307 ἀειλαμπῆ
1077 5242 1188 5301 τοῖς
1246 5239 1304 5302 ἐξ
1359 5239 1581 5306 ἀγνοίας
1631 5239 1724 5290 καὶ

138 5333 423 5404 ἁμαρτίας
444 5331 843 5401 νυκτομαχοῦσι
868 5330 1266 5402 γνωριζόμενον
1287 5347 1300 5362 ·
1326 5330 1414 5383 τὸν
1445 5331 1601 5397 λόγον
1627 5330 1724 5398 τῆς

136 5426 497 5487 διδασκαλίας
527 5424 935 5494 ὲπομϐρίζοντα
965 5427 1074 5484 τοῖς
1103 5423 1299 5492 διψῶσι
1341 5426 1407 5476 τὰ
1452 5424 1692 5491 σωτήρια
1711 5440 1726 5453 ο

137 5519 431 5585 οἰκονόμον
480 5518 758 5586 μέγιστον,
788 5517 877 5569 τὸν
920 5518 1150 5570 ἑκάστου
1185 5517 1297 5585 βίον
1332 5515 1729 5582 λογοΘετεῖσΘαι

141 5612 418 5679 μέλλοντα
448 5611 506 5660 ὲν
531 5608 707 5678 καιρῷ
734 5607 1161 5670 ἁνταποδόσεως.
1193 5606 1330 5659 Οὔτε
1353 5603 1446 5660 οὖν
1473 5607 1655 5674 μεῖζόν
1679 5625 1729 5659 τι

138 5703 237 5769 τῆς
277 5701 417 5768 πρὸς
453 5701 587 5752 θεὸν
631 5699 928 5768 ὲγγύτητος
972 5700 1064 5752 καὶ
1098 5699 1340 5767 ἀγάπης,
1383 5698 1492 5750 οὔτ’
1525 5693 1589 5750 αὖ
1644 5699 1729 5749 εὑ-

1829 3424 2085 3484 tanquam
2110 3412 2361 3474 Iudaeus;
2387 3412 2451 3464 iis
2483 3412 2573 3480 qui
2595 3411 2687 3465 sub
2721 3409 2831 3480 lege
2862 3421 3005 3476 sunt,
3035 3420 3284 3479 tanquam
3307 3413 3400 3466 sub

1827 3503 1936 3574 lege
1963 3518 2155 3567 essem;
2183 3502 2248 3555 iis
2269 3502 2359 3571 qui
2382 3501 2493 3554 sine
2520 3500 2630 3569 lege
2651 3507 2835 3562 erant,
2873 3509 3128 3569 tanquam
3151 3501 3262 3554 sine
3292 3500 3400 3570 lege

1825 3611 2020 3659 essem;
2061 3610 2180 3648 cum
2208 3594 2319 3646 sine
2347 3592 2455 3661 lege
2494 3607 2598 3643 non
2637 3606 2829 3653 essem,
2869 3592 2958 3644 sed
2999 3591 3054 3643 in
3089 3591 3198 3662 lege
3237 3607 3402 3645 essem

1825 3684 2036 3741 Christi.
2064 3682 2317 3737 Omnibus
2344 3683 2522 3735 omnia
2552 3681 2726 3751 factus
2748 3697 2864 3734 sum
2884 3722 2900 3746 ,
2931 3694 2989 3734 ut
3027 3697 3203 3735 omnes
3237 3681 3400 3735 lucri-

1827 3781 2053 3848 facerem
2082 3779 2148 3832 ³⁸.
2183 3777 2261 3831 En
2281 3818 2296 3840 ,
2327 3777 2415 3830 vel
2447 3779 2565 3844 ejus
2594 3775 2862 3830 sententia
2887 3815 2902 3839 ,
2927 3775 3073 3846 leges
3103 3784 3157 3830 et
3187 3776 3402 3847 regulas

1826 3869 2191 3938 episcopatus.
2219 3864 2679 3936 quemadmodum
2704 3873 2758 3918 et
2784 3864 2950 3918 divini
2977 3879 3191 3935 quoque
3214 3867 3401 3924 Patres

1827 3962 1998 4013 nostri
2049 3967 2339 4013 testantur.
2375 3956 2668 4020 Caeterum,
2703 3970 2827 4008 cum
2863 3966 3172 4012 sanctorum
3205 3959 3401 4028 placita

1827 4053 1974 4122 legas
2001 4059 2056 4104 et
2089 4050 2377 4118 intelligas,
2403 4057 2452 4101 el
2480 4045 2662 4101 divina
2692 4047 2908 4101 oracula
2934 4047 2985 4101 in
3021 4050 3272 4104 manibus
3305 4052 3401 4104 ha~

1828 4144 1985 4206 beas,
2019 4141 2148 4211 quid
2185 4157 2214 4194 a
2257 4155 2344 4194 me
2383 4139 2585 4194 misero
2625 4139 2728 4193 tale
2777 4139 3055 4208 quidpiam
3105 4140 3404 4211 eﬂlagitas?

1830 4235 1939 4304 Ego
1986 4233 2300 4302 episcopum
2345 4246 2547 4284 censeo
2599 4230 2961 4299 inspectorem
3021 4247 3176 4296 esse,
3229 4249 3293 4287 ac
3335 4233 3403 4288 de

1828 4326 2084 4380 omnibus
2113 4341 2234 4394 qua:
2270 4341 2299 4378 a
2342 4323 2573 4377 subditis
2602 4331 2837 4392 aguntur
2869 4323 3197 4387 obnoxium;
3242 4338 3404 4394 ange-

1828 4419 1938 4473 lum
1973 4434 2081 4471 non
2111 4417 2386 4479 silentem,
2411 4414 2829 4484 iustificationes
2857 4414 2946 4468 Dei
2978 4424 3238 4485 perpetuo
3261 4431 3401 4483 pra:-

1828 4512 2132 4574 dicantem;
2165 4509 2728 4568 oculuminsomnem,
2759 4507 2936 4576 gregis
2964 4507 3045 4560 sui
3087 4506 3402 4577 singillatim

1829 4600 1944 4654 vias
1975 4599 2445 4662 consider-antem;
2501 4596 2852 4651 simulacrum
2895 4593 3132 4660 Christi,
3164 4595 3230 4649 ad
3259 4595 3404 4664 quod

1831 4691 2023 4744 intenti
2063 4690 2154 4758 qui
2193 4699 2536 4758 sequuntur,
2590 4687 2755 4742 vitam
2812 4703 2966 4742 suam
3010 4688 3078 4741 ad
3127 4687 3402 4757 Evangelii

1832 4783 2056 4839 formam
2085 4780 2365 4850 cllingant;
2398 4779 2569 4833 facem
2597 4789 2859 4848 perpetuo
2886 4779 3190 4840 ardentem,
3224 4779 3291 4833 iis
3310 4779 3404 4848 qui

1831 4874 1884 4926 in
1919 4873 2237 4941 ignorantia:
2260 4871 2578 4941 peccatique
2598 4872 2840 4926 tenebris
2869 4871 3151 4935 dimicant,
3184 4871 3404 4940 conspi-

1830 4980 2024 5027 cuam;
2054 4979 2362 5018 sermonem
2387 4963 2667 5028 doctrinae,
2699 4963 2955 5016 salutaria
2984 4962 3292 5016 sitientibus
3325 4963 3406 5014 in-

1832 5057 2185 5120 l'undentem;
2230 5056 2660 5126 dispensatorem
2698 5056 3027 5117 maximum,
3063 5055 3154 5123 qui
3189 5055 3257 5108 de
3291 5054 3406 5106 sin-

1830 5148 2075 5217 gulorum
2107 5147 2238 5208 vita,
2269 5137 2648 5200 retributionis
2677 5156 2940 5214 tempore,
2980 5147 3245 5199 rationem
3283 5145 3406 5197 red-

1831 5241 2043 5294 diturus
2073 5239 2162 5292 sit.
2193 5239 2376 5307 Itaque
2408 5240 2555 5291 nulla
2593 5239 2827 5292 afﬁnitas
2852 5255 2975 5294 cum
3008 5238 3119 5292 Deo
3140 5247 3193 5291 et
3221 5236 3401 5291 chari-

1835 5345 1913 5385 Ias
1937 5332 2108 5400 major
2133 5341 2236 5394 est,
2266 5341 2358 5384 aut
2388 5331 2472 5384 cui
2504 5331 2706 5385 certior
2728 5331 2798 5383 sit
2820 5345 3049 5390 merces.
3071 5345 3230 5398 quam
3264 5344 3404 5397 prae-

1832 5422 2037 5474 l'ectura
2067 5430 2215 5474 tanta
2238 5417 2736 5490 {quemadmodum
2760 5420 3010 5474 Christus
3040 5420 3155 5488 ipse
3187 5428 3404 5487 aposto-

1832 5515 2004 5566 lorum
2053 5513 2282 5582 principi
2312 5513 2484 5567 dixit:
2530 5513 2756 5568 Siamas
2790 5531 2900 5577 me,
2945 5512 3125 5577 Petre,
3157 5514 3273 5581 plus
3301 5512 3401 5566 liis.

1832 5623 1986 5672 pasce
2017 5623 2129 5658 oves
2165 5623 2304 5658 meas
2332 5607 2395 5659 ³⁷.
2431 5605 2540 5659 Nec
2575 5606 2932 5674 periculosius
2963 5605 3275 5674 quidquam,
3311 5610 3404 5656 aut

1834 5699 2116 5752 exitiosius
2145 5714 2305 5767 quam
2340 5697 2390 5751 in
2433 5715 2493 5752 ea
2530 5697 2748 5769 indigne
2786 5698 3004 5752 versari.

211 5882 258 5913 ³⁵
307 5881 347 5934 ΙΙ
380 5881 502 5936 Cor.
544 5898 617 5950 χι,
650 5881 738 5936 29.
814 5882 900 5934 ³⁸1
942 5882 1063 5935 (lor.
1106 5899 1176 5942 ιι,
1214 5879 1279 5933 20
1313 5879 1402 5945 23,
1484 5879 1522 5909 ³⁷
1553 5876 1708 5931 Joan.

1829 5894 1869 5935 I,
1911 5877 1989 5928 15.
