3914 6468
538 431 638 494 947

1711 426 1770 485 S.
1821 424 2212 486 THEODORI
2254 418 2600 487 STUDthﬁ
3682 431 3775 492 948

536 539 881 613 μισθότερον,
913 538 987 602 ὠς
1024 538 1057 609 ἡ
1092 537 1397 609 τηλικαύτη
1427 536 1751 590 ἐπιστασία·
1811 536 1993 600 καθώς
2042 553 2207 606 φησιν
2267 537 2428 601 αὐτὸς
2479 540 2507 590 ό
2538 539 2767 607 Χριστὸς
2810 539 2946 609 πρὸς
2984 542 3075 594 τὸν
3120 543 3411 611 κορυφαῖον
3445 542 3774 595 ἀποστολον·

534 654 552 685 ι
591 635 651 688 Ei
692 634 867 703 φιλεῖς
912 649 1007 702 με,
1039 632 1233 702 Πέτρε,
1282 631 1464 683 πλεῖον
1501 630 1726 697 τούτων,
1759 630 2014 700 ποίμαινε
2043 630 2113 682 τὰ
2152 628 2401 699 πρόϐατά
2429 648 2551 700 μου.
2583 649 2602 682 ι
2638 632 2773 684 Οὑτε
2800 632 3263 704 ἐπικινδυνότερον
3283 637 3377 688 καὶ
3400 634 3778 705 ὀλεθριώτερον

529 731 643 789 τοῖς
680 724 919 789 ἀναξίως
942 724 1147 793 ταύτην
1179 722 1605 792 ἀσπαζομένοις.

598 825 669 878 At
696 832 782 887 tu,
815 828 898 874 sat
922 820 1058 884 scio,
1087 819 1302 872 Patrum
1329 818 1555 887 optime,
1586 818 1764 872 bonus
1794 826 1979 887 pastor
2010 831 2104 881 es,
2140 824 2180 877 Α

527 917 621 986 qui
651 915 889 968 animam
923 920 1069 965 tuam
1104 925 1202 980 pro
1239 910 1433 964 ovibus
1464 923 1681 977 semper
1713 909 1979 978 posuisti,
2008 923 2106 977 pro

528 1015 854 1071 unaquaque
892 1007 1057 1069 caput
1100 998 1395 1067 objiciens,
1446 998 1732 1051 hominum
1788 998 1965 1051 minas
1996 1013 2105 1052 non

528 1092 911 1154 reformidans,
948 1089 1233 1144 veritatem
1271 1089 1324 1142 in
1359 1088 1765 1143 adversantium
1788 1088 1962 1143 oculis
1997 1104 2106 1141 non

527 1183 876 1238 dissimulans
895 1222 909 1241 .
963 1181 1107 1235 unici
1137 1181 1279 1250 regis
1309 1179 1572 1234 voluntati
1597 1180 1999 1234 obsecundans.
2025 1179 2106 1234 Ad

528 1275 679 1338 haec,
714 1287 948 1344 arguens
977 1287 1102 1327 cum
1139 1272 1419 1336 libertate,
1455 1286 1671 1341 pinnam
1700 1271 1950 1342 irrogans
1980 1286 2104 1326 cum

527 1367 781 1428 lenitate,
822 1365 1111 1434 paciﬁcans
1137 1372 1194 1417 et
1221 1363 1582 1418 reconcilians
1606 1361 1953 1426 dissidentes,
1983 1378 2109 1433 pro-

528 1457 714 1512 fanum
766 1470 797 1510 a
855 1464 1044 1510 sancto
1087 1455 1382 1524 prudenter
1419 1453 1719 1515 dirimens,
1762 1461 1818 1508 et
1850 1468 2041 1507 sanum
2077 1470 2107 1508 a

528 1547 811 1608 morbido,
849 1561 919 1600 ne
939 1546 1265 1616 contagione
1298 1560 1396 1598 sua
1427 1544 1666 1599 vicinum
1698 1543 1938 1609 inliciat;
1964 1546 2107 1614 quod

536 1640 754 1693 aberrat
778 1639 832 1693 in
865 1638 1007 1692 viam
1046 1638 1333 1701 reducens,
1371 1638 1515 1706 quod
1549 1636 1821 1691 inﬁrmum
1854 1647 1938 1691 est
1973 1653 2108 1693 con-

530 1729 805 1794 solidans,
862 1728 1006 1797 quod
1043 1727 1383 1782 confractum
1430 1736 1513 1781 est
1555 1727 1783 1797 alligans
1816 1729 1880 1785 ³⁸.
1936 1728 2107 1795 Quam

528 1819 809 1891 multiplex
836 1834 1023 1873 revera
1050 1828 1199 1872 tuum
1223 1828 1308 1873 est
1328 1818 1494 1888 opus!
1524 1818 1944 1889 Praepositornm
1976 1820 2107 1873 visi—

532 1912 709 1977 tatio,
752 1910 1093 1965 celliotarum
1151 1910 1508 1980 approbatio,
1566 1910 2006 1980 presbyterorum
2055 1920 2110 1967 et

529 2002 885 2058 diaconorum
923 2000 1215 2064 ordinatio,
1248 2009 1303 2053 et
1334 2000 1528 2053 borum
1555 1999 1799 2053 omnium
1829 1999 1955 2053 vitae
1981 2014 2108 2054 cen-

530 2109 659 2149 sura
692 2109 705 2146 :
739 2093 1031 2147 viduarum
1057 2090 1325 2155 defensio,
1364 2090 1737 2159 orphanorum
1768 2090 2066 2144 subsidium
2087 2131 2102 2156 ,

2291 815 2430 869 Ἀλλ’
2453 816 2636 881 αὑτὸς,
2661 816 2723 871 εὖ
2749 812 2887 882 οἴδα,
2921 819 3062 873 Πατέ
3073 838 3179 890 ρων
3207 820 3413 893 ἄριστε,
3441 822 3522 876 ὅτι
3550 823 3629 886 ὡς
3656 824 3778 891 ἀγα-

2211 906 2301 971 θὸς
2333 910 2538 979 ποιμὴν
2561 910 2661 979 τὴν
2690 912 2867 980 ψυχήν
2899 928 2993 964 σου
3021 912 3105 964 ἀεὶ
3139 912 3398 975 τεθεικὼς
3433 908 3485 965 εί
3511 916 3655 984 ὑπὲρ
3682 914 3778 966 τῶν

2211 999 2320 1052 σῶν
2366 1000 2680 1071 προϐάτων,
2713 1002 3145 1073 προκινδυνεύων
3177 1004 3319 1076 ὑπὲρ
3358 1005 3477 1067 ἐνὸς
3518 1007 3775 1060 ἑκάστου·

2213 1090 2287 1160 μὴ
2314 1091 2644 1160 πτοούμενος
2679 1079 2909 1155 ἀπειλὰς
2935 1093 3283 1164 ἀνθρωπίνας
3352 1095 3428 1165 μὴ
3455 1097 3777 1150 ὑποστελλό-

2212 1198 2373 1251 μενος
2400 1183 2491 1234 τδν
2511 1183 2611 1253 τῆς
2649 1182 2905 1252 ἀληθείας
2946 1184 3105 1252 λόγον
3140 1185 3200 1250 ἐξ
3227 1188 3473 1250 ἐναντίας
3500 1189 3613 1241 τῶν
3642 1192 3782 1242 ἀντι·

2208 1272 2596 1341 διατιθεμένων
2618 1289 2635 1305 ·
2678 1275 2739 1327 τὺ
2771 1274 2864 1328 τοῦ
2902 1276 3062 1346 μόνου
3092 1275 3357 1347 βασιλέως
3391 1278 3611 1347 θέλημα
3650 1283 3781 1333 ἁπο-

2210 1363 2550 1433 θεραπεύων.
2590 1365 2731 1435 Πρὸς
2759 1366 2967 1429 τούτοις
2996 1366 3233 1437 ἐλέγχων
3280 1369 3417 1439 μετά
3444 1372 3780 1442 παρρησίας,

2209 1454 2475 1525 ἐπιτιμῶν
2539 1457 2675 1526 μετά
2728 1459 3092 1527 συμπαθείας,
3148 1461 3445 1531 είρηνεύων
3496 1464 3595 1515 καὶ
3657 1481 3782 1516 κατ-

2208 1548 2495 1602 αλλάσσων
2537 1549 2664 1609 τοὺς
2692 1549 3092 1619 διισταμένους,
3137 1551 3415 1622 ἀφορίζων
3440 1555 3584 1623 μετά
3608 1556 3784 1624 εὑκρι-

2211 1638 2330 1701 σίας
2362 1636 2421 1690 τὸ
2454 1638 2681 1707 βέϐηλον
2710 1639 2820 1692 ἀπὸ
2847 1638 2942 1692 τοῦ
2972 1640 3144 1707 ὁσίου,
3176 1642 3237 1694 τὸ
3266 1643 3410 1710 ὑγιὲς
3443 1645 3555 1698 ἀπὸ
3586 1646 3681 1698 τοῦ
3706 1663 3784 1697 νε-

2208 1729 2521 1800 νοσηκότος,
2552 1729 2627 1793 ὡς
2651 1730 2715 1783 ἂν
2742 1730 2815 1801 μὴ
2843 1731 3100 1802 μεταδοίη
3125 1731 3227 1803 τῆς
3243 1735 3445 1799 οἰκείας
3474 1738 3785 1808 ἀρξόωστίας

2208 1821 2284 1893 τῷ
2340 1821 2737 1892 πλησιάζοντι·
2781 1824 2841 1875 τὸ
2897 1822 3252 1893 πλανώμενον
3303 1828 3685 1899 ἐπιστρέφων·
3728 1832 3784 1883 τὸ

2206 1914 2509 1984 ἡσθενηκὸς
2572 1913 2835 1983 ἐνισχύων
2865 1931 2879 1945 ·
2921 1915 2980 1968 τὸ
3038 1918 3503 1988 συντετριμμένον
3563 1922 3784 1975 καταδε-

2210 2003 2445 2073 σμεύων.
2490 2005 2577 2067 Ὠς
2609 2005 2741 2057 πολύ
2778 2021 2871 2057 σου
2906 2005 3076 2068 ὅντως
3118 2008 3178 2060 τὸ
3215 2008 3413 2079 ἔργονι
3470 2011 3784 2081 ἡγουμένων

2209 2096 2516 2166 ἐπίσκεψις,
2568 2097 2878 2151 κελλιωτῶν
2923 2099 3219 2170 ἐπίκρισις,
3259 2101 3655 2173 πρεσϐυτέρων
3697 2108 3785 2157 καὶ

530 2186 851 2240 amictorum
894 2185 1067 2249 ultio,
1117 2197 1501 2253 oppressorum
1536 2183 1927 2252 propugnatio;
1971 2183 2104 2252 quin

2216 2185 2468 2239 διακόνων
2494 2188 2886 2259 χειροτόνησις,
2917 2189 3011 2241 καὶ
3038 2188 3155 2258 βίου
3180 2189 3383 2244 τούτων
3414 2193 3639 2247 πάντων
3668 2197 3783 2248 ἐπι-

530 2277 695 2331 etiam
717 2275 999 2343 dignitatis
1016 2271 1378 2328 conservatio.
1409 2272 1546 2335 Quia
1578 2273 1667 2326 ubi
1694 2273 1828 2326 nihil
1851 2282 1936 2328 est
1959 2274 2103 2343 quod

530 2367 789 2438 pietatem
834 2366 992 2421 laedat
1040 2363 1124 2418 vel
1172 2363 1465 2433 impediat,
1511 2363 1705 2434 subjici
1751 2379 1850 2419 nos
1890 2379 2106 2435 quoque

531 2459 681 2513 omni
712 2458 938 2527 imperio
968 2468 1024 2511 et
1063 2455 1321 2526 potestati
1354 2464 1603 2525 oportet,
1641 2455 2107 2511 benevolentiam-

531 2564 640 2619 que
685 2558 988 2619 perpetuo,
1043 2548 1088 2601 si
1126 2547 1243 2602 ﬁeri
1285 2555 1498 2617 potest,
1543 2546 1787 2601 omnium
1829 2547 2105 2611 retinere,

530 2650 782 2711 prompte
812 2656 876 2695 ac
915 2640 1149 2709 benigne
1179 2637 1503 2703 salutando,
1538 2653 1602 2693 ac
1641 2639 1901 2708 majorem
1942 2640 2105 2693 etiam

533 2733 798 2786 honorem
836 2731 1191 2786 redhibendo.
1222 2730 1376 2785 Absit
1410 2730 1555 2784 enim
1592 2738 1649 2783 ut
1673 2729 1740 2783 de
1778 2729 2108 2784 beatitudine

534 2834 626 2878 tua
673 2823 953 2888 dicantur,
1001 2838 1123 2892 qua:
1171 2821 1459 2876 contrariae
1519 2821 1783 2875 malorum
1830 2830 2107 2890 pastorum

533 2916 674 2985 parti
694 2914 1025 2969 conveniunt
1055 2915 1066 2967 l
1100 2913 1192 2983 qui
1218 2914 1389 2983 turpis
1404 2913 1612 2967 scilicet
1638 2913 1775 2967 lucri
1801 2913 1969 2983 gratia
1990 2928 2107 2984 gre—

535 3022 657 3077 gem
680 3015 928 3075 pascunt,
952 3006 1043 3076 qui
1068 3008 1136 3060 ad
1164 3006 1285 3059 vitae
1315 3006 1599 3059 commoda
1627 3005 1942 3075 dignitatem
1968 3004 2109 3059 banc

536 3098 803 3161 referunt,
834 3097 900 3151 ad
934 3097 1112 3153 carnis
1140 3098 1528 3160 laxamentum,
1559 3095 1625 3149 ad
1652 3095 1965 3165 cupiditatis
1992 3095 2107 3149 fru-

537 3204 704 3260 ctum,
735 3192 801 3247 ad
826 3191 1092 3243 [luxarum
1118 3202 1283 3256 opum
1315 3186 1802 3254 conquisitionem,
1839 3186 1905 3239 ad
1935 3186 2109 3255 pluri-

536 3300 749 3341 morum
810 3292 966 3336 terrae
1021 3279 1272 3348 jugerum
1330 3276 1769 3345 possessionem,
1827 3275 2111 3345 gregisque

538 3389 819 3432 servorum
846 3387 910 3427 ac
934 3371 1202 3440 pecudum
1225 3369 1500 3422 numerosi
1532 3385 1546 3422 :
1582 3368 1810 3437 ideoque
1832 3382 1940 3422 non
1972 3368 2109 3421 divi-

539 3470 645 3530 nis,
668 3464 762 3520 sed
785 3462 1036 3517 humanis
1056 3460 1267 3513 artibus
1289 3458 1355 3512 ad
1378 3455 1717 3528 praefecturae
1743 3457 1954 3512 culmen
1982 3472 2110 3526 pro-

539 3557 751 3620 siliunt,
771 3553 899 3608 utin
921 3551 1166 3606 subditos
1211 3549 1563 3617 supercilium
1603 3549 1867 3613 attollant,
1902 3558 1957 3603 et
1984 3560 2110 3604 ante

541 3648 918 3706 honoratiores
956 3652 1276 3714 arroganter
1318 3643 1560 3696 sedeant.
1613 3642 1764 3697 Mitto
1806 3642 1873 3697 de
1904 3643 2008 3696 illis
2031 3643 2111 3697 di-

540 3755 686 3805 cere,
701 3740 792 3810 qui
814 3737 1210 3792 causidicorum
1230 3750 1378 3788 more
1397 3749 1494 3803 pro
1507 3733 1724 3788 caducis
1741 3734 1902 3787 rebus
1927 3734 2114 3788 decer-

541 3840 692 3895 tant,
734 3837 789 3884 et
833 3844 932 3899 pro
977 3826 1220 3881 veritatis
1266 3825 1611 3893 dogmatibus
1667 3840 1777 3878 non
1831 3825 2109 3879 resistunt.

542 3919 807 3990 Quodque
837 3917 919 3971 bis
948 3917 1105 3986 longe
1140 3914 1359 3987 gravius
1396 3923 1513 3979 est,
1545 3915 1612 3969 de
1641 3915 1706 3968 iis
1745 3914 1836 3984 qui
1867 3916 2113 3969 subdito—

541 4031 662 4069 rum
692 4016 829 4067 bona
856 4010 1092 4080 rapiunt,
1126 4019 1181 4062 et
1202 4016 1494 4077 cxsugunt,
1525 4007 1758 4075 indeque
1789 4009 2109 4076 potentiam,

542 4116 600 4161 et
628 4104 1020 4160 redundantem
1052 4116 1217 4169 opum
1257 4100 1467 4168 cOpiam
1499 4099 1864 4153 acetnnulant.
1903 4099 2111 4163 Quibus

542 4199 691 4254 enim
716 4205 774 4250 ut
802 4194 1088 4265 egentibus
1115 4206 1335 4245 manum
1362 4191 1558 4260 porrigi
1592 4207 1686 4260 par
1710 4200 1858 4253 erat,
1893 4190 1989 4243 hos
2022 4188 2114 4259 qui

543 4290 747 4345 sensim
789 4296 1022 4341 atterere
1066 4299 1174 4337 non
1210 4284 1490 4347 dubitant,
1538 4284 1753 4336 cuinam
1788 4283 1993 4337 similes
2032 4283 2115 4336 di-

544 4380 774 4435 centur?
804 4377 1035 4433 Petrone
1057 4387 1112 4430 et
1133 4375 1329 4430 Joanni
1349 4416 1362 4439 ,
1403 4390 1702 4444 eorumque
1733 4376 2114 4437 sectatoribus,

544 4474 760 4544 quibus,
790 4470 885 4533 ait,
917 4478 1199 4539 argentum
1229 4477 1283 4521 et
1306 4483 1497 4521 aurum
1527 4481 1634 4520 non
1662 4476 1797 4532 erat,
1819 4467 1914 4521 sed
1944 4466 2114 4521 divini

545 4563 787 4633 Spiritus
826 4560 1031 4631 gratia?
1070 4576 1138 4614 an
1165 4559 1384 4613 oSimoni
1427 4557 1614 4627 Mago,
1659 4568 1715 4613 et
1749 4558 1899 4612 Juda:
1932 4559 2116 4628 prodi-

544 4657 670 4717 tori,
697 4664 752 4707 et
780 4652 925 4707 Giezi
960 4651 1159 4721 cupido
1186 4650 1453 4720 pecuniae,
1478 4665 1542 4703 ac
1568 4649 1791 4718 reliquis
1824 4650 1987 4718 hujus
2020 4666 2117 4703 sa:-

544 4746 653 4801 culi
683 4745 978 4799 divitibus?
1003 4743 1076 4796 De
1107 4743 1173 4795 iis
1204 4750 1386 4795 autem
1412 4741 1557 4805 dico,
1589 4742 1679 4809 qui
1704 4741 1850 4810 quod
1876 4756 2115 4811 praesens

2206 2279 2474 2348 τήρησις·
2534 2280 2721 2349 χηρῶν
2774 2282 3101 2349 προστασία,
3160 2284 3411 2352 ὀρφανῶν
3470 2287 3781 2358 ἐπικουρία,

2209 2367 2701 2436 καταπονουμένων
2730 2368 3031 2437 ἐκδίκησις,
3060 2370 3433 2440 ἀδικουμένων
3459 2374 3782 2446 ὑπερμάχη-

2209 2474 2316 2521 σις,
2366 2459 2457 2510 καὶ
2493 2458 2678 2528 μέντοι
2710 2462 2804 2512 καὶ
2861 2460 3134 2531 ὑπεροχῆς
3178 2462 3520 2533 διατήρησις.
3563 2466 3784 2541 Ἐπειδὴ

2207 2548 2334 2601 ὅταν
2363 2549 2531 2619 μηδὲν
2626 2551 2685 2603 τὸ
2717 2550 2955 2619 βλάπτον
2988 2556 3082 2605 καὶ
3108 2553 3317 2607 κωλύον
3346 2558 3427 2620 είς
3450 2558 3781 2625 θεοσέϐειαν,

2210 2638 2612 2692 ὑποτάσσεσθαι
2672 2640 2768 2692 καὶ
2821 2642 2969 2709 ἡμᾶς
3027 2643 3176 2710 πάσῃ
3235 2644 3377 2712 ἀρχῇ
3434 2647 3528 2696 καὶ
3568 2647 3786 2717 ἐξουσίᾳ

2210 2730 2499 2799 προσήκει,
2562 2730 2657 2783 καὶ
2711 2730 2982 2798 φιλιάζειν
3034 2733 3121 2783 διὰ
3174 2734 3393 2795 παντὸς,
3435 2736 3485 2787 εί
3537 2736 3784 2804 δυνατὸν,

2210 2817 2347 2889 πρὸς
2376 2819 2619 2881 ἅπαντας
2655 2819 2744 2872 διὰ
2776 2819 2877 2887 τῆς
2907 2820 3269 2888 εὑμεταδότου
3318 2824 3412 2877 καὶ
3460 2825 3785 2896 φιλοφρὸνου

2209 2909 2510 2976 δεξιώσεως
2558 2909 2653 2964 καὶ
2683 2910 3104 2981 προεπιδόσεως.
3144 2913 3336 2984 Ἀπείη
3380 2916 3491 2983 γὰρ
3530 2919 3789 2987 περὶτῆς

2214 3002 2615 3073 μακαριότητός
2655 3019 2749 3056 σου
2791 3002 2857 3056 τὰ
2896 3003 2993 3072 τῆς
3022 3003 3273 3067 ἐναντίας
3311 3007 3525 3076 μερίδος
3554 3007 3666 3059 τῶν
3694 3026 3790 3060 κα-

2212 3095 2324 3149 κῶν
2371 3097 2644 3165 ποιμένων
2672 3095 3040 3165 διαγορεύεινί
3087 3091 3198 3151 οἷον
3236 3100 3345 3152 τῶν
3384 3101 3791 3172 αἰσχροκερδῶς

2214 3189 2610 3258 ποιμαινόντων
2647 3188 2707 3240 τὸ
2754 3189 3033 3257 ποίμνιον·
3068 3189 3177 3241 τῶν
3220 3190 3303 3252 είς
3356 3191 3613 3262 ἀφορμὴν
3672 3192 3790 3263 βίου

2211 3278 2578 3349 λογιζομένων
2624 3280 2720 3350 τὴν
2776 3280 3031 3349 τοιαύτην
3083 3278 3259 3345 ἀξίαν,
3310 3283 3406 3334 καὶ
3451 3284 3532 3345 εἰς
3588 3285 3791 3355 σαρκὸς

2213 3372 2538 3435 ἀνάπαυσιν,
2573 3372 2667 3423 καὶ
2706 3372 2783 3433 είς
2809 3372 3100 3441 ἐπιθυμίας
3134 3372 3453 3438 ἀπόλαυσιν,
3504 3375 3587 3437 είς
3621 3376 3794 3428 κατά-

2216 3461 2400 3531 σχεσίν
2426 3478 2485 3513 τε
2516 3460 2746 3513 πλούτου
2778 3461 2871 3512 τοὺ
2906 3462 3139 3529 ῥέοντος,
3179 3463 3274 3513 καὶ
3311 3464 3390 3526 είς
3439 3464 3637 3533 κτῆσιν
3662 3465 3793 3517 πλέα

2215 3556 2359 3625 θρων
2388 3555 2489 3624 γῆς
2514 3554 2686 3608 τόσων
2732 3554 2825 3607 καὶ
2862 3554 3054 3617 τόσων,
3089 3554 3291 3621 ἀγέλης
3333 3571 3393 3606 τε
3436 3556 3797 3625 ἀνδραπόδων

2213 3649 2307 3701 καὶ
2340 3648 2701 3718 βοσκημάτων
2744 3645 3005 3717 πληθύος.
3041 3647 3149 3699 Καὶ
3182 3646 3269 3697 διὰ
3319 3646 3475 3699 τοῦτο
3516 3649 3798 3719 ἅνθρωπίο

2213 3759 2319 3803 νως
2363 3740 2457 3793 καὶ
2488 3741 2548 3793 οὑ
2591 3740 2785 3801 θεῖκῶς
2818 3738 3208 3808 ἐπιπηδώντων
3238 3737 3314 3807 τῷ
3352 3737 3475 3807 ὑψει
3516 3740 3617 3808 τῆς
3664 3759 3798 3812 προ-

2216 3830 2463 3891 στασίας,
2500 3830 2577 3891 είς
2622 3829 2684 3881 τὸ
2739 3828 3054 3899 αἴρειν-τὴν
3112 3828 3283 3898 ὀφρὺν
3321 3829 3460 3880 κατά
3504 3829 3617 3882 τῶν
3662 3832 3798 3884 ὑπο·

2214 3918 2535 3989 δεεστέρων,
2586 3920 2680 3973 καὶ
2722 3918 3157 3989 προκαθέζεσθαι
3198 3918 3442 3989 σοϐαρῶς
3494 3921 3637 3973 κατὰ
3686 3923 3798 3974 τῶν

2216 4011 2533 4081 ὑπερτίμων
2598 4012 2708 4064 Καὶ
2747 4010 2820 4063 ἐῶ
2851 4010 3029 4077 λέγειν
3066 4012 3194 4076 περὶ
3229 4009 3337 4062 τῶν
3368 4008 3796 4080 διαμαχομένων

2219 4104 2306 4155 ίσα
2338 4103 2564 4156 καὶτῶν
2596 4103 2889 4156 δικανικῶν
2920 4103 3059 4172 ὑπὲρ
3085 4104 3194 4154 τῶν
3224 4101 3616 4170 ἀπολλυμένων
3651 4121 3797 4174 πραο

2216 4195 2460 4261 γμάτων,
2487 4195 2578 4245 καὶ
2604 4193 2703 4245 οὑκ
2735 4191 3149 4260 ἀνθισταμένων
3183 4191 3325 4261 ὑπὲρ
3353 4190 3463 4241 τῶν
3497 4190 3597 4259 τῆς
3632 4194 3797 4245 εὐσε-

2217 4284 2367 4348 ϐείας
2416 4286 2704 4354 δογμάτων
2728 4300 2740 4312 ·
2766 4284 2824 4353 ἢ,
2872 4282 2933 4335 τὸ
2974 4282 3106 4334 πολὺ
3147 4284 3327 4353 χεῖρον
3367 4281 3574 4335 τούτων
3601 4322 3616 4346 ,
3666 4286 3799 4355 περὶ

2215 4378 2323 4430 τῶν
2352 4376 2723 4430 ὑποσπῶντων
2747 4374 2840 4428 καὶ
2873 4372 3301 4435 ὑπωπιαζόντων
3332 4374 3398 4427 τὰ
3430 4374 3537 4426 τῶν
3563 4375 3797 4445 ὑποχει-

2220 4469 2370 4537 ρίων,
2387 4468 2493 4520 κάκ
2514 4466 2700 4519 τούτου
2727 4464 3182 4535 συναθροιζόντων
3203 4464 3431 4533 δύναμιν
3451 4466 3547 4518 καὶ
3571 4482 3800 4538 περιου-

2220 4542 2467 4628 σιασμόνέ
2506 4551 2598 4620 Οἷς
2628 4560 2734 4627 γὰρ
2773 4557 2971 4625 μᾶλλον
3030 4555 3136 4607 ἔδει
3194 4557 3353 4625 χεῖρα
3386 4556 3600 4625 ὀρέγειν
3636 4576 3800 4613 πενο-

2222 4652 2423 4720 μένοις,
2455 4649 2677 4712 τούτους
2707 4647 2851 4701 mea
2878 4647 3070 4717 μικρὸν
3098 4646 3367 4699 ἐκθλίϐειν
3392 4648 3451 4699 οὑ
3484 4654 3799 4719 παραιτού-

2223 4759 2393 4812 μενοι,
2422 4741 2525 4793 τίνι
2549 4740 3014 4809 όμοιωθήσονται;
3062 4739 3253 4807 Πέτρῳ
3285 4738 3379 4790 καὶ
3422 4739 3644 4809 Ἰωάννῃ
3682 4739 3801 4811 ἄρα

545 4848 630 4892 est
659 4838 834 4893 solum
863 4876 878 4903 ,
923 4844 983 4891 ut
1018 4836 1148 4905 ipsis
1179 4836 1318 4889 bene
1358 4835 1464 4898 sit,
1516 4843 1798 4902 spectant;
1842 4834 1935 4903 qui
1967 4834 2112 4887 carni

2224 4835 2315 4888 καὶ
2356 4836 2469 4895 τοῖς
2508 4832 2727 4893 ὀπαδοῖς
2763 4829 2972 4883 αὑτῶν·
3006 4825 3108 4891 οἷς,
3160 4830 3346 4898 φησὶν,
3391 4830 3658 4900 ἀργύριον
3703 4840 3803 4887 καὶ.

545 4930 836 4995 serviunt,
869 4937 925 4983 et
950 4929 1002 4982 in
1032 4942 1167 4982 auro
1198 4926 1433 4980 deﬁxum
1476 4940 1569 4978 cor
1603 4925 1846 4978 habent;
1888 4926 1978 4994 qui
2012 4924 2120 4977 for-

551 5036 691 5078 tasse
718 5032 774 5076 et
804 5021 901 5091 ipsi
939 5020 1277 5082 fenerantur,
1309 5026 1364 5071 et
1400 5015 1468 5071 ad
1505 5031 1724 5071 usuram
1754 5016 1887 5069 dant
1915 5030 2120 5086 paupe-

548 5120 702 5172 ribus
727 5158 741 5181 ,
765 5116 859 5186 qui
895 5116 1036 5170 bona
1077 5115 1144 5168 ad
1200 5113 1447 5182 prOprias
1485 5112 1811 5183 cupiditates
1846 5112 2119 5172 retinent,

549 5219 713 5278 atque
757 5206 995 5276 indignis
1037 5221 1103 5259 ex
1160 5206 1353 5259 vitioso
1391 5205 1622 5269 ell‘ectu,
1672 5204 1759 5257 vel
1804 5200 2122 5273 propinquis

552 5302 667 5357 suis
700 5308 947 5370 erogant.
981 5298 1221 5364 Quorum
1253 5313 1380 5352 cura
1410 5297 1587 5351 omnis
1626 5297 1680 5350 in
1714 5312 1781 5351 eo
1814 5295 1996 5350 forsan
2039 5303 2121 5349 est

551 5395 748 5466 posita,
774 5402 833 5447 ut
861 5394 1025 5447 multa
1058 5401 1239 5446 serant
1266 5399 1600 5459 metantque,
1626 5399 1685 5443 ut
1713 5388 1945 5459 plurima
1968 5388 2120 5457 plan—

554 5493 672 5540 tent
697 5494 754 5538 et
783 5484 1057 5555 colligant,
1083 5492 1140 5535 ut
1167 5490 1401 5551 augeant
1434 5491 1489 5534 et
1510 5479 1844 5548 ampliﬁcent
1874 5487 2118 5532 armenta

556 5586 718 5647 atque
750 5591 970 5646 greges:
1007 5585 1262 5643 tanquam
1295 5572 1541 5643 agricola:
1581 5572 1801 5642 quidam
1824 5612 1837 5635 ,
1880 5579 2120 5638 tempora

557 5670 927 5734 observantes,
963 5678 1017 5722 et
1039 5666 1248 5721 lucrum
1285 5680 1348 5719 ex
1371 5663 1511 5735 vulgi
1541 5663 1765 5733 penuria
1799 5672 2079 5731 captantes
2100 5700 2113 5724 ,

631 5846 675 5877 "
708 5846 881 5902 Ezech
939 5860 1138 5908 xxxiv,
1176 5844 1229 5898 4.

2221 4927 2443 4997 χρυσίον
2485 4925 2585 4994 οὑχ
2634 4924 2899 4992 ὑπῆρχεν,
2950 4922 3064 4972 ἀλλ’
3101 4923 3133 4991 ἡ
3164 4921 3254 4973 τοῦ
3295 4922 3443 4974 θείου
3472 4924 3805 4991 Πνεύματος

2223 5019 2419 5087 χάρις;
2455 5017 2488 5084 ἣ
2526 5016 2729 5084 Σίμωνι
2773 5012 2851 5082 τῷ
2884 5013 3057 5081 Μάγῳ
3098 5012 3191 5064 καὶ
3228 5012 3398 5082 Ἰούδα
3425 5015 3499 5082 τῷ
3539 5015 3803 5087 προδότῃ,

2222 5110 2316 5163 καὶ
2352 5106 2512 5178 nam
2542 5107 2617 5175 τῷ
2648 5104 2992 5174 φιλαργύρῳ,
3022 5104 3115 5156 καὶ
3148 5106 3259 5165 τοῖς
3283 5104 3491 5167 λοιποῖς
3520 5104 3806 5170 πλουσίοις

2221 5200 2314 5252 τοῦ
2342 5199 2537 5261 αἰῶνος
2563 5196 2752 5250 τούτου
2780 5214 2792 5261 ;
2838 5194 3093 5246 Ἐκείνων
3122 5194 3179 5246 δέ
3203 5194 3365 5260 λέγω,
3400 5194 3507 5247 τῶν
3531 5196 3592 5247 τὸ
3624 5197 3808 5265 παρὸν

2229 5290 2387 5359 μόνον
2416 5290 2561 5350 ὅπως
2594 5286 2777 5348 αὑτοῖς
2828 5281 2886 5338 εὖ
2938 5284 3048 5350 ’ἐξει
3083 5284 3449 5348 σκοπούντων,
3482 5288 3574 5339 καὶ
3620 5289 3809 5357 σάρκα

2227 5381 2661 5453 θεραπευόντων,
2689 5378 2782 5431 καὶ
2806 5376 2879 5445 τῷ
2911 5375 3093 5446 χρυσῴ
3124 5378 3188 5445 τῇ
3214 5376 3411 5446 καρδίᾳ
3437 5378 3808 5448 προστιθεμέ-

2226 5492 2352 5535 νων,
2386 5472 2476 5524 καὶ
2508 5471 2713 5523 τούτων
2747 5470 2878 5530 ἴσως
2903 5468 3246 5531 τοκιζόντων,
3277 5467 3307 5538 ἦ
3344 5470 3435 5520 ἐπὶ
3473 5470 3811 5539 πλεονασμῷ

2226 5564 2620 5631 διανειμάντων
2650 5564 2762 5623 τοῖς
2794 5560 3018 5620 ἐνδεέσι,
3048 5560 3143 5611 καὶ
3172 5558 3305 5629 πρὸς
3333 5560 3401 5611 τά
3432 5562 3612 5612 οἰκεῖα
3645 5560 3810 5631 θελή-

2233 5676 2378 5730 ματα
2439 5652 2955 5727 κατακρατούντων,
3010 5652 3102 5705 καὶ
3159 5651 3492 5723 προσπαθῶς
3535 5655 3649 5717 τοῖς
3708 5656 3813 5705 οὑκ
