3914 6460
144 406 251 466 949

1379 417 1911 475 EPISTOLARUM
1945 420 2088 475 LIB.
2131 420 2179 474 Ι.

3298 429 3399 489 950

139 519 339 583 ἀξίοις,
373 517 405 586 ἢ
438 518 549 580 τοῖς
577 517 966 588 ἀγχιστεύουσι
996 522 1314 591 χρωμένων.
1349 525 1558 587 Οίτινες
1613 527 1722 594 am

1841 539 1900 580 ut
1948 529 2064 580 haec
2105 536 2160 579 et
2211 526 2298 578 illa
2341 527 2578 580 vendant
2615 529 2697 580 vel
2740 541 2960 594 emant,
3009 531 3404 610 negotiatorum

141 609 406 679 φροντίδα
431 609 732 680 κέκτηνται
771 612 912 680 τάχα
945 613 1039 664 ἐπὶ
1066 612 1161 665 τοῦ
1195 616 1411 684 σπεῖραι
1439 616 1608 668 πολλὰ
1636 621 1728 670 καὶ

143 701 493 771 ἀμήσασθαι,
521 705 613 754 καὶ
641 704 735 756 ἐπὶ
762 703 853 755 τοῦ
890 705 1156 772 φυτεῦσαι
1186 705 1425 785 τοσαῦτα
1461 708 1555 759 καὶ
1589 726 1724 778 καρ-

142 793 455 855 πώσασθαι,
491 797 586 847 καὶ
637 797 730 848 ἐπὶ
782 794 876 848 τοὺ
941 797 1260 866 προσθεῖναι
1314 801 1408 851 καὶ
1459 800 1727 870 πληθῦναι

144 885 405 954 βουκόλια
431 885 462 955 ἢ
496 885 726 955 ποίμνια
747 901 760 914 ·
791 885 980 956 ὥσπερ
1005 888 1150 950 τινὲς
1180 889 1419 959 γεωργοὶ
1440 906 1728 960 καιροσκο-

143 976 376 1040 ποῦντες
403 979 496 1030 καὶ
523 979 1181 1049 καταπραγματευόμενοι
1214 980 1311 1042 τὰς
1352 980 1558 1041 ἐνδείας
1589 981 1727 1051 πρὸς

141 1073 202 1125 τὸ
231 1071 434 1123 πωλεῖν
461 1072 554 1123 καὶ
580 1071 870 1141 ἀγοράζειν
894 1070 1068 1125 ταῦτα
1100 1073 1194 1125 καὶ
1219 1074 1429 1139 ὲκείνα,
1467 1090 1726 1145 πραγμα-

143 1164 413 1225 τευτικῶς
453 1163 546 1215 καὶ
588 1164 901 1231 ὲμπορικῶς
937 1166 1102 1218 οίονεὶ
1138 1166 1568 1237 πολιτευόμενοι,
1609 1167 1724 1221 ἀλλ’

143 1259 244 1310 οὑκ
279 1256 654 1319 ὲπισκοπικῶς
686 1257 780 1308 καὶ
817 1257 1130 1328 ἱερατικῶς·
1155 1260 1292 1330 πρὸς
1313 1260 1375 1313 τὸ
1403 1262 1565 1330 μόνον
1595 1278 1726 1313 πτε-

148 1350 324 1420 ρῶσαι
358 1347 537 1418 ψυχὴν
573 1350 666 1402 καὶ
705 1349 947 1419 ἁρπάσαι
992 1350 1199 1420 κόσμρυ
1235 1354 1330 1405 καὶ
1369 1352 1551 1407 δοῦναι
1582 1353 1721 1423 Θεῷ,

145 1446 241 1498 καὶ
269 1443 392 1497 ὅλον
428 1444 488 1494 τὸ
516 1443 767 1513 ποίμνιον
792 1432 1158 1497 διασώσασθαῖ
1189 1448 1252 1498 ὲκ
1280 1445 1510 1500 θανάτου
1541 1448 1722 1518 ἁμαρ⁹

143 1539 296 1600 τίας,
334 1535 430 1587 καὶ
465 1533 638 1597 οὕτως
669 1534 809 1588 κατά
837 1535 1088 1605 δεύτερον
1123 1536 1280 1604 λόγον
1315 1539 1408 1591 καὶ
1433 1538 1502 1590 τὰ
1533 1540 1725 1606 ἐπιτή-

141 1629 258 1679 δεια
295 1625 394 1694 τῆς
439 1623 720 1694 παρούσης
759 1623 902 1694 ζωῆς
939 1623 1005 1676 δι’
1035 1625 1331 1694 οἰκονόμων
1378 1627 1472 1679 καὶ
1505 1627 1724 1694 ἐπιτρό-

144 1734 263 1769 πων
312 1713 657 1784 πορίζεσθαι.
702 1714 842 1766 Ἀλλ’
877 1714 1001 1766 οὑαί
1043 1732 1152 1784 μοι,
1185 1716 1266 1768 ὅτι
1299 1717 1521 1786 ἐμαυτῷ
1550 1715 1724 1771 ταῦτα

144 1806 433 1869 κατέλεξα,
476 1807 540 1857 ἐκ
576 1804 687 1857 τῶν
727 1805 944 1857 οἰκείων
983 1806 1172 1859 παθῶν
1215 1807 1283 1859 τὰ
1318 1807 1417 1859 οὑκ
1447 1807 1574 1881 ὄντα
1610 1813 1722 1873 τοῖς

141 1901 324 1961 ἄλλοις
351 1897 809 1969 διαγραφόμενος.
844 1897 916 1949 Σὺ
945 1898 1022 1961 δὲ,
1050 1892 1094 1950 ὦ
1123 1899 1497 1969 πανσεὸάσμιε
1524 1903 1725 1972 Πάτερ,

143 1990 389 2059 καθαρὸς
437 1988 513 2040 ὣν
565 1989 673 2041 ἀπὸ
715 1989 824 2040 τῶν
851 1991 1132 2055 τοιούτων,
1170 1993 1292 2053 ταῖς
1327 1994 1500 2061 ἱεραῖς
1544 1994 1730 2062 εὐχαῖς

141 2086 270 2145 τοὺς
305 2084 532 2150 νοητοὺς
555 2081 752 2145 λύκους
777 2083 1107 2151 ἀποσοϐοίης
1139 2085 1201 2135 ὲκ
1227 2085 1327 2154 τῆς
1348 2087 1732 2155 Χριστοσφρα-

143 2174 336 2239 γίστου
364 2169 645 2233 ὲπαύλεώς
678 2189 792 2224 σου.
816 2171 890 2223 Εὖ
913 2168 1005 2224 οἷδ’
1031 2173 1115 2224 ὃτι
1141 2174 1232 2224 καὶ
1266 2175 1415 2225 ταῦτ’
1439 2173 1611 2242 ἄγοις,
1643 2175 1736 2226 καὶ

143 2265 414 2331 διεξάγοις
463 2265 543 2325 εἰς
583 2262 650 2315 τά
679 2264 855 2333 χωρία
889 2263 996 2316 τῶν
1027 2264 1260 2332 ἀρετῶν,
1317 2265 1600 2335 ὲκτρέφων
1635 2266 1731 2318 καὶ

143 2357 407 2408 λιπαίνων
437 2357 502 2425 τῇ
533 2354 641 2424 πόᾳ
675 2353 772 2422 τῆς
801 2353 1073 2423 ἐμμελοῦς
1108 2370 1203 2404 σου
1232 2353 1602 2418 διδασκαλίας,
1635 2354 1731 2408 καὶ⁸

143 2449 221 2517 τῷ
254 2448 406 2500 ὕδατι
456 2451 556 2517 τῆς
602 2445 848 2516 καθαρᾶς
885 2445 1122 2508 πίστεώς
1161 2461 1254 2497 σου
1277 2462 1289 2474 ⁸
1347 2446 1440 2498 καὶ
1470 2446 1730 2500 ἑκάστοτε

143 2541 450 2607 προσάγοις
484 2539 702 2606 θύματα
729 2538 899 2589 δεκτά
924 2539 1046 2599 ταῖς
1080 2537 1325 2602 λογικατς
1350 2554 1442 2590 σου
1466 2538 1558 2589 καὶ
1582 2539 1730 2605 ἡγνι-

147 2633 377 2699 σμέναις
417 2630 492 2698 τῷ
539 2629 658 2697 Θεῷ
709 2627 1018 2698 λατρείαις·
1074 2627 1210 2681 ἀλλά
1260 2629 1378 2690 ταῖς
1421 2629 1726 2697 ἱκετηρίαις

1831 619 2008 687 potius
2040 627 2511 687 mereatorumque
2545 619 2651 673 ritu
2683 620 2952 685 viventes,
2986 637 3147 692 quam
3173 631 3253 687 ut,
3288 628 3405 692 epi-

1829 726 2115 780 scoporum
2148 719 2203 764 et
2231 711 2570 766 sacerdotum
2605 727 2776 775 more,
2808 715 3018 768 animas
3055 724 3267 770 tantum
3302 732 3402 770 ριν

1828 805 2033 866 citent,
2065 804 2376 872 mundoque
2414 813 2629 874 ereptas
2675 805 3088 874 reddantrDeo,
3133 819 3189 862 et
3231 819 3405 862 totum

1831 911 2051 966 gregem
2096 911 2125 949 a
2172 897 2378 965 peccati
2426 905 2600 950 morte
2638 897 2962 952 vindicent:
3003 906 3118 952 tum
3163 900 3429 955 secundo

1828 987 2023 1040 deinde
2045 986 2168 1040 loco
2201 987 2504 1041 necessaria
2532 987 2653 1042 vitae
2682 988 2846 1058 hujus
2875 985 3116 1044 subsidia
3148 1005 3244 1060 per
3267 1005 3409 1044 uaco-

1828 1090 2018 1128 nomos
2036 1085 2519 1145 procuratoresque
2545 1078 2906 1146 suppeditent.
2931 1078 3036 1132 Sed
3055 1079 3158 1132 heu
3178 1081 3292 1133 me!
3313 1077 3406 1147 qui

1828 1167 1962 1221 mihi
1990 1167 2090 1237 ipsi
2112 1168 2227 1222 haec
2250 1183 2432 1232 narro,
2451 1183 2516 1222 ex
2544 1169 2781 1238 propriis
2810 1170 2956 1224 vitiis
2979 1185 3040 1225 ea
3055 1186 3176 1239 qua:
3207 1171 3260 1223 in
3289 1170 3408 1224 aliis

1827 1274 1934 1313 non
1977 1265 2103 1311 sunt
2135 1258 2467 1313 describens.
2493 1259 2575 1312 'l‘u
2614 1274 2763 1324 vero,
2799 1259 3178 1314 colendissime
3217 1259 3402 1324 Pater,

1826 1366 1950 1404 cum
1980 1351 2234 1404 omnibus
2266 1350 2354 1404 his
2381 1365 2585 1414 careas,
2614 1352 2782 1406 sacris
2812 1353 3063 1421 precibus
3099 1352 3406 1422 spirituales

1827 1443 1982 1510 lupos
2006 1458 2035 1495 a
2067 1442 2236 1511 septis
2274 1442 2380 1497 tuis
2407 1442 2606 1497 Christi
2637 1445 2838 1497 annulo
2865 1445 3160 1516 obsignatis
3179 1446 3403 1515 expelle.

1830 1533 1897 1588 Et
1937 1534 2157 1603 quidem
2213 1535 2314 1589 hoc
2351 1535 2497 1604 agis,
2553 1549 2654 1589 nec
2692 1551 2779 1590 me
2812 1537 2980 1602 latet,
3029 1538 3318 1608 educisque
3350 1539 3404 1592 in

1828 1640 2050 1694 campos
2071 1625 2352 1689 virtutum,
2385 1641 2613 1694 pascens
2644 1636 2699 1681 et
2722 1627 3068 1698 impinguans
3091 1630 3259 1684 herba
3284 1646 3407 1684 sua-

1825 1719 1908 1772 vis
1977 1718 2240 1772 doctrinaa
2300 1728 2443 1780 tuae,
2485 1728 2539 1772 et
2603 1735 2738 1788 aqua
2791 1721 3018 1776 sincera:
3074 1721 3196 1777 ﬁdei
3239 1731 3342 1776 tute
3391 1741 3402 1775 :

1826 1809 2154 1877 assidueque
2175 1808 2340 1863 oﬂ'ers
2367 1811 2729 1879 acceptabiles
2754 1811 2978 1876 hostias,
3006 1828 3104 1883 per
3120 1814 3407 1868 rationales

1833 1908 1890 1952 et
1918 1905 2264 1951 consecratos
2289 1895 2399 1951 Deo
2433 1898 2629 1952 cultus.
2659 1899 2802 1965 Quin
2834 1901 3240 1970 precationibus
3271 1916 3409 1970 prte-

1838 1997 2064 2041 vertens
2088 2025 2104 2050 ,
2150 2001 2311 2054 pasce
2344 2002 2430 2040 me
2462 2003 2676 2056 quoque
2708 1990 2853 2044 vitiis
2890 1993 3234 2060 peccatisque
3261 1992 3409 2044 obsi-

1841 2089 1955 2132 tum
1981 2117 1995 2142 ,
2039 2092 2134 2131 oro
2164 2085 2220 2131 et
2256 2079 2536 2140 obtestor;
2591 2089 2645 2134 et
2685 2080 2920 2150 ignosce,
2946 2082 2990 2136 si
3023 2083 3115 2136 tibi
3142 2084 3307 2137 risum
3340 2100 3404 2138 ex

1841 2171 2107 2238 imperitia
2133 2186 2250 2223 mea
2281 2170 2443 2223 movi.
2477 2171 2593 2224 Non
2624 2173 2770 2227 enim
2797 2189 2916 2228 mea
2959 2186 3173 2245 sponte,
3199 2178 3291 2232 sed
3318 2194 3408 2233 co-

1842 2271 1994 2316 actus
2017 2277 2169 2316 sacra
2193 2273 2245 2315 et
2263 2263 2527 2331 spirituali
2547 2265 2809 2320 charitate
2829 2267 3028 2328 tua,vel
3041 2269 3220 2337 potius
3235 2270 3406 2338 impe-

1831 2353 1934 2414 rio,
1963 2354 2071 2406 huc
2104 2353 2380 2418 descendi,
2403 2370 2511 2407 non
2544 2355 2610 2409 ad
2641 2357 2923 2411 utilitatem
2943 2367 3085 2412 tuam
3112 2360 3404 2428 quidquam

1828 2443 2024 2497 eﬂatus
2047 2482 2061 2506 ,
2097 2442 2192 2496 sed
2219 2441 2286 2496 ad
2320 2443 2597 2510 specimen
2619 2483 2633 2507 ,
2660 2452 2718 2498 ut
2739 2446 2847 2501 dixi
2873 2489 2888 2512 ,
2915 2448 3141 2504 sincerae
3179 2465 3302 2518 erga
3354 2457 3407 2502 te

1827 2531 2174 2588 obedientias.
2210 2529 2341 2585 Vale
2381 2532 2435 2585 in
2471 2532 2698 2589 Domino
2747 2551 2847 2605 pro
2892 2537 3052 2592 nobis
3085 2555 3248 2594 orans
3273 2579 3286 2600 ,
3312 2541 3405 2608 qui

1827 2625 1923 2678 soli
1953 2631 2262 2692 peccatores
2282 2638 2492 2686 sumus,
2510 2622 2672 2678 Pater
2693 2628 2745 2680 in
2772 2629 3024 2684 omnibus
3039 2631 3403 2685 sanctissime.

144 2722 498 2794 προφθάνων,
531 2718 842 2786 ποιμαίνοις
880 2719 1024 2788 κάμὲ
1059 2719 1150 2771 τὸν
1187 2719 1631 2788 τληπαθέστατον
1681 2718 1775 2770 καὶ
1814 2713 2290 2784 πολυαμάρτητον,
2321 2712 2510 2783 δέομαι
2545 2717 2641 2769 καὶ
2689 2718 2972 2783 ἀντιϐολῶ,
3009 2721 3104 2773 καὶ
3132 2721 3405 2789 σύγγνωθι

146 2823 288 2875 εἴτι
341 2816 571 2884 ῶφλησα
622 2814 836 2881 γέλωτά
893 2831 974 2866 σοι
1029 2814 1268 2884 ἀμαθίας
1324 2830 1447 2883 μου.
1493 2813 1639 2882 Πλὴν
1681 2814 1760 2865 ὅτι
1818 2811 1919 2879 οὑχ
1960 2808 2124 2874 ἑκὼν,
2174 2806 2286 2861 ἀλλ’
2318 2808 2628 2872 ἐκϐιασθεὶς
2677 2812 2783 2865 ὑπὸ
2821 2815 2920 2884 τῆς
2975 2815 3124 2884 ἱερᾶς
3165 2833 3261 2870 σου
3312 2820 3405 2871 καὶ

145 2908 530 2980 πνευματικῆς
587 2907 848 2974 ἀγάπης,
919 2906 1119 2974 μᾶλλον
1169 2906 1226 2958 δὲ
1272 2905 1596 2969 κελεύσεως,
1645 2904 1866 2973 καθῆκα
1920 2901 2160 2972 ἐμαυτὸν
2211 2901 2292 2963 εἰς
2344 2901 2523 2954 τοῦτο.
2580 2903 2654 2955 Οὑ
2712 2906 2847 2975 πρὸς
2901 2905 3088 2977 ὄνησίν
3129 2909 3224 2961 σού
3283 2927 3404 2961 τινα

146 3003 525 3072 φθεγξάμενος
551 3016 565 3030 °
600 2997 741 3054 ἀλλὰ
784 2999 922 3069 πρὸς
957 2995 1205 3059 ἔνδειξιν,
1249 2996 1322 3060 ὡς
1355 2999 1594 3068 εἴρηται,
1635 2995 1882 3061 ὑπακοῆς
1916 2991 2279 3062 ἀνυποκρίτου
2318 3005 2434 3042 σου.
2471 2991 2723 3064 Ἐρῤωσο
2755 2997 2812 3048 ὲν
2852 2997 3062 3067 Κυρίῳ,
3105 2999 3406 3068 ὑπερευχό.

147 3113 310 3168 μενος
384 3095 539 3165 ἡμῶν
592 3094 702 3146 τῶν
767 3093 942 3162 μόνων
994 3091 1357 3162 ἁμαρτωλῶν,
1411 3091 1479 3144 τά
1507 3091 1685 3144 πάντα
1722 3085 1987 3142 ὁσιώτατε
2025 3086 2225 3157 Πάτερ.

392 3254 492 3307 ΙΒ’.
522 3283 591 3293 -
622 3250 792 3321 Θωμᾷ
817 3250 1127 3315 δισυπάτῳ
1157 3249 1292 3320 (lii).
1345 3247 1506 3321 [κζ’.]

219 3391 356 3444 Ποία
383 3387 709 3458 πρόσρησις,
742 3387 775 3457 ἢ
817 3387 900 3448 τίς
940 3386 1097 3453 λόγος
1130 3385 1526 3455 παρακλήσεως
1567 3383 1723 3453 εὑρε-

145 3484 264 3550 θείη
298 3481 436 3550 πρὸς
467 3478 624 3548 ἡμῶν
657 3477 764 3529 τῶν
797 3477 1068 3530 ταπεινῶν
1093 3478 1157 3546 τῇ
1185 3478 1249 3545 σῇ
1283 3475 1562 3544 κυριότητι
1593 3475 1726 3544 πρὸς

144 3575 212 3626 sit
245 3572 436 3625 ἐνόντα
473 3571 612 3639 αὑτῇ
639 3567 880 3637 λυπηρὰ,
913 3562 957 3620 ὧ
988 3567 1256 3629 δέσποτα;
1296 3565 1592 3635 Ἐξενώθης
1626 3567 1724 3633 τῆς

145 3662 519 3732 ἐνεγκαμένης
555 3677 611 3712 σε
643 3662 737 3713 καὶ
760 3659 1042 3728 θρεψάσης
1072 3658 1281 3720 πόλεως
1301 3673 1313 3688 ⁸
1348 3655 1726 3725 ἀπεστερήθης

145 3757 244 3826 τῆς
295 3754 560 3824 μεγίστης
612 3752 792 3813 ἑστίας
819 3766 830 3778 ⁸
876 3750 1278 3819 άπεγυμνώθης
1318 3749 1420 3818 τῆς
1466 3748 1725 3816 λαμπρᾶς

144 3849 322 3912 ἀξίας,
364 3845 658 3917 προσθήσω
675 3845 751 3907 δὲ,
784 3843 878 3895 καὶ
906 3844 1005 3910 τῆς
1046 3841 1332 3909 ὑπάρξεως
1355 3857 1367 3867 ·
1403 3837 1724 3905 ἀποδιέστης

146 3943 253 3993 τῶν
284 3940 476 4007 φίλων,
504 3938 613 3989 τῶν
644 3935 905 4005 συνήθων,
943 3934 1049 3986 τῶν
1073 3932 1344 4002 φιλτάτων
1375 3949 1466 3983 σου
1495 3931 1720 3981 τέκνων·

147 4029 535 4102 ὑπερωρίσθης
565 4021 666 4080 ὦδε
695 4028 916 4080 κάκεῖσε
940 4042 952 4055 ·
999 4026 1067 4077 τὰ
1092 4025 1146 4076 δὲ
1171 4025 1268 4093 τῆς
1296 4022 1590 4093 ὑπερορίας
1623 4021 1722 4073 ὅσα

145 4124 224 4184 εἰς
268 4121 642 4173 κακοπάθειαν
670 4119 748 4189 τῷ
782 4118 936 4188 ἀήθει
965 4133 1059 4169 σου
1097 4115 1330 4184 σώματι,
1373 4114 1548 4167 ἔνδεια
1585 4113 1720 4182 βρω-

147 4216 357 4283 μάτων,
385 4214 667 4283 πομάτων,
696 4211 958 4279 λούτρων,
998 4209 1202 4278 ἐρημία
1246 4205 1598 4275 ὁμιλούντων,
1630 4204 1721 4254 εὑ-

146 4307 312 4376 πορία
335 4303 937 4375 προσεπεμϐαινόντων,
975 4299 1488 4370 προσπλησσόντων.
1522 4297 1585 4349 Ol.
1616 4296 1722 4366 γάρ

145 4416 274 4452 ποτε
322 4397 664 4465 εὐγνώμονες
701 4395 793 4446 νῦν
827 4394 955 4453 ἴσως
997 4390 1331 4458 ἀγνώμονες,
1367 4388 1458 4440 καὶ
1495 4389 1544 4439 oi
1576 4388 1720 4456 φίλοι

145 4495 237 4545 καὶ
267 4489 540 4557 γνώριμοι
571 4485 957 4553 τετράφθωσαν
984 4482 1053 4535 τὰ
1083 4482 1373 4550 πρόσωπα,
1490 4479 1719 4548 ἐγγύθεν

2184 3247 2300 3302 XII.
2330 3248 2532 3302 Thomce
2563 3247 2636 3303 bis
2663 3249 2861 3302 consuli
2889 3249 3051 3320 (15“).

1897 3380 2086 3446 Qualis
2116 3383 2460 3451 compellatio
2480 3423 2494 3446 ,
2539 3393 2633 3437 aut
2675 3384 2981 3452 cuiusmodi
3012 3385 3405 3439 consolationis

1831 3487 1935 3526 vox
1978 3473 2108 3536 tibi,
2171 3473 2424 3537 domine,
2482 3475 2550 3529 ab
2608 3475 2903 3530 humilibus
2961 3475 3119 3529 nobis
3170 3476 3404 3530 inveniri

1828 3571 2009 3630 queat,
2035 3562 2102 3616 ad
2129 3562 2305 3617 tristia
2334 3563 2450 3618 haec
2483 3566 2620 3617 mala
2644 3581 2763 3633 quae
2789 3564 3055 3620 sustines?
3087 3565 3322 3620 Exactus
3345 3581 3403 3619 es

1827 3669 1856 3706 a
1891 3654 2110 3707 civitate
2151 3670 2273 3722 quae
2305 3663 2358 3709 te
2403 3657 2590 3726 genuit
2624 3666 2681 3711 et
2733 3657 3022 3722 educavit;
3068 3657 3312 3728 privatus
3342 3675 3402 3713 es

1828 3745 2160 3814 amplissima
2199 3745 2396 3811 domo;
2444 3747 2708 3816 spoliatus
2745 3763 2803 3802 es
2855 3749 3050 3803 illustri
3098 3750 3398 3820 dignitate,

1827 3838 2020 3890 addam
2055 3837 2218 3890 etiam
2243 3878 2256 3902 ,
2284 3839 2559 3907 0pulentia
2587 3857 2602 3906 ;
2638 3852 2950 3911 segregatus
2980 3857 3038 3896 es
3075 3843 3143 3896 ab
3174 3843 3396 3908 amicis,

1825 3946 1854 3983 a
1885 3929 2260 3994 familiaribus,
2285 3947 2314 3985 a
2345 3931 2679 3987 charissimis
2731 3933 2917 3988 liberis
2959 3935 3087 3994 tuis,
3119 3936 3270 3990 exsul
3295 3936 3400 3990 huc

1825 4024 1950 4076 illuc
1980 4025 2188 4077 delatus
2216 4040 2308 4078 es:
2340 4025 2393 4077 in
2416 4025 2605 4078 exsilio
2630 4035 2810 4079 autem
2838 4026 2972 4080 nihil
2998 4042 3106 4082 non
3136 4029 3200 4082 ad
3231 4043 3392 4082 vexa-

1826 4117 2033 4169 tionem
2073 4127 2444 4185 comparatum
2483 4119 2695 4187 corpori
2750 4127 2843 4172 tuo
2883 4119 3108 4175 minime
3143 4129 3395 4187 assueto,

1824 4207 2050 4276 penuria
2084 4208 2219 4270 cibi,
2251 4217 2433 4276 potus,
2465 4209 2809 4272 balneorum,
2841 4211 3076 4266 solitudo
3109 4213 3396 4278 sodalium,

1822 4296 2125 4364 frequentia
2159 4296 2519 4362 irruentium,
2555 4298 2955 4353 insultantium.
2990 4301 3091 4366 Qui
3122 4303 3268 4355 enim
3313 4302 3402 4355 be‘

1823 4389 2000 4442 nevoli
2035 4388 2165 4441 olim
2196 4399 2371 4453 erant,
2407 4406 2553 4443 nunc
2585 4389 2722 4444 forte
2758 4390 2983 4456 infesti;
3021 4403 3076 4446 et
3115 4393 3205 4462 qui
3235 4393 3394 4447 amici

1823 4480 2067 4547 notique,
2109 4491 2426 4534 averterunt
2484 4482 2646 4536 facies
2676 4498 2840 4548 suas,
2891 4494 2983 4538 aut
3039 4487 3260 4556 propius
3303 4496 3397 4539 aut.

144 4585 173 4652 ἦ
206 4580 485 4651 μακρόθεν
525 4579 673 4641 ὄντες
705 4578 813 4629 ἀπὸ
838 4575 929 4627 τοῦ
963 4574 1252 4644 γνωρίζειν
1297 4575 1387 4626 καὶ
1417 4573 1592 4641 φιλεῖν
1622 4572 1717 4625 καὶ

1829 4569 2031 4638 longius
2059 4570 2242 4638 positi,
2274 4586 2344 4624 ne
2372 4581 2705 4641 agnoscant,
2739 4574 2823 4628 vel
2853 4585 3076 4640 ament,
3123 4585 3177 4629 et
3209 4590 3392 4628 curam

144 4672 423 4742 κήδεσθαι.

211 4785 439 4853 Φροντὶς
514 4782 606 4834 ἐπὶ
657 4779 868 4841 τούτοις
947 4777 1056 4828 τῶν
1115 4776 1194 4829 ἔτι
1249 4777 1714 4845 ὲπιλελειμμένων

145 4875 437 4946 ὑπηρετῶν
461 4873 681 4937 δούλων,
715 4875 808 4924 καὶ
827 4869 933 4940 πρό
955 4885 1017 4936 γε
1049 4868 1254 4920 τούτων
1279 4868 1384 4919 τῶν
1413 4866 1713 4920 καλλίστων

1824 4670 2032 4730 gerant.

1894 4777 1974 4830 Ad
2012 4778 2125 4830 hinc
2153 4777 2455 4833 sollicitudo
2484 4793 2671 4833 eorum
2704 4781 2794 4850 qui
2827 4783 3006 4836 adhuc
3035 4793 3260 4845 restant,
3313 4783 3390 4836 fa—

1822 4869 2114 4933 mulormu,
2145 4885 2457 4925 servorum.
2493 4879 2580 4937 et,
2639 4883 2766 4928 ante
2801 4890 3017 4941 omnes,
3051 4875 3388 4946 egregiorum

1656 5060 1889 5115 NOTAE.

181 5212 292 5279 (15)
310 5205 1204 5279 Θωμςῖδισυπὰτῳ.ΤΙιςυιιιιιιηεξ
1220 5207 1284 5259 ad
1304 5220 1508 5279 annum
1531 5203 1713 5279 Leo-

147 5300 174 5334 n
190 5275 226 5334 ἐ
241 5275 850 5347 ΡιπριιγτοεθηηΜέση
867 5275 1121 5347 ἐϐδομάᾼδι
1137 5276 1244 5347 τῶν
1264 5275 1531 5347 νηστειῶν
1547 5278 1714 5347 ἐκρα-

144 5353 279 5421 τήθη
305 5343 460 5402 Α’ἐων
495 5343 553 5398 τέ
581 5348 670 5398 καὶ
949 5343 1405 5421 κουὸικουλάριοι·
1445 5346 1539 5397 καὶ
1568 5343 1712 5399 οὗτοι

147 5415 392 5472 οὖν’καὶ
447 5419 655 5486 ἑτέροις
697 5416 982 5468 εὑλαόέσιν
1009 5415 1286 5486 ἀνδράσιν,
1340 5415 1416 5486 ὡς
1474 5432 1713 5484 προσκυ-

143 5491 360 5550 νοῦντες
402 5489 499 5547 τὰς
529 5483 691 5554 ἁγίας
717 5487 813 5555 καὶ
853 5485 1060 5555 castra;
1091 5485 1332 5555 εἰκόνας·
1366 5483 1540 5555 Media
1575 5487 1714 5555 jeju-

105 5563 108 5570 ’
142 5562 349 5611 niorum
374 5557 694 5608 hebdomade
732 5554 833 5607 Leo
860 5564 905 5607 et
932 5553 1155 5605 Thomas
1202 5554 1535 5615 cubicularii,
1558 5553 1712 5619 quasi

142 5641 351 5681 sanctas
379 5642 428 5679 et
462 5626 782 5678 venerandus
815 5625 1068 5690 imagines
1094 5624 1398 5685 coluissent,
1433 5640 1549 5675 cum
1585 5625 1709 5676 aliis

145 5700 403 5768 religiosis
437 5698 561 5748 ciris
587 5695 940 5768 comprehensi
969 5702 1106 5743 auiti.
1144 5693 1272 5745 ltctn
1304 5702 1495 5768 auctor
1533 5697 1711 5768 inger:

142 5763 367 5836 tus,'qui
391 5766 708 5832 Theophani
745 5766 1067 5836 subjunetus
1089 5772 1172 5813 est
1199 5781 1208 5814 :
1238 5778 1362 5831 pag.
1394 5764 1496 5836 MO
1521 5781 1568 5816 c.
1606 5763 1711 5836 καί

140 5855 218 5901 τις
250 5833 451 5905 Θωμᾶς
477 5836 763 5904 πατρίκιος
809 5833 917 5886 ἀπὸ
950 5833 1260 5884 δισυπιατων
1306 5835 1618 5903 γενόμενος,
1655 5835 1710 5894 ὃς

1821 5204 1938 5284 ῖάτε
1965 5203 2063 5284 ﬁo
2109 5203 2437 5284 Ἐκκλησίαν
2476 5207 2786 5284 παρ-ἐλαϐεν
2824 5210 2930 5262 ἀπὸ
2966 5211 3070 5284 τοῦ
3123 5215 3390 5284 βασιλέως

1819 5273 2126 5350 ἀσφαλίσας
2157 5275 2265 5350 τλάςῃ
2298 5273 2477 5350 πύλας
2497 5273 3059 5350 Ατοῦ-πατριαρχείου,
3089 5273 3389 5349 ἀπεδίώξεν

1818 5343 2036 5406 αὐτοὺς,
2074 5343 2154 5421 ὡς
2173 5343 2336 5421 δῆθεν
2364 5345 2458 5397 τοῦ
2492 5343 2950 5421 βασιλέωςδχωρῖς
2967 5352 3140 5406 ταῦτα
3165 5343 3387 5408 ποιούν-

1817 5429 1937 5491 τας,
1965 5424 2070 5468 etc.
2104 5413 2228 5491 illo]:
2251 5413 2726 5491 _Tliomasiq_uidam
2747 5413 2999 5491 patricius
3014 5424 3091 5476 bis
3115 5430 3383 5491 exconsul,

1817 5483 1904 5549 qui
1935 5493 2057 5534 tunc
2081 5484 2211 5535 velut
2245 5483 2575 5551 imperatoris
2590 5483 2755 5553 jussu
2791 5531 2804 5551 ,
2842 5489 3136 5544 Ecclesiam
3195 5483 3378 5549 tutan;

1816 5553 1940 5603 dant
1964 5566 2279 5618 susceperat,
2307 5557 2471 5622 portis
2505 5557 2814 5621 patriarcliii
2843 5563 3068 5614 occlusis
3097 5580 3182 5616 eos
3215 5581 3386 5618 remo-

1813 5622 1882 5672 rit
1910 5621 2237 5699 velut'iiiscm
2278 5621 2592 5699 imperatore
2617 5627 2918 5699 istiusmodi
2959 5633 3200 5699 facinora
3231 5639 3384 5688 moli-

1814 5701 1910 5752 los,
1954 5701 2074 5766 etc.
2099 5692 2171 5746 De
2204 5697 2820 5764 appellationeilisypati
2853 5692 3057 5766 vidcsis
3104 5702 3380 5760 Clossaria

1816 5763 2098 5830 llucangii.

1881 5832 2026 5901 (l5‘)
2068 5833 2458 5888 Consolatoriu.
