3914 6446
541 372 638 434 951

1714 382 1773 440 S.
1809 380 2205 441 THEODORI
2249 381 2596 441 STUDITzE

3677 375 3775 436 952

532 487 849 539 liberorum.
885 485 947 540 Et
972 486 1198 543 facultas
1230 504 1340 543 non
1369 491 1630 560 suppetit.
1661 489 1725 545 Et
1757 500 2019 559 praeterea
2043 492 2107 545 ad

2220 493 2440 546 παίδων.
2475 494 2582 545 Καὶ
2640 493 2700 545 τὸ
2751 491 3010 545 δύνασθαι
3065 493 3124 544 οὐ
3185 491 3466 562 πρόσεστι.
3516 492 3633 544 Καὶ
3689 494 3775 545 ἐπὶ

531 579 718 632 urbem
754 578 1028 642 consides,
1061 580 1235 634 sicut:
1267 582 1346 634 Ad
1374 584 1592 651 ﬂumina
1620 582 1901 650 Babylonis
1930 584 2101 638 abduc

528 683 649 725 ctus
674 673 946 742 quondam
976 673 1027 726 in
1063 675 1307 742 Assyrios
1347 675 1504 728 Israel
1530 717 1543 739 ,
1591 675 1675 728 ubi
1723 677 1968 740 sedimus,
2014 676 2100 729 in-

529 766 744 834 quiunt,
773 775 819 818 et
843 766 1100 833 ﬂeuimus,
1123 770 1247 818 dum
1278 773 1673 820 recordaremur
1691 766 1816 820 Sion
1837 769 1973 822 '9'“.
1993 767 2099 823 Ge-

530 859 698 909 mitus
726 871 875 926 ergo,
903 867 957 910 et
983 858 1256 922 maeroris,
1294 868 1350 911 et
1371 858 1728 929 lacrymarum
1763 859 1935 927 plenae
1975 868 2105 912 sunt

532 965 620 1002 res
645 959 770 1004 tuae.
812 954 882 1005 At
914 965 1043 1005 vero
1079 966 1202 1003 cum
1232 950 1474 1004 scientiae
1502 950 1694 1020 gratia,
1719 958 1774 1002 et
1802 949 2105 1018 prudentiae

531 1043 678 1096 dono
708 1044 966 1112 praeditus
1019 1043 1112 1106 sis,
1149 1042 1566 1110 haudquaquam
1599 1050 1650 1094 te
1680 1041 1734 1093 in
1758 1040 1842 1094 his
1874 1039 2107 1093 arbitror

531 1136 752 1204 penitus
795 1134 1125 1189 concidere:
1159 1135 1361 1203 quippe
1401 1133 1492 1201 qui
1536 1147 1646 1185 non
1693 1132 1910 1202 ignores
1942 1130 2105 1183 vitam

535 1225 771 1278 hominis
797 1224 1042 1278 militiam
1084 1238 1226 1282 esse.
1260 1223 1416 1291 juxta
1442 1221 1725 1276 clarissimi
1755 1220 1855 1274 Job
1886 1228 2106 1273 senten-

537 1318 666 1370 tiam
701 1317 769 1380 δ’,
823 1316 915 1384 qui
949 1323 1152 1383 quanta
1183 1329 1477 1383 perpessus
1520 1323 1629 1378 snt,
1697 1311 2107 1382 intelligentiam

536 1415 683 1459 tuam
710 1421 816 1459 non
844 1405 1014 1468 fallit;
1045 1407 1120 1458 uti
1144 1420 1244 1458 nec
1273 1404 1372 1457 alia
1402 1404 1578 1458 omnis
1603 1403 1920 1457 instabilitas
1950 1402 2112 1470 hujus

536 1500 682 1561 vitae,
720 1499 879 1551 aliter
903 1508 1065 1566 atque
1100 1498 1257 1550 aliter
1279 1496 1333 1550 in
1360 1496 1475 1550 dies
1507 1494 1674 1549 ferme
1705 1509 1895 1548 omnes
1923 1494 2108 1547 horas-

537 1606 643 1658 que
678 1591 956 1645 variantis.
1004 1589 1196 1644 Fluxui
1230 1589 1374 1643 enim
1415 1599 1468 1642 et
1506 1587 1734 1641 relluxui
1774 1586 1966 1641 similis
2010 1594 2111 1648 est,

538 1693 594 1734 et
619 1681 864 1744 floribus,
890 1693 944 1734 et
969 1680 1216 1744 sonmiis,
1253 1681 1483 1748 aliisque
1514 1679 1564 1732 id
1600 1694 1792 1749 genus,
1828 1687 1889 1730 ut
1920 1676 2114 1731 divinae

539 1773 760 1827 Patrum
792 1789 951 1827 voces
989 1772 1344 1826 allirmarunt.
1377 1771 1612 1841 Reputct
1646 1771 1791 1824 enim
1821 1771 2115 1823 rationem-

2200 585 2410 646 τούτοις
2443 584 2648 656 καθέζῃ
2683 584 2790 655 πρὸ
2845 583 2938 637 τοῦ
2968 585 3160 646 ἄστεος
3182 623 3196 647 ,
3227 579 3338 636 οἷον
3379 584 3479 636 ἐπὶ
3505 582 3632 636 τῶν
3667 600 3744 636 πο

2201 674 2398 742 ταμῶν
2451 673 2800 740 Βαϐυλῶνάς
2861 693 2990 728 ποτε
3049 676 3396 744 ἀπαγόμενος
3447 678 3532 740 είς
3576 678 3769 729 ’Δσσυο

2204 765 2352 832 ρίους
2429 766 2680 836 Ἰσραήλ’
2736 767 2807 819 ἐν
2853 760 2922 833 ᾦ,
2981 767 3180 836 φησὶν,
3229 768 3626 836 ἐκαθίσαμεν,
3680 769 3770 820 καὶ

2202 856 2588 926 ἐκλαύσαμεν
2635 859 2704 911 ἐν
2745 858 2824 922 τῷ
2861 859 3211 926 μνησθῆναι
3258 858 3414 926 ἡμᾶς
3443 860 3555 927 τῆς
3603 861 3770 913 Σιών.

2207 948 2523 1015 Στεναγμοῦ
2569 949 2749 1001 τοίνυν
2814 950 2908 1001 καὶ
2957 951 3261 1019 κατηφείας
3299 950 3392 1002 καὶ
3423 949 3688 1017 δακρύων
3715 949 3778 1000 τά

2206 1038 2297 1091 σά.
2347 1038 2486 1091 Ἀλλ’
2517 1039 2639 1091 ἐπεὶ
2663 1039 2921 1109 πρόσεστί
2951 1055 3033 1091 σοι
3078 1040 3332 1109 γνώσεως
3378 1040 3656 1109 χάρισμα,
3692 1041 3780 1095 καὶ

2207 1131 2520 1200 φρονήσεως
2576 1130 2844 1200 δώρημα·
2876 1131 2938 1182 οὐ
2991 1131 3209 1194 πάντως
3263 1131 3644 1185 καταπίπτειν
3683 1135 3782 1184 οἰό-

2211 1219 2356 1289 μεθά
2385 1237 2448 1272 σε
2482 1222 2540 1272 ὲν
2575 1219 2783 1284 τούτοις
2811 1238 2826 1252 ·
2863 1221 3039 1274 εἰδότα
3070 1222 3150 1273 ὅτι
3206 1223 3564 1294 πειρατήριον
3597 1225 3628 1276 ὁ
3675 1222 3782 1292 βίος

2209 1312 2520 1380 ἀνθρώπου,
2551 1313 2695 1368 κατὰ
2717 1313 2808 1366 τὸν
2839 1313 3082 1382 ἀοίδιμον
3126 1313 3339 1378 ’ἰὼϐὦς
3368 1316 3471 1368 ὃσα
3506 1315 3782 1368 πέπονθεν

2210 1401 2308 1455 οὐκ
2331 1406 2516 1468 ἀγνοεῖ
2545 1420 2640 1456 σου
2673 1405 2704 1472 ή
2732 1402 3061 1472 πολυπειρία
3088 1421 3100 1433 °
3124 1405 3247 1457 οὐδὲ
3284 1407 3382 1476 τὴν
3411 1407 3582 1475 ἄλλην
3615 1407 3782 1460 ἀστα-

2211 1511 2304 1548 τον
2322 1496 2495 1566 φορὰν
2517 1497 2616 1566 τῆς
2627 1496 3128 1566 παραυτίκα“ζωῆς,
3148 1496 3336 1550 ἄλλοτε
3358 1497 3532 1560 ἄλλως
3549 1499 3784 1566 ἐχούσης

2214 1589 2356 1640 κατὰ
2396 1590 2576 1641 πᾶσαν
2613 1589 2801 1658 σχεδὸν
2839 1589 3054 1658 ἡμέραν
3095 1605 3155 1642 τε
3187 1589 3280 1641 καὶ
3307 1589 3478 1657 ὤραν.
3519 1590 3648 1662 Ῥοῇ
3681 1592 3785 1659 γὰρ

2216 1678 2308 1730 καὶ
2365 1677 2610 1748 ἀπορῤοῇ
2660 1679 2856 1740 ἔοικεν,
2893 1677 3080 1733 ἄνθεσί
3141 1695 3202 1731 τε
3237 1679 3331 1732 καὶ
3380 1679 3648 1750 ὀνείρασι,
3695 1683 3787 1734 καὶ

2215 1763 2450 1822 οἷστισιν
2499 1768 2702 1834 ἀλλοις,
2733 1769 2877 1822 κατὰ
2913 1769 3014 1833 τὰς
3051 1769 3201 1832 θείας
3233 1771 3418 1838 φωνάς
3446 1770 3556 1822 τῶν
3586 1771 3784 1838 ἀγίων.

539 1883 644 1935 que
675 1882 859 1920 secum
901 1867 1049 1920 ineat
1080 1867 1384 1920 veneranda
1412 1880 1566 1919 mens
1606 1874 1716 1925 tua,
1754 1878 1916 1933 quam
1948 1862 2113 1915 multa

2231 1860 2662 1928 Ἀναλογιζέσθω
2698 1861 2808 1930 γάρ
2843 1877 2937 1913 σου
2987 1862 3019 1930 ή
3052 1862 3210 1931 τιμία
3240 1859 3408 1930 ψυχῆς
3445 1863 3589 1914 πόσα
3624 1863 3682 1914 ὲν
3711 1861 3790 1930 τῷ

540 1962 608 2013 ab
648 1961 765 2028 ipso
801 1959 976 2012 exsilii
1029 1959 1103 2011 tui
1135 1968 1374 2026 tempore
1421 1966 1634 2026 peracta
1667 1956 1774 2009 sint
1811 1971 1823 2007 :
1857 1955 1984 2008 dum
2021 1953 2112 2007 alii

540 2053 762 2116 cadunt,
793 2052 881 2105 alii
908 2059 1223 2120 exsurgunt,
1254 2050 1339 2102 alii
1374 2047 1811 2110 moriuntur,alii
1831 2061 2110 2116 prospere,

541 2144 629 2196 alii
658 2159 816 2198 secus
840 2153 1024 2212 agunt.
1061 2142 1119 2194 Et
1154 2143 1335 2195 nullus
1359 2141 1583 2195 omnino
1611 2149 1781 2194 status
1800 2147 1881 2193 est
1903 2139 2113 2193 stabilis

544 2237 598 2288 in
633 2235 734 2289 llOC
765 2235 1000 2288 versatili
1043 2235 1167 2288 vitae
1192 2243 1392 2287 nostrae
1420 2248 1603 2287 cursu.
1627 2232 1760 2286 lllud
1787 2232 1949 2286 etiam
1976 2247 2115 2301 prte-

543 2334 692 2379 terea
728 2341 914 2378 verum
947 2335 1048 2389 est,
1071 2325 1123 2377 in
1162 2325 1351 2378 exsilio
1381 2324 1614 2392 quodam
1639 2339 1828 2377 omnes
1853 2338 1952 2376 nos
1974 2338 2112 2384 esse,

541 2428 813 2488 quatenus
836 2434 931 2487 per
952 2418 1346 2486 protoplastum
1369 2418 1436 2471 de
1464 2417 1732 2486 paradiso,
1765 2425 1822 2470 ut
1842 2416 2114 2485 proditum

543 2520 646 2572 est,
675 2510 830 2577 ejecti
863 2524 1073 2572 sumus,
1103 2519 1156 2561 et
1190 2508 1243 2560 in
1287 2507 1497 2560 mortali
1531 2508 1632 2560 hac
1674 2522 1766 2559 ora
1808 2522 2113 2570 versamur,

543 2599 721 2667 quoad
753 2607 1035 2652 cantemus
1064 2618 1076 2652 :
1111 2598 1259 2650 Educ
1295 2599 1356 2650 de
1387 2599 1624 2650 custodia
1651 2598 1887 2650 animam
1922 2613 2112 2659 meam,

544 2691 613 2742 ad
646 2688 992 2756 conﬁtendum
1025 2689 1220 2741 nomini
1266 2699 1352 2740 tuo
1379 2688 1448 2752 δ’,
1477 2704 1538 2741 ex
1573 2687 1806 2741 incolatu
1846 2688 1913 2741 ad
1952 2688 2117 2741 liber-

544 2793 711 2836 tatem
749 2790 1114 2835 transeuntes.
1165 2779 1342 2844 Quare
1373 2795 1443 2834 ne
1501 2779 1554 2832 in
1600 2779 1849 2833 exsilium
1897 2780 2117 2848 quidem

545 2890 703 2944 agere
736 2873 983 2926 homines
1020 2882 1245 2942 possunt
1276 2887 1607 2942 congeneres
1639 2887 1786 2936 suos,
1815 2872 1858 2925 si
1900 2874 2118 2942 proprie

544 2965 872 3033 loquendum
918 2973 1022 3024 est,
1059 2979 1182 3017 cum
1223 2963 1442 3032 ipsimet
1471 2971 1714 3016 extorres
1754 2963 1881 3017 sint.
1917 2960 2120 3016 Omnes

545 3059 813 3126 siquidem
844 3057 1067 3110 advenae
1108 3066 1162 3109 ct
1209 3055 1477 3125 peregrini
1532 3055 1784 3124 descripti
1820 3070 2030 3109 sumus.
2061 3054 2118 3109 Si

544 3148 674 3219 quid
706 3145 1020 3215 huiusmodi
1059 3145 1154 3199 tibi
1193 3145 1495 3200 remedium
1525 3155 1607 3199 est
1646 3145 1712 3198 ad
1749 3146 2022 3208 solatium,
2073 3146 2114 3200 si
2144 3183 2186 3240 Ο

546 3239 938 3294 consolationis
970 3237 1402 3300 incitamentum,
1452 3238 1711 3306 petimus,
1748 3239 2117 3300 obsecramus,

548 3339 608 3384 ut
628 3346 746 3399 quae
776 3329 1114 3388 acciderunt.
1140 3343 1335 3398 magno
1361 3328 1503 3382 feras
1536 3328 1739 3392 animo,
1770 3340 1824 3382 et
1851 3343 1975 3384 cum
2003 3343 2125 3398 gra-

551 3417 746 3471 tiarum
778 3417 992 3471 actione
1038 3416 1211 3470 tristia
1245 3435 1256 3469 :
1287 3417 1429 3486 quod
1465 3417 1682 3486 quidem
1720 3417 1813 3472 tibi
1857 3433 1966 3471 non
2025 3416 2122 3471 de-

549 3509 717 3564 fuisse
751 3508 1074 3563 confidimus
1108 3526 1120 3561 :
1149 3509 1240 3578 qui
1293 3511 1439 3564 enim
1492 3510 1647 3563 aliter
1696 3524 1991 3563 arumnam
2040 3511 2123 3562 in-

547 3612 833 3673 gruentem
869 3603 1249 3672 perferemus?
1277 3603 1498 3657 Accedit
1528 3603 1672 3671 quod
1700 3618 1954 3673 magnum
1994 3604 2125 3658 inde

549 3697 760 3749 lucrum
791 3695 1225 3764 rcportabimus;
1254 3710 1350 3765 per
1380 3694 1777 3759 infelicitatem,
1809 3696 2123 3749 felicitatem

549 3786 845 3854 majorem;
879 3799 975 3853 per
997 3794 1389 3853 paupertatem,
1411 3784 1627 3839 divitias
1657 3799 1763 3836 non
1797 3792 2120 3852 pereuntes;

548 3892 647 3946 per
685 3875 985 3938 infamiam,
1020 3875 1244 3945 gloriam
1292 3876 1668 3929 immortalem.
1718 3873 1861 3939 Quin
1916 3883 1971 3926 et
2019 3872 2122 3942 ipsi

551 3968 782 4022 fortasse
822 3965 1120 4036 principes,
1155 3966 1228 4035 pii
1256 3965 1611 4036 imperatores
1631 3965 1820 4030 nostri,
1847 3965 2123 4019 adducen-

550 4073 639 4115 tur
674 4060 920 4120 tandem,
941 4069 1000 4113 ut
1042 4068 1092 4112 te
1122 4059 1341 4113 domum
1373 4070 1649 4122 revocent,
1680 4067 1734 4111 et
1761 4057 1856 4110 tibi
1888 4071 2124 4126 congrua

549 4154 861 4207 restituant.
899 4152 1157 4205 Novimus
1189 4152 1335 4205 enim
1367 4151 1578 4204 illorum
1617 4151 2036 4214 humanitatem,
2071 4157 2126 4202 et

547 4261 711 4316 quam
749 4244 927 4307 facile,
968 4244 1025 4298 in
1053 4243 1169 4297 istis
1198 4243 1495 4312 praesertim
1536 4243 1716 4309 rebus,
1751 4242 1967 4296 meliora
1992 4260 2125 4297 con-

549 4341 668 4394 silia
710 4338 946 4406 capiant.
988 4337 1200 4390 Interea
1232 4345 1412 4390 autem
1442 4334 1572 4389 dum
1616 4345 1845 4405 perstas,
1876 4335 2126 4389 console-

550 4443 639 4487 tur
672 4442 723 4486 te
751 4431 1014 4485 Dominus
1047 4430 1190 4483 Deus
1219 4428 1586 4483 consolatione
1605 4428 1876 4499 patientia:
1893 4439 1946 4482 et
1967 4429 2128 4482 actio-

2219 1951 2425 2022 μεταξύ
2453 1953 2629 2023 χρόνῳ
2671 1952 2772 2023 τῆς
2813 1953 3122 2022 ἀπαγωγῆς
3156 1954 3512 2024 πέπρακται,
3545 1953 3657 2006 τῶν
3689 1953 3787 2023 μὲν

2215 2045 2719 2112 ἀποπεπτωκότων,
2749 2046 2860 2098 τῶν
2899 2046 2954 2098 δὲ
2997 2045 3391 2113 ἀννψωθέντων
3416 2085 3430 2108 ,
3461 2045 3638 2098 ἄλλων
3699 2063 3790 2098 τε-

2217 2135 2520 2205 θνη³κότων,
2565 2135 2767 2207 ἐτέρων
2793 2136 3280 2206 εὐπραγησάντων,
3308 2134 3480 2189 ἀλλων
3515 2137 3789 2206 δυστυχη-

2217 2228 2450 2280 σάντων.
2479 2227 2588 2280 Καὶ
2627 2225 2857 2296 οὐδεμία
2892 2227 3078 2287 στάσις
3113 2227 3170 2278 ὲν
3201 2226 3278 2296 τῷ
3321 2227 3544 2297 ἀστάτῳ
3570 2227 3666 2279 καὶ
3697 2227 3788 2278 εὐ-

2215 2321 2418 2388 κινήτῳ
2479 2319 2663 2389 δρόμῳ
2721 2317 2815 2371 τοῦ
2868 2318 2984 2387 βίον
3037 2319 3217 2388 ἡμῶν.
3261 2319 3468 2371 Ἐκεϊνό
3516 2337 3576 2372 τε
3630 2321 3792 2375 πάλιν

2216 2413 2419 2484 ἀληθὲς
2471 2415 2660 2479 ὃν,ὅτι
2698 2415 2896 2477 πάντες
2948 2413 3225 2484 ἄνθρωποι
3278 2418 3337 2468 ὲν
3382 2413 3569 2485 ὲξορίερ⁵
3595 2416 3789 2485 ἐσμὲν,

2220 2504 2361 2556 κατά
2409 2506 2469 2557 τὸ
2505 2505 2891 2574 ἀποικισθῆναι
2922 2507 3071 2576 ἡμᾶς
3099 2507 3188 2559 διὰ
3221 2506 3314 2559 τοῦ
3363 2508 3792 2575 πρωτοπλάστου

2217 2598 2282 2647 ὲκ
2340 2595 2436 2648 τοῦ
2491 2595 2844 2666 παραδείσου,
2878 2597 2953 2659 ὡς
3000 2600 3028 2651 ό
3082 2598 3258 2666 λόγος,
3290 2597 3384 2650 καὶ
3441 2601 3523 2662 είς
3578 2601 3699 2653 τόδε
3733 2603 3794 2653 τὸ

2219 2686 2594 2758 θανατηφόρον
2637 2689 2836 2760 χωρίον
2891 2688 3287 2754 ἐναυλίζεσθαι,
3317 2689 3420 2752 ἕως
3443 2689 3509 2743 ἂν
3539 2691 3622 2753 τὸ,
3665 2694 3796 2755 Ἐξ·

2219 2777 2404 2846 άγατε
2436 2780 2504 2832 ἐκ
2540 2780 2821 2848 φυλακῆς
2846 2779 2960 2846 τὴν
2987 2779 3199 2848 ψυχήν
3218 2796 3358 2847 μου,
3380 2781 3489 2835 τοῦ
3509 2781 3796 2850 ἐξομολο-

2221 2867 2524 2935 γήσασθαι
2554 2867 2633 2920 τῶ
2663 2870 2908 2937 ὀνοματί
2942 2883 3077 2932 σου,
3136 2869 3373 2939 ᾄδωμεν,
3430 2872 3796 2940 μεταϐαίνον-

2219 2975 2310 3018 τες
2338 2960 2402 3011 ὲκ
2442 2961 2735 3029 παροικίας
2778 2962 2858 3021 εἰς
2904 2959 3238 3030 ἐλευθερίαν.
3265 2962 3428 3014 ’Ὥστε
3462 2964 3585 3015 οὐδὲ
3617 2963 3797 3032 ἐξορί-

2222 3052 2334 3114 ζειν
2383 3051 2616 3104 δύναιντ’
2649 3051 2714 3110 ἂν
2769 3051 3048 3122 ἄνθρωποι
3110 3053 3238 3115 τοὺς
3290 3057 3567 3124 ὁμογενεῖς
3598 3095 3613 3118 ,
3654 3060 3796 3108 κατά

2221 3144 2282 3194 τὸ
2308 3143 2531 3213 ἀκριϐὲς
2560 3142 2651 3196 τοῦ
2681 3143 2861 3211 λόγον,
2883 3145 3146 3216 ὲξόριστοι
3195 3147 3347 3209 ὅντες
3375 3147 3591 3200 καύτοί.
3641 3149 3797 3202 Ἐπεὶ

2225 3236 2422 3297 πάντες
2450 3237 2705 3305 πάροικοι
2733 3239 2827 3289 καὶ
2862 3239 3234 3308 παρεπίδημοι
3268 3241 3793 3310 περιγεγραμμεθα.

2225 3326 2292 3377 Et
2327 3343 2380 3378 τι
2417 3327 2662 3380 τοιοῦτον
2692 3329 2985 3399 φάρμακόν
3025 3346 3110 3381 σοι
3142 3329 3490 3400 παρηγορίας
3535 3333 3796 3402 παραμύο

2225 3417 2340 3471 θιον
2374 3419 2773 3490 παρακλήσεως
2799 3437 2813 3450 ο
2848 3419 3129 3490 αἰτοῦμεν,
3155 3419 3570 3491 ἀντιϐολοῦμεν,
3602 3426 3684 3486 εἰς
3739 3425 3798 3476 τὸ

2224 3513 2470 3577 ἐνεγκεῖν
2499 3511 2867 3582 μακροθύμως
2903 3511 2970 3564 τὰ
3006 3511 3312 3580 συμϐάντα,
3349 3513 3698 3583 εὐχαρίστως
3729 3519 3798 3570 τὰ

2224 3603 2486 3672 λυπηρά·
2550 3605 2685 3671 ὅπερ
2757 3601 3105 3672 πεπείσμεθα
3169 3603 3460 3673 ἐσχηκέναι
3520 3622 3598 3658 σε.
3642 3607 3798 3661 Ἐπεὶ

2226 3693 2390 3745 πόθεν
2415 3693 2638 3747 ἄλλοθεν
2671 3691 2891 3761 οἴσομεν
2931 3692 3030 3761 τὴν
3061 3694 3357 3764 ὲπιφοράν;
3384 3691 3524 3747 Εἶτα
3554 3697 3636 3748 ὅτι
3663 3701 3796 3750 κάν-

2223 3783 2416 3837 τεῦθεν
2453 3784 2522 3837 τὰ
2583 3782 2795 3852 μεγάλα
2845 3783 3252 3852 κερδανοῦμεν,
3283 3784 3348 3837 δι’
3377 3787 3655 3856 ἀπραξίας
3708 3792 3799 3843 εὑ-

2225 3873 2462 3942 πραξίαν
2509 3872 2604 3943 τὴν
2660 3873 2899 3942 μείζονα,
2939 3872 3026 3926 διὰ
3059 3875 3252 3936 πενίας
3277 3874 3503 3930 πλοῦτον
3528 3878 3622 3930 τὸν
3657 3881 3797 3949 ἀμεο

2224 3969 2526 4030 τάπτωτον,
2557 3966 2624 4018 δι’
2647 3965 2858 4032 ἀδοξίας
2884 3965 3040 4031 δόξαν
3063 3966 3159 4034 τὴν
3195 3968 3489 4038 ἀκήρατον.
3522 3971 3632 4024 Καὶ
3656 3975 3797 4043 τάχα

2225 4058 2741 4129 παρακληθήσονται
2775 4058 2867 4110 καὶ
2896 4059 3050 4111 αὐτοὶ
3099 4059 3147 4111 οἱ
3187 4060 3518 4131 κρατοῦντες
3546 4065 3799 4129 εὐσεϐεῖς

2227 4149 2380 4220 ἡμῶν
2410 4149 2646 4218 βασιλεῖς
2669 4149 2766 4218 ὀψέ
2793 4166 2922 4202 ποτε
2951 4150 3322 4220 ἐπαναγαγεῖν
3351 4169 3409 4206 σε
3431 4155 3508 4217 είς
3539 4155 3608 4207 τὰ
3630 4157 3795 4223 οἴκοι,

2226 4246 2320 4296 καὶ
2351 4243 2641 4296 ἀποδοῦναι
2665 4243 2735 4296 τὰ
2767 4243 2976 4297 δέοντα.
3014 4244 3202 4312 Ἶσμεν
3234 4244 3342 4315 γὰρ
3375 4247 3553 4299 αὐτῶν
3582 4249 3644 4301 τὸ
3676 4254 3800 4319 φιλ.

2227 4335 2518 4405 ἀνθρωπον
2553 4335 2648 4388 καὶ
2671 4335 3068 4404 εὐμετάμελον,
3100 4328 3250 4405 ᾧπερ
3285 4337 3583 4407 κιχρῶνται
3617 4345 3798 4410 μεγά-

2227 4428 2332 4492 λως
2364 4429 2455 4480 ἐπὶ
2483 4430 2596 4491 τοῖς
2626 4429 2910 4490 τοιούτοις.
2933 4427 3080 4490 Ἕως
3110 4429 3152 4481 δ’
3186 4429 3251 4482 ἂν
3283 4429 3584 4498 ὲπιμένοις,
3612 4452 3798 4507 παρα-

548 4526 635 4578 nis
669 4524 986 4595 gratiarum.
1024 4519 1132 4574 Sed
1166 4531 1221 4574 et
1254 4521 1589 4590 principibus
1629 4521 1760 4590 ipsis
1779 4520 2115 4589 persuadeat,

2228 4521 2455 4574 καλέσαι
2485 4537 2542 4572 σε
2575 4519 2781 4589 Κύριος
2812 4521 2840 4571 ό
2867 4518 2998 4580 Θεὸς
3032 4520 3380 4590 παρακλήσει
3410 4522 3797 4600 ὐπομονητικῇ

549 4626 608 4669 ιιι
638 4631 761 4685 erga
793 4625 846 4668 te
875 4614 1234 4682 faciantquod
1264 4613 1424 4666 modo
1444 4613 1648 4666 dictum
1678 4621 1778 4676 est,
1812 4621 1865 4664 et
1889 4620 1941 4664 te
1967 4621 2118 4681 opta-

551 4709 816 4763 tissimum
855 4707 922 4760 iis
961 4707 1253 4760 restituant
1285 4707 1376 4774 qui
1406 4715 1456 4759 te
1489 4705 1744 4773 diligunt.

873 4922 1011 4980 Xlll.
1045 4953 1115 4963 —
1147 4923 1221 4976 De
1251 4940 1375 4975 cura
1407 4921 1802 4989 insepultorum.

620 5060 888 5126 Quoniam
911 5060 1074 5114 homo
1097 5060 1163 5112 ad
1182 5059 1468 5129 imaginem
1487 5057 1578 5111 Dei
1598 5057 2120 5124 similitudinemque

549 5164 763 5206 creatus
793 5161 896 5215 est,
927 5168 1148 5206 necesse
1179 5161 1262 5205 est
1293 5151 1527 5204 humana
1559 5158 1770 5214 natura,
1802 5149 1975 5219 quoad
2005 5147 2118 5201 ﬁeri

550 5254 749 5314 potest,
786 5245 1060 5312 archetypi
1113 5243 1440 5296 lineamenta
1470 5281 1484 5304 ,
1514 5251 1764 5310 tanquam
1799 5243 2006 5312 imago,
2068 5241 2120 5292 in

552 5337 728 5405 seipsa
757 5344 927 5406 gerat.
968 5336 1102 5388 Cum
1143 5350 1269 5404 ergo
1313 5335 1453 5387 Deus
1499 5335 1754 5388 bonitatis
1788 5349 1898 5388 sua:
1943 5333 2124 5402 provi-

551 5429 787 5481 dentiam
819 5427 870 5479 in
905 5430 1084 5480 omnia
1115 5427 1404 5488 diffundat,
1435 5442 1648 5495 aequum
1689 5427 1850 5480 fuerit
1876 5426 2123 5480 homines

552 5519 930 5573 inenarrabilis
961 5519 1240 5588 sapientiae
1288 5519 1561 5587 providam
1598 5518 2119 5573 administrationem

551 5627 650 5679 pro
675 5611 876 5665 viribus
904 5610 1121 5664 imitari.
1152 5611 1305 5664 Unde
1335 5620 1388 5665 ct
1418 5627 1518 5665 nos
1545 5611 1774 5664 humiles
1801 5626 1862 5665 ac
1889 5611 2120 5675 minimi,

626 5791 740 5823 ”"'°
767 5789 911 5844 Psal.
943 5806 1155 5850 cxxxvt.
1196 5790 1241 5843 l.

2227 4615 2321 4666 καὶ
2351 4612 2757 4680 εὐχαριστηρίῳ
2781 4627 2795 4641 ·
2820 4611 2956 4664 ἀλλά
2986 4611 3080 4664 καὶ
3131 4612 3372 4665 πείσειεν
3414 4615 3614 4679 αὐτοὺς
3667 4623 3802 4686 τούς

2225 4704 2565 4774 κρατοῦντας
2591 4704 2652 4756 τὸ
2686 4703 3086 4774 προειρημένον
3118 4707 3250 4775 ἡμῖν
3294 4705 3498 4775 πρᾶξαι
3563 4712 3658 4762 ἐπὶ
3693 4718 3800 4776 σοὶ,

2227 4797 2323 4848 καὶ
2356 4793 2647 4849 ἀποδοῦναί
2689 4811 2749 4846 σε
2771 4794 2861 4847 τὸν
2888 4794 3263 4866 περιπόθητον
3300 4799 3410 4860 τοῖς
3441 4799 3656 4867 φιλοῦσί
3716 4822 3801 4861 σε.

2231 4930 2324 4983 ll".
2369 4927 2544 4991 -Είς
2576 4926 2688 4994 τὴν
2711 4925 3022 4980 διακονίαν
3048 4925 3167 4980 τῶν
3188 4927 3601 4995 ἁπρονοήτων.
3644 4933 3804 5008 [κθα]

2301 5063 2421 5114 Ὅτι
2475 5059 2594 5112 κατ’
2637 5059 2823 5111 είκὸνα
2871 5059 3004 5111 Θεοῦ
3041 5060 3134 5112 καὶ
3165 5059 3425 5129 ὁμοίωσιν
3453 5063 3482 5114 ό
3509 5064 3804 5134 ἄνθρωπος

2229 5155 2516 5216 ἔκτισται,
2556 5154 2856 5221 ἀναγκαῖον
2894 5155 2958 5221 τῇ
2994 5152 3310 5222 ἀνθρωπίνῃ
3347 5153 3528 5221 φύσει,
3563 5157 3803 5214 καθόσον

2227 5245 2466 5314 ἐφικτὸν,
2501 5244 2576 5305 ὼς
2625 5245 2799 5298 εἰκόνι
2841 5244 2910 5295 τὰ
2939 5243 3030 5296 τοῦ
3058 5246 3368 5314 ἀρχετύπου
3401 5249 3703 5317 μιμήματα
3741 5255 3802 5304 ἐν

2225 5339 2392 5406 ἑαυτῇ
2453 5336 2790 5407 περιφέρειν.
2832 5336 2984 5388 Ἐπεὶ
3040 5336 3133 5389 οὖν
3198 5337 3260 5390 τὸ
3309 5339 3462 5391 Θείον
3492 5343 3585 5392 ἐπὶ
3618 5343 3802 5396 πάντα

2223 5430 2398 5500 διήκει
2432 5428 2530 5498 τὴν
2553 5429 2650 5496 τῆς
2675 5427 2880 5491 οἰκείας
2906 5428 3242 5497 ἀγαθότητος
3276 5430 3555 5496 πρόνοιαν,
3585 5432 3800 5486 δίκαιον

2225 5524 2288 5575 ἂν
2318 5522 2401 5591 εἴη
2443 5521 2796 5591 ὲκμιμεῖσθαι
2826 5521 2884 5573 τὸ
2915 5521 3253 5592 ἀνθρώπινον
3280 5522 3378 5592 τὴν
3415 5523 3517 5593 τῆς
3547 5527 3797 5597 ἀρῤήτου

2227 5614 2418 5682 σοφίας
2464 5613 2825 5684 προνοητικὴν
2855 5653 2868 5672 ,
2893 5613 2967 5677 ὡς
3013 5613 3235 5665 δυνατὸν
3261 5655 3274 5680 ,
3307 5613 3597 5684 διοίκησιν.
3631 5617 3799 5673 Ὅθεν

1323 5789 1361 5820 ⁸¹
1401 5789 1500 5843 Job
1539 5806 1632 5850 vn,
1662 5791 1708 5843 8.
1790 5790 1830 5819 “
1866 5787 2006 5842 Psal.
2038 5801 2178 5852 CXLI,
2224 5788 2273 5840 8.
