  <div class='ocr_page' id='page_1' title='image "/cluster/home/n/w/nwhite01/storage/ocr_20150623/99/ien.35556001661347/486.png"; bbox 0 0 3914 6478; ppageno 0'>
   <div class='ocr_carea' id='block_1_1' title="bbox 187 423 292 486">
    <p class='ocr_par' dir='ltr' id='par_1_1' title="bbox 187 423 292 486">
     <span class='ocr_line' id='line_1_1' title="bbox 187 423 292 486; baseline -0.01 0"><span class='ocrx_word' id='word_1_1' title='bbox 187 423 292 486; x_wconf 77' lang='grc'><strong>953</strong></span> 
     </span>
    </p>
   </div>
   <div class='ocr_carea' id='block_1_2' title="bbox 1413 416 2211 479">
    <p class='ocr_par' dir='ltr' id='par_1_2' title="bbox 1413 416 2211 479">
     <span class='ocr_line' id='line_1_2' title="bbox 1413 416 2211 479; baseline -0.003 0"><span class='ocrx_word' id='word_1_2' title='bbox 1413 416 1949 479; x_wconf 82' lang='lat' dir='ltr'><strong>EPISTOI.ARUM</strong></span> <span class='ocrx_word' id='word_1_3' title='bbox 1980 418 2127 478; x_wconf 86' lang='lat' dir='ltr'><strong>LIB.</strong></span> <span class='ocrx_word' id='word_1_4' title='bbox 2160 417 2211 477; x_wconf 95' lang='grc' dir='ltr'><strong>Ῑ.</strong></span> 
     </span>
    </p>
   </div>
   <div class='ocr_carea' id='block_1_3' title="bbox 3324 416 3431 481">
    <p class='ocr_par' dir='ltr' id='par_1_3' title="bbox 3324 416 3431 481">
     <span class='ocr_line' id='line_1_3' title="bbox 3324 416 3431 481; baseline -0.037 0"><span class='ocrx_word' id='word_1_5' title='bbox 3324 416 3431 481; x_wconf 63' lang='grc'><strong>954</strong></span> 
     </span>
    </p>
   </div>
   <div class='ocr_carea' id='block_1_4' title="bbox 189 526 1759 601">
    <p class='ocr_par' dir='ltr' id='par_1_4' title="bbox 189 527 1759 601">
     <span class='ocr_line' id='line_1_4' title="bbox 189 527 1759 601; baseline -0.006 -14"><span class='ocrx_word' id='word_1_6' title='bbox 189 536 282 587; x_wconf 73' lang='grc' dir='ltr'>καὶ</span> <span class='ocrx_word' id='word_1_7' title='bbox 307 532 474 601; x_wconf 64' lang='grc' dir='ltr'>ἡμεῖς</span> <span class='ocrx_word' id='word_1_8' title='bbox 496 528 546 581; x_wconf 78' lang='lat'><strong>0!</strong></span> <span class='ocrx_word' id='word_1_9' title='bbox 579 531 825 583; x_wconf 73' lang='grc' dir='ltr'>ταπεινοὶ</span> <span class='ocrx_word' id='word_1_10' title='bbox 865 530 959 584; x_wconf 76' lang='grc' dir='ltr'>καὶ</span> <span class='ocrx_word' id='word_1_11' title='bbox 989 529 1282 600; x_wconf 80' lang='grc' dir='ltr'>ἐλάχιστοι,</span> <span class='ocrx_word' id='word_1_12' title='bbox 1311 529 1558 592; x_wconf 77' lang='grc' dir='ltr'>εὐλαϐῶς</span> <span class='ocrx_word' id='word_1_13' title='bbox 1589 530 1669 590; x_wconf 85' lang='grc' dir='ltr'><strong>είς</strong></span> <span class='ocrx_word' id='word_1_14' title='bbox 1700 527 1759 579; x_wconf 81' lang='grc' dir='ltr'><strong>τὸ</strong></span> 
     </span>
    </p>
   </div>
   <div class='ocr_carea' id='block_1_5' title="bbox 1861 526 3431 601">
    <p class='ocr_par' dir='ltr' id='par_1_5' title="bbox 1868 526 3431 600">
     <span class='ocr_line' id='line_1_5' title="bbox 1868 526 3431 600; baseline 0.001 -21"><span class='ocrx_word' id='word_1_15' title='bbox 1868 526 2036 580; x_wconf 86' lang='lat' dir='ltr'><strong>Deum</strong></span> <span class='ocrx_word' id='word_1_16' title='bbox 2067 533 2380 581; x_wconf 74' lang='lat' dir='ltr'><strong>reverenter</strong></span> <span class='ocrx_word' id='word_1_17' title='bbox 2418 526 2714 588; x_wconf 85' lang='lat' dir='ltr'><strong>intuentes.</strong></span> <span class='ocrx_word' id='word_1_18' title='bbox 2751 526 3150 596; x_wconf 87' lang='lat' dir='ltr'><strong>charitatisque</strong></span> <span class='ocrx_word' id='word_1_19' title='bbox 3185 544 3310 600; x_wconf 82' lang='lat' dir='ltr'><strong>erga</strong></span> <span class='ocrx_word' id='word_1_20' title='bbox 3340 547 3431 586; x_wconf 79' lang='lat' dir='ltr'><strong>Cu-</strong></span> 
     </span>
    </p>
   </div>
   <div class='ocr_carea' id='block_1_6' title="bbox 186 621 1763 691">
    <p class='ocr_par' dir='ltr' id='par_1_6' title="bbox 186 621 1763 691">
     <span class='ocr_line' id='line_1_6' title="bbox 186 621 1763 691; baseline -0.006 -11"><span class='ocrx_word' id='word_1_21' title='bbox 186 630 342 680; x_wconf 76' lang='grc' dir='ltr'>Θεῖον</span> <span class='ocrx_word' id='word_1_22' title='bbox 368 621 677 685; x_wconf 82' lang='grc' dir='ltr'>ἀπιδόντες,</span> <span class='ocrx_word' id='word_1_23' title='bbox 700 622 790 674; x_wconf 69' lang='grc' dir='ltr'><strong>καὶ</strong></span> <span class='ocrx_word' id='word_1_24' title='bbox 815 623 954 691; x_wconf 75' lang='grc' dir='ltr'>πρὸς</span> <span class='ocrx_word' id='word_1_25' title='bbox 981 621 1042 673; x_wconf 84' lang='grc' dir='ltr'><strong>τὸ</strong></span> <span class='ocrx_word' id='word_1_26' title='bbox 1068 621 1334 690; x_wconf 83' lang='grc' dir='ltr'><strong>ὁμόφυλον</strong></span> <span class='ocrx_word' id='word_1_27' title='bbox 1362 621 1460 691; x_wconf 79' lang='grc' dir='ltr'><strong>τὴν</strong></span> <span class='ocrx_word' id='word_1_28' title='bbox 1489 623 1763 690; x_wconf 88' lang='grc' dir='ltr'>ἀγαπητι-</span> 
     </span>
    </p>
   </div>
   <div class='ocr_carea' id='block_1_7' title="bbox 187 710 1762 789">
    <p class='ocr_par' dir='ltr' id='par_1_7' title="bbox 187 710 1762 789">
     <span class='ocr_line' id='line_1_7' title="bbox 187 710 1762 789; baseline -0.006 -18"><span class='ocrx_word' id='word_1_29' title='bbox 187 720 287 789; x_wconf 81' lang='grc' dir='ltr'>κὴν</span> <span class='ocrx_word' id='word_1_30' title='bbox 337 711 582 770; x_wconf 77' lang='grc' dir='ltr'>διάθεσιν</span> <span class='ocrx_word' id='word_1_31' title='bbox 645 712 1023 774; x_wconf 77' lang='grc' dir='ltr'>ἀναλαϐόντες,</span> <span class='ocrx_word' id='word_1_32' title='bbox 1047 710 1372 781; x_wconf 85' lang='grc' dir='ltr'>καθήκαμεν</span> <span class='ocrx_word' id='word_1_33' title='bbox 1418 713 1640 773; x_wconf 81' lang='grc' dir='ltr'>ἑαυτοὺς</span> <span class='ocrx_word' id='word_1_34' title='bbox 1683 712 1762 770; x_wconf 79' lang='grc' dir='ltr'><strong>εἰς</strong></span> 
     </span>
    </p>
   </div>
   <div class='ocr_carea' id='block_1_8' title="bbox 185 803 1760 875">
    <p class='ocr_par' dir='ltr' id='par_1_8' title="bbox 185 803 1760 875">
     <span class='ocr_line' id='line_1_8' title="bbox 185 803 1760 875; baseline -0.006 -12"><span class='ocrx_word' id='word_1_35' title='bbox 185 811 305 863; x_wconf 82' lang='grc' dir='ltr'>τόδε</span> <span class='ocrx_word' id='word_1_36' title='bbox 351 809 414 861; x_wconf 72' lang='grc' dir='ltr'><strong>τὸ</strong></span> <span class='ocrx_word' id='word_1_37' title='bbox 458 806 657 868; x_wconf 79' lang='grc' dir='ltr'>ἀσεϐὲς</span> <span class='ocrx_word' id='word_1_38' title='bbox 689 805 965 875; x_wconf 78' lang='grc' dir='ltr'><strong>σύστημα,</strong></span> <span class='ocrx_word' id='word_1_39' title='bbox 997 803 1181 866; x_wconf 89' lang='grc' dir='ltr'>καθὼς</span> <span class='ocrx_word' id='word_1_40' title='bbox 1213 803 1597 866; x_wconf 72' lang='grc' dir='ltr'><strong>ὑποτέτακται,</strong></span> <span class='ocrx_word' id='word_1_41' title='bbox 1625 803 1760 872; x_wconf 88' lang='grc' dir='ltr'>πρό-</span> 
     </span>
    </p>
   </div>
   <div class='ocr_carea' id='block_1_9' title="bbox 186 895 1760 968">
    <p class='ocr_par' dir='ltr' id='par_1_9' title="bbox 186 895 1760 968">
     <span class='ocr_line' id='line_1_9' title="bbox 186 895 1760 968; baseline -0.004 -14"><span class='ocrx_word' id='word_1_42' title='bbox 186 919 339 956; x_wconf 89' lang='grc' dir='ltr'>νοιαν</span> <span class='ocrx_word' id='word_1_43' title='bbox 393 898 712 968; x_wconf 73' lang='grc' dir='ltr'><strong>ποιούμενοι</strong></span> <span class='ocrx_word' id='word_1_44' title='bbox 772 898 881 950; x_wconf 88' lang='grc' dir='ltr'><strong>τῶν</strong></span> <span class='ocrx_word' id='word_1_45' title='bbox 938 899 1296 965; x_wconf 83' lang='grc' dir='ltr'>ἀπρονοήτων</span> <span class='ocrx_word' id='word_1_46' title='bbox 1361 895 1760 967; x_wconf 81' lang='grc' dir='ltr'><strong>σκηνωμάτων,</strong></span> 
     </span>
    </p>
   </div>
   <div class='ocr_carea' id='block_1_10' title="bbox 189 985 1762 1060">
    <p class='ocr_par' dir='ltr' id='par_1_10' title="bbox 189 985 1762 1060">
     <span class='ocr_line' id='line_1_10' title="bbox 189 985 1762 1060; baseline -0.006 -13"><span class='ocrx_word' id='word_1_47' title='bbox 189 993 287 1048; x_wconf 76' lang='grc' dir='ltr'>εἴτ’</span> <span class='ocrx_word' id='word_1_48' title='bbox 313 989 408 1044; x_wconf 72' lang='grc' dir='ltr'><strong>οὖν</strong></span> <span class='ocrx_word' id='word_1_49' title='bbox 435 991 879 1060; x_wconf 83' lang='grc' dir='ltr'>νενεκρωμένων,</span> <span class='ocrx_word' id='word_1_50' title='bbox 914 989 1009 1042; x_wconf 76' lang='grc' dir='ltr'>καὶ</span> <span class='ocrx_word' id='word_1_51' title='bbox 1044 991 1109 1042; x_wconf 86' lang='grc' dir='ltr'><strong>ἐκ</strong></span> <span class='ocrx_word' id='word_1_52' title='bbox 1142 988 1383 1058; x_wconf 87' lang='grc' dir='ltr'>πενίαςῆ</span> <span class='ocrx_word' id='word_1_53' title='bbox 1404 990 1469 1041; x_wconf 87' lang='grc' dir='ltr'><strong>ἐκ</strong></span> <span class='ocrx_word' id='word_1_54' title='bbox 1498 985 1762 1054; x_wconf 79' lang='grc' dir='ltr'>ξενιτείας</span> 
     </span>
    </p>
   </div>
   <div class='ocr_carea' id='block_1_11' title="bbox 193 1077 1762 1154">
    <p class='ocr_par' dir='ltr' id='par_1_11' title="bbox 193 1077 1762 1154">
     <span class='ocr_line' id='line_1_11' title="bbox 193 1077 1762 1154; baseline -0.004 -18"><span class='ocrx_word' id='word_1_55' title='bbox 193 1086 269 1154; x_wconf 82' lang='grc' dir='ltr'>μὴ</span> <span class='ocrx_word' id='word_1_56' title='bbox 301 1083 534 1152; x_wconf 88' lang='grc' dir='ltr'>ἐχόντων</span> <span class='ocrx_word' id='word_1_57' title='bbox 580 1080 700 1142; x_wconf 86' lang='grc' dir='ltr'><strong>πῶς</strong></span> <span class='ocrx_word' id='word_1_58' title='bbox 738 1077 1129 1150; x_wconf 76' lang='grc' dir='ltr'><strong>ἐκκομίζεσθαι</strong></span> <span class='ocrx_word' id='word_1_59' title='bbox 1169 1081 1265 1133; x_wconf 76' lang='grc' dir='ltr'><strong>καὶ</strong></span> <span class='ocrx_word' id='word_1_60' title='bbox 1300 1077 1663 1132; x_wconf 70' lang='grc' dir='ltr'><strong>ἐνθάπτεσθαι</strong></span> <span class='ocrx_word' id='word_1_61' title='bbox 1706 1080 1762 1130; x_wconf 88' lang='grc' dir='ltr'><strong>ἐν</strong></span> 
     </span>
    </p>
   </div>
   <div class='ocr_carea' id='block_1_12' title="bbox 184 1169 1762 1247">
    <p class='ocr_par' dir='ltr' id='par_1_12' title="bbox 184 1169 1762 1247">
     <span class='ocr_line' id='line_1_12' title="bbox 184 1169 1762 1247; baseline -0.007 -16"><span class='ocrx_word' id='word_1_62' title='bbox 184 1178 366 1247; x_wconf 80' lang='grc' dir='ltr'>ταύτῃ</span> <span class='ocrx_word' id='word_1_63' title='bbox 396 1178 462 1244; x_wconf 77' lang='grc' dir='ltr'>τῇ</span> <span class='ocrx_word' id='word_1_64' title='bbox 493 1171 852 1244; x_wconf 80' lang='grc' dir='ltr'>βασιλευούσῃ</span> <span class='ocrx_word' id='word_1_65' title='bbox 880 1171 987 1222; x_wconf 88' lang='grc' dir='ltr'><strong>τῶν</strong></span> <span class='ocrx_word' id='word_1_66' title='bbox 1012 1172 1237 1224; x_wconf 83' lang='grc' dir='ltr'>πόλεων.</span> <span class='ocrx_word' id='word_1_67' title='bbox 1263 1169 1356 1240; x_wconf 82' lang='grc' dir='ltr'><strong>Τῷ</strong></span> <span class='ocrx_word' id='word_1_68' title='bbox 1379 1170 1559 1222; x_wconf 79' lang='grc' dir='ltr'>τοίνυν</span> <span class='ocrx_word' id='word_1_69' title='bbox 1589 1169 1762 1238; x_wconf 88' lang='grc' dir='ltr'>τούτῳ</span> 
     </span>
    </p>
   </div>
   <div class='ocr_carea' id='block_1_13' title="bbox 188 1258 1763 1335">
    <p class='ocr_par' dir='ltr' id='par_1_13' title="bbox 188 1258 1763 1335">
     <span class='ocr_line' id='line_1_13' title="bbox 188 1258 1763 1335; baseline -0.005 -17"><span class='ocrx_word' id='word_1_70' title='bbox 188 1266 320 1335; x_wconf 88' lang='grc' dir='ltr'>θείῳ</span> <span class='ocrx_word' id='word_1_71' title='bbox 366 1263 523 1330; x_wconf 87' lang='grc' dir='ltr'>τύπῳ</span> <span class='ocrx_word' id='word_1_72' title='bbox 570 1261 994 1330; x_wconf 81' lang='grc' dir='ltr'>ἐπερειδόμενοι,</span> <span class='ocrx_word' id='word_1_73' title='bbox 1030 1259 1246 1327; x_wconf 80' lang='grc' dir='ltr'>ἑκάστῳ</span> <span class='ocrx_word' id='word_1_74' title='bbox 1300 1275 1358 1311; x_wconf 90' lang='grc' dir='ltr'><strong>τε</strong></span> <span class='ocrx_word' id='word_1_75' title='bbox 1421 1258 1653 1328; x_wconf 80' lang='grc' dir='ltr'>ἐνιαυτῷ</span> <span class='ocrx_word' id='word_1_76' title='bbox 1699 1259 1763 1310; x_wconf 89' lang='grc' dir='ltr'><strong>ἐκ</strong></span> 
     </span>
    </p>
   </div>
   <div class='ocr_carea' id='block_1_14' title="bbox 186 1348 1761 1425">
    <p class='ocr_par' dir='ltr' id='par_1_14' title="bbox 186 1348 1761 1425">
     <span class='ocr_line' id='line_1_14' title="bbox 186 1348 1761 1425; baseline -0.004 -18"><span class='ocrx_word' id='word_1_77' title='bbox 186 1356 299 1407; x_wconf 87' lang='grc' dir='ltr'><strong>τῶν</strong></span> <span class='ocrx_word' id='word_1_78' title='bbox 351 1353 666 1425; x_wconf 85' lang='grc' dir='ltr'>προσόντων</span> <span class='ocrx_word' id='word_1_79' title='bbox 722 1350 874 1419; x_wconf 88' lang='grc' dir='ltr'><strong>παρά</strong></span> <span class='ocrx_word' id='word_1_80' title='bbox 934 1348 1072 1401; x_wconf 86' lang='grc' dir='ltr'>Θεοῦ</span> <span class='ocrx_word' id='word_1_81' title='bbox 1123 1349 1377 1420; x_wconf 83' lang='grc' dir='ltr'><strong>δωρεῶν,</strong></span> <span class='ocrx_word' id='word_1_82' title='bbox 1407 1352 1434 1404; x_wconf 89' lang='grc' dir='ltr'><strong>ό</strong></span> <span class='ocrx_word' id='word_1_83' title='bbox 1470 1349 1656 1412; x_wconf 75' lang='grc' dir='ltr'>καθεὶς</span> <span class='ocrx_word' id='word_1_84' title='bbox 1687 1349 1761 1412; x_wconf 85' lang='grc' dir='ltr'>ὡς</span> 
     </span>
    </p>
   </div>
   <div class='ocr_carea' id='block_1_15' title="bbox 188 1439 1762 1516">
    <p class='ocr_par' dir='ltr' id='par_1_15' title="bbox 188 1439 1762 1516">
     <span class='ocr_line' id='line_1_15' title="bbox 188 1439 1762 1516; baseline -0.005 -17"><span class='ocrx_word' id='word_1_85' title='bbox 188 1447 305 1516; x_wconf 78' lang='grc' dir='ltr'>ἔχει</span> <span class='ocrx_word' id='word_1_86' title='bbox 341 1444 647 1513; x_wconf 89' lang='grc' dir='ltr'>δυνάμεως,</span> <span class='ocrx_word' id='word_1_87' title='bbox 678 1439 986 1510; x_wconf 76' lang='grc' dir='ltr'>καταϐολὴν</span> <span class='ocrx_word' id='word_1_88' title='bbox 1024 1440 1341 1511; x_wconf 83' lang='grc' dir='ltr'>ποιούμενοι</span> <span class='ocrx_word' id='word_1_89' title='bbox 1370 1442 1503 1508; x_wconf 89' lang='grc' dir='ltr'>πρός</span> <span class='ocrx_word' id='word_1_90' title='bbox 1528 1457 1588 1493; x_wconf 91' lang='grc' dir='ltr'><strong>τε</strong></span> <span class='ocrx_word' id='word_1_91' title='bbox 1627 1440 1762 1506; x_wconf 79' lang='grc' dir='ltr'>ἀγο-</span> 
     </span>
    </p>
   </div>
   <div class='ocr_carea' id='block_1_16' title="bbox 193 1529 1761 1607">
    <p class='ocr_par' dir='ltr' id='par_1_16' title="bbox 193 1529 1761 1607">
     <span class='ocr_line' id='line_1_16' title="bbox 193 1529 1761 1607; baseline -0.006 -20"><span class='ocrx_word' id='word_1_92' title='bbox 193 1537 393 1607; x_wconf 87' lang='grc' dir='ltr'>ρασίαν</span> <span class='ocrx_word' id='word_1_93' title='bbox 419 1532 707 1599; x_wconf 87' lang='grc' dir='ltr'>ἐνταφίων,</span> <span class='ocrx_word' id='word_1_94' title='bbox 741 1533 837 1582; x_wconf 72' lang='grc' dir='ltr'>καὶ</span> <span class='ocrx_word' id='word_1_95' title='bbox 858 1530 926 1582; x_wconf 85' lang='grc' dir='ltr'>τὰ</span> <span class='ocrx_word' id='word_1_96' title='bbox 956 1529 1066 1582; x_wconf 91' lang='grc' dir='ltr'><strong>τῶν</strong></span> <span class='ocrx_word' id='word_1_97' title='bbox 1098 1531 1177 1592; x_wconf 83' lang='grc' dir='ltr'><strong>είς</strong></span> <span class='ocrx_word' id='word_1_98' title='bbox 1208 1529 1388 1600; x_wconf 83' lang='grc' dir='ltr'>ταφὴν</span> <span class='ocrx_word' id='word_1_99' title='bbox 1413 1529 1584 1582; x_wconf 82' lang='grc' dir='ltr'>ἀλλων</span> <span class='ocrx_word' id='word_1_100' title='bbox 1633 1545 1761 1579; x_wconf 86' lang='grc' dir='ltr'>συν-</span> 
     </span>
    </p>
   </div>
   <div class='ocr_carea' id='block_1_17' title="bbox 187 1618 1763 1692">
    <p class='ocr_par' dir='ltr' id='par_1_17' title="bbox 187 1618 1763 1692">
     <span class='ocr_line' id='line_1_17' title="bbox 187 1618 1763 1692; baseline -0.004 -14"><span class='ocrx_word' id='word_1_101' title='bbox 187 1625 475 1687; x_wconf 83' lang='grc' dir='ltr'>τελοῦντα,</span> <span class='ocrx_word' id='word_1_102' title='bbox 515 1622 822 1692; x_wconf 77' lang='grc' dir='ltr'>διορίζομεν</span> <span class='ocrx_word' id='word_1_103' title='bbox 845 1621 903 1672; x_wconf 86' lang='grc' dir='ltr'><strong>ἐν</strong></span> <span class='ocrx_word' id='word_1_104' title='bbox 928 1621 1118 1690; x_wconf 84' lang='grc' dir='ltr'>Κυρίῳ</span> <span class='ocrx_word' id='word_1_105' title='bbox 1142 1620 1289 1675; x_wconf 84' lang='grc' dir='ltr'>τάδε.</span> <span class='ocrx_word' id='word_1_106' title='bbox 1320 1618 1539 1672; x_wconf 89' lang='grc' dir='ltr'>Τούτων</span> <span class='ocrx_word' id='word_1_107' title='bbox 1565 1635 1763 1689; x_wconf 83' lang='grc' dir='ltr'>μηνυο-</span> 
     </span>
    </p>
   </div>
   <div class='ocr_carea' id='block_1_18' title="bbox 193 1712 1761 1786">
    <p class='ocr_par' dir='ltr' id='par_1_18' title="bbox 193 1712 1761 1786">
     <span class='ocr_line' id='line_1_18' title="bbox 193 1712 1761 1786; baseline -0.003 -17"><span class='ocrx_word' id='word_1_108' title='bbox 193 1717 370 1786; x_wconf 80' lang='grc' dir='ltr'>μένων</span> <span class='ocrx_word' id='word_1_109' title='bbox 401 1715 434 1784; x_wconf 80' lang='grc' dir='ltr'>ἢ</span> <span class='ocrx_word' id='word_1_110' title='bbox 463 1712 861 1784; x_wconf 82' lang='grc' dir='ltr'>θεωρουμένων</span> <span class='ocrx_word' id='word_1_111' title='bbox 889 1713 1031 1764; x_wconf 84' lang='grc' dir='ltr'>κατὰ</span> <span class='ocrx_word' id='word_1_112' title='bbox 1053 1713 1306 1782; x_wconf 87' lang='grc' dir='ltr'>περίοδον</span> <span class='ocrx_word' id='word_1_113' title='bbox 1341 1712 1475 1783; x_wconf 83' lang='grc' dir='ltr'>πρὸς</span> <span class='ocrx_word' id='word_1_114' title='bbox 1530 1714 1761 1766; x_wconf 78' lang='grc' dir='ltr'>ἑκάστου</span> 
     </span>
    </p>
   </div>
   <div class='ocr_carea' id='block_1_19' title="bbox 185 1804 1756 1875">
    <p class='ocr_par' dir='ltr' id='par_1_19' title="bbox 185 1804 1756 1875">
     <span class='ocr_line' id='line_1_19' title="bbox 185 1804 1756 1875; baseline -0.001 -16"><span class='ocrx_word' id='word_1_115' title='bbox 185 1807 295 1860; x_wconf 88' lang='grc' dir='ltr'><strong>τῶν</strong></span> <span class='ocrx_word' id='word_1_116' title='bbox 324 1804 758 1874; x_wconf 84' lang='grc' dir='ltr'>συνειλεγμένων</span> <span class='ocrx_word' id='word_1_117' title='bbox 794 1806 851 1856; x_wconf 86' lang='grc' dir='ltr'><strong>ἐν</strong></span> <span class='ocrx_word' id='word_1_118' title='bbox 877 1808 942 1874; x_wconf 83' lang='grc' dir='ltr'>τῇ</span> <span class='ocrx_word' id='word_1_119' title='bbox 974 1804 1301 1874; x_wconf 69' lang='grc' dir='ltr'>ἀδελφότητι</span> <span class='ocrx_word' id='word_1_120' title='bbox 1329 1804 1521 1875; x_wconf 83' lang='grc' dir='ltr'>νεκρὸν</span> <span class='ocrx_word' id='word_1_121' title='bbox 1548 1804 1756 1874; x_wconf 84' lang='grc' dir='ltr'>ἄνθρω-</span> 
     </span>
    </p>
   </div>
   <div class='ocr_carea' id='block_1_20' title="bbox 187 1893 1761 1966">
    <p class='ocr_par' dir='ltr' id='par_1_20' title="bbox 187 1893 1761 1966">
     <span class='ocr_line' id='line_1_20' title="bbox 187 1893 1761 1966; baseline -0.004 -16"><span class='ocrx_word' id='word_1_122' title='bbox 187 1917 309 1962; x_wconf 83' lang='grc' dir='ltr'>πον,</span> <span class='ocrx_word' id='word_1_123' title='bbox 344 1897 533 1950; x_wconf 82' lang='grc' dir='ltr'>τοῦτον</span> <span class='ocrx_word' id='word_1_124' title='bbox 573 1899 684 1958; x_wconf 90' lang='grc' dir='ltr'>τοῖς</span> <span class='ocrx_word' id='word_1_125' title='bbox 737 1895 1106 1966; x_wconf 83' lang='grc' dir='ltr'>προσήκουσιν</span> <span class='ocrx_word' id='word_1_126' title='bbox 1163 1893 1439 1963; x_wconf 74' lang='grc' dir='ltr'>ἐνταφίοις</span> <span class='ocrx_word' id='word_1_127' title='bbox 1476 1894 1761 1963; x_wconf 79' lang='grc' dir='ltr'>ἐκκομίζε-</span> 
     </span>
    </p>
   </div>
   <div class='ocr_carea' id='block_1_21' title="bbox 189 1985 1760 2054">
    <p class='ocr_par' dir='ltr' id='par_1_21' title="bbox 189 1985 1760 2054">
     <span class='ocr_line' id='line_1_21' title="bbox 189 1985 1760 2054; baseline -0.004 -12"><span class='ocrx_word' id='word_1_128' title='bbox 189 1989 354 2052; x_wconf 82' lang='grc' dir='ltr'>σθαι,</span> <span class='ocrx_word' id='word_1_129' title='bbox 412 1986 764 2041; x_wconf 86' lang='grc' dir='ltr'>ἀποτίθεσθαι</span> <span class='ocrx_word' id='word_1_130' title='bbox 817 1988 874 2038; x_wconf 87' lang='grc' dir='ltr'><strong>ἐν</strong></span> <span class='ocrx_word' id='word_1_131' title='bbox 924 1987 1046 2048; x_wconf 84' lang='grc' dir='ltr'>ταῖς</span> <span class='ocrx_word' id='word_1_132' title='bbox 1097 1985 1572 2054; x_wconf 87' lang='grc' dir='ltr'>ἁποτεταγμέναις</span> <span class='ocrx_word' id='word_1_133' title='bbox 1631 1985 1760 2054; x_wconf 91' lang='grc' dir='ltr'>ύμῖν</span> 
     </span>
    </p>
   </div>
   <div class='ocr_carea' id='block_1_22' title="bbox 185 2076 1762 2149">
    <p class='ocr_par' dir='ltr' id='par_1_22' title="bbox 185 2076 1762 2149">
     <span class='ocr_line' id='line_1_22' title="bbox 185 2076 1762 2149; baseline -0.002 -16"><span class='ocrx_word' id='word_1_134' title='bbox 185 2082 360 2142; x_wconf 84' lang='grc' dir='ltr'>ὁσίαις</span> <span class='ocrx_word' id='word_1_135' title='bbox 407 2079 624 2149; x_wconf 80' lang='grc' dir='ltr'>θήκαις.</span> <span class='ocrx_word' id='word_1_136' title='bbox 651 2079 762 2131; x_wconf 78' lang='grc' dir='ltr'><strong>Καὶ</strong></span> <span class='ocrx_word' id='word_1_137' title='bbox 798 2076 903 2147; x_wconf 83' lang='grc' dir='ltr'>μὴν</span> <span class='ocrx_word' id='word_1_138' title='bbox 934 2077 1020 2130; x_wconf 72' lang='grc' dir='ltr'>διὰ</span> <span class='ocrx_word' id='word_1_139' title='bbox 1062 2076 1157 2129; x_wconf 88' lang='grc' dir='ltr'><strong>τοῦ</strong></span> <span class='ocrx_word' id='word_1_140' title='bbox 1209 2077 1489 2141; x_wconf 85' lang='grc' dir='ltr'>ἐνιαυτοῦ,</span> <span class='ocrx_word' id='word_1_141' title='bbox 1526 2078 1671 2148; x_wconf 76' lang='grc' dir='ltr'>ἀρχῇ</span> <span class='ocrx_word' id='word_1_142' title='bbox 1700 2092 1762 2130; x_wconf 76' lang='grc' dir='ltr'>τι</span> 
     </span>
    </p>
   </div>
   <div class='ocr_carea' id='block_1_23' title="bbox 189 2169 1764 2240">
    <p class='ocr_par' dir='ltr' id='par_1_23' title="bbox 189 2169 1764 2240">
     <span class='ocr_line' id='line_1_23' title="bbox 189 2169 1764 2240; baseline -0.001 -16"><span class='ocrx_word' id='word_1_143' title='bbox 189 2173 444 2236; x_wconf 82' lang='grc' dir='ltr'>ίνδίκτου,</span> <span class='ocrx_word' id='word_1_144' title='bbox 497 2171 591 2223; x_wconf 75' lang='grc' dir='ltr'>καὶ</span> <span class='ocrx_word' id='word_1_145' title='bbox 640 2170 728 2221; x_wconf 78' lang='grc' dir='ltr'>διὰ</span> <span class='ocrx_word' id='word_1_146' title='bbox 758 2170 857 2238; x_wconf 85' lang='grc' dir='ltr'><strong>τῆς</strong></span> <span class='ocrx_word' id='word_1_147' title='bbox 889 2171 948 2221; x_wconf 86' lang='grc' dir='ltr'><strong>ἐν</strong></span> <span class='ocrx_word' id='word_1_148' title='bbox 991 2170 1058 2238; x_wconf 79' lang='grc' dir='ltr'>τῇ</span> <span class='ocrx_word' id='word_1_149' title='bbox 1118 2169 1464 2240; x_wconf 77' lang='grc' dir='ltr'>Πεντηκοστῇ</span> <span class='ocrx_word' id='word_1_150' title='bbox 1521 2169 1764 2238; x_wconf 88' lang='grc' dir='ltr'>πολυμε-</span> 
     </span>
    </p>
   </div>
   <div class='ocr_carea' id='block_1_24' title="bbox 187 2259 1763 2332">
    <p class='ocr_par' dir='ltr' id='par_1_24' title="bbox 187 2259 1763 2332">
     <span class='ocr_line' id='line_1_24' title="bbox 187 2259 1763 2332; baseline -0.001 -17"><span class='ocrx_word' id='word_1_151' title='bbox 187 2263 365 2332; x_wconf 80' lang='grc' dir='ltr'>ρείας,</span> <span class='ocrx_word' id='word_1_152' title='bbox 397 2261 666 2314; x_wconf 80' lang='grc' dir='ltr'>ἐπιτελεῖν</span> <span class='ocrx_word' id='word_1_153' title='bbox 695 2262 842 2329; x_wconf 79' lang='grc' dir='ltr'>ἡμᾶς</span> <span class='ocrx_word' id='word_1_154' title='bbox 870 2259 1071 2324; x_wconf 83' lang='grc' dir='ltr'>κοινῶς</span> <span class='ocrx_word' id='word_1_155' title='bbox 1090 2261 1157 2312; x_wconf 75' lang='grc' dir='ltr'>τὰ</span> <span class='ocrx_word' id='word_1_156' title='bbox 1202 2261 1521 2330; x_wconf 87' lang='grc' dir='ltr'>μνημόσυνα</span> <span class='ocrx_word' id='word_1_157' title='bbox 1544 2261 1763 2314; x_wconf 88' lang='grc' dir='ltr'>πάντων</span> 
     </span>
    </p>
   </div>
   <div class='ocr_carea' id='block_1_25' title="bbox 184 2350 1763 2426">
    <p class='ocr_par' dir='ltr' id='par_1_25' title="bbox 184 2350 1763 2426">
     <span class='ocr_line' id='line_1_25' title="bbox 184 2350 1763 2426; baseline -0.003 -17"><span class='ocrx_word' id='word_1_158' title='bbox 184 2356 295 2409; x_wconf 88' lang='grc' dir='ltr'><strong>τῶν</strong></span> <span class='ocrx_word' id='word_1_159' title='bbox 320 2353 693 2426; x_wconf 86' lang='grc' dir='ltr'>κηδευθέντων</span> <span class='ocrx_word' id='word_1_160' title='bbox 726 2369 738 2385; x_wconf 87' lang='grc'><strong>·</strong></span> <span class='ocrx_word' id='word_1_161' title='bbox 765 2350 1063 2405; x_wconf 89' lang='grc' dir='ltr'>ποιούντων</span> <span class='ocrx_word' id='word_1_162' title='bbox 1111 2351 1272 2422; x_wconf 77' lang='grc' dir='ltr'>ἡμῶν</span> <span class='ocrx_word' id='word_1_163' title='bbox 1295 2354 1352 2405; x_wconf 90' lang='grc' dir='ltr'><strong>ἐν</strong></span> <span class='ocrx_word' id='word_1_164' title='bbox 1377 2351 1559 2422; x_wconf 86' lang='grc' dir='ltr'>ταυτῷ</span> <span class='ocrx_word' id='word_1_165' title='bbox 1579 2353 1644 2404; x_wconf 89' lang='grc' dir='ltr'><strong>ἐκ</strong></span> <span class='ocrx_word' id='word_1_166' title='bbox 1665 2353 1763 2423; x_wconf 81' lang='grc' dir='ltr'>τῆς</span> 
     </span>
    </p>
   </div>
   <div class='ocr_carea' id='block_1_26' title="bbox 185 2443 1758 2515">
    <p class='ocr_par' dir='ltr' id='par_1_26' title="bbox 185 2443 1758 2515">
     <span class='ocr_line' id='line_1_26' title="bbox 185 2443 1758 2515; baseline -0.004 -15"><span class='ocrx_word' id='word_1_167' title='bbox 185 2445 549 2515; x_wconf 80' lang='grc' dir='ltr'>συνεισφορᾶς</span> <span class='ocrx_word' id='word_1_168' title='bbox 585 2445 681 2496; x_wconf 79' lang='grc' dir='ltr'><strong>καὶ</strong></span> <span class='ocrx_word' id='word_1_169' title='bbox 705 2443 928 2513; x_wconf 77' lang='grc' dir='ltr'>ἀγάπην</span> <span class='ocrx_word' id='word_1_170' title='bbox 957 2443 1363 2514; x_wconf 86' lang='grc' dir='ltr'>παρακλήσεως</span> <span class='ocrx_word' id='word_1_171' title='bbox 1387 2443 1710 2513; x_wconf 80' lang='grc' dir='ltr'>σωματικῆς</span> <span class='ocrx_word' id='word_1_172' title='bbox 1743 2458 1758 2472; x_wconf 76' lang='grc' dir='ltr'><strong><em>ο</em></strong></span> 
     </span>
    </p>
   </div>
   <div class='ocr_carea' id='block_1_27' title="bbox 191 2534 1762 2608">
    <p class='ocr_par' dir='ltr' id='par_1_27' title="bbox 191 2534 1762 2608">
     <span class='ocr_line' id='line_1_27' title="bbox 191 2534 1762 2608; baseline -0.003 -16"><span class='ocrx_word' id='word_1_173' title='bbox 191 2540 264 2608; x_wconf 86' lang='grc' dir='ltr'>μὴ</span> <span class='ocrx_word' id='word_1_174' title='bbox 337 2539 534 2608; x_wconf 87' lang='grc' dir='ltr'>μέντοι</span> <span class='ocrx_word' id='word_1_175' title='bbox 571 2537 678 2602; x_wconf 74' lang='grc' dir='ltr'>ἔξω</span> <span class='ocrx_word' id='word_1_176' title='bbox 706 2535 816 2587; x_wconf 89' lang='grc' dir='ltr'><strong>τῶν</strong></span> <span class='ocrx_word' id='word_1_177' title='bbox 850 2535 1253 2607; x_wconf 84' lang='grc' dir='ltr'>νενομισμένων</span> <span class='ocrx_word' id='word_1_178' title='bbox 1287 2537 1385 2605; x_wconf 76' lang='grc' dir='ltr'>τῆς</span> <span class='ocrx_word' id='word_1_179' title='bbox 1431 2534 1762 2606; x_wconf 77' lang='grc' dir='ltr'>αὐταρκείας</span> 
     </span>
    </p>
   </div>
   <div class='ocr_carea' id='block_1_28' title="bbox 186 2623 1762 2698">
    <p class='ocr_par' dir='ltr' id='par_1_28' title="bbox 186 2623 1762 2698">
     <span class='ocr_line' id='line_1_28' title="bbox 186 2623 1762 2698; baseline -0.002 -17"><span class='ocrx_word' id='word_1_180' title='bbox 186 2630 330 2698; x_wconf 84' lang='grc' dir='ltr'>ὅρων</span> <span class='ocrx_word' id='word_1_181' title='bbox 358 2643 372 2656; x_wconf 88' lang='grc'><strong>·</strong></span> <span class='ocrx_word' id='word_1_182' title='bbox 431 2626 506 2688; x_wconf 81' lang='grc' dir='ltr'>ὡς</span> <span class='ocrx_word' id='word_1_183' title='bbox 554 2627 587 2694; x_wconf 84' lang='grc' dir='ltr'>ἢ</span> <span class='ocrx_word' id='word_1_184' title='bbox 631 2625 908 2695; x_wconf 72' lang='grc' dir='ltr'>πολυοινίᾳ</span> <span class='ocrx_word' id='word_1_185' title='bbox 956 2625 989 2695; x_wconf 82' lang='grc' dir='ltr'>ἢ</span> <span class='ocrx_word' id='word_1_186' title='bbox 1050 2625 1366 2696; x_wconf 75' lang='grc' dir='ltr'>πολυφαγίᾳ</span> <span class='ocrx_word' id='word_1_187' title='bbox 1422 2623 1762 2696; x_wconf 78' lang='grc' dir='ltr'>ἐξορχεῖσθαι</span> 
     </span>
    </p>
   </div>
   <div class='ocr_carea' id='block_1_29' title="bbox 186 2716 1762 2790">
    <p class='ocr_par' dir='ltr' id='par_1_29' title="bbox 186 2716 1762 2790">
     <span class='ocr_line' id='line_1_29' title="bbox 186 2716 1762 2790; baseline -0.001 -18"><span class='ocrx_word' id='word_1_188' title='bbox 186 2723 336 2790; x_wconf 81' lang='grc' dir='ltr'>ἡμᾶς</span> <span class='ocrx_word' id='word_1_189' title='bbox 360 2719 431 2771; x_wconf 81' lang='grc' dir='ltr'>τὰ</span> <span class='ocrx_word' id='word_1_190' title='bbox 461 2717 858 2786; x_wconf 85' lang='grc' dir='ltr'>ἐπιτελούμενα</span> <span class='ocrx_word' id='word_1_191' title='bbox 897 2718 1220 2787; x_wconf 86' lang='grc' dir='ltr'>μνημόσυνα</span> <span class='ocrx_word' id='word_1_192' title='bbox 1276 2716 1410 2771; x_wconf 72' lang='grc' dir='ltr'>ἀλλὰ</span> <span class='ocrx_word' id='word_1_193' title='bbox 1455 2717 1571 2788; x_wconf 78' lang='grc' dir='ltr'>μετ’</span> <span class='ocrx_word' id='word_1_194' title='bbox 1598 2719 1762 2771; x_wconf 77' lang='grc' dir='ltr'>εύλα-</span> 
     </span>
    </p>
   </div>
   <div class='ocr_carea' id='block_1_30' title="bbox 184 2808 1779 2880">
    <p class='ocr_par' dir='ltr' id='par_1_30' title="bbox 184 2808 1779 2880">
     <span class='ocr_line' id='line_1_30' title="bbox 184 2808 1779 2880; baseline -0.001 -16"><span class='ocrx_word' id='word_1_195' title='bbox 184 2812 336 2873; x_wconf 70' lang='grc' dir='ltr'>διίας</span> <span class='ocrx_word' id='word_1_196' title='bbox 383 2809 770 2880; x_wconf 81' lang='grc' dir='ltr'>ἀναφερόντων</span> <span class='ocrx_word' id='word_1_197' title='bbox 820 2808 979 2878; x_wconf 76' lang='grc' dir='ltr'>ἡμῶν</span> <span class='ocrx_word' id='word_1_198' title='bbox 1025 2808 1334 2876; x_wconf 81' lang='grc' dir='ltr'>δοξολογίαν</span> <span class='ocrx_word' id='word_1_199' title='bbox 1377 2809 1456 2878; x_wconf 86' lang='grc' dir='ltr'>τῷ</span> <span class='ocrx_word' id='word_1_200' title='bbox 1493 2810 1779 2876; x_wconf 61' lang='grc' dir='ltr'>καταξιῶ-ι</span> 
     </span>
    </p>
   </div>
   <div class='ocr_carea' id='block_1_31' title="bbox 186 2899 1760 2971">
    <p class='ocr_par' dir='ltr' id='par_1_31' title="bbox 186 2899 1760 2971">
     <span class='ocr_line' id='line_1_31' title="bbox 186 2899 1760 2971; baseline 0 -16"><span class='ocrx_word' id='word_1_201' title='bbox 186 2920 342 2956; x_wconf 89' lang='grc' dir='ltr'>σαντι</span> <span class='ocrx_word' id='word_1_202' title='bbox 372 2903 521 2971; x_wconf 81' lang='grc' dir='ltr'>ἡμᾶς</span> <span class='ocrx_word' id='word_1_203' title='bbox 552 2901 672 2969; x_wconf 87' lang='grc' dir='ltr'><strong>Θεῷ</strong></span> <span class='ocrx_word' id='word_1_204' title='bbox 706 2899 805 2970; x_wconf 82' lang='grc' dir='ltr'>τὴν</span> <span class='ocrx_word' id='word_1_205' title='bbox 835 2901 990 2953; x_wconf 85' lang='grc' dir='ltr'>ὁσίαν</span> <span class='ocrx_word' id='word_1_206' title='bbox 1027 2899 1230 2968; x_wconf 87' lang='grc' dir='ltr'>ταύτην</span> <span class='ocrx_word' id='word_1_207' title='bbox 1267 2900 1492 2970; x_wconf 83' lang='grc' dir='ltr'>τελετὴν</span> <span class='ocrx_word' id='word_1_208' title='bbox 1524 2904 1760 2971; x_wconf 80' lang='grc' dir='ltr'>ποιήσα-</span> 
     </span>
    </p>
   </div>
   <div class='ocr_carea' id='block_1_32' title="bbox 185 2990 1760 3063">
    <p class='ocr_par' dir='ltr' id='par_1_32' title="bbox 185 2990 1760 3063">
     <span class='ocr_line' id='line_1_32' title="bbox 185 2990 1760 3063; baseline 0.001 -17"><span class='ocrx_word' id='word_1_209' title='bbox 185 2994 344 3055; x_wconf 85' lang='grc' dir='ltr'>σθαι,</span> <span class='ocrx_word' id='word_1_210' title='bbox 380 2993 559 3054; x_wconf 76' lang='grc' dir='ltr'>οὕτως</span> <span class='ocrx_word' id='word_1_211' title='bbox 614 2991 708 3044; x_wconf 69' lang='grc' dir='ltr'>ἐπὶ</span> <span class='ocrx_word' id='word_1_212' title='bbox 758 2991 856 3061; x_wconf 80' lang='grc' dir='ltr'><strong>τὴν</strong></span> <span class='ocrx_word' id='word_1_213' title='bbox 885 2991 984 3059; x_wconf 85' lang='grc' dir='ltr'><strong>τῆς</strong></span> <span class='ocrx_word' id='word_1_214' title='bbox 1034 2990 1318 3061; x_wconf 78' lang='grc' dir='ltr'>τραπέζης</span> <span class='ocrx_word' id='word_1_215' title='bbox 1362 2992 1499 3044; x_wconf 78' lang='grc' dir='ltr'>ἰέναι</span> <span class='ocrx_word' id='word_1_216' title='bbox 1549 2994 1760 3063; x_wconf 86' lang='grc' dir='ltr'>χρείαν,</span> 
     </span>
    </p>
   </div>
   <div class='ocr_carea' id='block_1_33' title="bbox 185 3080 1762 3157">
    <p class='ocr_par' dir='ltr' id='par_1_33' title="bbox 185 3080 1762 3157">
     <span class='ocr_line' id='line_1_33' title="bbox 185 3080 1762 3157; baseline 0.004 -27"><span class='ocrx_word' id='word_1_217' title='bbox 185 3082 843 3157; x_wconf 73' lang='grc' dir='ltr'>προσαναγινωσκομένου</span> <span class='ocrx_word' id='word_1_218' title='bbox 884 3081 987 3151; x_wconf 71' lang='grc' dir='ltr'><strong>ἤδη</strong></span> <span class='ocrx_word' id='word_1_219' title='bbox 1019 3080 1112 3132; x_wconf 88' lang='grc' dir='ltr'><strong>τοῦ</strong></span> <span class='ocrx_word' id='word_1_220' title='bbox 1140 3081 1330 3150; x_wconf 90' lang='grc' dir='ltr'>τόμου,</span> <span class='ocrx_word' id='word_1_221' title='bbox 1368 3083 1440 3144; x_wconf 83' lang='grc' dir='ltr'><strong>ὡς</strong></span> <span class='ocrx_word' id='word_1_222' title='bbox 1472 3082 1538 3134; x_wconf 84' lang='grc' dir='ltr'><strong>ἂν</strong></span> <span class='ocrx_word' id='word_1_223' title='bbox 1564 3084 1762 3136; x_wconf 72' lang='grc' dir='ltr'>καὶέπ*</span> 
     </span>
    </p>
   </div>
   <div class='ocr_carea' id='block_1_34' title="bbox 184 3171 1822 3246">
    <p class='ocr_par' dir='ltr' id='par_1_34' title="bbox 184 3171 1822 3246">
     <span class='ocr_line' id='line_1_34' title="bbox 184 3171 1822 3246; baseline -0.004 -15"><span class='ocrx_word' id='word_1_224' title='bbox 184 3179 357 3246; x_wconf 74' lang='grc' dir='ltr'>αὐτῆς</span> <span class='ocrx_word' id='word_1_225' title='bbox 385 3176 485 3242; x_wconf 75' lang='grc' dir='ltr'>τῆς</span> <span class='ocrx_word' id='word_1_226' title='bbox 507 3172 717 3245; x_wconf 84' lang='grc' dir='ltr'>τροφῆς</span> <span class='ocrx_word' id='word_1_227' title='bbox 742 3171 899 3242; x_wconf 81' lang='grc' dir='ltr'>ἡμῶν</span> <span class='ocrx_word' id='word_1_228' title='bbox 926 3172 995 3225; x_wconf 86' lang='grc' dir='ltr'><strong>τά</strong></span> <span class='ocrx_word' id='word_1_229' title='bbox 1024 3172 1229 3242; x_wconf 83' lang='grc' dir='ltr'>ἀρεστά</span> <span class='ocrx_word' id='word_1_230' title='bbox 1265 3172 1454 3243; x_wconf 82' lang='grc' dir='ltr'>Κυρίῳ</span> <span class='ocrx_word' id='word_1_231' title='bbox 1487 3174 1749 3244; x_wconf 83' lang='grc' dir='ltr'>μεταδιώ-</span> <span class='ocrx_word' id='word_1_232' title='bbox 1779 3187 1822 3243; x_wconf 79' lang='lat' dir='ltr'><strong><em>C</em></strong></span> 
     </span>
    </p>
   </div>
   <div class='ocr_carea' id='block_1_35' title="bbox 183 3263 1750 3336">
    <p class='ocr_par' dir='ltr' id='par_1_35' title="bbox 183 3263 1750 3336">
     <span class='ocr_line' id='line_1_35' title="bbox 183 3263 1750 3336; baseline 0.01 -33"><span class='ocrx_word' id='word_1_233' title='bbox 183 3283 317 3321; x_wconf 68' lang='grc' dir='ltr'>κεινο</span> <span class='ocrx_word' id='word_1_234' title='bbox 374 3266 474 3319; x_wconf 83' lang='grc' dir='ltr'><strong>τοῦ</strong></span> <span class='ocrx_word' id='word_1_235' title='bbox 509 3265 652 3318; x_wconf 87' lang='grc' dir='ltr'><strong>κατά</strong></span> <span class='ocrx_word' id='word_1_236' title='bbox 689 3263 1012 3332; x_wconf 86' lang='grc' dir='ltr'>περισσείαν</span> <span class='ocrx_word' id='word_1_237' title='bbox 1046 3263 1443 3334; x_wconf 87' lang='grc' dir='ltr'>διανεμομένου</span> <span class='ocrx_word' id='word_1_238' title='bbox 1471 3267 1707 3336; x_wconf 80' lang='grc' dir='ltr'>πτωχοῖς</span> <span class='ocrx_word' id='word_1_239' title='bbox 1738 3284 1750 3294; x_wconf 93' lang='grc'><strong>·</strong></span> 
     </span>
    </p>
   </div>
   <div class='ocr_carea' id='block_1_36' title="bbox 185 3355 1755 3430">
    <p class='ocr_par' dir='ltr' id='par_1_36' title="bbox 185 3355 1755 3430">
     <span class='ocr_line' id='line_1_36' title="bbox 185 3355 1755 3430; baseline -0.003 -16"><span class='ocrx_word' id='word_1_240' title='bbox 185 3363 255 3430; x_wconf 83' lang='grc' dir='ltr'>μὴ</span> <span class='ocrx_word' id='word_1_241' title='bbox 289 3356 804 3430; x_wconf 76' lang='grc' dir='ltr'>ἐμπολιτευομένων</span> <span class='ocrx_word' id='word_1_242' title='bbox 847 3355 1034 3425; x_wconf 84' lang='grc' dir='ltr'>ἀργῶν</span> <span class='ocrx_word' id='word_1_243' title='bbox 1093 3356 1354 3425; x_wconf 80' lang='grc' dir='ltr'>ῥημάτιον</span> <span class='ocrx_word' id='word_1_244' title='bbox 1381 3356 1438 3408; x_wconf 84' lang='lat' dir='ltr'><strong><em>tv</em></strong></span> <span class='ocrx_word' id='word_1_245' title='bbox 1467 3359 1534 3427; x_wconf 76' lang='grc' dir='ltr'>τῇ</span> <span class='ocrx_word' id='word_1_246' title='bbox 1566 3358 1755 3412; x_wconf 65' lang='grc' dir='ltr'>ἐστιάη</span> 
     </span>
    </p>
   </div>
   <div class='ocr_carea' id='block_1_37' title="bbox 184 3445 1761 3520">
    <p class='ocr_par' dir='ltr' id='par_1_37' title="bbox 184 3445 1761 3520">
     <span class='ocr_line' id='line_1_37' title="bbox 184 3445 1761 3520; baseline -0.003 -15"><span class='ocrx_word' id='word_1_247' title='bbox 184 3469 286 3516; x_wconf 73' lang='grc' dir='ltr'>σει,</span> <span class='ocrx_word' id='word_1_248' title='bbox 342 3449 484 3520; x_wconf 83' lang='grc' dir='ltr'><strong>μηδέ</strong></span> <span class='ocrx_word' id='word_1_249' title='bbox 533 3447 969 3517; x_wconf 88' lang='grc' dir='ltr'>γελοιασμάτων,</span> <span class='ocrx_word' id='word_1_250' title='bbox 1017 3446 1214 3498; x_wconf 85' lang='grc' dir='ltr'>πολλοῦ</span> <span class='ocrx_word' id='word_1_251' title='bbox 1271 3463 1334 3514; x_wconf 86' lang='grc' dir='ltr'><strong>γε</strong></span> <span class='ocrx_word' id='word_1_252' title='bbox 1401 3445 1577 3501; x_wconf 78' lang='grc' dir='ltr'>εἰπεῖν</span> <span class='ocrx_word' id='word_1_253' title='bbox 1635 3466 1761 3501; x_wconf 88' lang='grc' dir='ltr'>παι-</span> 
     </span>
    </p>
   </div>
   <div class='ocr_carea' id='block_1_38' title="bbox 183 3537 1757 3612">
    <p class='ocr_par' dir='ltr' id='par_1_38' title="bbox 183 3537 1757 3612">
     <span class='ocr_line' id='line_1_38' title="bbox 183 3537 1757 3612; baseline -0.002 -17"><span class='ocrx_word' id='word_1_254' title='bbox 183 3544 348 3612; x_wconf 84' lang='grc' dir='ltr'>γνίων</span> <span class='ocrx_word' id='word_1_255' title='bbox 424 3543 560 3594; x_wconf 84' lang='grc' dir='ltr'>ὅπου</span> <span class='ocrx_word' id='word_1_256' title='bbox 589 3557 652 3608; x_wconf 93' lang='grc' dir='ltr'><strong>γε</strong></span> <span class='ocrx_word' id='word_1_257' title='bbox 687 3539 808 3591; x_wconf 81' lang='grc' dir='ltr'>οὐδὲ</span> <span class='ocrx_word' id='word_1_258' title='bbox 831 3537 908 3607; x_wconf 83' lang='grc' dir='ltr'>τῷ</span> <span class='ocrx_word' id='word_1_259' title='bbox 937 3537 1154 3607; x_wconf 88' lang='grc' dir='ltr'>τυχόντι</span> <span class='ocrx_word' id='word_1_260' title='bbox 1182 3537 1492 3609; x_wconf 83' lang='grc' dir='ltr'>Χριστιανῷ</span> <span class='ocrx_word' id='word_1_261' title='bbox 1518 3541 1757 3609; x_wconf 85' lang='grc' dir='ltr'>ἐνεργεῖν</span> 
     </span>
    </p>
   </div>
   <div class='ocr_carea' id='block_1_39' title="bbox 182 3625 1758 3705">
    <p class='ocr_par' dir='ltr' id='par_1_39' title="bbox 182 3625 1758 3705">
     <span class='ocr_line' id='line_1_39' title="bbox 182 3625 1758 3705; baseline -0.004 -18"><span class='ocrx_word' id='word_1_262' title='bbox 182 3635 398 3705; x_wconf 82' lang='grc' dir='ltr'>δέχεται</span> <span class='ocrx_word' id='word_1_263' title='bbox 427 3634 456 3684; x_wconf 92' lang='grc' dir='ltr'>ὁ</span> <span class='ocrx_word' id='word_1_264' title='bbox 509 3630 686 3698; x_wconf 80' lang='grc' dir='ltr'>λόγος.</span> <span class='ocrx_word' id='word_1_265' title='bbox 721 3629 783 3681; x_wconf 89' lang='grc' dir='ltr'>Εί</span> <span class='ocrx_word' id='word_1_266' title='bbox 820 3628 877 3680; x_wconf 83' lang='grc' dir='ltr'><strong>δέ</strong></span> <span class='ocrx_word' id='word_1_267' title='bbox 942 3626 1036 3679; x_wconf 77' lang='grc' dir='ltr'><strong>καὶ</strong></span> <span class='ocrx_word' id='word_1_268' title='bbox 1086 3625 1268 3679; x_wconf 86' lang='grc' dir='ltr'>λαλεῖν</span> <span class='ocrx_word' id='word_1_269' title='bbox 1313 3625 1546 3696; x_wconf 79' lang='grc' dir='ltr'>δεήσειε,</span> <span class='ocrx_word' id='word_1_270' title='bbox 1583 3628 1758 3682; x_wconf 86' lang='grc' dir='ltr'>ταῦτα</span> 
     </span>
    </p>
   </div>
   <div class='ocr_carea' id='block_1_40' title="bbox 183 3715 1756 3792">
    <p class='ocr_par' dir='ltr' id='par_1_40' title="bbox 183 3715 1756 3792">
     <span class='ocr_line' id='line_1_40' title="bbox 183 3715 1756 3792; baseline -0.008 -15"><span class='ocrx_word' id='word_1_271' title='bbox 183 3725 278 3777; x_wconf 84' lang='grc' dir='ltr'>ὅσα</span> <span class='ocrx_word' id='word_1_272' title='bbox 339 3722 546 3792; x_wconf 81' lang='grc' dir='ltr'>πρέπει</span> <span class='ocrx_word' id='word_1_273' title='bbox 607 3718 1000 3787; x_wconf 82' lang='grc' dir='ltr'>Χριστιανοῖς’</span> <span class='ocrx_word' id='word_1_274' title='bbox 1041 3715 1123 3778; x_wconf 75' lang='grc' dir='ltr'>τὸ,</span> <span class='ocrx_word' id='word_1_275' title='bbox 1178 3715 1540 3783; x_wconf 84' lang='grc' dir='ltr'>φυλάττεσθαι</span> <span class='ocrx_word' id='word_1_276' title='bbox 1609 3718 1756 3786; x_wconf 75' lang='grc' dir='ltr'>ἡμᾶς</span> 
     </span>
    </p>
   </div>
   <div class='ocr_carea' id='block_1_41' title="bbox 182 3807 1758 3884">
    <p class='ocr_par' dir='ltr' id='par_1_41' title="bbox 182 3807 1758 3884">
     <span class='ocr_line' id='line_1_41' title="bbox 182 3807 1758 3884; baseline -0.007 -16"><span class='ocrx_word' id='word_1_277' title='bbox 182 3817 344 3884; x_wconf 83' lang='grc' dir='ltr'>ὅρκον</span> <span class='ocrx_word' id='word_1_278' title='bbox 376 3829 391 3843; x_wconf 88' lang='grc'><strong>·</strong></span> <span class='ocrx_word' id='word_1_279' title='bbox 449 3812 552 3876; x_wconf 83' lang='grc' dir='ltr'><strong>τὸ,</strong></span> <span class='ocrx_word' id='word_1_280' title='bbox 618 3810 842 3878; x_wconf 82' lang='grc' dir='ltr'>ἀγάπην</span> <span class='ocrx_word' id='word_1_281' title='bbox 921 3808 1066 3877; x_wconf 76' lang='grc' dir='ltr'>ἔχειν</span> <span class='ocrx_word' id='word_1_282' title='bbox 1127 3808 1184 3859; x_wconf 88' lang='grc' dir='ltr'><strong>ἐν</strong></span> <span class='ocrx_word' id='word_1_283' title='bbox 1265 3807 1518 3878; x_wconf 79' lang='grc' dir='ltr'>ἀλλήλοις</span> <span class='ocrx_word' id='word_1_284' title='bbox 1549 3824 1564 3838; x_wconf 89' lang='grc'><strong>·</strong></span> <span class='ocrx_word' id='word_1_285' title='bbox 1627 3810 1758 3879; x_wconf 80' lang='grc' dir='ltr'>ἀλή-</span> 
     </span>
    </p>
   </div>
   <div class='ocr_carea' id='block_1_42' title="bbox 183 3898 1763 3969">
    <p class='ocr_par' dir='ltr' id='par_1_42' title="bbox 183 3898 1763 3969">
     <span class='ocr_line' id='line_1_42' title="bbox 183 3898 1763 3969; baseline -0.004 -10"><span class='ocrx_word' id='word_1_286' title='bbox 183 3906 331 3959; x_wconf 91' lang='grc' dir='ltr'>θειαν</span> <span class='ocrx_word' id='word_1_287' title='bbox 405 3907 471 3957; x_wconf 80' lang='grc' dir='ltr'><strong>ἐκ</strong></span> <span class='ocrx_word' id='word_1_288' title='bbox 537 3900 630 3955; x_wconf 90' lang='grc' dir='ltr'><strong>τοῦ</strong></span> <span class='ocrx_word' id='word_1_289' title='bbox 707 3900 975 3969; x_wconf 85' lang='grc' dir='ltr'>στόματος</span> <span class='ocrx_word' id='word_1_290' title='bbox 1035 3898 1332 3969; x_wconf 81' lang='grc' dir='ltr'>προφέρειν</span> <span class='ocrx_word' id='word_1_291' title='bbox 1365 3915 1377 3927; x_wconf 90' lang='grc'>·</span> <span class='ocrx_word' id='word_1_292' title='bbox 1436 3899 1592 3952; x_wconf 90' lang='grc' dir='ltr'>δόλου</span> <span class='ocrx_word' id='word_1_293' title='bbox 1667 3901 1763 3952; x_wconf 59' lang='grc' dir='ltr'><strong>καὶ¹</strong></span> 
     </span>
    </p>
   </div>
   <div class='ocr_carea' id='block_1_43' title="bbox 183 3989 1762 4065">
    <p class='ocr_par' dir='ltr' id='par_1_43' title="bbox 183 3989 1762 4065">
     <span class='ocr_line' id='line_1_43' title="bbox 183 3989 1762 4065; baseline -0.004 -16"><span class='ocrx_word' id='word_1_294' title='bbox 183 3997 381 4065; x_wconf 84' lang='grc' dir='ltr'>φθόνου</span> <span class='ocrx_word' id='word_1_295' title='bbox 454 3993 910 4062; x_wconf 77' lang='grc' dir='ltr'>ἀποδιδράσκεινο</span> <span class='ocrx_word' id='word_1_296' title='bbox 976 3990 1224 4050; x_wconf 80' lang='grc' dir='ltr'>εὐποιίας</span> <span class='ocrx_word' id='word_1_297' title='bbox 1284 3989 1344 4041; x_wconf 86' lang='grc' dir='ltr'>τὸ</span> <span class='ocrx_word' id='word_1_298' title='bbox 1405 3991 1545 4044; x_wconf 84' lang='grc' dir='ltr'><strong>κατά</strong></span> <span class='ocrx_word' id='word_1_299' title='bbox 1597 3991 1762 4044; x_wconf 87' lang='grc' dir='ltr'>δύνα-</span> 
     </span>
    </p>
   </div>
   <div class='ocr_carea' id='block_1_44' title="bbox 183 4079 1761 4157">
    <p class='ocr_par' dir='ltr' id='par_1_44' title="bbox 183 4079 1761 4157">
     <span class='ocr_line' id='line_1_44' title="bbox 183 4079 1761 4157; baseline -0.002 -19"><span class='ocrx_word' id='word_1_300' title='bbox 183 4106 271 4157; x_wconf 87' lang='grc' dir='ltr'><strong>μιν</strong></span> <span class='ocrx_word' id='word_1_301' title='bbox 304 4083 632 4152; x_wconf 82' lang='grc' dir='ltr'>ἀντέχεσθαι</span> <span class='ocrx_word' id='word_1_302' title='bbox 704 4081 1026 4150; x_wconf 79' lang='grc' dir='ltr'>ἐπισκέψεις</span> <span class='ocrx_word' id='word_1_303' title='bbox 1064 4079 1336 4133; x_wconf 84' lang='grc' dir='ltr'>ποιεῖσθαι</span> <span class='ocrx_word' id='word_1_304' title='bbox 1368 4081 1477 4134; x_wconf 93' lang='grc' dir='ltr'><strong>τῶν</strong></span> <span class='ocrx_word' id='word_1_305' title='bbox 1505 4085 1562 4135; x_wconf 91' lang='grc' dir='ltr'><strong>ἐν</strong></span> <span class='ocrx_word' id='word_1_306' title='bbox 1590 4083 1761 4152; x_wconf 90' lang='grc' dir='ltr'>φυλα-</span> 
     </span>
    </p>
   </div>
   <div class='ocr_carea' id='block_1_45' title="bbox 181 4172 1758 4245">
    <p class='ocr_par' dir='ltr' id='par_1_45' title="bbox 181 4172 1758 4245">
     <span class='ocr_line' id='line_1_45' title="bbox 181 4172 1758 4245; baseline -0.002 -15"><span class='ocrx_word' id='word_1_307' title='bbox 181 4181 327 4240; x_wconf 84' lang='grc' dir='ltr'>καῖς,</span> <span class='ocrx_word' id='word_1_308' title='bbox 350 4176 462 4228; x_wconf 91' lang='grc' dir='ltr'><strong>τῶν</strong></span> <span class='ocrx_word' id='word_1_309' title='bbox 503 4179 561 4228; x_wconf 92' lang='lat' dir='ltr'><strong>tv</strong></span> <span class='ocrx_word' id='word_1_310' title='bbox 589 4173 946 4245; x_wconf 75' lang='grc' dir='ltr'>ἀρρωστίαις’</span> <span class='ocrx_word' id='word_1_311' title='bbox 978 4172 1266 4242; x_wconf 86' lang='grc' dir='ltr'>προσέχειν</span> <span class='ocrx_word' id='word_1_312' title='bbox 1291 4174 1412 4236; x_wconf 88' lang='grc' dir='ltr'>ταῖς</span> <span class='ocrx_word' id='word_1_313' title='bbox 1447 4175 1758 4244; x_wconf 86' lang='grc' dir='ltr'>ἀναγνώσε-</span> 
     </span>
    </p>
   </div>
   <div class='ocr_carea' id='block_1_46' title="bbox 1862 618 3432 692">
    <p class='ocr_par' dir='ltr' id='par_1_46' title="bbox 1862 618 3432 692">
     <span class='ocr_line' id='line_1_46' title="bbox 1862 618 3432 692; baseline 0.003 -21"><span class='ocrx_word' id='word_1_314' title='bbox 1862 628 2053 690; x_wconf 80' lang='lat' dir='ltr'><strong>gnatos</strong></span> <span class='ocrx_word' id='word_1_315' title='bbox 2083 619 2242 674; x_wconf 89' lang='lat' dir='ltr'><strong>nobis</strong></span> <span class='ocrx_word' id='word_1_316' title='bbox 2279 618 2535 673; x_wconf 74' lang='lat' dir='ltr'><strong>affectum</strong></span> <span class='ocrx_word' id='word_1_317' title='bbox 2572 619 2965 690; x_wconf 89' lang='lat' dir='ltr'><strong>suscipientes,</strong></span> <span class='ocrx_word' id='word_1_318' title='bbox 3017 636 3118 674; x_wconf 83' lang='lat' dir='ltr'><strong>nos</strong></span> <span class='ocrx_word' id='word_1_319' title='bbox 3159 621 3305 691; x_wconf 88' lang='lat' dir='ltr'><strong>ipsos</strong></span> <span class='ocrx_word' id='word_1_320' title='bbox 3343 625 3432 692; x_wconf 85' lang='lat' dir='ltr'><strong>pio</strong></span> 
     </span>
    </p>
   </div>
   <div class='ocr_carea' id='block_1_47' title="bbox 1863 711 3431 783">
    <p class='ocr_par' dir='ltr' id='par_1_47' title="bbox 1863 711 3431 783">
     <span class='ocr_line' id='line_1_47' title="bbox 1863 711 3431 783; baseline 0.002 -18"><span class='ocrx_word' id='word_1_321' title='bbox 1863 711 1993 766; x_wconf 87' lang='lat' dir='ltr'><strong>huic</strong></span> <span class='ocrx_word' id='word_1_322' title='bbox 2022 713 2188 766; x_wconf 70' lang='lat' dir='ltr'><strong>coetui</strong></span> <span class='ocrx_word' id='word_1_323' title='bbox 2211 712 2576 782; x_wconf 82' lang='lat' dir='ltr'><strong>adjunximus,</strong></span> <span class='ocrx_word' id='word_1_324' title='bbox 2611 720 2668 765; x_wconf 91' lang='lat' dir='ltr'><strong>ut</strong></span> <span class='ocrx_word' id='word_1_325' title='bbox 2697 713 3054 766; x_wconf 89' lang='lat' dir='ltr'><strong>constitutum</strong></span> <span class='ocrx_word' id='word_1_326' title='bbox 3096 722 3200 777; x_wconf 90' lang='lat' dir='ltr'><strong>est,</strong></span> <span class='ocrx_word' id='word_1_327' title='bbox 3233 730 3431 783; x_wconf 77' lang='lat' dir='ltr'><strong>procu-</strong></span> 
     </span>
    </p>
   </div>
   <div class='ocr_carea' id='block_1_48' title="bbox 1862 807 3434 879">
    <p class='ocr_par' dir='ltr' id='par_1_48' title="bbox 1862 807 3434 879">
     <span class='ocr_line' id='line_1_48' title="bbox 1862 807 3434 879; baseline 0.003 -21"><span class='ocrx_word' id='word_1_328' title='bbox 1862 816 2047 861; x_wconf 90' lang='lat' dir='ltr'><strong>rantes</strong></span> <span class='ocrx_word' id='word_1_329' title='bbox 2074 807 2318 876; x_wconf 89' lang='lat' dir='ltr'><strong>neglecta</strong></span> <span class='ocrx_word' id='word_1_330' title='bbox 2359 807 2703 860; x_wconf 87' lang='lat' dir='ltr'><strong>tabernacula</strong></span> <span class='ocrx_word' id='word_1_331' title='bbox 2727 821 2822 859; x_wconf 90' lang='lat' dir='ltr'><strong>seu</strong></span> <span class='ocrx_word' id='word_1_332' title='bbox 2857 808 3144 874; x_wconf 84' lang='lat' dir='ltr'><strong>cadavera,</strong></span> <span class='ocrx_word' id='word_1_333' title='bbox 3178 824 3297 878; x_wconf 61' lang='lat' dir='ltr'><strong>qua</strong></span> <span class='ocrx_word' id='word_1_334' title='bbox 3322 825 3434 879; x_wconf 69' lang='lat' dir='ltr'><strong>pra:</strong></span> 
     </span>
    </p>
   </div>
   <div class='ocr_carea' id='block_1_49' title="bbox 1863 897 3431 968">
    <p class='ocr_par' dir='ltr' id='par_1_49' title="bbox 1863 897 3431 968">
     <span class='ocr_line' id='line_1_49' title="bbox 1863 897 3431 968; baseline 0.001 -18"><span class='ocrx_word' id='word_1_335' title='bbox 1863 897 2045 966; x_wconf 86' lang='lat' dir='ltr'><strong>inopia</strong></span> <span class='ocrx_word' id='word_1_336' title='bbox 2085 898 2168 952; x_wconf 85' lang='lat' dir='ltr'><strong>vel</strong></span> <span class='ocrx_word' id='word_1_337' title='bbox 2193 898 2574 968; x_wconf 86' lang='lat' dir='ltr'><strong>peregrinitate</strong></span> <span class='ocrx_word' id='word_1_338' title='bbox 2593 914 2702 951; x_wconf 87' lang='lat' dir='ltr'><strong>non</strong></span> <span class='ocrx_word' id='word_1_339' title='bbox 2727 899 2926 952; x_wconf 89' lang='lat' dir='ltr'><strong>habent</strong></span> <span class='ocrx_word' id='word_1_340' title='bbox 2947 900 3090 953; x_wconf 91' lang='lat' dir='ltr'><strong>unde</strong></span> <span class='ocrx_word' id='word_1_341' title='bbox 3114 899 3431 964; x_wconf 78' lang='lat' dir='ltr'><strong>efferantur,</strong></span> 
     </span>
    </p>
   </div>
   <div class='ocr_carea' id='block_1_50' title="bbox 1861 987 3430 1060">
    <p class='ocr_par' dir='ltr' id='par_1_50' title="bbox 1861 987 3430 1060">
     <span class='ocr_line' id='line_1_50' title="bbox 1861 987 3430 1060; baseline 0 -20"><span class='ocrx_word' id='word_1_342' title='bbox 1861 998 1918 1041; x_wconf 88' lang='lat' dir='ltr'><strong>et</strong></span> <span class='ocrx_word' id='word_1_343' title='bbox 1954 988 2250 1041; x_wconf 89' lang='lat' dir='ltr'><strong>humentur</strong></span> <span class='ocrx_word' id='word_1_344' title='bbox 2284 987 2338 1040; x_wconf 91' lang='lat' dir='ltr'><strong>in</strong></span> <span class='ocrx_word' id='word_1_345' title='bbox 2374 988 2475 1042; x_wconf 90' lang='lat' dir='ltr'><strong>hac</strong></span> <span class='ocrx_word' id='word_1_346' title='bbox 2499 988 2641 1057; x_wconf 80' lang='lat' dir='ltr'><strong>regia</strong></span> <span class='ocrx_word' id='word_1_347' title='bbox 2665 988 2903 1042; x_wconf 80' lang='lat' dir='ltr'><strong>civitate.</strong></span> <span class='ocrx_word' id='word_1_348' title='bbox 2945 987 3083 1042; x_wconf 86' lang='lat' dir='ltr'><strong>Huic</strong></span> <span class='ocrx_word' id='word_1_349' title='bbox 3111 990 3271 1060; x_wconf 79' lang='lat' dir='ltr'><strong>igitur</strong></span> <span class='ocrx_word' id='word_1_350' title='bbox 3301 1005 3430 1042; x_wconf 83' lang='lat' dir='ltr'><strong>nor-</strong></span> 
     </span>
    </p>
   </div>
   <div class='ocr_carea' id='block_1_51' title="bbox 1862 1079 3434 1150">
    <p class='ocr_par' dir='ltr' id='par_1_51' title="bbox 1862 1079 3434 1150">
     <span class='ocr_line' id='line_1_51' title="bbox 1862 1079 3434 1150; baseline 0.001 -18"><span class='ocrx_word' id='word_1_351' title='bbox 1862 1094 1966 1133; x_wconf 68' lang='lat' dir='ltr'><strong>mae</strong></span> <span class='ocrx_word' id='word_1_352' title='bbox 1992 1079 2190 1133; x_wconf 69' lang='lat' dir='ltr'><strong>divina:</strong></span> <span class='ocrx_word' id='word_1_353' title='bbox 2221 1079 2414 1141; x_wconf 81' lang='lat' dir='ltr'><strong>innixi,</strong></span> <span class='ocrx_word' id='word_1_354' title='bbox 2446 1088 2501 1134; x_wconf 90' lang='lat' dir='ltr'><strong>ct</strong></span> <span class='ocrx_word' id='word_1_355' title='bbox 2540 1080 2827 1148; x_wconf 84' lang='lat' dir='ltr'><strong>quotannis</strong></span> <span class='ocrx_word' id='word_1_356' title='bbox 2858 1080 3054 1150; x_wconf 77' lang='lat' dir='ltr'><strong>singuli</strong></span> <span class='ocrx_word' id='word_1_357' title='bbox 3094 1097 3159 1136; x_wconf 84' lang='lat' dir='ltr'><strong>ex</strong></span> <span class='ocrx_word' id='word_1_358' title='bbox 3197 1082 3434 1149; x_wconf 82' lang='lat' dir='ltr'><strong>acceptis</strong></span> 
     </span>
    </p>
   </div>
   <div class='ocr_carea' id='block_1_52' title="bbox 1860 1168 3435 1240">
    <p class='ocr_par' dir='ltr' id='par_1_52' title="bbox 1860 1168 3435 1240">
     <span class='ocr_line' id='line_1_52' title="bbox 1860 1168 3435 1240; baseline 0 -16"><span class='ocrx_word' id='word_1_359' title='bbox 1860 1184 1892 1224; x_wconf 90' lang='lat' dir='ltr'><strong>a</strong></span> <span class='ocrx_word' id='word_1_360' title='bbox 1924 1168 2035 1224; x_wconf 90' lang='lat' dir='ltr'><strong>Deo</strong></span> <span class='ocrx_word' id='word_1_361' title='bbox 2067 1170 2389 1224; x_wconf 88' lang='lat' dir='ltr'><strong>muneribus</strong></span> <span class='ocrx_word' id='word_1_362' title='bbox 2418 1170 2486 1225; x_wconf 90' lang='lat' dir='ltr'><strong>ad</strong></span> <span class='ocrx_word' id='word_1_363' title='bbox 2530 1169 2842 1223; x_wconf 82' lang='lat' dir='ltr'><strong>funebrium</strong></span> <span class='ocrx_word' id='word_1_364' title='bbox 2875 1171 3207 1240; x_wconf 88' lang='lat' dir='ltr'><strong>emptionem</strong></span> <span class='ocrx_word' id='word_1_365' title='bbox 3240 1212 3256 1236; x_wconf 93' lang='lat'><strong>,</strong></span> <span class='ocrx_word' id='word_1_366' title='bbox 3313 1185 3435 1239; x_wconf 68' lang='lat' dir='ltr'><strong>qua:</strong></span> 
     </span>
    </p>
   </div>
   <div class='ocr_carea' id='block_1_53' title="bbox 1861 1260 3435 1331">
    <p class='ocr_par' dir='ltr' id='par_1_53' title="bbox 1861 1260 3435 1331">
     <span class='ocr_line' id='line_1_53' title="bbox 1861 1260 3435 1331; baseline 0 -17"><span class='ocrx_word' id='word_1_367' title='bbox 1861 1262 1927 1315; x_wconf 89' lang='lat' dir='ltr'><strong>ad</strong></span> <span class='ocrx_word' id='word_1_368' title='bbox 1964 1260 2199 1315; x_wconf 87' lang='lat' dir='ltr'><strong>aliorum</strong></span> <span class='ocrx_word' id='word_1_369' title='bbox 2231 1261 2569 1329; x_wconf 84' lang='lat' dir='ltr'><strong>sepulturam</strong></span> <span class='ocrx_word' id='word_1_370' title='bbox 2626 1260 2853 1319; x_wconf 85' lang='lat' dir='ltr'><strong>faciunt.</strong></span> <span class='ocrx_word' id='word_1_371' title='bbox 2889 1276 2987 1331; x_wconf 89' lang='lat' dir='ltr'><strong>pro</strong></span> <span class='ocrx_word' id='word_1_372' title='bbox 3018 1260 3271 1315; x_wconf 80' lang='lat' dir='ltr'><strong>facultate</strong></span> <span class='ocrx_word' id='word_1_373' title='bbox 3300 1275 3435 1314; x_wconf 82' lang='lat' dir='ltr'><strong>con-</strong></span> 
     </span>
    </p>
   </div>
   <div class='ocr_carea' id='block_1_54' title="bbox 1863 1349 3437 1420">
    <p class='ocr_par' dir='ltr' id='par_1_54' title="bbox 1863 1349 3437 1420">
     <span class='ocr_line' id='line_1_54' title="bbox 1863 1349 3437 1420; baseline 0.001 -15"><span class='ocrx_word' id='word_1_374' title='bbox 1863 1351 2184 1414; x_wconf 90' lang='lat' dir='ltr'><strong>tribuentes,</strong></span> <span class='ocrx_word' id='word_1_375' title='bbox 2215 1351 2331 1405; x_wconf 73' lang='lat' dir='ltr'><strong>haec</strong></span> <span class='ocrx_word' id='word_1_376' title='bbox 2357 1352 2411 1404; x_wconf 91' lang='lat' dir='ltr'><strong>in</strong></span> <span class='ocrx_word' id='word_1_377' title='bbox 2446 1349 2672 1404; x_wconf 90' lang='lat' dir='ltr'><strong>Domino</strong></span> <span class='ocrx_word' id='word_1_378' title='bbox 2697 1349 3100 1405; x_wconf 88' lang='lat' dir='ltr'><strong>constituimus.</strong></span> <span class='ocrx_word' id='word_1_379' title='bbox 3122 1351 3192 1405; x_wconf 83' lang='lat' dir='ltr'><strong>L‘t</strong></span> <span class='ocrx_word' id='word_1_380' title='bbox 3213 1352 3437 1420; x_wconf 87' lang='lat' dir='ltr'><strong>quicun-</strong></span> 
     </span>
    </p>
   </div>
   <div class='ocr_carea' id='block_1_55' title="bbox 1861 1441 3435 1510">
    <p class='ocr_par' dir='ltr' id='par_1_55' title="bbox 1861 1441 3435 1510">
     <span class='ocr_line' id='line_1_55' title="bbox 1861 1441 3435 1510; baseline -0.001 -16"><span class='ocrx_word' id='word_1_381' title='bbox 1861 1455 1968 1510; x_wconf 90' lang='lat' dir='ltr'><strong>que</strong></span> <span class='ocrx_word' id='word_1_382' title='bbox 1999 1441 2290 1506; x_wconf 87' lang='lat' dir='ltr'><strong>indicatus,</strong></span> <span class='ocrx_word' id='word_1_383' title='bbox 2318 1441 2766 1510; x_wconf 77' lang='lat' dir='ltr'><strong>vel‘conspectus</strong></span> <span class='ocrx_word' id='word_1_384' title='bbox 2793 1441 2846 1493; x_wconf 91' lang='lat' dir='ltr'><strong>in</strong></span> <span class='ocrx_word' id='word_1_385' title='bbox 2875 1441 3127 1505; x_wconf 88' lang='lat' dir='ltr'><strong>transitu,</strong></span> <span class='ocrx_word' id='word_1_386' title='bbox 3159 1441 3225 1495; x_wconf 90' lang='lat' dir='ltr'><strong>ab</strong></span> <span class='ocrx_word' id='word_1_387' title='bbox 3255 1442 3435 1510; x_wconf 83' lang='lat' dir='ltr'><strong>aliquo</strong></span> 
     </span>
    </p>
   </div>
   <div class='ocr_carea' id='block_1_56' title="bbox 1863 1531 3434 1603">
    <p class='ocr_par' dir='ltr' id='par_1_56' title="bbox 1863 1531 3434 1603">
     <span class='ocr_line' id='line_1_56' title="bbox 1863 1531 3434 1603; baseline -0.001 -16"><span class='ocrx_word' id='word_1_388' title='bbox 1863 1548 1893 1587; x_wconf 92' lang='lat' dir='ltr'><strong>e</strong></span> <span class='ocrx_word' id='word_1_389' title='bbox 1922 1532 2148 1586; x_wconf 83' lang='lat' dir='ltr'><strong>fratrum</strong></span> <span class='ocrx_word' id='word_1_390' title='bbox 2176 1533 2615 1603; x_wconf 73' lang='lat' dir='ltr'><strong>congregatione,</strong></span> <span class='ocrx_word' id='word_1_391' title='bbox 2647 1543 2896 1586; x_wconf 88' lang='lat' dir='ltr'><strong>mortuus</strong></span> <span class='ocrx_word' id='word_1_392' title='bbox 2936 1532 3100 1587; x_wconf 93' lang='lat' dir='ltr'><strong>homo</strong></span> <span class='ocrx_word' id='word_1_393' title='bbox 3147 1531 3331 1597; x_wconf 89' lang='lat' dir='ltr'><strong>fuerit,</strong></span> <span class='ocrx_word' id='word_1_394' title='bbox 3387 1534 3434 1586; x_wconf 88' lang='lat' dir='ltr'><strong>is</strong></span> 
     </span>
    </p>
   </div>
   <div class='ocr_carea' id='block_1_57' title="bbox 1861 1623 3432 1693">
    <p class='ocr_par' dir='ltr' id='par_1_57' title="bbox 1861 1623 3432 1693">
     <span class='ocr_line' id='line_1_57' title="bbox 1861 1623 3432 1693; baseline 0.001 -17"><span class='ocrx_word' id='word_1_395' title='bbox 1861 1623 2285 1693; x_wconf 77' lang='lat' dir='ltr'><strong>congruentibus</strong></span> <span class='ocrx_word' id='word_1_396' title='bbox 2317 1623 2590 1692; x_wconf 83' lang='lat' dir='ltr'><strong>exsequiis</strong></span> <span class='ocrx_word' id='word_1_397' title='bbox 2612 1623 2890 1687; x_wconf 71' lang='lat' dir='ltr'><strong>efferatur,</strong></span> <span class='ocrx_word' id='word_1_398' title='bbox 2938 1623 3347 1692; x_wconf 88' lang='lat' dir='ltr'><strong>deponaturque</strong></span> <span class='ocrx_word' id='word_1_399' title='bbox 3378 1625 3432 1677; x_wconf 90' lang='lat' dir='ltr'><strong>in</strong></span> 
     </span>
    </p>
   </div>
   <div class='ocr_carea' id='block_1_58' title="bbox 1862 1713 3432 1784">
    <p class='ocr_par' dir='ltr' id='par_1_58' title="bbox 1862 1713 3432 1784">
     <span class='ocr_line' id='line_1_58' title="bbox 1862 1713 3432 1784; baseline 0 -16"><span class='ocrx_word' id='word_1_400' title='bbox 1862 1715 2146 1768; x_wconf 85' lang='lat' dir='ltr'><strong>destinatis</strong></span> <span class='ocrx_word' id='word_1_401' title='bbox 2173 1715 2328 1768; x_wconf 81' lang='lat' dir='ltr'><strong>vobis</strong></span> <span class='ocrx_word' id='word_1_402' title='bbox 2357 1715 2527 1769; x_wconf 86' lang='lat' dir='ltr'><strong>sacris</strong></span> <span class='ocrx_word' id='word_1_403' title='bbox 2559 1714 2898 1769; x_wconf 89' lang='lat' dir='ltr'><strong>conditoriis.</strong></span> <span class='ocrx_word' id='word_1_404' title='bbox 2941 1713 3078 1768; x_wconf 88' lang='lat' dir='ltr'><strong>Tum</strong></span> <span class='ocrx_word' id='word_1_405' title='bbox 3110 1725 3168 1770; x_wconf 92' lang='lat' dir='ltr'><strong>ut</strong></span> <span class='ocrx_word' id='word_1_406' title='bbox 3200 1725 3432 1784; x_wconf 89' lang='lat' dir='ltr'><strong>quotan-</strong></span> 
     </span>
    </p>
   </div>
   <div class='ocr_carea' id='block_1_59' title="bbox 1863 1791 3431 1876">
    <p class='ocr_par' dir='ltr' id='par_1_59' title="bbox 1863 1791 3431 1876">
     <span class='ocr_line' id='line_1_59' title="bbox 1863 1791 3431 1876; baseline 0.001 -18"><span class='ocrx_word' id='word_1_407' title='bbox 1863 1805 1968 1868; x_wconf 87' lang='lat' dir='ltr'><strong>nis,</strong></span> <span class='ocrx_word' id='word_1_408' title='bbox 1999 1815 2054 1859; x_wconf 92' lang='lat' dir='ltr'><strong>et</strong></span> <span class='ocrx_word' id='word_1_409' title='bbox 2091 1804 2362 1874; x_wconf 90' lang='lat' dir='ltr'><strong>principio</strong></span> <span class='ocrx_word' id='word_1_410' title='bbox 2404 1804 2717 1859; x_wconf 89' lang='lat' dir='ltr'><strong>indictionis</strong></span> <span class='ocrx_word' id='word_1_411' title='bbox 2741 1847 2757 1871; x_wconf 93' lang='lat'><strong>,</strong></span> <span class='ocrx_word' id='word_1_412' title='bbox 2791 1814 2847 1859; x_wconf 92' lang='lat' dir='ltr'><strong>et</strong></span> <span class='ocrx_word' id='word_1_413' title='bbox 2883 1791 2981 1875; x_wconf 81' lang='lat' dir='ltr'><strong>per</strong></span> <span class='ocrx_word' id='word_1_414' title='bbox 3006 1805 3123 1860; x_wconf 89' lang='lat' dir='ltr'><strong>dies</strong></span> <span class='ocrx_word' id='word_1_415' title='bbox 3152 1805 3431 1876; x_wconf 86' lang='lat' dir='ltr'><strong>Quinqua-</strong></span> 
     </span>
    </p>
   </div>
   <div class='ocr_carea' id='block_1_60' title="bbox 1862 1895 3434 1969">
    <p class='ocr_par' dir='ltr' id='par_1_60' title="bbox 1862 1895 3434 1969">
     <span class='ocr_line' id='line_1_60' title="bbox 1862 1895 3434 1969; baseline -0.001 -18"><span class='ocrx_word' id='word_1_416' title='bbox 1862 1897 2105 1969; x_wconf 85' lang='lat' dir='ltr'><strong>genarii,</strong></span> <span class='ocrx_word' id='word_1_417' title='bbox 2150 1896 2470 1950; x_wconf 85' lang='lat' dir='ltr'><strong>memoriam</strong></span> <span class='ocrx_word' id='word_1_418' title='bbox 2496 1896 2739 1950; x_wconf 87' lang='lat' dir='ltr'><strong>omnium</strong></span> <span class='ocrx_word' id='word_1_419' title='bbox 2778 1895 3150 1950; x_wconf 89' lang='lat' dir='ltr'><strong>funeratorum</strong></span> <span class='ocrx_word' id='word_1_420' title='bbox 3196 1896 3247 1949; x_wconf 88' lang='lat' dir='ltr'><strong>in</strong></span> <span class='ocrx_word' id='word_1_421' title='bbox 3281 1911 3434 1950; x_wconf 82' lang='lat' dir='ltr'><strong>com-</strong></span> 
     </span>
    </p>
   </div>
   <div class='ocr_carea' id='block_1_61' title="bbox 1862 1986 3436 2052">
    <p class='ocr_par' dir='ltr' id='par_1_61' title="bbox 1862 1986 3436 2052">
     <span class='ocr_line' id='line_1_61' title="bbox 1862 1986 3436 2052; baseline -0.001 -10"><span class='ocrx_word' id='word_1_422' title='bbox 1862 2003 2027 2042; x_wconf 90' lang='lat' dir='ltr'><strong>mune</strong></span> <span class='ocrx_word' id='word_1_423' title='bbox 2058 1987 2430 2052; x_wconf 85' lang='lat' dir='ltr'><strong>celebremus;</strong></span> <span class='ocrx_word' id='word_1_424' title='bbox 2469 1986 2729 2040; x_wconf 84' lang='lat' dir='ltr'><strong>facientes</strong></span> <span class='ocrx_word' id='word_1_425' title='bbox 2769 1986 2971 2040; x_wconf 90' lang='lat' dir='ltr'><strong>ibidem</strong></span> <span class='ocrx_word' id='word_1_426' title='bbox 3014 2002 3078 2040; x_wconf 84' lang='lat' dir='ltr'><strong>ex</strong></span> <span class='ocrx_word' id='word_1_427' title='bbox 3110 1986 3351 2041; x_wconf 87' lang='lat' dir='ltr'><strong>collectis</strong></span> <span class='ocrx_word' id='word_1_428' title='bbox 3381 1998 3436 2040; x_wconf 86' lang='lat' dir='ltr'><strong>et</strong></span> 
     </span>
    </p>
   </div>
   <div class='ocr_carea' id='block_1_62' title="bbox 1861 2075 3434 2147">
    <p class='ocr_par' dir='ltr' id='par_1_62' title="bbox 1861 2075 3434 2147">
     <span class='ocr_line' id='line_1_62' title="bbox 1861 2075 3434 2147; baseline -0.002 -16"><span class='ocrx_word' id='word_1_429' title='bbox 1861 2092 2068 2147; x_wconf 82' lang='lat' dir='ltr'><strong>agapen</strong></span> <span class='ocrx_word' id='word_1_430' title='bbox 2097 2091 2373 2145; x_wconf 76' lang='lat' dir='ltr'><strong>corporea:</strong></span> <span class='ocrx_word' id='word_1_431' title='bbox 2402 2075 2714 2130; x_wconf 90' lang='lat' dir='ltr'><strong>refectionis</strong></span> <span class='ocrx_word' id='word_1_432' title='bbox 2739 2092 2753 2136; x_wconf 84' lang='lat'><strong>;</strong></span> <span class='ocrx_word' id='word_1_433' title='bbox 2789 2089 2898 2128; x_wconf 92' lang='lat' dir='ltr'><strong>non</strong></span> <span class='ocrx_word' id='word_1_434' title='bbox 2921 2090 3052 2130; x_wconf 87' lang='lat' dir='ltr'><strong>sane</strong></span> <span class='ocrx_word' id='word_1_435' title='bbox 3080 2083 3231 2129; x_wconf 82' lang='lat' dir='ltr'><strong>extra</strong></span> <span class='ocrx_word' id='word_1_436' title='bbox 3257 2075 3434 2144; x_wconf 87' lang='lat' dir='ltr'><strong>legiti-</strong></span> 
     </span>
    </p>
   </div>
   <div class='ocr_carea' id='block_1_63' title="bbox 1861 2166 3435 2237">
    <p class='ocr_par' dir='ltr' id='par_1_63' title="bbox 1861 2166 3435 2237">
     <span class='ocr_line' id='line_1_63' title="bbox 1861 2166 3435 2237; baseline -0.001 -15"><span class='ocrx_word' id='word_1_437' title='bbox 1861 2183 1964 2222; x_wconf 73' lang='lat' dir='ltr'><strong>mae</strong></span> <span class='ocrx_word' id='word_1_438' title='bbox 1997 2167 2320 2237; x_wconf 85' lang='lat' dir='ltr'><strong>frugalitatis</strong></span> <span class='ocrx_word' id='word_1_439' title='bbox 2352 2166 2649 2232; x_wconf 86' lang='lat' dir='ltr'><strong>terminos;</strong></span> <span class='ocrx_word' id='word_1_440' title='bbox 2694 2167 2764 2219; x_wconf 92' lang='lat' dir='ltr'><strong>ita</strong></span> <span class='ocrx_word' id='word_1_441' title='bbox 2805 2174 2867 2221; x_wconf 92' lang='lat' dir='ltr'><strong>ut</strong></span> <span class='ocrx_word' id='word_1_442' title='bbox 2913 2181 3025 2236; x_wconf 66' lang='lat' dir='ltr'><strong>pra:</strong></span> <span class='ocrx_word' id='word_1_443' title='bbox 3053 2166 3318 2222; x_wconf 89' lang='lat' dir='ltr'><strong>ebrietate</strong></span> <span class='ocrx_word' id='word_1_444' title='bbox 3353 2167 3435 2221; x_wconf 78' lang='lat' dir='ltr'><strong>vel</strong></span> 
     </span>
    </p>
   </div>
   <div class='ocr_carea' id='block_1_64' title="bbox 1861 2256 3439 2328">
    <p class='ocr_par' dir='ltr' id='par_1_64' title="bbox 1861 2256 3439 2328">
     <span class='ocr_line' id='line_1_64' title="bbox 1861 2256 3439 2328; baseline -0.002 -15"><span class='ocrx_word' id='word_1_445' title='bbox 1861 2257 2112 2328; x_wconf 83' lang='lat' dir='ltr'><strong>crapula,</strong></span> <span class='ocrx_word' id='word_1_446' title='bbox 2145 2272 2340 2324; x_wconf 64' lang='lat' dir='ltr'><strong>sacrae,</strong></span> <span class='ocrx_word' id='word_1_447' title='bbox 2379 2272 2541 2327; x_wconf 85' lang='lat' dir='ltr'><strong>quam</strong></span> <span class='ocrx_word' id='word_1_448' title='bbox 2571 2256 2909 2311; x_wconf 88' lang='lat' dir='ltr'><strong>celebramus</strong></span> <span class='ocrx_word' id='word_1_449' title='bbox 2936 2296 2951 2320; x_wconf 93' lang='lat'><strong>,</strong></span> <span class='ocrx_word' id='word_1_450' title='bbox 3003 2258 3277 2313; x_wconf 62' lang='lat' dir='ltr'><strong>memoriae</strong></span> <span class='ocrx_word' id='word_1_451' title='bbox 3315 2258 3439 2311; x_wconf 87' lang='lat' dir='ltr'><strong>illu-</strong></span> 
     </span>
    </p>
   </div>
   <div class='ocr_carea' id='block_1_65' title="bbox 1856 2347 3436 2416">
    <p class='ocr_par' dir='ltr' id='par_1_65' title="bbox 1856 2347 3436 2416">
     <span class='ocr_line' id='line_1_65' title="bbox 1856 2347 3436 2416; baseline -0.001 -13"><span class='ocrx_word' id='word_1_452' title='bbox 1856 2349 2054 2403; x_wconf 66' lang='lat' dir='ltr'><strong>damus</strong></span> <span class='ocrx_word' id='word_1_453' title='bbox 2082 2366 2096 2401; x_wconf 94' lang='lat'><strong>:</strong></span> <span class='ocrx_word' id='word_1_454' title='bbox 2131 2349 2225 2403; x_wconf 89' lang='lat' dir='ltr'><strong>sed</strong></span> <span class='ocrx_word' id='word_1_455' title='bbox 2256 2364 2379 2402; x_wconf 92' lang='lat' dir='ltr'><strong>cum</strong></span> <span class='ocrx_word' id='word_1_456' title='bbox 2407 2348 2712 2402; x_wconf 89' lang='lat' dir='ltr'><strong>reverentia</strong></span> <span class='ocrx_word' id='word_1_457' title='bbox 2737 2348 2950 2402; x_wconf 90' lang='lat' dir='ltr'><strong>laudem</strong></span> <span class='ocrx_word' id='word_1_458' title='bbox 2976 2347 3086 2402; x_wconf 91' lang='lat' dir='ltr'><strong>Deo</strong></span> <span class='ocrx_word' id='word_1_459' title='bbox 3117 2348 3436 2416; x_wconf 80' lang='lat' dir='ltr'><strong>offerentes,</strong></span> 
     </span>
    </p>
   </div>
   <div class='ocr_carea' id='block_1_66' title="bbox 1862 2440 3440 2512">
    <p class='ocr_par' dir='ltr' id='par_1_66' title="bbox 1862 2440 3440 2512">
     <span class='ocr_line' id='line_1_66' title="bbox 1862 2440 3440 2512; baseline 0 -18"><span class='ocrx_word' id='word_1_460' title='bbox 1862 2441 1954 2511; x_wconf 91' lang='lat' dir='ltr'><strong>qui</strong></span> <span class='ocrx_word' id='word_1_461' title='bbox 1993 2455 2092 2495; x_wconf 92' lang='lat' dir='ltr'><strong>nos</strong></span> <span class='ocrx_word' id='word_1_462' title='bbox 2123 2457 2291 2495; x_wconf 67' lang='lat' dir='ltr'><strong>sacra:</strong></span> <span class='ocrx_word' id='word_1_463' title='bbox 2313 2441 2477 2509; x_wconf 81' lang='lat' dir='ltr'><strong>hujus</strong></span> <span class='ocrx_word' id='word_1_464' title='bbox 2501 2440 2837 2495; x_wconf 61' lang='lat' dir='ltr'><strong>caremoniaa</strong></span> <span class='ocrx_word' id='word_1_465' title='bbox 2853 2440 3217 2495; x_wconf 88' lang='lat' dir='ltr'><strong>celebratione</strong></span> <span class='ocrx_word' id='word_1_466' title='bbox 3251 2441 3440 2512; x_wconf 84' lang='lat' dir='ltr'><strong>digna-</strong></span> 
     </span>
    </p>
   </div>
   <div class='ocr_carea' id='block_1_67' title="bbox 1863 2531 3435 2602">
    <p class='ocr_par' dir='ltr' id='par_1_67' title="bbox 1863 2531 3435 2602">
     <span class='ocr_line' id='line_1_67' title="bbox 1863 2531 3435 2602; baseline -0.001 -15"><span class='ocrx_word' id='word_1_467' title='bbox 1863 2543 1952 2587; x_wconf 89' lang='lat' dir='ltr'><strong>tus</strong></span> <span class='ocrx_word' id='word_1_468' title='bbox 1987 2541 2089 2586; x_wconf 92' lang='lat' dir='ltr'><strong>est.</strong></span> <span class='ocrx_word' id='word_1_469' title='bbox 2119 2532 2209 2586; x_wconf 91' lang='lat' dir='ltr'><strong>Sic</strong></span> <span class='ocrx_word' id='word_1_470' title='bbox 2233 2531 2301 2586; x_wconf 94' lang='lat' dir='ltr'><strong>ad</strong></span> <span class='ocrx_word' id='word_1_471' title='bbox 2326 2547 2530 2586; x_wconf 60' lang='lat' dir='ltr'><strong>mensa</strong></span> <span class='ocrx_word' id='word_1_472' title='bbox 2548 2547 2686 2602; x_wconf 92' lang='lat' dir='ltr'><strong>opus</strong></span> <span class='ocrx_word' id='word_1_473' title='bbox 2703 2532 3013 2593; x_wconf 81' lang='lat' dir='ltr'><strong>accedatur,</strong></span> <span class='ocrx_word' id='word_1_474' title='bbox 3049 2531 3296 2599; x_wconf 84' lang='lat' dir='ltr'><strong>adjuncta</strong></span> <span class='ocrx_word' id='word_1_475' title='bbox 3324 2534 3435 2601; x_wconf 86' lang='lat' dir='ltr'><strong>jam</strong></span> 
     </span>
    </p>
   </div>
   <div class='ocr_carea' id='block_1_68' title="bbox 1862 2623 3438 2694">
    <p class='ocr_par' dir='ltr' id='par_1_68' title="bbox 1862 2623 3438 2694">
     <span class='ocr_line' id='line_1_68' title="bbox 1862 2623 3438 2694; baseline 0.001 -17"><span class='ocrx_word' id='word_1_476' title='bbox 1862 2623 1985 2677; x_wconf 88' lang='lat' dir='ltr'><strong>libri</strong></span> <span class='ocrx_word' id='word_1_477' title='bbox 2021 2623 2271 2687; x_wconf 90' lang='lat' dir='ltr'><strong>lectione,</strong></span> <span class='ocrx_word' id='word_1_478' title='bbox 2309 2631 2369 2677; x_wconf 92' lang='lat' dir='ltr'><strong>ut</strong></span> <span class='ocrx_word' id='word_1_479' title='bbox 2414 2623 2469 2677; x_wconf 91' lang='lat' dir='ltr'><strong>in</strong></span> <span class='ocrx_word' id='word_1_480' title='bbox 2509 2624 2626 2693; x_wconf 90' lang='lat' dir='ltr'><strong>ipso</strong></span> <span class='ocrx_word' id='word_1_481' title='bbox 2657 2623 2819 2677; x_wconf 91' lang='lat' dir='ltr'><strong>etiam</strong></span> <span class='ocrx_word' id='word_1_482' title='bbox 2853 2633 3014 2694; x_wconf 91' lang='lat' dir='ltr'><strong>pastu</strong></span> <span class='ocrx_word' id='word_1_483' title='bbox 3057 2633 3244 2678; x_wconf 83' lang='lat' dir='ltr'><strong>nostro</strong></span> <span class='ocrx_word' id='word_1_484' title='bbox 3267 2664 3282 2690; x_wconf 94' lang='lat'><strong>,</strong></span> <span class='ocrx_word' id='word_1_485' title='bbox 3318 2640 3438 2693; x_wconf 66' lang='lat' dir='ltr'><strong>qua:</strong></span> 
     </span>
    </p>
   </div>
   <div class='ocr_carea' id='block_1_69' title="bbox 1862 2713 3438 2786">
    <p class='ocr_par' dir='ltr' id='par_1_69' title="bbox 1862 2713 3438 2786">
     <span class='ocr_line' id='line_1_69' title="bbox 1862 2713 3438 2786; baseline 0.001 -18"><span class='ocrx_word' id='word_1_486' title='bbox 1862 2713 2093 2768; x_wconf 89' lang='lat' dir='ltr'><strong>Domino</strong></span> <span class='ocrx_word' id='word_1_487' title='bbox 2125 2722 2254 2767; x_wconf 87' lang='lat' dir='ltr'><strong>sunt</strong></span> <span class='ocrx_word' id='word_1_488' title='bbox 2295 2723 2447 2785; x_wconf 88' lang='lat' dir='ltr'><strong>grata</strong></span> <span class='ocrx_word' id='word_1_489' title='bbox 2506 2723 2884 2770; x_wconf 76' lang='lat' dir='ltr'><strong>consectentur</strong></span> <span class='ocrx_word' id='word_1_490' title='bbox 2915 2732 2928 2768; x_wconf 93' lang='lat'><strong>:</strong></span> <span class='ocrx_word' id='word_1_491' title='bbox 2961 2731 3081 2786; x_wconf 69' lang='lat' dir='ltr'><strong>qua:</strong></span> <span class='ocrx_word' id='word_1_492' title='bbox 3141 2725 3438 2786; x_wconf 83' lang='lat' dir='ltr'><strong>supersunt</strong></span> 
     </span>
    </p>
   </div>
   <div class='ocr_carea' id='block_1_70' title="bbox 1862 2808 3438 2880">
    <p class='ocr_par' dir='ltr' id='par_1_70' title="bbox 1862 2808 3438 2880">
     <span class='ocr_line' id='line_1_70' title="bbox 1862 2808 3438 2880; baseline 0.003 -21"><span class='ocrx_word' id='word_1_493' title='bbox 1862 2808 2192 2877; x_wconf 86' lang='lat' dir='ltr'><strong>pauperibus</strong></span> <span class='ocrx_word' id='word_1_494' title='bbox 2220 2810 2532 2879; x_wconf 85' lang='lat' dir='ltr'><strong>erogando;</strong></span> <span class='ocrx_word' id='word_1_495' title='bbox 2566 2825 2674 2864; x_wconf 89' lang='lat' dir='ltr'><strong>non</strong></span> <span class='ocrx_word' id='word_1_496' title='bbox 2711 2809 3065 2880; x_wconf 78' lang='lat' dir='ltr'><strong>gliscentibus</strong></span> <span class='ocrx_word' id='word_1_497' title='bbox 3086 2811 3222 2863; x_wconf 91' lang='lat' dir='ltr'><strong>inter</strong></span> <span class='ocrx_word' id='word_1_498' title='bbox 3246 2812 3438 2879; x_wconf 84' lang='lat' dir='ltr'><strong>epulas</strong></span> 
     </span>
    </p>
   </div>
   <div class='ocr_carea' id='block_1_71' title="bbox 1864 2899 3432 2968">
    <p class='ocr_par' dir='ltr' id='par_1_71' title="bbox 1864 2899 3432 2968">
     <span class='ocr_line' id='line_1_71' title="bbox 1864 2899 3432 2968; baseline 0.003 -16"><span class='ocrx_word' id='word_1_499' title='bbox 1864 2899 2116 2954; x_wconf 89' lang='lat' dir='ltr'><strong>inanibus</strong></span> <span class='ocrx_word' id='word_1_500' title='bbox 2146 2901 2358 2968; x_wconf 83' lang='lat' dir='ltr'><strong>verbis,</strong></span> <span class='ocrx_word' id='word_1_501' title='bbox 2393 2917 2496 2955; x_wconf 87' lang='lat' dir='ltr'><strong>nec</strong></span> <span class='ocrx_word' id='word_1_502' title='bbox 2529 2901 2805 2966; x_wconf 90' lang='lat' dir='ltr'><strong>ridiculis,</strong></span> <span class='ocrx_word' id='word_1_503' title='bbox 2843 2917 2912 2955; x_wconf 90' lang='lat' dir='ltr'><strong>ne</strong></span> <span class='ocrx_word' id='word_1_504' title='bbox 2942 2902 3117 2955; x_wconf 91' lang='lat' dir='ltr'><strong>dicam</strong></span> <span class='ocrx_word' id='word_1_505' title='bbox 3163 2902 3387 2955; x_wconf 86' lang='lat' dir='ltr'><strong>ludicris</strong></span> <span class='ocrx_word' id='word_1_506' title='bbox 3418 2919 3432 2956; x_wconf 90' lang='lat'><strong>:</strong></span> 
     </span>
    </p>
   </div>
   <div class='ocr_carea' id='block_1_72' title="bbox 1863 2990 3434 3058">
    <p class='ocr_par' dir='ltr' id='par_1_72' title="bbox 1863 2990 3434 3058">
     <span class='ocr_line' id='line_1_72' title="bbox 1863 2990 3434 3058; baseline 0.003 -16"><span class='ocrx_word' id='word_1_507' title='bbox 1863 2990 2300 3058; x_wconf 89' lang='lat' dir='ltr'><strong>quandoquidem</strong></span> <span class='ocrx_word' id='word_1_508' title='bbox 2323 2991 2496 3044; x_wconf 88' lang='lat' dir='ltr'><strong>cuivis</strong></span> <span class='ocrx_word' id='word_1_509' title='bbox 2518 2991 2829 3044; x_wconf 87' lang='lat' dir='ltr'><strong>Christiano</strong></span> <span class='ocrx_word' id='word_1_510' title='bbox 2853 2991 2904 3046; x_wconf 92' lang='lat' dir='ltr'><strong>id</strong></span> <span class='ocrx_word' id='word_1_511' title='bbox 2931 2993 3068 3046; x_wconf 88' lang='lat' dir='ltr'><strong>ratio</strong></span> <span class='ocrx_word' id='word_1_512' title='bbox 3089 3001 3254 3046; x_wconf 85' lang='lat' dir='ltr'><strong>vetat.</strong></span> <span class='ocrx_word' id='word_1_513' title='bbox 3280 2991 3434 3057; x_wconf 86' lang='lat' dir='ltr'><strong>Quod</strong></span> 
     </span>
    </p>
   </div>
   <div class='ocr_carea' id='block_1_73' title="bbox 1864 3080 3437 3151">
    <p class='ocr_par' dir='ltr' id='par_1_73' title="bbox 1864 3080 3437 3151">
     <span class='ocr_line' id='line_1_73' title="bbox 1864 3080 3437 3151; baseline 0.003 -18"><span class='ocrx_word' id='word_1_514' title='bbox 1864 3080 1906 3133; x_wconf 91' lang='lat' dir='ltr'><strong>si</strong></span> <span class='ocrx_word' id='word_1_515' title='bbox 1948 3080 2096 3148; x_wconf 90' lang='lat' dir='ltr'><strong>loqui</strong></span> <span class='ocrx_word' id='word_1_516' title='bbox 2128 3090 2407 3148; x_wconf 85' lang='lat' dir='ltr'><strong>oporteat,</strong></span> <span class='ocrx_word' id='word_1_517' title='bbox 2451 3095 2631 3134; x_wconf 86' lang='lat' dir='ltr'><strong>sermo</strong></span> <span class='ocrx_word' id='word_1_518' title='bbox 2665 3081 2734 3135; x_wconf 89' lang='lat' dir='ltr'><strong>sit</strong></span> <span class='ocrx_word' id='word_1_519' title='bbox 2761 3083 2828 3135; x_wconf 90' lang='lat' dir='ltr'><strong>de</strong></span> <span class='ocrx_word' id='word_1_520' title='bbox 2858 3083 2924 3135; x_wconf 90' lang='lat' dir='ltr'><strong>iis</strong></span> <span class='ocrx_word' id='word_1_521' title='bbox 2962 3099 3081 3151; x_wconf 70' lang='lat' dir='ltr'><strong>qua:</strong></span> <span class='ocrx_word' id='word_1_522' title='bbox 3108 3083 3437 3138; x_wconf 87' lang='lat' dir='ltr'><strong>Christianis</strong></span> 
     </span>
    </p>
   </div>
   <div class='ocr_carea' id='block_1_74' title="bbox 1862 3173 3437 3243">
    <p class='ocr_par' dir='ltr' id='par_1_74' title="bbox 1862 3173 3437 3243">
     <span class='ocr_line' id='line_1_74' title="bbox 1862 3173 3437 3243; baseline -0.001 -14"><span class='ocrx_word' id='word_1_523' title='bbox 1862 3174 2198 3229; x_wconf 90' lang='lat' dir='ltr'><strong>conveniunt</strong></span> <span class='ocrx_word' id='word_1_524' title='bbox 2249 3190 2262 3226; x_wconf 91' lang='lat'><strong>:</strong></span> <span class='ocrx_word' id='word_1_525' title='bbox 2312 3174 2612 3227; x_wconf 90' lang='lat' dir='ltr'><strong>cavendum</strong></span> <span class='ocrx_word' id='word_1_526' title='bbox 2661 3173 3072 3243; x_wconf 87' lang='lat' dir='ltr'><strong>jusjurandum;</strong></span> <span class='ocrx_word' id='word_1_527' title='bbox 3133 3175 3437 3228; x_wconf 87' lang='lat' dir='ltr'><strong>habendam</strong></span> 
     </span>
    </p>
   </div>
   <div class='ocr_carea' id='block_1_75' title="bbox 1862 3263 3438 3332">
    <p class='ocr_par' dir='ltr' id='par_1_75' title="bbox 1862 3263 3438 3332">
     <span class='ocr_line' id='line_1_75' title="bbox 1862 3263 3438 3332; baseline 0.001 -15"><span class='ocrx_word' id='word_1_528' title='bbox 1862 3273 2053 3317; x_wconf 88' lang='lat' dir='ltr'><strong>mutuo</strong></span> <span class='ocrx_word' id='word_1_529' title='bbox 2078 3264 2398 3317; x_wconf 86' lang='lat' dir='ltr'><strong>charitatem</strong></span> <span class='ocrx_word' id='word_1_530' title='bbox 2426 3280 2440 3328; x_wconf 86' lang='lat'><strong>;</strong></span> <span class='ocrx_word' id='word_1_531' title='bbox 2473 3263 2756 3317; x_wconf 87' lang='lat' dir='ltr'><strong>veritatem</strong></span> <span class='ocrx_word' id='word_1_532' title='bbox 2786 3278 2878 3317; x_wconf 90' lang='lat' dir='ltr'><strong>ore</strong></span> <span class='ocrx_word' id='word_1_533' title='bbox 2917 3264 3266 3332; x_wconf 88' lang='lat' dir='ltr'><strong>promendam</strong></span> <span class='ocrx_word' id='word_1_534' title='bbox 3295 3265 3438 3329; x_wconf 47' lang='grc' dir='ltr'>φάο-</span> 
     </span>
    </p>
   </div>
   <div class='ocr_carea' id='block_1_76' title="bbox 1859 3354 3437 3426">
    <p class='ocr_par' dir='ltr' id='par_1_76' title="bbox 1859 3354 3437 3426">
     <span class='ocr_line' id='line_1_76' title="bbox 1859 3354 3437 3426; baseline -0.001 -16"><span class='ocrx_word' id='word_1_535' title='bbox 1859 3357 1968 3410; x_wconf 94' lang='lat' dir='ltr'><strong>lum</strong></span> <span class='ocrx_word' id='word_1_536' title='bbox 2016 3356 2389 3425; x_wconf 87' lang='lat' dir='ltr'><strong>invidiamque</strong></span> <span class='ocrx_word' id='word_1_537' title='bbox 2440 3355 2795 3426; x_wconf 86' lang='lat' dir='ltr'><strong>fugiendam;</strong></span> <span class='ocrx_word' id='word_1_538' title='bbox 2829 3354 3244 3408; x_wconf 86' lang='lat' dir='ltr'><strong>beneficentiam</strong></span> <span class='ocrx_word' id='word_1_539' title='bbox 3286 3370 3437 3424; x_wconf 64' lang='lat' dir='ltr'><strong>omni</strong></span> 
     </span>
    </p>
   </div>
   <div class='ocr_carea' id='block_1_77' title="bbox 1860 3447 3436 3515">
    <p class='ocr_par' dir='ltr' id='par_1_77' title="bbox 1860 3447 3436 3515">
     <span class='ocr_line' id='line_1_77' title="bbox 1860 3447 3436 3515; baseline -0.001 -14"><span class='ocrx_word' id='word_1_540' title='bbox 1860 3448 2040 3502; x_wconf 90' lang='lat' dir='ltr'><strong>studio</strong></span> <span class='ocrx_word' id='word_1_541' title='bbox 2066 3449 2441 3513; x_wconf 90' lang='lat' dir='ltr'><strong>retinendam;</strong></span> <span class='ocrx_word' id='word_1_542' title='bbox 2473 3447 2716 3500; x_wconf 80' lang='lat' dir='ltr'><strong>infirmos</strong></span> <span class='ocrx_word' id='word_1_543' title='bbox 2747 3456 2802 3500; x_wconf 89' lang='lat' dir='ltr'><strong>et</strong></span> <span class='ocrx_word' id='word_1_544' title='bbox 2830 3447 2923 3515; x_wconf 91' lang='lat' dir='ltr'><strong>qui</strong></span> <span class='ocrx_word' id='word_1_545' title='bbox 2960 3447 3012 3500; x_wconf 93' lang='lat' dir='ltr'><strong>in</strong></span> <span class='ocrx_word' id='word_1_546' title='bbox 3051 3460 3269 3500; x_wconf 89' lang='lat' dir='ltr'><strong>carcere</strong></span> <span class='ocrx_word' id='word_1_547' title='bbox 3307 3456 3436 3500; x_wconf 90' lang='lat' dir='ltr'><strong>sunt</strong></span> 
     </span>
    </p>
   </div>
   <div class='ocr_carea' id='block_1_78' title="bbox 1861 3535 3439 3605">
    <p class='ocr_par' dir='ltr' id='par_1_78' title="bbox 1861 3535 3439 3605">
     <span class='ocr_line' id='line_1_78' title="bbox 1861 3535 3439 3605; baseline -0.001 -13"><span class='ocrx_word' id='word_1_548' title='bbox 1861 3541 2156 3595; x_wconf 83' lang='lat' dir='ltr'><strong>visitandos</strong></span> <span class='ocrx_word' id='word_1_549' title='bbox 2183 3556 2197 3604; x_wconf 92' lang='lat'><strong>;</strong></span> <span class='ocrx_word' id='word_1_550' title='bbox 2231 3539 2557 3594; x_wconf 89' lang='lat' dir='ltr'><strong>lectionibus</strong></span> <span class='ocrx_word' id='word_1_551' title='bbox 2574 3536 2988 3592; x_wconf 86' lang='lat' dir='ltr'><strong>auscultandum</strong></span> <span class='ocrx_word' id='word_1_552' title='bbox 3017 3546 3070 3590; x_wconf 91' lang='lat' dir='ltr'><strong>et</strong></span> <span class='ocrx_word' id='word_1_553' title='bbox 3098 3535 3164 3590; x_wconf 91' lang='lat' dir='ltr'><strong>iis</strong></span> <span class='ocrx_word' id='word_1_554' title='bbox 3182 3537 3272 3605; x_wconf 89' lang='lat' dir='ltr'><strong>qui</strong></span> <span class='ocrx_word' id='word_1_555' title='bbox 3299 3551 3439 3605; x_wconf 79' lang='lat' dir='ltr'><strong>pra:-</strong></span> 
     </span>
    </p>
   </div>
   <div class='ocr_carea' id='block_1_79' title="bbox 1863 3629 3436 3700">
    <p class='ocr_par' dir='ltr' id='par_1_79' title="bbox 1863 3629 3436 3700">
     <span class='ocr_line' id='line_1_79' title="bbox 1863 3629 3436 3700; baseline -0.003 -13"><span class='ocrx_word' id='word_1_556' title='bbox 1863 3643 1992 3688; x_wconf 89' lang='lat' dir='ltr'><strong>sunt</strong></span> <span class='ocrx_word' id='word_1_557' title='bbox 2029 3633 2084 3686; x_wconf 93' lang='lat' dir='ltr'><strong>in</strong></span> <span class='ocrx_word' id='word_1_558' title='bbox 2116 3631 2403 3695; x_wconf 89' lang='lat' dir='ltr'><strong>Ecclesiis;</strong></span> <span class='ocrx_word' id='word_1_559' title='bbox 2444 3632 2654 3685; x_wconf 89' lang='lat' dir='ltr'><strong>honore</strong></span> <span class='ocrx_word' id='word_1_560' title='bbox 2711 3629 2943 3684; x_wconf 89' lang='lat' dir='ltr'><strong>invicem</strong></span> <span class='ocrx_word' id='word_1_561' title='bbox 3001 3629 3436 3700; x_wconf 70' lang='lat' dir='ltr'><strong>prazveniendos,</strong></span> 
     </span>
    </p>
   </div>
   <div class='ocr_carea' id='block_1_80' title="bbox 1865 3721 3439 3793">
    <p class='ocr_par' dir='ltr' id='par_1_80' title="bbox 1865 3721 3439 3793">
     <span class='ocr_line' id='line_1_80' title="bbox 1865 3721 3439 3793; baseline -0.003 -17"><span class='ocrx_word' id='word_1_562' title='bbox 1865 3724 1958 3779; x_wconf 89' lang='lat' dir='ltr'><strong>Dei</strong></span> <span class='ocrx_word' id='word_1_563' title='bbox 1988 3723 2285 3793; x_wconf 65' lang='lat' dir='ltr'><strong>praesertim</strong></span> <span class='ocrx_word' id='word_1_564' title='bbox 2338 3722 2650 3776; x_wconf 83' lang='lat' dir='ltr'><strong>sacerdotes</strong></span> <span class='ocrx_word' id='word_1_565' title='bbox 2692 3728 2746 3774; x_wconf 92' lang='lat' dir='ltr'><strong>et</strong></span> <span class='ocrx_word' id='word_1_566' title='bbox 2776 3721 3106 3787; x_wconf 84' lang='lat' dir='ltr'><strong>monachos;</strong></span> <span class='ocrx_word' id='word_1_567' title='bbox 3157 3721 3439 3789; x_wconf 88' lang='lat' dir='ltr'><strong>hospitali-</strong></span> 
     </span>
    </p>
   </div>
   <div class='ocr_carea' id='block_1_81' title="bbox 1865 3809 3440 3879">
    <p class='ocr_par' dir='ltr' id='par_1_81' title="bbox 1865 3809 3440 3879">
     <span class='ocr_line' id='line_1_81' title="bbox 1865 3809 3440 3879; baseline -0.003 -10"><span class='ocrx_word' id='word_1_568' title='bbox 1865 3815 1958 3868; x_wconf 89' lang='lat' dir='ltr'><strong>tati</strong></span> <span class='ocrx_word' id='word_1_569' title='bbox 1988 3813 2346 3879; x_wconf 91' lang='lat' dir='ltr'><strong>studendum;</strong></span> <span class='ocrx_word' id='word_1_570' title='bbox 2379 3827 2409 3865; x_wconf 91' lang='lat' dir='ltr'><strong>a</strong></span> <span class='ocrx_word' id='word_1_571' title='bbox 2441 3811 2802 3866; x_wconf 90' lang='lat' dir='ltr'><strong>fornicatione</strong></span> <span class='ocrx_word' id='word_1_572' title='bbox 2838 3819 2895 3864; x_wconf 88' lang='lat' dir='ltr'><strong>et</strong></span> <span class='ocrx_word' id='word_1_573' title='bbox 2937 3811 3196 3864; x_wconf 88' lang='lat' dir='ltr'><strong>ebrietate</strong></span> <span class='ocrx_word' id='word_1_574' title='bbox 3219 3809 3440 3879; x_wconf 83' lang='lat' dir='ltr'><strong>penitus</strong></span> 
     </span>
    </p>
   </div>
   <div class='ocr_carea' id='block_1_82' title="bbox 1860 3899 3436 3969">
    <p class='ocr_par' dir='ltr' id='par_1_82' title="bbox 1860 3899 3436 3969">
     <span class='ocr_line' id='line_1_82' title="bbox 1860 3899 3436 3969; baseline -0.004 -10"><span class='ocrx_word' id='word_1_575' title='bbox 1860 3905 2282 3969; x_wconf 86' lang='lat' dir='ltr'><strong>abstinendum;</strong></span> <span class='ocrx_word' id='word_1_576' title='bbox 2341 3903 2700 3958; x_wconf 79' lang='lat' dir='ltr'><strong>orthodoxam</strong></span> <span class='ocrx_word' id='word_1_577' title='bbox 2753 3901 2913 3955; x_wconf 86' lang='lat' dir='ltr'><strong>fidem</strong></span> <span class='ocrx_word' id='word_1_578' title='bbox 2953 3899 3383 3956; x_wconf 81' lang='lat' dir='ltr'><strong>conServandatn</strong></span> <span class='ocrx_word' id='word_1_579' title='bbox 3420 3917 3436 3953; x_wconf 87' lang='lat'>:</span> 
     </span>
    </p>
   </div>
   <div class='ocr_carea' id='block_1_83' title="bbox 1859 3989 3440 4061">
    <p class='ocr_par' dir='ltr' id='par_1_83' title="bbox 1859 3989 3440 4061">
     <span class='ocr_line' id='line_1_83' title="bbox 1859 3989 3440 4061; baseline -0.005 -11"><span class='ocrx_word' id='word_1_580' title='bbox 1859 3997 1927 4050; x_wconf 90' lang='lat' dir='ltr'><strong>ab</strong></span> <span class='ocrx_word' id='word_1_581' title='bbox 1964 3995 2348 4049; x_wconf 58' lang='lat' dir='ltr'><strong>hereticorum</strong></span> <span class='ocrx_word' id='word_1_582' title='bbox 2381 3993 2765 4047; x_wconf 88' lang='lat' dir='ltr'><strong>communione</strong></span> <span class='ocrx_word' id='word_1_583' title='bbox 2795 3991 2987 4061; x_wconf 91' lang='lat' dir='ltr'><strong>procul</strong></span> <span class='ocrx_word' id='word_1_584' title='bbox 3038 3989 3440 4060; x_wconf 88' lang='lat' dir='ltr'><strong>refugiendum.</strong></span> 
     </span>
    </p>
   </div>
   <div class='ocr_carea' id='block_1_84' title="bbox 1861 4081 3443 4153">
    <p class='ocr_par' dir='ltr' id='par_1_84' title="bbox 1861 4081 3443 4153">
     <span class='ocr_line' id='line_1_84' title="bbox 1861 4081 3443 4153; baseline -0.003 -14"><span class='ocrx_word' id='word_1_585' title='bbox 1861 4085 2062 4141; x_wconf 83' lang='lat' dir='ltr'><strong>Horum</strong></span> <span class='ocrx_word' id='word_1_586' title='bbox 2098 4084 2365 4153; x_wconf 90' lang='lat' dir='ltr'><strong>siquidem</strong></span> <span class='ocrx_word' id='word_1_587' title='bbox 2397 4083 2603 4137; x_wconf 88' lang='lat' dir='ltr'><strong>mentio</strong></span> <span class='ocrx_word' id='word_1_588' title='bbox 2633 4091 2688 4137; x_wconf 93' lang='lat' dir='ltr'><strong>et</strong></span> <span class='ocrx_word' id='word_1_589' title='bbox 2711 4082 2988 4137; x_wconf 87' lang='lat' dir='ltr'><strong>meditatio</strong></span> <span class='ocrx_word' id='word_1_590' title='bbox 3013 4081 3311 4135; x_wconf 91' lang='lat' dir='ltr'><strong>multorum</strong></span> <span class='ocrx_word' id='word_1_591' title='bbox 3343 4096 3443 4134; x_wconf 91' lang='lat' dir='ltr'><strong>no-</strong></span> 
     </span>
    </p>
   </div>
   <div class='ocr_carea' id='block_1_85' title="bbox 1857 4174 2684 4236">
    <p class='ocr_par' dir='ltr' id='par_1_85' title="bbox 1857 4174 2684 4236">
     <span class='ocr_line' id='line_1_85' title="bbox 1857 4174 2684 4236; baseline -0.006 -3"><span class='ocrx_word' id='word_1_592' title='bbox 1857 4179 1941 4233; x_wconf 92' lang='lat' dir='ltr'><strong>bis</strong></span> <span class='ocrx_word' id='word_1_593' title='bbox 1980 4178 2249 4231; x_wconf 89' lang='lat' dir='ltr'><strong>bonorum</strong></span> <span class='ocrx_word' id='word_1_594' title='bbox 2283 4175 2423 4228; x_wconf 89' lang='lat' dir='ltr'><strong>viam</strong></span> <span class='ocrx_word' id='word_1_595' title='bbox 2453 4174 2684 4236; x_wconf 81' lang='lat' dir='ltr'><strong>muniet.</strong></span> 
     </span>
    </p>
   </div>
   <div class='ocr_carea' id='block_1_86' title="bbox 181 4265 3440 4346">
    <p class='ocr_par' dir='ltr' id='par_1_86' title="bbox 181 4265 3440 4346">
     <span class='ocr_line' id='line_1_86' title="bbox 181 4265 3440 4346; baseline -0.002 -20"><span class='ocrx_word' id='word_1_596' title='bbox 181 4289 251 4338; x_wconf 87' lang='grc' dir='ltr'><strong>σι,</strong></span> <span class='ocrx_word' id='word_1_597' title='bbox 279 4273 380 4325; x_wconf 81' lang='grc' dir='ltr'>καὶ</span> <span class='ocrx_word' id='word_1_598' title='bbox 410 4273 528 4332; x_wconf 88' lang='grc' dir='ltr'>ταῖς</span> <span class='ocrx_word' id='word_1_599' title='bbox 560 4271 616 4322; x_wconf 87' lang='grc' dir='ltr'><strong>ἐν</strong></span> <span class='ocrx_word' id='word_1_600' title='bbox 656 4265 973 4336; x_wconf 83' lang='grc' dir='ltr'>ἐκκλησίαις</span> <span class='ocrx_word' id='word_1_601' title='bbox 1018 4269 1327 4338; x_wconf 88' lang='grc' dir='ltr'>προεδρίαις</span> <span class='ocrx_word' id='word_1_602' title='bbox 1349 4285 1360 4297; x_wconf 84' lang='lat'><strong>&#39;</strong></span> <span class='ocrx_word' id='word_1_603' title='bbox 1395 4271 1658 4340; x_wconf 82' lang='grc' dir='ltr'>ἀλλήλους</span> <span class='ocrx_word' id='word_1_604' title='bbox 1696 4277 1758 4344; x_wconf 84' lang='grc' dir='ltr'>τῇ</span> <span class='ocrx_word' id='word_1_605' title='bbox 1801 4278 1933 4346; x_wconf 78' lang='grc' dir='ltr'>τιμῇ</span> <span class='ocrx_word' id='word_1_606' title='bbox 1958 4270 2338 4343; x_wconf 89' lang='grc' dir='ltr'>προηγεῖσθαι,</span> <span class='ocrx_word' id='word_1_607' title='bbox 2361 4271 2450 4322; x_wconf 62' lang='grc' dir='ltr'><strong>καὶ</strong></span> <span class='ocrx_word' id='word_1_608' title='bbox 2471 4270 2704 4340; x_wconf 89' lang='grc' dir='ltr'>μάλιστα</span> <span class='ocrx_word' id='word_1_609' title='bbox 2727 4269 2888 4337; x_wconf 80' lang='grc' dir='ltr'>ἱερεῖς</span> <span class='ocrx_word' id='word_1_610' title='bbox 2908 4284 2967 4320; x_wconf 90' lang='grc' dir='ltr'><strong>τε</strong></span> <span class='ocrx_word' id='word_1_611' title='bbox 2984 4265 3119 4318; x_wconf 86' lang='grc' dir='ltr'>Θεοῦ</span> <span class='ocrx_word' id='word_1_612' title='bbox 3160 4265 3253 4317; x_wconf 64' lang='grc' dir='ltr'><strong>καὶ⁸</strong></span> <span class='ocrx_word' id='word_1_613' title='bbox 3277 4281 3440 4334; x_wconf 72' lang='grc' dir='ltr'>μοναο</span> 
     </span>
    </p>
   </div>
   <div class='ocr_carea' id='block_1_87' title="bbox 180 4361 3442 4438">
    <p class='ocr_par' dir='ltr' id='par_1_87' title="bbox 180 4361 3442 4438">
     <span class='ocr_line' id='line_1_87' title="bbox 180 4361 3442 4438; baseline -0.002 -20"><span class='ocrx_word' id='word_1_614' title='bbox 180 4367 332 4430; x_wconf 82' lang='grc' dir='ltr'>στάς·</span> <span class='ocrx_word' id='word_1_615' title='bbox 353 4365 657 4436; x_wconf 81' lang='grc' dir='ltr'>φιλοξενίαν</span> <span class='ocrx_word' id='word_1_616' title='bbox 681 4363 1054 4432; x_wconf 85' lang='grc' dir='ltr'>μεταδιώκειν·</span> <span class='ocrx_word' id='word_1_617' title='bbox 1075 4365 1330 4434; x_wconf 84' lang='grc' dir='ltr'>πορνείας</span> <span class='ocrx_word' id='word_1_618' title='bbox 1354 4366 1448 4417; x_wconf 75' lang='grc' dir='ltr'><strong>καὶ</strong></span> <span class='ocrx_word' id='word_1_619' title='bbox 1471 4367 1638 4438; x_wconf 86' lang='grc' dir='ltr'>μέθης</span> <span class='ocrx_word' id='word_1_620' title='bbox 1658 4370 1716 4421; x_wconf 80' lang='grc' dir='ltr'><strong>τὸ</strong></span> <span class='ocrx_word' id='word_1_621' title='bbox 1740 4373 1968 4424; x_wconf 86' lang='grc' dir='ltr'>καθόλου</span> <span class='ocrx_word' id='word_1_622' title='bbox 1987 4367 2303 4438; x_wconf 85' lang='grc' dir='ltr'>ἀπέχεσθαι·</span> <span class='ocrx_word' id='word_1_623' title='bbox 2322 4367 2419 4437; x_wconf 84' lang='grc' dir='ltr'><strong>τὴν</strong></span> <span class='ocrx_word' id='word_1_624' title='bbox 2440 4362 2719 4436; x_wconf 79' lang='grc' dir='ltr'>ὀρθόδοξον</span> <span class='ocrx_word' id='word_1_625' title='bbox 2743 4363 2923 4415; x_wconf 88' lang='grc' dir='ltr'>πίστιν</span> <span class='ocrx_word' id='word_1_626' title='bbox 2945 4363 3211 4431; x_wconf 75' lang='grc' dir='ltr'>κατέχειψ</span> <span class='ocrx_word' id='word_1_627' title='bbox 3237 4361 3442 4430; x_wconf 77' lang='grc' dir='ltr'>αἱρετι-</span> 
     </span>
    </p>
   </div>
   <div class='ocr_carea' id='block_1_88' title="bbox 178 4452 3438 4531">
    <p class='ocr_par' dir='ltr' id='par_1_88' title="bbox 178 4452 3438 4531">
     <span class='ocr_line' id='line_1_88' title="bbox 178 4452 3438 4531; baseline -0.003 -19"><span class='ocrx_word' id='word_1_628' title='bbox 178 4460 290 4512; x_wconf 76' lang='grc' dir='ltr'><strong>κῶν</strong></span> <span class='ocrx_word' id='word_1_629' title='bbox 316 4457 604 4516; x_wconf 87' lang='grc' dir='ltr'>κοινωνίας</span> <span class='ocrx_word' id='word_1_630' title='bbox 626 4453 980 4524; x_wconf 79' lang='grc' dir='ltr'>ἀποφεύγειν.</span> <span class='ocrx_word' id='word_1_631' title='bbox 1005 4455 1232 4523; x_wconf 77' lang='grc' dir='ltr'>Καὶγάρ</span> <span class='ocrx_word' id='word_1_632' title='bbox 1249 4456 1356 4508; x_wconf 87' lang='grc' dir='ltr'><strong>τῶν</strong></span> <span class='ocrx_word' id='word_1_633' title='bbox 1377 4458 1634 4511; x_wconf 88' lang='grc' dir='ltr'>τοιούτων</span> <span class='ocrx_word' id='word_1_634' title='bbox 1663 4460 1823 4514; x_wconf 82' lang='grc' dir='ltr'>λα).ιά</span> <span class='ocrx_word' id='word_1_635' title='bbox 1861 4463 1955 4515; x_wconf 80' lang='grc' dir='ltr'>καὶ</span> <span class='ocrx_word' id='word_1_636' title='bbox 1976 4461 2200 4531; x_wconf 84' lang='grc' dir='ltr'>μελέτη,</span> <span class='ocrx_word' id='word_1_637' title='bbox 2221 4459 2430 4512; x_wconf 87' lang='grc' dir='ltr'>πολλῶν</span> <span class='ocrx_word' id='word_1_638' title='bbox 2451 4455 2670 4524; x_wconf 88' lang='grc' dir='ltr'>ἀγαθῶν</span> <span class='ocrx_word' id='word_1_639' title='bbox 2695 4453 2950 4524; x_wconf 78' lang='grc' dir='ltr'>πρόξενος</span> <span class='ocrx_word' id='word_1_640' title='bbox 2978 4453 3176 4521; x_wconf 88' lang='grc' dir='ltr'>γένοιτ’</span> <span class='ocrx_word' id='word_1_641' title='bbox 3194 4452 3260 4505; x_wconf 79' lang='grc' dir='ltr'>ἂν</span> <span class='ocrx_word' id='word_1_642' title='bbox 3286 4453 3438 4526; x_wconf 56' lang='grc' dir='ltr'>ἡμῖν.</span> 
     </span>
    </p>
   </div>
   <div class='ocr_carea' id='block_1_89' title="bbox 247 4543 1759 4618">
    <p class='ocr_par' dir='ltr' id='par_1_89' title="bbox 247 4544 1751 4618">
     <span class='ocr_line' id='line_1_89' title="bbox 247 4544 1751 4618; baseline -0.001 -14"><span class='ocrx_word' id='word_1_643' title='bbox 247 4549 490 4611; x_wconf 85' lang='grc' dir='ltr'>Ταύταις</span> <span class='ocrx_word' id='word_1_644' title='bbox 516 4548 635 4608; x_wconf 87' lang='grc' dir='ltr'>ταῖς</span> <span class='ocrx_word' id='word_1_645' title='bbox 663 4545 834 4607; x_wconf 89' lang='grc' dir='ltr'>θείαις</span> <span class='ocrx_word' id='word_1_646' title='bbox 882 4544 1178 4614; x_wconf 83' lang='grc' dir='ltr'>συνθήκαις</span> <span class='ocrx_word' id='word_1_647' title='bbox 1228 4548 1751 4618; x_wconf 87' lang='grc' dir='ltr'>συγκατατιθέμενοι</span> 
     </span>
    </p>
   </div>
   <div class='ocr_carea' id='block_1_90' title="bbox 1861 4543 3438 4618">
    <p class='ocr_par' dir='ltr' id='par_1_90' title="bbox 1930 4543 3438 4611">
     <span class='ocr_line' id='line_1_90' title="bbox 1930 4543 3438 4611; baseline -0.006 -5"><span class='ocrx_word' id='word_1_648' title='bbox 1930 4552 2024 4606; x_wconf 85' lang='lat' dir='ltr'><strong>llis</strong></span> <span class='ocrx_word' id='word_1_649' title='bbox 2053 4551 2255 4606; x_wconf 89' lang='lat' dir='ltr'><strong>divinis</strong></span> <span class='ocrx_word' id='word_1_650' title='bbox 2302 4548 2568 4604; x_wconf 86' lang='lat' dir='ltr'><strong>institutis</strong></span> <span class='ocrx_word' id='word_1_651' title='bbox 2612 4554 2921 4600; x_wconf 89' lang='lat' dir='ltr'><strong>annuentes</strong></span> <span class='ocrx_word' id='word_1_652' title='bbox 2969 4553 3025 4598; x_wconf 86' lang='lat' dir='ltr'><strong>et</strong></span> <span class='ocrx_word' id='word_1_653' title='bbox 3076 4543 3438 4611; x_wconf 60' lang='lat' dir='ltr'><strong>adhaerentes,</strong></span> 
     </span>
    </p>
   </div>
   <div class='ocr_carea' id='block_1_91' title="bbox 181 4633 1757 4712">
    <p class='ocr_par' dir='ltr' id='par_1_91' title="bbox 181 4633 1757 4712">
     <span class='ocr_line' id='line_1_91' title="bbox 181 4633 1757 4712; baseline -0.003 -16"><span class='ocrx_word' id='word_1_654' title='bbox 181 4644 271 4696; x_wconf 81' lang='grc' dir='ltr'>καὶ</span> <span class='ocrx_word' id='word_1_655' title='bbox 307 4639 688 4707; x_wconf 85' lang='grc' dir='ltr'>συνεπόμενοι,</span> <span class='ocrx_word' id='word_1_656' title='bbox 715 4633 1068 4704; x_wconf 88' lang='grc' dir='ltr'>ἐπεδώκαμεν</span> <span class='ocrx_word' id='word_1_657' title='bbox 1103 4638 1328 4699; x_wconf 79' lang='grc' dir='ltr'>ἑαυτοὺς</span> <span class='ocrx_word' id='word_1_658' title='bbox 1351 4638 1426 4700; x_wconf 89' lang='grc' dir='ltr'>ὡς</span> <span class='ocrx_word' id='word_1_659' title='bbox 1461 4639 1535 4708; x_wconf 85' lang='grc' dir='ltr'>τῷ</span> <span class='ocrx_word' id='word_1_660' title='bbox 1568 4641 1757 4712; x_wconf 84' lang='grc' dir='ltr'>Κυρίῳ</span> 
     </span>
    </p>
   </div>
   <div class='ocr_carea' id='block_1_92' title="bbox 179 4724 1756 4799">
    <p class='ocr_par' dir='ltr' id='par_1_92' title="bbox 179 4724 1756 4799">
     <span class='ocr_line' id='line_1_92' title="bbox 179 4724 1756 4799; baseline -0.003 -19"><span class='ocrx_word' id='word_1_661' title='bbox 179 4729 312 4799; x_wconf 78' lang='grc' dir='ltr'>τῷδε</span> <span class='ocrx_word' id='word_1_662' title='bbox 355 4726 434 4795; x_wconf 82' lang='grc' dir='ltr'>τῷ</span> <span class='ocrx_word' id='word_1_663' title='bbox 483 4726 815 4794; x_wconf 73' lang='grc' dir='ltr'>συστήματι.</span> <span class='ocrx_word' id='word_1_664' title='bbox 874 4724 1013 4792; x_wconf 76' lang='grc' dir='ltr'>Φησὶ</span> <span class='ocrx_word' id='word_1_665' title='bbox 1060 4725 1169 4793; x_wconf 84' lang='grc' dir='ltr'><strong>γάρ</strong></span> <span class='ocrx_word' id='word_1_666' title='bbox 1203 4743 1217 4756; x_wconf 85' lang='grc'><strong>·</strong></span> <span class='ocrx_word' id='word_1_667' title='bbox 1267 4726 1328 4779; x_wconf 90' lang='lat'><strong>&#39;0</strong></span> <span class='ocrx_word' id='word_1_668' title='bbox 1358 4729 1619 4795; x_wconf 79' lang='grc' dir='ltr'>ποιήσας</span> <span class='ocrx_word' id='word_1_669' title='bbox 1665 4731 1756 4785; x_wconf 71' lang='grc' dir='ltr'><strong>ἐνὶ</strong></span> 
     </span>
    </p>
   </div>
   <div class='ocr_carea' id='block_1_93' title="bbox 179 4812 1755 4887">
    <p class='ocr_par' dir='ltr' id='par_1_93' title="bbox 179 4812 1755 4887">
     <span class='ocr_line' id='line_1_93' title="bbox 179 4812 1755 4887; baseline 0.001 -15"><span class='ocrx_word' id='word_1_670' title='bbox 179 4822 407 4872; x_wconf 76' lang='grc' dir='ltr'>τούτων</span> <span class='ocrx_word' id='word_1_671' title='bbox 438 4812 556 4868; x_wconf 79' lang='grc' dir='ltr'>τῶν</span> <span class='ocrx_word' id='word_1_672' title='bbox 597 4812 878 4883; x_wconf 67' lang='grc' dir='ltr'>ἀδελφῶν</span> <span class='ocrx_word' id='word_1_673' title='bbox 899 4831 1018 4882; x_wconf 82' lang='grc' dir='ltr'><strong>μου</strong></span> <span class='ocrx_word' id='word_1_674' title='bbox 1066 4812 1185 4867; x_wconf 82' lang='grc' dir='ltr'>τῶν</span> <span class='ocrx_word' id='word_1_675' title='bbox 1214 4815 1554 4884; x_wconf 77' lang='grc' dir='ltr'>ἐλαχίστων</span> <span class='ocrx_word' id='word_1_676' title='bbox 1577 4861 1592 4882; x_wconf 90' lang='grc'><strong>,</strong></span> <span class='ocrx_word' id='word_1_677' title='bbox 1623 4820 1755 4887; x_wconf 78' lang='grc' dir='ltr'>ἐμοὶ</span> 
     </span>
    </p>
   </div>
   <div class='ocr_carea' id='block_1_94' title="bbox 181 4906 1757 4981">
    <p class='ocr_par' dir='ltr' id='par_1_94' title="bbox 181 4906 1757 4981">
     <span class='ocr_line' id='line_1_94' title="bbox 181 4906 1757 4981; baseline 0.001 -19"><span class='ocrx_word' id='word_1_678' title='bbox 181 4910 509 4975; x_wconf 78' lang='grc' dir='ltr'>πεποίηκε’</span> <span class='ocrx_word' id='word_1_679' title='bbox 551 4907 714 4976; x_wconf 77' lang='grc' dir='ltr'>μηδὲν</span> <span class='ocrx_word' id='word_1_680' title='bbox 763 4906 874 4958; x_wconf 92' lang='grc' dir='ltr'><strong>τῶν</strong></span> <span class='ocrx_word' id='word_1_681' title='bbox 916 4906 1185 4976; x_wconf 85' lang='grc' dir='ltr'>κειμένων</span> <span class='ocrx_word' id='word_1_682' title='bbox 1241 4907 1578 4973; x_wconf 87' lang='grc' dir='ltr'>ἀθετοῦντες,</span> <span class='ocrx_word' id='word_1_683' title='bbox 1623 4912 1757 4981; x_wconf 78' lang='grc' dir='ltr'>μηδὲ</span> 
     </span>
    </p>
   </div>
   <div class='ocr_carea' id='block_1_95' title="bbox 181 4997 1755 5072">
    <p class='ocr_par' dir='ltr' id='par_1_95' title="bbox 181 4997 1755 5072">
     <span class='ocr_line' id='line_1_95' title="bbox 181 4997 1755 5072; baseline 0.001 -18"><span class='ocrx_word' id='word_1_684' title='bbox 181 4998 650 5072; x_wconf 79' lang='grc' dir='ltr'>παραμελοῦντες.</span> <span class='ocrx_word' id='word_1_685' title='bbox 705 4997 790 5060; x_wconf 85' lang='grc' dir='ltr'>Ὠς</span> <span class='ocrx_word' id='word_1_686' title='bbox 826 4998 921 5051; x_wconf 87' lang='grc' dir='ltr'><strong>ἐάν</strong></span> <span class='ocrx_word' id='word_1_687' title='bbox 977 5015 1106 5052; x_wconf 84' lang='grc' dir='ltr'>ποτε</span> <span class='ocrx_word' id='word_1_688' title='bbox 1144 4999 1336 5069; x_wconf 86' lang='grc' dir='ltr'>ὀφθείη</span> <span class='ocrx_word' id='word_1_689' title='bbox 1364 5019 1446 5064; x_wconf 87' lang='grc' dir='ltr'><strong>τις</strong></span> <span class='ocrx_word' id='word_1_690' title='bbox 1474 5002 1582 5054; x_wconf 89' lang='grc' dir='ltr'><strong>τῶν</strong></span> <span class='ocrx_word' id='word_1_691' title='bbox 1605 5003 1755 5055; x_wconf 86' lang='grc' dir='ltr'>ἀδελ-</span> 
     </span>
    </p>
   </div>
   <div class='ocr_carea' id='block_1_96' title="bbox 181 5088 1757 5163">
    <p class='ocr_par' dir='ltr' id='par_1_96' title="bbox 181 5088 1757 5163">
     <span class='ocr_line' id='line_1_96' title="bbox 181 5088 1757 5163; baseline 0 -19"><span class='ocrx_word' id='word_1_692' title='bbox 181 5091 292 5158; x_wconf 78' lang='grc' dir='ltr'><strong>φῶν</strong></span> <span class='ocrx_word' id='word_1_693' title='bbox 354 5089 388 5160; x_wconf 84' lang='grc' dir='ltr'>ἦ</span> <span class='ocrx_word' id='word_1_694' title='bbox 440 5088 698 5160; x_wconf 87' lang='grc' dir='ltr'>παρορῶν</span> <span class='ocrx_word' id='word_1_695' title='bbox 754 5089 846 5141; x_wconf 80' lang='grc' dir='ltr'><strong>τὸν</strong></span> <span class='ocrx_word' id='word_1_696' title='bbox 924 5088 1176 5160; x_wconf 84' lang='grc' dir='ltr'>κείμενον</span> <span class='ocrx_word' id='word_1_697' title='bbox 1237 5092 1428 5162; x_wconf 77' lang='grc' dir='ltr'>νεκρὸν</span> <span class='ocrx_word' id='word_1_698' title='bbox 1465 5130 1480 5153; x_wconf 85' lang='grc'><strong>,</strong></span> <span class='ocrx_word' id='word_1_699' title='bbox 1529 5093 1623 5144; x_wconf 77' lang='grc' dir='ltr'>καὶ</span> <span class='ocrx_word' id='word_1_700' title='bbox 1683 5094 1757 5163; x_wconf 79' lang='grc' dir='ltr'>μὴ</span> 
     </span>
    </p>
   </div>
   <div class='ocr_carea' id='block_1_97' title="bbox 180 5180 1753 5254">
    <p class='ocr_par' dir='ltr' id='par_1_97' title="bbox 180 5180 1753 5254">
     <span class='ocr_line' id='line_1_97' title="bbox 180 5180 1753 5254; baseline -0.012 -20"><span class='ocrx_word' id='word_1_701' title='bbox 180 5182 443 5250; x_wconf 77' lang='grc' dir='ltr'>ἀναφέροι</span> <span class='ocrx_word' id='word_1_702' title='bbox 483 5181 559 5250; x_wconf 83' lang='grc' dir='ltr'><strong>τῷ</strong></span> <span class='ocrx_word' id='word_1_703' title='bbox 597 5181 667 5231; x_wconf 77' lang='grc' dir='ltr'>τὰ</span> <span class='ocrx_word' id='word_1_704' title='bbox 710 5180 907 5250; x_wconf 91' lang='grc' dir='ltr'>πρῶτα</span> <span class='ocrx_word' id='word_1_705' title='bbox 939 5181 1161 5250; x_wconf 90' lang='grc' dir='ltr'>φέροντι</span> <span class='ocrx_word' id='word_1_706' title='bbox 1212 5181 1313 5252; x_wconf 86' lang='grc' dir='ltr'>τῆς</span> <span class='ocrx_word' id='word_1_707' title='bbox 1370 5183 1753 5254; x_wconf 64' lang='grc' dir='ltr'>ἀδελφότητος.</span> 
     </span>
    </p>
   </div>
   <div class='ocr_carea' id='block_1_98' title="bbox 180 5271 1756 5344">
    <p class='ocr_par' dir='ltr' id='par_1_98' title="bbox 180 5271 1756 5344">
     <span class='ocr_line' id='line_1_98' title="bbox 180 5271 1756 5344; baseline 0.003 -20"><span class='ocrx_word' id='word_1_708' title='bbox 180 5274 209 5343; x_wconf 74' lang='grc' dir='ltr'><strong>ἢ</strong></span> <span class='ocrx_word' id='word_1_709' title='bbox 265 5275 324 5326; x_wconf 86' lang='grc' dir='ltr'><strong>ἐν</strong></span> <span class='ocrx_word' id='word_1_710' title='bbox 359 5275 472 5335; x_wconf 83' lang='grc' dir='ltr'>τοῖς</span> <span class='ocrx_word' id='word_1_711' title='bbox 507 5273 750 5342; x_wconf 86' lang='grc' dir='ltr'>ἀρίστοις</span> <span class='ocrx_word' id='word_1_712' title='bbox 807 5271 1180 5342; x_wconf 89' lang='grc' dir='ltr'>φθεγγόμενος</span> <span class='ocrx_word' id='word_1_713' title='bbox 1213 5273 1248 5327; x_wconf 80' lang='grc' dir='ltr'><strong>ἃ</strong></span> <span class='ocrx_word' id='word_1_714' title='bbox 1303 5274 1379 5344; x_wconf 82' lang='grc' dir='ltr'><strong>μὴ</strong></span> <span class='ocrx_word' id='word_1_715' title='bbox 1425 5275 1603 5344; x_wconf 79' lang='grc' dir='ltr'>θέμις,</span> <span class='ocrx_word' id='word_1_716' title='bbox 1658 5275 1756 5328; x_wconf 79' lang='grc' dir='ltr'>καὶ</span> 
     </span>
    </p>
   </div>
   <div class='ocr_carea' id='block_1_99' title="bbox 181 5363 1756 5438">
    <p class='ocr_par' dir='ltr' id='par_1_99' title="bbox 181 5363 1756 5438">
     <span class='ocr_line' id='line_1_99' title="bbox 181 5363 1756 5438; baseline 0.001 -22"><span class='ocrx_word' id='word_1_717' title='bbox 181 5368 437 5434; x_wconf 84' lang='grc' dir='ltr'>πράττων</span> <span class='ocrx_word' id='word_1_718' title='bbox 466 5363 534 5417; x_wconf 86' lang='grc' dir='ltr'><strong>τὰ</strong></span> <span class='ocrx_word' id='word_1_719' title='bbox 566 5365 664 5433; x_wconf 89' lang='grc' dir='ltr'><strong>ούχ</strong></span> <span class='ocrx_word' id='word_1_720' title='bbox 685 5365 831 5426; x_wconf 85' lang='grc' dir='ltr'>ὅσια,</span> <span class='ocrx_word' id='word_1_721' title='bbox 881 5363 955 5427; x_wconf 84' lang='grc' dir='ltr'><strong>ῶς</strong></span> <span class='ocrx_word' id='word_1_722' title='bbox 983 5364 1230 5418; x_wconf 85' lang='grc' dir='ltr'>ἐντεῦθεν</span> <span class='ocrx_word' id='word_1_723' title='bbox 1259 5367 1350 5420; x_wconf 81' lang='grc' dir='ltr'><strong>τὸν</strong></span> <span class='ocrx_word' id='word_1_724' title='bbox 1385 5365 1515 5418; x_wconf 78' lang='grc' dir='ltr'>Θεὸν</span> <span class='ocrx_word' id='word_1_725' title='bbox 1549 5384 1756 5438; x_wconf 83' lang='grc' dir='ltr'>παρορ-</span> 
     </span>
    </p>
   </div>
   <div class='ocr_carea' id='block_1_100' title="bbox 180 5455 1751 5528">
    <p class='ocr_par' dir='ltr' id='par_1_100' title="bbox 180 5455 1751 5528">
     <span class='ocr_line' id='line_1_100' title="bbox 180 5455 1751 5528; baseline 0.001 -20"><span class='ocrx_word' id='word_1_726' title='bbox 180 5458 423 5523; x_wconf 72' lang='grc' dir='ltr'>γίζεσθαι</span> <span class='ocrx_word' id='word_1_727' title='bbox 448 5499 463 5521; x_wconf 90' lang='grc'><strong>,</strong></span> <span class='ocrx_word' id='word_1_728' title='bbox 494 5456 754 5525; x_wconf 69' lang='grc' dir='ltr'>ἐπιτιμίῳ</span> <span class='ocrx_word' id='word_1_729' title='bbox 780 5455 1178 5508; x_wconf 78' lang='grc' dir='ltr'>ύποδάλλεσθαι</span> <span class='ocrx_word' id='word_1_730' title='bbox 1210 5458 1358 5526; x_wconf 85' lang='grc' dir='ltr'><strong>παρά</strong></span> <span class='ocrx_word' id='word_1_731' title='bbox 1388 5457 1480 5510; x_wconf 89' lang='grc' dir='ltr'><strong>τοῦ</strong></span> <span class='ocrx_word' id='word_1_732' title='bbox 1511 5459 1751 5528; x_wconf 86' lang='grc' dir='ltr'>προκαθ-</span> 
     </span>
    </p>
   </div>
   <div class='ocr_carea' id='block_1_101' title="bbox 179 5547 1748 5619">
    <p class='ocr_par' dir='ltr' id='par_1_101' title="bbox 179 5547 1748 5619">
     <span class='ocr_line' id='line_1_101' title="bbox 179 5547 1748 5619; baseline 0 -19"><span class='ocrx_word' id='word_1_733' title='bbox 179 5550 505 5618; x_wconf 77' lang='grc' dir='ltr'>ηγουμένου,</span> <span class='ocrx_word' id='word_1_734' title='bbox 536 5549 705 5619; x_wconf 91' lang='grc' dir='ltr'>τριῶν</span> <span class='ocrx_word' id='word_1_735' title='bbox 758 5547 980 5617; x_wconf 77' lang='grc' dir='ltr'>ἡμερῶν</span> <span class='ocrx_word' id='word_1_736' title='bbox 1029 5549 1206 5618; x_wconf 83' lang='grc' dir='ltr'>ἀποχῇ</span> <span class='ocrx_word' id='word_1_737' title='bbox 1244 5549 1409 5614; x_wconf 79' lang='grc' dir='ltr'>οἴνου,</span> <span class='ocrx_word' id='word_1_738' title='bbox 1442 5549 1536 5602; x_wconf 78' lang='grc' dir='ltr'>καὶ</span> <span class='ocrx_word' id='word_1_739' title='bbox 1577 5551 1748 5618; x_wconf 83' lang='grc' dir='ltr'>ἀργυ-</span> 
     </span>
    </p>
   </div>
   <div class='ocr_carea' id='block_1_102' title="bbox 182 5635 1748 5710">
    <p class='ocr_par' dir='ltr' id='par_1_102' title="bbox 182 5635 1748 5710">
     <span class='ocr_line' id='line_1_102' title="bbox 182 5635 1748 5710; baseline 0.001 -20"><span class='ocrx_word' id='word_1_740' title='bbox 182 5642 290 5706; x_wconf 70' lang='grc' dir='ltr'>ρίου</span> <span class='ocrx_word' id='word_1_741' title='bbox 325 5641 447 5703; x_wconf 75' lang='grc' dir='ltr'>ἑνὸς</span> <span class='ocrx_word' id='word_1_742' title='bbox 478 5639 778 5710; x_wconf 71' lang='grc' dir='ltr'>καταϐολῇ,</span> <span class='ocrx_word' id='word_1_743' title='bbox 805 5635 903 5690; x_wconf 79' lang='grc' dir='ltr'>εἷθ’</span> <span class='ocrx_word' id='word_1_744' title='bbox 935 5636 1111 5702; x_wconf 79' lang='grc' dir='ltr'>οὕτως</span> <span class='ocrx_word' id='word_1_745' title='bbox 1143 5640 1316 5695; x_wconf 75' lang='grc' dir='ltr'>αἰτεῖν</span> <span class='ocrx_word' id='word_1_746' title='bbox 1345 5638 1480 5708; x_wconf 86' lang='grc' dir='ltr'>πρὸς</span> <span class='ocrx_word' id='word_1_747' title='bbox 1507 5639 1567 5693; x_wconf 81' lang='grc' dir='ltr'>τὸ</span> <span class='ocrx_word' id='word_1_748' title='bbox 1618 5640 1748 5710; x_wconf 76' lang='grc' dir='ltr'><strong>ἑξῆς</strong></span> 
     </span>
    </p>
   </div>
   <div class='ocr_carea' id='block_1_103' title="bbox 250 5811 826 5876">
    <p class='ocr_par' dir='ltr' id='par_1_103' title="bbox 250 5811 826 5876">
     <span class='ocr_line' id='line_1_103' title="bbox 250 5811 826 5876; baseline -0.002 -9"><span class='ocrx_word' id='word_1_749' title='bbox 250 5817 290 5844; x_wconf 76' lang='grc'>⁸³</span> <span class='ocrx_word' id='word_1_750' title='bbox 326 5815 516 5867; x_wconf 79' lang='grc' dir='ltr'>Μ.ι;ι1ι.</span> <span class='ocrx_word' id='word_1_751' title='bbox 555 5829 705 5876; x_wconf 75' lang='lat' dir='ltr'><strong>xxul,</strong></span> <span class='ocrx_word' id='word_1_752' title='bbox 747 5811 826 5866; x_wconf 80' lang='grc' dir='ltr'>ίΟ.</span> 
     </span>
    </p>
   </div>
   <div class='ocr_carea' id='block_1_104' title="bbox 1862 4636 3441 4710">
    <p class='ocr_par' dir='ltr' id='par_1_104' title="bbox 1862 4636 3441 4710">
     <span class='ocr_line' id='line_1_104' title="bbox 1862 4636 3441 4710; baseline -0.006 -12"><span class='ocrx_word' id='word_1_753' title='bbox 1862 4645 1994 4698; x_wconf 84' lang='lat' dir='ltr'><strong>huic</strong></span> <span class='ocrx_word' id='word_1_754' title='bbox 2042 4659 2142 4697; x_wconf 91' lang='lat' dir='ltr'><strong>nos</strong></span> <span class='ocrx_word' id='word_1_755' title='bbox 2201 4643 2363 4697; x_wconf 77' lang='lat' dir='ltr'><strong>coetui</strong></span> <span class='ocrx_word' id='word_1_756' title='bbox 2413 4651 2668 4710; x_wconf 87' lang='lat' dir='ltr'><strong>tanquam</strong></span> <span class='ocrx_word' id='word_1_757' title='bbox 2701 4637 2930 4692; x_wconf 89' lang='lat' dir='ltr'><strong>Domino</strong></span> <span class='ocrx_word' id='word_1_758' title='bbox 2980 4636 3321 4699; x_wconf 84' lang='lat' dir='ltr'><strong>addiximus;</strong></span> <span class='ocrx_word' id='word_1_759' title='bbox 3365 4636 3441 4689; x_wconf 91' lang='lat' dir='ltr'><strong>ait</strong></span> 
     </span>
    </p>
   </div>
   <div class='ocr_carea' id='block_1_105' title="bbox 1861 4726 3436 4803">
    <p class='ocr_par' dir='ltr' id='par_1_105' title="bbox 1861 4726 3436 4803">
     <span class='ocr_line' id='line_1_105' title="bbox 1861 4726 3436 4803; baseline -0.006 -16"><span class='ocrx_word' id='word_1_760' title='bbox 1861 4735 2004 4787; x_wconf 86' lang='lat' dir='ltr'><strong>enim</strong></span> <span class='ocrx_word' id='word_1_761' title='bbox 2041 4752 2052 4786; x_wconf 91' lang='lat'><strong>:</strong></span> <span class='ocrx_word' id='word_1_762' title='bbox 2091 4733 2191 4797; x_wconf 84' lang='lat' dir='ltr'><strong>Qui</strong></span> <span class='ocrx_word' id='word_1_763' title='bbox 2225 4733 2402 4803; x_wconf 79' lang='lat' dir='ltr'><strong>fecerit</strong></span> <span class='ocrx_word' id='word_1_764' title='bbox 2432 4732 2522 4783; x_wconf 74' lang='lat' dir='ltr'><strong>um&quot;</strong></span> <span class='ocrx_word' id='word_1_765' title='bbox 2549 4731 2612 4783; x_wconf 81' lang='lat' dir='ltr'><strong>de</strong></span> <span class='ocrx_word' id='word_1_766' title='bbox 2643 4731 2720 4782; x_wconf 76' lang='lat' dir='ltr'><strong>his</strong></span> <span class='ocrx_word' id='word_1_767' title='bbox 2753 4727 3004 4800; x_wconf 75' lang='lat' dir='ltr'><strong>fratribus</strong></span> <span class='ocrx_word' id='word_1_768' title='bbox 3028 4727 3155 4780; x_wconf 78' lang='lat' dir='ltr'><strong>meis</strong></span> <span class='ocrx_word' id='word_1_769' title='bbox 3184 4726 3436 4791; x_wconf 81' lang='lat' dir='ltr'><strong>minimis,</strong></span> 
     </span>
    </p>
   </div>
   <div class='ocr_carea' id='block_1_106' title="bbox 1862 4818 3440 4896">
    <p class='ocr_par' dir='ltr' id='par_1_106' title="bbox 1862 4818 3440 4896">
     <span class='ocr_line' id='line_1_106' title="bbox 1862 4818 3440 4896; baseline -0.005 -17"><span class='ocrx_word' id='word_1_770' title='bbox 1862 4826 1988 4879; x_wconf 85' lang='lat' dir='ltr'><strong>mihi</strong></span> <span class='ocrx_word' id='word_1_771' title='bbox 2020 4827 2139 4896; x_wconf 69' lang='lat' dir='ltr'><strong>fecit</strong></span> <span class='ocrx_word' id='word_1_772' title='bbox 2169 4824 2216 4856; x_wconf 73' lang='grc'>⁸³</span> <span class='ocrx_word' id='word_1_773' title='bbox 2254 4841 2267 4879; x_wconf 90' lang='lat'><strong>:</strong></span> <span class='ocrx_word' id='word_1_774' title='bbox 2297 4823 2431 4877; x_wconf 88' lang='lat' dir='ltr'><strong>nihil</strong></span> <span class='ocrx_word' id='word_1_775' title='bbox 2462 4839 2648 4877; x_wconf 86' lang='lat' dir='ltr'><strong>eorum</strong></span> <span class='ocrx_word' id='word_1_776' title='bbox 2678 4837 2797 4890; x_wconf 74' lang='lat' dir='ltr'><strong>quae</strong></span> <span class='ocrx_word' id='word_1_777' title='bbox 2825 4821 3031 4875; x_wconf 90' lang='lat' dir='ltr'><strong>sancita</strong></span> <span class='ocrx_word' id='word_1_778' title='bbox 3069 4827 3196 4872; x_wconf 90' lang='lat' dir='ltr'><strong>sunt</strong></span> <span class='ocrx_word' id='word_1_779' title='bbox 3236 4818 3440 4886; x_wconf 89' lang='lat' dir='ltr'><strong>impro-</strong></span> 
     </span>
    </p>
   </div>
   <div class='ocr_carea' id='block_1_107' title="bbox 1860 4909 3438 4982">
    <p class='ocr_par' dir='ltr' id='par_1_107' title="bbox 1860 4909 3438 4982">
     <span class='ocr_line' id='line_1_107' title="bbox 1860 4909 3438 4982; baseline -0.006 -13"><span class='ocrx_word' id='word_1_780' title='bbox 1860 4915 2074 4976; x_wconf 87' lang='lat' dir='ltr'><strong>bautes,</strong></span> <span class='ocrx_word' id='word_1_781' title='bbox 2108 4928 2287 4982; x_wconf 88' lang='lat' dir='ltr'><strong>neque</strong></span> <span class='ocrx_word' id='word_1_782' title='bbox 2321 4921 2693 4982; x_wconf 77' lang='lat' dir='ltr'><strong>aspernantes,</strong></span> <span class='ocrx_word' id='word_1_783' title='bbox 2728 4921 2786 4964; x_wconf 92' lang='lat' dir='ltr'><strong>ut</strong></span> <span class='ocrx_word' id='word_1_784' title='bbox 2817 4911 2860 4963; x_wconf 92' lang='lat' dir='ltr'><strong>si</strong></span> <span class='ocrx_word' id='word_1_785' title='bbox 2890 4909 3107 4978; x_wconf 87' lang='lat' dir='ltr'><strong>quando</strong></span> <span class='ocrx_word' id='word_1_786' title='bbox 3131 4909 3438 4977; x_wconf 87' lang='lat' dir='ltr'><strong>deprchen-</strong></span> 
     </span>
    </p>
   </div>
   <div class='ocr_carea' id='block_1_108' title="bbox 1861 4998 3434 5072">
    <p class='ocr_par' dir='ltr' id='par_1_108' title="bbox 1861 4998 3434 5072">
     <span class='ocr_line' id='line_1_108' title="bbox 1861 4998 3434 5072; baseline -0.003 -15"><span class='ocrx_word' id='word_1_787' title='bbox 1861 5019 1950 5057; x_wconf 87' lang='lat' dir='ltr'><strong>sus</strong></span> <span class='ocrx_word' id='word_1_788' title='bbox 1985 5003 2150 5057; x_wconf 90' lang='lat' dir='ltr'><strong>fuerit</strong></span> <span class='ocrx_word' id='word_1_789' title='bbox 2174 5003 2457 5072; x_wconf 89' lang='lat' dir='ltr'><strong>quisquam</strong></span> <span class='ocrx_word' id='word_1_790' title='bbox 2488 5018 2553 5056; x_wconf 80' lang='lat' dir='ltr'><strong>ex</strong></span> <span class='ocrx_word' id='word_1_791' title='bbox 2598 5001 2878 5063; x_wconf 88' lang='lat' dir='ltr'><strong>fratribus,</strong></span> <span class='ocrx_word' id='word_1_792' title='bbox 2913 4999 3006 5068; x_wconf 89' lang='lat' dir='ltr'><strong>qui</strong></span> <span class='ocrx_word' id='word_1_793' title='bbox 3053 4998 3138 5052; x_wconf 92' lang='lat' dir='ltr'><strong>vel</strong></span> <span class='ocrx_word' id='word_1_794' title='bbox 3162 4999 3434 5066; x_wconf 72' lang='lat' dir='ltr'><strong>iacentem</strong></span> 
     </span>
    </p>
   </div>
   <div class='ocr_carea' id='block_1_109' title="bbox 1862 5087 3435 5161">
    <p class='ocr_par' dir='ltr' id='par_1_109' title="bbox 1862 5087 3435 5161">
     <span class='ocr_line' id='line_1_109' title="bbox 1862 5087 3435 5161; baseline -0.003 -15"><span class='ocrx_word' id='word_1_795' title='bbox 1862 5103 2138 5146; x_wconf 87' lang='lat' dir='ltr'><strong>mortuum</strong></span> <span class='ocrx_word' id='word_1_796' title='bbox 2182 5092 2478 5161; x_wconf 88' lang='lat' dir='ltr'><strong>despiciat,</strong></span> <span class='ocrx_word' id='word_1_797' title='bbox 2521 5098 2576 5145; x_wconf 92' lang='lat' dir='ltr'><strong>et</strong></span> <span class='ocrx_word' id='word_1_798' title='bbox 2609 5090 2675 5144; x_wconf 92' lang='lat' dir='ltr'><strong>ad</strong></span> <span class='ocrx_word' id='word_1_799' title='bbox 2711 5090 3029 5159; x_wconf 89' lang='lat' dir='ltr'><strong>primarium</strong></span> <span class='ocrx_word' id='word_1_800' title='bbox 3079 5087 3435 5142; x_wconf 86' lang='lat' dir='ltr'><strong>fraternitatis</strong></span> 
     </span>
    </p>
   </div>
   <div class='ocr_carea' id='block_1_110' title="bbox 1860 5183 3435 5253">
    <p class='ocr_par' dir='ltr' id='par_1_110' title="bbox 1860 5183 3435 5253">
     <span class='ocr_line' id='line_1_110' title="bbox 1860 5183 3435 5253; baseline -0.004 -13"><span class='ocrx_word' id='word_1_801' title='bbox 1860 5202 1968 5240; x_wconf 90' lang='lat' dir='ltr'><strong>non</strong></span> <span class='ocrx_word' id='word_1_802' title='bbox 2000 5186 2217 5250; x_wconf 83' lang='lat' dir='ltr'><strong>referat,</strong></span> <span class='ocrx_word' id='word_1_803' title='bbox 2247 5187 2332 5239; x_wconf 92' lang='lat' dir='ltr'><strong>vel</strong></span> <span class='ocrx_word' id='word_1_804' title='bbox 2381 5185 2436 5238; x_wconf 90' lang='lat' dir='ltr'><strong>in</strong></span> <span class='ocrx_word' id='word_1_805' title='bbox 2478 5186 2544 5238; x_wconf 89' lang='lat' dir='ltr'><strong>iis</strong></span> <span class='ocrx_word' id='word_1_806' title='bbox 2579 5185 2824 5253; x_wconf 90' lang='lat' dir='ltr'><strong>prandiis</strong></span> <span class='ocrx_word' id='word_1_807' title='bbox 2870 5183 3122 5251; x_wconf 88' lang='lat' dir='ltr'><strong>loquatur</strong></span> <span class='ocrx_word' id='word_1_808' title='bbox 3161 5196 3282 5250; x_wconf 65' lang='lat' dir='ltr'><strong>quae</strong></span> <span class='ocrx_word' id='word_1_809' title='bbox 3324 5195 3435 5234; x_wconf 90' lang='lat' dir='ltr'><strong>non</strong></span> 
     </span>
    </p>
   </div>
   <div class='ocr_carea' id='block_1_111' title="bbox 1860 5273 3434 5349">
    <p class='ocr_par' dir='ltr' id='par_1_111' title="bbox 1860 5273 3434 5349">
     <span class='ocr_line' id='line_1_111' title="bbox 1860 5273 3434 5349; baseline -0.004 -18"><span class='ocrx_word' id='word_1_810' title='bbox 1860 5279 2007 5342; x_wconf 91' lang='lat' dir='ltr'><strong>licet,</strong></span> <span class='ocrx_word' id='word_1_811' title='bbox 2030 5287 2218 5349; x_wconf 85' lang='lat' dir='ltr'><strong>agatve</strong></span> <span class='ocrx_word' id='word_1_812' title='bbox 2241 5293 2349 5330; x_wconf 91' lang='lat' dir='ltr'><strong>non</strong></span> <span class='ocrx_word' id='word_1_813' title='bbox 2377 5286 2547 5338; x_wconf 88' lang='lat' dir='ltr'><strong>recta,</strong></span> <span class='ocrx_word' id='word_1_814' title='bbox 2577 5277 2650 5328; x_wconf 90' lang='lat' dir='ltr'><strong>ita</strong></span> <span class='ocrx_word' id='word_1_815' title='bbox 2682 5284 2738 5329; x_wconf 88' lang='lat' dir='ltr'><strong>ut</strong></span> <span class='ocrx_word' id='word_1_816' title='bbox 2769 5275 2911 5328; x_wconf 89' lang='lat' dir='ltr'><strong>Deus</strong></span> <span class='ocrx_word' id='word_1_817' title='bbox 2939 5274 3063 5328; x_wconf 91' lang='lat' dir='ltr'><strong>inde</strong></span> <span class='ocrx_word' id='word_1_818' title='bbox 3097 5273 3434 5338; x_wconf 75' lang='lat' dir='ltr'><strong>offendatur;</strong></span> 
     </span>
    </p>
   </div>
   <div class='ocr_carea' id='block_1_112' title="bbox 1861 5363 3436 5437">
    <p class='ocr_par' dir='ltr' id='par_1_112' title="bbox 1861 5363 3436 5437">
     <span class='ocr_line' id='line_1_112' title="bbox 1861 5363 3436 5437; baseline -0.005 -14"><span class='ocrx_word' id='word_1_819' title='bbox 1861 5370 2007 5423; x_wconf 88' lang='lat' dir='ltr'><strong>hunc</strong></span> <span class='ocrx_word' id='word_1_820' title='bbox 2045 5369 2367 5437; x_wconf 82' lang='lat' dir='ltr'><strong>praepositus</strong></span> <span class='ocrx_word' id='word_1_821' title='bbox 2413 5381 2586 5435; x_wconf 64' lang='lat' dir='ltr'><strong>parum</strong></span> <span class='ocrx_word' id='word_1_822' title='bbox 2628 5364 2913 5432; x_wconf 89' lang='lat' dir='ltr'><strong>subjiciat,</strong></span> <span class='ocrx_word' id='word_1_823' title='bbox 2946 5363 3028 5417; x_wconf 88' lang='lat' dir='ltr'><strong>vel</strong></span> <span class='ocrx_word' id='word_1_824' title='bbox 3083 5363 3348 5416; x_wconf 74' lang='lat' dir='ltr'><strong>triduana:</strong></span> <span class='ocrx_word' id='word_1_825' title='bbox 3402 5377 3436 5415; x_wconf 89' lang='lat' dir='ltr'><strong>a</strong></span> 
     </span>
    </p>
   </div>
   <div class='ocr_carea' id='block_1_113' title="bbox 1860 5454 3432 5523">
    <p class='ocr_par' dir='ltr' id='par_1_113' title="bbox 1860 5454 3432 5523">
     <span class='ocr_line' id='line_1_113' title="bbox 1860 5454 3432 5523; baseline -0.006 -9"><span class='ocrx_word' id='word_1_826' title='bbox 1860 5462 1989 5514; x_wconf 81' lang='lat' dir='ltr'><strong>vino</strong></span> <span class='ocrx_word' id='word_1_827' title='bbox 2017 5458 2384 5521; x_wconf 63' lang='lat' dir='ltr'><strong>abstinentiae,</strong></span> <span class='ocrx_word' id='word_1_828' title='bbox 2425 5456 2508 5509; x_wconf 86' lang='lat' dir='ltr'><strong>vel</strong></span> <span class='ocrx_word' id='word_1_829' title='bbox 2539 5455 2723 5508; x_wconf 75' lang='lat' dir='ltr'><strong>multa:</strong></span> <span class='ocrx_word' id='word_1_830' title='bbox 2755 5457 2915 5507; x_wconf 89' lang='lat' dir='ltr'><strong>unius</strong></span> <span class='ocrx_word' id='word_1_831' title='bbox 2953 5454 3194 5523; x_wconf 90' lang='lat' dir='ltr'><strong>argentei</strong></span> <span class='ocrx_word' id='word_1_832' title='bbox 3246 5473 3258 5506; x_wconf 89' lang='lat'>:</span> <span class='ocrx_word' id='word_1_833' title='bbox 3317 5461 3432 5505; x_wconf 91' lang='lat' dir='ltr'><strong>tum</strong></span> 
     </span>
    </p>
   </div>
   <div class='ocr_carea' id='block_1_114' title="bbox 1857 5543 3428 5614">
    <p class='ocr_par' dir='ltr' id='par_1_114' title="bbox 1857 5543 3428 5614">
     <span class='ocr_line' id='line_1_114' title="bbox 1857 5543 3428 5614; baseline -0.005 -11"><span class='ocrx_word' id='word_1_834' title='bbox 1857 5553 1925 5604; x_wconf 85' lang='lat' dir='ltr'><strong>ab</strong></span> <span class='ocrx_word' id='word_1_835' title='bbox 1961 5551 2051 5604; x_wconf 93' lang='lat' dir='ltr'><strong>illo</strong></span> <span class='ocrx_word' id='word_1_836' title='bbox 2089 5548 2528 5602; x_wconf 85' lang='lat' dir='ltr'><strong>emendationem</strong></span> <span class='ocrx_word' id='word_1_837' title='bbox 2553 5547 2605 5598; x_wconf 87' lang='lat' dir='ltr'><strong>in</strong></span> <span class='ocrx_word' id='word_1_838' title='bbox 2647 5553 2921 5614; x_wconf 84' lang='lat' dir='ltr'><strong>posterum</strong></span> <span class='ocrx_word' id='word_1_839' title='bbox 2954 5545 3151 5613; x_wconf 77' lang='lat' dir='ltr'><strong>exigat.</strong></span> <span class='ocrx_word' id='word_1_840' title='bbox 3177 5543 3259 5595; x_wconf 87' lang='lat' dir='ltr'><strong>Ad</strong></span> <span class='ocrx_word' id='word_1_841' title='bbox 3293 5543 3428 5605; x_wconf 74' lang='lat' dir='ltr'><strong>haec,</strong></span> 
     </span>
    </p>
   </div>
   <div class='ocr_carea' id='block_1_115' title="bbox 1854 5635 3427 5701">
    <p class='ocr_par' dir='ltr' id='par_1_115' title="bbox 1854 5635 3427 5701">
     <span class='ocr_line' id='line_1_115' title="bbox 1854 5635 3427 5701; baseline -0.006 -5"><span class='ocrx_word' id='word_1_842' title='bbox 1854 5639 2253 5697; x_wconf 86' lang='lat' dir='ltr'><strong>observandum</strong></span> <span class='ocrx_word' id='word_1_843' title='bbox 2291 5639 2460 5701; x_wconf 81' lang='lat' dir='ltr'><strong>vobis,</strong></span> <span class='ocrx_word' id='word_1_844' title='bbox 2515 5647 2573 5691; x_wconf 86' lang='lat' dir='ltr'><strong>ut</strong></span> <span class='ocrx_word' id='word_1_845' title='bbox 2603 5652 2724 5692; x_wconf 86' lang='lat' dir='ltr'><strong>cum</strong></span> <span class='ocrx_word' id='word_1_846' title='bbox 2754 5635 2912 5691; x_wconf 90' lang='lat' dir='ltr'><strong>alicui</strong></span> <span class='ocrx_word' id='word_1_847' title='bbox 2953 5635 3177 5688; x_wconf 80' lang='lat' dir='ltr'><strong>fratrum</strong></span> <span class='ocrx_word' id='word_1_848' title='bbox 3215 5641 3427 5687; x_wconf 84' lang='lat' dir='ltr'><strong>vestro-</strong></span> 
     </span>
    </p>
   </div>
  </div>
