3914 6434
512 372 619 438 955

1705 370 1765 431 S.
1797 370 2187 430 THEODORI
2238 369 2586 429 STUDI'f/E

3669 366 3768 430 956

513 498 632 538 rum
664 482 968 538 communis
997 496 1143 537 mors
1170 481 1442 554 obtigerit,
1477 483 1805 537 conveniant
1833 499 1936 536 una
1961 498 2081 535 om-

2190 481 2489 549 βελτίωσιν.
2525 483 2665 550 Πρὸς
2714 481 2924 543 τούτοις
2984 477 3348 548 φυλάττεσθαι
3378 477 3527 547 ὑμᾶς
3552 476 3654 529 καὶ
3684 475 3765 540 τὸ,

512 590 642 640 nes,
674 583 730 628 et
756 574 902 643 justa
935 573 1007 625 illi
1038 574 1351 643 persolvant
1381 591 1393 627 :
1429 583 1486 627 ut
1526 588 1590 626 ex
1637 574 1740 628 hoc
1767 574 1931 627 etiam
1972 573 2091 626 lau-

512 666 672 716 detur
702 664 953 733 egregius
991 672 1166 717 caztus
1202 672 1400 721 vester.
1439 663 1502 715 ad
1534 662 1758 732 gloriam
1788 673 1841 716 et
1874 662 2087 715 laudent

513 754 781 822 magniﬁci
810 754 900 807 Dei
929 756 1122 807 nostri.
1156 754 1281 807 Fide
1308 754 1469 824 igitur
1492 768 1555 806 ac
1586 761 1729 807 metu
1752 753 1879 807 huic
1908 754 2089 807 libello

513 860 613 897 nos
642 854 1011 914 aggregantes,
1032 846 1191 899 etiam
1216 846 1436 898 nomina
1469 850 1647 896 nostra
1672 844 2089 897 subnotavimus

513 952 635 989 cum
684 937 985 1005 quantitate
1032 936 1324 990 oblationis
1355 947 1556 990 nostra;
1616 936 1895 999 minim-aa,
1943 934 2087 989 illius

513 1025 821 1079 mercedem
878 1027 930 1078 in
977 1026 1162 1080 futuro
1201 1027 1402 1080 saeculo
1430 1033 1810 1094 exspectantes
1847 1040 1877 1078 a
1905 1040 2088 1078 remu-

510 1126 787 1179 neratore,
812 1117 960 1185 justo
981 1117 1163 1186 judice
1197 1116 1602 1180 omnium,Jcsu
1619 1114 1834 1170 Christo
1859 1115 2087 1171 Domino

512 1224 576 1261 ac
611 1208 720 1263 Deo
758 1222 968 1264 nostro.

2195 574 2325 625 ὅταν
2374 574 2510 643 τύχῃ
2538 574 2617 625 ἑνὶ
2644 572 2753 624 τῶν
2804 572 3049 640 ἀδελφῶν
3076 570 3228 639 ὑμῶν
3260 573 3288 623 ὁ
3311 567 3490 631 κοινὸς
3513 568 3768 629 θάνατος,

2196 663 2404 726 πάντας
2461 662 2907 734 συναθροίζεσθαι
2944 664 3038 717 ἐπὶ
3078 663 3139 716 τὸ
3164 661 3315 722 αὐτὸ,
3346 660 3441 712 καὶ
3466 660 3568 729 τὴν
3606 661 3770 712 ἐκκο-

2198 753 2361 822 μιδὴν
2390 754 2484 807 καὶ
2505 755 2824 821 ἐνταφίασιν
2854 753 3017 807 αὐτοῦ
3059 754 3334 806 ποιεῖσθαι
3361 767 3375 781 ⁸
3405 750 3551 804 ὥστε
3582 750 3681 801 καὶ
3710 752 3771 803 ἐκ

2193 845 2388 898 τούτου
2437 846 2496 899 τὸ
2528 846 2691 899 καλὸν
2736 847 2765 898 ὑ
2777 845 2894 915 μῶν
2940 846 3227 915 σύνταγμα
3259 845 3611 899 ἐπαινεῖσθαι
3638 846 3771 914 πρὸς

2192 937 2348 1002 δόξαν
2380 940 2472 991 καὶ
2516 935 2665 992 αἶνον
2698 938 2792 992 τοῦ
2849 938 3227 1008 μεγαλοδώρου
3258 937 3394 991 Θεοῦ
3438 936 3630 1007 ἡμῶν.
3675 936 3773 988 Πί-

2195 1045 2305 1083 στει
2330 1025 2423 1083 οῦν
2460 1032 2554 1084 καὶ
2576 1032 2727 1100 φόὸῳ
2756 1030 2894 1100 τῷδε
2937 1030 3014 1101 τῷ
3045 1030 3415 1101 γραμματείῳ
3462 1027 3773 1093 συντάξαν-

2192 1135 2281 1183 τες
2302 1121 2550 1186 ἑαυτοὺς.
2578 1123 2673 1175 καὶ
2699 1122 2767 1175 τά
2790 1124 3001 1176 ἑαυτῶν
3024 1123 3262 1192 ὀνόματα
3293 1118 3773 1191 ὑπεσημηνάμεθα

2195 1213 2293 1265 σὺν
2341 1213 2417 1283 τῷ
2440 1213 2613 1283 ποσῷ,
2656 1215 2753 1285 τὴν
2796 1214 3220 1284 μισθαποδοσίαν
3245 1211 3448 1282 ταύτης
3482 1211 3647 1281 ήμῶν
3677 1209 3774 1276 τῆς

512 1297 798 1370 ἐλαχίστης
833 1301 1142 1367 προθέσεως
1173 1298 1595 1369 ἀπεκδεχόμενοι
1624 1302 1682 1351 ἐν
1712 1299 1788 1369 τῷ
1822 1298 2068 1369 μέλλοντι
2106 1301 2263 1356 αίῶνι
2340 1305 2493 1376 παρά
2535 1306 2631 1359 τοῦ
2702 1306 3096 1377 μισθαποδότω)
3161 1305 3373 1358 δικαίου
3431 1303 3628 1373 κριτοῦ
3659 1303 3776 1355 τῶν

511 1392 646 1448 ὅλων
677 1395 849 1464 Ἰησοῦ
904 1395 1139 1465 Χριστοῦ
1184 1394 1279 1448 τοῦ
1324 1394 1525 1465 Κυρίου
1561 1396 1653 1447 καὶ
1695 1392 1828 1446 Θεοῦ
1881 1393 2061 1463 ἡμῶν.

892 1508 1031 1563 XIV.
1059 1538 1126 1547 -—
1154 1507 1363 1579 Ignatio
1388 1508 1685 1577 prwposito.

2478 1507 2575 1558 IA'.
2608 1534 2677 1545 —-
2708 1506 2974 1575 Ἰγνατίῳ
3006 1505 3337 1576 ἡγουμένῳ.
3375 1503 3492 1578 [λ’.]

1772 1596 2062 1645 Monachum
2085 1596 2343 1659 fugitlvum
2367 1594 2573 1657 repetit.

587 1682 726 1735 Ante
750 1683 930 1737 omnia
965 1684 1309 1739 salutationis
1349 1684 1594 1737 debitum
1620 1692 1858 1754 paternae
1896 1682 2085 1737 sancti-

2273 1682 2385 1751 Πρὸ
2420 1683 2623 1746 παντὸς
2644 1682 2804 1737 ἄλλου
2831 1682 2891 1735 τὸ
2916 1682 3015 1751 τῆς
3039 1682 3415 1752 προσηγορίας
3441 1683 3605 1754 χρέος
3634 1685 3770 1737 ἀπο-

518 1771 612 1823 Iati
677 1783 783 1826 tuae
831 1773 1124 1842 persolvo:
1156 1776 1233 1827 sic
1287 1774 1433 1827 enim
1485 1774 1647 1829 debui
1685 1793 1696 1827 :
1734 1785 1846 1829 tum
1899 1775 2095 1830 deinde

516 1878 733 1916 causam
792 1881 1057 1933 exponam
1119 1867 1421 1919 litterarum
1477 1882 1741 1921 mearum.
1794 1867 2095 1921 Rationalis

515 1955 631 2009 ovis
657 1964 858 2017 nostra.
881 1956 1043 2011 frater
1070 1958 1178 2019 ille,
1212 1958 1491 2027 multiplici
1511 1959 1813 2012 animarum
1835 1960 2096 2013 interem-

516 2050 689 2118 ptoris
720 2050 1050 2123 lupifraude
1094 2052 1335 2117 illectus,
1373 2052 1439 2107 ab
1489 2052 1677 2105 humili
1716 2053 1844 2106 ovili
1904 2062 2092 2107 nostro

516 2140 723 2207 ejectus
753 2150 857 2207 est,
901 2153 1312 2211 susceptusque,
1348 2153 1406 2196 ut
1429 2144 1804 2214 cognovimus,
1833 2146 1885 2199 in
1912 2161 2092 2199 mona-

516 2228 682 2283 sterio
709 2231 1007 2284 sanctitatis
1040 2241 1162 2285 ture.
1199 2233 1351 2296 Quod
1385 2234 1427 2286 si
1460 2234 1639 2287 statim
1670 2250 1732 2288 ac
1756 2235 1903 2289 illum
1931 2251 2090 2291 exce-

517 2320 614 2388 pit,
658 2321 892 2374 reditum
923 2322 993 2375 illi
1022 2324 1302 2386 suasisset,
1328 2324 1511 2377 dolum
1551 2328 1863 2387 ostendens,
1895 2335 1945 2380 et
1973 2326 2089 2380 cxi-

518 2412 650 2465 tium
681 2428 787 2480 quo
831 2413 1056 2468 allectus
1095 2425 1199 2475 est,
1230 2430 1292 2469 ac
1338 2416 1534 2472 deinde
1567 2418 1841 2471 meliorem
1888 2420 2087 2473 factum

518 2503 583 2555 ad
625 2504 1052 2558 mediocritatem
1105 2514 1341 2560 nostram
1387 2508 1711 2571 reduxisset,
1758 2509 1895 2563 nihil
1934 2511 2001 2563 ab
2032 2524 2088 2563 re

517 2595 714 2647 factum
738 2606 900 2659 esset,
933 2597 1024 2651 sed
1052 2598 1195 2665 quod
1225 2599 1392 2667 ipsam
1430 2600 1817 2661 deceret,sicut
1838 2616 1866 2654 a
1885 2602 2088 2655 sanctis

511 2687 647 2755 jussi
681 2703 889 2741 sumus.
919 2689 1072 2743 Nunc
1096 2706 1242 2752 vero,
1276 2700 1558 2760 postquam
1592 2700 1799 2745 tantum
1828 2694 2087 2761 temporis

516 2779 742 2839 eliluxit.
776 2790 829 2834 et
864 2782 1005 2835 nulla
1038 2783 1244 2837 reditus
1284 2788 1486 2839 mentio
1509 2824 1523 2847 ,
1569 2785 1896 2854 interrogare
1933 2786 2082 2849 libet,

517 2888 625 2939 quo
655 2885 812 2941 pacto
845 2874 1169 2943 discipulum
1200 2891 1378 2929 meum
1407 2876 1577 2945 pietas
1608 2886 1698 2930 tua
1725 2880 1871 2931 velut
1902 2877 2085 2948 ignara

520 2965 769 3019 retineat.
818 2966 977 3034 Atqui
1021 2967 1338 3036 oportebat,
1395 2984 1517 3021 cum
1558 2969 1792 3038 primum
1842 2972 2082 3041 agnovit,

519 3069 677 3123 quem
712 3071 819 3110 non
854 3058 1182 3126 tetenderat,
1212 3059 1487 3116 dimittere
1524 3078 1537 3113 :
1575 3071 1634 3116 ut
1660 3079 1779 3133 qua:
1826 3064 1960 3119 satis
2004 3065 2087 3118 in-

519 3147 728 3218 telligit,
763 3160 1024 3218 quantum
1063 3153 1115 3205 id
1158 3154 1352 3207 habeat
1401 3154 1734 3210 detrimenti.
1784 3155 1896 3211 Scit
1943 3156 2087 3211 enim

517 3239 646 3306 quid
678 3242 882 3295 sauciat
910 3243 1124 3296 divinus
1150 3259 1483 3313 magnusque
1507 3245 1750 3308 Basilius,
1800 3257 1857 3300 ut
1883 3264 1912 3301 a
1943 3248 2087 3301 nulla

517 3328 855 3384 fraternitate
884 3332 1196 3400 recipiatur,
1225 3334 1314 3403 qui
1341 3350 1369 3387 a
1397 3335 1621 3389 fratrum
1644 3352 1864 3390 suorum
1897 3348 2089 3392 contu-

517 3420 707 3475 beruio
751 3422 997 3477 resilivit.
1023 3423 1312 3489 Quomodo
1346 3426 1493 3479 enim
1543 3427 1840 3483 consistere
1879 3430 2089 3498 possint

517 3512 785 3577 cmnobia,
829 3515 931 3568 nisi
962 3515 1067 3569 hoc
1093 3525 1253 3584 caput
1294 3532 1406 3586 pra:
1451 3518 1704 3571 omnibus
1733 3518 2089 3573 observetur?

518 3603 671 3667 Quod
709 3605 751 3659 si
784 3606 924 3658 inter
949 3606 1127 3660 saeculi
1154 3607 1315 3677 hujus
1342 3608 1744 3677 ludimagistros
1768 3610 1820 3663 in
1850 3611 2090 3680 discipli-

517 3713 642 3750 nam
671 3698 915 3767 recipere
961 3716 1189 3768 puerum
1232 3717 1338 3754 non
1368 3701 1517 3765 licet,
1554 3703 1645 3772 qui
1693 3704 1845 3758 alteri
1892 3706 2091 3760 schola:

518 3789 747 3842 traditus
777 3789 866 3854 sit,
908 3800 1000 3844 aut
1026 3791 1070 3844 si
1100 3792 1221 3860 quis
1251 3792 1302 3846 id
1331 3793 1514 3857 faciat,
1548 3810 1669 3847 eum
1705 3811 1895 3850 omnes
1924 3797 2090 3850 colle-

519 3881 590 3933 cti
632 3882 813 3936 multa:
843 3899 1123 3953 pceneeque
1154 3885 1473 3953 subjiciunt,
1522 3896 1723 3954 quanto
1755 3886 1921 3955 magis
1950 3888 2089 3941 inter

520 3988 639 4035 nos,
670 3974 1008 4029 sanctissime
1034 3974 1191 4029 Pater
1214 4017 1228 4039 ,
1260 3977 1351 4046 qui
1398 3977 1448 4029 in
1483 3976 1572 4029 Dei
1602 3976 1838 4030 Ecclesia
1879 3994 2085 4042 sumus,

517 4072 567 4115 et
592 4063 797 4117 animas
827 4064 1163 4118 instituimus
1194 4067 1259 4119 ad
1303 4066 1610 4135 exemplum
1643 4066 1799 4134 primi
1850 4068 2086 4137 magistri

517 4164 570 4207 et
617 4154 850 4222 pastoris
899 4156 1066 4209 nostri
1119 4155 1245 4210 Jesu
1291 4155 1753 4225 Christi?Utique
1805 4173 1912 4210 non
1967 4174 2086 4211 sum

516 4243 734 4297 nescius
782 4251 833 4298 te
885 4244 1147 4313 sapientia
1208 4245 1542 4315 scientiaque
1604 4246 1901 4301 abundare.
1957 4248 2083 4311 Sed,

2194 1774 2392 1828 τιννύω
2440 1777 2505 1845 τῇ
2558 1776 2800 1844 πατρικῇ
2857 1792 2950 1827 σου
2994 1773 3271 1845 ἁγιωσύνῃ
3296 1792 3317 1829 .·
3351 1775 3566 1845 ὤφελον
3618 1776 3768 1845 γάρ·

2195 1861 2295 1918 εἷθ’
2342 1865 2516 1929 οὕτως
2549 1866 2648 1935 τὴν
2682 1866 2863 1918 αἰτίαν
2895 1866 3006 1918 τῶν
3060 1866 3403 1935 γραμμάτων
3446 1867 3766 1934 ἀπαγγελῶ.

2197 1956 2478 2026 Πρόϐατον
2540 1956 2698 2027 ἡμῶν
2745 1956 2961 2024 λογικὸν
2997 1957 3026 2008 ό
3055 1956 3201 2010 δεῖνα
3235 1959 3265 2010 ὁ
3291 1957 3554 2025 ἁδελφὸς.
3588 1958 3771 2010 δελεα-

2196 2049 2345 2112 σθεὶς
2393 2048 2498 2102 ὑπὸ
2539 2049 2647 2118 τῆς
2684 2048 3055 2117 πολυμεθόδου
3092 2047 3424 2117 πανουργίας
3468 2047 3565 2100 τοῦ
3599 2047 3771 2117 ψυχο⁴

2192 2141 2395 2211 φθόρου
2442 2140 2629 2205 λύκου,
2672 2140 2957 2209 ἀπεξεώοη
2994 2140 3094 2210 τῆς
3128 2139 3386 2208 ταπεινῆς
3448 2139 3609 2208 ἡμῶν
3650 2141 3770 2191 ποί-

2194 2250 2351 2303 μνης,
2384 2233 2496 2299 καὶ,
2520 2232 2595 2295 ὡς
2620 2231 2887 2300 ἔγνωσται
2912 2233 3066 2300 ἡμῖν,
3095 2230 3428 2300 προσεδέχθη
3456 2232 3514 2283 έν
3540 2234 3606 2301 τῇ
3636 2234 3768 2301 μονῇ

2190 2326 2287 2394 τῆς
2314 2323 2591 2393 ὁσιότητός
2631 2339 2745 2377 σου.
2781 2323 2889 2375 Καὶ
2935 2324 2982 2375 εἰ
3042 2322 3141 2391 μὲν
3195 2322 3439 2393 παρευθὺ
3491 2321 3768 2391 δεξαμένη

2189 2415 2539 2484 νενουθέτηκε
2584 2416 2652 2470 τά
2705 2415 2841 2484 πρὸς
2902 2414 3285 2484 ὑποστροφὴν,
3341 2411 3771 2466 ὑποδεικνύουσα

2188 2507 2286 2576 τὴν
2316 2508 2535 2576 ἀπάτην
2570 2505 2665 2558 καὶ
2688 2505 2779 2558 τὸν
2808 2504 3030 2577 ὄλεθρον
3059 2506 3117 2558 ὃν
3148 2502 3418 2556 πέπονθεν
3447 2519 3462 2535 ·
3506 2498 3629 2555 εἶτα
3653 2503 3773 2572 βελ-

2186 2599 2427 2652 τιώσασα
2446 2598 2654 2666 ἀνθυπή
2668 2614 2799 2665 γαγε
2826 2598 2957 2668 πρὸς
2973 2598 3071 2665 τὴν
3092 2594 3366 2648 εὐτέλειαν
3384 2592 3544 2663 ήμῶν
3570 2612 3581 2624 ·
3612 2595 3769 2647 οὐδὲν

2185 2690 2245 2743 τὸ
2262 2690 2509 2756 ἀπεικὸς,
2538 2690 2675 2744 ἀλλά
2698 2690 2757 2743 τὸ
2780 2688 3092 2759 ὲφαρμόζον
3116 2688 3277 2758 αὐτῇ,
3293 2687 3368 2749 ὡς
3392 2686 3768 2756 ὲντετάλμεθα

2188 2782 2290 2834 ὑπὸ
2343 2781 2450 2835 τῶν
2504 2782 2699 2851 ἁγίων.
2729 2782 2884 2834 Ἐπεὶ
2926 2780 2982 2833 δὲ
3014 2780 3269 2844 τοσοῦτος
3319 2780 3510 2850 χρόνος
3548 2782 3763 2851 παρίπ-

2189 2888 2375 2934 πευσε,
2411 2871 2504 2924 καὶ
2536 2870 2824 2940 οὐδαμοῦή
2871 2870 3144 2931 ἀνάλυσις.
3173 2869 3514 2941 ἐρωτηθῆναι
3578 2870 3771 2941 βούλοο

2191 2982 2306 3033 μαι,
2326 2965 2459 3033 ποίῳ
2476 2964 2663 3033 τρόπῳ
2691 2962 2779 3015 τὸν
2806 2962 3053 3033 μαθητήν
3084 2981 3183 3032 μου
3210 2965 3499 3033 ἐπικρατεί
3518 2966 3551 3034 ἡ
3578 2964 3770 3030 θεοφι-

2193 3054 2312 3106 λειά
2336 3070 2451 3115 σου,
2483 3052 2560 3115 ὠς
2593 3052 2885 3121 ἀγνοοῦσα.
2924 3052 3062 3107 Ἀλλ’
3089 3052 3195 3105 ἔδει
3237 3052 3355 3123 μετ’
3383 3053 3765 3127 ἐπιγνώσεως,

2189 3144 2247 3197 δν
2281 3145 2381 3198 οὒκ
2429 3144 2754 3215 ἀπέκειρεν,
2788 3143 3220 3214 ἀποπέμψασθαι
3255 3158 3269 3173 '
3314 3144 3391 3208 ὡς
3419 3144 3771 3213 γινώσκουσα

2190 3236 2323 3290 πολὺ
2355 3237 2414 3289 τὸ
2465 3235 2783 3300 επιὸλαὸές.
2828 3236 3151 3290 Ἑπίσταται
3189 3236 3299 3307 γὰρ
3345 3237 3396 3290 τί
3428 3237 3716 3306 νομοθετεῖ
3744 3240 3771 3291 ὁ

2191 3328 2332 3390 θεῖος
2354 3330 2447 3381 καὶ
2485 3328 2657 3398 μέγας
2682 3327 2985 3393 Βασίλειος,
3012 3328 3107 3381 τοῦ
3137 3329 3511 3399 ἀπρόσδεκτον
3537 3327 3678 3382 εἶναι
3708 3333 3769 3382 ἐν

2190 3422 2395 3483 πάσαις
2447 3422 2569 3484 ταῖς
2619 3420 2967 3490 ἀδελφότησι,
3000 3421 3090 3475 τὸν
3120 3420 3484 3491 ἀποπηδῶντα
3522 3421 3622 3489 τῆς
3654 3421 3766 3474 τῶν

2188 3512 2407 3564 οἰκείων
2446 3512 2693 3581 ἀδελφῶν
2744 3513 3062 3583 συναφείας.
3099 3514 3223 3576 Πῶς
3268 3515 3377 3583 γάρ
3422 3512 3488 3565 ἂν
3535 3513 3634 3566 καὶ
3668 3529 3770 3565 συο

2193 3600 2456 3671 σταίησαν
2500 3602 2568 3655 τά
2633 3602 2893 3665 κοινόσια,
2933 3604 2982 3655 εί
3033 3603 3108 3671 μὴ
3149 3602 3306 3655 τοῦτο
3344 3603 3772 3673 παρατηρηθείη

2192 3693 2299 3761 πρό
2325 3709 2390 3759 γε
2426 3692 2643 3745 πάντων
2676 3693 2736 3744 τὸ
2762 3693 3056 3759 κεφάλαιον
3082 3710 3097 3758 ;
3130 3693 3190 3743 El
3220 3692 3328 3763 γάρ
3349 3694 3440 3745 ἐπὶ
3486 3694 3595 3745 τῶν
3636 3712 3770 3748 παι-

2191 3780 2586 3833 δοδιδασκάλων
2610 3780 2703 3833 τοῦ
2724 3781 2924 3849 κόσμου
2942 3780 3155 3844 τούτου,
3176 3781 3272 3852 οὐχ
3292 3775 3403 3833 οἷόν
3417 3780 3521 3854 [τέ]
3540 3782 3661 3836 ἐστι
3684 3784 3773 3838 δέ-

2192 3872 2383 3937 ξασθαι
2438 3875 2497 3926 ὲν
2529 3875 2642 3937 τοῖς
2691 3873 2979 3943 μαθήμασι
3023 3891 3145 3927 τινα
3186 3876 3280 3928 τὸν
3313 3875 3371 3927 έν
3403 3876 3567 3945 ἑτέρᾳ
3596 3877 3767 3949 σχολῇ

2190 3964 2569 4033 παραδοθέντα
2597 3965 2764 4017 παῖδα
2797 3982 2809 3994 ·
2844 3966 2875 4033 ἢ
2906 3964 3067 4018 τοῦτο
3104 3964 3364 4019 ποιοῦντα
3392 3965 3770 4021 ὑποϐάλλουσι

2191 4058 2639 4128 συνηθροισμένοι
2668 4060 2713 4110 oi
2743 4059 2939 4122 πάντες
2970 4059 3267 4128 ἐπιτιμίοις
3296 4059 3497 4132 ζημίᾳ·
3526 4062 3679 4132 πόσῳ
3702 4079 3768 4130 γε

2194 4150 2396 4218 μᾶλλον
2430 4150 2517 4219 ἐφ’
2551 4150 2727 4220 ἡμῶν,
2756 4149 3027 4219 ἀγιὼτατε
3050 4151 3253 4220 Πάτερ,
3288 4151 3395 4204 τῶν
3436 4152 3771 4223 Ἐκκλησίας

2189 4243 2327 4296 Θεοῦ
2384 4245 2744 4313 κατεχόντων,
2768 4244 2866 4297 καὶ
2909 4242 3097 4313 ψυχῶν
3131 4244 3588 4313 καθηγουμένων,
3619 4248 3771 4299 κατά

516 4348 699 4400 quaeso
734 4342 804 4397 te,
858 4333 981 4387 facti
1035 4336 1197 4403 hujus
1225 4336 1613 4391 absurditatem
1647 4338 1928 4393 considera
1959 4382 1972 4405 ,
2030 4351 2084 4394 tu

2194 4334 2424 4403 μίμησιν
2449 4334 2543 4386 τοῦ
2575 4332 2791 4403 πρώτου
2819 4333 3141 4387 διδασκάλου
3186 4334 3282 4385 καὶ
3314 4335 3574 4404 ποιμένος
3606 4335 3772 4406 ήμῶν

516 4422 771 4486 niaxime,
797 4424 890 4492 qui
925 4426 1063 4477 inter
1101 4440 1285 4481 sacros
1317 4425 1510 4481 fratres
1556 4428 1724 4499 gradu
1770 4438 1827 4483 et
1880 4430 2084 4485 honore

516 4516 857 4584 praeemines.
892 4517 973 4570 An
1005 4518 1202 4581 nescis,
1226 4519 1587 4583 sanctissime,
1630 4521 1772 4589 quod
1806 4528 1895 4575 tuo
1919 4521 2079 4574 etiam

516 4607 659 4677 gregi
690 4609 911 4661 noxium
945 4608 1016 4661 sit
1042 4610 1273 4663 alienam
1295 4625 1451 4663 ovem
1480 4612 1775 4680 copulare?
1798 4611 1931 4665 Cum
1955 4627 2083 4682 ergo

517 4696 571 4750 in
599 4698 847 4753 confesso
886 4700 955 4753 sit
994 4708 1203 4753 tantum
1251 4702 1473 4766 malum,
1545 4718 1764 4757 oramus
1789 4745 1802 4768 ,
1864 4712 1921 4756 ut
1960 4719 2081 4757 cum

514 4789 723 4845 litteras
746 4790 1017 4860 simplices
1040 4801 1253 4847 nostras
1282 4795 1579 4862 acceperis.
1605 4793 1861 4848 fratribus
1884 4796 2084 4849 nostris

515 4879 569 4933 in
603 4895 721 4934 eam
762 4897 872 4936 rem
911 4882 1093 4937 missis
1136 4883 1285 4937 illum
1322 4885 1538 4947 tradas,
1594 4896 1654 4940 ut
1700 4886 1766 4939 ad
1805 4886 2083 4956 proprium

514 4970 655 5023 ovile
684 4972 964 5035 reducant,
1013 4988 1134 5027 cum
1169 4974 1334 5028 rebus
1362 4975 1618 5029 Ecclesiae
1659 4990 1797 5042 quas
1837 4974 2078 5028 abstulit.

513 5059 664 5124 Quod
707 5059 749 5113 si
794 5061 1015 5130 obsequi
1060 5062 1227 5116 frater
1272 5063 1493 5127 abnuat,
1530 5063 1814 5118 confestim
1860 5079 1889 5117 a
1929 5078 2082 5116 sacro

515 5151 665 5204 illum
697 5152 825 5205 ovili
860 5160 951 5207 tuo
975 5154 1027 5206 in
1059 5156 1250 5207 malam
1276 5170 1387 5208 rem
1420 5155 1650 5223 ejectum
1680 5155 1830 5209 velis.
1864 5153 1957 5208 Sin
1985 5170 2083 5208 au-

516 5252 644 5305 tem,
678 5244 820 5311 quod
860 5244 1081 5298 minime
1120 5260 1318 5309 remur,
1354 5256 1475 5314 post
1509 5247 1753 5301 notitiam
1782 5248 1923 5302 hanc
1950 5248 2080 5301 reti-

515 5346 645 5384 nere
680 5332 827 5385 illum
866 5334 1044 5403 pergis
1066 5374 1080 5397 ,
1113 5334 1246 5389 scito
1281 5336 1497 5405 ligatum
1534 5354 1562 5391 a
1595 5340 1750 5393 nobis
1781 5354 1920 5402 esse,
1970 5354 2080 5393 non

518 5430 737 5483 temere,
784 5423 877 5475 sed
920 5438 1111 5493 magno
1155 5441 1377 5493 prorsus
1422 5428 1644 5496 judicio,
1695 5430 1777 5483 vel
1825 5430 2004 5499 potius
2051 5447 2080 5484 a

515 5523 699 5567 sancta
730 5514 995 5568 Trinitate
1026 5526 1079 5570 ct
1118 5517 1389 5571 universis
1422 5520 1841 5575 sacerdotalibus
1888 5522 2080 5576 decre-

513 5605 602 5665 tis,
661 5614 719 5657 ut
767 5608 1149 5662 communione
1200 5619 1382 5663 careat
1427 5611 1730 5681 divinorum
1788 5612 2077 5677 donorum,

511 5704 670 5762 atque
696 5697 1023 5751 exteriorum
1056 5715 1269 5769 quoque
1298 5700 1539 5755 cibor'um
1566 5702 1861 5767 consortio,
1904 5705 2077 5772 quoad

516 5803 762 5845 reversus
794 5790 1033 5845 mandrae
1078 5807 1189 5848 sua:
1238 5794 1573 5854 restituatur.
1606 5795 2075 5861 Quemadmodum

2208 4424 2378 4495 Ἰησοῦ
2430 4424 2666 4495 Χριστοῦ
2694 4442 2706 4487 ;
2740 4421 2869 4477 Οἶδα
2914 4425 3094 4476 τοίνυν
3143 4425 3225 4476 ὅτι
3256 4425 3693 4495 πεπληρωμένος
3717 4422 3774 4479 εἷ

2191 4518 2381 4585 σοφίας
2406 4517 2499 4569 καὶ
2528 4516 2796 4583 γνώσεως.
2835 4515 2995 4568 Ἀλλά
3024 4516 3212 4586 δέομαί
3248 4533 3340 4568 σου
3375 4517 3677 4585 ἐπιγνῶναι
3703 4518 3769 4570 τὺ

2188 4609 2561 4678 πραττόμενον
2616 4607 2849 4659 ἔκτοπον
2879 4648 2892 4669 ,
2928 4609 3026 4660 καὶ
3091 4608 3325 4678 μάλιστα
3360 4608 3522 4671 αὐτὸς
3560 4611 3588 4661 ὁ
3624 4625 3770 4677 προ-

2187 4699 2326 4768 έχων
2353 4698 2462 4749 τῶν
2493 4697 2687 4763 ἄλλων,
2721 4698 2815 4751 καί
2841 4696 3042 4767 βρίθων
3079 4700 3137 4751 έν
3180 4699 3300 4769 ἱερᾷ
3338 4700 3771 4769 ἀδελφότητι.⁹11

2184 4790 2282 4841 οὐκ
2332 4784 2499 4852 οἶδας,
2532 4790 2820 4852 ὁσιώτατε,
2856 4788 2939 4841 ὅτι
2982 4790 3076 4841 καὶ
3106 4789 3255 4860 αὐτῷ
3283 4788 3359 4859 τῷ
3400 4791 3640 4861 ποιμνίῳ
3667 4810 3768 4845 σου

2184 4879 2473 4942 ἐπιϐλαϐές
2528 4880 2643 4932 ἐστι
2697 4881 2991 4934 συνάπτειν
3053 4880 3323 4949 πρόὸατον
3401 4882 3767 4951 έτεροδέσπο-

2183 4988 2302 5036 τον;
2335 4972 2602 5025 Τοσούτου
2631 4967 2722 5025 οὗν
2757 4972 2928 5035 δντος,
2967 4971 3174 5037 λοιπὸν,
3208 4972 3635 5043 ὠμολογημένου
3667 4974 3767 5028 τοῦ

2184 5064 2377 5127 κακοῦ,
2441 5064 2848 5134 ἀντιϐολοῦμεν,
2919 5065 3081 5134 ἡνίκα
3132 5063 3258 5138 δέξῃ
3314 5066 3471 5136 ἡμῶν
3535 5068 3605 5120 τά
3665 5069 3765 5121 εὖ·

2182 5155 2306 5225 τελῆ
2370 5156 2676 5224 γράμματα
2710 5195 2724 5218 ,
2792 5155 3123 5225 παραδοῦναι
3192 5156 3323 5209 αὐτὸ
3408 5159 3522 5218 τοῖς
3623 5161 3767 5227 πρὸς

2184 5247 2312 5300 αὐτὸ
2405 5246 2564 5300 τοῦτο
2660 5247 2983 5317 πεμφθεῖσιν
3065 5247 3315 5316 ἀδελφοῖς
3396 5248 3554 5317 ἡμῶν
3586 5288 3601 5311 ,
3674 5250 3765 5301 ἵνα

2182 5338 2462 5404 ἀγάγωσιν
2546 5337 2706 5389 αὐτὸν
2774 5338 2909 5406 πρὸς
2955 5336 3051 5407 τὴν
3121 5336 3255 5389 ίδίαν
3301 5336 3575 5405 ποίμνην,
3637 5339 3765 5408 μεθ’

2182 5421 2255 5479 ὧν
2308 5429 2694 5497 ἐσφετερίσατο
2737 5430 3079 5498 πραγμάτων
3126 5430 3222 5498 τῆς
3286 5430 3641 5501 Ἐκκλησίας.
3702 5430 3766 5483 Et

2183 5519 2240 5572 δὲ
2263 5520 2521 5590 ἀπειθείᾳ
2552 5520 2751 5589 χρῆται
2782 5522 2811 5572 ὁ
2840 5520 3089 5589 ἀδελφὸς,
3116 5521 3551 5590 ἀποσκορακίσαι
3598 5522 3759 5575 αὐτὸν

2184 5611 2395 5681 θελήσει
2434 5612 2529 5681 τῆς
2571 5612 2719 5682 ἱερᾶς
2762 5612 2924 5665 αὐτοῦ
2959 5612 3194 5681 ποίμνης
3227 5612 3566 5681 παραυτίκα.
3602 5614 3664 5666 ΕΞ
3693 5615 3761 5677 δ’,

2184 5705 2321 5774 ὅπερ
2349 5704 2447 5757 οὐκ
2472 5704 2716 5775 οἰόμεθα,
2757 5705 2896 5774 μετὰ
2924 5704 3021 5775 τὴν
3048 5704 3248 5772 γνῶσιν
3279 5704 3485 5771 ταύτην

2183 5797 2326 5865 ἐχειν
2364 5798 2522 5850 αὑτὸν
2565 5797 2830 5866 βούλεται,
2864 5796 3175 5865 γινωσκέτω
3222 5797 3301 5849 ὅτι
3340 5796 3618 5866 δεδεμένος
3646 5800 3761 5850 ist.

3533 5708 3757 5759 ἐπικατ-
