3914 6458
171 427 275 488 957

1397 440 1762 502 EPISTOLA
1774 441 1936 501 RUM
1974 443 2118 502 LIB.
2156 444 2200 503 Ι.

3351 444 3456 507 958

171 539 304 608 παρ’
325 538 509 608 ἡμῶν,
546 541 647 594 οὐκ
705 542 914 610 ἀλόγως
940 586 954 607 ,
983 546 1118 600 ἀλλά
1150 550 1242 602 καὶ
1273 550 1394 604 λίαν
1425 554 1756 625 ἐγκεκριμέ-

1861 564 2042 608 autem
2065 555 2221 608 nefas
2244 554 2336 619 sit,
2371 571 2753 629 quemcunque
2782 573 2849 612 ex
2872 556 3149 626 discipulis
3177 556 3287 611 suis
3313 572 3441 611 san-

172 649 303 693 νως,
342 632 549 698 μᾶλλον
599 633 655 686 δὲ
702 633 807 687 ὑπὸ
835 637 930 706 τῆς
962 638 1122 707 ἁγίας
1158 638 1403 712 Τριάδος,
1436 647 1530 698 καὶ
1581 647 1763 716 πάσης

174 723 542 790 θεσμοθεσίας
572 728 878 798 ἱερατικῆς,
915 730 1014 784 τοῦ
1042 733 1408 804 ἀκοινώνητον
1433 739 1597 792 αὐτὸν
1622 736 1764 792 εἶναι

172 815 283 868 τῶν
321 818 482 871 θείων
509 818 720 889 δώρων,
753 823 879 874 ἐπεὶ
911 825 1006 877 καὶ
1035 825 1306 897 ἀμέτοχον
1341 828 1448 882 τῶν
1479 831 1763 903 ἐξωτέρων

176 905 506 976 βρωμάτων’
541 910 646 972 ἕως
681 911 746 964 ἂν
775 913 1228 986 ἁνθυποστρέψας
1256 921 1560 994 είσοικισθῇ
1598 926 1656 977 ἐν
1694 928 1760 996 τῇ

177 1000 393 1070 μάνδρᾳ
439 1001 626 1057 αὐτοῦ.
657 1003 866 1075 ’Ὠσπερ
900 1006 954 1058 δὲ
1009 1009 1070 1062 οὐ
1127 1010 1306 1079 θέμις,
1341 1013 1399 1064 ὃν
1447 1014 1638 1085 δεσμεῖ
1687 1020 1764 1071 οί-

173 1093 325 1143 κετον
360 1092 613 1164 μαθητὴν
646 1098 678 1166 ἡ
707 1097 986 1167 ἀγιωσύνη
1039 1117 1160 1164 σου,
1192 1101 1341 1155 λύειν
1368 1105 1488 1157 τινὰ
1527 1106 1588 1159 τὸ
1622 1109 1758 1160 καθ-

173 1181 298 1235 όλου
327 1182 697 1255 (παρανομίας
720 1189 828 1260 γὰρ
853 1191 1010 1243 τοῦτο
1030 1191 1211 1262 ἔργον,
1244 1195 1337 1247 καὶ
1361 1196 1424 1248 ἐκ
1442 1196 1626 1264 ψήφου
1648 1217 1763 1252 κοι-

176 1274 270 1342 νῆς
296 1273 425 1344 Ῐῐης.
463 1276 593 1346 Reg.
619 1278 822 1350 κοινοῦ]
843 1281 939 1349 τῆς
981 1282 1108 1349 ὅλης
1143 1283 1468 1355 Ἐκκλησέας
1493 1289 1757 1359 καταδίκη

175 1365 773 1437 ὁμοιοπαθείας),οὖτω
802 1371 1020 1434 πάντως
1051 1373 1170 1425 οὐδὲ
1201 1375 1338 1444 πρὸς
1363 1377 1462 1447 τὴν
1494 1378 1767 1448 ἡμετέραν

1863 647 2024 702 ctitas
2061 655 2150 700 tua
2178 648 2376 718 ligarit,
2417 649 2560 704 hunc
2584 652 2650 705 ab
2677 650 2784 704 alio
2819 664 3091 720 quoquam
3133 650 3268 704 solvi
3325 649 3455 714 (ini-

1863 756 2028 811 quum
2056 743 2200 796 enim
2233 752 2317 797 est
2365 743 2606 809 facinus,
2640 753 2696 798 et
2745 760 2811 797 ex
2858 742 3138 797 communi
3197 740 3453 795 Ecclesiae

1869 833 2078 888 calculo
2109 835 2268 888 simili
2295 850 2453 904 pcena
2492 835 2802 896 damnatur)
2833 851 2846 886 :
2873 835 2952 889 sic
2984 848 3207 904 prorsus
3254 847 3356 887 nec
3397 832 3450 884 in

1861 925 2292 994 jurisdictionem
2321 935 2589 990 nostram,
2613 943 2775 996 quam
2805 925 3039 996 indignis
3067 925 3227 978 nobis
3262 923 3453 977 tribuit

1868 1014 2128 1069 Dominus
2165 1030 2278 1071 non
2313 1017 2380 1071 ad
2410 1016 2732 1086 perniciem,
2763 1016 2859 1070 sed
2916 1016 2982 1069 ad
3033 1013 3446 1069 adiﬁcationem

1864 1104 2191 1168 animarum,
2232 1122 2354 1162 sese
2402 1108 2615 1178 ingerat
2648 1108 2913 1162 sanctitas
2950 1117 3060 1161 tua.
3104 1102 3447 1158 Horrenduin

1863 1197 2011 1250 enim
2038 1207 2121 1251 est
2148 1198 2434 1263 judicium.
2465 1198 2810 1269 Quapropter
2848 1197 3044 1251 inﬂexa
3075 1196 3314 1258 tandem,
3338 1195 3452 1261 spi-

1863 1289 2114 1342 ritualem
2149 1290 2316 1344 ﬁlium
2351 1300 2599 1346 nostrum
2632 1291 2889 1344 fratribus
2925 1288 3136 1351 reddet,
3170 1303 3268 1358 pro
3291 1285 3450 1340 nobis

1875 1381 2253 1449 peccatoribus
2280 1398 2447 1437 orans
2480 1383 2597 1438 sine
2634 1381 3042 1436 intermissione

177 1453 448 1521 ἐξουσίαν,
479 1457 544 1526 ἦν
600 1458 832 1523 ἀναξίως
883 1461 1112 1516 δέδωκεν
1169 1466 1302 1535 ἡμῖν
1342 1468 1370 1518 ὁ
1416 1468 1650 1538 Κύριος,
1683 1469 1784 1521 οὐκ
1824 1472 1902 1534 είς
1937 1470 2271 1541 καθαίρεσιν,
2319 1474 2435 1526 ἀλλ’
2463 1474 2751 1543 οἰκοδομὴν
2813 1473 3023 1543 ψυχῶν,
3052 1471 3286 1540 ἐπιϐάλῃ
3318 1471 3449 1523 ἑαυ-

176 1545 340 1639 τὴν-ἡ
367 1549 646 1623 ἁγιωσύνη
690 1571 802 1608 σου.
864 1557 1096 1628 Φρικτὸν
1129 1559 1237 1630 γᾴρ
1287 1560 1346 1613 τὸ
1407 1565 1601 1633 κρῖμα.
1653 1563 1751 1616 Διὰ
1811 1565 1970 1618 τοῦτο
2018 1568 2500 1639 παρακαλουμένη,
2557 1570 2773 1630 πάντως
2839 1584 2902 1634 γε
2959 1566 3022 1619 τὸ
3082 1565 3449 1635 πνευματικὸν

175 1634 339 1704 ἡμῶν
403 1643 594 1698 τέκνον
637 1647 951 1717 παραδώσει
1002 1653 1116 1714 τοῖς
1163 1652 1434 1721 ἀδελφοῖς,
1486 1654 1753 1725 εὐχομένη
1784 1655 1923 1727 ὑπὲρ
1953 1634 2112 1729 ἡμῶν
2143 1658 2251 1711 τῶν
2315 1634 2655 1730 ἁμαρτωλῶν
2679 1659 3057 1720 ἀδιαλείπτως.

430 1784 530 1839 lL'.
564 1816 633 1824 —
683 1787 993 1854 Θεοδού.1ῳ
1015 1788 1062 1820 ’⁵⁸
1101 1793 1365 1858 Κιονίτῃ.
1402 1790 1549 1863 [λβκ]

2225 1797 2337 1852 XV.
2365 1827 2436 1836 —
2465 1798 2721 1852 Theodulo
2744 1797 2961 1854 Cianin
2983 1796 3052 1827 δι’

1166 1934 1507 1996 Reprehendit
1532 1935 1770 1996 picturam
1795 1936 2086 1998 angelorum
2111 1937 2478 1990 crucifixorum.

260 2060 356 2113 Ἐκ
382 2061 575 2131 χρόνου
604 2060 800 2116 πολλοῦ
827 2063 1126 2134 ἐπιθυμίαν
1148 2065 1323 2134 ἔχοντι
1348 2065 1452 2127 ἓως
1476 2064 1571 2118 τοῦ
1614 2082 1759 2135 παρ-

1932 2069 2183 2138 Cupienti
2223 2070 2355 2124 mihi
2384 2071 2705 2140 jamdudum
2734 2073 2798 2126 ad
2844 2082 2895 2128 te
2924 2074 3134 2136 venire,
3160 2072 3444 2128 sanctissi-

175 2157 328 2219 ὄντος
352 2198 368 2220 ,
401 2158 673 2225 ἀγιώτατέ
713 2176 814 2229 μου
857 2161 1062 2230 Πάτερ,
1093 2162 1268 2214 ἐλθεῖν
1295 2162 1390 2216 καὶ⁵
1425 2163 1757 2230 κομίσασθαί

177 2262 273 2298 σου
334 2248 434 2310 τὰς
492 2249 654 2316 ἁγίας
711 2251 898 2318 εὐχὰς,
964 2252 1061 2303 οὐκ
1123 2251 1400 2320 ἐξεγένετό
1467 2271 1557 2324 μοι
1616 2254 1754 2318 ὁδὸς,

177 2338 401 2401 πάντως
456 2338 545 2392 διά
593 2339 693 2402 τάς
742 2341 1018 2410 ἁμαρτίας
1073 2359 1172 2411 μου
1203 2358 1217 2373 ⁸
1255 2344 1446 2414 ὥσπερ
1488 2344 1584 2397 καὶ
1638 2342 1753 2395 νῦν.

176 2431 269 2483 Διὸ
340 2432 691 2502 ἠναγκάσθην
751 2434 1070 2487 ἀποστεῖλαι
1125 2436 1218 2489 τὸν
1293 2436 1521 2504 ἀδελφὸν
1596 2436 1756 2505 ἡμῶν

175 2522 269 2573 τὸν
326 2522 666 2592 Καλόγηρον,
743 2525 1160 2596 ἀναπληροῦντα
1217 2529 1317 2598 τῆς
1376 2526 1757 2588 ταπεινώσεως

177 2615 336 2684 ἡμῶν
380 2616 478 2683 τὴν
534 2616 840 2670 ἀπουσίαν-
893 2619 1014 2671 ἐπεὶ
1063 2621 1154 2673 καὶ
1208 2621 1370 2690 ἡμεῖς
1424 2621 1755 2691 ἐλευσόμεθα

176 2707 651 2775 προσκυνήσοντες
681 2707 748 2761 τὰ
779 2709 935 2777 τίμιά
962 2727 1054 2763 σου
1092 2712 1237 2782 ῐχνη,
1255 2711 1392 2765 Θεοῦ
1419 2712 1751 2775 εὐοδοῦντος.

179 2796 461 2863 Σύγγνωθι
509 2798 566 2851 δέ
625 2816 736 2869 μοι,
772 2801 976 2871 Πάτερ,
1006 2802 1033 2855 ὂ
1081 2803 1259 2872 μέλλω
1311 2804 1523 2870 λέγειν,
1552 2807 1635 2858 ὅτι
1697 2807 1756 2857 ἐν

177 2889 447 2958 ἀπλύτητί
506 2891 626 2942 ἐστι
676 2892 734 2955 ἐξ
789 2893 1015 2962 ἀγάπης
1064 2894 1412 2964 εἰλικρινοῦς,
1444 2896 1540 2949 καὶ
1567 2897 1630 2948 ἐκ
1659 2896 1752 2948 τοῦ

177 2977 430 3045 ἐφίεσθαί
464 2997 530 3047 με
578 2981 640 3032 τὸ
680 2979 983 3052 ἀμώμητον
1013 2984 1113 3053 τῆς
1141 2985 1416 3046 πολιτείας
1451 3002 1565 3040 σου.
1600 2987 1756 3047 Τινὲς

179 3069 528 3137 ὑπέκρουσαν
563 3072 657 3134 (ὡς
699 3074 1053 3143 ἐπιστάμενοί
1091 3093 1154 3144 γε
1206 3078 1429 3145 γνήσιόν
1474 3094 1567 3129 σου
1611 3074 1754 3130 εἶναι

179 3161 273 3212 καὶ
296 3161 571 3230 δμάψυχον
603 3162 755 3229 φίλον
783 3165 875 3216 καὶ
901 3165 1091 3218 τέκνον
1111 3207 1126 3230 ,
1164 3167 1315 3230 ὄντες
1358 3169 1452 3219 καὶ
1482 3168 1635 3220 αὐτοὶ
1666 3168 1754 3236 φί-

179 3251 259 3304 λοι
284 3253 703 3323 διαφερόντως),
732 3257 813 3310 an
841 3256 992 3328 παρὰ
1020 3258 1078 3311 τὺ
1111 3259 1228 3311 δέον
1263 3259 1490 3329 πράττει
1524 3261 1556 3329 ἡ
1585 3261 1753 3325 ἁγιω-

180 3347 312 3414 σύνη
340 3363 433 3398 σου
459 3364 472 3378 ο
505 3347 684 3417 κάμοῦ
717 3349 855 3419 πρὸς
879 3349 1036 3401 τοῦτο
1065 3349 1513 3421 δυσχεράναντος,
1546 3352 1638 3404 καὶ
1671 3354 1755 3404 ὲν-

182 3439 499 3508 ισταμένου,
533 3440 627 3491 καὶ
659 3440 1130 3509 ἐπιφθεγγομένου
1181 3443 1248 3494 τὰ
1303 3443 1532 3513 μέγιστα
1562 3459 1756 3512 κατορ-

181 3529 414 3597 θώματα
468 3529 565 3582 τοῦ
626 3529 831 3600 ὑψηλοῦ
896 3548 989 3584 σου
1049 3533 1187 3601 βίου,
1216 3533 1521 3602 συνείροντό
1576 3551 1665 3602 μοι
1701 3535 1759 3585 ἐν

179 3619 373 3687 τούτῳ.
407 3620 551 3689 Πρὸς
578 3620 634 3672 δέ
669 3619 890 3689 ῥήματά
942 3637 1064 3673 τινα
1119 3621 1215 3672 καὶ
1267 3621 1568 3689 πράγματα
1625 3636 1759 3672 κατ-

180 3710 412 3780 ῃτιῶντο
443 3727 454 3738 ·
514 3711 629 3776 καὶ,
669 3711 754 3764 ἴνα
789 3711 846 3764 ἒν
904 3711 1064 3772 εἴπω,
1104 3714 1308 3778 ἔφασαν
1364 3712 1444 3763 ὅτι
1497 3710 1760 3779 ἀγγέλους

180 3803 529 3872 ἁνιστόρησε,
559 3804 654 3856 καὶ
682 3803 908 3865 τούτους
961 3803 1222 3855 ίσότυπον
1275 3803 1369 3856 τοῦ
1408 3803 1676 3873 Χριστοῦ,
1701 3805 1759 3856 ὲν

179 3896 291 3958 τοῖς
333 3895 578 3962 φεγγίοις
610 3893 1062 3964 ἐσταυρωμένους
1095 3913 1108 3927 ·
1143 3896 1304 3948 αὑτὸν
1329 3897 1383 3949 δὲ
1412 3898 1502 3948 τὸν
1525 3896 1760 3965 Χριστὸν

181 3989 422 4049 καὶτοὺς
446 3987 728 4054 ἀγγέλους,
759 4002 826 4054 γη
839 3985 1082 4056 ραλέους.
1112 3989 1219 4040 Καὶ
1253 3987 1422 4040 πολλὰ
1448 3987 1581 4058 πρὸς
1602 3987 1759 4040 τοῦτο

182 4080 589 4148 φιλοπευστῶν,
629 4080 728 4132 οὐκ
762 4079 1037 4153 ἠδυνήθην
1067 4082 1249 4143 αὐτοῖς
1273 4079 1754 4148 ἀντιφθέγξασθαι.

185 4175 422 4243 Ἠροντο
455 4173 562 4244 γάρ
591 4172 740 4237 ξένον
793 4190 843 4225 τι
886 4175 981 4227 καὶ
1032 4173 1308 4243 ἀλλότριον
1359 4173 1459 4242 τῆς
1518 4172 1757 4242 παραδό-

183 4279 323 4327 σεως
405 4265 508 4334 τῆς
583 4265 907 4334 Ἐκκλησίας
970 4266 1258 4336 εἰργάσθαι
1294 4303 1310 4329 ,
1382 4267 1475 4317 καὶ
1540 4265 1760 4325 πάντως

182 4359 279 4427 οὐχ
337 4357 443 4410 ὑπὸ
487 4357 646 4421 Θεοῦ,
676 4357 790 4411 ἀλλ’
821 4358 924 4411 ὑπὸ
957 4358 1050 4411 τοῦ
1081 4358 1324 4410 ἐναντίου
1361 4353 1499 4410 εἶναι
1523 4358 1582 4409 τὸ
1618 4358 1759 4426 πρᾶ-

183 4467 305 4518 γμα.
327 4466 342 4481 ο
379 4449 518 4502 ἐπὰν
540 4453 596 4504 ἐν
631 4450 904 4514 τοσούτοις
923 4452 1089 4515 ἔτεσι,
1126 4452 1222 4503 καὶ
1267 4450 1541 4513 τοσούτοις
1573 4450 1759 4518 θεοφόο

186 4560 298 4612 ροις
329 4545 426 4597 καὶ
457 4544 634 4612 ἁγίοις
657 4545 958 4613 Πατράσιν,
983 4543 1080 4612 οὐχ
1110 4542 1579 4611 ύποδειγματίσθη
1602 4541 1762 4594 τοῦτο

180 4641 241 4688 -ιο
279 4637 500 4707 ἰδίωμα.
533 4637 605 4689 Τὸ
637 4636 742 4707 γάρ
777 4636 870 4687 νῦν
898 4635 1387 4703 καινοτομούμενον
1408 4677 1422 4698 ,
1453 4634 1551 4686 κᾶν
1577 4634 1759 4703 ἐξξάγ-

1859 2170 1946 2209 me
1973 2155 2153 2220 Pater,
2186 2163 2241 2210 et
2273 2159 2442 2212 sacris
2469 2161 2723 2228 precibus
2747 2161 2855 2214 tuis
2883 2162 3125 2231 perfrui,
3171 2163 3258 2216 via
3307 2163 3442 2217 mihi

1858 2247 2143 2313 hactenus,
2176 2250 2245 2303 ob
2279 2260 2497 2318 peccata
2533 2252 2740 2307 scilicet
2776 2268 2915 2317 mea,
2971 2269 3082 2307 non
3145 2255 3340 2324 patuit,
3379 2269 3444 2309 ac

1857 2353 1927 2392 nc
1954 2354 2098 2392 nunc
2121 2340 2360 2408 quidem.
2387 2339 2680 2409 Propterea
2728 2350 2949 2396 coactus
2979 2357 3097 2396 sum
3121 2343 3440 2413 Calogerum

1857 2430 2083 2484 fratrem
2116 2440 2361 2484 nostrum
2393 2432 2459 2484 ad
2510 2441 2561 2484 te
2588 2432 2825 2495 mittere,
2863 2433 2953 2502 qui
2993 2433 3313 2488 humilitatis
3341 2450 3442 2488 no-

1857 2533 1983 2576 strae
2009 2522 2305 2575 absentiam
2334 2523 2578 2592 suppleat
2620 2541 2632 2577 :
2666 2523 2866 2578 deinde
2914 2523 3198 2579 veniemus
3224 2534 3279 2580 et
3317 2541 3438 2588 nos,

1856 2625 1912 2667 ut
1943 2614 2010 2667 ad
2039 2614 2379 2669 venerandos
2410 2615 2577 2685 pedes
2607 2625 2750 2679 tuos,
2790 2616 2902 2671 Deo
2941 2617 3098 2679 duce,
3132 2628 3443 2687 prosterna-

1855 2721 1995 2758 mur.
2029 2704 2254 2774 lgnosce
2271 2715 2450 2760 autem
2477 2707 2632 2772 mihi,
2655 2709 2834 2774 Pater,
2858 2709 3002 2777 quod
3031 2708 3276 2763 dicturus
3295 2725 3436 2775 sum,

1854 2797 1980 2865 quia
2012 2797 2336 2865 simpliciter
2365 2798 2566 2864 dicam,
2598 2809 2651 2853 et
2698 2799 2908 2853 sincera
2951 2816 3016 2854 ex
3058 2801 3345 2865 cbaritate,
3377 2816 3440 2855 ac

1855 2889 2126 2943 desiderio
2157 2904 2264 2958 quo
2293 2898 2483 2943 teneor
2503 2899 2561 2943 ut
2584 2891 2689 2944 vita
2712 2901 2801 2944 tua
2832 2893 2976 2945 omni
3007 2893 3440 2962 reprehensione

1855 2990 2054 3035 careat.
2089 2979 2488 3051 Suggesserunt
2519 2983 2738 3051 quidam
2767 3024 2782 3046 ,
2837 2991 2896 3037 ut
2946 2985 3036 3053 qui
3098 2985 3303 3038 scirent
3351 2999 3439 3039 me

1855 3087 2172 3141 germanum
2205 3073 2300 3127 tibi
2333 3084 2495 3143 atque
2551 3075 2863 3128 unanimem
2911 3077 3144 3129 amicum
3177 3083 3233 3129 et
3265 3075 3435 3128 ﬁlium

1854 3179 1994 3226 esse,
2028 3180 2151 3218 cum
2194 3166 2295 3235 ipsi
2322 3182 2538 3236 quoque
2567 3167 2726 3220 amici
2766 3177 2950 3222 essent
3010 3168 3214 3229 eximii,
3243 3176 3440 3237 przetcr

1854 3253 1936 3308 fas
1970 3265 2024 3308 et
2044 3254 2301 3309 decorum
2337 3272 2494 3328 agere
2520 3257 2862 3311 sanctitatem
2904 3267 3074 3311 tuam.
3105 3257 3351 3326 Cumque
3375 3258 3441 3311 ad

1859 3348 2312 3418 haecindignarer
2356 3357 2410 3404 et
2447 3350 2791 3411 resisterem,
2845 3365 3442 3420 commemorarcmquc

1862 3441 2074 3510 egregia
2101 3441 2348 3496 sublimis
2376 3442 2498 3495 vita!
2530 3451 2632 3496 tute
2658 3442 2921 3508 facinora,
2965 3444 3016 3501 in
3051 3445 3154 3498 hoc
3192 3445 3326 3498 mihi
3355 3462 3444 3498 as-

1862 3533 2006 3587 sensi
2047 3543 2192 3588 sunt.
2224 3535 2299 3588 De
2335 3534 2614 3589 nonnullis
2643 3544 2823 3589 autem
2860 3537 3018 3591 dictis
3052 3536 3318 3607 factisque
3349 3554 3437 3592 ac-

1861 3624 2140 3687 cusabant,
2205 3633 2367 3693 atque
2407 3626 2488 3694 (ut
2543 3641 2710 3678 unum
2752 3626 3044 3694 proferam)
3105 3628 3360 3682 dixerunt
3389 3638 3441 3682 te

1862 3713 2082 3783 angelos
2114 3713 2428 3783 dcpinxisse
2458 3756 2473 3781 ,
2520 3730 2724 3784 eosque
2754 3715 2820 3769 ad
2854 3715 3055 3769 Christi
3083 3716 3334 3781 formam,
3384 3718 3439 3771 in

1861 3803 2114 3856 fenestris
2146 3803 2472 3866 crucifixos;
2506 3803 2683 3872 ipsum
2716 3819 2843 3857 vero
2881 3803 3153 3858 Christum
3181 3816 3236 3860 et
3273 3822 3441 3876 ange-

1861 3894 1942 3947 los
1975 3894 2128 3948 senili
2164 3905 2339 3949 aetate.
2384 3894 2450 3948 Et
2474 3911 2598 3949 cum
2630 3896 2797 3949 multa
2831 3897 2882 3949 in
2908 3911 3025 3950 eam
3057 3912 3168 3951 rem
3197 3898 3442 3952 sciscita-

1864 3995 1949 4040 tus
1988 4001 2163 4040 essem
2189 4026 2201 4046 .
2245 4004 2352 4041 non
2407 3988 2557 4058 potui
2601 3987 2733 4056 ipsis
2768 3989 3164 4043 contradicere.
3206 3991 3439 4044 Aiebant

1862 4079 2008 4133 enim
2041 4080 2385 4148 peregrinum
2415 4080 2669 4149 quiddam
2714 4091 2772 4135 et
2815 4082 3053 4135 alienum
3087 4083 3156 4136 ab
3185 4081 3441 4138 Ecclesia:

1862 4172 2154 4227 traditione
2194 4171 2417 4235 factum,
2483 4188 2814 4242 prorsusque
2840 4189 2950 4228 non
2989 4190 3017 4228 a
3046 4175 3176 4239 Deo,
3232 4175 3327 4230 sed
3372 4177 3441 4231 ab

1861 4265 2173 4319 adversario
2205 4280 2321 4319 rem
2351 4280 2472 4320 esse
2492 4305 2507 4330 ,
2537 4266 2973 4335 quandoquidem
3005 4276 3084 4322 tot
3120 4269 3297 4330 annis,
3329 4277 3385 4322 et
3409 4285 3439 4322 a

1862 4367 1942 4411 tot
1974 4356 2196 4410 deiferis
2233 4357 2544 4427 sanctisque
2569 4356 2821 4414 Patribus
2845 4375 3108 4428 nusquam
3142 4361 3304 4429 hujus
3336 4376 3439 4413 no-

1863 4449 2045 4504 vitatis
2075 4449 2345 4518 proditum
2390 4459 2476 4504 est
2521 4450 2851 4520 exemplum.
2893 4451 3044 4517 Quod
3094 4453 3242 4506 enim
3292 4469 3440 4509 nunc

1863 4550 2119 4602 novatur,
2158 4540 2260 4594 etsi
2299 4539 2366 4593 ab
2391 4541 2585 4611 angelo
2617 4541 2707 4605 sit,
2743 4542 2908 4611 recipi
2937 4558 3043 4595 non
3070 4543 3268 4597 debere
3305 4559 3441 4598 con-

1865 4631 2042 4684 ﬁrmat
2067 4630 2378 4698 Apostolus,
2405 4631 2594 4684 dicens
2620 4648 2634 4690 ;
2665 4631 2805 4685 Licet
2841 4648 2931 4685 nos
2969 4633 3069 4700 ipsi
3099 4633 3179 4686 vel
3224 4637 3440 4703 angelus

183 4724 342 4792 γέλου
377 4726 545 4788 ἐστὶν,
580 4723 932 4792 άσφαλίζεται
972 4725 1165 4793 ὴμᾶςό
1203 4724 1520 4785 Ἀπόστολος
1558 4723 1630 4793 μὴ
1671 4722 1758 4775 δέ-

1864 4721 2199 4791 evangelizet,
2224 4721 2438 4784 addam,
2457 4730 2511 4775 et
2533 4722 2729 4782 tradat.
2758 4733 3109 4792 prwterquam
3135 4727 3271 4793 quod
3292 4742 3442 4778 evan-

185 4817 399 4887 χεσθαι,
435 4817 609 4884 λέγων
662 4833 766 4868 που
792 4833 806 4846 ο
847 4817 972 4869 Κᾶν
999 4816 1170 4883 ἡμεῖς
1211 4816 1401 4874 αὐτοὶ,
1433 4815 1464 4881 ἢ
1505 4815 1758 4884 ἅγγελος

1860 4815 2166 4886 gelizamus,
2187 4814 2470 4866 analhcma
2497 4812 2635 4866 sit“.
2656 4812 2794 4879 Quid
2825 4815 3006 4884 igitur,
3040 4815 3197 4870 Pater
3216 4818 3287 4870 mi
3312 4836 3439 4872 san—

183 4911 640 4980 εὺαγγελίςηται
690 4908 1028 4979 (προσθήσω,
1061 4910 1154 4960 καὶ
1187 4908 1569 4978 παραδιδωσι),
1622 4907 1759 4974 παρ’

1862 4916 1971 4970 cte,
2014 4909 2082 4963 ad
2111 4909 2225 4961 haec
2254 4907 2458 4972 dicam,
2524 4922 2632 4961 non
2664 4907 2858 4971 habeo,
2915 4918 2969 4961 et
3000 4908 3213 4962 consilii
3258 4909 3438 4978 inopia

185 5004 217 5056 ὃ
261 5001 801 5072 εὐηγγελισάμεθα,
825 5000 1090 5070 ἀνάθεμα
1105 5000 1279 5055 ἔστω.
1329 5001 1394 5052 Τί
1426 4995 1540 5061 οὖν,
1581 4999 1759 5068 Πάτερ

1864 5013 2086 5068 pressus
2113 4998 2182 5052 ad
2213 5005 2263 5052 te
2291 4997 2529 5052 scribere
2558 5012 2720 5068 cogor
2755 5015 2767 5050 :
2803 5005 2860 5050 ut
2886 4999 2953 5052 ab
2991 4999 3137 5052 omni
3164 5015 3301 5054 noxa
3339 5015 3439 5054 nos

189 5114 288 5164 μου
331 5096 476 5162 ἆγιε,
508 5095 644 5165 πρὸς
681 5094 852 5148 ταῦτα
882 5093 1072 5162 φῆσαι,
1103 5093 1202 5144 οὐκ
1223 5092 1350 5161 ἔχω.
1397 5093 1501 5144 Καὶ
1530 5094 1594 5162 τῇ
1628 5093 1763 5144 ἀπο-

189 5191 277 5260 ρίᾳ
309 5187 694 5256 συνεχόμενος,
723 5184 1075 5255 ἠναγκάσθην
1101 5184 1305 5255 γράψαι
1335 5200 1417 5236 σοι
1446 5199 1458 5213 ·
1498 5183 1584 5235 ἵνα
1624 5183 1761 5236 ἀπο-

185 5280 436 5350 λύσωμεν
466 5280 695 5341 ἑαυτοὺς
733 5278 910 5346 πάσης
944 5276 1169 5346 βλάϐης,
1201 5276 1336 5346 πρὸς
1365 5277 1490 5339 τοὺς
1520 5277 1579 5328 ἐν
1618 5275 1760 5345 λόγῳ

191 5369 579 5438 ἐγκαλοῦντας,
608 5369 701 5420 καὶ
729 5367 805 5429 ὡς
835 5370 898 5420 ὲκ
931 5367 1112 5437 πάσης
1138 5367 1236 5435 τῆς
1274 5367 1622 5437 Ἐκκλησίας.
1653 5367 1760 5419 Καὶ

185 5462 268 5514 διὰ
327 5462 420 5513 τὸν
478 5460 611 5512 Θεὸν
660 5459 805 5522 δέξαι
849 5476 914 5528 με
960 5458 1034 5522 ὡς
1070 5457 1370 5528 σύμϐουλον
1426 5459 1614 5510 τέκνον
1645 5475 1758 5523 σου,

189 5552 452 5604 πονοῦντα
512 5551 653 5619 ύπέρ
683 5551 795 5615 σοῦ,
834 5551 928 5603 καὶ
963 5550 1266 5621 ἡγούμενον
1312 5550 1409 5620 τὴν
1463 5549 1618 5612 δόξαν
1669 5567 1760 5601 σου

187 5643 342 5706 δόξαν
390 5659 492 5711 μου
526 5655 538 5669 ⁸
573 5643 666 5694 καὶ
705 5641 778 5711 μὴ
830 5641 1050 5693 θέλοντα
1089 5640 1308 5694 ἀκούειν
1354 5639 1543 5709 μῶμον
1577 5657 1669 5691 σου
1702 5640 1757 5692 ἓν

260 5844 304 5872 ⁸⁸
322 5842 424 5898 Ms.
459 5841 889 5916 “03.620603911).
921 5845 995 5876 ⁵⁸*
1017 5845 1141 5899 Sive
1170 5846 1395 5901 Slu’itu'.
1441 5846 1482 5876 ’⁵⁵
1509 5845 1661 5900 ϐελΙιιι
1714 5865 1750 5906 t.
1786 5848 1836 5902 8.

1866 5090 2207 5144 vindicemus
2245 5088 2387 5159 apud
2422 5104 2514 5142 eos
2546 5089 2638 5158 qui
2670 5089 2862 5142 merito
2893 5090 3324 5159 reprehendunt,
3385 5103 3439 5145 et

1868 5192 2122 5251 tanquam
2176 5180 2428 5235 Ecclesiae
2468 5180 2735 5234 universae
2787 5195 2939 5234 voce.
2989 5180 3167 5245 Quare
3218 5193 3439 5251 propter

1862 5271 2030 5325 Deum
2064 5272 2279 5341 suscipe
2308 5287 2413 5334 me,
2451 5281 2509 5325 ut
2539 5270 2906 5326 consiliarium
2942 5271 3110 5325 [ilium
3146 5283 3317 5337 tuum,
3339 5290 3436 5342 pro

1861 5375 1913 5420 te
1943 5367 2277 5422 laborantem
2300 5405 2314 5430 ,
2363 5373 2419 5419 et
2447 5365 2670 5434 gloriam
2712 5375 2856 5420 tuam
2889 5366 3114 5436 gloriam
3149 5382 3302 5420 suam
3331 5368 3434 5420 du-

1861 5468 2073 5513 centem
2108 5478 2119 5512 :
2151 5460 2463 5528 nullamque
2489 5460 2540 5511 in
2571 5474 2627 5512 re
2657 5460 2762 5513 ulla
2794 5461 2870 5513 tui
2895 5469 3098 5522 notam,
3133 5462 3225 5529 qui
3257 5462 3433 5528 reipsa

1862 5552 1979 5605 sine
2029 5561 2154 5604 nota
2208 5552 2372 5604 vitam
2407 5552 2539 5621 agis,
2593 5552 2781 5605 audire
2827 5552 3209 5606 sustinentem.
3265 5552 3429 5616 Doce,

1867 5664 2014 5719 rege,
2047 5647 2262 5712 exaudi,
2297 5647 2529 5709 attende,
2584 5645 2954 5700 animadverte
2976 5685 2990 5711 ,
3028 5645 3286 5715 omnique
3319 5645 3433 5699 hae-
