3914 6490
434 395 542 458 959

1633 400 1692 457 S.
1728 399 1772 457 Τ
1780 397 2117 459 HEODORI
2150 396 2495 458 STUDIT.‘E

3606 390 3715 452 960

436 511 698 566 sitatione
743 511 915 566 libera
948 527 1045 565 eos
1071 511 1165 581 qui
1195 512 1465 567 excelsam
1501 514 1663 567 vitam
1697 524 1841 568 tuam
1884 530 2047 578 cons

2157 531 2248 575 ινι,
2282 512 2379 566 τοῦ
2432 511 2603 574 ὅντως
2664 510 2984 579 ἀμωμήτως
3041 506 3396 577 βιοτεύοντος.
3432 502 3711 569 Marco»,

436 603 797 674 templantur.

773 885 910 941 XVI.
944 918 993 931 -
1030 887 1323 957 Nicephoro
1346 887 1688 959 Imperatori.

2124 602 2413 672 ὁόήγησον,
2463 602 2791 664 ἐπάκουσον,
2834 599 3112 668 πρόσχες,
3156 597 3506 664 έπίστησυν,,
3545 592 3716 646 λῦσον

2124 694 2309 762 πάσης
2360 693 2629 763 διχονοίας
2681 693 2808 755 τοὺς
2869 689 3115 762 όρῶντάς
3176 704 3275 740 σου
3350 688 3444 740 τὸν
3505 684 3717 756 ὑψηλὸν

2130 782 2266 851 βίον.

2421 897 2535 965 tq'.
2565 926 2631 939 -—
2649 898 2965 966 Νικηφόρῳ
2992 892 3249 960 βασιλεῖ
3274 892 3413 963 (16).

1074 1002 1147 1051 De
1177 1003 1446 1062 patriarcha
1476 1001 1527 1052 in
1560 1002 1749 1054 Tarasii
1774 1006 1936 1055 locum
1967 1010 2305 1073 subrogando.
2329 1013 2534 1073 (Baron.
2558 1025 2685 1060 anno
2706 1011 2818 1070 806,
2857 1024 2990 1059 num.
3015 1009 3087 1069 ι.)

513 1101 747 1159 Omnino
774 1102 851 1159 sic
884 1104 1128 1159 futurum
1163 1116 1310 1167 erat.
1360 1117 1418 1161 ut
1458 1109 1634 1161 bonus
1661 1109 1803 1164 Deus
1838 1121 2024 1166 noster

443 1194 701 1251 Ecclesiae
757 1210 869 1251 aute
926 1212 1111 1251 curam
1138 1212 1333 1265 gerens
1361 1197 1618 1267 pietatem
1653 1209 1884 1256 vestram
1922 1202 2022 1259 hac

442 1296 603 1341 astate
661 1287 892 1357 imperio
947 1288 1248 1357 praeficeret
1289 1288 1773 1345 Christianorum:
1826 1300 2017 1348 utnon

445 1377 722 1433 saecularis
751 1378 924 1433 solum
960 1379 1262 1433 dominatio
1311 1380 1452 1434 male
1487 1380 1782 1436 constituta
1815 1384 2020 1438 rectius

443 1474 911 1541 componeretur),
931 1472 1024 1526 sed
1046 1472 1453 1526 ecclesiasticus
1470 1472 1633 1526 etiam
1658 1473 2019 1543 principatus,

446 1562 489 1618 si
541 1563 671 1633 quid
709 1564 969 1629 deesset,
1028 1564 1452 1627 instauraretur,
1503 1573 1560 1618 et
1588 1579 1729 1618 nova
1767 1566 2020 1635 quaedam

446 1654 763 1723 conspersio
822 1654 975 1709 ﬁeret
1011 1654 1065 1708 in
1120 1665 1352 1723 utroque
1407 1654 1472 1708 “.
1528 1654 1685 1721 Quod
1714 1657 1933 1725 quidem
1967 1658 2021 1711 in

444 1747 622 1802 altero
652 1747 900 1802 membro
936 1748 1194 1817 praeclare
1222 1746 1394 1818 ipsius
1426 1748 1596 1818 gratia
1620 1749 1732 1818 jam
1765 1750 2021 1817 praestitit

2205 1117 2472 1187 Ἐμελλεν
2501 1119 2528 1170 ὁ
2550 1116 2756 1185 ἀγαθὸς
2780 1115 2913 1178 Θεὸς
2939 1115 3095 1186 ἡμῶν
3116 1113 3213 1183 τῆς
3240 1108 3438 1165 ἑαυτοῦ
3481 1109 3714 1179 Ἐκκλη-

2131 1206 2253 1270 σίας
2309 1206 2646 1279 φροντίζων,
2681 1206 2779 1275 τὴν
2826 1204 3101 1274 ὑμετέρα-δ
3132 1200 3418 1256 εὐσέὸειαν
3472 1199 3574 1253 ἐπὶ
3614 1202 3715 1264 τῆς

2128 1297 2411 1368 παρούσης
2431 1299 2626 1366 γενεᾶς
2658 1295 3071 1367 προστήσασθαι
3107 1291 3416 1365 βασιλεύειν
3434 1291 3550 1344 τῶν
3577 1290 3713 1361 Χρι-

2129 1389 2383 1443 στιανῶν·
2412 1391 2501 1444 ἵνα
2544 1389 2620 1459 μὴ
2659 1389 2823 1459 μόνον
2848 1389 2880 1454 ἠ
2914 1388 3156 1458 κοσμικὴ
3192 1385 3336 1457 ἀρχὴ
3367 1380 3429 1439 εὖ
3458 1382 3713 1451 διατεθῇ,

2127 1483 2315 1547 κακῶς
2362 1483 2709 1553 διακειμένη,
2773 1479 2919 1535 ἀλλὰ
2954 1480 3051 1532 καὶ
3096 1480 3131 1547 ὴ
3164 1478 3306 1532 κατὰ
3341 1478 3442 1547 τὴν
3483 1476 3717 1543 Ἐκκλη-

2130 1576 2251 1628 σίαν
2290 1573 2578 1644 ἡγεμονία,
2631 1570 2687 1625 ετ
2728 1589 2779 1625 τι
2826 1569 3024 1634 ἐνδεῶς
3058 1568 3210 1636 ἔξει,
3257 1567 3574 1639 ἀνορθωθῇ,
3621 1567 3718 1618 καὶ

2126 1667 2247 1720 νέον
2280 1683 2398 1729 πως
2428 1664 2658 1735 φύραμα
2687 1664 2916 1733 γένηται
2946 1662 3005 1714 ιν
3035 1659 3393 1731 ἀμφοτέροις.
3428 1658 3618 1727 Ὅπερ
3646 1657 3714 1726 τῇ

2127 1757 2294 1813 αὑτοῦ
2320 1759 2508 1828 χάριτι
2545 1756 2918 1826 κατώρθωκεν
2949 1754 3006 1807 ὲν
3035 1752 3112 1824 τῷ
3149 1752 3231 1806 ἑνὶ
3284 1752 3443 1823 μέρει
3560 1748 3719 1818 φιλό-

448 1838 649 1896 Christi
682 1854 872 1896 amans
903 1842 1193 1911 imperium
1219 1850 1485 1903 vestrum,
1537 1850 1700 1910 atque
1723 1842 1862 1895 adeo
1887 1858 2024 1911 prte-

2152 1822 2352 1924 [ριστος
2388 1822 2542 1919 ὗμῶν
2591 1822 2859 1919 βασιλεία·
2910 1844 3047 1900 ἀλλὰ
3079 1822 3174 1897 καὶ
3216 1841 3297 1895 ἔτι
3337 1824 3717 1909 κατορθώσειε

451 1938 594 1985 stare
624 1940 807 2002 perget
839 1932 1048 1986 caelesti
1107 1931 1334 1985 numine
1383 1932 1818 1987 corroboratum.
1881 1931 2027 1986 Beli-

453 2037 619 2091 quum
687 2023 853 2077 modo
900 2033 1022 2089 est,
1083 2031 1145 2077 ut
1191 2023 1419 2078 alterum
1466 2024 1582 2093 pari
1624 2039 1756 2078 cura
1793 2023 2027 2091 fruatur,

454 2117 682 2187 parique
716 2118 1032 2187 prudentia.
1078 2118 1134 2172 Id
1169 2133 1301 2172 vero
1327 2126 1449 2188 post
1490 2118 1657 2171 Deum
1682 2126 1738 2172 et
1769 2132 1892 2171 eum
1921 2118 2030 2173 Deo

453 2223 484 2261 a
516 2208 672 2263 vobis
703 2208 976 2264 tribuetur
1002 2225 1099 2280 per
1126 2209 1577 2280 approbationem
1609 2209 1861 2280 legitimas
1917 2208 2030 2264 ele-

453 2300 654 2356 ctionis
677 2300 844 2355 futuri
869 2301 1287 2372 archiepiscopi.
1309 2302 1384 2355 De
1407 2302 1760 2372 quo,quando
1781 2317 1848 2356 ex
1870 2303 2032 2356 nobis

453 2393 617 2448 etiam
668 2394 1049 2464 peccatoribus
1094 2402 1149 2449 et
1175 2394 1415 2462 indignis
1456 2395 1732 2450 sciscitari“
1783 2396 2027 2461 voluisti,

454 2500 636 2539 coram
668 2483 919 2548 Domino,
946 2487 1037 2554 qui
1067 2501 1170 2539 nos
1194 2485 1537 2554 iudicaturus
1564 2496 1668 2548 est,
1693 2487 1761 2540 de
1797 2502 1864 2541 eo
1887 2490 2031 2558 quod

457 2576 658 2629 dicturi
690 2590 882 2629 sumus
914 2575 967 2629 in
998 2577 1087 2631 die
1113 2577 1302 2645 judieii
1326 2618 1341 2641 ,
1369 2577 1459 2630 hic
1481 2586 1565 2631 est
1590 2592 1783 2632 sensus
1821 2589 2030 2633 noster.

456 2667 577 2722 Non
616 2668 900 2732 novimus,
945 2684 1049 2723 nec
1078 2669 1280 2724 scimus
1302 2670 1471 2723 ullum
1502 2687 1514 2723 :
1557 2686 1668 2725 non
1701 2672 1847 2742 quod
1887 2672 2037 2728 defe-

458 2760 635 2814 cerint
670 2759 766 2814 viri
801 2759 908 2814 vita
938 2771 993 2816 et
1021 2775 1276 2815 sermone
1316 2762 1555 2818 illustres
1602 2762 1757 2832 (sunt
1797 2765 1946 2819 enim
1979 2774 2037 2821 et

463 2848 576 2904 Deo
612 2850 881 2918 perspecti
924 2858 978 2903 et
1000 2850 1315 2905 hominibus
1336 2892 1350 2913 ,
1381 2851 1577 2921 impari
1622 2852 1750 2907 licet
1778 2853 1989 2908 ratione
2018 2896 2033 2920 ,

461 2950 623 3011 atque
685 2941 739 2995 in
788 2942 979 3012 primis
1023 2943 1299 3011 praeclarae
1368 2944 1537 2998 menti
1585 2945 1740 3015 tuae),
1768 2946 1867 3001 sed
1908 2946 2035 3015 quia

465 3034 625 3087 talem
659 3034 800 3087 ratio
839 3034 1119 3104 deposcit,
1149 3045 1203 3089 et
1235 3035 1568 3091 desiderium
1602 3037 1811 3106 imperii
1846 3038 2033 3103 vestri,

2131 1923 2253 2006 ταῖς
2298 1941 2507 1995 ἄνωθεν
2562 1941 2754 2011 ῥοπαῖς
2797 1935 3204 2008 δυναμουμένη.
3235 1931 3577 1999 Λειπόμενον
3624 1923 3719 1982 οὖν

2135 2039 2282 2091 ἐστιν
2316 2035 2465 2106 ἄρτι,
2497 2032 2679 2088 καὶτὸ
2722 2031 2912 2099 ἕτερον
2960 2029 3064 2097 τῆς
3096 2026 3217 2097 ίσης
3244 2021 3556 2079 ἀπολαῦσαι
3582 2038 3720 2091 προ-

2138 2126 2369 2198 μηθείας
2415 2125 2511 2179 καὶ
2559 2120 2875 2194 Θεραπείας.
2907 2118 3077 2173 Τοῦτο
3106 2118 3150 2172 δ’
3185 2118 3250 2174 ἂν
3273 2116 3357 2186 εἴη
3402 2114 3543 2184 μετὰ
3583 2112 3721 2165 Θεὸν

2136 2220 2233 2271 καὶ
2278 2218 2376 2270 σὺν
2414 2215 2533 2285 Θεῷ
2567 2215 2705 2285 πρὸς
2738 2212 2893 2283 ὑμῶν
2921 2211 3258 2281 δωρηθῆναι.
3307 2207 3398 2260 διὰ
3444 2206 3544 2272 τῆς
3596 2204 3721 2257 κατ’

2137 2309 2503 2379 εὐαρέστησιν
2535 2306 2772 2375 νομίμου
2807 2303 3039 2372 ἐκλογῆς
3075 2300 3169 2355 τοῦ
3204 2298 3492 2370 μέλλοντος
3522 2298 3721 2366 ἀρχιε-

2142 2400 2410 2471 ρατεύειν.
2450 2399 2607 2452 Ἐπεὶ
2642 2398 2699 2451 δὲ
2746 2398 2844 2450 καὶ
2880 2397 3013 2466 παρ’
3038 2393 3196 2465 ἡμῶν
3232 2391 3583 2461 ὲπεζήτησας
3618 2405 3724 2457 μιι⁸

2140 2494 2272 2558 θεῖν,
2312 2493 2422 2546 τῶν
2464 2489 2808 2561 ἁμαρτωλῶν
2855 2487 2951 2541 καὶ
2992 2486 3249 2552 ἀναξίων,
3278 2484 3340 2536 τὺ
3369 2479 3723 2552 παριστάμε-

2140 2605 2229 2641 νον
2259 2588 2410 2657 ἡμῖν,
2445 2585 2519 2648 ὡς
2562 2581 2793 2637 ἐνώπιον
2821 2580 3033 2650 Κυρίου
3057 2578 3149 2631 τοῦ
3180 2576 3466 2647 μέλλοντος
3496 2570 3724 2625 εὐοῦναι

2140 2680 2308 2748 ἡμᾶς,
2342 2678 2472 2747 περὶ
2510 2671 2571 2730 οὗ
2603 2673 2871 2745 μέλλομεν
2901 2671 3082 2739 λέγειν
3126 2670 3183 2722 έν
3223 2668 3411 2739 ἡμέρᾳ
3459 2665 3724 2733 κρίσεως,

2140 2770 2313 2834 οὕτως
2371 2768 2485 2840 ἔχει
2520 2785 2534 2799 ·
2591 2767 2666 2820 Οὐ
2726 2764 3070 2833 γινώσκομεν
3104 2803 3121 2828 ,
3190 2759 3313 2814 οὐδὲ
3374 2754 3728 2825 ἐπιστάμεθα

2142 2881 2265 2918 τινα
2294 2878 2311 2895 ·
2370 2863 2469 2930 οὐχ
2523 2861 2605 2914 ὅτι
2650 2857 2916 2912 ἀπέλιπον
2961 2855 3011 2908 οἱ
3054 2853 3453 2923 διαλάμποντες
3507 2849 3567 2901 ἐν
3626 2845 3730 2916 βίῳ

2144 2954 2238 3007 καὶ
2265 2951 2409 3020 λόγῳ
2439 2950 2572 3019 (εἱσι
2601 2948 2711 3019 γὰρ
2761 2947 2856 3001 καί¹
2884 2943 3005 3015 Θεῷ
3033 2942 3349 3013 φαινόμενοι
3387 2938 3482 2991 καὶ
3511 2936 3732 3008 ἀνθρώ-

2145 3061 2291 3109 ποις,
2312 3047 2361 3097 εῖ
2385 3043 2480 3097 καλ⁵
2500 3043 2600 3095 οὐκ
2629 3040 2728 3111 ῐσῳ
2758 3039 2925 3108 λόγῳ,
2948 3037 3044 3091 καὶ
3073 3036 3307 3107 μάλιστα
3330 3035 3396 3103 τῇ
3429 3034 3496 3103 σῇ
3522 3046 3731 3100 φωτει-

464 3126 556 3194 qui
608 3126 781 3193 possit
829 3127 993 3180 corde
1065 3127 1307 3197 perfecto
1335 3126 1751 3195 iustificationes
1800 3127 1892 3183 Dei
1943 3144 2037 3185 ex-

2152 3138 2208 3207 νῇ
2242 3134 2434 3205 ψυχῇ),
2462 3133 2584 3186 ἐπεὶ
2615 3131 2672 3184 δὲ
2696 3129 2938 3183 τοιοῦτον
2960 3126 3115 3195 ζητεῖ
3147 3126 3175 3177 ό
3195 3123 3351 3190 λόγος
3382 3122 3479 3175 καὶ
3505 3123 3534 3172 ὁ
3563 3117 3734 3180 πόθος

466 3215 718 3284 quirere:
752 3216 842 3285 qui
865 3215 1031 3287 gradu
1056 3225 1221 3286 atque
1238 3216 1430 3270 ordine
1459 3214 1528 3270 ab
1551 3215 1809 3271 inferiore
1838 3218 2041 3272 sensim

2460 3181 2883 3295 ῥᾷᾇζλέὶαςρὲτδν
2912 3181 3181 3283 ὲνᾌελείᾳ
3209 3181 3410 3285 καρδίᾳ
3426 3212 3738 3279 δυνάμενον

468 3307 535 3361 ad
564 3308 903 3377 superiOrem
947 3308 1300 3375 ascenderit,
1356 3308 1448 3378 qui
1480 3317 1720 3364 tentatus
1753 3308 1919 3364 fuerit
1950 3325 2046 3379 per

470 3402 653 3455 omnia
676 3441 690 3463 ,
737 3402 829 3470 qui
868 3416 933 3455 ex
966 3401 1045 3455 eis
1071 3417 1192 3471 qua:
1216 3416 1410 3471 passus
1439 3410 1558 3467 est,
1607 3403 1826 3457 tentatis
1876 3402 2050 3473 possit

472 3508 631 3562 opem
664 3490 809 3546 ferre
831 3490 897 3546 ⁸⁷.
949 3492 1016 3547 Ει
1060 3493 1191 3563 quid
1231 3492 1419 3547 multis
1452 3492 1598 3563 apud
1624 3502 1676 3547 te
1705 3493 1887 3548 verbis
1915 3510 2051 3563 opus

474 3593 560 3638 est
588 3583 679 3652 qui
710 3582 894 3637 omnia
918 3584 1085 3648 nosti,
1116 3592 1170 3638 et
1205 3598 1271 3638 ex
1295 3584 1369 3638 tui
1403 3584 1576 3653 ipsius
1603 3592 1744 3638 statu
1775 3599 1839 3639 ac
1873 3585 2052 3655 digni-

478 3690 587 3734 tate
623 3687 833 3734 tantum
892 3680 1070 3734 virmn
1126 3678 1225 3732 tibi
1287 3680 1698 3750 repraesentas?
1753 3679 2056 3733 Praelucere

478 3773 693 3827 ueteris
746 3781 960 3843 oportet
1013 3787 1123 3826 non
1149 3787 1307 3827 secus
1356 3788 1420 3828 ac
1454 3772 1625 3827 solem
1676 3772 1820 3827 inter
1854 3772 2052 3827 sidera.

481 3866 617 3919 Cum
673 3864 837 3935 igitur
864 3865 1025 3919 talem
1076 3879 1187 3919 non
1246 3865 1550 3930 videamus,
1596 3879 1699 3918 nec
1738 3863 2057 3934 suffragium

484 3959 626 4011 ferre
663 3958 948 4011 audemus.
996 3956 1109 4011 Hoc
1138 3971 1268 4011 vero
1293 3956 1572 4010 memoria:
1612 3971 1775 4010 causa
1798 3971 1909 4010 non
1937 3956 2060 4010 sine

483 4060 629 4104 metu
666 4057 721 4102 ct
754 4049 1063 4103 reverentia
1094 4048 1442 4119 suggerimus
1468 4089 1484 4114 ,
1520 4048 1667 4117 quod
1700 4048 1878 4117 ipsum
1901 4048 2062 4117 plane

486 4154 593 4193 non
612 4137 745 4209 fugit
766 4138 1147 4208 peritissimam
1168 4146 1224 4193 et
1246 4138 1486 4192 divinam
1512 4138 1862 4207 prudentiam
1889 4146 2060 4201 tuam,

488 4240 547 4284 ut
585 4246 649 4285 ex
703 4231 978 4301 episcopis
1023 4232 1186 4286 etiam
1233 4239 1289 4286 et
1326 4247 1391 4285 ex
1421 4230 1744 4300 praepositis,
1774 4239 1828 4284 et
1858 4245 1925 4284 ex
1960 4239 2067 4301 sty-

489 4321 617 4384 litis,
650 4329 705 4375 et
729 4336 793 4375 ex
827 4321 1072 4383 inclusis,
1115 4333 1230 4376 tum
1261 4322 1460 4377 deinde
1491 4337 1557 4376 ex
1603 4321 1751 4375 clero
1796 4322 2065 4376 delectum

493 4414 721 4479 habens,
754 4428 820 4467 ex
848 4414 954 4467 illis
984 4414 1117 4484 ipsis
1146 4412 1405 4483 perfectis
1437 4413 1715 4475 desumas,
1758 4412 2065 4482 prudentia,

2147 3315 2449 3385 ὲκζητῆσαι
2490 3314 2561 3366 τὰ
2597 3311 2690 3365 τοῦ
2742 3309 2878 3364 Θεοῦ
2936 3304 3313 3377 δικαιώματα,
3389 3302 3481 3355 τὸν
3534 3300 3739 3370 βαομῷ

2150 3409 2247 3462 καί
2279 3406 2433 3471 τάξει
2465 3407 2530 3458 ὲκ
2581 3403 2674 3456 τοῦ
2722 3401 2865 3454 κατὰ
2906 3399 3102 3472 μικρὸν
3154 3397 3235 3460 είς
3293 3395 3354 3448 τὸ
3397 3393 3741 3463 ὑψηλότερον

2159 3497 2606 3571 προανηγμένον,
2630 3494 2722 3547 τὸν
2753 3490 3163 3561 πεπειραμένον
3192 3487 3331 3540 κατὰ
3353 3486 3553 3547 πάντα,
3584 3485 3647 3547 ὃς
3672 3500 3743 3551 γε

2153 3591 2212 3658 ἐξ
2239 3584 2314 3645 ὧν
2346 3589 2612 3653 πέπονθε,
2657 3589 2771 3648 τοῖς
2820 3580 3245 3652 πειραζομένοις
3270 3577 3475 3630 δύναιτ’
3504 3577 3573 3630 ἂν
3605 3575 3745 3645 βοη-

2156 3686 2339 3753 θῆσαι.
2370 3683 2483 3736 Καὶ
2511 3682 2563 3735 τί
2612 3681 2694 3734 δεῖ
2720 3676 2898 3732 πολλὰ
2932 3674 3115 3742 λέγειν
3147 3671 3283 3743 πρὸς
3330 3670 3391 3722 σὲ
3434 3669 3530 3722 τὸν
3566 3666 3630 3723 εὖ
3665 3672 3746 3722 εἱ-

2156 3776 2305 3841 δὸτα,
2338 3775 2438 3828 καὶ
2481 3776 2545 3828 ὲκ
2589 3773 2692 3839 τῆς
2726 3770 2935 3833 οἰκείας
2984 3764 3373 3827 καταστάσεως
3407 3763 3501 3815 καὶ
3536 3778 3749 3833 προκοο

2161 3868 2269 3937 πῆς
2295 3867 2381 3919 τὸν
2407 3865 2727 3936 τηλικοῦτον
2752 3860 3143 3931 ἀνιστοροῦντα
3163 3874 3178 3922 ;
3201 3856 3323 3911 Τῶν
3345 3854 3560 3908 πολλῶν
3582 3853 3748 3921 ὀφεί-

2159 3957 2242 4011 λει
2278 3957 2643 4028 προλάμπειν,
2684 3954 2759 4017 ώς
2791 3956 2848 4007 έν
2881 3953 3149 4022 ἄστρασιν
3181 3949 3355 4019 ἣλιος.
3399 3944 3598 3997 Ἡνίκα
3628 3944 3749 3998 τοί-

2164 4069 2258 4104 νυν
2295 4051 2395 4121 οὑχ
2428 4048 2645 4118 ὁρῶμεν
2676 4042 2941 4109 τοιοῦτον,
2974 4044 3098 4098 οὐδὲ
3129 4035 3533 4108 ἀποτολμῶμεν
3564 4034 3751 4107 qm?!-

2168 4142 2385 4197 σασθαι.
2434 4139 2604 4193 Τοῦτο
2654 4138 2710 4191 δὲ
2758 4137 2833 4200 ὼς
2868 4138 2925 4190 έν
2960 4134 3267 4205 ὑπομνήσει
3304 4130 3445 4201 μετὰ
3476 4128 3753 4197 συστολῆς

2168 4232 2264 4286 καὶ
2311 4229 2493 4293 αίδοῦς
2525 4226 2932 4297 ὑποτιθέμεοαο
2969 4227 3109 4295 ὅπερ
3149 4221 3418 4293 ἀλάθητόν
3452 4221 3572 4272 ἐστι
3602 4219 3751 4272 πάν-

2168 4341 2276 4386 τως
2325 4324 2391 4394 τῇ
2434 4319 2752 4391 πολυπείρῳ
2807 4319 2903 4372 καὶ
2952 4318 3073 4387 Θείᾳ
3110 4315 3437 4387 μεγαλονοίᾳ
3482 4329 3600 4365 σου·
3657 4312 3751 4364 ἴνα

2171 4416 2279 4468 διπὸ
2308 4431 2367 4467 τε
2396 4414 2504 4467 τῶν
2525 4413 2865 4474 ἐπισκόπων,
2889 4410 2998 4465 ἀπό
3028 4426 3086 4462 τε
3117 4408 3227 4462 τῶν
3255 4406 3597 4477 ἡγουμένων,
3637 4404 3754 4457 ἀπό

490 4522 691 4570 sensu,
724 4521 787 4560 ac
840 4508 948 4561 vita
980 4507 1189 4561 caeteris
1251 4506 1679 4574 praestantiores.
1720 4506 2038 4560 Descendan

2169 4522 2230 4559 τε
2265 4505 2373 4558 τῶν
2412 4504 2701 4570 στυλιτῶν,
2735 4503 2845 4557 ἀπό
2884 4519 2945 4556 τε
2981 4500 3091 4554 τῶν
3120 4498 3470 4568 έγκλείστων,
3503 4494 3624 4549 εἶτα
3653 4494 3752 4548 τοῦ

490 4596 638 4649 enim
681 4597 906 4666 stylitae,
949 4606 1151 4651 exeant
1196 4597 1437 4663 inclusi;
1475 4597 1914 4666 quandoquidem
1970 4614 2069 4667 pu-

493 4687 693 4743 blicum
732 4700 816 4745 est
852 4692 1194 4745 commodum
1226 4691 1369 4760 quod
1395 4692 1677 4759 quaeritur.
1717 4689 1973 4745 Discerne
2013 4702 2068 4744 et

495 4781 719 4846 confer,
766 4791 821 4837 et
881 4798 1004 4837 cum
1048 4783 1180 4852 ipsis
1232 4782 1607 4852 deprehendas
1649 4782 1975 4850 digniorem.
2005 4782 2071 4837 Et

494 4874 690 4930 beatus
718 4889 805 4937 es,
867 4884 922 4928 et
959 4890 1084 4929 vere
1143 4883 1225 4928 ter
1249 4874 1421 4939 beati,
1480 4874 1524 4928 si
1562 4874 1675 4929 haec
1697 4873 1879 4927 omnia
1910 4888 2066 4927 exse-

496 4967 738 5036 quamini
797 4966 999 5021 Christi
1052 4966 1374 5027 imitatores,
1435 4963 1646 5019 Domini
1694 4965 1887 5019 nostri.
1937 4964 2071 5020 Hinc

496 5061 671 5129 magis
712 5061 994 5129 magisque
1031 5059 1444 5114 conﬁrmabitur
1475 5058 1760 5127 imperium
1795 5069 2070 5120 vestrum,

495 5145 937 5218 magnificabitur
992 5162 1192 5201 nomen
1241 5156 1479 5200 vestrum
1534 5146 1587 5199 in
1641 5146 2065 5215 generationes:

488 5240 842 5310 .augebuntur
895 5238 1131 5307 denique
1181 5236 1308 5291 anni
1359 5236 1690 5305 principatus
1742 5236 1926 5289 vestri.
1956 5236 2068 5290 Duo

500 5332 769 5401 siquidem
802 5332 919 5385 haec
947 5346 1173 5385 munera
1206 5329 1395 5383 tribuit
1421 5326 1750 5382 Christianis
1782 5327 1945 5392 Deus,
1979 5344 2070 5381 sa-

573 5447 619 5478 "
648 5445 665 5499 l
694 5444 821 5501 Cor.
862 5461 915 5509 v,
954 5445 1003 5497 7.
1081 5444 1123 5474 δτ
1155 5442 1314 5497 Hebr.
1350 5460 1421 5506 tv,
1454 5444 1537 5497 l5.

2169 4598 2372 4668 κλήρου
2406 4596 2801 4665 ὑποδεχόμενος
2834 4594 3087 4665 ἐκλογὴν,
3116 4591 3176 4657 ἐξ
3201 4590 3381 4647 αὐτῶν
3406 4605 3466 4640 τε
3494 4587 3605 4640 τῶν
3630 4589 3756 4639 ἐπι-

2169 4690 2477 4743 δεδωκότων
2529 4688 2711 4740 λαϐὼν
2747 4687 2880 4750 τοὺς
2934 4688 2992 4739 ὲν
3044 4684 3283 4744 συνέσει,
3321 4680 3416 4735 καὶ
3461 4680 3752 4748 φρονήσει,

2173 4784 2267 4837 καὶ
2328 4783 2466 4852 βίῳ,
2510 4782 2619 4835 τῶν
2686 4781 2861 4835 ἄλλων
2921 4778 3253 4849 προέχοντας
3312 4772 3756 4843 (καταδάτωσαν

2172 4876 2281 4947 γὰρ
2314 4876 2411 4928 κα)⁵
2446 4875 2688 4928 στυλῖται
2709 4911 2723 4935 ,
2751 4869 3151 4927 ὲκὸαινέτωσάν
3187 4885 3247 4922 τε
3295 4868 3388 4921 καὶ
3418 4865 3752 4933 ἐγκλειστοι·

2179 4966 2411 5037 ἐπείπερ
2452 4969 2607 5035 κοινῇ
2644 4964 2923 5034 συμφέρον
2964 4963 3027 5015 τὸ
3070 4958 3465 5031 ζητούμενον),
3493 4955 3757 5026 έπικρίνῃ

2177 5062 2274 5113 καὶ
2323 5060 2419 5111 σὺν
2470 5058 2657 5120 αὐτοῖς
2691 5056 2947 5126 ἀποδείξῃ
2989 5056 3081 5108 τὸν
3117 5053 3432 5121 ἀξιώτερον.
3478 5049 3589 5102 Καὶ
3643 5065 3753 5117 μα-

2176 5151 2368 5221 κάριος
2391 5146 2461 5212 εἷ,
2499 5150 2699 5220 μᾶλλον
2736 5148 2793 5201 δὲ
2832 5150 2928 5199 καὶ
2948 5145 3345 5216 τρισμακάριοι
3370 5182 3383 5204 ,
3441 5142 3537 5194 ἐὰν
3591 5137 3756 5193 τοῦτο

2175 5243 2294 5296 ὅλον
2339 5243 2731 5313 ἀπεργάσησθε
2769 5238 3209 5309 Χριστομίμητοι
3254 5233 3412 5305 ἡμῶν
3460 5231 3750 5285 δεσπόται.

2180 5334 2289 5387 Καὶ
2324 5335 2382 5387 έν
2414 5335 2590 5404 τούτῳ
2641 5334 2721 5386 ἔτι
2771 5331 2973 5402 μᾶλλον
3019 5328 3457 5400 κρατυνθήσεται
3510 5322 3666 5392 ὑμῶν
3719 5323 3751 5386 ὴ

2017 5534 2245 5592 ΝΟΤίΕ.

582 5632 1056 5702 (16)Νικηφόρω
1126 5630 1392 5685 Βασιλεῖ.
1456 5649 1474 5679 ι
1537 5627 2076 5702 DefunctoATarasio

512 5700 869 5773 (patriarcha)
907 5703 1203 5773 imperator
1235 5703 1478 5771 cogitare
1505 5701 1669 5773 cmpit
1697 5700 1763 5752 de
1787 5700 1907 5773 ejus
1952 5716 2077 5753 suc-

512 5771 730 5832 cessore
789 5772 1073 5839 deligendo
1116 5790 1126 5824 :
1158 5774 1208 5824 in
1240 5788 1348 5837 quo
1384 5781 1441 5823 ut
1475 5771 1712 5838 speciem
1756 5772 1947 5825 saltent
1982 5785 2075 5822 os-

513 5848 757 5900 tenderet
788 5844 1023 5913 pietatis,
1077 5843 1351 5897 consuluit
1393 5842 1743 5895 Theodorum
1782 5840 2076 5903 Studitam,

2186 5632 2362 5684 virum
2414 5630 2632 5700 quidem
2692 5628 2892 5700 pietate
2947 5623 3351 5700 insignemtut.
3394 5613 3665 5700 proferret
3695 5611 3752 5667 in

2188 5686 2444 5766 medium:
2479 5716 2641 5769 quem
2676 5686 2841 5769 sciret
2872 5705 3029 5769 tanto
3062 5686 3392 5749 ‘succrtlotio
3435 5686 3686 5755 dignum.
3725 5700 3746 5735 ι

2187 5772 2410 5827 (Baron.
2444 5767 2531 5826 an.
2562 5770 2686 5836 δον,
2722 5786 2775 5821 ιι.
2808 5767 2886 5835 5.)
