3914 6488
173 451 266 514 961

1399 460 1935 522 EPISTOLARUM
1969 464 2114 523 LIB.
2162 466 2208 524 Ι.

3329 460 3434 524 962

170 560 436 628 βασιλεία·
472 559 944 632 μεγαλυνθήσεταί
975 580 1032 616 τε
1063 565 1124 617 τὸ
1154 565 1329 636 ὄνομα
1358 568 1512 638 ὑμῶν
1542 569 1623 631 εἰς
1654 585 1749 635 γε-

1864 572 2156 625 cerdotium
2189 583 2244 632 et
2286 573 2600 643 imperium,
2648 586 2746 641 per
2776 585 2896 640 quae
2916 570 3115 626 colitur
3135 611 3149 634 ,
3189 585 3281 640 per
3310 586 3432 642 qua:

168 653 293 704 νεάν
326 653 422 705 καὶ
450 654 670 718 γενεάνο
698 653 1070 724 αὐξηθήσεται
1099 656 1154 709 δὲ
1187 658 1281 711 καὶ
1302 658 1370 711 τά
1400 659 1495 712 τοῦ
1522 660 1758 728 κράτους

168 742 324 810 ὐμῶν
364 743 483 812 ἐτη.
527 744 748 815 Ἐπειδὴ
791 745 884 798 δύο
917 746 1092 799 ταῦτα
1133 747 1370 802 δέδωκεν
1411 751 1440 802 6
1477 750 1613 812 Θεὸς
1644 752 1759 813 τοῖς

169 835 524 904 Χριστιανοῖς
564 837 865 908 δωρήματα
892 879 905 898 ,
963 839 1266 911 ἱερωσύνην
1313 842 1406 895 καὶ
1457 841 1761 912 βασιλείαν.

168 929 246 978 Δι’
284 925 359 982 ὢν
387 928 778 999 θεραπεύεται,
805 932 874 984 δι’
900 925 975 986 ὧν
1019 937 1304 1004 κοσμεῖται
1343 935 1418 999 ὼς
1450 938 1506 989 ὲν
1540 938 1755 1008 οὐρανῷ

167 1025 234 1076 τὰ
287 1025 532 1094 ἐπίγεια.
579 1025 871 1096 Ὁπότερον
927 1025 1020 1080 οὖν
1070 1027 1304 1091 ἀναξίως
1353 1027 1488 1099 ἔχει,
1547 1031 1645 1082 καὶ
1694 1031 1755 1084 τὸ

170 1113 288 1166 ὅλον
315 1115 423 1169 ἀνά
437 1132 535 1184 (κη
573 1115 1035 1183 συγκινδυνεύειν.
1075 1115 1244 1169 Ὥστε
1279 1118 1329 1169 εἰ
1365 1117 1646 1188 βούλοισθε
1685 1123 1750 1191 τῇ

172 1205 428 1276 βασιλείᾳ
458 1206 616 1276 ὑμῶν
651 1210 968 1277 συγκροτεῖν
1003 1208 1071 1261 τά
1109 1209 1370 1279 μέγιστα,
1410 1211 1504 1264 καὶ
1530 1211 1619 1264 διὰ
1652 1211 1754 1282 τῆς

172 1296 453 1364 βασιλείας
481 1299 635 1368 ὑμῶν
672 1301 807 1352 πᾶσι
835 1301 950 1362 τοῖς
1005 1301 1382 1371 Χριστιανοῖς·
1436 1304 1750 1375 ἰσόρροπον,

170 1389 229 1439 τὸ
259 1387 387 1440 ὅσον
421 1391 499 1450 εἰς
522 1388 775 1458 δύναμιν,
814 1390 913 1460 τῆς
943 1390 1085 1444 κατὰ
1115 1392 1215 1462 τὴν
1248 1393 1524 1462 βασιλείαν
1550 1395 1753 1466 ἀρετῆς

172 1481 328 1548 ὐμῶν
367 1480 588 1550 δέξηται
634 1483 729 1534 καὶ
795 1483 829 1552 ή
885 1483 1180 1553 Ἐκκλησία
1229 1485 1318 1538 τὸν
1370 1487 1568 1555 ἑαυτῆς
1615 1488 1753 1557 πρό-

170 1570 346 1640 εδρον·
379 1571 467 1623 ἵνα
484 1572 880 1643 ἀγαλλιάσηται
902 1575 972 1626 τὰ
1004 1575 1252 1644 οὐράνια,
1272 1576 1364 1628 καὶ
1396 1575 1504 1648 ᾄσῃ
1534 1575 1604 1627 τά
1630 1577 1752 1628 ὲπί-

1853 673 2122 718 ornautur
2152 707 2166 730 ,
2213 673 2268 719 et
2298 666 2670 736 gubernantur
2695 665 2998 718 caalestium
3040 664 3289 733 exemplo
3320 673 3434 717 ter-

1859 768 2011 807 rena.
2048 754 2331 810 Utrumvis
2361 771 2490 825 ergo
2508 764 2705 824 praeter
2723 754 3046 824 dignitatem
3077 768 3134 808 se
3160 753 3430 816 habuerit,

1860 852 2032 898 totum
2066 860 2173 898 una
2207 845 2502 914 periclitari
2533 859 2758 898 necesse
2779 854 2882 898 est.
2915 842 3127 910 Quare,
3157 844 3202 898 si
3229 843 3435 912 optima

1863 937 2092 1007 imperio
2124 949 2304 994 vestro
2351 940 2649 994 decernere
2689 939 2874 1004 vultis,
2921 947 2975 992 et
3010 954 3109 1007 per
3143 938 3434 1008 imperium

1860 1039 2101 1084 vestrum
2165 1031 2421 1085 omnibus
2479 1029 2844 1096 Christianis;
2903 1030 3202 1098 mqualem,
3255 1029 3435 1098 quoad

1863 1119 1978 1173 ﬁeri
2030 1129 2230 1190 potest,
2293 1120 2655 1190 imperatoria:
2705 1121 2890 1174 virtuti
2941 1130 3131 1174 vestrae
3179 1121 3439 1175 sortietur

1861 1213 2106 1268 Ecclesia
2155 1215 2444 1284 praesulem
2505 1230 2684 1279 suum,
2743 1223 2803 1268 ut
2842 1215 3118 1268 exsultent
3153 1214 3432 1272 cmlestia.

1861 1305 2227 1374 la‘tenturque
2270 1315 2510 1361 terrena.
2552 1307 2666 1359 Dux
2699 1304 2854 1359 vobis
2884 1306 2956 1359 sit
2987 1303 3082 1358 Dei
3126 1319 3351 1368 manus,
3381 1303 3435 1356 in

1860 1411 1966 1465 qua
1996 1407 2050 1450 et
2073 1412 2167 1451 cor
2205 1406 2446 1451 vestrum
2471 1407 2575 1458 est,
2600 1397 2958 1465 ostendatqnc
2991 1396 3249 1460 meliora;
3286 1402 3341 1449 et
3367 1394 3437 1447 ab

1861 1502 1924 1539 ca
1975 1487 2252 1555 recipietis
2293 1489 2362 1541 ob
2411 1497 2696 1557 susceptos
2732 1503 2828 1556 pro
2861 1503 3026 1557 opere
3065 1489 3169 1541 hoc
3195 1487 3435 1550 labores,

1861 1592 2019 1630 curas
2043 1586 2098 1631 et
2121 1578 2538 1640 sollicitudines,
2573 1593 2800 1647 regnum
2829 1579 3246 1647 sempiternum.

170 1680 320 1731 γεια.
349 1661 450 1734 Εῖη
483 1665 515 1733 ἠ
554 1666 675 1736 χεὶρ
710 1666 802 1719 τοῦ
836 1665 992 1728 Θεοῦ,
1020 1667 1076 1718 ὲν
1170 1667 1262 1719 καὶ
1296 1669 1328 1738 ὴ
1363 1667 1560 1736 καρδία
1594 1668 1750 1736 ὐμῶν
1789 1669 1962 1732 ἐστιν,
2033 1671 2113 1732 εἰς
2151 1669 2374 1740 ὀδηγίαν
2433 1671 2528 1722 καὶ
2570 1670 2916 1739 ἀποκάλυψιν
2960 1668 3055 1723 τοῦ
3102 1669 3436 1739 κρείττονος.

171 1759 277 1810 Καὶ
325 1758 678 1829 ἀπολήψεσθε
728 1759 858 1827 παρ’
894 1759 1068 1829 αὐτῆς
1112 1761 1238 1824 τοὺς
1287 1762 1426 1830 ὑπὲρ
1462 1761 1555 1815 τοῦ
1622 1762 1784 1832 ἔργον
1826 1763 2020 1816 τούτου
2084 1763 2591 1833 καταϐαλλομένους
2625 1764 2752 1832 ὐμῖν
2797 1764 2993 1824 πόνους
3033 1761 3129 1815 καὶ
3163 1761 3437 1832 μερίμνας

172 1851 265 1904 καὶ
301 1853 620 1922 φροντίδας,
649 1851 746 1922 τὴν
777 1851 1058 1921 βασιλείαν
1110 1853 1210 1922 τὴν
1235 1851 1539 1924 ἀδιάδοχον.

433 1967 532 2022 1Ζ’.
571 1999 640 2010 -
685 1969 930 2038 Ἰωάννῃ
960 1971 1274 2038 σπαθαρίῳ
1310 1971 1328 2039 (
1341 1969 1440 2038 l7).
1475 1968 1624 2040 [λδ’.]

2230 1968 2391 2023 XVII.
2419 2001 2487 2010 —
2515 1968 2709 2022 Joanni
2749 1966 3049 2036 Spat/tario.

945 2081 1018 2130 De
1043 2079 1260 2142 imagine
1287 2081 1338 2129 S.
1374 2080 1642 2142 Demetrii,
1666 2080 1715 2130 in
1743 2080 1988 2144 baptismo
2018 2079 2233 2130 adhibita
2264 2093 2353 2143 pro
2385 2085 2693 2143 susceptare.

246 2186 402 2240 Θεῖόν
429 2205 482 2241 τι
505 2187 689 2258 δρᾶμα
713 2188 1010 2259 ἀκηκοότες
1037 2189 1380 2258 πεπραχέναι
1414 2207 1508 2243 σου
1530 2191 1631 2261 τὴν
1659 2209 1759 2245 κυ-

1933 2192 2185 2246 Divinum
2246 2191 2519 2261 quoddam
2568 2191 2778 2246 facinus
2826 2205 2856 2244 a
2911 2187 3284 2243 dominatione
3344 2196 3437 2242 tua

175 2277 424 2347 ριότητα,
466 2279 895 2348 τεθαυμάκαμεν
929 2280 1024 2332 ἐπὶ
1054 2283 1124 2351 τῇ
1153 2281 1364 2351 μεγάλῃ
1390 2299 1482 2335 σου
1517 2283 1593 2347 ὡς
1619 2282 1753 2354 ἀλη-

173 2369 282 2431 θῶς
311 2368 519 2431 πίστει,
545 2368 798 2438 ἄνθρωπε
834 2369 930 2422 τοῦ
961 2369 1120 2423 Θεοῦ.

241 2461 384 2530 Φησὶ
412 2460 522 2530 γὰρ
571 2463 598 2513 6
629 2461 844 2527 διδάξας
867 2462 1176 2532 χρήσασθαί
1209 2481 1268 2516 σε
1311 2467 1376 2534 τῇ
1432 2465 1553 2536 ίερᾷ
1582 2464 1753 2517 εἰκόνι

173 2549 266 2602 τοῦ
315 2549 803 2620 μεγαλομάρτυρος
832 2553 1169 2622 Δημητρίου,
1201 2554 1322 2607 ἀντὶ
1365 2555 1624 2625 ἀναδόχου
1675 2572 1757 2632 τις

175 2645 283 2706 νὸς,
315 2646 410 2696 καὶ
459 2642 632 2708 οὕτως
685 2645 997 2699 ἐπιτελέσαι
1029 2647 1089 2700 τὸ
1133 2646 1390 2716 φώτισμα
1436 2648 1529 2700 τοῦ
1562 2647 1755 2715 θεοφυ-

174 2737 375 2791 λάκτου
408 2754 501 2790 σου
541 2738 754 2792 τέκνου.
791 2740 922 2804 Καὶ,
949 2739 994 2792 ὣ
1020 2741 1119 2809 τῆς
1159 2741 1563 2812 πεποιθήσεωςί
1606 2741 1757 2795 Οἰνδὲ

175 2830 244 2883 ἐν
273 2829 356 2893 τῷ
395 2831 644 2898 Ἰσραὴλ
673 2828 856 2900 εὗρον
880 2835 1187 2900 τοσαύτην
1207 2837 1449 2901 πίστιν,
1467 2839 1494 2890 6
1522 2838 1756 2906 Χριστὸς

176 2924 236 2976 οὐ
267 2923 434 2992 μόνον
465 2924 584 2976 τότε
618 2924 694 2993 τῷ
723 2926 1094 2996 ἑκατοντάρχῃ
1127 2927 1268 2979 δοκῶ
1302 2926 1755 2997 ἐπιφθέγξασθαι,

177 3017 312 3070 ὀλλά
344 3019 439 3070 καὶ
473 3017 557 3069 σοὶ
589 3016 714 3086 ἄρτι
761 3017 840 3086 τῷ
893 3020 1174 3090 ἔφαμίλλῳ
1209 3025 1273 3091 τῇ
1304 3022 1506 3076 πίστει.
1554 3021 1760 3093 Εὐρετο

178 3107 359 3159 τοίνυν
387 3108 596 3168 ἐκεῖνος
624 3105 652 3158 δ
686 3105 1023 3178 ἐπεζήτησεν
1043 3124 1056 3138 ο
1086 3109 1348 3178 ἐπέτυχες
1373 3110 1470 3162 καὶ
1494 3110 1658 3173 αὐτὸς
1698 3102 1758 3163 οὗ

181 3198 471 3261 πέποιθας.
497 3197 647 3251 Ἐκεῖ
669 3200 730 3252 τὸ
764 3199 908 3253 θεῖον
931 3201 1263 3271 πρόσταγμα
1285 3202 1407 3254 ἀντὶ
1436 3201 1534 3271 τῆς
1573 3220 1758 3272 σωμα-

180 3289 339 3358 τικῆς
391 3291 711 3360 παρουσίας
741 3291 1020 3345 κάνταῦθα
1050 3293 1081 3362 ή
1130 3294 1414 3362 σωματικὴ
1447 3293 1611 3347 εἰκὼν
1640 3295 1760 3348 ἀντὶ

181 3379 275 3432 τοῦ
328 3381 715 3451 πρωτοτύπου.
745 3382 898 3435 Ἐκεῖ
940 3383 1236 3455 συμπαρῆν
1265 3384 1342 3454 τῷ
1369 3384 1512 3454 λόγῳ
1534 3387 1562 3438 6
1589 3385 1758 3455 μέγας

182 3470 377 3538 Λόγος,
398 3471 645 3540 ἀοράτως
666 3475 732 3543 τῇ
765 3472 978 3544 θεότητι
1016 3474 1076 3526 τὺ
1108 3475 1407 3545 παράδοξον
1430 3479 1530 3547 τῆς
1563 3477 1758 3540 ἰάσεως

183 3563 602 3633 ἐργασάμενοςο
653 3564 932 3618 κάνταῦθα
956 3566 1012 3618 δὲ
1046 3567 1212 3636 συνῆν
1259 3571 1287 3619 6
1339 3566 1757 3636 μεγαλόμαρτυς

185 3654 459 3722 πνεύματι
516 3657 584 3724 τῇ
644 3654 820 3726 οἰκείᾳ
872 3656 1039 3708 εἰκόνι
1092 3660 1153 3709 τὸ
1203 3655 1403 3729 βρέφος
1448 3658 1756 3728 δεχόμενος.

197 3745 357 3799 Ἀλλά
413 3745 664 3817 βεϐήλοις
723 3747 822 3816 μὲν
869 3747 1060 3811 ἀκοαῖς
1109 3749 1204 3801 καὶ
1258 3749 1512 3811 ἀπίστοις
1559 3747 1762 3818 ψυχαῖς

184 3837 360 3892 ταῦτα
402 3837 780 3907 ἀπαράδεκτα,
835 3838 912 3900 ὡς
965 3840 1189 3892 ἀπιστα’
1232 3839 1328 3892 καὶ
1378 3839 1613 3910 μάλιστα
1651 3843 1763 3904 τοῖς

185 3929 584 3999 Εἰκονομάχοις
609 3946 623 3960 ο
676 3932 742 3998 τῇ
773 3929 828 3981 δὲ
865 3933 930 4000 σῇ
985 3931 1238 4003 εὐσεϐείᾳ
1287 3931 1492 4004 ἐναργῆ
1523 3932 1590 3986 τά
1622 3949 1765 4000 γνω-

188 4024 432 4090 ρίσματά
459 4039 516 4074 τε
547 4022 642 4075 καὶ
668 4021 1042 4092 ὑποδείγματα
1095 4023 1497 4094 πεφανέρωται.
1546 4025 1613 4078 Τί
1655 4027 1766 4095 γάρ

185 4111 260 4179 τῷ
290 4112 414 4182 Θεῴ
438 4111 688 4166 ἀδυνατεῖ
710 4113 972 4184 παρέχειν
999 4117 1111 4178 τοῖς
1153 4116 1502 4183 πιστεύουσι;
1529 4118 1620 4169 καὶ
1649 4116 1767 4179 πῶς

185 4204 306 4273 οὐχὶ
343 4204 402 4255 ὲν
451 4205 517 4274 τῇ
562 4203 730 4257 εἰκόνι
769 4205 1213 4276 δείκονιζόμενος
1239 4208 1544 4275 ὁμωνύμως
1570 4207 1766 4279 όρᾶταί

186 4311 243 4347 τε
266 4297 361 4348 καὶ
396 4291 535 4348 εἶναι
561 4296 876 4350 πιστεύεται
897 4317 943 4363 ;ι
966 4299 1029 4350 Ἠ
1052 4298 1156 4368 γάρ
1176 4298 1277 4367 τῆς
1299 4299 1530 4361 εἰκόνος.
1552 4302 1717 4368 φησὶν
1737 4304 1764 4353 ό

191 4384 364 4450 μέγας
395 4383 695 4448 Βασίλειος,
727 4385 862 4456 τιμὴ
879 4386 970 4439 ἐπὶ
985 4388 1044 4440 τὸ
1065 4389 1420 4458 πρωτότυπον
1439 4389 1723 4443 διαϐαίνει.
1737 4408 1755 4441 ι

188 4475 354 4526 Ὥστε
390 4475 577 4542 σαφῶς
610 4477 638 4528 6
668 4477 876 4547 μάρτυς
903 4473 970 4548 ἦν
991 4478 1078 4533 διὰ
1111 4481 1210 4550 τῆς
1234 4481 1442 4544 οἰκείας
1469 4481 1679 4546 εἰκόνος
1705 4483 1766 4535 τὸ

191 4565 392 4635 βρέφος
437 4568 850 4637 εἰσδεχόμενος*
900 4571 984 4639 ἐφ’
1014 4573 1138 4625 ὅσον
1191 4573 1333 4626 οῦτω
1375 4574 1762 4638 πεπίστευκας.

203 4657 362 4712 Ἀλλά
390 4659 474 4721 τίς
502 4661 534 4728 ἡ
574 4661 783 4724 εὐδοξία
815 4663 912 4732 τῆς
949 4663 1336 4734 μεγαλωσύνης
1363 4681 1478 4730 σου,
1504 4667 1584 4718 ὅτι
1615 4666 1766 4736 τηλι-

191 4751 407 4815 κοῦτον,
446 4751 508 4803 τὸ
533 4750 597 4822 δὴ
620 4751 932 4821 λεγόμενον,
955 4754 1245 4810 σύντεκνον
1278 4757 1674 4828 προσεκτήσως
1703 4759 1761 4809 οὐ

1854 2285 2053 2341 factum
2088 2286 2372 2340 audientes
2392 2323 2406 2346 ,
2438 2283 2620 2337 mirati
2649 2297 2838 2337 sumus
2863 2281 2935 2337 ob
2968 2294 3218 2350 magnam
3248 2296 3437 2334 revera

1855 2379 2036 2441 fidem,
2073 2379 2237 2433 homo
2273 2376 2392 2430 Dei.

1925 2470 2168 2524 Allirmat
2217 2470 2362 2523 enim
2404 2470 2497 2539 qui
2529 2468 2733 2535 retulit,
2762 2477 2813 2523 te
2842 2484 3049 2523 sacram
3081 2467 3259 2538 magni
3295 2482 3438 2520 mar-

1855 2563 1985 2634 tyris
2020 2561 2278 2616 Demetrii
2319 2561 2609 2631 imaginem
2645 2559 2980 2629 susceptoris
3003 2559 3286 2627 cujusdam
3319 2559 3439 2613 loco

1857 2654 2210 2714 adhibuisse,
2272 2661 2437 2722 atque
2500 2654 2573 2707 ita
2645 2652 2739 2706 filii
2794 2653 2868 2706 tui
2928 2668 2957 2706 a
3019 2651 3129 2706 Deo
3184 2651 3439 2707 custoditl

1856 2745 2180 2814 baptismum
2239 2745 2529 2815 peregisse.
2589 2745 2740 2808 Et,o
2794 2745 3046 2798 fiduciam
3103 2748 3279 2800 tuaml
3319 2744 3438 2798 Non

1855 2839 2028 2892 inveni
2079 2847 2283 2890 tantam
2323 2837 2478 2905 ﬁdem
2509 2837 2562 2889 in
2601 2835 2774 2890 Israel
2815 2837 2894 2899 ³⁸,
2950 2851 3056 2889 non
3105 2836 3278 2889 solum
3309 2851 3439 2889 cen-

1859 2930 2057 2985 turioni
2118 2939 2248 2984 tunc
2274 2945 2302 2983 a
2353 2928 2574 2983 Christo
2605 2929 2808 2983 dictum
2864 2928 3100 2981 arbitror
3124 2968 3137 2990 ,
3168 2927 3261 2980 sed
3292 2941 3439 2980 nunc

1858 3024 2019 3077 etiam
2056 3022 2152 3075 tibi
2205 3021 2295 3090 qui
2341 3021 2442 3074 fide
2473 3029 2648 3074 certas
2701 3034 2823 3072 cum
2874 3018 2987 3071 illo.
3046 3016 3261 3070 Invenit
3312 3032 3442 3086 ergo

1860 3117 1949 3169 ille
1988 3115 2128 3184 quod
2178 3113 2456 3181 quwrebat
2486 3128 2500 3174 ;
2551 3111 2780 3180 adeptus
2810 3125 2868 3162 es
2903 3118 2958 3162 et
2982 3108 3100 3177 ipse
3131 3107 3273 3177 quod
3313 3123 3440 3176 spe-

1860 3207 2011 3260 rasti.
2064 3204 2142 3260 Ibi
2190 3203 2436 3257 divinum
2488 3203 2802 3255 mandatum
2867 3214 2966 3268 pro
2989 3197 3254 3266 corporali
3300 3212 3441 3266 prae—

1861 3295 2033 3349 sentia
2061 3312 2072 3347 :
2113 3294 2202 3348 hic
2229 3305 2486 3360 corporea
2515 3291 2694 3360 imago
2720 3290 2837 3342 vice
2869 3287 3164 3358 protOtypi.
3194 3285 3265 3340 lbi
3295 3286 3438 3339 enim

1861 3387 2042 3440 verbis
2097 3385 2288 3438 aderat
2337 3397 2592 3451 magnum
2659 3380 2931 3443 Verbum,
3002 3377 3291 3432 divinitate
3345 3392 3442 3430 sua

1863 3476 2110 3531 mirabile
2153 3472 2405 3529 sanitatis
2440 3487 2578 3541 opus
2629 3470 2975 3524 invisibiliter
3006 3468 3338 3538 perliciens;
3387 3476 3441 3519 et

1863 3568 1954 3622 hic
2014 3566 2219 3636 pariter
2271 3577 2498 3633 magnus
2555 3568 2755 3630 martyr
2801 3559 3021 3630 imagini
3084 3573 3197 3613 suae
3248 3557 3440 3627 spiritu

1864 3673 2103 3728 praesens
2136 3666 2272 3718 erat,
2297 3656 2558 3709 infantem
2583 3653 2903 3721 suscipiens.
2941 3651 3135 3705 Verum
3160 3653 3273 3705 haec
3313 3666 3444 3720 pro-

1864 3753 2004 3809 fanis
2061 3752 2277 3822 quidem
2341 3749 2604 3812 auribus,
2660 3756 2716 3801 et
2770 3743 3066 3799 incredulis
3125 3745 3441 3809 mentibus,

1865 3844 2088 3899 minime
2120 3839 2454 3910 recipienda,
2495 3848 2748 3905 tanquam
2774 3833 3132 3899 incredibilia,
3167 3834 3441 3897 videntur,

1867 3938 2098 3992 maxime
2140 3932 2556 3995 lconomachis;
2607 3929 2790 3998 pietati
2831 3943 2962 3982 vero
3005 3936 3108 3980 tua;
3153 3926 3442 3980 manifesta

1867 4036 2182 4102 argumenta
2232 4032 2287 4078 et
2329 4023 2576 4092 exempla
2614 4020 2880 4092 patefacta
2926 4026 3072 4073 sunt.
3125 4017 3263 4082 Quid
3297 4019 3442 4070 enim

1867 4129 1951 4176 est
1983 4118 2128 4190 quod
2175 4117 2314 4172 Deus
2364 4123 2621 4184 praestare
2670 4111 3020 4167 credentibus
3065 4125 3174 4163 non
3223 4108 3448 4179 possit?

1867 4219 1960 4265 aut
2012 4207 2285 4278 quomodo
2318 4207 2373 4260 in
2407 4204 2639 4274 imagine
2679 4217 2789 4255 non
2828 4201 3152 4269 homonyme
3180 4200 3440 4262 cernitur,

1867 4312 1920 4355 et
1952 4302 2129 4353 inesse
2177 4296 2453 4358 creditur,
2512 4293 2605 4362 qui
2661 4288 3128 4361 reprmseutatur?
3190 4287 3446 4358 lmaginis

1867 4391 2130 4461 siquidem
2182 4389 2378 4452 honor,
2409 4396 2467 4440 ut
2508 4399 2734 4455 magnus
2770 4383 2846 4437 ait
2876 4382 3120 4442 Basilius,
3151 4381 3346 4434 transit
3373 4381 3441 4434 ad

1869 4490 2232 4552 prototypum.
2259 4476 2437 4542 Quare
2467 4472 2816 4529 manifestum
2850 4480 2902 4524 et
2930 4473 3216 4540 martyrem
3251 4468 3441 4532 fuisse.

1868 4576 1957 4645 qui
2000 4574 2261 4627 infantem
2309 4585 2406 4640 per
2435 4567 2707 4638 propriam
2747 4565 3037 4634 imaginem
3072 4563 3441 4631 suscipiebat,

1868 4674 2136 4735 quatenus
2160 4663 2231 4716 ita
2253 4660 2550 4716 credidisti.
2579 4657 2708 4720 Sed,
2729 4671 2761 4708 ο
2785 4654 3237 4725 magnificentiam
3271 4663 3440 4714 tuam,

1868 4759 1958 4828 qui
1997 4759 2155 4810 lalem
2203 4771 2266 4808 ac
2311 4762 2519 4806 tantum
2569 4759 2923 4819 syntecnum,
2977 4756 3037 4800 ut
3067 4755 3298 4808 vocant,
3327 4762 3444 4800 sor-

189 4841 279 4893 τὸν
301 4842 451 4894 δεῖνα
476 4841 508 4912 ἧ
538 4843 628 4894 τὸν
655 4841 822 4908 δεῖνα,
853 4843 1089 4914 ἄρχοντα
1113 4847 1276 4915 τυχὸν
1309 4847 1342 4918 ἢ
1365 4848 1652 4918 δυνάστην·
1691 4847 1759 4900 εί-

1875 4847 2001 4899 titus
2024 4859 2104 4906 es,
2136 4859 2245 4895 non
2304 4839 2448 4894 hunc
2475 4839 2559 4893 vel
2591 4838 2762 4900 illum,
2827 4834 3127 4904 principem
3176 4842 3303 4904 puta
3360 4835 3445 4888 vel

195 4951 282 4986 ποι
333 4935 380 4986 δ’
409 4933 476 4986 ἂν
528 4935 637 4987 οὐδ’
664 4935 828 4988 αὐτὸν
870 4936 962 4990 τὸν
1000 4937 1060 4990 τὸ
1091 4937 1328 5008 διάδημα
1361 4942 1765 5010 περικείμενον·

196 5025 401 5092 μείζων
428 5024 536 5095 γάρ
561 5028 654 5078 καὶ
695 5027 993 5098 ὑπέρτερος
1024 5031 1052 5082 6
1080 5027 1461 5102 ὲξευρημένος.
1495 5031 1616 5084 Τῶν
1659 5031 1767 5102 γὰρ

197 5117 498 5186 μαρτύρων
528 5119 555 5170 6
592 5118 881 5186 κράτιστος
906 5135 918 5150 ’
951 5121 1059 5174 τῶν
1092 5122 1524 5192 θαυματουργῶν
1576 5124 1603 5175 6
1654 5123 1769 5174 δια-

195 5206 445 5276 πρύσιος·
464 5207 572 5259 τῶν
590 5208 759 5274 φίλων
778 5210 1014 5281 Χριστοῦ
1032 5211 1059 5263 6
1073 5214 1315 5281 γνήσιος·
1345 5212 1452 5265 τῶν
1478 5197 1723 5280 ἄγγελων
1741 5214 1768 5264 6

196 5297 557 5365 συμπολίτης-
581 5299 818 5352 τοσαῦτα
845 5301 939 5354 καὶ
960 5303 1262 5374 τηλικαῦτα
1286 5307 1377 5358 καὶ
1404 5304 1652 5374 δυνηθεὶς
1675 5307 1769 5359 καὶ

193 5389 492 5458 δυνάμενος
522 5392 578 5441 ὲν
606 5394 717 5453 τοῖς
757 5393 860 5446 ὑπὸ
903 5395 991 5449 τὸν
1014 5397 1261 5466 οὐρανόν
1296 5397 1435 5450 ὥστε
1464 5399 1557 5451 ἀπ’
1593 5397 1764 5467 ἄκρου

270 5506 316 5537 ⁸³
353 5504 554 5559 Matth.
589 5520 703 5568 vm,
732 5508 816 5561 l0.

1870 4940 2198 5006 dynastam;
2247 4943 2338 4986 aut
2386 4931 2560 5000 ipsum
2619 4929 2779 4982 etiam
2837 4926 2929 4995 qui
2971 4927 3272 4981 diademate
3299 4927 3442 4980 redi-

1873 5029 2038 5082 mitus
2068 5035 2172 5080 est.
2203 5023 2372 5092 Major
2402 5022 2546 5076 enim
2579 5020 2843 5087 longeque
2873 5017 3124 5086 superior
3143 5026 3226 5071 est
3281 5032 3448 5085 quem

1872 5121 2139 5191 reperisti.
2171 5119 2462 5188 Martyrum
2495 5115 2693 5184 quippe
2715 5112 3059 5175 fortissimus,
3090 5109 3443 5163 mirificorum

1870 5212 2230 5271 clarissimus,
2285 5221 2572 5278 germanus
2618 5204 2817 5258 Christi
2863 5203 3088 5263 amicus,
3127 5201 3444 5270 angelorum

1872 5306 2050 5361 civis:
2101 5304 2190 5373 qui
2240 5311 2319 5356 tot
2359 5308 2614 5365 tantaque
2655 5297 2708 5349 in
2763 5295 2923 5349 terris
2968 5309 3184 5362 semper
3222 5295 3444 5362 potuit,

1874 5404 2157 5465 potestque
2185 5410 2201 5458 ;
2228 5401 2284 5445 ut
2308 5391 2361 5444 in
2391 5387 2642 5443 omnibus
2671 5385 2779 5438 oris
2815 5381 3192 5436 miraculorum
3221 5393 3449 5432 suorum

1704 5661 1935 5716 NOTAE.

271 5783 384 5846 (l7)
429 5782 676 5840 ἰωάννη
715 5784 1045 5848 Σπαθιιρίῳ.
1069 5781 1292 5838 Joannis
1322 5779 1768 5850 protospatharii,
1806 5791 1857 5836 ct
1885 5781 2080 5851 Bajuli,
2105 5781 2171 5835 ab
2197 5779 2345 5835 lrenc
2368 5779 2522 5834 electi
2557 5779 2761 5832 mentio
2819 5785 2900 5829 cst
2967 5775 3108 5844 apud
3153 5771 3446 5838 Theophan-

196 5866 323 5905 nem
353 5855 417 5907 ad
448 5867 651 5906 annum
691 5854 752 5906 lU
785 5851 982 5907 lrcnes.
