3914 6440
487 373 590 440 963

1662 381 1720 437 S.
1765 378 2151 439 THEODORI
2201 379 2477 438 STUDIT
2506 377 2545 435 Ε

3629 374 3725 439 964

489 488 614 542 tuba
641 485 964 541 celebretur.
993 485 1186 539 Beatus
1218 486 1392 554 reipsa
1423 502 1501 548 es,
1530 488 1612 540 vir
1633 489 1895 557 piissime,
1919 490 2062 558 quod

2178 490 2260 556 εῆς
2303 490 2404 556 γῆς
2450 489 2554 552 ἓως
2588 490 2758 556 ἄκρου
2789 489 2893 558 γῆς
2917 490 2982 557 τῇ
3011 489 3276 556 σάλπιγγι
3301 489 3408 541 τῶν
3435 489 3726 560 θαυμάτων

491 579 653 632 talem
689 587 882 632 nactus
923 577 996 631 sis
1035 589 1447 645 susceptorem:
1503 587 1584 631 ter
1624 580 1813 633 beatus
1837 590 1892 632 et
1923 581 2062 634 [ilius

493 680 639 732 tuus,
691 669 784 738 qui
823 685 851 723 a
895 677 1043 723 tanta
1092 669 1258 739 gloria
1305 677 1361 723 et
1402 670 1640 739 potentia
1687 671 1913 740 praedito
1941 686 2064 725 sus-

493 772 683 830 ceptus
735 762 821 815 sit.
891 760 1053 815 Nobis
1103 777 1232 815 vero
1267 763 1449 816 videre
1496 763 1654 816 liceat
1709 763 1854 817 hunc
1897 763 2062 816 lilium

496 864 644 906 tuum
671 853 841 907 sancti
882 851 1136 906 Demetrii
1176 853 1572 923 cognominem,
1617 853 1659 906 si
1709 855 1924 916 annuis,
1975 863 2064 917 ut,

495 955 749 1014 tanquam
779 945 946 1015 ipsius
973 945 1141 998 ﬁlium
1168 945 1576 1013 amplectentes,
1607 953 1662 998 et
1684 945 1936 1014 congruis
1965 945 2064 1014 ipsi

495 1039 708 1102 verbis,
766 1048 824 1091 ut
859 1045 1199 1106 peccatores,
1250 1037 1676 1105 compellemus,
1724 1045 1780 1090 et
1815 1051 1928 1089 rem
1973 1052 2067 1106 ge-

499 1141 636 1183 stam
668 1131 731 1183 ad
770 1130 910 1183 alios
943 1143 1157 1198 quoque
1191 1128 1638 1181 transmittamus.
1667 1126 1777 1182 Nec
1811 1127 1952 1180 enim
1982 1142 2066 1181 res

499 1223 753 1290 pulchras
783 1220 924 1273 sileri
953 1218 1247 1282 convenit,
1271 1218 1366 1272 sed
1405 1218 1524 1272 aliis
1550 1217 1616 1272 ad
1645 1218 1746 1288 piae
1775 1217 1898 1272 ﬁdei
1921 1217 2066 1272 clara

498 1315 819 1367 documenta
851 1310 1099 1380 proponi.

781 1596 963 1650 XVI-ll.
1001 1627 1063 1636 —
1096 1595 1375 1652 Staurario
1401 1595 1684 1665 Spathario
1706 1596 1774 1649 δ’.

2161 581 2327 633 αὐτοῦ
2371 580 2825 650 διαθρυλλείσθαι.
2859 580 3144 648 Μακάριος
3170 580 3337 643 ὅντως
3369 577 3440 645 εἷ,
3477 583 3612 651 ἄνερ
3647 585 3727 634 εύο

2164 669 2470 735 σεὸέστατε,
2514 671 2594 722 ὅτι
2617 659 2858 723 τοιούτου
2900 670 3209 739 τετύχηκας
3250 671 3536 739 ἀναδόχουο
3590 689 3733 740 τρισ-

2167 761 2432 830 μακάριός
2492 778 2584 813 σου
2635 763 2727 812 καὶ
2773 763 2800 813 ὁ
2850 762 3045 827 γόνος,
3092 760 3229 830 έχων
3285 762 3374 812 τὸν
3437 762 3728 830 δεξάμενον

2163 851 2477 922 τηλικοῦτον
2504 851 2584 922 τῷ
2630 852 2775 904 κλέει
2808 853 2898 904 καὶ
2942 852 3191 920 δυνάμει.
3219 851 3358 903 Ἀλλ’
3391 851 3603 921 ἴδοιμεν
3648 854 3731 904 τὸν

2165 945 2278 996 υἱόν
2306 960 2399 996 σου
2437 946 2530 998 καὶ
2557 943 2848 1014 ὁμώνυμον
2876 943 2968 996 τοῦ
3019 945 3174 1010 ἁγίου
3207 943 3550 1012 Δημητρίου,
3582 945 3733 1013 εἴπερ

2166 1034 2529 1105 συγκατέρχῃ,
2556 1035 2665 1098 ἵνα,
2693 1035 2765 1098 ὡς
2797 1036 2908 1087 υἱὸν
2938 1034 3101 1088 αὑτοῦ
3139 1034 3641 1103 προσπυξάμενοι.
3672 1033 3735 1086 τὰ

2165 1125 2348 1179 εἰκότα
2379 1126 2477 1196 μὲν
2509 1125 3014 1197 προσφθεγξώμεθα
3045 1127 3136 1178 καὶ
3179 1127 3338 1196 ἡμεῖς
3369 1125 3445 1187 ὠς
3477 1126 3733 1194 ἁμαρτω⁴

2174 1217 2277 1279 λοὶ,
2302 1217 2514 1288 ἔχωμεν
2557 1219 2612 1270 δὲ
2645 1218 2704 1270 τὸ
2733 1218 2977 1286 διήγημα
3024 1217 3116 1270 καὶ
3155 1219 3233 1278 εἰς
3289 1216 3510 1286 ἑτέρους
3560 1231 3733 1284 παρα-

2165 1309 2425 1378 πέμπειν.
2453 1312 2544 1362 Δεῖ
2564 1311 2672 1378 γὰρ
2691 1309 2759 1362 τὰ
2797 1309 2935 1361 καλὰ
2963 1308 3038 1378 μὴ
3069 1307 3398 1366 σιωπᾶσθαι,
3435 1304 3574 1358 ἀλλὰ
3601 1321 3734 1373 προ-

2167 1399 2381 1452 κεῖσθαι
2417 1401 2529 1462 τοῖς
2586 1399 2766 1463 ἄλλοις
2819 1403 2897 1462 εἰς
2951 1399 3185 1461 πίστεως
3235 1396 3490 1458 εὐσεϐοῦς
3523 1396 3732 1464 ἐναργῆ

2166 1489 2559 1558 ὑποδείγματα.

2328 1599 2433 1650 ιη’.
2467 1628 2536 1638 -
2580 1597 2920 1665 Σταυρακίῳ
2947 1593 3254 1663 σπαθαρίῳ
3284 1593 3418 1663 (18).
3448 1589 3578 1663 [λε’]

1953 1731 2004 1780 ln
2038 1731 2174 1781 obitu
2203 1733 2308 1782 filii.

571 1831 798 1884 Causam
845 1834 1057 1900 quidem
1091 1835 1309 1888 humilis
1339 1834 1595 1889 absentiae
1629 1837 1954 1905 nostrzejam
1985 1837 2068 1889 di-

2242 1838 2351 1907 Τὴν
2387 1837 2485 1907 μὲν
2519 1838 2697 1891 αἰτίαν
2734 1837 2831 1907 τῆς
2857 1834 3116 1902 ταπεινῆς
3145 1832 3410 1894 ἀπουσίας
3449 1830 3610 1900 ἡμῶν
3640 1829 3737 1898 ἤδη

504 1926 700 1989 ximus,
730 1941 830 1979 nec
857 1942 990 1995 opus
1017 1937 1092 1981 esl
1120 1929 1349 1997 amplius
1376 1945 1652 1984 excusare.
1705 1929 1857 1983 Unde
1890 1940 2068 1983 autem

502 2017 819 2069 ordiemur?
849 2025 942 2070 aut
974 2032 1091 2084 qua:
1116 2016 1342 2071 iacultas
1371 2017 1604 2071 inveniri
1635 2028 1793 2087 queat
1819 2020 2069 2088 praesenti

504 2103 824 2156 venerandae
845 2103 1034 2158 animae
1065 2113 1255 2158 vestrae
1288 2105 1457 2160 dolori
1487 2106 2071 2172 conveniens?Quem-

501 2194 789 2246 admodum
837 2195 986 2248 enim
1020 2195 1260 2250 medicus
1309 2197 1375 2251 ad
1430 2199 1786 2253 insanabilem
1819 2200 2072 2254 morbum

502 2288 806 2349 accedens,
865 2285 1048 2339 animo
1103 2287 1273 2342 hreret
1335 2290 1557 2359 ancipiti
1619 2306 1853 2359 quonam
1916 2298 2072 2360 pacto

503 2374 838 2427 curationem
908 2375 1287 2445 aggrediatur.
1347 2378 1426 2432 sic
1479 2388 1535 2433 et
1616 2396 1716 2434 nos
1780 2389 2073 2435 aestuamus

505 2463 696 2516 incerti
761 2481 865 2532 qua
901 2467 1108 2520 ratione
1163 2469 1481 2537 gravissimo
1521 2472 1661 2524 malo
1711 2481 1891 2527 vestro
1940 2488 2074 2527 con-

504 2554 827 2608 solationem
892 2555 1202 2611 aﬂeramus.
1269 2557 1312 2612 Ο
1359 2559 1769 2614 calamitatem!
1822 2577 1854 2614 ο
1902 2561 2074 2614 infor-

505 2645 715 2696 tunium
745 2648 757 2698 ι
788 2643 931 2700 Obiit
961 2647 1114 2702 vobis
1150 2648 1292 2703 ﬁlius
1315 2649 1531 2718 elegans
1557 2659 1610 2704 et
1645 2650 1949 2717 formosus;
1989 2651 2074 2705 ille

506 2737 598 2804 qui
632 2746 872 2791 materna
916 2739 1122 2793 viscera
1159 2741 1369 2810 primus
1400 2742 1735 2797 recluserat:
1793 2757 1890 2812 per
1914 2759 2074 2812 quem

510 2832 662 2884 vobis
711 2839 996 2900 parentum
1048 2848 1247 2886 nomen
1296 2833 1549 2898 inditum,
1582 2834 1926 2902 principium’
1949 2849 2076 2903 pro-

511 2921 815 2992 pagationis
841 2923 1057 2993 generis
1080 2961 1095 2986 ,
1142 2925 1294 2977 radix
1319 2926 1708 2993 procreationis
1746 2926 2037 2980 liberorum
2058 2965 2072 2990 ,

510 3011 758 3064 surculus
788 3012 1065 3066 rationalis
1094 3014 1517 3082 germinationis,
1554 3016 1726 3082 prima
1757 3016 1902 3068 velut
1954 3030 2075 3068 rosa

511 3111 749 3170 paternae
796 3101 1158 3156 fecunditatis.
1203 3102 1270 3156 Et
1308 3104 1432 3172 quid
1479 3105 1675 3166 dicam,
1715 3113 1772 3156 ut
1809 3105 1899 3157 lilii
1952 3105 2070 3172 pul-

510 3193 873 3246 chritudinem
926 3192 1235 3262 explicem?
1281 3194 1361 3246 An
1423 3194 1564 3261 quod
1597 3195 1875 3248 crescebat
1911 3210 2075 3262 puer,

513 3283 934 3352 proﬁciebatque
957 3292 1116 3337 aetate
1143 3294 1193 3338 et
1223 3284 1496 3339 intellectu
1525 3328 1538 3351 ,
1571 3296 1625 3340 et
1649 3287 1815 3356 gratia
1845 3286 1935 3340 Dei
1964 3296 2080 3341 erat

514 3377 564 3427 in
594 3374 682 3426 illo
702 3374 770 3438 '°,
788 3384 1047 3443 quantum
1075 3383 1130 3428 et
1153 3374 1255 3443 ipsi
1278 3392 1339 3428 ex
1373 3391 1430 3428 re
1451 3391 1610 3444 parva
1635 3377 1840 3445 experti
1863 3377 2080 3430 sumus?

512 3464 794 3528 Quomodo
847 3464 1008 3533 igitur
1065 3465 1184 3518 talis
1214 3481 1278 3518 ac
1333 3473 1514 3520 tantus
1567 3466 1752 3520 letbali
1807 3467 1980 3529 ferro,
2013 3483 2078 3521 ex

516 3555 667 3624 ipsis.
699 3565 757 3610 ut
805 3555 876 3609 ita
953 3556 1148 3619 dicam,
1196 3556 1394 3611 lumbis
1441 3558 1636 3613 vestris
1679 3569 1946 3622 exsuctus,
1999 3559 2083 3612 in-

514 3647 900 3700 eonsolabilem
926 3647 1074 3701 cordi
1107 3659 1288 3702 vestro
1323 3649 1563 3702 dolorem
1595 3666 1702 3703 non
1734 3651 1951 3718 pariat?
1990 3661 2084 3705 aut

514 3738 636 3805 quis
664 3752 769 3790 non
816 3738 1228 3792 collamentetur
1278 3749 1331 3793 et
1361 3741 1665 3803 condoleat,
1707 3751 1959 3811 tanquam
2015 3744 2085 3796 ob

516 3829 732 3898 aliquod
772 3830 939 3899 ipsius
970 3831 1271 3886 membrum
1299 3831 1350 3884 in
1384 3832 1535 3886 vobis
1567 3833 1744 3903 gladio
1770 3835 2086 3888 succisum?

521 3921 879 3990 lngemiscant
927 3922 1121 3974 merito
1175 3932 1377 3990 patres,
1425 3923 1773 3991 pulcherrimi
1807 3925 1968 3992 hujus
1992 3925 2084 3979 ﬁlii

519 4013 806 4066 orbitatem
847 4023 1172 4081 spectantes.
1215 4013 1456 4082 Lugeant
1505 4023 1559 4068 et
1599 4025 1799 4069 matres
1837 4024 1943 4068 tam
1990 4032 2088 4069 ve-

521 4115 695 4158 nusta:
730 4105 894 4173 prolis
930 4105 1224 4158 sectionem
1255 4114 1562 4160 cernentes.
1598 4104 1902 4160 Rescissum
1941 4106 2087 4159 enim

524 4210 708 4249 revera
750 4207 831 4249 est
861 4197 1161 4250 membrum
1217 4206 1455 4249 vestrum
1491 4214 1503 4249 :
1540 4197 1776 4250 abscissa
1829 4207 1913 4250 est
1963 4211 2090 4250 caro

2173 1927 2419 1996 εἴπομεν·
2453 1927 2544 1980 καὶ
2577 1927 2637 1979 ού
2663 1927 2769 1996 χρή
2799 1941 2850 1977 τι
2879 1926 3039 1977 πλέον
3071 1923 3479 1990 ἀπολογεῖσθαι.
3521 1920 3648 1980 Πῶς
3684 1919 3739 1969 δὲ

2171 2018 2489 2088 ἁρξόμεθας
2525 2016 2557 2087 ἢ
2598 2017 2680 2079 τίς
2712 2017 2938 2083 δύναμις
2966 2013 3272 2082 ὲξευρεθείη
3306 2012 3384 2073 είς
3411 2011 3472 2062 τὸ
3525 2008 3739 2077 συμϐὰν

2173 2109 2340 2170 πάθος
2376 2111 2493 2170 ταῖς
2521 2108 2730 2175 τιμίαις
2762 2106 2915 2174 ὑμῶν
2941 2105 3138 2174 ψυχαῖς
3163 2119 3176 2167 ;
3214 2102 3486 2171 Καθάπερ
3516 2101 3627 2169 γάρ
3663 2115 3740 2159 τις

2176 2199 2355 2268 ἰατρὸς
2393 2198 2486 2250 ἐπὶ
2506 2197 2742 2265 δυσιάτῳ
2765 2197 2904 2265 νόσῳ
2928 2196 3240 2264 ἐρχόμενος,
3275 2191 3560 2261 ἀμηχανίᾳ.
3593 2183 3744 2257 περιρ

2176 2290 2408 2350 ίσταται,
2440 2289 2586 2351 ὅπως
2613 2288 2846 2357 ὲπιὸἁλῃ
2884 2286 2980 2355 τὴν
3021 2285 3329 2355 ἐγχείρησιν
3352 2301 3366 2314 ·
3401 2282 3578 2344 οὕτως
3612 2281 3745 2347 ἰλιγ-

2172 2382 2402 2452 γιῶμεν,
2435 2381 2551 2443 πῶς
2584 2379 2675 2432 τὸν
2703 2377 3112 2448 παρακλητικὸν
3159 2375 3318 2443 λόγον
3343 2375 3432 2428 ἐπὶ
3461 2373 3537 2442 τῷ
3573 2373 3742 2442 βαρυ-

2173 2474 2318 2542 τάτῳ
2349 2474 2377 2524 ύ
2388 2472 2502 2542 μῶν
2529 2470 2691 2524 πάθει
2713 2465 3200 2536 προσενέγκασθαι.
3228 2466 3291 2516 Ὢ
3311 2465 3409 2534 τῆς
3433 2463 3738 2532 συμφορᾶςί

2173 2564 2219 2616 ὣ
2273 2564 2372 2632 τῆς
2423 2560 2778 2630 συμϐάσεωςί
2817 2557 2988 2629 ᾤχετο
3045 2557 3172 2625 ὑμῖν
3236 2557 3363 2616 παῐς
3423 2554 3590 2615 καλὸς
3653 2554 3744 2606 καὶ

2175 2655 2390 2724 ὡραῖοςσ
2430 2654 2589 2715 αὐτὸς
2637 2656 2664 2706 ὁ
2710 2652 2806 2714 τὰς
2839 2649 3058 2719 πρώτας
3101 2649 3369 2716 μητρικάς
3399 2645 3597 2706 ὠδῖνας
3630 2644 3746 2696 δια-

2174 2746 2360 2809 λύσας·
2407 2745 2473 2798 δι’
2495 2738 2554 2797 οὗ
2586 2745 2712 2812 ὑμῖν
2742 2745 2802 2796 τὸ
2838 2744 2944 2795 τῶν
2977 2742 3178 2809 γονέων
3208 2740 3379 2808 ὄνομα
3404 2735 3748 2806 κεχρημάτιο

2174 2850 2292 2890 κεν’
2349 2837 2381 2905 ὴ
2435 2834 2576 2906 ἀρχὴ
2608 2834 2705 2902 τῆς
2760 2833 3006 2902 διαδοχῆς
3035 2830 3129 2884 τοῦ
3159 2829 3347 2898 γένους
3374 2845 3389 2859 ·
3422 2830 3454 2897 ἡ
3488 2825 3614 2896 ῥίζα
3652 2826 3749 2893 τῆς

2175 2931 2538 2990 τεκνοποιίαςο
2580 2928 2608 2978 ὁ
2636 2925 2813 2997 ὅρπηξ
2841 2925 2937 2992 τῆς
2961 2923 3182 2992 λογικῆς
3218 2919 3610 2991 βλαστοφορίας
3690 2915 3750 2967 τὸ

2175 3026 2337 3079 οἱονεὶ
2372 3021 2695 3093 πρωτοφυὲς
2723 3019 2872 3090 ῥόδον
2901 3019 2998 3086 τῆς
3031 3015 3296 3085 πατρικῆς
3341 3009 3746 3082 καρποφορίας.

2178 3117 2286 3171 Καὶ
2321 3116 2373 3168 τί
2410 3115 2476 3167 ἂν
2508 3116 2716 3182 εῐποιμι
2742 3108 3036 3178 ’παριστῶν
3088 3107 3148 3159 τὸ
3205 3105 3361 3172 γόνου
3414 3100 3650 3163 κάλλος;
3703 3097 3735 3166 ἦ

2179 3209 2260 3260 ὅτι
2296 3206 2358 3258 τὸ
2396 3204 2606 3257 παιδίον
2638 3201 2838 3270 ηὔξανε
2882 3202 2978 3251 καὶ
3027 3197 3359 3267 προέκοπτεν
3411 3188 3600 3259 ἡλικίᾳ
3652 3188 3750 3238 καὶ

2183 3298 2417 3355 συνέσει,
2443 3294 2533 3347 καὶ
2561 3294 2719 3362 χάρις
2753 3289 2886 3343 Θεοῦ
2910 3285 2978 3358 ἦν
3008 3288 3091 3339 ἐπ’
3117 3286 3282 3353 αὐτῷ,
3311 3285 3430 3336 ὅσον
3452 3284 3515 3332 ὲκ
3551 3275 3751 3347 μικροῦ

2181 3391 2273 3444 καὶ
2302 3389 2461 3457 ἡμεῖς
2493 3380 2908 3452 πεπειράμεθα;
2942 3377 3062 3440 Πῶς
3089 3376 3268 3428 τοίνυν
3296 3373 3357 3424 τὸ
3379 3369 3621 3424 τοιοῦτον
3655 3366 3752 3457 καὶ

2181 3456 2494 3549 τηλικοῦτον
2517 3472 2787 3544 ὲκτμηθὲν
2815 3473 2880 3540 τῇ
2910 3468 3172 3536 θανατικῇ
3199 3462 3458 3534 μαχαίρᾳ,
3487 3460 3545 3523 εξ
3574 3456 3752 3524 αὐτῆς

2183 3573 2353 3623 εἰπεῖν
2381 3568 2481 3636 τῆς
2511 3564 2708 3632 ὀσφύος
2735 3561 2908 3632 ὑμῶν,
2930 3562 2990 3612 οὐ
3013 3555 3403 3628 κατεργάσειεν
3432 3549 3498 3604 ἂν
3527 3551 3750 3616 ἀπαρα-

2189 3661 2424 3731 μύθητον
2463 3659 2623 3724 ἄλγος
2652 3659 2707 3708 ὲν
2731 3657 2795 3723 τῇ
2830 3651 3025 3720 καρδίᾳ
3052 3647 3243 3719 ύμῶν;
3275 3644 3307 3716 ἢ
3338 3643 3421 3706 τίς
3451 3641 3511 3694 οὺ
3541 3655 3756 3731 συμπο-

2186 3729 2457 3806 τνιάσεται
2511 3748 2603 3801 καὶ
2632 3742 3124 3808 συναλγυνθήσεται
3173 3738 3266 3790 ἐπὶ
3310 3735 3386 3804 τῷ
3436 3729 3757 3801 τεμνομένῳ

2186 3846 2272 3898 διά
2299 3844 2486 3911 ξίφους
2519 3838 2660 3892 κατά
2692 3855 2742 3889 τι
2771 3834 2879 3888 τῶν
2907 3827 3258 3902 ὑπαρχόντων
3287 3824 3431 3894 αύτῷ
3465 3821 3645 3893 μελῶν
3679 3821 3756 3883 ὡς

2189 3937 2272 4004 ἐφ’
2305 3935 2471 4003 ὑμίν;
2514 3928 2831 3993 Στενάξειαν
2890 3923 2936 3976 δ’
2965 3923 3030 3978 ἂν
3076 3921 3299 3982 εἰκότως
3348 3917 3440 3970 καὶ
3492 3913 3754 3980 πατέρες,

2189 4023 2429 4076 τοιούτου
2461 4019 2745 4072 καλλίστου
2771 4015 2958 4078 παιδὸς
2991 4010 3262 4080 ἁποῦολὴν
3301 4009 3585 4075 θεώμενοι.
3613 4005 3759 4074 Θρηο

2189 4116 2407 4184 νήσειαν
2435 4111 2479 4163 δ’
2497 4111 2561 4163 ἂν
2582 4108 2675 4160 καὶ
2699 4104 2953 4175 μητέρες,
2971 4101 3285 4172 τηλικούτου
3314 4097 3513 4167 ὡραίου
3539 4094 3755 4160 σπλάγ-

2192 4223 2316 4277 χνου
2350 4202 2588 4272 ἐκνομὴν
2618 4196 3073 4268 προσϐλέπουσαι.
3098 4193 3375 4260 Τέτμηται
3400 4188 3507 4256 γὰρ
3539 4184 3759 4253 ἀληθῶς

525 4298 721 4342 vestra.
756 4287 920 4357 Seges
951 4288 1137 4357 ingens
1162 4287 1396 4350 doloris;
1429 4288 1711 4342 medicinae
1742 4288 2078 4356 pharmacum

2195 4298 2353 4366 μέλος
2394 4293 2566 4364 ὑμῶν.
2599 4289 2959 4342 Ἐκκέκοπται
2991 4284 3124 4354 σὰρξ
3179 4282 3356 4352 ὑμῶν,
3391 4279 3449 4331 ca
3489 4278 3761 4347 ὀδυνηρὸν

525 4379 769 4432 invenire
794 4377 1028 4431 dimcile.
1063 4376 1256 4431 Maeror
1286 4377 1338 4430 in
1373 4377 1605 4442 familia,
1659 4379 1876 4432 tristitia
1913 4379 1965 4432 in
1993 4380 2078 4434 do-

2195 4390 2328 4442 πολὺ
2358 4427 2372 4450 ,
2434 4386 2493 4438 τὸ
2546 4379 2936 4454 θεραπευτικὸν
2988 4378 3278 4447 φάρμακον
3341 4369 3758 4440 δυσεξεύρητον.

525 4469 782 4532 mesticis,
829 4469 982 4522 dolor
1027 4469 1080 4521 in
1118 4470 1396 4538 cognatis;
1450 4470 1543 4522 sed
1594 4485 1703 4539 prae
1741 4471 1993 4524 omnibus
2032 4473 2078 4524 in

2194 4478 2477 4546 Κατήφεια
2503 4473 2595 4524 ἐπὶ
2627 4471 2726 4540 τῆς
2783 4469 2979 4530 οἰκίας,
3019 4465 3179 4533 ὀδύνη
3213 4463 3306 4516 ἐπὶ
3340 4461 3466 4522 τοὺς
3511 4460 3757 4519 οἰκέτας.

524 4578 624 4615 avo
671 4560 892 4614 domino
944 4561 1192 4629 patricio,
1251 4569 1304 4614 et
1365 4562 1419 4613 in
1471 4561 1587 4614 avia
1645 4561 1861 4615 domina
1907 4573 2089 4631 proto-

527 4650 818 4718 spatharia.
873 4649 1122 4717 Undique
1170 4649 1350 4719 gravia
1397 4659 1449 4701 et
1497 4649 1687 4703 tristia.
1713 4650 1910 4703 Verum
1954 4667 2088 4720 age,

529 4741 610 4791 vir
628 4739 852 4807 optime,
879 4739 968 4808 qui
988 4748 1042 4792 et
1064 4740 1414 4808 intelligentia
1439 4740 1702 4805 abundas,
1725 4749 1779 4793 et
1810 4739 2091 4808 prudentia

531 4839 755 4900 praestas
780 4871 794 4894 ,
849 4839 904 4883 et
948 4831 1232 4900 plurimam
1271 4847 1334 4883 ex
1374 4832 1663 4885 multorum
1695 4848 1955 4884 annorum
1990 4849 2089 4886 usu

531 4917 760 4990 adeptus
815 4938 875 4976 es
927 4922 1229 4986 scientiam,
1257 4922 1352 4976 tibi
1405 4921 1518 4991 ipse
1553 4923 1792 4986 medere,
1858 4923 2088 4992 teipsum

533 5028 685 5066 sana.
741 5013 961 5081 Conjice
988 5050 1003 5076 ,
1050 5028 1266 5081 quaeso,
1323 5013 1522 5066 mentis
1549 5013 1734 5067 oculos
1764 5014 1817 5066 in
1852 5014 2087 5067 universi

535 5106 1085 5173 contemplationem;
1140 5105 1347 5174 respice
1387 5105 1451 5158 ad
1501 5105 1751 5173 antiquas
1782 5115 2008 5169 aetates,
2057 5121 2085 5158 a

538 5197 709 5265 primo
763 5197 879 5265 ipso
943 5206 1164 5265 parente
1187 5207 1372 5250 nostro
1420 5197 1588 5250 Adam
1610 5237 1624 5260 ,
1671 5206 1726 5250 et
1755 5198 1875 5250 vide
1907 5215 1968 5251 ac
1999 5215 2088 5252 re-

537 5303 801 5355 cognosce
827 5325 842 5350 ,
888 5289 1010 5356 quis
1059 5290 1111 5340 in
1153 5287 1325 5341 lucem
1375 5303 1624 5356 egressus
1665 5287 1719 5340 in
1758 5288 1858 5341 hoc
1892 5290 2093 5342 saeculo

539 5377 924 5445 permanserit,
972 5387 1025 5430 et
1072 5392 1177 5429 non
1229 5376 1520 5429 exorientis
1559 5376 1728 5428 instar
1772 5375 1879 5429 feni
1932 5377 2091 5431 citius

610 5492 651 5523 δ’
691 5491 1075 5548 Consolatoria.
1150 5492 1195 5522 ”
1234 5490 1362 5544 Luc.
1413 5506 1470 5550 ιι,
1514 5490 1598 5543 40.

2188 4568 2332 4634 λύπη
2360 4566 2450 4617 ἐπὶ
2474 4563 2600 4624 τοὺς
2633 4559 2937 4628 συγγενεῖς·
2966 4555 3166 4626 μᾶλλον
3201 4553 3258 4607 δὲ
3289 4551 3393 4622 πρὸ
3417 4549 3624 4603 τούτων
3663 4549 3760 4601 ἐπὶ

2187 4660 2276 4710 τὸν
2301 4655 2620 4726 προπάτορα
2645 4651 2832 4721 κύριον
2858 4647 3162 4718 πατρίκιοι),
3197 4645 3293 4699 καὶ
3308 4643 3406 4713 τὴν
3434 4642 3762 4711 προμήτορα

2187 4748 2380 4816 κυρίαν
2409 4741 2921 4816 πρωτοσπαθαρίαν.
2979 4737 3248 4790 Πάντοθεν
3277 4733 3422 4788 δεινὰ
3456 4732 3549 4785 καὶ
3595 4730 3760 4798 περί-

2187 4839 2349 4890 λυπα.
2385 4835 2547 4887 Ἀλλά
2600 4830 2760 4901 δεῦρό
2809 4847 2918 4900 μοι,
2965 4827 3104 4897 ἀνὴρ
3156 4825 3379 4894 χρηστὲ,
3410 4823 3438 4874 ὁ
3483 4820 3649 4882 πολὺς
3699 4823 3760 4871 ὲν

2188 4929 2424 4988 συνέσει,
2476 4926 2502 4976 ὁ
2541 4923 2699 4988 σοφὸς
2732 4924 2789 4974 ὲν
2824 4919 3103 4987 φρονήσει,
3133 4918 3159 4968 ὁ
3205 4913 3463 4980 πλείστην
3503 4909 3758 4976 συνειλη-

2185 5019 2292 5088 χὼς
2324 5019 2386 5067 ἐκ
2425 5011 2632 5065 πολλῶν
2679 5009 2784 5062 τῶν
2812 5007 3019 5078 χρόνων
3052 5005 3149 5074 τὴν
3182 5003 3401 5071 γνῶσιν
3438 4999 3632 5054 σαυτὸν
3664 4999 3759 5050 θε-

2189 5117 2479 5180 ραπεύσον·
2515 5103 2710 5156 σαυτὸν
2743 5101 2911 5153 ίασαι.
2951 5097 3214 5152 Ἐπίὀαλέ
3255 5113 3372 5158 σου,
3423 5090 3758 5162 παρακαλῶ,

2183 5204 2272 5260 τὸν
2305 5197 2575 5267 ὀφθαλμὸν
2599 5196 2698 5262 τῆς
2727 5192 2959 5254 διανοίας
2986 5194 3063 5252 είς
3093 5189 3191 5259 τὴν
3214 5192 3308 5256 τῆς
3353 5187 3582 5246 κτίσεως
3614 5183 3760 5235 θεω-

2191 5292 2326 5362 ρίαν·
2360 5287 2624 5356 ἔμὸλεψον
2677 5288 2756 5346 είς
2803 5284 3032 5354 ἀρχαίας
3065 5281 3278 5350 γενεάς,
3314 5278 3408 5331 ἀπ’
3435 5275 3597 5329 αὑτοῦ
3660 5273 3760 5326 τοῦ

2191 5382 2527 5448 προπάτορος
2558 5377 2715 5447 ἡμῶν
2745 5375 2934 5444 Ἀδάμο
2993 5377 3086 5428 καὶ
3124 5373 3199 5426 ἴδε
3225 5375 3319 5424 καὶ
3351 5369 3520 5439 γνῶθι
3552 5369 3634 5430 τίς
3674 5369 3763 5418 ὲν-

2059 5575 2279 5632 NOTAE.

615 5696 726 5763 (18)
759 5695 1096 5761 Σταυρακίῳ
1131 5694 1452 5760 Σπηθαρίῳ.
1489 5692 1650 5744 Forte
1680 5691 1724 5743 is
1769 5690 2087 5763 Stauracius

549 5762 823 5835 patricius,
872 5767 1067 5831 publici
1123 5781 1315 5816 rursus
1361 5764 1647 5830 logothcla,
1688 5763 1881 5828 dequo
1925 5762 2090 5812 multa

2201 5691 2339 5757 apud
2377 5686 2756 5754 Theophanem
2791 5685 2855 5737 ad
2888 5697 3088 5736 annum
3152 5681 3205 5735 ll
3262 5679 3444 5735 lrenes
3505 5690 3556 5733 et
3599 5681 3763 5736 dein-

2205 5775 2348 5825 reps.
