3914 6498
166 460 270 525 965

1399 466 1937 532 EPISTOLARUM
1975 477 2122 537 LIB.
2158 481 2206 539 Ι.

3323 477 3432 544 966

164 574 342 644 έμεινε
370 572 448 642 τῷ
473 572 629 627 αίῶνι
659 573 832 644 τούτῳ
860 574 936 636 εἰς
962 572 1072 640 φῶς
1101 571 1292 637 ἐλθὼν,
1317 575 1429 627 ἀλλ’
1457 577 1576 645 οὐχὶ
1595 577 1750 647 δίκην

1858 584 2186 654 deﬂoruerit,
2217 607 2279 644 ac
2314 606 2409 661 per
2431 600 2658 645 mortem
2677 591 3002 646 dessiccatus
3020 588 3091 643 sit
3120 605 3133 643 :
3171 599 3265 643 aut
3292 591 3435 645 sicut

164 666 548 724 ἀνατέλλοντος
576 664 772 735 χόρτου
801 666 994 718 θᾶττον
1023 664 1288 734 ἐξήνθησε
1329 668 1421 718 καὶ
1444 667 1747 738 ἀπεξηράν-

163 758 226 828 θη
251 759 343 812 διὰ
377 755 611 809 θανάτου
632 797 647 820 ,
680 757 712 827 ἢ
750 757 822 818 ὡς
851 758 908 808 ἐν
941 757 1172 827 ῥεύματι
1205 759 1515 828 ποταμιαίῳ
1538 800 1553 824 ,
1581 763 1662 813 ὅτι
1687 761 1747 813 τὸ

167 851 264 920 μὲν
314 848 608 917 ὑπεξῆλθε,
640 848 700 900 τὸ
727 847 782 900 δὲ
815 847 1155 917 ἀντεισῆλθε,
1196 847 1291 901 τοῦ
1324 850 1464 902 κατὰ
1495 851 1746 923 διαδοχὴν

163 941 351 1007 γένους
381 939 456 1010 μὴ
493 937 805 1007 ἱσταμένου,
838 937 973 990 ἀλλά
1001 941 1440 1011 παρατρέχοντος
1471 942 1592 995 καθ’
1619 943 1747 997 ἐκά-

166 1049 295 1101 στην
321 1032 556 1102 ἡμέραν·
592 1029 764 1092 οὕτως
790 1031 840 1081 οἱ
867 1031 1234 1099 γεννήσαντες
1279 1035 1406 1095 τοὺς
1444 1035 1593 1103 ἡμᾶς
1620 1052 1746 1102 γεν-

165 1126 453 1193 νήσαντας,
486 1124 580 1176 καὶ¹
611 1124 661 1175 οἱ
697 1124 920 1176 ἐκείνων
951 1124 1234 1194 ἀνώτεροι·
1283 1126 1377 1178 καὶ
1408 1127 1747 1192 ἀναποδίζων

165 1220 189 1269 ὁ
214 1216 375 1284 λόγος
406 1217 483 1280 είς
509 1216 608 1284 τὴν
635 1216 918 1284 καταρχὴν
952 1215 1248 1268 ἐλεύσεται·
1279 1218 1373 1268 καὶ
1401 1217 1607 1271 κατιὼν
1640 1221 1748 1273 πά-

165 1309 244 1361 λιν
276 1311 357 1372 είς
386 1310 486 1379 τὴν
519 1308 826 1361 συντέλειαν
861 1305 1016 1360 τοῦδε
1042 1307 1135 1359 τοῦ
1168 1309 1370 1372 παντὸς
1396 1315 1745 1380 καταντήσει.

165 1402 272 1456 Καὶ
301 1404 414 1456 οὐκ
453 1402 627 1454 ἐστιν
656 1400 722 1466 ὃς
757 1400 1014 1467 ζήσεται,
1044 1401 1186 1453 κατὰ
1225 1401 1284 1452 τὸ
1335 1404 1744 1471 γεγραμμένον,

166 1493 258 1544 καὶ
289 1494 402 1546 οὐκ
434 1493 645 1561 ὄψεται
675 1492 955 1545 θάνατον.
992 1492 1064 1544 Τὸ
1107 1491 1163 1544 δέ
1208 1493 1401 1561 παρὸν,
1436 1493 1748 1564 λειτουργία

167 1598 247 1644 τις
276 1581 635 1651 διωρισμένη,
665 1582 760 1633 καὶ
787 1583 1152 1652 πραγματεία
1177 1584 1499 1653 ἡμερήσιος·
1531 1587 1623 1637 καὶ
1649 1585 1747 1638 αύ-

166 1676 292 1728 τίκα
343 1677 426 1737 εἰς
477 1675 547 1729 τὰ
574 1676 748 1728 οἰκεῖα
790 1675 1161 1740 ἐπανέλευσις,
1215 1676 1318 1744 τῆς
1367 1676 1476 1729 τῶν
1517 1677 1746 1742 ἐνθένδε,

166 1761 330 1830 λέγω,
363 1763 500 1832 πρὸς
527 1764 593 1817 τά
626 1765 805 1816 ἐκεῖσε
839 1763 1212 1834 μεταϐάσεως.
1248 1767 1612 1837 Πατριάρχαι,
1655 1769 1748 1822 καὶ

168 1853 467 1923 παρῆλθον·
518 1856 831 1926 προφῆται,
874 1857 970 1909 καὶ
1031 1857 1322 1926 μετῆλθον·
1360 1860 1597 1930 πατέρες
1654 1861 1747 1913 καὶ

173 1942 430 2011 μητέρες,
461 1944 555 1995 καὶ
579 1944 930 2010 ἀπεγένοντο·
963 1946 1179 2014 ἀδελφοὶ
1207 1949 1299 2000 καὶ
1328 1949 1470 2017 φίλοι
1497 1952 1590 2004 καὶ
1616 1968 1748 2019 συγο
1784 1940 1822 1992 Β

168 2036 365 2100 γενεῖς,
400 2036 493 2086 καὶ
523 2036 892 2106 παρέδραμον.
927 2038 991 2089 Τί
1035 2038 1089 2091 δὲ
1129 2039 1404 2108 βασιλεῖς;
1457 2041 1509 2092 τί
1559 2041 1615 2094 δὲ
1654 2061 1749 2094 σα-

167 2127 411 2195 τράπαις
445 2127 498 2179 τί
528 2127 584 2179 δὲ
618 2128 905 2196 ἄρχοντες;
936 2129 988 2182 τί
1016 2129 1072 2182 δὲ
1107 2132 1259 2185 πᾶσα
1290 2133 1494 2203 ἡλικία,
1521 2135 1614 2186 καὶ
1641 2136 1748 2187 πᾶν

167 2219 323 2284 γένος
349 2216 639 2288 ἀνθρώπου
662 2236 676 2283 ;
708 2219 844 2287 Οὐχὶ
866 2219 1066 2282 πάντες
1097 2221 1201 2272 ὑπὸ
1229 2221 1334 2290 γῆν
1359 2223 1633 2289 γεγόνασι,
1657 2224 1749 2276 καὶ

168 2309 490 2377 γενήσονται
533 2309 728 2378 μικρὸν
771 2308 1013 2380 ’ὕστερον
1062 2312 1126 2363 ἐκ
1175 2312 1279 2381 γῆς
1331 2314 1559 2379 φύντες;
1606 2315 1749 2367 Ἀλλ’

169 2388 267 2448 ὦδε
303 2395 365 2448 τὸ
399 2395 752 2467 ζητούμενον·
792 2399 876 2452 ἵνα
905 2399 1083 2463 καλῶς
1105 2400 1173 2454 τὰ
1208 2402 1441 2456 ἐνταῦθα
1479 2404 1750 2474 ἀμείψαν-

168 2503 278 2550 τες,
312 2487 408 2539 καὶ
436 2487 571 2558 πρὸς
597 2488 658 2541 τὸ
691 2487 938 2559 βούλημα
973 2490 1067 2543 τοῦ
1101 2492 1462 2561 πεποιηκότος
1496 2493 1631 2546 Θεοῦ
1654 2497 1752 2563 ἐμ-

170 2580 641 2648 πολιτευσάμενοι,
692 2582 785 2662 τοῦ
820 2585 999 2635 ἐκεῖσε
1035 2583 1414 2652 φοϐερωτάτου
1464 2589 1751 2658 κριτηρίου

168 2673 265 2743 τὴν
314 2673 658 2742 παράστασιν
697 2675 1062 2745 ἀκατάκριτον
1122 2676 1464 2748 εὐρήσωμεν·
1519 2679 1652 2750 ὅπερ
1693 2683 1752 2732 τὸ

169 2763 439 2832 ὑμέτερον
496 2763 686 2816 τέκνον
734 2765 992 2832 ἀσφαλῶς
1040 2767 1134 2820 καὶ
1169 2767 1400 2837 βεϐαίως
1428 2767 1626 2839 εὕρατο
1660 2770 1754 2822 καὶ

169 2857 554 2927 ἐπιτετύχηκε.
592 2857 878 2928 Μακάριος
908 2857 1037 2929 γὰρ,
1083 2861 1266 2929 φησὶν,
1294 2863 1322 2915 ὁ
1370 2865 1428 2915 ὲν
1471 2867 1755 2934 γεννητοῖς

170 2947 449 3016 γυναικῶν
478 2947 766 3016 ὀλιγόϐιος,
811 2949 905 3001 καὶ
935 2949 992 3001 ὃν
1043 2951 1070 3002 ὁ
1107 2950 1310 3022 Κύριος
1343 2952 1624 3017 ἐξελέξατο
1660 2954 1754 3008 καὶ

173 3038 541 3110 προσελάϐετο
571 3041 629 3092 ἐν
660 3039 855 3113 πρώτῃ
905 3041 1110 3113 ἡλικίᾳ,
1147 3043 1222 3113 μὴ
1249 3045 1613 3113 πειρασθέντα
1645 3045 1754 3098 τῶν

174 3129 392 3201 πικρῶν
422 3131 839 3200 ἁμαρτημάτων
868 3125 961 3184 τοῦ
996 3133 1118 3202 τῇδε
1151 3133 1289 3202 βίου.

251 3223 477 3291 Ἐξὴλθε
517 3224 610 3275 καὶ
649 3222 889 3291 ἀπῆλθεν
928 3225 955 3276 ὁ
993 3224 1182 3294 κύριος
1227 3227 1537 3297 Σωτήριχος
1565 3246 1749 3300 φερω-

1849 678 1902 731 in
1935 678 2174 735 fluminis
2209 683 2392 751 lapsu,
2428 683 2554 752 quia
2592 698 2718 751 pars
2747 697 2851 734 una
2885 681 3135 745 recessit,
3177 682 3344 736 altera
3378 684 3432 736 in

1846 769 2024 824 locum
2097 775 2400 840 successit,
2448 790 2649 846 genere
2706 789 2806 843 per
2855 775 3258 828 successionem
3323 791 3432 828 non

1847 864 2211 930 subsistente,
2247 869 2340 922 sed
2389 884 2485 938 per
2524 867 2641 922 dies
2698 866 2943 936 singulos
2992 868 3432 936 praetervolante,

1846 954 1919 1008 ita
1970 956 2059 1024 qui
2099 959 2375 1028 genitores
2418 967 2635 1013 nostros
2684 967 3012 1028 genuerunt,
3077 965 3131 1011 et
3155 959 3239 1012 his
3269 973 3436 1026 supe»

1847 1046 2021 1102 riores
2051 1067 2065 1103 :
2116 1065 2445 1121 sursumque
2469 1052 2715 1122 relegens
2747 1048 2883 1103 ratio
2914 1048 2979 1101 ad
3010 1049 3227 1103 initium
3261 1065 3436 1117 usque

1846 1140 2146 1206 perveniet,
2200 1151 2254 1196 et
2283 1153 2473 1196 contra
2515 1142 2857 1196 descendens
2897 1142 2961 1194 ad
3005 1141 3241 1194 universi
3275 1139 3434 1192 ﬁnem

1849 1233 2252 1301 progredietur:
2286 1233 2349 1287 Et
2374 1251 2474 1287 non
2506 1243 2601 1295 est,
2626 1234 2715 1302 qui
2751 1235 2902 1296 vivet,
2935 1243 2994 1286 ut
3023 1234 3283 1301 scriptum
3309 1241 3393 1284 est
3417 1256 3431 1277 ν

1847 1329 1894 1373 et
1934 1338 2036 1374 non
2095 1323 2285 1376 videbit
2335 1338 2555 1377 mortem
2595 1323 2662 1376 εί.
2721 1321 2972 1376 Ρνεὲεθιιεὶ
3022 1338 3150 1376 vero
3217 1331 3430 1385 status,

1848 1428 2050 1466 munus
2097 1414 2368 1481 quoddam
2415 1424 2499 1469 est
2558 1414 2862 1477 definitum,
2913 1423 2968 1467 et
3007 1413 3113 1467 diei
3150 1413 3308 1466 unius
3333 1429 3431 1466 ne-

1850 1504 2107 1572 gotiatio:
2139 1513 2252 1559 tum
2279 1506 2475 1560 deinde
2505 1507 2687 1560 statim
2718 1506 2784 1560 ad
2816 1521 2908 1559 sua
2945 1505 3186 1570 reditus;
3224 1505 3291 1559 ab
3327 1505 3430 1567 his,

1851 1596 2091 1664 inquam,
2141 1597 2206 1649 ad
2238 1596 2324 1651 illa
2375 1597 2771 1668 commigratio.
2823 1597 3154 1651 Patriarcha:
3195 1597 3344 1661 olim,
3379 1607 3436 1650 et

1852 1687 2185 1743 transierunt
2230 1706 2243 1741 :
2303 1690 2620 1758 propheta},
2673 1699 2726 1744 et
2794 1691 3047 1744 abierunt
3091 1709 3104 1743 :
3149 1698 3328 1756 patres
3382 1697 3436 1742 et

1850 1785 2082 1841 matres,
2129 1788 2183 1832 et
2212 1794 2332 1833 esse
2365 1779 2677 1834 desierunt:
2731 1779 2926 1834 fratres
2954 1790 3007 1833 et
3032 1781 3186 1832 amici
3223 1789 3276 1832 et
3307 1795 3437 1846 pm-

1851 1869 2062 1938 pinqui,
2093 1881 2147 1924 et
2171 1873 2506 1940 praetervecti
2537 1881 2684 1926 sunt.
2716 1870 2854 1937 Quid
2896 1888 3058 1942 porro
3085 1888 3237 1940 reges
3260 1873 3281 1924 ?
3305 1872 3432 1940 quid

1853 1964 2122 2030 satrapae?
2147 1964 2276 2032 quid
2309 1964 2620 2032 principes?
2675 1965 2804 2032 quid
2835 1974 2963 2017 tetas
2988 1964 3169 2017 omnis
3193 1975 3246 2017 et
3273 1978 3436 2016 omne

1853 2066 2025 2119 genus
2052 2051 2377 2106 hominum?
2406 2053 2598 2107 Nonne
2625 2070 2815 2108 omnes
2844 2055 2945 2108 sub
2977 2064 3172 2107 terram
3214 2053 3436 2105 ierunt?

1852 2151 1908 2194 et
1961 2143 2122 2212 paulo
2153 2159 2274 2198 mox
2307 2144 2499 2207 ibunt,
2551 2161 2674 2200 cum
2706 2162 2768 2198 ex
2800 2155 2938 2199 terra
2987 2144 3088 2199 orti
3136 2145 3282 2198 sint?
3328 2145 3434 2198 Sed

1853 2234 1956 2288 hoc
2012 2233 2272 2288 nimirum
2325 2237 2575 2306 estquod
2635 2236 2935 2307 quaeritur;
2993 2246 3051 2289 ut
3078 2237 3217 2290 hanc
3270 2237 3434 2290 vitam

1853 2336 2002 2380 recte
2080 2331 2478 2398 transigentes,
2545 2337 2599 2382 et
2650 2345 2715 2383 ex
2765 2328 2858 2382 Dei
2911 2331 3208 2383 conditoris
3264 2329 3435 2383 nostri

1851 2415 2129 2470 voluntate
2201 2427 2626 2481 conversantes,
2675 2420 2814 2488 apud
2874 2419 3434 2474 formidolosissimum

1852 2508 1982 2562 illud
2031 2509 2265 2562 tribunal
2312 2510 2819 2585 condemnationem
2862 2512 3196 2567 declinemus
3234 2532 3245 2566 :
3293 2515 3435 2582 quod

1854 2598 1997 2653 ﬁlius
2030 2609 2213 2654 vester
2245 2601 2361 2655 sine
2385 2601 2551 2664 dubio
2578 2617 2640 2655 ac
2666 2603 2971 2657 certissime
2989 2614 3312 2659 consecutus
3333 2616 3433 2658 est.

1856 2689 2052 2743 Beatus
2104 2690 2274 2752 enim,
2324 2691 2418 2754 ait,
2460 2691 2613 2763 inter
2645 2699 2802 2744 natos
2846 2692 3173 2755 mulierum,
3215 2693 3299 2746 cui
3331 2693 3436 2745 vita

1855 2783 2037 2838 brevis
2070 2793 2174 2848 est,
2209 2793 2264 2838 et
2301 2799 2461 2859 quem
2499 2783 2756 2836 Dominus
2787 2784 2946 2854 elegit
2974 2794 3025 2837 et
3052 2786 3345 2854 assumpsit
3383 2786 3438 2838 in

1855 2876 2029 2945 prima
2075 2862 2443 2940 aatate,.‘nmi
2509 2882 2774 2929 tentatum
2832 2875 3029 2929 amaris
3095 2875 3258 2944 hujus
3313 2877 3438 2930 vita;

1855 2979 2118 3038 peccans.

1925 3222 2170 3278 Excessit
2193 3232 2247 3277 et
2288 3223 2418 3278 abiit
2445 3222 2696 3285 dominus
2727 3221 3067 3283 Soteriehus,
3107 3222 3313 3274 nomini
3341 3236 3439 3274 suo

170 3315 357 3386 νύμως
390 3317 447 3367 ἐν
475 3315 737 3385 σωτηρίᾳ·
767 3316 899 3386 ἤχου
922 3317 1286 3386 ἑορταζόντων
1312 3319 1752 3391 καταξιούμενος,

1861 3325 2242 3385 congruenter,
2273 3316 2326 3368 in
2354 3315 2528 3368 salute
2558 3332 2571 3378 ;
2606 3313 2800 3367 festum
2827 3313 2968 3366 diem
2996 3313 3272 3382 agentium
3305 3329 3440 3367 sono

172 3407 546 3475 ἀγαλλιάσεως
590 3406 978 3477 άνεκλαλήτου,
1033 3411 1482 3480 συναριθμήσεως
1531 3412 1750 3470 τῶνέν

174 3501 394 3561 κόλποις
425 3497 678 3567 Ἀϐραὰμ
705 3498 1131 3568 ἀναπαυομένων
1172 3500 1384 3571 βρεφῶν
1417 3502 1610 3571 ἁγίων·
1648 3514 1751 3574 μη-

175 3591 290 3644 κέτι
348 3589 616 3643 δουλεύων
650 3590 824 3661 φθορᾷ
875 3591 968 3643 καὶ
1028 3591 1212 3660 σαρκὶ,
1264 3593 1526 3665 ὰῖδιότητι
1557 3596 1748 3652 συνών.

189 3679 469 3733 Ἐντεῦθεν
494 3678 793 3746 βουλόμεθά
828 3695 886 3731 σε
925 3678 1221 3748 λαμϐάνειν
1250 3681 1347 3744 τὰς
1372 3683 1626 3752 ἀφορμὰς
1654 3685 1751 3755 τῆς

177 3769 544 3842 παρηγορίας,
580 3767 831 3821 ἐντεῦθεν
874 3769 971 3832 τὰς
1009 3770 1402 3842 παρακλήσεις.
1464 3774 1626 3826 Γενοῦ
1663 3776 1755 3843 δη·

181 3861 441 3932 μιουργὺς
496 3859 857 3930 εὐφροσύνης,
919 3859 1014 3912 καὶ
1071 3859 1413 3933 θεραπευτής
1472 3865 1533 3918 ού
1595 3867 1754 3935 μόνον

179 3952 398 4014 σαυτοῦ,
434 3951 570 4005 ἀλλὰ
622 3953 718 4006 καὶ
770 3951 870 4022 τῆς
913 3944 1110 4023 κυρίας
1157 3955 1256 4025 τῆς
1289 3956 1620 4026 σπαθαρίας,
1657 3961 1755 4029 τῆς

183 4043 416 4112 μάλιστα
448 4044 711 4115 δεομένης
740 4045 980 4115 ἰατρείας
1008 4046 1100 4100 καὶ
1134 4047 1549 4118 παρακλήσεως,
1580 4051 1668 4104 διὰ
1696 4053 1757 4105 τι

183 4137 376 4207 μικρὸν
402 4135 724 4206 περιπαθές·
749 4131 868 4189 εἶτα
901 4138 996 4191 καὶ
1025 4138 1132 4191 τῶν
1158 4138 1360 4193 λοιπῶν
1391 4141 1757 4213 διαφερόντων

184 4245 281 4281 σοι·
311 4229 388 4288 ὡς
413 4228 479 4282 ἂν
511 4227 727 4298 δειχθῇς
753 4229 822 4282 τὰ
849 4231 967 4282 θεῖα
999 4232 1450 4302 πεπαιδευμένος,
1475 4237 1568 4288 καὶ
1619 4237 1756 4290 Θεοῦ

181 4320 327 4389 νόμῳ
357 4318 750 4388 κρατούμενος·
781 4321 874 4372 καὶ
901 4320 1056 4383 εἰδὼς
1080 4322 1181 4374 ποῦ
1218 4340 1346 4375 ποτε
1377 4324 1542 4395 ἀπῄει
1572 4329 1598 4378 ὁ
1627 4327 1758 4396 μεθ-

184 4415 470 4481 ιστάμενος
571 4411 663 4467 καὶ
717 4412 955 4482 μάλιστα
1003 4415 1096 4466 ἐπὶ
1144 4416 1238 4468 τοῦ
1272 4415 1364 4469 σοῦ
1425 4418 1759 4486 γλυκυτάτου

181 4507 393 4558 τέκνου·
434 4506 516 4557 ὅτι
561 4505 662 4556 οὐκ
694 4505 775 4567 είς
813 4504 1063 4570 θάνατον,
1087 4507 1208 4560 οὐδὲ
1243 4509 1320 4572 είς
1351 4509 1410 4562 τὸ
1437 4509 1512 4582 μὴ
1542 4511 1622 4576 ὃν,
1647 4513 1760 4564 ἀλλ’

183 4597 256 4658 εἰς
294 4597 442 4668 ζωὴν
489 4596 727 4660 αἰώνιον,
757 4596 851 4650 καὶ
879 4600 957 4661 είς
988 4599 1121 4652 Θεὸν
1153 4600 1246 4655 τὸν
1279 4600 1348 4654 τὰ
1387 4605 1568 4657 πάντα
1607 4606 1762 4674 ποιή-

188 4703 372 4742 σαντα·
404 4689 501 4742 καὶ
533 4688 608 4752 ὠς
639 4688 704 4741 ἂν
737 4690 1156 4760 παραδειχθείης
1212 4693 1476 4762 πατράσι,
1501 4695 1596 4746 καὶ
1627 4697 1759 4747 πᾶσι

186 4786 286 4846 τοῖς
309 4784 610 4854 γνωρίμοις
632 4783 726 4836 καὶ
751 4785 1186 4853 συνειλεγμένοις
1215 4787 1272 4838 ἐν
1299 4789 1363 4857 τῇ
1389 4787 1594 4858 κηδείᾳ,
1633 4789 1761 4841 ὑπό-

187 4873 380 4944 δειγμα
411 4873 597 4954 καλὸν,
623 4875 739 4943 μετ’
757 4876 1109 4946 εὐχαριστίας
1132 4877 1224 4928 καὶ
1258 4878 1615 4949 σωφροσύνης
1649 4880 1761 4932 δια-

189 4966 368 5036 φέρειν
403 4965 502 5028 τὰς
531 4965 640 5018 τῶν
667 4967 870 5020 τέκνων
898 4967 1188 5033 ἀποϐολάς,
1221 4971 1314 5021 καὶ
1349 4970 1424 5040 μὴ
1447 4972 1763 5025 ἀντιτείνειν

190 5056 316 5110 Θεοῦ
344 5059 458 5120 τοῖς
491 5059 930 5128 προστάγμασιν.

209 5175 300 5226 ιθυ.
346 5201 419 5214 ——
447 5177 604 5242 Πρὸ-ς
661 5175 725 5227 τὸ
761 5175 1108 5317 κοινῗξνήοῦ
1139 5177 1294 5229 λαοῦ
1337 5174 1759 5243 Ἀγησάρχου.

920 5259 976 5309 λς
1001 5287 1014 5299 .

920 5259 1014 5309 Λζ.

1854 3408 2047 3478 dignus
2080 3408 2318 3472 habitus,
2361 3407 2721 3461 exsultatione
2751 3405 3140 3474 inexplicabili,
3178 3421 3440 3476 aggrega-

1853 3505 1941 3550 tus
1970 3499 2036 3552 ad
2065 3499 2410 3567 quiescentes
2438 3482 2504 3564 in
2524 3497 2751 3550 Abrahae
2774 3497 2893 3549 sinu
2928 3500 3146 3548 sa‘nctos
3173 3495 3438 3560 infantes,

1853 3591 2001 3644 carni
2032 3597 2085 3643 et
2137 3590 2468 3659 carruptioni
2513 3605 2619 3643 non
2656 3589 2887 3658 amplius
2938 3589 3204 3651 serviens,
3260 3588 3443 3641 fruens

1853 3681 2178 3735 aeternitate.
2230 3681 2365 3734 llinc
2398 3691 2711 3750 argumenta
2749 3681 3156 3743 consolationis,
3187 3681 3317 3734 hinc
3342 3679 3438 3733 do-

1854 3772 1983 3826 loris
2004 3773 2305 3826 levamenta
2333 3787 2525 3840 capere
2545 3780 2594 3824 te
2611 3771 2874 3823 volumus.
2893 3773 3093 3824 Auctor
3113 3780 3228 3824 esto
3244 3771 3445 3826 laetitiae

1855 3872 1910 3917 et
1939 3872 2176 3928 curator,
2201 3879 2306 3915 non
2337 3865 2407 3916 tui
2435 3863 2613 3925 modo,
2639 3862 2729 3916 sed
2760 3862 2993 3916 dominae
3057 3878 3272 3931 quoque
3317 3879 3445 3931 spa-

1858 3956 2064 4019 tharize,
2096 3971 2215 4024 quze
2245 3957 2526 4008 curatione
2584 3963 2636 4008 et
2679 3954 2870 4008 solatio
2902 3955 2970 4007 ob
3011 3955 3256 4020 exiguam
3309 3955 3444 4007 tole-

1858 4047 2090 4099 rautiam
2126 4045 2415 4115 plurimum
2447 4052 2604 4114 eget;
2637 4058 2700 4096 ac
2741 4043 3074 4111 reliquorum
3117 4041 3315 4094 deinde
3347 4040 3442 4093 tibi

1858 4138 2274 4206 coniunctorum
2312 4154 2324 4190 :
2374 4151 2443 4190 ne
2494 4136 2750 4190 ostendas
2809 4144 2860 4188 te
2895 4134 3093 4188 divinis
3129 4133 3443 4193 imbutum,

1860 4229 2064 4299 Deique
2099 4229 2201 4299 legi
2231 4229 2618 4296 obsequentem
2650 4244 2663 4288 ;
2691 4241 2791 4280 nec
2811 4225 3056 4296 ignarum
3083 4240 3190 4293 quo
3227 4224 3445 4277 tandem

1862 4322 2066 4376 abierit
2094 4321 2183 4392 qui
2215 4320 2465 4391 migravit
2495 4338 2508 4385 ;
2533 4335 2595 4372 ac
2620 4329 2745 4372 tuus
2767 4318 3069 4387 praesertim
3099 4314 3448 4370 dulcissimus

1862 4414 2046 4478 ﬁlius;
2077 4413 2218 4483 quod
2247 4429 2357 4466 non
2405 4413 2472 4466 ad
2517 4422 2744 4466 mortem
2775 4450 2789 4473 ,
2845 4425 3021 4477 neque
3072 4408 3137 4461 ad
3193 4406 3445 4469 nihilum,

1861 4506 1954 4560 sed
1985 4506 2049 4560 ad
2081 4506 2242 4560 vitam
2277 4506 2684 4573 sempiternam,
2723 4511 2777 4555 et
2805 4503 2871 4555 ad
2905 4500 3072 4554 Deum
3117 4500 3209 4568 qui
3264 4497 3445 4551 omnia

1865 4598 2068 4654 ereavit
2096 4615 2108 4649 :
2135 4606 2296 4666 atque
2333 4605 2392 4650 ut
2419 4597 2622 4650 eximio
2660 4595 2923 4664 patribus,
2968 4593 3217 4661 notisque
3268 4589 3448 4643 omni-

1797 4681 1837 4734 Ι)
1866 4693 1967 4746 bus
1997 4690 2200 4745 funeris
2240 4705 2399 4743 causa
2437 4689 2751 4743 convocatis
2805 4687 2879 4740 sis
2911 4684 3183 4752 exemplo,
3238 4693 3292 4735 ul
3323 4697 3448 4734 cum

1869 4783 2160 4854 gratiarum
2191 4782 2408 4835 actione
2434 4788 2489 4834 et
2527 4780 2806 4833 moderate
2845 4778 3140 4832 liberorum
3177 4774 3451 4829 orbitates

1871 4873 2066 4938 ferant,
2102 4873 2406 4942 divinisque
2434 4871 2678 4941 imperiis
2709 4887 2814 4924 non
2841 4876 3166 4940 repugnent.

1975 5187 2116 5240 ΧΙΧ.
2141 5217 2204 5226 —-
2229 5185 2501 5239 Communi
2556 5184 2734 5253 populi
2765 5180 3179 5235 Amisere/tensis
3205 5181 3269 5231 ⁵⁸.

1229 5363 1305 5414 De
1335 5364 1577 5413 Marciano
1601 5371 1818 5426 apostala
1838 5369 1921 5429 qui
1939 5367 1994 5414 ad
2016 5379 2102 5416 eos
2119 5368 2398 5417 dlverterat.

260 5468 569 5537 Γραμματα
602 5467 898 5537 ἐδεξάμεθα
936 5469 1087 5540 παρὰ
1125 5473 1222 5540 τῆς
1255 5475 1567 5541 τιμιότητος
1617 5472 1770 5540 ὑμῶν

199 5557 441 5624 περὶ-τοῦ
483 5557 728 5626 μαθητοῦ
763 5557 939 5628 ἡμῶν,
968 5559 1061 5610 τοῦ
1114 5559 1278 5612 πάλαι
1334 5560 1767 5630 ἀποδράσαντος,

201 5651 289 5700 καὶ
314 5650 372 5700 ἐν
405 5651 515 5712 τοῖς
548 5649 752 5712 αὐτόθι,
782 5651 882 5702 οὐκ
910 5648 1189 5715 οἷδ’ὃπως,
1212 5649 1421 5721 ἀμαθίᾳ
1454 5652 1544 5703 καὶ
1563 5652 1772 5705 ἀνοσιό-

205 5757 320 5809 τητι
360 5741 808 5812 προσδεχθέντος,
841 5743 935 5795 καὶ
985 5744 1041 5796 ἐν
1085 5744 1164 5795 ἐνὶ
1204 5744 1383 5812 ἄντρῳ
1436 5745 1555 5796 om
1610 5763 1770 5813 μονα-

285 5899 323 5928 ³¹
366 5900 501 5953 Psal.
541 5913 793 5965 LXXXVIII,
828 5902 912 5955 49.
963 5903 1034 5954 .“
1079 5899 1136 5954 l".
1179 5901 1538 5954 Aulisarensis

1945 5475 2178 5529 Litteras
2209 5473 2572 5528 venerationis
2607 5482 2796 5528 vestrae
2827 5471 3135 5540 accepimus
3183 5467 3250 5521 de
3283 5465 3450 5519 disci-

1872 5568 2001 5635 pulo
2039 5575 2243 5630 nostro,
2283 5568 2375 5636 qui
2414 5568 2681 5636 quondam
2717 5564 2940 5634 aufugit,
2988 5562 3124 5615 etin
3158 5557 3276 5611 istis
3319 5555 3450 5620 oris,

1874 5659 2064 5712 nescio
2096 5675 2204 5728 quo
2235 5668 2395 5728 pacto
2424 5701 2439 5724 ,
2481 5674 2575 5728 per
2623 5657 2948 5726 imperitiam
2984 5662 3037 5705 et
3081 5650 3232 5703 nefas
3297 5662 3454 5700 rece-

1875 5759 2018 5818 ptus,
2055 5751 2106 5804 iu
2133 5759 2288 5803 antro
2310 5749 2561 5819 quodam,
2587 5765 2693 5802 non
2736 5744 3145 5807 monasterium,
3173 5740 3264 5795 sed
3291 5738 3452 5794 vitio-
