3914 6440
478 393 581 458 967

1668 398 1726 455 5.
1757 397 2148 457 Tl-IEODORI
2181 399 2526 460 STUDITE

3644 404 3747 469 968

479 526 597 564 rum
639 509 952 578 speluncam
994 507 1281 571 exstruxit,
1321 518 1376 560 ut
1409 507 1552 563 hunc
1588 509 1867 562 absolvere
1923 509 2057 562 veli-

2187 511 2404 581 πτήριον,
2427 512 2564 566 ἀλλά
2601 513 2893 584 λῃστήριον
2946 514 3134 568 παθῶν
3177 517 3635 587 ἀναδειμαμένου·
3662 521 3748 575 ἴνα

479 618 620 656 tuus.
653 599 717 654 Et
744 600 926 654 brevis
952 609 1036 654 est
1061 603 1361 669 responsio.
1418 600 1719 655 Marcianus
1753 601 2054 670 discipulus

480 705 687 759 noster,
725 696 899 750 donec
925 695 994 748 ad
1039 693 1425 747 monasterium
1449 709 1608 747 suum
1646 694 1849 758 redeat,
1875 695 1928 746 in
1964 709 2072 762 quo

483 787 906 842 renuntiationis
955 802 1066 840 suae
1123 795 1275 855 pacta
1315 787 1421 839 Deo
1451 795 1589 840 teste
1617 785 1838 856 pepigit,
1879 786 2073 856 ligatus

482 883 875 948 damnatusque
907 879 1166 942 manebit,
1208 886 1262 931 et
1292 877 1711 942 communione,
1739 879 1891 947 juxta
1934 877 2074 931 divi-

483 988 584 1028 nos
605 989 739 1041 quos
760 972 979 1041 scripsit
995 985 1250 1030 canones,
1273 971 1544 1039 indignus.
1563 971 1680 1024 Non
1705 969 1848 1023 enim
1870 985 1898 1022 a
1917 968 2074 1024 nobis

487 1068 750 1120 intentata
767 1076 850 1118 est
874 1063 1241 1125 comminatio,
1267 1062 1362 1116 sed
1385 1078 1413 1115 a
1442 1061 1695 1115 Palribus
1740 1060 1829 1114 Dei
1867 1060 2070 1129 Spiritu

484 1161 698 1214 amatis.
719 1160 888 1228 llujus
911 1172 1041 1228 ergo
1064 1157 1291 1211 salutem
1315 1155 1358 1210 si
1382 1156 1595 1217 amatis,
1615 1152 1906 1210 hortamini
1932 1161 1991 1207 ut
2007 1152 2074 1206 ad

486 1269 581 1306 sua
606 1253 806 1305 redeat.
831 1248 1000 1314 Quem
1025 1263 1125 1301 nos
1146 1246 1468 1316 paenitentia
1491 1246 1735 1308 ductum,
1767 1258 2074 1297 reversum-

485 1357 591 1409 que
615 1338 855 1409 paternis
907 1337 1206 1390 visceribus
1234 1335 1483 1402 excipere
1511 1333 1679 1403 parati
1711 1347 1919 1394 sumus,
1954 1347 2074 1384 om-

488 1435 747 1499 niumque
776 1438 1079 1483 erratorum
1099 1427 1311 1481 veniam
1338 1425 1412 1478 illi
1428 1425 1576 1479 dare.
1597 1423 2066 1489 Quemadmodum

487 1526 631 1582 enim
667 1524 780 1578 ﬁeri
801 1539 908 1575 non
929 1529 1126 1590 potest,
1157 1519 1285 1587 quin
1309 1518 1428 1571 ovis
1457 1533 1486 1571 a
1509 1516 1733 1570 mandra
1764 1531 1860 1570 sua
1888 1515 2075 1568 avulsa

487 1627 542 1672 et
567 1618 823 1670 aberrans
846 1612 1080 1667 ferarum
1117 1611 1310 1681 praedae
1332 1609 1672 1677 subjiciatur,
1731 1607 1810 1662 sic
1840 1623 1870 1661 a
1892 1621 2078 1660 mona-

489 1709 658 1763 sterio
683 1705 892 1760 nefarie
937 1705 1242 1775 digressum
1267 1718 1360 1756 sua
1385 1709 1671 1772 sponte,et
1698 1700 1752 1753 in
1774 1700 1892 1754 loco
1914 1715 2075 1768 quem

489 1802 754 1854 Dominus
801 1815 908 1853 non
936 1797 1127 1868 aspicit
1157 1796 1505 1856 residentem,
1533 1810 1563 1849 a
1587 1792 1926 1849 daemonibus
1952 1792 2072 1861 capi

490 1909 715 1948 necesse
740 1903 844 1947 est.
878 1891 1024 1946 lllius
1047 1907 1175 1961 ergo
1211 1889 1341 1944 cella
1376 1889 1684 1943 daemonum
1715 1897 1800 1943 est
1842 1887 2070 1951 latebra,
2107 1871 2147 1926 Β

489 1984 734 2049 decipula
764 1983 1088 2040 animarum.
1119 1981 1304 2036 schola
1327 1980 1635 2041 mulierum,
1658 1979 1838 2034 omnis
1880 1978 2072 2046 nequi-

490 2077 579 2130 tiae
616 2075 825 2130 oﬂicina
859 2093 871 2128 :
901 2073 1238 2144 quibuslibet
1273 2073 1453 2126 verbis
1481 2072 1747 2135 modisve,
1783 2080 1875 2124 aut
1927 2070 2067 2139 ipse.

491 2178 587 2223 aut
616 2184 734 2231 vos,
791 2184 912 2238 qum
961 2167 1106 2220 dicta
1159 2175 1323 2230 sunt,
1364 2165 1708 2220 dissimulare
1777 2161 2068 2218 conemini.

491 2262 670 2328 Quare
701 2261 744 2314 si
765 2261 1103 2329 obtemperet
1125 2267 1178 2312 et
1208 2257 1614 2326 obtemperetis,
1650 2256 1904 2325 praeclare
1947 2270 2070 2307 cum

491 2353 737 2422 utrisque
777 2360 985 2421 agetur,
1033 2358 1092 2404 ut
1124 2350 1361 2403 divinam
1401 2349 1825 2418 indignationem
1880 2345 2082 2399 minas.

492 2460 599 2511 que
646 2443 889 2497 evadatis
923 2459 936 2494 :
968 2441 1049 2494 sin
1105 2441 1286 2493 minus
1314 2480 1327 2500 ,
1366 2439 1683 2508 pervicacia:
1730 2448 1922 2491 vestr-aa
1970 2436 2084 2489 fru-

493 2546 614 2589 ctus
634 2535 702 2587 ob
721 2535 909 2588 oculos
935 2534 1192 2586 cernetis.
1222 2530 1546 2584 Benedictus
1573 2539 1754 2582 autem
1789 2543 1818 2582 a
1851 2527 2082 2582 Domino

494 2626 872 2681 sanctissimus
906 2625 1218 2692 episcopus,
1257 2623 1347 2691 qui
1385 2623 1530 2691 leges
1559 2621 1835 2680 observat,
1867 2628 1923 2673 et
1972 2617 2078 2671 im—

496 2721 644 2789 pium
685 2719 872 2789 procul
906 2726 1072 2772 arcet.
1129 2716 1312 2784 Neque
1373 2714 1517 2767 enim
1569 2711 1914 2766 ordinatione
1973 2710 2080 2763 ullo

497 2813 657 2866 modo
691 2812 884 2881 dignus
918 2818 1021 2874 est,
1060 2807 1311 2878 quamvis
1345 2807 1450 2860 huc
1481 2813 1808 2858 revertatur.
1844 2803 2079 2871 Perspe-

496 2915 579 2957 cta
618 2903 764 2957 enim
792 2902 923 2956 mihi
958 2899 1075 2966 ejus
1104 2909 1232 2952 sunt
1272 2897 1476 2960 omnia,
1527 2910 1690 2965 supra
1739 2907 1899 2964 quam
1950 2891 2079 2961 ipsi,

498 3005 558 3048 ut
599 2994 690 3063 qui
735 2993 852 3061 ejus
888 3001 1041 3061 pater
1067 2990 1283 3044 luerim.

2171 602 2363 655 τοῦτον
2397 603 2601 664 λύσεως
2645 605 2986 674 ἀξιώσωμεν.
3021 608 3129 660 Καὶ
3159 608 3422 678 σύντομος
3456 611 3488 680 ἡ
3524 613 3753 680 ἀπόκρι-

2175 713 2279 758 σις.
2321 696 2636 768 Μαρκιανὸς
2669 699 2697 750 ό
2731 697 2978 768 μαθητὴς
3012 698 3170 767 ἡμῶν
3200 699 3306 763 ἕως
3335 701 3401 754 ἂν
3432 703 3752 772 ὑποστρέψῃ

2175 788 2231 840 ἐν
2263 788 2339 857 τῷ
2373 789 2560 859 οἰκείῳ
2597 791 2965 860 μοναστηρίῳ,
3007 792 3064 844 ἐν
3092 786 3135 858 ᾧ
3166 792 3264 855 τάς
3295 795 3573 863 συνθήκας
3604 796 3752 847 ἔθετο

2175 879 2281 931 ὑπὸ
2326 881 2562 950 μάρτυρι
2605 879 2723 950 Θεῷ
2752 881 2850 950 τῆς
2880 882 3159 951 ἀποταγῆς
3191 883 3379 946 αὑτοῦ,
3428 884 3583 938 ἔσται
3613 885 3753 938 δεδε-

2178 969 2337 1039 μένος
2388 971 2478 1024 καὶ
2529 972 2999 1042 κατακεκριμένος
3048 973 3140 1024 καὶ
3183 973 3399 1039 ἀνάξιος
3431 974 3532 1042 τῆς
3562 991 3752 1027 κοινω·

2175 1062 2314 1127 νίας,
2347 1063 2468 1116 καθ’
2507 1061 2602 1126 οὓς
2641 1063 2847 1134 ἔγραψε
2897 1063 3314 1128 θεοκελεύστους
3367 1066 3626 1127 κανόνας.
3677 1068 3754 1120 θύ

2175 1154 2281 1225 γάρ
2332 1154 2392 1218 ἐξ
2431 1155 2588 1224 ἡμῶν
2640 1157 2673 1226 ὴ
2733 1155 3098 1227 ἀπηρτημένη
3129 1157 3352 1227 ἀπειλὴ,
3382 1156 3498 1209 ἀλλ’
3543 1159 3611 1211 ἐκ
3641 1158 3758 1211 θεο-

2175 1246 2454 1299 πνεύστων
2502 1247 2780 1316 Πατέρων.
2835 1248 3036 1301 Τοῦτον
3085 1249 3265 1302 τοίνυν
3310 1251 3470 1320 εῐπερ
3501 1251 3756 1318 ἀγαπᾶτε

2177 1337 2467 1402 σώζεσθαι.
2484 1339 2844 1408 νουθετήσατε
2868 1339 3338 1412 ἀνθυπονοστῆσαι
3363 1342 3443 1404 είς
3463 1341 3534 1395 τά
3558 1344 3755 1398 οἰκεῖα.

2182 1433 2278 1483 Ὃν
2308 1433 2472 1501 ἡμεῖς
2500 1433 2960 1503 μεταμελόμενον,
2987 1435 3081 1488 καὶ
3109 1435 3540 1506 ὑποστρέφοντα,
3562 1455 3758 1506 πατρι-

2175 1526 2291 1587 κοῖς
2334 1524 2660 1594 σπλάγχνοις
2705 1525 2913 1594 ἕτοιμοί
2965 1526 3133 1596 ἐσμεν
3197 1525 3560 1590 ὑποδέξασθαι
3588 1568 3602 1588 ,
3661 1529 3758 1580 καὶ

2177 1614 2529 1685 συγχωρῆσαι
2563 1615 2739 1668 πάντα
2773 1615 2844 1668 τὰ
2894 1617 3260 1688 ἡμαρτημένα
3289 1616 3458 1686 αὐτῷ.
3509 1617 3601 1680 Ὠς
3647 1618 3758 1687 γάρ

2175 1709 2273 1760 οὑκ
2296 1707 2410 1760 ἐστι
2443 1706 2715 1777 πρόϐατον
2743 1709 2806 1761 ἐκ
2829 1710 2924 1778 τῆς
2953 1708 3087 1771 ίδίας
3111 1708 3353 1778 μάνδρας
3375 1709 3757 1762 ἀποσπασθὲν.

2177 1801 2269 1852 καὶ
2320 1797 2727 1868 ἀποπλανηθέν,
2776 1800 2850 1869 μὴ
2906 1799 3241 1870 θηριάλωτον
3273 1799 3549 1867 γενέσθαι’
3578 1799 3758 1864 οὕτως

2177 1895 2268 1948 τὸν
2298 1893 2404 1947 ἀπὸ
2436 1893 2804 1964 μοναστηρίου
2855 1895 3208 1964 ἐξερχόμενον
3241 1894 3460 1964 ἀνόμως
3488 1895 3546 1946 ἐν
3575 1894 3654 1962 τῷ
3684 1897 3763 1948 oi-

2179 1987 2310 2057 κείῳ
2337 1987 2600 2056 θελήματι
2640 1986 2736 2039 καὶ
2771 1986 2827 2038 ἐν
2869 1986 3022 2057 τύπῳ
3044 1980 3104 2041 οὗ
3135 1988 3235 2040 οὑκ
3259 1989 3551 2040 ἐπισκοπεῖ
3575 1988 3604 2040 ὁ
3647 1987 3762 2040 Κύ-

2182 2098 2292 2152 ριος
2321 2079 2705 2148 καθεζόμενον,
2737 2077 2810 2149 μὴ
2846 2079 2952 2131 ὑπὸ
2997 2079 3266 2148 δαιμόνων
3298 2079 3521 2133 ἁλῶναι.
3565 2078 3640 2131 Τὸ
3669 2074 3764 2132 οὖν

2179 2172 2388 2225 κελλίον
2417 2169 2606 2233 αὑτοῦ,
2655 2169 2858 2236 φωλεός
2899 2170 3015 2221 ἐστι
3046 2167 3339 2239 δαιμόνων,
3371 2168 3764 2238 ἀγρευτῆριον,

2178 2262 2385 2333 ψυχῶν,
2421 2260 2809 2330 παιδευτήριον
2837 2259 3136 2325 γυναικῶν,
3169 2260 3352 2330 πάσης
3397 2259 3632 2328 ἀνομίας
3672 2260 3768 2328 ἐρ-

2179 2357 2493 2426 γαστήριον·
2525 2357 2628 2408 κᾶν
2661 2353 2866 2416 ὁποίοις
2897 2351 2962 2405 ἂν
2993 2352 3175 2420 λόγοις
3205 2353 3300 2405 καὶ
3327 2353 3576 2422 τρόποις,
3604 2351 3637 2422 ἢ
3669 2351 3768 2404 αύ-

2176 2449 2270 2511 τὸς
2315 2449 2347 2520 ἢ
2405 2448 2561 2516 ὑμεῖς
2619 2443 2926 2515 μεθοδεύειν
2958 2442 3223 2513 πειρᾶσθε
3260 2441 3329 2495 τά
3368 2441 3661 2512 λεγόμενα.
3704 2439 3767 2492 El

2177 2538 2273 2593 οὖν
2303 2538 2570 2591 ὑπακούει
2615 2535 2706 2588 καὶ
2756 2532 3082 2598 ὑπακούετε,
3111 2528 3168 2586 εὖ
3203 2532 3268 2586 ἂν
3294 2533 3406 2602 ἔχοι
3432 2530 3767 2599 ἀμφοτέροις

2186 2631 2415 2702 φυγοῦσι
2450 2630 2546 2692 τὰς
2577 2627 2728 2690 θείας
2775 2625 2946 2698 ὀργὰς
3003 2625 3098 2678 καὶ
3127 2624 3372 2686 ἀπειλάς
3406 2623 3454 2674 εί
3478 2620 3534 2672 δὲ
3566 2621 3641 2691 μή
3682 2637 3766 2686 γε,

2187 2723 2381 2795 ὖψεσθε
2413 2721 2672 2774 ἀπέναντι
2706 2720 2813 2772 τῶν
2847 2717 3140 2787 ὀφθαλμῶν
3165 2717 3316 2786 ὑμῶν
3342 2717 3467 2778 τοὺς
3496 2717 3598 2785 τῆς
3625 2731 3768 2782 παρ-

2185 2815 2356 2885 ακοῆς
2404 2812 2558 2884 ὑμῶν
2614 2810 2879 2881 καρπούς.
2921 2811 2979 2862 '0
3012 2811 3069 2862 δέ
3110 2807 3408 2875 ἀγιὼτατος
3467 2805 3770 2864 ἐπίσκοπος

2189 2905 2554 2976 εὐλογημένος
2583 2904 2730 2956 ἐστὶν
2785 2902 2888 2954 ὑπὸ
2920 2899 3147 2968 Κυρίου,
3177 2895 3359 2968 τηρῶν
3391 2896 3516 2958 τοὺς
3545 2895 3767 2965 νόμους,

2194 3000 2288 3053 καὶ
2316 2999 2405 3050 τὸν
2437 2997 2648 3052 ἀνόσιον
2677 2995 2864 3065 πόρρω
2897 3010 2998 3046 που
3018 2991 3250 3044 διώκων.
3283 2989 3356 3042 Οὐ
3381 2989 3489 3059 γάρ
3531 3003 3772 3059 χειροτο-

504 3110 622 3171 νίας
649 3108 797 3173 ἄξιος
825 3107 886 3161 τὸ
917 3105 1170 3170 καθόλου,
1200 3105 1305 3160 κᾶν
1336 3101 1569 3158 ἐνταῦθα
1597 3097 1932 3171 ὑποστρέψῃ.
1958 3092 2089 3150 Οἶδα
2125 3100 2232 3163 γὰρ
2263 3095 2328 3147 τὰ
2393 3091 2558 3145 αὑτοῦ
2623 3091 2758 3160 ὑπὲρ
2802 3089 3010 3141 ἐκεῖνον
3040 3085 3226 3150 αὐτὸν,
3258 3084 3442 3156 πατὴρ
3477 3081 3647 3136 αὑτοῦ
3679 3097 3772 3150 γε-

499 3204 694 3269 γονώς.

813 3315 932 3367 XX.
955 3343 1023 3353 --
1047 3312 1309 3382 Pinttphio
1343 3319 1392 3367 et
1441 3308 1585 3363 Mari
1611 3308 1764 3376 ﬁliis.

2289 3297 2371 3349 ις’.
2407 3293 2795 3360 -Πινουςοίῳ
2830 3291 2928 3345 καὶ
2959 3288 3130 3358 Μάοῃ
3161 3287 3415 3351 τέκνοις.
3452 3281 3616 3357 [λη’.]

1548 3425 1611 3476 Ut
1632 3425 1845 3475 redeant
1863 3421 1924 3473 ad
1953 3410 2307 3469 monasterium
2329 3412 2461 3461 unde
2482 3409 2793 3471 aufugerant.

576 3543 872 3601 Consilium
908 3550 1026 3594 erat
1070 3539 1135 3593 ad
1191 3552 1289 3592 vos
1339 3551 1449 3591 non
1486 3536 1754 3600 scribere,
1797 3539 2084 3604 propterea

2262 3524 2376 3578 Οὐκ
2396 3520 2695 3590 ἐϐουλόμην
2728 3519 2856 3587 ὑμῖν
2887 3516 3212 3582 ἐπιστεῖλαι,
3241 3515 3331 3570 διὰ
3361 3515 3423 3568 τὸ
3449 3514 3519 3568 τά
3543 3516 3776 3586 δεύτερα

501 3639 646 3710 quod
679 3635 931 3691 secundm
979 3633 1176 3686 litterae
1228 3637 1422 3686 vestrae
1479 3644 1602 3683 cum
1651 3626 1923 3698 prioribus
1975 3637 2086 3677 non

503 3729 938 3788 consentiebant.
975 3725 1188 3779 Priores
1209 3723 1430 3793 quidem
1466 3720 1769 3776 celerrima:
1811 3717 2087 3788 poeniten-

507 3826 597 3879 tiae
672 3822 988 3887 reditusque
1037 3817 1103 3871 ab
1142 3831 1242 3869 nos
1284 3815 1636 3884 sponsionem
1695 3809 2088 3871 continebant;

505 3913 844 3984 posteriores
887 3923 1019 3962 vero
1075 3907 1320 3960 abnuere
1364 3918 1461 3958 vos
1509 3911 1565 3957 et
1598 3916 1853 3955 recusare
1902 3908 2092 3952 osten-

506 4005 664 4058 dunt.
723 4003 903 4069 Atque
959 3999 1063 4052 hoc
1123 4006 1180 4050 ct
1223 3994 1352 4049 illud
1412 3994 1691 4048 causando
1749 3989 2088 4061 praetexitis.

507 4111 610 4152 nec
665 4093 849 4164 potius
901 4104 1143 4145 errorem
1195 4097 1439 4143 vestrum
1488 4084 1733 4139 veritatis
1794 4082 1976 4137 studio
2015 4080 2092 4134 fa-

508 4186 719 4251 temini,
782 4184 975 4238 flentes
1018 4196 1081 4236 ac
1126 4179 1374 4235 dolentes
1430 4177 1501 4232 ob
1542 4192 1603 4231 ea
1637 4190 1756 4245 qua:
1803 4187 2090 4244 perperam

509 4275 878 4333 commisistis.
903 4272 959 4326 Si
988 4287 1117 4341 ergo
1142 4286 1240 4324 vos
1263 4268 1512 4340 pcnnitet,
1544 4265 1853 4335 residetque
1903 4265 1955 4317 in
1995 4279 2093 4317 vo-

509 4371 593 4424 bis
623 4366 854 4424 scintilla
917 4363 1128 4417 timoris
1158 4361 1274 4425 Dei,
1322 4361 1570 4414 excitans
1604 4358 1769 4412 corda
1821 4364 2000 4410 vestra
2026 4355 2094 4409 ad

511 4458 904 4529 promissiones
934 4462 989 4508 et
1034 4463 1212 4522 pacta,
1258 4467 1376 4520 quae
1417 4449 1524 4503 Deo
1558 4449 1823 4516 nobisque
1875 4447 1941 4500 ad
1982 4455 2094 4499 tre-

514 4552 768 4606 mendum
798 4550 918 4618 ejus
946 4545 1204 4609 tribunal,
1242 4543 1472 4598 testibus
1528 4540 1735 4610 angelis
1757 4548 1813 4592 et
1837 4537 2097 4591 fratribus

513 4641 804 4700 universis,
839 4638 981 4708 pacti
1013 4637 1164 4698 estis,
1218 4635 1358 4688 bene
1386 4633 1547 4686 habet
1585 4649 1597 4681 :
1631 4646 1810 4698 neque
1854 4629 1960 4681 huc
2003 4636 2097 4680 aut

514 4736 641 4789 illuc
666 4731 1013 4801 respexeritis
1045 4746 1059 4792 ;
1090 4728 1185 4783 sed
1244 4726 1494 4796 protinus
1528 4723 1759 4790 abrupto
1805 4719 1948 4789 quod
1987 4719 2096 4772 da:-

517 4843 643 4881 mon
682 4824 870 4892 injecit
891 4821 1108 4874 vinculo
1135 4818 1336 4888 proprii
1369 4831 1564 4870 sensus
1583 4830 1645 4869 ac
1673 4811 1960 4873 libertatis,
1986 4822 2096 4878 quo

517 4929 614 4965 vos
641 4911 876 4978 decepit,
905 4925 969 4962 ex
988 4908 1242 4962 coenobio
1271 4921 1364 4960 vos
1391 4904 1705 4965 extrudens,
1732 4911 1786 4955 et
1815 4900 2092 4954 adducens
2120 4880 2172 4940 D

518 5005 585 5058 ad
624 5004 761 5064 loca,
791 5016 912 5070 qua:
945 4999 1210 5053 Dominus
1235 5013 1343 5051 non
1387 4995 1626 5064 respicit.
1667 4993 1785 5058 Quo
1825 4991 1968 5045 enim
2003 5007 2097 5059 pa-

519 5103 610 5149 cto
633 5093 890 5157 respiciat
915 5091 983 5144 ad
1007 5099 1317 5144 sanctorum
1346 5087 1514 5157 ipsius
1541 5085 1914 5138 mandatorum
1943 5095 2098 5134 ever-

522 5185 782 5239 sionem?
823 5182 1010 5235 Venite
1051 5181 1117 5234 ad
1199 5195 1298 5232 nos
1333 5220 1348 5242 ,
1401 5177 1581 5231 venite
1606 5217 1619 5240 ,
1665 5175 1825 5228 corde
1864 5172 2099 5226 contrito

523 5288 686 5344 atque
719 5273 911 5328 humili
953 5286 1224 5335 sermone,
1259 5269 1610 5323 utdiversam
1637 5283 1665 5320 a
1698 5264 1921 5336 pristina
1974 5264 2100 5316 vita:

529 5368 794 5421 rationem
831 5365 1048 5420 ineatis.
1098 5363 1252 5416 Prior
1282 5361 1426 5414 enim
1457 5359 1587 5413 lzeva
1614 5357 1734 5419 fuit,
1766 5371 1886 5424 qua:
1938 5354 2101 5407 tacita

529 5459 731 5513 sensim
777 5458 1105 5511 relaxatione
1155 5453 1369 5507 ferociae
1411 5459 1603 5503 vestrae
1641 5459 1694 5501 et
1725 5448 2102 5509 contumacia,

531 5553 596 5607 ad
639 5550 927 5620 apostasia:
983 5547 1277 5618 perniciem
1327 5559 1423 5598 vos
1475 5541 1730 5610 abripuit.
1792 5538 1901 5592 Nos
1951 5553 2102 5600 vero,

535 5654 848 5715 peccatores
897 5644 1040 5704 licet,
1075 5639 1316 5710 paternis
1354 5636 1652 5691 visceribus
1715 5647 1812 5686 vos
1863 5630 2106 5699 excipie-

539 5753 680 5801 ltlIlS,
723 5736 978 5789 humilem
1012 5734 1247 5786 animam
1282 5739 1521 5782 nostram
1562 5727 1630 5780 ad
1673 5735 1904 5778 mortem
1938 5735 2108 5789 usque

544 5836 896 5897 exponentes,
931 5835 987 5878 ut
1016 5835 1222 5878 vestras
1259 5831 1310 5874 et
1344 5819 1579 5873 animiet
1612 5816 1852 5884 corporis
1878 5812 2103 5865 inlirnii-

2183 3618 2489 3688 γράμματα
2536 3613 2691 3683 ὑμῶν
2741 3614 2814 3683 μὴ
2847 3613 3159 3682 συμφωνεῖν
3186 3611 3300 3673 τοῖς
3352 3612 3663 3678 προτέροις.
3697 3610 3778 3660 Τὰ

2188 3709 2288 3779 μὲν
2331 3707 2576 3778 πρότερα
2628 3703 2964 3772 ἐπαγγελίαν
2989 3698 3132 3771 εἶχον
3170 3699 3433 3769 ταχίστης
3489 3699 3778 3768 μεταγνὼο

2187 3818 2325 3864 σεως
2365 3800 2459 3853 καὶ
2511 3797 2775 3858 ἐλεύσεως
2817 3794 2952 3867 πρὸς
2985 3794 3155 3864 ἡμᾶς·
3184 3792 3254 3844 τά
3280 3791 3337 3844 δὲ
3361 3789 3618 3862 δεύτερα,
3646 3791 3775 3845 ἀνάο

2188 3910 2370 3948 νευσιν
2396 3891 2487 3944 καὶ
2515 3889 2850 3959 ἀνατροπὴν.
2879 3886 2988 3938 Καὶ
3019 3886 3102 3938 ὃτι
3128 3881 3583 3954 ἐπαφορμίζεσθε
3616 3883 3781 3937 τοῦτο

2189 3987 2284 4040 καὶ
2313 3987 2491 4038 ἐκεῖνο
2518 3999 2532 4013 ο
2572 3982 2665 4035 καὶ
2688 3979 2808 4050 οὐχὶ
2866 3977 3065 4049 μᾶλλον
3097 3979 3156 4030 ἐν
3186 3977 3417 4046 ἀληθεία
3458 3976 3781 4046 ὁμολογεῖτε

2187 4077 2246 4128 τὸ
2295 4077 2540 4142 πταῖσμα
2574 4071 2749 4140 ὑμῶν,
2797 4069 3124 4140 θρηνοῦντες
3173 4069 3265 4120 καὶ
3305 4067 3774 4137 μεταμελόμενοι.

2191 4169 2278 4235 ἐφ’
2315 4162 2395 4230 οἷς
2436 4165 2621 4226 κακῶς
2658 4163 2998 4232 πεπράχατε.
3051 4163 3113 4214 Ei
3161 4155 3254 4213 οὖν
3312 4161 3649 4229 μετανοεῖτε,
3683 4159 3784 4211 καὶ

2191 4260 2340 4312 ἐστιν
2394 4261 2449 4312 ἐν
2505 4258 2632 4327 ὑμῖν
2688 4254 2920 4324 σπινθὴρ
2967 4253 3129 4322 φόϐου
3168 4251 3328 4316 Θεοῦ,
3357 4251 3644 4305 ἀνακαίων
3679 4251 3782 4313 τάς

2193 4352 2418 4420 καρδίας
2453 4349 2607 4418 ὑμῶν
2639 4350 2718 4410 είς
2764 4347 2828 4410 ἀς
2859 4346 3127 4400 δεδώκατε
3178 4343 3470 4416 ὁμολογίας
3525 4344 3621 4396 καὶ
3656 4361 3782 4396 συν-

2195 4446 2367 4515 θήκας
2405 4442 2523 4510 Θεῴ
2554 4457 2612 4493 τε
2666 4441 2761 4493 καὶ
2789 4441 2941 4510 ἡμῖν,
2972 4439 3066 4491 ἐπὶ
3109 4437 3200 4491 τοῦ
3235 4436 3468 4510 φοϐεροῦ
3525 4435 3782 4506 βήματος

2196 4535 2383 4593 αὑτοῦ,
2419 4533 2523 4585 ὑπὸ
2560 4534 2827 4602 μάρτυσιν
2868 4530 3117 4598 ἀγγέλοις
3147 4529 3241 4582 καὶ
3266 4529 3418 4599 πάσῃ
3442 4531 3508 4597 τῇ
3556 4527 3785 4594 ἀδελφό-

2194 4645 2340 4695 τητι,
2383 4621 2439 4677 εὖ
2471 4623 2536 4676 ἂν
2567 4623 2711 4692 ἐχοιο
2743 4623 2834 4673 καὶ
2871 4621 3006 4690 μηδὲ
3054 4620 3304 4674 ἐντεῦθεν
3341 4620 3473 4689 μηδέ
3521 4619 3785 4672 ἐντεῦθεν

2199 4715 2563 4785 ἐπιϐλέψησθε
2590 4730 2603 4743 ·
2637 4713 2774 4767 ἀλλά
2803 4713 3080 4782 συντόμως
3110 4711 3508 4784 διαρρήξαντες
3540 4713 3640 4781 τὴν
3671 4712 3785 4764 ἀπὸ

2201 4811 2294 4865 τοῦ
2324 4811 2573 4879 δαίμονος
2607 4806 2922 4876 συμπλοκὴν
2949 4807 3045 4875 τῆς
3077 4805 3454 4874 προσπαθείας
3501 4804 3658 4872 ὑμῶν
3686 4805 3785 4856 καὶ

2203 4903 2538 4972 ίδιορυθμίας
2561 4943 2575 4965 ,
2680 4900 3029 4966 πεπλάνηκεν
3080 4897 3223 4971 ὑμᾶξ
3256 4897 3502 4950 ἐκϐαλὼν
3531 4896 3628 4948 τοῦ
3669 4914 3786 4948 κοι-

2202 4995 2402 5048 νοϐίου.
2435 4994 2527 5045 καὶ
2566 4993 2841 5063 περιάγων
2871 4993 3012 5059 ὑμᾶς
3047 4991 3126 5054 είς
3153 4992 3354 5052 τόπους
3400 4988 3493 5051 οὑς
3526 4989 3630 5063 οὑκ
3657 4991 3783 5040 ἐπι-

2209 5088 2400 5140 σκοπεῖ
2427 5058 2793 5154 Κύριος-(πῶς
2828 5058 2936 5152 γὰρ
2959 5081 3024 5134 ἂν
3045 5083 3138 5134 καί
3167 5084 3512 5150 ἐπισκοπησῃ
3653 5077 3785 5132 ἀθε-

2203 5179 2358 5245 τήσει
2393 5175 2500 5226 τῶν
2527 5174 2694 5240 ἁγίων
2726 5171 2890 5224 αὐτοῦ
2923 5171 3150 5223 ἐντολῶν
3171 5172 3210 5238 ;)
3244 5171 3414 5240 ῆκατε
3451 5169 3584 5239 πρὸς
3605 5169 3781 5237 ἡμᾶς,

2203 5269 2371 5337 ἧκατε
2405 5269 2460 5318 ἐν
2490 5264 2924 5333 συντετριμμένῃ
2962 5261 3159 5333 καρδίᾳ
3189 5264 3281 5314 καὶ
3328 5261 3474 5329 λόγῳ
3529 5276 3785 5311 τεταπει-

2199 5359 2447 5428 νωμένῳ,
2490 5358 2622 5427 πρὸς
2653 5355 2713 5407 τὸ
2737 5355 2895 5408 ἄλλον
2924 5355 3066 5424 ὑμᾶς
3106 5354 3219 5423 βίον
3249 5349 3606 5405 ἀναλαϐέσθαι
3637 5349 3782 5421 ὑπὲρ

2200 5452 2290 5502 τὸν
2344 5450 2624 5519 πρότερον.
2668 5448 2729 5499 '0
2781 5448 2888 5517 γὰρ
2940 5447 3202 5516 πρότερος
3233 5445 3417 5507 σκαιὸς
3447 5439 3514 5514 ἦν
3563 5445 3628 5495 ἐκ
3676 5442 3782 5509 τῆς

2203 5541 2341 5594 κατὰ
2368 5539 2565 5608 μικρὸν
2589 5537 2912 5608 χαυνώσεως
2956 5537 3290 5608 θρασύτητος
3325 5535 3478 5604 ὑμῶν
3503 5535 3599 5587 καὶ
3625 5535 3782 5588 ἀντι-

2203 5633 2409 5700 λογίας,
2439 5629 2741 5698 ὑπαγαγὼν
2775 5629 2918 5698 ὑμᾶς
2960 5627 3106 5699 αύτῷ
3131 5629 3227 5698 τῆς
3257 5626 3593 5688 ἀποστασίας
3634 5625 3785 5678 πτώ-

2209 5741 2357 5794 ματι.
2425 5722 2530 5774 Καὶ
2579 5723 2736 5791 ἡμεῖς
2780 5721 2882 5773 xiv
2927 5719 3240 5789 ἁμαρτωλοί
3288 5720 3477 5788 ἐσμεν,
3533 5719 3646 5770 ἀλλ’
3684 5713 3783 5770 οὖν

2213 5815 2536 5882 σπλάγχνοις
2586 5814 2868 5881 πατρικοῖς
2910 5809 3314 5881 προσδεξόμεθα
3361 5811 3524 5873 ὑμᾶς,
3563 5809 3659 5862 καὶ
3681 5809 3782 5880 τὴν
