3914 6490
156 402 258 466 969

1384 405 1914 466 EPISTOLARUM
1957 406 2095 465 LIB.
2136 407 2182 464 l.

3302 397 3401 460 970

156 512 369 567 ὲαυτῶν
403 512 664 584 ταπεινὴν
692 511 866 583 ψυχὴν
904 513 1063 584 μέχρι
1089 514 1318 568 θανάτου
1363 516 1729 582 ὑποτιθέντες,

1843 527 1971 572 tates
2020 518 2332 572 toleremus.
2391 515 2578 586 Neque
2618 515 2761 569 enim
2811 529 2874 567 ex
2915 525 3021 581 quo
3082 509 3217 581 lapsi
3249 510 3400 572 estis.

155 607 234 670 είς
270 603 332 657 τὸ
365 603 742 657 ἀναϐαστάσαι
768 603 922 673 ὑμῶν
959 605 1028 657 τά
1057 605 1413 676 ἀσθενήματα
1454 609 1594 661 κατά
1622 608 1728 677 ψυ-

1830 611 1952 665 sine
1990 627 2119 666 cura
2152 610 2350 665 fuimus
2373 619 2427 664 et
2448 608 2814 664 sollicitudine
2851 606 2918 661 de
2938 605 3113 670 vobis,
3137 604 3276 658 sicut
3303 617 3406 656 nec

155 697 258 768 χήν
282 713 344 748 τε
374 695 472 749 καὶ
506 695 686 765 σῶμα.
720 697 794 749 Οὐ
821 694 931 764 γὰρ
959 695 1032 760 ἐξ·
1050 697 1174 749 ὅτου
1207 697 1645 770 ἀπωλισθήσατε,
1673 702 1730 752 ἐν

1843 702 1896 757 ie
1924 702 2061 757 aliis.
2099 701 2238 768 Quin
2276 701 2518 757 extabuit
2544 701 2596 754 in
2629 700 2784 754 nobis
2807 714 2902 754 cor
2926 706 3198 762 nostrum,
3236 694 3407 749 mise-

156 789 464 858 άμεριμνίᾳ.
494 788 799 858 γεγόναμεν
825 805 837 820 ο
871 787 1057 858 ὥσπερ
1089 789 1210 842 οὐδὲ
1266 791 1358 843 ἐπὶ
1389 790 1496 843 τῶν
1529 791 1725 846 ἄλλων

155 879 296 932 ἀλλά
337 878 649 949 τηκομένην
705 878 900 948 ἔχομεν
954 881 1010 932 ὲν
1055 880 1268 944 ἑαυτοῖς
1325 881 1423 950 τὴν
1456 883 1730 952 καρδίανο

156 972 427 1040 καὶπρὸς
455 971 547 1024 τὸν
603 970 735 1024 Θεὸν
787 969 1033 1042 αἴροντες
1083 972 1266 1040 φιιινὴν
1304 971 1461 1042 ἡμῶν
1506 975 1730 1044 οἰκτρὰν

157 1061 253 1114 καὶ
303 1059 549 1132 βέϐηλον,
605 1062 694 1115 ἴνα
742 1062 1186 1133 ἀνθυπονοστήσῃ
1249 1062 1392 1132 ὑμᾶς
1454 1063 1590 1135 πρὸς
1632 1064 1730 1134 τὴν

161 1152 408 1224 μάνδραν
437 1154 612 1224 ὑμῶν,
648 1152 944 1224 ὲμπνεύσει
978 1153 1241 1222 λογισμοῦ
1277 1155 1585 1222 μετανοίας.
1621 1157 1731 1209 Καὶ

156 1242 364 1312 ἐάνπερ
395 1245 570 1306 οὕτως
596 1243 872 1312 πράξοιτε,
912 1241 1261 1312 θεραπεύοιτε
1291 1241 1454 1296 πάλιν
1481 1243 1570 1296 τὸν
1599 1243 1730 1297 Θεὸν

1829 808 2052 861 ramque
2079 809 2140 847 ac
2169 794 2446 863 profanam
2477 808 2662 848 vocem
2691 800 2932 846 nostram
2955 791 3024 845 ad
3058 791 3233 844 Deum
3260 789 3407 844 tolli-

1832 901 1974 950 mus,
2000 895 2054 940 ut
2097 887 2165 940 ad
2213 886 2494 941 mandram
2527 892 2763 940 vestram
2799 899 2897 939 vos
2954 891 3175 937 revocet
3211 920 3227 944 ,
3271 896 3407 935 con-

1837 976 2020 1030 silium
2066 978 2338 1048 inspirans
2376 977 2728 1048 prenitentim.
2786 974 2937 1041 Quod
2989 974 3080 1029 ubi
3129 973 3404 1035 feceritis,

1839 1067 2008 1121 Deum
2027 1068 2241 1135 iterum,
2265 1079 2320 1125 et
2338 1085 2439 1124 nos
2463 1077 2777 1140 peccatores
2793 1066 3094 1137 placabitis.
3123 1065 3238 1118 Non
3257 1065 3406 1118 enim

1836 1160 2031 1226 quzerit
2081 1171 2310 1214 mortem
2356 1160 2680 1228 peccatoris,
2730 1159 2822 1214 sed
2850 1168 2909 1211 ut
2956 1163 3323 1219 convertatur,
3353 1164 3408 1209 et

1837 1260 2000 1304 vivat.

156 1333 252 1384 καὶ
278 1334 428 1402 ἡμᾶς
456 1334 579 1395 τοὺς
643 1331 1018 1403 ἁμαρτωλούς.
1089 1333 1164 1386 Οὐ
1211 1332 1319 1404 γὰρ
1357 1334 1510 1403 ζητεῖ
1567 1335 1656 1387 τὸν
1713 1336 1940 1405 θάνατον
1996 1343 2089 1396 τοῦ
2147 1345 2494 1414 ἀμαρτωλοῦ,
2536 1344 2608 1406 ὼς
2677 1343 2736 1395 τὸ
2787 1340 3109 1409 ἐπιστρέψαι
3160 1338 3255 1391 καὶ
3312 1337 3410 1406 ζῇν

155 1421 345 1475 αὐτόν.

236 1514 638 1584 Ἐπιστρέψατε
675 1514 788 1580 οὖν,
822 1517 1209 1588 ἐπιστρέψατε,
1244 1520 1371 1589 πρὶν
1419 1518 1572 1589 ἄφνω
1616 1519 1737 1574 ὲπι-

159 1607 258 1674 στῇ
292 1604 423 1674 ὑμῖν
486 1604 725 1676 ὄλεθρος,
757 1605 936 1669 καθὼς
969 1606 1044 1676 τῷ
1077 1605 1401 1678 Πετρωνίῳ’
1438 1608 1535 1660 καὶ
1575 1608 1736 1680 εὑρε-

155 1697 289 1766 θῆτε
315 1696 449 1750 κενά
469 1697 563 1750 καὶ
591 1698 821 1767 ἀνόνητα
850 1698 1305 1769 μεταμελόμενοι,
1329 1698 1417 1752 ὅτε
1455 1700 1555 1768 τῆς
1608 1717 1734 1770 μετα

1907 1523 2428 1593 Revertiminiergo,
2463 1520 2816 1586 revertimini,
2857 1521 3166 1588 priusquam
3187 1526 3409 1586 repente

1834 1611 2184 1682 superveniat
2228 1609 2380 1665 vobis
2437 1608 2722 1670 interitus,
2779 1606 2920 1661 sicut
2991 1603 3289 1667 Petronio;
3357 1613 3412 1657 et

1834 1701 2108 1757 incassum
2131 1708 2185 1754 et.
2213 1699 2332 1754 sine
2356 1699 2536 1752 fructu
2557 1697 2744 1751 dolere
2771 1710 2869 1750 vos
2900 1693 3169 1755 sentiatis,
3192 1691 3411 1762 quando

155 1787 420 1857 αμελείας
453 1787 643 1859 κέρδος
690 1789 862 1843 οὐδέν.
916 1789 1023 1842 Ποῦ
1082 1790 1260 1842 τοίνυν
1311 1791 1447 1842 εἰσὶν
1495 1792 1541 1844 οί
1588 1792 1734 1860 λόγοι

1843 1793 2171 1864 poenitentia:
2233 1791 2446 1846 lucrum
2505 1789 2714 1844 nullum
2775 1787 2898 1842 erit.
2959 1786 3063 1842 Ubi
3111 1800 3240 1840 vero
3282 1794 3412 1838 sunt

157 1891 274 1940 σου,
313 1877 594 1946 Πινούίριε,
646 1879 740 1931 καὶ
769 1877 888 1942 σοῦ,
926 1878 1126 1948 Μάρη;
1182 1878 1481 1949 μαρτυρίου
1516 1880 1734 1946 ἀγῶνας

1843 1887 2098 1957 promissa
2160 1896 2288 1950 tua,
2341 1882 2610 1953 Pinuphi,
2650 1891 2706 1937 et
2755 1877 3111 1942 tua,Mares?
3169 1874 3406 1950 martyrii

155 1939 522 2037 ὑποδέχεσθαι.
558 1939 648 2021 διὰ
679 1968 777 2039 τὴν
827 1939 1158 2021 ταπείνωσιν
1182 1939 1376 2038 ήμῶν.
1407 1939 1735 2039 προεθυμετξ

1843 1977 2137 2032 certamina
2166 1976 2304 2031 inire
2329 1975 2642 2046 gestiebatis
2663 1981 2887 2045 propter
2928 1972 3249 2026 tenuitatem
3307 1987 3412 2026 no‘

156 2058 272 2112 σθε-
337 2059 540 2128 μᾶλλον
582 2058 638 2112 δὲ
675 2059 763 2112 διὰ
805 2059 902 2128 τὴν
939 2058 1211 2129 σωτηρίαν
1243 2059 1343 2130 τὴν
1367 2058 1434 2112 δι’
1466 2059 1732 2131 ὑπακοῆς·

155 2153 250 2203 καὶ
299 2149 464 2203 τοῦτο
513 2151 790 2213 πολλάκις·
825 2151 920 2202 καὶ
954 2150 1127 2220 μικρά
1175 2167 1262 2214 τις
1291 2144 1433 2221 αὖρα
1485 2150 1731 2215 ἐλθοῦσα,

154 2243 447 2314 ιρρίπισεν
479 2243 632 2312 ὑμῶν
655 2242 715 2314 μ’.
743 2241 931 2313 ὑμᾶς],
963 2241 1040 2305 ὡς
1072 2241 1136 2295 ἄν
1159 2260 1280 2296 τινα
1311 2243 1548 2315 ἀνέμην.
1583 2244 1740 2298 Ἀνα-
1767 2244 1770 2248 ’

155 2333 391 2404 νήψατε,
426 2333 756 2403 ἐπιϐλέψατε
815 2334 895 2396 είς
948 2333 1103 2399 Θεὸν,
1142 2333 1419 2405 φοϐήθητε
1470 2335 1578 2390 ἀπὸ
1628 2336 1738 2390 τῶν

155 2425 448 2497 κριμάτων
474 2425 660 2489 αὑτοῦ,
698 2426 790 2479 καὶ
833 2425 893 2489 ἐξ
946 2417 1021 2478 ὧν
1057 2427 1452 2480 συνεπίπασθε
1488 2426 1737 2498 πράξεων

158 2518 339 2588 ὑμῶν’
367 2518 450 2571 ὅτι
479 2519 537 2571 ὲν
566 2517 802 2580 ἐκείναις
832 2517 992 2588 μόνον
1021 2518 1121 2571 οὐκ
1147 2517 1377 2589 ἀρκετὸς
1408 2518 1536 2588 ὑμῖν
1567 2520 1674 2581 πᾶς
1709 2521 1738 2571 ὁ

159 2609 275 2678 βίος
331 2609 414 2672 είς
453 2609 762 2679 μετάνοιαν.
786 2609 852 2662 Τί
886 2608 1072 2663 λοιπὸν
1130 2609 1447 2680 προσθήκας
1480 2611 1735 2680 ἁμαρτη-

161 2701 353 2770 μάτων
381 2699 738 2770 προστίθεσθε
767 2703 858 2755 ἐπὶ
890 2702 1257 2772 ἁμαρτήμασι
1279 2702 1567 2771 χαλεποῖς;
1595 2702 1737 2772 Πρὸς

156 2793 214 2845 δὲ
242 2792 303 2844 τὸ
337 2791 544 2862 γρᾶψαι
577 2792 720 2862 ἡμᾶς
750 2793 830 2856 είς
857 2793 952 2855 οὓς
983 2793 1262 2862 εἰρήκατε,
1288 2791 1543 2862 ἀσμένως
1570 2809 1737 2861 προσ-

156 2881 445 2952 δεχθέντες
493 2883 589 2934 καὶ
641 2882 1074 2953 ξενοδοχούμενοι
1109 2884 1200 2936 ὐπ’
1226 2881 1425 2946 αὐτῶν,
1451 2881 1609 2934 τοῦτο
1638 2881 1736 2950 μὲν

157 2977 219 3028 οὐ
259 2973 548 3046 ποιοῦμενο
597 2976 658 3029 οὐ
701 2976 812 3045 γὰρ
841 2975 898 3042 ἐξ
941 2976 1099 3045 ἡμῶν
1147 2973 1398 3046 ἐξήλθετε
1448 2973 1534 3026 διὰ
1576 2973 1733 3042 λόγου

159 3064 437 3134 ὑπακοῆς.
474 3065 560 3119 ἵνα
591 3067 866 3138 κρίνωμεν
898 3066 1080 3132 ἀξίους
1107 3065 1393 3134 ὑποδοχῆς.
1417 3063 1736 3117 Τοὺναντίον

160 3157 217 3210 δὲ
273 3155 786 3228 καταλογιζόμενοι,
820 3158 1114 3228 ὁριζόμεθα
1145 3157 1273 3226 ὑμῖν
1295 3154 1488 3219 οὕτως.
1523 3154 1642 3223 Ἀφ’
1669 3151 1738 3228 ἦς

1839 2078 2031 2133 stram,
2057 2070 2142 2125 vel
2199 2069 2384 2139 potius
2431 2079 2656 2140 propter
2696 2067 2924 2123 salutem
2977 2081 3096 2135 quae
3154 2080 3250 2134 per
3282 2065 3412 2120 obev

1839 2160 2100 2216 dientiam
2147 2159 2489 2229 requiritur:
2536 2159 2696 2226 idque
2745 2157 3100 2225 frequenter:
3161 2165 3217 2209 et
3246 2171 3410 2225 parva

1838 2249 2083 2320 quaedam
2140 2263 2271 2302 aura
2301 2263 2420 2310 vos,
2447 2247 2594 2301 velut.
2621 2245 2894 2314 stipulam,
2921 2244 3268 2298 disturbavit.
3301 2244 3410 2297 lix-

1839 2340 2231 2410 pergiscimini,
2281 2338 2451 2393 Deum
2498 2337 2774 2408 respicite,
2833 2336 3034 2405 judicia
3087 2335 3206 2400 ejus
3242 2334 3409 2404 perti-

1839 2431 2082 2491 mescite,
2130 2430 2214 2482 vel
2257 2444 2324 2483 ex
2363 2428 2558 2483 vestris
2600 2426 2903 2482 actionibus
2945 2441 3174 2496 quarum
3205 2426 3408 2479 conscii

1837 2521 1989 2584 estis,
2045 2521 2190 2589 quod
2216 2520 2286 2575 ob
2327 2535 2420 2574 eas
2468 2520 2612 2574 solas
2640 2525 2753 2573 tota
2797 2518 2906 2572 vita
2947 2532 3056 2572 non
3080 2516 3308 2572 sufﬁciat
3343 2501 3409 2570 ad

1838 2613 2237 2684 paenitentiam.
2285 2612 2424 2677 Quid
2455 2611 2522 2666 de
2579 2620 2780 2666 caetero
2807 2611 3171 2665 additamenta
3217 2623 3406 2678 peccav

1840 2713 2014 2759 torum
2060 2703 2312 2776 gravibus
2343 2701 2580 2772 peccatis
2617 2699 2934 2769 adjeeistis?
2964 2697 3032 2753 Ut
3061 2713 3191 2752 vero
3218 2697 3286 2752 ad
3316 2711 3410 2750 eos

1838 2793 2170 2857 scribamus,
2231 2806 2366 2862 quos
2421 2790 2784 2863 signiﬁcastis,
2838 2789 2984 2859 quod
3021 2789 3251 2859 benigne
3316 2803 3412 2843 vos

1841 2886 2177 2954 receperint,
2233 2895 2287 2940 et
2315 2884 2552 2954 hospitio
2582 2882 2901 2946 invitarint;
2962 2881 3014 2935 id
3046 2881 3262 2949 quidem
3311 2880 3409 2933 mi-

1839 2977 1984 3031 nimc
2018 2976 2283 3031 facimus:
2314 2975 2438 3045 quia
2459 2991 2520 3029 ex
2551 2973 2873 3029 obedientiae
2899 2981 3035 3026 nutu
3061 2987 3088 3024 a
3123 2972 3277 3026 nobis
3299 2987 3406 3025 non

1837 3070 2064 3132 exiistis,
2122 3081 2181 3122 ut
2236 3068 2472 3137 hospitio
2530 3067 2723 3138 dignos
2781 3065 3106 3135 iudicemus,
3160 3064 3252 3134 sed
3276 3080 3407 3119 cona

1841 3161 2064 3214 trarium
2110 3173 2333 3228 prorsus
2385 3157 2706 3220 sentientes,
2765 3155 2836 3208 ita
2893 3154 3046 3209 vobis
3095 3153 3357 3208 edicimus

158 3249 251 3304 οὖν
297 3249 515 3320 ἡμέρας
542 3247 756 3314 δέξεσθε
787 3249 853 3302 τὰ
881 3250 1204 3320 γράμματα,
1238 3247 1607 3317 άποκινήσατε
1639 3265 1733 3301 κα-

1847 3267 1954 3321 quo
1984 3265 2049 3305 ex
2075 3252 2161 3305 die
2195 3251 2401 3304 litteras
2426 3247 2764 3318 acceperitis.
2785 3247 2892 3301 huc
2921 3245 3098 3299 redire
3133 3245 3406 3299 festinate.

157 3340 491 3404 ταλαϐόντες
520 3341 589 3394 τὰ
618 3340 868 3395 ἐνταῦθα.
896 3342 956 3394 El
974 3341 1028 3393 δὲ
1045 3341 1395 3402 ἀπειθοῦντες
1419 3340 1736 3410 ἐπιμένητε,

159 3435 297 3504 ὅπερ
333 3433 410 3504 μὴ
443 3431 554 3502 δῴη
585 3435 611 3485 ὁ
640 3432 792 3496 Θεὸς,
821 3432 850 3486 ὃ
879 3432 1194 3504 ἀπεύχομαι
1227 3472 1243 3500 ,
1287 3431 1410 3484 ἐστὲ
1442 3429 1740 3499 ἀκοινώνη-

159 3541 259 3588 τοι,
294 3525 763 3594 κατακεκριμένοι
814 3541 874 3576 τε
908 3525 1000 3578 καὶ
1030 3525 1549 3592 καταδεδικασμένοι
1589 3525 1741 3596 παρὰ

159 3616 392 3688 ἀληθείᾳ
413 3614 734 3688 δικαζούσῃ,
765 3618 1156 3688 νενεκρωμένοι
1190 3634 1246 3669 τε
1266 3616 1363 3686 τὴν
1414 3616 1613 3686 ψυχὴν,
1647 3620 1742 3669 καὶ

160 3707 518 3776 ἐστερημένοι
558 3704 652 3758 τοῦ
714 3706 1042 3777 πνεύματος,
1097 3707 1280 3770 καθὼς
1334 3710 1361 3760 ὁ
1420 3708 1595 3778 μέγας
1651 3709 1741 3761 καὶ

160 3796 303 3858 θεῖος
327 3793 610 3857 Βασίλειος
632 3796 970 3866 ἀπεφήνατοο
998 3797 1109 3850 ἀλλ’
1131 3796 1254 3850 οὔτε
1284 3799 1332 3849 oi
1356 3798 1736 3867 ὑποδεχόμενοι

162 3889 328 3955 ὑμᾶς,
367 3885 472 3950 ἔξω
519 3886 899 3956 κατακρίσεως
949 3889 1108 3952 είσιν,
1139 3887 1217 3951 ὼς
1271 3887 1346 3960 μὴ
1383 3889 1506 3952 τοὺς
1560 3889 1736 3950 θείους

162 3978 394 4042 κανόνας
437 3975 818 4045 φυλάττοντες.

447 4088 581 4145 KA'.
604 4122 674 4132 —
708 4097 951 4166 Συμεὼν
970 4098 1287 4167 μονάζοντι
1315 4099 1448 4170 (19).
1486 4095 1632 4169 [λδ’.]

1842 3347 1994 3413 Quod
2038 3347 2082 3401 si
2133 3356 2480 3401 contumaces
2533 3343 2879 3413 perstiteritis
2905 3385 2919 3406 ,
2969 3341 3114 3412 quod
3150 3357 3256 3396 non
3285 3356 3408 3411 per—

1841 3441 2020 3494 mittat
2045 3439 2205 3503 Deus,
2237 3437 2382 3508 quod
2409 3451 2682 3501 exsecror,
2715 3433 3168 3490 excommunicati
3203 3440 3374 3488 estote

1841 3529 2077 3585 convicti
2130 3538 2184 3584 ct
2236 3527 2586 3583 condemnati
2635 3526 2841 3596 judicio
2892 3525 3157 3589 veritatis,
3211 3523 3406 3576 mortui

1842 3624 2041 3686 anima,
2075 3631 2130 3676 et
2162 3621 2354 3690 spiritu
2386 3620 2592 3682 orbati,
2619 3617 3076 3688 quemadmodum
3103 3631 3331 3686 magnus
3349 3628 3412 3669 ac

1847 3714 2066 3768 divinus
2118 3713 2348 3767 Basilius
2383 3710 2788 3781 pronuntiavit:
2840 3707 2934 3763 sed
2983 3723 3158 3776 neque
3189 3708 3279 3777 qui
3318 3719 3413 3762 vos

1847 3805 2204 3874 exceperint,
2253 3815 2402 3857 extra
2453 3802 2962 3857 condemnationem
3006 3809 3163 3863 sunt,
3213 3810 3268 3853 ut
3321 3801 3410 3868 qui

1843 3894 2054 3946 divinos
2081 3907 2317 3946 canones
2347 3906 2455 3945 non
2488 3891 2800 3944 observent.

2264 4097 2302 4148 X
2315 4096 2351 4148 X
2363 4096 2399 4148 1.
2435 4095 2664 4148 Simeoni
2703 4094 2974 4146 monacho.

1170 4216 1244 4266 De
1266 4216 1484 4278 Iosepho
1508 4216 1753 4279 deposito.
1792 4219 1992 4280 (Barmt.
2021 4230 2098 4263 an.
2123 4213 2234 4270 808,
2260 4225 2307 4258 n.
2332 4210 2433 4268 Η.)

229 4319 544 4388 Ἐγνωμεν,
585 4313 634 4373 ὧ
665 4318 866 4389 Πάτερ,
901 4318 994 4369 καὶ
1037 4317 1124 4369 διὰ
1172 4317 1283 4370 τῶν
1333 4318 1735 4389 προλαϐόντων,

162 4406 272 4472 οἷος
304 4411 404 4462 καὶ
433 4409 619 4479 ἡλίκος
649 4409 877 4478 γέγονας
904 4409 1039 4479 πρὸς
1060 4408 1158 4477 τὴν
1187 4411 1515 4464 ταπείνωσιν
1558 4413 1735 4483 ήμῶν·

161 4502 221 4555 έν
257 4502 395 4555 πᾶσι
423 4503 540 4564 τοῖς
586 4499 958 4571 συμϐεϐηκόσι
997 4499 1264 4569 θλιϐεροῖς
1317 4502 1592 4569 ὀμαλίζων
1647 4504 1740 4554 καὶ

1910 4319 1973 4371 Ει
1999 4324 2156 4369 antea
2181 4312 2577 4384 perspeximus,
2599 4309 2937 4379 Pater,quis,
2953 4309 3233 4378 qualisque
3252 4308 3418 4363 fueris

1839 4424 1965 4479 erga
2004 4406 2365 4461 humilitatem
2401 4412 2639 4458 nostram
2665 4402 2718 4454 in
2753 4401 3005 4453 omnibus
3030 4398 3274 4454 adversis
3297 4415 3420 4468 quas

1839 4502 1996 4557 nobis
2019 4501 2354 4562 acciderunt,
2383 4511 2505 4550 cum
2542 4494 2713 4548 lenire
2749 4508 2810 4546 ea
2841 4493 3090 4546 studeres
3111 4532 3124 4555 ,
3161 4500 3215 4545 et
3235 4492 3414 4545 omnia

161 4592 452 4648 διευθετῶν
484 4593 662 4647 πάντα
691 4593 829 4662 πρὸς
862 4593 922 4645 τὸ
959 4592 1254 4654 λυσιτελές.
1301 4593 1488 4660 ’Ἱσμεν
1537 4593 1595 4644 δὲ
1647 4595 1736 4645 καὶ

1843 4593 2070 4663 dirigere
2095 4591 2149 4644 in
2181 4599 2421 4642 nostram
2455 4585 2765 4640 utilitatem.
2799 4585 2864 4637 Et
2888 4597 3033 4636 nunc
3066 4582 3418 4635 vehementer

164 4682 258 4736 νῦν
306 4675 610 4754 περίλυπόν
641 4699 699 4734 σε
745 4682 831 4735 διὰ
865 4683 962 4751 τῆς
996 4682 1328 4751 ἐπαγγελίας
1376 4681 1468 4735 τοῦ
1508 4684 1736 4751 ἀδελφοῦ

164 4773 495 4845 γεγενῆσθαι
546 4774 602 4825 ὲν
635 4774 748 4836 τοῖς
803 4774 1246 4844 παρισταμένοις.
1282 4773 1442 4828 Ἀλλά
1470 4775 1521 4827 τί
1547 4776 1730 4829 πάθω-

169 4884 288 4936 μεν;
325 4867 409 4920 ὅτι
443 4866 634 4936 ἐντολὴ
665 4864 801 4917 Θεοῦ
830 4865 1139 4936 πρόκειται,
1172 4868 1264 4919 καὶ
1291 4869 1513 4930 κανόνες
1548 4869 1743 4936 Πατρι-

165 4955 253 5006 κοὶ
303 4954 661 5024 ἀπείργοντες
707 4955 853 5024 ἡμᾶς
898 4956 961 5006 ὲκ
1010 4955 1107 5024 τῆς
1138 4955 1391 5025 τοιαύτης
1428 4959 1732 5011 κοινωνία·.

164 5039 292 5099 ὀδε
322 5047 382 5100 δὲ
431 5045 626 5114 φθάσοι
656 5048 899 5118 ἡταχεία
925 5047 1063 5118 ῥοπή
1095 5065 1208 5114 σου,
1245 5048 1340 5101 κα)⁸
1372 5050 1403 5116 ή
1446 5050 1743 5119 εἰλικρινής

169 5153 263 5189 σου
287 5137 428 5208 πρὸς
452 5138 543 5190 τὸν
567 5137 697 5190 Θεὸν
727 5140 822 5191 καὶ
841 5140 988 5208 ἡμᾶς
1008 5141 1131 5202 τοὺς
1157 5141 1514 5211 ἁμαρτωλοὺς
1537 5142 1740 5210 σχέσις.

170 5227 266 5280 Ἴν’
295 5229 490 5300 ὥσπερ
539 5231 664 5282 τινὰ
711 5231 1002 5300 τρικυμίαν
1035 5235 1366 5301 μεταγάγοις
1396 5235 1486 5287 τὸν
1549 5252 1742 5302 πειρα-

173 5318 328 5385 σμὸν,
368 5321 466 5371 καὶ
525 5319 858 5386 γαληνιάσης
916 5323 1008 5390 τὴν
1071 5325 1309 5394 ταραχήν
1359 5327 1464 5377 τῶν
1505 5326 1743 5377 εὐσεϐῶν

248 5435 290 5464 ⁵²
333 5434 533 5486 Ezech.
566 5450 755 5495 xxxut,
791 5437 880 5490 Η.

1844 4685 2134 4741 sollicitum
2187 4693 2237 4734 te
2274 4694 2396 4733 esse
2445 4678 2648 4732 scimus
2676 4676 2746 4729 ob
2774 4674 2956 4728 fratris
2986 4673 3039 4725 in
3073 4688 3128 4726 re
3162 4675 3415 4742 praesenti

1843 4775 2251 4847 professionem.
2305 4769 2506 4823 Verum
2553 4765 2681 4834 quid
2742 4764 3024 4828 faciamus,
3078 4777 3201 4816 cum
3243 4771 3419 4816 exstet

1843 4867 1935 4921 Dei
1968 4864 2301 4923 mandatum,
2346 4869 2399 4912 et
2428 4856 2647 4909 Patrum
2690 4867 2928 4908 canones
2967 4861 3219 4905 arcentes
3242 4864 3340 4902 nos
3386 4865 3417 4902 a

1842 4961 1932 5014 tali
1975 4952 2398 5011 communione?
2451 4948 2565 5002 Huc
2595 4946 2735 5000 adsit
2778 4945 2931 5000 velox
2968 4942 3259 5013 propensio
3290 4950 3414 5004 tua;

1843 5053 2195 5115 sincerusque
2219 5059 2342 5113 erga
2372 5041 2540 5095 Deum
2570 5048 2625 5092 et
2654 5052 2751 5091 nos
2792 5045 3104 5106 peccatores
3135 5033 3365 5087 allectus
3399 5047 3411 5094 ;

1847 5153 1905 5195 ιιι
1956 5149 2209 5208 tanquam
2280 5136 2642 5190 decumanum
2712 5127 3000 5198 quemdam
3060 5125 3280 5179 ﬂuctum
3333 5139 3418 5177 re-

1847 5247 2064 5286 moveas
2132 5227 2508 5290 tentationem,
2582 5219 3004 5289 tranquillesque
3071 5215 3414 5286 agitationem

1853 5327 2061 5394 piorum
2090 5321 2429 5375 dominorum
2470 5326 2804 5371 nostrorum.
2837 5311 2950 5364 Non
2977 5309 3120 5364 enim
3157 5307 3417 5362 adversus

1698 5543 1915 5599 ΝΟΤᾺΕ.

258 5637 366 5706 (19)
405 5641 667 5709 Συμεών.
699 5639 772 5692 De
802 5640 1088 5708 multiplici
1141 5640 1395 5695 Simeonc
1423 5639 1635 5693 Studita
1661 5641 1738 5692 vi-

182 5705 595 5764 desisLeoriem
647 5711 905 5764 Allatium
955 5705 1008 5764 in
1059 5709 1294 5764 Diatriba
1324 5712 1389 5764 de
1429 5711 1740 5764 Simeonum

187 5781 424 5846 scriptis.
449 5797 576 5851 pag.
616 5780 707 5834 25.
744 5779 815 5836 De
839 5781 1094 5837 Simeonc
1132 5797 1293 5847 porro
1332 5780 1621 5843 monacho,
1656 5779 1747 5831 Ni-

483 5885 760 5945 PATROL.
797 5886 914 5944 Cn.
961 5885 1182 5946 XCIX-

1853 5639 2075 5706 cephori
2145 5637 2497 5707 imperatoris
2527 5635 2964 5708 consanguineo,
2994 5645 3174 5687 sermo
3195 5636 3278 5683 est
3305 5642 3412 5708 non

1855 5723 1962 5761 uno
1989 5710 2037 5760 in
2063 5709 2181 5761 loco
2209 5706 2349 5775 apud
2371 5706 2776 5776 Theophanem.
2812 5706 3036 5776 Scripta
3060 5710 3238 5754 autem
3276 5707 3357 5751 est
3387 5709 3414 5746 α

1854 5777 2141 5833 Theodoro
2171 5773 2283 5831 hac
2313 5773 2538 5846 epistola
2579 5777 2795 5832 nomine
2828 5773 3093 5826 Platonis.

2931 5873 2995 5928 31
