  <div class='ocr_page' id='page_1' title='image "/cluster/home/n/w/nwhite01/storage/ocr_20150623/99/ien.35556001661347/495.png"; bbox 0 0 3914 6440; ppageno 0'>
   <div class='ocr_carea' id='block_1_1' title="bbox 555 375 656 442">
    <p class='ocr_par' dir='ltr' id='par_1_1' title="bbox 555 375 656 442">
     <span class='ocr_line' id='line_1_1' title="bbox 555 375 656 442; baseline -0.03 0"><span class='ocrx_word' id='word_1_1' title='bbox 555 375 656 442; x_wconf 80' lang='grc' dir='ltr'><strong>9ῖ1</strong></span> 
     </span>
    </p>
   </div>
   <div class='ocr_carea' id='block_1_2' title="bbox 1748 371 2620 435">
    <p class='ocr_par' dir='ltr' id='par_1_2' title="bbox 1748 371 2620 435">
     <span class='ocr_line' id='line_1_2' title="bbox 1748 371 2620 435; baseline -0.005 0"><span class='ocrx_word' id='word_1_2' title='bbox 1748 377 1806 435; x_wconf 90' lang='lat' dir='ltr'><strong>S.</strong></span> <span class='ocrx_word' id='word_1_3' title='bbox 1850 373 2240 434; x_wconf 83' lang='lat' dir='ltr'><strong>THEODORI</strong></span> <span class='ocrx_word' id='word_1_4' title='bbox 2275 371 2620 432; x_wconf 82' lang='lat' dir='ltr'><strong>STUDlT/E</strong></span> 
     </span>
    </p>
   </div>
   <div class='ocr_carea' id='block_1_3' title="bbox 3705 381 3800 444">
    <p class='ocr_par' dir='ltr' id='par_1_3' title="bbox 3705 381 3800 444">
     <span class='ocr_line' id='line_1_3' title="bbox 3705 381 3800 444; baseline 0.021 -2"><span class='ocrx_word' id='word_1_5' title='bbox 3705 381 3800 444; x_wconf 75' lang='lat'><strong>972</strong></span> 
     </span>
    </p>
   </div>
   <div class='ocr_carea' id='block_1_4' title="bbox 558 475 2120 555">
    <p class='ocr_par' dir='ltr' id='par_1_4' title="bbox 558 485 2120 551">
     <span class='ocr_line' id='line_1_4' title="bbox 558 485 2120 551; baseline -0.003 -12"><span class='ocrx_word' id='word_1_6' title='bbox 558 487 676 540; x_wconf 89' lang='lat' dir='ltr'><strong>illos</strong></span> <span class='ocrx_word' id='word_1_7' title='bbox 703 485 858 541; x_wconf 90' lang='lat' dir='ltr'><strong>nobis</strong></span> <span class='ocrx_word' id='word_1_8' title='bbox 881 499 1061 541; x_wconf 86' lang='lat' dir='ltr'><strong>sermo</strong></span> <span class='ocrx_word' id='word_1_9' title='bbox 1091 495 1175 540; x_wconf 91' lang='lat' dir='ltr'><strong>est</strong></span> <span class='ocrx_word' id='word_1_10' title='bbox 1203 486 1381 541; x_wconf 71' lang='lat' dir='ltr'><strong>vitata:</strong></span> <span class='ocrx_word' id='word_1_11' title='bbox 1399 486 1819 551; x_wconf 83' lang='lat' dir='ltr'><strong>communionis,</strong></span> <span class='ocrx_word' id='word_1_12' title='bbox 1847 501 1947 540; x_wconf 91' lang='lat' dir='ltr'><strong>nec</strong></span> <span class='ocrx_word' id='word_1_13' title='bbox 1969 499 2120 538; x_wconf 81' lang='lat' dir='ltr'><strong>causa</strong></span> 
     </span>
    </p>
   </div>
   <div class='ocr_carea' id='block_1_5' title="bbox 2226 475 3804 555">
    <p class='ocr_par' dir='ltr' id='par_1_5' title="bbox 2235 475 3804 555">
     <span class='ocr_line' id='line_1_5' title="bbox 2235 475 3804 555; baseline 0.006 -24"><span class='ocrx_word' id='word_1_14' title='bbox 2235 479 2392 549; x_wconf 77' lang='grc' dir='ltr'>ἡμῶν</span> <span class='ocrx_word' id='word_1_15' title='bbox 2421 475 2717 531; x_wconf 81' lang='grc' dir='ltr'><strong>δεσποτῶν.</strong></span> <span class='ocrx_word' id='word_1_16' title='bbox 2748 477 2822 530; x_wconf 60' lang='lat' dir='ltr'><strong>Ub</strong></span> <span class='ocrx_word' id='word_1_17' title='bbox 2857 478 2965 550; x_wconf 75' lang='grc' dir='ltr'><strong>γὰρ</strong></span> <span class='ocrx_word' id='word_1_18' title='bbox 2994 479 3129 549; x_wconf 83' lang='grc' dir='ltr'>πρὸς</span> <span class='ocrx_word' id='word_1_19' title='bbox 3177 482 3372 545; x_wconf 72' lang='grc' dir='ltr'>αὐτοὺς</span> <span class='ocrx_word' id='word_1_20' title='bbox 3403 483 3541 554; x_wconf 76' lang='grc' dir='ltr'>ἡμῖν</span> <span class='ocrx_word' id='word_1_21' title='bbox 3584 485 3615 538; x_wconf 89' lang='lat'><strong>6</strong></span> <span class='ocrx_word' id='word_1_22' title='bbox 3660 487 3804 555; x_wconf 81' lang='grc' dir='ltr'>λόγος</span> 
     </span>
    </p>
   </div>
   <div class='ocr_carea' id='block_1_6' title="bbox 556 578 2130 648">
    <p class='ocr_par' dir='ltr' id='par_1_6' title="bbox 556 578 2130 648">
     <span class='ocr_line' id='line_1_6' title="bbox 556 578 2130 648; baseline 0 -16"><span class='ocrx_word' id='word_1_23' title='bbox 556 579 942 632; x_wconf 75' lang='lat' dir='ltr'><strong>controversiae</strong></span> <span class='ocrx_word' id='word_1_24' title='bbox 974 596 986 633; x_wconf 92' lang='lat'><strong>:</strong></span> <span class='ocrx_word' id='word_1_25' title='bbox 1034 578 1163 647; x_wconf 91' lang='lat' dir='ltr'><strong>quin</strong></span> <span class='ocrx_word' id='word_1_26' title='bbox 1190 579 1368 648; x_wconf 78' lang='lat' dir='ltr'><strong>potius</strong></span> <span class='ocrx_word' id='word_1_27' title='bbox 1401 580 1597 644; x_wconf 82' lang='lat' dir='ltr'><strong>honor,</strong></span> <span class='ocrx_word' id='word_1_28' title='bbox 1646 579 1945 644; x_wconf 79' lang='lat' dir='ltr'><strong>veneratio,</strong></span> <span class='ocrx_word' id='word_1_29' title='bbox 1978 594 2130 633; x_wconf 92' lang='lat' dir='ltr'><strong>amor</strong></span> 
     </span>
    </p>
   </div>
   <div class='ocr_carea' id='block_1_7' title="bbox 557 669 2127 740">
    <p class='ocr_par' dir='ltr' id='par_1_7' title="bbox 557 669 2127 740">
     <span class='ocr_line' id='line_1_7' title="bbox 557 669 2127 740; baseline 0.002 -20"><span class='ocrx_word' id='word_1_30' title='bbox 557 678 613 722; x_wconf 90' lang='lat' dir='ltr'><strong>ct</strong></span> <span class='ocrx_word' id='word_1_31' title='bbox 640 683 981 738; x_wconf 89' lang='lat' dir='ltr'><strong>congressus,</strong></span> <span class='ocrx_word' id='word_1_32' title='bbox 1010 678 1174 739; x_wconf 91' lang='lat' dir='ltr'><strong>prout</strong></span> <span class='ocrx_word' id='word_1_33' title='bbox 1203 685 1290 724; x_wconf 92' lang='lat' dir='ltr'><strong>res</strong></span> <span class='ocrx_word' id='word_1_34' title='bbox 1314 670 1477 740; x_wconf 78' lang='lat' dir='ltr'><strong>exigit</strong></span> <span class='ocrx_word' id='word_1_35' title='bbox 1507 687 1519 724; x_wconf 93' lang='lat'>:</span> <span class='ocrx_word' id='word_1_36' title='bbox 1555 669 1649 724; x_wconf 90' lang='lat' dir='ltr'><strong>sed</strong></span> <span class='ocrx_word' id='word_1_37' title='bbox 1683 671 1943 725; x_wconf 88' lang='lat' dir='ltr'><strong>adversus</strong></span> <span class='ocrx_word' id='word_1_38' title='bbox 1978 671 2127 724; x_wconf 89' lang='lat' dir='ltr'><strong>illum</strong></span> 
     </span>
    </p>
   </div>
   <div class='ocr_carea' id='block_1_8' title="bbox 556 758 2129 830">
    <p class='ocr_par' dir='ltr' id='par_1_8' title="bbox 556 758 2129 830">
     <span class='ocr_line' id='line_1_8' title="bbox 556 758 2129 830; baseline 0.002 -19"><span class='ocrx_word' id='word_1_39' title='bbox 556 758 647 827; x_wconf 88' lang='lat' dir='ltr'><strong>qui</strong></span> <span class='ocrx_word' id='word_1_40' title='bbox 685 769 882 829; x_wconf 69' lang='lat' dir='ltr'><strong>praeter</strong></span> <span class='ocrx_word' id='word_1_41' title='bbox 909 761 998 830; x_wconf 89' lang='lat' dir='ltr'><strong>jus</strong></span> <span class='ocrx_word' id='word_1_42' title='bbox 1020 761 1209 830; x_wconf 82' lang='lat' dir='ltr'><strong>fasque</strong></span> <span class='ocrx_word' id='word_1_43' title='bbox 1247 778 1428 826; x_wconf 87' lang='lat' dir='ltr'><strong>omne,</strong></span> <span class='ocrx_word' id='word_1_44' title='bbox 1454 762 1802 816; x_wconf 85' lang='lat' dir='ltr'><strong>manifestum</strong></span> <span class='ocrx_word' id='word_1_45' title='bbox 1825 777 1891 816; x_wconf 87' lang='lat' dir='ltr'><strong>ex</strong></span> <span class='ocrx_word' id='word_1_46' title='bbox 1919 761 2129 816; x_wconf 88' lang='lat' dir='ltr'><strong>Domini</strong></span> 
     </span>
    </p>
   </div>
   <div class='ocr_carea' id='block_1_9' title="bbox 557 853 2127 925">
    <p class='ocr_par' dir='ltr' id='par_1_9' title="bbox 557 853 2127 925">
     <span class='ocr_line' id='line_1_9' title="bbox 557 853 2127 925; baseline 0.001 -20"><span class='ocrx_word' id='word_1_47' title='bbox 557 853 824 906; x_wconf 80' lang='lat' dir='ltr'><strong>sententia</strong></span> <span class='ocrx_word' id='word_1_48' title='bbox 856 855 1160 909; x_wconf 88' lang='lat' dir='ltr'><strong>adulterum</strong></span> <span class='ocrx_word' id='word_1_49' title='bbox 1193 855 1473 908; x_wconf 83' lang='lat' dir='ltr'><strong>coronavit</strong></span> <span class='ocrx_word' id='word_1_50' title='bbox 1502 872 1513 906; x_wconf 93' lang='lat'>:</span> <span class='ocrx_word' id='word_1_51' title='bbox 1547 854 1641 925; x_wconf 91' lang='lat' dir='ltr'><strong>qui</strong></span> <span class='ocrx_word' id='word_1_52' title='bbox 1676 869 1840 909; x_wconf 88' lang='lat' dir='ltr'><strong>ausus</strong></span> <span class='ocrx_word' id='word_1_53' title='bbox 1872 863 1955 909; x_wconf 92' lang='lat' dir='ltr'><strong>est</strong></span> <span class='ocrx_word' id='word_1_54' title='bbox 1994 854 2127 907; x_wconf 90' lang='lat' dir='ltr'><strong>tanti</strong></span> 
     </span>
    </p>
   </div>
   <div class='ocr_carea' id='block_1_10' title="bbox 555 943 2130 1014">
    <p class='ocr_par' dir='ltr' id='par_1_10' title="bbox 555 943 2130 1014">
     <span class='ocr_line' id='line_1_10' title="bbox 555 943 2130 1014; baseline 0.003 -19"><span class='ocrx_word' id='word_1_55' title='bbox 555 943 777 998; x_wconf 87' lang='lat' dir='ltr'><strong>sceleris</strong></span> <span class='ocrx_word' id='word_1_56' title='bbox 834 945 1048 1014; x_wconf 89' lang='lat' dir='ltr'><strong>adjutor</strong></span> <span class='ocrx_word' id='word_1_57' title='bbox 1095 955 1148 1000; x_wconf 89' lang='lat' dir='ltr'><strong>et</strong></span> <span class='ocrx_word' id='word_1_58' title='bbox 1205 954 1443 1000; x_wconf 89' lang='lat' dir='ltr'><strong>assertor</strong></span> <span class='ocrx_word' id='word_1_59' title='bbox 1495 946 1610 999; x_wconf 85' lang='lat' dir='ltr'><strong>fieri</strong></span> <span class='ocrx_word' id='word_1_60' title='bbox 1655 961 1836 1000; x_wconf 88' lang='lat' dir='ltr'><strong>coram</strong></span> <span class='ocrx_word' id='word_1_61' title='bbox 1876 946 2130 1000; x_wconf 80' lang='lat' dir='ltr'><strong>universo</strong></span> 
     </span>
    </p>
   </div>
   <div class='ocr_carea' id='block_1_11' title="bbox 555 1032 2128 1105">
    <p class='ocr_par' dir='ltr' id='par_1_11' title="bbox 555 1032 2128 1105">
     <span class='ocr_line' id='line_1_11' title="bbox 555 1032 2128 1105; baseline 0.001 -19"><span class='ocrx_word' id='word_1_62' title='bbox 555 1033 760 1086; x_wconf 88' lang='lat' dir='ltr'><strong>mundo</strong></span> <span class='ocrx_word' id='word_1_63' title='bbox 791 1050 802 1085; x_wconf 95' lang='lat'>:</span> <span class='ocrx_word' id='word_1_64' title='bbox 838 1049 1000 1102; x_wconf 86' lang='lat' dir='ltr'><strong>quem</strong></span> <span class='ocrx_word' id='word_1_65' title='bbox 1052 1032 1303 1089; x_wconf 88' lang='lat' dir='ltr'><strong>Christus</strong></span> <span class='ocrx_word' id='word_1_66' title='bbox 1352 1035 1467 1104; x_wconf 92' lang='lat' dir='ltr'><strong>ipse</strong></span> <span class='ocrx_word' id='word_1_67' title='bbox 1496 1035 1750 1105; x_wconf 85' lang='lat' dir='ltr'><strong>deposuit</strong></span> <span class='ocrx_word' id='word_1_68' title='bbox 1777 1035 2008 1089; x_wconf 92' lang='lat' dir='ltr'><strong>duorum</strong></span> <span class='ocrx_word' id='word_1_69' title='bbox 2040 1050 2128 1088; x_wconf 85' lang='lat' dir='ltr'><strong>ca-</strong></span> 
     </span>
    </p>
   </div>
   <div class='ocr_carea' id='block_1_12' title="bbox 557 1125 2126 1195">
    <p class='ocr_par' dir='ltr' id='par_1_12' title="bbox 557 1125 2126 1195">
     <span class='ocr_line' id='line_1_12' title="bbox 557 1125 2126 1195; baseline 0.001 -19"><span class='ocrx_word' id='word_1_70' title='bbox 557 1139 761 1177; x_wconf 86' lang='lat' dir='ltr'><strong>nonum</strong></span> <span class='ocrx_word' id='word_1_71' title='bbox 794 1139 968 1189; x_wconf 90' lang='lat' dir='ltr'><strong>reum,</strong></span> <span class='ocrx_word' id='word_1_72' title='bbox 996 1125 1212 1179; x_wconf 92' lang='lat' dir='ltr'><strong>utalios</strong></span> <span class='ocrx_word' id='word_1_73' title='bbox 1251 1126 1492 1180; x_wconf 87' lang='lat' dir='ltr'><strong>omittam</strong></span> <span class='ocrx_word' id='word_1_74' title='bbox 1532 1144 1545 1179; x_wconf 90' lang='lat'>:</span> <span class='ocrx_word' id='word_1_75' title='bbox 1585 1126 1749 1180; x_wconf 90' lang='lat' dir='ltr'><strong>unius</strong></span> <span class='ocrx_word' id='word_1_76' title='bbox 1789 1126 2004 1194; x_wconf 92' lang='lat' dir='ltr'><strong>quidem</strong></span> <span class='ocrx_word' id='word_1_77' title='bbox 2034 1125 2126 1195; x_wconf 92' lang='lat' dir='ltr'><strong>qui</strong></span> 
     </span>
    </p>
   </div>
   <div class='ocr_carea' id='block_1_13' title="bbox 556 1217 2127 1288">
    <p class='ocr_par' dir='ltr' id='par_1_13' title="bbox 556 1217 2127 1288">
     <span class='ocr_line' id='line_1_13' title="bbox 556 1217 2127 1288; baseline 0 -19"><span class='ocrx_word' id='word_1_78' title='bbox 556 1232 658 1271; x_wconf 90' lang='lat' dir='ltr'><strong>nec</strong></span> <span class='ocrx_word' id='word_1_79' title='bbox 706 1218 915 1286; x_wconf 86' lang='lat' dir='ltr'><strong>epulari</strong></span> <span class='ocrx_word' id='word_1_80' title='bbox 978 1218 1356 1288; x_wconf 85' lang='lat' dir='ltr'><strong>presbyterum</strong></span> <span class='ocrx_word' id='word_1_81' title='bbox 1417 1219 1471 1271; x_wconf 92' lang='lat' dir='ltr'><strong>in</strong></span> <span class='ocrx_word' id='word_1_82' title='bbox 1511 1217 1707 1288; x_wconf 89' lang='lat' dir='ltr'><strong>bigami</strong></span> <span class='ocrx_word' id='word_1_83' title='bbox 1759 1217 1961 1286; x_wconf 82' lang='lat' dir='ltr'><strong>nuptiis</strong></span> <span class='ocrx_word' id='word_1_84' title='bbox 1998 1231 2127 1287; x_wconf 91' lang='lat' dir='ltr'><strong>per-</strong></span> 
     </span>
    </p>
   </div>
   <div class='ocr_carea' id='block_1_14' title="bbox 553 1309 2127 1378">
    <p class='ocr_par' dir='ltr' id='par_1_14' title="bbox 553 1309 2127 1378">
     <span class='ocr_line' id='line_1_14' title="bbox 553 1309 2127 1378; baseline 0.002 -17"><span class='ocrx_word' id='word_1_85' title='bbox 553 1309 722 1362; x_wconf 89' lang='lat' dir='ltr'><strong>mittit</strong></span> <span class='ocrx_word' id='word_1_86' title='bbox 747 1310 794 1341; x_wconf 86' lang='grc'><strong>⁸³</strong></span> <span class='ocrx_word' id='word_1_87' title='bbox 843 1311 1115 1378; x_wconf 88' lang='lat' dir='ltr'><strong>(adulteri</strong></span> <span class='ocrx_word' id='word_1_88' title='bbox 1173 1311 1316 1364; x_wconf 91' lang='lat' dir='ltr'><strong>enim</strong></span> <span class='ocrx_word' id='word_1_89' title='bbox 1387 1311 1627 1364; x_wconf 87' lang='lat' dir='ltr'><strong>scribere</strong></span> <span class='ocrx_word' id='word_1_90' title='bbox 1680 1326 1789 1364; x_wconf 92' lang='lat' dir='ltr'><strong>non</strong></span> <span class='ocrx_word' id='word_1_91' title='bbox 1838 1326 2003 1364; x_wconf 90' lang='lat' dir='ltr'><strong>ausus</strong></span> <span class='ocrx_word' id='word_1_92' title='bbox 2043 1319 2127 1364; x_wconf 91' lang='lat' dir='ltr'><strong>est</strong></span> 
     </span>
    </p>
   </div>
   <div class='ocr_carea' id='block_1_15' title="bbox 552 1399 2121 1469">
    <p class='ocr_par' dir='ltr' id='par_1_15' title="bbox 552 1399 2121 1469">
     <span class='ocr_line' id='line_1_15' title="bbox 552 1399 2121 1469; baseline 0.001 -17"><span class='ocrx_word' id='word_1_93' title='bbox 552 1399 799 1467; x_wconf 88' lang='lat' dir='ltr'><strong>canon),</strong></span> <span class='ocrx_word' id='word_1_94' title='bbox 855 1410 1060 1469; x_wconf 85' lang='lat' dir='ltr'><strong>quanto</strong></span> <span class='ocrx_word' id='word_1_95' title='bbox 1119 1401 1300 1454; x_wconf 90' lang='lat' dir='ltr'><strong>minus</strong></span> <span class='ocrx_word' id='word_1_96' title='bbox 1330 1401 1646 1455; x_wconf 89' lang='lat' dir='ltr'><strong>coronare?</strong></span> <span class='ocrx_word' id='word_1_97' title='bbox 1707 1401 1930 1454; x_wconf 85' lang='lat' dir='ltr'><strong>alterius</strong></span> <span class='ocrx_word' id='word_1_98' title='bbox 1975 1415 2121 1464; x_wconf 89' lang='lat' dir='ltr'><strong>vero,</strong></span> 
     </span>
    </p>
   </div>
   <div class='ocr_carea' id='block_1_16' title="bbox 556 1490 2124 1562">
    <p class='ocr_par' dir='ltr' id='par_1_16' title="bbox 556 1490 2124 1562">
     <span class='ocr_line' id='line_1_16' title="bbox 556 1490 2124 1562; baseline 0.001 -19"><span class='ocrx_word' id='word_1_99' title='bbox 556 1490 814 1559; x_wconf 86' lang='lat' dir='ltr'><strong>quoniam</strong></span> <span class='ocrx_word' id='word_1_100' title='bbox 873 1492 960 1561; x_wconf 89' lang='lat' dir='ltr'><strong>qui</strong></span> <span class='ocrx_word' id='word_1_101' title='bbox 1029 1492 1083 1544; x_wconf 91' lang='lat' dir='ltr'><strong>in</strong></span> <span class='ocrx_word' id='word_1_102' title='bbox 1134 1493 1341 1545; x_wconf 87' lang='lat' dir='ltr'><strong>crimen</strong></span> <span class='ocrx_word' id='word_1_103' title='bbox 1393 1492 1613 1561; x_wconf 87' lang='lat' dir='ltr'><strong>aliquod</strong></span> <span class='ocrx_word' id='word_1_104' title='bbox 1669 1493 1851 1562; x_wconf 89' lang='lat' dir='ltr'><strong>lapsus</strong></span> <span class='ocrx_word' id='word_1_105' title='bbox 1896 1493 1993 1557; x_wconf 86' lang='lat' dir='ltr'><strong>sit,</strong></span> <span class='ocrx_word' id='word_1_106' title='bbox 2063 1506 2124 1544; x_wconf 89' lang='lat' dir='ltr'><strong>ac</strong></span> 
     </span>
    </p>
   </div>
   <div class='ocr_carea' id='block_1_17' title="bbox 552 1579 2124 1649">
    <p class='ocr_par' dir='ltr' id='par_1_17' title="bbox 552 1579 2124 1649">
     <span class='ocr_line' id='line_1_17' title="bbox 552 1579 2124 1649; baseline -0.001 -17"><span class='ocrx_word' id='word_1_107' title='bbox 552 1590 838 1649; x_wconf 85' lang='lat' dir='ltr'><strong>propterea</strong></span> <span class='ocrx_word' id='word_1_108' title='bbox 876 1580 1398 1644; x_wconf 82' lang='lat' dir='ltr'><strong>excommunicatus,</strong></span> <span class='ocrx_word' id='word_1_109' title='bbox 1449 1580 1552 1633; x_wconf 89' lang='lat' dir='ltr'><strong>nisi</strong></span> <span class='ocrx_word' id='word_1_110' title='bbox 1606 1579 1744 1633; x_wconf 89' lang='lat' dir='ltr'><strong>intra</strong></span> <span class='ocrx_word' id='word_1_111' title='bbox 1783 1594 1987 1633; x_wconf 89' lang='lat' dir='ltr'><strong>annum</strong></span> <span class='ocrx_word' id='word_1_112' title='bbox 2025 1592 2124 1648; x_wconf 92' lang='lat' dir='ltr'><strong>pro</strong></span> 
     </span>
    </p>
   </div>
   <div class='ocr_carea' id='block_1_18' title="bbox 551 1670 2124 1741">
    <p class='ocr_par' dir='ltr' id='par_1_18' title="bbox 551 1670 2124 1741">
     <span class='ocr_line' id='line_1_18' title="bbox 551 1670 2124 1741; baseline -0.001 -15"><span class='ocrx_word' id='word_1_113' title='bbox 551 1671 994 1727; x_wconf 87' lang='lat' dir='ltr'><strong>reconciliatione</strong></span> <span class='ocrx_word' id='word_1_114' title='bbox 1045 1687 1142 1726; x_wconf 92' lang='lat' dir='ltr'><strong>sua</strong></span> <span class='ocrx_word' id='word_1_115' title='bbox 1190 1679 1413 1740; x_wconf 89' lang='lat' dir='ltr'><strong>pugnet,</strong></span> <span class='ocrx_word' id='word_1_116' title='bbox 1473 1671 1704 1741; x_wconf 88' lang='lat' dir='ltr'><strong>amplius</strong></span> <span class='ocrx_word' id='word_1_117' title='bbox 1752 1670 1964 1724; x_wconf 89' lang='lat' dir='ltr'><strong>admitti</strong></span> <span class='ocrx_word' id='word_1_118' title='bbox 2005 1670 2124 1740; x_wconf 86' lang='lat' dir='ltr'><strong>ejus</strong></span> 
     </span>
    </p>
   </div>
   <div class='ocr_carea' id='block_1_19' title="bbox 551 1762 2122 1832">
    <p class='ocr_par' dir='ltr' id='par_1_19' title="bbox 551 1762 2122 1832">
     <span class='ocr_line' id='line_1_19' title="bbox 551 1762 2122 1832; baseline -0.003 -14"><span class='ocrx_word' id='word_1_119' title='bbox 551 1779 741 1820; x_wconf 84' lang='lat' dir='ltr'><strong>vocem</strong></span> <span class='ocrx_word' id='word_1_120' title='bbox 803 1779 912 1818; x_wconf 88' lang='lat' dir='ltr'><strong>non</strong></span> <span class='ocrx_word' id='word_1_121' title='bbox 969 1764 1096 1818; x_wconf 88' lang='lat' dir='ltr'><strong>licet</strong></span> <span class='ocrx_word' id='word_1_122' title='bbox 1150 1762 1346 1818; x_wconf 74' lang='lat' dir='ltr'><strong>“.llic</strong></span> <span class='ocrx_word' id='word_1_123' title='bbox 1397 1777 1526 1817; x_wconf 77' lang='lat' dir='ltr'><strong>vero</strong></span> <span class='ocrx_word' id='word_1_124' title='bbox 1586 1762 1679 1832; x_wconf 90' lang='lat' dir='ltr'><strong>qui</strong></span> <span class='ocrx_word' id='word_1_125' title='bbox 1718 1777 1913 1816; x_wconf 89' lang='lat' dir='ltr'><strong>novem</strong></span> <span class='ocrx_word' id='word_1_126' title='bbox 1949 1775 2122 1814; x_wconf 87' lang='lat' dir='ltr'><strong>annos</strong></span> 
     </span>
    </p>
   </div>
   <div class='ocr_carea' id='block_1_20' title="bbox 549 1852 2124 1924">
    <p class='ocr_par' dir='ltr' id='par_1_20' title="bbox 549 1852 2124 1924">
     <span class='ocr_line' id='line_1_20' title="bbox 549 1852 2124 1924; baseline -0.003 -14"><span class='ocrx_word' id='word_1_127' title='bbox 549 1865 900 1918; x_wconf 84' lang='lat' dir='ltr'><strong>excesserat,</strong></span> <span class='ocrx_word' id='word_1_128' title='bbox 959 1855 1151 1909; x_wconf 89' lang='lat' dir='ltr'><strong>insiliit</strong></span> <span class='ocrx_word' id='word_1_129' title='bbox 1205 1856 1262 1909; x_wconf 91' lang='lat' dir='ltr'><strong>in</strong></span> <span class='ocrx_word' id='word_1_130' title='bbox 1322 1853 1640 1910; x_wconf 85' lang='lat' dir='ltr'><strong>Ecclesiam.</strong></span> <span class='ocrx_word' id='word_1_131' title='bbox 1715 1853 1770 1907; x_wconf 90' lang='lat' dir='ltr'><strong>Si</strong></span> <span class='ocrx_word' id='word_1_132' title='bbox 1824 1852 1985 1924; x_wconf 81' lang='lat' dir='ltr'><strong>igitur</strong></span> <span class='ocrx_word' id='word_1_133' title='bbox 2035 1852 2124 1906; x_wconf 88' lang='lat' dir='ltr'><strong>hic</strong></span> 
     </span>
    </p>
   </div>
   <div class='ocr_carea' id='block_1_21' title="bbox 551 1947 2122 2018">
    <p class='ocr_par' dir='ltr' id='par_1_21' title="bbox 551 1947 2122 2018">
     <span class='ocr_line' id='line_1_21' title="bbox 551 1947 2122 2018; baseline -0.003 -17"><span class='ocrx_word' id='word_1_134' title='bbox 551 1949 833 2014; x_wconf 91' lang='lat' dir='ltr'><strong>innocens,</strong></span> <span class='ocrx_word' id='word_1_135' title='bbox 888 1947 1058 2002; x_wconf 91' lang='lat' dir='ltr'><strong>multo</strong></span> <span class='ocrx_word' id='word_1_136' title='bbox 1113 1947 1281 2018; x_wconf 89' lang='lat' dir='ltr'><strong>magis</strong></span> <span class='ocrx_word' id='word_1_137' title='bbox 1313 1948 1525 2002; x_wconf 88' lang='lat' dir='ltr'><strong>adulter</strong></span> <span class='ocrx_word' id='word_1_138' title='bbox 1555 1947 1699 2014; x_wconf 92' lang='lat' dir='ltr'><strong>ipse;</strong></span> <span class='ocrx_word' id='word_1_139' title='bbox 1727 1947 1771 2001; x_wconf 91' lang='lat' dir='ltr'><strong>si</strong></span> <span class='ocrx_word' id='word_1_140' title='bbox 1834 1959 1965 1999; x_wconf 86' lang='lat' dir='ltr'><strong>vero</strong></span> <span class='ocrx_word' id='word_1_141' title='bbox 1998 1959 2122 1998; x_wconf 87' lang='lat' dir='ltr'><strong>reus</strong></span> 
     </span>
    </p>
   </div>
   <div class='ocr_carea' id='block_1_22' title="bbox 549 2033 2124 2106">
    <p class='ocr_par' dir='ltr' id='par_1_22' title="bbox 549 2033 2124 2106">
     <span class='ocr_line' id='line_1_22' title="bbox 549 2033 2124 2106; baseline -0.002 -17"><span class='ocrx_word' id='word_1_142' title='bbox 549 2037 652 2090; x_wconf 89' lang='lat' dir='ltr'><strong>iste</strong></span> <span class='ocrx_word' id='word_1_143' title='bbox 683 2036 927 2106; x_wconf 84' lang='lat' dir='ltr'><strong>peccati,</strong></span> <span class='ocrx_word' id='word_1_144' title='bbox 953 2037 1075 2105; x_wconf 87' lang='lat' dir='ltr'><strong>quis</strong></span> <span class='ocrx_word' id='word_1_145' title='bbox 1098 2037 1165 2090; x_wconf 91' lang='lat' dir='ltr'><strong>de</strong></span> <span class='ocrx_word' id='word_1_146' title='bbox 1185 2051 1253 2090; x_wconf 93' lang='lat' dir='ltr'><strong>eo</strong></span> <span class='ocrx_word' id='word_1_147' title='bbox 1293 2037 1565 2106; x_wconf 88' lang='lat' dir='ltr'><strong>ambigat,</strong></span> <span class='ocrx_word' id='word_1_148' title='bbox 1599 2036 1691 2104; x_wconf 87' lang='lat' dir='ltr'><strong>qui</strong></span> <span class='ocrx_word' id='word_1_149' title='bbox 1725 2033 2028 2104; x_wconf 75' lang='lat' dir='ltr'><strong>conjunxit,</strong></span> <span class='ocrx_word' id='word_1_150' title='bbox 2069 2042 2124 2087; x_wconf 91' lang='lat' dir='ltr'><strong>et</strong></span> 
     </span>
    </p>
   </div>
   <div class='ocr_carea' id='block_1_23' title="bbox 549 2125 2122 2198">
    <p class='ocr_par' dir='ltr' id='par_1_23' title="bbox 549 2125 2122 2198">
     <span class='ocr_line' id='line_1_23' title="bbox 549 2125 2122 2198; baseline -0.001 -18"><span class='ocrx_word' id='word_1_151' title='bbox 549 2128 604 2180; x_wconf 86' lang='lat' dir='ltr'><strong>in</strong></span> <span class='ocrx_word' id='word_1_152' title='bbox 635 2126 897 2197; x_wconf 87' lang='lat' dir='ltr'><strong>Spiritum</strong></span> <span class='ocrx_word' id='word_1_153' title='bbox 927 2136 1179 2182; x_wconf 91' lang='lat' dir='ltr'><strong>sanctum</strong></span> <span class='ocrx_word' id='word_1_154' title='bbox 1223 2127 1653 2198; x_wconf 78' lang='lat' dir='ltr'><strong>blasphemavit,</strong></span> <span class='ocrx_word' id='word_1_155' title='bbox 1698 2127 1827 2197; x_wconf 87' lang='lat' dir='ltr'><strong>quin</strong></span> <span class='ocrx_word' id='word_1_156' title='bbox 1860 2125 2122 2195; x_wconf 87' lang='lat' dir='ltr'><strong>impurior</strong></span> 
     </span>
    </p>
   </div>
   <div class='ocr_carea' id='block_1_24' title="bbox 549 2215 1150 2271">
    <p class='ocr_par' dir='ltr' id='par_1_24' title="bbox 549 2215 1150 2271">
     <span class='ocr_line' id='line_1_24' title="bbox 549 2215 1150 2271; baseline -0.002 -3"><span class='ocrx_word' id='word_1_157' title='bbox 549 2215 617 2268; x_wconf 85' lang='lat' dir='ltr'><strong>sit</strong></span> <span class='ocrx_word' id='word_1_158' title='bbox 644 2225 699 2270; x_wconf 92' lang='lat' dir='ltr'><strong>et</strong></span> <span class='ocrx_word' id='word_1_159' title='bbox 737 2215 1104 2271; x_wconf 75' lang='lat' dir='ltr'><strong>detestabilior</strong></span> <span class='ocrx_word' id='word_1_160' title='bbox 1127 2217 1150 2268; x_wconf 90' lang='lat'><strong>?</strong></span> 
     </span>
    </p>
   </div>
   <div class='ocr_carea' id='block_1_25' title="bbox 621 2499 2114 2569">
    <p class='ocr_par' dir='ltr' id='par_1_25' title="bbox 621 2499 2114 2569">
     <span class='ocr_line' id='line_1_25' title="bbox 621 2499 2114 2569; baseline -0.003 -15"><span class='ocrx_word' id='word_1_161' title='bbox 621 2503 747 2555; x_wconf 64' lang='grc' dir='ltr'><strong>ΙΙωο</strong></span> <span class='ocrx_word' id='word_1_162' title='bbox 768 2513 915 2564; x_wconf 85' lang='lat' dir='ltr'><strong>sunt,</strong></span> <span class='ocrx_word' id='word_1_163' title='bbox 948 2499 1106 2554; x_wconf 88' lang='lat' dir='ltr'><strong>Pater</strong></span> <span class='ocrx_word' id='word_1_164' title='bbox 1146 2509 1354 2566; x_wconf 85' lang='lat' dir='ltr'><strong>sancte,</strong></span> <span class='ocrx_word' id='word_1_165' title='bbox 1387 2514 1507 2569; x_wconf 68' lang='lat' dir='ltr'><strong>quae</strong></span> <span class='ocrx_word' id='word_1_166' title='bbox 1526 2514 1617 2554; x_wconf 93' lang='lat' dir='ltr'><strong>cor</strong></span> <span class='ocrx_word' id='word_1_167' title='bbox 1635 2508 1882 2552; x_wconf 88' lang='lat' dir='ltr'><strong>nostrum</strong></span> <span class='ocrx_word' id='word_1_168' title='bbox 1905 2507 2114 2551; x_wconf 88' lang='lat' dir='ltr'><strong>contra-</strong></span> 
     </span>
    </p>
   </div>
   <div class='ocr_carea' id='block_1_26' title="bbox 550 2586 2121 2655">
    <p class='ocr_par' dir='ltr' id='par_1_26' title="bbox 550 2586 2121 2655">
     <span class='ocr_line' id='line_1_26' title="bbox 550 2586 2121 2655; baseline -0.003 -11"><span class='ocrx_word' id='word_1_169' title='bbox 550 2592 713 2654; x_wconf 90' lang='lat' dir='ltr'><strong>hunt,</strong></span> <span class='ocrx_word' id='word_1_170' title='bbox 742 2598 795 2643; x_wconf 89' lang='lat' dir='ltr'><strong>et</strong></span> <span class='ocrx_word' id='word_1_171' title='bbox 835 2590 1086 2643; x_wconf 90' lang='lat' dir='ltr'><strong>timorem</strong></span> <span class='ocrx_word' id='word_1_172' title='bbox 1115 2589 1410 2642; x_wconf 88' lang='lat' dir='ltr'><strong>incutiunt.</strong></span> <span class='ocrx_word' id='word_1_173' title='bbox 1447 2588 1598 2642; x_wconf 82' lang='lat' dir='ltr'><strong>Hanc</strong></span> <span class='ocrx_word' id='word_1_174' title='bbox 1624 2589 1693 2641; x_wconf 89' lang='lat' dir='ltr'><strong>ob</strong></span> <span class='ocrx_word' id='word_1_175' title='bbox 1724 2603 1942 2642; x_wconf 90' lang='lat' dir='ltr'><strong>causam</strong></span> <span class='ocrx_word' id='word_1_176' title='bbox 1978 2586 2121 2655; x_wconf 89' lang='lat' dir='ltr'><strong>quod</strong></span> 
     </span>
    </p>
   </div>
   <div class='ocr_carea' id='block_1_27' title="bbox 548 2679 2120 2748">
    <p class='ocr_par' dir='ltr' id='par_1_27' title="bbox 548 2679 2120 2748">
     <span class='ocr_line' id='line_1_27' title="bbox 548 2679 2120 2748; baseline -0.002 -13"><span class='ocrx_word' id='word_1_177' title='bbox 548 2697 670 2736; x_wconf 92' lang='lat' dir='ltr'><strong>cum</strong></span> <span class='ocrx_word' id='word_1_178' title='bbox 702 2682 804 2735; x_wconf 91' lang='lat' dir='ltr'><strong>isto</strong></span> <span class='ocrx_word' id='word_1_179' title='bbox 834 2696 942 2734; x_wconf 91' lang='lat' dir='ltr'><strong>non</strong></span> <span class='ocrx_word' id='word_1_180' title='bbox 961 2680 1422 2735; x_wconf 73' lang='lat' dir='ltr'><strong>communicarent</strong></span> <span class='ocrx_word' id='word_1_181' title='bbox 1444 2721 1458 2746; x_wconf 92' lang='lat'><strong>,</strong></span> <span class='ocrx_word' id='word_1_182' title='bbox 1488 2694 1592 2734; x_wconf 91' lang='lat' dir='ltr'><strong>nec</strong></span> <span class='ocrx_word' id='word_1_183' title='bbox 1630 2694 1752 2734; x_wconf 92' lang='lat' dir='ltr'><strong>cum</strong></span> <span class='ocrx_word' id='word_1_184' title='bbox 1783 2679 2120 2748; x_wconf 70' lang='lat' dir='ltr'><strong>prarcedente</strong></span> 
     </span>
    </p>
   </div>
   <div class='ocr_carea' id='block_1_28' title="bbox 546 2770 2120 2844">
    <p class='ocr_par' dir='ltr' id='par_1_28' title="bbox 546 2770 2120 2844">
     <span class='ocr_line' id='line_1_28' title="bbox 546 2770 2120 2844; baseline -0.002 -18"><span class='ocrx_word' id='word_1_185' title='bbox 546 2773 878 2844; x_wconf 85' lang='lat' dir='ltr'><strong>patriarcha,</strong></span> <span class='ocrx_word' id='word_1_186' title='bbox 922 2773 1011 2842; x_wconf 85' lang='lat' dir='ltr'><strong>qui</strong></span> <span class='ocrx_word' id='word_1_187' title='bbox 1044 2772 1290 2826; x_wconf 91' lang='lat' dir='ltr'><strong>adultero</strong></span> <span class='ocrx_word' id='word_1_188' title='bbox 1320 2773 1760 2826; x_wconf 86' lang='lat' dir='ltr'><strong>communionem</strong></span> <span class='ocrx_word' id='word_1_189' title='bbox 1804 2771 2003 2826; x_wconf 86' lang='lat' dir='ltr'><strong>dabat:</strong></span> <span class='ocrx_word' id='word_1_190' title='bbox 2033 2770 2120 2824; x_wconf 87' lang='lat' dir='ltr'><strong>in-</strong></span> 
     </span>
    </p>
   </div>
   <div class='ocr_carea' id='block_1_29' title="bbox 549 2864 2117 2936">
    <p class='ocr_par' dir='ltr' id='par_1_29' title="bbox 549 2864 2117 2936">
     <span class='ocr_line' id='line_1_29' title="bbox 549 2864 2117 2936; baseline -0.001 -17"><span class='ocrx_word' id='word_1_191' title='bbox 549 2866 684 2919; x_wconf 83' lang='lat' dir='ltr'><strong>clusi</strong></span> <span class='ocrx_word' id='word_1_192' title='bbox 716 2865 917 2918; x_wconf 82' lang='lat' dir='ltr'><strong>fuimus</strong></span> <span class='ocrx_word' id='word_1_193' title='bbox 943 2904 958 2930; x_wconf 92' lang='lat'><strong>,</strong></span> <span class='ocrx_word' id='word_1_194' title='bbox 1007 2879 1106 2936; x_wconf 85' lang='lat' dir='ltr'><strong>ego</strong></span> <span class='ocrx_word' id='word_1_195' title='bbox 1156 2864 1376 2934; x_wconf 81' lang='lat' dir='ltr'><strong>quidem</strong></span> <span class='ocrx_word' id='word_1_196' title='bbox 1407 2865 1460 2918; x_wconf 94' lang='lat' dir='ltr'><strong>in</strong></span> <span class='ocrx_word' id='word_1_197' title='bbox 1498 2881 1562 2920; x_wconf 90' lang='lat' dir='ltr'><strong>eo</strong></span> <span class='ocrx_word' id='word_1_198' title='bbox 1590 2865 1679 2919; x_wconf 91' lang='lat' dir='ltr'><strong>ubi</strong></span> <span class='ocrx_word' id='word_1_199' title='bbox 1714 2865 1919 2919; x_wconf 86' lang='lat' dir='ltr'><strong>resides</strong></span> <span class='ocrx_word' id='word_1_200' title='bbox 1959 2864 2117 2930; x_wconf 92' lang='lat' dir='ltr'><strong>loco;</strong></span> 
     </span>
    </p>
   </div>
   <div class='ocr_carea' id='block_1_30' title="bbox 548 2955 2116 3027">
    <p class='ocr_par' dir='ltr' id='par_1_30' title="bbox 548 2955 2116 3027">
     <span class='ocr_line' id='line_1_30' title="bbox 548 2955 2116 3027; baseline -0.003 -15"><span class='ocrx_word' id='word_1_201' title='bbox 548 2959 872 3027; x_wconf 51' lang='lat' dir='ltr'><strong>priepositus</strong></span> <span class='ocrx_word' id='word_1_202' title='bbox 896 2966 1076 3011; x_wconf 90' lang='lat' dir='ltr'><strong>autem</strong></span> <span class='ocrx_word' id='word_1_203' title='bbox 1109 2968 1162 3011; x_wconf 87' lang='lat' dir='ltr'><strong>ct</strong></span> <span class='ocrx_word' id='word_1_204' title='bbox 1186 2958 1377 3027; x_wconf 86' lang='lat' dir='ltr'><strong>reliqui</strong></span> <span class='ocrx_word' id='word_1_205' title='bbox 1409 2957 1851 3012; x_wconf 82' lang='lat' dir='ltr'><strong>Thessalonicam</strong></span> <span class='ocrx_word' id='word_1_206' title='bbox 1877 2955 2116 3026; x_wconf 88' lang='lat' dir='ltr'><strong>relegati.</strong></span> 
     </span>
    </p>
   </div>
   <div class='ocr_carea' id='block_1_31' title="bbox 549 3047 2114 3118">
    <p class='ocr_par' dir='ltr' id='par_1_31' title="bbox 549 3047 2114 3118">
     <span class='ocr_line' id='line_1_31' title="bbox 549 3047 2114 3118; baseline -0.002 -17"><span class='ocrx_word' id='word_1_207' title='bbox 549 3049 655 3102; x_wconf 87' lang='lat' dir='ltr'><strong>Sed</strong></span> <span class='ocrx_word' id='word_1_208' title='bbox 705 3048 886 3102; x_wconf 88' lang='lat' dir='ltr'><strong>denuo</strong></span> <span class='ocrx_word' id='word_1_209' title='bbox 935 3047 1283 3118; x_wconf 89' lang='lat' dir='ltr'><strong>congregavit</strong></span> <span class='ocrx_word' id='word_1_210' title='bbox 1318 3061 1420 3100; x_wconf 91' lang='lat' dir='ltr'><strong>nos</strong></span> <span class='ocrx_word' id='word_1_211' title='bbox 1469 3047 1612 3101; x_wconf 87' lang='lat' dir='ltr'><strong>Deus</strong></span> <span class='ocrx_word' id='word_1_212' title='bbox 1661 3048 1911 3116; x_wconf 85' lang='lat' dir='ltr'><strong>precibus</strong></span> <span class='ocrx_word' id='word_1_213' title='bbox 1963 3047 2114 3100; x_wconf 88' lang='lat' dir='ltr'><strong>tuis:</strong></span> 
     </span>
    </p>
   </div>
   <div class='ocr_carea' id='block_1_32' title="bbox 547 3140 2194 3240">
    <p class='ocr_par' dir='ltr' id='par_1_32' title="bbox 547 3140 2194 3240">
     <span class='ocr_line' id='line_1_32' title="bbox 547 3140 2194 3240; baseline 0 -45"><span class='ocrx_word' id='word_1_214' title='bbox 547 3158 609 3197; x_wconf 82' lang='lat' dir='ltr'><strong>ac</strong></span> <span class='ocrx_word' id='word_1_215' title='bbox 629 3158 697 3196; x_wconf 88' lang='lat' dir='ltr'><strong>ne</strong></span> <span class='ocrx_word' id='word_1_216' title='bbox 723 3142 799 3195; x_wconf 91' lang='lat' dir='ltr'><strong>sic</strong></span> <span class='ocrx_word' id='word_1_217' title='bbox 818 3141 1036 3209; x_wconf 88' lang='lat' dir='ltr'><strong>quidem</strong></span> <span class='ocrx_word' id='word_1_218' title='bbox 1070 3150 1276 3194; x_wconf 86' lang='lat' dir='ltr'><strong>temere</strong></span> <span class='ocrx_word' id='word_1_219' title='bbox 1296 3154 1396 3193; x_wconf 90' lang='lat' dir='ltr'><strong>nos</strong></span> <span class='ocrx_word' id='word_1_220' title='bbox 1414 3140 1758 3209; x_wconf 82' lang='lat' dir='ltr'><strong>adjunximus</strong></span> <span class='ocrx_word' id='word_1_221' title='bbox 1776 3141 2117 3209; x_wconf 73' lang='lat' dir='ltr'><strong>patriarchae,</strong></span> <span class='ocrx_word' id='word_1_222' title='bbox 2149 3177 2194 3240; x_wconf 61' lang='grc' dir='ltr'><strong>Ο</strong></span> 
     </span>
    </p>
   </div>
   <div class='ocr_carea' id='block_1_33' title="bbox 547 3233 2118 3304">
    <p class='ocr_par' dir='ltr' id='par_1_33' title="bbox 547 3233 2118 3304">
     <span class='ocr_line' id='line_1_33' title="bbox 547 3233 2118 3304; baseline -0.001 -15"><span class='ocrx_word' id='word_1_223' title='bbox 547 3235 652 3289; x_wconf 91' lang='lat' dir='ltr'><strong>nisi</strong></span> <span class='ocrx_word' id='word_1_224' title='bbox 691 3245 975 3304; x_wconf 90' lang='lat' dir='ltr'><strong>postquam</strong></span> <span class='ocrx_word' id='word_1_225' title='bbox 1004 3233 1180 3289; x_wconf 89' lang='lat' dir='ltr'><strong>fassus</strong></span> <span class='ocrx_word' id='word_1_226' title='bbox 1202 3243 1286 3289; x_wconf 84' lang='lat' dir='ltr'><strong>est</strong></span> <span class='ocrx_word' id='word_1_227' title='bbox 1323 3248 1425 3288; x_wconf 93' lang='lat' dir='ltr'><strong>nos</strong></span> <span class='ocrx_word' id='word_1_228' title='bbox 1455 3244 1604 3288; x_wconf 88' lang='lat' dir='ltr'><strong>recte</strong></span> <span class='ocrx_word' id='word_1_229' title='bbox 1639 3233 1858 3288; x_wconf 83' lang='lat' dir='ltr'><strong>fecisse.</strong></span> <span class='ocrx_word' id='word_1_230' title='bbox 1890 3233 1945 3287; x_wconf 91' lang='lat' dir='ltr'><strong>Si</strong></span> <span class='ocrx_word' id='word_1_231' title='bbox 1971 3249 2118 3304; x_wconf 91' lang='lat' dir='ltr'><strong>ergo,</strong></span> 
     </span>
    </p>
   </div>
   <div class='ocr_carea' id='block_1_34' title="bbox 546 3326 2117 3397">
    <p class='ocr_par' dir='ltr' id='par_1_34' title="bbox 546 3326 2117 3397">
     <span class='ocr_line' id='line_1_34' title="bbox 546 3326 2117 3397; baseline 0.001 -17"><span class='ocrx_word' id='word_1_232' title='bbox 546 3342 668 3381; x_wconf 89' lang='lat' dir='ltr'><strong>cum</strong></span> <span class='ocrx_word' id='word_1_233' title='bbox 694 3335 946 3396; x_wconf 90' lang='lat' dir='ltr'><strong>regnaret</strong></span> <span class='ocrx_word' id='word_1_234' title='bbox 981 3326 1304 3380; x_wconf 89' lang='lat' dir='ltr'><strong>adulterium</strong></span> <span class='ocrx_word' id='word_1_235' title='bbox 1335 3335 1390 3381; x_wconf 90' lang='lat' dir='ltr'><strong>et</strong></span> <span class='ocrx_word' id='word_1_236' title='bbox 1419 3342 1690 3382; x_wconf 89' lang='lat' dir='ltr'><strong>canonum</strong></span> <span class='ocrx_word' id='word_1_237' title='bbox 1725 3327 2084 3397; x_wconf 88' lang='lat' dir='ltr'><strong>transgressio</strong></span> <span class='ocrx_word' id='word_1_238' title='bbox 2104 3368 2117 3392; x_wconf 94' lang='lat'><strong>,</strong></span> 
     </span>
    </p>
   </div>
   <div class='ocr_carea' id='block_1_35' title="bbox 547 3416 2119 3482">
    <p class='ocr_par' dir='ltr' id='par_1_35' title="bbox 547 3416 2119 3482">
     <span class='ocr_line' id='line_1_35' title="bbox 547 3416 2119 3482; baseline 0 -13"><span class='ocrx_word' id='word_1_239' title='bbox 547 3426 695 3470; x_wconf 88' lang='lat' dir='ltr'><strong>metu</strong></span> <span class='ocrx_word' id='word_1_240' title='bbox 740 3417 968 3470; x_wconf 89' lang='lat' dir='ltr'><strong>minime</strong></span> <span class='ocrx_word' id='word_1_241' title='bbox 1015 3416 1515 3480; x_wconf 88' lang='lat' dir='ltr'><strong>dissimulavimus,</strong></span> <span class='ocrx_word' id='word_1_242' title='bbox 1569 3416 1663 3470; x_wconf 90' lang='lat' dir='ltr'><strong>Dei</strong></span> <span class='ocrx_word' id='word_1_243' title='bbox 1709 3417 1908 3471; x_wconf 91' lang='lat' dir='ltr'><strong>virtute</strong></span> <span class='ocrx_word' id='word_1_244' title='bbox 1954 3416 2119 3482; x_wconf 89' lang='lat' dir='ltr'><strong>freti,</strong></span> 
     </span>
    </p>
   </div>
   <div class='ocr_carea' id='block_1_36' title="bbox 546 3508 2120 3578">
    <p class='ocr_par' dir='ltr' id='par_1_36' title="bbox 546 3508 2120 3578">
     <span class='ocr_line' id='line_1_36' title="bbox 546 3508 2120 3578; baseline -0.001 -15"><span class='ocrx_word' id='word_1_245' title='bbox 546 3509 819 3578; x_wconf 80' lang='lat' dir='ltr'><strong>quomodo</strong></span> <span class='ocrx_word' id='word_1_246' title='bbox 841 3525 1006 3572; x_wconf 88' lang='lat' dir='ltr'><strong>nunc,</strong></span> <span class='ocrx_word' id='word_1_247' title='bbox 1038 3509 1129 3578; x_wconf 91' lang='lat' dir='ltr'><strong>pio</strong></span> <span class='ocrx_word' id='word_1_248' title='bbox 1159 3508 1477 3563; x_wconf 89' lang='lat' dir='ltr'><strong>dominante</strong></span> <span class='ocrx_word' id='word_1_249' title='bbox 1503 3509 1750 3578; x_wconf 91' lang='lat' dir='ltr'><strong>imperio,</strong></span> <span class='ocrx_word' id='word_1_250' title='bbox 1785 3509 1946 3563; x_wconf 89' lang='lat' dir='ltr'><strong>unius</strong></span> <span class='ocrx_word' id='word_1_251' title='bbox 1994 3524 2120 3578; x_wconf 87' lang='lat' dir='ltr'><strong>pre-</strong></span> 
     </span>
    </p>
   </div>
   <div class='ocr_carea' id='block_1_37' title="bbox 546 3600 2120 3672">
    <p class='ocr_par' dir='ltr' id='par_1_37' title="bbox 546 3600 2120 3672">
     <span class='ocr_line' id='line_1_37' title="bbox 546 3600 2120 3672; baseline 0 -18"><span class='ocrx_word' id='word_1_252' title='bbox 546 3601 751 3672; x_wconf 87' lang='lat' dir='ltr'><strong>sbyteri</strong></span> <span class='ocrx_word' id='word_1_253' title='bbox 786 3616 946 3655; x_wconf 88' lang='lat' dir='ltr'><strong>causa</strong></span> <span class='ocrx_word' id='word_1_254' title='bbox 986 3601 1287 3654; x_wconf 87' lang='lat' dir='ltr'><strong>timidiores</strong></span> <span class='ocrx_word' id='word_1_255' title='bbox 1303 3602 1526 3662; x_wconf 89' lang='lat' dir='ltr'><strong>erimus,</strong></span> <span class='ocrx_word' id='word_1_256' title='bbox 1568 3600 1967 3669; x_wconf 90' lang='lat' dir='ltr'><strong>prodemusque</strong></span> <span class='ocrx_word' id='word_1_257' title='bbox 1997 3616 2120 3654; x_wconf 92' lang='lat' dir='ltr'><strong>cum</strong></span> 
     </span>
    </p>
   </div>
   <div class='ocr_carea' id='block_1_38' title="bbox 547 3690 2121 3762">
    <p class='ocr_par' dir='ltr' id='par_1_38' title="bbox 547 3690 2121 3762">
     <span class='ocr_line' id='line_1_38' title="bbox 547 3690 2121 3762; baseline -0.001 -15"><span class='ocrx_word' id='word_1_258' title='bbox 547 3703 737 3762; x_wconf 78' lang='lat' dir='ltr'><strong>aperto</strong></span> <span class='ocrx_word' id='word_1_259' title='bbox 767 3693 962 3747; x_wconf 69' lang='lat' dir='ltr'><strong>anima:</strong></span> <span class='ocrx_word' id='word_1_260' title='bbox 985 3693 1226 3762; x_wconf 87' lang='lat' dir='ltr'><strong>periculo</strong></span> <span class='ocrx_word' id='word_1_261' title='bbox 1250 3693 1534 3746; x_wconf 91' lang='lat' dir='ltr'><strong>veritatem</strong></span> <span class='ocrx_word' id='word_1_262' title='bbox 1560 3692 1581 3744; x_wconf 89' lang='lat'>?</span> <span class='ocrx_word' id='word_1_263' title='bbox 1606 3690 1954 3761; x_wconf 85' lang='lat' dir='ltr'><strong>Nequaquam</strong></span> <span class='ocrx_word' id='word_1_264' title='bbox 1987 3712 1998 3746; x_wconf 91' lang='lat'><strong>:</strong></span> <span class='ocrx_word' id='word_1_265' title='bbox 2027 3693 2121 3748; x_wconf 90' lang='lat' dir='ltr'><strong>sed</strong></span> 
     </span>
    </p>
   </div>
   <div class='ocr_carea' id='block_1_39' title="bbox 550 3783 2121 3854">
    <p class='ocr_par' dir='ltr' id='par_1_39' title="bbox 550 3783 2121 3854">
     <span class='ocr_line' id='line_1_39' title="bbox 550 3783 2121 3854; baseline -0.001 -15"><span class='ocrx_word' id='word_1_266' title='bbox 550 3785 770 3840; x_wconf 86' lang='lat' dir='ltr'><strong>ferenda</strong></span> <span class='ocrx_word' id='word_1_267' title='bbox 799 3784 955 3840; x_wconf 89' lang='lat' dir='ltr'><strong>nobis</strong></span> <span class='ocrx_word' id='word_1_268' title='bbox 974 3783 1156 3854; x_wconf 87' lang='lat' dir='ltr'><strong>potius</strong></span> <span class='ocrx_word' id='word_1_269' title='bbox 1185 3785 1364 3838; x_wconf 88' lang='lat' dir='ltr'><strong>omnia</strong></span> <span class='ocrx_word' id='word_1_270' title='bbox 1393 3799 1560 3853; x_wconf 89' lang='lat' dir='ltr'><strong>usque</strong></span> <span class='ocrx_word' id='word_1_271' title='bbox 1582 3785 1648 3839; x_wconf 90' lang='lat' dir='ltr'><strong>ad</strong></span> <span class='ocrx_word' id='word_1_272' title='bbox 1672 3793 1926 3846; x_wconf 90' lang='lat' dir='ltr'><strong>mortem,</strong></span> <span class='ocrx_word' id='word_1_273' title='bbox 1960 3799 2121 3852; x_wconf 91' lang='lat' dir='ltr'><strong>quam</strong></span> 
     </span>
    </p>
   </div>
   <div class='ocr_carea' id='block_1_40' title="bbox 549 3876 2121 3946">
    <p class='ocr_par' dir='ltr' id='par_1_40' title="bbox 549 3876 2121 3946">
     <span class='ocr_line' id='line_1_40' title="bbox 549 3876 2121 3946; baseline -0.001 -14"><span class='ocrx_word' id='word_1_274' title='bbox 549 3890 608 3932; x_wconf 91' lang='lat' dir='ltr'><strong>ut</strong></span> <span class='ocrx_word' id='word_1_275' title='bbox 638 3893 763 3932; x_wconf 93' lang='lat' dir='ltr'><strong>cum</strong></span> <span class='ocrx_word' id='word_1_276' title='bbox 790 3892 855 3932; x_wconf 92' lang='lat' dir='ltr'><strong>eo</strong></span> <span class='ocrx_word' id='word_1_277' title='bbox 878 3878 1365 3940; x_wconf 90' lang='lat' dir='ltr'><strong>communicemus,</strong></span> <span class='ocrx_word' id='word_1_278' title='bbox 1397 3878 1482 3933; x_wconf 90' lang='lat' dir='ltr'><strong>vel</strong></span> <span class='ocrx_word' id='word_1_279' title='bbox 1518 3893 1642 3931; x_wconf 90' lang='lat' dir='ltr'><strong>cum</strong></span> <span class='ocrx_word' id='word_1_280' title='bbox 1667 3877 1732 3931; x_wconf 91' lang='lat' dir='ltr'><strong>iis</strong></span> <span class='ocrx_word' id='word_1_281' title='bbox 1756 3877 1846 3946; x_wconf 90' lang='lat' dir='ltr'><strong>qui</strong></span> <span class='ocrx_word' id='word_1_282' title='bbox 1881 3893 2003 3932; x_wconf 92' lang='lat' dir='ltr'><strong>cum</strong></span> <span class='ocrx_word' id='word_1_283' title='bbox 2032 3876 2121 3931; x_wconf 89' lang='lat' dir='ltr'><strong>illo</strong></span> 
     </span>
    </p>
   </div>
   <div class='ocr_carea' id='block_1_41' title="bbox 547 3969 2121 4038">
    <p class='ocr_par' dir='ltr' id='par_1_41' title="bbox 547 3969 2121 4038">
     <span class='ocr_line' id='line_1_41' title="bbox 547 3969 2121 4038; baseline 0.001 -17"><span class='ocrx_word' id='word_1_284' title='bbox 547 3969 901 4024; x_wconf 82' lang='lat' dir='ltr'><strong>sacriﬁcant:</strong></span> <span class='ocrx_word' id='word_1_285' title='bbox 955 3970 1131 4037; x_wconf 89' lang='lat' dir='ltr'><strong>quoad</strong></span> <span class='ocrx_word' id='word_1_286' title='bbox 1182 3969 1424 4038; x_wconf 81' lang='lat' dir='ltr'><strong>privetur</strong></span> <span class='ocrx_word' id='word_1_287' title='bbox 1475 3970 1804 4029; x_wconf 84' lang='lat' dir='ltr'><strong>sacerdotio.</strong></span> <span class='ocrx_word' id='word_1_288' title='bbox 1860 3969 2121 4037; x_wconf 88' lang='lat' dir='ltr'><strong>quemad-</strong></span> 
     </span>
    </p>
   </div>
   <div class='ocr_carea' id='block_1_42' title="bbox 546 4052 2122 4122">
    <p class='ocr_par' dir='ltr' id='par_1_42' title="bbox 546 4052 2122 4122">
     <span class='ocr_line' id='line_1_42' title="bbox 546 4052 2122 4122; baseline -0.001 -17"><span class='ocrx_word' id='word_1_289' title='bbox 546 4052 765 4106; x_wconf 87' lang='lat' dir='ltr'><strong>modum</strong></span> <span class='ocrx_word' id='word_1_290' title='bbox 793 4052 893 4105; x_wconf 89' lang='lat' dir='ltr'><strong>sub</strong></span> <span class='ocrx_word' id='word_1_291' title='bbox 917 4053 1100 4120; x_wconf 89' lang='lat' dir='ltr'><strong>priore</strong></span> <span class='ocrx_word' id='word_1_292' title='bbox 1128 4052 1456 4122; x_wconf 89' lang='lat' dir='ltr'><strong>patriarcha.</strong></span> <span class='ocrx_word' id='word_1_293' title='bbox 1485 4053 1614 4106; x_wconf 88' lang='lat' dir='ltr'><strong>Esto</strong></span> <span class='ocrx_word' id='word_1_294' title='bbox 1643 4067 1995 4106; x_wconf 66' lang='lat' dir='ltr'><strong>uaconomus:</strong></span> <span class='ocrx_word' id='word_1_295' title='bbox 2025 4067 2122 4106; x_wconf 91' lang='lat' dir='ltr'><strong>cur</strong></span> 
     </span>
    </p>
   </div>
   <div class='ocr_carea' id='block_1_43' title="bbox 546 4142 2117 4213">
    <p class='ocr_par' dir='ltr' id='par_1_43' title="bbox 546 4142 2117 4213">
     <span class='ocr_line' id='line_1_43' title="bbox 546 4142 2117 4213; baseline 0.001 -18"><span class='ocrx_word' id='word_1_296' title='bbox 546 4146 708 4197; x_wconf 75' lang='lat' dir='ltr'><strong>etiam</strong></span> <span class='ocrx_word' id='word_1_297' title='bbox 737 4143 952 4213; x_wconf 90' lang='lat' dir='ltr'><strong>indigne</strong></span> <span class='ocrx_word' id='word_1_298' title='bbox 975 4145 1140 4197; x_wconf 89' lang='lat' dir='ltr'><strong>sacris</strong></span> <span class='ocrx_word' id='word_1_299' title='bbox 1167 4154 1418 4213; x_wconf 91' lang='lat' dir='ltr'><strong>operatur</strong></span> <span class='ocrx_word' id='word_1_300' title='bbox 1438 4144 1461 4196; x_wconf 91' lang='lat'><strong>?</strong></span> <span class='ocrx_word' id='word_1_301' title='bbox 1481 4143 1647 4198; x_wconf 88' lang='lat' dir='ltr'><strong>Desiit</strong></span> <span class='ocrx_word' id='word_1_302' title='bbox 1675 4158 1795 4200; x_wconf 89' lang='lat' dir='ltr'><strong>esse</strong></span> <span class='ocrx_word' id='word_1_303' title='bbox 1814 4142 2117 4213; x_wconf 88' lang='lat' dir='ltr'><strong>presbyter.</strong></span> 
     </span>
    </p>
   </div>
   <div class='ocr_carea' id='block_1_44' title="bbox 546 4233 2121 4307">
    <p class='ocr_par' dir='ltr' id='par_1_44' title="bbox 546 4233 2121 4307">
     <span class='ocr_line' id='line_1_44' title="bbox 546 4233 2121 4307; baseline -0.001 -19"><span class='ocrx_word' id='word_1_304' title='bbox 546 4236 702 4300; x_wconf 83' lang='lat' dir='ltr'><strong>Quod</strong></span> <span class='ocrx_word' id='word_1_305' title='bbox 757 4235 801 4288; x_wconf 92' lang='lat' dir='ltr'><strong>si</strong></span> <span class='ocrx_word' id='word_1_306' title='bbox 863 4237 979 4290; x_wconf 83' lang='lat' dir='ltr'><strong>haec</strong></span> <span class='ocrx_word' id='word_1_307' title='bbox 1006 4236 1110 4289; x_wconf 90' lang='lat' dir='ltr'><strong>illis</strong></span> <span class='ocrx_word' id='word_1_308' title='bbox 1151 4252 1259 4290; x_wconf 93' lang='lat' dir='ltr'><strong>non</strong></span> <span class='ocrx_word' id='word_1_309' title='bbox 1291 4237 1524 4306; x_wconf 88' lang='lat' dir='ltr'><strong>placent,</strong></span> <span class='ocrx_word' id='word_1_310' title='bbox 1556 4237 1648 4307; x_wconf 92' lang='lat' dir='ltr'><strong>qui</strong></span> <span class='ocrx_word' id='word_1_311' title='bbox 1688 4251 1808 4291; x_wconf 93' lang='lat' dir='ltr'><strong>cum</strong></span> <span class='ocrx_word' id='word_1_312' title='bbox 1837 4251 1902 4290; x_wconf 91' lang='lat' dir='ltr'><strong>eo</strong></span> <span class='ocrx_word' id='word_1_313' title='bbox 1951 4233 2121 4290; x_wconf 85' lang='lat' dir='ltr'><strong>sacri-</strong></span> 
     </span>
    </p>
   </div>
   <div class='ocr_carea' id='block_1_45' title="bbox 548 4327 2118 4399">
    <p class='ocr_par' dir='ltr' id='par_1_45' title="bbox 548 4327 2118 4399">
     <span class='ocr_line' id='line_1_45' title="bbox 548 4327 2118 4399; baseline 0.001 -18"><span class='ocrx_word' id='word_1_314' title='bbox 548 4328 733 4391; x_wconf 81' lang='lat' dir='ltr'><strong>ficant,</strong></span> <span class='ocrx_word' id='word_1_315' title='bbox 786 4327 1048 4382; x_wconf 88' lang='lat' dir='ltr'><strong>videbunt</strong></span> <span class='ocrx_word' id='word_1_316' title='bbox 1088 4329 1361 4397; x_wconf 90' lang='lat' dir='ltr'><strong>quomodo</strong></span> <span class='ocrx_word' id='word_1_317' title='bbox 1411 4344 1468 4383; x_wconf 91' lang='lat' dir='ltr'><strong>se</strong></span> <span class='ocrx_word' id='word_1_318' title='bbox 1516 4337 1725 4399; x_wconf 89' lang='lat' dir='ltr'><strong>gerent.</strong></span> <span class='ocrx_word' id='word_1_319' title='bbox 1776 4327 2005 4382; x_wconf 91' lang='lat' dir='ltr'><strong>Parcant</strong></span> <span class='ocrx_word' id='word_1_320' title='bbox 2040 4336 2118 4382; x_wconf 87' lang='lat' dir='ltr'><strong>te--</strong></span> 
     </span>
    </p>
   </div>
   <div class='ocr_carea' id='block_1_46' title="bbox 545 4420 2120 4490">
    <p class='ocr_par' dir='ltr' id='par_1_46' title="bbox 545 4420 2120 4490">
     <span class='ocr_line' id='line_1_46' title="bbox 545 4420 2120 4490; baseline 0.001 -17"><span class='ocrx_word' id='word_1_321' title='bbox 545 4420 741 4474; x_wconf 87' lang='lat' dir='ltr'><strong>nuitati</strong></span> <span class='ocrx_word' id='word_1_322' title='bbox 776 4429 994 4486; x_wconf 61' lang='lat' dir='ltr'><strong>nostrae,</strong></span> <span class='ocrx_word' id='word_1_323' title='bbox 1023 4421 1113 4490; x_wconf 88' lang='lat' dir='ltr'><strong>qui</strong></span> <span class='ocrx_word' id='word_1_324' title='bbox 1145 4421 1540 4489; x_wconf 88' lang='lat' dir='ltr'><strong>acquiescimus</strong></span> <span class='ocrx_word' id='word_1_325' title='bbox 1562 4463 1574 4486; x_wconf 90' lang='lat'><strong>,</strong></span> <span class='ocrx_word' id='word_1_326' title='bbox 1612 4421 1855 4490; x_wconf 90' lang='lat' dir='ltr'><strong>nihilque</strong></span> <span class='ocrx_word' id='word_1_327' title='bbox 1878 4421 1944 4474; x_wconf 89' lang='lat' dir='ltr'><strong>ad</strong></span> <span class='ocrx_word' id='word_1_328' title='bbox 1975 4421 2120 4474; x_wconf 88' lang='lat' dir='ltr'><strong>hunc</strong></span> 
     </span>
    </p>
   </div>
   <div class='ocr_carea' id='block_1_47' title="bbox 2233 570 3804 649">
    <p class='ocr_par' dir='ltr' id='par_1_47' title="bbox 2233 570 3804 649">
     <span class='ocr_line' id='line_1_47' title="bbox 2233 570 3804 649; baseline 0.006 -26"><span class='ocrx_word' id='word_1_329' title='bbox 2233 572 2329 641; x_wconf 83' lang='grc' dir='ltr'>τῆς</span> <span class='ocrx_word' id='word_1_330' title='bbox 2359 570 2778 641; x_wconf 84' lang='grc' dir='ltr'>ἀκοινωνησίας·</span> <span class='ocrx_word' id='word_1_331' title='bbox 2807 571 2925 623; x_wconf 80' lang='grc' dir='ltr'>οὐδὲ</span> <span class='ocrx_word' id='word_1_332' title='bbox 2957 572 2988 641; x_wconf 80' lang='grc' dir='ltr'><strong>ή</strong></span> <span class='ocrx_word' id='word_1_333' title='bbox 3019 573 3166 624; x_wconf 80' lang='grc' dir='ltr'>αἰτία</span> <span class='ocrx_word' id='word_1_334' title='bbox 3188 574 3287 642; x_wconf 78' lang='grc' dir='ltr'>τῆς</span> <span class='ocrx_word' id='word_1_335' title='bbox 3322 577 3804 649; x_wconf 78' lang='grc' dir='ltr'>ἀμφισϐητήσεωςο</span> 
     </span>
    </p>
   </div>
   <div class='ocr_carea' id='block_1_48' title="bbox 2236 661 3810 738">
    <p class='ocr_par' dir='ltr' id='par_1_48' title="bbox 2236 661 3810 738">
     <span class='ocr_line' id='line_1_48' title="bbox 2236 661 3810 738; baseline 0.006 -24"><span class='ocrx_word' id='word_1_336' title='bbox 2236 661 2434 732; x_wconf 82' lang='grc' dir='ltr'>μᾶλλον</span> <span class='ocrx_word' id='word_1_337' title='bbox 2487 661 2544 714; x_wconf 80' lang='grc' dir='ltr'>δὲ</span> <span class='ocrx_word' id='word_1_338' title='bbox 2589 662 2623 732; x_wconf 79' lang='grc' dir='ltr'>ἡ</span> <span class='ocrx_word' id='word_1_339' title='bbox 2667 661 2802 732; x_wconf 81' lang='grc' dir='ltr'>τιμὴ</span> <span class='ocrx_word' id='word_1_340' title='bbox 2843 662 2938 714; x_wconf 77' lang='grc' dir='ltr'>καὶ</span> <span class='ocrx_word' id='word_1_341' title='bbox 2968 663 3001 732; x_wconf 79' lang='grc' dir='ltr'><strong>ἡ</strong></span> <span class='ocrx_word' id='word_1_342' title='bbox 3031 665 3399 734; x_wconf 83' lang='grc' dir='ltr'>προσκύνησις</span> <span class='ocrx_word' id='word_1_343' title='bbox 3421 707 3435 731; x_wconf 90' lang='grc'><strong>,</strong></span> <span class='ocrx_word' id='word_1_344' title='bbox 3469 670 3501 738; x_wconf 81' lang='grc' dir='ltr'>ὴ</span> <span class='ocrx_word' id='word_1_345' title='bbox 3537 669 3690 736; x_wconf 85' lang='grc' dir='ltr'>φιλία</span> <span class='ocrx_word' id='word_1_346' title='bbox 3723 673 3810 724; x_wconf 70' lang='grc' dir='ltr'><strong>καὶ</strong></span> 
     </span>
    </p>
   </div>
   <div class='ocr_carea' id='block_1_49' title="bbox 2232 751 3810 831">
    <p class='ocr_par' dir='ltr' id='par_1_49' title="bbox 2232 751 3810 831">
     <span class='ocr_line' id='line_1_49' title="bbox 2232 751 3810 831; baseline 0.007 -27"><span class='ocrx_word' id='word_1_347' title='bbox 2232 754 2264 822; x_wconf 78' lang='grc' dir='ltr'>ἡ</span> <span class='ocrx_word' id='word_1_348' title='bbox 2291 751 2528 818; x_wconf 78' lang='grc' dir='ltr'><strong>ἔντευξις</strong></span> <span class='ocrx_word' id='word_1_349' title='bbox 2551 751 2692 805; x_wconf 86' lang='grc' dir='ltr'><strong>κατά</strong></span> <span class='ocrx_word' id='word_1_350' title='bbox 2713 751 2774 805; x_wconf 87' lang='grc' dir='ltr'><strong>τὸ</strong></span> <span class='ocrx_word' id='word_1_351' title='bbox 2806 751 3158 823; x_wconf 78' lang='grc' dir='ltr'>ὀφειλόμενον</span> <span class='ocrx_word' id='word_1_352' title='bbox 3181 772 3196 786; x_wconf 87' lang='grc'><strong>·</strong></span> <span class='ocrx_word' id='word_1_353' title='bbox 3230 755 3368 820; x_wconf 87' lang='grc' dir='ltr'>πρὸς</span> <span class='ocrx_word' id='word_1_354' title='bbox 3397 758 3454 811; x_wconf 83' lang='grc' dir='ltr'>δὲ</span> <span class='ocrx_word' id='word_1_355' title='bbox 3478 759 3570 811; x_wconf 89' lang='grc' dir='ltr'><strong>τὸν</strong></span> <span class='ocrx_word' id='word_1_356' title='bbox 3604 762 3810 831; x_wconf 86' lang='grc' dir='ltr'>ἀνόμως</span> 
     </span>
    </p>
   </div>
   <div class='ocr_carea' id='block_1_50' title="bbox 2233 842 3809 918">
    <p class='ocr_par' dir='ltr' id='par_1_50' title="bbox 2233 842 3809 918">
     <span class='ocr_line' id='line_1_50' title="bbox 2233 842 3809 918; baseline 0.006 -24"><span class='ocrx_word' id='word_1_357' title='bbox 2233 842 2650 911; x_wconf 83' lang='grc' dir='ltr'>στεφανώσαντα</span> <span class='ocrx_word' id='word_1_358' title='bbox 2697 843 2788 895; x_wconf 83' lang='grc' dir='ltr'><strong>τὸν</strong></span> <span class='ocrx_word' id='word_1_359' title='bbox 2842 844 3206 914; x_wconf 81' lang='grc' dir='ltr'><strong>μοιχεύσαντα</strong></span> <span class='ocrx_word' id='word_1_360' title='bbox 3237 848 3380 901; x_wconf 85' lang='grc' dir='ltr'><strong>κατά</strong></span> <span class='ocrx_word' id='word_1_361' title='bbox 3409 850 3500 902; x_wconf 92' lang='grc' dir='ltr'><strong>τὸν</strong></span> <span class='ocrx_word' id='word_1_362' title='bbox 3530 851 3691 918; x_wconf 88' lang='grc' dir='ltr'>λόγον</span> <span class='ocrx_word' id='word_1_363' title='bbox 3723 850 3809 905; x_wconf 78' lang='grc' dir='ltr'>τοῦ</span> 
     </span>
    </p>
   </div>
   <div class='ocr_carea' id='block_1_51' title="bbox 2231 935 3809 1007">
    <p class='ocr_par' dir='ltr' id='par_1_51' title="bbox 2231 935 3809 1007">
     <span class='ocr_line' id='line_1_51' title="bbox 2231 935 3809 1007; baseline 0.006 -19"><span class='ocrx_word' id='word_1_364' title='bbox 2231 935 2474 1004; x_wconf 79' lang='grc' dir='ltr'>Κυρίουο</span> <span class='ocrx_word' id='word_1_365' title='bbox 2536 935 2673 1005; x_wconf 82' lang='grc' dir='ltr'>πρὸς</span> <span class='ocrx_word' id='word_1_366' title='bbox 2724 935 2813 988; x_wconf 89' lang='grc' dir='ltr'><strong>τὸν</strong></span> <span class='ocrx_word' id='word_1_367' title='bbox 2855 936 3208 1006; x_wconf 80' lang='grc' dir='ltr'><strong>τολμήσαντα</strong></span> <span class='ocrx_word' id='word_1_368' title='bbox 3263 940 3592 1007; x_wconf 79' lang='grc' dir='ltr'>τηλικούτου</span> <span class='ocrx_word' id='word_1_369' title='bbox 3649 943 3809 997; x_wconf 76' lang='grc' dir='ltr'>κακοῦ</span> 
     </span>
    </p>
   </div>
   <div class='ocr_carea' id='block_1_52' title="bbox 2232 1019 3809 1103">
    <p class='ocr_par' dir='ltr' id='par_1_52' title="bbox 2232 1019 3809 1103">
     <span class='ocr_line' id='line_1_52' title="bbox 2232 1019 3809 1103; baseline 0.008 -28"><span class='ocrx_word' id='word_1_370' title='bbox 2232 1024 2503 1094; x_wconf 78' lang='grc' dir='ltr'>ὑπουργὸν</span> <span class='ocrx_word' id='word_1_371' title='bbox 2555 1025 2806 1094; x_wconf 81' lang='grc' dir='ltr'>γενέσθαι</span> <span class='ocrx_word' id='word_1_372' title='bbox 2841 1027 2934 1079; x_wconf 81' lang='grc' dir='ltr'>καὶ</span> <span class='ocrx_word' id='word_1_373' title='bbox 2971 1019 3275 1100; x_wconf 73' lang='grc' dir='ltr'>βεϐαιωτὴν</span> <span class='ocrx_word' id='word_1_374' title='bbox 3327 1031 3418 1083; x_wconf 74' lang='grc' dir='ltr'>ἐπὶ</span> <span class='ocrx_word' id='word_1_375' title='bbox 3468 1032 3562 1084; x_wconf 75' lang='grc' dir='ltr'>τοῦ</span> <span class='ocrx_word' id='word_1_376' title='bbox 3613 1035 3809 1103; x_wconf 84' lang='grc' dir='ltr'>κόσμου</span> 
     </span>
    </p>
   </div>
   <div class='ocr_carea' id='block_1_53' title="bbox 2230 1115 3808 1191">
    <p class='ocr_par' dir='ltr' id='par_1_53' title="bbox 2230 1115 3808 1191">
     <span class='ocr_line' id='line_1_53' title="bbox 2230 1115 3808 1191; baseline 0.006 -23"><span class='ocrx_word' id='word_1_377' title='bbox 2230 1116 2450 1178; x_wconf 86' lang='grc' dir='ltr'>παντὸς.</span> <span class='ocrx_word' id='word_1_378' title='bbox 2481 1115 2539 1169; x_wconf 87' lang='grc' dir='ltr'>ὃν</span> <span class='ocrx_word' id='word_1_379' title='bbox 2567 1117 2804 1187; x_wconf 81' lang='grc' dir='ltr'>καθῆρεν</span> <span class='ocrx_word' id='word_1_380' title='bbox 2833 1119 2997 1181; x_wconf 81' lang='grc' dir='ltr'>αὐτὸς</span> <span class='ocrx_word' id='word_1_381' title='bbox 3043 1122 3070 1172; x_wconf 98' lang='lat'><strong>6</strong></span> <span class='ocrx_word' id='word_1_382' title='bbox 3102 1120 3357 1191; x_wconf 90' lang='grc' dir='ltr'>Χριστὸς,</span> <span class='ocrx_word' id='word_1_383' title='bbox 3409 1123 3533 1176; x_wconf 68' lang='grc' dir='ltr'>δυσὶ</span> <span class='ocrx_word' id='word_1_384' title='bbox 3593 1127 3808 1178; x_wconf 80' lang='grc' dir='ltr'>κανόσιν</span> 
     </span>
    </p>
   </div>
   <div class='ocr_carea' id='block_1_54' title="bbox 2230 1209 3806 1288">
    <p class='ocr_par' dir='ltr' id='par_1_54' title="bbox 2230 1209 3806 1288">
     <span class='ocr_line' id='line_1_54' title="bbox 2230 1209 3806 1288; baseline 0.006 -28"><span class='ocrx_word' id='word_1_385' title='bbox 2230 1209 2593 1272; x_wconf 85' lang='grc' dir='ltr'>ὑποπεσόντα,</span> <span class='ocrx_word' id='word_1_386' title='bbox 2623 1211 2742 1261; x_wconf 80' lang='grc' dir='ltr'>επεὶ</span> <span class='ocrx_word' id='word_1_387' title='bbox 2773 1210 2868 1263; x_wconf 71' lang='grc' dir='ltr'><strong>καὶ</strong></span> <span class='ocrx_word' id='word_1_388' title='bbox 2893 1210 3071 1275; x_wconf 82' lang='grc' dir='ltr'>ἀλλοις</span> <span class='ocrx_word' id='word_1_389' title='bbox 3095 1229 3108 1243; x_wconf 82' lang='grc'><em>’</em></span> <span class='ocrx_word' id='word_1_390' title='bbox 3141 1214 3283 1267; x_wconf 81' lang='grc' dir='ltr'>κατὰ</span> <span class='ocrx_word' id='word_1_391' title='bbox 3317 1213 3418 1284; x_wconf 79' lang='grc' dir='ltr'>μὲν</span> <span class='ocrx_word' id='word_1_392' title='bbox 3446 1215 3538 1269; x_wconf 82' lang='grc' dir='ltr'><strong>τὸν</strong></span> <span class='ocrx_word' id='word_1_393' title='bbox 3569 1217 3806 1288; x_wconf 85' lang='grc' dir='ltr'>πρῶτον,</span> 
     </span>
    </p>
   </div>
   <div class='ocr_carea' id='block_1_55' title="bbox 2227 1297 3812 1378">
    <p class='ocr_par' dir='ltr' id='par_1_55' title="bbox 2227 1297 3812 1378">
     <span class='ocr_line' id='line_1_55' title="bbox 2227 1297 3812 1378; baseline 0.009 -29"><span class='ocrx_word' id='word_1_394' title='bbox 2227 1299 2308 1351; x_wconf 81' lang='grc' dir='ltr'>ὅτι</span> <span class='ocrx_word' id='word_1_395' title='bbox 2369 1297 2490 1351; x_wconf 80' lang='grc' dir='ltr'>οὐδὲ</span> <span class='ocrx_word' id='word_1_396' title='bbox 2541 1300 2959 1369; x_wconf 77' lang='grc' dir='ltr'>ἐστιαθῆναιεὶς</span> <span class='ocrx_word' id='word_1_397' title='bbox 2982 1304 3340 1374; x_wconf 81' lang='grc' dir='ltr'>διγαμοῦντος</span> <span class='ocrx_word' id='word_1_398' title='bbox 3396 1307 3580 1378; x_wconf 81' lang='grc' dir='ltr'>γάμον</span> <span class='ocrx_word' id='word_1_399' title='bbox 3639 1326 3812 1376; x_wconf 82' lang='grc' dir='ltr'>παρα-</span> 
     </span>
    </p>
   </div>
   <div class='ocr_carea' id='block_1_56' title="bbox 2227 1390 3810 1470">
    <p class='ocr_par' dir='ltr' id='par_1_56' title="bbox 2227 1390 3810 1470">
     <span class='ocr_line' id='line_1_56' title="bbox 2227 1390 3810 1470; baseline 0.008 -28"><span class='ocrx_word' id='word_1_400' title='bbox 2227 1390 2508 1460; x_wconf 77' lang='grc' dir='ltr'>χωροῦντα</span> <span class='ocrx_word' id='word_1_401' title='bbox 2552 1392 2644 1444; x_wconf 86' lang='grc' dir='ltr'><strong>τὸν</strong></span> <span class='ocrx_word' id='word_1_402' title='bbox 2698 1392 3107 1462; x_wconf 87' lang='grc' dir='ltr'>πρεσϐύτερον·</span> <span class='ocrx_word' id='word_1_403' title='bbox 3163 1399 3242 1460; x_wconf 86' lang='grc' dir='ltr'><strong>είς</strong></span> <span class='ocrx_word' id='word_1_404' title='bbox 3295 1398 3402 1468; x_wconf 87' lang='grc' dir='ltr'>γὰρ</span> <span class='ocrx_word' id='word_1_405' title='bbox 3440 1401 3639 1470; x_wconf 78' lang='grc' dir='ltr'>μοιχοῦ</span> <span class='ocrx_word' id='word_1_406' title='bbox 3692 1402 3810 1454; x_wconf 80' lang='grc' dir='ltr'>οὐδὲ</span> 
     </span>
    </p>
   </div>
   <div class='ocr_carea' id='block_1_57' title="bbox 2227 1483 3813 1562">
    <p class='ocr_par' dir='ltr' id='par_1_57' title="bbox 2227 1483 3813 1562">
     <span class='ocr_line' id='line_1_57' title="bbox 2227 1483 3813 1562; baseline 0.008 -28"><span class='ocrx_word' id='word_1_407' title='bbox 2227 1483 2526 1554; x_wconf 77' lang='grc' dir='ltr'>ἐτόλμησεν</span> <span class='ocrx_word' id='word_1_408' title='bbox 2558 1487 2585 1536; x_wconf 82' lang='grc' dir='ltr'>ὁ</span> <span class='ocrx_word' id='word_1_409' title='bbox 2615 1485 2796 1538; x_wconf 87' lang='grc' dir='ltr'>κανὼν</span> <span class='ocrx_word' id='word_1_410' title='bbox 2821 1486 3048 1557; x_wconf 69' lang='grc' dir='ltr'>γράψαι,</span> <span class='ocrx_word' id='word_1_411' title='bbox 3081 1488 3232 1560; x_wconf 89' lang='grc' dir='ltr'>πόσῳ</span> <span class='ocrx_word' id='word_1_412' title='bbox 3271 1506 3333 1556; x_wconf 83' lang='grc' dir='ltr'><strong>γε</strong></span> <span class='ocrx_word' id='word_1_413' title='bbox 3383 1490 3587 1560; x_wconf 80' lang='grc' dir='ltr'>μᾶλλον</span> <span class='ocrx_word' id='word_1_414' title='bbox 3619 1510 3813 1562; x_wconf 78' lang='grc' dir='ltr'>στεφα-</span> 
     </span>
    </p>
   </div>
   <div class='ocr_carea' id='block_1_58' title="bbox 2226 1574 3809 1648">
    <p class='ocr_par' dir='ltr' id='par_1_58' title="bbox 2226 1574 3809 1648">
     <span class='ocr_line' id='line_1_58' title="bbox 2226 1574 3809 1648; baseline 0.006 -20"><span class='ocrx_word' id='word_1_415' title='bbox 2226 1574 2426 1641; x_wconf 84' lang='grc' dir='ltr'>νῶσαι;</span> <span class='ocrx_word' id='word_1_416' title='bbox 2461 1575 2618 1630; x_wconf 85' lang='grc' dir='ltr'>Κατά</span> <span class='ocrx_word' id='word_1_417' title='bbox 2671 1577 2726 1630; x_wconf 83' lang='grc' dir='ltr'>δὲ</span> <span class='ocrx_word' id='word_1_418' title='bbox 2773 1577 2865 1630; x_wconf 87' lang='grc' dir='ltr'><strong>τὸν</strong></span> <span class='ocrx_word' id='word_1_419' title='bbox 2911 1578 3180 1648; x_wconf 86' lang='grc' dir='ltr'>δεύτερον,</span> <span class='ocrx_word' id='word_1_420' title='bbox 3215 1581 3298 1633; x_wconf 86' lang='grc' dir='ltr'><strong>ὄτι</strong></span> <span class='ocrx_word' id='word_1_421' title='bbox 3327 1581 3420 1634; x_wconf 91' lang='grc' dir='ltr'><strong>τὸν</strong></span> <span class='ocrx_word' id='word_1_422' title='bbox 3455 1583 3809 1638; x_wconf 86' lang='grc' dir='ltr'>ὑποπεσόντα</span> 
     </span>
    </p>
   </div>
   <div class='ocr_carea' id='block_1_59' title="bbox 2226 1669 3810 1748">
    <p class='ocr_par' dir='ltr' id='par_1_59' title="bbox 2226 1669 3810 1748">
     <span class='ocr_line' id='line_1_59' title="bbox 2226 1669 3810 1748; baseline 0.005 -26"><span class='ocrx_word' id='word_1_423' title='bbox 2226 1669 2283 1722; x_wconf 81' lang='grc' dir='ltr'>ἔν</span> <span class='ocrx_word' id='word_1_424' title='bbox 2310 1687 2416 1724; x_wconf 90' lang='grc' dir='ltr'>τινι</span> <span class='ocrx_word' id='word_1_425' title='bbox 2452 1671 2753 1741; x_wconf 83' lang='grc' dir='ltr'>σφάλματι,</span> <span class='ocrx_word' id='word_1_426' title='bbox 2779 1672 2877 1724; x_wconf 80' lang='grc' dir='ltr'><strong>καὶ</strong></span> <span class='ocrx_word' id='word_1_427' title='bbox 2910 1671 2998 1724; x_wconf 76' lang='grc' dir='ltr'>διὰ</span> <span class='ocrx_word' id='word_1_428' title='bbox 3031 1672 3190 1726; x_wconf 78' lang='grc' dir='ltr'>τοῦτο</span> <span class='ocrx_word' id='word_1_429' title='bbox 3211 1674 3600 1744; x_wconf 82' lang='grc' dir='ltr'>ἀφορισθέντα,</span> <span class='ocrx_word' id='word_1_430' title='bbox 3635 1679 3684 1729; x_wconf 82' lang='grc' dir='ltr'><strong>εί</strong></span> <span class='ocrx_word' id='word_1_431' title='bbox 3737 1677 3810 1748; x_wconf 85' lang='grc' dir='ltr'>μὴ</span> 
     </span>
    </p>
   </div>
   <div class='ocr_carea' id='block_1_60' title="bbox 2227 1759 3806 1833">
    <p class='ocr_par' dir='ltr' id='par_1_60' title="bbox 2227 1759 3806 1833">
     <span class='ocr_line' id='line_1_60' title="bbox 2227 1759 3806 1833; baseline 0.003 -21"><span class='ocrx_word' id='word_1_432' title='bbox 2227 1760 2379 1822; x_wconf 79' lang='grc' dir='ltr'>ἐντὸς</span> <span class='ocrx_word' id='word_1_433' title='bbox 2423 1760 2669 1813; x_wconf 76' lang='grc' dir='ltr'>ἐνιαυτοῦ</span> <span class='ocrx_word' id='word_1_434' title='bbox 2719 1759 3117 1826; x_wconf 79' lang='grc' dir='ltr'>ἐπαγωνίζεται</span> <span class='ocrx_word' id='word_1_435' title='bbox 3171 1765 3236 1832; x_wconf 80' lang='grc' dir='ltr'>τῇ</span> <span class='ocrx_word' id='word_1_436' title='bbox 3290 1763 3468 1833; x_wconf 71' lang='grc' dir='ltr'>οἰκείᾳ</span> <span class='ocrx_word' id='word_1_437' title='bbox 3526 1763 3806 1828; x_wconf 79' lang='grc' dir='ltr'>συστάσει,</span> 
     </span>
    </p>
   </div>
   <div class='ocr_carea' id='block_1_61' title="bbox 2227 1851 3812 1925">
    <p class='ocr_par' dir='ltr' id='par_1_61' title="bbox 2227 1851 3812 1925">
     <span class='ocr_line' id='line_1_61' title="bbox 2227 1851 3812 1925; baseline 0.004 -21"><span class='ocrx_word' id='word_1_438' title='bbox 2227 1852 2327 1904; x_wconf 81' lang='grc' dir='ltr'><strong>οὐκ</strong></span> <span class='ocrx_word' id='word_1_439' title='bbox 2358 1852 2475 1915; x_wconf 76' lang='grc' dir='ltr'>ἐξὸν</span> <span class='ocrx_word' id='word_1_440' title='bbox 2505 1851 2585 1904; x_wconf 80' lang='grc' dir='ltr'><strong>ἔτι</strong></span> <span class='ocrx_word' id='word_1_441' title='bbox 2611 1851 2793 1922; x_wconf 72' lang='grc' dir='ltr'>φωνὴν</span> <span class='ocrx_word' id='word_1_442' title='bbox 2822 1852 2986 1905; x_wconf 79' lang='grc' dir='ltr'>αὑτοῦ</span> <span class='ocrx_word' id='word_1_443' title='bbox 3018 1853 3437 1925; x_wconf 83' lang='grc' dir='ltr'>προσδεχθῆναι.</span> <span class='ocrx_word' id='word_1_444' title='bbox 3480 1855 3538 1908; x_wconf 84' lang='grc' dir='ltr'>Ὀ</span> <span class='ocrx_word' id='word_1_445' title='bbox 3570 1856 3627 1909; x_wconf 81' lang='grc' dir='ltr'>δὲ</span> <span class='ocrx_word' id='word_1_446' title='bbox 3659 1857 3812 1910; x_wconf 80' lang='grc' dir='ltr'>ἐννέα</span> 
     </span>
    </p>
   </div>
   <div class='ocr_carea' id='block_1_62' title="bbox 2230 1943 3808 2019">
    <p class='ocr_par' dir='ltr' id='par_1_62' title="bbox 2230 1943 3808 2019">
     <span class='ocr_line' id='line_1_62' title="bbox 2230 1943 3808 2019; baseline 0.005 -25"><span class='ocrx_word' id='word_1_447' title='bbox 2230 1943 2454 2014; x_wconf 83' lang='grc' dir='ltr'>χρόνους</span> <span class='ocrx_word' id='word_1_448' title='bbox 2503 1943 2766 2013; x_wconf 84' lang='grc' dir='ltr'>ύπερϐἀς.</span> <span class='ocrx_word' id='word_1_449' title='bbox 2819 1945 3182 2012; x_wconf 68' lang='grc' dir='ltr'>εἰσεπήδησεν</span> <span class='ocrx_word' id='word_1_450' title='bbox 3238 1947 3296 1998; x_wconf 84' lang='grc' dir='ltr'>ἐν</span> <span class='ocrx_word' id='word_1_451' title='bbox 3360 1950 3426 2017; x_wconf 77' lang='grc' dir='ltr'>τῇ</span> <span class='ocrx_word' id='word_1_452' title='bbox 3486 1946 3808 2019; x_wconf 62' lang='grc' dir='ltr'>Ἐκκλησία.</span> 
     </span>
    </p>
   </div>
   <div class='ocr_carea' id='block_1_63' title="bbox 2228 2030 3806 2110">
    <p class='ocr_par' dir='ltr' id='par_1_63' title="bbox 2228 2030 3806 2110">
     <span class='ocr_line' id='line_1_63' title="bbox 2228 2030 3806 2110; baseline 0.004 -23"><span class='ocrx_word' id='word_1_453' title='bbox 2228 2036 2292 2088; x_wconf 80' lang='lat' dir='ltr'><strong>Et</strong></span> <span class='ocrx_word' id='word_1_454' title='bbox 2323 2031 2416 2088; x_wconf 81' lang='grc' dir='ltr'>οὖν</span> <span class='ocrx_word' id='word_1_455' title='bbox 2450 2030 2602 2098; x_wconf 74' lang='grc' dir='ltr'>οὗτος</span> <span class='ocrx_word' id='word_1_456' title='bbox 2638 2035 2903 2100; x_wconf 86' lang='grc' dir='ltr'>ἀναίτιος,</span> <span class='ocrx_word' id='word_1_457' title='bbox 2935 2037 3114 2106; x_wconf 84' lang='grc' dir='ltr'>πολλῷ</span> <span class='ocrx_word' id='word_1_458' title='bbox 3168 2037 3368 2107; x_wconf 83' lang='grc' dir='ltr'>μᾶλλον</span> <span class='ocrx_word' id='word_1_459' title='bbox 3418 2041 3446 2092; x_wconf 93' lang='lat'><strong>6</strong></span> <span class='ocrx_word' id='word_1_460' title='bbox 3495 2040 3806 2110; x_wconf 80' lang='grc' dir='ltr'>μοιχεύσας.</span> 
     </span>
    </p>
   </div>
   <div class='ocr_carea' id='block_1_64' title="bbox 2231 2125 3808 2202">
    <p class='ocr_par' dir='ltr' id='par_1_64' title="bbox 2231 2125 3808 2202">
     <span class='ocr_line' id='line_1_64' title="bbox 2231 2125 3808 2202; baseline 0.003 -24"><span class='ocrx_word' id='word_1_461' title='bbox 2231 2126 2291 2178; x_wconf 78' lang='lat' dir='ltr'><strong>Ei</strong></span> <span class='ocrx_word' id='word_1_462' title='bbox 2315 2125 2372 2178; x_wconf 80' lang='grc' dir='ltr'>δὲ</span> <span class='ocrx_word' id='word_1_463' title='bbox 2402 2127 2607 2187; x_wconf 81' lang='grc' dir='ltr'>ἐκεῖνος</span> <span class='ocrx_word' id='word_1_464' title='bbox 2657 2125 2842 2196; x_wconf 81' lang='grc' dir='ltr'>ἔνοχος</span> <span class='ocrx_word' id='word_1_465' title='bbox 2871 2126 2970 2196; x_wconf 81' lang='grc' dir='ltr'>τῆς</span> <span class='ocrx_word' id='word_1_466' title='bbox 3025 2128 3316 2199; x_wconf 84' lang='grc' dir='ltr'>ἁμαρτίας,</span> <span class='ocrx_word' id='word_1_467' title='bbox 3356 2129 3441 2193; x_wconf 87' lang='grc' dir='ltr'><strong>τίς</strong></span> <span class='ocrx_word' id='word_1_468' title='bbox 3473 2131 3808 2202; x_wconf 84' lang='grc' dir='ltr'>ἀμφιϐάλλει</span> 
     </span>
    </p>
   </div>
   <div class='ocr_carea' id='block_1_65' title="bbox 2229 2217 3806 2291">
    <p class='ocr_par' dir='ltr' id='par_1_65' title="bbox 2229 2217 3806 2291">
     <span class='ocr_line' id='line_1_65' title="bbox 2229 2217 3806 2291; baseline 0.004 -22"><span class='ocrx_word' id='word_1_469' title='bbox 2229 2219 2356 2288; x_wconf 70' lang='grc' dir='ltr'>περὶ</span> <span class='ocrx_word' id='word_1_470' title='bbox 2383 2217 2477 2270; x_wconf 83' lang='grc' dir='ltr'>τοῦ</span> <span class='ocrx_word' id='word_1_471' title='bbox 2506 2217 2863 2283; x_wconf 79' lang='grc' dir='ltr'>συζεύξαντος</span> <span class='ocrx_word' id='word_1_472' title='bbox 2891 2219 2984 2272; x_wconf 75' lang='grc' dir='ltr'>καὶ</span> <span class='ocrx_word' id='word_1_473' title='bbox 3011 2220 3470 2291; x_wconf 79' lang='grc' dir='ltr'>δυσφημήσαντος</span> <span class='ocrx_word' id='word_1_474' title='bbox 3519 2225 3665 2278; x_wconf 84' lang='grc' dir='ltr'><strong>κατά</strong></span> <span class='ocrx_word' id='word_1_475' title='bbox 3715 2222 3806 2276; x_wconf 73' lang='grc' dir='ltr'>τοῦ</span> 
     </span>
    </p>
   </div>
   <div class='ocr_carea' id='block_1_66' title="bbox 2228 2310 3809 2386">
    <p class='ocr_par' dir='ltr' id='par_1_66' title="bbox 2228 2310 3809 2386">
     <span class='ocr_line' id='line_1_66' title="bbox 2228 2310 3809 2386; baseline 0.004 -24"><span class='ocrx_word' id='word_1_476' title='bbox 2228 2311 2384 2378; x_wconf 83' lang='grc' dir='ltr'>ἁγίου</span> <span class='ocrx_word' id='word_1_477' title='bbox 2416 2310 2756 2379; x_wconf 87' lang='grc' dir='ltr'>Πνεύματος,</span> <span class='ocrx_word' id='word_1_478' title='bbox 2785 2311 2859 2374; x_wconf 88' lang='grc' dir='ltr'>ὼς</span> <span class='ocrx_word' id='word_1_479' title='bbox 2890 2312 3008 2380; x_wconf 75' lang='grc' dir='ltr'>οὐχὶ</span> <span class='ocrx_word' id='word_1_480' title='bbox 3049 2313 3408 2384; x_wconf 77' lang='grc' dir='ltr'>ὲναγέστερος</span> <span class='ocrx_word' id='word_1_481' title='bbox 3455 2316 3552 2368; x_wconf 75' lang='grc' dir='ltr'><strong>καὶ</strong></span> <span class='ocrx_word' id='word_1_482' title='bbox 3587 2315 3809 2386; x_wconf 84' lang='grc' dir='ltr'>βεϐηλό-</span> 
     </span>
    </p>
   </div>
   <div class='ocr_carea' id='block_1_67' title="bbox 2226 2417 2417 2470">
    <p class='ocr_par' dir='ltr' id='par_1_67' title="bbox 2226 2417 2417 2470">
     <span class='ocr_line' id='line_1_67' title="bbox 2226 2417 2417 2470; baseline 0 -18"><span class='ocrx_word' id='word_1_483' title='bbox 2226 2417 2417 2470; x_wconf 87' lang='grc' dir='ltr'>τερος;</span> 
     </span>
    </p>
   </div>
   <div class='ocr_carea' id='block_1_68' title="bbox 2297 2491 3807 2562">
    <p class='ocr_par' dir='ltr' id='par_1_68' title="bbox 2297 2491 3807 2562">
     <span class='ocr_line' id='line_1_68' title="bbox 2297 2491 3807 2562; baseline 0.003 -21"><span class='ocrx_word' id='word_1_484' title='bbox 2297 2491 2482 2544; x_wconf 79' lang='grc' dir='ltr'>Ταῦτά</span> <span class='ocrx_word' id='word_1_485' title='bbox 2504 2494 2639 2557; x_wconf 79' lang='grc' dir='ltr'>ἐστι,</span> <span class='ocrx_word' id='word_1_486' title='bbox 2669 2491 2851 2562; x_wconf 85' lang='grc' dir='ltr'>Πάτερ</span> <span class='ocrx_word' id='word_1_487' title='bbox 2876 2493 3021 2559; x_wconf 64' lang='lat' dir='ltr'><strong>am,</strong></span> <span class='ocrx_word' id='word_1_488' title='bbox 3053 2491 3121 2546; x_wconf 88' lang='grc' dir='ltr'><strong>τά</strong></span> <span class='ocrx_word' id='word_1_489' title='bbox 3153 2491 3425 2560; x_wconf 77' lang='grc' dir='ltr'>φοϐούντα</span> <span class='ocrx_word' id='word_1_490' title='bbox 3459 2495 3557 2547; x_wconf 52' lang='grc' dir='ltr'><strong>καὶ⁵</strong></span> <span class='ocrx_word' id='word_1_491' title='bbox 3585 2495 3807 2548; x_wconf 80' lang='grc' dir='ltr'>συστέλ-</span> 
     </span>
    </p>
   </div>
   <div class='ocr_carea' id='block_1_69' title="bbox 2227 2580 3806 2654">
    <p class='ocr_par' dir='ltr' id='par_1_69' title="bbox 2227 2580 3806 2654">
     <span class='ocr_line' id='line_1_69' title="bbox 2227 2580 3806 2654; baseline 0.004 -22"><span class='ocrx_word' id='word_1_492' title='bbox 2227 2580 2386 2636; x_wconf 88' lang='grc' dir='ltr'>λοντα</span> <span class='ocrx_word' id='word_1_493' title='bbox 2415 2582 2571 2651; x_wconf 81' lang='grc' dir='ltr'>ἡμῶν</span> <span class='ocrx_word' id='word_1_494' title='bbox 2605 2583 2703 2651; x_wconf 83' lang='grc' dir='ltr'>τὴν</span> <span class='ocrx_word' id='word_1_495' title='bbox 2733 2583 2981 2651; x_wconf 85' lang='grc' dir='ltr'>καρδίαν.</span> <span class='ocrx_word' id='word_1_496' title='bbox 3017 2583 3123 2634; x_wconf 76' lang='grc' dir='ltr'><strong>Καὶ</strong></span> <span class='ocrx_word' id='word_1_497' title='bbox 3149 2583 3233 2636; x_wconf 76' lang='grc' dir='ltr'>διὰ</span> <span class='ocrx_word' id='word_1_498' title='bbox 3257 2583 3429 2636; x_wconf 82' lang='grc' dir='ltr'>ταῦτα</span> <span class='ocrx_word' id='word_1_499' title='bbox 3475 2585 3614 2654; x_wconf 90' lang='grc' dir='ltr'>πρὸς</span> <span class='ocrx_word' id='word_1_500' title='bbox 3642 2585 3703 2638; x_wconf 91' lang='grc' dir='ltr'><strong>τὸ</strong></span> <span class='ocrx_word' id='word_1_501' title='bbox 3731 2587 3806 2654; x_wconf 81' lang='grc' dir='ltr'>μὴ</span> 
     </span>
    </p>
   </div>
   <div class='ocr_carea' id='block_1_70' title="bbox 2229 2672 3806 2748">
    <p class='ocr_par' dir='ltr' id='par_1_70' title="bbox 2229 2672 3806 2748">
     <span class='ocr_line' id='line_1_70' title="bbox 2229 2672 3806 2748; baseline 0.002 -22"><span class='ocrx_word' id='word_1_502' title='bbox 2229 2674 2505 2726; x_wconf 86' lang='grc' dir='ltr'>κοινωνεῖν</span> <span class='ocrx_word' id='word_1_503' title='bbox 2523 2672 2670 2742; x_wconf 83' lang='grc' dir='ltr'>αύτῷ</span> <span class='ocrx_word' id='word_1_504' title='bbox 2691 2689 2748 2724; x_wconf 87' lang='grc' dir='ltr'><strong>τε</strong></span> <span class='ocrx_word' id='word_1_505' title='bbox 2771 2673 2866 2725; x_wconf 70' lang='grc' dir='ltr'>καὶ</span> <span class='ocrx_word' id='word_1_506' title='bbox 2887 2672 2964 2742; x_wconf 85' lang='grc' dir='ltr'>τῷ</span> <span class='ocrx_word' id='word_1_507' title='bbox 2990 2689 3279 2744; x_wconf 87' lang='grc' dir='ltr'>προηγησα</span> <span class='ocrx_word' id='word_1_508' title='bbox 3287 2673 3434 2745; x_wconf 83' lang='grc' dir='ltr'>μένῳ</span> <span class='ocrx_word' id='word_1_509' title='bbox 3471 2677 3806 2748; x_wconf 80' lang='grc' dir='ltr'>πατριάρχῃ.</span> 
     </span>
    </p>
   </div>
   <div class='ocr_carea' id='block_1_71' title="bbox 2227 2763 3806 2837">
    <p class='ocr_par' dir='ltr' id='par_1_71' title="bbox 2227 2763 3806 2837">
     <span class='ocr_line' id='line_1_71' title="bbox 2227 2763 3806 2837; baseline -0.001 -18"><span class='ocrx_word' id='word_1_510' title='bbox 2227 2766 2365 2819; x_wconf 72' lang='grc' dir='ltr'>ἐπὰν</span> <span class='ocrx_word' id='word_1_511' title='bbox 2419 2764 2695 2835; x_wconf 81' lang='grc' dir='ltr'>μετεδίδου</span> <span class='ocrx_word' id='word_1_512' title='bbox 2747 2763 2825 2834; x_wconf 85' lang='grc' dir='ltr'>τῷ</span> <span class='ocrx_word' id='word_1_513' title='bbox 2877 2763 3227 2834; x_wconf 86' lang='grc' dir='ltr'>μοιχεύσαντι</span> <span class='ocrx_word' id='word_1_514' title='bbox 3260 2779 3276 2795; x_wconf 74' lang='grc' dir='ltr'><strong>ο</strong></span> <span class='ocrx_word' id='word_1_515' title='bbox 3335 2765 3806 2837; x_wconf 81' lang='grc' dir='ltr'>ἀπεκλείσθημεν,</span> 
     </span>
    </p>
   </div>
   <div class='ocr_carea' id='block_1_72' title="bbox 2227 2848 3808 2928">
    <p class='ocr_par' dir='ltr' id='par_1_72' title="bbox 2227 2848 3808 2928">
     <span class='ocr_line' id='line_1_72' title="bbox 2227 2848 3808 2928; baseline 0.001 -19"><span class='ocrx_word' id='word_1_516' title='bbox 2227 2855 2337 2924; x_wconf 77' lang='grc' dir='ltr'>ἐγὼ</span> <span class='ocrx_word' id='word_1_517' title='bbox 2370 2856 2468 2927; x_wconf 82' lang='grc' dir='ltr'>μὲν</span> <span class='ocrx_word' id='word_1_518' title='bbox 2497 2858 2554 2910; x_wconf 82' lang='grc' dir='ltr'>ὲν</span> <span class='ocrx_word' id='word_1_519' title='bbox 2581 2848 2625 2924; x_wconf 79' lang='grc' dir='ltr'><strong>ᾧ</strong></span> <span class='ocrx_word' id='word_1_520' title='bbox 2654 2855 2861 2927; x_wconf 79' lang='grc' dir='ltr'>καθέζῃ</span> <span class='ocrx_word' id='word_1_521' title='bbox 2887 2857 3057 2928; x_wconf 85' lang='grc' dir='ltr'>τόπῳ·</span> <span class='ocrx_word' id='word_1_522' title='bbox 3095 2859 3122 2910; x_wconf 91' lang='lat'><strong>6</strong></span> <span class='ocrx_word' id='word_1_523' title='bbox 3152 2855 3456 2927; x_wconf 78' lang='grc' dir='ltr'>ἡγούμενος</span> <span class='ocrx_word' id='word_1_524' title='bbox 3509 2858 3569 2912; x_wconf 84' lang='grc' dir='ltr'>δὲ</span> <span class='ocrx_word' id='word_1_525' title='bbox 3612 2861 3707 2912; x_wconf 84' lang='grc' dir='ltr'>καὶ</span> <span class='ocrx_word' id='word_1_526' title='bbox 3760 2859 3808 2910; x_wconf 75' lang='lat' dir='ltr'><strong>ot</strong></span> 
     </span>
    </p>
   </div>
   <div class='ocr_carea' id='block_1_73' title="bbox 2226 2949 3808 3021">
    <p class='ocr_par' dir='ltr' id='par_1_73' title="bbox 2226 2949 3808 3021">
     <span class='ocr_line' id='line_1_73' title="bbox 2226 2949 3808 3021; baseline 0.002 -21"><span class='ocrx_word' id='word_1_527' title='bbox 2226 2949 2402 3001; x_wconf 71' lang='grc' dir='ltr'>λοιποὶ</span> <span class='ocrx_word' id='word_1_528' title='bbox 2442 2951 2500 3001; x_wconf 81' lang='grc' dir='ltr'>ὲν</span> <span class='ocrx_word' id='word_1_529' title='bbox 2541 2949 2912 3021; x_wconf 81' lang='grc' dir='ltr'>Θεσσαλονίκῃ</span> <span class='ocrx_word' id='word_1_530' title='bbox 2941 2949 3418 3020; x_wconf 86' lang='grc' dir='ltr'>ὑπερορισθέντες.</span> <span class='ocrx_word' id='word_1_531' title='bbox 3445 2951 3591 3002; x_wconf 71' lang='grc' dir='ltr'>Ἀλλ’</span> <span class='ocrx_word' id='word_1_532' title='bbox 3622 2953 3650 3003; x_wconf 87' lang='lat'><strong>6</strong></span> <span class='ocrx_word' id='word_1_533' title='bbox 3679 2950 3808 3014; x_wconf 82' lang='grc' dir='ltr'>Θεὸς</span> 
     </span>
    </p>
   </div>
   <div class='ocr_carea' id='block_1_74' title="bbox 2227 3040 3807 3112">
    <p class='ocr_par' dir='ltr' id='par_1_74' title="bbox 2227 3040 3807 3112">
     <span class='ocr_line' id='line_1_74' title="bbox 2227 3040 3807 3112; baseline 0.002 -20"><span class='ocrx_word' id='word_1_534' title='bbox 2227 3040 2389 3094; x_wconf 89' lang='grc' dir='ltr'>πάλιν</span> <span class='ocrx_word' id='word_1_535' title='bbox 2412 3041 2856 3111; x_wconf 79' lang='grc' dir='ltr'>ὲπισυνήγαγενὴ</span> <span class='ocrx_word' id='word_1_536' title='bbox 2867 3043 2973 3111; x_wconf 80' lang='grc' dir='ltr'><strong>μᾶς</strong></span> <span class='ocrx_word' id='word_1_537' title='bbox 3006 3042 3192 3112; x_wconf 75' lang='grc' dir='ltr'>εὐχαῖς</span> <span class='ocrx_word' id='word_1_538' title='bbox 3223 3058 3338 3094; x_wconf 91' lang='grc' dir='ltr'>σου·</span> <span class='ocrx_word' id='word_1_539' title='bbox 3360 3043 3456 3096; x_wconf 74' lang='grc' dir='ltr'><strong>καὶ</strong></span> <span class='ocrx_word' id='word_1_540' title='bbox 3481 3044 3594 3095; x_wconf 77' lang='grc' dir='ltr'>οὐδ’</span> <span class='ocrx_word' id='word_1_541' title='bbox 3613 3042 3807 3106; x_wconf 78' lang='grc' dir='ltr'>οὕτως,</span> 
     </span>
    </p>
   </div>
   <div class='ocr_carea' id='block_1_75' title="bbox 2226 3131 3810 3206">
    <p class='ocr_par' dir='ltr' id='par_1_75' title="bbox 2226 3131 3810 3206">
     <span class='ocr_line' id='line_1_75' title="bbox 2226 3131 3810 3206; baseline 0.003 -24"><span class='ocrx_word' id='word_1_542' title='bbox 2226 3131 2303 3194; x_wconf 84' lang='grc' dir='ltr'>ὡς</span> <span class='ocrx_word' id='word_1_543' title='bbox 2361 3132 2570 3202; x_wconf 79' lang='grc' dir='ltr'>ἔτυχεν,</span> <span class='ocrx_word' id='word_1_544' title='bbox 2631 3131 2924 3203; x_wconf 81' lang='grc' dir='ltr'>ήνώθημεν</span> <span class='ocrx_word' id='word_1_545' title='bbox 2966 3133 3045 3203; x_wconf 84' lang='grc' dir='ltr'>τῷ</span> <span class='ocrx_word' id='word_1_546' title='bbox 3077 3133 3414 3206; x_wconf 80' lang='grc' dir='ltr'>πατριάρχῃ,</span> <span class='ocrx_word' id='word_1_547' title='bbox 3451 3136 3501 3187; x_wconf 83' lang='grc' dir='ltr'><strong>εί</strong></span> <span class='ocrx_word' id='word_1_548' title='bbox 3546 3135 3624 3204; x_wconf 80' lang='grc' dir='ltr'><strong>μὴ</strong></span> <span class='ocrx_word' id='word_1_549' title='bbox 3665 3135 3810 3204; x_wconf 79' lang='grc' dir='ltr'>ὡμοο</span> 
     </span>
    </p>
   </div>
   <div class='ocr_carea' id='block_1_76' title="bbox 2224 3221 3806 3295">
    <p class='ocr_par' dir='ltr' id='par_1_76' title="bbox 2224 3221 3806 3295">
     <span class='ocr_line' id='line_1_76' title="bbox 2224 3221 3806 3295; baseline 0.003 -22"><span class='ocrx_word' id='word_1_550' title='bbox 2224 3221 2421 3290; x_wconf 74' lang='grc' dir='ltr'>λόγησε</span> <span class='ocrx_word' id='word_1_551' title='bbox 2467 3221 2647 3285; x_wconf 86' lang='grc' dir='ltr'>καλῶς</span> <span class='ocrx_word' id='word_1_552' title='bbox 2681 3224 2824 3292; x_wconf 83' lang='grc' dir='ltr'>ἡμᾶς</span> <span class='ocrx_word' id='word_1_553' title='bbox 2878 3224 3259 3295; x_wconf 81' lang='grc' dir='ltr'>πεποιηκέναι.</span> <span class='ocrx_word' id='word_1_554' title='bbox 3309 3224 3438 3278; x_wconf 79' lang='grc' dir='ltr'>Ἐάν</span> <span class='ocrx_word' id='word_1_555' title='bbox 3486 3225 3586 3278; x_wconf 78' lang='grc' dir='ltr'><strong>οὖν</strong></span> <span class='ocrx_word' id='word_1_556' title='bbox 3641 3227 3727 3278; x_wconf 80' lang='grc' dir='ltr'>ὅτε</span> <span class='ocrx_word' id='word_1_557' title='bbox 3774 3225 3806 3294; x_wconf 82' lang='grc' dir='ltr'><strong>ἠ</strong></span> 
     </span>
    </p>
   </div>
   <div class='ocr_carea' id='block_1_77' title="bbox 2227 3310 3810 3388">
    <p class='ocr_par' dir='ltr' id='par_1_77' title="bbox 2227 3310 3810 3388">
     <span class='ocr_line' id='line_1_77' title="bbox 2227 3310 3810 3388; baseline 0.003 -24"><span class='ocrx_word' id='word_1_558' title='bbox 2227 3312 2440 3382; x_wconf 85' lang='grc' dir='ltr'>μοιχεία</span> <span class='ocrx_word' id='word_1_559' title='bbox 2488 3310 2576 3384; x_wconf 83' lang='grc' dir='ltr'>ἦν,</span> <span class='ocrx_word' id='word_1_560' title='bbox 2631 3317 2726 3368; x_wconf 72' lang='grc' dir='ltr'><strong>καὶ</strong></span> <span class='ocrx_word' id='word_1_561' title='bbox 2777 3317 2808 3384; x_wconf 82' lang='grc' dir='ltr'>ἡ</span> <span class='ocrx_word' id='word_1_562' title='bbox 2866 3315 2972 3368; x_wconf 85' lang='grc' dir='ltr'><strong>τῶν</strong></span> <span class='ocrx_word' id='word_1_563' title='bbox 3020 3316 3261 3370; x_wconf 82' lang='grc' dir='ltr'>κανόνων</span> <span class='ocrx_word' id='word_1_564' title='bbox 3298 3317 3652 3388; x_wconf 88' lang='grc' dir='ltr'>παράϐασις,</span> <span class='ocrx_word' id='word_1_565' title='bbox 3710 3318 3810 3388; x_wconf 81' lang='grc' dir='ltr'>οὺχ</span> 
     </span>
    </p>
   </div>
   <div class='ocr_carea' id='block_1_78' title="bbox 2224 3404 3807 3481">
    <p class='ocr_par' dir='ltr' id='par_1_78' title="bbox 2224 3404 3807 3481">
     <span class='ocr_line' id='line_1_78' title="bbox 2224 3404 3807 3481; baseline 0.003 -23"><span class='ocrx_word' id='word_1_566' title='bbox 2224 3404 2609 3475; x_wconf 82' lang='grc' dir='ltr'>ὑπεστάλημεν</span> <span class='ocrx_word' id='word_1_567' title='bbox 2659 3405 2886 3474; x_wconf 82' lang='grc' dir='ltr'>δυνάμει</span> <span class='ocrx_word' id='word_1_568' title='bbox 2941 3407 3120 3460; x_wconf 81' lang='grc' dir='ltr'>Θεοῦ·</span> <span class='ocrx_word' id='word_1_569' title='bbox 3179 3409 3298 3474; x_wconf 87' lang='grc' dir='ltr'><strong>πῶς</strong></span> <span class='ocrx_word' id='word_1_570' title='bbox 3347 3407 3442 3463; x_wconf 81' lang='grc' dir='ltr'><strong>οὖν</strong></span> <span class='ocrx_word' id='word_1_571' title='bbox 3505 3412 3660 3481; x_wconf 84' lang='grc' dir='ltr'>ἀρτι,</span> <span class='ocrx_word' id='word_1_572' title='bbox 3716 3409 3807 3463; x_wconf 86' lang='grc' dir='ltr'>ὅτε</span> 
     </span>
    </p>
   </div>
   <div class='ocr_carea' id='block_1_79' title="bbox 2223 3496 3808 3572">
    <p class='ocr_par' dir='ltr' id='par_1_79' title="bbox 2223 3496 3808 3572">
     <span class='ocr_line' id='line_1_79' title="bbox 2223 3496 3808 3572; baseline 0.003 -22"><span class='ocrx_word' id='word_1_573' title='bbox 2223 3496 2520 3551; x_wconf 86' lang='grc' dir='ltr'>εύσεϐοὖσά</span> <span class='ocrx_word' id='word_1_574' title='bbox 2550 3499 2695 3550; x_wconf 78' lang='grc' dir='ltr'>ἐστιν</span> <span class='ocrx_word' id='word_1_575' title='bbox 2724 3497 2756 3566; x_wconf 86' lang='grc' dir='ltr'>ή</span> <span class='ocrx_word' id='word_1_576' title='bbox 2782 3496 3046 3566; x_wconf 75' lang='grc' dir='ltr'>βασιλεία,</span> <span class='ocrx_word' id='word_1_577' title='bbox 3073 3499 3258 3553; x_wconf 78' lang='grc' dir='ltr'>ἕνεκεν</span> <span class='ocrx_word' id='word_1_578' title='bbox 3281 3501 3399 3564; x_wconf 79' lang='grc' dir='ltr'>ἑνὸς</span> <span class='ocrx_word' id='word_1_579' title='bbox 3423 3501 3808 3572; x_wconf 80' lang='grc' dir='ltr'>πρεσϐυτέρου</span> 
     </span>
    </p>
   </div>
   <div class='ocr_carea' id='block_1_80' title="bbox 2224 3589 3808 3665">
    <p class='ocr_par' dir='ltr' id='par_1_80' title="bbox 2224 3589 3808 3665">
     <span class='ocr_line' id='line_1_80' title="bbox 2224 3589 3808 3665; baseline 0.003 -22"><span class='ocrx_word' id='word_1_580' title='bbox 2224 3589 2751 3660; x_wconf 85' lang='grc' dir='ltr'>ύποσταλησόμεθα,</span> <span class='ocrx_word' id='word_1_581' title='bbox 2806 3594 2902 3642; x_wconf 82' lang='grc' dir='ltr'><strong>καὶ</strong></span> <span class='ocrx_word' id='word_1_582' title='bbox 2957 3591 3309 3661; x_wconf 85' lang='grc' dir='ltr'>προδώσομεν</span> <span class='ocrx_word' id='word_1_583' title='bbox 3357 3594 3457 3665; x_wconf 73' lang='grc' dir='ltr'>τὴν</span> <span class='ocrx_word' id='word_1_584' title='bbox 3517 3594 3808 3665; x_wconf 81' lang='grc' dir='ltr'>ἀλήθειαν,</span> 
     </span>
    </p>
   </div>
   <div class='ocr_carea' id='block_1_81' title="bbox 2224 3683 3808 3754">
    <p class='ocr_par' dir='ltr' id='par_1_81' title="bbox 2224 3683 3808 3754">
     <span class='ocr_line' id='line_1_81' title="bbox 2224 3683 3808 3754; baseline 0.001 -18"><span class='ocrx_word' id='word_1_585' title='bbox 2224 3683 2620 3748; x_wconf 86' lang='grc' dir='ltr'>κινδυνεύοντες</span> <span class='ocrx_word' id='word_1_586' title='bbox 2650 3684 2790 3738; x_wconf 84' lang='grc' dir='ltr'><strong>κατά</strong></span> <span class='ocrx_word' id='word_1_587' title='bbox 2827 3684 3047 3753; x_wconf 76' lang='grc' dir='ltr'>ψυχήν;</span> <span class='ocrx_word' id='word_1_588' title='bbox 3100 3685 3384 3754; x_wconf 82' lang='grc' dir='ltr'>Οὐδαμῶς,</span> <span class='ocrx_word' id='word_1_589' title='bbox 3425 3686 3562 3740; x_wconf 82' lang='grc' dir='ltr'><strong>ἀλλά</strong></span> <span class='ocrx_word' id='word_1_590' title='bbox 3627 3690 3808 3740; x_wconf 81' lang='grc' dir='ltr'>πάντα</span> 
     </span>
    </p>
   </div>
   <div class='ocr_carea' id='block_1_82' title="bbox 2221 3775 3806 3848">
    <p class='ocr_par' dir='ltr' id='par_1_82' title="bbox 2221 3775 3806 3848">
     <span class='ocr_line' id='line_1_82' title="bbox 2221 3775 3806 3848; baseline 0.001 -21"><span class='ocrx_word' id='word_1_591' title='bbox 2221 3777 2352 3845; x_wconf 82' lang='grc' dir='ltr'>ἡμῖν</span> <span class='ocrx_word' id='word_1_592' title='bbox 2380 3776 2588 3845; x_wconf 84' lang='grc' dir='ltr'>φορητά</span> <span class='ocrx_word' id='word_1_593' title='bbox 2617 3776 2777 3846; x_wconf 87' lang='grc' dir='ltr'>μέχρι</span> <span class='ocrx_word' id='word_1_594' title='bbox 2809 3775 3112 3845; x_wconf 76' lang='grc' dir='ltr'>θανάτου,ἢ</span> <span class='ocrx_word' id='word_1_595' title='bbox 3141 3779 3433 3846; x_wconf 88' lang='grc' dir='ltr'>μετασχεῖν</span> <span class='ocrx_word' id='word_1_596' title='bbox 3458 3780 3559 3848; x_wconf 83' lang='grc' dir='ltr'><strong>τῆς</strong></span> <span class='ocrx_word' id='word_1_597' title='bbox 3587 3778 3806 3831; x_wconf 81' lang='grc' dir='ltr'>ἐκείνου</span> 
     </span>
    </p>
   </div>
   <div class='ocr_carea' id='block_1_83' title="bbox 2223 3866 3811 3939">
    <p class='ocr_par' dir='ltr' id='par_1_83' title="bbox 2223 3866 3811 3939">
     <span class='ocr_line' id='line_1_83' title="bbox 2223 3866 3811 3939; baseline 0 -17"><span class='ocrx_word' id='word_1_598' title='bbox 2223 3868 2526 3932; x_wconf 80' lang='grc' dir='ltr'>κοινωνίας,</span> <span class='ocrx_word' id='word_1_599' title='bbox 2556 3868 2651 3919; x_wconf 58' lang='grc' dir='ltr'><strong>καὶ¹</strong></span> <span class='ocrx_word' id='word_1_600' title='bbox 2674 3866 2783 3919; x_wconf 86' lang='grc' dir='ltr'><strong>τῶν</strong></span> <span class='ocrx_word' id='word_1_601' title='bbox 2837 3868 3032 3936; x_wconf 79' lang='grc' dir='ltr'>ἐκείνῳ</span> <span class='ocrx_word' id='word_1_602' title='bbox 3065 3868 3625 3939; x_wconf 80' lang='grc' dir='ltr'>συλλειτουργούντων</span> <span class='ocrx_word' id='word_1_603' title='bbox 3651 3887 3665 3900; x_wconf 83' lang='grc'>⁶</span> <span class='ocrx_word' id='word_1_604' title='bbox 3704 3870 3811 3932; x_wconf 71' lang='grc' dir='ltr'><strong>ἕως</strong></span> 
     </span>
    </p>
   </div>
   <div class='ocr_carea' id='block_1_84' title="bbox 2221 3956 3806 4033">
    <p class='ocr_par' dir='ltr' id='par_1_84' title="bbox 2221 3956 3806 4033">
     <span class='ocr_line' id='line_1_84' title="bbox 2221 3956 3806 4033; baseline 0.002 -21"><span class='ocrx_word' id='word_1_605' title='bbox 2221 3959 2287 4012; x_wconf 78' lang='grc' dir='ltr'>ἂν</span> <span class='ocrx_word' id='word_1_606' title='bbox 2344 3956 2531 4030; x_wconf 82' lang='grc' dir='ltr'>παύσῃ</span> <span class='ocrx_word' id='word_1_607' title='bbox 2575 3957 2922 4028; x_wconf 82' lang='grc' dir='ltr'>ἱερουργίας,</span> <span class='ocrx_word' id='word_1_608' title='bbox 2974 3959 3165 4030; x_wconf 82' lang='grc' dir='ltr'>ὥσπερ</span> <span class='ocrx_word' id='word_1_609' title='bbox 3217 3961 3313 4012; x_wconf 76' lang='grc' dir='ltr'><strong>ἐπὶ</strong></span> <span class='ocrx_word' id='word_1_610' title='bbox 3359 3960 3453 4014; x_wconf 74' lang='grc' dir='ltr'>τοῦ</span> <span class='ocrx_word' id='word_1_611' title='bbox 3509 3964 3806 4033; x_wconf 82' lang='grc' dir='ltr'>προτέρου.</span> 
     </span>
    </p>
   </div>
   <div class='ocr_carea' id='block_1_85' title="bbox 2227 4047 3808 4122">
    <p class='ocr_par' dir='ltr' id='par_1_85' title="bbox 2227 4047 3808 4122">
     <span class='ocr_line' id='line_1_85' title="bbox 2227 4047 3808 4122; baseline 0.003 -20"><span class='ocrx_word' id='word_1_612' title='bbox 2227 4050 2403 4102; x_wconf 86' lang='grc' dir='ltr'>Ἔστω</span> <span class='ocrx_word' id='word_1_613' title='bbox 2433 4047 2738 4119; x_wconf 82' lang='grc' dir='ltr'>οίκονόμος’</span> <span class='ocrx_word' id='word_1_614' title='bbox 2765 4049 2814 4100; x_wconf 92' lang='grc' dir='ltr'><strong>τί</strong></span> <span class='ocrx_word' id='word_1_615' title='bbox 2843 4050 2937 4101; x_wconf 75' lang='grc' dir='ltr'><strong>καὶ</strong></span> <span class='ocrx_word' id='word_1_616' title='bbox 2957 4050 3192 4116; x_wconf 80' lang='grc' dir='ltr'>ἀναξίως</span> <span class='ocrx_word' id='word_1_617' title='bbox 3222 4052 3526 4122; x_wconf 83' lang='grc' dir='ltr'>ίερουργεῖ;</span> <span class='ocrx_word' id='word_1_618' title='bbox 3554 4055 3808 4119; x_wconf 77' lang='grc' dir='ltr'>Ἐξέλιπε</span> 
     </span>
    </p>
   </div>
   <div class='ocr_carea' id='block_1_86' title="bbox 2223 4140 3809 4218">
    <p class='ocr_par' dir='ltr' id='par_1_86' title="bbox 2223 4140 3809 4218">
     <span class='ocr_line' id='line_1_86' title="bbox 2223 4140 3809 4218; baseline 0.001 -24"><span class='ocrx_word' id='word_1_619' title='bbox 2223 4141 2611 4212; x_wconf 84' lang='grc' dir='ltr'>πρεσϐύτερος.</span> <span class='ocrx_word' id='word_1_620' title='bbox 2633 4141 2693 4193; x_wconf 77' lang='lat' dir='ltr'><strong>Et</strong></span> <span class='ocrx_word' id='word_1_621' title='bbox 2716 4141 2772 4194; x_wconf 86' lang='grc' dir='ltr'>δὲ</span> <span class='ocrx_word' id='word_1_622' title='bbox 2800 4140 2954 4194; x_wconf 84' lang='grc' dir='ltr'>οὐδὲν</span> <span class='ocrx_word' id='word_1_623' title='bbox 2984 4141 3133 4194; x_wconf 80' lang='grc' dir='ltr'>δοκεῖ</span> <span class='ocrx_word' id='word_1_624' title='bbox 3160 4146 3272 4207; x_wconf 85' lang='grc' dir='ltr'>τοῖς</span> <span class='ocrx_word' id='word_1_625' title='bbox 3296 4144 3809 4218; x_wconf 82' lang='grc' dir='ltr'>συλλειτουργοῦσιν</span> 
     </span>
    </p>
   </div>
   <div class='ocr_carea' id='block_1_87' title="bbox 2222 4229 3810 4307">
    <p class='ocr_par' dir='ltr' id='par_1_87' title="bbox 2222 4229 3810 4307">
     <span class='ocr_line' id='line_1_87' title="bbox 2222 4229 3810 4307; baseline 0.004 -21"><span class='ocrx_word' id='word_1_626' title='bbox 2222 4233 2391 4302; x_wconf 77' lang='grc' dir='ltr'>αὐτῷ,</span> <span class='ocrx_word' id='word_1_627' title='bbox 2451 4234 2672 4303; x_wconf 65' lang='grc' dir='ltr'>ὕψονται</span> <span class='ocrx_word' id='word_1_628' title='bbox 2718 4229 2908 4302; x_wconf 81' lang='grc' dir='ltr'>ὲφόἴς</span> <span class='ocrx_word' id='word_1_629' title='bbox 2965 4234 3284 4303; x_wconf 88' lang='grc' dir='ltr'>πράττουσι.</span> <span class='ocrx_word' id='word_1_630' title='bbox 3345 4237 3648 4291; x_wconf 77' lang='grc' dir='ltr'>Φείσωνται</span> <span class='ocrx_word' id='word_1_631' title='bbox 3707 4239 3810 4307; x_wconf 76' lang='grc' dir='ltr'>τῆς</span> 
     </span>
    </p>
   </div>
   <div class='ocr_carea' id='block_1_88' title="bbox 2223 4325 3808 4399">
    <p class='ocr_par' dir='ltr' id='par_1_88' title="bbox 2223 4325 3808 4399">
     <span class='ocr_line' id='line_1_88' title="bbox 2223 4325 3808 4399; baseline 0.005 -23"><span class='ocrx_word' id='word_1_632' title='bbox 2223 4326 2377 4396; x_wconf 76' lang='grc' dir='ltr'>ἡμῶν</span> <span class='ocrx_word' id='word_1_633' title='bbox 2409 4325 2812 4390; x_wconf 85' lang='grc' dir='ltr'>ταπεινώσεως,</span> <span class='ocrx_word' id='word_1_634' title='bbox 2864 4325 3226 4396; x_wconf 87' lang='grc' dir='ltr'>στεργόντων,</span> <span class='ocrx_word' id='word_1_635' title='bbox 3263 4328 3356 4379; x_wconf 79' lang='grc' dir='ltr'><strong>καὶ</strong></span> <span class='ocrx_word' id='word_1_636' title='bbox 3391 4329 3558 4399; x_wconf 83' lang='grc' dir='ltr'>μηδὲν</span> <span class='ocrx_word' id='word_1_637' title='bbox 3581 4332 3689 4394; x_wconf 75' lang='grc' dir='ltr'>ἕως</span> <span class='ocrx_word' id='word_1_638' title='bbox 3712 4330 3808 4384; x_wconf 83' lang='grc' dir='ltr'>τοῦ</span> 
     </span>
    </p>
   </div>
   <div class='ocr_carea' id='block_1_89' title="bbox 2224 4416 3810 4488">
    <p class='ocr_par' dir='ltr' id='par_1_89' title="bbox 2224 4416 3810 4488">
     <span class='ocr_line' id='line_1_89' title="bbox 2224 4416 3810 4488; baseline 0.003 -17"><span class='ocrx_word' id='word_1_639' title='bbox 2224 4418 2489 4488; x_wconf 84' lang='grc' dir='ltr'>παρόντος</span> <span class='ocrx_word' id='word_1_640' title='bbox 2548 4417 2918 4485; x_wconf 85' lang='grc' dir='ltr'>λαλησάντων,</span> <span class='ocrx_word' id='word_1_641' title='bbox 2951 4416 3065 4470; x_wconf 83' lang='grc' dir='ltr'>ἀλλ’</span> <span class='ocrx_word' id='word_1_642' title='bbox 3100 4420 3574 4488; x_wconf 76' lang='grc' dir='ltr'>οἰκονομησάντων</span> <span class='ocrx_word' id='word_1_643' title='bbox 3608 4424 3666 4476; x_wconf 81' lang='grc' dir='ltr'>ὲν</span> <span class='ocrx_word' id='word_1_644' title='bbox 3695 4424 3810 4484; x_wconf 73' lang='grc' dir='ltr'>τοῖς</span> 
     </span>
    </p>
   </div>
   <div class='ocr_carea' id='block_1_90' title="bbox 547 4508 2120 4584">
    <p class='ocr_par' dir='ltr' id='par_1_90' title="bbox 547 4511 2116 4582">
     <span class='ocr_line' id='line_1_90' title="bbox 547 4511 2116 4582; baseline 0.002 -18"><span class='ocrx_word' id='word_1_645' title='bbox 547 4527 720 4582; x_wconf 88' lang='lat' dir='ltr'><strong>usque</strong></span> <span class='ocrx_word' id='word_1_646' title='bbox 764 4512 907 4566; x_wconf 91' lang='lat' dir='ltr'><strong>diem</strong></span> <span class='ocrx_word' id='word_1_647' title='bbox 965 4511 1128 4566; x_wconf 89' lang='lat' dir='ltr'><strong>locuti</strong></span> <span class='ocrx_word' id='word_1_648' title='bbox 1183 4529 1411 4567; x_wconf 91' lang='lat' dir='ltr'><strong>sumus:</strong></span> <span class='ocrx_word' id='word_1_649' title='bbox 1453 4513 1548 4567; x_wconf 89' lang='lat' dir='ltr'><strong>sed</strong></span> <span class='ocrx_word' id='word_1_650' title='bbox 1603 4513 1821 4567; x_wconf 86' lang='lat' dir='ltr'><strong>biennio</strong></span> <span class='ocrx_word' id='word_1_651' title='bbox 1857 4528 1957 4567; x_wconf 91' lang='lat' dir='ltr'><strong>nos</strong></span> <span class='ocrx_word' id='word_1_652' title='bbox 2004 4521 2116 4567; x_wconf 91' lang='lat' dir='ltr'><strong>toto</strong></span> 
     </span>
    </p>
   </div>
   <div class='ocr_carea' id='block_1_91' title="bbox 2226 4508 3806 4584">
    <p class='ocr_par' dir='ltr' id='par_1_91' title="bbox 2226 4508 3806 4584">
     <span class='ocr_line' id='line_1_91' title="bbox 2226 4508 3806 4584; baseline 0.004 -23"><span class='ocrx_word' id='word_1_653' title='bbox 2226 4510 2372 4562; x_wconf 80' lang='grc' dir='ltr'>δυσὶν</span> <span class='ocrx_word' id='word_1_654' title='bbox 2404 4508 2548 4562; x_wconf 80' lang='grc' dir='ltr'>ἔτεσι</span> <span class='ocrx_word' id='word_1_655' title='bbox 2585 4508 2822 4572; x_wconf 88' lang='grc' dir='ltr'>τούτοις,</span> <span class='ocrx_word' id='word_1_656' title='bbox 2847 4508 2907 4573; x_wconf 78' lang='grc' dir='ltr'>ἐξ</span> <span class='ocrx_word' id='word_1_657' title='bbox 2934 4509 3056 4562; x_wconf 85' lang='grc' dir='ltr'>ὅτου</span> <span class='ocrx_word' id='word_1_658' title='bbox 3112 4509 3359 4578; x_wconf 81' lang='grc' dir='ltr'>είσῆλθον</span> <span class='ocrx_word' id='word_1_659' title='bbox 3394 4509 3470 4582; x_wconf 90' lang='lat' dir='ltr'><strong>[in</strong></span> <span class='ocrx_word' id='word_1_660' title='bbox 3517 4529 3624 4568; x_wconf 90' lang='lat' dir='ltr'><strong>ms.</strong></span> <span class='ocrx_word' id='word_1_661' title='bbox 3669 4513 3806 4584; x_wconf 73' lang='lat' dir='ltr'><strong>Reg.</strong></span> 
     </span>
    </p>
   </div>
   <div class='ocr_carea' id='block_1_92' title="bbox 544 4605 2115 4676">
    <p class='ocr_par' dir='ltr' id='par_1_92' title="bbox 544 4605 2115 4676">
     <span class='ocr_line' id='line_1_92' title="bbox 544 4605 2115 4676; baseline 0 -17"><span class='ocrx_word' id='word_1_662' title='bbox 544 4605 938 4670; x_wconf 84' lang='lat' dir='ltr'><strong>continuimus,</strong></span> <span class='ocrx_word' id='word_1_663' title='bbox 982 4621 1045 4660; x_wconf 84' lang='lat' dir='ltr'><strong>ex</strong></span> <span class='ocrx_word' id='word_1_664' title='bbox 1083 4622 1189 4674; x_wconf 88' lang='lat' dir='ltr'><strong>quo</strong></span> <span class='ocrx_word' id='word_1_665' title='bbox 1221 4607 1450 4676; x_wconf 82' lang='lat' dir='ltr'><strong>ingressi</strong></span> <span class='ocrx_word' id='word_1_666' title='bbox 1479 4616 1605 4661; x_wconf 91' lang='lat' dir='ltr'><strong>sunt</strong></span> <span class='ocrx_word' id='word_1_667' title='bbox 1639 4614 1694 4660; x_wconf 92' lang='lat' dir='ltr'><strong>ut</strong></span> <span class='ocrx_word' id='word_1_668' title='bbox 1730 4606 1973 4675; x_wconf 88' lang='lat' dir='ltr'><strong>pacatius</strong></span> <span class='ocrx_word' id='word_1_669' title='bbox 2012 4606 2115 4660; x_wconf 86' lang='lat' dir='ltr'><strong>hoc</strong></span> 
     </span>
    </p>
   </div>
   <div class='ocr_carea' id='block_1_93' title="bbox 546 4697 2114 4767">
    <p class='ocr_par' dir='ltr' id='par_1_93' title="bbox 546 4697 2114 4767">
     <span class='ocr_line' id='line_1_93' title="bbox 546 4697 2114 4767; baseline 0.001 -17"><span class='ocrx_word' id='word_1_670' title='bbox 546 4699 706 4752; x_wconf 89' lang='lat' dir='ltr'><strong>modo</strong></span> <span class='ocrx_word' id='word_1_671' title='bbox 758 4699 1085 4751; x_wconf 88' lang='lat' dir='ltr'><strong>viveremus.</strong></span> <span class='ocrx_word' id='word_1_672' title='bbox 1146 4699 1358 4752; x_wconf 91' lang='lat' dir='ltr'><strong>Domini</strong></span> <span class='ocrx_word' id='word_1_673' title='bbox 1406 4699 1575 4752; x_wconf 84' lang='lat' dir='ltr'><strong>nostri</strong></span> <span class='ocrx_word' id='word_1_674' title='bbox 1623 4708 1750 4752; x_wconf 89' lang='lat' dir='ltr'><strong>sunt</strong></span> <span class='ocrx_word' id='word_1_675' title='bbox 1794 4697 1986 4767; x_wconf 84' lang='lat' dir='ltr'><strong>Optimi</strong></span> <span class='ocrx_word' id='word_1_676' title='bbox 2027 4711 2114 4751; x_wconf 90' lang='lat' dir='ltr'><strong>se-</strong></span> 
     </span>
    </p>
   </div>
   <div class='ocr_carea' id='block_1_94' title="bbox 545 4787 2113 4856">
    <p class='ocr_par' dir='ltr' id='par_1_94' title="bbox 545 4787 2113 4856">
     <span class='ocr_line' id='line_1_94' title="bbox 545 4787 2113 4856; baseline 0 -16"><span class='ocrx_word' id='word_1_677' title='bbox 545 4796 796 4855; x_wconf 90' lang='lat' dir='ltr'><strong>questres</strong></span> <span class='ocrx_word' id='word_1_678' title='bbox 845 4794 900 4841; x_wconf 90' lang='lat' dir='ltr'><strong>et</strong></span> <span class='ocrx_word' id='word_1_679' title='bbox 927 4787 1115 4842; x_wconf 90' lang='lat' dir='ltr'><strong>arbitri</strong></span> <span class='ocrx_word' id='word_1_680' title='bbox 1163 4789 1454 4856; x_wconf 86' lang='lat' dir='ltr'><strong>aequitatis,</strong></span> <span class='ocrx_word' id='word_1_681' title='bbox 1498 4804 1685 4842; x_wconf 88' lang='lat' dir='ltr'><strong>eorum</strong></span> <span class='ocrx_word' id='word_1_682' title='bbox 1732 4789 1972 4842; x_wconf 83' lang='lat' dir='ltr'><strong>fautores</strong></span> <span class='ocrx_word' id='word_1_683' title='bbox 2022 4787 2113 4856; x_wconf 91' lang='lat' dir='ltr'><strong>qui</strong></span> 
     </span>
    </p>
   </div>
   <div class='ocr_carea' id='block_1_95' title="bbox 545 4878 2116 4946">
    <p class='ocr_par' dir='ltr' id='par_1_95' title="bbox 545 4878 2116 4946">
     <span class='ocr_line' id='line_1_95' title="bbox 545 4878 2116 4946; baseline 0.003 -17"><span class='ocrx_word' id='word_1_684' title='bbox 545 4878 828 4932; x_wconf 79' lang='lat' dir='ltr'><strong>veritatem</strong></span> <span class='ocrx_word' id='word_1_685' title='bbox 864 4879 1031 4933; x_wconf 90' lang='lat' dir='ltr'><strong>libere</strong></span> <span class='ocrx_word' id='word_1_686' title='bbox 1059 4880 1383 4946; x_wconf 85' lang='lat' dir='ltr'><strong>defendunt,</strong></span> <span class='ocrx_word' id='word_1_687' title='bbox 1415 4880 1554 4934; x_wconf 90' lang='lat' dir='ltr'><strong>sicut</strong></span> <span class='ocrx_word' id='word_1_688' title='bbox 1579 4881 1870 4935; x_wconf 83' lang='lat' dir='ltr'><strong>venerabili</strong></span> <span class='ocrx_word' id='word_1_689' title='bbox 1898 4895 1989 4934; x_wconf 93' lang='lat' dir='ltr'><strong>ore</strong></span> <span class='ocrx_word' id='word_1_690' title='bbox 2019 4895 2116 4934; x_wconf 90' lang='lat' dir='ltr'><strong>suo</strong></span> 
     </span>
    </p>
   </div>
   <div class='ocr_carea' id='block_1_96' title="bbox 546 4969 2117 5038">
    <p class='ocr_par' dir='ltr' id='par_1_96' title="bbox 546 4969 2117 5038">
     <span class='ocr_line' id='line_1_96' title="bbox 546 4969 2117 5038; baseline 0 -16"><span class='ocrx_word' id='word_1_691' title='bbox 546 4984 688 5038; x_wconf 68' lang='lat' dir='ltr'><strong>saape</strong></span> <span class='ocrx_word' id='word_1_692' title='bbox 719 4969 1068 5024; x_wconf 89' lang='lat' dir='ltr'><strong>denuntiant.</strong></span> <span class='ocrx_word' id='word_1_693' title='bbox 1125 4969 1324 5025; x_wconf 86' lang='lat' dir='ltr'><strong>Ferant</strong></span> <span class='ocrx_word' id='word_1_694' title='bbox 1356 4973 1668 5026; x_wconf 88' lang='lat' dir='ltr'><strong>sacerdotes</strong></span> <span class='ocrx_word' id='word_1_695' title='bbox 1695 4982 1753 5025; x_wconf 91' lang='lat' dir='ltr'><strong>ut</strong></span> <span class='ocrx_word' id='word_1_696' title='bbox 1794 4987 1974 5025; x_wconf 85' lang='lat' dir='ltr'><strong>sacros</strong></span> <span class='ocrx_word' id='word_1_697' title='bbox 2021 4970 2117 5023; x_wconf 89' lang='lat' dir='ltr'><strong>ho-</strong></span> 
     </span>
    </p>
   </div>
   <div class='ocr_carea' id='block_1_97' title="bbox 545 5061 2118 5133">
    <p class='ocr_par' dir='ltr' id='par_1_97' title="bbox 545 5061 2118 5133">
     <span class='ocr_line' id='line_1_97' title="bbox 545 5061 2118 5133; baseline 0.001 -21"><span class='ocrx_word' id='word_1_698' title='bbox 545 5061 719 5115; x_wconf 89' lang='lat' dir='ltr'><strong>mines</strong></span> <span class='ocrx_word' id='word_1_699' title='bbox 750 5063 936 5125; x_wconf 90' lang='lat' dir='ltr'><strong>decet,</strong></span> <span class='ocrx_word' id='word_1_700' title='bbox 982 5073 1074 5116; x_wconf 88' lang='lat' dir='ltr'><strong>aut</strong></span> <span class='ocrx_word' id='word_1_701' title='bbox 1102 5063 1201 5132; x_wconf 91' lang='lat' dir='ltr'><strong>ipsi</strong></span> <span class='ocrx_word' id='word_1_702' title='bbox 1253 5065 1698 5133; x_wconf 89' lang='lat' dir='ltr'><strong>persuadebunt,</strong></span> <span class='ocrx_word' id='word_1_703' title='bbox 1733 5074 1824 5117; x_wconf 89' lang='lat' dir='ltr'><strong>aut</strong></span> <span class='ocrx_word' id='word_1_704' title='bbox 1857 5065 1960 5118; x_wconf 89' lang='lat' dir='ltr'><strong>illis</strong></span> <span class='ocrx_word' id='word_1_705' title='bbox 1993 5079 2118 5133; x_wconf 90' lang='lat' dir='ltr'><strong>per-</strong></span> 
     </span>
    </p>
   </div>
   <div class='ocr_carea' id='block_1_98' title="bbox 543 5152 2115 5225">
    <p class='ocr_par' dir='ltr' id='par_1_98' title="bbox 543 5152 2115 5225">
     <span class='ocr_line' id='line_1_98' title="bbox 543 5152 2115 5225; baseline 0.003 -18"><span class='ocrx_word' id='word_1_706' title='bbox 543 5154 878 5207; x_wconf 85' lang='lat' dir='ltr'><strong>suadebitur.</strong></span> <span class='ocrx_word' id='word_1_707' title='bbox 906 5152 1001 5208; x_wconf 90' lang='lat' dir='ltr'><strong>Sin</strong></span> <span class='ocrx_word' id='word_1_708' title='bbox 1029 5155 1223 5209; x_wconf 90' lang='lat' dir='ltr'><strong>horum</strong></span> <span class='ocrx_word' id='word_1_709' title='bbox 1254 5157 1418 5221; x_wconf 89' lang='lat' dir='ltr'><strong>nihil,</strong></span> <span class='ocrx_word' id='word_1_710' title='bbox 1455 5158 1550 5212; x_wconf 91' lang='lat' dir='ltr'><strong>sed</strong></span> <span class='ocrx_word' id='word_1_711' title='bbox 1577 5172 1642 5210; x_wconf 93' lang='lat' dir='ltr'><strong>ne</strong></span> <span class='ocrx_word' id='word_1_712' title='bbox 1671 5157 1868 5210; x_wconf 89' lang='lat' dir='ltr'><strong>mutire</strong></span> <span class='ocrx_word' id='word_1_713' title='bbox 1897 5157 2115 5225; x_wconf 89' lang='lat' dir='ltr'><strong>quidem</strong></span> 
     </span>
    </p>
   </div>
   <div class='ocr_carea' id='block_1_99' title="bbox 545 5245 2118 5320">
    <p class='ocr_par' dir='ltr' id='par_1_99' title="bbox 545 5245 2118 5320">
     <span class='ocr_line' id='line_1_99' title="bbox 545 5245 2118 5320; baseline 0.005 -24"><span class='ocrx_word' id='word_1_714' title='bbox 545 5259 646 5298; x_wconf 91' lang='lat' dir='ltr'><strong>nos</strong></span> <span class='ocrx_word' id='word_1_715' title='bbox 676 5245 961 5300; x_wconf 89' lang='lat' dir='ltr'><strong>ferendum</strong></span> <span class='ocrx_word' id='word_1_716' title='bbox 1007 5256 1243 5316; x_wconf 91' lang='lat' dir='ltr'><strong>putant;</strong></span> <span class='ocrx_word' id='word_1_717' title='bbox 1291 5247 1433 5302; x_wconf 92' lang='lat' dir='ltr'><strong>Deus</strong></span> <span class='ocrx_word' id='word_1_718' title='bbox 1464 5248 1705 5302; x_wconf 87' lang='lat' dir='ltr'><strong>intuetur</strong></span> <span class='ocrx_word' id='word_1_719' title='bbox 1730 5290 1742 5312; x_wconf 92' lang='lat'><strong>,</strong></span> <span class='ocrx_word' id='word_1_720' title='bbox 1797 5265 1904 5318; x_wconf 85' lang='lat' dir='ltr'><strong>quo</strong></span> <span class='ocrx_word' id='word_1_721' title='bbox 1948 5250 2118 5320; x_wconf 89' lang='lat' dir='ltr'><strong>major</strong></span> 
     </span>
    </p>
   </div>
   <div class='ocr_carea' id='block_1_100' title="bbox 545 5338 2114 5407">
    <p class='ocr_par' dir='ltr' id='par_1_100' title="bbox 545 5338 2114 5407">
     <span class='ocr_line' id='line_1_100' title="bbox 545 5338 2114 5407; baseline 0.005 -19"><span class='ocrx_word' id='word_1_722' title='bbox 545 5345 626 5388; x_wconf 91' lang='lat' dir='ltr'><strong>est</strong></span> <span class='ocrx_word' id='word_1_723' title='bbox 655 5351 836 5401; x_wconf 91' lang='lat' dir='ltr'><strong>nemo,</strong></span> <span class='ocrx_word' id='word_1_724' title='bbox 891 5339 1046 5407; x_wconf 88' lang='lat' dir='ltr'><strong>cujus</strong></span> <span class='ocrx_word' id='word_1_725' title='bbox 1090 5338 1256 5393; x_wconf 91' lang='lat' dir='ltr'><strong>solius</strong></span> <span class='ocrx_word' id='word_1_726' title='bbox 1295 5349 1466 5392; x_wconf 89' lang='lat' dir='ltr'><strong>terror</strong></span> <span class='ocrx_word' id='word_1_727' title='bbox 1501 5349 1584 5393; x_wconf 89' lang='lat' dir='ltr'><strong>est</strong></span> <span class='ocrx_word' id='word_1_728' title='bbox 1628 5340 2013 5404; x_wconf 87' lang='lat' dir='ltr'><strong>formidabilis,</strong></span> <span class='ocrx_word' id='word_1_729' title='bbox 2060 5354 2114 5396; x_wconf 85' lang='lat' dir='ltr'><strong>et</strong></span> 
     </span>
    </p>
   </div>
   <div class='ocr_carea' id='block_1_101' title="bbox 548 5428 2112 5493">
    <p class='ocr_par' dir='ltr' id='par_1_101' title="bbox 548 5428 2112 5493">
     <span class='ocr_line' id='line_1_101' title="bbox 548 5428 2112 5493; baseline 0.004 -15"><span class='ocrx_word' id='word_1_730' title='bbox 548 5428 778 5481; x_wconf 75' lang='lat' dir='ltr'><strong>tribunal</strong></span> <span class='ocrx_word' id='word_1_731' title='bbox 838 5428 997 5493; x_wconf 90' lang='lat' dir='ltr'><strong>illud,</strong></span> <span class='ocrx_word' id='word_1_732' title='bbox 1059 5429 1144 5483; x_wconf 90' lang='lat' dir='ltr'><strong>cui</strong></span> <span class='ocrx_word' id='word_1_733' title='bbox 1198 5429 1454 5483; x_wconf 90' lang='lat' dir='ltr'><strong>sislemur</strong></span> <span class='ocrx_word' id='word_1_734' title='bbox 1509 5446 1700 5484; x_wconf 91' lang='lat' dir='ltr'><strong>omnes</strong></span> <span class='ocrx_word' id='word_1_735' title='bbox 1749 5432 1814 5484; x_wconf 89' lang='lat' dir='ltr'><strong>de</strong></span> <span class='ocrx_word' id='word_1_736' title='bbox 1860 5431 2112 5485; x_wconf 88' lang='lat' dir='ltr'><strong>omnibus</strong></span> 
     </span>
    </p>
   </div>
   <div class='ocr_carea' id='block_1_102' title="bbox 541 5517 2113 5585">
    <p class='ocr_par' dir='ltr' id='par_1_102' title="bbox 541 5517 2113 5585">
     <span class='ocr_line' id='line_1_102' title="bbox 541 5517 2113 5585; baseline 0.004 -17"><span class='ocrx_word' id='word_1_737' title='bbox 541 5517 843 5585; x_wconf 86' lang='lat' dir='ltr'><strong>judicandi.</strong></span> <span class='ocrx_word' id='word_1_738' title='bbox 903 5519 1172 5574; x_wconf 77' lang='lat' dir='ltr'><strong>Caeterum</strong></span> <span class='ocrx_word' id='word_1_739' title='bbox 1228 5536 1448 5575; x_wconf 89' lang='lat' dir='ltr'><strong>oramus</strong></span> <span class='ocrx_word' id='word_1_740' title='bbox 1493 5522 1789 5577; x_wconf 88' lang='lat' dir='ltr'><strong>bonitatem</strong></span> <span class='ocrx_word' id='word_1_741' title='bbox 1846 5531 2020 5585; x_wconf 91' lang='lat' dir='ltr'><strong>tuam,</strong></span> <span class='ocrx_word' id='word_1_742' title='bbox 2060 5532 2113 5576; x_wconf 93' lang='lat' dir='ltr'><strong>et</strong></span> 
     </span>
    </p>
   </div>
   <div class='ocr_carea' id='block_1_103' title="bbox 546 5608 2113 5679">
    <p class='ocr_par' dir='ltr' id='par_1_103' title="bbox 546 5608 2113 5679">
     <span class='ocr_line' id='line_1_103' title="bbox 546 5608 2113 5679; baseline 0.006 -23"><span class='ocrx_word' id='word_1_743' title='bbox 546 5615 798 5674; x_wconf 85' lang='lat' dir='ltr'><strong>tanquam</strong></span> <span class='ocrx_word' id='word_1_744' title='bbox 838 5608 1005 5663; x_wconf 87' lang='lat' dir='ltr'><strong>sacris</strong></span> <span class='ocrx_word' id='word_1_745' title='bbox 1049 5609 1288 5679; x_wconf 82' lang='lat' dir='ltr'><strong>vestigiis</strong></span> <span class='ocrx_word' id='word_1_746' title='bbox 1337 5611 1446 5666; x_wconf 87' lang='lat' dir='ltr'><strong>tuis</strong></span> <span class='ocrx_word' id='word_1_747' title='bbox 1488 5612 1728 5667; x_wconf 89' lang='lat' dir='ltr'><strong>advoluti</strong></span> <span class='ocrx_word' id='word_1_748' title='bbox 1767 5614 2113 5668; x_wconf 85' lang='lat' dir='ltr'><strong>obsecramus</strong></span> 
     </span>
    </p>
   </div>
   <div class='ocr_carea' id='block_1_104' title="bbox 633 5802 1416 5862">
    <p class='ocr_par' dir='ltr' id='par_1_104' title="bbox 633 5802 1416 5862">
     <span class='ocr_line' id='line_1_104' title="bbox 633 5802 1416 5862; baseline 0.01 -7"><span class='ocrx_word' id='word_1_749' title='bbox 633 5804 673 5834; x_wconf 70' lang='grc'><strong>³³</strong></span> <span class='ocrx_word' id='word_1_750' title='bbox 715 5803 878 5856; x_wconf 69' lang='lat' dir='ltr'><strong>Conv.</strong></span> <span class='ocrx_word' id='word_1_751' title='bbox 923 5802 1161 5859; x_wconf 79' lang='lat' dir='ltr'><strong>Neocaes.</strong></span> <span class='ocrx_word' id='word_1_752' title='bbox 1198 5825 1315 5862; x_wconf 80' lang='lat' dir='ltr'><strong>can.</strong></span> <span class='ocrx_word' id='word_1_753' title='bbox 1369 5813 1416 5862; x_wconf 83' lang='lat'><strong>7.</strong></span> 
     </span>
    </p>
   </div>
   <div class='ocr_carea' id='block_1_105' title="bbox 2216 4599 3810 4676">
    <p class='ocr_par' dir='ltr' id='par_1_105' title="bbox 2216 4599 3810 4676">
     <span class='ocr_line' id='line_1_105' title="bbox 2216 4599 3810 4676; baseline 0.003 -21"><span class='ocrx_word' id='word_1_754' title='bbox 2216 4601 2488 4674; x_wconf 75' lang='grc' dir='ltr'>εἰσῆλθεν]</span> <span class='ocrx_word' id='word_1_755' title='bbox 2517 4617 2530 4631; x_wconf 77' lang='grc' dir='ltr'><strong><em>ο</em></strong></span> <span class='ocrx_word' id='word_1_756' title='bbox 2557 4601 2643 4653; x_wconf 83' lang='grc' dir='ltr'><strong>ἵνα</strong></span> <span class='ocrx_word' id='word_1_757' title='bbox 2680 4599 2852 4661; x_wconf 73' lang='grc' dir='ltr'>οὕτως</span> <span class='ocrx_word' id='word_1_758' title='bbox 2879 4601 3302 4673; x_wconf 76' lang='grc' dir='ltr'>εἰρηνικώτερον</span> <span class='ocrx_word' id='word_1_759' title='bbox 3327 4602 3716 4676; x_wconf 83' lang='grc' dir='ltr'>διεξέλθωμεν.</span> <span class='ocrx_word' id='word_1_760' title='bbox 3746 4607 3810 4659; x_wconf 79' lang='grc' dir='ltr'><strong>Οἱ</strong></span> 
     </span>
    </p>
   </div>
   <div class='ocr_carea' id='block_1_106' title="bbox 2215 4692 3809 4766">
    <p class='ocr_par' dir='ltr' id='par_1_106' title="bbox 2215 4692 3809 4766">
     <span class='ocr_line' id='line_1_106' title="bbox 2215 4692 3809 4766; baseline 0.002 -19"><span class='ocrx_word' id='word_1_761' title='bbox 2215 4696 2472 4748; x_wconf 82' lang='grc' dir='ltr'>δεσπόται</span> <span class='ocrx_word' id='word_1_762' title='bbox 2515 4693 2669 4763; x_wconf 79' lang='grc' dir='ltr'>ἡμῶν</span> <span class='ocrx_word' id='word_1_763' title='bbox 2697 4693 2747 4743; x_wconf 89' lang='grc' dir='ltr'>οἱ</span> <span class='ocrx_word' id='word_1_764' title='bbox 2801 4692 3018 4758; x_wconf 78' lang='grc' dir='ltr'>ἀγαθοὶ,</span> <span class='ocrx_word' id='word_1_765' title='bbox 3075 4696 3292 4762; x_wconf 85' lang='grc' dir='ltr'>μεσῖται</span> <span class='ocrx_word' id='word_1_766' title='bbox 3343 4697 3437 4747; x_wconf 81' lang='grc' dir='ltr'><strong>καὶ</strong></span> <span class='ocrx_word' id='word_1_767' title='bbox 3483 4699 3670 4766; x_wconf 76' lang='grc' dir='ltr'>κριταὶ</span> <span class='ocrx_word' id='word_1_768' title='bbox 3711 4697 3809 4751; x_wconf 77' lang='grc' dir='ltr'><strong>τοῦ</strong></span> 
     </span>
    </p>
   </div>
   <div class='ocr_carea' id='block_1_107' title="bbox 2216 4786 3807 4859">
    <p class='ocr_par' dir='ltr' id='par_1_107' title="bbox 2216 4786 3807 4859">
     <span class='ocr_line' id='line_1_107' title="bbox 2216 4786 3807 4859; baseline 0 -20"><span class='ocrx_word' id='word_1_769' title='bbox 2216 4786 2448 4839; x_wconf 75' lang='grc' dir='ltr'>δικαίουο</span> <span class='ocrx_word' id='word_1_770' title='bbox 2484 4786 2707 4854; x_wconf 70' lang='grc' dir='ltr'>φιληταὶ</span> <span class='ocrx_word' id='word_1_771' title='bbox 2745 4787 2853 4838; x_wconf 85' lang='grc' dir='ltr'><strong>τῶν</strong></span> <span class='ocrx_word' id='word_1_772' title='bbox 2900 4786 3429 4857; x_wconf 75' lang='grc' dir='ltr'>παρρησιαζομένων</span> <span class='ocrx_word' id='word_1_773' title='bbox 3467 4789 3525 4838; x_wconf 76' lang='grc' dir='ltr'>ὲν</span> <span class='ocrx_word' id='word_1_774' title='bbox 3553 4788 3807 4859; x_wconf 69' lang='grc' dir='ltr'>ἀληθεία·</span> 
     </span>
    </p>
   </div>
   <div class='ocr_carea' id='block_1_108' title="bbox 2217 4877 3807 4949">
    <p class='ocr_par' dir='ltr' id='par_1_108' title="bbox 2217 4877 3807 4949">
     <span class='ocr_line' id='line_1_108' title="bbox 2217 4877 3807 4949; baseline 0.003 -20"><span class='ocrx_word' id='word_1_775' title='bbox 2217 4878 2291 4941; x_wconf 83' lang='grc' dir='ltr'>ὡς</span> <span class='ocrx_word' id='word_1_776' title='bbox 2323 4877 2454 4930; x_wconf 83' lang='grc' dir='ltr'>αὐτὸ</span> <span class='ocrx_word' id='word_1_777' title='bbox 2487 4878 2546 4929; x_wconf 81' lang='grc' dir='ltr'><strong>τὸ</strong></span> <span class='ocrx_word' id='word_1_778' title='bbox 2579 4877 2759 4947; x_wconf 80' lang='grc' dir='ltr'>τίμιον</span> <span class='ocrx_word' id='word_1_779' title='bbox 2791 4878 2970 4932; x_wconf 82' lang='grc' dir='ltr'>αὐτῶν</span> <span class='ocrx_word' id='word_1_780' title='bbox 2995 4881 3169 4948; x_wconf 89' lang='grc' dir='ltr'>στόμα</span> <span class='ocrx_word' id='word_1_781' title='bbox 3194 4879 3454 4940; x_wconf 83' lang='grc' dir='ltr'>πολλάκις</span> <span class='ocrx_word' id='word_1_782' title='bbox 3473 4878 3807 4949; x_wconf 85' lang='grc' dir='ltr'>διαγορεύει.</span> 
     </span>
    </p>
   </div>
   <div class='ocr_carea' id='block_1_109' title="bbox 2231 4969 3804 5042">
    <p class='ocr_par' dir='ltr' id='par_1_109' title="bbox 2231 4969 3804 5042">
     <span class='ocr_line' id='line_1_109' title="bbox 2231 4969 3804 5042; baseline 0.003 -22"><span class='ocrx_word' id='word_1_783' title='bbox 2231 4969 2556 5036; x_wconf 79' lang='grc' dir='ltr'>Ἐνέγκωσιν</span> <span class='ocrx_word' id='word_1_784' title='bbox 2588 4971 2634 5021; x_wconf 81' lang='grc' dir='ltr'><strong>οἱ</strong></span> <span class='ocrx_word' id='word_1_785' title='bbox 2671 4970 2836 5039; x_wconf 81' lang='grc' dir='ltr'>ἱερεῖς</span> <span class='ocrx_word' id='word_1_786' title='bbox 2871 4970 3049 5041; x_wconf 82' lang='grc' dir='ltr'>ίερῶς,</span> <span class='ocrx_word' id='word_1_787' title='bbox 3087 4970 3120 5041; x_wconf 82' lang='grc' dir='ltr'>ἢ</span> <span class='ocrx_word' id='word_1_788' title='bbox 3167 4971 3467 5032; x_wconf 82' lang='grc' dir='ltr'>πείσουσιν,</span> <span class='ocrx_word' id='word_1_789' title='bbox 3505 4969 3537 5039; x_wconf 84' lang='grc' dir='ltr'>ἢ</span> <span class='ocrx_word' id='word_1_790' title='bbox 3572 4972 3804 5042; x_wconf 84' lang='grc' dir='ltr'>πεισθή·</span> 
     </span>
    </p>
   </div>
   <div class='ocr_carea' id='block_1_110' title="bbox 2219 5060 3809 5131">
    <p class='ocr_par' dir='ltr' id='par_1_110' title="bbox 2219 5060 3809 5131">
     <span class='ocr_line' id='line_1_110' title="bbox 2219 5060 3809 5131; baseline 0 -16"><span class='ocrx_word' id='word_1_791' title='bbox 2219 5079 2421 5115; x_wconf 84' lang='grc' dir='ltr'>σονται.</span> <span class='ocrx_word' id='word_1_792' title='bbox 2471 5063 2533 5115; x_wconf 74' lang='lat' dir='ltr'><strong>Et</strong></span> <span class='ocrx_word' id='word_1_793' title='bbox 2595 5063 2651 5115; x_wconf 88' lang='grc' dir='ltr'><strong>δὲ</strong></span> <span class='ocrx_word' id='word_1_794' title='bbox 2699 5063 2852 5114; x_wconf 74' lang='grc' dir='ltr'>οὐδὲν</span> <span class='ocrx_word' id='word_1_795' title='bbox 2894 5061 3155 5127; x_wconf 82' lang='grc' dir='ltr'>τοιοῦτον,</span> <span class='ocrx_word' id='word_1_796' title='bbox 3187 5061 3321 5113; x_wconf 86' lang='grc' dir='ltr'>ἀλλὰ</span> <span class='ocrx_word' id='word_1_797' title='bbox 3369 5061 3463 5112; x_wconf 77' lang='grc' dir='ltr'><strong>καὶ</strong></span> <span class='ocrx_word' id='word_1_798' title='bbox 3513 5060 3574 5112; x_wconf 89' lang='grc' dir='ltr'><strong>τὸ</strong></span> <span class='ocrx_word' id='word_1_799' title='bbox 3604 5062 3809 5131; x_wconf 79' lang='grc' dir='ltr'>γρύξαι</span> 
     </span>
    </p>
   </div>
   <div class='ocr_carea' id='block_1_111' title="bbox 2219 5146 3811 5226">
    <p class='ocr_par' dir='ltr' id='par_1_111' title="bbox 2219 5146 3811 5226">
     <span class='ocr_line' id='line_1_111' title="bbox 2219 5146 3811 5226; baseline -0.001 -19"><span class='ocrx_word' id='word_1_800' title='bbox 2219 5156 2378 5224; x_wconf 87' lang='grc' dir='ltr'>μόνον</span> <span class='ocrx_word' id='word_1_801' title='bbox 2411 5157 2557 5226; x_wconf 81' lang='grc' dir='ltr'>ἡμᾶς</span> <span class='ocrx_word' id='word_1_802' title='bbox 2585 5157 2684 5209; x_wconf 87' lang='grc' dir='ltr'><strong>ούκ</strong></span> <span class='ocrx_word' id='word_1_803' title='bbox 2720 5156 2966 5212; x_wconf 72' lang='grc' dir='ltr'>ἀνεκτόνο</span> <span class='ocrx_word' id='word_1_804' title='bbox 2989 5155 3119 5218; x_wconf 85' lang='grc' dir='ltr'>Θεὸς</span> <span class='ocrx_word' id='word_1_805' title='bbox 3153 5155 3347 5223; x_wconf 77' lang='grc' dir='ltr'>ἐφορᾷ,</span> <span class='ocrx_word' id='word_1_806' title='bbox 3383 5146 3444 5204; x_wconf 72' lang='grc' dir='ltr'>οὗ</span> <span class='ocrx_word' id='word_1_807' title='bbox 3477 5151 3683 5222; x_wconf 73' lang='grc' dir='ltr'>μείζων</span> <span class='ocrx_word' id='word_1_808' title='bbox 3717 5153 3811 5205; x_wconf 81' lang='grc' dir='ltr'>ού-</span> 
     </span>
    </p>
   </div>
   <div class='ocr_carea' id='block_1_112' title="bbox 2214 5243 3810 5318">
    <p class='ocr_par' dir='ltr' id='par_1_112' title="bbox 2214 5243 3810 5318">
     <span class='ocr_line' id='line_1_112' title="bbox 2214 5243 3810 5318; baseline -0.002 -19"><span class='ocrx_word' id='word_1_809' title='bbox 2214 5249 2321 5311; x_wconf 85' lang='grc' dir='ltr'>δείς</span> <span class='ocrx_word' id='word_1_810' title='bbox 2371 5243 2430 5302; x_wconf 73' lang='grc' dir='ltr'><strong>οὗ</strong></span> <span class='ocrx_word' id='word_1_811' title='bbox 2468 5251 2626 5318; x_wconf 86' lang='grc' dir='ltr'>μόνος</span> <span class='ocrx_word' id='word_1_812' title='bbox 2649 5251 2676 5302; x_wconf 89' lang='lat'><strong>6</strong></span> <span class='ocrx_word' id='word_1_813' title='bbox 2709 5249 2874 5317; x_wconf 83' lang='grc' dir='ltr'>φόϐος</span> <span class='ocrx_word' id='word_1_814' title='bbox 2908 5247 3156 5318; x_wconf 74' lang='grc' dir='ltr'>φοϐερὸς,</span> <span class='ocrx_word' id='word_1_815' title='bbox 3191 5247 3285 5300; x_wconf 71' lang='grc' dir='ltr'><strong>καὶ</strong></span> <span class='ocrx_word' id='word_1_816' title='bbox 3306 5245 3366 5297; x_wconf 87' lang='grc' dir='ltr'><strong>τὸ</strong></span> <span class='ocrx_word' id='word_1_817' title='bbox 3394 5246 3511 5296; x_wconf 78' lang='grc' dir='ltr'>ἐκεῖ</span> <span class='ocrx_word' id='word_1_818' title='bbox 3547 5244 3810 5314; x_wconf 79' lang='grc' dir='ltr'>δικαστή·</span> 
     </span>
    </p>
   </div>
   <div class='ocr_carea' id='block_1_113' title="bbox 2222 5336 3809 5412">
    <p class='ocr_par' dir='ltr' id='par_1_113' title="bbox 2222 5336 3809 5412">
     <span class='ocr_line' id='line_1_113' title="bbox 2222 5336 3809 5412; baseline -0.003 -19"><span class='ocrx_word' id='word_1_819' title='bbox 2222 5359 2359 5412; x_wconf 88' lang='grc' dir='ltr'>ριον,</span> <span class='ocrx_word' id='word_1_820' title='bbox 2488 5344 2687 5402; x_wconf 83' lang='grc' dir='ltr'>πάντες</span> <span class='ocrx_word' id='word_1_821' title='bbox 2745 5339 3210 5410; x_wconf 85' lang='grc' dir='ltr'>παραστησόμεθα</span> <span class='ocrx_word' id='word_1_822' title='bbox 3262 5337 3614 5407; x_wconf 87' lang='grc' dir='ltr'>εύθυνόμενοι</span> <span class='ocrx_word' id='word_1_823' title='bbox 3664 5340 3809 5390; x_wconf 83' lang='grc' dir='ltr'><strong>κατά</strong></span> 
     </span>
    </p>
   </div>
   <div class='ocr_carea' id='block_1_114' title="bbox 2222 5428 3808 5500">
    <p class='ocr_par' dir='ltr' id='par_1_114' title="bbox 2222 5428 3808 5500">
     <span class='ocr_line' id='line_1_114' title="bbox 2222 5428 3808 5500; baseline -0.002 -18"><span class='ocrx_word' id='word_1_824' title='bbox 2222 5433 2418 5485; x_wconf 84' lang='grc' dir='ltr'>πάντα.</span> <span class='ocrx_word' id='word_1_825' title='bbox 2460 5432 2621 5485; x_wconf 81' lang='grc' dir='ltr'>Ἀλλὰ</span> <span class='ocrx_word' id='word_1_826' title='bbox 2667 5431 2900 5499; x_wconf 81' lang='grc' dir='ltr'>δεόμεθά</span> <span class='ocrx_word' id='word_1_827' title='bbox 2956 5447 3048 5482; x_wconf 91' lang='grc' dir='ltr'><strong>σου</strong></span> <span class='ocrx_word' id='word_1_828' title='bbox 3089 5429 3190 5500; x_wconf 83' lang='grc' dir='ltr'>τῆς</span> <span class='ocrx_word' id='word_1_829' title='bbox 3220 5429 3574 5498; x_wconf 82' lang='grc' dir='ltr'>ἀγαθότητος,</span> <span class='ocrx_word' id='word_1_830' title='bbox 3609 5429 3702 5480; x_wconf 76' lang='grc' dir='ltr'><strong>καὶ</strong></span> <span class='ocrx_word' id='word_1_831' title='bbox 3730 5428 3808 5489; x_wconf 85' lang='grc' dir='ltr'><strong>ὡς</strong></span> 
     </span>
    </p>
   </div>
   <div class='ocr_carea' id='block_1_115' title="bbox 2223 5523 3808 5593">
    <p class='ocr_par' dir='ltr' id='par_1_115' title="bbox 2223 5523 3808 5593">
     <span class='ocr_line' id='line_1_115' title="bbox 2223 5523 3808 5593; baseline 0.001 -20"><span class='ocrx_word' id='word_1_832' title='bbox 2223 5523 2701 5593; x_wconf 78' lang='grc' dir='ltr'>προκυλινδόμενοι</span> <span class='ocrx_word' id='word_1_833' title='bbox 2757 5526 2868 5584; x_wconf 84' lang='grc' dir='ltr'>τοῖς</span> <span class='ocrx_word' id='word_1_834' title='bbox 2929 5523 3128 5592; x_wconf 77' lang='grc' dir='ltr'>τιμίοις</span> <span class='ocrx_word' id='word_1_835' title='bbox 3162 5540 3256 5575; x_wconf 93' lang='grc' dir='ltr'><strong>σου</strong></span> <span class='ocrx_word' id='word_1_836' title='bbox 3316 5523 3508 5592; x_wconf 71' lang='grc' dir='ltr'>ἴχνεσι,</span> <span class='ocrx_word' id='word_1_837' title='bbox 3550 5538 3808 5590; x_wconf 86' lang='grc' dir='ltr'>παρακα-</span> 
     </span>
    </p>
   </div>
   <div class='ocr_carea' id='block_1_116' title="bbox 2224 5611 3804 5683">
    <p class='ocr_par' dir='ltr' id='par_1_116' title="bbox 2224 5611 3804 5683">
     <span class='ocr_line' id='line_1_116' title="bbox 2224 5611 3804 5683; baseline 0.003 -23"><span class='ocrx_word' id='word_1_838' title='bbox 2224 5611 2419 5680; x_wconf 73' lang='grc' dir='ltr'>λοῦμεν</span> <span class='ocrx_word' id='word_1_839' title='bbox 2450 5613 2542 5665; x_wconf 75' lang='grc' dir='ltr'><strong>καὶ</strong></span> <span class='ocrx_word' id='word_1_840' title='bbox 2574 5611 2961 5682; x_wconf 74' lang='grc' dir='ltr'>ἀντιϐολοῦμεν</span> <span class='ocrx_word' id='word_1_841' title='bbox 2996 5612 3219 5682; x_wconf 76' lang='grc' dir='ltr'>ποιῆσαι</span> <span class='ocrx_word' id='word_1_842' title='bbox 3265 5612 3413 5676; x_wconf 78' lang='grc' dir='ltr'>ἕλεος</span> <span class='ocrx_word' id='word_1_843' title='bbox 3469 5612 3587 5682; x_wconf 78' lang='grc' dir='ltr'>μεθ’</span> <span class='ocrx_word' id='word_1_844' title='bbox 3618 5614 3649 5683; x_wconf 70' lang='grc' dir='ltr'><strong>η</strong></span> <span class='ocrx_word' id='word_1_845' title='bbox 3662 5611 3804 5682; x_wconf 81' lang='grc' dir='ltr'>μῶν,</span> 
     </span>
    </p>
   </div>
   <div class='ocr_carea' id='block_1_117' title="bbox 1493 5809 2386 5876">
    <p class='ocr_par' dir='ltr' id='par_1_117' title="bbox 1493 5809 2386 5876">
     <span class='ocr_line' id='line_1_117' title="bbox 1493 5809 2386 5876; baseline 0.003 -15"><span class='ocrx_word' id='word_1_846' title='bbox 1493 5812 1538 5840; x_wconf 62' lang='grc'><strong>⁸³⁵</strong></span> <span class='ocrx_word' id='word_1_847' title='bbox 1579 5809 1712 5864; x_wconf 77' lang='lat' dir='ltr'><strong>le.</strong></span> <span class='ocrx_word' id='word_1_848' title='bbox 1752 5812 1897 5866; x_wconf 69' lang='lat' dir='ltr'><strong>Eccl.</strong></span> <span class='ocrx_word' id='word_1_849' title='bbox 1936 5811 2121 5876; x_wconf 77' lang='lat' dir='ltr'><strong>Afric.,</strong></span> <span class='ocrx_word' id='word_1_850' title='bbox 2157 5827 2273 5868; x_wconf 87' lang='lat' dir='ltr'><strong>can.</strong></span> <span class='ocrx_word' id='word_1_851' title='bbox 2307 5814 2386 5867; x_wconf 75' lang='lat'><strong>70.</strong></span> 
     </span>
    </p>
   </div>
  </div>
