3914 6500
201 448 308 514 973

1423 454 1970 514 EPISTOLARUM
2000 455 2146 514 LIB.
2184 454 2232 511 Ι.

3347 452 3450 514 974

193 560 292 613 καὶ
323 557 501 611 κοινὸν
535 556 721 625 ὄφελος
743 557 923 621 αὐτοῖς
948 574 1005 610 τε
1030 560 1142 622 τοῖς
1173 559 1455 613 εύσεϐέσιν
1487 561 1643 633 ήμῶν
1676 561 1772 631 βα-

1878 563 2327 630 obtestamurque
2347 600 2362 626 ,
2400 569 2460 613 ut
2495 557 2921 614 misericordiam
2949 557 3104 613 nobis
3135 557 3416 628 impertias
3437 598 3451 620 ,

194 649 429 712 σιλεῦσι,
460 648 536 718 τῷ
581 665 640 700 τε
693 650 977 719 ἁγιωτάτῳ
1004 652 1334 722 πατριάρχῃ,
1393 653 1489 705 καὶ
1523 654 1673 725 πάσῃ
1701 656 1766 724 τῇ

206 741 528 811 Ἐκκλησία,
564 740 625 794 οὗ
653 744 717 810 τῇ
741 741 862 793 καθ’
892 744 1038 811 ἡμᾶς
1071 744 1254 812 μόνον,
1278 744 1412 796 ἀλλὰ
1444 745 1537 798 καὶ
1569 749 1633 816 τῇ
1670 745 1770 798 ἀνά

195 836 382 883 πᾶσαν
429 830 527 901 τὴν
555 831 881 900 οἰκουμένην
909 848 923 862 ’
953 833 1037 884 ἵνα
1081 832 1259 904 παύσῃ
1294 835 1322 885 ὁ
1371 831 1450 896 εἷς
1487 837 1565 898 είς
1607 834 1770 900 δόξαν

195 922 359 986 Θεοῦ,
421 924 515 974 καὶ
561 922 636 992 μὴ
684 922 929 992 ταραχθῇ
965 924 997 992 ἡ
1029 923 1192 975 αὑτοῦ
1224 923 1542 992 Ἐκκλησία.
1599 925 1662 977 Ei
1715 925 1770 978 δὲ

199 1014 275 1082 μή
293 1029 377 1079 γε,
406 1012 543 1065 ἀλλά
563 1013 621 1065 τό
641 1029 703 1080 γε
735 1013 1012 1082 δεύτερον,
1043 1015 1103 1065 τὸ
1124 1016 1400 1084 ἐπιμεῖναι
1426 1015 1572 1084 ἡμᾶς
1602 1017 1657 1067 ὲν
1696 1014 1771 1084 τῷ

195 1103 348 1172 αύτῴ
377 1102 630 1174 καθάπερ
661 1107 717 1158 ἐν
766 1107 878 1167 τοῖς
925 1105 1057 1158 δέκα
1107 1106 1253 1159 ἔτεσι
1283 1106 1516 1170 τούτοις.
1569 1110 1633 1160 Ui
1663 1107 1770 1178 γὰρ

195 1194 398 1258 λοιποὶ,
422 1194 524 1247 κᾶν
545 1194 724 1264 μυρίοι
747 1187 900 1259 ὦσιν,
922 1195 1169 1266 ἱεράρχαι
1192 1197 1284 1249 καὶ
1311 1197 1472 1267 ἱερεῖς
1498 1198 1590 1250 καὶ⁸
1615 1197 1771 1267 ήγού·

199 1305 352 1358 μενοι
392 1289 440 1339 οί
471 1287 849 1351 κοινωνοῦντες
875 1287 1040 1358 αὐτῷ,
1066 1289 1126 1340 οὐ
1158 1289 1488 1359 θαυμαστόν·
1517 1289 1642 1342 ἐπεὶ
1674 1288 1771 1342 καὶ

196 1381 353 1434 αὐτοὶ
376 1379 635 1449 συνῆλθον
663 1379 740 1451 τῷ
773 1380 1146 1450 μοιχεύσαντι·
1177 1382 1270 1433 καί
1298 1381 1473 1444 οὐδείς
1521 1398 1576 1433 τι
1615 1380 1770 1434 λελά-

195 1473 353 1544 ληκε.
387 1473 569 1527 Ταῦτα
595 1471 726 1536 Θεὸς
756 1471 824 1525 δι’
856 1471 1036 1542 ήμῶν,
1066 1474 1157 1525 καὶ
1190 1473 1239 1524 εί
1266 1473 1540 1543 τολμηρὸν
1574 1475 1768 1538 εἰπεῖν,

197 1564 296 1616 καὶ
343 1563 670 1634 παρακαλεῖ,
714 1563 807 1616 καὶ
863 1563 1327 1634 προσφθέγγεται,
1389 1563 1486 1617 καὶ
1532 1563 1606 1628 ὡς
1662 1580 1770 1616 κε-

197 1654 401 1720 λεύεις.

659 1829 784 1885 KB’.
813 1863 883 1874 —
913 1832 996 1898 Τῷ
1023 1833 1202 1898 αὐτῷ.
1239 1832 1368 1905 [μ’.]

1873 662 2237 706 etcommune
2286 653 2711 707 emolumentum
2747 663 2852 707 tam
2893 654 2996 724 piis
3029 654 3452 721 imperatoribus

1872 743 2093 805 nostris,
2126 758 2287 811 quam
2321 743 2645 812 patriarchze
2679 744 3024 797 sanctissimo
3053 784 3064 806 ,
3109 753 3163 798 et
3195 744 3452 797 Ecclesia:

1873 835 2172 899 universae,
2202 850 2312 888 non
2357 835 2484 888 huic
2523 836 2694 889 solum
2738 851 2857 903 quae
2899 836 3038 903 apud
3078 850 3176 888 nos
3220 844 3321 898 est,
3359 835 3458 888 sed

1871 941 1991 994 quae
2035 941 2134 994 per
2175 933 2348 978 totum
2388 926 2576 980 orbem
2600 965 2614 990 ,
2648 934 2709 979 ut
2742 942 2880 980 unus
2911 941 2969 981 se
2993 926 3206 978 abdicet
3227 926 3292 979 ad
3340 925 3455 996 glo-

1871 1018 2004 1070 riam
2054 1016 2178 1082 Dei,
2218 1026 2275 1070 et
2316 1033 2425 1070 non
2467 1019 2817 1086 perturbetur
2874 1019 2992 1086 ejus
3047 1018 3312 1072 Ecclesia.
3359 1017 3454 1070 Sin

1870 1109 2078 1172 minus,
2106 1118 2162 1163 at
2194 1110 2384 1164 saltem
2415 1110 2517 1164 hoc
2542 1109 2838 1163 secundum
2863 1153 2876 1174 ,
2915 1119 2975 1163 ut
3005 1124 3323 1162 maneamus
3353 1123 3454 1162 nos

1871 1199 1925 1254 in
1953 1200 2143 1254 eodem
2177 1209 2344 1263 statu,
2380 1217 2486 1269 quo
2517 1217 2613 1270 per
2649 1202 2835 1257 decem
2868 1201 2966 1254 hos
2999 1216 3191 1256 annos.
3220 1200 3354 1253 Nam
3386 1199 3453 1254 de

1871 1293 2111 1356 caeteris,
2162 1294 2410 1362 quamvis
2456 1294 2878 1349 innumerabiles
2905 1294 3016 1348 sint
3048 1292 3322 1362 episcopi,
3364 1308 3451 1345 sa-

1869 1381 2116 1437 cerdotes
2141 1421 2156 1445 ,
2211 1392 2266 1437 et
2317 1385 2592 1453 praepositi
2640 1385 2730 1454 qui
2760 1399 2883 1438 eum
2916 1399 2980 1438 eo
3011 1385 3451 1444 communicant,

1869 1472 2009 1526 nihil
2067 1473 2406 1540 mirandum,
2456 1475 2670 1544 quando
2708 1475 2923 1545 quidem
2977 1475 3139 1528 iidem
3173 1474 3276 1543 ipsi
3327 1487 3451 1526 eum

1869 1562 2118 1616 adultero
2171 1575 2584 1630 consenserunt,
2619 1578 2676 1619 et
2726 1580 2886 1618 nemo
2923 1565 3216 1633 quidquam
3241 1563 3452 1616 locutus

1869 1661 1970 1706 est.
2005 1652 2128 1706 l’laac
2160 1653 2300 1707 Deus
2335 1669 2430 1723 per
2478 1671 2596 1721 nos,
2651 1656 2777 1710 licet
2816 1655 2991 1708 audax
3017 1656 3088 1708 sit
3115 1655 3356 1719 dictum,
3397 1664 3452 1709 et

1872 1743 2140 1810 hortatur,
2169 1755 2224 1800 et
2250 1747 2552 1808 denuntiat,
2582 1756 2638 1802 et
2661 1748 2802 1804 sicut
2825 1751 3004 1818 jubes.

2257 1835 2422 1890 xxn.
2449 1867 2511 1876 -
2542 1837 2729 1890 Eidem
2761 1838 2897 1907 (20).

268 1947 382 2000 Καὶ
418 1946 582 2000 πάλιν
611 1948 989 2020 παρακαλέσαι
1027 1966 1122 2002 σου
1160 1950 1258 2021 τὴν
1292 1951 1566 2022 πατρικὴν
1597 1951 1766 2018 ἁγιω-

1945 1951 2010 2006 Ει
2043 1953 2239 2008 iterum
2292 1954 2497 2009 bortari
2551 1964 2832 2026 paternam
2897 1953 3240 2008 sanctitatem
3305 1960 3450 2007 tuam

200 2040 391 2111 σύνην,
427 2040 592 2093 καλὸν
633 2042 984 2114 ἡγησάμεθα,
1015 2042 1368 2097 ἐπιϐαλέσθαι
1401 2045 1600 2114 ἑαυτὴν
1640 2045 1775 2115 πρὸς

196 2134 260 2184 τὸ
301 2134 457 2203 κοινῇ
490 2132 768 2204 συμφέρον
792 2137 888 2188 καὶ
912 2134 1226 2188 λυσιτελοῦν
1256 2136 1544 2206 κράτιστα.
1573 2138 1644 2189 Ού
1667 2136 1775 2205 γὰρ

200 2226 340 2295 πρὸς
363 2226 489 2289 τοὺς
515 2226 758 2289 εὐσεϐεῖς
783 2227 941 2297 ἡμῶν
968 2228 1236 2289 δεσπότας
1255 2227 1284 2278 ὁ
1314 2227 1470 2295 λόγος
1501 2227 1599 2298 τῆς
1627 2230 1775 2280 ἀκοι-

201 2318 496 2387 νωνησίας,
541 2319 661 2372 οὐδὲ
712 2321 744 2389 ἠ
777 2320 926 2373 αίτία
959 2321 1059 2391 τῆς
1104 2321 1567 2391 ἀμφισϐητήσεως
1588 2359 1601 2381 ,
1634 2319 1776 2372 καθά

199 2412 695 2481 προγεγράφαμενο
730 2411 931 2481 μᾶλλον
953 2412 1011 2465 δὲ
1041 2414 1074 2483 ή
1101 2412 1234 2482 τιμὴ
1271 2413 1365 2465 καὶ
1402 2413 1434 2483 ἡ
1466 2413 1775 2480 προσκύνη-

201 2519 309 2565 σις,
362 2504 396 2571 ἡ
445 2502 758 2566 ὑπόπτωσις
798 2505 893 2556 καὶ
936 2505 968 2573 ἡ
1007 2503 1250 2569 ἔντευξις
1291 2503 1431 2557 κατά
1473 2503 1535 2555 τὸ
1568 2503 1778 2572 ὀφειλό-

203 2610 364 2661 μενον
383 2609 396 2620 ·
427 2594 562 2662 πρὸς
605 2593 662 2645 δὲ
707 2595 798 2646 τὸν
827 2595 1045 2663 ἀνόμως
1082 2595 1507 2662 στεφανώσαντα
1537 2595 1628 2647 τὸν
1659 2613 1776 2663 μοι.

200 2684 494 2754 χεύσαντα,
530 2684 672 2739 κατά
697 2685 785 2738 τὸν
811 2685 971 2752 λόγον
995 2685 1088 2739 τοῦ
1120 2686 1344 2754 Κυρίου’
1379 2687 1512 2755 πρὸς
1538 2687 1628 2739 τὸν
1658 2689 1777 2738 τολ-

202 2777 460 2847 μήσαντα
486 2774 812 2846 τηλικούτου
848 2776 1033 2829 κακοῦ
1082 2776 1355 2845 ὑπουργὸν
1389 2776 1639 2844 γενέσθαι
1683 2777 1775 2829 καὶ

203 2867 510 2938 βεϐαιωτὴν
555 2868 647 2919 ἐπὶ
686 2866 780 2919 τοῦ
811 2868 1018 2936 κόσμου
1049 2868 1268 2931 παντός.
1302 2869 1411 2920 Καὶ
1452 2867 1536 2920 ἵνα
1565 2867 1777 2938 ἐκδηλόο

199 2973 362 3028 τερον
404 2956 490 3026 εἴη
527 2956 588 3008 τὸ
615 2955 904 3024 λεγόμενον
939 2958 998 3008 ού
1032 2957 1166 3025 πρὸς
1195 2956 1435 3027 διδαχὴν,
1471 2956 1605 3010 ἀλλά
1643 2957 1776 3026 πρὸς

203 3049 518 3116 ὑπόμνησιν
549 3045 742 3116 αὐτὴν,
768 3047 817 3098 εί
841 3045 1108 3112 κελεύεις,
1134 3047 1231 3118 τὴν
1266 3047 1407 3100 κατά
1448 3047 1547 3116 τὴν
1574 3065 1775 3115 στεφα-

202 3140 360 3208 νικὴν
386 3138 702 3208 συνάφειαν,
735 3137 886 3207 ἱερὰν
918 3139 1220 3209 προσευχὴν
1247 3139 1656 3211 παραθήσομενσ
1684 3140 1777 3192 καὶ

203 3230 509 3300 κατίδωμεν
536 3229 804 3294 ἐντεῦθεν,
836 3231 984 3292 ὅπως
1008 3229 1068 3293 ἐξ
1101 3231 1346 3293 ἐναντίας
1375 3231 1523 3301 αὐτῷ
1545 3229 1622 3301 τῷ
1644 3232 1777 3302 Χρι-

204 3323 335 3394 στῷ,
372 3324 422 3375 εί
470 3324 563 3376 καὶ
587 3321 859 3392 τολμηρὸν
885 3324 1077 3386 εἰπεῖν,
1097 3322 1497 3391 ἀντεφθέγξατο
1528 3325 1622 3376 καὶ
1650 3325 1776 3377 ἀντ-

202 3415 522 3484 εμαχήσατο
571 3413 658 3466 διὰ
684 3412 778 3466 τοῦ
808 3413 1036 3481 ἐναγοῦς
1077 3414 1242 3468 αὑτοῦ
1303 3416 1594 3485 στόματος,
1627 3417 1654 3468 ὁ
1682 3416 1778 3468 ἀν-

204 3509 390 3576 ἐνοχον
422 3505 616 3558 ἑαυτὸν
645 3505 990 3568 ἀποδεικνύς.
1023 3504 1130 3558 Τοῦ
1166 3506 1404 3577 Χριστοῦ
1436 3509 1543 3578 γὰρ
1595 3507 1779 3577 μοιχὸν

203 3595 648 3658 ἀποκαλέσαντος
687 3595 779 3648 τὸν
817 3597 1046 3664 ἀφιέντα
1078 3597 1174 3667 τὴν
1205 3599 1448 3668 νομίμως
1493 3598 1778 3667 συναφοεῖ-

207 3706 308 3743 σαν
339 3687 498 3756 ἀνδρὶ
527 3690 783 3752 γυναῖκα’
813 3687 1026 3756 μοιχεία
1052 3688 1130 3752 δὲ,
1162 3689 1236 3752 ὡς
1262 3686 1436 3757 οἶσθα,
1462 3691 1522 3742 τὸ
1543 3691 1777 3761 χαλεπὸν

204 3781 538 3851 ἁμάρτημα,
566 3779 662 3833 καὶ
687 3778 1006 3849 ίσοδύναμον
1039 3780 1263 3848 φονέως,
1286 3781 1685 3853 ἀρρενοφθόρου
1718 3800 1776 3835 τε

205 3875 298 3926 καὶ
333 3871 753 3941 ἀλογευομὲνου,
789 3870 1084 3943 φαρμακοῦ
1131 3888 1188 3924 τε
1225 3873 1320 3925 καὶ
1362 3873 1776 3944 εἰδωλολάτρου·

207 3966 351 4018 κατά
381 3963 474 4016 τὸν
503 3963 709 4017 κανόνα
739 3961 835 4016 τοῦ
875 3961 1020 4015 θείου
1065 3962 1371 4016 Βασιλείου·
1402 3965 1564 4027 αὐτὸς
1591 3965 1778 4017 τοῦτον

205 4056 281 4126 τῷ
320 4056 696 4126 θυσιαστηρίῳ
720 4057 1100 4127 παραστήσας,
1121 4056 1174 4109 ἐν
1208 4057 1430 4127 ἐπηκόῳ
1461 4059 1658 4119 παντὸς
1685 4057 1776 4110 τοῦ

205 4144 359 4210 λαοῦ,
398 4144 664 4215 ἐτόλμησε
698 4146 857 4216 ῥῆξαι
889 4147 986 4210 τὰς
1022 4146 1284 4220 βεϐήλους
1329 4149 1507 4217 φωνὰς
1541 4149 1774 4213 ὲκείνας·

207 4239 298 4292 καὶ
328 4239 719 4308 σκοπήσωμεν,
749 4239 953 4310 Πάτερ,
985 4240 1305 4310 παρακαλῶ,
1334 4242 1394 4294 τὸ
1428 4241 1656 4311 φοϐερὸν
1686 4242 1778 4294 καὶ

207 4330 458 4382 ἔκτοπον·
496 4327 608 4398 ἔχει
635 4328 744 4398 γὰρ
773 4328 965 4392 οὕτως·
1012 4347 1031 4380 ι
1069 4330 1260 4394 Αὐτὸς,
1297 4331 1561 4393 Δέσποτα,
1589 4331 1778 4396 ἐξαπό-

209 4421 415 4473 στειλον
450 4419 546 4489 τὴν
577 4421 735 4489 χεῖρά
783 4437 874 4473 σου
922 4420 983 4484 ἐξ
1027 4421 1182 4488 ἁγίου
1217 4423 1634 4491 κατοικητηρίου
1684 4440 1775 4474 σου

208 4516 298 4565 καὶ
331 4510 574 4580 ἅρμοσον
608 4511 686 4580 τῷ
709 4510 884 4581 δούλῳ
909 4529 1005 4565 σου
1032 4514 1133 4582 τὴν
1161 4512 1356 4582 δούλην
1387 4514 1776 4579 σου.Σύζευξον

1876 2044 2139 2113 optimum
2186 2045 2329 2099 factu
2377 2045 2554 2100 visum
2610 2055 2732 2110 est,
2767 2054 2826 2100 ut
2856 2060 2915 2100 se
2945 2045 3120 2115 ipsam
3150 2045 3350 2099 excitet
3383 2045 3452 2099 ad

1875 2135 1928 2190 id
1949 2137 2093 2206 quod
2109 2139 2380 2192 communi
2410 2139 2555 2194 bono
2584 2146 2746 2208 atque
2770 2138 2986 2194 utilitati
3010 2138 3267 2193 conducit
3284 2152 3448 2207 quam

1877 2230 2129 2284 maxime.
2164 2230 2276 2285 Non
2315 2232 2459 2286 enim
2494 2232 2753 2285 adversus
2802 2231 2921 2300 pios
2951 2230 3200 2285 dominos
3233 2240 3450 2283 nostros

1875 2322 2032 2375 nobis
2055 2337 2234 2376 sermo
2253 2330 2335 2376 est
2357 2324 2535 2377 \‘itatae
2558 2324 2982 2387 communionis,
3010 2338 3111 2376 nec
3131 2337 3292 2375 causa
3320 2336 3453 2374 eon-

1877 2414 2178 2476 troversiae,
2206 2415 2344 2468 sicut
2361 2416 2471 2484 jam
2495 2415 2830 2485 scripsimus,
2848 2415 3028 2485 potius
3052 2423 3229 2468 autem
3251 2415 3446 2476 honor,

1875 2501 2178 2567 veneratio,
2214 2510 2266 2556 et
2295 2503 2617 2567 submissio,
2650 2512 2704 2558 et
2738 2519 3095 2575 congressus,
3147 2511 3306 2572 prout
3360 2516 3449 2555 res

1875 2593 2042 2663 exigit
2072 2611 2086 2646 :
2117 2594 2210 2647 sed
2242 2595 2506 2649 adversus
2540 2594 2692 2648 illum
2741 2595 2830 2664 qui
2871 2604 3066 2664 preter
3114 2594 3203 2664 jus
3261 2593 3449 2662 fasque

1876 2697 2058 2747 onme,
2088 2683 2434 2737 manifestum
2475 2699 2540 2738 ex
2576 2684 2786 2738 Domini
2828 2683 3097 2738 sententia
3137 2682 3445 2737 adulterum

1878 2773 2163 2826 coronavit
2202 2790 2214 2825 :
2252 2774 2512 2827 adversus
2543 2788 2666 2826 eum
2700 2773 2790 2842 qui
2820 2787 2984 2825 ausus
3033 2780 3116 2825 est
3150 2772 3281 2824 tanti
3325 2785 3447 2824 scc-

1878 2862 2008 2914 leris
2055 2863 2271 2931 adjutor
2299 2870 2353 2916 et
2385 2873 2621 2917 assertor
2650 2878 2832 2916 coram
2860 2864 2991 2917 orbe
3024 2863 3278 2916 universo
3307 2861 3445 2916 ﬁeri.

1876 2954 2051 3022 Atque
2080 2961 2139 3006 ut
2169 2955 2337 3023 magis
2367 2955 2710 3024 perspicuum
2745 2955 2991 3023 ﬁatquod
3010 2954 3260 3016 dicimus,
3280 2952 3444 3022 ipsas,

1878 3043 1921 3096 si
1951 3043 2162 3111 placet,
2198 3058 2318 3111 quae
2365 3044 2416 3097 in
2454 3060 2667 3098 coronae
2723 3045 3064 3114 impositione
3119 3053 3449 3113 usurpantur

1878 3148 2058 3187 sacras
2085 3148 2292 3202 preces,
2345 3150 2454 3189 non
2492 3136 2720 3190 docendi
2759 3136 2937 3190 studio
2962 3177 2976 3200 ,
3035 3135 3128 3189 sed
3172 3135 3449 3189 memoria:

1880 3225 2203 3278 renovanda:
2220 3239 2402 3292 causa,
2422 3241 2483 3280 su
2493 3226 2775 3296 bjiciemus
2802 3245 2815 3279 :
2841 3242 2905 3281 ex
2937 3242 3044 3296 quo
3058 3226 3242 3281 videre
3264 3225 3417 3279 liceat
3430 3265 3445 3289 ,

1879 3317 2334 3384 quemadmodum
2363 3332 2427 3370 ex
2457 3317 2723 3370 diametro
2753 3315 2968 3370 Christo
2999 3316 3102 3385 ipsi
3128 3357 3143 3380 ,
3199 3314 3447 3384 quamvis

1879 3407 2027 3461 dictu
2056 3409 2401 3462 temerarium
2432 3409 2520 3473 sit,
2568 3410 2967 3480 repugnaverit,
3001 3409 3321 3477 impuroque
3352 3421 3448 3461 orc

1880 3511 1979 3551 suo
2009 3498 2421 3562 eontradixerit,
2453 3500 2544 3568 qui
2591 3502 2863 3552 insontem
2915 3513 2974 3551 se
3016 3513 3136 3552 esse
3169 3497 3447 3567 professus

1880 3596 1981 3643 est.
2021 3588 2156 3642 Cum
2198 3590 2341 3642 enim
2380 3590 2633 3642 Christus
2659 3590 2961 3642 adulterum
2995 3599 3148 3643 vocet
3178 3604 3325 3654 eum,
3354 3589 3447 3658 qui

1879 3683 2165 3752 eonjugcm
2196 3681 2432 3752 legitime
2461 3681 2578 3735 viro
2626 3682 2970 3751 conjunctam
3003 3681 3243 3747 dimisit,
3295 3680 3448 3736 adul-

1880 3774 2209 3844 teriumque,
2251 3783 2310 3829 ut
2330 3773 2494 3839 nosti,
2526 3789 2687 3844 grave
2716 3774 2784 3829 sit
2809 3781 3110 3844 peceatum,
3139 3789 3238 3845 par
3272 3772 3449 3827 homi-

1878 3866 2029 3930 cidae,
2062 3869 2443 3932 masculorum,
2467 3870 2857 3935 brutorumque
2881 3867 3242 3929 concubitori,
3279 3882 3447 3921 vene-

1879 3957 2000 4022 ﬁco,
2032 3967 2192 4026 atque
2220 3958 2536 4023 idololatrae,
2558 3959 2708 4027 juxta
2728 3959 2892 4012 divini
2915 3957 3095 4012 Basilii
3127 3957 3446 4027 regulam";

1879 4049 2026 4103 hunc
2058 4049 2159 4103 iste
2196 4047 2264 4102 ad
2294 4050 2464 4103 altare
2514 4050 2839 4118 producens,
2874 4050 3020 4103 omni
3055 4050 3252 4119 populo
3279 4064 3446 4103 exalto

1878 4143 2098 4207 diente,
2157 4140 2415 4212 profanas
2477 4141 2594 4196 illas
2647 4157 2806 4196 voces
2841 4141 3082 4210 proferre
3132 4157 3298 4195 ausus
3327 4149 3446 4207 est,

1878 4235 2288 4289 consideremus
2326 4250 2531 4303 quaeso,
2560 4235 2737 4300 Pater,
2765 4250 2924 4303 quam
2954 4234 3222 4289 horrenda
3279 4249 3364 4288 res
3394 4245 3448 4288 et

1879 4326 2108 4379 absurda
2137 4324 2227 4387 sit,
2270 4325 2347 4378 sic
2376 4324 2520 4378 enim
2558 4324 2658 4377 illa:
2687 4339 2745 4377 se
2777 4325 2978 4377 habent
3001 4343 3044 4378 τι
3069 4324 3170 4388 Τυ,
3200 4325 3443 4386 Domine,

1878 4417 2032 4471 mitte
2073 4431 2288 4470 manum
2329 4425 2474 4468 tuam
2523 4416 2590 4469 de
2623 4425 2809 4470 saneto
2842 4415 3149 4470 habitaeulo
3206 4425 3334 4478 tuo,
3395 4427 3449 4469 et

1880 4507 2136 4561 famulam
2171 4516 2315 4560 tuam
2347 4505 2551 4560 famulo
2576 4517 2668 4560 tuo
2695 4508 2980 4577 eonjunge.
3011 4508 3283 4561 Conneete
3325 4507 3447 4562 illos

207 4603 404 4663 αὐτοὺς
444 4602 505 4653 ἐν
534 4601 903 4672 ὁμοφροσύνῃ.
951 4602 1192 4654 ’Ἐνωσον
1237 4604 1435 4666 αὐτοὺς
1475 4605 1553 4666 είς
1597 4605 1775 4674 σάρκα

1882 4603 1936 4655 in
1959 4611 2146 4654 mutua
2165 4599 2476 4662 concordia,
2501 4600 2645 4654 socia
2671 4615 2764 4653 eos
2785 4600 2838 4653 in
2862 4615 3079 4653 carnem
3106 4616 3289 4665 unam,
3313 4615 3450 4668 quos

211 4693 360 4761 μίαν,
413 4691 507 4754 οὓς
549 4693 850 4761 εὐδόκησας
898 4693 1232 4762 συναφθῆναι
1276 4694 1546 4765 ἀλλήλοις.
1585 4695 1778 4764 Τίμιον

208 4785 295 4836 τὸν
345 4785 525 4853 γάμον
574 4783 1162 4855 ἀνάδειξον,ἀμίαντον
1215 4786 1393 4838 αὐτῶν
1447 4787 1546 4856 τὴν
1594 4787 1780 4853 κοίτην

208 4875 561 4944 διατήρησον,
593 4875 926 4946 ἀκηλίδωτον
963 4877 1143 4928 αὐτῶν
1177 4876 1275 4946 τὴν
1322 4879 1630 4946 συμϐίωσιν
1670 4878 1783 4930 δια-

213 4968 394 5035 μεῖναι
435 4965 745 5035 εύδόκησον.
787 4985 804 5018 ι
835 4968 949 5020 Οὐκ
981 4963 1088 5038 ἄρα
1123 4969 1357 5036 φρικτὸν
1394 4969 1487 5021 καὶ
1514 4970 1783 5039 ἀκουόμε-

210 5075 319 5119 νον,
349 5057 448 5109 καὶ
496 5057 878 5127 ὲννοούμενον;
915 5059 1080 5111 πόσον
1130 5062 1275 5112 ἐστὶν
1324 5060 1556 5113 ἐνταῦθα
1582 5061 1785 5114 ὑπολα-

214 5151 324 5219 βεῖν
357 5149 451 5204 τὸν
495 5150 872 5221 παροργισμὸν
924 5151 1016 5203 τοῦ
1059 5153 1216 5220 ἁγίου
1250 5153 1566 5222 Πνεύματος
1616 5156 1673 5206 ὲν
1718 5157 1781 5224 τῇ

210 5242 434 5312 τοιαύτη
484 5241 840 5311 βλασφημίᾳ,
883 5245 1302 5314 συνοργισθῆναί
1346 5263 1405 5297 τε
1435 5247 1558 5308 τοὺς
1597 5247 1784 5314 ἁγίους

214 5333 476 5399 ἀγγέλους
532 5332 588 5382 ὲν
633 5332 752 5392 ταῖς
783 5330 1133 5399 τηλικαύταις
1183 5332 1552 5402 δυσφημίαις;
1594 5334 1624 5403 ἢ
1666 5335 1783 5396 πῶς

214 5424 270 5474 οὐ
298 5421 638 5491 παραυτίκα,
668 5421 743 5484 ὼς
787 5421 877 5474 τὸν
917 5421 1095 5474 Δαθάν
1126 5423 1218 5476 καὶ
1258 5423 1540 5494 Ἀϐειρὼν,
1578 5425 1781 5477 ὑπέλα-

217 5514 304 5564 ϐεν
343 5514 377 5582 ἡ
415 5511 491 5580 γῆ
544 5511 754 5580 χάνασα
788 5511 878 5563 τὸν
923 5511 1210 5582 ὑφηγητὴν
1260 5513 1349 5566 τοῦ
1398 5513 1645 5579 ψεύδους,
1691 5523 1786 5572 και⁵

217 5601 494 5656 δεικνύντα
528 5601 588 5652 τὸ
634 5601 824 5662 σκότος
854 5601 991 5668 φῶς,
1019 5605 1110 5654 καὶ
1142 5603 1234 5656 τὸν
1264 5604 1496 5673 Χριστὸν
1528 5607 1606 5668 εἰς
1634 5606 1785 5658 ὲναν-

279 5743 321 5772 ³⁸
355 5740 531 5811 Epist.
559 5741 624 5794 ad
654 5742 1024 5812 Amphilocln,
1056 5757 1179 5797 ean.
1215 5745 1243 5794 7

1881 4692 1974 4746 tibi
2012 4691 2185 4744 visum
2211 4701 2292 4744 est
2319 4690 2459 4744 inter
2482 4705 2539 4743 se
2573 4690 2832 4759 copulari,
2855 4691 3202 4744 honorabiles
3231 4691 3449 4760 nuptias

1882 4784 2044 4838 redde
2080 4800 2093 4836 :
2131 4783 2530 4836 immaculatum
2558 4797 2744 4836 eorum
2777 4793 2953 4836 torum
2981 4799 3272 4838 conserva:
3301 4785 3447 4852 ipso-

1881 4891 1999 4929 rum
2031 4875 2445 4929 contuberninm
2472 4874 2855 4928 intaminatum
2889 4890 3105 4928 manere
3139 4875 3392 4929 concede.
3424 4895 3442 4927 ι

1881 4967 2075 5019 Annon
2107 4966 2267 5036 igitur
2296 4966 2551 5019 horribile
2584 4975 2669 5020 est
2711 4966 2855 5034 quod
2903 4965 3150 5030 auditur,
3197 4967 3450 5035 quodque

1883 5059 2188 5128 cogitatur?
2245 5057 2514 5123 Quantam
2563 5059 2835 5112 mstimare
2888 5068 2970 5114 est
3000 5059 3173 5113 sancti
3217 5059 3448 5128 Spiritus

1880 5151 2306 5221 indignationem
2330 5166 2450 5205 esse
2470 5153 2538 5204 ob
2558 5151 2822 5220 ejusmodi
2843 5152 3266 5220 blasphemiam?
3286 5168 3448 5220 quam

1880 5242 2232 5296 vehementer
2255 5256 2582 5296 succensere
2619 5258 2723 5296 una
2751 5259 2940 5296 omnes
2986 5253 3200 5297 εθιιριος
3228 5244 3449 5314 angelos

1880 5335 1948 5388 ob
1979 5341 2184 5387 tantam
2224 5334 2603 5404 impietatem?
2637 5344 2690 5387 et
2720 5335 2989 5402 quomodo
3038 5350 3146 5388 non
3203 5336 3450 5403 protinus

1884 5425 2176 5479 dehiscens
2203 5434 2347 5478 terra
2378 5426 2669 5495 absorpsit,
2711 5426 2857 5479 velut
2901 5425 3105 5478 Dathan
3129 5435 3183 5478 et
3221 5426 3446 5492 Abiron,

1888 5518 2344 5586 promulgatorem
2377 5518 2663 5582 mendacii,
2683 5518 2772 5588 qui
2805 5518 3052 5571 tenebras
3075 5517 3254 5570 lumen
3283 5517 3447 5581 dicat,

1889 5610 1980 5678 qui
2011 5609 2286 5663 Christum
2326 5612 2614 5680 pugnantia
2647 5611 2954 5680 loquentem
2985 5608 3161 5665 facere
3187 5609 3451 5664 conetur?

286 5836 396 5902 (ΞΟ)
436 5836 557 5892 Haec
589 5852 806 5906 quoque
832 5838 1031 5904 scripta
1062 5849 1143 5895 est
1178 5838 1416 5894 Platonis
1443 5837 1681 5893 nomine.
1719 5836 1936 5906 (Baron.
1968 5853 2096 5894 ann.
2120 5838 2242 5903 808,
2274 5856 2326 5893 n.
2358 5840 2464 5900 l7.)
