3914 6452
500 400 603 461 975

1674 392 1731 448 S.
1768 386 2155 448 THEODORI
2203 388 2548 449 STUDITE

3617 392 3716 455 976

500 511 730 564 Prorsus
760 506 905 562 enim
933 519 1269 575 quzeeunquc
1300 502 1617 573 pronuntiat
1650 500 1923 564 sacerdos,
1965 514 2059 553 ea-

2200 500 2433 569 ιολογίαν
2476 502 2795 572 περιπεσεῖν
2821 500 3194 572 πειρώμενον;
3228 503 3451 565 Πάντως
3484 503 3595 573 γὰρ
3631 504 3724 555 ὅσα

499 602 624 657 dem
651 599 795 654 Deus
821 596 1141 652 confirmare
1175 611 1256 656 se.
1302 604 1358 648 et
1391 603 1503 647 rata
1534 593 1733 647 habere
1754 592 2061 656 denuntiat,

502 703 563 749 ut
615 706 844 763 magnus
907 688 1136 743 atIirmat
1180 685 1487 756 Dionysius.
1542 683 1740 737 Verum
1783 683 1872 737 ille
1908 683 2066 752 longa

500 784 761 855 patientia
793 780 1032 851 pertulit,
1074 778 1272 832 ostium
1300 776 1633 847 paenitentia:
1664 774 1909 843 pandens
1931 773 2066 827 tanti

504 875 725 930 sceleris
751 887 845 926 reo
868 910 883 936 ,
933 871 1095 925 istum
1134 868 1332 923 deinde
1364 906 1378 930 ,
1436 881 1533 935 pro
1571 880 1636 919 eo
1664 865 1807 933 quod
1844 863 1972 917 ﬂere
2004 876 2068 916 ac

504 968 688 1036 lugere
716 978 888 1031 usque
919 962 984 1015 ad
1009 971 1236 1014 mortem
1267 957 1471 1021 debuit,
1498 963 1553 1010 ct
1585 953 1977 1009 abominandus
2004 967 2069 1008 ac

505 1058 858 1115 detestandus
883 1055 950 1110 ad
981 1053 1230 1109 vindictae
1259 1050 1453 1106 divinae
1475 1048 1778 1118 exemplum
1804 1047 1943 1117 apud
1970 1060 2067 1116 po-

508 1160 682 1207 steros
703 1146 914 1204 censeri
937 1186 951 1212 ,
984 1159 1172 1199 rursus
1194 1144 1247 1196 in
1272 1141 1566 1196 Ecclesiam
1594 1140 1838 1202 introire,
1872 1146 1927 1191 et
1956 1152 2072 1190 rur-

509 1256 601 1296 sus
632 1238 967 1295 sacerdotem
990 1250 1109 1289 esse
1143 1232 1440 1303 propalam.
1476 1229 1637 1300 Ergo,
1667 1229 1819 1298 quasi
1845 1228 2069 1298 praecla-

509 1348 628 1388 rum
667 1329 866 1399 aliquid
899 1334 1201 1397 patrasset,
1252 1324 1525 1393 ingressus
1562 1332 1645 1375 est
1675 1338 1687 1374 :
1717 1321 2070 1389 devictusque

508 1424 779 1483 Christus,
810 1428 871 1473 ut
903 1418 993 1487 qui
1024 1415 1280 1479 absurda,
1306 1414 1463 1467 istius
1495 1412 1714 1481 quidem
1746 1425 1860 1474 ore,
1886 1418 2063 1479 protua

511 1512 680 1568 lisset.
720 1510 799 1565 Ac
829 1510 1096 1578 reliquum
1127 1514 1265 1567 erat,
1297 1514 1358 1559 ut
1388 1518 1475 1558 res
1504 1517 1600 1573 per
1633 1501 1906 1571 publicum
1953 1501 2074 1569 ejus

513 1601 877 1657 sacerdotium
926 1609 1036 1654 tota
1067 1596 1311 1651 Ecclesia
1357 1602 1541 1648 nostra
1584 1592 1952 1662 divulgaretur
1996 1590 2075 1643 fa-

514 1701 768 1761 clumque
801 1704 993 1744 omnes
1015 1686 1290 1743 communi
1318 1682 1570 1753 suffragio
1600 1681 2036 1750 comprobarent.

584 1782 723 1849 Quid
753 1782 901 1836 enim
932 1779 1079 1833 aliud
1107 1778 1349 1832 futurum
1376 1774 1699 1829 censemus?
1722 1773 1813 1827 sed
1836 1772 1997 1838 absit,
2022 1782 2077 1826 et

2162 595 2191 647 ὁ
2221 596 2397 665 ίερεὺς
2428 594 2738 663 ὑποφαίνει,
2776 593 2949 647 ταῦτα
2998 593 3089 646 καὶ
3124 593 3257 656 Θεὸς
3306 593 3510 665 κυροῦν
3558 597 3726 664 ἐπαγ-

2162 684 2427 752 γέλλεται,
2463 685 2604 737 κατὰ
2634 683 2723 737 τὸν
2760 683 2937 753 μέγαν
2974 682 3272 737 Διονύσιον.
3321 684 3485 736 Ἀλλὰ
3519 702 3724 755 μακρο-

2164 774 2352 859 θυμῶν
2412 776 2661 844 ἡνεγκεν,
2712 774 3020 859 ὑπανοίγων
3068 773 3239 843 θύραν
3297 776 3589 843 μετανοίας
3650 775 3727 845 τῷ

2164 867 2332 935 ἐνόχῳ
2371 866 2466 935 τῆς
2498 866 2789 933 ἁμαρτίας,
2822 858 2939 917 εἶτα
2982 865 3101 919 ἀντὶ
3124 864 3217 916 τοῦ
3248 865 3455 917 κλαίειν
3480 868 3577 919 καὶ
3606 882 3729 917 πεν-

2166 956 2279 1011 θεῖν
2329 957 2421 1009 τὸν
2475 956 2718 1009 τοιοῦτον
2769 956 2929 1026 μέχρι
2990 955 3243 1018 θανάτου,
3279 956 3628 1008 άπόπτυστόν
3667 972 3726 1008 τε

2166 1044 2420 1101 εἶναικαὶ
2447 1048 2818 1117 ἀποτρόπαιον
2846 1049 2926 1110 εἰς
2948 1047 3253 1115 ὑπόδειγμα
3276 1049 3395 1109 ταῖς
3431 1051 3727 1117 μετέπειτα

2166 1142 2402 1207 γενεαῖς,
2439 1138 2590 1201 θείας
2621 1139 2973 1208 ζηλοτυπίαςο
3012 1138 3174 1191 πάλιν
3216 1139 3275 1189 ἐν
3317 1141 3383 1209 τῇ
3433 1138 3731 1208 Ἐκκλησία

2168 1232 2452 1297 εἰσελθεῖν,
2506 1231 2601 1286 καὶ
2657 1232 2818 1285 πάλιν
2863 1231 3133 1302 ὑπάρχειν
3194 1232 3347 1300 ίερέα
3400 1231 3729 1299 ἀναφανδόν.

2169 1323 2379 1377 Οὑκοῦν
2407 1323 2484 1387 ώς
2512 1322 2676 1377 καλόν
2702 1340 2756 1376 τι
2785 1321 3085 1392 πεπραχὼς
3113 1322 3450 1392 εἰσελήλυθε·
3485 1323 3581 1375 καὶ
3604 1322 3735 1391 Χριο

2173 1415 2293 1479 στὸς
2335 1415 2585 1485 ἥττηται,
2623 1414 2744 1467 κατ’
2792 1413 2960 1474 αὑτόν
3008 1413 3336 1483 παραλόγως
3375 1414 3731 1484 διαγορεύων.

2173 1508 2281 1560 Καὶ
2301 1506 2419 1559 δέον
2438 1506 2527 1559 διὰ
2554 1505 2655 1575 τῆς
2682 1507 2740 1559 ἐν
2763 1504 2839 1575 τῷ
2870 1504 3033 1574 κοινῷ
3066 1505 3378 1577 ἱερουργίας
3404 1505 3597 1569 αὑτοῦ,
3620 1506 3736 1557 δια-

2171 1598 2389 1667 δοθῆναι
2441 1599 2521 1661 είς
2570 1598 2753 1650 πᾶσαν
2782 1596 2880 1667 τὴν
2908 1596 3029 1649 καθ’
3071 1597 3218 1667 ἡμᾶς
3262 1596 3613 1666 Ἐκκλησίαν,
3642 1597 3737 1648 καὶ

2177 1688 2617 1755 συγκατανεῦσαι
2648 1688 2856 1751 πάντας
2886 1689 2979 1741 ἐπὶ
3006 1689 3083 1759 τῷ
3108 1688 3334 1758 τοιούτῳ
3366 1689 3534 1759 ἔργῳ.

2247 1780 2311 1832 Τί
2343 1779 2450 1847 γάρ
2482 1779 2609 1833 ἄλλο
2656 1782 2750 1833 καὶ
2796 1780 2857 1833 οὑ
2886 1779 3045 1833 τοῦτο
3074 1779 3407 1848 γενήσεται;
3454 1779 3619 1833 Ἀλλά
3663 1781 3739 1851 μὴ

517 1875 745 1930 fortasse
774 1872 896 1926 talia
929 1871 1186 1939 deinceps
1220 1882 1316 1939 per
1345 1865 1647 1936 improbam
1677 1864 2073 1919 annulationem

2192 1870 2404 1939 γένοιτο.
2437 1872 2529 1922 Δεῖ
2552 1870 2608 1922 δέ
2635 1870 2776 1939 τάχα
2805 1870 2868 1923 ἐκ
2896 1869 3210 1939 παραζήλου
3242 1869 3350 1922 ἀπὸ
3375 1868 3472 1922 τοῦ
3501 1868 3742 1941 δεῦροτὺ

518 1966 633 2021 fieri
661 1972 907 2035 oporteat
933 1982 945 2017 :
967 1968 1298 2018 coronentur
1316 1956 1544 2013 adulteri
1566 1995 1581 2019 ,
1603 1965 1659 2010 et
1677 1955 1772 2025 qui
1794 1963 2077 2017 coronant,

517 2057 671 2128 quasi
701 2070 954 2125 magnum
995 2053 1211 2121 aliquod
1237 2050 1445 2106 facinus
1479 2047 1765 2111 ediderint,
1791 2047 2080 2115 multisque

518 2148 812 2220 prodesse,
846 2154 901 2200 et
934 2144 1234 2200 uniformes
1264 2140 1399 2195 ritus
1422 2140 1679 2194 inducere
1703 2137 1930 2207 possint.
1968 2136 2079 2190 llo-

518 2239 744 2296 norifice
775 2239 844 2293 ab
877 2237 1132 2295 omnibus
1184 2233 1543 2303 excipiantur.
1605 2230 1711 2284 Sed
1758 2229 1899 2283 absit
1932 2246 1945 2281 :
1979 2241 2082 2281 nec

520 2332 666 2388 enim
699 2331 788 2385 ille
830 2328 1119 2393 sacerdos;
1167 2340 1270 2380 nec
1325 2324 1401 2378 illi
1444 2322 1535 2392 qui
1586 2322 1733 2376 illum
1782 2320 2079 2374 imitantur.

518 2424 705 2495 Neque
734 2439 865 2480 vero
884 2436 1007 2477 eum
1030 2418 1176 2473 fallat
1194 2415 1335 2486 quod
1369 2415 1662 2484 imperator
1691 2412 1790 2466 fuit
1809 2411 1897 2481 qui
1932 2410 2084 2464 adul-

523 2519 718 2572 terium
739 2512 1030 2571 commisit.
1062 2509 1157 2564 Dei
1187 2508 1493 2579 enimleges
1513 2505 1765 2561 omnibus
1796 2504 2081 2573 imperant,

524 2616 587 2662 ut
614 2606 874 2675 scriptum
905 2611 990 2656 est
1009 2601 1076 2654 ⁵⁸.
1116 2598 1477 2652 Nihilominus
1509 2597 1597 2665 qui
1624 2605 1729 2649 tam
1758 2603 1951 2647 tetrum
1983 2593 2085 2646 hoc

524 2696 737 2752 facinus
768 2693 1024 2757 admisit,
1072 2691 1368 2745 etiamnum
1417 2687 1780 2756 iniquitatem,
1821 2685 2084 2754 justitiam

525 2788 706 2844 facere
731 2783 1045 2848 contendit;
1077 2790 1152 2846 et,
1170 2782 1313 2851 quod
1347 2778 1454 2833 dici
1475 2779 1633 2842 solet,
1663 2792 1721 2832 se
1752 2777 1922 2846 ipsum
1940 2777 2086 2830 Prae-

526 2894 748 2935 cursore
774 2893 836 2932 ac
852 2876 1087 2945 Baptista
1112 2872 1435 2927 sanctiorem
1452 2871 1756 2925 ostendere.
1785 2866 1920 2921 Cum
1942 2868 2087 2921 enim

528 2972 619 3026 ille
656 2970 922 3025 llerodem
961 2966 1261 3021 adulterum
1288 2962 1615 3033 coarguerit,
1642 2970 1699 3015 et
1735 2975 1833 3031 pro
1862 2960 2089 3014 veritate

528 3071 761 3119 mortem
819 3060 1127 3131 oppetierit,
1179 3056 1280 3110 iste
1306 3054 1571 3109 Herodem
1602 3054 1852 3117 alterum,
1902 3050 2091 3106 similis

530 3152 783 3210 adulterii
806 3152 983 3221 reipsa
1012 3156 1369 3217 compertum,
1396 3157 1449 3199 et
1474 3144 1772 3207 coronavit,
1794 3143 1926 3197 etad
1950 3157 2092 3195 mor-

532 3255 641 3301 tem
675 3257 845 3313 usque
870 3241 1187 3311 complexus
1216 3246 1299 3291 est
1329 3256 1341 3291 :
1377 3251 1488 3289 non
1519 3235 1734 3304 quidem
1761 3233 1959 3296 verbis,
1996 3230 2092 3285 sed

531 3336 694 3393 factis
726 3334 859 3405 ipsis
902 3331 1220 3394 inclamans,
1267 3327 1533 3383 erravisse
1558 3324 1821 3379 Joannem
1852 3324 2093 3378 Praecur-

533 3442 735 3488 sorem,
753 3426 847 3495 qui
869 3421 1245 3492 intempestive
1265 3428 1425 3489 atque
1447 3418 1644 3488 injuste
1662 3415 2090 3486 reprehenderit,

535 3526 591 3574 ot
630 3526 882 3571 mortuus
909 3514 1000 3568 sit.
1030 3512 1137 3567 Sed
1168 3512 1326 3566 absit.
1370 3510 1462 3565 Ille
1491 3510 1639 3564 enim
1669 3510 1801 3580 legis
1842 3508 2097 3562 defensor

536 3625 601 3665 ac
639 3607 822 3679 ﬂagitii
856 3604 1202 3676 profligator;
1236 3603 1337 3658 iste
1378 3617 1508 3656 vero
1545 3600 1850 3656 divinorum
1901 3607 2097 3669 myste-

538 3698 741 3752 riorum
794 3695 1171 3756 conculcator,
1227 3702 1283 3746 et
1334 3679 1623 3761 illegitima:
1696 3689 2098 3758 conjunctiouis

539 3788 819 3858 copulatur
842 3795 898 3840 et
925 3784 1253 3854 obsignator.
1287 3782 1355 3835 Et
1385 3781 1473 3835 ille
1521 3780 1738 3849 quidem
1770 3780 1966 3834 clamat
2011 3778 2098 3832 vel

540 3888 832 3935 mortuus:
866 3875 986 3930 Non
1029 3876 1145 3929 licet
1203 3874 1295 3927 tibi
1348 3874 1537 3927 habere
1598 3888 1811 3927 uxorem
1869 3871 2097 3939 Philippi

542 3970 728 4041 fratris
765 3968 839 4021 tui
862 3967 905 3999 "
935 3986 948 4021 :
982 3972 1037 4020 et
1072 3965 1127 4017 in
1159 3963 1387 4017 Herodis
1426 3978 1656 4032 persona
1694 3960 1811 4017 orbi
1847 3961 2099 4015 universo

540 4060 845 4123 denuntiat,
889 4073 957 4112 ne
998 4057 1283 4127 quisquam
1313 4056 1366 4108 in
1402 4065 1675 4124 posterum
1709 4054 1811 4107 tale
1850 4052 1975 4121 quid
2001 4068 2097 4105 au—

544 4155 691 4210 deat.
719 4152 826 4208 lste
866 4159 1048 4206 autem
1074 4148 1271 4204 Herodi
1302 4148 1458 4202 alteri
1487 4147 1551 4201 ad
1583 4149 1728 4202 hunc
1752 4161 1921 4215 usque
1959 4144 2100 4199 diem

544 4257 733 4302 contra
763 4244 1090 4299 vociferatur
1125 4244 1252 4313 ipsis
1281 4244 1441 4297 rebus
1468 4260 1480 4297 :
1508 4242 1659 4297 Licet
1690 4240 1785 4295 tibi
1816 4239 2101 4308 coniugem

546 4338 744 4391 habere
782 4336 1117 4389 Theodotam
1143 4333 1414 4387 mmcham
1453 4351 1465 4385 :
1507 4331 1642 4385 etin
1682 4331 1800 4400 ejus
1847 4343 2101 4398 persona,

546 4428 878 4491 hominibus,
916 4436 975 4480 ut
1000 4434 1259 4495 perpetuo
1284 4423 1644 4483 uicecltentur.
1685 4431 1869 4491 aperte
1910 4421 2104 4488 ρι’ωοὶ-

545 4522 643 4592 pit,
672 4531 832 4591 atque
866 4527 925 4572 ut
946 4516 1251 4571 sacerddtes
1274 4514 1381 4567 sint
1408 4513 1498 4582 qui
1532 4512 1662 4565 tales
1692 4520 1970 4565 coronant.

618 4798 662 4854 0
691 4795 1035 4853 temerarium
1079 4793 1211 4847 corl
1270 4789 1313 4844 Ο
1358 4795 1729 4855 contemptum
1775 4782 2105 4854 judiciorum

552 4892 682 4946 Deil
728 4888 870 4955 Quin
902 4883 1136 4940 universi
1166 4882 1347 4953 potius
1375 4881 1703 4949 redarguunt
1736 4877 1839 4930 hoc
1872 4874 2103 4939 facinus,

550 4992 717 5049 seque
749 4978 816 5031 ab
864 4974 967 5028 isto
996 4972 1239 5033 homine,
1287 4968 1370 5023 vel
1408 4969 1529 5022 cibo
1582 4976 1741 5020 tenus
1783 4972 1951 5032 atque
1976 4977 2105 5017 con-

549 5048 738 5142 gressu
764 5048 1063 5138 separant:
1096 5065 1198 5118 nisi
1259 5069 1539 5132 peccatum
1582 5066 1703 5128 post
1743 5055 2108 5110 onmimodam

551 5160 838 5217 sacerdotii
868 5158 1226 5229 privationem
1271 5153 1588 5208 confiteatur
1614 5150 1636 5201 ?
1681 5148 1965 5216 Propterea
1995 5148 2110 5215 pie-

556 5262 717 5307 tatem
752 5260 1009 5315 vestram,
1041 5257 1094 5302 et
1123 5255 1389 5301 attentum
1419 5284 1433 5308 ,
1470 5259 1566 5313 pro
1594 5240 1733 5295 sacri
1775 5240 1991 5293 habitus
2022 5254 2109 5291 ra-

556 5344 720 5407 tione,
745 5341 1045 5410 disciplina:
1071 5339 1303 5393 studium
1332 5338 1687 5399 obtestantur,
1719 5344 1777 5386 ut
1798 5333 1957 5386 verba
1994 5332 2109 5384 haec

552 5438 617 5490 ad
645 5436 854 5505 piorum
887 5434 1230 5489 dominorum
1255 5445 1411 5483 aures
1442 5427 1739 5498 perferatis.
1775 5423 2108 5478 Conﬁdimus

554 5529 722 5602 enirn,
756 5528 802 5581 si
842 5528 1006 5591 hunc,
1047 5522 1388 5579 sanctissimo
1420 5518 1724 5589 patriarcha
1772 5523 1957 5569 nostro
2011 5528 2108 5587 ap-

556 5622 838 5689 probante.
872 5617 1232 5689 represserint
1254 5657 1266 5679 ,
1303 5615 1416 5668 fore
1451 5625 1509 5666 ut
1560 5609 1885 5680 applaudant
1911 5606 2106 5677 angeli,

630 5825 676 5854 “
720 5824 875 5876 Rom.
905 5839 1019 5876 xui.
1058 5822 1265 5887 ‘Zseqq.
1335 5820 1375 5849 '”
1413 5817 1572 5869 Marc.
1608 5831 1682 5878 Vl,
1719 5814 1800 5867 16.
1860 5832 1861 5835 η

2178 1960 2420 2014 τοιοῦτον
2455 1959 2720 2028 γίνεσθαι·
2767 1961 2859 2012 καὶ
2892 1959 3380 2028 στεφανούσθωσαν
3412 1962 3618 2031 μοιχοὶ,
3648 1963 3745 2016 καὶ

2179 2056 2228 2107 οἱ
2264 2054 2673 2121 στεφανοῦντες,
2724 2052 2797 2115 ώς
2833 2053 2975 2122 μέγα
3031 2068 3084 2105 τι
3138 2053 3598 2124 κατωρθωκότες,
3649 2055 3745 2109 καὶ

2181 2146 2306 2208 τοὺς
2338 2144 2567 2207 πολλοὺς
2621 2144 2874 2214 ὠφελεῖν,
2916 2146 3013 2198 καὶ
3053 2145 3269 2213 ἐνάγειν
3295 2147 3373 2208 εἰς
3405 2147 3745 2217 ὁμοτροπίαν

2181 2238 2485 2306 δυνάμενοι.
2528 2234 2983 2300 Ἀσπαζέσθωσαν
3019 2235 3126 2287 ὑπὸ
3158 2235 3265 2288 τῶν
3302 2236 3538 2292 πολλῶν.
3587 2240 3748 2292 Ἀλλὰ

2186 2330 2259 2401 μὴ
2288 2332 2517 2399 γένοιτο)
2544 2328 2667 2383 οὑτε
2694 2328 2803 2398 γὰρ
2834 2329 3042 2387 ἐκεῖνος
3078 2328 3282 2398 ἱερεὺς,
3311 2326 3434 2380 οὔτε
3463 2329 3514 2380 οί
3541 2330 3749 2380 ἐκεῖνον

2187 2422 2531 2493 μιμούμενοι.
2586 2422 2677 2491 Μὴ
2706 2421 2814 2491 γὰρ
2848 2422 2906 2473 ἐν
2947 2420 3143 2490 ἐκείνῳ
3176 2420 3497 2483 ἁπατάσθω,
3529 2421 3612 2472 ὅτι
3647 2419 3751 2489 βα-

2187 2515 2367 2576 σιλεὺς
2393 2508 2460 2583 ἦν
2493 2514 2522 2564 ὁ
2567 2510 2883 2581 μοιχεύσας.
2924 2512 3185 2582 Ἀρχουσι
3219 2511 3325 2581 γὰρ
3365 2512 3413 2563 oi
3469 2509 3568 2561 τοῦ
3612 2509 3749 2563 Θεοῦ

2186 2606 2339 2675 νόμοι
2382 2603 2623 2668 πάντων,
2676 2602 2819 2657 κατὰ
2861 2602 2924 2656 τὸ
2968 2602 3380 2676 γεγραμμένον.
3425 2600 3568 2653 Ἀλλ’
3599 2601 3752 2671 ὅμως

2184 2696 2343 2749 τοῦτο
2393 2696 2600 2767 δράσας
2639 2696 2697 2749 τὸ
2753 2696 3127 2766 παγχάλεπον,
3185 2692 3267 2745 ἔτι
3308 2691 3608 2759 φιλονεικεῖ
3651 2692 3753 2761 τὴν

2186 2789 2415 2860 ἀνομίαν
2445 2787 2789 2859 δικαιοσύνην
2818 2787 3101 2855 γνωρίσαι·
3134 2785 3229 2837 καὶ
3258 2785 3316 2838 τὸ
3336 2785 3401 2856 δὴ
3433 2785 3753 2854 λεγόμενον,

2189 2880 2471 2947 ἀποδείξαι
2495 2880 2685 2933 ἐαυτὸν
2702 2878 2797 2931 τοῦ
2814 2877 3126 2947 Προδρόμου
3147 2877 3241 2931 καὶ
3258 2876 3566 2931 Βαπτιστοῦ
3591 2876 3755 2929 ὁσιώ-

2190 2991 2369 3043 τερον.
2425 2974 2661 3026 Ἐκείνου
2694 2973 2800 3042 γὰρ
2844 2970 3155 3041 ἐλέγχοντος
3204 2974 3304 3041 τὴν
3341 2970 3583 3041 Ἡρώδου
3633 2988 3758 3040 μοι-

2192 3068 2366 3136 χείαν,
2424 3068 2517 3119 καὶ
2562 3064 2702 3135 ὑπὲρ
2749 3063 3007 3133 ἀληθείας
3053 3064 3416 3132 θνήσκοντος·
3465 3057 3624 3125 οὗτος
3665 3063 3758 3115 τὸν

2192 3157 2448 3228 δεύτερον
2487 3152 2731 3225 Ἡρώδην
2764 3155 2839 3218 ώς
2869 3156 3084 3226 άληθῶς
3114 3158 3179 3225 τῇ
3213 3153 3506 3225 όμοτρόπῳ
3542 3154 3762 3225 μοιχείᾳ

2191 3244 2550 3315 δεδειγμένον,
2583 3246 2676 3297 καὶ
2709 3245 3077 3312 ἐστεφάνωσε,
3107 3244 3199 3295 καὶ
3233 3240 3629 3311 κατησπάσατο
3662 3240 3760 3309 μέ-

2196 3353 2287 3406 χρι
2320 3334 2570 3389 θανάτου·
2605 3334 2788 3403 λόγοις
2822 3335 2918 3406 μὲν
2947 3333 3033 3397 οὓ,
3060 3333 3239 3395 αὐτοῖς
3275 3332 3332 3385 δέ
3373 3332 3559 3403 ἔργοις
3590 3330 3763 3399 φθεγ-

2192 3427 2443 3494 γόμενος,
2465 3426 2537 3489 ὡς
2558 3425 2899 3496 πεπλάνηται
2934 3425 3185 3492 Ἰωάννης
3203 3422 3231 3474 ὁ
3262 3422 3583 3494 Πρόδρομος
3603 3422 3765 3475 ἀκαί-

2197 3533 2327 3585 ρως,
2354 3516 2450 3569 καὶ
2478 3514 2694 3585 ἀνόμως
2722 3512 3001 3583 διελέγξας
3033 3514 3127 3565 καὶ
3153 3511 3459 3565 ἀποθανών.
3494 3509 3660 3564 Ἀλλά
3690 3511 3766 3583 μὴ

2194 3607 2425 3675 γένοιτο*
2458 3607 2487 3660 ὁ
2541 3606 2641 3677 μέν
2696 3606 2804 3677 γὰρ
2862 3604 2956 3658 τοῦ
3001 3603 3167 3673 νόμου
3205 3602 3645 3673 ὑπερασπιστὴς,
3673 3604 3768 3656 καὶ

2194 3695 2291 3750 τοῦ
2344 3696 2549 3767 μύσους
2584 3696 2867 3765 ἐλεγκτής’
2916 3694 2944 3746 ό
2972 3692 3027 3746 δὲ
3061 3693 3169 3746 τῶν
3226 3693 3385 3745 θείων
3443 3694 3770 3763 μυστηρίων

2198 3790 2607 3862 καταπατητὴς,
2666 3789 2760 3842 καὶ
2808 3787 2909 3856 τῆς
2955 3786 3194 3857 ἀθέσμου
3256 3785 3584 3856 συμπλοκῆς
3637 3802 3767 3839 συν-

2198 3881 2375 3950 άπτης
2427 3878 2520 3931 καὶ
2572 3876 3078 3947 κατασφραγιστής.
3122 3876 3230 3928 Καὶ
3262 3876 3292 3927 ό
3339 3874 3438 3945 μέν
3463 3876 3560 3927 καὶ
3591 3873 3773 3929 θανὼν

2202 3972 2299 4043 βοᾷ
2332 3986 2345 3998 ’
2376 3973 2497 4025 Οὐκ
2543 3969 2746 4034 ἕξεστί
2793 3982 2891 4022 σοι
2920 3970 3082 4037 ἔχειν
3108 3967 3217 4035 τὴν
3249 3966 3504 4035 γυναῖκα
3553 3969 3773 4021 Φιλίπ-

2200 4077 2316 4116 που
2348 4062 2453 4115 τοῦ
2482 4060 2747 4130 ἀδελφοῦ
2777 4076 2916 4115 σου.
2950 4061 3068 4113 Κάν
3099 4059 3176 4130 τῷ
3213 4058 3450 4130 Ἡρώδου
3487 4059 3775 4131 προσώπῳ

2201 4154 2378 4224 ἐμϐοᾷ
2414 4153 2563 4223 πάσῃ
2616 4155 2682 4222 τῇ
2713 4151 3025 4221 οἰκουμένῃ,
3064 4151 3261 4221 μηκέτι
3290 4148 3531 4202 τοιοῦτον
3559 4148 3774 4220 τολμηο

2203 4247 2383 4317 θῆναι.
2427 4245 2484 4298 Ὀ
2529 4244 2587 4298 δὲ
2639 4244 2744 4307 ἔως
2792 4243 2886 4296 τοῦ
2930 4242 3024 4296 νῦν
3054 4244 3236 4304 αὑτοῖς
3291 4241 3473 4310 ἔργοις
3507 4240 3777 4311 ἄντικρυς

2204 4337 2396 4407 κράζει
2447 4336 2525 4406 τῷ
2568 4335 2806 4404 δευτέρῳ
2846 4333 3077 4404 ’Πρώδῃο
3120 4330 3339 4395 Ἔξεστί
3380 4347 3464 4383 σοι
3491 4331 3641 4399 ἔχειν
3667 4347 3777 4398 γυ-

2204 4431 2366 4480 ναῖκα
2397 4426 2655 4495 Θεοδότην
2679 4425 2778 4495 τὴν
2806 4424 3118 4495 μαχλῶσαν·
3157 4424 3261 4475 κάν
3293 4420 3370 4491 τῷ
3410 4418 3576 4473 αὑτοῦ
3607 4438 3780 4491 προσ-

2134 4518 2338 4599 υώπῳ
2387 4517 2681 4586 διαρρήδην
2731 4515 3060 4585 προστάσσει
3116 4513 3219 4574 ἓως
3249 4509 3343 4565 τοῦ
3396 4510 3592 4573 αίῶνος
3651 4529 3779 4580 μοι-

2206 4608 2387 4677 χεύειν
2420 4608 2548 4668 τοὺς
2578 4605 2919 4676 ἀνθρώπους,
2951 4604 3046 4659 καὶ
3087 4604 3212 4666 τοὺς
3263 4600 3538 4663 τοιούτους
3568 4616 3779 4670 στεφα-

2202 4698 2426 4761 νοῦντας
2456 4694 2594 4753 εἶναι
2628 4698 2826 4769 ἱερέας.

2277 4796 2341 4847 Ὢ
2391 4794 2671 4862 τολμηρᾶς
2722 4791 2981 4862 καρδίαςῐ
3023 4790 3087 4842 Ὢ
3122 4788 3585 4858 καταφρονήσεως
3634 4786 3781 4839 Θεοῦ

2206 4885 2519 4955 κριμάτωνί
2547 4883 2645 4936 Διὰ
2688 4883 2742 4935 τί
2796 4882 2871 4951 μὴ
2906 4881 3106 4951 μᾶλλον
3136 4880 3367 4940 ἕκαστος
3410 4877 3783 4946 καταγορεύει

2208 4977 2309 5044 τῆς
2341 4974 2666 5037 ὑποθέσεως,
2699 4972 2793 5024 καὶ
2832 4969 3195 5023 διαστέλλεται
3236 4966 3330 5020 τοῦ
3360 4965 3629 5025 τοιούτου,
3679 4965 3787 5018 καὶ

2214 5068 2371 5137 μέχρι
2404 5065 2675 5135 βρώσεως,
2695 5064 2791 5115 εἰτ’
2826 5059 2918 5115 οὖν
2946 5062 3253 5131 συντυχίας,
3288 5060 3337 5111 εί
3362 5059 3438 5128 μὴ
3460 5054 3785 5127 ἐξαγορεύει

2213 5158 2309 5227 τὴν
2341 5158 2613 5225 ἁμαρτίαν
2643 5154 2781 5225 μετὰ
2829 5155 2890 5207 τὸ
2931 5152 3276 5207 παντάπασιν
3304 5146 3583 5219 εἴργεσθαι
3615 5149 3786 5200 αὑτὸν

2212 5250 2274 5300 ἐκ
2307 5247 2486 5315 πάσης
2538 5245 2885 5316 ίερουργίαςς
2926 5242 3084 5296 Ἀλλὰ
3112 5242 3199 5295 διὰ
3235 5239 3392 5293 τοῦτο
3421 5236 3656 5307 δεόμεθά
3688 5253 3784 5289 σου

2211 5341 2306 5408 τῆς
2331 5336 2663 5399 θεοσεϐείας,
2704 5337 2798 5389 καὶ
2828 5338 2925 5405 τῆς
2956 5333 3094 5389 κατὰ
3124 5334 3182 5386 τὸ
3212 5331 3354 5401 ἱερὸν
3388 5330 3574 5399 σχῆμα
3618 5330 3784 5396 ἀκριο

2213 5429 2387 5493 ϐείας,
2423 5429 2691 5498 ἐνηχῆσαι
2721 5430 2800 5490 είς
2834 5428 2901 5481 τὰ
2942 5421 3055 5480 ὦτα
3094 5424 3204 5477 τῶν
3233 5421 3473 5476 εὐσεϐῶν
3500 5419 3665 5491 ἡμῶν
3700 5420 3788 5473 δε·

2215 5519 2426 5571 σποτῶν
2458 5522 2584 5583 τοὺς
2613 5518 2891 5581 τοιούτους
2931 5518 3142 5585 λόγους.
3180 5512 3523 5582 Πιστεύομεν
3560 5510 3676 5579 γὰρ
3704 5509 3787 5563 ὅτι

2214 5613 2260 5662 εἰ
2290 5609 2477 5663 τοῦτον
2510 5611 2916 5680 παραστείλωσι
2947 5609 3044 5662 σὺν
3083 5606 3300 5675 εὐδοκία
3346 5602 3437 5657 τοῦ
3473 5600 3785 5670 ἁγιωτάτου
