3914 6500
179 476 284 543 977

1426 471 1963 533 EPISTOLARUM
1987 473 2134 533 LIB.
2173 472 2225 533 Ι.

3347 475 3452 539 978

179 590 339 662 ἡμῶν
377 586 762 658 πατριάρχου,
808 583 1172 655 ἐπικρατῆσαι
1234 579 1449 649 ἔχουσιν
1505 581 1764 649 ἄγγελοι·

1874 584 2189 639 collaudent
2208 598 2398 639 omnes
2425 582 2618 650 sancti,
2639 582 2877 654 q’xsultet
2893 582 3140 638 Ecclesia
3157 583 3411 640 universa
3436 605 3449 641 :

179 680 641 751 ἀνευφημήσουσι
689 679 893 740 πάντες
929 675 981 728 οἱ
1035 674 1203 742 ἅγιοι·
1236 675 1682 745 εὐφρανθήσεται
1710 674 1769 728 δέ

177 773 275 827 καὶ
306 773 461 823 πᾶσα
491 770 524 838 ἡ
572 766 887 836 Ἐκκλησία·
922 767 1219 832 γενήσεται
1247 762 1306 815 δὲ
1331 764 1425 815 καὶ
1454 763 1532 833 τῷ
1573 763 1768 834 κράτει

178 862 362 916 αὐτῶν
394 861 544 922 θείας
577 857 786 911 ἄνωθεν
817 855 1144 925 ἐπικουρίας
1175 853 1465 925 προσθήκη
1494 853 1682 924 πολλὴ,
1711 854 1768 908 ἐν

176 971 238 1007 τε
271 952 584 1024 προσλήψει
609 949 822 1021 ἐχθρῶν
848 966 906 1002 τε
931 949 1027 1001 καὶ
1056 947 1353 1018 πολεμίων,
1397 947 1488 1000 καὶ
1524 949 1580 1000 ἐν
1613 949 1767 1018 sip-q-

174 1045 309 1115 ναίᾳ
362 1044 462 1097 καὶ
517 1040 892 1112 μακροημέρῳ
920 1039 1101 1092 αὐτῶν
1134 1038 1270 1109 ζωῇ.
1303 1036 1413 1090 Ποῦ
1441 1038 1498 1090 δέ
1547 1038 1641 1092 καὶ
1674 1038 1771 1109 θή-

177 1152 374 1204 σομεν,
414 1133 601 1202 Πάτερ
626 1131 772 1200 ἅγιε,
821 1130 948 1192 τοὺς
991 1128 1170 1200 ἱεροὺς
1207 1127 1435 1192 κανόνας
1480 1129 1768 1199 εἴργοντας

176 1225 346 1280 αὑτὸν
386 1223 482 1276 τοῦ
521 1220 862 1293 ἱερατεύειν;
892 1221 986 1272 τὸν
1023 1220 1120 1290 μὲν
1156 1217 1372 1288 πρῶτον
1401 1218 1477 1290 μὴ
1506 1235 1769 1289 παραχω‹

178 1316 384 1389 ροῦντα
416 1313 548 1385 μηδὲ
573 1314 653 1375 εἰς
686 1309 1047 1382 διγαμοῦντος
1076 1307 1256 1379 γάμον
1280 1305 1597 1378 ἐστιαθῆναι
1629 1324 1766 1378 πρε.

175 1408 469 1476 σϐύτερον,
511 1403 903 1474 καίπεριδντος
925 1402 989 1454 ἐκ
1021 1399 1160 1452 Θεοῦ
1202 1400 1764 1470 παρακεχωρημένου.

173 1499 301 1551 Ὀτι
351 1497 411 1549 δὲ
450 1495 530 1557 είς
573 1493 668 1547 τὸν
716 1492 1102 1562 ἁποκήρυκτον
1167 1490 1262 1541 καὶ¹
1309 1488 1560 1558 μοιχικὸν
1618 1487 1768 1550 ὅλαις

171 1589 474 1660 τριάκοντα
504 1584 741 1656 ἡμέραις
769 1581 1109 1654 εὐώχησατο·
1143 1581 1240 1634 καὶ
1269 1579 1331 1633 οὐ
1387 1581 1547 1650 μόνον
1582 1579 1764 1644 τοῦτο,

171 1679 294 1735 ἀλλ’
334 1680 420 1731 ὅτι
459 1675 559 1729 καὶ
597 1676 724 1738 τοὺς
760 1674 1079 1744 νικητικοὺς
1107 1673 1202 1725 ἐπὶ
1238 1673 1306 1741 τῇ
1336 1671 1608 1743 παρθενίᾳ
1643 1687 1768 1724 στε-

173 1773 382 1840 φάνους
413 1767 724 1821 ἐπιτέθεικε
750 1765 860 1827 τοῖς
889 1767 1097 1834 μοιχοῖς
1125 1764 1218 1816 καὶ⁵
1248 1763 1601 1833 ἀκαθάρτοις·
1625 1763 1767 1826 τίνος

171 1861 260 1932 εἴη
292 1858 487 1924 ἄξιος;
534 1857 730 1929 μικρὸν
752 1855 898 1927 τάχα
934 1857 968 1926 ἡ
1004 1854 1328 1924 καθαίρεσις
1366 1851 1465 1924 [aL
1506 1853 1537 1924 ἥ
1573 1854 1768 1908 καθαι-

175 1927 414 2024 ρέσεως]
437 1965 454 2015 ;
484 1927 548 2001 El.
588 1927 647 2002 δέ
677 1947 838 2002 τοῦτο
861 1946 1244 2012 ἀνεκδίκητον,
1272 1944 1502 2011 παίγνια
1525 1944 1592 1996 τὰ
1620 1944 1761 2011 θεῖα,
1797 1927 1840 1985 Β

170 2043 266 2096 καὶ
309 2040 471 2094 ἒωλοι
514 2039 567 2092 oi
610 2037 854 2100 κανόνες.
895 2035 1053 2090 Κατὰ
1085 2034 1144 2088 δέ
1188 2033 1281 2086 τὸν
1319 2031 1571 2104 δεύτερον
1602 2033 1764 2086 πάλιν

173 2133 404 2198 κανόνα,
443 2132 527 2188 ὅτι
576 2133 605 2184 ὁ
637 2128 929 2185 ὑποπεσὼν
976 2128 1035 2181 ἓν
1071 2143 1180 2180 τινι
1221 2126 1524 2196 σφάλματι.
1555 2127 1651 2179 καὶ
1676 2125 1764 2179 διὰ

169 2226 341 2281 τοῦτο
363 2221 710 2294 ἀφορισθεὶς,
735 2221 784 2274 εί
816 2219 894 2289 μὴ
919 2217 1070 2281 ἐντὸς
1092 2217 1340 2271 ἐνιαυτοῦ
1362 2216 1763 2285 ἐπαγωνίσεται

170 2321 237 2390 τῇ
272 2315 455 2385 οἰκείᾳ
486 2313 770 2377 συστάσει,
807 2311 908 2364 οὑκ
926 2309 1046 2376 ἐξὸν
1069 2308 1150 2361 ἔτι
1186 2307 1372 2379 φωνὴν
1398 2306 1565 2361 αὑτοῦ
1596 2323 1766 2377 προσ-

169 2414 453 2486 δεχθῆναι.
508 2410 566 2464 '0
606 2410 662 2463 δέ
698 2409 858 2463 ἐννέα
913 2407 1141 2476 χρόνους
1173 2403 1437 2476 ὑπερϐὰς,
1473 2404 1762 2475 εἰσεπήδη-

175 2524 268 2560 σεν
296 2508 357 2560 ἐν
390 2507 457 2574 τῇ
501 2502 820 2573 Ἐκκλησία.

241 2598 307 2652 ΕΞ
341 2596 397 2650 δὲ
423 2595 608 2660 λέγοι,
652 2593 807 2663 παρὰ
850 2590 946 2645 τοῦ
988 2589 1402 2663 προηγουμένου
1443 2586 1629 2641 λαϐεῖν
1664 2586 1763 2653 τὴν

171 2688 506 2761 ἐπιτροπὴν,
545 2688 640 2740 καὶ
676 2683 1015 2754 ἀνέγκλητον
1053 2677 1196 2735 εἶναι
1238 2682 1338 2753 τὴν
1386 2679 1666 2735 ύπόθεσινο
1709 2678 1762 2731 τί

169 2783 374 2853 δήποτε
414 2781 515 2850 οὐχ
555 2781 583 2833 ὁ
611 2776 914 2850 ἐπιτρέψας
963 2771 1325 2845 αὑτούργησε
1365 2772 1760 2843 στεφανώσας;

173 2874 335 2929 Ἔστι
364 2873 478 2943 γὰρ
515 2870 735 2932 πάντως
765 2867 1140 2940 πατριάρχαις
1169 2863 1411 2936 βασιλεῖς
1441 2864 1759 2933 στεφανοῦν,

170 2967 268 3037 οὐχ
315 2965 470 3036 ἱερέα
521 2960 665 3016 τινά.
707 2960 780 3014 Ού
814 2960 924 3030 γὰρ
955 2957 1179 3012 πώποτε
1224 2957 1544 3027 γεγένηται.
1600 2957 1762 3009 Ἀλλὰ

173 3058 339 3129 δῆλον
363 3059 449 3110 ὃτι
477 3053 730 3115 κινδύνου
761 3051 911 3122 αύτῷ
941 3050 1203 3121 κειμένου
1234 3051 1314 3112 εἰς
1341 3049 1513 3120 αὐτὴν
1536 3049 1636 3120 τὴν
1661 3050 1760 3119 ἁρυ

170 3148 520 3222 χιερωσύνην
546 3145 943 3216 καθαιρέσεως,
967 3141 1144 3214 εὑρὼν
1172 3141 1427 3196 τοσοῦτον
1449 3141 1763 3212 προθυμού-

1870 676 2113 746 ipsorum
2151 685 2337 731 autem
2387 677 2615 746 imperio
2671 669 2924 746 magnum
2976 676 3162 730 auxilii
3210 677 3453 733 caelestis

1870 766 2269 821 incrementum
2314 767 2537 821 accedat
2571 784 2585 820 :
2618 775 2730 821 tum
2780 767 3217 822 adversariorum
3249 777 3307 823 et
3352 769 3451 823 ho—

1871 858 2036 912 stium
2094 858 2556 927 comprehensio,
2615 867 2668 913 et
2726 857 3030 928 tranquillae
3069 859 3453 933 diuturnaeque

1870 948 1996 1003 vita:
2022 962 2213 1003 eorum
2243 947 2492 1004 felicitas.
2543 949 2791 1014 Quonam
2820 957 3003 1004 autem
3049 949 3168 1004 loco
3199 950 3451 1005 censebi-

1868 1053 2012 1106 mus,
2042 1037 2204 1093 Pater
2230 1048 2436 1105 sancte,
2470 1054 2653 1094 sacros
2687 1054 2927 1094 canones
2947 1081 2962 1106 ,
3016 1039 3111 1109 qui
3144 1039 3450 1094 sacerdotio

1869 1129 2020 1183 illum
2064 1131 2290 1185 arcent?
2333 1145 2397 1185 ac
2448 1130 2686 1201 priorem
2735 1130 2958 1200 quidem
3006 1131 3158 1186 illum
3203 1131 3297 1202 qui
3349 1146 3452 1186 nec

1868 1222 2082 1292 epulari
2107 1223 2486 1294 presbyterum
2518 1222 2786 1293 permittit
2843 1222 2902 1277 in
2959 1223 3159 1294 bigami
3217 1223 3449 1293 nuptiis,

1867 1315 2117 1386 quamvis
2150 1315 2314 1370 licitae
2350 1315 2455 1372 illa:
2487 1315 2597 1370 sint
2626 1323 2682 1370 et
2710 1330 2740 1369 a
2765 1313 2876 1370 Deo
2896 1315 3173 1385 permissa:
3193 1305 3259 1368 ⁸⁸.
3295 1314 3452 1382 Quod

1868 1421 1997 1460 vero
2035 1405 2139 1459 iste
2162 1421 2271 1460 non
2304 1405 2538 1460 inlicitis
2563 1406 2790 1476 nuptiis,
2826 1405 2919 1460 sed
2949 1405 3004 1459 in
3028 1405 3208 1460 vetitis
3223 1415 3276 1460 et
3297 1406 3452 1461 adul-

1868 1495 2061 1550 terinis
2090 1504 2233 1551 totos
2277 1496 2496 1567 triginta
2540 1497 2656 1552 dies
2683 1496 2933 1566 epulatus
2971 1496 3074 1561 sit;
3122 1512 3301 1566 neque
3347 1487 3452 1553 hoc

1869 1595 2102 1654 tantum,
2128 1588 2224 1643 sed
2256 1588 2517 1643 adulteris
2555 1599 2718 1658 atque
2744 1588 2973 1658 impuris
3010 1589 3266 1644 victrices
3291 1605 3451 1645 coro-

1868 1694 1969 1734 nas
2014 1679 2345 1754 virginitatis
2391 1680 2730 1750 imposuerit,
2763 1695 2869 1750 qua
2901 1695 3062 1750 paena
3101 1679 3300 1751 dignus
3331 1681 3453 1735 est?

1869 1785 1940 1826 an
1974 1770 2174 1825 minori
2204 1770 2437 1826 fortasse
2473 1785 2636 1841 quam
2670 1770 3055 1841 depositione?
3083 1769 3241 1837 Quod
3276 1771 3322 1827 si
3366 1771 3452 1825 in-

1871 1863 2047 1918 ultum
2070 1863 2392 1928 idmaneat,
2418 1863 2627 1918 ludicra
2657 1862 2767 1932 jam
2796 1870 2926 1917 sunt
2954 1862 3158 1930 divina,
3180 1873 3237 1919 et
3260 1863 3453 1918 inanes

1868 1971 1933 2011 ac
1964 1955 2142 2010 frivoli
2191 1970 2448 2010 canones.
2505 1954 2752 2010 Alterum
2793 1955 3031 2024 deinde,
3083 1957 3230 2027 quod
3259 1972 3453 2012 rursus

1867 2049 2137 2104 sancitum
2170 2046 2261 2113 sit,
2296 2047 2434 2118 ejus,
2468 2047 2560 2117 qui
2618 2047 2675 2100 in
2724 2046 2934 2102 crimen
2981 2046 3200 2116 aliquod
3239 2046 3448 2117 lapsus,

1867 2155 1930 2195 ac
1965 2150 2248 2209 propterea
2279 2138 2784 2194 excommunicatus
2805 2139 2896 2198 sit.
2939 2138 3044 2193 nisi
3079 2139 3221 2193 intra
3245 2154 3448 2193 annum

1867 2231 2210 2287 reconciliari
2236 2231 2565 2296 contendat,
2607 2245 2795 2285 vocem
2826 2231 3039 2286 admitti
3075 2241 3262 2301 pOStea
3296 2231 3450 2286 nefas

1865 2339 1988 2379 esse
2017 2327 2083 2378 ⁵³.
2123 2327 2233 2378 lste
2255 2339 2403 2390 vero,
2430 2325 2522 2393 qui
2548 2338 2744 2378 novem
2771 2323 3008 2380 excessit
3033 2338 3231 2388 annos,
3260 2324 3314 2378 in
3344 2323 3448 2379 Ec-

1865 2417 2087 2470 clesiam
2119 2415 2326 2470 insiliit.

1937 2601 2094 2669 Quod
2130 2600 2176 2656 si
2207 2601 2352 2656 dicat
2378 2615 2438 2655 se
2473 2615 2500 2654 a
2537 2600 2767 2670 praesule
2792 2614 2893 2654 suo
2933 2600 3248 2654 mandatum
3285 2613 3447 2654 acce—

1865 2692 2033 2765 pisse,
2062 2692 2291 2761 ideoque
2316 2691 2474 2760 culpa
2503 2691 2557 2744 in
2589 2691 2695 2745 hoc
2748 2691 2968 2761 negotio
2995 2705 3210 2756 vacare,
3257 2689 3447 2759 quidni

1863 2798 1993 2855 ergo
2046 2783 2140 2852 qui
2191 2773 2426 2852 jusserat
2455 2824 2468 2847 ,
2525 2781 2755 2851 ipsemet
2786 2781 3113 2836 coronavit?
3146 2781 3259 2837 Mos
3298 2783 3447 2838 enim

1864 2877 2025 2948 plane
2048 2882 2144 2930 est
2173 2884 2233 2929 ut
2267 2874 2625 2943 imperatores
2655 2883 2919 2928 coronent
2947 2873 3293 2943 patriarchae,
3335 2890 3445 2929 non

1865 2968 2121 3023 sacerdos
2141 2967 2372 3036 quilibet
2399 2985 2411 3020 :
2442 2981 2620 3036 neque
2643 2966 2789 3020 enim
2817 2966 2960 3022 istud
2979 2982 3216 3036 unquam
3243 2966 3447 3022 factum

1866 3060 1988 3114 fuit.
2029 3058 2136 3113 Sed
2164 3058 2516 3130 perspicuum
2545 3067 2630 3114 est
2654 3099 2668 3124 ,
2714 3073 2838 3113 cum
2875 3059 3181 3128 periculum
3215 3058 3318 3128 ipsi
3347 3058 3449 3113 im-

1867 3156 2130 3224 penderet
2161 3168 2232 3208 ne
2263 3153 2748 3223 archiepiscopatu
2773 3153 2892 3222 ipso
2929 3152 3178 3222 dejectus
3200 3154 3450 3224 privare-

173 3261 338 3315 μενον
363 3239 458 3314 (ἦν
485 3240 598 3310 γὰρ
632 3234 1089 3305 συναυλιζόμενος
1111 3235 1187 3297 εἰς
1210 3233 1278 3287 τὰ
1299 3233 1591 3305 βασίλεια),
1623 3249 1761 3302 παρ-

1869 3254 1987 3300 tur:
2008 3255 2063 3300 et
2081 3245 2226 3302 hunc
2242 3254 2554 3316 promptum
2573 3245 2755 3299 animo
2775 3253 3135 3314 paratumque
3151 3253 3346 3300 nactus
3361 3260 3450 3299 es~

169 3334 422 3407 ἐπεμψεν
448 3334 528 3395 εἰς
555 3330 617 3384 τὸ
644 3328 855 3383 ἐκείνου
879 3325 1170 3397 πρύσωπον
1187 3324 1278 3378 τὸν
1301 3325 1564 3378 κίνδυνον·
1603 3325 1761 3395 εῖπερ

169 3431 266 3483 καὶ
295 3425 502 3497 ἀληθὲς
535 3425 618 3478 ὅτι
646 3422 742 3476 καὶ
768 3418 1096 3491 ἐπέτρεψεψ
1138 3418 1200 3472 ού
1243 3419 1353 3489 γὰρ
1402 3415 1757 3486 πιστεύομεν,

171 3521 302 3592 ὑμῖν
333 3535 398 3572 τε
431 3519 529 3573 καὶ
551 3515 735 3578 ἄλλοις
773 3511 992 3571 πολλοῖς
1019 3506 1533 3580 πεπληροφορηκώς
1559 3507 1621 3580 [f,
1660 3524 1760 3560 πε..

173 3603 706 3682 πληροφορηκόσιν].
742 3605 805 3657 El
835 3602 896 3657 δέ
935 3601 1100 3656 πάλιν
1134 3600 1285 3669 λέγοι
1348 3601 1422 3670 μὴ
1461 3593 1604 3652 εἶναι
1652 3599 1760 3667 ὰφ-

171 3701 483 3774 ωρισμένος
533 3697 640 3751 ὑπὸ
681 3694 776 3750 τοῦ
807 3691 1268 3764 προηγησαμένου
1293 3731 1308 3756 ,
1330 3691 1382 3743 τί
1426 3690 1626 3761 δήποτε
1661 3689 1764 3742 οὐκ

171 3792 515 3864 ἐλειτούργει
543 3789 604 3841 ἐν
634 3788 752 3850 τοῖς
798 3787 959 3841 ἐννέα
986 3784 1166 3849 Esset;
1195 3783 1250 3835 τί
1277 3782 1477 3852 δήποτε
1504 3781 1607 3834 ὑπὸ
1642 3797 1764 3833 συν-

173 3888 313 3948 ὐδου,
342 3884 422 3948 ὡς
467 3882 641 3952 λέγει,
673 3879 770 3933 νῦν
796 3878 1053 3943 λέλυται;
1086 3875 1257 3945 Δῆλον
1287 3874 1368 3928 ὅτι
1413 3874 1443 3927 ὀ
1475 3872 1762 3944 δεδεμένος

175 3977 421 4038 λέλυται,
453 3973 556 4044 οὺχ
578 3972 607 4025 ὁ
642 3971 852 4030 ἄδετος.
882 3969 1047 4021 Ὥστε
1080 3964 1258 4036 ἐαυτῷ
1291 3963 1608 4035 περιπίπτει
1636 3963 1765 4017 κάν-

175 4067 353 4125 ταῦθα
374 4065 675 4136 είργμένος
699 4060 865 4126 εἶναι,
888 4061 974 4130 ἐφ’
1001 4060 1124 4113 ὅσον
1152 4058 1254 4110 οὐκ
1278 4055 1430 4119 ἐντὸς
1456 4053 1552 4108 τοῦ
1584 4055 1762 4108 ἐνιαυ-

180 4159 298 4223 τοῦ,
335 4156 486 4212 κατὰ
513 4155 617 4214 τὸν,
633 4153 859 4218 κανόνα,
892 4148 1172 4214 ὑπέδειξεν
1215 4147 1409 4202 ἐαυτδν
1442 4146 1639 4211 ἀθῶον,
1670 4147 1764 4200 καὶ

177 4249 341 4304 ἔλαϐε
377 4248 477 4318 τὴν
523 4244 679 4297 λύσιν
713 4245 994 4315 ἐμφανῶς.
1049 4244 1222 4314 Είπερ
1264 4237 1332 4311 ἦν
1365 4239 1518 4301 λύσις
1547 4241 1623 4310 τῷ
1648 4239 1765 4292 ὀλο-

177 4340 408 4413 δεσμίῳ,
443 4337 548 4392 κᾶν
579 4336 808 4409 μυρίους
838 4336 1081 4405 παριστᾷ
1107 4333 1584 4404 ψευδομάρτυρας.

246 4518 442 4574 Ταῦτά
462 4518 600 4582 ἐστι,
634 4516 821 4587 Πάτερ
848 4515 995 4585 ἅγιε,
1025 4513 1093 4568 τὰ
1115 4511 1386 4584 φοϐοῦντα
1411 4511 1506 4566 καὶ
1538 4509 1722 4564 συστέῦ
1739 4540 1762 4550 -

1864 3347 1944 3392 set
1968 3337 2047 3408 (in
2075 3336 2196 3390 aula
2215 3337 2362 3391 enim
2393 3336 2732 3403 versabatur)
2757 3335 3052 3390 discrimen
3074 3335 3128 3389 in
3149 3334 3269 3404 ejus
3286 3343 3450 3404 caput

1865 3426 2233 3490 transtulisse;
2257 3425 2302 3480 si
2327 3426 2550 3495 quidem
2572 3441 2761 3480 verum
2776 3434 2860 3480 est
2880 3425 3031 3479 illum
3050 3423 3410 3479 demandasse
3432 3443 3445 3478 :

1864 3532 1967 3572 nec
1995 3517 2120 3571 enin
2168 3517 2444 3575 credimus
2470 3535 2484 3571 :
2516 3517 2671 3572 vobis
2697 3515 2925 3586 aliisque
2954 3515 3206 3586 plurimis
3231 3526 3452 3569 contra-

1863 3609 2005 3662 rium
2041 3609 2523 3679 persuadentibus.
2567 3607 2724 3674 Quod
2753 3608 2798 3662 si
2837 3622 3058 3663 rursum
3104 3606 3251 3662 dicat
3292 3621 3352 3660 se
3380 3608 3449 3661 ab

1864 3700 1956 3754 illo
1989 3709 2102 3753 tum
2136 3701 2364 3769 praesule
2394 3700 2929 3754 excommunicatum
2967 3712 3079 3752 non
3108 3696 3279 3752 fuisse
3302 3737 3317 3762 ,
3351 3713 3451 3752 cur

1864 3804 1995 3860 ergo
2021 3802 2217 3842 novem
2245 3803 2518 3841 annorum
2546 3788 2722 3855 spatio
2757 3800 2868 3840 non
2902 3783 3266 3849 sacriﬁcavit;
3295 3799 3394 3839 cur
3419 3798 3449 3837 a

1865 3875 2092 3946 synodo,
2132 3883 2194 3929 ut
2224 3876 2321 3941 ait,
2357 3891 2504 3930 nunc
2532 3885 2614 3928 est
2645 3873 2966 3929 absolutus?
2990 3871 3171 3939 Sane,
3199 3872 3292 3943 qui
3325 3872 3449 3927 vin-

1866 3978 1991 4024 ctus
2021 3967 2068 4021 is
2098 3967 2314 4022 solutus
2347 3976 2451 4031 est,
2479 3981 2589 4020 non
2625 3967 2716 4036 qui
2747 3966 2963 4021 vinctus
2987 3979 3098 4018 non
3127 3963 3446 4031 esset.Quo-

1864 4062 2009 4118 circa
2049 4075 2234 4114 secum
2276 4058 2392 4128 ipse
2419 4067 2625 4128 pugnat
2648 4099 2661 4123 ,
2695 4065 2750 4111 et
2775 4056 3138 4112 constrictum
3171 4055 3346 4109 teneri
3386 4069 3448 4108 se

1867 4152 1995 4205 hinc
2027 4148 2287 4212 ostendit,
2302 4148 2448 4217 quod
2474 4163 2584 4202 non
2622 4148 2762 4202 intra
2808 4147 2939 4202 anni
2979 4147 3238 4217 spatium,
3269 4152 3329 4200 ut
3349 4159 3444 4199 ca-

1865 4259 1974 4299 non
2001 4245 2178 4314 jubet,
2212 4242 2487 4297 insontem
2535 4256 2595 4296 se
2651 4239 2983 4308 exhibuerit,
3014 4239 3449 4296 absolutionem-

1866 4337 1970 4406 que
1990 4336 2166 4406 palam
2183 4333 2507 4404 susceperit.
2528 4333 2584 4386 Si
2601 4335 2760 4388 modo
2777 4333 3060 4388 absolutus
3075 4320 3196 4396 fuit,
3217 4335 3366 4388 omni
3381 4354 3447 4396 ex

1866 4436 2020 4498 parte
2051 4425 2314 4491 irretitus,
2341 4425 2591 4493 quamvis
2615 4423 2950 4480 falsostestes
2975 4427 3125 4482 mille
3159 4429 3445 4498 producat.

1941 4515 2066 4571 Hazc
2097 4523 2244 4580 sunt,
2271 4514 2430 4569 Pater
2460 4525 2670 4580 sancte,
2700 4532 2820 4585 quae
2847 4524 3110 4571 terrorem
3151 4518 3445 4582 incutiunt.

183 4611 343 4666 λοντα
381 4609 544 4682 ἡμῶν
570 4609 670 4681 τὴν
708 4607 956 4680 καρδίαν.
983 4607 1092 4660 Καὶ
1119 4605 1211 4660 διὰ
1235 4604 1410 4659 ταῦτα
1438 4604 1574 4675 πρὸς
1595 4603 1656 4656 τὸ
1688 4601 1762 4674 μὴ

1869 4617 1921 4663 ct
1959 4623 2051 4663 cor
2075 4615 2322 4662 nostrum
2357 4605 2545 4660 dolore
2589 4606 2938 4660 contrahunt.
2999 4606 3098 4674 Ac,
3156 4619 3449 4680 propterea

185 4704 516 4774 κοινωνῆσαι
542 4701 691 4773 αύτῷ
713 4717 772 4754 τε
803 4700 897 4755 καὶ
919 4700 996 4771 τῷ
1017 4698 1463 4772 προηγησαμέγ”ιρ
1489 4696 1763 4767 πατριάρ-

187 4811 278 4870 χῃ,
309 4795 449 4849 ἐπὰν
485 4795 759 4867 μετεδίδου
788 4794 865 4866 τῷ
898 4793 1272 4866 μοιχεύσαντιο
1297 4791 1782 4862 ἁπεκλείσθημεν,⁸

189 4887 297 4958 ἐγὼ
326 4889 386 4940 ἐν
412 4881 456 4956 ᾧ
487 4886 693 4959 καθέζῃ
729 4887 903 4957 τόπῳ,
934 4887 962 4939 ὁ
1007 4883 1310 4957 ἡγούμενός
1350 4899 1410 4937 τε
1447 4882 1542 4934 καὶ
1583 4881 1632 4932 οἱ
1658 4880 1764 4932 λοι-

191 4980 278 5034 ποι
308 4981 409 5033 σὺν
434 4976 514 5050 τῷ
551 4978 974 5050 ἀρχιεπισκόπῳ
1006 4978 1064 5030 ἐν
1093 4978 1164 5048 τῇ
1197 4973 1570 5044 Θεσσαλονίκῃ
1598 4972 1766 5040 ὑπερ-

190 5071 517 5144 ορισθέντες.
560 5070 699 5122 Ἀλλ’
744 5073 771 5124 ὁ
796 5070 928 5132 Θεὸς
976 5068 1137 5122 πάλιν
1173 5067 1572 5134 ἐπισυνήγαγεν
1618 5063 1767 5134 ἡμᾶς

192 5163 373 5233 εὐχαῖς
405 5178 522 5216 σου.
557 5161 668 5215 Καὶ
693 5161 866 5226 οὕτως
901 5163 975 5225 ὡς
1016 5161 1204 5231 ἔτυχεν
1239 5158 1526 5230 ήνώθημεν
1553 5155 1628 5225 τῷ
1665 5173 1765 5208 πα-

191 5254 446 5326 τριάρχῃ,
478 5253 528 5305 εἰ
552 5253 629 5325 μὴ
647 5253 968 5324 ὡμολόγησε
998 5253 1177 5315 καλῶς
1206 5252 1350 5322 ἡμᾶς
1381 5248 1761 5320 πεποιηκέναι.

205 5345 325 5410 Ἐὰν
363 5339 459 5398 οὖν
491 5343 602 5397 οὐδ’
629 5345 719 5398 ὅτε
759 5347 792 5416 ἡ
833 5346 1047 5415 μοιχεία
1076 5339 1164 5414 ἦν,
1191 5344 1340 5412 καὶὴ
1375 5343 1482 5395 τῶν
1523 5341 1762 5394 κανόνων

194 5436 525 5509 παράϐασις,
570 5435 670 5508 οὐχ
722 5435 1104 5505 ύπεστάλημεν
1154 5434 1381 5504 δυνάμει
1436 5432 1592 5485 Θεοῦ·
1647 5431 1764 5495 πῶς

195 5522 281 5581 οῦν
310 5527 437 5598 ἄρτι
461 5527 552 5580 ὅτε
575 5524 875 5580 εὐσεϐοῦσά
902 5525 1049 5578 ἐστιν
1078 5527 1110 5594 ἡ
1141 5523 1408 5593 βασιλεία,
1429 5521 1614 5574 ἕνεκεν
1648 5520 1765 5583 ἐνὸς

197 5615 566 5688 πρεσϐυτέρου
617 5615 1013 5688 καθῃρημένου
1070 5613 1605 5684 ύποσταλησόμεθα,
1671 5612 1766 5666 καὶ

197 5707 547 5779 προδώσομεν
575 5709 677 5780 τὴν
727 5707 1008 5780 ἀλήθειαν,
1057 5707 1462 5770 κινδυνεύοντες
1493 5705 1634 5759 κατὰ
1661 5706 1765 5775 ψυ-

298 5889 342 5919 ⁸¹¹
371 5887 485 5942 .lac.
529 5903 564 5952 ι,
603 5886 685 5939 l7.
765 5887 807 5918 ⁸⁸³
836 5885 968 5942 Cod.
1003 5883 1148 5941 Eccl.
1183 5885 1375 5951 Africa,
1412 5899 1533 5940 can.
1570 5884 1658 5940 70.

1866 4699 2011 4769 quod
2043 4713 2167 4753 cum
2205 4696 2308 4750 isto
2360 4711 2470 4749 non
2503 4696 3051 4765 communicarcmus,
3102 4715 3281 4770 neque
3319 4715 3446 4756 cum

1868 4791 2214 4863 praecedente
2237 4789 2567 4858 patriarcha,
2601 4790 2691 4858 qui
2723 4772 2970 4846 adultero
3003 4793 3446 4849 communionem

1869 4883 2246 4955 impertiebat;
2272 4898 2373 4954 ego
2396 4882 2615 4952 quidem
2639 4882 2881 4938 inclusus
2910 4882 2982 4937 fui
3017 4883 3072 4937 in
3101 4900 3210 4953 quo
3240 4885 3448 4940 resides

1868 4975 2007 5040 loco,
2033 4976 2354 5044 prapositus
2380 4982 2558 5026 autem
2590 4981 2645 5026 et
2666 4972 2854 5041 reliqui
2878 4987 3000 5026 cum
3035 4973 3447 5044 archiepiscopo

1868 5065 2311 5121 Thessalonicam
2343 5063 2587 5135 relegati.
2616 5061 2721 5116 Sed
2767 5062 2908 5117 Deus
2955 5073 3058 5118 nos
3092 5063 3288 5118 iterum
3321 5082 3447 5134 ple-

1866 5159 2023 5215 cibus
2064 5158 2172 5212 tuis
2212 5157 2581 5230 congregavit.
2616 5155 2694 5209 Ac
2735 5169 2804 5209 ne
2851 5155 2930 5210 sic
2971 5156 3191 5226 quidem
3240 5165 3446 5213 temere

1866 5267 1969 5305 nos
2003 5249 2351 5319 adjunximus
2381 5248 2740 5318 patriarchae,
2788 5248 2894 5303 nisi
2944 5258 3231 5320 postquam
3266 5252 3446 5307 fassus

1867 5353 1950 5398 est
1976 5351 2124 5396 recte
2155 5357 2255 5396 nos
2310 5341 2525 5395 fecisse.
2569 5340 2625 5394 Si
2659 5356 2808 5412 ergo,
2845 5357 2967 5395 cum
3003 5351 3254 5412 regnaret
3297 5343 3426 5398 adul

1867 5435 2063 5491 terium
2093 5443 2148 5489 et
2177 5449 2445 5490 canonum
2489 5433 2871 5505 transgressio,
2902 5443 3051 5489 metu
3087 5434 3313 5491 minime
3339 5437 3443 5492 dis.

1867 5526 2245 5582 simulavimus
2269 5524 2361 5579 Dei
2385 5525 2589 5579 virtute
2618 5524 2740 5579 freti
2763 5564 2777 5588 ,
2809 5527 3082 5594 quomodo
3109 5542 3259 5582 nunc
3282 5567 3297 5592 ,
3355 5529 3463 5598 pio,
3509 5573 3511 5576 ι

1866 5619 2182 5674 dominante
2231 5617 2502 5687 imperio,
2552 5625 2774 5686 propter
2816 5618 3194 5687 presbyterum
3248 5633 3438 5682 unum,

1869 5723 2102 5778 cumque
2134 5708 2459 5778 depositum,
2486 5707 2784 5763 timidiores
2815 5708 3023 5763 erimus
3054 5749 3067 5772 ,
3124 5707 3440 5764 veritatem-
