3914 6438
491 396 595 460 979

1678 395 1738 454 S.
1775 392 2166 454 THEODORI
2206 392 2554 454 STUDIT/E

3633 387 3732 453 980

492 501 599 556 que
632 499 754 542 cum
790 491 982 555 aperto
1006 483 1201 541 animas
1237 484 1480 554 periculo
1497 485 1824 555 prodemus?
1853 486 2065 554 Nequa-

2207 485 2305 554 ήν;
2336 483 2607 554 οὐδαμῶς.
2673 480 2836 535 Ἀλλὰ
2887 482 3064 536 πάντα
3120 481 3250 552 ἡμῖν
3305 480 3521 552 φορητὰ
3581 483 3735 552 μέχρι

493 591 678 647 quam.
709 575 849 640 Quin
876 575 1097 630 ferenda
1125 576 1281 629 nobis
1308 575 1486 630 omnia
1516 590 1686 644 usque
1717 575 1782 628 ad
1810 583 2062 638 mortem,

495 669 675 738 potius
711 683 872 737 quam
903 682 1025 720 cum
1056 682 1121 720 eo
1152 668 1621 721 communicemus
1642 707 1655 731 ,
1690 666 1772 721 vel
1803 681 1926 720 cum
1977 665 2066 730 iis,

495 762 585 831 qui
615 776 736 814 cum
775 761 891 829 ipso
935 759 1278 825 sacriﬁcant;
1320 760 1495 828 quoad
1548 758 1851 812 sacerdotio
1879 797 1893 820 ,
1931 757 2071 811 sicut

497 853 600 906 sub
638 852 819 920 priore
849 851 1153 919 patriarcha
1176 894 1189 916 ,
1217 850 1479 919 privetur.
1523 849 1840 918 Quanquam
1888 858 2071 918 poste-

498 942 659 995 rioris
690 957 854 994 causa
885 942 1128 995 deterior
1165 952 1269 997 est.
1313 941 1445 995 Nam
1475 942 1623 1009 prior
1649 957 1718 994 ne
1742 941 1910 995 semel
1953 940 2072 1010 qui-

499 1037 623 1091 dem
654 1052 777 1091 cum
807 1037 896 1090 illo
928 1052 1080 1090 sacra
1110 1037 1238 1090 fecit
1267 1054 1280 1089 :
1307 1046 1359 1090 et
1381 1045 1494 1089 tum
1522 1036 1741 1105 quidem
1772 1035 1824 1088 in
1848 1050 2075 1089 consor-

503 1129 638 1181 tium
676 1128 861 1182 venire
900 1129 1201 1183 absurdum
1235 1137 1350 1181 erat
1381 1145 1394 1181 :
1429 1128 1609 1181 minus
1644 1137 1824 1181 tamen
1851 1127 2074 1180 malum.

501 1219 631 1272 lstic
670 1233 799 1272 vero
834 1218 1111 1287 proposita
1141 1217 1300 1270 nobis
1327 1225 1410 1269 est
1452 1215 1738 1269 sacerdotii
1779 1214 2075 1282 abrogatio,

503 1309 547 1363 si
595 1324 700 1362 una
758 1309 1147 1363 sacriﬁcemus.
1200 1308 1328 1362 Esto
1379 1321 1697 1362 (economus
1729 1324 1740 1358 :
1773 1320 1871 1359 cur
1915 1304 2079 1358 etiam

503 1399 724 1468 indigne
750 1399 917 1454 sacris
945 1400 1245 1469 Operatur?
1277 1399 1436 1453 desiit
1462 1414 1584 1453 esse
1611 1398 1916 1468 presbyter.

574 1486 731 1550 Quod
760 1487 800 1540 si
828 1487 943 1541 haec
966 1488 1070 1540 illis
1102 1503 1208 1541 non
1247 1489 1480 1556 placent,
1507 1487 1598 1557 qui
1632 1502 1755 1542 cum
1787 1501 1851 1540 eo
1874 1483 2081 1541 sacrifi-

506 1587 672 1642 cant,
727 1579 994 1633 videbunt
1041 1580 1299 1648 quidnam
1347 1581 1520 1635 acturi
1569 1579 1699 1632 sint.
1740 1578 1971 1632 Parcant
2003 1587 2082 1631 te-

506 1670 705 1724 nuitati
731 1681 954 1737 nostrae,
988 1672 1080 1740 qui
1129 1687 1236 1726 non
1292 1686 1686 1742 provocamus,
1731 1679 1787 1724 et
1842 1669 1909 1723 ad
1941 1669 2086 1723 hunc

507 1773 681 1828 usque
717 1760 861 1814 diem
917 1760 1054 1813 nihil
1104 1761 1267 1814 locuti
1304 1777 1525 1827 sumus,
1581 1761 1676 1815 sed
1725 1759 1946 1814 biennio
1984 1773 2114 1832 nos

2172 576 2403 630 θανάτου
2427 615 2442 639 ,
2476 577 2511 646 ἢ
2564 577 2850 646 μετασχεῖν
2891 577 2988 644 τῆς
3015 574 3224 627 ἐκείνου
3280 573 3565 635 κοινωνίας
3591 611 3605 635 .
3652 575 3738 626 καὶ

2170 669 2280 724 τῶν
2328 667 2519 738 ἐκείνῳ
2561 667 3140 737 συλλειτουργούντων.
3171 665 3274 728 ἕως
3313 664 3379 718 ἂν
3410 664 3602 734 παύσῃ
3647 663 3739 732 τῆς

2173 762 2484 830 ἱερουργίας
2522 760 2712 830 ὥσπερ
2771 761 2862 811 ἐπὶ
2909 757 3002 810 τοῦ
3035 757 3342 829 προτέρουο
3397 756 3607 827 καίπερ
3658 757 3742 808 δν-

2173 867 2266 914 τος
2305 850 2688 920 χαλεπωτέρου
2718 849 2814 902 τοῦ
2865 848 3138 920 δευτέρου.
3173 847 3306 900 Οὐδὲ
3357 847 3466 917 γὰρ
3513 846 3745 899 συνελει-

2174 943 2482 1012 τούργησεν
2538 940 2686 1010 αὐτῷ
2740 939 2994 1006 καθάπαξ
3048 942 3075 993 ό
3130 938 3614 1009 προηγησάμενος.
3649 937 3747 988 Καὶ

2177 1035 2296 1087 ἐκεῖ
2325 1034 2422 1103 μὲν
2455 1032 2729 1085 συνελθεῖν
2752 1032 2951 1084 ἄτοπον
2979 1027 3067 1102 ἦν.
3097 1031 3245 1100 Πλὴν
3272 1030 3332 1082 οὐ
3368 1029 3626 1083 τοσοῦτον
3660 1046 3751 1080 κα-

2179 1125 2296 1179 κόν.
2327 1118 2454 1177 Ὧδε
2506 1125 2562 1178 δὲ
2610 1123 2929 1193 καθαίρεσις
2960 1122 3117 1192 ἡμῶν
3153 1123 3252 1191 τῆς
3299 1121 3628 1192 ἱερωσύνης,
3662 1121 3750 1172 ἐὰν

2183 1217 2786 1287 συλλειτουργήσωμεν.
2834 1216 3015 1269 Ἔστω
3056 1214 3361 1282 οἰκονόμος
3397 1213 3451 1267 τί
3486 1213 3584 1266 καὶ
3625 1215 3751 1265 ἀνα.⁹

2183 1311 2308 1374 ea»;
2345 1309 2791 1379 συλλειτουργεῖ;
2828 1307 3044 1374 ἐξέλιπε
3079 1300 3469 1376 πρεσϐύτερος.

2257 1497 2320 1549 El
2372 1495 2428 1548 δὲ
2475 1493 2630 1547 οὐδὲν
2678 1493 2823 1545 δοκεῖ
2867 1493 2980 1554 τοῖς
3033 1486 3542 1558 συλλειτουργοῦσιν
3587 1485 3756 1554 αὐτῷ,

2184 1584 2405 1653 ὄψονται
2439 1581 2524 1651 ἐφ’
2552 1575 2632 1644 οἷς
2672 1581 2992 1650 πράττουσι·
3028 1578 3323 1648 φείσωνται
3354 1577 3511 1647 ἡμῶν
3539 1575 3640 1645 τῆς
3669 1593 3762 1627 ται

2188 1674 2521 1738 πεινώσεως,
2581 1674 2940 1743 στεργόντων,
3009 1671 3123 1724 ἀλλ’
3175 1669 3656 1740 οίκονομησάντων
3705 1670 3762 1719 ὲν

2192 1770 2304 1830 τοῖς
2336 1765 2487 1818 δυσὶν
2513 1764 2658 1817 ἔτεσι
2688 1763 2921 1828 τούτοις,
2950 1760 3010 1826 ἐξ
3040 1761 3163 1814 ὅτου
3189 1759 3441 1830 εἰσῆλθον
3469 1758 3598 1831 [ms.
3626 1758 3760 1828 Reg.

507 1857 624 1903 toto
647 1851 1039 1918 continuimus,
1073 1867 1138 1906 ex
1165 1867 1272 1921 quo
1290 1852 1518 1922 ingressi
1546 1860 1704 1916 sunt,
1755 1860 1816 1904 ut
1842 1849 2087 1920 pacatius

2200 1826 2498 1930 είσῆλθενΓ
2569 1855 2638 1908 ἵν’
2688 1855 2861 1918 οὕτως
2909 1826 3334 1924 εἰρηνικώτερον
3377 1826 3764 1920 διεξέλθωμεν.

509 1940 617 1994 hoc
647 1942 809 1995 modo
848 1942 1173 1998 viveremus.
1205 1942 1422 1998 Domini
1450 1943 1618 1997 nostri
1653 1941 1844 2012 optimi
1897 1957 2088 2010 seque-

509 2038 651 2084 stres
685 2041 814 2085 sunt
849 2042 1012 2102 atque
1038 2033 1228 2086 arbitri
1261 2034 1568 2101 aequitatis,
1624 2032 1864 2086 fautores
1900 2046 2088 2086 eorum

508 2122 603 2192 qui
636 2123 923 2177 veritatem
957 2124 1126 2178 libere
1155 2123 1480 2190 defendunt,
1523 2127 1666 2179 sicut
1692 2141 1759 2179 ex
1791 2123 2088 2178 venerabili

510 2215 758 2285 ipsorum
791 2232 883 2270 ore
918 2217 1116 2288 sepius
1146 2218 1391 2271 auditum
1415 2226 1515 2271 est.
1550 2217 1750 2272 Ferant
1775 2217 2089 2271 sacerdotes

511 2313 573 2359 ut
612 2321 797 2362 sacros
843 2307 1094 2361 homines
1138 2307 1336 2360 decet:
1373 2315 1466 2360 aut
1512 2307 1916 2375 persuadebunt
1963 2306 2087 2374 ipsi,

512 2411 610 2456 aut
639 2402 768 2472 ipsis
799 2404 1230 2472 persuadebitur.
1276 2403 1370 2456 Sin
1414 2404 1605 2457 horum
1664 2404 1828 2468 nihil,
1884 2403 1976 2457 sed
2023 2418 2092 2456 ne

513 2491 715 2546 mutire
740 2493 960 2561 quidem
1000 2508 1098 2546 nos
1143 2493 1431 2547 ferendum
1466 2501 1698 2562 putant;
1729 2494 1872 2549 Deus
1915 2493 2086 2547 intue-

513 2591 628 2646 tur,
658 2598 767 2653 quo
803 2599 963 2639 nemo
990 2597 1072 2638 est
1099 2589 1291 2654 major,
1329 2586 1485 2655 cujus
1517 2585 1683 2640 solius
1717 2594 1799 2638 est
1834 2583 2094 2638 formida-

513 2674 642 2728 bilis
679 2686 855 2729 terror
887 2684 942 2729 et
999 2675 1239 2730 tribunal
1291 2675 1441 2736 illud.
1476 2675 1559 2728 cui
1606 2676 1861 2730 sistcmur
1904 2689 2096 2730 omnes

516 2767 586 2819 de
625 2764 879 2819 omnibus
923 2765 1225 2834 judicandi.
1268 2765 1537 2820 Caeterum
1596 2766 1898 2820 bonitatem
1948 2775 2094 2818 tuam

516 2873 739 2912 oramus
767 2867 822 2912 et
862 2866 1118 2928 tanquam
1149 2860 1476 2914 venerandis
1501 2860 1744 2930 vestigiis
1783 2860 1891 2913 tuis
1933 2859 2097 2914 advo-

515 2947 613 3002 luti
639 2949 990 3004 obsecramus
1017 2960 1176 3020 atque
1203 2951 1559 3013 obtestamur,
1589 2960 1644 3004 ut
1673 2952 2096 3006 misericordiam

517 3040 679 3095 nobis
711 3040 1022 3110 impertias,
1077 3049 1133 3095 et
1181 3057 1474 3096 commune
1508 3042 1938 3095 emolumentum
1989 3050 2098 3096 tam

2191 1953 2254 2004 Ol.
2289 1952 2546 2005 δεσπόται
2582 1949 2737 2020 ἡμῶν
2765 1946 3034 2016 οἰὰγαθοὶ
3068 1947 3298 2016 μεσῖται
3331 1944 3423 1998 καὶ
3460 1944 3646 2014 κριταὶ
3672 1940 3766 1994 τοῦ

2188 2043 2423 2107 δικαίου,
2459 2041 2683 2111 φιληταὶ
2721 2039 2831 2093 τῶν
2859 2037 3391 2111 παρρησιαζομένων
3421 2036 3481 2088 ἐν
3511 2032 3765 2104 ἀληθείᾳ,

2189 2133 2264 2196 ὼς
2295 2132 2428 2185 αὐτὸ
2451 2131 2511 2182 τὸ
2532 2130 2716 2199 τίμιον
2742 2128 2922 2182 αὐτῶν
2947 2126 3123 2193 στόμα
3151 2123 3413 2188 πολλάκις
3433 2122 3767 2194 διαγορεύει.

2205 2225 2539 2289 Ἐνέγκωσιν
2585 2223 2633 2273 οἱ
2673 2221 2836 2290 ἱερεῖς
2862 2218 3044 2288 ἱερῶς,
3072 2217 3106 2288 ἢ
3139 2216 3442 2282 πείσουσιν,
3465 2217 3499 2286 ἢ
3541 2214 3771 2283 πεισθὴα

2195 2328 2399 2364 σονται.
2460 2310 2526 2364 El
2561 2309 2617 2361 δὲ
2671 2308 2824 2360 οὐδὲν
2853 2305 3120 2368 τοιοῦτον,
3152 2305 3289 2359 ἀλλὰ
3319 2306 3416 2359 καὶ
3467 2305 3528 2357 τὸ
3571 2303 3771 2374 γρύξαι

2192 2404 2341 2474 ἡμᾶς
2375 2400 2535 2470 μόνον
2578 2402 2681 2453 οὐκ
2709 2398 2952 2452 ἀνεκτόν’
2979 2397 3113 2461 Θεὸς
3145 2398 3316 2469 ἐφορᾷ
3347 2391 3407 2450 οὗ
3456 2397 3661 2466 μείζων
3685 2395 3773 2448 οὑ-

2195 2493 2327 2558 δεὶς,
2359 2488 2418 2547 οὗ
2457 2491 2620 2562 μόνος
2663 2491 2691 2542 ὁ
2724 2488 2888 2557 φόϐος
2930 2488 3184 2560 φοϐερὸς,
3217 2489 3312 2541 καὶ
3350 2487 3408 2540 τὸ
3453 2487 3665 2541 ἐκεῖθεν
3693 2485 3772 2538 δι-

2196 2585 2520 2653 καστήριον,
2571 2574 2614 2648 ᾦ
2671 2580 2874 2643 πάντες
2908 2577 3378 2650 παραστησόμεθα
3423 2573 3775 2644 εὐθυνόμενοι

2196 2678 2337 2732 κατὰ
2368 2679 2566 2731 πάντα.
2603 2676 2767 2729 Ἀλλὰ
2787 2675 3019 2746 δεόμεθά
3047 2689 3140 2724 σου
3166 2670 3264 2740 τῆς
3287 2669 3650 2739 ἀγαθότητος,
3683 2670 3776 2723 καὶ

2197 2772 2272 2833 ὡς
2321 2769 2839 2841 προκυλινδούμενοι
2865 2768 2975 2826 τοῖς
3016 2763 3215 2833 τιμίοις
3257 2779 3349 2814 σου
3391 2761 3565 2830 ἴχνεσι
3589 2778 3774 2832 παρα-

2199 2861 2474 2930 καλοῦμεν
2529 2860 2626 2911 καὶ
2680 2853 3067 2923 ἀντιϐολοῦμεν
3105 2893 3120 2918 ,
3176 2854 3401 2922 ποιῆσαι
3457 2850 3609 2914 ἔλεος
3656 2850 3774 2921 μεθ’

2201 2953 2380 3022 ἡμῶν,
2423 2954 2515 3004 καὶ
2563 2950 2740 3002 κοινὸν
2781 2948 2972 3014 ὄφελος
3015 2945 3203 3007 αὐτοῖς
3246 2960 3308 2995 τε
3340 2944 3452 3004 τοῖς
3492 2943 3780 2995 εύσεϐέσιν

2202 3045 2358 3116 ἡμῶν
2395 3042 2700 3113 βασιλεῦσι,
2747 3039 2824 3109 τῷ
2875 3055 2935 3091 τε
2987 3038 3276 3106 ἁγιωτάτῳ
3310 3034 3655 3106 πατριάρχῃ,
3688 3037 3783 3090 καὶ

515 3130 628 3202 piis
651 3131 1072 3201 imperatoribus
1098 3133 1318 3198 nostris,
1339 3148 1499 3201 quam
1528 3133 1848 3201 patriarchae
1865 3133 2094 3186 sanctis-

2204 3139 2353 3206 πάσῃ
2397 3138 2461 3205 τῇ
2524 3132 2842 3202 Ἐκκλησία*
2888 3132 2950 3184 ού
2985 3133 3050 3201 τῇ
3083 3128 3204 3183 καθ’
3237 3130 3382 3198 ἡμᾶς
3415 3127 3602 3195 μόνον,
3645 3127 3786 3182 ἀλλὰ

519 3223 682 3288 simo,
717 3232 770 3277 et
798 3223 1051 3278 Ecclesia:
1078 3224 1370 3286 universae,
1418 3240 1526 3277 non
1580 3225 1706 3278 huic
1757 3225 1930 3278 solum
1979 3241 2100 3293 qua:

519 3315 664 3384 apud
689 3330 788 3370 nos
813 3324 916 3379 est,
947 3316 1041 3369 sed
1068 3331 1185 3384 quae
1204 3331 1301 3384 per
1332 3324 1500 3368 totum
1542 3316 1757 3379 orbem;
1807 3326 1864 3369 ut
1892 3316 2103 3369 abdicet

521 3422 582 3460 se
611 3423 750 3461 unus
781 3407 847 3460 ad
878 3407 1101 3475 gloriam
1131 3407 1244 3472 Dei,
1271 3417 1326 3460 et
1354 3422 1460 3459 non
1494 3407 1744 3460 turbetur
1774 3407 1893 3476 ejus
1916 3407 2101 3461 Eccle-

521 3498 602 3552 sia
632 3515 644 3550 :
672 3499 754 3551 sin
787 3499 970 3552 minus
994 3541 1008 3564 ,
1061 3507 1116 3552 at
1145 3499 1333 3553 saltem
1381 3499 1484 3552 hoc
1518 3499 1838 3562 secundum,
1885 3507 1945 3552 ut
1984 3514 2100 3552 ma-

521 3605 754 3644 neamus
784 3606 883 3644 nos
924 3590 979 3644 in
1018 3593 1207 3646 eodem
1241 3601 1405 3653 statu,
1439 3607 1545 3660 quo
1610 3607 1708 3661 per
1759 3592 1947 3645 decem
2003 3591 2104 3644 hos

522 3695 718 3735 annos.
761 3680 898 3735 Nam
924 3681 992 3736 de
1015 3683 1246 3742 caeteris,
1268 3683 1515 3751 quamvis
1541 3683 1968 3737 innumerabiles
1996 3684 2106 3737 sint

523 3771 792 3842 episcopi,
820 3781 874 3826 et
903 3773 1238 3837 sacerdotes,
1272 3783 1327 3827 et
1371 3774 1644 3843 praepositi
1675 3812 1690 3836 ,
1740 3773 1830 3842 qui
1872 3789 1996 3826 cum
2039 3790 2105 3828 co

523 3865 970 3929 communicant;
1025 3865 1163 3918 nihil
1193 3865 1523 3929 mirandum,
1571 3863 2008 3933 quandoquidem
2036 3864 2103 3917 ii-

524 3957 650 4011 dem
681 3958 782 4028 ipsi
811 3974 934 4013 cum
967 3959 1211 4014 adultero
1244 3959 1624 4024 versabantur,
1663 3967 1718 4012 et
1750 3974 1914 4012 nemo
1943 3957 2105 4027 quid-

523 4065 688 4118 quam
721 4051 937 4105 locutus
965 4062 1071 4106 est.
1114 4052 1240 4106 Haec
1270 4053 1413 4106 Deus
1447 4067 1546 4122 per
1595 4069 1714 4116 nos,
1761 4053 1888 4106 licet
1931 4052 2106 4105 audax

525 4141 598 4196 sit
638 4142 878 4208 dictum,
917 4150 970 4198 et
1018 4143 1279 4199 admonet
1359 4152 1415 4198 et
1468 4144 1787 4210 denuntiat,
1844 4153 1899 4198 et
1951 4144 2106 4214 quasi

523 4234 699 4304 jubet.

1065 4368 1253 4428 ΧΧΙΙΙ.
1292 4403 1360 4412 --
1383 4373 1586 4426 Eidem.

2206 3233 2298 3287 καὶ
2327 3233 2394 3300 τῇ
2437 3228 2540 3282 ἀνὰ
2575 3227 2756 3279 πᾶσαν
2801 3225 2900 3295 τὴν
2938 3221 3282 3292 οίκουμένην·
3313 3219 3399 3272 ἵνα
3429 3218 3621 3293 παύσῃ
3652 3223 3680 3273 ὁ
3703 3215 3785 3284 εἷς

2203 3327 2282 3386 εἰς
2303 3323 2458 3387 δόξαν
2485 3319 2644 3382 Θεοῦ,
2678 3320 2772 3372 καὶ
2805 3319 2879 3389 μὴ
2904 3315 3151 3386 ταραχθῇ
3201 3315 3234 3380 ἡ
3273 3309 3438 3364 αὑτοῦ
3455 3310 3782 3383 Ἐκκλησία·

2203 3417 2252 3468 εί
2281 3416 2336 3469 δὲ
2372 3417 2445 3486 μή
2471 3431 2555 3483 γε,
2591 3413 2725 3466 ἀλλὰ
2751 3412 2810 3464 τό
2844 3427 2906 3479 γε
2941 3409 3193 3478 δεύτερον
3224 3406 3284 3458 τὸ
3316 3406 3605 3474 ἐπιμεῖναι
3638 3408 3788 3476 ἡμᾶς

2204 3510 2263 3561 ὲν
2301 3507 2379 3578 τῷ
2400 3506 2567 3574 αὐτῷ,
2590 3503 2845 3573 καθάπερ
2877 3503 3065 3564 ἐντοῖς
3096 3499 3227 3551 δέκα
3255 3497 3401 3552 ἔτεσι
3435 3498 3678 3561 τούτοις.
3722 3499 3788 3552 Ol

2206 3603 2314 3672 γὰρ
2354 3600 2534 3654 λοιποὶ
2587 3599 2690 3652 κᾶν
2741 3599 2927 3667 μυρίοι
2967 3591 3101 3649 ὦσιν
3137 3595 3420 3665 ίεράρχαι,
3465 3593 3560 3647 καὶΙ
3595 3596 3789 3664 ἱερεῖς,

2207 3696 2303 3748 καὶ
2339 3693 2656 3763 ἡγούμενοι,
2705 3689 3090 3750 κοινωνοῦντες
3132 3685 3285 3756 αύτῷ
3306 3725 3320 3749 ,
3351 3686 3415 3738 οὐ
3447 3685 3790 3755 θαυμαστόν·

2209 3787 2331 3840 ἐπεὶ
2364 3785 2520 3836 αὐτοὶ
2551 3784 2643 3835 καὶ
2678 3779 2938 3850 συνῆλθον
2966 3779 3045 3849 τῷ
3080 3777 3450 3850 μοιχεύσαντι·
3485 3778 3585 3831 καὶ
3609 3778 3793 3842 οὐδείς

2206 3895 2259 3932 τι
2295 3876 2582 3945 λελάληκε.
2627 3872 2813 3927 Ταῦτα
2847 3871 2980 3934 Θεὸς
3009 3870 3078 3924 δι’
3105 3869 3286 3941 ἡμῶν,
3319 3869 3367 3922 εί
3395 3869 3491 3923 καὶ
3513 3871 3795 3942 τολμηρδν

2208 3970 2406 4032 εἰπεῖν,
2446 3967 2542 4020 καὶ
2575 3965 2903 4038 παρακαλεῖ,
2938 3964 3033 4018 καὶ
3081 3963 3551 4034 προσφθέγγεται,
3596 3965 3696 4018 καὶ
3715 3964 3797 4028 ὡς

2209 4061 2422 4115 κελεύει
2456 4060 2615 4131 (19⁸).

2704 4373 2833 4428 KI".
2858 4403 2927 4416 —
2957 4373 3040 4438 Τῷ
3067 4372 3249 4436 αὐτῷ.
3269 4370 3434 4443 [tta/.1

527 4532 721 4594 Scripta
748 4533 945 4585 nomine
970 4535 1178 4599 Iosephi
1212 4537 1504 4599 archiepisc.
1539 4536 2018 4588 Thessalonicensis.
2045 4521 2421 4651 g3§3ndit1fglso
2446 4533 2662 4583 acCusari
2687 4543 2762 4590 se,
2782 4528 2921 4592 quasi
2950 4529 3283 4592 episcOpatum
3305 4531 3554 4578 invaserit.
3588 4531 3800 4593 (Baron.

1955 4615 2033 4649 an.
2160 4640 2171 4651 .
2197 4614 2246 4648 n.
2352 4635 2361 4645 .

1955 4615 2033 4649 an.
2062 4614 2171 4660 δυδ,
2197 4614 2246 4648 ιι.
2288 4614 2361 4646 ιδ.

603 4727 660 4780 In
693 4728 779 4781 his
813 4743 932 4797 quae
960 4731 1137 4795 nobis,
1179 4731 1340 4784 Pater
1375 4741 1584 4796 sancte,
1615 4732 1950 4802 signiﬁcasti,
1980 4732 2091 4786 nibi

2289 4728 2457 4782 Οὐδὲν
2492 4719 2565 4779 ὧν
2593 4724 2906 4796 δεδήλωκας
2940 4725 3071 4793 ἡμῖν
3100 4724 3160 4776 τὸ
3191 4722 3384 4792 παρὸν,
3421 4723 3544 4791 ἆγιε
3585 4726 3802 4799 Πάτερ,

532 4819 814 4873 ιιιοιυδιίιις.
847 4819 966 4883 fuit,
999 4837 1160 4890 quam
1189 4823 1332 4892 quod
1360 4823 1532 4876 nolint
1567 4823 1637 4893 pii
1680 4823 1892 4878 Domini
1935 4825 2110 4878 nostri

532 4926 635 4964 nos
662 4910 728 4964 de
761 4925 910 4964 more
945 4913 1228 4977 accedere,
1266 4914 1585 4983 dignarique
1620 4915 1926 4969 veneranda
1962 4915 2110 4984 ipso-

533 5016 652 5054 rum
708 5002 1043 5064 adoratinne,
1099 5011 1154 5056 et
1208 5005 1608 5074 propempticas
1661 5021 1723 5059 ac
1779 5008 2018 5070 votivas,
2056 5013 2115 5058 ut

534 5094 716 5146 caeteri
762 5092 988 5156 faciunt,
1039 5094 1089 5147 in
1126 5110 1313 5148 eorum
1361 5097 1603 5151 discessu
1654 5113 1814 5152 voces
1863 5099 2113 5152 reddere.

536 5184 644 5238 Sed
692 5202 798 5238 non
857 5202 1072 5255 semper
1125 5190 1227 5242 hoc
1278 5190 1344 5243 ad
1390 5190 1819 5245 humiliationem
1871 5203 2115 5245 nostram

537 5278 700 5331 faciet
746 5279 1004 5346 placabile
1031 5290 1084 5333 et
1111 5281 1430 5348 injuriarum
1464 5282 1767 5348 immemor,
1807 5282 2116 5354 Christique

535 5369 791 5422 aemulum
855 5385 950 5424 cor
989 5387 1176 5425 eorum
1215 5392 1226 5426 :
1260 5375 1460 5443 quippe
1514 5376 1658 5445 quod
1706 5377 1953 5430 hostibus
1987 5379 2116 5446 ipsis

539 5459 879 5513 reconciliari
910 5462 1064 5515 novit
1093 5480 1106 5514 :
1137 5464 1340 5517 nedum
1374 5475 1433 5518 ut
1465 5482 1562 5518 nos
1592 5466 1816 5534 rcjiciat,
1853 5468 1945 5536 qui
1991 5467 2118 5520 sin—

537 5565 664 5605 cero
713 5554 878 5606 corde
930 5553 1049 5608 illos
1102 5556 1331 5612 colimus
1359 5567 1412 5610 ct
1445 5573 1711 5612 amamus.
1748 5558 1889 5613 Belle
1935 5571 2116 5614 autem

2215 4823 2484 4894 λυπηρὸν,
2518 4823 2642 4874 ὅσον
2667 4819 2726 4872 τὸ
2774 4818 2848 4888 μὴ
2890 4817 3067 4870 θέλειν
3094 4817 3220 4880 τοὺς
3249 4816 3491 4880 εὐσεϐεῖς
3524 4818 3685 4888 ἡμῶν
3717 4819 3812 4872 δε-

2221 4919 2428 4981 σπότας
2456 4916 2629 4968 ἐλθεῖν
2655 4915 2799 4985 ἡμᾶς
2831 4912 2975 4965 κατὰ
2997 4911 3056 4963 τὸ
3091 4911 3342 4981 σύνηθες,
3367 4913 3462 4965 καὶ
3493 4910 3807 4980 ἀξιωθῆναι

2219 5013 2318 5082 τῆς
2369 5011 2556 5081 τιμίας
2603 5009 2780 5061 αὐτῶν
2835 5007 3280 5078 προσκυνήσεως,
3337 5007 3430 5058 καὶ
3476 5006 3606 5067 τοὺς
3656 5022 3807 5074 προ-

2220 5100 2568 5169 πεμπτικοὺς
2598 5097 2694 5150 καὶ
2716 5096 3061 5167 εύκτηρίους,
3087 5095 3161 5156 ὡς
3192 5095 3300 5156 πᾶς
3329 5093 3437 5147 τῶν
3463 5093 3807 5164 ἀνθρώπων,

2221 5194 2362 5248 κατὰ
2396 5192 2494 5262 τὴν
2527 5191 2704 5254 ἔξοδον
2735 5189 2914 5241 αὐτῶν
2962 5187 3259 5241 ἀποδοῦναι
3289 5187 3504 5255 λόγους.
3555 5186 3694 5238 Ἀλλ’
3740 5191 3806 5241 οὐ

2222 5286 2440 5346 πάντως
2473 5286 2504 5353 ἡ
2537 5281 2878 5351 εύμείλικτος
2909 5281 3001 5334 καὶ
3031 5279 3412 5349 ἀμνησίκακος
3443 5281 3536 5332 καὶ
3565 5280 3811 5349 Χριστο-

2226 5375 2460 5446 μίμητος
2491 5371 2672 5427 αὐτῶν
2709 5372 2905 5441 καρδία
2930 5370 3089 5425 τοῦτο
3122 5371 3243 5422 ὅλον
3278 5369 3555 5438 ποιήσειεν
3588 5372 3670 5432 είς
3702 5371 3812 5441 τὴν

2222 5466 2501 5538 ἡμετέραν
2533 5465 2904 5519 ταπείνωσιν⁹
2957 5467 3080 5518 ἐπεὶ
3125 5466 3220 5517 καὶ
3256 5466 3368 5528 τοῖς
3415 5462 3633 5532 ἐχθροῖς
3693 5459 3811 5518 οἶδε

2223 5558 2680 5624 διαλλάττεσθαι,
2715 5559 2833 5629 οὐχὶ
2863 5559 2919 5612 δὲ
2964 5559 3110 5630 ἡμᾶς
3151 5559 3277 5622 τοὺς
3327 5556 3556 5627 ἀληθινῇ
3599 5557 3811 5630 καρδίᾳ

2038 5695 2268 5751 NOTAE.

611 5831 745 5903 (19⁸)
772 5833 860 5890 Sic
888 5834 1175 5906 legendum
1212 5838 1425 5896 videtur
1465 5851 1518 5898 et
1542 5842 1595 5897 in
1627 5842 1732 5898 ﬁne
1765 5842 1924 5913 epist.
1957 5841 2017 5896 :21
2059 5859 2242 5912 supra.
