3914 6502
161 478 259 542 981

1387 465 1928 528 EPISTOLARUM
1963 465 2108 526 LIB.
2146 464 2199 524 Ι.

3301 463 3410 526 982

156 588 442 661 φιλοῦντας
469 585 565 640 καὶ
588 584 848 649 σέϐοντας
873 582 1338 654 αὑτούς.”Αριστα
1366 584 1423 638 δὲ
1453 584 1726 640 ὑπέϐαλεν
1753 641 1755 646 Α

1836 594 1923 640 tua
1955 585 2214 641 sanctitas
2247 595 2510 653 reSponsa
2549 588 2735 638 nostra
2767 581 2935 637 sacris
2956 581 3167 638 illorum
3185 583 3409 640 auribus

156 683 188 751 ἡ
221 675 499 747 ἀγιωσύνη
527 691 624 728 σου
652 674 750 738 τάς
783 676 884 744 τῆς
914 671 1190 736 εὐτελείας
1214 671 1372 743 ἡμῶν
1405 672 1730 743 ἀποκρίσεις

155 771 214 822 έν
253 769 374 830 ταῖς
409 766 584 836 ίεραῖς
620 762 804 818 αὐτῶν
837 764 1061 826 ἀκοαῖς·
1112 762 1209 816 καὶ
1243 763 1326 816 ὃτι
1376 763 1732 830 κατένευσαν,

153 861 249 932 τῆς
271 858 453 912 αὐτῶν
491 856 577 927 εἴη
627 854 1034 926 μεγαλόφρονος
1081 853 1422 918 θεοσυνεσίας
1445 870 1458 884 °
1497 853 1733 926 καὶγὰρ

154 951 304 1005 τσασι
342 949 414 1003 τὰ
446 947 566 1001 θεῖα
601 947 808 1018 κρίνειν
849 943 1155 1006 εὐθυϐόλως
1176 981 1192 1008 ,
1222 943 1299 1008 ὡς
1336 943 1530 1013 σοφίας
1564 961 1736 1014 μεμε-

155 1040 458 1110 στωμένοι,
493 1039 590 1092 καὶ
620 1037 882 1106 γνώσεως
911 1034 1050 1090 Θεοῦ
1087 1035 1371 1090 ἀνάπλεοι.
1409 1035 1640 1089 Κελεύει
1677 1035 1735 1090 δὲ

154 1132 389 1203 ἐρωτᾷν,
431 1131 577 1194 τίνος
611 1129 774 1200 χάριν
807 1125 1218 1198 ὲπιδεδώκαμεν
1250 1127 1481 1190 ἑαυτοὺς
1517 1129 1596 1191 εἰς
1633 1127 1736 1198 τὴν

155 1223 444 1294 ῖερςιρχίαν
477 1262 490 1284 ,
543 1219 889 1289 ἐγνωσμένου
928 1218 1083 1281 ὄντος
1113 1215 1208 1270 τοῦ
1242 1217 1583 1288 σφάλματος.
1625 1217 1735 1272 Καὶ

151 1319 291 1387 πρὸς
323 1314 483 1367 τοῦτο
520 1313 637 1384 μετ’
681 1310 870 1374 αίδοῦς
914 1310 1356 1382 ἀποκρινόμεθα,
1391 1312 1475 1366 ὅτι
1519 1311 1643 1365 ὅσον
1674 1312 1736 1365 τὸ

152 1406 275 1462 καθ’
321 1407 496 1476 ἡμᾶς,
550 1404 652 1457 οὑκ
699 1401 1068 1472 ἐϐουλόμεθα,
1111 1402 1173 1456 τὸ
1223 1404 1323 1474 μὲν
1372 1404 1462 1458 διά
1507 1404 1568 1457 τὸ
1613 1405 1736 1457 ὲπιο

152 1498 400 1553 κίνδυνον
427 1496 519 1550 τοῦ
543 1493 859 1565 ἀξιώματος
880 1536 896 1562 ,
926 1494 988 1548 τὸ
1022 1495 1080 1548 δὲ
1109 1494 1178 1549 δι’
1209 1496 1340 1549 αὐτὸ
1369 1496 1471 1566 ἤδη
1493 1496 1553 1550 τὸ
1585 1495 1738 1564 λεγό-

153 1595 316 1663 μενον
340 1589 438 1644 τοῦ
469 1588 780 1658 οἰκονόμου.
823 1586 977 1640 Ἐπεὶ
1009 1586 1066 1640 δὲ
1093 1587 1362 1659 ὲλὴλυθαν
1383 1588 1437 1641 οἱ
1460 1586 1735 1642 Θεσσαλοο

153 1684 348 1746 νικεῖς,
393 1678 731 1742 ἱκετεύοντες
761 1677 836 1742 ὡς
868 1679 933 1732 ὲκ
960 1677 1144 1746 πάσης
1181 1678 1281 1746 τῆς
1313 1677 1543 1740 πόλεως,
1583 1676 1637 1729 οῖ
1673 1693 1734 1730 τε

148 1773 412 1828 δεσπόται
448 1769 606 1841 ἡμῶν
635 1771 684 1823 οί
725 1770 922 1834 ἀγαθοὶ
953 1768 1426 1839 συνεπιτιθέμενοι
1453 1767 1534 1838 τῷ
1566 1767 1738 1838 ψηφί-

151 1880 359 1935 σματι’
415 1862 533 1926 δέος
569 1861 704 1933 ἡμῖν
735 1861 952 1929 ἐγένετο
985 1859 1060 1932 μὴ
1094 1861 1426 1923 ὑπακοῦσαι,
1461 1861 1556 1914 καὶ
1590 1861 1737 1912 ἀντι-

1836 675 2067 746 subjecit
2104 693 2119 730 :
2161 673 2359 745 quibus
2393 673 2538 743 quod
2565 680 2898 739 annuerunt,
2937 672 3284 729 tribuendum
3324 685 3406 729 est

1835 767 2194 838 magnanimae
2233 774 2286 822 et
2319 764 2519 821 divinae
2566 779 2755 819 eorum
2807 764 3110 834 prudentiae
3149 783 3162 819 :
3199 765 3406 836 optime

1836 859 1982 915 enim
2017 859 2084 914 de
2112 858 2314 914 divinis
2347 856 2617 927 iudicant,
2643 865 2703 910 ut
2753 856 3017 926 sapientia
3049 857 3195 926 pleni
3224 866 3280 912 et
3314 858 3411 912 Dei

1836 951 2063 1006 scientia
2113 948 2320 1004 referti.
2379 946 2544 1003 lubet
2580 957 2758 1002 autem
2803 947 3166 1018 interrogare,
3213 963 3410 1017 quam-

1837 1043 2025 1098 obrem
2057 1041 2442 1112 ingesserimus
2475 1054 2575 1094 nos
2604 1038 2660 1093 in
2695 1038 3097 1109 episcopatum,
3139 1053 3265 1094 cum
3293 1053 3411 1093 ma-

1835 1133 2094 1194 nifestum
2135 1132 2209 1187 sit
2239 1131 2452 1187 vitium.
2479 1131 2563 1186 Ad
2596 1131 2698 1186 hoc
2723 1145 2939 1200 quoque
2962 1145 3063 1185 nos
3090 1145 3215 1186 cum
3253 1145 3412 1185 reve-

1836 1226 2012 1281 rentia
2049 1225 2474 1295 respondemus,
2504 1222 2670 1292 quod,
2694 1212 2962 1291 quantum
2999 1222 3057 1276 in
3085 1221 3243 1277 nobis
3267 1229 3408 1286 erat,

1834 1316 2176 1379 nolebamus,
2218 1313 2415 1382 partim
2448 1312 2668 1382 quidem
2701 1321 2922 1383 propter
2946 1325 3157 1383 anceps
3193 1311 3410 1381 pericu-

1834 1405 1946 1460 lum
1996 1404 2293 1478 dignitatis,
2340 1404 2536 1474 partim
2587 1403 2749 1458 etiam
2795 1413 3020 1473 propter
3061 1402 3114 1456 id
3159 1402 3302 1472 quod
3341 1402 3410 1456 de

1835 1512 2122 1554 (economo
2141 1497 2249 1568 jam
2279 1496 2580 1551 dicebatur.
2602 1493 2894 1565 Postquam
2921 1509 3050 1550 vero
3073 1494 3411 1550 advenerunt

1837 1589 2351 1646 Thessalonicenses
2376 1627 2391 1654 ,
2438 1587 2808 1658 supplicantes
2870 1595 3129 1656 tanquam
3185 1585 3411 1640 nomine

1838 1681 2004 1738 totius
2059 1679 2323 1746 civitatis,
2367 1689 2421 1734 et
2457 1678 2648 1749 optimi
2702 1678 2916 1733 Domini
2965 1678 3139 1734 nostri
3187 1678 3411 1735 decreto

1837 1773 2046 1830 assensi
2073 1781 2232 1838 sunt;
2271 1770 2430 1826 veriti
2455 1784 2644 1826 sumus
2672 1784 2785 1825 non
2825 1770 3050 1826 obedire
3073 1779 3128 1825 et
3154 1768 3412 1826 reluctari

1841 1863 1951 1920 Deo
1995 1863 2209 1934 piisque
2227 1854 2474 1917 'dominis
2513 1860 2738 1926 nostris,
2765 1859 3088 1932 cogitantes,
3117 1861 3264 1932 quod
3289 1876 3414 1932 pos-

150 1952 419 2024 φέρεσθαι
461 1950 582 2022 Θεῷ
626 1967 686 2004 τε
713 1951 809 2003 καὶ
860 1951 974 2013 τοῖς
1021 1949 1302 2002 εύσεϐέσιν
1337 1950 1495 2020 ἡμῶν
1534 1949 1731 2006 δεσπό-

1836 1957 1928 2022 sit,
1964 1971 2089 2012 cum
2138 1969 2170 2009 a
2203 1954 2441 2025 propriis
2491 1953 2765 2024 episcopis
2802 1953 2865 2008 ﬁt
2893 1954 3186 2020 ordinatio,
3216 1953 3414 2025 praedi-

148 2061 310 2110 ταιςο
354 2045 708 2114 λογισάμενοι
752 2043 835 2096 ὅτι
872 2042 1099 2105 δυνατός
1146 2040 1209 2112 [f.
1258 2040 1505 2112 δυνατόν]
1553 2043 1729 2105 ἐστιν,

148 2137 320 2207 ἡνικα
359 2135 466 2188 ὑπὸ
495 2133 604 2188 τῶν
636 2132 854 2187 οἰκείων
883 2131 1200 2187 ἐπισκόπων
1231 2134 1264 2202 ἡ
1307 2132 1614 2203 χειροτονία
1643 2133 1731 2200 γι·-

150 2245 328 2293 νεται,
364 2228 561 2296 φυγεῖν
591 2224 685 2278 τὸν
713 2223 1115 2294 προειρημένον
1147 2223 1410 2278 κίνδυνον.
1451 2225 1595 2296 Πρὸς
1625 2224 1732 2295 γὰρ

147 2319 210 2372 τὺ
238 2317 385 2390 μετά
421 2315 599 2370 ταῦτα
618 2330 634 2346 ·
683 2314 744 2367 τὸ
775 2314 875 2384 μὲν
904 2314 989 2367 ὅτι
1016 2313 1206 2385 πόρρω
1233 2314 1344 2367 τῶν
1374 2314 1607 2368 ἐνταῦθα
1630 2314 1735 2367 ἀπ-

147 2406 457 2473 οικίζεταιο
488 2406 547 2458 τὸ
599 2403 657 2457 δὲ
697 2403 779 2456 ὅτι
825 2405 1062 2474 ἐγχωρεῖ
1107 2404 1200 2457 καὶ
1226 2402 1601 2475 ἐπιδημοῦντα
1635 2420 1734 2472 φυ-

149 2500 450 2556 λάττεσθαι
493 2496 637 2550 κατά
661 2495 891 2559 πολλοὺς
925 2496 1182 2567 τρόπους.
1228 2491 1365 2550 Εἶτα
1395 2497 1476 2550 ὅτι
1505 2497 1600 2550 καὶ
1640 2495 1735 2550 θά-

149 2609 306 2648 νατοι
352 2588 766 2660 συμϐαίνουσιν,
800 2591 892 2641 καὶ
933 2590 998 2641 ἐκ
1027 2589 1192 2658 μέσου
1228 2589 1438 2657 γίνεται
1481 2588 1543 2642 τὸ
1571 2589 1734 2642 σκάν-

147 2685 343 2739 δαλον·
390 2680 583 2750 ὥσπερ
627 2681 721 2732 καὶ
766 2681 854 2748 ἐφ’
889 2678 1050 2750 ἡμῶν
1084 2679 1266 2733 αὐτῶν
1310 2679 1418 2733 τῶν
1465 2681 1734 2733 ταπεινῶν

147 2771 251 2832 ὦδε
315 2771 645 2843 καθημένων
705 2770 935 2841 συνέϐη,
988 2770 1424 2843 διαφυλαχθὴναι
1479 2771 1585 2835 ἕως
1638 2770 1732 2824 τοῦ

125 2845 425 2938 ’παρόντος
453 2903 468 2928 ,
501 2861 786 2932 οἰκονομίᾳ
828 2861 1164 2932 χρωμένων..
1188 2863 1282 2914 Δεῖ
1309 2861 1439 2933 γὰρ,
1487 2862 1571 2931 ἐφ’
1611 2862 1734 2916 ὅσον

150 2953 265 3013 οἷόν
303 2974 388 3022 τε,
423 2956 732 3024 ὑποχωρεῖν
752 2955 880 3017 τοὺς
918 2954 1293 3026 πειρασμοὺς,
1340 2954 1517 3020 ἄλλως
1543 2971 1600 3008 τε
1641 2954 1734 3008 καὶ

155 3049 232 3121 μὴ
262 3047 577 3114 ἐπισκοπῆς
608 3045 841 3114 ἐχόντων
887 3043 1130 3113 ἀξίωμα,
1177 3043 1277 3097 Διά
1321 3044 1492 3098 ταῦτα
1532 3045 1608 3108 ὠς
1644 3045 1736 3097 ἐπὶ

153 3142 398 3211 μάρτυρι
424 3136 546 3208 Θεῷ
590 3134 1000 3206 ὲπιδεδώκαμεν
1028 3137 1280 3202 ἑαυτοὺς,
1310 3135 1616 3199 δοκοῦντες,
1648 3135 1736 3189 ἵνα

152 3238 250 3289 καὶ
277 3231 443 3285 τοῦτο
472 3229 720 3299 εἴπωμεν
741 3270 754 3294 ,
789 3225 924 3298 μηδὲ
966 3227 1305 3300 ἠγνοημένον
1335 3222 1476 3282 εἶναι
1516 3229 1736 3291 πάντως

152 3285 265 3388 τοῖς
291 3320 579 3376 εὐσεϐέσιν
604 3285 767 3391 ἡμῶν
789 3285 1301 3382 δέσπότάιςίέίδόσι
1332 3321 1401 3374 τὰ
1425 3320 1616 3392 πόρρω
1640 3285 1735 3374 καί.
1762 3285 1804 3343 c

153 3412 380 3485 μακρὰν
397 3411 468 3464 δι’
485 3410 661 3477 ἄκραν
688 3408 970 3478 ἀγχίνοι⁹ᾳν
990 3424 1004 3441 ·
1038 3407 1175 3461 ἀλλά
1201 3407 1307 3480 μὴν
1329 3408 1451 3461 οὐδὲ
1483 3407 1634 3478 αὑτῷ
1656 3408 1735 3478 τῷ

152 3505 450 3575 ἁγιωτάτῳ
480 3501 839 3572 πατριάρχη,
875 3498 999 3551 ἐπεὶ
1043 3498 1282 3568 κάκείνῳ
1307 3498 1608 3569 τηνικαῦτα
1647 3516 1739 3567 γε·

151 3596 453 3668 γράφαμεν
494 3591 592 3663 τὴν
624 3590 911 3644 ὑπόθεσινο
944 3588 1020 3652 ὡς
1054 3590 1214 3660 ἡμεῖς
1245 3605 1310 3658 γε
1343 3588 1534 3642 τούτου
1577 3589 1736 3660 χάριν

152 3689 296 3762 ὑπὲρ
323 3686 421 3742 τοῦ
456 3685 534 3756 μὴ
561 3682 888 3752 κοινωνῆσαι
921 3679 1000 3753 τῷ
1030 3681 1440 3752 στεφανώσαντι
1484 3682 1577 3734 τὸν
1620 3699 1736 3752 μοι·

151 3781 267 3852 χδν,
302 3778 402 3834 καὶ
428 3776 509 3848 τῷ
540 3773 984 3845 προηγησαμένῳ
1015 3775 1358 3846 πατριάρχῃ,
1387 3773 1548 3842 ἡνίκα
1578 3773 1737 3845 μόνον

155 3872 438 3942 μετεδίδου
471 3867 652 3939 αὐτῷ,
687 3866 961 3936 διαφόρως
990 3865 1088 3936 τὴν
1137 3866 1353 3936 ἑξορίαν
1385 3866 1699 3935 ὑπέστημεν
1721 3881 1733 3894 ·

150 3964 294 4036 πλὴν
320 3965 407 4017 ὅτι
436 3958 724 4028 πολλαχῶς
758 3956 856 4010 καὶ
887 3957 1020 4010 αὐτὸ
1046 3957 1106 4010 τὸ
1132 3957 1314 4027 τίμιον
1343 3952 1526 4011 αὐτῶν
1558 3956 1732 4026 στόμα

149 4055 506 4124 ὲπανέκρινε,
551 4050 649 4103 καὶ
694 4047 892 4115 διέγνω
935 4045 1111 4102 ταῦτα
1163 4047 1338 4111 οὕτως
1380 4046 1544 4118 ἔχειν.
1581 4046 1729 4118 Αύτη

148 4145 304 4200 ἔστὶν
337 4144 373 4214 ἡ
404 4139 671 4210 ἀπολογία
690 4154 704 4169 ο
723 4137 817 4191 καὶ¹
845 4137 1074 4208 ταύτην,
1091 4137 1168 4201 ὡς
1201 4136 1469 4204 κελεύεις,
1487 4137 1730 4205 ἀνάγαγε

149 4237 227 4308 τῷ
256 4234 481 4306 εὐηκόῳ
509 4231 693 4290 αὐτῶν
719 4230 932 4302 κράτει.

294 4396 426 4451 ΚΔθ.
452 4425 524 4439 -
555 4393 890 4458 Θεοκτίστῳ
917 4391 1030 4464 (20)
1061 4393 1382 4462 Μαγίστρῳ
1407 4391 1542 4463 (21).
1573 4388 1731 4463 [μβ’.]

1834 2058 1984 2106 ctum
2037 2046 2341 2119 periculum
2388 2046 2671 2102 declinari.
2708 2044 2863 2113 Quod
2913 2060 3044 2101 vero
3088 2046 3158 2102 ad
3184 2045 3413 2101 alterum

1831 2146 2032 2210 caput,
2068 2138 2395 2195 occurrebat
2434 2137 2581 2207 quod
2614 2137 2808 2208 procul
2851 2137 2980 2192 hinc
3013 2145 3254 2191 semotus
3284 2137 3356 2192 sit
3395 2159 3410 2191 ;

1834 2231 2062 2302 fierique
2092 2231 2261 2301 possit
2310 2237 2372 2285 ut
2421 2243 2646 2300 peregre
2679 2242 2866 2299 agens,
2919 2227 3191 2283 devitetur
3229 2229 3417 2283 multis

1837 2323 2036 2379 modis.
2077 2322 2282 2378 Deinde
2317 2321 2459 2392 quod
2483 2328 2688 2375 mortes
2726 2318 3068 2388 contingant,
3111 2327 3168 2374 et
3192 2319 3260 2374 de
3297 2334 3415 2374 me-

1836 2415 1929 2471 dio
1978 2414 2202 2469 tollatur
2258 2411 2572 2468 scandalum
2622 2430 2638 2465 ι
2683 2410 3143 2481 quemadmodum
3172 2422 3229 2465 et
3254 2411 3415 2466 nobis

1836 2505 2139 2562 humilibus
2194 2504 2444 2577 contigit,
2487 2504 2582 2574 qui
2635 2503 2726 2558 hic
2773 2503 3099 2569 residentes,
3134 2502 3417 2573 hucusque

1837 2597 2146 2655 conservati
2196 2613 2408 2664 sumus,
2461 2597 2870 2667 dispensatione
2925 2595 3148 2650 utendo.
3193 2597 3417 2665 Oportet

1836 2691 2005 2757 enim,
2037 2690 2216 2760 quoad
2262 2690 2410 2755 licet,
2457 2689 2788 2744 tentationes
2836 2687 3220 2758 subterfugere
3253 2705 3266 2741 ε
3297 2687 3416 2743 illos

1837 2779 2272 2852 praesertim,qui
2296 2778 2678 2849 episcoporum
2708 2777 3028 2850 dignitatem
3056 2793 3168 2832 non
3195 2787 3412 2850 gerunt.

1836 2873 1935 2928 His
1977 2872 2046 2928 de
2103 2871 2305 2938 causis,
2337 2869 2449 2926 Deo
2505 2878 2662 2935 teste,
2701 2885 2803 2925 nos
2853 2868 3197 2942 ingessimus,
3229 2869 3416 2926 existi-

1838 2976 2068 3034 mantes,
2147 2975 2206 3021 ut
2256 2965 2362 3021 hoc
2445 2967 2608 3020 etiam
2664 2965 2941 3032 dicamus,
2997 2965 3416 3036 haudquaquam

1838 3072 2067 3128 prorsus
2128 3057 2367 3128 ignotam
2424 3070 2540 3110 rem
2571 3053 2738 3110 fuisse
2769 3054 2875 3124 piis
2913 3053 3159 3111 Dominis
3187 3056 3413 3116 nostris,

1838 3152 1930 3221 qui
1956 3149 2115 3221 longe
2143 3149 2441 3219 proculque
2471 3147 2646 3218 posita
2670 3147 3012 3218 prospiciunt
3048 3162 3261 3202 summa
3290 3162 3416 3203 cum

1840 3237 2090 3305 solertia;
2132 3237 2229 3294 sed
2274 3251 2454 3307 neque
2498 3236 2600 3306 ipsi
2653 3235 2977 3306 patriarcha:
3025 3237 3410 3292 sanctissimo:

1836 3328 2094 3400 quoniam
2125 3327 2191 3382 ad
2218 3328 2394 3397 ipsum
2424 3327 2587 3384 etiam
2631 3335 2761 3382 tunc
2791 3327 3116 3398 scripsimus
3139 3329 3208 3384 de
3231 3343 3293 3384 ea
3334 3345 3412 3392 re.

1835 3421 1981 3492 quod
2011 3436 2143 3486 nos,
2175 3427 2463 3491 propterea
2508 3421 2654 3492 quod
2695 3423 3106 3478 communicare
3148 3422 3417 3479 ncllemus

1836 3533 1962 3574 cum
2020 3532 2086 3573 eo
2143 3517 2237 3587 qui
2294 3517 2597 3571 adulterum
2646 3525 3025 3584 coronaverat,
3060 3531 3240 3587 neque
3291 3532 3423 3572 cum.

1837 3609 2204 3664 antecedente
2233 3608 2562 3677 patriarcha,
2592 3623 2716 3663 cum
2746 3607 2798 3662 ei
2820 3609 3195 3663 tantummodo
3218 3608 3419 3678 imper-

1838 3698 1994 3762 tiret;
2023 3697 2254 3752 diversis
2285 3697 2460 3752 modis
2501 3697 2756 3752 exsilium
2787 3697 3170 3767 pertulerimus
3217 3716 3230 3752 :
3276 3713 3419 3768 prae-

1839 3794 2085 3856 terquam
2134 3787 2277 3856 quod
2321 3786 2695 3842 venerandum
2745 3788 2922 3858 ipsum
2956 3803 3018 3842 os
3046 3802 3235 3843 eorum
3272 3805 3419 3858 saepe

1838 3875 2118 3942 discussit,
2151 3885 2208 3930 et
2256 3876 2520 3946 comperit
2553 3877 2668 3931 haec
2708 3876 2780 3930 ita
2826 3892 2884 3932 se
2915 3877 3136 3932 habere.
3173 3878 3287 3932 Hoc
3334 3887 3418 3934 est

1841 3980 2167 4035 responsum
2210 3974 2459 4020 nostrum
2494 3983 2505 4018 :
2541 3964 2724 4035 idque,
2761 3973 2819 4019 ut
2864 3965 3069 4030 innuis,
3116 3965 3300 4034 perfer
3349 3965 3416 4019 ad

1840 4057 2086 4128 ipsorum
2108 4056 2464 4114 audientiam.

2171 4391 2359 4449 XXIV.
2383 4423 2454 4435 —
2487 4395 2768 4450 Theoctisto
2803 4395 3077 4466 Magistro.

1018 4535 1116 4587 Cur
1138 4549 1166 4585 a
1189 4533 1468 4599 patriarcha
1495 4547 1553 4584 se
1574 4534 1877 4597 abjunxerit.
1906 4535 2108 4599 (Baron.
2132 4548 2213 4586 an.
2235 4536 2345 4598 808,
2377 4550 2429 4586 ιι.
2455 4535 2557 4596 10.)

225 4651 358 4706 Ὅτι
387 4649 836 4721 περιπονουμένη
859 4648 978 4702 ἐστὶ
1005 4647 1076 4701 τὰ
1109 4645 1232 4703 καθ’
1256 4649 1405 4719 ἡμᾶς
1429 4651 1462 4717 ἡ
1501 4648 1734 4718 μεγίστη

1909 4650 2066 4718 Quod
2095 4651 2163 4706 de
2197 4650 2354 4709 nobis
2384 4666 2483 4721 pro
2511 4651 2708 4706 eximia
2740 4665 2835 4706 sua
2860 4649 3065 4720 pietate
3094 4647 3324 4703 sollicita
3352 4647 3421 4702 sit

151 4764 254 4802 σου
295 4743 547 4816 ὑπεροχὴ
597 4741 657 4809 ἐξ
705 4740 1159 4814 ὑπερϐαλλούσης
1193 4741 1512 4810 φιλοθεῖας,
1565 4739 1735 4805 ἔδειξε

1838 4740 2157 4795 excellentia
2187 4749 2299 4804 tua,
2334 4739 2610 4794 declarant
2631 4755 2762 4794 sane
2792 4753 2913 4808 quae
2934 4753 3034 4808 per
3064 4736 3415 4791 reverendis-

152 4838 260 4909 μὲν
311 4836 409 4891 καὶ
452 4834 522 4888 τά
550 4833 640 4888 διὰ
687 4833 783 4886 τοῦ
833 4831 1233 4886 εὑλαϐεστάτου
1281 4831 1590 4903 ἡγουμένου
1644 4834 1740 4902 ρἡ

1837 4831 2034 4887 simum
2075 4832 2424 4903 praepositum
2468 4831 2819 4903 significasti;
2855 4838 2910 4884 at
2941 4845 3054 4884 non
3100 4829 3283 4883 minus
3328 4828 3419 4882 illa

151 4945 327 4998 ματα.
370 4925 720 4996 Ἐφανέρωσε
754 4923 811 4976 δὲ
854 4925 948 4977 καὶ
994 4922 1089 4977 νῦν
1135 4925 1204 4976 τὰ
1249 4923 1338 4977 διά
1369 4922 1461 4977 τοῦ
1507 4923 1736 4992 ἀδελφοῦ

1836 4938 1958 4993 ηοω
1988 4938 2133 4978 nunc
2166 4938 2263 4993 per
2293 4922 2516 4976 fratrem
2558 4930 2832 4986 nostrum,
2866 4921 3011 4975 circa
3041 4919 3238 4975 missas
3275 4919 3417 4973 rela-

147 5019 314 5088 ἡμῶν
355 5018 498 5089 πρὸς
533 5017 604 5069 τά
648 5015 912 5070 σταλέντα
942 5014 1241 5085 δηλώματά
1274 5032 1334 5066 τε
1364 5016 1458 5068 καὶ
1502 5016 1736 5067 ἀνταπο-

1842 5014 2016 5069 tiones
2063 5023 2118 5069 et
2160 5029 2440 5083 responsa.
2468 5011 2536 5068 Et
2564 5029 2663 5084 pro
2693 5013 2795 5068 hac
2824 5013 3043 5083 quidem
3094 5021 3243 5066 tanta
3288 5027 3414 5083 erga

145 5109 426 5178 κρίματα.
473 5107 585 5161 Καὶ
633 5105 732 5175 τῆς
782 5105 925 5177 ὑπὲρ
985 5104 1323 5176 τηλικαύτης
1377 5122 1470 5159 σου
1522 5105 1736 5175 ἀγαθῆς

1839 5105 2134 5160 utilitatem
2185 5119 2530 5160 communem
2589 5104 2955 5175 propensione
2987 5113 3078 5159 tua
3109 5103 3416 5158 mercedem

147 5198 452 5262 διαθέσεως
494 5195 630 5268 πρὸς
683 5195 745 5249 τὸ
785 5198 942 5267 κοινῇ
989 5196 1291 5268 συμφέρον,
1343 5196 1470 5259 τοὺς
1509 5195 1732 5267 μισθοὺς

1836 5196 1912 5252 illi
1947 5197 2193 5262 omnino,
2225 5198 2388 5252 etiam
2437 5194 2741 5252 tacentibus
2777 5195 2959 5262 nobis,
2991 5194 3278 5260 retribuet,
3321 5195 3415 5264 qui

1673 5393 1902 5453 NOTAE.

229 5538 344 5609 (ἳο)
384 5537 740 5609 Θεοκτίστῳ.
777 5536 842 5609 _ls_
881 5533 1187 5609 Nicephoro
1241 5536 1307 5592 ad
1363 5536 1743 5609 occupandum
1843 5543 2353 5609 prema__potestate_
2384 5535 2806 5609 administravit.
2861 5534 3284 5609 (Ῑιιεοριιλινεεά
3317 5537 3416 5594 De-

149 5603 449 5679 imperium
504 5607 732 5679 Aadjutor
771 5606 890 5672 l'uit,
938 5603 1116 5679 eoque
1168 5607 1221 5660 in
1271 5603 1738 5679 expeditionead-
1842 5620 1992 5658 mum
2021 5603 2315 5679 Michaelis
2337 5605 2496 5679 jussy
2527 5621 2556 5659 a
2591 5605 2760 5679 Barda
2789 5614 2845 5660 et
2874 5603 3204 5679 TheOphaue
3235 5603 3415 5679 _Phal-

146 5673 352 5734 versus
416 5673 684 5746 Bulga'ros
743 5688 983 5743 mortuo,
1023 5673 1386 5732 'Stauracium
1417 5677 1537 5747 ejus
1569 5677 1742 5747 lilium
1842 5689 2000 5747 gano
2025 5675 2262 5730 occisus.
2298 5673 2407 5730 Ι.εο
2449 5673 2854 5731 Grammaticus
2884 5676 2950 5730 ad
2999 5673 3202 5732 calcem
3234 5675 3416 5736 Theo-

147 5745 541 5819 proclamavit’
579 5747 1010 5819 imperatorem.
1052 5747 1190 5819 Mox
1219 5745 1486 5819 converso
1526 5749 1590 5802 ad
1645 5746 1742 5801 Mi-
1838 5745 2056 5819 phariis,
2093 5761 2214 5819 pag.
2244 5747 2370 5801 461.

147 5815 402 5873 chaelem
451 5817 814 5890 Curopalaten
872 5818 1072 5890 studio,
1140 5818 1292 5872 illum
1338 5817 1405 5871 ad
1450 5819 1737 5887 imperium

1875 5815 2019 5890 _(2l)
2061 5817 2396 5890 ραγυίστρῳ.
2454 5817 2544 5873 Sic
2588 5819 2766 5890 dictus
2801 5829 2883 5874 est
2923 5818 3040 5871 κατ’
3081 5819 3270 5890 ἐξοχὴν
3304 5837 3416 5874 ma-

146 5891 409 5957 provexit
448 5908 460 5943 :
497 5903 560 5944 ac
593 5880 696 5944 sub
731 5887 848 5957 ipso
879 5880 1156 5958 publicam
1193 5903 1307 5945 rem
1348 5880 1608 5959 tanquam
1645 5905 1738 5944 su-
1836 5884 2003 5955 gistcr
2031 5880 2329 5942 ciliciorum
2348 5880 2414 5944 in
2449 5889 2647 5960 palatio
2692 5880 3136 5961 imperatorum.‘
3173 5880 3202 5890 ”’
