3914 6454
505 429 608 493 983

1683 405 1741 465 S.
1781 405 1877 463 TH
1889 401 2171 462 EODORI
2204 398 2550 460 STUDITA!

3641 393 3753 461 984

507 539 688 596 omnia
711 535 764 587 in
795 529 1036 602 pondere
1071 531 1124 579 et
1149 536 1403 577 mensura
1424 516 1852 574 dividitDeus“.
1887 515 2082 580 Quam-

2203 514 2439 580 ,ογιεϊται
2485 513 2621 580 αὑτῇ
2672 510 2888 571 πάντως
2933 508 3028 561 καὶ
3073 507 3230 578 ἡμῶν
3276 509 3352 578 μὴ
3408 510 3679 576 λεγόντων
3726 516 3756 565 ὁ

507 645 630 688 nam
661 640 790 680 vero
817 617 1304 688 dispensationem,
1345 611 1586 672 domine,
1620 607 1735 661 fieri
1784 621 1880 674 pro
1926 613 2078 674 parte

507 729 692 776 nostra
739 711 1013 773 convenit,
1058 707 1321 776 majorem
1357 717 1419 756 ea
1454 716 1558 770 qua
1588 701 1673 753 usi
1721 697 1950 751 sumus?
1985 696 2079 765 qui

508 809 863 868 subduximus
888 816 988 856 nos
1031 801 1313 859 hactenus,
1355 790 1629 846 silentium
1655 795 1955 849 servantes,
1981 800 2080 856 ego

506 913 562 960 et
601 897 1075 963 archiepiscopus;
1106 887 1364 957 quoniam
1418 892 1635 950 tempus
1671 890 1754 934 est
1799 878 2076 947 loquendi,

507 1002 562 1049 et
618 1001 830 1058 tempus
887 981 1096 1037 tacendi
1116 980 1196 1043 ⁶¹;
1229 990 1445 1030 omnem
1489 988 1708 1042 Operam
1759 971 2082 1024 adhibentes

510 1096 581 1136 ne
609 1081 663 1133 in
693 1084 942 1146 apertum
975 1084 1062 1124 res
1106 1067 1335 1122 veniret.
1374 1062 1478 1116 Sed
1514 1061 1764 1131 judicans
1805 1058 2082 1128 judicavit,

510 1185 612 1227 nec
640 1165 899 1222 mentitus
931 1171 1015 1217 est
1045 1159 1138 1228 qui
1166 1156 1302 1211 dixit
1335 1173 1347 1208 :
1379 1152 1528 1208 Nihil
1561 1161 1634 1205 est
1657 1151 1918 1204 occultum
1948 1152 2084 1220 quod

510 1277 612 1314 non
661 1255 1071 1317 revelabitur";
1114 1259 1173 1303 ut
1199 1248 1355 1301 nobis
1386 1245 1546 1300 etiam
1581 1242 1915 1306 nolentibus,
1961 1256 2083 1295 cum

508 1366 575 1404 eo
620 1359 763 1403 statu
816 1359 903 1398 res
955 1349 1160 1407 essent,
1190 1355 1300 1392 non
1353 1337 1446 1392 diu
1501 1335 1648 1388 aliud
1686 1348 1846 1402 quam
1904 1340 2081 1403 erant,

509 1460 632 1501 esse
680 1443 1015 1499 viderentur.
1040 1437 1196 1492 Nunc
1224 1444 1402 1489 autem
1428 1431 1836 1501 dispensatione
1869 1445 2086 1500 quoque

508 1545 746 1600 utentes,
778 1534 890 1589 duo
928 1532 1044 1585 hate
1074 1528 1322 1583 dicimus.
1360 1528 1468 1578 Aut
1511 1523 1777 1576 abstineat
1804 1521 2086 1590 depositus

510 1644 541 1683 a
589 1641 818 1682 munere
870 1620 1189 1682 sacerdotis,
1223 1628 1279 1672 et
1307 1614 1594 1672 confestim
1621 1613 2087 1667 communieamus

510 1733 636 1774 cum
669 1727 859 1773 sancto
883 1715 974 1769 illo
1000 1711 1332 1783 patriarcha,
1357 1706 1503 1777 quod
1534 1705 1752 1778 quidem
1787 1702 2007 1774 expedit
2031 1702 2086 1757 in

511 1826 799 1868 commune
826 1829 838 1863 :
864 1819 959 1864 aut
988 1809 1032 1863 si
1060 1806 1345 1862 ferendum
1372 1803 1425 1857 id
1455 1817 1567 1858 non
1596 1808 1699 1865 est,
1731 1814 2013 1855 manemus
2033 1809 2087 1854 et

511 1918 614 1959 nos
660 1903 716 1956 in
766 1901 978 1964 eadem,
1016 1912 1121 1968 qua
1155 1896 1327 1966 prius,
1357 1892 1747 1955 subtractione,
1798 1890 1962 1958 hujus
2004 1892 2091 1944 rei.

511 1994 806 2051 vindictam
833 1990 1058 2046 Domino
1083 1988 1468 2056 relinquentes.
1497 1983 1742 2051 Amplius
1771 1982 1854 2036 his
1881 1981 1927 2035 si
1953 1981 2083 2048 quid

513 2093 618 2150 est,
645 2086 756 2155 jam
787 2098 895 2137 non
921 2091 1023 2144 est,
1047 2081 1286 2151 ignosce,
1307 2073 1726 2145 dispensationis
1750 2071 1963 2137 modus,
1991 2071 2084 2125 sed

515 2175 839 2248 iniquitatis,
870 2184 925 2229 et
967 2172 1273 2228 divinorum
1314 2180 1584 2222 canonum
1641 2160 2086 2234 transgressionis

515 2270 741 2324 crimen.
773 2261 1204 2335 Dispensationis
1241 2259 1386 2314 enim
1413 2257 1675 2312 terminus
1706 2263 1809 2319 est,
1835 2263 1892 2308 ut
1917 2254 2082 2318 nosti,

515 2375 694 2429 neque
750 2371 961 2422 eorum,
993 2368 1114 2423 qua“:
1158 2350 1451 2406 constituta
1503 2355 1648 2406 sunt,
1681 2346 1883 2400 violare
1929 2343 2086 2413 quid-

517 2467 710 2524 quam;-
764 2465 960 2518 neque,
1007 2463 1132 2501 cum
1179 2459 1369 2515 parum
1402 2441 1603 2510 aliquid
1631 2438 1905 2491 remittere
1929 2437 2089 2491 liceat

517 2564 618 2620 pro
647 2557 893 2615 tempore
924 2558 987 2596 ac
1025 2540 1256 2602 ratione,
1274 2547 1330 2590 ut
1362 2535 1485 2588 inde
1512 2531 1656 2602 quod
1698 2546 1754 2584 re
1786 2530 1903 2599 ipsa
1939 2543 2088 2598 quaa-

522 2643 682 2703 ritur,
716 2652 1053 2706 consequare
1075 2674 1089 2698 ,
1123 2632 1191 2687 ad
1218 2630 1438 2686 duriora
1472 2625 1720 2698 provehi,
1743 2634 1799 2679 et
1824 2624 2090 2693 iacturam

523 2731 700 2786 facere
728 2729 1022 2799 potiorum.
1056 2724 1232 2792 Atque
1261 2722 1364 2775 hoc
1394 2720 1570 2788 ipsum
1598 2715 1906 2779 didicimus,
1950 2713 2091 2767 inter

521 2822 796 2891 apostolos
824 2816 1064 2887 quidem,
1089 2829 1156 2866 ex
1194 2810 1357 2865 Paulo
1394 2806 1763 2862 sanctiﬁcante
1805 2819 1862 2857 se
1895 2813 1950 2857 et
1983 2803 2089 2855 cir-

523 2911 868 2967 cumcidente
902 2905 1246 2961 Timotheum
1264 2902 1339 2966 ⁸³;
1371 2900 1513 2952 inter
1546 2896 1756 2960 Patres,
1781 2911 1845 2949 ex
1891 2909 2085 2964 magno

528 3002 722 3060 Basilio
765 2999 1009 3054 Valentis
1055 3008 1253 3049 munus
1282 2999 1618 3059 acceptante,
1651 2987 1853 3056 Deique
1882 2985 2083 3038 nudam

523 3110 714 3154 vocem
746 3093 812 3148 ad
855 3103 1071 3158 tempus
1117 3085 1380 3139 reticente
1427 3082 1482 3134 in
1536 3078 1812 3133 mentione
1859 3077 2093 3145 Spiritus

527 3187 722 3244 sancti.
758 3185 1021 3239 Caterum
1070 3192 1172 3232 nec
1215 3174 1412 3228 Paulus
1464 3168 1802 3225 sattctilicare
1839 3167 2092 3235 perstitit,

526 3295 631 3336 nec
660 3277 889 3333 Basilius
931 3271 1172 3328 Valentis
1195 3270 1334 3325 dona
1367 3280 1581 3336 capere,
1619 3263 1896 3330 Deumque
1927 3259 2100 3329 Spiri-

529 3382 646 3428 tum
696 3378 942 3426 sanctum
987 3381 1097 3419 non
1133 3361 1444 3432 praedicare.
1499 3354 1640 3421 Quin
1693 3353 1854 3420 ambp
1908 3361 2096 3405 contra

530 3480 630 3538 pro
654 3463 897 3530 utrisque
923 3466 1152 3513 mortem
1177 3461 1504 3524 praeoptasse
1520 3447 1792 3501 videntur.

531 3535 594 3613 τὸ
619 3556 714 3612 τοῦ
749 3555 1049 3616 Οὐάλεντος
1087 3551 1280 3620 δῶρον,
1312 3547 1405 3600 καὶ
1439 3545 1514 3615 μὴ
1543 3543 1836 3612 κηρύττων
1870 3537 2003 3590 Θεὸν
2044 3535 2105 3588 τὸ

537 3673 643 3728 ρων
676 3651 940 3710 θανάτους
971 3646 1329 3724 αἱρησάμενοι
1363 3640 1667 3707 φαίνονται.

605 3745 686 3799 Ad
715 3744 862 3796 hunc
890 3722 1109 3792 modum
1138 3733 1447 3804 quicunque
1477 3739 1715 3795 unquam
1738 3737 1868 3776 usus
1891 3728 1974 3775 est
1996 3720 2103 3776 dis-

534 3835 874 3908 pensatione,
930 3845 960 3885 a
1013 3836 1162 3882 recto
1203 3840 1310 3878 non
1357 3819 1630 3876 aberravit
1679 3835 1690 3870 :
1739 3816 1889 3885 quin,
1944 3815 2105 3868 citius

537 3938 819 3987 assecutus
847 3933 929 3979 est
949 3921 1094 3990 quod
1119 3931 1414 3988 parumper
1442 3909 1733 3967 intermisit
1760 3928 1772 3962 :
1798 3909 1936 3962 sicut
1965 3906 2107 3960 acci-

539 4022 668 4075 dere
709 4017 847 4071 solet
875 4009 1246 4084 gubernatori,
1281 4008 1492 4062 clavum
1527 4001 1775 4056 nonnihil
1809 3997 2107 4052 remittenti

542 4119 760 4181 propter
798 4105 1079 4159 adversam
1110 4097 1257 4153 venti
1296 4101 1693 4163 tempestatem.
1726 4088 1827 4157 Qui
1856 4101 1986 4144 vero
2014 4085 2108 4137 ali-

543 4215 624 4262 ter
652 4209 970 4268 progressus
1003 4201 1103 4254 est,
1141 4187 1412 4243 aberravit
1435 4200 1464 4238 a
1495 4197 1683 4251 scopo,
1709 4175 2109 4249 praevaricatio-

541 4267 668 4352 nem
690 4290 952 4344 inducens
972 4299 1067 4354 pro
1087 4279 1515 4349 dispensatione.
1535 4267 1604 4328 Et
1627 4271 1872 4340 exempla
1890 4268 2112 4323 omnino

545 4386 711 4439 multa
742 4388 890 4445 sunt,
927 4393 1046 4448 quas
1083 4374 1319 4428 scribere
1346 4380 1805 4437 supervacaneum
1856 4370 1958 4425 est,
1989 4374 2112 4428 pro-

2188 604 2365 657 πάντα
2396 602 2577 672 μέτρῳ
2604 601 2698 654 καὶ
2727 598 2955 669 σταθμῷ
2982 598 3230 669 διορίζων
3253 599 3407 663 Θεός.
3441 601 3576 653 Τίνα
3593 601 3651 654 δὲ
3675 603 3760 658 δεῖ

2186 693 2498 762 οἰκονομίαν
2525 691 2812 759 γενέσθαι,
2841 685 2886 743 ὦ
2917 691 3172 755 δέσποτα,
3199 691 3320 745 ὅσον
3353 692 3414 744 τό
3451 693 3576 745 καθ’
3609 695 3758 762 ἡμᾶς

2188 784 2347 836 πλέον
2376 779 2444 855 ἦς
2479 783 2892 852 πεποιήκαμεν;
2928 783 3008 834 ὅτι
3057 781 3161 845 ἕως
3193 782 3287 835 τοῦ
3333 785 3603 853 παρόντος
3650 786 3758 838 ὑπ-

2188 875 2506 942 εστείλαμεν
2555 875 2777 936 ἑαυτοὺς
2817 873 3025 944 σιωπὴν
3069 874 3295 941 ἀγοντες
3333 875 3442 942 ἐγώ
3502 893 3563 928 τε
3602 879 3694 929 καὶ
3732 880 3762 930 ό

2190 967 2619 1036 ἀρχιεπίσκοπος
2643 1007 2657 1031 ,
2692 965 2814 1019 ἐπεὶ
2843 966 2936 1017 καὶ
2963 966 3156 1036 καιρὸς
3186 965 3280 1018 τοῦ
3324 966 3503 1019 λαλεῖν
3531 970 3625 1020 καὶ
3663 970 3760 1024 τοῦ

2193 1059 2372 1126 σιγᾷν,
2423 1057 2600 1110 πάντα
2640 1059 2843 1128 τρόπον
2893 1057 3270 1126 μεθοδεύοντες
3315 1059 3396 1121 είς
3441 1058 3505 1111 τὸ
3549 1060 3625 1130 μὴ
3680 1061 3764 1122 είς

2192 1148 2466 1220 προῦπτον
2493 1152 2720 1222 ἐκϐῆναι
2760 1152 2862 1221 τὴν
2901 1151 3180 1205 ὑπόθεσιν.
3220 1151 3360 1204 Ἀλλ’
3391 1154 3420 1205 ό
3448 1154 3765 1224 ἀνακρίνων

2189 1245 2464 1314 ἀνέκρινε,
2489 1245 2586 1297 καὶ
2609 1246 2637 1297 ὁ
2662 1243 2832 1297 εἰπὼν
2890 1244 2951 1296 οὑ
2990 1243 3318 1312 διέψευσται,
3350 1245 3432 1298 ὅτι
3473 1247 3598 1299 Οὐκ
3629 1246 3765 1300 ἔστι

2192 1337 2461 1404 κρυπτὸν
2501 1335 2532 1389 ὃ
2571 1337 2642 1390 οὐ
2676 1335 3159 1404 φανερωθήσεται
3187 1351 3200 1365 '
3233 1337 3307 1396 ὡς
3345 1339 3440 1388 καὶ
3482 1337 3645 1407 ἡμῶν
3686 1337 3765 1410 μὴ

2191 1427 2569 1497 αἱρουμένων,
2617 1426 2760 1480 οὕτω
2807 1427 3024 1495 φύσεως
3056 1426 3287 1496 ἑχόντων
3332 1427 3440 1479 τῶν
3493 1428 3766 1498 πραγμά-

2194 1537 2326 1586 των,
2360 1519 2434 1590 μὴ
2461 1520 2557 1572 ἐπὶ
2589 1519 2723 1572 πολὺ
2748 1517 2878 1589 παρ’
2898 1519 2927 1571 δ
2957 1520 3115 1583 εἰσιν,
3150 1519 3335 1586 ἕτερόν
3359 1537 3410 1573 τι
3445 1520 3764 1588 φαίνεσθαι.

2193 1610 2302 1662 Καὶ
2326 1609 2421 1663 νῦν
2449 1610 2505 1663 δὲ
2529 1610 2811 1680 οἰκονομίᾳ
2843 1607 3138 1679 χρώμενοι,
3167 1610 3260 1662 δύο
3289 1611 3462 1662 ταῦτα
3484 1610 3724 1681 λέγομεν
3747 1623 3764 1641 ⁸

2191 1701 2271 1753 ὅτι
2311 1701 2575 1771 ἢπαὺσει
2627 1702 2654 1753 ό
2701 1701 3084 1774 καθῃρημένος
3132 1701 3230 1770 τῆς
3273 1702 3625 1772 ἱερουργίας,
3667 1706 3768 1758 καὶ

2194 1794 2325 1862 παρ’
2370 1794 2512 1846 αὑτά
2544 1792 3019 1862 συγκοινωνοῦμεν
3056 1791 3133 1861 τῷ
3175 1792 3316 1862 ἁγίῳ
3353 1793 3531 1863 τούτῳ
3561 1812 3762 1865 πατρισ

2122 1875 2161 1928 Β
2193 1883 2336 1954 ἀρχῃ
2355 1901 2369 1914 ο
2387 1883 2415 1936 ὃ
2438 1883 2533 1937 καὶ
2556 1883 2830 1946 λυσιτελὲς
2855 1884 2996 1936 κατὰ
3024 1883 3202 1935 κοινοῦ
3227 1901 3239 1914 ·
3262 1883 3293 1953 ἢ
3324 1884 3373 1936 εί
3403 1883 3479 1954 μὴ
3507 1885 3764 1949 ἀνεκτὸν,

2187 1977 2280 2029 καὶ
2306 1976 2472 2046 ἐσμὲν
2506 1975 2612 2028 ὑπὸ
2651 1975 2750 2044 τῆς
2784 1975 2954 2044 αὑτῆς
2989 1973 3254 2044 συστολῆς
3295 1975 3436 2027 κατά
3471 1975 3534 2028 τὸ
3565 1975 3767 2045 πρότε-

2187 2084 2301 2138 ρον,
2330 2067 2405 2138 τῷ
2432 2069 2621 2138 Κυρίῳ
2644 2067 2743 2139 τὴν
2769 2068 2910 2138 ὑπὲρ
2939 2067 3032 2122 τοῦ
3061 2067 3305 2121 τοιούτου
3336 2068 3636 2135 κεφαλαίου
3665 2070 3757 2124 ὲκ·

2184 2159 2399 2227 δίκησιν
2447 2161 2924 2231 παραχωροῦντες.
2960 2161 3034 2212 Τὸ
3061 2161 3117 2213 δὲ
3152 2161 3338 2230 μεῖζον
3365 2159 3584 2224 τούτου,
3631 2163 3767 2216 οὑκ-

2187 2252 2290 2317 ἑτι,
2321 2251 2617 2320 σύγγνωθι,
2651 2253 2964 2322 οἰκονομίας
2989 2253 3212 2324 τρόπος,
3252 2253 3387 2306 ἀλλά
3414 2252 3769 2322 παρανομίας

2186 2344 2283 2394 καὶ
2315 2342 2683 2414 παραὸἀσεως
2725 2340 2833 2394 τῶν
2867 2341 3028 2396 θείων
3062 2343 3300 2398 κανόνων
3333 2343 3573 2413 δφλημα.
3601 2345 3769 2398 Οἰκο-

2187 2434 2380 2503 νομίας
2408 2434 2517 2503 γάρ
2547 2436 2691 2504 ὅρος,
2723 2434 2798 2497 ὡς
2835 2430 3011 2496 οἶσθα,
3065 2435 3204 2506 μήτε
3249 2453 3301 2489 τι
3347 2435 3456 2487 τῶν
3491 2437 3768 2505 κειμένων

2189 2524 2402 2579 ἀθετεῖν
2430 2525 2658 2578 καθόλου
2681 2566 2694 2588 ,
2729 2527 2867 2596 μήτε
2896 2526 2983 2596 ἐφ’
3011 2519 3055 2594 ᾧ
3093 2521 3203 2579 οἷόν
3224 2543 3281 2579 τε
3321 2528 3514 2596 μικρὸν
3547 2529 3766 2596 ὑφεῖναι

2190 2616 2333 2668 κατά
2365 2617 2554 2683 καιρὸν
2589 2620 2683 2671 κα)⁸
2713 2617 2895 2686 λόγον·
2942 2619 3017 2682 ὡς
3049 2617 3298 2670 ἐντεῦθεν
3329 2619 3508 2690 εὑρεῖν
3557 2623 3618 2673 τὸ
3666 2621 3764 2690 ζη-

2188 2706 2449 2776 τούμενον
2483 2708 2719 2776 ἀτεχνῶς
2739 2725 2754 2740 ο
2785 2708 2921 2778 πρὸς
2961 2709 3021 2761 τὸ
3049 2707 3404 2782 σφοδρότερον
3455 2711 3768 2778 ὑπάγεσθαι

2189 2798 2269 2869 τῷ
2314 2799 2619 2869 πράγματι,
2655 2799 2750 2851 καὶ
2795 2799 3124 2869 ζημιοῦσθαι
3171 2799 3243 2853 τά
3274 2800 3609 2872 τελεώτερα.
3657 2804 3769 2856 Καὶ

2190 2890 2351 2943 τοῦτο
2377 2889 2764 2960 δεδιδάγμεθα,
2794 2893 2850 2943 ἐν
2877 2891 2976 2960 μὲν
3000 2894 3112 2954 τοῖς
3137 2892 3476 2958 ἀποστόλοις,
3497 2895 3652 2966 παρά
3671 2893 3766 2947 τοῦ

2191 2980 2424 3042 Παύλου,
2477 2982 2845 3050 ἀγνισαμένου
2878 2982 2972 3036 καλ⁵
3019 2986 3407 3053 περιτεμόντος
3452 2986 3545 3038 τὸν
3594 2987 3772 3057 Τιμό-

2194 3077 2314 3129 θεον
2337 3091 2350 3103 °
2382 3077 2440 3128 ὲν
2468 3075 2522 3127 δὲ
2550 3079 2662 3136 τοῖς
2687 3076 2952 3146 Πατράσι,
2997 3078 3146 3147 παρά
3172 3076 3265 3130 τοῦ
3314 3079 3552 3148 μεγάλου
3603 3080 3772 3133 Βασι-

2200 3168 2365 3229 λείου,
2396 3167 2814 3236 προσηκαμένου
2839 3167 2900 3220 τὺ
2930 3166 3123 3236 λῆμμα
3164 3168 3257 3220 τοῦ
3290 3170 3594 3235 Οὐάλεντος
3618 3212 3633 3235 ,
3675 3173 3772 3226 καὶ

2207 3256 2687 3324 ὑποσιωπήσαντος
2735 3255 2870 3325 πρὸς
2901 3251 3090 3325 καιρὸν
3140 3257 3238 3324 τὴν
3267 3257 3401 3321 Θεὸς
3448 3262 3635 3332 φωνὴν
3676 3278 3774 3330 γυ-

2208 3345 2346 3414 μνὴν
2373 3345 2463 3395 ἐπὶ
2493 3343 2585 3396 τοῦ
2615 3345 2950 3413 Πνεὺματος.
2997 3345 3134 3398 Ἀλλ’
3167 3345 3290 3400 οὔτε
3325 3347 3354 3396 ό
3386 3348 3597 3412 Παῦλος
3625 3351 3777 3421 ἐμει-

2206 3453 2294 3489 νεν
2342 3433 2693 3503 ἁγνιζόμενος
2720 3473 2733 3495 ,
2764 3434 2887 3486 οὗτε
2918 3435 3199 3497 Βασίλειος
3231 3439 3655 3508 προσηκάμενος
3693 3441 3772 3493 ἐτι

2146 3531 2371 3603 Πνεῦμα
2397 3549 2411 3562 ’
2470 3529 2779 3585 τούναντίον
2844 3529 2943 3599 μὲν
2969 3525 3061 3582 οῦν
3090 3529 3390 3600 ἀμφότεροι
3415 3531 3552 3603 ὑπὲρ
3584 3535 3778 3587 ἑκατέ-

2278 3715 2463 3776 Οὑτως
2491 3732 2574 3777 τις
2603 3716 2665 3766 ὲκ
2703 3714 2795 3768 τοῦ
2833 3714 3028 3777 αἰῶνος
3057 3706 3376 3785 οίκονομῶν,
3411 3717 3471 3770 οὑ
3519 3717 3780 3790 διέσφαλ-

2207 3823 2298 3861 ται
2348 3805 2442 3859 τοῦ
2492 3806 2693 3858 καλοῦ*
2735 3806 2928 3861 θᾶττον
2967 3807 3076 3877 γὰρ
3123 3807 3454 3877 ὲπεδράξατο
3501 3809 3529 3862 δ
3580 3815 3780 3883 μικρὸν

2207 3899 2474 3952 ἐνέλιπεν.
2518 3897 2605 3961 Ὧς
2636 3898 2727 3950 ἐπὶ
2760 3898 2855 3949 τοῦ
2885 3899 3302 3967 οἰακοστρόφου,
3339 3899 3642 3965 ὑπανέντος
3689 3922 3782 3972 μιο

2209 3991 2339 4059 κρδν
2360 3991 2419 4042 τὸ
2443 3990 2723 4058 πηδάλιον,
2753 3989 2843 4042 διὰ
2872 3989 2970 4057 τὴν
3000 3989 3434 4044 ἀντιπνεὺσασαν
3465 3994 3778 4061 καταιγίδα,

2222 4083 2460 4153 Ἑτέρως
2487 4083 2540 4134 δὲ
2575 4082 2868 4150 διενεχθεὶς
2914 4081 3180 4151 διήμαρτε
3228 4081 3324 4134 τοῦ
3378 4082 3612 4136 σκοποῦ·
3658 4085 3780 4138 ἀντὶ

2207 4173 2519 4241 οἰκονομίας
2550 4172 2858 4240 παράϐασιν
2902 4172 3148 4234 τελέσας.
3203 4174 3310 4226 Καὶ
3357 4173 3428 4226 τά
3476 4175 3781 4244 παραδείγο

2213 4280 2354 4332 ματα
2391 4261 2579 4324 πολλὰ,
2612 4261 2647 4315 ἃ
2679 4262 2954 4330 παρέλκον
2986 4264 3102 4314 ἐστὶ
3134 4268 3366 4333 γράφειν
3411 4265 3502 4317 διά
3569 4265 3632 4320 τὸ
3681 4283 3783 4336 μα-

2213 4356 2501 4425 κρηγορές.
2537 4354 2610 4406 Τὸ
2638 4353 2694 4406 δὲ
2739 4353 2838 4423 τὴν
2881 4355 3178 4425 κυριότητα
3217 4373 3310 4408 σου
3344 4357 3516 4425 φῆσαι
3559 4359 3656 4411 ἐπὶ
3687 4358 3781 4411 τοῦ

546 4484 666 4545 pter
683 4470 903 4525 nimiam
936 4447 1315 4535 prolixitatem.
1340 4456 1492 4522 Quod
1531 4469 1658 4508 vero
1679 4467 1706 4506 a
1738 4448 2096 4504 Dominationt

2213 4447 2436 4545 κανόνος
2469 4447 2576 4498 τῶν
2604 4447 2948 4513 ἀποστόλων,
2995 4448 3122 4516 περὶ
3149 4447 3257 4500 τῶν
3287 4449 3343 4500 ὲν
3378 4450 3626 4519 χρήμασι
3663 4468 3782 4522 χει-

548 4525 655 4545 ττπ
936 4525 950 4535 .

548 4576 640 4621 tua
668 4563 873 4616 dictum
907 4567 1011 4619 est,
1040 4557 1095 4609 in
1130 4566 1338 4609 canone
1368 4546 1733 4617 apostolorum
1749 4543 1793 4573 “
1820 4541 1886 4595 de
1915 4530 1998 4593 his
2021 4554 2088 4607 qu

2220 4538 2574 4607 ροτονοὺντων
2612 4539 2708 4591 καὶ
2747 4538 3258 4607 χειροτονουμένων,
3302 4537 3491 4607 ὕφεσιν
3519 4558 3648 4596 τινα
3684 4560 3785 4595 πεο

549 4654 809 4726 pecunias
842 4649 1114 4709 ordinant,
1152 4655 1206 4699 et
1259 4643 1349 4711 qui
1406 4638 1748 4696 ordinantur,
1796 4633 2114 4686 remissrone

551 4746 781 4817 quadam
829 4756 986 4795 usum
1021 4736 1187 4792 videri
1219 4733 1663 4801 Chrysostomutn
1695 4739 1821 4794 erga
1859 4739 1951 4777 sex
2000 4720 2107 4788 epi-

553 4815 746 4906 scopos
767 4849 904 4904 quos
925 4828 1203 4899 deposuit;
1234 4825 1366 4878 nihil
1403 4823 1452 4875 id
1483 4822 1770 4888 discrepat,
1797 4826 1848 4870 et
1870 4817 1911 4869 si
1937 4815 2116 4869 videa-

557 4939 686 4983 tur:
719 4942 839 4981 cum
890 4924 1110 4993 privatis
1148 4919 1266 4973 illos
1320 4915 1465 4970 omni
1519 4927 1742 4982 prorsus
1796 4907 2115 4968 sacerdotio,

558 5020 725 5074 solam
764 5015 867 5068 illis
901 5013 966 5066 ad
1003 5012 1170 5066 altare
1215 5005 1678 5078 participationem
1728 4998 2116 5071 permiserit“.

561 5113 759 5166 Demus
815 5115 997 5160 autem
1050 5103 1376 5168 discrepare,
1411 5107 1462 5150 et
1515 5094 1886 5147 remissionem
1919 5090 2115 5142 inesse.

563 5203 846 5256 Imitentur
899 5210 1028 5251 sane
1084 5193 1174 5262 qui
1227 5190 1430 5256 volent,
1465 5187 1646 5241 nullus
1677 5181 1983 5253 prohibebit
2013 5197 2025 5231 :
2059 5194 2119 5232 os

561 5295 706 5349 enim
758 5300 841 5345 est
879 5291 992 5357 ipse
1042 5286 1155 5348 Dei,
1185 5293 1237 5336 et
1269 5280 1631 5351 apostolorum
1661 5271 2064 5332 contubernalis
2098 5287 2112 5322 ε

566 5385 721 5454 cuius
767 5382 933 5436 multa
977 5385 1346 5431 memorantur
1406 5373 1458 5425 in
1506 5371 1644 5423 hanc
1679 5368 1844 5426 diem,
1875 5372 1928 5417 et
1962 5376 2120 5414 nemo

565 5453 641 5532 de
661 5477 762 5528 hac
793 5487 849 5525 re
879 5469 1151 5525 dissensit.
1191 5468 1259 5518 At
1290 5465 1444 5532 longe
1476 5461 1657 5529 dispar
1691 5458 1777 5511 hic
1810 5457 1966 5509 ratio.
2016 5453 2121 5517 Qui

565 5568 708 5622 enim
741 5565 1011 5618 intechum
1033 5559 1330 5619 coronavit,
1349 5555 1502 5626 quasi
1532 5551 1744 5607 absurdi
1771 5548 1902 5603 nihil
1929 5545 2116 5616 egerit,

567 5657 732 5716 sacris
778 5655 971 5708 iterum
1014 5658 1288 5722 operatur,
1332 5663 1507 5716 neque
1560 5645 1611 5697 in
1662 5642 1842 5697 abdito
1868 5637 2119 5708 quopiam

639 5798 683 5830 ⁶⁰
711 5794 1041 5866 Sap.rtt.?.l.
1120 5788 1533 5852 “Eccle.ttt,7.

2216 4630 2504 4698 ποιηκέναι
2566 4628 2657 4680 τὸν
2713 4630 3096 4699 Χρυσόστομον
3153 4632 3237 4698 ἐφ’
3294 4626 3368 4685 ὧν
3429 4632 3672 4703 καθῇρεν
3725 4633 3783 4698 ἓξ

2218 4721 2564 4773 ὲπισκόπων’
2614 4720 2766 4771 οὐδὲν
2807 4721 2867 4771 τὸ
2917 4721 3324 4789 παραλλάττον,
3364 4724 3412 4772 εί
3457 4723 3550 4776 καὶ
3597 4722 3781 4784 δοκεῖ,

2220 4813 2382 4882 ήνίκα
2442 4813 2727 4873 κάκείνους
2781 4813 2961 4881 πάσης
3037 4811 3331 4882 ἱερωσύνης
3390 4813 3784 4884 ἀλλοτριώσας,

2225 4905 2391 4972 μόνην
2442 4904 2539 4968 τὴν
2595 4905 2672 4965 εἰς
2715 4903 2774 4955 τὸ
2818 4903 3203 4973 θυσιαστήριον
3253 4904 3555 4976 μετάληψιν
3599 4909 3788 4973 αὑτοῖς

2224 4994 2607 5064 παρεχώρησε.
2665 4995 2855 5062 Δῶμεν
2911 4995 2967 5046 δὲ
3033 4996 3126 5048 καὶ
3189 4996 3626 5066 παραλλάττειν,
3691 5002 3787 5053 καὶ

2228 5087 2418 5155 ὕφεσιν
2467 5087 2632 5155 ἔχειν.
2680 5086 3073 5155 Μιμείσθωσαν
3100 5087 3150 5138 οί
3197 5087 3538 5158 βουλόμενοι.
3573 5092 3668 5144 καὶ
3693 5093 3785 5144 οὑ,

2224 5176 2333 5240 δεὶς
2364 5178 2390 5228 ὁ
2423 5175 2680 5228 κωλύσων
2700 5193 2713 5205 ο
2747 5176 2918 5244 στόμα
2949 5178 3054 5244 γὰρ
3081 5177 3214 5228 Θεοῦ
3245 5179 3337 5229 καὶ
3367 5174 3537 5244 οὗτος,
3559 5182 3653 5232 καὶ
3675 5183 3786 5234 τῶν

2225 5265 2538 5320 ἀποστόλων
2565 5266 2895 5334 όμόσκηνος”
2929 5261 2988 5319 οὗ
3016 5268 3103 5317 καὶ
3134 5266 3301 5319 πολλὰ
3330 5269 3639 5339 μέμνηνται
3679 5274 3783 5336 ἕως

2226 5357 2318 5410 τοῦ
2365 5359 2652 5425 παρόντος,
2707 5356 2799 5407 καὶ
2854 5356 3024 5416 οὐδεὶς
3074 5357 3199 5427 περὶ
3242 5357 3429 5410 τούτου
3481 5360 3783 5427 διήνεκται.

2241 5448 2377 5500 Ἀλλ’
2410 5437 2534 5515 οὑχΐ
2559 5438 2660 5498 ὧδε
2691 5444 2863 5506 οὓτως
2895 5445 3026 5514 ἔχει.
3065 5447 3123 5496 '0
3155 5446 3263 5516 γὰρ
3305 5447 3393 5499 τὸν
3437 5449 3626 5517 μοιχὸν
3665 5467 3786 5503 ate-

2230 5537 2483 5606 φανώσας
2511 5577 2523 5601 ,
2567 5536 2640 5599 ὡς
2679 5536 2844 5605 μηδὲν
2894 5538 3191 5606 πεπραχὼς
3225 5538 3441 5599 ἄτοπον,
3491 5540 3787 5610 ίερουργῶν

2231 5632 2393 5686 πάλιν
2423 5630 2538 5682 ἐστί
2559 5645 2572 5658 ·
2593 5628 2688 5682 καὶ
2713 5627 2833 5681 οὑδὲ
2856 5629 2911 5681 ὲν
2940 5626 3228 5697 ἀποδὺστῳ
3257 5645 3359 5681 που
3383 5629 3783 5699 εἰσερχόμενος,

1615 5778 2035 5844 "Mattlt.x,“26.
2091 5775 2470 5840 “At:t.xvr,5.
2536 5768 2838 5825 °"Can.28.
2905 5767 3162 5823 "Pallad.
3194 5767 3246 5822 in
3295 5766 3406 5821 Vim
3432 5767 3596 5834 Chrm
3639 5773 3782 5828 c.|;‘i.
