3914 6444
177 414 288 478 985

1403 418 1938 480 EPISTOLARUM
1977 422 2123 482 LIB.
2169 426 2196 484 Ι
2207 471 2220 486 .

3324 440 3430 505 986

175 525 297 579 ἀλλ’
329 525 422 578 ἐπ’
468 524 636 592 αὐτῆς
691 523 791 593 τῆς
839 523 1134 593 καθολικῆς
1170 524 1494 596 Ἐκκλησίας
1515 546 1527 560 ·
1561 528 1636 591 ὼς
1670 528 1730 580 εί‹

1856 527 1995 592 loco,
2024 530 2121 584 sed
2150 529 2206 584 in
2237 531 2353 601 ipsa
2402 532 2644 591 Ecclesia
2677 539 2965 606 catholica.
2993 553 3246 613 tanquam
3269 564 3425 622 egre-

175 616 485 686 ὑπόδειγμα
512 615 677 668 καλὸν
705 618 821 680 τοῖς
855 615 1062 687 ἱερεῦσι
1088 618 1474 688 προκείμενος.

246 711 350 775 Τίς
411 710 468 765 δὲ
520 710 654 779 ἡμῖν
715 710 749 780 ἡ
803 709 897 763 τοῦ
964 709 1414 766 Οὐαλεντινιανοῦ
1483 711 1751 781 δυογαμία

171 804 403 875 ἑθνική;
453 803 551 857 καὶ
595 801 680 866 τίς
705 801 866 856 αὑτὸν
913 802 1262 872 στεφανώσας
1292 804 1396 856 ἐπὶ.
1411 805 1586 874 τούτῳ
1619 806 1749 857 ἀνα-

172 898 508 969 κηρύττεται
558 899 738 966 ἅγιος,
768 895 865 950 καὶ
906 896 1029 966 οὑχλ⁸
1073 897 1418 967 παράνομος,
1456 897 1615 968 εἴπερ
1652 898 1750 950 καὶ

171 992 556 1059 ἐστεφάνωται
586 1009 602 1057 ;
638 990 748 1043 Kal.
796 989 881 1053 τίς
927 987 1228 1059 τηνικαῦτα
1280 989 1390 1041 τῶν
1443 989 1748 1044 θεσπεσίων

171 1083 438 1150 Πατέρων
475 1083 661 1151 γραφῇ
693 1080 1032 1151 παρέδωκεν,
1063 1081 1137 1142 ὡς
1173 1080 1336 1141 ὁσίως
1369 1078 1746 1133 Οὑαλεντινια·

169 1173 261 1236 νὸς
298 1173 592 1244 πεποίηκε,
612 1172 706 1224 δύο
732 1175 996 1239 γυναῖκας
1023 1171 1289 1240 ἀγόμενος
1314 1212 1328 1235 ,
1365 1172 1456 1224 καὶ
1482 1171 1657 1242 χρεὼν
1682 1175 1747 1226 ὲκ

167 1265 265 1321 τοῦ
300 1265 462 1334 δεῦρο
493 1264 649 1316 τοῦτο
679 1262 1048 1331 πράττεσθαις
1081 1261 1274 1315 Πολλοὶ
1303 1262 1482 1314 τοίνυν
1517 1261 1610 1315 καὶ
1653 1262 1746 1316 ἆλ-

169 1359 274 1419 λοι,
297 1356 484 1425 ἐπειδὴ
512 1356 572 1407 τὸ
599 1354 885 1425 βούλεσθαι
914 1354 1098 1417 αὐτοῖς
1125 1354 1288 1423 νόμος
1317 1355 1466 1406 ἐστὶν
1493 1355 1554 1407 ού
1576 1353 1741 1417 θεῖος,

167 1448 286 1503 ἀλλ’
313 1445 653 1517 ἀνθρώπινος
677 1445 771 1498 καὶ
798 1444 1291 1515 κατηγορούμενος,
1324 1443 1618 1513 δεδράκασι
1651 1444 1745 1497 καὶ⁹

165 1540 432 1611 δράξουσι
469 1537 631 1608 τυχὸν
675 1538 790 1600 ἕως,
824 1535 918 1589 τοῦ
968 1535 1186 1597 αἰῶνος.
1229 1534 1366 1587 Ἀλλ’
1402 1537 1433 1606 ἠ
1465 1535 1559 1588 τοῦ
1607 1535 1742 1589 Θεοῦ

179 1630 483 1700 Ἐκκλησία
545 1627 858 1700 μεμένηκεν
923 1627 1244 1696 ἀπήμαντος
1271 1665 1286 1690 ,
1356 1626 1460 1678 κᾶν
1527 1624 1742 1688 πολλοῖς

166 1725 371 1798 ἐϐλήθη
391 1723 717 1793 τοξεύμασι·
734 1722 827 1775 καὶ
849 1720 1013 1775 πύλαι
1043 1719 1169 1791 ᾇδου
1215 1717 1544 1790 κατισχῦσαι
1571 1719 1742 1788 αὐτῆς

165 1820 224 1871 οὐ
259 1819 613 1886 δεδύνηνται·
650 1813 774 1868 οὐδὲ
807 1812 960 1882 παρὰ
984 1813 1110 1874 τοὺς
1143 1811 1431 1881 κειμένους
1457 1811 1616 1880 ὄρους
1646 1811 1737 1862 καὶ

165 1912 370 1978 νόμους
407 1908 668 1978 πράττειν
699 1922 750 1958 τι
776 1905 871 1959 καὶ
904 1902 1084 1971 λέγειν
1111 1901 1393 1971 ἀνέχεται·
1427 1899 1528 1954 κᾶν
1559 1900 1743 1952 πολλοὶ

166 1999 454 2071 πολλαχῶς
501 1998 763 2068 ποιμένες
804 1993 1247 2065 ἡφρονεύσαντοθ
1299 1992 1422 2046 ἐπεὶ
1466 1993 1560 2045 καὶ
1615 2008 1740 2044 συν-

162 2093 320 2155 όδους
368 2089 778 2161 συνεκρότησαν
809 2085 1051 2156 μεγάλας
1081 2083 1194 2155 (22)
1241 2084 1333 2138 καὶ
1366 2082 1736 2153 παμπληθεῖς,

163 2187 259 2240 καὶ
302 2183 628 2253 Ἐκκλησίαν
660 2177 794 2232 Θεοῦ
834 2177 1061 2239 ἑαυτοὺς
1088 2175 1441 2246 ὠνομάκασιο
1469 2176 1564 2229 καὶ
1602 2175 1741 2244 ὑπὲρ

163 2281 410 2337 κανόνων
461 2275 788 2346 ἐφρόντισαν
830 2269 908 2341 τῷ
954 2270 1167 2335 δοκεῖν,
1212 2268 1352 2323 κατὰ
1392 2269 1634 2322 κανόνων
1679 2269 1740 2321 τὸ

162 2373 365 2445 ἀληθὲς
421 2366 753 2436 κινούμενοι.
799 2363 865 2416 Τί
911 2361 977 2433 δὴ
1028 2360 1342 2432 θαυμαστὸν
1396 2361 1444 2413 εί
1490 2361 1585 2415 καὶ
1642 2359 1738 2413 νῦν

161 2464 328 2517 πέντε
367 2458 461 2512 καὶ
505 2456 636 2508 δέκα
676 2451 836 2522 τυχὸν
893 2450 1182 2505 ἐπίσκοποι
1231 2450 1586 2520 συναχθέντες
1645 2448 1737 2503 τὸν

159 2553 267 2608 ὑπὸ
307 2549 418 2602 τῶν
464 2543 704 2598 κανόνων
767 2541 1146 2613 καθῃρημένον
1191 2541 1335 2594 κατὰ
1381 2539 1474 2594 δύο
1520 2539 1734 2604 αίτίας,

159 2642 449 2715 ηθὼωσαν,
491 2635 753 2696 λύσαντες
784 2633 876 2687 τοῦ
912 2633 1251 2704 ίερουργεῖν;
1282 2631 1506 2694 Σύνοδος
1532 2631 1731 2694 τοίνυν,

158 2739 418 2798 δέσποτα,
461 2731 522 2784 οὗ
561 2730 622 2781 τὸ
651 2726 839 2791 ἁπλῶς
877 2726 1209 2794 συνάγεσθαι
1245 2725 1506 2797 ίεράρχας
1541 2741 1600 2778 τε
1640 2725 1734 2778 καὶ

160 2824 360 2892 ίερεῖς,
393 2817 496 2873 κᾶν
528 2815 714 2869 πολλοὶ
753 2809 876 2869 ὦσι.
923 2814 1209 2880 Κρείσσων
1257 2815 1400 2884 γὰρ,
1443 2814 1609 2883 φησὶ,
1653 2808 1732 2876 εἷς

160 2911 335 2968 ποιῶν
360 2910 422 2963 τὸ
450 2907 663 2976 θέλημα
689 2906 781 2959 τοῦ
810 2907 1039 2977 Κυρίου,
1066 2905 1100 2974 ἢ
1135 2904 1318 2976 μυρίοι
1361 2903 1732 2974 παραϐαίνον-

157 3019 280 3068 τες’
327 3000 464 3058 ἀλλὰ
493 2998 554 3051 τδ
582 3000 639 3051 ὲν
665 2998 890 3068 ὀνόματι
935 2995 1164 3066 Κυρίου,
1199 2999 1257 3049 ὲν
1285 2998 1354 3066 τῇ
1403 2996 1595 3066 εἰρήνῃ
1633 2993 1731 3048 καὶ

157 3096 374 3167 φυλακῇ
424 3091 532 3145 τῶν
593 3091 866 3144 κανόνωνθ
933 3090 1030 3142 καὶ
1091 3089 1150 3142 τὸ
1183 3089 1405 3183 δεσμεῖν
1443 3088 1534 3140 καὶ
1583 3087 1730 3183 λύειν
1757 3124 1799 3183 c

157 3187 256 3256 οὐχ
302 3185 378 3247 ὡς
409 3182 620 3251 ἔτυχεν,
665 3179 781 3234 ἀλλ’
819 3178 893 3241 ὼς
925 3176 1072 3230 δοκεῖ
1117 3181 1183 3247 τῇ
1213 3175 1445 3248 ἀληθείᾳ
1471 3215 1485 3239 ,
1518 3177 1611 3230 καὶ
1651 3175 1730 3246 τῷ

156 3274 367 3338 κανόνι,
412 3272 507 3325 καὶ
534 3270 615 3340 τῷ
659 3269 898 3339 γνώμονι
929 3268 1030 3338 τῆς
1057 3267 1362 3340 ἀκριϐείας.
1390 3268 1460 3323 Ἣ
1485 3267 1731 3332 δείξωσιν

155 3371 208 3421 οἱ
242 3364 594 3426 συνελθόντες
633 3362 793 3416 τοῦτο
842 3360 1227 3430 πεποιηκότες·
1277 3360 1371 3414 καὶ
1410 3360 1574 3429 ἡμεῖς
1632 3359 1729 3411 σὺν

153 3461 374 3523 αὐτοῖς·
408 3457 442 3529 ἢ
468 3457 530 3512 οὐ
560 3455 916 3516 δεικνύουσιν,
946 3452 1328 3506 ὲκϐαλέτωσαν
1369 3452 1460 3504 τὸν
1487 3449 1725 3515 ἀνάξιον,

155 3555 244 3615 ἕνα
290 3551 368 3623 μὴ
415 3553 496 3614 είς
544 3548 904 3617 κατηγόρημα
932 3544 1115 3608 αὐτοῖς
1153 3545 1247 3598 καὶ
1271 3546 1392 3606 ταῖς
1431 3543 1727 3613 μετέπειτα

151 3646 371 3714 γενεαῖς
408 3639 878 3710 παραδοθήτεται’
925 3637 987 3690 '0
1010 3638 1192 3708 λόγος
1225 3635 1335 3707 γὰρ
1367 3639 1399 3690 d
1443 3635 1548 3690 τοῦ
1577 3634 1725 3689 Θεοῦ

151 3735 436 3791 δεδέσθαι
457 3734 647 3802 φύσιν
677 3732 787 3784 οὐκ
824 3729 951 3798 ἔχει
974 3743 989 3759 ⁶
1023 3731 1116 3783 καὶ
1157 3727 1377 3796 ἐξουσία
1402 3730 1515 3793 τοῖς
1544 3729 1727 3800 ἱεράρ-

150 3847 277 3901 χαις
307 3831 364 3882 ἐν
395 3826 568 3880 οὐδενὶ
590 3823 798 3876 δέδοται
828 3823 922 3875 ἐπὶ
949 3821 1096 3895 πάσῃ
1126 3822 1436 3894 παραϐάσει
1465 3823 1721 3885 κανόνος·

149 3922 182 3992 ἢ
238 3920 402 3991 μόνον
449 3916 683 3984 στοιχεῖν
719 3912 788 3966 τὰ
835 3913 1164 3982 δεδογμένα,
1210 3914 1302 3966 καὶ
1343 3914 1572 3966 ἕπεσθαι
1610 3916 1724 3977 τοῖς

148 4009 538 4085 προλαϐοῦσιν.

218 4104 338 4157 Ούκ
360 4097 480 4154 οἶδα
521 4101 572 4154 εἰ
602 4099 680 4171 μή
707 4114 760 4151 τι
791 4097 1144 4152 ἀκανόνιστόν
1167 4098 1281 4153 ἐστι
1314 4100 1408 4152 καὶ
1435 4115 1721 4169 παρεωραο

150 4192 336 4263 μένον.
371 4189 484 4271 ἰξαὶ
519 4189 650 4258 πρὸς
683 4187 842 4242 τοῦτο
871 4185 1051 4240 κανὼν
1093 4187 1186 4240 τοῦ
1225 4187 1380 4256 ἁγίου
1404 4186 1719 4263 Βασιλείου,

147 4287 229 4348 είς
267 4282 421 4352 ἱερέα
451 4279 778 4350 όμωμοκότα
809 4279 893 4332 ἐπ’
919 4277 1146 4349 ἀληθείᾳ
1178 4278 1271 4332 τοῦ
1297 4279 1584 4349 ἀρκεῖσθαι
1621 4280 1718 4350 μό-

148 4393 240 4429 νον
271 4377 342 4445 τῇ
383 4373 562 4444 οίκείᾳ
601 4371 925 4442 Ἐκκλησία,
957 4372 1053 4424 καὶ
1087 4371 1338 4442 μηδαμοῦ
1375 4372 1510 4443 ἄλλῃ
1551 4389 1719 4442 προσ⁸

1852 619 1997 689 gium
2032 624 2343 693 exemplum
2378 629 2750 687 sacerdotibus
2780 638 3110 704 propositus.

1922 715 2178 779 Quaenam
2233 734 2360 774 vero
2405 722 2564 778 nobis
2596 723 2967 784 Valentiniani
3013 733 3233 788 ethnica
3270 735 3426 807 biga-

1850 806 1997 859 mia?
2027 815 2083 861 et
2110 808 2232 876 quis
2280 821 2566 882 propterea
2613 818 2757 886 quod
2790 819 2936 877 illum
2963 826 3257 890 coronarit,
3296 806 3424 882 san-

1850 907 1970 952 ctus
1996 900 2537 969 praedicatur,etnon
2566 908 2893 978 injustus?si
2923 921 3102 969 tamen
3131 929 3422 974 coronatus

1849 990 1938 1045 ille
1965 991 2090 1046 fuit.
2120 993 2188 1049 Et
2216 997 2338 1064 quis
2367 1013 2397 1051 e
2428 1001 2651 1066 sanctis,
2680 1003 2773 1072 qui
2807 1012 2936 1060 tunc
2962 1006 3221 1062 vivebant
3248 1008 3423 1064 Patri-

1847 1082 1971 1148 bus,
2015 1094 2204 1140 sancte
2242 1087 2437 1143 fecisse
2488 1088 2926 1150 Valentinianum
2987 1099 3244 1168 prodidit,
3291 1117 3417 1156 cum

1846 1173 1983 1228 duas
2035 1191 2235 1232 uxores
2278 1179 2464 1244 duxit;
2512 1191 2676 1252 atque
2721 1185 2792 1238 ita
2823 1185 2937 1240 fieri
2981 1187 3234 1260 deinceps
3259 1205 3421 1262 opor-

1846 1273 1962 1320 tere
1993 1266 2190 1321 ?Multi
2219 1284 2349 1340 ergo
2398 1279 2454 1325 et
2497 1274 2612 1338 alii,
2642 1277 3081 1346 quandoquidem
3114 1281 3252 1337 velle
3284 1282 3419 1353 ipsis

1844 1356 1930 1412 lex
1959 1368 2064 1424 est,
2099 1376 2208 1414 non
2238 1362 2441 1428 divina,
2472 1367 2568 1420 sed
2598 1367 2833 1424 humana
2864 1378 2920 1424 et
2961 1372 3414 1442 reprehendenda

1845 1448 1898 1502 id
1943 1449 2214 1513 fecerunt.
2248 1451 2556 1524 facientque
2589 1456 2842 1524 fortasse,
2875 1463 3118 1530 quandiu
3169 1480 3258 1521 res
3306 1477 3418 1523 sta-

1844 1539 2001 1595 bunt.
2036 1542 2141 1597 Sed
2173 1543 2268 1598 Dei
2320 1545 2565 1601 Ecclesia
2605 1547 2774 1604 illaesa
2831 1555 3155 1622 permansit,
3198 1561 3414 1615 tametsi

1845 1632 2030 1687 multis
2068 1633 2312 1703 impetita
2377 1637 2543 1691 telis:
2591 1649 2648 1694 et
2694 1649 2862 1709 porta:
2908 1642 3067 1699 inferi
3118 1648 3416 1716 praevalere

1841 1721 2104 1778 adversus
2136 1740 2254 1778 eam
2285 1740 2394 1780 non
2450 1738 2747 1797 potuerunt
2775 1749 2786 1785 :
2821 1748 2924 1788 nec
2956 1744 3155 1804 praeter
3183 1747 3416 1796 statutos

1846 1828 2086 1869 canones
2121 1830 2186 1871 ac
2234 1817 2382 1888 leges
2403 1835 2562 1890 agere
2593 1831 2686 1877 aut
2711 1823 2894 1880 dicere
2922 1827 3218 1897 quidquam
3244 1833 3414 1887 susti-

1854 1912 1963 1968 net,
1995 1906 2240 1973 quamvis
2280 1908 2434 1961 multi
2469 1925 2713 1982 persmpe
2756 1925 3001 1983 pastores
3047 1918 3410 1978 insanierint:

1841 1996 2043 2067 quippe
2067 1998 2160 2067 qui
2179 1999 2345 2054 etiam
2365 2002 2600 2069 synodos
2621 2020 2844 2076 magnas
2862 2022 2927 2062 ac
2945 2007 3414 2079 frequentissimas

1841 2099 2166 2158 coegerunt,
2200 2100 2254 2144 et
2288 2089 2582 2147 Ecclesiam
2613 2094 2706 2149 Dei
2757 2097 2966 2166 seipsos
3003 2110 3410 2171 nuncuparunt,

1839 2187 1893 2233 et
1915 2195 2015 2248 pro
2044 2182 2348 2237 canonibus
2375 2184 2429 2237 in
2458 2186 2642 2254 specie
2700 2187 2916 2242 solliciti
2976 2189 3221 2259 fuerunt,
3283 2209 3409 2249 cum

1837 2271 2099 2327 adversus
2148 2287 2385 2329 canones
2437 2290 2628 2332 revera
2678 2280 2936 2335 concitati
2966 2281 3210 2339 fuerunt.
3264 2285 3411 2354 Quid

1837 2377 1966 2434 ergo
1997 2364 2195 2418 mirum
2242 2365 2287 2419 si
2342 2382 2489 2422 nunc
2541 2384 2758 2439 quoque
2815 2373 3126 2441 quindecim
3175 2377 3403 2434 forsitan

1836 2456 2099 2526 episcOpi,
2126 2460 2460 2530 congregati,
2493 2461 2770 2517 hominem
2803 2479 2902 2534 per
2925 2481 3164 2523 canones
3203 2470 3408 2541 duplici

1826 2563 1899 2603 ex
1924 2564 2086 2604 causa
2112 2551 2799 2620 depositum,innocentem
2823 2558 3188 2627 declararunt,
3222 2563 3409 2619 absol-

1835 2651 2159 2710 veruntque,
2200 2651 2257 2697 ut
2303 2644 2609 2701 sacerdotio
2640 2646 2934 2719 fungatur?
2964 2650 3242 2723 Synodum
3277 2670 3410 2728 ergo

1833 2730 1985 2795 facit,
2013 2730 2262 2798 Domine,
2319 2748 2430 2788 non
2464 2735 2787 2806 simpliciter
2829 2744 3146 2814 congregari
3192 2741 3406 2816 cpisco-

1832 2838 1930 2892 pos
1956 2832 2010 2878 ct
2033 2825 2364 2891 sacerdotes,
2392 2828 2639 2896 quamvis
2668 2831 2822 2885 multi
2859 2833 2990 2890 sint.
3037 2833 3226 2892 Melior
3253 2838 3402 2894 enim

1832 2929 1995 2979 unus,
2025 2915 2122 2981 ait,
2161 2914 2367 2970 faciens
2405 2918 2741 2976 voluntatem
2789 2921 3026 2991 Domini,
3057 2942 3219 2996 quam
3252 2929 3403 2985 mille

1832 3004 2280 3072 prawaricatores
2300 3005 2345 3037 “
2374 3025 2386 3060 :
2420 3009 2516 3062 sed
2536 3009 2590 3062 in
2621 3011 2843 3068 nomine
2865 3013 3100 3081 Domini,
3136 3016 3190 3070 in
3213 3032 3404 3086 pacem

1832 3104 1887 3149 et
1915 3095 2352 3152 observationem
2383 3114 2677 3169 canonum,
2706 3112 2762 3158 et
2793 3105 2859 3159 ad
2891 3105 3164 3177 ligandum
3186 3110 3406 3165 solven-

1832 3188 2069 3258 dumque
2101 3205 2210 3244 non
2235 3193 2664 3261 quomodolihet,
2693 3196 2789 3251 sed
2821 3207 2881 3252 ut
2908 3199 3121 3256 veritati
3151 3205 3406 3275 congruit

1830 3288 1885 3333 et
1908 3282 2104 3335 canoni
2135 3284 2445 3354 regulaeque
2478 3298 2680 3342 exacta:
2713 3288 3089 3348 discussionis.
3133 3294 3244 3350 Aut
3272 3312 3404 3366 pro-

1828 3370 2038 3426 habunt
2083 3387 2141 3428 se
2181 3375 2284 3429 hoc
2327 3375 2548 3441 fecisse,
2589 3380 2681 3447 qui
2729 3393 3128 3451 convenerunt,
3183 3395 3240 3441 et
3298 3404 3403 3445 nos

1827 3474 1951 3514 cum
1984 3462 2064 3516 eis
2093 3464 2431 3520 adbmremus
2451 3509 2465 3532 ,
2497 3478 2592 3523 aut
2616 3470 2658 3524 si
2690 3485 2801 3525 non
2831 3473 3407 3548 probabunt,ejiciant

1830 3551 2132 3624 indignum,
2193 3571 2261 3611 ne
2308 3557 2440 3612 vitio
2483 3560 2618 3628 ipsis
2679 3572 2939 3629 vertatur,
2997 3565 3404 3641 imputeturque

1827 3647 1990 3700 etiam
2025 3647 2166 3715 apud
2198 3658 2463 3717 posteros.
2507 3650 2730 3706 Verbum
2764 3654 2881 3721 Dei,
2928 3657 3121 3725 inquit,
3160 3662 3267 3716 tale
3299 3680 3404 3717 non

1827 3744 1902 3788 est
1931 3745 1989 3788 ut
2012 3736 2225 3806 alligari
2255 3748 2411 3807 queat
2444 3741 2488 3771 "
2513 3759 2526 3793 :
2553 3751 2608 3795 et
2639 3750 2882 3812 potestas
2920 3747 3194 3819 episcOpis
3219 3753 3399 3808 nulla-

1828 3835 1986 3881 tenus
2016 3826 2139 3880 data
2174 3836 2275 3889 est,
2302 3837 2361 3882 ut
2394 3845 2658 3886 canonem
2685 3835 2855 3888 ullum
2887 3842 3354 3910 transgrediantur
3384 3865 3398 3901 :

1825 3918 1921 3973 sed
1953 3924 2162 3973 tantum
2204 3929 2264 3975 ut
2296 3920 2514 3978 decreta
2569 3937 2888 3996 sequantur,
2951 3931 3298 4006 hat-eantque
3342 3937 3399 3993 in

1823 4011 2114 4080 prioribus.

1893 4100 2088 4156 Nescio
2120 4119 2188 4158 an
2213 4104 2412 4174 aliquid
2447 4107 2536 4168 sit.
2572 4107 2640 4162 de
2667 4124 2775 4177 quo
2794 4125 2968 4167 canon
3004 4115 3184 4170 nullus
3219 4117 3399 4173 editus

1823 4193 1914 4255 sit,
1946 4195 2200 4263 quodque
2236 4198 2540 4268 neglectum
2573 4199 2762 4255 fuerit.
2803 4202 2994 4259 Exstat
3016 4209 3186 4262 sancti
3212 4208 3395 4268 Basilii

1822 4300 1999 4340 canon
2027 4286 2071 4318 “
2105 4287 2172 4340 de
2203 4290 2540 4360 presbytero,
2573 4292 2664 4362 qui
2698 4293 2910 4363 jurarat
2940 4311 2998 4350 se
3042 4300 3259 4370 propria
3287 4303 3394 4359 Ec-

1822 4377 1983 4433 clesia
2011 4387 2328 4433 contentum
2367 4381 2503 4438 fore.
2529 4400 2705 4454 neque
2741 4386 2795 4440 in
2827 4388 2931 4441 alia
2957 4404 3152 4445 munus
3179 4393 3395 4449 oblatu-

146 4467 340 4538 φέρειν
369 4463 564 4533 δῶρον.
596 4463 707 4516 Καὶ
741 4461 926 4525 πᾶλιν,
977 4463 1075 4531 τῆς
1117 4461 1175 4514 ὲν
1227 4462 1588 4533 Καρθαγένῃ,
1630 4463 1722 4515 ἐπὶ

1834 4486 1968 4524 rum.
2019 4471 2086 4525 Et
2133 4487 2324 4527 rursus
2369 4475 2556 4544 synodi
2617 4477 3152 4550 Carthaginensis",
3211 4485 3281 4540 de
3325 4486 3392 4542 iis

145 4559 255 4614 τῶν
286 4556 742 4628 χειροτονούντων
776 4556 904 4617 τοὺς
929 4555 994 4607 ὲκ
1026 4553 1136 4611 τῶν
1165 4557 1543 4625 μοναστηρίων
1581 4557 1720 4609 ἀπο-

144 4649 508 4713 οτατοῐὶντας⁹
552 4648 635 4710 τὺ,
666 4649 792 4711 τοὺς
819 4646 1095 4710 τοιούτους
1133 4648 1207 4717 μὴ
1248 4647 1358 4702 δεῖν
1408 4651 1488 4712 είς
1525 4648 1719 4716 ἑτέραν

155 4741 490 4813 Ἐκκλησίαν
539 4742 671 4813 παρ’
721 4741 786 4810 ἢν
833 4739 1053 4808 κατέχει
1114 4738 1344 4804 ἕκαστος
1391 4741 1716 4812 ἐπισκοπὴν,

146 4837 499 4908 ίερουργεῖνο
532 4836 658 4898 τοὺς
685 4833 743 4889 δὲ
778 4833 1256 4905 χειροτονηθέντας
1283 4830 1418 4888 εἶναι
1468 4834 1716 4907 καθῃρη-

145 4930 360 5001 μένους.
398 4929 461 4981 El
488 4928 670 4982 τοίνυν
699 4928 790 4981 ἐπὶ
835 4927 1041 4981 τούτων
1084 4926 1192 4979 τῶν
1236 4926 1432 4994 ψιλῶν,
1473 4927 1569 4980 καὶ
1606 4928 1718 4989 τοῖς

141 5022 364 5084 πολλοῖς
409 5019 529 5072 οὐδὲ
571 5018 875 5072 δοκούντων
933 5037 986 5072 τι
1035 5013 1175 5071 εἶναι
1224 5019 1557 5088 ὲφάμαρτον,
1617 5016 1719 5070 οὐκ

142 5113 480 5183 ἁνεκδίκητα
503 5112 570 5179 τᾲ
594 5112 838 5185 κρίματα
863 5110 1043 5166 καὶτὰ
1067 5110 1162 5164 τοῦ
1190 5110 1324 5164 Θεοῦ
1341 5109 1714 5181 δικαιώματα·

140 5207 294 5273 πόσῳ
323 5221 390 5274 γε
423 5204 622 5275 μᾶλλον
653 5205 747 5257 ἐπὶ
781 5203 877 5256 τοῦ
925 5204 1190 5274 παρόντος
1233 5203 1383 5271 ;Οὐκ
1419 5203 1566 5255 ἐστιν
1602 5199 1717 5267 οὖν,

141 5301 241 5356 οὐκ
273 5298 447 5363 ἐστιν,
494 5292 539 5351 ὦ
566 5297 802 5351 δέσποτα
824 5336 840 5360 ,
869 5295 992 5350 οὔτε
1022 5298 1120 5366 τὴν
1156 5296 1275 5349 καθ’
1303 5298 1450 5367 ἡμᾶς
1485 5296 1718 5367 Ἐκκλη-

142 5390 286 5455 σίαν,
320 5389 446 5442 οὔτε
477 5389 671 5460 ἑτέραν
690 5430 706 5453 ,
739 5390 889 5460 παρὰ
918 5389 1043 5452 τοὺς
1069 5388 1359 5458 κειμένους
1383 5387 1580 5457 νόμους
1618 5388 1712 5443 καὶ

1817 4561 1907 4630 qui
1940 4562 2193 4616 ordinant
2220 4578 2314 4616 eos
2341 4565 2432 4633 qui
2458 4565 2720 4623 deserunt
2749 4574 3079 4628 monasteria
3108 4593 3121 4628 :
3157 4592 3266 4630 non
3295 4579 3392 4634 de-

1817 4649 1948 4704 bere
1978 4651 2114 4705 tales
2145 4653 2451 4708 sacrificare
2481 4656 2537 4708 in
2573 4657 2676 4711 alia
2712 4658 2971 4723 Ecclesia,
3027 4674 3389 4738 praeterquam

1817 4745 1870 4797 in
1899 4759 1982 4808 ea,
2015 4744 2070 4798 in
2109 4761 2212 4814 qua
2247 4746 2448 4802 habent
2477 4749 2671 4819 singuli
2715 4752 3097 4819 praefecturam
3131 4775 3145 4812 :
3187 4759 3388 4829 deponi

1815 4842 1997 4890 autem
2027 4851 2121 4890 eos
2152 4837 2241 4906 qui
2271 4837 2502 4893 ordinati
2530 4847 2676 4894 sunt.
2716 4840 2772 4896 Si
2803 4860 2932 4915 ergo
2973 4847 3028 4900 in
3065 4847 3150 4902 his
3186 4851 3386 4920 parvis,

1815 4935 1870 4980 et
1895 4941 2016 4996 quae
2043 4927 2202 4998 vulgo
2232 4928 2371 4982 nihil
2399 4930 2757 4997 aestimantur,
2805 4936 2894 5004 qui
2929 4946 3245 5007 peccaruut,
3276 4957 3389 5005 non

1815 5016 1974 5072 inulti
2013 5018 2235 5073 abibant
2260 5019 2445 5074 divino
2470 5021 2678 5090 judicio
2711 5041 2725 5079 :
2760 5035 2967 5094 quanto
3020 5029 3202 5084 minus
3236 5032 3291 5086 in
3329 5049 3396 5090 ro

1816 5111 2108 5179 praesenti!
2141 5111 2259 5166 Non
2307 5112 2434 5168 licet
2458 5114 2644 5184 igitur,
2678 5115 2916 5184 domine,
2966 5136 3077 5176 non
3128 5123 3256 5180 licet
3285 5140 3391 5182 nec

1817 5200 2073 5257 Ecclesia:
2104 5212 2325 5271 nostrae,
2350 5222 2452 5261 nec
2496 5208 2651 5263 alteri
2685 5209 2800 5274 ulli,
2853 5213 3148 5283 quidquam
3191 5229 3391 5286 praeter

1816 5303 2047 5350 statutas
2075 5298 2220 5367 leges
2254 5307 2309 5353 et
2340 5316 2579 5356 canones
2620 5288 2970 5361 'committere
2995 5325 3006 5361 :
3031 5311 3312 5377 quoniam,
3343 5314 3388 5368 si

1823 5388 1924 5442 hoc
1945 5387 2122 5453 detur,
2144 5389 2303 5442 inane
2333 5399 2417 5444 est
2445 5392 2818 5463 Evangelium,
2836 5395 3106 5454 incassum
3128 5415 3386 5466 canones.

211 5511 258 5543 “
289 5510 460 5564 Eccli.
486 5525 599 5577 xvr,
620 5511 675 5565 ‘5.
751 5510 794 5541 "’
837 5508 878 5563 ll
909 5507 1051 5564 Tim.
1097 5525 1155 5573 ιι,
1184 5508 1235 5564 9.
1314 5509 1360 5542 ⁸⁸
1389 5505 1523 5563 Can.
1576 5509 1663 5564 10.
1740 5511 1783 5541 ⁶⁹
1811 5507 1945 5562 Cod.
1977 5504 2182 5564 Eccles.
2217 5507 2458 5564 African.
2487 5524 2610 5564 can.
2641 5508 2728 5565 75.

1665 5601 1899 5657 ΝΟΤιλΕ.

210 5688 329 5757 (22)
372 5686 678 5753 Συνόδους
702 5688 987 5757 μεγάλας.
1022 5689 1334 5744 Trullanam
1391 5689 1478 5746 hic
1528 5691 1707 5746 notari

141 5759 411 5838 synodum
430 5757 955 5838 “cgnseuDaronius.
995 5760 1145 5814 Hauc
1178 5772 1356 5838 tamen
1394 5760 1708 5838 Tli_eodorus

139 5828 194 5882 in
221 5828 381 5900 epist.
429 5828 498 5881 27
532 5828 717 5884 laudat
759 5839 812 5884 et
858 5839 1101 5886 sanctam
1145 5832 1395 5902 appellat.
1453 5832 1707 5893 Fortasse

1820 5691 2086 5766 synodum
2141 5690 2361 5766 Tyriam
2418 5695 2661 5766 aliasque
2720 5696 2982 5757 adversus
3027 5701 3386 5759 Athanasium

1820 5773 2035 5817 coactas
2067 5763 2333 5832 intelligit.
