3914 6454
501 403 608 468 98Ἱ

1690 404 1748 465 S.
1783 403 2176 464 THEODORI
2219 405 2565 466 STUDIT.E

3639 405 3747 470 988

499 509 886 580 Unusquisque
919 511 1265 580 episcopatus
1305 509 1388 566 sui
1422 519 1683 581 tempore,
1718 515 1935 582 quando
1972 515 2070 584 ipsi

2184 515 2407 576 κανόνας
2447 515 2621 566 ποιεῖν
2654 529 2726 566 τι.
2768 512 2920 566 Ἐπεὶ
2964 512 3014 565 εί
3056 512 3215 566 τοῦτο
3243 513 3444 585 δοθείη,
3489 516 3649 571 κενὸν
3687 518 3750 570 τδ

499 602 770 672 integrum
801 610 883 657 est
915 617 1036 655 cum
1065 603 1178 655 suis
1211 601 1490 671 quodlibet
1515 602 1712 669 facere,
1750 620 1924 660 novus
1969 605 2072 660 erit

497 693 840 763 evangelista,
857 692 994 747 alius
1005 693 1303 762 apostolus,
1318 693 1456 746 alius
1471 693 1745 764 legislator
1766 711 1778 746 :
1797 694 1891 748 sed
1910 695 2067 748 absit!

497 783 809 839 Mandatum
833 785 979 839 enim
997 785 1260 839 habemus
1281 786 1348 839 ab
1373 786 1490 854 ipso
1507 786 1767 854 Apostolo
1785 786 1849 850 ⁷⁸,
1875 794 2074 855 praeter

499 875 552 930 id
574 876 718 945 quod
737 877 1068 946 accepimus,
1099 887 1295 944 praeter
1319 877 1370 930 id
1389 877 1532 945 quod
1552 893 1791 932 canones
1818 878 2074 932 sanciunt

497 968 827 1038 synodorum
868 968 1257 1022 universalium
1298 968 1647 1032 etlocalium,
1678 983 1799 1036 qua:
1841 968 2073 1023 diversis

499 1061 834 1128 temporibus
851 1060 1074 1124 fuerint,
1095 1061 1137 1115 si
1164 1062 1286 1130 quis
1308 1061 1652 1129 dogmatizet,
1670 1062 1954 1116 autfacere
1971 1062 2072 1115 ali-

499 1151 628 1219 quid
647 1165 746 1203 nos
761 1149 969 1220 iubeat,
993 1151 1366 1219 recipiendum
1400 1166 1508 1204 non
1537 1165 1680 1213 esse,
1709 1165 1810 1204 nec
1838 1166 2070 1205 censen-

497 1240 627 1295 dum
654 1241 803 1295 illum
827 1242 880 1295 in
901 1251 1046 1296 sorte
1070 1252 1379 1296 sanctorum
1402 1261 1415 1297 :
1437 1243 1753 1296 utomittam
1776 1243 1914 1295 male
1934 1241 2071 1295 omi-

497 1348 694 1386 nosum
722 1333 875 1396 illud.
929 1335 1069 1402 quod
1104 1335 1392 1404 Apostolus
1445 1336 1793 1403 imprecatur.
1847 1336 1889 1387 A
1917 1336 2072 1390 nobis

498 1423 664 1494 igitur
689 1425 779 1494 qui
819 1435 969 1479 extra
1020 1427 1282 1480 mundum
1349 1441 1559 1489 sumus,
1596 1426 1742 1480 aliud
1799 1427 1936 1480 nihil
1975 1427 2071 1480 de-

498 1515 678 1581 betur,
711 1531 873 1585 quam
896 1531 957 1570 ea
983 1518 1308 1588 investigare
1341 1527 1397 1571 et
1428 1517 1627 1582 facere,
1652 1532 1714 1570 ex
1748 1519 1943 1586 quibus
1973 1533 2072 1572 nos

499 1606 664 1660 etiam
687 1608 849 1661 simul
885 1609 1227 1673 extollamur,
1257 1617 1309 1661 et
1356 1609 1421 1662 ad
1448 1609 1847 1663 aemulationem
1871 1626 2070 1679 provo-

497 1711 704 1751 cemur.
739 1696 804 1750 Et
834 1699 877 1753 si
907 1699 1126 1769 quidem
1157 1699 1210 1752 in
1245 1697 1331 1753 his
1360 1700 1468 1753 vita
1518 1699 1770 1765 ducetur,
1803 1711 1949 1756 recte
1976 1701 2074 1756 ha-

497 1789 688 1854 bebit;
721 1791 803 1843 sin
832 1792 1030 1856 minus,
1065 1792 1323 1861 expedire
1353 1792 1569 1846 exsules
1590 1800 1644 1846 et
1688 1801 1935 1850 extorres
1981 1802 2066 1849 to-

2176 605 2530 674 Εὺαγγέ).ιον,
2568 606 2688 674 εἰκῇ
2717 606 2764 657 οἱ
2796 604 3017 669 κανόνες
3039 622 3053 637 ο
3083 606 3178 659 καὶ
3206 605 3434 670 ἕκαστος
3482 608 3628 662 κατά
3656 610 3750 662 τὸν

2173 697 2363 767 καιρὸν
2408 698 2510 766 τῆς
2556 697 2762 760 οἰκείας
2807 697 3253 768 ἀρχιερωσύνης,
3302 698 3493 769 ἐπειδὴ
3539 700 3751 765 ἔξεστιν

2173 789 2319 859 αύτῷ
2352 789 2426 853 ὡς
2456 789 2605 842 δοκεῖ
2641 789 2780 859 μετὰ
2810 789 2920 841 τῶν
2950 790 3045 842 σὺν
3077 789 3224 860 αὑτῷ
3273 790 3542 861 πράσσειν
3563 831 3578 855 ,
3608 792 3751 844 ἔστω

2172 879 2292 944 νέος
2341 881 2753 952 εὐαγγελιστὴς,
2803 882 2962 944 ἄλλος
2997 881 3316 947 ἀπόστολος,
3369 883 3558 951 ἔτερος
3589 902 3753 954 νομο-

2173 971 2350 1042 θέτης.
2389 973 2527 1026 Ἀλλ’
2564 973 2835 1042 οὐδαμῶς.
2890 973 3268 1043 Παραγγελίαν
3304 974 3412 1045 γάρ
3449 975 3654 1045 ἔχομεν
3695 977 3755 1037 ἐξ

2173 1061 2338 1115 αὑτοῦ
2372 1061 2466 1115 τοῦ
2508 1063 2807 1117 ἀποστόλου
2829 1102 2844 1128 ,
2874 1065 3001 1132 παρ’
3038 1064 3065 1115 ὃ
3099 1064 3511 1135 παρελάϐομεν,
3552 1070 3688 1138 παρ’
3727 1068 3754 1119 ὃ

2171 1155 2221 1206 οἱ
2247 1154 2466 1217 κανόνες
2493 1156 2600 1208 τῶν
2635 1155 2778 1209 κατὰ
2811 1157 3036 1226 καιροὺς
3078 1156 3311 1210 συνόδων
3341 1157 3656 1210 καθολικῶν
3693 1177 3755 1212 τε

2173 1246 2269 1299 καὶ
2296 1245 2566 1311 τοπικῶν,
2589 1250 2685 1302 ὲάν
2707 1264 2789 1309 τις
2819 1247 3136 1318 δογματίζῃ,
3167 1247 3198 1318 ἢ
3230 1249 3549 1321 προστάσσῃ
3577 1252 3756 1302 ποιεῖν

2173 1338 2343 1407 ἡμᾶς,
2394 1337 2774 1407 ἁπαράδεκτον
2807 1339 2969 1391 αὐτὸν
3019 1339 3182 1408 ἔχειν,
3243 1339 3377 1409 μηδὲ
3434 1340 3755 1405 λογίζεσθαι

2173 1429 2336 1482 αὑτὸν
2379 1431 2438 1483 ὲν
2479 1430 2666 1500 κλήρῳ
2707 1430 2912 1498 ἁγίων-
2948 1431 3040 1483 καὶ
3079 1431 3140 1484 τὸ
3169 1431 3452 1503 δύσφημον
3484 1434 3757 1503 παρῆμεν

2173 1519 2354 1587 λέγειν
2377 1520 2405 1573 ὃ
2437 1521 2597 1584 αὐτὸς
2632 1521 2873 1592 εἴρηκεν.
2915 1522 3075 1590 Ἡμῖν
3103 1518 3196 1576 οὖν
3225 1525 3340 1587 τοῖς
3381 1524 3484 1588 ἔξω
3517 1527 3750 1595 κόσμου,

2173 1611 2324 1666 οὐδὲν
2357 1612 2486 1665 ἄλλο
2526 1613 2818 1679 ὀφείλεται,
2868 1614 2900 1684 ἢ
2943 1614 3001 1665 τὸ
3042 1615 3110 1667 τὰ
3162 1615 3388 1668 τοιαῦτα
3431 1617 3618 1685 ζητεῖν
3656 1618 3754 1669 καὶ

2175 1706 2473 1777 πράσσειν,
2507 1705 2567 1771 ἐξ
2601 1700 2675 1760 ιῖν
2708 1706 2801 1758 καὶ
2831 1708 2963 1775 ἡμῖν
2990 1705 3049 1758 τὸ
3081 1707 3504 1776 συνεπαίρεσθαι
3528 1709 3626 1760 καὶ
3652 1708 3755 1777 ζη-

2175 1797 2319 1852 λοῠν.
2345 1799 2455 1851 Καὶ
2484 1800 2531 1852 εί
2568 1798 2667 1867 μὲν
2702 1801 2759 1851 ὲν
2789 1799 3003 1861 τούτοις
3053 1800 3085 1869 ἡ
3131 1798 3266 1870 ζωὴ,
3314 1788 3376 1851 εὖ
3411 1799 3476 1852 ἂν
3513 1798 3648 1869 ἔχοι.
3693 1800 3757 1852 Εἰ

500 1889 614 1932 tum
651 1881 840 1936 orbem
878 1883 1167 1938 circumire
1196 1899 1321 1937 cum
1359 1885 1509 1938 omni
1560 1883 1856 1941 afﬂictione
1889 1896 1944 1942 et
1975 1903 2074 1940 an-

2184 1889 2229 1944 Βὲ
2263 1889 2376 1960 μὴ,
2407 1866 2688 1961 συμφέρον
2745 1886 2883 1942 εἶναι
2918 1890 3012 1942 καὶ
3057 1866 3275 1953 ἀοίκους
3318 1891 3415 1943 καὶ
3443 1866 3755 1953 ἀνεστίους,

497 1972 695 2040 gustia.
727 1972 961 2044 Adjuvet
997 1990 1130 2046 ergo
1160 1991 1279 2040 nos,
1315 1976 1493 2045 quoad
1537 1986 1740 2045 potest,
1774 1978 1886 2034 Deo
1909 1979 2075 2035 chara

497 2061 681 2118 anima
716 2072 828 2133 tua,
864 2075 921 2121 et
948 2065 1260 2123 divinorum
1285 2069 1614 2125 aamulatrix.

802 2394 965 2449 XXV.
1003 2426 1066 2437 —
1091 2396 1387 2469 Nicephoro
1412 2403 1753 2470 patriarcha.

2172 1984 2266 2036 καὶ
2295 1981 2394 2053 τὴν
2427 1983 2518 2035 ὑπ’
2552 1981 2778 2052 οὐρανὸν
2822 1981 3209 2050 περιέρχεσθαι
3246 1980 3385 2052 μετὰ
3411 1981 3594 2052 πάσης
3637 1981 3757 2034 θλί-

2169 2075 2318 2144 ψεως
2349 2075 2443 2128 καὶ
2477 2071 2858 2143 στενοχωρίας.
2900 2071 3233 2141 Βοηθησὰτω
3287 2071 3470 2124 τοίνυν
3502 2072 3572 2124 τὰ
3609 2075 3758 2124 κατά

2172 2170 2404 2238 δύναμιν
2439 2170 2472 2240 ἡ
2502 2167 2756 2238 θεοφιλής
2790 2182 2883 2218 σου
2909 2163 3078 2236 ψυχὴ,
3127 2164 3224 2218 καὶ
3266 2161 3650 2235 ζηλοτυποῦσα
3691 2166 3759 2216 τὰ

2175 2262 2314 2315 θεῖα.

2377 2399 2502 2451 KE'.
2538 2427 2605 2436 -—-
2650 2395 2962 2465 Νικηφόρῳ
3011 2393 3365 2464 πατριάρχῃ.
3409 2392 3572 2465 [μθκ]

1326 2541 1507 2590 Probat
1528 2555 1585 2591 se
1605 2537 1969 2591 schismaticum
1994 2552 2090 2587 non
2118 2551 2246 2587 esse.
2285 2538 2485 2599 (Baron.
2512 2550 2589 2585 an.
2616 2535 2726 2596 808,
2756 2548 2807 2583 η.
2829 2534 2936 2596 22.)

604 2648 883 2719 Tanquam
914 2649 1034 2703 velo
1053 2650 1287 2718 quodam
1317 2657 1532 2703 utentes
1549 2650 1694 2703 tenui
1718 2648 1947 2717 epistola
1976 2665 2071 2704 no-

499 2749 609 2795 stra
635 2782 652 2806 ,
678 2740 854 2812 angeli
911 2740 1258 2795 beatitudinis
1289 2753 1394 2795 tua:
1444 2742 1744 2795 reverentia
1778 2783 1791 2806 ,
1843 2741 2073 2797 humiles

500 2833 748 2888 sistimus
793 2847 895 2886 nos
934 2833 1082 2902 ipsos
1135 2833 1500 2891 sacratissimo
1527 2834 1644 2902 ejus
1696 2833 1941 2897 culmini,
1976 2849 2076 2889 ne-

499 2923 753 2978 cessitate
783 2930 1030 2993 cogente.
1062 2922 1179 2978 Jam
1207 2924 1351 2978 enim
1394 2925 1760 2978 renuntiatum
1804 2924 1963 2978 nobis
1990 2933 2075 2979 est

500 3028 533 3068 a
567 3012 778 3069 Joanne
804 3030 1070 3069 conservo
1105 3024 1160 3070 et
1183 3015 1447 3084 discipulo
1490 3025 1695 3078 nostro,
1723 3016 2076 3084 quemadmo-

501 3104 631 3159 dum
682 3106 748 3159 ad
811 3107 1180 3160 venerandam
1240 3107 1317 3159 tui
1374 3107 1744 3160 adorationem
1779 3107 2068 3170 admissus,

503 3199 679 3252 aliena
704 3199 971 3267 quaedam,
1006 3200 1269 3267 nobisque
1296 3199 1678 3260 abominanda,
1704 3212 1770 3251 ex
1794 3212 1856 3252 ea
1883 3197 2074 3250 audie-

2250 2645 2724 2718 Παραπετὰσματί
2767 2660 2876 2696 τινι
2935 2637 3317 2712 χρώμενοι-τῷ
3347 2637 3556 2689 εὐτελεῖ
3590 2637 3760 2707 ,ἡμῶν

2177 2737 2551 2809 γραμματίῳ,
2585 2735 2722 2789 αἰδοῖ
2771 2732 2863 2786 τοῦ
2915 2729 3148 2800 ἀγγέλου
3196 2729 3295 2800 τῆς
3353 2727 3760 2815 μακαριότητός

2180 2849 2295 2898 σου,
2340 2827 2705 2899 ὲμφανίζομεν
2758 2825 2982 2886 ἑαυτοὺς
3013 2823 3061 2876 oi
3095 2819 3336 2875 ταπεινοὶ
3373 2820 3437 2889 τῇ
3481 2818 3761 2887 ίερωτὰτῃ

2181 2919 2349 2989 αὐτῆς
2372 2921 2583 2990 κορυφῇ
2609 2917 2748 2970 κατὰ
2765 2915 2825 2969 τὸ
2855 2914 3167 2982 ἀναγκαῖον.
3197 2909 3334 2980 ΙἬδη
3357 2907 3552 2987 γὰρητὺ
3580 2906 3761 2978 παρὸν

2181 3011 2516 3081 ἀπήγγειλεν
2548 3012 2678 3080 ἡμῖν
2723 3005 3024 3078 Ἰωάννηξό
3048 3001 3332 3066 σύνδουλος
3368 3001 3464 3054 καὶ
3499 2998 3758 3071 μαθητὴς

2183 3101 2359 3171 ἡμῶν,
2390 3101 2463 3164 ὡς
2506 3097 2757 3166 ἀξιωθεὶς
2799 3100 2897 3166 τῆς
2941 3094 3145 3164 σεπτῆς
3187 3110 3280 3146 σου
3309 3090 3760 3162 προσκυνήσεως.

2182 3196 2385 3264 ἀκήκοε
2441 3193 2572 3263 παρ’
2602 3190 2769 3260 αὐτῆς
2798 3188 2922 3255 ξένα
2951 3185 3072 3239 τινὰ
3109 3184 3202 3238 καὶ
3229 3185 3559 3238 ἁπευκταῖα.
3597 3181 3765 3234 Ἀπο-

502 3290 593 3343 rit.
628 3291 960 3360 Aposchistae
1005 3289 1404 3362 [schismatici],
1463 3291 1654 3358 inquit,
1690 3305 1783 3344 vos
1849 3289 1978 3344 estis
2016 3288 2085 3344 ab

2192 3285 2406 3356 σχισταὶ
2459 3285 2599 3351 γὰρ,
2647 3281 2832 3350 φησιν,
2877 3279 3000 3331 ἐστὲ
3041 3277 3144 3346 τῆς
3191 3273 3535 3345 Ἐκκλησίας.
3583 3273 3763 3362 Πόσον

504 3382 769 3438 Ecclesia.
825 3385 925 3449 Qui
984 3401 1113 3455 ergo
1166 3395 1399 3453 poterat,
1432 3385 1824 3451 obeatissime,
1886 3387 2081 3440 merito

505 3476 686 3529 anima
744 3485 927 3529 nostra
979 3478 1049 3531 ob
1111 3479 1251 3531 hanc
1286 3494 1503 3534 causam
1558 3495 1666 3532 non
1724 3481 2082 3536 contristari?

507 3569 781 3637 quomodo
812 3586 918 3622 non
951 3572 1281 3639 respondere
1311 3573 1583 3625 sanctitati
1620 3582 1745 3639 tuae,
1782 3589 1885 3626 nec
1915 3574 2083 3627 silen-

509 3661 583 3713 tio
609 3662 1008 3714 accusationem
1055 3662 1424 3715 confirmare?
1458 3662 1568 3731 Ego
1618 3678 1746 3716 vero
1814 3671 1941 3717 ante
1996 3680 2084 3718 re-

508 3751 856 3820 sponsionem
909 3769 1031 3808 cum
1068 3755 1371 3808 reverentia
1423 3755 1526 3808 hoc
1570 3765 1940 3822 repraesento:
1975 3770 2084 3810 non

510 3853 762 3913 oportere
796 3846 1020 3900 cuilibet
1051 3863 1211 3901 aures
1261 3857 1464 3900 temere
1514 3848 1666 3912 dare,
1731 3848 1822 3917 qui
1883 3848 2086 3918 aliquid

510 3937 640 3989 velit
670 3945 857 3990 contra
914 3939 1224 4007 quempiam
1269 3939 1436 4007 loqui.
1465 3937 1650 4008 Neque
1677 3953 1809 3993 sane
1854 3940 1972 3994 sine
1998 3940 2086 4010 ju-

511 4027 652 4083 dicio
678 4037 894 4100 Oportet
927 4030 1361 4084 animadvertere
1395 4030 1447 4083 in
1472 4046 1594 4084 eum
1623 4031 1716 4101 qui
1774 4043 2084 4086 accusatur.

509 4120 628 4175 Non
656 4121 801 4176 enim
828 4121 912 4176 (ex
937 4131 1132 4185 vestra,
1167 4122 1358 4191 inquit,
1385 4122 1594 4189 judicat
1672 4124 1952 4188 hominem,
1989 4125 2089 4178 nisi

513 4212 660 4279 prius
690 4215 917 4266 audierit
956 4215 1020 4267 ab
1062 4216 1195 4282 ipso,
1231 4223 1281 4268 et
1336 4214 1628 4282 cognoverit
1675 4215 1800 4283 quid
1825 4215 2089 4279 faciet“?

515 4304 607 4356 Sic
626 4312 680 4358 et
702 4305 977 4358 beatitudo
1011 4315 1101 4360 tua
1132 4322 1255 4360 cum
1309 4307 1460 4360 triste
1492 4305 1633 4360 istud
1667 4315 1721 4359 et
1744 4307 1994 4362 acerbum
2021 4307 2088 4361 de

515 4395 779 4463 parvitate
825 4408 1010 4452 nostra
1052 4399 1331 4453 audiisset.
1383 4397 1672 4463 Quodnam
1704 4398 1847 4453 enim
1885 4399 2086 4452 malum

517 4487 732 4556 gravius
757 4503 879 4542 esse
901 4500 1084 4558 queat.
1115 4507 1274 4560 quam
1307 4501 1366 4545 ut
1405 4493 1473 4545 ab
1528 4491 1768 4546 Ecclesia
1791 4493 2083 4564 scpareris,

515 4589 568 4632 et
595 4578 1017 4647 archipastorem
1050 4583 1166 4637 ovis
1212 4584 1441 4646 amittat,
1480 4583 1591 4637 sive
1647 4587 2090 4653 compastorem?

519 4667 614 4722 Est
660 4668 806 4721 enim
854 4669 1016 4724 etiam
1052 4670 1211 4724 nobis
1260 4671 1655 4739 peccatoribus,
1697 4673 1944 4739 quamvis
1978 4673 2082 4726 im-

519 4758 732 4824 merito,
766 4768 819 4812 et
863 4760 1048 4813 unctio
1097 4775 1126 4812 a
1156 4761 1267 4813 Deo
1293 4771 1345 4814 et
1376 4777 1573 4815 nomen
1615 4764 1868 4830 pastoris,
1905 4765 2088 4820 dicere

518 4851 715 4915 audeo,
765 4853 831 4906 ad
884 4851 1193 4916 ferendum,
1236 4853 1655 4916 discutiendum,
1723 4858 2084 4926 arguendum,

518 4957 624 5012 qua
646 4942 914 5012 privatim,
943 4959 1048 5012 qua
1078 4944 1312 5012 publice,
1337 4944 1752 5014 juxtatraditam
1779 4962 1809 5000 a
1832 4945 2083 5012 Domino,

520 5032 663 5088 inter
704 5043 756 5088 te
789 5043 843 5088 et
875 5033 1052 5104 ipsum
1097 5035 1291 5100 solum,
1323 5045 1416 5090 aut
1462 5036 1602 5090 inter
1636 5036 1795 5102 duos,
1845 5038 2088 5108 discipli-

522 5143 647 5181 nam
682 5146 695 5182 :
722 5137 881 5197 atque
907 5128 978 5182 ita
1011 5128 1054 5182 si
1085 5128 1421 5197 persisteret,
1456 5127 1598 5182 sicut
1627 5127 1741 5198 ipse
1768 5129 1864 5192 ait,
1893 5130 1963 5184 sit
1993 5129 2086 5184 tibi

524 5228 786 5289 tanquam
814 5219 1064 5274 ethnicus
1089 5229 1143 5275 et
1170 5220 1489 5290 publicanus
1517 5220 1582 5274 τ’.
1618 5218 1728 5274 Nos
1784 5235 1913 5275 vero
1961 5222 2092 5276 hac-
2123 5257 2126 5260 ~

525 5324 704 5379 tenus,
740 5329 917 5382 neque
957 5328 1054 5382 per
1094 5313 1508 5377 internuntium,
1553 5328 1729 5381 neque
1758 5328 1961 5380 coram,
1989 5316 2095 5369 tale

525 5403 819 5472 quidquam
857 5418 887 5456 a
939 5412 1122 5458 sancta
1154 5403 1332 5457 anima
1376 5412 1484 5467 tua,
1522 5403 1604 5457 vel
1651 5402 1975 5468 audivimus,
2007 5403 2092 5457 vel

525 5493 716 5548 moniti
778 5492 999 5557 fuimus,
1079 5502 1132 5546 ut
1194 5492 1272 5547 sic
1348 5491 1641 5547 inferretur
1690 5491 2091 5545 condemnatio.

524 5583 848 5638 Consideret
891 5584 1150 5653 perfectio
1209 5594 1316 5649 tua,
1351 5600 1478 5639 num
1526 5583 1647 5654 jure
1694 5583 1976 5638 molestum
2042 5580 2093 5636 id

530 5674 654 5728 [iliis
684 5672 790 5728 tuis
834 5674 1129 5730 acciderit?

601 5811 646 5846 ⁷⁸
673 5810 845 5868 Galat.
869 5829 925 5881 ll,
965 5814 1014 5870 8.
1107 5816 1140 5842 ⁷¹
1170 5813 1321 5868 Joan.
1358 5828 1448 5877 m,
1481 5813 1564 5866 31.

2185 3374 2276 3431 οὖν
2328 3377 2420 3429 ἐπὶ
2455 3375 2698 3437 τούτοις,
2746 3365 2789 3424 ὦ
2851 3367 3257 3440 μακαριώτατε,
3289 3365 3389 3418 οὐκ
3434 3365 3664 3426 εἰκότως
3693 3359 3764 3434 ἦν

2185 3470 2340 3541 ἡμῶν
2384 3465 2696 3534 διατεθῆναι
2738 3463 2838 3532 τὴν
2870 3459 3046 3530 ψυχὴν
3090 3457 3382 3528 λυπηρῶς;
3416 3456 3535 3519 πῶς
3566 3455 3625 3508 δὲ
3657 3456 3765 3508 οὐκ

2185 3562 2480 3631 ἐκλαλῆσαι
2527 3552 2941 3626 ἁπολογητικῶς
2982 3553 3048 3622 τῇ
3087 3548 3366 3619 ἁγιωσύνῃ
3395 3564 3514 3612 σου,
3547 3547 3645 3600 καὶ
3679 3547 3760 3617 μὴ

2184 3655 2250 3722 τῇ
2294 3653 2471 3722 σιωπῇ
2508 3648 2754 3721 κυρῶσαι
2799 3644 2898 3716 τὴν
2952 3639 3285 3712 κατηγορίαν
3306 3655 3327 3709 ;,
3377 3637 3518 3704 Ἐγὼ
3549 3637 3608 3690 δὲ
3649 3638 3760 3704 πρὸ

2185 3743 2284 3812 τῆς
2308 3742 2624 3809 ἀπολογίας,
2649 3743 2823 3795 ἐκεῖνο
2860 3738 2978 3809 μετ’
3006 3734 3188 3798 αἰδοῦς
3222 3731 3653 3800 προσαναφέρω,
3678 3731 3764 3783 ὅτι

2186 3835 2285 3903 οὐχ
2312 3832 2384 3895 ὡς
2413 3832 2568 3902 ἔτυχε
2597 3832 2678 3884 δεῖ
2715 3831 2784 3884 τὰ
2827 3823 2941 3883 ὦτα
2971 3826 3206 3895 ἀνοίγειν
3251 3821 3415 3876 παντῖΙ
3468 3822 3544 3888 τῷ
3578 3820 3766 3888 βουλο-

2192 3927 2337 3997 μένῳ
2378 3925 2520 3978 κατὰ
2559 3925 2704 3986 τινός
2731 3939 2782 3974 τι
2811 3921 2989 3988 λέγειν
3010 3959 3025 3984 ,
3057 3918 3165 3972 οὐδ’
3198 3918 3265 3970 οὗ
3297 3914 3401 3984 μὴν
3434 3913 3768 3979 ἀποφαίνειν

2188 4019 2425 4089 ἀκρίτως
2453 4019 2531 4079 εἰς
2556 4017 2615 4070 τὸ
2639 4013 2921 4083 διαὸληθὲν
2943 4013 3252 4084 πρόσωπον.
3269 4008 3361 4077 Μὴ
3383 4003 3494 4075 γὰρ
3519 4005 3552 4056 ό
3578 4006 3769 4072 νόμος

2190 4111 2366 4180 ὑμῶν,
2396 4110 2549 4179 φησὶ,
2571 4111 2758 4176 κρίνει
2783 4105 2887 4158 τόν
2917 4105 3252 4170 ἄνθρωπον,
3274 4099 3384 4152 ἐὰν
3403 4095 3490 4167 μὴ
3520 4094 3766 4161 ἀκούσῃ

2191 4203 2326 4269 παρ’
2374 4199 2558 4254 αὑτοῦ
2615 4198 2922 4265 πρότερον,
2957 4195 3072 4248 καῖ’
3111 4190 3233 4262 τγῷ
3265 4191 3323 4246 τί
3363 4187 3560 4252 amisi;
3594 4186 3766 4239 Ὥστε

2191 4293 2499 4362 ἀκουσὰσης
2531 4290 2629 4361 τῆς
2658 4282 3054 4361 μακαριότητός
3085 4302 3180 4339 σου
3217 4283 3373 4339 τοῦτο
3395 4284 3458 4336 τὸ
3492 4280 3772 4352 δύσφορον

2190 4387 2286 4438 καὶ¹
2320 4382 2553 4436 ἐλεεινὸν
2598 4381 2725 4452 περὶ
2758 4379 2859 4450 τῆς
2891 4376 3164 4439 εὐτελείας
3195 4374 3372 4446 ἡμῶν.
3411 4372 3479 4427 Τί
3505 4371 3619 4442 γὰρ
3647 4372 3773 4441 μεῖο

2192 4475 2283 4538 ζον
2306 4475 2474 4527 κακὸν
2503 4472 2597 4526 τοῦ
2620 4472 2723 4543 τῆς
2749 4467 3077 4540 Ἐκκλησίας
3101 4463 3405 4538 χωρισμοῦ,
3430 4463 3528 4517 καὶ
3552 4461 3652 4516 τοῦ
3671 4461 3772 4514 τὸν

2191 4566 2555 4640 ἁρχιποίμενα
2613 4563 2675 4615 τὸ
2725 4560 2996 4632 πρόϐατον
3053 4557 3345 4620 ἀπολέσαι,
3399 4547 3622 4606 εῐτόὖν
3668 4551 3776 4604 τὸν

2193 4659 2573 4732 συμποέμενας
2610 4655 2724 4708 ἔστι
2755 4653 2863 4723 γὰρ
2900 4655 2947 4705 εί
2977 4652 3070 4704 καὶ
3096 4647 3330 4713 ἀναξίως
3357 4646 3450 4699 καὶ⁸
3482 4647 3618 4715 ἡμῖν
3650 4646 3770 4705 τοῖς

2187 4752 2530 4823 ἁμαρτωλοῖς
2561 4747 2766 4819 χρίσμα
2811 4746 2903 4798 καὶ
2927 4743 3095 4812 ὄνομα
3126 4740 3275 4810 παρὰ
3304 4737 3441 4792 Θεοῦ
3476 4737 3767 4803 ποιμένος,

2185 4845 2366 4916 τολμῶ
2378 4844 2578 4910 λέγειν,
2595 4839 2857 4910 ἐνεγκεῖν,
2883 4837 3185 4904 ἀνακρῖναι,
3206 4831 3641 4901 νουθετῆσαι,’πῆ
3666 4831 3772 4899 μὲν

2190 4937 2313 5007 ἰδίᾳ,
2337 4938 2409 5002 πῆ
2428 4936 2481 4986 δὲ
2501 4930 2903 5004 δημοσίᾳ,κατὰ
2933 4929 3032 4998 τὴν
3057 4927 3162 4979 ὑπὸ
3193 4924 3287 4978 τοῦ
3316 4926 3524 4993 Κυρίου
3545 4923 3771 4988 ὑπαγο-

2188 5026 2485 5096 ρευομένην
2504 5023 2703 5096 μεταξὺ
2721 5022 2814 5075 σοῦ
2833 5021 2925 5074 καὶ
2940 5019 3102 5074 αὐτοῦ
3129 5019 3310 5088 μόνου,
3334 5017 3366 5086 ἢ
3385 5016 3522 5086 μετά
3543 5015 3661 5077 δύο,
3678 5014 3766 5067 δι-

2189 5119 2502 5174 δασκαλίαν*
2523 5116 2619 5170 καὶ
2643 5111 2742 5169 εἷθ’
2757 5113 2928 5177 οὕτως
2948 5115 3013 5184 τῇ
3031 5112 3285 5182 ἐπιμονῇ,
3302 5108 3376 5171 ὡς
3397 5107 3559 5170 αὐτός
3571 5123 3766 5176 φησιν,

2190 5212 2328 5264 ἔστω
2358 5229 2438 5263 σοι
2462 5209 2535 5272 ὡς
2573 5212 2600 5261 ὁ
2644 5206 2854 5267 ἐθνικὸς
2889 5204 2981 5259 καὶ
3006 5206 3033 5258 ό
3055 5201 3311 5271 τελώνης.
3352 5200 3543 5269 Ἡμεῖς
3571 5197 3630 5251 δὲ
3665 5198 3767 5268 μέ.

2190 5320 2278 5373 χρι
2329 5300 2421 5354 τοῦ
2470 5300 2626 5370 δεῦρο
2654 5296 2776 5351 οὔτε
2817 5296 2884 5349 δι’
2918 5293 3249 5353 ἀποστόλου,
3279 5290 3402 5345 οὔτε
3437 5288 3667 5358 αὑτοψεί
3710 5305 3765 5340 τι

2191 5393 2426 5447 τοιοῦτον
2456 5393 2592 5462 πρὸς
2620 5390 2720 5459 τῆς
2757 5389 2916 5456 ἁγίας
2947 5404 3039 5440 σου
3067 5385 3269 5455 ψυχῆς,
3302 5382 3417 5436 ἀλλ’
3447 5381 3572 5434 οὔτε
3619 5382 3762 5448 ἁκη-

2202 5488 2426 5554 κόαμεν,
2451 5483 2570 5537 οὔτε
2613 5478 3041 5550 νενουθετήμεθα
3061 5495 3075 5509 ·
3101 5477 3195 5530 καὶ
3219 5474 3391 5537 οὕτως
3420 5473 3479 5527 τὸ
3516 5475 3765 5541 ἐνεγκεῖν

2203 5578 2491 5644 ἀπόφασιν.
2521 5572 2856 5642 Σκοπησάτω
2887 5571 2918 5639 ὴ
2950 5566 3222 5634 τελειότης
3252 5581 3367 5629 σου,
3394 5563 3442 5617 εἰ
3469 5563 3571 5617 οὐκ
3596 5563 3765 5631 ἀξίως

2203 5667 2441 5736 λυπηρὸν
2471 5664 2759 5733 γεγένηται
2785 5662 2893 5722 τοῖς
2924 5658 3127 5720 τέκνοις
3153 5672 3266 5709 σου.

1645 5814 1683 5842 τ²
1723 5796 1908 5865 Matth.
1935 5822 2084 5872 mu,
2120 5806 2203 5860 15.
