  <div class='ocr_page' id='page_1' title='image "/cluster/home/n/w/nwhite01/storage/ocr_20150623/99/ien.35556001661347/504.png"; bbox 0 0 3914 6474; ppageno 0'>
   <div class='ocr_carea' id='block_1_1' title="bbox 144 449 253 510">
    <p class='ocr_par' dir='ltr' id='par_1_1' title="bbox 144 449 253 510">
     <span class='ocr_line' id='line_1_1' title="bbox 144 449 253 510; baseline 0 0"><span class='ocrx_word' id='word_1_1' title='bbox 144 449 253 510; x_wconf 82' lang='lat'><strong>989</strong></span> 
     </span>
    </p>
   </div>
   <div class='ocr_carea' id='block_1_2' title="bbox 141 648 1718 728">
    <p class='ocr_par' dir='ltr' id='par_1_2' title="bbox 141 648 1718 728">
     <span class='ocr_line' id='line_1_2' title="bbox 141 648 1718 728; baseline 0.005 -25"><span class='ocrx_word' id='word_1_2' title='bbox 141 648 197 703; x_wconf 84' lang='grc' dir='ltr'>δὲ</span> <span class='ocrx_word' id='word_1_3' title='bbox 226 651 316 703; x_wconf 88' lang='grc' dir='ltr'><strong>ἐπ’</strong></span> <span class='ocrx_word' id='word_1_4' title='bbox 340 649 512 718; x_wconf 77' lang='grc' dir='ltr'>αὐτὴν</span> <span class='ocrx_word' id='word_1_5' title='bbox 540 648 639 719; x_wconf 86' lang='grc' dir='ltr'>τὴν</span> <span class='ocrx_word' id='word_1_6' title='bbox 656 650 862 722; x_wconf 87' lang='grc' dir='ltr'>άπολ.],</span> <span class='ocrx_word' id='word_1_7' title='bbox 894 651 1013 723; x_wconf 82' lang='grc' dir='ltr'>Θεῷ</span> <span class='ocrx_word' id='word_1_8' title='bbox 1046 669 1108 706; x_wconf 84' lang='grc' dir='ltr'><strong>τε</strong></span> <span class='ocrx_word' id='word_1_9' title='bbox 1140 653 1217 724; x_wconf 88' lang='grc' dir='ltr'>τῷ</span> <span class='ocrx_word' id='word_1_10' title='bbox 1242 658 1591 728; x_wconf 88' lang='grc' dir='ltr'>παντεφόρῳ,</span> <span class='ocrx_word' id='word_1_11' title='bbox 1625 659 1718 711; x_wconf 80' lang='grc' dir='ltr'>καὶ</span> 
     </span>
    </p>
   </div>
   <div class='ocr_carea' id='block_1_3' title="bbox 141 738 1719 812">
    <p class='ocr_par' dir='ltr' id='par_1_3' title="bbox 141 738 1719 812">
     <span class='ocr_line' id='line_1_3' title="bbox 141 738 1719 812; baseline 0.005 -19"><span class='ocrx_word' id='word_1_12' title='bbox 141 744 206 812; x_wconf 84' lang='grc' dir='ltr'><strong>τῇ</strong></span> <span class='ocrx_word' id='word_1_13' title='bbox 230 738 610 812; x_wconf 79' lang='grc' dir='ltr'>ἀρχιερωσύνη</span> <span class='ocrx_word' id='word_1_14' title='bbox 632 755 724 793; x_wconf 90' lang='grc' dir='ltr'><strong>σου</strong></span> <span class='ocrx_word' id='word_1_15' title='bbox 749 741 1063 811; x_wconf 84' lang='grc' dir='ltr'><strong>ποιούμενοι</strong></span> <span class='ocrx_word' id='word_1_16' title='bbox 1088 743 1182 798; x_wconf 82' lang='grc' dir='ltr'>τὸν</span> <span class='ocrx_word' id='word_1_17' title='bbox 1211 745 1391 803; x_wconf 82' lang='grc' dir='ltr'>λόγον.</span> <span class='ocrx_word' id='word_1_18' title='bbox 1417 749 1530 801; x_wconf 85' lang='grc' dir='ltr'><strong>Ούκ</strong></span> <span class='ocrx_word' id='word_1_19' title='bbox 1552 749 1719 811; x_wconf 83' lang='grc' dir='ltr'>ἐσμὲν</span> 
     </span>
    </p>
   </div>
   <div class='ocr_carea' id='block_1_4' title="bbox 141 825 1719 909">
    <p class='ocr_par' dir='ltr' id='par_1_4' title="bbox 141 825 1719 909">
     <span class='ocr_line' id='line_1_4' title="bbox 141 825 1719 909; baseline 0.003 -25"><span class='ocrx_word' id='word_1_20' title='bbox 141 830 508 902; x_wconf 80' lang='grc' dir='ltr'>ἀποσχισταὶ,</span> <span class='ocrx_word' id='word_1_21' title='bbox 535 825 581 884; x_wconf 80' lang='grc' dir='ltr'><strong>ὦ</strong></span> <span class='ocrx_word' id='word_1_22' title='bbox 621 830 752 898; x_wconf 83' lang='grc' dir='ltr'>ἁγία</span> <span class='ocrx_word' id='word_1_23' title='bbox 781 832 1012 903; x_wconf 87' lang='grc' dir='ltr'>κεφαλὴ,</span> <span class='ocrx_word' id='word_1_24' title='bbox 1051 835 1152 904; x_wconf 81' lang='grc' dir='ltr'>τῆς</span> <span class='ocrx_word' id='word_1_25' title='bbox 1183 835 1278 888; x_wconf 82' lang='grc' dir='ltr'>τοῦ</span> <span class='ocrx_word' id='word_1_26' title='bbox 1311 837 1448 890; x_wconf 88' lang='grc' dir='ltr'><strong>Θεοῦ</strong></span> <span class='ocrx_word' id='word_1_27' title='bbox 1491 839 1719 909; x_wconf 88' lang='grc' dir='ltr'>Ἐκκλη-</span> 
     </span>
    </p>
   </div>
   <div class='ocr_carea' id='block_1_5' title="bbox 143 921 1719 995">
    <p class='ocr_par' dir='ltr' id='par_1_5' title="bbox 143 921 1719 995">
     <span class='ocr_line' id='line_1_5' title="bbox 143 921 1719 995; baseline 0.006 -21"><span class='ocrx_word' id='word_1_28' title='bbox 143 922 296 985; x_wconf 86' lang='grc' dir='ltr'>σίας·</span> <span class='ocrx_word' id='word_1_29' title='bbox 332 921 542 991; x_wconf 81' lang='grc' dir='ltr'>μήποτε</span> <span class='ocrx_word' id='word_1_30' title='bbox 571 921 731 975; x_wconf 80' lang='grc' dir='ltr'>τοῦτο</span> <span class='ocrx_word' id='word_1_31' title='bbox 756 924 1045 995; x_wconf 89' lang='grc' dir='ltr'>πάθοιμεν.</span> <span class='ocrx_word' id='word_1_32' title='bbox 1089 925 1231 979; x_wconf 83' lang='grc' dir='ltr'>Ἀλλ’</span> <span class='ocrx_word' id='word_1_33' title='bbox 1255 929 1303 980; x_wconf 85' lang='grc' dir='ltr'><strong>εἰ</strong></span> <span class='ocrx_word' id='word_1_34' title='bbox 1334 929 1426 981; x_wconf 65' lang='grc' dir='ltr'>καὶ</span> <span class='ocrx_word' id='word_1_35' title='bbox 1460 929 1635 992; x_wconf 80' lang='grc' dir='ltr'>ἄλλως</span> <span class='ocrx_word' id='word_1_36' title='bbox 1659 933 1719 983; x_wconf 86' lang='grc' dir='ltr'><strong>ἐν</strong></span> 
     </span>
    </p>
   </div>
   <div class='ocr_carea' id='block_1_6' title="bbox 142 1011 1719 1089">
    <p class='ocr_par' dir='ltr' id='par_1_6' title="bbox 142 1011 1719 1089">
     <span class='ocr_line' id='line_1_6' title="bbox 142 1011 1719 1089; baseline 0.006 -24"><span class='ocrx_word' id='word_1_37' title='bbox 142 1011 358 1073; x_wconf 82' lang='grc' dir='ltr'>πολλοῖς</span> <span class='ocrx_word' id='word_1_38' title='bbox 380 1013 772 1083; x_wconf 83' lang='grc' dir='ltr'>ἁμαρτήμασιν</span> <span class='ocrx_word' id='word_1_39' title='bbox 791 1015 1134 1086; x_wconf 89' lang='grc' dir='ltr'>ὑπάρχομεν,</span> <span class='ocrx_word' id='word_1_40' title='bbox 1162 1017 1302 1088; x_wconf 79' lang='grc' dir='ltr'>πλὴν</span> <span class='ocrx_word' id='word_1_41' title='bbox 1330 1019 1598 1089; x_wconf 83' lang='grc' dir='ltr'>ὀρθόδοξοι</span> <span class='ocrx_word' id='word_1_42' title='bbox 1624 1023 1719 1075; x_wconf 80' lang='grc' dir='ltr'>καὶ</span> 
     </span>
    </p>
   </div>
   <div class='ocr_carea' id='block_1_7' title="bbox 139 1103 1718 1183">
    <p class='ocr_par' dir='ltr' id='par_1_7' title="bbox 139 1103 1718 1183">
     <span class='ocr_line' id='line_1_7' title="bbox 139 1103 1718 1183; baseline 0.006 -27"><span class='ocrx_word' id='word_1_43' title='bbox 139 1104 240 1174; x_wconf 87' lang='grc' dir='ltr'>τῆς</span> <span class='ocrx_word' id='word_1_44' title='bbox 275 1103 568 1174; x_wconf 85' lang='grc' dir='ltr'>καθολικῆς</span> <span class='ocrx_word' id='word_1_45' title='bbox 629 1105 938 1175; x_wconf 88' lang='grc' dir='ltr'>Εκκλησίας</span> <span class='ocrx_word' id='word_1_46' title='bbox 967 1109 1258 1177; x_wconf 82' lang='grc' dir='ltr'>τρόφιμοι,</span> <span class='ocrx_word' id='word_1_47' title='bbox 1299 1112 1479 1164; x_wconf 80' lang='grc' dir='ltr'>πᾶσαν</span> <span class='ocrx_word' id='word_1_48' title='bbox 1507 1113 1718 1183; x_wconf 84' lang='grc' dir='ltr'>αἵρεσιν</span> 
     </span>
    </p>
   </div>
   <div class='ocr_carea' id='block_1_8' title="bbox 139 1195 1719 1272">
    <p class='ocr_par' dir='ltr' id='par_1_8' title="bbox 139 1195 1719 1272">
     <span class='ocr_line' id='line_1_8' title="bbox 139 1195 1719 1272; baseline 0.004 -24"><span class='ocrx_word' id='word_1_49' title='bbox 139 1195 609 1266; x_wconf 75' lang='grc' dir='ltr'>ἀποϐαλλόμενοι,</span> <span class='ocrx_word' id='word_1_50' title='bbox 645 1196 743 1251; x_wconf 80' lang='grc' dir='ltr'>καὶ</span> <span class='ocrx_word' id='word_1_51' title='bbox 796 1200 978 1252; x_wconf 80' lang='grc' dir='ltr'>πᾶσαν</span> <span class='ocrx_word' id='word_1_52' title='bbox 1029 1200 1321 1271; x_wconf 83' lang='grc' dir='ltr'>καθολικὴν</span> <span class='ocrx_word' id='word_1_53' title='bbox 1359 1202 1449 1255; x_wconf 64' lang='grc' dir='ltr'><strong>καὶ⁵</strong></span> <span class='ocrx_word' id='word_1_54' title='bbox 1491 1202 1719 1272; x_wconf 81' lang='grc' dir='ltr'>τοπικὴν</span> 
     </span>
    </p>
   </div>
   <div class='ocr_carea' id='block_1_9' title="bbox 141 1286 1720 1363">
    <p class='ocr_par' dir='ltr' id='par_1_9' title="bbox 141 1286 1720 1363">
     <span class='ocr_line' id='line_1_9' title="bbox 141 1286 1720 1363; baseline 0.004 -25"><span class='ocrx_word' id='word_1_55' title='bbox 141 1286 360 1339; x_wconf 77' lang='grc' dir='ltr'><strong>σύνοδον</strong></span> <span class='ocrx_word' id='word_1_56' title='bbox 384 1288 785 1357; x_wconf 88' lang='grc' dir='ltr'>ἐγκεκριμένην</span> <span class='ocrx_word' id='word_1_57' title='bbox 809 1289 1198 1360; x_wconf 83' lang='grc' dir='ltr'><strong>ἀποδεχόμενοι</strong></span> <span class='ocrx_word' id='word_1_58' title='bbox 1213 1307 1227 1320; x_wconf 86' lang='grc'><strong>·</strong></span> <span class='ocrx_word' id='word_1_59' title='bbox 1250 1293 1312 1344; x_wconf 80' lang='grc' dir='ltr'>οὐ</span> <span class='ocrx_word' id='word_1_60' title='bbox 1342 1291 1447 1363; x_wconf 81' lang='grc' dir='ltr'>μὴν</span> <span class='ocrx_word' id='word_1_61' title='bbox 1467 1292 1601 1345; x_wconf 78' lang='grc' dir='ltr'>ἀλλὰ</span> <span class='ocrx_word' id='word_1_62' title='bbox 1624 1293 1720 1345; x_wconf 81' lang='grc' dir='ltr'>καὶ</span> 
     </span>
    </p>
   </div>
   <div class='ocr_carea' id='block_1_10' title="bbox 138 1377 1718 1450">
    <p class='ocr_par' dir='ltr' id='par_1_10' title="bbox 138 1377 1718 1450">
     <span class='ocr_line' id='line_1_10' title="bbox 138 1377 1718 1450; baseline 0.003 -20"><span class='ocrx_word' id='word_1_63' title='bbox 138 1378 240 1441; x_wconf 77' lang='grc' dir='ltr'><strong>τὰς</strong></span> <span class='ocrx_word' id='word_1_64' title='bbox 277 1377 411 1450; x_wconf 81' lang='grc' dir='ltr'>παρ’</span> <span class='ocrx_word' id='word_1_65' title='bbox 457 1378 639 1432; x_wconf 77' lang='grc' dir='ltr'>αὐτῶν</span> <span class='ocrx_word' id='word_1_66' title='bbox 693 1379 1093 1450; x_wconf 84' lang='grc' dir='ltr'>ἐκφωνηθείσας</span> <span class='ocrx_word' id='word_1_67' title='bbox 1123 1382 1414 1444; x_wconf 83' lang='grc' dir='ltr'>κανονικὰς</span> <span class='ocrx_word' id='word_1_68' title='bbox 1447 1381 1718 1436; x_wconf 84' lang='grc' dir='ltr'>διατυπώ-</span> 
     </span>
    </p>
   </div>
   <div class='ocr_carea' id='block_1_11' title="bbox 142 1466 1720 1543">
    <p class='ocr_par' dir='ltr' id='par_1_11' title="bbox 142 1466 1720 1543">
     <span class='ocr_line' id='line_1_11' title="bbox 142 1466 1720 1543; baseline 0.002 -22"><span class='ocrx_word' id='word_1_69' title='bbox 142 1485 279 1532; x_wconf 86' lang='grc' dir='ltr'>σεις.</span> <span class='ocrx_word' id='word_1_70' title='bbox 309 1469 464 1540; x_wconf 82' lang='grc' dir='ltr'>Μηδὲ</span> <span class='ocrx_word' id='word_1_71' title='bbox 494 1470 602 1540; x_wconf 81' lang='grc' dir='ltr'><strong>γὰρ</strong></span> <span class='ocrx_word' id='word_1_72' title='bbox 628 1468 828 1522; x_wconf 87' lang='grc' dir='ltr'>τέλειον</span> <span class='ocrx_word' id='word_1_73' title='bbox 858 1466 995 1524; x_wconf 77' lang='grc' dir='ltr'>εἶναι</span> <span class='ocrx_word' id='word_1_74' title='bbox 1023 1471 1322 1541; x_wconf 79' lang='grc' dir='ltr'>όρθόδοξον,</span> <span class='ocrx_word' id='word_1_75' title='bbox 1348 1472 1462 1525; x_wconf 83' lang='grc' dir='ltr'>ἀλλ’</span> <span class='ocrx_word' id='word_1_76' title='bbox 1494 1472 1554 1537; x_wconf 80' lang='grc' dir='ltr'>ἐξ</span> <span class='ocrx_word' id='word_1_77' title='bbox 1591 1475 1720 1543; x_wconf 86' lang='grc' dir='ltr'>ἡμι-</span> 
     </span>
    </p>
   </div>
   <div class='ocr_carea' id='block_1_12' title="bbox 141 1560 1719 1633">
    <p class='ocr_par' dir='ltr' id='par_1_12' title="bbox 141 1560 1719 1633">
     <span class='ocr_line' id='line_1_12' title="bbox 141 1560 1719 1633; baseline 0.001 -21"><span class='ocrx_word' id='word_1_78' title='bbox 141 1561 321 1624; x_wconf 86' lang='grc' dir='ltr'>σείας,</span> <span class='ocrx_word' id='word_1_79' title='bbox 347 1562 440 1614; x_wconf 77' lang='grc' dir='ltr'>τὸν</span> <span class='ocrx_word' id='word_1_80' title='bbox 474 1560 575 1631; x_wconf 85' lang='grc' dir='ltr'>τὴν</span> <span class='ocrx_word' id='word_1_81' title='bbox 619 1561 804 1614; x_wconf 88' lang='grc' dir='ltr'>πίστιν</span> <span class='ocrx_word' id='word_1_82' title='bbox 835 1561 1002 1632; x_wconf 83' lang='grc' dir='ltr'>ὀρθὴν</span> <span class='ocrx_word' id='word_1_83' title='bbox 1040 1563 1287 1632; x_wconf 77' lang='grc' dir='ltr'>οἰόμενον</span> <span class='ocrx_word' id='word_1_84' title='bbox 1326 1562 1493 1633; x_wconf 78' lang='grc' dir='ltr'>ἔχειν,</span> <span class='ocrx_word' id='word_1_85' title='bbox 1527 1565 1638 1626; x_wconf 83' lang='grc' dir='ltr'>τοῖς</span> <span class='ocrx_word' id='word_1_86' title='bbox 1661 1563 1719 1615; x_wconf 84' lang='grc' dir='ltr'>δὲ</span> 
     </span>
    </p>
   </div>
   <div class='ocr_carea' id='block_1_13' title="bbox 139 1654 1718 1726">
    <p class='ocr_par' dir='ltr' id='par_1_13' title="bbox 139 1654 1718 1726">
     <span class='ocr_line' id='line_1_13' title="bbox 139 1654 1718 1726; baseline 0.001 -20"><span class='ocrx_word' id='word_1_87' title='bbox 139 1654 308 1717; x_wconf 89' lang='grc' dir='ltr'>θείοις</span> <span class='ocrx_word' id='word_1_88' title='bbox 339 1654 528 1708; x_wconf 78' lang='grc' dir='ltr'>κανόσι</span> <span class='ocrx_word' id='word_1_89' title='bbox 567 1654 639 1724; x_wconf 79' lang='grc' dir='ltr'>μὴ</span> <span class='ocrx_word' id='word_1_90' title='bbox 670 1654 1131 1723; x_wconf 87' lang='grc' dir='ltr'>άπευθυνόμενον.</span> <span class='ocrx_word' id='word_1_91' title='bbox 1169 1657 1278 1708; x_wconf 77' lang='grc' dir='ltr'><strong>Καὶ</strong></span> <span class='ocrx_word' id='word_1_92' title='bbox 1305 1656 1403 1726; x_wconf 82' lang='grc' dir='ltr'>τὴν</span> <span class='ocrx_word' id='word_1_93' title='bbox 1455 1655 1718 1726; x_wconf 77' lang='grc' dir='ltr'>μακαριό-</span> 
     </span>
    </p>
   </div>
   <div class='ocr_carea' id='block_1_14' title="bbox 135 1744 1720 1816">
    <p class='ocr_par' dir='ltr' id='par_1_14' title="bbox 135 1744 1720 1816">
     <span class='ocr_line' id='line_1_14' title="bbox 135 1744 1720 1816; baseline 0.001 -19"><span class='ocrx_word' id='word_1_94' title='bbox 135 1745 280 1814; x_wconf 86' lang='grc' dir='ltr'>τητά</span> <span class='ocrx_word' id='word_1_95' title='bbox 314 1761 431 1809; x_wconf 88' lang='grc' dir='ltr'>σου,</span> <span class='ocrx_word' id='word_1_96' title='bbox 464 1744 624 1814; x_wconf 81' lang='grc' dir='ltr'>ἡνίκα</span> <span class='ocrx_word' id='word_1_97' title='bbox 655 1744 1024 1816; x_wconf 78' lang='grc' dir='ltr'>προσεὸλὴθη,</span> <span class='ocrx_word' id='word_1_98' title='bbox 1048 1745 1449 1816; x_wconf 80' lang='grc' dir='ltr'>ἀπεδεξάμεθα,</span> <span class='ocrx_word' id='word_1_99' title='bbox 1479 1745 1620 1800; x_wconf 89' lang='grc' dir='ltr'>καθὰ</span> <span class='ocrx_word' id='word_1_100' title='bbox 1641 1747 1720 1808; x_wconf 85' lang='grc' dir='ltr'><strong>είς</strong></span> 
     </span>
    </p>
   </div>
   <div class='ocr_carea' id='block_1_15' title="bbox 137 1834 1719 1908">
    <p class='ocr_par' dir='ltr' id='par_1_15' title="bbox 137 1834 1719 1908">
     <span class='ocr_line' id='line_1_15' title="bbox 137 1834 1719 1908; baseline -0.001 -20"><span class='ocrx_word' id='word_1_101' title='bbox 137 1836 378 1908; x_wconf 83' lang='grc' dir='ltr'>ἐπήκοον</span> <span class='ocrx_word' id='word_1_102' title='bbox 429 1835 602 1904; x_wconf 85' lang='grc' dir='ltr'>αὐτῆς</span> <span class='ocrx_word' id='word_1_103' title='bbox 645 1835 1127 1907; x_wconf 85' lang='grc' dir='ltr'>ἀπελογησάμεθα.</span> <span class='ocrx_word' id='word_1_104' title='bbox 1173 1837 1286 1890; x_wconf 80' lang='grc' dir='ltr'><strong>Καὶ</strong></span> <span class='ocrx_word' id='word_1_105' title='bbox 1327 1838 1394 1890; x_wconf 86' lang='grc' dir='ltr'><strong>ἐκ</strong></span> <span class='ocrx_word' id='word_1_106' title='bbox 1451 1837 1569 1890; x_wconf 86' lang='grc' dir='ltr'>τότε</span> <span class='ocrx_word' id='word_1_107' title='bbox 1623 1834 1719 1888; x_wconf 68' lang='grc' dir='ltr'><strong>καὶ¹</strong></span> 
     </span>
    </p>
   </div>
   <div class='ocr_carea' id='block_1_16' title="bbox 140 1925 1718 1999">
    <p class='ocr_par' dir='ltr' id='par_1_16' title="bbox 140 1925 1718 1999">
     <span class='ocr_line' id='line_1_16' title="bbox 140 1925 1718 1999; baseline 0 -20"><span class='ocrx_word' id='word_1_108' title='bbox 140 1927 307 1996; x_wconf 85' lang='grc' dir='ltr'>μέχρι</span> <span class='ocrx_word' id='word_1_109' title='bbox 338 1925 435 1980; x_wconf 81' lang='grc' dir='ltr'><strong>τοῦ</strong></span> <span class='ocrx_word' id='word_1_110' title='bbox 457 1925 617 1996; x_wconf 82' lang='grc' dir='ltr'>δεῦρο</span> <span class='ocrx_word' id='word_1_111' title='bbox 648 1928 706 1981; x_wconf 86' lang='grc' dir='ltr'><strong>ἐν</strong></span> <span class='ocrx_word' id='word_1_112' title='bbox 730 1930 796 1999; x_wconf 83' lang='grc' dir='ltr'>τῇ</span> <span class='ocrx_word' id='word_1_113' title='bbox 830 1926 1189 1998; x_wconf 76' lang='grc' dir='ltr'>μυσταγωγίᾳ</span> <span class='ocrx_word' id='word_1_114' title='bbox 1217 1926 1290 1990; x_wconf 84' lang='grc' dir='ltr'><strong>ὡς</strong></span> <span class='ocrx_word' id='word_1_115' title='bbox 1328 1927 1559 1996; x_wconf 79' lang='grc' dir='ltr'><strong>καθήκει</strong></span> <span class='ocrx_word' id='word_1_116' title='bbox 1589 1928 1718 1980; x_wconf 85' lang='grc' dir='ltr'>ἀνα-</span> 
     </span>
    </p>
   </div>
   <div class='ocr_carea' id='block_1_17' title="bbox 140 2017 1722 2090">
    <p class='ocr_par' dir='ltr' id='par_1_17' title="bbox 140 2017 1722 2090">
     <span class='ocr_line' id='line_1_17' title="bbox 140 2017 1722 2090; baseline -0.001 -18"><span class='ocrx_word' id='word_1_117' title='bbox 140 2019 426 2090; x_wconf 78' lang='grc' dir='ltr'><strong>φέρομεν·</strong></span> <span class='ocrx_word' id='word_1_118' title='bbox 480 2019 578 2072; x_wconf 81' lang='grc' dir='ltr'>καὶ</span> <span class='ocrx_word' id='word_1_119' title='bbox 627 2018 703 2083; x_wconf 85' lang='grc' dir='ltr'>ὼς</span> <span class='ocrx_word' id='word_1_120' title='bbox 756 2019 964 2090; x_wconf 85' lang='grc' dir='ltr'><strong>μάρτυς</strong></span> <span class='ocrx_word' id='word_1_121' title='bbox 1001 2018 1154 2084; x_wconf 80' lang='grc' dir='ltr'>Θεὸς,</span> <span class='ocrx_word' id='word_1_122' title='bbox 1185 2020 1234 2072; x_wconf 80' lang='grc' dir='ltr'><strong>εί</strong></span> <span class='ocrx_word' id='word_1_123' title='bbox 1270 2017 1394 2072; x_wconf 81' lang='grc' dir='ltr'>κατ’</span> <span class='ocrx_word' id='word_1_124' title='bbox 1427 2018 1596 2088; x_wconf 82' lang='grc' dir='ltr'>αὐτὴν</span> <span class='ocrx_word' id='word_1_125' title='bbox 1623 2017 1722 2088; x_wconf 79' lang='grc' dir='ltr'>τὴν</span> 
     </span>
    </p>
   </div>
   <div class='ocr_carea' id='block_1_18' title="bbox 136 2107 1722 2181">
    <p class='ocr_par' dir='ltr' id='par_1_18' title="bbox 136 2107 1722 2181">
     <span class='ocr_line' id='line_1_18' title="bbox 136 2107 1722 2181; baseline -0.001 -19"><span class='ocrx_word' id='word_1_126' title='bbox 136 2109 356 2181; x_wconf 80' lang='grc' dir='ltr'><strong>ἡμέραν</strong></span> <span class='ocrx_word' id='word_1_127' title='bbox 381 2107 617 2178; x_wconf 79' lang='grc' dir='ltr'>ἐζήτησε</span> <span class='ocrx_word' id='word_1_128' title='bbox 650 2108 983 2178; x_wconf 85' lang='grc' dir='ltr'>κοινωνῆσαι</span> <span class='ocrx_word' id='word_1_129' title='bbox 1026 2109 1196 2178; x_wconf 82' lang='grc' dir='ltr'>ἡμᾶς,</span> <span class='ocrx_word' id='word_1_130' title='bbox 1229 2107 1722 2178; x_wconf 86' lang='grc' dir='ltr'>συνεκοινωνοῦμεν</span> 
     </span>
    </p>
   </div>
   <div class='ocr_carea' id='block_1_19' title="bbox 139 2197 1721 2269">
    <p class='ocr_par' dir='ltr' id='par_1_19' title="bbox 139 2197 1721 2269">
     <span class='ocr_line' id='line_1_19' title="bbox 139 2197 1721 2269; baseline 0.001 -18"><span class='ocrx_word' id='word_1_131' title='bbox 139 2200 204 2251; x_wconf 83' lang='grc' dir='ltr'>ἂν</span> <span class='ocrx_word' id='word_1_132' title='bbox 240 2199 382 2269; x_wconf 80' lang='grc' dir='ltr'>αὐτῇ</span> <span class='ocrx_word' id='word_1_133' title='bbox 417 2197 584 2267; x_wconf 82' lang='grc' dir='ltr'>μηδὲν</span> <span class='ocrx_word' id='word_1_134' title='bbox 609 2198 1043 2269; x_wconf 62' lang='grc' dir='ltr'>διακρινόμενον</span> <span class='ocrx_word' id='word_1_135' title='bbox 1079 2199 1200 2251; x_wconf 72' lang='grc' dir='ltr'>ἐπεὶ</span> <span class='ocrx_word' id='word_1_136' title='bbox 1227 2200 1321 2252; x_wconf 73' lang='grc' dir='ltr'>καὶ</span> <span class='ocrx_word' id='word_1_137' title='bbox 1354 2199 1564 2269; x_wconf 87' lang='grc' dir='ltr'>ποθητὴ</span> <span class='ocrx_word' id='word_1_138' title='bbox 1591 2201 1721 2268; x_wconf 78' lang='grc' dir='ltr'>ἡμῖν</span> 
     </span>
    </p>
   </div>
   <div class='ocr_carea' id='block_1_20' title="bbox 138 2281 1721 2360">
    <p class='ocr_par' dir='ltr' id='par_1_20' title="bbox 138 2281 1721 2360">
     <span class='ocr_line' id='line_1_20' title="bbox 138 2281 1721 2360; baseline 0 -18"><span class='ocrx_word' id='word_1_139' title='bbox 138 2289 196 2356; x_wconf 81' lang='grc' dir='ltr'>ἐξ</span> <span class='ocrx_word' id='word_1_140' title='bbox 224 2289 426 2360; x_wconf 83' lang='grc' dir='ltr'>ἀρχῆς.</span> <span class='ocrx_word' id='word_1_141' title='bbox 460 2281 536 2342; x_wconf 74' lang='grc' dir='ltr'><strong>Οὖ</strong></span> <span class='ocrx_word' id='word_1_142' title='bbox 570 2289 729 2360; x_wconf 85' lang='grc' dir='ltr'>χάριν</span> <span class='ocrx_word' id='word_1_143' title='bbox 757 2289 812 2343; x_wconf 79' lang='grc' dir='ltr'>δὲ</span> <span class='ocrx_word' id='word_1_144' title='bbox 848 2289 910 2343; x_wconf 84' lang='grc' dir='ltr'><strong>τὺ</strong></span> <span class='ocrx_word' id='word_1_145' title='bbox 943 2290 1367 2360; x_wconf 86' lang='grc' dir='ltr'>θρυλλούμενον,</span> <span class='ocrx_word' id='word_1_146' title='bbox 1402 2289 1489 2342; x_wconf 83' lang='grc' dir='ltr'>διὰ</span> <span class='ocrx_word' id='word_1_147' title='bbox 1519 2290 1610 2343; x_wconf 83' lang='grc' dir='ltr'>τὸν</span> <span class='ocrx_word' id='word_1_148' title='bbox 1641 2291 1721 2343; x_wconf 79' lang='lat' dir='ltr'><strong>ot-</strong></span> 
     </span>
    </p>
   </div>
   <div class='ocr_carea' id='block_1_21' title="bbox 140 2381 1724 2453">
    <p class='ocr_par' dir='ltr' id='par_1_21' title="bbox 140 2381 1724 2453">
     <span class='ocr_line' id='line_1_21' title="bbox 140 2381 1724 2453; baseline 0 -19"><span class='ocrx_word' id='word_1_149' title='bbox 140 2382 398 2451; x_wconf 85' lang='grc' dir='ltr'>κονόμον,</span> <span class='ocrx_word' id='word_1_150' title='bbox 431 2381 490 2435; x_wconf 83' lang='grc' dir='ltr'>ὃν</span> <span class='ocrx_word' id='word_1_151' title='bbox 520 2381 760 2453; x_wconf 80' lang='grc' dir='ltr'>καθῇρεν</span> <span class='ocrx_word' id='word_1_152' title='bbox 785 2382 921 2453; x_wconf 77' lang='grc' dir='ltr'>αὐτὴ</span> <span class='ocrx_word' id='word_1_153' title='bbox 963 2385 996 2453; x_wconf 81' lang='grc' dir='ltr'><strong>ἠ</strong></span> <span class='ocrx_word' id='word_1_154' title='bbox 1037 2381 1285 2452; x_wconf 84' lang='grc' dir='ltr'>ἀλήθεια,</span> <span class='ocrx_word' id='word_1_155' title='bbox 1320 2382 1534 2445; x_wconf 77' lang='grc' dir='ltr'>πολλοῖς</span> <span class='ocrx_word' id='word_1_156' title='bbox 1566 2383 1724 2436; x_wconf 84' lang='grc' dir='ltr'>κανό-</span> 
     </span>
    </p>
   </div>
   <div class='ocr_carea' id='block_1_22' title="bbox 142 2471 1724 2544">
    <p class='ocr_par' dir='ltr' id='par_1_22' title="bbox 142 2471 1724 2544">
     <span class='ocr_line' id='line_1_22' title="bbox 142 2471 1724 2544; baseline 0.003 -23"><span class='ocrx_word' id='word_1_157' title='bbox 142 2487 225 2523; x_wconf 87' lang='grc' dir='ltr'>σιν</span> <span class='ocrx_word' id='word_1_158' title='bbox 249 2471 624 2526; x_wconf 86' lang='grc' dir='ltr'>ύποπεσόντα·</span> <span class='ocrx_word' id='word_1_159' title='bbox 654 2474 840 2544; x_wconf 83' lang='grc' dir='ltr'>ἐπειδὴ</span> <span class='ocrx_word' id='word_1_160' title='bbox 885 2474 979 2526; x_wconf 74' lang='grc' dir='ltr'>καὶ</span> <span class='ocrx_word' id='word_1_161' title='bbox 1023 2473 1130 2544; x_wconf 82' lang='grc' dir='ltr'><strong>πρὸ</strong></span> <span class='ocrx_word' id='word_1_162' title='bbox 1165 2473 1263 2543; x_wconf 85' lang='grc' dir='ltr'>τῆς</span> <span class='ocrx_word' id='word_1_163' title='bbox 1297 2473 1569 2543; x_wconf 79' lang='grc' dir='ltr'>ἐμφανοῦς</span> <span class='ocrx_word' id='word_1_164' title='bbox 1606 2490 1724 2544; x_wconf 87' lang='grc' dir='ltr'>μοι-</span> 
     </span>
    </p>
   </div>
   <div class='ocr_carea' id='block_1_23' title="bbox 142 2563 1724 2637">
    <p class='ocr_par' dir='ltr' id='par_1_23' title="bbox 142 2563 1724 2637">
     <span class='ocr_line' id='line_1_23' title="bbox 142 2563 1724 2637; baseline 0.001 -22"><span class='ocrx_word' id='word_1_165' title='bbox 142 2563 322 2633; x_wconf 84' lang='grc' dir='ltr'>χείας,</span> <span class='ocrx_word' id='word_1_166' title='bbox 358 2566 668 2634; x_wconf 84' lang='grc' dir='ltr'>μοιχεύοντι</span> <span class='ocrx_word' id='word_1_167' title='bbox 719 2566 795 2637; x_wconf 83' lang='grc' dir='ltr'>τῷ</span> <span class='ocrx_word' id='word_1_168' title='bbox 829 2565 1340 2634; x_wconf 73' lang='grc' dir='ltr'>προϐεϐασιλευκότι</span> <span class='ocrx_word' id='word_1_169' title='bbox 1371 2567 1427 2618; x_wconf 84' lang='grc' dir='ltr'><strong>ἐν</strong></span> <span class='ocrx_word' id='word_1_170' title='bbox 1450 2566 1724 2635; x_wconf 80' lang='grc' dir='ltr'>διαφόροις</span> 
     </span>
    </p>
   </div>
   <div class='ocr_carea' id='block_1_24' title="bbox 142 2654 1724 2729">
    <p class='ocr_par' dir='ltr' id='par_1_24' title="bbox 142 2654 1724 2729">
     <span class='ocr_line' id='line_1_24' title="bbox 142 2654 1724 2729; baseline 0.001 -21"><span class='ocrx_word' id='word_1_171' title='bbox 142 2655 484 2726; x_wconf 83' lang='grc' dir='ltr'>προσώποις,</span> <span class='ocrx_word' id='word_1_172' title='bbox 516 2659 577 2711; x_wconf 84' lang='grc' dir='ltr'>οὐ</span> <span class='ocrx_word' id='word_1_173' title='bbox 615 2658 773 2729; x_wconf 92' lang='grc' dir='ltr'>μόνον</span> <span class='ocrx_word' id='word_1_174' title='bbox 797 2654 865 2726; x_wconf 82' lang='grc' dir='ltr'>ἦν</span> <span class='ocrx_word' id='word_1_175' title='bbox 894 2658 1246 2727; x_wconf 83' lang='grc' dir='ltr'>λειτουργῶν,</span> <span class='ocrx_word' id='word_1_176' title='bbox 1271 2658 1366 2712; x_wconf 72' lang='grc' dir='ltr'><strong>καὶ</strong></span> <span class='ocrx_word' id='word_1_177' title='bbox 1390 2657 1724 2727; x_wconf 79' lang='grc' dir='ltr'>μεταδιδοὺς,</span> 
     </span>
    </p>
   </div>
   <div class='ocr_carea' id='block_1_25' title="bbox 142 2745 1724 2820">
    <p class='ocr_par' dir='ltr' id='par_1_25' title="bbox 142 2745 1724 2820">
     <span class='ocr_line' id='line_1_25' title="bbox 142 2745 1724 2820; baseline 0 -20"><span class='ocrx_word' id='word_1_178' title='bbox 142 2748 238 2800; x_wconf 60' lang='grc' dir='ltr'><strong>καὶ⁸</strong></span> <span class='ocrx_word' id='word_1_179' title='bbox 269 2747 719 2820; x_wconf 84' lang='grc' dir='ltr'>συνεστιώμενος,</span> <span class='ocrx_word' id='word_1_180' title='bbox 747 2749 883 2803; x_wconf 82' lang='grc' dir='ltr'>ἀλλὰ</span> <span class='ocrx_word' id='word_1_181' title='bbox 922 2750 1015 2803; x_wconf 78' lang='grc' dir='ltr'>καὶ</span> <span class='ocrx_word' id='word_1_182' title='bbox 1051 2751 1149 2819; x_wconf 86' lang='grc' dir='ltr'>τὴν</span> <span class='ocrx_word' id='word_1_183' title='bbox 1195 2749 1388 2820; x_wconf 85' lang='grc' dir='ltr'>μερίδα</span> <span class='ocrx_word' id='word_1_184' title='bbox 1420 2751 1537 2818; x_wconf 78' lang='grc' dir='ltr'>μετ’</span> <span class='ocrx_word' id='word_1_185' title='bbox 1561 2745 1724 2802; x_wconf 81' lang='grc' dir='ltr'>αὑτοῦ</span> 
     </span>
    </p>
   </div>
   <div class='ocr_carea' id='block_1_26' title="bbox 142 2833 1726 2911">
    <p class='ocr_par' dir='ltr' id='par_1_26' title="bbox 142 2833 1726 2911">
     <span class='ocr_line' id='line_1_26' title="bbox 142 2833 1726 2911; baseline 0 -19"><span class='ocrx_word' id='word_1_186' title='bbox 142 2840 452 2910; x_wconf 80' lang='grc' dir='ltr'>τιθέμενος,</span> <span class='ocrx_word' id='word_1_187' title='bbox 494 2841 552 2907; x_wconf 80' lang='grc' dir='ltr'>ἐξ</span> <span class='ocrx_word' id='word_1_188' title='bbox 595 2833 656 2893; x_wconf 74' lang='grc' dir='ltr'>οὗ</span> <span class='ocrx_word' id='word_1_189' title='bbox 693 2841 786 2894; x_wconf 72' lang='grc' dir='ltr'>καὶ</span> <span class='ocrx_word' id='word_1_190' title='bbox 812 2841 948 2911; x_wconf 86' lang='grc' dir='ltr'>πρὸς</span> <span class='ocrx_word' id='word_1_191' title='bbox 978 2841 1078 2911; x_wconf 83' lang='grc' dir='ltr'>τὴν</span> <span class='ocrx_word' id='word_1_192' title='bbox 1110 2841 1409 2910; x_wconf 75' lang='grc' dir='ltr'>ἀναφανδὸν</span> <span class='ocrx_word' id='word_1_193' title='bbox 1438 2840 1726 2907; x_wconf 76' lang='grc' dir='ltr'>ἀσέλγειαν</span> 
     </span>
    </p>
   </div>
   <div class='ocr_carea' id='block_1_27' title="bbox 145 2929 1727 3003">
    <p class='ocr_par' dir='ltr' id='par_1_27' title="bbox 145 2929 1727 3003">
     <span class='ocr_line' id='line_1_27' title="bbox 145 2929 1727 3003; baseline 0.001 -21"><span class='ocrx_word' id='word_1_194' title='bbox 145 2930 431 3002; x_wconf 89' lang='grc' dir='ltr'>πρόθυμος</span> <span class='ocrx_word' id='word_1_195' title='bbox 456 2931 675 3000; x_wconf 79' lang='grc' dir='ltr'>γέγονεο</span> <span class='ocrx_word' id='word_1_196' title='bbox 710 2932 1128 3003; x_wconf 83' lang='grc' dir='ltr'>καταφρονήσας</span> <span class='ocrx_word' id='word_1_197' title='bbox 1148 2929 1280 2983; x_wconf 89' lang='grc' dir='ltr'>Θεοῦ</span> <span class='ocrx_word' id='word_1_198' title='bbox 1319 2931 1411 2984; x_wconf 80' lang='grc' dir='ltr'>καὶ</span> <span class='ocrx_word' id='word_1_199' title='bbox 1442 2931 1550 2983; x_wconf 77' lang='grc' dir='ltr'><strong>τῶν</strong></span> <span class='ocrx_word' id='word_1_200' title='bbox 1568 2930 1727 2984; x_wconf 86' lang='grc' dir='ltr'>θείων</span> 
     </span>
    </p>
   </div>
   <div class='ocr_carea' id='block_1_28' title="bbox 148 3020 1724 3092">
    <p class='ocr_par' dir='ltr' id='par_1_28' title="bbox 148 3020 1724 3092">
     <span class='ocr_line' id='line_1_28' title="bbox 148 3020 1724 3092; baseline 0.001 -18"><span class='ocrx_word' id='word_1_201' title='bbox 148 3023 460 3092; x_wconf 75' lang='grc' dir='ltr'>χριμάτων.</span> <span class='ocrx_word' id='word_1_202' title='bbox 491 3023 601 3075; x_wconf 75' lang='grc' dir='ltr'><strong>Καὶ</strong></span> <span class='ocrx_word' id='word_1_203' title='bbox 631 3023 718 3077; x_wconf 83' lang='grc' dir='ltr'>ἵνα</span> <span class='ocrx_word' id='word_1_204' title='bbox 752 3022 1101 3092; x_wconf 74' lang='grc' dir='ltr'>ἐκδηλότερον</span> <span class='ocrx_word' id='word_1_205' title='bbox 1124 3023 1208 3091; x_wconf 78' lang='grc' dir='ltr'>εἴη</span> <span class='ocrx_word' id='word_1_206' title='bbox 1228 3021 1288 3074; x_wconf 84' lang='grc' dir='ltr'>τὸ</span> <span class='ocrx_word' id='word_1_207' title='bbox 1316 3020 1607 3089; x_wconf 88' lang='grc' dir='ltr'>λεγόμενον</span> <span class='ocrx_word' id='word_1_208' title='bbox 1627 3037 1639 3050; x_wconf 89' lang='grc'>·</span> <span class='ocrx_word' id='word_1_209' title='bbox 1665 3024 1724 3075; x_wconf 87' lang='grc' dir='ltr'><strong>ού</strong></span> 
     </span>
    </p>
   </div>
   <div class='ocr_carea' id='block_1_29' title="bbox 146 3113 1752 3186">
    <p class='ocr_par' dir='ltr' id='par_1_29' title="bbox 146 3113 1752 3186">
     <span class='ocr_line' id='line_1_29' title="bbox 146 3113 1752 3186; baseline 0.002 -20"><span class='ocrx_word' id='word_1_210' title='bbox 146 3115 284 3185; x_wconf 74' lang='grc' dir='ltr'>πρὸς</span> <span class='ocrx_word' id='word_1_211' title='bbox 317 3113 557 3186; x_wconf 83' lang='grc' dir='ltr'>διδαχὴν,</span> <span class='ocrx_word' id='word_1_212' title='bbox 584 3115 791 3183; x_wconf 81' lang='grc' dir='ltr'>ἄπαγε·</span> <span class='ocrx_word' id='word_1_213' title='bbox 821 3113 934 3168; x_wconf 81' lang='grc' dir='ltr'>ἀλλ’</span> <span class='ocrx_word' id='word_1_214' title='bbox 973 3115 1005 3184; x_wconf 78' lang='grc' dir='ltr'>ἢ</span> <span class='ocrx_word' id='word_1_215' title='bbox 1047 3113 1206 3183; x_wconf 87' lang='grc' dir='ltr'>μόνον</span> <span class='ocrx_word' id='word_1_216' title='bbox 1232 3113 1369 3185; x_wconf 77' lang='grc' dir='ltr'>πρὸς</span> <span class='ocrx_word' id='word_1_217' title='bbox 1397 3113 1752 3183; x_wconf 78' lang='grc' dir='ltr'>ὑπόμνησιν..</span> 
     </span>
    </p>
   </div>
   <div class='ocr_carea' id='block_1_30' title="bbox 145 3206 1796 3294">
    <p class='ocr_par' dir='ltr' id='par_1_30' title="bbox 145 3206 1796 3294">
     <span class='ocr_line' id='line_1_30' title="bbox 145 3206 1796 3294; baseline -0.001 -33"><span class='ocrx_word' id='word_1_218' title='bbox 145 3208 345 3277; x_wconf 73' lang='grc' dir='ltr'>αὐτὴν,</span> <span class='ocrx_word' id='word_1_219' title='bbox 385 3209 435 3261; x_wconf 82' lang='grc' dir='ltr'><strong>εί</strong></span> <span class='ocrx_word' id='word_1_220' title='bbox 467 3207 699 3271; x_wconf 83' lang='grc' dir='ltr'>κελεύει,</span> <span class='ocrx_word' id='word_1_221' title='bbox 730 3208 828 3278; x_wconf 84' lang='grc' dir='ltr'>τὴν</span> <span class='ocrx_word' id='word_1_222' title='bbox 867 3207 1007 3260; x_wconf 71' lang='grc' dir='ltr'>κατὰ</span> <span class='ocrx_word' id='word_1_223' title='bbox 1040 3206 1138 3275; x_wconf 77' lang='grc' dir='ltr'>τὴν</span> <span class='ocrx_word' id='word_1_224' title='bbox 1185 3206 1515 3277; x_wconf 83' lang='grc' dir='ltr'>στεφανικὴν</span> <span class='ocrx_word' id='word_1_225' title='bbox 1562 3207 1726 3260; x_wconf 79' lang='grc' dir='ltr'>συνά-</span> <span class='ocrx_word' id='word_1_226' title='bbox 1754 3239 1796 3294; x_wconf 78' lang='lat' dir='ltr'>c</span> 
     </span>
    </p>
   </div>
   <div class='ocr_carea' id='block_1_31' title="bbox 147 3296 1725 3367">
    <p class='ocr_par' dir='ltr' id='par_1_31' title="bbox 147 3296 1725 3367">
     <span class='ocr_line' id='line_1_31' title="bbox 147 3296 1725 3367; baseline -0.001 -16"><span class='ocrx_word' id='word_1_227' title='bbox 147 3316 332 3366; x_wconf 74' lang='grc' dir='ltr'>φειαν,</span> <span class='ocrx_word' id='word_1_228' title='bbox 367 3298 521 3366; x_wconf 79' lang='grc' dir='ltr'>ἱερὰν</span> <span class='ocrx_word' id='word_1_229' title='bbox 554 3298 944 3366; x_wconf 85' lang='grc' dir='ltr'>μυσταγωγίαν</span> <span class='ocrx_word' id='word_1_230' title='bbox 984 3296 1340 3367; x_wconf 75' lang='grc' dir='ltr'>ἀναλήψεται,</span> <span class='ocrx_word' id='word_1_231' title='bbox 1387 3298 1480 3351; x_wconf 70' lang='grc' dir='ltr'><strong>καὶ</strong></span> <span class='ocrx_word' id='word_1_232' title='bbox 1521 3297 1725 3350; x_wconf 87' lang='grc' dir='ltr'>κατίδοι</span> 
     </span>
    </p>
   </div>
   <div class='ocr_carea' id='block_1_32' title="bbox 147 3388 1725 3460">
    <p class='ocr_par' dir='ltr' id='par_1_32' title="bbox 147 3388 1725 3460">
     <span class='ocr_line' id='line_1_32' title="bbox 147 3388 1725 3460; baseline -0.001 -18"><span class='ocrx_word' id='word_1_233' title='bbox 147 3390 317 3442; x_wconf 81' lang='grc' dir='ltr'>πόσον</span> <span class='ocrx_word' id='word_1_234' title='bbox 363 3390 510 3443; x_wconf 71' lang='grc' dir='ltr'>ἐστὶν</span> <span class='ocrx_word' id='word_1_235' title='bbox 560 3390 792 3444; x_wconf 80' lang='grc' dir='ltr'>ἐνταῦθα</span> <span class='ocrx_word' id='word_1_236' title='bbox 825 3389 1118 3443; x_wconf 77' lang='grc' dir='ltr'>ὑπολαϐεῖν</span> <span class='ocrx_word' id='word_1_237' title='bbox 1141 3390 1233 3442; x_wconf 77' lang='grc' dir='ltr'>τὸν</span> <span class='ocrx_word' id='word_1_238' title='bbox 1256 3388 1603 3460; x_wconf 82' lang='grc' dir='ltr'>παροξυσμὸν</span> <span class='ocrx_word' id='word_1_239' title='bbox 1633 3388 1725 3441; x_wconf 84' lang='grc' dir='ltr'>τοῦ</span> 
     </span>
    </p>
   </div>
   <div class='ocr_carea' id='block_1_33' title="bbox 149 3481 1723 3553">
    <p class='ocr_par' dir='ltr' id='par_1_33' title="bbox 149 3481 1723 3553">
     <span class='ocr_line' id='line_1_33' title="bbox 149 3481 1723 3553; baseline 0 -18"><span class='ocrx_word' id='word_1_240' title='bbox 149 3483 310 3548; x_wconf 80' lang='grc' dir='ltr'>ἁγίου</span> <span class='ocrx_word' id='word_1_241' title='bbox 348 3481 667 3553; x_wconf 87' lang='grc' dir='ltr'>Πνεύματος</span> <span class='ocrx_word' id='word_1_242' title='bbox 709 3485 767 3535; x_wconf 83' lang='grc' dir='ltr'><strong>ἐν</strong></span> <span class='ocrx_word' id='word_1_243' title='bbox 811 3486 929 3547; x_wconf 86' lang='grc' dir='ltr'>ταῖς</span> <span class='ocrx_word' id='word_1_244' title='bbox 971 3484 1250 3546; x_wconf 80' lang='grc' dir='ltr'>τοιαύταις</span> <span class='ocrx_word' id='word_1_245' title='bbox 1288 3481 1723 3549; x_wconf 77' lang='grc' dir='ltr'>ἐναντιολογίαις.</span> 
     </span>
    </p>
   </div>
   <div class='ocr_carea' id='block_1_34' title="bbox 148 3573 1729 3646">
    <p class='ocr_par' dir='ltr' id='par_1_34' title="bbox 148 3573 1729 3646">
     <span class='ocr_line' id='line_1_34' title="bbox 148 3573 1729 3646; baseline -0.001 -18"><span class='ocrx_word' id='word_1_246' title='bbox 148 3576 376 3637; x_wconf 82' lang='grc' dir='ltr'>Πάντως</span> <span class='ocrx_word' id='word_1_247' title='bbox 399 3575 509 3646; x_wconf 81' lang='grc' dir='ltr'><strong>γὰρ</strong></span> <span class='ocrx_word' id='word_1_248' title='bbox 539 3577 638 3629; x_wconf 81' lang='grc' dir='ltr'>ὅσα</span> <span class='ocrx_word' id='word_1_249' title='bbox 675 3578 703 3628; x_wconf 92' lang='grc' dir='ltr'><strong>ό</strong></span> <span class='ocrx_word' id='word_1_250' title='bbox 745 3577 922 3645; x_wconf 74' lang='grc' dir='ltr'>ἱερεὺς</span> <span class='ocrx_word' id='word_1_251' title='bbox 955 3576 1263 3643; x_wconf 82' lang='grc' dir='ltr'>ὑποφαίνει,</span> <span class='ocrx_word' id='word_1_252' title='bbox 1285 3574 1454 3628; x_wconf 84' lang='grc' dir='ltr'>ταῦτα</span> <span class='ocrx_word' id='word_1_253' title='bbox 1487 3574 1580 3627; x_wconf 77' lang='grc' dir='ltr'>καὶ</span> <span class='ocrx_word' id='word_1_254' title='bbox 1599 3573 1729 3636; x_wconf 82' lang='grc' dir='ltr'>Θεὸς</span> 
     </span>
    </p>
   </div>
   <div class='ocr_carea' id='block_1_35' title="bbox 149 3665 1726 3736">
    <p class='ocr_par' dir='ltr' id='par_1_35' title="bbox 149 3665 1726 3736">
     <span class='ocr_line' id='line_1_35' title="bbox 149 3665 1726 3736; baseline 0.001 -19"><span class='ocrx_word' id='word_1_255' title='bbox 149 3667 355 3736; x_wconf 80' lang='grc' dir='ltr'>κυροῦν</span> <span class='ocrx_word' id='word_1_256' title='bbox 413 3666 842 3734; x_wconf 82' lang='grc' dir='ltr'>ἐπαγγέλλεται.</span> <span class='ocrx_word' id='word_1_257' title='bbox 877 3667 1019 3720; x_wconf 82' lang='grc' dir='ltr'>κατὰ</span> <span class='ocrx_word' id='word_1_258' title='bbox 1069 3668 1158 3719; x_wconf 81' lang='grc' dir='ltr'>τὸν</span> <span class='ocrx_word' id='word_1_259' title='bbox 1220 3666 1390 3735; x_wconf 84' lang='grc' dir='ltr'>μέγαν</span> <span class='ocrx_word' id='word_1_260' title='bbox 1436 3665 1726 3718; x_wconf 81' lang='grc' dir='ltr'>Διονύσιον.</span> 
     </span>
    </p>
   </div>
   <div class='ocr_carea' id='block_1_36' title="bbox 163 3755 1731 3827">
    <p class='ocr_par' dir='ltr' id='par_1_36' title="bbox 163 3755 1731 3827">
     <span class='ocr_line' id='line_1_36' title="bbox 163 3755 1731 3827; baseline -0.002 -18"><span class='ocrx_word' id='word_1_261' title='bbox 163 3757 326 3810; x_wconf 81' lang='grc' dir='ltr'>Ἀλλὰ</span> <span class='ocrx_word' id='word_1_262' title='bbox 365 3757 454 3810; x_wconf 85' lang='grc' dir='ltr'>διὰ.</span> <span class='ocrx_word' id='word_1_263' title='bbox 507 3758 663 3810; x_wconf 85' lang='grc' dir='ltr'>τοῦτο</span> <span class='ocrx_word' id='word_1_264' title='bbox 694 3757 928 3827; x_wconf 85' lang='grc' dir='ltr'>δεόμεθά</span> <span class='ocrx_word' id='word_1_265' title='bbox 973 3774 1065 3810; x_wconf 91' lang='grc' dir='ltr'><strong>σου</strong></span> <span class='ocrx_word' id='word_1_266' title='bbox 1109 3758 1208 3825; x_wconf 82' lang='grc' dir='ltr'>τῆς</span> <span class='ocrx_word' id='word_1_267' title='bbox 1251 3756 1607 3823; x_wconf 74' lang='grc' dir='ltr'>τελειότητος,</span> <span class='ocrx_word' id='word_1_268' title='bbox 1641 3755 1731 3807; x_wconf 77' lang='grc' dir='ltr'><strong>τὸν</strong></span> 
     </span>
    </p>
   </div>
   <div class='ocr_carea' id='block_1_37' title="bbox 152 3847 1732 3920">
    <p class='ocr_par' dir='ltr' id='par_1_37' title="bbox 152 3847 1732 3920">
     <span class='ocr_line' id='line_1_37' title="bbox 152 3847 1732 3920; baseline -0.002 -18"><span class='ocrx_word' id='word_1_269' title='bbox 152 3849 256 3902; x_wconf 76' lang='grc' dir='ltr'>ὑπὸ</span> <span class='ocrx_word' id='word_1_270' title='bbox 302 3848 415 3901; x_wconf 85' lang='grc' dir='ltr'>τῶν</span> <span class='ocrx_word' id='word_1_271' title='bbox 472 3849 710 3902; x_wconf 83' lang='grc' dir='ltr'>κανόνων</span> <span class='ocrx_word' id='word_1_272' title='bbox 760 3849 1157 3920; x_wconf 79' lang='grc' dir='ltr'>καθῃρημένον,</span> <span class='ocrx_word' id='word_1_273' title='bbox 1191 3849 1284 3901; x_wconf 79' lang='grc' dir='ltr'>καὶ</span> <span class='ocrx_word' id='word_1_274' title='bbox 1333 3847 1438 3901; x_wconf 82' lang='grc' dir='ltr'><strong>ὑπὸ</strong></span> <span class='ocrx_word' id='word_1_275' title='bbox 1473 3847 1565 3900; x_wconf 80' lang='grc' dir='ltr'><strong>τοῦ</strong></span> <span class='ocrx_word' id='word_1_276' title='bbox 1601 3864 1732 3916; x_wconf 85' lang='grc' dir='ltr'>προ-</span> 
     </span>
    </p>
   </div>
   <div class='ocr_carea' id='block_1_38' title="bbox 150 3938 1732 4011">
    <p class='ocr_par' dir='ltr' id='par_1_38' title="bbox 150 3938 1732 4011">
     <span class='ocr_line' id='line_1_38' title="bbox 150 3938 1732 4011; baseline 0.001 -20"><span class='ocrx_word' id='word_1_277' title='bbox 150 3938 509 4008; x_wconf 84' lang='grc' dir='ltr'>ηγησαμένου</span> <span class='ocrx_word' id='word_1_278' title='bbox 533 3939 628 4008; x_wconf 72' lang='grc' dir='ltr'>τὴν</span> <span class='ocrx_word' id='word_1_279' title='bbox 653 3940 960 4011; x_wconf 81' lang='grc' dir='ltr'>ἁγιωσύνην</span> <span class='ocrx_word' id='word_1_280' title='bbox 979 3957 1092 4006; x_wconf 85' lang='grc' dir='ltr'>σου,</span> <span class='ocrx_word' id='word_1_281' title='bbox 1111 3941 1393 4010; x_wconf 78' lang='grc' dir='ltr'>εἱρχθέντα</span> <span class='ocrx_word' id='word_1_282' title='bbox 1421 3939 1560 4002; x_wconf 81' lang='grc' dir='ltr'>ὅλοις</span> <span class='ocrx_word' id='word_1_283' title='bbox 1579 3939 1732 3992; x_wconf 83' lang='grc' dir='ltr'>ἐννέα</span> 
     </span>
    </p>
   </div>
   <div class='ocr_carea' id='block_1_39' title="bbox 152 4028 1731 4104">
    <p class='ocr_par' dir='ltr' id='par_1_39' title="bbox 152 4028 1731 4104">
     <span class='ocr_line' id='line_1_39' title="bbox 152 4028 1731 4104; baseline 0.001 -23"><span class='ocrx_word' id='word_1_284' title='bbox 152 4028 322 4093; x_wconf 74' lang='grc' dir='ltr'>ἔτεσι,</span> <span class='ocrx_word' id='word_1_285' title='bbox 379 4028 586 4084; x_wconf 82' lang='grc' dir='ltr'>παῦσαι</span> <span class='ocrx_word' id='word_1_286' title='bbox 646 4033 746 4104; x_wconf 78' lang='grc' dir='ltr'>τῆς</span> <span class='ocrx_word' id='word_1_287' title='bbox 799 4031 1130 4103; x_wconf 74' lang='grc' dir='ltr'>ἱερουργίας,</span> <span class='ocrx_word' id='word_1_288' title='bbox 1180 4031 1504 4101; x_wconf 80' lang='grc' dir='ltr'>παραλόγως</span> <span class='ocrx_word' id='word_1_289' title='bbox 1558 4029 1731 4083; x_wconf 82' lang='grc' dir='ltr'>εἰσελ-</span> 
     </span>
    </p>
   </div>
   <div class='ocr_carea' id='block_1_40' title="bbox 155 4120 342 4175">
    <p class='ocr_par' dir='ltr' id='par_1_40' title="bbox 155 4120 342 4175">
     <span class='ocr_line' id='line_1_40' title="bbox 155 4120 342 4175; baseline 0.005 -1"><span class='ocrx_word' id='word_1_290' title='bbox 155 4120 342 4175; x_wconf 87' lang='grc' dir='ltr'>θόντα.</span> 
     </span>
    </p>
   </div>
   <div class='ocr_carea' id='block_1_41' title="bbox 227 4211 1732 4285">
    <p class='ocr_par' dir='ltr' id='par_1_41' title="bbox 227 4211 1732 4285">
     <span class='ocr_line' id='line_1_41' title="bbox 227 4211 1732 4285; baseline -0.002 -19"><span class='ocrx_word' id='word_1_291' title='bbox 227 4214 393 4283; x_wconf 77' lang='grc' dir='ltr'>Ἄρτι</span> <span class='ocrx_word' id='word_1_292' title='bbox 439 4212 546 4282; x_wconf 85' lang='grc' dir='ltr'><strong>γὰρ</strong></span> <span class='ocrx_word' id='word_1_293' title='bbox 597 4212 657 4266; x_wconf 82' lang='grc' dir='ltr'>τὸ</span> <span class='ocrx_word' id='word_1_294' title='bbox 697 4214 951 4268; x_wconf 74' lang='grc' dir='ltr'>ταπεινδν</span> <span class='ocrx_word' id='word_1_295' title='bbox 1001 4215 1177 4285; x_wconf 88' lang='grc' dir='ltr'>στόμα</span> <span class='ocrx_word' id='word_1_296' title='bbox 1224 4213 1382 4283; x_wconf 85' lang='grc' dir='ltr'>ἡμῶν</span> <span class='ocrx_word' id='word_1_297' title='bbox 1423 4211 1732 4282; x_wconf 76' lang='grc' dir='ltr'>ἠνοίξαμεν,</span> 
     </span>
    </p>
   </div>
   <div class='ocr_carea' id='block_1_42' title="bbox 158 4300 1738 4374">
    <p class='ocr_par' dir='ltr' id='par_1_42' title="bbox 158 4300 1738 4374">
     <span class='ocr_line' id='line_1_42' title="bbox 158 4300 1738 4374; baseline -0.001 -20"><span class='ocrx_word' id='word_1_298' title='bbox 158 4300 322 4371; x_wconf 76' lang='grc' dir='ltr'>ἡνίκα</span> <span class='ocrx_word' id='word_1_299' title='bbox 374 4302 767 4372; x_wconf 85' lang='grc' dir='ltr'>ἐνεκλήθημεν.</span> <span class='ocrx_word' id='word_1_300' title='bbox 810 4303 1074 4374; x_wconf 85' lang='grc' dir='ltr'>Ὀπηνίκα</span> <span class='ocrx_word' id='word_1_301' title='bbox 1105 4303 1214 4374; x_wconf 86' lang='grc' dir='ltr'>γὰρ</span> <span class='ocrx_word' id='word_1_302' title='bbox 1259 4303 1502 4370; x_wconf 83' lang='grc' dir='ltr'>ἐγεγόνει</span> <span class='ocrx_word' id='word_1_303' title='bbox 1545 4305 1578 4373; x_wconf 75' lang='grc' dir='ltr'>ἡ</span> <span class='ocrx_word' id='word_1_304' title='bbox 1615 4318 1738 4354; x_wconf 84' lang='grc' dir='ltr'>συν-</span> 
     </span>
    </p>
   </div>
   <div class='ocr_carea' id='block_1_43' title="bbox 156 4389 1737 4464">
    <p class='ocr_par' dir='ltr' id='par_1_43' title="bbox 156 4389 1737 4464">
     <span class='ocr_line' id='line_1_43' title="bbox 156 4389 1737 4464; baseline -0.001 -19"><span class='ocrx_word' id='word_1_305' title='bbox 156 4392 368 4455; x_wconf 70' lang='grc' dir='ltr'>έλευσις</span> <span class='ocrx_word' id='word_1_306' title='bbox 400 4392 584 4461; x_wconf 88' lang='grc' dir='ltr'>ἐκείνη</span> <span class='ocrx_word' id='word_1_307' title='bbox 610 4394 644 4462; x_wconf 85' lang='grc' dir='ltr'>ή</span> <span class='ocrx_word' id='word_1_308' title='bbox 677 4392 866 4464; x_wconf 79' lang='grc' dir='ltr'>μικρὰ,</span> <span class='ocrx_word' id='word_1_309' title='bbox 892 4395 988 4447; x_wconf 77' lang='grc' dir='ltr'>καὶ</span> <span class='ocrx_word' id='word_1_310' title='bbox 1015 4393 1114 4447; x_wconf 81' lang='grc' dir='ltr'>οὐκ</span> <span class='ocrx_word' id='word_1_311' title='bbox 1141 4389 1234 4446; x_wconf 79' lang='grc' dir='ltr'>οἷδ’</span> <span class='ocrx_word' id='word_1_312' title='bbox 1263 4393 1420 4446; x_wconf 84' lang='grc' dir='ltr'>ὁποία</span> <span class='ocrx_word' id='word_1_313' title='bbox 1440 4394 1611 4445; x_wconf 72' lang='grc' dir='ltr'>εἰπεῖν</span> <span class='ocrx_word' id='word_1_314' title='bbox 1629 4407 1644 4422; x_wconf 80' lang='lat'>&#39;</span> <span class='ocrx_word' id='word_1_315' title='bbox 1674 4393 1737 4444; x_wconf 89' lang='grc' dir='ltr'><strong>ἐκ</strong></span> 
     </span>
    </p>
   </div>
   <div class='ocr_carea' id='block_1_44' title="bbox 158 4482 1735 4556">
    <p class='ocr_par' dir='ltr' id='par_1_44' title="bbox 158 4482 1735 4556">
     <span class='ocr_line' id='line_1_44' title="bbox 158 4482 1735 4556; baseline -0.001 -21"><span class='ocrx_word' id='word_1_316' title='bbox 158 4487 256 4554; x_wconf 79' lang='grc' dir='ltr'>τῆς</span> <span class='ocrx_word' id='word_1_317' title='bbox 285 4484 535 4552; x_wconf 78' lang='grc' dir='ltr'>φυλακῆς</span> <span class='ocrx_word' id='word_1_318' title='bbox 577 4483 724 4554; x_wconf 71' lang='grc' dir='ltr'>ήμην</span> <span class='ocrx_word' id='word_1_319' title='bbox 761 4486 880 4538; x_wconf 87' lang='grc' dir='ltr'>κατ’</span> <span class='ocrx_word' id='word_1_320' title='bbox 913 4485 1042 4539; x_wconf 78' lang='grc' dir='ltr'>αὐτὸ</span> <span class='ocrx_word' id='word_1_321' title='bbox 1072 4483 1428 4556; x_wconf 77' lang='grc' dir='ltr'>ἐξεληλυθὼς.</span> <span class='ocrx_word' id='word_1_322' title='bbox 1461 4485 1570 4536; x_wconf 74' lang='grc' dir='ltr'>Καὶ</span> <span class='ocrx_word' id='word_1_323' title='bbox 1613 4482 1735 4535; x_wconf 72' lang='grc' dir='ltr'>ἐπεὶ</span> 
     </span>
    </p>
   </div>
   <div class='ocr_carea' id='block_1_45' title="bbox 1368 456 2180 520">
    <p class='ocr_par' dir='ltr' id='par_1_45' title="bbox 1368 456 2180 520">
     <span class='ocr_line' id='line_1_45' title="bbox 1368 456 2180 520; baseline 0.001 -2"><span class='ocrx_word' id='word_1_324' title='bbox 1368 456 1908 520; x_wconf 77' lang='lat' dir='ltr'><strong>EPISTOLARUM</strong></span> <span class='ocrx_word' id='word_1_325' title='bbox 1940 458 2089 519; x_wconf 85' lang='lat' dir='ltr'><strong>LIB.</strong></span> <span class='ocrx_word' id='word_1_326' title='bbox 2128 458 2180 519; x_wconf 92' lang='grc' dir='ltr'><strong>Ι.</strong></span> 
     </span>
    </p>
   </div>
   <div class='ocr_carea' id='block_1_46' title="bbox 214 556 1800 638">
    <p class='ocr_par' dir='ltr' id='par_1_46' title="bbox 214 556 1800 638">
     <span class='ocr_line' id='line_1_46' title="bbox 214 556 1800 638; baseline 0.009 -26"><span class='ocrx_word' id='word_1_327' title='bbox 214 557 411 631; x_wconf 81' lang='grc' dir='ltr'>Ἰημεν</span> <span class='ocrx_word' id='word_1_328' title='bbox 451 556 510 612; x_wconf 81' lang='grc' dir='ltr'>δὲ</span> <span class='ocrx_word' id='word_1_329' title='bbox 552 557 642 611; x_wconf 80' lang='grc' dir='ltr'><strong>ἐπ’</strong></span> <span class='ocrx_word' id='word_1_330' title='bbox 694 559 863 630; x_wconf 83' lang='grc' dir='ltr'>αὐτῆς</span> <span class='ocrx_word' id='word_1_331' title='bbox 908 559 1010 632; x_wconf 80' lang='grc' dir='ltr'>τῆς</span> <span class='ocrx_word' id='word_1_332' title='bbox 1058 560 1352 632; x_wconf 82' lang='grc' dir='ltr'>ἀπολογίας</span> <span class='ocrx_word' id='word_1_333' title='bbox 1391 566 1489 638; x_wconf 79' lang='grc' dir='ltr'><strong>[αι.</strong></span> <span class='ocrx_word' id='word_1_334' title='bbox 1527 569 1724 638; x_wconf 86' lang='grc' dir='ltr'>Ἴωμεν</span> <span class='ocrx_word' id='word_1_335' title='bbox 1753 572 1800 626; x_wconf 81' lang='grc' dir='ltr'><strong>Δ</strong></span> 
     </span>
    </p>
   </div>
   <div class='ocr_carea' id='block_1_47' title="bbox 3286 459 3394 522">
    <p class='ocr_par' dir='ltr' id='par_1_47' title="bbox 3286 459 3394 522">
     <span class='ocr_line' id='line_1_47' title="bbox 3286 459 3394 522; baseline 0.019 -2"><span class='ocrx_word' id='word_1_336' title='bbox 3286 459 3394 522; x_wconf 83' lang='grc'><strong>990</strong></span> 
     </span>
    </p>
   </div>
   <div class='ocr_carea' id='block_1_48' title="bbox 1930 565 3392 638">
    <p class='ocr_par' dir='ltr' id='par_1_48' title="bbox 1930 565 3392 638">
     <span class='ocr_line' id='line_1_48' title="bbox 1930 565 3392 638; baseline 0.001 -18"><span class='ocrx_word' id='word_1_337' title='bbox 1930 566 2087 622; x_wconf 85' lang='lat' dir='ltr'><strong>Nunc</strong></span> <span class='ocrx_word' id='word_1_338' title='bbox 2108 575 2291 622; x_wconf 90' lang='lat' dir='ltr'><strong>autem</strong></span> <span class='ocrx_word' id='word_1_339' title='bbox 2345 565 2623 638; x_wconf 74' lang='lat' dir='ltr'><strong>pergimus</strong></span> <span class='ocrx_word' id='word_1_340' title='bbox 2665 565 2732 620; x_wconf 91' lang='lat' dir='ltr'><strong>ad</strong></span> <span class='ocrx_word' id='word_1_341' title='bbox 2781 565 3160 638; x_wconf 70' lang='lat' dir='ltr'><strong>purgationem</strong></span> <span class='ocrx_word' id='word_1_342' title='bbox 3208 582 3392 622; x_wconf 88' lang='lat' dir='ltr'><strong>coram</strong></span> 
     </span>
    </p>
   </div>
   <div class='ocr_carea' id='block_1_49' title="bbox 1821 657 3393 729">
    <p class='ocr_par' dir='ltr' id='par_1_49' title="bbox 1821 657 3393 729">
     <span class='ocr_line' id='line_1_49' title="bbox 1821 657 3393 729; baseline 0.003 -17"><span class='ocrx_word' id='word_1_343' title='bbox 1821 657 1932 713; x_wconf 93' lang='lat' dir='ltr'><strong>Deo</strong></span> <span class='ocrx_word' id='word_1_344' title='bbox 1963 661 2055 729; x_wconf 87' lang='lat' dir='ltr'><strong>qui</strong></span> <span class='ocrx_word' id='word_1_345' title='bbox 2093 658 2275 713; x_wconf 81' lang='lat' dir='ltr'><strong>omnia</strong></span> <span class='ocrx_word' id='word_1_346' title='bbox 2303 659 2497 724; x_wconf 84' lang='lat' dir='ltr'><strong>cernit,</strong></span> <span class='ocrx_word' id='word_1_347' title='bbox 2530 667 2584 713; x_wconf 87' lang='lat' dir='ltr'><strong>et</strong></span> <span class='ocrx_word' id='word_1_348' title='bbox 2611 673 2796 713; x_wconf 91' lang='lat' dir='ltr'><strong>coram</strong></span> <span class='ocrx_word' id='word_1_349' title='bbox 2827 659 3274 728; x_wconf 60' lang='lat' dir='ltr'><strong>archiprmsulatu</strong></span> <span class='ocrx_word' id='word_1_350' title='bbox 3301 670 3393 716; x_wconf 86' lang='lat' dir='ltr'><strong>tuo</strong></span> 
     </span>
    </p>
   </div>
   <div class='ocr_carea' id='block_1_50' title="bbox 1818 749 3389 822">
    <p class='ocr_par' dir='ltr' id='par_1_50' title="bbox 1818 749 3389 822">
     <span class='ocr_line' id='line_1_50' title="bbox 1818 749 3389 822; baseline 0 -18"><span class='ocrx_word' id='word_1_351' title='bbox 1818 752 1983 806; x_wconf 86' lang='lat' dir='ltr'><strong>verba</strong></span> <span class='ocrx_word' id='word_1_352' title='bbox 2022 751 2235 806; x_wconf 77' lang='lat' dir='ltr'><strong>tacturi.</strong></span> <span class='ocrx_word' id='word_1_353' title='bbox 2268 749 2386 805; x_wconf 87' lang='lat' dir='ltr'><strong>Non</strong></span> <span class='ocrx_word' id='word_1_354' title='bbox 2418 766 2605 806; x_wconf 91' lang='lat' dir='ltr'><strong>sumus</strong></span> <span class='ocrx_word' id='word_1_355' title='bbox 2664 751 3014 822; x_wconf 83' lang='lat' dir='ltr'><strong>aposchistae,</strong></span> <span class='ocrx_word' id='word_1_356' title='bbox 3068 767 3102 806; x_wconf 90' lang='grc' dir='ltr'><strong>ο</strong></span> <span class='ocrx_word' id='word_1_357' title='bbox 3141 761 3389 806; x_wconf 91' lang='lat' dir='ltr'><strong>sanctum</strong></span> 
     </span>
    </p>
   </div>
   <div class='ocr_carea' id='block_1_51' title="bbox 1817 841 3391 911">
    <p class='ocr_par' dir='ltr' id='par_1_51' title="bbox 1817 841 3391 911">
     <span class='ocr_line' id='line_1_51' title="bbox 1817 841 3391 911; baseline -0.002 -14"><span class='ocrx_word' id='word_1_358' title='bbox 1817 852 2002 911; x_wconf 86' lang='lat' dir='ltr'><strong>caput,</strong></span> <span class='ocrx_word' id='word_1_359' title='bbox 2027 843 2094 896; x_wconf 90' lang='lat' dir='ltr'><strong>ab</strong></span> <span class='ocrx_word' id='word_1_360' title='bbox 2124 843 2365 897; x_wconf 84' lang='lat' dir='ltr'><strong>Ecclesia</strong></span> <span class='ocrx_word' id='word_1_361' title='bbox 2390 842 2481 897; x_wconf 87' lang='lat' dir='ltr'><strong>Dei</strong></span> <span class='ocrx_word' id='word_1_362' title='bbox 2517 859 2531 896; x_wconf 88' lang='lat'><strong>:</strong></span> <span class='ocrx_word' id='word_1_363' title='bbox 2568 842 2710 896; x_wconf 88' lang='lat' dir='ltr'><strong>absit</strong></span> <span class='ocrx_word' id='word_1_364' title='bbox 2746 851 2804 896; x_wconf 87' lang='lat' dir='ltr'><strong>ut</strong></span> <span class='ocrx_word' id='word_1_365' title='bbox 2858 842 2910 896; x_wconf 90' lang='lat' dir='ltr'><strong>id</strong></span> <span class='ocrx_word' id='word_1_366' title='bbox 2942 857 3178 911; x_wconf 86' lang='lat' dir='ltr'><strong>unquam</strong></span> <span class='ocrx_word' id='word_1_367' title='bbox 3231 841 3391 896; x_wconf 85' lang='lat' dir='ltr'><strong>nobis</strong></span> 
     </span>
    </p>
   </div>
   <div class='ocr_carea' id='block_1_52' title="bbox 1817 932 3391 1003">
    <p class='ocr_par' dir='ltr' id='par_1_52' title="bbox 1817 932 3391 1003">
     <span class='ocr_line' id='line_1_52' title="bbox 1817 932 3391 1003; baseline 0.001 -17"><span class='ocrx_word' id='word_1_368' title='bbox 1817 933 2030 987; x_wconf 89' lang='lat' dir='ltr'><strong>eveniat</strong></span> <span class='ocrx_word' id='word_1_369' title='bbox 2058 936 2070 987; x_wconf 80' lang='grc' dir='ltr'><strong>ι</strong></span> <span class='ocrx_word' id='word_1_370' title='bbox 2115 932 2221 987; x_wconf 89' lang='lat' dir='ltr'><strong>Sed</strong></span> <span class='ocrx_word' id='word_1_371' title='bbox 2252 933 2549 1002; x_wconf 87' lang='lat' dir='ltr'><strong>quamlibet</strong></span> <span class='ocrx_word' id='word_1_372' title='bbox 2593 933 2712 987; x_wconf 89' lang='lat' dir='ltr'><strong>aliis</strong></span> <span class='ocrx_word' id='word_1_373' title='bbox 2743 932 2991 1003; x_wconf 87' lang='lat' dir='ltr'><strong>plurimis</strong></span> <span class='ocrx_word' id='word_1_374' title='bbox 3021 933 3258 1002; x_wconf 84' lang='lat' dir='ltr'><strong>peccatis</strong></span> <span class='ocrx_word' id='word_1_375' title='bbox 3291 934 3391 987; x_wconf 90' lang='lat' dir='ltr'><strong>ob-</strong></span> 
     </span>
    </p>
   </div>
   <div class='ocr_carea' id='block_1_53' title="bbox 1817 1023 3392 1090">
    <p class='ocr_par' dir='ltr' id='par_1_53' title="bbox 1817 1023 3392 1090">
     <span class='ocr_line' id='line_1_53' title="bbox 1817 1023 3392 1090; baseline -0.001 -11"><span class='ocrx_word' id='word_1_376' title='bbox 1817 1026 1964 1079; x_wconf 82' lang='lat' dir='ltr'><strong>noxii</strong></span> <span class='ocrx_word' id='word_1_377' title='bbox 1995 1033 2294 1090; x_wconf 85' lang='lat' dir='ltr'><strong>teneamur,</strong></span> <span class='ocrx_word' id='word_1_378' title='bbox 2328 1040 2516 1079; x_wconf 90' lang='lat' dir='ltr'><strong>sumus</strong></span> <span class='ocrx_word' id='word_1_379' title='bbox 2542 1032 2780 1078; x_wconf 86' lang='lat' dir='ltr'><strong>attamen</strong></span> <span class='ocrx_word' id='word_1_380' title='bbox 2824 1025 3135 1087; x_wconf 82' lang='lat' dir='ltr'><strong>orthodoxi,</strong></span> <span class='ocrx_word' id='word_1_381' title='bbox 3172 1033 3227 1078; x_wconf 93' lang='lat' dir='ltr'><strong>et</strong></span> <span class='ocrx_word' id='word_1_382' title='bbox 3289 1023 3392 1078; x_wconf 88' lang='lat' dir='ltr'><strong>Ec-</strong></span> 
     </span>
    </p>
   </div>
   <div class='ocr_carea' id='block_1_54' title="bbox 1818 1116 3392 1185">
    <p class='ocr_par' dir='ltr' id='par_1_54' title="bbox 1818 1116 3392 1185">
     <span class='ocr_line' id='line_1_54' title="bbox 1818 1116 3392 1185; baseline -0.001 -14"><span class='ocrx_word' id='word_1_383' title='bbox 1818 1117 1996 1171; x_wconf 62' lang='lat' dir='ltr'><strong>clesia:</strong></span> <span class='ocrx_word' id='word_1_384' title='bbox 2046 1117 2332 1170; x_wconf 64' lang='lat' dir='ltr'><strong>catholica:</strong></span> <span class='ocrx_word' id='word_1_385' title='bbox 2380 1116 2606 1181; x_wconf 85' lang='lat' dir='ltr'><strong>alumni,</strong></span> <span class='ocrx_word' id='word_1_386' title='bbox 2664 1116 2915 1171; x_wconf 63' lang='lat' dir='ltr'><strong>haeresim</strong></span> <span class='ocrx_word' id='word_1_387' title='bbox 2953 1131 3171 1170; x_wconf 89' lang='lat' dir='ltr'><strong>omnem</strong></span> <span class='ocrx_word' id='word_1_388' title='bbox 3227 1131 3392 1185; x_wconf 87' lang='lat' dir='ltr'><strong>repu-</strong></span> 
     </span>
    </p>
   </div>
   <div class='ocr_carea' id='block_1_55' title="bbox 1817 1207 3388 1276">
    <p class='ocr_par' dir='ltr' id='par_1_55' title="bbox 1817 1207 3388 1276">
     <span class='ocr_line' id='line_1_55' title="bbox 1817 1207 3388 1276; baseline -0.003 -14"><span class='ocrx_word' id='word_1_389' title='bbox 1817 1208 2047 1270; x_wconf 89' lang='lat' dir='ltr'><strong>diantes,</strong></span> <span class='ocrx_word' id='word_1_390' title='bbox 2081 1222 2405 1276; x_wconf 88' lang='lat' dir='ltr'><strong>omnemque</strong></span> <span class='ocrx_word' id='word_1_391' title='bbox 2457 1207 2818 1262; x_wconf 86' lang='lat' dir='ltr'><strong>universalem</strong></span> <span class='ocrx_word' id='word_1_392' title='bbox 2864 1215 2918 1261; x_wconf 89' lang='lat' dir='ltr'><strong>et</strong></span> <span class='ocrx_word' id='word_1_393' title='bbox 2945 1207 3173 1261; x_wconf 89' lang='lat' dir='ltr'><strong>localem</strong></span> <span class='ocrx_word' id='word_1_394' title='bbox 3222 1222 3388 1276; x_wconf 83' lang='lat' dir='ltr'><strong>syno-</strong></span> 
     </span>
    </p>
   </div>
   <div class='ocr_carea' id='block_1_56' title="bbox 1819 1296 3391 1368">
    <p class='ocr_par' dir='ltr' id='par_1_56' title="bbox 1819 1296 3391 1368">
     <span class='ocr_line' id='line_1_56' title="bbox 1819 1296 3391 1368; baseline -0.002 -15"><span class='ocrx_word' id='word_1_395' title='bbox 1819 1300 1947 1354; x_wconf 90' lang='lat' dir='ltr'><strong>dum</strong></span> <span class='ocrx_word' id='word_1_396' title='bbox 1980 1297 2335 1368; x_wconf 87' lang='lat' dir='ltr'><strong>approbatam</strong></span> <span class='ocrx_word' id='word_1_397' title='bbox 2392 1298 2722 1368; x_wconf 90' lang='lat' dir='ltr'><strong>recipientes</strong></span> <span class='ocrx_word' id='word_1_398' title='bbox 2757 1316 2770 1364; x_wconf 93' lang='lat'>;</span> <span class='ocrx_word' id='word_1_399' title='bbox 2821 1312 2923 1352; x_wconf 91' lang='lat' dir='ltr'><strong>nec</strong></span> <span class='ocrx_word' id='word_1_400' title='bbox 2970 1313 3080 1352; x_wconf 91' lang='lat' dir='ltr'><strong>non</strong></span> <span class='ocrx_word' id='word_1_401' title='bbox 3115 1297 3290 1352; x_wconf 84' lang='lat' dir='ltr'><strong>editas</strong></span> <span class='ocrx_word' id='word_1_402' title='bbox 3321 1296 3391 1350; x_wconf 88' lang='lat' dir='ltr'><strong>ab</strong></span> 
     </span>
    </p>
   </div>
   <div class='ocr_carea' id='block_1_57' title="bbox 1819 1385 3391 1456">
    <p class='ocr_par' dir='ltr' id='par_1_57' title="bbox 1819 1385 3391 1456">
     <span class='ocr_line' id='line_1_57' title="bbox 1819 1385 3391 1456; baseline -0.002 -14"><span class='ocrx_word' id='word_1_403' title='bbox 1819 1389 1923 1443; x_wconf 91' lang='lat' dir='ltr'><strong>illis</strong></span> <span class='ocrx_word' id='word_1_404' title='bbox 1956 1388 2243 1443; x_wconf 89' lang='lat' dir='ltr'><strong>canonicas</strong></span> <span class='ocrx_word' id='word_1_405' title='bbox 2297 1387 2713 1442; x_wconf 87' lang='lat' dir='ltr'><strong>constitutiones</strong></span> <span class='ocrx_word' id='word_1_406' title='bbox 2743 1403 2758 1444; x_wconf 85' lang='lat'><strong>:</strong></span> <span class='ocrx_word' id='word_1_407' title='bbox 2789 1402 2968 1456; x_wconf 88' lang='lat' dir='ltr'><strong>neque</strong></span> <span class='ocrx_word' id='word_1_408' title='bbox 3013 1386 3157 1442; x_wconf 86' lang='lat' dir='ltr'><strong>enim</strong></span> <span class='ocrx_word' id='word_1_409' title='bbox 3209 1385 3391 1454; x_wconf 79' lang='lat' dir='ltr'><strong>perfe-</strong></span> 
     </span>
    </p>
   </div>
   <div class='ocr_carea' id='block_1_58' title="bbox 1819 1472 3390 1542">
    <p class='ocr_par' dir='ltr' id='par_1_58' title="bbox 1819 1472 3390 1542">
     <span class='ocr_line' id='line_1_58' title="bbox 1819 1472 3390 1542; baseline -0.003 -9"><span class='ocrx_word' id='word_1_410' title='bbox 1819 1487 1965 1533; x_wconf 90' lang='lat' dir='ltr'><strong>ctum</strong></span> <span class='ocrx_word' id='word_1_411' title='bbox 2007 1491 2128 1532; x_wconf 88' lang='lat' dir='ltr'><strong>esse</strong></span> <span class='ocrx_word' id='word_1_412' title='bbox 2173 1476 2558 1539; x_wconf 78' lang='lat' dir='ltr'><strong>orthodoxum,</strong></span> <span class='ocrx_word' id='word_1_413' title='bbox 2589 1475 2684 1529; x_wconf 92' lang='lat' dir='ltr'><strong>sed</strong></span> <span class='ocrx_word' id='word_1_414' title='bbox 2719 1474 3078 1538; x_wconf 88' lang='lat' dir='ltr'><strong>dimidiatum,</strong></span> <span class='ocrx_word' id='word_1_415' title='bbox 3105 1474 3196 1542; x_wconf 93' lang='lat' dir='ltr'><strong>qui</strong></span> <span class='ocrx_word' id='word_1_416' title='bbox 3228 1472 3390 1528; x_wconf 84' lang='lat' dir='ltr'><strong>ﬁdem</strong></span> 
     </span>
    </p>
   </div>
   <div class='ocr_carea' id='block_1_59' title="bbox 1819 1566 3392 1638">
    <p class='ocr_par' dir='ltr' id='par_1_59' title="bbox 1819 1566 3392 1638">
     <span class='ocr_line' id='line_1_59' title="bbox 1819 1566 3392 1638; baseline -0.003 -16"><span class='ocrx_word' id='word_1_417' title='bbox 1819 1568 2041 1638; x_wconf 88' lang='lat' dir='ltr'><strong>quidem</strong></span> <span class='ocrx_word' id='word_1_418' title='bbox 2088 1574 2292 1621; x_wconf 87' lang='lat' dir='ltr'><strong>rectam</strong></span> <span class='ocrx_word' id='word_1_419' title='bbox 2345 1567 2545 1621; x_wconf 89' lang='lat' dir='ltr'><strong>habere</strong></span> <span class='ocrx_word' id='word_1_420' title='bbox 2595 1567 2866 1628; x_wconf 88' lang='lat' dir='ltr'><strong>videatur,</strong></span> <span class='ocrx_word' id='word_1_421' title='bbox 2921 1566 3117 1621; x_wconf 88' lang='lat' dir='ltr'><strong>divinis</strong></span> <span class='ocrx_word' id='word_1_422' title='bbox 3143 1581 3273 1619; x_wconf 87' lang='lat' dir='ltr'><strong>vero</strong></span> <span class='ocrx_word' id='word_1_423' title='bbox 3303 1580 3392 1618; x_wconf 88' lang='lat' dir='ltr'><strong>ca-</strong></span> 
     </span>
    </p>
   </div>
   <div class='ocr_carea' id='block_1_60' title="bbox 1818 1655 3393 1727">
    <p class='ocr_par' dir='ltr' id='par_1_60' title="bbox 1818 1655 3393 1727">
     <span class='ocr_line' id='line_1_60' title="bbox 1818 1655 3393 1727; baseline -0.003 -13"><span class='ocrx_word' id='word_1_424' title='bbox 1818 1659 2057 1714; x_wconf 91' lang='lat' dir='ltr'><strong>nonibus</strong></span> <span class='ocrx_word' id='word_1_425' title='bbox 2097 1674 2208 1712; x_wconf 90' lang='lat' dir='ltr'><strong>non</strong></span> <span class='ocrx_word' id='word_1_426' title='bbox 2243 1666 2484 1727; x_wconf 86' lang='lat' dir='ltr'><strong>regatur.</strong></span> <span class='ocrx_word' id='word_1_427' title='bbox 2515 1657 2913 1714; x_wconf 82' lang='lat' dir='ltr'><strong>Beatitudinem</strong></span> <span class='ocrx_word' id='word_1_428' title='bbox 2977 1665 3146 1722; x_wconf 89' lang='lat' dir='ltr'><strong>tuam,</strong></span> <span class='ocrx_word' id='word_1_429' title='bbox 3175 1655 3393 1726; x_wconf 85' lang='lat' dir='ltr'><strong>quando</strong></span> 
     </span>
    </p>
   </div>
   <div class='ocr_carea' id='block_1_61' title="bbox 1818 1747 3391 1824">
    <p class='ocr_par' dir='ltr' id='par_1_61' title="bbox 1818 1747 3391 1824">
     <span class='ocr_line' id='line_1_61' title="bbox 1818 1747 3391 1824; baseline -0.004 -17"><span class='ocrx_word' id='word_1_430' title='bbox 1818 1760 2067 1824; x_wconf 89' lang='lat' dir='ltr'><strong>promota</strong></span> <span class='ocrx_word' id='word_1_431' title='bbox 2112 1750 2232 1817; x_wconf 83' lang='lat' dir='ltr'><strong>fuit,</strong></span> <span class='ocrx_word' id='word_1_432' title='bbox 2257 1751 2616 1819; x_wconf 87' lang='lat' dir='ltr'><strong>suscepimus,</strong></span> <span class='ocrx_word' id='word_1_433' title='bbox 2647 1749 3105 1820; x_wconf 88' lang='lat' dir='ltr'><strong>quemadmodum</strong></span> <span class='ocrx_word' id='word_1_434' title='bbox 3133 1750 3311 1818; x_wconf 83' lang='lat' dir='ltr'><strong>palam</strong></span> <span class='ocrx_word' id='word_1_435' title='bbox 3339 1747 3391 1802; x_wconf 90' lang='lat' dir='ltr'><strong>ei</strong></span> 
     </span>
    </p>
   </div>
   <div class='ocr_carea' id='block_1_62' title="bbox 1819 1839 3393 1910">
    <p class='ocr_par' dir='ltr' id='par_1_62' title="bbox 1819 1839 3393 1910">
     <span class='ocr_line' id='line_1_62' title="bbox 1819 1839 3393 1910; baseline -0.005 -11"><span class='ocrx_word' id='word_1_436' title='bbox 1819 1843 1998 1899; x_wconf 79' lang='lat' dir='ltr'><strong>testati</strong></span> <span class='ocrx_word' id='word_1_437' title='bbox 2041 1857 2251 1897; x_wconf 88' lang='lat' dir='ltr'><strong>sumus.</strong></span> <span class='ocrx_word' id='word_1_438' title='bbox 2305 1840 2371 1895; x_wconf 89' lang='lat' dir='ltr'><strong>Et</strong></span> <span class='ocrx_word' id='word_1_439' title='bbox 2400 1857 2466 1895; x_wconf 80' lang='lat' dir='ltr'><strong>ex</strong></span> <span class='ocrx_word' id='word_1_440' title='bbox 2527 1856 2593 1896; x_wconf 92' lang='lat' dir='ltr'><strong>eo</strong></span> <span class='ocrx_word' id='word_1_441' title='bbox 2649 1848 2891 1910; x_wconf 87' lang='lat' dir='ltr'><strong>tempore</strong></span> <span class='ocrx_word' id='word_1_442' title='bbox 2946 1839 3000 1893; x_wconf 92' lang='lat' dir='ltr'><strong>in</strong></span> <span class='ocrx_word' id='word_1_443' title='bbox 3045 1839 3192 1893; x_wconf 86' lang='lat' dir='ltr'><strong>hunc</strong></span> <span class='ocrx_word' id='word_1_444' title='bbox 3221 1851 3393 1906; x_wconf 91' lang='lat' dir='ltr'><strong>usque</strong></span> 
     </span>
    </p>
   </div>
   <div class='ocr_carea' id='block_1_63' title="bbox 1823 1930 3391 2004">
    <p class='ocr_par' dir='ltr' id='par_1_63' title="bbox 1823 1930 3391 2004">
     <span class='ocr_line' id='line_1_63' title="bbox 1823 1930 3391 2004; baseline -0.005 -14"><span class='ocrx_word' id='word_1_445' title='bbox 1823 1936 1988 2001; x_wconf 91' lang='lat' dir='ltr'><strong>diem,</strong></span> <span class='ocrx_word' id='word_1_446' title='bbox 2025 1934 2082 1988; x_wconf 92' lang='lat' dir='ltr'><strong>in</strong></span> <span class='ocrx_word' id='word_1_447' title='bbox 2132 1930 2458 2004; x_wconf 79' lang='lat' dir='ltr'><strong>mystagOgia</strong></span> <span class='ocrx_word' id='word_1_448' title='bbox 2512 1945 3016 1995; x_wconf 88' lang='lat' dir='ltr'><strong>commemoramus,</strong></span> <span class='ocrx_word' id='word_1_449' title='bbox 3047 1938 3107 1984; x_wconf 90' lang='lat' dir='ltr'><strong>ut</strong></span> <span class='ocrx_word' id='word_1_450' title='bbox 3129 1945 3224 2000; x_wconf 90' lang='lat' dir='ltr'><strong>par</strong></span> <span class='ocrx_word' id='word_1_451' title='bbox 3273 1937 3391 1993; x_wconf 86' lang='lat' dir='ltr'><strong>est,</strong></span> 
     </span>
    </p>
   </div>
   <div class='ocr_carea' id='block_1_64' title="bbox 1822 2020 3394 2091">
    <p class='ocr_par' dir='ltr' id='par_1_64' title="bbox 1822 2020 3394 2091">
     <span class='ocr_line' id='line_1_64' title="bbox 1822 2020 3394 2091; baseline -0.006 -9"><span class='ocrx_word' id='word_1_452' title='bbox 1822 2034 1897 2091; x_wconf 89' lang='lat' dir='ltr'><strong>et,</strong></span> <span class='ocrx_word' id='word_1_453' title='bbox 1929 2026 2069 2081; x_wconf 86' lang='lat' dir='ltr'><strong>sicut</strong></span> <span class='ocrx_word' id='word_1_454' title='bbox 2098 2025 2251 2080; x_wconf 87' lang='lat' dir='ltr'><strong>testis</strong></span> <span class='ocrx_word' id='word_1_455' title='bbox 2275 2034 2356 2080; x_wconf 86' lang='lat' dir='ltr'><strong>est</strong></span> <span class='ocrx_word' id='word_1_456' title='bbox 2387 2025 2548 2089; x_wconf 89' lang='lat' dir='ltr'><strong>Deus,</strong></span> <span class='ocrx_word' id='word_1_457' title='bbox 2583 2025 2626 2078; x_wconf 91' lang='lat' dir='ltr'><strong>si</strong></span> <span class='ocrx_word' id='word_1_458' title='bbox 2678 2022 2774 2078; x_wconf 89' lang='lat' dir='ltr'><strong>illo</strong></span> <span class='ocrx_word' id='word_1_459' title='bbox 2838 2023 2928 2077; x_wconf 91' lang='lat' dir='ltr'><strong>die</strong></span> <span class='ocrx_word' id='word_1_460' title='bbox 2988 2020 3394 2077; x_wconf 82' lang='lat' dir='ltr'><strong>communicare</strong></span> 
     </span>
    </p>
   </div>
   <div class='ocr_carea' id='block_1_65' title="bbox 1823 2113 3389 2185">
    <p class='ocr_par' dir='ltr' id='par_1_65' title="bbox 1823 2113 3389 2185">
     <span class='ocr_line' id='line_1_65' title="bbox 1823 2113 3389 2185; baseline -0.003 -13"><span class='ocrx_word' id='word_1_461' title='bbox 1823 2134 1924 2174; x_wconf 92' lang='lat' dir='ltr'><strong>nos</strong></span> <span class='ocrx_word' id='word_1_462' title='bbox 1955 2117 2234 2180; x_wconf 87' lang='lat' dir='ltr'><strong>voluisset,</strong></span> <span class='ocrx_word' id='word_1_463' title='bbox 2277 2117 2836 2172; x_wconf 84' lang='lat' dir='ltr'><strong>communicassemus</strong></span> <span class='ocrx_word' id='word_1_464' title='bbox 2897 2113 3057 2185; x_wconf 88' lang='lat' dir='ltr'><strong>plane</strong></span> <span class='ocrx_word' id='word_1_465' title='bbox 3087 2129 3209 2169; x_wconf 91' lang='lat' dir='ltr'><strong>cum</strong></span> <span class='ocrx_word' id='word_1_466' title='bbox 3253 2114 3389 2183; x_wconf 88' lang='lat' dir='ltr'><strong>ipsa,</strong></span> 
     </span>
    </p>
   </div>
   <div class='ocr_carea' id='block_1_66' title="bbox 1823 2200 3394 2270">
    <p class='ocr_par' dir='ltr' id='par_1_66' title="bbox 1823 2200 3394 2270">
     <span class='ocr_line' id='line_1_66' title="bbox 1823 2200 3394 2270; baseline -0.006 -9"><span class='ocrx_word' id='word_1_467' title='bbox 1823 2205 1960 2261; x_wconf 88' lang='lat' dir='ltr'><strong>nihil</strong></span> <span class='ocrx_word' id='word_1_468' title='bbox 2005 2205 2412 2270; x_wconf 88' lang='lat' dir='ltr'><strong>discernentes;</strong></span> <span class='ocrx_word' id='word_1_469' title='bbox 2471 2218 2597 2259; x_wconf 90' lang='lat' dir='ltr'><strong>cum</strong></span> <span class='ocrx_word' id='word_1_470' title='bbox 2631 2201 2989 2258; x_wconf 85' lang='lat' dir='ltr'><strong>desideranda</strong></span> <span class='ocrx_word' id='word_1_471' title='bbox 3015 2201 3174 2256; x_wconf 91' lang='lat' dir='ltr'><strong>nobis</strong></span> <span class='ocrx_word' id='word_1_472' title='bbox 3231 2200 3394 2256; x_wconf 83' lang='lat' dir='ltr'><strong>fuerit</strong></span> 
     </span>
    </p>
   </div>
   <div class='ocr_carea' id='block_1_67' title="bbox 1824 2286 3394 2362">
    <p class='ocr_par' dir='ltr' id='par_1_67' title="bbox 1824 2286 3394 2362">
     <span class='ocr_line' id='line_1_67' title="bbox 1824 2286 3394 2362; baseline -0.007 -11"><span class='ocrx_word' id='word_1_473' title='bbox 1824 2297 1892 2351; x_wconf 90' lang='lat' dir='ltr'><strong>ab</strong></span> <span class='ocrx_word' id='word_1_474' title='bbox 1925 2296 2100 2349; x_wconf 90' lang='lat' dir='ltr'><strong>initio.</strong></span> <span class='ocrx_word' id='word_1_475' title='bbox 2172 2295 2247 2350; x_wconf 89' lang='lat' dir='ltr'><strong>De</strong></span> <span class='ocrx_word' id='word_1_476' title='bbox 2294 2309 2579 2362; x_wconf 70' lang='lat' dir='ltr'><strong>mconomo</strong></span> <span class='ocrx_word' id='word_1_477' title='bbox 2611 2300 2813 2357; x_wconf 88' lang='lat' dir='ltr'><strong>autem,</strong></span> <span class='ocrx_word' id='word_1_478' title='bbox 2852 2290 3009 2360; x_wconf 85' lang='lat' dir='ltr'><strong>cujus</strong></span> <span class='ocrx_word' id='word_1_479' title='bbox 3073 2303 3238 2343; x_wconf 90' lang='lat' dir='ltr'><strong>causa</strong></span> <span class='ocrx_word' id='word_1_480' title='bbox 3277 2286 3394 2340; x_wconf 72' lang='lat' dir='ltr'><strong>haec</strong></span> 
     </span>
    </p>
   </div>
   <div class='ocr_carea' id='block_1_68' title="bbox 1821 2381 3387 2458">
    <p class='ocr_par' dir='ltr' id='par_1_68' title="bbox 1821 2381 3387 2458">
     <span class='ocr_line' id='line_1_68' title="bbox 1821 2381 3387 2458; baseline -0.004 -18"><span class='ocrx_word' id='word_1_481' title='bbox 1821 2387 2114 2458; x_wconf 73' lang='lat' dir='ltr'><strong>iactantur,</strong></span> <span class='ocrx_word' id='word_1_482' title='bbox 2171 2399 2332 2454; x_wconf 92' lang='lat' dir='ltr'><strong>quem</strong></span> <span class='ocrx_word' id='word_1_483' title='bbox 2377 2384 2575 2438; x_wconf 84' lang='lat' dir='ltr'><strong>veritas</strong></span> <span class='ocrx_word' id='word_1_484' title='bbox 2618 2383 2732 2452; x_wconf 89' lang='lat' dir='ltr'><strong>ipsa</strong></span> <span class='ocrx_word' id='word_1_485' title='bbox 2767 2382 3039 2452; x_wconf 87' lang='lat' dir='ltr'><strong>deposuit,</strong></span> <span class='ocrx_word' id='word_1_486' title='bbox 3076 2381 3260 2434; x_wconf 89' lang='lat' dir='ltr'><strong>multis</strong></span> <span class='ocrx_word' id='word_1_487' title='bbox 3293 2394 3387 2434; x_wconf 88' lang='lat' dir='ltr'><strong>ca-</strong></span> 
     </span>
    </p>
   </div>
   <div class='ocr_carea' id='block_1_69' title="bbox 1823 2471 3395 2540">
    <p class='ocr_par' dir='ltr' id='par_1_69' title="bbox 1823 2471 3395 2540">
     <span class='ocr_line' id='line_1_69' title="bbox 1823 2471 3395 2540; baseline -0.004 -9"><span class='ocrx_word' id='word_1_488' title='bbox 1823 2476 2058 2531; x_wconf 86' lang='lat' dir='ltr'><strong>nonibus</strong></span> <span class='ocrx_word' id='word_1_489' title='bbox 2094 2474 2407 2537; x_wconf 84' lang='lat' dir='ltr'><strong>obnoxium,</strong></span> <span class='ocrx_word' id='word_1_490' title='bbox 2446 2488 2569 2527; x_wconf 90' lang='lat' dir='ltr'><strong>cum</strong></span> <span class='ocrx_word' id='word_1_491' title='bbox 2601 2472 2686 2526; x_wconf 90' lang='lat' dir='ltr'><strong>vel</strong></span> <span class='ocrx_word' id='word_1_492' title='bbox 2714 2482 2842 2526; x_wconf 88' lang='lat' dir='ltr'><strong>ante</strong></span> <span class='ocrx_word' id='word_1_493' title='bbox 2896 2481 3148 2540; x_wconf 88' lang='lat' dir='ltr'><strong>apertum</strong></span> <span class='ocrx_word' id='word_1_494' title='bbox 3182 2471 3395 2524; x_wconf 90' lang='lat' dir='ltr'><strong>adulte-</strong></span> 
     </span>
    </p>
   </div>
   <div class='ocr_carea' id='block_1_70' title="bbox 1826 2562 3396 2634">
    <p class='ocr_par' dir='ltr' id='par_1_70' title="bbox 1826 2562 3396 2634">
     <span class='ocr_line' id='line_1_70' title="bbox 1826 2562 3396 2634; baseline -0.004 -12"><span class='ocrx_word' id='word_1_495' title='bbox 1826 2569 2133 2634; x_wconf 92' lang='lat' dir='ltr'><strong>rium,cum</strong></span> <span class='ocrx_word' id='word_1_496' title='bbox 2180 2566 2546 2620; x_wconf 72' lang='lat' dir='ltr'><strong>mmcharetur</strong></span> <span class='ocrx_word' id='word_1_497' title='bbox 2600 2565 2656 2618; x_wconf 90' lang='lat' dir='ltr'><strong>in</strong></span> <span class='ocrx_word' id='word_1_498' title='bbox 2719 2563 2885 2619; x_wconf 87' lang='lat' dir='ltr'><strong>variis</strong></span> <span class='ocrx_word' id='word_1_499' title='bbox 2916 2562 3163 2632; x_wconf 86' lang='lat' dir='ltr'><strong>personis</strong></span> <span class='ocrx_word' id='word_1_500' title='bbox 3194 2577 3396 2632; x_wconf 73' lang='lat' dir='ltr'><strong>praece-</strong></span> 
     </span>
    </p>
   </div>
   <div class='ocr_carea' id='block_1_71' title="bbox 1827 2654 3396 2729">
    <p class='ocr_par' dir='ltr' id='par_1_71' title="bbox 1827 2654 3396 2729">
     <span class='ocr_line' id='line_1_71' title="bbox 1827 2654 3396 2729; baseline -0.006 -13"><span class='ocrx_word' id='word_1_501' title='bbox 1827 2662 1961 2717; x_wconf 91' lang='lat' dir='ltr'><strong>dens</strong></span> <span class='ocrx_word' id='word_1_502' title='bbox 2019 2660 2339 2729; x_wconf 83' lang='lat' dir='ltr'><strong>imperator,</strong></span> <span class='ocrx_word' id='word_1_503' title='bbox 2395 2673 2505 2711; x_wconf 91' lang='lat' dir='ltr'><strong>non</strong></span> <span class='ocrx_word' id='word_1_504' title='bbox 2555 2657 2730 2711; x_wconf 88' lang='lat' dir='ltr'><strong>solum</strong></span> <span class='ocrx_word' id='word_1_505' title='bbox 2784 2655 3096 2710; x_wconf 77' lang='lat' dir='ltr'><strong>sacrificarit</strong></span> <span class='ocrx_word' id='word_1_506' title='bbox 3155 2654 3289 2724; x_wconf 89' lang='lat' dir='ltr'><strong>ipse,</strong></span> <span class='ocrx_word' id='word_1_507' title='bbox 3342 2661 3396 2706; x_wconf 91' lang='lat' dir='ltr'><strong>et</strong></span> 
     </span>
    </p>
   </div>
   <div class='ocr_carea' id='block_1_72' title="bbox 1826 2744 3395 2818">
    <p class='ocr_par' dir='ltr' id='par_1_72' title="bbox 1826 2744 3395 2818">
     <span class='ocr_line' id='line_1_72' title="bbox 1826 2744 3395 2818; baseline -0.007 -10"><span class='ocrx_word' id='word_1_508' title='bbox 1826 2750 2261 2808; x_wconf 86' lang='lat' dir='ltr'><strong>communionem</strong></span> <span class='ocrx_word' id='word_1_509' title='bbox 2292 2748 2673 2818; x_wconf 89' lang='lat' dir='ltr'><strong>impertiverit,</strong></span> <span class='ocrx_word' id='word_1_510' title='bbox 2709 2757 2763 2800; x_wconf 93' lang='lat' dir='ltr'><strong>et</strong></span> <span class='ocrx_word' id='word_1_511' title='bbox 2788 2761 2894 2800; x_wconf 86' lang='lat' dir='ltr'><strong>una</strong></span> <span class='ocrx_word' id='word_1_512' title='bbox 2917 2745 3164 2814; x_wconf 81' lang='lat' dir='ltr'><strong>epulatus</strong></span> <span class='ocrx_word' id='word_1_513' title='bbox 3189 2745 3278 2809; x_wconf 87' lang='lat' dir='ltr'><strong>sit,</strong></span> <span class='ocrx_word' id='word_1_514' title='bbox 3299 2744 3395 2798; x_wconf 92' lang='lat' dir='ltr'><strong>sed</strong></span> 
     </span>
    </p>
   </div>
   <div class='ocr_carea' id='block_1_73' title="bbox 1827 2835 3397 2912">
    <p class='ocr_par' dir='ltr' id='par_1_73' title="bbox 1827 2835 3397 2912">
     <span class='ocr_line' id='line_1_73' title="bbox 1827 2835 3397 2912; baseline -0.005 -18"><span class='ocrx_word' id='word_1_515' title='bbox 1827 2849 2034 2912; x_wconf 89' lang='lat' dir='ltr'><strong>partem</strong></span> <span class='ocrx_word' id='word_1_516' title='bbox 2069 2839 2232 2894; x_wconf 89' lang='lat' dir='ltr'><strong>etiam</strong></span> <span class='ocrx_word' id='word_1_517' title='bbox 2287 2853 2410 2892; x_wconf 91' lang='lat' dir='ltr'><strong>cum</strong></span> <span class='ocrx_word' id='word_1_518' title='bbox 2462 2853 2527 2892; x_wconf 89' lang='lat' dir='ltr'><strong>eo</strong></span> <span class='ocrx_word' id='word_1_519' title='bbox 2549 2835 2820 2906; x_wconf 88' lang='lat' dir='ltr'><strong>posuerit:</strong></span> <span class='ocrx_word' id='word_1_520' title='bbox 2857 2835 3001 2890; x_wconf 89' lang='lat' dir='ltr'><strong>unde</strong></span> <span class='ocrx_word' id='word_1_521' title='bbox 3031 2843 3086 2888; x_wconf 89' lang='lat' dir='ltr'><strong>et</strong></span> <span class='ocrx_word' id='word_1_522' title='bbox 3114 2841 3397 2903; x_wconf 85' lang='lat' dir='ltr'><strong>promptus</strong></span> 
     </span>
    </p>
   </div>
   <div class='ocr_carea' id='block_1_74' title="bbox 1828 2927 3399 3002">
    <p class='ocr_par' dir='ltr' id='par_1_74' title="bbox 1828 2927 3399 3002">
     <span class='ocr_line' id='line_1_74' title="bbox 1828 2927 3399 3002; baseline -0.006 -12"><span class='ocrx_word' id='word_1_523' title='bbox 1828 2934 2034 2990; x_wconf 83' lang='lat' dir='ltr'><strong>exstitit</strong></span> <span class='ocrx_word' id='word_1_524' title='bbox 2093 2933 2156 2987; x_wconf 90' lang='lat' dir='ltr'><strong>ad</strong></span> <span class='ocrx_word' id='word_1_525' title='bbox 2198 2933 2465 3002; x_wconf 81' lang='lat' dir='ltr'><strong>publicam</strong></span> <span class='ocrx_word' id='word_1_526' title='bbox 2513 2928 2976 2994; x_wconf 89' lang='lat' dir='ltr'><strong>incontinentiam,</strong></span> <span class='ocrx_word' id='word_1_527' title='bbox 3045 2927 3213 2983; x_wconf 90' lang='lat' dir='ltr'><strong>Deum</strong></span> <span class='ocrx_word' id='word_1_528' title='bbox 3269 2942 3399 2981; x_wconf 82' lang='lat' dir='ltr'><strong>con-</strong></span> 
     </span>
    </p>
   </div>
   <div class='ocr_carea' id='block_1_75' title="bbox 1830 3018 3399 3093">
    <p class='ocr_par' dir='ltr' id='par_1_75' title="bbox 1830 3018 3399 3093">
     <span class='ocr_line' id='line_1_75' title="bbox 1830 3018 3399 3093; baseline -0.006 -12"><span class='ocrx_word' id='word_1_529' title='bbox 1830 3037 2078 3081; x_wconf 91' lang='lat' dir='ltr'><strong>temnens</strong></span> <span class='ocrx_word' id='word_1_530' title='bbox 2107 3034 2162 3078; x_wconf 88' lang='lat' dir='ltr'><strong>et</strong></span> <span class='ocrx_word' id='word_1_531' title='bbox 2195 3025 2376 3079; x_wconf 90' lang='lat' dir='ltr'><strong>divina</strong></span> <span class='ocrx_word' id='word_1_532' title='bbox 2435 3022 2656 3093; x_wconf 86' lang='lat' dir='ltr'><strong>judicia.</strong></span> <span class='ocrx_word' id='word_1_533' title='bbox 2717 3021 2893 3089; x_wconf 84' lang='lat' dir='ltr'><strong>Atque</strong></span> <span class='ocrx_word' id='word_1_534' title='bbox 2951 3029 3011 3074; x_wconf 91' lang='lat' dir='ltr'><strong>ut</strong></span> <span class='ocrx_word' id='word_1_535' title='bbox 3060 3018 3399 3073; x_wconf 77' lang='lat' dir='ltr'><strong>manifestius</strong></span> 
     </span>
    </p>
   </div>
   <div class='ocr_carea' id='block_1_76' title="bbox 1830 3105 3400 3184">
    <p class='ocr_par' dir='ltr' id='par_1_76' title="bbox 1830 3105 3400 3184">
     <span class='ocr_line' id='line_1_76' title="bbox 1830 3105 3400 3184; baseline -0.009 -14"><span class='ocrx_word' id='word_1_536' title='bbox 1830 3117 1940 3179; x_wconf 85' lang='lat' dir='ltr'><strong>ﬁat,</strong></span> <span class='ocrx_word' id='word_1_537' title='bbox 1981 3115 2122 3184; x_wconf 91' lang='lat' dir='ltr'><strong>quod</strong></span> <span class='ocrx_word' id='word_1_538' title='bbox 2144 3113 2359 3176; x_wconf 88' lang='lat' dir='ltr'><strong>dicitur,</strong></span> <span class='ocrx_word' id='word_1_539' title='bbox 2389 3109 2958 3172; x_wconf 89' lang='lat' dir='ltr'><strong>nondocendistudio,</strong></span> <span class='ocrx_word' id='word_1_540' title='bbox 2989 3108 3159 3161; x_wconf 85' lang='lat' dir='ltr'><strong>absit!</strong></span> <span class='ocrx_word' id='word_1_541' title='bbox 3185 3105 3278 3160; x_wconf 90' lang='lat' dir='ltr'><strong>sed</strong></span> <span class='ocrx_word' id='word_1_542' title='bbox 3311 3118 3400 3157; x_wconf 88' lang='lat' dir='ltr'><strong>re-</strong></span> 
     </span>
    </p>
   </div>
   <div class='ocr_carea' id='block_1_77' title="bbox 1829 3199 3398 3276">
    <p class='ocr_par' dir='ltr' id='par_1_77' title="bbox 1829 3199 3398 3276">
     <span class='ocr_line' id='line_1_77' title="bbox 1829 3199 3398 3276; baseline -0.009 -15"><span class='ocrx_word' id='word_1_543' title='bbox 1829 3207 2093 3262; x_wconf 74' lang='lat' dir='ltr'><strong>novandae</strong></span> <span class='ocrx_word' id='word_1_544' title='bbox 2119 3206 2392 3260; x_wconf 61' lang='lat' dir='ltr'><strong>memorie</strong></span> <span class='ocrx_word' id='word_1_545' title='bbox 2439 3206 2628 3276; x_wconf 85' lang='lat' dir='ltr'><strong>gratia,</strong></span> <span class='ocrx_word' id='word_1_546' title='bbox 2681 3205 2855 3275; x_wconf 88' lang='lat' dir='ltr'><strong>ipsam</strong></span> <span class='ocrx_word' id='word_1_547' title='bbox 2900 3202 2946 3257; x_wconf 89' lang='lat' dir='ltr'><strong>si</strong></span> <span class='ocrx_word' id='word_1_548' title='bbox 2998 3199 3350 3270; x_wconf 77' lang='lat' dir='ltr'><strong>placet,quze</strong></span> <span class='ocrx_word' id='word_1_549' title='bbox 3383 3236 3398 3259; x_wconf 93' lang='lat'><strong>,</strong></span> 
     </span>
    </p>
   </div>
   <div class='ocr_carea' id='block_1_78' title="bbox 1830 3289 3402 3368">
    <p class='ocr_par' dir='ltr' id='par_1_78' title="bbox 1830 3289 3402 3368">
     <span class='ocr_line' id='line_1_78' title="bbox 1830 3289 3402 3368; baseline -0.01 -14"><span class='ocrx_word' id='word_1_550' title='bbox 1830 3300 1957 3354; x_wconf 90' lang='lat' dir='ltr'><strong>dum</strong></span> <span class='ocrx_word' id='word_1_551' title='bbox 1997 3308 2325 3352; x_wconf 88' lang='lat' dir='ltr'><strong>coronantur</strong></span> <span class='ocrx_word' id='word_1_552' title='bbox 2371 3298 2573 3368; x_wconf 88' lang='lat' dir='ltr'><strong>sponsi,</strong></span> <span class='ocrx_word' id='word_1_553' title='bbox 2623 3306 2934 3366; x_wconf 86' lang='lat' dir='ltr'><strong>usurpatur,</strong></span> <span class='ocrx_word' id='word_1_554' title='bbox 3013 3289 3402 3362; x_wconf 78' lang='lat' dir='ltr'><strong>mystagogiam</strong></span> 
     </span>
    </p>
   </div>
   <div class='ocr_carea' id='block_1_79' title="bbox 1829 3379 3403 3460">
    <p class='ocr_par' dir='ltr' id='par_1_79' title="bbox 1829 3379 3403 3460">
     <span class='ocr_line' id='line_1_79' title="bbox 1829 3379 3403 3460; baseline -0.007 -14"><span class='ocrx_word' id='word_1_555' title='bbox 1829 3406 2037 3446; x_wconf 86' lang='lat' dir='ltr'><strong>sacram</strong></span> <span class='ocrx_word' id='word_1_556' title='bbox 2064 3400 2322 3455; x_wconf 89' lang='lat' dir='ltr'><strong>resumat,</strong></span> <span class='ocrx_word' id='word_1_557' title='bbox 2347 3400 2400 3444; x_wconf 91' lang='lat' dir='ltr'><strong>et</strong></span> <span class='ocrx_word' id='word_1_558' title='bbox 2416 3391 2710 3460; x_wconf 88' lang='lat' dir='ltr'><strong>perspiciet</strong></span> <span class='ocrx_word' id='word_1_559' title='bbox 2752 3397 3012 3460; x_wconf 88' lang='lat' dir='ltr'><strong>quantam</strong></span> <span class='ocrx_word' id='word_1_560' title='bbox 3056 3384 3187 3438; x_wconf 84' lang='lat' dir='ltr'><strong>hinc</strong></span> <span class='ocrx_word' id='word_1_561' title='bbox 3228 3379 3403 3447; x_wconf 86' lang='lat' dir='ltr'><strong>conji-</strong></span> 
     </span>
    </p>
   </div>
   <div class='ocr_carea' id='block_1_80' title="bbox 1829 3472 3404 3552">
    <p class='ocr_par' dir='ltr' id='par_1_80' title="bbox 1829 3472 3404 3552">
     <span class='ocr_line' id='line_1_80' title="bbox 1829 3472 3404 3552; baseline -0.008 -15"><span class='ocrx_word' id='word_1_562' title='bbox 1829 3498 1950 3538; x_wconf 89' lang='lat' dir='ltr'><strong>cere</strong></span> <span class='ocrx_word' id='word_1_563' title='bbox 1973 3483 2131 3536; x_wconf 85' lang='lat' dir='ltr'><strong>liceat</strong></span> <span class='ocrx_word' id='word_1_564' title='bbox 2175 3482 2408 3552; x_wconf 90' lang='lat' dir='ltr'><strong>Spiritus</strong></span> <span class='ocrx_word' id='word_1_565' title='bbox 2445 3485 2616 3539; x_wconf 88' lang='lat' dir='ltr'><strong>sancti</strong></span> <span class='ocrx_word' id='word_1_566' title='bbox 2668 3480 3096 3552; x_wconf 78' lang='lat' dir='ltr'><strong>indignationem</strong></span> <span class='ocrx_word' id='word_1_567' title='bbox 3135 3475 3189 3528; x_wconf 91' lang='lat' dir='ltr'><strong>in</strong></span> <span class='ocrx_word' id='word_1_568' title='bbox 3240 3472 3404 3528; x_wconf 87' lang='lat' dir='ltr'><strong>tantis</strong></span> 
     </span>
    </p>
   </div>
   <div class='ocr_carea' id='block_1_81' title="bbox 1829 3571 3403 3638">
    <p class='ocr_par' dir='ltr' id='par_1_81' title="bbox 1829 3571 3403 3638">
     <span class='ocr_line' id='line_1_81' title="bbox 1829 3571 3403 3638; baseline -0.006 -13"><span class='ocrx_word' id='word_1_569' title='bbox 1829 3572 2364 3630; x_wconf 87' lang='lat' dir='ltr'><strong>contradictionibus.</strong></span> <span class='ocrx_word' id='word_1_570' title='bbox 2398 3573 2628 3627; x_wconf 83' lang='lat' dir='ltr'><strong>Omnino</strong></span> <span class='ocrx_word' id='word_1_571' title='bbox 2661 3571 2805 3627; x_wconf 90' lang='lat' dir='ltr'><strong>enim</strong></span> <span class='ocrx_word' id='word_1_572' title='bbox 2836 3578 3172 3638; x_wconf 62' lang='lat' dir='ltr'><strong>quaecunque</strong></span> <span class='ocrx_word' id='word_1_573' title='bbox 3221 3577 3403 3617; x_wconf 89' lang='lat' dir='ltr'><strong>sacer-</strong></span> 
     </span>
    </p>
   </div>
   <div class='ocr_carea' id='block_1_82' title="bbox 1829 3657 3404 3734">
    <p class='ocr_par' dir='ltr' id='par_1_82' title="bbox 1829 3657 3404 3734">
     <span class='ocr_line' id='line_1_82' title="bbox 1829 3657 3404 3734; baseline -0.003 -18"><span class='ocrx_word' id='word_1_574' title='bbox 1829 3663 1925 3717; x_wconf 88' lang='lat' dir='ltr'><strong>dos</strong></span> <span class='ocrx_word' id='word_1_575' title='bbox 1969 3668 2315 3734; x_wconf 86' lang='lat' dir='ltr'><strong>pronuntiat,</strong></span> <span class='ocrx_word' id='word_1_576' title='bbox 2349 3681 2412 3719; x_wconf 91' lang='lat' dir='ltr'><strong>ea</strong></span> <span class='ocrx_word' id='word_1_577' title='bbox 2459 3664 2807 3733; x_wconf 88' lang='lat' dir='ltr'><strong>impleturum</strong></span> <span class='ocrx_word' id='word_1_578' title='bbox 2848 3677 2906 3715; x_wconf 91' lang='lat' dir='ltr'><strong>se</strong></span> <span class='ocrx_word' id='word_1_579' title='bbox 2938 3657 3212 3729; x_wconf 84' lang='lat' dir='ltr'><strong>promittit</strong></span> <span class='ocrx_word' id='word_1_580' title='bbox 3255 3659 3404 3712; x_wconf 90' lang='lat' dir='ltr'><strong>Deus</strong></span> 
     </span>
    </p>
   </div>
   <div class='ocr_carea' id='block_1_83' title="bbox 1827 3755 3404 3831">
    <p class='ocr_par' dir='ltr' id='par_1_83' title="bbox 1827 3755 3404 3831">
     <span class='ocr_line' id='line_1_83' title="bbox 1827 3755 3404 3831; baseline -0.005 -15"><span class='ocrx_word' id='word_1_581' title='bbox 1827 3761 1978 3831; x_wconf 80' lang='lat' dir='ltr'><strong>juxta</strong></span> <span class='ocrx_word' id='word_1_582' title='bbox 2001 3774 2251 3830; x_wconf 89' lang='lat' dir='ltr'><strong>magnum</strong></span> <span class='ocrx_word' id='word_1_583' title='bbox 2306 3757 2638 3827; x_wconf 88' lang='lat' dir='ltr'><strong>Dionysium.</strong></span> <span class='ocrx_word' id='word_1_584' title='bbox 2663 3755 2954 3824; x_wconf 88' lang='lat' dir='ltr'><strong>Propterea</strong></span> <span class='ocrx_word' id='word_1_585' title='bbox 2972 3771 3100 3824; x_wconf 89' lang='lat' dir='ltr'><strong>ergo</strong></span> <span class='ocrx_word' id='word_1_586' title='bbox 3149 3769 3404 3824; x_wconf 81' lang='lat' dir='ltr'><strong>rogamus</strong></span> 
     </span>
    </p>
   </div>
   <div class='ocr_carea' id='block_1_84' title="bbox 1833 3847 3406 3924">
    <p class='ocr_par' dir='ltr' id='par_1_84' title="bbox 1833 3847 3406 3924">
     <span class='ocr_line' id='line_1_84' title="bbox 1833 3847 3406 3924; baseline -0.006 -15"><span class='ocrx_word' id='word_1_587' title='bbox 1833 3853 2223 3924; x_wconf 81' lang='lat' dir='ltr'><strong>perfectionem</strong></span> <span class='ocrx_word' id='word_1_588' title='bbox 2260 3859 2428 3913; x_wconf 89' lang='lat' dir='ltr'><strong>tuam,</strong></span> <span class='ocrx_word' id='word_1_589' title='bbox 2462 3856 2523 3903; x_wconf 90' lang='lat' dir='ltr'><strong>ut</strong></span> <span class='ocrx_word' id='word_1_590' title='bbox 2569 3849 2875 3917; x_wconf 89' lang='lat' dir='ltr'><strong>depositum</strong></span> <span class='ocrx_word' id='word_1_591' title='bbox 2914 3862 2944 3901; x_wconf 89' lang='lat' dir='ltr'><strong>a</strong></span> <span class='ocrx_word' id='word_1_592' title='bbox 2983 3847 3304 3911; x_wconf 88' lang='lat' dir='ltr'><strong>canonibus,</strong></span> <span class='ocrx_word' id='word_1_593' title='bbox 3349 3854 3406 3899; x_wconf 85' lang='lat' dir='ltr'><strong>et</strong></span> 
     </span>
    </p>
   </div>
   <div class='ocr_carea' id='block_1_85' title="bbox 1834 3937 3406 4015">
    <p class='ocr_par' dir='ltr' id='par_1_85' title="bbox 1834 3937 3406 4015">
     <span class='ocr_line' id='line_1_85' title="bbox 1834 3937 3406 4015; baseline -0.008 -14"><span class='ocrx_word' id='word_1_594' title='bbox 1834 3963 1862 4001; x_wconf 92' lang='lat' dir='ltr'><strong>a</strong></span> <span class='ocrx_word' id='word_1_595' title='bbox 1894 3946 2294 4015; x_wconf 69' lang='lat' dir='ltr'><strong>praedecessore</strong></span> <span class='ocrx_word' id='word_1_596' title='bbox 2358 3939 2663 3995; x_wconf 87' lang='lat' dir='ltr'><strong>sanctitatis</strong></span> <span class='ocrx_word' id='word_1_597' title='bbox 2725 3949 2831 3993; x_wconf 70' lang='lat' dir='ltr'><strong>tua:</strong></span> <span class='ocrx_word' id='word_1_598' title='bbox 2879 3938 3215 4008; x_wconf 87' lang='lat' dir='ltr'><strong>prohibitum</strong></span> <span class='ocrx_word' id='word_1_599' title='bbox 3276 3937 3406 3990; x_wconf 85' lang='lat' dir='ltr'><strong>totis</strong></span> 
     </span>
    </p>
   </div>
   <div class='ocr_carea' id='block_1_86' title="bbox 1833 4031 3408 4102">
    <p class='ocr_par' dir='ltr' id='par_1_86' title="bbox 1833 4031 3408 4102">
     <span class='ocr_line' id='line_1_86' title="bbox 1833 4031 3408 4102; baseline -0.006 -10"><span class='ocrx_word' id='word_1_600' title='bbox 1833 4052 2029 4092; x_wconf 90' lang='lat' dir='ltr'><strong>novem</strong></span> <span class='ocrx_word' id='word_1_601' title='bbox 2058 4035 2240 4098; x_wconf 90' lang='lat' dir='ltr'><strong>annis,</strong></span> <span class='ocrx_word' id='word_1_602' title='bbox 2268 4040 2467 4101; x_wconf 65' lang='lat' dir='ltr'><strong>praeter</strong></span> <span class='ocrx_word' id='word_1_603' title='bbox 2489 4031 2755 4086; x_wconf 90' lang='lat' dir='ltr'><strong>rationem</strong></span> <span class='ocrx_word' id='word_1_604' title='bbox 2820 4031 3149 4102; x_wconf 89' lang='lat' dir='ltr'><strong>ingressum,</strong></span> <span class='ocrx_word' id='word_1_605' title='bbox 3192 4043 3408 4084; x_wconf 87' lang='lat' dir='ltr'><strong>cessare</strong></span> 
     </span>
    </p>
   </div>
   <div class='ocr_carea' id='block_1_87' title="bbox 1830 4121 2570 4204">
    <p class='ocr_par' dir='ltr' id='par_1_87' title="bbox 1830 4121 2570 4204">
     <span class='ocr_line' id='line_1_87' title="bbox 1830 4121 2570 4204; baseline -0.012 -21"><span class='ocrx_word' id='word_1_606' title='bbox 1830 4128 2024 4199; x_wconf 89' lang='lat' dir='ltr'><strong>jubeas</strong></span> <span class='ocrx_word' id='word_1_607' title='bbox 2053 4141 2084 4179; x_wconf 87' lang='lat' dir='ltr'><strong>a</strong></span> <span class='ocrx_word' id='word_1_608' title='bbox 2127 4121 2447 4178; x_wconf 85' lang='lat' dir='ltr'><strong>sacerdotio.</strong></span> <span class='ocrx_word' id='word_1_609' title='bbox 2562 4190 2570 4204; x_wconf 33' lang='grc' dir='ltr'><em>ι</em></span> 
     </span>
    </p>
   </div>
   <div class='ocr_carea' id='block_1_88' title="bbox 1903 4205 3401 4281">
    <p class='ocr_par' dir='ltr' id='par_1_88' title="bbox 1903 4205 3401 4281">
     <span class='ocr_line' id='line_1_88' title="bbox 1903 4205 3401 4281; baseline -0.007 -12"><span class='ocrx_word' id='word_1_610' title='bbox 1903 4215 2061 4269; x_wconf 87' lang='lat' dir='ltr'><strong>Nunc</strong></span> <span class='ocrx_word' id='word_1_611' title='bbox 2113 4211 2386 4281; x_wconf 89' lang='lat' dir='ltr'><strong>siquidem</strong></span> <span class='ocrx_word' id='word_1_612' title='bbox 2419 4209 2624 4264; x_wconf 87' lang='lat' dir='ltr'><strong>humile</strong></span> <span class='ocrx_word' id='word_1_613' title='bbox 2649 4222 2712 4262; x_wconf 90' lang='lat' dir='ltr'><strong>os</strong></span> <span class='ocrx_word' id='word_1_614' title='bbox 2749 4215 2996 4262; x_wconf 89' lang='lat' dir='ltr'><strong>nostrum</strong></span> <span class='ocrx_word' id='word_1_615' title='bbox 3052 4205 3363 4275; x_wconf 85' lang='lat' dir='ltr'><strong>aperuimus</strong></span> <span class='ocrx_word' id='word_1_616' title='bbox 3385 4246 3401 4270; x_wconf 93' lang='lat'><strong>,</strong></span> 
     </span>
    </p>
   </div>
   <div class='ocr_carea' id='block_1_89' title="bbox 1835 4294 3407 4373">
    <p class='ocr_par' dir='ltr' id='par_1_89' title="bbox 1835 4294 3407 4373">
     <span class='ocr_line' id='line_1_89' title="bbox 1835 4294 3407 4373; baseline -0.006 -16"><span class='ocrx_word' id='word_1_617' title='bbox 1835 4302 2050 4373; x_wconf 90' lang='lat' dir='ltr'><strong>quando</strong></span> <span class='ocrx_word' id='word_1_618' title='bbox 2079 4297 2253 4354; x_wconf 87' lang='lat' dir='ltr'><strong>vocati</strong></span> <span class='ocrx_word' id='word_1_619' title='bbox 2288 4296 2510 4351; x_wconf 82' lang='lat' dir='ltr'><strong>fuimus.</strong></span> <span class='ocrx_word' id='word_1_620' title='bbox 2563 4295 2699 4351; x_wconf 86' lang='lat' dir='ltr'><strong>Cum</strong></span> <span class='ocrx_word' id='word_1_621' title='bbox 2746 4295 2890 4350; x_wconf 92' lang='lat' dir='ltr'><strong>enim</strong></span> <span class='ocrx_word' id='word_1_622' title='bbox 2943 4294 3116 4348; x_wconf 81' lang='lat' dir='ltr'><strong>factus</strong></span> <span class='ocrx_word' id='word_1_623' title='bbox 3145 4302 3229 4348; x_wconf 91' lang='lat' dir='ltr'><strong>est</strong></span> <span class='ocrx_word' id='word_1_624' title='bbox 3275 4308 3407 4348; x_wconf 89' lang='lat' dir='ltr'><strong>con-</strong></span> 
     </span>
    </p>
   </div>
   <div class='ocr_carea' id='block_1_90' title="bbox 1835 4387 3404 4463">
    <p class='ocr_par' dir='ltr' id='par_1_90' title="bbox 1835 4387 3404 4463">
     <span class='ocr_line' id='line_1_90' title="bbox 1835 4387 3404 4463; baseline -0.008 -11"><span class='ocrx_word' id='word_1_625' title='bbox 1835 4404 2030 4460; x_wconf 78' lang='lat' dir='ltr'><strong>ventus</strong></span> <span class='ocrx_word' id='word_1_626' title='bbox 2061 4394 2149 4447; x_wconf 88' lang='lat' dir='ltr'><strong>ille</strong></span> <span class='ocrx_word' id='word_1_627' title='bbox 2169 4406 2387 4463; x_wconf 85' lang='lat' dir='ltr'><strong>parvus,</strong></span> <span class='ocrx_word' id='word_1_628' title='bbox 2411 4398 2466 4444; x_wconf 89' lang='lat' dir='ltr'><strong>et</strong></span> <span class='ocrx_word' id='word_1_629' title='bbox 2494 4392 2678 4444; x_wconf 90' lang='lat' dir='ltr'><strong>nescio</strong></span> <span class='ocrx_word' id='word_1_630' title='bbox 2704 4404 2812 4458; x_wconf 92' lang='lat' dir='ltr'><strong>quo</strong></span> <span class='ocrx_word' id='word_1_631' title='bbox 2851 4389 3071 4443; x_wconf 88' lang='lat' dir='ltr'><strong>nomine</strong></span> <span class='ocrx_word' id='word_1_632' title='bbox 3097 4387 3362 4456; x_wconf 87' lang='lat' dir='ltr'><strong>appellem</strong></span> <span class='ocrx_word' id='word_1_633' title='bbox 3387 4403 3404 4451; x_wconf 88' lang='lat'><strong>;</strong></span> 
     </span>
    </p>
   </div>
   <div class='ocr_carea' id='block_1_91' title="bbox 1837 4478 3408 4551">
    <p class='ocr_par' dir='ltr' id='par_1_91' title="bbox 1837 4478 3408 4551">
     <span class='ocr_line' id='line_1_91' title="bbox 1837 4478 3408 4551; baseline -0.006 -10"><span class='ocrx_word' id='word_1_634' title='bbox 1837 4501 1904 4542; x_wconf 79' lang='lat' dir='ltr'><strong>ex</strong></span> <span class='ocrx_word' id='word_1_635' title='bbox 1959 4497 2177 4539; x_wconf 89' lang='lat' dir='ltr'><strong>carcere</strong></span> <span class='ocrx_word' id='word_1_636' title='bbox 2228 4496 2325 4551; x_wconf 89' lang='lat' dir='ltr'><strong>per</strong></span> <span class='ocrx_word' id='word_1_637' title='bbox 2373 4481 2514 4534; x_wconf 91' lang='lat' dir='ltr'><strong>idem</strong></span> <span class='ocrx_word' id='word_1_638' title='bbox 2562 4487 2773 4548; x_wconf 90' lang='lat' dir='ltr'><strong>tempus</strong></span> <span class='ocrx_word' id='word_1_639' title='bbox 2827 4478 3091 4532; x_wconf 89' lang='lat' dir='ltr'><strong>redieram</strong></span> <span class='ocrx_word' id='word_1_640' title='bbox 3127 4495 3140 4530; x_wconf 75' lang='grc' dir='ltr'><strong>ε</strong></span> <span class='ocrx_word' id='word_1_641' title='bbox 3175 4492 3408 4545; x_wconf 89' lang='lat' dir='ltr'><strong>cumque</strong></span> 
     </span>
    </p>
   </div>
   <div class='ocr_carea' id='block_1_92' title="bbox 162 4563 1728 4648">
    <p class='ocr_par' dir='ltr' id='par_1_92' title="bbox 162 4574 1728 4648">
     <span class='ocr_line' id='line_1_92' title="bbox 162 4574 1728 4648; baseline -0.001 -22"><span class='ocrx_word' id='word_1_642' title='bbox 162 4575 352 4648; x_wconf 82' lang='grc' dir='ltr'>ἐώρων</span> <span class='ocrx_word' id='word_1_643' title='bbox 392 4575 614 4638; x_wconf 85' lang='grc' dir='ltr'>τούτους</span> <span class='ocrx_word' id='word_1_644' title='bbox 654 4576 1141 4646; x_wconf 83' lang='grc' dir='ltr'>συνηθροισμένους</span> <span class='ocrx_word' id='word_1_645' title='bbox 1173 4577 1298 4638; x_wconf 82' lang='grc' dir='ltr'>τοὺς</span> <span class='ocrx_word' id='word_1_646' title='bbox 1332 4577 1425 4628; x_wconf 79' lang='grc' dir='ltr'>καὶ</span> <span class='ocrx_word' id='word_1_647' title='bbox 1469 4574 1728 4642; x_wconf 89' lang='grc' dir='ltr'>πρότερον</span> 
     </span>
    </p>
   </div>
   <div class='ocr_carea' id='block_1_93' title="bbox 1829 4563 3408 4648">
    <p class='ocr_par' dir='ltr' id='par_1_93' title="bbox 1837 4568 3408 4639">
     <span class='ocr_line' id='line_1_93' title="bbox 1837 4568 3408 4639; baseline -0.007 -8"><span class='ocrx_word' id='word_1_648' title='bbox 1837 4577 2074 4631; x_wconf 86' lang='lat' dir='ltr'><strong>viderem</strong></span> <span class='ocrx_word' id='word_1_649' title='bbox 2098 4588 2191 4628; x_wconf 91' lang='lat' dir='ltr'><strong>eos</strong></span> <span class='ocrx_word' id='word_1_650' title='bbox 2223 4585 2346 4626; x_wconf 88' lang='lat' dir='ltr'><strong>esse</strong></span> <span class='ocrx_word' id='word_1_651' title='bbox 2371 4579 2726 4639; x_wconf 82' lang='lat' dir='ltr'><strong>congregatos</strong></span> <span class='ocrx_word' id='word_1_652' title='bbox 2748 4609 2762 4633; x_wconf 90' lang='lat'><strong>,</strong></span> <span class='ocrx_word' id='word_1_653' title='bbox 2816 4571 2907 4638; x_wconf 91' lang='lat' dir='ltr'><strong>qui</strong></span> <span class='ocrx_word' id='word_1_654' title='bbox 2949 4568 3273 4623; x_wconf 88' lang='lat' dir='ltr'><strong>adulterium</strong></span> <span class='ocrx_word' id='word_1_655' title='bbox 3307 4582 3408 4620; x_wconf 86' lang='lat' dir='ltr'><strong>an-</strong></span> 
     </span>
    </p>
   </div>
   <div class='ocr_carea' id='block_1_94' title="bbox 161 4658 1730 4735">
    <p class='ocr_par' dir='ltr' id='par_1_94' title="bbox 161 4658 1730 4735">
     <span class='ocr_line' id='line_1_94' title="bbox 161 4658 1730 4735; baseline 0.001 -19"><span class='ocrx_word' id='word_1_656' title='bbox 161 4665 260 4734; x_wconf 73' lang='grc' dir='ltr'>τὴν</span> <span class='ocrx_word' id='word_1_657' title='bbox 293 4664 545 4734; x_wconf 86' lang='grc' dir='ltr'>μοιχείαν</span> <span class='ocrx_word' id='word_1_658' title='bbox 575 4658 1060 4735; x_wconf 80' lang='grc' dir='ltr'>καταδεξαμένους,</span> <span class='ocrx_word' id='word_1_659' title='bbox 1093 4667 1186 4720; x_wconf 78' lang='grc' dir='ltr'>καὶ</span> <span class='ocrx_word' id='word_1_660' title='bbox 1214 4666 1305 4718; x_wconf 82' lang='grc' dir='ltr'>τὸν</span> <span class='ocrx_word' id='word_1_661' title='bbox 1339 4665 1730 4735; x_wconf 80' lang='grc' dir='ltr'>μοιχοζεύκτην</span> 
     </span>
    </p>
   </div>
   <div class='ocr_carea' id='block_1_95' title="bbox 163 4754 1731 4827">
    <p class='ocr_par' dir='ltr' id='par_1_95' title="bbox 163 4754 1731 4827">
     <span class='ocr_line' id='line_1_95' title="bbox 163 4754 1731 4827; baseline 0.001 -21"><span class='ocrx_word' id='word_1_662' title='bbox 163 4754 581 4824; x_wconf 79' lang='grc' dir='ltr'>ἀσπαζομένους</span> <span class='ocrx_word' id='word_1_663' title='bbox 599 4770 614 4785; x_wconf 88' lang='grc'><strong>·</strong></span> <span class='ocrx_word' id='word_1_664' title='bbox 633 4757 911 4827; x_wconf 77' lang='grc' dir='ltr'>ἐμνήσθην</span> <span class='ocrx_word' id='word_1_665' title='bbox 932 4757 1025 4809; x_wconf 79' lang='grc' dir='ltr'>τοῦ</span> <span class='ocrx_word' id='word_1_666' title='bbox 1043 4757 1379 4826; x_wconf 81' lang='grc' dir='ltr'>προφητικοῠ</span> <span class='ocrx_word' id='word_1_667' title='bbox 1395 4757 1625 4820; x_wconf 76' lang='grc' dir='ltr'>ἐκείνου,</span> <span class='ocrx_word' id='word_1_668' title='bbox 1651 4757 1731 4808; x_wconf 84' lang='grc' dir='ltr'>ὄτι</span> 
     </span>
    </p>
   </div>
   <div class='ocr_carea' id='block_1_96' title="bbox 178 4843 1734 4923">
    <p class='ocr_par' dir='ltr' id='par_1_96' title="bbox 178 4843 1734 4923">
     <span class='ocr_line' id='line_1_96' title="bbox 178 4843 1734 4923; baseline 0.002 -26"><span class='ocrx_word' id='word_1_669' title='bbox 178 4843 229 4897; x_wconf 90' lang='grc' dir='ltr'><strong><em>Ὁ</em></strong></span> <span class='ocrx_word' id='word_1_670' title='bbox 258 4844 492 4899; x_wconf 79' lang='grc' dir='ltr'><strong>συνιὼν</strong></span> <span class='ocrx_word' id='word_1_671' title='bbox 531 4846 600 4900; x_wconf 77' lang='grc' dir='ltr'>ἐν</span> <span class='ocrx_word' id='word_1_672' title='bbox 632 4846 712 4911; x_wconf 85' lang='grc' dir='ltr'>τῷ</span> <span class='ocrx_word' id='word_1_673' title='bbox 758 4847 941 4923; x_wconf 83' lang='grc' dir='ltr'>καιρῷ</span> <span class='ocrx_word' id='word_1_674' title='bbox 981 4849 1191 4914; x_wconf 76' lang='grc' dir='ltr'>ἐκείνῳ</span> <span class='ocrx_word' id='word_1_675' title='bbox 1223 4848 1612 4915; x_wconf 80' lang='grc' dir='ltr'>σιωπήσεται,</span> <span class='ocrx_word' id='word_1_676' title='bbox 1645 4849 1734 4901; x_wconf 88' lang='grc' dir='ltr'>ὅτι</span> 
     </span>
    </p>
   </div>
   <div class='ocr_carea' id='block_1_97' title="bbox 165 4937 1736 5009">
    <p class='ocr_par' dir='ltr' id='par_1_97' title="bbox 165 4937 1736 5009">
     <span class='ocr_line' id='line_1_97' title="bbox 165 4937 1736 5009; baseline 0.001 -19"><span class='ocrx_word' id='word_1_677' title='bbox 165 4937 370 5004; x_wconf 77' lang='grc' dir='ltr'>καιρὸς</span> <span class='ocrx_word' id='word_1_678' title='bbox 385 4939 647 5005; x_wconf 82' lang='grc' dir='ltr'>πονηρός</span> <span class='ocrx_word' id='word_1_679' title='bbox 658 4939 847 4993; x_wconf 79' lang='grc' dir='ltr'>ἐστιν.</span> <span class='ocrx_word' id='word_1_680' title='bbox 867 4940 1003 4992; x_wconf 83' lang='grc' dir='ltr'>Ἀλλ’</span> <span class='ocrx_word' id='word_1_681' title='bbox 1017 4940 1139 4992; x_wconf 73' lang='grc' dir='ltr'>ἐπεὶ</span> <span class='ocrx_word' id='word_1_682' title='bbox 1152 4943 1180 4993; x_wconf 89' lang='grc' dir='ltr'><strong>ό</strong></span> <span class='ocrx_word' id='word_1_683' title='bbox 1191 4940 1350 5002; x_wconf 80' lang='grc' dir='ltr'>αὐτὸς</span> <span class='ocrx_word' id='word_1_684' title='bbox 1362 4940 1527 5009; x_wconf 80' lang='grc' dir='ltr'>λέγει’</span> <span class='ocrx_word' id='word_1_685' title='bbox 1547 4942 1602 4993; x_wconf 89' lang='grc' dir='ltr'>Ἐ</span> <span class='ocrx_word' id='word_1_686' title='bbox 1610 4940 1736 4992; x_wconf 78' lang='grc' dir='ltr'>σιώ-</span> 
     </span>
    </p>
   </div>
   <div class='ocr_carea' id='block_1_98' title="bbox 165 5027 1736 5100">
    <p class='ocr_par' dir='ltr' id='par_1_98' title="bbox 165 5027 1736 5100">
     <span class='ocr_line' id='line_1_98' title="bbox 165 5027 1736 5100; baseline 0.002 -21"><span class='ocrx_word' id='word_1_687' title='bbox 165 5043 313 5096; x_wconf 78' lang='grc' dir='ltr'>πησα</span> <span class='ocrx_word' id='word_1_688' title='bbox 334 5045 348 5056; x_wconf 92' lang='grc'><strong>·</strong></span> <span class='ocrx_word' id='word_1_689' title='bbox 373 5027 448 5098; x_wconf 83' lang='grc' dir='ltr'>μὴ</span> <span class='ocrx_word' id='word_1_690' title='bbox 463 5029 556 5081; x_wconf 75' lang='grc' dir='ltr'>καὶ</span> <span class='ocrx_word' id='word_1_691' title='bbox 576 5029 661 5082; x_wconf 73' lang='grc' dir='ltr'><strong>ἀεὶ</strong></span> <span class='ocrx_word' id='word_1_692' title='bbox 688 5031 1032 5100; x_wconf 82' lang='grc' dir='ltr'>σιωπήσομαι</span> <span class='ocrx_word' id='word_1_693' title='bbox 1053 5049 1066 5095; x_wconf 88' lang='grc'><strong>;</strong></span> <span class='ocrx_word' id='word_1_694' title='bbox 1090 5031 1175 5083; x_wconf 76' lang='grc' dir='ltr'>διὰ</span> <span class='ocrx_word' id='word_1_695' title='bbox 1191 5029 1346 5084; x_wconf 84' lang='grc' dir='ltr'>τοῦτο</span> <span class='ocrx_word' id='word_1_696' title='bbox 1368 5032 1424 5082; x_wconf 85' lang='grc' dir='ltr'><strong>ἐν</strong></span> <span class='ocrx_word' id='word_1_697' title='bbox 1452 5029 1626 5100; x_wconf 86' lang='grc' dir='ltr'>καιρῷ</span> <span class='ocrx_word' id='word_1_698' title='bbox 1647 5030 1736 5082; x_wconf 82' lang='grc' dir='ltr'>εύο</span> 
     </span>
    </p>
   </div>
   <div class='ocr_carea' id='block_1_99' title="bbox 167 5117 1734 5191">
    <p class='ocr_par' dir='ltr' id='par_1_99' title="bbox 167 5117 1734 5191">
     <span class='ocr_line' id='line_1_99' title="bbox 167 5117 1734 5191; baseline 0.002 -22"><span class='ocrx_word' id='word_1_699' title='bbox 167 5117 306 5188; x_wconf 82' lang='grc' dir='ltr'>θέτῳ</span> <span class='ocrx_word' id='word_1_700' title='bbox 331 5119 760 5189; x_wconf 70' lang='grc' dir='ltr'>συκοφαντηθεὶς</span> <span class='ocrx_word' id='word_1_701' title='bbox 781 5122 1054 5191; x_wconf 85' lang='grc' dir='ltr'>ἀνήνεγκα</span> <span class='ocrx_word' id='word_1_702' title='bbox 1074 5122 1141 5174; x_wconf 81' lang='grc' dir='ltr'>τὰ</span> <span class='ocrx_word' id='word_1_703' title='bbox 1167 5121 1544 5191; x_wconf 86' lang='grc' dir='ltr'>παριστάμενα</span> <span class='ocrx_word' id='word_1_704' title='bbox 1567 5139 1580 5153; x_wconf 75' lang='grc' dir='ltr'><strong>ο</strong></span> <span class='ocrx_word' id='word_1_705' title='bbox 1612 5121 1734 5173; x_wconf 80' lang='grc' dir='ltr'>ἐπεὶ</span> 
     </span>
    </p>
   </div>
   <div class='ocr_carea' id='block_1_100' title="bbox 167 5209 1731 5282">
    <p class='ocr_par' dir='ltr' id='par_1_100' title="bbox 167 5209 1731 5282">
     <span class='ocr_line' id='line_1_100' title="bbox 167 5209 1731 5282; baseline 0.001 -21"><span class='ocrx_word' id='word_1_706' title='bbox 167 5209 227 5262; x_wconf 77' lang='grc' dir='ltr'>τὸ</span> <span class='ocrx_word' id='word_1_707' title='bbox 259 5211 385 5262; x_wconf 78' lang='grc' dir='ltr'>ὅσον</span> <span class='ocrx_word' id='word_1_708' title='bbox 435 5211 492 5262; x_wconf 88' lang='grc' dir='ltr'><strong>ἐν</strong></span> <span class='ocrx_word' id='word_1_709' title='bbox 539 5210 682 5278; x_wconf 78' lang='grc' dir='ltr'>ἐμοὶ,</span> <span class='ocrx_word' id='word_1_710' title='bbox 712 5213 873 5264; x_wconf 77' lang='grc' dir='ltr'>παντὶ</span> <span class='ocrx_word' id='word_1_711' title='bbox 903 5213 1090 5282; x_wconf 86' lang='grc' dir='ltr'>τρόπῳ</span> <span class='ocrx_word' id='word_1_712' title='bbox 1131 5213 1481 5282; x_wconf 70' lang='grc' dir='ltr'>ἐφυλαξάμην</span> <span class='ocrx_word' id='word_1_713' title='bbox 1522 5216 1579 5264; x_wconf 84' lang='grc' dir='ltr'><strong>ἐν</strong></span> <span class='ocrx_word' id='word_1_714' title='bbox 1620 5215 1731 5275; x_wconf 77' lang='grc' dir='ltr'>τοῖς</span> 
     </span>
    </p>
   </div>
   <div class='ocr_carea' id='block_1_101' title="bbox 169 5297 1740 5371">
    <p class='ocr_par' dir='ltr' id='par_1_101' title="bbox 169 5297 1740 5371">
     <span class='ocr_line' id='line_1_101' title="bbox 169 5297 1740 5371; baseline 0.001 -21"><span class='ocrx_word' id='word_1_715' title='bbox 169 5298 319 5350; x_wconf 76' lang='grc' dir='ltr'>δυσὶν</span> <span class='ocrx_word' id='word_1_716' title='bbox 365 5297 511 5352; x_wconf 83' lang='grc' dir='ltr'>ἐτεσι</span> <span class='ocrx_word' id='word_1_717' title='bbox 552 5299 784 5365; x_wconf 83' lang='grc' dir='ltr'>τούτοις,</span> <span class='ocrx_word' id='word_1_718' title='bbox 824 5299 899 5370; x_wconf 82' lang='grc' dir='ltr'>μὴ</span> <span class='ocrx_word' id='word_1_719' title='bbox 943 5301 1022 5364; x_wconf 86' lang='grc' dir='ltr'><strong>είς</strong></span> <span class='ocrx_word' id='word_1_720' title='bbox 1054 5302 1333 5369; x_wconf 77' lang='grc' dir='ltr'>προῦπτον</span> <span class='ocrx_word' id='word_1_721' title='bbox 1376 5303 1603 5371; x_wconf 80' lang='grc' dir='ltr'>ἐκὸἦναι</span> <span class='ocrx_word' id='word_1_722' title='bbox 1641 5301 1740 5370; x_wconf 74' lang='grc' dir='ltr'>τὴν</span> 
     </span>
    </p>
   </div>
   <div class='ocr_carea' id='block_1_102' title="bbox 172 5389 1741 5461">
    <p class='ocr_par' dir='ltr' id='par_1_102' title="bbox 172 5389 1741 5461">
     <span class='ocr_line' id='line_1_102' title="bbox 172 5389 1741 5461; baseline 0.003 -20"><span class='ocrx_word' id='word_1_723' title='bbox 172 5389 430 5442; x_wconf 85' lang='grc' dir='ltr'>ὑπόθεσιν</span> <span class='ocrx_word' id='word_1_724' title='bbox 456 5406 469 5419; x_wconf 93' lang='grc'><strong>·</strong></span> <span class='ocrx_word' id='word_1_725' title='bbox 507 5392 682 5443; x_wconf 84' lang='grc' dir='ltr'>ἐκεῖνο</span> <span class='ocrx_word' id='word_1_726' title='bbox 724 5393 782 5443; x_wconf 81' lang='grc' dir='ltr'><strong>ἐν</strong></span> <span class='ocrx_word' id='word_1_727' title='bbox 819 5391 1040 5461; x_wconf 88' lang='grc' dir='ltr'>ἐμαυτῷ</span> <span class='ocrx_word' id='word_1_728' title='bbox 1082 5392 1305 5460; x_wconf 62' lang='grc' dir='ltr'>λέγωνν</span> <span class='ocrx_word' id='word_1_729' title='bbox 1331 5395 1433 5459; x_wconf 83' lang='grc' dir='ltr'>ὅτι,</span> <span class='ocrx_word' id='word_1_730' title='bbox 1477 5394 1600 5445; x_wconf 69' lang='grc' dir='ltr'>ἐπεὶ</span> <span class='ocrx_word' id='word_1_731' title='bbox 1643 5393 1741 5446; x_wconf 85' lang='grc' dir='ltr'><strong>ούκ</strong></span> 
     </span>
    </p>
   </div>
   <div class='ocr_carea' id='block_1_103' title="bbox 172 5470 1737 5551">
    <p class='ocr_par' dir='ltr' id='par_1_103' title="bbox 172 5470 1737 5551">
     <span class='ocr_line' id='line_1_103' title="bbox 172 5470 1737 5551; baseline 0.001 -21"><span class='ocrx_word' id='word_1_732' title='bbox 172 5480 286 5549; x_wconf 75' lang='grc' dir='ltr'>εἰμὶ</span> <span class='ocrx_word' id='word_1_733' title='bbox 339 5470 641 5532; x_wconf 76' lang='grc' dir='ltr'>ἐπισκόπου</span> <span class='ocrx_word' id='word_1_734' title='bbox 680 5479 816 5549; x_wconf 77' lang='grc' dir='ltr'>ἔχων</span> <span class='ocrx_word' id='word_1_735' title='bbox 855 5481 1069 5551; x_wconf 79' lang='grc' dir='ltr'>ἀξίωμα</span> <span class='ocrx_word' id='word_1_736' title='bbox 1115 5483 1413 5551; x_wconf 84' lang='grc' dir='ltr'>δυνάμενος</span> <span class='ocrx_word' id='word_1_737' title='bbox 1462 5481 1737 5550; x_wconf 79' lang='grc' dir='ltr'>ἐλέγχειν·</span> 
     </span>
    </p>
   </div>
   <div class='ocr_carea' id='block_1_104' title="bbox 173 5570 1744 5643">
    <p class='ocr_par' dir='ltr' id='par_1_104' title="bbox 173 5570 1744 5643">
     <span class='ocr_line' id='line_1_104' title="bbox 173 5570 1744 5643; baseline 0.002 -21"><span class='ocrx_word' id='word_1_738' title='bbox 173 5570 403 5640; x_wconf 85' lang='grc' dir='ltr'>ἀρκετόν</span> <span class='ocrx_word' id='word_1_739' title='bbox 454 5588 543 5639; x_wconf 90' lang='grc' dir='ltr'><strong>μοι</strong></span> <span class='ocrx_word' id='word_1_740' title='bbox 577 5573 611 5640; x_wconf 82' lang='grc' dir='ltr'>ἡ</span> <span class='ocrx_word' id='word_1_741' title='bbox 648 5571 821 5625; x_wconf 81' lang='grc' dir='ltr'>οἰκεία</span> <span class='ocrx_word' id='word_1_742' title='bbox 847 5572 1081 5643; x_wconf 82' lang='grc' dir='ltr'>φυλακὴ,</span> <span class='ocrx_word' id='word_1_743' title='bbox 1113 5576 1206 5626; x_wconf 78' lang='grc' dir='ltr'>καὶ</span> <span class='ocrx_word' id='word_1_744' title='bbox 1245 5575 1305 5626; x_wconf 84' lang='grc' dir='ltr'>τὸ</span> <span class='ocrx_word' id='word_1_745' title='bbox 1341 5573 1416 5643; x_wconf 80' lang='grc' dir='ltr'>μὴ</span> <span class='ocrx_word' id='word_1_746' title='bbox 1457 5573 1744 5642; x_wconf 88' lang='grc' dir='ltr'>μετασχεῖν</span> 
     </span>
    </p>
   </div>
   <div class='ocr_carea' id='block_1_105' title="bbox 177 5658 1743 5733">
    <p class='ocr_par' dir='ltr' id='par_1_105' title="bbox 177 5658 1743 5733">
     <span class='ocr_line' id='line_1_105' title="bbox 177 5658 1743 5733; baseline 0.001 -20"><span class='ocrx_word' id='word_1_747' title='bbox 177 5675 243 5728; x_wconf 85' lang='grc' dir='ltr'><strong>με</strong></span> <span class='ocrx_word' id='word_1_748' title='bbox 271 5658 372 5728; x_wconf 83' lang='grc' dir='ltr'>τῆς</span> <span class='ocrx_word' id='word_1_749' title='bbox 397 5676 460 5712; x_wconf 89' lang='grc' dir='ltr'><strong>τε</strong></span> <span class='ocrx_word' id='word_1_750' title='bbox 490 5661 697 5714; x_wconf 85' lang='grc' dir='ltr'>ἐκείνου</span> <span class='ocrx_word' id='word_1_751' title='bbox 732 5662 1034 5727; x_wconf 88' lang='grc' dir='ltr'>κοινωνίας,</span> <span class='ocrx_word' id='word_1_752' title='bbox 1065 5663 1160 5715; x_wconf 76' lang='grc' dir='ltr'>καὶ</span> <span class='ocrx_word' id='word_1_753' title='bbox 1178 5663 1283 5716; x_wconf 85' lang='grc' dir='ltr'><strong>τῶν</strong></span> <span class='ocrx_word' id='word_1_754' title='bbox 1308 5663 1498 5733; x_wconf 86' lang='grc' dir='ltr'>ἐκείνῳ</span> <span class='ocrx_word' id='word_1_755' title='bbox 1524 5664 1580 5715; x_wconf 89' lang='grc' dir='ltr'><strong>ἐν</strong></span> <span class='ocrx_word' id='word_1_756' title='bbox 1604 5661 1743 5730; x_wconf 86' lang='grc' dir='ltr'>γνώ-</span> 
     </span>
    </p>
   </div>
   <div class='ocr_carea' id='block_1_106' title="bbox 176 5750 1743 5824">
    <p class='ocr_par' dir='ltr' id='par_1_106' title="bbox 176 5750 1743 5824">
     <span class='ocr_line' id='line_1_106' title="bbox 176 5750 1743 5824; baseline 0.002 -22"><span class='ocrx_word' id='word_1_757' title='bbox 176 5765 254 5802; x_wconf 86' lang='grc' dir='ltr'><strong>σει</strong></span> <span class='ocrx_word' id='word_1_758' title='bbox 291 5750 867 5823; x_wconf 78' lang='grc' dir='ltr'>συλλειτουργούντων,</span> <span class='ocrx_word' id='word_1_759' title='bbox 901 5753 1003 5818; x_wconf 75' lang='grc' dir='ltr'>ἕως</span> <span class='ocrx_word' id='word_1_760' title='bbox 1031 5753 1097 5808; x_wconf 85' lang='grc' dir='ltr'>ἄν</span> <span class='ocrx_word' id='word_1_761' title='bbox 1126 5756 1190 5807; x_wconf 84' lang='grc' dir='ltr'><strong>ἐκ</strong></span> <span class='ocrx_word' id='word_1_762' title='bbox 1233 5754 1398 5824; x_wconf 84' lang='grc' dir='ltr'>μέσου</span> <span class='ocrx_word' id='word_1_763' title='bbox 1432 5754 1654 5824; x_wconf 81' lang='grc' dir='ltr'>γένηται</span> <span class='ocrx_word' id='word_1_764' title='bbox 1684 5751 1743 5805; x_wconf 80' lang='grc' dir='ltr'>τὸ</span> 
     </span>
    </p>
   </div>
   <div class='ocr_carea' id='block_1_107' title="bbox 242 5869 1215 5931">
    <p class='ocr_par' dir='ltr' id='par_1_107' title="bbox 242 5869 1215 5931">
     <span class='ocr_line' id='line_1_107' title="bbox 242 5869 1215 5931; baseline 0 -7"><span class='ocrx_word' id='word_1_765' title='bbox 242 5869 468 5924; x_wconf 72' lang='lat' dir='ltr'><strong>&quot;Amos</strong></span> <span class='ocrx_word' id='word_1_766' title='bbox 509 5889 563 5931; x_wconf 79' lang='grc' dir='ltr'><strong>γ.</strong></span> <span class='ocrx_word' id='word_1_767' title='bbox 605 5872 686 5926; x_wconf 78' lang='lat' dir='ltr'><strong>l3.</strong></span> <span class='ocrx_word' id='word_1_768' title='bbox 761 5873 803 5904; x_wconf 78' lang='lat'><strong>&quot;&quot;</strong></span> <span class='ocrx_word' id='word_1_769' title='bbox 837 5873 936 5928; x_wconf 84' lang='lat' dir='ltr'><strong>lsa.</strong></span> <span class='ocrx_word' id='word_1_770' title='bbox 969 5888 1068 5926; x_wconf 66' lang='lat' dir='ltr'><strong>XLII</strong></span> <span class='ocrx_word' id='word_1_771' title='bbox 1135 5871 1215 5925; x_wconf 80' lang='lat' dir='ltr'><strong>li.</strong></span> 
     </span>
    </p>
   </div>
   <div class='ocr_carea' id='block_1_108' title="bbox 1841 4658 3410 4734">
    <p class='ocr_par' dir='ltr' id='par_1_108' title="bbox 1841 4658 3410 4734">
     <span class='ocr_line' id='line_1_108' title="bbox 1841 4658 3410 4734; baseline -0.006 -12"><span class='ocrx_word' id='word_1_772' title='bbox 1841 4677 1924 4722; x_wconf 84' lang='lat' dir='ltr'><strong>tea</strong></span> <span class='ocrx_word' id='word_1_773' title='bbox 1963 4670 2332 4734; x_wconf 84' lang='lat' dir='ltr'><strong>susceperant,</strong></span> <span class='ocrx_word' id='word_1_774' title='bbox 2384 4669 2441 4720; x_wconf 86' lang='lat' dir='ltr'><strong>ct</strong></span> <span class='ocrx_word' id='word_1_775' title='bbox 2470 4663 2702 4716; x_wconf 87' lang='lat' dir='ltr'><strong>adulteri</strong></span> <span class='ocrx_word' id='word_1_776' title='bbox 2771 4662 3143 4731; x_wconf 91' lang='lat' dir='ltr'><strong>copulatorem</strong></span> <span class='ocrx_word' id='word_1_777' title='bbox 3193 4658 3410 4713; x_wconf 79' lang='lat' dir='ltr'><strong>fuerant</strong></span> 
     </span>
    </p>
   </div>
   <div class='ocr_carea' id='block_1_109' title="bbox 1838 4742 3409 4827">
    <p class='ocr_par' dir='ltr' id='par_1_109' title="bbox 1838 4742 3409 4827">
     <span class='ocr_line' id='line_1_109' title="bbox 1838 4742 3409 4827; baseline -0.007 -13"><span class='ocrx_word' id='word_1_778' title='bbox 1838 4742 2133 4827; x_wconf 80' lang='lat' dir='ltr'><strong>complexi;</strong></span> <span class='ocrx_word' id='word_1_779' title='bbox 2163 4759 2310 4813; x_wconf 90' lang='lat' dir='ltr'><strong>venit</strong></span> <span class='ocrx_word' id='word_1_780' title='bbox 2351 4758 2480 4811; x_wconf 91' lang='lat' dir='ltr'><strong>mihi</strong></span> <span class='ocrx_word' id='word_1_781' title='bbox 2517 4758 2569 4810; x_wconf 91' lang='lat' dir='ltr'><strong>in</strong></span> <span class='ocrx_word' id='word_1_782' title='bbox 2616 4765 2853 4810; x_wconf 87' lang='lat' dir='ltr'><strong>mentem</strong></span> <span class='ocrx_word' id='word_1_783' title='bbox 2895 4753 3037 4807; x_wconf 89' lang='lat' dir='ltr'><strong>illius</strong></span> <span class='ocrx_word' id='word_1_784' title='bbox 3103 4752 3230 4806; x_wconf 93' lang='lat' dir='ltr'><strong>dicti</strong></span> <span class='ocrx_word' id='word_1_785' title='bbox 3281 4765 3409 4820; x_wconf 80' lang='lat' dir='ltr'><strong>pro-</strong></span> 
     </span>
    </p>
   </div>
   <div class='ocr_carea' id='block_1_110' title="bbox 1839 4843 3409 4918">
    <p class='ocr_par' dir='ltr' id='par_1_110' title="bbox 1839 4843 3409 4918">
     <span class='ocr_line' id='line_1_110' title="bbox 1839 4843 3409 4918; baseline -0.004 -17"><span class='ocrx_word' id='word_1_786' title='bbox 1839 4848 2082 4918; x_wconf 86' lang='lat' dir='ltr'><strong>phetici:</strong></span> <span class='ocrx_word' id='word_1_787' title='bbox 2138 4850 2362 4918; x_wconf 81' lang='lat' dir='ltr'><strong>Sapiens</strong></span> <span class='ocrx_word' id='word_1_788' title='bbox 2410 4848 2575 4902; x_wconf 77' lang='lat' dir='ltr'><strong>inillo</strong></span> <span class='ocrx_word' id='word_1_789' title='bbox 2637 4858 2865 4915; x_wconf 79' lang='lat' dir='ltr'><strong>tempore</strong></span> <span class='ocrx_word' id='word_1_790' title='bbox 2920 4845 3108 4908; x_wconf 80' lang='lat' dir='ltr'><strong>silebit,</strong></span> <span class='ocrx_word' id='word_1_791' title='bbox 3159 4843 3409 4912; x_wconf 83' lang='lat' dir='ltr'><strong>quoniam</strong></span> 
     </span>
    </p>
   </div>
   <div class='ocr_carea' id='block_1_111' title="bbox 1843 4933 3406 5008">
    <p class='ocr_par' dir='ltr' id='par_1_111' title="bbox 1843 4933 3406 5008">
     <span class='ocr_line' id='line_1_111' title="bbox 1843 4933 3406 5008; baseline -0.004 -16"><span class='ocrx_word' id='word_1_792' title='bbox 1843 4949 2042 5008; x_wconf 78' lang='lat' dir='ltr'><strong>tempus</strong></span> <span class='ocrx_word' id='word_1_793' title='bbox 2067 4941 2262 4994; x_wconf 83' lang='lat' dir='ltr'><strong>malum</strong></span> <span class='ocrx_word' id='word_1_794' title='bbox 2292 4951 2366 4995; x_wconf 83' lang='lat' dir='ltr'><strong>est</strong></span> <span class='ocrx_word' id='word_1_795' title='bbox 2397 4943 2461 4995; x_wconf 77' lang='grc'><strong>⁷³.</strong></span> <span class='ocrx_word' id='word_1_796' title='bbox 2493 4941 2599 4995; x_wconf 83' lang='lat' dir='ltr'><strong>Sed</strong></span> <span class='ocrx_word' id='word_1_797' title='bbox 2629 4955 2754 4996; x_wconf 89' lang='lat' dir='ltr'><strong>cum</strong></span> <span class='ocrx_word' id='word_1_798' title='bbox 2785 4939 2930 4993; x_wconf 89' lang='lat' dir='ltr'><strong>dicat</strong></span> <span class='ocrx_word' id='word_1_799' title='bbox 2959 4937 3102 4991; x_wconf 90' lang='lat' dir='ltr'><strong>idem</strong></span> <span class='ocrx_word' id='word_1_800' title='bbox 3128 4953 3141 4989; x_wconf 94' lang='lat'>:</span> <span class='ocrx_word' id='word_1_801' title='bbox 3198 4933 3364 4989; x_wconf 87' lang='lat' dir='ltr'><strong>Tacui</strong></span> <span class='ocrx_word' id='word_1_802' title='bbox 3391 4974 3406 4997; x_wconf 89' lang='lat'><strong>,</strong></span> 
     </span>
    </p>
   </div>
   <div class='ocr_carea' id='block_1_112' title="bbox 1840 5032 3410 5103">
    <p class='ocr_par' dir='ltr' id='par_1_112' title="bbox 1840 5032 3410 5103">
     <span class='ocr_line' id='line_1_112' title="bbox 1840 5032 3410 5103; baseline -0.004 -19"><span class='ocrx_word' id='word_1_803' title='bbox 1840 5032 2084 5100; x_wconf 89' lang='lat' dir='ltr'><strong>nunquid</strong></span> <span class='ocrx_word' id='word_1_804' title='bbox 2102 5048 2317 5103; x_wconf 87' lang='lat' dir='ltr'><strong>semper</strong></span> <span class='ocrx_word' id='word_1_805' title='bbox 2340 5034 2527 5088; x_wconf 83' lang='lat' dir='ltr'><strong>tacebo</strong></span> <span class='ocrx_word' id='word_1_806' title='bbox 2549 5034 2594 5065; x_wconf 69' lang='grc'><strong>⁷⁵</strong></span> <span class='ocrx_word' id='word_1_807' title='bbox 2621 5033 2645 5085; x_wconf 84' lang='lat'><strong><em>?</em></strong></span> <span class='ocrx_word' id='word_1_808' title='bbox 2679 5038 2966 5101; x_wconf 89' lang='lat' dir='ltr'><strong>pr0pterea</strong></span> <span class='ocrx_word' id='word_1_809' title='bbox 2999 5037 3245 5096; x_wconf 89' lang='lat' dir='ltr'><strong>tempore</strong></span> <span class='ocrx_word' id='word_1_810' title='bbox 3271 5040 3410 5080; x_wconf 90' lang='lat' dir='ltr'><strong>con-</strong></span> 
     </span>
    </p>
   </div>
   <div class='ocr_carea' id='block_1_113' title="bbox 1839 5111 3406 5189">
    <p class='ocr_par' dir='ltr' id='par_1_113' title="bbox 1839 5111 3406 5189">
     <span class='ocr_line' id='line_1_113' title="bbox 1839 5111 3406 5189; baseline -0.005 -18"><span class='ocrx_word' id='word_1_811' title='bbox 1839 5121 2075 5189; x_wconf 89' lang='lat' dir='ltr'><strong>gruenti,</strong></span> <span class='ocrx_word' id='word_1_812' title='bbox 2123 5121 2391 5174; x_wconf 84' lang='lat' dir='ltr'><strong>calumnia</strong></span> <span class='ocrx_word' id='word_1_813' title='bbox 2438 5135 2679 5189; x_wconf 88' lang='lat' dir='ltr'><strong>pressus,</strong></span> <span class='ocrx_word' id='word_1_814' title='bbox 2734 5119 2852 5172; x_wconf 69' lang='lat' dir='ltr'><strong>haec</strong></span> <span class='ocrx_word' id='word_1_815' title='bbox 2879 5115 3115 5170; x_wconf 84' lang='lat' dir='ltr'><strong>tamdem</strong></span> <span class='ocrx_word' id='word_1_816' title='bbox 3171 5111 3406 5183; x_wconf 90' lang='lat' dir='ltr'><strong>protuli;</strong></span> 
     </span>
    </p>
   </div>
   <div class='ocr_carea' id='block_1_114' title="bbox 1834 5203 3410 5282">
    <p class='ocr_par' dir='ltr' id='par_1_114' title="bbox 1834 5203 3410 5282">
     <span class='ocr_line' id='line_1_114' title="bbox 1834 5203 3410 5282; baseline -0.008 -16"><span class='ocrx_word' id='word_1_817' title='bbox 1834 5212 1980 5282; x_wconf 84' lang='lat' dir='ltr'><strong>quia,</strong></span> <span class='ocrx_word' id='word_1_818' title='bbox 2003 5219 2262 5282; x_wconf 86' lang='lat' dir='ltr'><strong>quantum</strong></span> <span class='ocrx_word' id='word_1_819' title='bbox 2282 5212 2334 5266; x_wconf 80' lang='lat' dir='ltr'><strong>in</strong></span> <span class='ocrx_word' id='word_1_820' title='bbox 2367 5227 2453 5266; x_wconf 91' lang='lat' dir='ltr'><strong>me</strong></span> <span class='ocrx_word' id='word_1_821' title='bbox 2477 5213 2597 5276; x_wconf 77' lang='lat' dir='ltr'><strong>fuit,</strong></span> <span class='ocrx_word' id='word_1_822' title='bbox 2620 5210 2764 5266; x_wconf 91' lang='lat' dir='ltr'><strong>omni</strong></span> <span class='ocrx_word' id='word_1_823' title='bbox 2794 5209 2998 5264; x_wconf 90' lang='lat' dir='ltr'><strong>ratione</strong></span> <span class='ocrx_word' id='word_1_824' title='bbox 3022 5205 3134 5262; x_wconf 86' lang='lat' dir='ltr'><strong>cavi</strong></span> <span class='ocrx_word' id='word_1_825' title='bbox 3167 5204 3247 5257; x_wconf 78' lang='lat' dir='ltr'><strong>Itis</strong></span> <span class='ocrx_word' id='word_1_826' title='bbox 3273 5203 3410 5258; x_wconf 88' lang='lat' dir='ltr'><strong>duo-</strong></span> 
     </span>
    </p>
   </div>
   <div class='ocr_carea' id='block_1_115' title="bbox 1836 5295 3407 5372">
    <p class='ocr_par' dir='ltr' id='par_1_115' title="bbox 1836 5295 3407 5372">
     <span class='ocr_line' id='line_1_115' title="bbox 1836 5295 3407 5372; baseline -0.005 -16"><span class='ocrx_word' id='word_1_827' title='bbox 1836 5302 1939 5356; x_wconf 87' lang='lat' dir='ltr'><strong>bus</strong></span> <span class='ocrx_word' id='word_1_828' title='bbox 1973 5302 2150 5366; x_wconf 90' lang='lat' dir='ltr'><strong>annis,</strong></span> <span class='ocrx_word' id='word_1_829' title='bbox 2203 5319 2273 5357; x_wconf 90' lang='lat' dir='ltr'><strong>ne</strong></span> <span class='ocrx_word' id='word_1_830' title='bbox 2328 5317 2416 5357; x_wconf 89' lang='lat' dir='ltr'><strong>res</strong></span> <span class='ocrx_word' id='word_1_831' title='bbox 2464 5302 2515 5356; x_wconf 91' lang='lat' dir='ltr'><strong>in</strong></span> <span class='ocrx_word' id='word_1_832' title='bbox 2548 5311 2790 5372; x_wconf 89' lang='lat' dir='ltr'><strong>apertum</strong></span> <span class='ocrx_word' id='word_1_833' title='bbox 2822 5299 3085 5370; x_wconf 90' lang='lat' dir='ltr'><strong>prodiret.</strong></span> <span class='ocrx_word' id='word_1_834' title='bbox 3113 5295 3242 5351; x_wconf 89' lang='lat' dir='ltr'><strong>illud</strong></span> <span class='ocrx_word' id='word_1_835' title='bbox 3292 5309 3407 5348; x_wconf 90' lang='lat' dir='ltr'><strong>me-</strong></span> 
     </span>
    </p>
   </div>
   <div class='ocr_carea' id='block_1_116' title="bbox 1841 5382 3411 5461">
    <p class='ocr_par' dir='ltr' id='par_1_116' title="bbox 1841 5382 3411 5461">
     <span class='ocr_line' id='line_1_116' title="bbox 1841 5382 3411 5461; baseline -0.007 -15"><span class='ocrx_word' id='word_1_836' title='bbox 1841 5406 1965 5446; x_wconf 92' lang='lat' dir='ltr'><strong>cum</strong></span> <span class='ocrx_word' id='word_1_837' title='bbox 2028 5392 2296 5446; x_wconf 82' lang='lat' dir='ltr'><strong>volvens:</strong></span> <span class='ocrx_word' id='word_1_838' title='bbox 2363 5391 2803 5461; x_wconf 86' lang='lat' dir='ltr'><strong>quandoquidem</strong></span> <span class='ocrx_word' id='word_1_839' title='bbox 2864 5386 3102 5459; x_wconf 86' lang='lat' dir='ltr'><strong>episc0pi</strong></span> <span class='ocrx_word' id='word_1_840' title='bbox 3153 5382 3411 5454; x_wconf 80' lang='lat' dir='ltr'><strong>dignitate</strong></span> 
     </span>
    </p>
   </div>
   <div class='ocr_carea' id='block_1_117' title="bbox 1836 5481 3410 5555">
    <p class='ocr_par' dir='ltr' id='par_1_117' title="bbox 1836 5481 3410 5555">
     <span class='ocr_line' id='line_1_117' title="bbox 1836 5481 3410 5555; baseline -0.004 -20"><span class='ocrx_word' id='word_1_841' title='bbox 1836 5483 2097 5550; x_wconf 75' lang='lat' dir='ltr'><strong>praeditus</strong></span> <span class='ocrx_word' id='word_1_842' title='bbox 2141 5499 2251 5537; x_wconf 92' lang='lat' dir='ltr'><strong>non</strong></span> <span class='ocrx_word' id='word_1_843' title='bbox 2283 5498 2481 5547; x_wconf 90' lang='lat' dir='ltr'><strong>essem,</strong></span> <span class='ocrx_word' id='word_1_844' title='bbox 2513 5493 2572 5536; x_wconf 91' lang='lat' dir='ltr'><strong>ut</strong></span> <span class='ocrx_word' id='word_1_845' title='bbox 2619 5482 2877 5555; x_wconf 80' lang='lat' dir='ltr'><strong>arguendi</strong></span> <span class='ocrx_word' id='word_1_846' title='bbox 2915 5481 3142 5535; x_wconf 87' lang='lat' dir='ltr'><strong>habeam</strong></span> <span class='ocrx_word' id='word_1_847' title='bbox 3174 5482 3410 5547; x_wconf 82' lang='lat' dir='ltr'><strong>potesta-</strong></span> 
     </span>
    </p>
   </div>
   <div class='ocr_carea' id='block_1_118' title="bbox 1842 5574 3410 5644">
    <p class='ocr_par' dir='ltr' id='par_1_118' title="bbox 1842 5574 3410 5644">
     <span class='ocr_line' id='line_1_118' title="bbox 1842 5574 3410 5644; baseline -0.006 -17"><span class='ocrx_word' id='word_1_848' title='bbox 1842 5582 1951 5628; x_wconf 88' lang='lat' dir='ltr'><strong>tem</strong></span> <span class='ocrx_word' id='word_1_849' title='bbox 1980 5614 1995 5639; x_wconf 89' lang='lat'><strong>,</strong></span> <span class='ocrx_word' id='word_1_850' title='bbox 2020 5574 2268 5629; x_wconf 81' lang='lat' dir='ltr'><strong>suﬂicere</strong></span> <span class='ocrx_word' id='word_1_851' title='bbox 2324 5574 2367 5629; x_wconf 91' lang='lat' dir='ltr'><strong>si</strong></span> <span class='ocrx_word' id='word_1_852' title='bbox 2397 5591 2484 5629; x_wconf 90' lang='lat' dir='ltr'><strong>me</strong></span> <span class='ocrx_word' id='word_1_853' title='bbox 2539 5574 2654 5644; x_wconf 88' lang='lat' dir='ltr'><strong>ipse</strong></span> <span class='ocrx_word' id='word_1_854' title='bbox 2705 5574 3023 5639; x_wconf 88' lang='lat' dir='ltr'><strong>custodiam,</strong></span> <span class='ocrx_word' id='word_1_855' title='bbox 3056 5581 3113 5627; x_wconf 90' lang='lat' dir='ltr'><strong>et</strong></span> <span class='ocrx_word' id='word_1_856' title='bbox 3148 5584 3259 5624; x_wconf 88' lang='lat' dir='ltr'><strong>non</strong></span> <span class='ocrx_word' id='word_1_857' title='bbox 3287 5583 3410 5636; x_wconf 88' lang='lat' dir='ltr'><strong>par-</strong></span> 
     </span>
    </p>
   </div>
   <div class='ocr_carea' id='block_1_119' title="bbox 1847 5662 3412 5736">
    <p class='ocr_par' dir='ltr' id='par_1_119' title="bbox 1847 5662 3412 5736">
     <span class='ocr_line' id='line_1_119' title="bbox 1847 5662 3412 5736; baseline 0.001 -18"><span class='ocrx_word' id='word_1_858' title='bbox 1847 5664 2068 5735; x_wconf 88' lang='lat' dir='ltr'><strong>ticipem</strong></span> <span class='ocrx_word' id='word_1_859' title='bbox 2099 5665 2246 5721; x_wconf 90' lang='lat' dir='ltr'><strong>illius</strong></span> <span class='ocrx_word' id='word_1_860' title='bbox 2273 5666 2666 5731; x_wconf 90' lang='lat' dir='ltr'><strong>communioni,</strong></span> <span class='ocrx_word' id='word_1_861' title='bbox 2713 5682 3011 5736; x_wconf 91' lang='lat' dir='ltr'><strong>eorumque</strong></span> <span class='ocrx_word' id='word_1_862' title='bbox 3037 5666 3127 5735; x_wconf 88' lang='lat' dir='ltr'><strong>qui</strong></span> <span class='ocrx_word' id='word_1_863' title='bbox 3174 5662 3412 5720; x_wconf 83' lang='lat' dir='ltr'><strong>scientes</strong></span> 
     </span>
    </p>
   </div>
   <div class='ocr_carea' id='block_1_120' title="bbox 1846 5755 3410 5830">
    <p class='ocr_par' dir='ltr' id='par_1_120' title="bbox 1846 5755 3410 5830">
     <span class='ocr_line' id='line_1_120' title="bbox 1846 5755 3410 5830; baseline -0.001 -18"><span class='ocrx_word' id='word_1_864' title='bbox 1846 5771 1972 5812; x_wconf 90' lang='lat' dir='ltr'><strong>cum</strong></span> <span class='ocrx_word' id='word_1_865' title='bbox 1995 5771 2060 5813; x_wconf 91' lang='lat' dir='ltr'><strong>eo</strong></span> <span class='ocrx_word' id='word_1_866' title='bbox 2086 5773 2236 5813; x_wconf 85' lang='lat' dir='ltr'><strong>sacra</strong></span> <span class='ocrx_word' id='word_1_867' title='bbox 2277 5758 2497 5825; x_wconf 75' lang='lat' dir='ltr'><strong>faciunt,</strong></span> <span class='ocrx_word' id='word_1_868' title='bbox 2548 5760 2724 5830; x_wconf 81' lang='lat' dir='ltr'><strong>quoad</strong></span> <span class='ocrx_word' id='word_1_869' title='bbox 2764 5758 3076 5814; x_wconf 89' lang='lat' dir='ltr'><strong>scandalum</strong></span> <span class='ocrx_word' id='word_1_870' title='bbox 3118 5758 3186 5814; x_wconf 87' lang='lat' dir='ltr'><strong>de</strong></span> <span class='ocrx_word' id='word_1_871' title='bbox 3233 5755 3410 5814; x_wconf 86' lang='lat' dir='ltr'><strong>medio</strong></span> 
     </span>
    </p>
   </div>
  </div>
