3914 6438
539 381 641 447 991

1734 395 1795 456 S.
1834 393 2226 455 THEODORI
2259 393 2602 454 STUDITA!

3683 399 3778 463 992

544 496 777 552 tollatur.
811 496 924 552 l-loc
950 497 1116 570 igitur
1145 514 1364 556 oramus
1397 509 1452 555 et
1485 501 1839 568 obtestamur,
1884 516 1942 559 ut
1979 521 2101 575 pcr-

2219 504 2518 558 τκάνδαλον.
2550 500 2719 556 Τοῦτο
2749 501 2924 553 τοίνυν
2952 500 3376 571 παρακαλοῦμεν
3405 502 3501 555 καὶ
3529 503 3775 575 δεόμεθα,

541 589 754 644 suaderi
784 589 889 643 sibi
919 591 1059 644 sinat
1081 601 1270 646 sancta
1297 592 1475 646 anima
1498 601 1609 656 tua,
1655 594 1816 648 istum
1842 596 2114 651 hominem

542 679 779 734 coerceri
804 719 819 744 ,
859 696 928 736 ne
961 682 1301 750 vituperetur
1339 683 1682 752 inculpabilis
1711 688 1968 740 sanctitas
1993 696 2112 753 tua,

541 786 611 824 ne
641 771 910 839 polluatur
956 773 1200 827 divinum
1243 775 1409 828 altare
1448 775 1680 844 depositi
1743 778 1979 832 hominis
2014 781 2116 832 mi-

541 861 789 926 nisterio,
850 878 919 916 ne
959 863 1195 933 denique
1259 866 1504 920 oriantur
1552 866 1712 935 justas
1763 869 2111 924 schismatum

543 955 874 1008 occasiones.
915 954 1056 1009 Vere
1103 958 1246 1010 enim
1282 968 1336 1011 et
1386 959 1594 1011 sincere
1627 958 1725 1013 hoc
1763 961 1899 1015 sciat
1943 963 2114 1015 beati—

544 1042 672 1094 tudo
703 1052 810 1106 tua,
843 1044 986 1110 quod
1049 1045 1153 1098 nisi
1215 1047 1328 1100 haec
1361 1051 1429 1102 ita
1471 1051 1602 1106 ﬁant
1650 1050 1819 1106 Deum
1879 1054 2113 1106 amantis

541 1133 734 1186 animae
761 1141 864 1187 tua:
896 1144 1053 1200 nutu,
1079 1146 1134 1190 et
1171 1139 1534 1206 piissimorum
1566 1160 1627 1198 ac
1662 1145 2112 1214 triumphatorum

541 1222 930 1291 imperatorum
959 1234 1266 1283 nostrorum
1294 1248 1308 1295 ;
1345 1235 1461 1287 zelo
1485 1235 1748 1304 siquidem
1779 1237 1922 1305 pleni
1943 1246 2069 1291 sunt
2096 1254 2110 1302 ;

544 1316 611 1369 de
637 1315 794 1370 nobis
834 1317 1054 1385 quidem
1109 1336 1205 1390 pro
1265 1326 1521 1380 mandato
1577 1323 1940 1398 pugnantibus
1983 1330 2112 1397 quid

541 1404 781 1461 futurum
810 1407 902 1476 sit,
930 1410 1071 1467 Deus
1098 1413 1286 1469 novit:
1315 1417 1550 1472 scltisma
1597 1429 1798 1483 autem,
1833 1419 1943 1473 Deo
1977 1428 2113 1474 teste

545 1495 838 1570 electisque
869 1504 1074 1574 angelis
1104 1505 1244 1574 ejus,
1288 1521 1544 1575 magnum
1608 1507 1699 1562 [iet
1744 1508 1799 1562 in
1873 1509 2111 1563 Ecclesia

545 1599 750 1645 nostra.
807 1593 910 1649 Sed
956 1596 1233 1658 miserere,
1273 1607 1458 1666 pastor
1515 1598 1655 1653 bone
1689 1641 1705 1665 ,
1751 1601 1844 1655 sed
1893 1603 2108 1670 adjuva,

544 1678 720 1743 perite
767 1687 1000 1752 medice,
1033 1702 1248 1756 gregem
1288 1698 1438 1741 tuum
1463 1728 1478 1751 ,
1514 1705 1643 1744 oves
1669 1700 1807 1756 tuas,
1843 1692 2111 1748 Ecclesias

543 1773 685 1834 tuas,
722 1776 1002 1844 sapientiae
1030 1787 1134 1832 tua:
1177 1779 1354 1833 modis
1375 1820 1388 1844 ,
1422 1782 1724 1848 prudentiae
1783 1793 1887 1838 tuae
1909 1787 2106 1843 verbis.

542 1862 799 1917 remediis
829 1865 960 1919 artis
995 1875 1100 1921 tuae
1137 1884 1150 1920 :
1213 1883 1367 1922 ovem
1427 1886 1588 1924 unam
1630 1872 1860 1926 exclude
1915 1889 1944 1927 a
1994 1875 2108 1927 solo

543 1954 809 2010 Sacriﬁcio
836 1966 922 2021 ,et
955 1959 1237 2013 universas
1281 1959 1514 2016 lucrare.
1553 1962 1618 2016 Et
1648 1979 1714 2017 ne
1745 1965 1907 2018 unius
1932 1966 2110 2020 scabie

545 2044 842 2101 Ecclesiam
865 2048 1041 2114 inlice,
1073 2065 1233 2119 quam
1259 2053 1547 2122 acquisivit
1583 2053 1845 2112 Dominus
1873 2065 1931 2111 et
1965 2057 2110 2113 Deus

543 2146 731 2192 noster
761 2143 1024 2211 sanguine
1054 2157 1173 2196 suo.

897 2442 1162 2499 XXVI.—
1181 2443 1426 2515 Symeoni
1457 2450 1757 2517 praeposito.

2215 592 2601 663 δυσωπηθῆναί
2633 609 2726 644 σου
2756 591 2853 661 τὴν
2875 591 3033 658 ἁγίαν
3057 591 3232 661 ψυχὴν
3257 595 3676 664 παρασταλῆναι
3697 597 3778 648 τὸν

2215 686 2402 756 ἄνδρα.
2436 684 2578 755 Πρὸς
2605 683 2666 736 τὸ
2691 683 2764 753 μὴ
2799 682 3103 753 μωμεῖσθαί
3127 699 3219 734 σου
3247 684 3346 754 τὴν
3374 684 3621 754 ἄληπτον
3647 687 3780 740 ὁσιό-

2214 793 2351 847 τητα
2373 793 2385 806 ·
2422 776 2558 846 μηδὲ
2601 776 2918 845 χραίνεσθαι
2959 773 3019 827 τδ
3046 774 3189 828 θεῖον
3225 774 3616 847 θυσιαστήριον
3651 779 3779 831 καθ-

2213 868 2493 938 ῃρημένου
2548 867 2885 938 λειτουργίᾳ·
2934 867 3066 938 μηδὲ
3113 863 3250 921 εἶναι
3295 869 3472 933 αἰτίας
3531 870 3782 939 εὐλόγους

2218 962 2551 1030 σχισμάτων.
2584 959 2902 1011 Γινωσκέτω
2934 959 3044 1028 γὰρ
3071 957 3314 1026 accuso;
3343 961 3436 1012 καὶ
3463 960 3781 1030 άκραιφνῶς

2215 1053 2247 1121 ἡ
2290 1051 2627 1122 μακαριότης
2661 1068 2777 1113 σου,
2809 1051 2913 1113 ὅτι,
2944 1053 2992 1104 εἰ
3024 1051 3098 1121 μὴ
3128 1051 3286 1104 τοῦτο
3329 1051 3556 1121 γένηται
3608 1052 3782 1105 νεύσει

2215 1142 2311 1193 καὶ
2339 1143 2436 1210 τῆς
2469 1141 2717 1209 φιλοθέου
2745 1140 2924 1209 ψυχῆς
2967 1141 3061 1193 καὶ
3102 1140 3211 1192 τῶν
3250 1139 3663 1194 εὐσεϐεστάτων
3696 1143 3785 1195 καὶ

2214 1233 2539 1286 καλλινίκων
2581 1231 2738 1301 ἡμῶν
2786 1231 3048 1300 βασιλέων
3091 1229 3355 1301 (ζηλωταὶ
3388 1230 3498 1301 γάρ
3547 1231 3699 1301 εἰσι),
3727 1233 3782 1285 τὺ

2218 1324 2314 1393 μὲν
2338 1323 2602 1393 ἡμέτερον
2624 1323 2771 1385 ὅπως
2789 1321 2855 1374 ἂν
2882 1321 2992 1384 ἕξει
3023 1321 3164 1391 ὑπὲρ
3192 1322 3290 1391 τῆς
3317 1322 3543 1392 ἐντολῆς
3571 1324 3783 1376 ἐνιστα-

2218 1414 2414 1483 μένων,
2449 1411 2566 1482 Θεῷ
2596 1411 2935 1481 ὲγνωσμὲνον
2956 1427 2972 1443 ο
3009 1412 3212 1482 σχίσμα
3236 1412 3293 1464 δὲ
3326 1412 3488 1481 μέγα,
3515 1413 3622 1466 ὑπὸ
3649 1415 3785 1483 μάρ-

2211 1520 2334 1573 τυρι
2356 1501 2473 1571 Θεῷ
2498 1503 2592 1554 καὶ
2625 1501 2896 1554 ἐκλεκτῶν
2917 1501 3080 1555 αὑτοῦ
3116 1501 3385 1569 ἀγγέλων,
3412 1505 3708 1575 γενήσεται
3729 1506 3785 1556 ὲν

2212 1593 2277 1661 τῇ
2305 1592 2425 1645 καθ’
2471 1594 2620 1662 ἡμᾶς
2664 1592 2979 1663 Ἐκκλησία.
3019 1593 3157 1646 Ἀλλ’
3181 1593 3423 1663 ἐλέησον,
3447 1595 3475 1647 ό
3513 1597 3722 1664 ποιμὴν
3758 1596 3785 1648 6

2215 1681 2399 1744 καλὸς,
2431 1683 2566 1736 ἀλλὰ
2591 1682 2875 1754 βοήθησον,
2905 1685 2933 1736 ό
2962 1684 3142 1754 ἰατρὸς
3161 1687 3189 1737 ό
3213 1686 3552 1756 ἐπιστήμων,
3578 1688 3646 1756 τῇ
3675 1686 3787 1740 ποί-

2217 1788 2324 1846 μνῃ
2353 1789 2468 1839 σου,
2497 1775 2564 1828 τὰ
2591 1776 2840 1844 πρόϐατά
2874 1793 2986 1842 σου,
3021 1777 3118 1839 τὰς
3161 1776 3482 1846 Ἐκκλησίας
3514 1794 3632 1841 σου,
3663 1777 3786 1848 τρό-

2213 1880 2335 1928 ποις
2379 1867 2571 1934 σοφίας
2614 1882 2731 1930 σου,
2776 1867 2954 1934 λόγοις
3002 1865 3268 1929 συνέσεώς
3307 1884 3425 1931 σου,
3471 1867 3786 1937 φαρμάκοις

2211 1956 2450 2025 ἰατρείας
2505 1973 2626 2010 σου·
2671 1957 2732 2010 τὸ
2774 1959 2832 2010 ἓν
2867 1957 3136 2029 πρόϐατον
3178 1958 3434 2030 ἁπεῖρξαι
3479 1959 3652 2028 μόνης
3689 1959 3787 2028 τῆς

2211 2047 2544 2118 ἱερουργίας,
2593 2049 2691 2102 καὶ
2734 2048 2801 2101 τὰ
2842 2049 2938 2102 ὅλα
2978 2048 3276 2119 κερδῆσαιο
3318 2048 3413 2102 καὶ
3453 2048 3529 2119 μὴ
3574 2051 3641 2119 τῇ
3690 2047 3785 2102 τοῦ

2207 2137 2324 2200 ἐνὸς
2371 2137 2531 2210 ψὼρᾳ
2576 2139 2915 2209 λυμανθῆναι
2967 2141 3064 2211 τὴν
3112 2140 3470 2208 Ἐκκλησίαν,
3508 2142 3580 2212 ἢν
3623 2157 3788 2212 περιρ

2204 2228 2504 2298 εποιήσατο
2561 2231 2590 2282 ό
2653 2230 2860 2300 Κύριος
2916 2232 3011 2284 καὶ
3073 2230 3204 2294 Θεὸς
3262 2231 3420 2305 ἡμῶν
3476 2232 3554 2302 τῷ
3601 2231 3790 2303 οἰκείῳ

2215 2309 2431 2389 αἵματι.

2495 2459 2640 2528 Κεῗο
2667 2493 2735 2504 -
2755 2463 2998 2534 Συμεὼν
3017 2465 3346 2536 ἡγουμένφο
3385 2461 3542 2538 [μεὀ]

1087 2582 1162 2632 De
1181 2581 1451 2644 patriarcha
1477 2582 1753 2646 Nicephoro
1777 2591 1830 2636 et
1849 2586 2051 2638 Simone
2080 2602 2114 2638 ιι

2219 2595 2316 2644 ιείιο
2340 2598 2563 2658 querela.
2593 2599 2792 2661 (Baron.
2817 2615 2898 2650 an.
2921 2601 3030 2661 808,
3053 2614 3104 2650 ιι.
3127 2601 3228 2664 ΞΟ.)

617 2685 840 2755 Dignam
869 2695 1056 2740 sancta
1089 2684 1309 2756 Deoque
1332 2686 1489 2755 plena
1511 2688 1692 2742 anima
1717 2699 1807 2743 tua
1832 2691 2116 2760 epistolam

538 2775 698 2829 nobis
719 2778 960 2831 exaravit
977 2778 1292 2832 honoranda
1315 2780 1614 2848 paternitas
1631 2788 1742 2842 tua,
1768 2781 1928 2834 simul
1953 2782 2118 2836 bene—

538 2865 720 2920 volum
777 2882 902 2938 erga
952 2883 1051 2921 nos
1097 2878 1407 2938 peccatores
1447 2869 1700 2924 allectum
1748 2887 1906 2926 suum
1935 2873 2117 2928 decla-

542 2971 690 3019 rans,
727 2957 996 3026 simulque
1027 2973 1213 3026 parem
1257 2961 1554 3014 ostendens
1585 2961 1835 3031 idemque
1869 2965 2116 3018 sentien-

545 3054 652 3100 tem
702 3047 844 3102 cirea
898 3050 1079 3102 divina
1125 3049 1377 3104 mandata
1434 3053 2112 3122 concordiam,quinetiam

540 3138 755 3206 potiora
788 3139 1045 3202 edocens,
1078 3151 1132 3194 et
1179 3141 1430 3196 adnitens
1459 3143 1661 3210 pariter
1689 3144 1952 3198 adversus
1985 3159 2114 3213 pro-

541 3228 716 3298 posita
761 3231 1057 3282 certamina
1108 3231 1375 3299 intrepide
1411 3233 1701 3294 obsistere,
1739 3242 1792 3287 et
1828 3235 1892 3287 ad
1928 3235 2116 3288 inanes

540 3319 993 3374 lteterodoxorum
1045 3323 1563 3392 vaniloquorumque
1615 3340 1772 3378 voces
1809 3326 2115 3380 nullatenus

544 3409 787 3463 concuti.
821 3412 897 3465 Ac
928 3426 1100 3480 rerpsa
1136 3414 1289 3466 facta:
1324 3414 1482 3467 nobis
1513 3423 1640 3467 sunt
1670 3417 1992 3470 veneranda:
2027 3416 2115 3469 lit-

542 3509 669 3554 tera:
690 3513 791 3554 tuae
809 3503 1153 3555 incitamenta
1192 3503 1546 3567 fortitudinis,
1571 3515 1624 3559 et
1644 3506 1839 3560 vallum
1867 3507 2112 3561 virtutis:

545 3589 619 3642 ita
649 3601 704 3643 ut
733 3591 955 3660 gloriam
984 3592 1126 3646 bono
1172 3594 1405 3648 Domino
1455 3607 1643 3650 nostro
1699 3598 2114 3665 reddiderimus,

544 3684 635 3750 qui
671 3684 931 3737 humilem
976 3695 1190 3739 aitatem
1222 3697 1465 3741 nostram
1503 3704 1612 3742 non
1648 3691 1866 3758 penitus
1909 3691 2109 3744 derelio

544 3774 681 3841 quit,
724 3774 819 3827 sed
871 3776 1062 3828 vitales
1097 3777 1358 3830 scintillas
1407 3779 1637 3847 praebuit
1666 3779 1731 3832 iis
1757 3782 1844 3848 qui
1875 3781 1940 3834 ad
1973 3781 2115 3834 bona

544 3866 760 3937 pictatis
784 3882 946 3935 opera
981 3868 1207 3937 cupiunt
1233 3871 1576 3924 reviviscere.
1610 3872 1688 3924 Ad
1718 3873 1863 3926 hunc
1896 3875 2114 3927 modum

545 3957 665 4011 haec
689 3972 748 4011 se
792 3958 1012 4011 habent.
1053 3959 1301 4028 Impense
1336 3975 1620 4029 precamur
1649 3975 1748 4013 nos
1778 3970 2112 4030 peccatores,

546 4056 605 4102 ut
659 4050 963 4103 sanctitatis
1016 4059 1118 4103 tua:
1170 4051 1277 4104 vita
1330 4060 1660 4120 perseveret,
1699 4052 1764 4106 ad
1807 4053 2114 4121 exemplum

546 4143 754 4207 salutis,
790 4153 902 4196 tum
933 4146 1110 4208 nobis,
1145 4156 1254 4198 tum
1283 4145 1406 4199 aliis
1440 4147 1852 4216 quibuscunquc
1886 4149 2116 4203 volenti-

545 4234 668 4288 bus.
694 4232 928 4288 Omnino
954 4237 1097 4289 enim
1127 4237 1216 4304 qui
1249 4253 1485 4291 canones
1509 4247 1842 4306 pervertunt,
1875 4248 1930 4294 et
1959 4255 2116 4311 regu-

549 4326 632 4380 las
673 4327 993 4396 depravant,
1043 4330 1422 4383 rectitudinem
1455 4329 1507 4382 in
1537 4331 1623 4396 iis,
1647 4331 1738 4400 qui
1771 4339 1918 4384 recte
1944 4333 2117 4400 expli-

2300 2701 2485 2765 Ἀξίαν
2521 2704 2620 2774 τῆς
2659 2706 2996 2775 ἡγιασμένης
3042 2703 3134 2756 καὶ
3175 2701 3434 2773 θεοφόρου
3483 2717 3578 2756 σου
3607 2703 3789 2775 ψυχῆς

2216 2791 2482 2863 ἐχάραξεν
2515 2795 2645 2865 ἡμῖν
2673 2796 2770 2863 τὴν
2796 2794 3081 2864 ἐπιστολὴν
3110 2795 3142 2863 ἡ
3175 2792 3332 2864 τιμία
3363 2809 3456 2847 σου
3481 2797 3782 2867 πατρότης·

2216 2880 2349 2950 ὁμοῦ
2397 2883 2493 2951 μὲν
2538 2883 2904 2951 σημαίνουσαν
2936 2883 3032 2952 τὴν
3073 2882 3425 2954 ἀγαπητικὴν
3467 2885 3606 2955 πρὸς
3643 2887 3791 2955 ἡμᾶς

2215 2971 2341 3034 τοὺς
2389 2974 2742 3042 ἁμαρτωλοὺς
2779 2973 3053 3028 διάθεσινο
3083 2972 3219 3043 ὁμοῦ
3265 2975 3322 3028 δὲ
3374 2975 3641 3045 δηλοῦσαν
3691 2976 3790 3046 τὴν

2218 3063 2505 3133 ἰσόρροπον
2533 3065 2623 3116 καὶ
2647 3065 3029 3135 ταυτόγνωμον
3055 3066 3154 3136 τὴν
3180 3067 3435 3138 περὶτῶν
3458 3067 3619 3120 θείων
3644 3067 3791 3120 ἑντου

2217 3151 2321 3203 λῶν
2351 3153 2684 3221 συμφωνίαν,
2721 3155 2812 3206 καῖ
2844 3155 2950 3224 μὴν
2980 3155 3400 3210 ἐκδιδάσκουσαν
3434 3155 3502 3209 τὰ
3543 3157 3791 3224 κρείττο-

2217 3259 2302 3303 να.
2330 3244 2423 3295 καὶ
2455 3244 2951 3314 συμπροθυμοῦσαν
2977 3249 3056 3310 εἰς
3076 3248 3202 3312 τοὺς
3223 3249 3619 3318 προκειμένους
3641 3246 3794 3316 ἀγῶ-

2216 3349 2312 3394 νας
2366 3334 2620 3404 ἀκλονητὶ
2672 3335 3006 3403 ἐνίστασθαι,
3061 3339 3156 3391 καὶ
3203 3337 3518 3408 μηδαμόθεν
3571 3341 3640 3410 τῇ
3680 3339 3792 3391 τῶν

2217 3423 2538 3494 ἑτεροδόξων
2588 3427 2680 3479 καὶ
2723 3427 3072 3496 εἰκαιολόγων
3098 3426 3499 3500 ἀνατρέπεσθαι
3543 3445 3792 3498 κενοφω-

2217 3514 2324 3585 νίᾳ.
2358 3515 2467 3568 Καὶ
2490 3517 2709 3585 γέγονεν
2732 3519 2863 3589 ἡμῖν
2891 3520 2953 3572 τὸ
2973 3520 3152 3590 τίμιόν
3181 3537 3273 3573 σου
3302 3521 3538 3591 γράμμα
3567 3521 3644 3584 ὡς
3666 3523 3794 3593 άλη-

2219 3604 2326 3668 θῶς
2357 3607 2668 3678 ἐμψύχωμα
2697 3609 2966 3678 ἀνδρείας,
2999 3612 3092 3662 καὶ
3122 3611 3428 3679 χαράκωμα
3470 3609 3789 3679 δυνάμεως·

2218 3695 2293 3756 ὡς
2321 3695 2536 3760 δοξάσαι
2583 3697 2728 3767 ἡμᾶς
2772 3697 2864 3749 τὸν
2899 3698 3100 3763 ἀγαθὸν
3130 3697 3286 3768 ἡμῶν
3325 3695 3551 3766 Κύριον,
3590 3699 3682 3750 τὸν
3719 3699 3795 3770 μὴ

2217 3784 2434 3846 τελείως
2478 3786 2575 3856 τὴν
2613 3787 2872 3856 ταπεινὴν
2918 3785 3075 3856 ἡμῶν
3105 3785 3296 3853 γενεὰν
3327 3787 3794 3854 ἐγκαταλιπόντα,

2218 3875 2351 3928 ἀλλὰ
2383 3875 2538 3928 δόντα
2583 3876 2885 3946 σπινθῆρας
2913 3875 3174 3939 ζωτικοὺς
3207 3877 3316 3936 τοῖς
3349 3875 3628 3929 ἐθέλουσιν
3655 3878 3794 3931 ἁνα-

2218 3966 2588 4036 ζωπυρεῖσθαι
2629 3967 2767 4038 πρὸς
2803 3967 2899 4038 τὴν
2944 3968 3040 4037 τῆς
3069 3967 3350 4030 εὐσεϐείας
3396 3968 3790 4038 ἁγαθοεργίαν.

2222 4059 2376 4127 Ἔχει
2437 4059 2532 4126 μὲν
2588 4057 2729 4110 οὓτω
2781 4058 2974 4112 ταῦτα.
3034 4059 3144 4112 Καὶ
3189 4059 3353 4130 εὐχὴν
3400 4060 3678 4130 εὐχόμεθα
3718 4061 3796 4124 ὡς

2217 4149 2552 4221 ἁμαρτωλοὶ,
2587 4149 2866 4219 ἐπιμένειν
2903 4165 2996 4202 σου
3033 4148 3131 4220 τὴν
3169 4152 3266 4222 τῆς
3298 4149 3610 4220 ἁγιωσύνης
3649 4152 3796 4220 ζωὴν

2220 4241 2298 4303 εἰς
2330 4240 2602 4310 σωτηρίας
2631 4240 2954 4311 ὑπόδειγμα,
2987 4241 3116 4310 ἡμῖν
3138 4257 3197 4292 τε
3228 4241 3323 4294 καὶ
3351 4233 3584 4296 οἷστισιν
3612 4240 3798 4303 ἄλλοις

2223 4330 2587 4402 βουλομένοις.
2626 4333 2700 4385 Οὐ
2735 4331 2842 4402 γὰρ
2873 4333 3088 4394 πάντως
3122 4333 3172 4384 οἰ
3203 4332 3330 4392 τοὺς
3361 4331 3591 4394 κανόνας
3636 4348 3799 4402 στρεο

545 4429 677 4472 cant
726 4420 1027 4474 doctrinam
1076 4423 1336 4486 veritatis,
1390 4423 1610 4476 minime
1660 4424 1884 4476 vident:
1921 4426 2016 4478 sed
2067 4433 2114 4478 cl

2223 4423 2494 4486 ϐλοῦντες,
2526 4426 2617 4478 καὶ
2651 4427 2774 4486 τοὺς
2808 4424 3093 4493 γνώμονας
3124 4419 3483 4485 σκελίζοντες,
3515 4421 3799 4492 εὐθύτητα

550 4509 720 4564 risum
749 4511 937 4572 edunt,
971 4522 1025 4566 et
1050 4513 1244 4580 probra
1279 4515 1549 4584 ingerunt.
1584 4514 1722 4580 Quid
1740 4526 1918 4568 autem
1951 4515 2115 4581 aliud,

550 4617 712 4670 quam
768 4603 909 4670 quod
957 4603 1084 4656 hinc
1130 4606 1299 4674 magis
1348 4605 1756 4668 confirmamur,
1805 4605 2115 4659 futilitatem

551 4691 779 4746 istorum
815 4703 868 4747 et
896 4695 1300 4749 instabilitatem
1335 4712 1442 4750 non
1473 4697 1820 4765 ignorantes?
1849 4698 1891 4748 A
1919 4698 2118 4765 quibus

551 4784 696 4852 quod
742 4786 952 4837 excelsa
989 4801 1142 4838 mens
1192 4795 1280 4838 tua
1309 4800 1414 4838 non
1441 4787 1669 4854 capitur,
1705 4786 1859 4840 laude
1888 4787 2109 4856 dignum

555 4883 639 4928 est
672 4883 727 4928 et
773 4875 931 4929 nobis
973 4876 1201 4929 multum
1245 4878 1502 4945 Optabile.
1549 4877 1700 4931 Scire
1738 4888 1918 4932 autem
1968 4879 2116 4947 cupit

554 4965 687 5033 quid
718 4966 843 5018 novi
891 4967 1150 5022 acciderit
1180 4969 1232 5019 in
1283 4968 1532 5036 praesenti
1568 4969 1802 5038 negotio.
1851 4968 1960 5022 Nos
1989 4985 2117 5025 vero

554 5057 736 5111 dicere
763 5058 897 5111 nihil
941 5074 1246 5127 possumus,
1279 5076 1344 5112 eo
1369 5061 1511 5128 quod
1563 5061 1917 5130 imperatores
1946 5061 1999 5113 in
2031 5076 2118 5114 ca-

551 5150 680 5205 stris
701 5167 846 5204 nunc
864 5160 1168 5205 versantur.
1196 5153 1269 5205 De
1295 5154 1596 5222 patriarcha
1621 5155 1763 5206 enim
1783 5154 1908 5222 quid
1934 5154 2127 5206 attinet

555 5238 704 5306 loqui
731 5241 752 5290 ’ἰ
785 5241 876 5307 qui
927 5255 1102 5308 neque
1148 5241 1240 5294 dat
1294 5256 1572 5310 responsa,
1623 5257 1800 5310 neque
1857 5243 1973 5294 vult
1995 5242 2130 5294 alios

558 5333 770 5396 audire,
801 5335 852 5385 in
887 5335 1137 5387 omnibus
1182 5335 1378 5387 (ἐκδειιὶ
1411 5335 1732 5389 inserviens.
1761 5339 1828 5390 At
1863 5336 2121 5389 Dominus

556 5420 778 5476 Simeon
813 5423 1066 5493 bilinguis
1091 5431 1195 5485 est,
1220 5439 1366 5478 nunc
1413 5427 1628 5493 quidem
1682 5427 1776 5488 sic,
1802 5442 1946 5479 nunc
1971 5427 2128 5480 aliter

553 5512 814 5567 varians:
859 5514 962 5568 nisi
1007 5515 1152 5584 quod
1197 5515 1392 5569 iterum
1448 5533 1751 5572 sermonem
1778 5519 2126 5581 contulimus,

555 5605 947 5675 veritatemque
980 5607 1202 5662 minime
1247 5608 1726 5664 dissimulavimus.
1763 5611 1839 5666 Ac
1887 5611 2119 5665 ﬂectitur

558 5698 776 5765 quidem
808 5699 1197 5768 aliquantulum
1231 5721 1240 5755 :
1268 5701 1623 5755 nihilominus
1655 5703 1793 5756 idem
1826 5713 2026 5765 manet,
2056 5719 2115 5756 ea

561 5806 677 5860 quae
701 5790 1032 5861 principibus
1053 5801 1197 5862 grata
1217 5803 1338 5848 sunt
1358 5810 1604 5864 quaerens
1623 5803 1671 5850 et
1701 5795 1961 5851 sentiens.
1981 5795 2112 5850 Cum

2223 4514 2510 4582 βλέπουσιν
2562 4517 2619 4566 ἐν
2666 4517 2776 4576 τοῖς
2816 4513 3168 4584 όρθοτομοῦσι
3205 4512 3296 4565 τὸν
3336 4512 3492 4580 λόγον
3529 4512 3633 4582 τῆς
3663 4513 3797 4584 ἀληο

2221 4604 2369 4668 θείας
2393 4620 2407 4634 ·
2436 4604 2570 4657 ἀλλὰ
2595 4604 2691 4658 καὶ
2718 4603 2930 4671 γέλωτα
2949 4604 3271 4667 ἀνάπτουσι,
3314 4606 3409 4656 καὶ
3452 4604 3799 4673 ὀνειδισμοὺς

2221 4695 2620 4766 προσάπτουσι.
2675 4695 2783 4748 Καὶ
2829 4694 2881 4746 τί
2929 4695 3078 4761 ἄλλο,
3126 4694 3159 4766 ἢ
3205 4696 3267 4748 τὺ
3301 4695 3549 4747 ἐντεῦθεν
3592 4696 3800 4765 μᾶλλον

2222 4788 2573 4859 στερεοῦσθαι
2599 4791 2766 4859 ἡμᾶς,
2807 4788 3177 4859 μανθάνοντας
3210 4787 3269 4840 τὸ
3309 4787 3508 4855 σαθρὸν
3541 4789 3640 4840 καὶ
3668 4790 3800 4840 ἑπι-

2224 4879 2422 4948 σφαλὲς
2454 4878 2563 4932 τῶν
2611 4879 2867 4932 τοιούτων
2891 4895 2904 4944 ;
2946 4878 3066 4947 Ὑφ’
3101 4871 3176 4933 ὧν
3199 4880 3281 4932 ὅτι
3311 4879 3344 4947 ἡ
3373 4877 3440 4946 σὴ
3469 4877 3652 4947 ὑψηλὴ
3677 4878 3801 4931 διά-

2223 4987 2339 5023 νοια
2360 4971 2458 5038 οὐχ
2481 4970 2782 5032 ἁλίσκεται,
2813 4969 3138 5036 ἀξιὰγαστον
3167 4969 3262 5022 καὶ
3286 4970 3416 5039 ἡμῖν
3438 4967 3795 5023 πολύευκτον.

2225 5064 2384 5130 Ζητεῖ
2414 5061 2469 5114 δὲ
2501 5060 2689 5130 μαθεῖν
2714 5061 2741 5113 ὃ
2765 5077 2818 5112 τι
2843 5061 3031 5128 γέγονε
3065 5060 3376 5128 καινότερον
3408 5060 3538 5129 πρὸς
3570 5062 3672 5130 τὴν
3707 5063 3800 5112 ὲν-

2226 5151 2519 5219 ισταμένην
2549 5149 2800 5202 ὑπόθεσιν
2823 5164 2836 5177 ·
2885 5150 2980 5202 καὶ
3013 5151 3114 5204 οὐκ
3159 5150 3353 5220 ἔχομεν
3391 5150 3570 5218 λέγειν
3600 5149 3691 5203 διὰ
3735 5153 3801 5203 τὸ

2221 5243 2348 5303 τοὺς
2378 5240 2714 5312 κρατοῦντας
2757 5242 2816 5294 τὸ
2843 5239 2936 5293 νῦν
2959 5242 3335 5310 φοσσατεύειν.
3372 5243 3512 5311 Πρὸς
3547 5241 3658 5308 γὰρ
3699 5242 3799 5294 τδν

2225 5334 2487 5404 ἀρχιερέα
2529 5333 2581 5386 τί
2621 5333 2700 5385 δεῖ
2739 5332 2836 5385 καὶ
2862 5333 3061 5400 λέγειν,
3096 5335 3234 5403 μήτε
3264 5333 3419 5400 λόγον
3448 5331 3797 5400 διαπέμψανο

2222 5441 2310 5490 τα,
2346 5426 2479 5495 μήτε
2508 5424 2753 5477 ἐθέλοντα
2777 5425 2945 5494 ἀκυὴν
2979 5423 3418 5493 παραδέξασθαι,
3453 5422 3797 5493 ταμιευόμε-

2221 5534 2308 5570 νον
2335 5518 2512 5571 πάντα
2542 5516 2803 5586 Καίσαρι;
2847 5515 2905 5568 '0
2939 5516 3045 5586 γὰρ
3079 5515 3265 5585 κύριος
3295 5513 3517 5585 Συμεὼν
3543 5516 3798 5584 ἀμφοτεο

2225 5607 2555 5678 ρόγλωσσος·
2583 5607 2659 5676 πῆ
2700 5606 2797 5676 μὲν
2827 5605 3019 5669 οὕτως,
3051 5606 3126 5674 πῆ
3150 5607 3205 5659 δὲ
3236 5605 3410 5668 άλλως
3441 5603 3798 5675 μεταϐαλλό-

2228 5717 2385 5769 μενος
2407 5715 2420 5729 ο
2449 5698 2586 5769 πλὴν
2612 5700 2691 5751 ὅτι
2722 5698 2813 5750 καὶ
2841 5698 2998 5751 πάλιν
3025 5699 3336 5768 συνήραμεν
3362 5698 3538 5767 λόγον,
3562 5698 3660 5751 καὶ
3687 5700 3793 5767 οὐχ

2225 5795 2510 5867 ύφήκαμεν
2544 5791 2639 5863 τῆς
2679 5790 2950 5862 ἀληθείας.
3000 5792 3104 5844 Καὶ
3144 5791 3338 5864 μικρὸν
3381 5791 3477 5861 μὲν
3509 5790 3792 5861 μαλάσαεο
