3914 6464
191 412 300 475 993

1410 424 1949 493 EPISTOLARUM
1991 435 2137 495 LIB.
2186 436 2236 493 Ι.

3316 441 3424 505 994

187 539 314 578 ταν
347 526 501 598 μένει
531 526 587 580 δὲ
615 524 643 579 6
669 527 849 594 αὐτὸς,
884 529 1064 584 ἐκεῖνα
1104 534 1316 602 φρονῶν
1362 538 1454 590 καὶ⁵
1501 539 1699 609 ζητῶν,
1729 547 1733 590 λ

1835 597 1838 604 ,
1865 556 2046 602 autem
2077 546 2510 617 proficisceretur
2540 546 2662 616 pius
2699 545 2959 602 Dominus
2983 555 3187 612 noster,
3225 547 3422 606 iterum

184 617 357 686 ἐφετά
391 619 606 680 πάντως
631 621 744 681 τοῖς
777 621 1087 689 κρατοῦσιν.
1132 625 1218 678 Ἐν
1241 625 1298 679 δὲ
1331 626 1410 697 τῷ
1444 630 1756 701 ἐξέρχεσθαι

182 708 276 759 τὸν
307 708 506 778 εὐσεϐῆ
535 707 693 778 ἡμῶν
716 709 982 782 δεσπότην
1008 713 1168 767 πάλιν
1194 717 1572 789 γεγράφαμεν,
1599 722 1758 794 ἐκζη-

179 800 449 868 τήσαντος
483 799 646 852 αὐτοῦ
673 801 829 854 τοῦτο
852 817 865 833 ο
897 803 989 856 καὶ
1016 804 1164 874 ὅμως
1193 808 1292 860 οὐκ
1325 808 1590 881 ἠθέλησεν
1611 815 1757 884 ἡμᾶς

177 887 260 950 εἰς
283 888 409 956 ὄψιν
434 888 598 941 αὐτοῦ
630 890 822 945 ἐλθεῖν.
849 892 1099 963 Μένομεν
1133 896 1187 949 δὲ
1218 900 1380 967 ἡμεῖς
1417 903 1464 953 oi
1492 903 1753 972 ἀμαρτω-

178 973 283 1039 λοὶ,
312 976 471 1046 εἴπερ
495 981 759 1049 γρηγορεῖ
785 981 816 1051 ἠ
851 981 984 1052 εὐχὴ
1013 984 1190 1052 ὴμῶν,
1212 985 1490 1054 ὡσαύτως,
1526 993 1600 1062 μὴ
1631 992 1753 1062 βου-

177 1066 399 1136 λόμενοι
429 1070 717 1139 προδοῦναι
746 1072 844 1142 τὴν
869 1075 1147 1142 ἀλήθειαν.
1182 1078 1315 1148 μηδὲ
1343 1086 1632 1153 μετασχεῖν
1654 1084 1752 1155 τῆς

176 1159 468 1223 κοινωνίας
509 1161 689 1214 αὐτῶν
710 1178 726 1192 ·
758 1163 859 1217 κᾶν
894 1163 1074 1235 ἐξορία
1103 1169 1409 1238 πρόκειται,
1459 1172 1562 1227 κᾶν
1601 1173 1751 1242 ξίφος

175 1246 508 1312 στιλϐοῦται,
537 1250 641 1304 κᾶν
671 1251 780 1323 πῦρ
821 1253 1146 1325 ἀνάπτηται.
1195 1258 1333 1311 ⁹Α).λ’
1356 1261 1455 1314 οὐκ
1498 1261 1564 1315 ἂν
1592 1263 1751 1317 τοῦτο

169 1335 560 1409 δυνηθείημεν,
593 1339 798 1407 ἀνάξιοι
836 1346 1193 1414 τυγχάνοντες
1223 1347 1316 1400 τοῦ
1362 1350 1452 1402 καὶ
1492 1353 1752 1422 ὀνομάζε-

171 1427 300 1480 σθαι
353 1431 515 1499 μόνον
571 1435 834 1504 μοναχοί’
878 1436 928 1487 εί
981 1438 1054 1507 μὴ
1099 1439 1350 1509 προσχὼν
1396 1442 1600 1512 Κύριος
1629 1447 1749 1507 ταῖς

170 1519 473 1592 ὑμετέραις
511 1524 682 1593 ἱεραῖς
713 1529 1039 1596 προσευχαῖς
1092 1527 1429 1598 δυναμὼσειε
1481 1532 1542 1584 τὸ
1587 1535 1748 1604 ὴμῶν

168 1611 400 1676 ἀσθενὲς
424 1614 515 1666 καὶ
539 1614 757 1686 σαθρόν.
787 1616 876 1669 Διὸ
905 1621 1247 1688 γρηγορεῖτε,
1299 1621 1538 1693 Πατέρες
1577 1619 1771 1692 ἇγιοῖ,

167 1699 250 1760 είς
291 1700 427 1752 αὐτὸ
458 1699 637 1766 τοῦτο,
668 1703 932 1775 ὑμέτερον
982 1708 1294 1777 ἡγούμενοι,
1328 1710 1462 1782 ὅπερ
1491 1713 1582 1766 καὶ
1609 1713 1743 1777 ἔστι,

165 1790 228 1842 τὸ
251 1792 580 1859 κοινωφελὲς
608 1795 815 1866 πρόϐλη
825 1813 920 1864 μα.
944 1797 1078 1850 Θεοῦ
1101 1799 1157 1852 δὲ
1187 1800 1430 1855 κελεύσει
1454 1803 1744 1874 ἐξερχόμε-

163 1897 256 1943 νος
309 1883 338 1934 6
381 1882 806 1952 αίδεσιμώτατος

164 1971 268 2038 τῆς
298 1972 463 2039 ἀγίας
486 1973 640 2042 ὑμῶν
675 1976 840 2044 μονῆς
862 1975 1045 2046 ἀγάγῃ
1070 1981 1134 2047 τῇ
1161 1979 1436 2051 ἁγιωσύνῃ
1467 1998 1558 2033 σου
1597 1982 1746 2035 ἀντί-

166 2080 354 2134 γραφα
384 2067 495 2118 τῶν
522 2067 965 2138 διαπεμφθεισῶν
1003 2072 1301 2125 ἐπιστολῶν
1343 2075 1476 2144 πρὸς
1509 2076 1744 2148 ἑκάτερα

164 2156 438 2226 πρόσωπα
458 2173 478 2192 ο
503 2158 588 2212 ἵνα
621 2159 914 2214 κάντεῦθεν
962 2162 1354 2236 ἐναργέστερον
1398 2167 1743 2235 μανθάνουσα

159 2247 227 2300 τά
250 2247 376 2301 καθ’
395 2249 566 2319 ἡμᾶς,
587 2250 646 2304 τὸ
671 2251 768 2321 μὲν
790 2251 956 2324 βοηθῇ
976 2254 1286 2325 γράμμασι,
1309 2257 1368 2310 τὸ
1391 2257 1449 2310 δὲ
1473 2261 1735 2332 ἐπικουρῇ

163 2339 494 2410 ἱκετηρίαις.
526 2343 638 2398 Καὶ
667 2345 825 2399 ἀλλον
853 2345 910 2398 δέ
943 2363 1063 2399 τινα
1100 2347 1451 2418 παρεθέμεθα
1478 2350 1555 2422 τῷ
1585 2352 1738 2405 ἀδελ-

159 2430 246 2500 φῷ
276 2431 470 2500 λόγον’
504 2435 700 2489 καύτὶν
740 2437 956 2501 πάντως
998 2438 1290 2508 ἀναγγελεῖ
1324 2442 1416 2494 καὶ
1442 2443 1733 2508 ἀποδώσει,

157 2522 397 2592 ὁπηνίκα
451 2526 648 2594 φθάσει
704 2530 828 2582 ἰδεῖν
880 2530 971 2583 τὸν
1020 2532 1199 2600 τίμιόν
1246 2551 1339 2586 σου
1388 2537 1733 2606 χαρακτῆρα.

159 2615 569 2688 Προσαγορεύει
603 2620 699 2672 σὺν
727 2621 859 2689 ἡμῖν
889 2623 977 2674 καὶ
1025 2623 1054 2673 6
1082 2623 1528 2692 ἀρχιεπίσκοπος,
1559 2627 1588 2678 6
1625 2628 1739 2679 Κα-

155 2703 411 2778 λόγηρος.
443 2711 538 2762 καὶ
569 2710 597 2760 6
623 2709 796 2772 ἀϐϐᾶς
829 2712 1102 2776 Λεόντιος,
1148 2714 1241 2767 καὶ
1294 2716 1326 2784 ὴ
1373 2716 1531 2787 λοιπὴ
1580 2717 1737 2786 ἡμῶν

155 2796 475 2868 ἀδελφότης.
524 2799 636 2870 Τὴν
686 2801 846 2869 ἀγίαν
895 2819 988 2856 σου
1033 2804 1278 2858 συνοδίαν
1320 2809 1636 2876 προσειπεῖν
1675 2807 1733 2874 ἐξ

153 2889 317 2957 ἡμῶν
354 2890 715 2958 καταξίωσον.

475 3073 611 3130 KZ'.-
632 3102 705 3112 —
722 3073 950 3143 Νικήτᾳ
981 3076 1284 3143 πατρικίῳ.
1308 3075 1479 3148 [μς-Ἄ]

1861 637 2200 705 scripsimus,
2235 635 2352 705 ipso
2380 636 2458 690 sic
2497 637 2751 691 volente:
2792 653 2892 692 nos
2925 650 3057 692 vero
3085 637 3140 690 in
3192 653 3425 710 conspe-

1858 736 2004 780 ctum
2033 744 2188 782 suum
2211 731 2396 786 venire
2431 728 2622 782 noluit.
2651 729 2914 783 Caeterum
2957 745 3058 784 nos
3087 740 3420 798 peccatores,

1858 817 2049 871 eodem
2086 818 2139 871 in
2186 827 2351 885 statu,
2399 819 2664 888 siquidem
2709 821 2934 891 vigilant
2970 838 3159 890 preces
3201 836 3419 890 vestra},

1858 908 2217 976 persistimus,
2269 911 2518 964 nolentes
2550 911 2776 979 prodere
2823 912 3126 978 veritatem,
3161 930 3260 969 nec
3296 931 3422 986 par-

1857 999 2047 1069 ticipes
2079 1001 2291 1054 illorum
2317 1002 2715 1056 communionis
2749 1018 2910 1069 esse;
2952 1005 3166 1059 etiamsi
3203 1006 3420 1076 impen-

1855 1089 1980 1143 deat
1999 1091 2269 1153 exsilium,
2298 1091 2422 1145 licet
2445 1092 2644 1162 fulgeat
2663 1093 2893 1162 gladius.
2919 1094 3046 1149 licet
3065 1096 3203 1166 ignis
3225 1112 3422 1152 accen-

1853 1179 2032 1234 datur.
2059 1179 2163 1234 Sed
2193 1181 2295 1235 hoc
2327 1193 2583 1250 praestare
2618 1181 2760 1236 haud
2783 1200 3051 1253 quaquam
3107 1187 3417 1255 possimus;

1853 1285 1976 1324 cum
2005 1271 2090 1326 vel
2121 1272 2234 1326 solo
2264 1273 2512 1327 monachi
2548 1273 2765 1328 nomine
2811 1275 2982 1329 simus
3019 1277 3222 1347 indigni
3257 1295 3270 1343 ;
3314 1279 3420 1332 nisi

1851 1375 2031 1416 sacras
2060 1378 2248 1432 preces
2271 1371 2478 1417 vestras
2504 1365 2791 1419 attendens
2819 1364 3096 1428 Dominus,
3130 1369 3418 1424 imbecilli-

1852 1459 2014 1506 tatem
2032 1462 2275 1507 nostram
2296 1453 2750 1525 fragilitatemque
2790 1461 3125 1512 corroboret.
3151 1457 3419 1523 Quocirca

1850 1542 1903 1596 in
1946 1543 2051 1598 hcc
2112 1545 2286 1614 ipsum
2336 1546 2575 1616 vigilate,
2623 1547 2811 1602 Patres
2861 1550 3055 1613 sancti,
3112 1560 3418 1606 vestrarum

1848 1634 2083 1703 partium
2115 1649 2237 1690 esse
2263 1635 2548 1701 ducentes,
2581 1638 2723 1692 sicut
2747 1639 2921 1709 reipsa
2945 1650 3048 1705 est,
3067 1655 3416 1697 communem

1848 1725 2141 1780 utilitatem
2189 1742 2548 1798 propugnare.
2599 1730 2710 1784 Deo
2735 1740 2915 1785 autem
2963 1740 3239 1788 annuente
3284 1748 3416 1804 pro-

1848 1817 2098 1872 ficiscens
2145 1819 2628 1874 reverendissimus
2661 1820 2828 1876 frater
2874 1834 3081 1888 n05Ier,
3108 1833 3163 1879 et
3192 1839 3417 1879 (nconc-

853 1885 1077 1954 ἀδελφὸς
1113 1888 1289 1958 ἡμῶν,
1321 1891 1412 1943 καὶ
1457 1892 1733 1962 οίκονόμος

1845 1925 1966 1964 mus
1989 1909 2162 1964 sancti
2184 1911 2496 1964 monasterii
2520 1916 2707 1976 vestri,
2724 1913 3015 1968 missarum
3038 1915 3104 1969 ad
3126 1924 3415 1985 utramque

1848 2013 2136 2066 personam
2159 1999 2510 2068 epistolarum
2546 2004 2870 2071 exemplaria
2909 2004 3116 2060 deferet
3140 2006 3415 2060 sanctitati

1845 2098 1952 2145 tua:
1981 2105 1995 2155 ;
2023 2099 2082 2143 ut
2114 2105 2177 2144 ex
2215 2091 2300 2144 his
2342 2107 2428 2146 res
2456 2102 2669 2147 nostras
2720 2093 3008 2150 dilucidius
3054 2112 3411 2166 cognoscens,

1841 2184 2038 2251 partim
2083 2182 2277 2239 litteris
2305 2185 2547 2254 adjuvet,
2594 2187 2786 2255 partim
2819 2187 3070 2256 precibus
3102 2198 3404 2243 succurrat.

1842 2271 1959 2324 Alia
1985 2272 2229 2340 quaedam
2257 2281 2515 2341 praeterea
2543 2273 2694 2327 fratri
2714 2275 3104 2340 commisimus,
3125 2291 3244 2344 qua:
3268 2277 3411 2330 haud

1843 2362 2006 2417 dubie
2057 2365 2328 2419 nuntiabit
2379 2375 2436 2420 et
2487 2375 2745 2435 exponet,
2778 2384 2899 2421 cum
2949 2369 2996 2422 ei
3045 2369 3410 2422 venerandam

1842 2453 2038 2508 faciem
2084 2464 2231 2509 tuam
2278 2456 2462 2511 videre
2511 2458 2821 2526 contigerit.
2867 2458 3075 2512 Salutat
3122 2460 3406 2513 nobiscum

1841 2546 2002 2599 etiam
2021 2546 2482 2617 archiepiscopus,
2516 2547 2827 2619 Calogerus,
2850 2561 2905 2605 et
2932 2550 3096 2605 abbas
3125 2550 3408 2612 Leontius,

1840 2646 1896 2690 et
1925 2639 2106 2692 caeteri
2140 2638 2335 2693 fratres
2384 2641 2575 2694 nostri.
2611 2640 2823 2697 Sanctae
2867 2641 3272 2716 congregationi
3302 2651 3408 2696 tua:

1837 2731 2064 2784 salutem
2098 2746 2126 2784 a
2153 2732 2312 2787 nobis
2337 2731 2520 2788 dicere
2551 2733 2812 2804 digneris.

2184 3080 2396 3137 XXVII.
2423 3112 2494 3123 —
2530 3082 2730 3140 Nicetw
2771 3085 3016 3153 patricio.

1075 3243 1174 3294 Cur
1193 3256 1378 3293 comam
1401 3241 1507 3293 suis
1532 3238 1811 3305 praeciderit
1833 3257 1844 3292 :
1882 3242 1929 3294 id
1954 3243 2090 3307 juxta
2114 3258 2328 3297 canones
2349 3248 2474 3296 fieri.

220 3386 365 3448 Τοὺς
394 3385 493 3455 μὲν
523 3385 716 3450 ἀλλους
743 3387 906 3458 τυχδν
937 3389 1099 3460 χάρις
1129 3390 1442 3462 ἀνθρωπίνη
1469 3393 1727 3448 ἀναϐιϐά-

1896 3392 2042 3447 Alios
2064 3395 2279 3464 quidem
2297 3395 2528 3451 fortasse
2556 3396 2724 3468 gratia
2775 3395 3055 3451 hominum
3082 3411 3402 3466 promovere

152 3477 270 3544 ζειν
302 3480 546 3548 πέφυκεν
568 3479 661 3533 ἐπὶ
683 3480 744 3534 τὸ
769 3479 903 3551 ῦψος
925 3482 1031 3535 τῶν
1060 3481 1406 3554 ἀξιωμάτων.
1444 3486 1510 3539 Σέ
1543 3486 1600 3538 δέ
1633 3485 1727 3539 τὸν

153 3573 547 3627 εὐσεϐέστατον
570 3574 667 3628 καὶ
686 3577 1045 3648 παμπόθητον
1071 3578 1228 3649 ἡμῶν
1251 3579 1538 3651 δεσπότην,
1560 3580 1728 3652 ἀρετὴ

151 3665 226 3729 ὡς
262 3666 506 3737 ἀληθῶς,
536 3667 632 3721 καὶ
657 3668 718 3722 οὐ
745 3668 905 3738 χάρις
936 3687 1039 3736 τις,
1070 3671 1344 3738 ἀνήγαγεν
1373 3674 1430 3724 ἐν
1461 3671 1536 3741 τῷ
1569 3674 1730 3742 μεγέ-

154 3753 234 3809 θει
256 3755 355 3809 τοῦ
384 3756 716 3828 ἀξιώματος,
748 3758 807 3810 οὐ
839 3757 936 3829 μὲν
963 3754 1056 3813 οῦν
1085 3759 1228 3813 κατά
1249 3777 1370 3814 τινα
1401 3762 1610 3831 χρόνον,
1636 3763 1728 3815 καὶ

151 3847 210 3901 ἐν
243 3849 346 3918 μιᾷ
392 3849 643 3922 ἐξουσίᾳ·
687 3849 822 3904 ἀλλά
862 3849 951 3902 διά
991 3851 1191 3913 παντὸς
1233 3852 1328 3905 καὶ
1372 3853 1430 3907 ὲν
1468 3853 1687 3918 πολλαῖς
1710 3869 1723 3882 ·

151 3936 344 4008 ῶσπερ
372 3940 495 3993 τινα
537 3941 738 4012 χρυσὸν
769 3943 1279 4013 μεταχειριζομένη,
1309 3944 1401 3997 καὶ
1436 3946 1516 4008 είς
1552 3946 1727 3998 πάντα

150 4030 396 4085 ὁντινοῦν
423 4031 629 4102 κόσμον
669 4036 734 4104 τῇ
767 4034 982 4086 εὐσεϐεῖ
1010 4033 1167 4104 ἡμῶν
1201 4034 1450 4107 βασιλείᾳ
1494 4036 1727 4107 προϐαλ-

151 4122 377 4194 λομένη.
413 4124 523 4176 Καὶ
553 4126 622 4177 τὰ
661 4126 963 4196 πράγματα
1004 4128 1156 4194 δῆλα,
1198 4127 1302 4180 κᾶν
1336 4129 1499 4199 ἡμεῖς
1539 4129 1613 4198 μὴ
1642 4128 1728 4180 λέ-

150 4229 362 4283 γωμεν.
399 4213 564 4265 Ὥστε
598 4215 692 4266 καὶ
720 4215 779 4267 τὸ
808 4215 903 4268 νῦν
933 4215 1225 4285 ἀξιολόγως
1258 4218 1305 4270 oi
1344 4219 1724 4287 Χριστομίμη-

149 4320 230 4356 τοι
270 4302 436 4373 ἡμῶν
467 4303 723 4371 βασιλεῖς,
756 4305 1172 4375 ἀντιπρόσωπον
1200 4306 1298 4374 τῆς
1329 4306 1538 4359 ἑαυτῶν
1564 4306 1726 4360 καλο-

151 4393 424 4462 καγαθίας
453 4393 644 4449 ἔθεσαν
669 4411 727 4448 σε
757 4397 814 4449 ἐν
844 4397 1068 4461 ταύταις
1089 4399 1208 4459 ταῖς
1235 4399 1470 4469 ἡμέραις
1502 4401 1629 4468 τῇδε
1657 4403 1722 4472 τῇ

152 4485 514 4558 βασιλευούσῃ
536 4487 709 4541 πόλει.
739 4486 886 4557 Αὕτη
913 4487 1060 4539 ἐστὶν
1085 4487 1224 4558 ὑπὲρ
1251 4488 1352 4556 τῆς
1382 4489 1723 4558 πεμφθείσης

151 4577 526 4649 προσηγορίας
561 4579 712 4649 παρὰ
740 4578 839 4648 τῆς
871 4578 1151 4641 εὐσεϐείας
1179 4596 1270 4632 σου
1309 4581 1369 4632 τὸ
1393 4579 1486 4633 νῦν
1511 4580 1598 4633 διά
1627 4581 1720 4633 τοῦ

1832 3484 1971 3536 solet
1987 3485 2052 3538 ad
2071 3486 2284 3540 culmen
2303 3487 2625 3558 dignitatum
2653 3507 2664 3541 :
2694 3501 2746 3544 te
2761 3504 2892 3544 vero
2905 3489 3209 3559 piissimum
3226 3506 3289 3545 ac
3303 3491 3400 3546 de-

1831 3578 2277 3635 sideratissimum
2308 3582 2596 3637 Dominum
2644 3592 2892 3637 nostrum
2924 3598 3030 3638 non
3068 3584 3240 3655 gratia
3268 3585 3396 3652 ulla,

1829 3671 1924 3725 scd
1972 3686 2160 3725 revera
2200 3671 2371 3724 virtus
2398 3673 2461 3726 ad
2516 3672 2880 3741 amplissimos
2915 3673 3150 3730 honores
3195 3675 3396 3739 evexit,

1828 3777 1936 3814 non
1969 3761 2156 3830 utique
2186 3762 2252 3816 ad
2288 3771 2502 3832 tempus
2530 3762 2771 3831 aliquod,
2807 3778 2983 3832 neque
3016 3763 3070 3816 in
3100 3779 3207 3817 una
3243 3773 3400 3832 pote-

1827 3860 2011 3917 state;
2051 3852 2146 3906 sed
2175 3861 2459 3922 perpetuo,
2501 3861 2559 3906 et
2611 3852 2665 3905 in
2712 3853 2917 3916 multis,
2979 3868 3198 3908 sumens
3262 3863 3312 3908 te
3341 3854 3396 3907 in

1827 3957 2017 3995 manus
2040 3943 2191 4011 quasi
2213 3957 2403 3995 aurum
2424 3941 2716 4010 quoddam,
2755 3951 2810 3995 et
2847 3943 2913 3996 ad
2953 3958 3168 3996 omnem
3211 3943 3397 4013 cujus-

1826 4033 2078 4101 qucmodi
2133 4039 2382 4086 ornatum
2433 4033 2523 4101 pio
2558 4031 2784 4101 imperio
2822 4042 3011 4088 nostro
3050 4048 3386 4103 proponens.

1827 4123 2124 4176 Manifesta}
2165 4131 2293 4176 sunt
2337 4137 2424 4176 res
2467 4123 2616 4190 ipsae,
2659 4122 2821 4176 etiam
2855 4124 3160 4179 tacentibus
3213 4125 3396 4180 nobis.

1825 4214 2166 4283 Quapropter
2211 4213 2468 4284 praeclare
2499 4228 2646 4266 nunc
2685 4214 2845 4267 etiam
2892 4212 3169 4267 Christum
3198 4214 3392 4268 imitati

1825 4307 2178 4377 imperatores
2210 4305 2401 4367 nostri,
2434 4304 2646 4358 eximiae
2677 4319 2789 4357 suae
2812 4304 3095 4373 probitatis
3134 4306 3390 4360 annulum

1823 4405 2132 4453 statuerunt
2171 4404 2222 4449 te
2252 4396 2338 4449 his
2382 4395 2573 4449 diebus
2609 4394 2767 4465 regiae
2816 4395 2940 4448 huic
2979 4396 3206 4450 civitati.
3266 4396 3392 4453 Haec

1824 4504 1925 4559 pro
1957 4488 2274 4541 transmissa
2320 4502 2467 4540 nunc
2497 4502 2525 4538 a
2568 4485 2768 4554 pietate
2809 4494 2897 4539 tua
2929 4501 3025 4554 per
3049 4487 3389 4543 tabellarium

1825 4579 2147 4634 salutatione
2197 4576 2534 4631 resalutatio.
2571 4577 2634 4629 Et
2674 4576 2892 4644 quidem
2943 4579 3220 4632 custodiat
3252 4588 3301 4633 te
3329 4582 3386 4634 in

151 4669 631 4738 γραμματηφόροι)
669 4667 1198 4740 ἀντιπροσφώνησις.
1227 4671 1335 4723 Καί
1362 4687 1425 4738 γε
1460 4671 1661 4741 Κύριος
1691 4675 1718 4725 6

1835 4681 2106 4742 posterum
2160 4669 2423 4724 Dominus
2468 4668 2610 4722 Deus
2655 4677 2840 4721 noster
2866 4669 3046 4720 anima
3079 4677 3133 4722 et
3161 4683 3390 4738 corpore

150 4758 280 4822 Θεὸς
307 4757 467 4828 ἡμῶν
495 4757 838 4826 διαφυλάξειέ
871 4777 931 4811 σε
965 4761 1222 4828 ἀπήμονα
1245 4760 1388 4830 ψυχῇ
1412 4778 1470 4812 τε
1496 4763 1588 4813 καὶ
1613 4761 1719 4814 σώ-

153 4867 281 4919 ματι
314 4848 455 4921 πρὸς
472 4849 534 4903 τὺ
555 4849 704 4920 ἐξῆς,
733 4852 794 4903 ἐν
826 4849 905 4921 τῷ
934 4850 1120 4921 ἄρχειν
1148 4868 1207 4904 τε
1240 4853 1331 4904 καὶ
1361 4851 1718 4917 ἐξουσιάζειν·

151 4941 223 5006 ὡς
255 4943 326 4994 ἂν
356 4942 464 4994 ὑπὸ
500 4940 634 4994 Θεοῦ
679 4958 761 4995 σοι
791 4941 859 4994 δι’
887 4942 1066 4996 αὐτῶν
1102 4948 1211 4995 τῶν
1250 4944 1592 5014 πραγμάτων
1625 4960 1722 5013 με-

154 5033 500 5104 μαρτύρηται
545 5034 580 5103 ἡ
630 5031 844 5097 ἐξουσία
884 5032 1148 5087 δεδόσθαι.
1193 5034 1409 5104 Ἐπειδὴ
1454 5035 1509 5087 δέ
1555 5037 1727 5103 φειδοῖ

150 5127 245 5194 τῆς
274 5123 659 5187 ταπεινώσεως
687 5125 844 5193 ήμῶν
888 5124 1052 5194 (οὕτω
1081 5126 1187 5195 γὰρ
1240 5127 1587 5197 πιστεύομεν,
1626 5129 1720 5180 καὶ

150 5215 247 5268 οὐκ
275 5213 498 5283 ἄλλως),
523 5213 768 5284 διελέχθη
797 5231 888 5268 σου
906 5216 937 5285 ἡ
955 5215 1206 5268 εὐσέϐεια
1232 5216 1307 5286 τῷ
1329 5217 1561 5287 ἀδελφῷ,
1593 5219 1720 5288 περὶ

150 5305 246 5373 τῆς
276 5304 589 5367 ὑποθέσεως
634 5303 745 5357 τῶν
778 5304 978 5374 τριχῶν
1016 5305 1172 5357 τοῦτο
1210 5306 1304 5357 καὶ
1340 5307 1515 5358 ἐκεῖνο
1557 5324 1715 5377 ποιη-

154 5397 361 5449 σάντων
392 5395 550 5467 ἡμῶν
570 5412 583 5425 ·
615 5395 713 5449 καὶ
757 5395 832 5458 ῶς
865 5395 982 5448 δέον
1029 5399 1121 5449 καὶ
1157 5398 1348 5465 καιρὸν
1379 5398 1715 5462 σκοπεῖσθαι,

156 5488 244 5540 καὶ
288 5485 589 5549 κανονικῶς
619 5486 899 5556 πράττειν,
934 5487 1024 5538 καὶ
1067 5487 1125 5538 ὲν
1162 5491 1272 5549 τοῖς
1309 5489 1527 5550 οἰκείοις
1567 5490 1714 5558 ὅροις

157 5577 372 5645 μένειν·
434 5577 622 5648 ἐπειδὴ
687 5577 781 5631 καὶ
842 5577 1185 5649 πατριάρχης
1252 5577 1718 5648 προκαθεζόμενος

153 5661 291 5723 ὧδεο
343 5669 554 5738 τάληθῆ
611 5668 1046 5739 ἀπολογούμεθα.
1102 5671 1369 5741 Πρότερον
1417 5671 1718 5740 ἀπευχαρι-

159 5761 406 5822 στοῦντες
459 5763 635 5831 αὐτῇ’
692 5754 772 5813 ὅτι
834 5759 1070 5814 πονοῦσά
1129 5762 1246 5813 ἐστι
1298 5761 1392 5813 καὶ
1447 5762 1715 5833 κηδομένη

157 5853 261 5908 τῶν
293 5854 415 5907 καθ’
447 5855 613 5922 ἡμᾶς.
649 5854 755 5906 Καὶ
795 5854 933 5906 δέον.
991 5852 1208 5921 ’ἰδίωμα
1241 5853 1347 5922 γὰρ
1382 5854 1511 5906 αὐτὸ
1539 5852 1714 5918 τοῦτο,

1823 4756 2148 4816 incolumem
2179 4759 2234 4812 in
2256 4757 2722 4811 administratione
2749 4755 2963 4824 imperii
2984 4765 3038 4810 et
3060 4759 3344 4823 potestatis
3371 4778 3384 4812 :

1820 4860 1881 4906 ut
1907 4865 1994 4905 res
2017 4851 2148 4918 ipsae
2169 4845 2480 4902 testimonio
2514 4846 2642 4907 sint,
2667 4853 2991 4912 potestatem
3010 4858 3041 4898 a
3069 4843 3178 4899 Deo
3202 4845 3383 4900 datam

1821 4944 2006 4998 fuisse.
2025 4941 2287 5007 Quoniam
2303 4948 2482 4992 autem
2501 4937 2555 4990 in
2580 4936 2896 4990 humilitatis
2919 4946 3114 4991 nostra:
3135 4939 3388 5006 gratiam,

1823 5034 1900 5089 sic
1940 5033 2086 5086 enim
2137 5030 2426 5092 credimus,
2467 5035 2521 5080 et
2553 5042 2659 5079 non
2708 5027 2882 5091 aliter,
2924 5026 3101 5095 pietas
3145 5033 3236 5080 tua
3263 5043 3385 5082 cum

1826 5121 1992 5174 fratre
2018 5128 2203 5172 nostro
2261 5119 2530 5171 collocuta
2573 5125 2675 5179 est,
2710 5131 2825 5177 nos.
2859 5117 2909 5168 in
2941 5131 3006 5169 eo
3027 5116 3172 5184 quod
3200 5117 3266 5170 ad
3307 5132 3391 5171 ea-

1825 5214 1983 5284 pillos
2012 5211 2224 5275 attinet,
2255 5210 2358 5263 hoc
2379 5218 2433 5262 et
2462 5209 2588 5261 illud
2613 5207 2788 5276 egisse
2821 5223 2834 5270 ;
2878 5216 2932 5261 et
2963 5207 3108 5275 quod
3141 5217 3391 5277 oporteat

1829 5315 2042 5373 tempus
2084 5301 2453 5364 considerare,
2479 5309 2531 5353 et
2576 5299 2876 5353 secundum
2910 5314 3148 5354 canones
3197 5315 3384 5369 agere,

1827 5406 1989 5464 atque
2029 5395 2166 5447 intra
2212 5392 2458 5461 preprios
2505 5391 2703 5444 limites
2748 5391 3066 5452 consistere,
3107 5407 3229 5445 cum
3265 5393 3388 5448 istie

1818 5487 2126 5557 patriarcha
2158 5485 2442 5552 praesideat
2474 5500 2488 5547 ;
2540 5496 2666 5535 vera
2705 5481 3096 5549 respondemus
3131 5499 3144 5534 :
3181 5484 3387 5553 gratias

1819 5581 1968 5650 prius
1984 5588 2204 5647 agentes
2224 5586 2327 5629 tu:e
2349 5574 2556 5643 pietati,
2579 5573 2717 5641 quod
2739 5574 2900 5626 rebus
2923 5573 3125 5628 nostris
3144 5573 3385 5629 studium

1815 5681 1868 5725 et
1900 5685 2082 5723 curam
2105 5668 2396 5738 impendat.
2430 5667 2495 5721 Ει
2517 5666 2688 5719 decet.
2721 5663 2832 5717 Hoc
2852 5665 2994 5718 enim
3024 5666 3201 5733 ipsum
3234 5681 3384 5718 sum-

1817 5778 1916 5814 mae
1946 5761 2087 5813 illius
2107 5775 2265 5829 quam
2297 5759 2649 5827 prmdicamus
2686 5755 2942 5809 bonitatis
2968 5766 3072 5808 tuze
3101 5756 3380 5825 proprium

1815 5863 1918 5914 est.
1967 5853 2191 5921 ejusque
2252 5857 2647 5920 argumentum.
2718 5846 2793 5900 Ac
2865 5847 3094 5903 fortasse
3154 5858 3378 5918 propter
