3914 6436
569 375 673 439 995

1730 378 1789 437 S.
1818 372 2207 436 THEODORI
2246 375 2586 438 STUDITAS

3699 387 3795 451 996

564 489 1018 561 propinquitatem
1074 488 1361 562 peculiaris
1407 488 1622 560 quidam
1661 504 1772 561 prae
1800 488 2009 545 caeteris
2037 487 2119 541 af-

2225 487 2319 538 καὶ
2372 489 2645 560 μαρτυρία
2703 490 2799 560 τῆς
2857 486 3036 562 ἧσπερ
3085 491 3492 567 ἀναγγέλλομέν
3543 513 3641 552 σου
3702 518 3797 553 κα-

566 581 740 636 fcctus
773 597 892 637 esse
916 582 1096 638 debet.

634 761 804 832 Leges
842 775 970 831 ergo
999 759 1195 815 divina:
1221 769 1370 823 sunt,
1392 758 1631 826 domine,
1657 771 1711 814 et
1741 775 1981 815 canones
2001 760 2127 831 qui-

560 851 664 907 bus
708 852 925 906 ducitur
981 851 1227 921 quisquis
1273 851 1531 921 pietatem
1582 851 1730 912 colit.
1778 850 1974 921 quibus
2026 864 2128 905 nec

560 945 683 999 addi
729 944 1021 1014 quidquam
1053 943 1135 998 fas
1182 952 1284 1007 est,
1324 958 1425 997 nec
1453 943 1684 998 detrahi.
1716 942 1781 997 Ili
1816 958 1914 997 nos
1939 942 2123 1007 etiam,

561 1036 756 1090 millies
809 1034 937 1090 licet
975 1049 1241 1099 erremus,
1273 1042 1328 1089 et
1349 1033 1468 1088 aliis
1509 1033 1562 1087 in
1599 1032 1780 1100 rebus,
1832 1042 1887 1087 et
1919 1033 1974 1087 in
2025 1033 2127 1087 hac

561 1128 933 1199 capillatorum
981 1142 1165 1191 causa,
1235 1128 1501 1182 inhibent.
1551 1126 1620 1181 Et
1668 1126 2123 1196 quemadmodum

559 1220 800 1291 potentia
833 1228 923 1274 tua
956 1220 1167 1290 piorum
1201 1220 1553 1274 Dominorum
1584 1229 1894 1274 nostrorum
1927 1227 2125 1274 statuta

560 1315 849 1368 observare
896 1313 1099 1372 studet.
1150 1328 1297 1366 nunc
1346 1311 1637 1366 incidentia
1673 1311 1940 1377 referens,
1975 1325 2125 1366 nunc

560 1406 822 1474 imperata
850 1418 1177 1474 exsequens,
1228 1403 1618 1473 includensque
1646 1412 1702 1458 et
1733 1403 2039 1469 eliminans,
2069 1412 2125 1458 et

558 1511 897 1566 quaecunque
921 1497 1021 1551 alia
1053 1498 1396 1567 contingunt,
1437 1496 1640 1550 nullius
1669 1496 1898 1551 reverita
1924 1511 2122 1566 perso-

556 1605 680 1643 nam
712 1604 890 1660 neque
935 1605 1152 1659 parvam
1194 1604 1372 1658 neque
1416 1604 1668 1659 magnam
1718 1605 1732 1642 :
1781 1588 1927 1659 quod
1975 1587 2122 1643 enim

556 1681 726 1736 semel
754 1682 979 1748 audivit,
1007 1690 1060 1737 et
1086 1682 1408 1752 imperatum
1458 1688 1563 1746 est,
1595 1680 1819 1750 implere
1851 1679 2072 1735 festinat
2103 1697 2119 1747 ;

554 1788 681 1828 cum
706 1772 1007 1844 periculum
1038 1773 1109 1827 sit
1139 1786 1249 1826 non
1273 1772 1411 1839 leve,
1436 1771 1715 1841 paululum
1736 1770 1960 1827 differre
1991 1788 2006 1825 :
2041 1771 2122 1826 sic

555 1880 706 1935 ergo,
735 1880 800 1920 ac
834 1865 1003 1919 multo
1037 1865 1228 1935 magis,
1276 1864 1435 1919 nobis
1477 1863 1571 1933 qui
1608 1863 1912 1918 sacerdotio
1946 1861 2123 1933 fungi-

557 1972 698 2021 mur,
730 1956 904 2026 majus
933 1965 989 2011 et
1016 1956 1333 2011 damnosius
1356 1966 1441 2011 est
1464 1956 1786 2025 periculum,
1818 1970 1925 2008 non
1944 1953 2124 2009 omnia

556 2048 796 2118 explere,
848 2063 970 2117 qua:
999 2063 1029 2101 a
1062 2063 1188 2118 rege
1241 2048 1620 2101 universorum
1661 2046 1771 2101 Deo
1818 2061 1915 2115 per
1942 2060 2125 2101 sacros

556 2154 794 2194 canones
828 2148 883 2194 et
924 2139 1141 2194 divinos
1182 2138 1367 2193 Patres
1397 2139 1602 2193 sancita
1634 2146 1780 2192 sunt.
1813 2136 1967 2203 Quod
1994 2152 2125 2192 vero

557 2242 887 2302 praeceptum
944 2232 1014 2286 sit
1060 2233 1328 2291 divinum.
1382 2232 1559 2301 primo
1615 2231 1835 2300 quidem
1886 2229 2126 2283 declarat

557 2324 849 2392 Apostolus
876 2325 919 2355 ⁷⁸
948 2341 962 2388 ;
996 2323 1192 2377 deinde
1228 2322 1661 2377 Constitutiones
1688 2323 1730 2353 ⁷⁸
1756 2341 1767 2375 :
1811 2329 1922 2374 tum
1953 2318 2124 2390 Chry-

557 2423 829 2468 sostomus
855 2414 922 2478 ⁷⁷,
974 2422 1227 2467 astruens
1266 2422 1549 2482 peccatum
1594 2412 1651 2465 in
1695 2409 1951 2466 confesso
1978 2424 2121 2471 csse.

558 2504 601 2557 si
651 2504 733 2558 vir
765 2519 976 2559 comam
1012 2505 1119 2559 alat
1161 2524 1173 2559 :
1210 2504 1428 2559 demum
1465 2513 1663 2558 sancta:
1708 2501 1909 2572 Synodi
1956 2511 2124 2556 sexta:

557 2608 735 2649 canon
761 2595 827 2659 ⁷⁸,
875 2595 1498 2650 excommunicationem
1554 2594 1621 2647 iis
1651 2593 1741 2662 qui
1775 2607 1882 2646 non
1908 2593 2124 2647 obtem-

558 2696 753 2757 perant
786 2687 1033 2743 indicens
1064 2705 1078 2741 :
1111 2702 1271 2756 quem
1300 2702 1407 2741 una
1454 2685 1699 2740 misimus
1728 2693 1791 2738 ut
1813 2686 1917 2740 hoc
1939 2683 2123 2739 audito

557 2789 848 2850 cognoscat
867 2794 966 2834 nos
997 2788 1310 2848 peccatores
1338 2785 1490 2832 extra
1513 2791 1752 2832 canones
1779 2776 1913 2829 nihil
1940 2788 2119 2845 agere.

557 2870 743 2939 Neque
795 2885 894 2925 nos
922 2870 1149 2926 canonis
1187 2868 1349 2939 hujus
1388 2878 1666 2938 compotes
1703 2883 1845 2922 nunc
1884 2867 2120 2937 primum

556 2961 686 3017 facti
738 2977 944 3024 sumus,
972 2963 1067 3016 sed
1120 2962 1323 3017 dudum
1368 2979 1381 3017 :
1436 2961 1599 3030 idque
1633 2968 1979 3031 perspectum
2018 2958 2124 3014 fuit

551 3054 884 3124 praecedenti
943 3056 1107 3109 etiam
1148 3053 1483 3124 patriarchae.
1515 3051 1649 3107 Nam
1679 3062 1732 3107 et
1760 3065 2123 3123 congruenter

2228 580 2557 649 λοκαγαθίας
2597 599 2612 612 ο
2651 582 2791 653 τάχα
2819 584 2874 637 δέ
2908 587 3001 637 καὶ
3037 584 3125 638 διὰ
3174 588 3275 656 τὴν
3302 589 3623 657 ἀγχιστείαν
3654 592 3798 661 ὀφεί-

2229 674 2308 727 λει
2339 691 2424 737 τις
2456 671 2594 727 εἶναι
2629 674 2910 746 ἰδικωτέρα
2948 677 3098 748 παρὰ
3131 679 3258 741 τοὺς
3308 680 3500 745 ἄλλους
3538 684 3795 748 διάθεσις.

2296 767 2469 836 Νόμοι
2505 767 2812 838 τοιγαροῦν,
2848 764 2893 821 ὦ
2936 770 3204 838 δέσποτα,
3230 771 3396 839 θεῖοι,
3430 776 3527 828 καὶ
3571 779 3795 843 κανόνες

2227 860 2361 912 εἰσὶν
2384 860 2431 911 oi
2457 860 2680 927 ἄγοντες
2704 860 2880 915 πάντα
2901 862 2991 915 τὸν
3022 864 3353 919 εὐσεϐοῦντα
3374 882 3387 895 ⁸
3431 869 3569 937 παρ’
3593 864 3679 933 οἷς
3703 873 3798 925 οὐκ

2228 951 2372 1005 ἔστιν
2412 952 2534 1004 οὔτε
2581 952 2891 1022 πρόσθεσιν,
2918 954 3039 1007 οὔτε
3075 953 3269 1024 ὕφεσιν
3304 958 3604 1013 ποιεῖσθαι.
3636 962 3798 1013 Αὐτοὶ

2225 1043 2321 1097 καὶ
2360 1044 2505 1113 ἡμᾶς
2535 1043 2664 1105 τοὺς
2691 1046 3003 1109 ταπεινοὺς,
3035 1047 3085 1098 εί
3118 1046 3213 1099 καὶ
3258 1048 3526 1117 μυριάκις
3562 1051 3797 1119 σφαλλό.

2228 1137 2386 1206 μεθα,
2428 1137 2565 1207 πρὸς
2591 1139 2713 1201 ταῖς
2743 1135 2932 1200 άλλαις
2960 1137 3275 1203 ὑποθέσεσι,
3309 1138 3401 1191 καὶ
3435 1139 3520 1202 είς
3552 1140 3659 1212 τὴν
3690 1144 3797 1196 τῶν

2226 1232 2539 1300 κομώντων,
2578 1230 2806 1299 ἴσχουσι.
2840 1230 2948 1282 Καὶ
3008 1229 3197 1301 ὥσπερ
3230 1233 3263 1301 ἡ
3307 1229 3531 1295 ἐξουσία
3572 1251 3671 1287 σου
3731 1236 3798 1289 τά

2223 1324 2620 1393 διατεταγμένα
2671 1323 2807 1392 πρὸς
2860 1322 2967 1375 τῶν
3025 1323 3271 1376 εὐσεϐῶν
3328 1325 3487 1394 ἡμῶν
3522 1326 3798 1381 δεσποτῶν

2224 1416 2510 1485 φυλάττειν
2556 1413 2972 1483 διαγωνίζεται·
3002 1414 3078 1485 πῆ
3135 1415 3232 1486 μὲν
3260 1416 3670 1482 ἀναγγέλλουσι
3730 1419 3798 1472 τά

2224 1506 2627 1576 συμσαίνοντα,
2688 1505 2764 1574 πῆ
2829 1505 2886 1558 δὲ
2966 1504 3315 1576 ἐκπληροῦσα
3374 1505 3444 1560 τὰ
3518 1525 3795 1579 προστασ-

2223 1598 2468 1669 σόμεναο
2510 1598 2772 1668 εῖργουσά
2824 1615 2882 1651 τε
2946 1599 3038 1652 καὶ
3106 1598 3465 1668 ἀφορίζουσα,
3536 1602 3635 1654 καὶ
3696 1601 3796 1654 ὅσα

2220 1688 2354 1742 ἄλλα
2434 1688 2816 1760 ἐπισυμδαίνει
2844 1705 2857 1720 ·
2921 1688 2983 1741 οὐ
3043 1688 3443 1761 δυσωπουμένη
3524 1690 3797 1761 πρόσωπά

2157 1820 2199 1875 Β
2226 1780 2501 1875 τινα-μηδ.
2528 1782 2675 1875 ‘Reg.
2711 1781 2988 1875 προσώπῳ
3028 1778 3203 1862 tum],
3252 1783 3375 1838 οὔτε
3430 1784 3623 1855 μικρὰ,
3672 1784 3795 1838 οὐτε

2229 1871 2474 1941 μεγάλαο
2524 1871 2669 1938 ἅπαξ
2731 1871 2838 1941 γὰρ
2892 1870 2922 1923 6
2967 1872 3171 1943 ἤκουσε
3212 1873 3304 1926 καὶ
3364 1872 3653 1943 ἐνετάλθη,
3702 1874 3796 1926 ἐκ·

2224 1962 2467 2033 πληροῦν
2487 1962 2924 2016 κατασπεύδεται
2946 1977 2961 1992 ⁸
2996 1963 3238 2027 κίνδυνος
3268 1964 3375 2035 γὰρ
3419 1965 3516 2034 οὐχ
3549 1966 3578 2017 6
3614 1964 3797 2035 τυχὼν

2224 2056 2327 2108 κᾶν
2383 2055 2516 2124 πρὸς
2560 2054 2754 2126 μικρὸν
2798 2052 3234 2108 ἀναϐάλλεσθαιο
3275 2055 3416 2108 οὕτω
3463 2055 3649 2108 τοίνυν
3702 2056 3797 2110 καὶ

2224 2147 2401 2217 πολλῷ
2450 2148 2650 2217 μᾶλλον
2677 2147 2761 2216 ἐφ’
2794 2149 2924 2217 ἡμῖν
2965 2148 3081 2210 τοῖς
3119 2146 3345 2218 λαχοῦσι
3373 2147 3434 2200 τό
3464 2150 3793 2219 ἱερατεύειν,

2225 2234 2430 2304 μείζων
2458 2236 2552 2287 καὶ
2580 2234 2966 2304 όλεθριώτερος
2985 2235 3013 2286 6
3035 2235 3306 2300 κίνδυνος,
3343 2238 3418 2307 μὴ
3444 2237 3797 2310 ἀποπεραιὼ-

2225 2340 2338 2377 σειν
2383 2325 2562 2380 πάντα
2584 2325 2652 2377 τὰ
2691 2325 2779 2377 διὰ
2811 2325 2919 2377 τῶν
2954 2325 3116 2378 θείων
3153 2326 3416 2393 κανόνων,
3456 2330 3552 2381 καὶ
3594 2329 3797 2382 θεσπε-

2225 2415 2353 2468 σίων
2393 2415 2650 2485 Πατέρων
2673 2454 2688 2479 ,
2727 2415 2877 2486 παρὰ
2910 2417 3005 2469 τοῦ
3043 2408 3307 2486 βασιλέως
3351 2418 3459 2472 τῶν
3488 2418 3625 2473 ὅλων
3654 2418 3793 2473 θεοῦ

2223 2503 2695 2575 προστασσόμενα.
2725 2504 2846 2556 Ὅτι
2880 2504 2937 2558 δέ
2978 2508 3307 2578 πρόσταγμα
3349 2508 3516 2573 θεῖον,
3577 2508 3797 2579 πρῶτον

2225 2596 2325 2664 μὲν
2354 2598 2579 2666 φανεροί
2603 2599 2632 2649 6
2661 2596 2980 2661 Ἀπόστολος
2998 2614 3012 2628 ’
3036 2598 3226 2653 ἔπειτα
3255 2601 3310 2653 αί
3338 2598 3612 2664 διατάξεις
3637 2615 3652 2630 ·
3676 2595 3798 2653 εἶτα

2220 2689 2248 2740 6
2275 2689 2656 2758 Χρυσόστομος
2674 2707 2687 2720 ·
2712 2690 3137 2754 κατασκευάζων
3171 2692 3475 2763 ἁμάρτημα
3498 2692 3795 2761 ὁμολογού-

2225 2796 2386 2849 μενον
2403 2776 2543 2835 εἶναι
2566 2782 2629 2835 τὸ
2652 2799 2714 2836 κο
2722 2784 2829 2854 μᾷν
2851 2784 2975 2845 τοὺς
2994 2782 3195 2855 ἄνδρας
3218 2800 3232 2815 ο
3252 2784 3565 2836 τελευταῖον
3587 2785 3616 2836 6
3636 2784 3793 2855 παρὰ

2220 2873 2286 2942 τῇ
2332 2871 2465 2942 ἕκτῃ
2509 2873 2641 2943 ἁγίᾳ
2685 2873 2887 2942 συνόδῳ
2934 2872 3138 2937 κανὼν,
3167 2873 3525 2944 προστάσσων
3558 2860 3797 2945 καὶ-ἀφ-

2221 2964 2447 3034 ορισμὺν
2478 2966 2589 3028 τοῖς
2618 2964 2690 3034 μὴ
2718 2964 3060 3032 πειθομένοις
3088 2979 3101 2993 ο
3122 2964 3181 3017 δν
3214 2965 3308 3017 καὶ
3335 2966 3631 3019 ἀπέστειλα
3658 2983 3675 2997 ⁸
3708 2968 3795 3021 ῖνα

2224 3055 2490 3123 αὐτήκοος
2511 3055 2803 3125 γενομένη,
2838 3055 2993 3125 γνοίη
3021 3056 3186 3127 μηδὲν
3212 3058 3359 3126 ἡμᾶς
3377 3059 3504 3121 τοὺς
3526 3059 3797 3130 ἁμάρτωσι

557 3144 717 3199 nobis
747 3145 959 3197 locutus
982 3154 1083 3210 est,
1120 3160 1227 3198 non
1264 3145 1553 3213 increpans
1578 3144 1703 3213 ;qui
1729 3144 1873 3198 enim
1908 3151 2119 3214 poterat

2225 3145 2348 3207 λοὺς
2380 3146 2745 3209 ἀκανονίστως
2785 3149 2974 3201 ποιεῖν.
3011 3146 3202 3217 Ἡμεῖς
3234 3148 3291 3201 δὲ
3328 3145 3524 3202 τούτου
3568 3150 3663 3204 τοῦ
3699 3169 3798 3204 κα-

558 3244 807 3293 exstante
836 3249 1042 3290 canone
1068 3234 1091 3286 ?
1124 3235 1216 3289 sed
1259 3235 1586 3304 approbans,
1619 3244 1675 3289 et
1700 3235 1926 3289 canonis
1954 3235 2116 3289 etiam

557 3328 892 3383 mentionem
936 3341 966 3381 a
1008 3341 1095 3380 me
1123 3326 1316 3380 factam
1354 3339 1476 3381 esse
1526 3324 1713 3380 dicens
1748 3343 1762 3379 :
1811 3340 2117 3396 quanquam

557 3419 727 3474 auditi
757 3433 865 3473 non
904 3433 1112 3472 sumus.
1142 3417 1339 3472 Verum
1367 3417 1435 3472 de
1463 3416 1872 3487 dispensatione
1899 3416 2118 3486 quidem

559 3512 704 3567 haud
747 3511 878 3566 satis
918 3519 1105 3565 exacte
1134 3509 1275 3579 apud
1312 3509 1489 3579 ipsum
1536 3508 1956 3564 disserebamus.
2010 3508 2120 3563 Nos

555 3619 685 3661 vero
726 3604 993 3658 hactenus
1031 3603 1087 3656 in
1129 3603 1274 3657 hunc
1320 3602 1540 3656 modum
1573 3601 1956 3672 transegimus,
2006 3616 2117 3655 non

553 3697 768 3769 publice
795 3695 962 3752 verba
991 3694 1257 3750 facientes
1293 3710 1308 3759 ;
1333 3694 1459 3764 quia
1487 3693 1726 3763 episcopi
1749 3708 1857 3747 non
1890 3707 2077 3747 sumus
2102 3709 2116 3746 :

553 3790 649 3845 sed
675 3790 728 3843 in
760 3788 973 3858 propria
1004 3786 1243 3841 Ecclesia
1285 3785 1637 3850 excubantes,
1659 3785 1787 3853 quia
1818 3784 2118 3840 sacerdotio

551 3877 849 3948 fungimur,
885 3890 949 3929 ac
985 3873 1139 3930 nefas
1162 3883 1246 3928 est
1265 3888 1463 3944 corpus
1484 3880 1540 3928 et
1563 3874 1879 3944 sanguinem
1903 3873 2114 3930 Domini

551 3966 725 4024 nostri
750 3967 879 4022 Jesu
902 3965 1103 4023 Christi
1134 3966 1362 4036 prodere
1384 3965 1453 4020 iis
1480 3965 1572 4035 qui
1596 3964 1880 4021 manifeste
1914 3967 2116 4021 obstri-

551 4059 622 4114 cti
681 4066 809 4112 sunt
865 4064 1207 4127 peccatozet
1235 4056 1480 4125 quisquis
1530 4055 1621 4111 ille
1666 4058 1755 4120 sit,
1802 4072 1909 4111 non
1968 4059 2112 4124 novi,

551 4147 656 4203 nisi
698 4147 1133 4203 emendationem
1181 4144 1483 4215 promittat.
1528 4145 1818 4200 Enimvero
1848 4146 2031 4200 multis
2060 4155 2115 4201 et

555 4239 883 4293 indulsimus
912 4246 969 4292 et
1015 4234 1356 4307 indulgemus
1394 4235 1461 4289 ad
1490 4251 1654 4289 unam
1699 4250 1869 4305 usque
1901 4245 1957 4291 et
1984 4237 2118 4291 alte-

552 4344 667 4381 ram
692 4326 1173 4382 commonitionem
1199 4325 1283 4380 vel
1308 4325 1470 4379 etiam
1499 4326 1737 4380 tertiam:
1761 4326 1905 4397 quod
1933 4334 2114 4382 autem

551 4423 804 4491 amplius,
853 4421 1199 4491 negligentia,
1236 4430 1290 4473 et
1318 4434 1591 4475 canonum
1631 4424 1967 4492 contemptio
2007 4432 2111 4488 est,

2227 3237 2375 3298 νόνος
2418 3238 2518 3289 οὐκ
2555 3238 2870 3308 ἐπικρατεῖς
2897 3238 2990 3291 νῦν
3023 3240 3348 3310 γεγόναμεν,
3385 3239 3525 3293 ἀλλὰ
3576 3240 3748 3294 πάλαι
3780 3254 3795 3271 ’

2226 3330 2318 3383 καὶ
2355 3330 2593 3398 γνωστὸν
2620 3331 2810 3399 γέγονε
2833 3333 2925 3385 καὶ
2952 3332 3029 3403 τῷ
3053 3334 3498 3404 προηγησαμένῳ
3527 3334 3800 3406 πατριάρ-

2228 3439 2295 3493 χῃ
2314 3440 2328 3455 ·
2360 3422 2484 3474 ἐπεὶ
2516 3423 2611 3475 καὶ
2661 3422 2910 3494 διελέχθη
2944 3424 3103 3495 ἡμῶν
3138 3426 3205 3478 τὰ
3236 3426 3423 3479 εἰκότα
3447 3441 3462 3453 ’
3493 3426 3595 3479 οὐκ
3621 3427 3799 3493 ἐγκα-

2225 3514 2352 3579 λῶν,
2393 3513 2508 3568 ἀλλ’
2547 3514 2941 3585 ἀποδεχόμενος
2970 3531 2984 3545 ·
3023 3516 3141 3579 πῶς
3168 3516 3277 3587 γὰρ
3307 3517 3373 3571 ἂν
3410 3517 3509 3569 καὶ
3538 3516 3798 3584 ἠδύνατο,

2225 3604 2448 3669 κανόνος
2488 3605 2743 3676 κειμένου
2781 3622 2796 3672 ;
2828 3606 3002 3674 λέγων
3026 3623 3088 3659 τε
3135 3608 3218 3660 ὅτι
3243 3607 3431 3674 γέγονε
3460 3607 3632 3676 κάμοὶ
3662 3607 3801 3660 ὐπό-

2229 3716 2426 3769 μνησις
2451 3698 2581 3770 ’περί⁸
2603 3699 2793 3753 τούτου
2811 3714 2826 3728 ⁸
2850 3699 2955 3753 κᾶν
2985 3699 3087 3753 οὐκ
3110 3698 3448 3770 ἠκούσμεθα.
3479 3698 3624 3752 ’Δλλ⁹
3654 3700 3804 3753 ἐκεί-

2226 3808 2300 3860 νῳ
2341 3790 2439 3859 μὲν
2462 3788 2559 3860 τὴν
2587 3787 2896 3858 οἰκονομίαν
2928 3786 3558 3859 οὐκήκριόολογούμεθα
3582 3802 3598 3816 ·
3631 3788 3802 3859 ἡμεῖς

2224 3884 2281 3936 δὲ
2320 3883 2424 3946 ἐως
2467 3881 2563 3935 τοῦ
2600 3880 2696 3935 νῦν
2728 3880 2872 3935 οὕτω
2912 3879 3225 3952 διήλθομεν,
3256 3880 3318 3934 οὐ
3352 3880 3633 3952 δημοσίως
3673 3879 3802 3934 δια-

2224 3972 2541 4043 γορεύοντες
2570 3987 2583 4000 ·
2614 3969 2735 4023 ἐπεὶ
2796 3969 2930 4041 μηδέ
2980 3969 3391 4038 ἐπισκοποῦμεν
3418 3983 3433 3999 ⁸
3500 3971 3561 4023 ἐν
3618 3970 3679 4024 δὲ
3729 3971 3799 4041 τῇ

2222 4063 2398 4134 οἰκεία
2440 4063 2737 4134 Ἐκκλησία
2767 4061 3179 4133 φυλαττόμενοι,
3209 4061 3344 4115 διότι
3392 4059 3756 4131 ίερατεύομεν
3782 4077 3795 4089 ·

2223 4158 2315 4210 καὶ
2335 4155 2596 4226 προέσθαι
2615 4155 2675 4209 τὺ
2700 4153 2859 4226 σῶμα
2883 4155 2976 4209 καὶ
2998 4148 3137 4225 αἷμα
3154 4153 3249 4208 τοῦ
3272 4152 3481 4224 Κυρίου
3497 4154 3531 4223 ἡ
3540 4152 3661 4223 μῶν
3694 4155 3803 4222 Ἰη-

2225 4247 2318 4301 σοῦ
2332 4249 2375 4301 Χ
2389 4247 2569 4320 ριστοῦ
2588 4249 2645 4301 ἐν
2666 4248 2781 4310 τοῖς
2800 4246 3245 4317 ὁμολογουμένως
3269 4246 3671 4316 κρατουμένοις
3706 4244 3801 4311 ὐφ’

2225 4341 2336 4408 ἁμα
2346 4342 2440 4411 ρτή
2450 4341 2699 4411 ματος,οὐ
2707 4358 2737 4409 χ
2750 4334 2864 4392 οἷόν
2880 4341 2939 4392 τέ
2949 4341 3036 4392 ἐστ
3047 4358 3084 4393 ι.
3105 4338 3508 4391 Κᾶνόστιστοῦν
3522 4339 3798 4408 τυγχάνῃ,

2220 4432 2319 4485 οὐκ
2347 4427 2482 4483 οῖδαο
2509 4431 2557 4482 εί
2584 4430 2657 4499 μὴ
2678 4427 3069 4496 ἐπαγγέλλεται
3099 4426 3196 4496 τὴν
3217 4426 3519 4498 διόρθωσιν.
3544 4428 3656 4481 Καὶ
3686 4429 3801 4496 γὰρ

549 4514 637 4569 vel
673 4514 769 4569 Dei
801 4512 983 4582 potius
1011 4527 1040 4565 a
1070 4526 1178 4581 quo
1207 4512 1409 4565 conditi
1438 4523 1585 4567 sunt.
1610 4513 1737 4569 Haec
1763 4525 1844 4570 cst
1873 4516 2116 4571 defensio

2225 4521 2435 4583 πολλοῖς
2461 4522 2554 4573 καὶ
2581 4493 3039 4588 συνεχωρήσαμεν
3054 4493 3608 4587 καὶ-παραχωροῦμεν
3630 4493 3801 4588 μέχρι

549 4613 757 4669 nostra,
792 4602 1038 4665 Domine,
1059 4602 1199 4671 apud
1237 4602 1500 4656 illustrem
1528 4604 1903 4659 excellentiam
1925 4615 2069 4661 tuam
2100 4623 2113 4672 ;

548 4712 710 4766 quam
773 4709 1078 4764 precamur,
1128 4702 1187 4747 ut
1211 4709 1537 4764 quocunque
1600 4695 1741 4750 fama
1791 4698 2113 4765 pervaserit,

551 4798 802 4858 tanquam
835 4788 891 4841 in
914 4788 1085 4843 oculis
1102 4786 1214 4851 Dei,
1251 4802 1281 4839 a
1302 4802 1408 4855 quo
1424 4787 1713 4857 iudicanda
1730 4797 1785 4843 et
1810 4790 2116 4844 mercedem

553 4893 835 4953 receptura
888 4891 994 4944 est,
1036 4881 1416 4936 convenientia
1458 4890 1731 4952 suggerat.
1784 4882 1939 4948 Quod
1968 4883 2115 4939 enim

552 4991 715 5029 manu
744 4985 928 5029 nostra
950 4973 1243 5044 quidquam
1272 4973 1360 5027 hic
1380 4973 1540 5028 alicui
1574 4973 1887 5041 fecerimus,
1928 4976 2124 5031 ridicu-

552 5067 664 5119 lum
712 5074 795 5119 est
824 5065 909 5119 vel
960 5064 1107 5118 credi
1142 5064 1211 5117 ab
1260 5065 1369 5118 ullo
1397 5064 1486 5133 qui
1519 5065 1711 5133 sapiat.
1746 5065 1906 5119 Nullo
1937 5068 2119 5122 modo.

552 5154 656 5211 Sed
685 5155 1048 5225 quodcunque
1076 5155 1303 5223 egimus,
1330 5154 1383 5209 id
1413 5170 1536 5209 cum
1571 5155 1720 5209 omni
1754 5156 2122 5214 obtestatione

552 5246 810 5315 omnique
865 5244 1242 5313 recipientium
1304 5244 1693 5313 approbatione
1746 5254 1956 5316 gestum
2014 5256 2117 5310 est,

554 5348 669 5389 tum
718 5342 775 5388 et
806 5333 1037 5389 crinium
1069 5334 1369 5403 amputatio
1401 5334 1453 5386 in
1494 5334 1560 5388 iis
1593 5334 1686 5403 qui
1720 5337 2114 5405 propemodum

553 5425 770 5496 cingulo
801 5434 958 5479 tenus
1008 5426 1205 5479 comati
1236 5436 1414 5487 erant,
1446 5436 1697 5496 tanquam
1740 5430 2001 5483 socordia:
2020 5430 2116 5485 de-

552 5518 684 5582 diti;
710 5531 779 5571 ne
806 5516 1084 5570 videamur
1116 5516 1199 5570 vel
1232 5517 1497 5570 tantillum
1526 5532 1556 5571 a
1577 5533 1786 5573 canone
1812 5522 2067 5575 recedere
2101 5540 2116 5588 ;

556 5622 725 5677 utque
758 5607 885 5661 hinc
919 5607 1149 5663 fortasse
1179 5608 1355 5677 aliqua
1384 5606 1475 5663 ﬁat
1500 5610 1564 5663 ad
1597 5610 1819 5665 meliora
1855 5611 2117 5666 instaura-

2228 4613 2354 4679 μιᾶς
2380 4609 2476 4663 καὶ
2505 4608 2765 4678 δευτέρας
2794 4608 3175 4677 ὑπομνήσεως,
3209 4608 3242 4677 ἢ
3271 4609 3365 4663 καὶ
3388 4609 3583 4678 τρίτης
3616 4626 3629 4637 ·
3654 4610 3719 4662 τδ
3739 4610 3801 4662 δὲ

2222 4700 2405 4762 πλέον,
2433 4700 2721 4770 ἀδιαφορία
2741 4738 2756 4762 ,
2782 4700 2876 4752 καὶ
2902 4698 3011 4751 τῶν
3059 4699 3298 4753 κανόνων
3339 4699 3759 4771 καταφρόνησις
3782 4740 3799 4763 ,

2229 4790 2429 4860 μᾶλλον
2473 4789 2529 4842 δὲ
2565 4786 2699 4841 Θεοῦ
2720 4828 2735 4854 ,
2766 4789 2893 4858 παρ’
2927 4780 2988 4840 οὗ
3038 4788 3318 4858 ἐδόθησαν.
3350 4788 3503 4860 Αὕτη
3558 4792 3723 4862 ἡμῶν
3764 4794 3800 4860 ή

2222 4878 2509 4947 ἀπολογία,
2538 4878 2792 4942 δέσποτα,
2829 4879 2963 4949 πρὸς
2995 4879 3094 4948 τὴν
3157 4880 3411 4950 ὑπερφυῆ
3448 4898 3541 4934 σου
3592 4883 3803 4957 ὑπεροο

2220 4972 2340 5041 χήν.
2375 4972 2481 5023 Καὶ
2509 4970 2743 5039 δεόμεθα
2775 4971 2942 5041 αὐτῆς
2971 4970 3218 5041 ὅπουπερ
3238 4971 3303 5024 ἂν
3332 4974 3570 5043 ἐπιρρυῇ
3598 4974 3765 5042 λόγος
3784 5017 3801 5042 ,

2218 5063 2286 5116 τὰ
2314 5058 2504 5117 δέοντα
2532 5063 2607 5126 ὡς
2636 5062 2739 5116 ὑπὸ
2767 5063 2902 5116 Θεοῦ
2932 5064 3332 5135 ἀνακρινομένη
3379 5066 3474 5117 καὶ
3515 5066 3804 5135 μισθαπο-

2217 5156 2515 5226 δοτουμένη
2551 5156 2865 5210 ὑποϐαλεῖν.
2886 5158 3027 5226 Περὶ
3057 5157 3164 5228 γάρ
3198 5159 3291 5211 τοῦ
3322 5161 3403 5213 ὅτι
3433 5160 3579 5229 χειρὶ
3605 5161 3806 5230 ἐποιή-

2220 5266 2391 5319 σαμεν
2423 5250 2584 5318 ἡμεῖς
2632 5249 2867 5304 ἐνταῦθά
2892 5268 3021 5314 τινι,
3051 5250 3257 5318 γελοῖόν
3288 5252 3403 5304 ἐστι
3434 5251 3494 5304 τὸ
3525 5254 3800 5307 πιστεύε-

2222 5341 2344 5394 σθαι
2378 5344 2513 5410 πρός
2532 5360 2677 5405 τινος
2706 5341 2816 5396 τῶν
2848 5343 3276 5414 εὐφρονούντων.
3321 5343 3609 5413 Οὐδαμῶς.
3627 5344 3807 5401 Ἀλλὰ

2216 5434 2277 5484 τὸ
2334 5433 2462 5502 παρ’
2495 5432 2652 5504 ἡμῶν
2682 5433 2819 5502 μετὰ
2872 5436 3053 5504 πάσης
3087 5432 3505 5505 παρακλήσεως,
3539 5434 3639 5486 καὶ
3683 5436 3805 5488 τῶν

2218 5524 2667 5594 καταδεχομένων
2700 5526 2835 5594 μετὰ
2861 5525 3044 5596 πάσης
3075 5525 3530 5592 συγκαταθέσεως
3557 5524 3766 5594 γέγονε
3786 5544 3801 5559 ·

2216 5616 2309 5668 καὶ
2336 5616 2456 5669 τότε
2481 5616 2941 5687 ἁκρωτηριασμὸς
2986 5616 3093 5670 τῶν
3126 5617 3568 5687 ὐπερκομὼντων
3605 5618 3806 5688 σχεδὸν

629 5806 675 5838 ⁷⁵
705 5804 726 5860 l
763 5805 885 5860 Cor.
918 5822 990 5871 xi,
1032 5807 1114 5861 14.
1192 5807 1237 5839 ⁷⁸
1269 5807 1454 5863 Const.
1495 5816 1667 5876 apost.
1706 5808 1797 5864 lib.
1831 5824 1868 5877 ι,
1898 5824 2017 5879 cap.
2048 5810 2101 5864 3.
2178 5811 2219 5843 7'
2256 5811 2313 5867 5.
2344 5810 2621 5884 Chrysost.
2655 5815 2707 5869 in
2740 5813 2765 5869 1
2795 5814 2916 5871 Cor.
2995 5815 3038 5847 ⁷⁸
3065 5814 3193 5887 Syn.
3239 5812 3407 5871 Trull.
3437 5831 3560 5871 can.
3597 5818 3686 5871 96.
