3914 6488
161 436 263 500 997

1359 451 1897 514 EPISTOLARUM
1931 456 2077 519 LIB.
2118 459 2168 521 Ι.

3285 471 3388 539 998

164 546 328 616 μέχρι
385 546 626 615 ξώσεως,
659 552 753 604 καὶ
793 552 1360 626 καταδλακευομένων
1393 575 1405 589 ο
1451 559 1538 613 ἵνα
1560 559 1729 623 δόξω-

1834 565 1929 621 tio.
1960 566 2066 622 Ora
2093 582 2240 639 ergo,
2277 569 2515 636 domine,
2542 582 2599 628 ut
2639 573 2790 643 juste
2821 585 2878 632 et
2901 586 3090 648 pacate
3121 594 3221 636 nos
3251 583 3400 638 viva-

163 652 266 705 μεν
294 640 490 708 μικρόν
517 657 569 692 τι
600 639 694 693 τοῦ
721 643 944 706 κανόνος
970 643 1045 715 μὴ
1065 645 1399 701 ἀποπίπτειν
1428 665 1441 678 ο
1479 649 1571 703 καὶ
1601 649 1730 712 ίσως

160 727 226 778 ὲκ
253 725 450 781 τούτου
481 731 703 801 γένηταί
737 752 820 798 τις
848 736 986 805 πρὸς
1011 736 1072 788 τὸ
1101 735 1309 805 βέλτιον
1347 738 1726 807 ὲπαναδρομή.

161 815 338 888 Εΰχου
391 821 591 887 τοίνυν,
622 816 666 876 ὦ
721 825 990 892 δέσποτα,
1024 828 1264 897 ἐννόμως
1301 830 1397 882 καὶ
1435 827 1728 898 εἰρηνικῶς

157 910 310 977 ἡμᾶς
367 910 465 983 ζῇν
488 931 502 946 ο
542 916 868 986 συμϐάλλων
902 919 997 970 καὶ
1038 918 1107 971 τά
1139 924 1271 987 παρ’
1301 919 1494 973 ἑαυτοῦ
1520 921 1578 972 ὲν
1611 920 1724 982 τοῖς

160 1002 480 1076 συμμεθέξῃ
511 1007 545 1076 ἡ
577 1007 734 1076 τιμία
763 1024 857 1062 σου
886 1008 1031 1078 ψυχὴ
1059 1009 1151 1062 τοῦ
1180 1010 1368 1064 καλοῦ.

371 1140 509 1196 KH'.
535 1172 605 1182 —
633 1145 926 1208 Βασιλείᾳ)
974 1143 1296 1213 μονάζοντι
1348 1144 1509 1216 [μζ⁰.]

1837 673 1979 722 mus,
2004 659 2165 714 etiam
2186 676 2305 729 quae
2334 673 2420 715 tua
2451 672 2577 718 sunt
2617 664 2905 722 conferens
2932 667 2986 721 in
3013 671 3214 725 nostris
3235 672 3400 730 rebus

1836 750 2014 818 quoad
2061 761 2215 820 potes
2246 769 2260 806 :
2293 761 2352 806 ut
2378 753 2422 806 si
2451 754 2580 822 quid
2621 755 2722 809 erit
2755 757 2910 823 recti,
2945 760 3222 831 particeps
3248 762 3318 817 sit
3343 772 3400 819 et

1835 841 2013 894 anima
2051 851 2141 894 tua
2183 845 2497 898 reverenda.

1833 933 1957 986 καθ’
2013 934 2159 1004 ἡμᾶς
2207 936 2347 989 κατὰ
2403 937 2464 990 τὸ
2509 937 2761 992 δυνατόν·
2796 938 2883 993 ἵνα
2931 940 3025 994 ἐάν
3075 958 3127 996 τι
3159 942 3388 1012 ἀγαθὸν,

2185 1137 2422 1193 XXVIII.
2455 1169 2520 1178 —
2547 1139 2747 1195 Basilio
2775 1143 3044 1198 monacho.

1144 1260 1331 1323 Purgat
1348 1275 1404 1310 se
1427 1264 1489 1312 de
1512 1264 1791 1312 schismate.
1827 1261 2022 1324 (Baron.
2045 1270 2123 1306 an.
2148 1255 2258 1314 808,
2278 1271 2330 1305 n.
2351 1253 2450 1317 26.)

239 1365 578 1436 Ἐδεξάμεθά
609 1383 702 1420 σου
728 1367 797 1422 τὰ
818 1369 1122 1437 γράμματα
1149 1370 1248 1439 τῆς
1272 1370 1565 1440 ἀδελφικῆς
1598 1371 1736 1439 ἀγά-

156 1473 292 1526 πης,
329 1459 421 1510 καὶ
478 1458 870 1528 ἐθαυμάσαμεν
899 1460 993 1512 ἐπὶ
1030 1462 1096 1530 τῇ
1125 1460 1299 1532 ἀθρόα
1327 1463 1598 1533 μεταϐολῇ
1637 1464 1730 1515 αὺ-

159 1550 282 1617 τῆς.
315 1549 397 1602 Τὰ
425 1548 523 1618 μὲν
547 1549 788 1620 πρότερα
816 1550 926 1620 (ἵνα
954 1550 1022 1604 τά
1043 1550 1177 1604 ἄλλα
1208 1552 1354 1604 ἐάσω
1376 1552 1598 1622 λέγειν),
1631 1553 1732 1605 οὐκ

155 1639 442 1705 ἀναγκαῖα
480 1638 608 1692 ὄντα
663 1639 804 1693 κατὰ
848 1640 908 1693 τὸ
936 1641 1363 1712 παριστάμενον·
1409 1643 1607 1713 Ἰωσὴφ
1633 1643 1728 1697 τοῦ

155 1725 443 1795 οἰκονόμου
473 1727 807 1797 κατηγορίαν
845 1723 1011 1798 εῐχον,
1039 1729 1112 1792 ὼς
1157 1729 1349 1791 κακῶς
1397 1729 1730 1794 εἰσελθόντος

155 1818 324 1872 αὑτοῦ
353 1819 434 1881 εἰς
461 1818 560 1890 τὴν
600 1819 947 1891 Ἐκκλησίαν.
984 1818 1065 1873 Τὰ
1083 1819 1140 1873 δὲ
1169 1820 1398 1890 δεύτερα
1417 1821 1730 1877 τούναντίον

159 1909 413 1962 ἀθώωσιν
464 1909 801 1979 ἐμφαίνοντα
849 1910 1188 1964 παντάπασι.
1220 1912 1329 1965 Καὶ
1375 1913 1402 1964 ό
1432 1910 1522 1964 τὸν
1569 1912 1729 1966 αὐτὸν

158 1999 303 2052 κατά
337 2000 401 2052 τὸ
442 2001 572 2054 αὐτὸ
608 2003 863 2071 πρᾶγμα,
893 2002 1022 2055 ποτὲ
1077 2003 1179 2072 μὲν
1209 2001 1468 2066 ἐπαινῶν,
1501 2003 1630 2054 ποτὲ
1669 2002 1728 2055 δὲ

152 2092 341 2158 ψέγων
372 2107 386 2120 ο
428 2091 457 2142 ὃ
503 2107 556 2143 τι
607 2090 754 2159 λέγει
792 2107 874 2154 τις
907 2090 1016 2142 τῶν
1044 2091 1234 2158 ἀγίων,
1258 2088 1545 2157 γινώσκειν
1575 2090 1725 2158 ὀφεί-

154 2183 236 2234 λει
260 2182 296 2251 ἡ
330 2182 610 2236 θεοσέϐειά
637 2199 750 2237 σου.
793 2181 939 2237 Ἀλλ’
964 2181 1104 2233 ἔστω
1133 2181 1288 2233 τοῦτο
1306 2183 1384 2243 είς
1407 2181 1576 2246 οὐδὲν,
1610 2180 1728 2234 καί-

152 2290 260 2344 περ
287 2273 694 2340 ὲναντιολογίας
719 2272 780 2324 ὃν
798 2273 1038 2341 ὄφλημα.
1072 2271 1138 2323 Τί
1174 2271 1230 2323 δὲ
1256 2272 1337 2326 ὃτι
1363 2271 1534 2336 οὕτως
1566 2273 1728 2344 ἀκρί-

151 2381 262 2427 τως
300 2364 610 2435 προήχθης,
644 2364 776 2432 πρὶν
827 2362 1182 2433 ἐξεταστικῆς
1213 2363 1308 2416 καὶ
1341 2365 1726 2434 μαθηματικῆς

151 2456 355 2525 πείρας
393 2454 781 2524 ἀποφήνασθαι
817 2453 959 2507 κατά
991 2455 1092 2525 τῆς
1138 2453 1523 2518 ταπεινώσεως
1566 2454 1725 2526 ἡμῶν

150 2546 584 2614 ἀποσχοινισμδν
639 2548 738 2614 τῆς
779 2543 901 2598 καθ’
931 2548 1080 2616 ἡμᾶς
1114 2547 1468 2617 Ἑκκλησίας,
1502 2549 1596 2601 καὶ
1639 2549 1726 2601 διὰ

146 2636 310 2689 τοῦτο
368 2637 818 2705 ἀναθεματισμόν
849 2652 864 2700 ;
898 2639 1167 2705 Πρόσεχε
1206 2636 1465 2702 σεαυτῷ,
1500 2638 1668 2707 φησιν
1697 2637 1724 2689 ὁ

145 2727 326 2797 λόγος·
353 2729 473 2793 καὶ,
507 2728 654 2796 Πρὶν
694 2727 1022 2794 ἐξετάσεις,
1048 2728 1134 2797 μὴ
1156 2728 1388 2798 μέμψῃ·
1417 2729 1531 2792 καὶ,
1559 2727 1723 2795 Πρῶ-

147 2835 256 2872 τον
325 2821 576 2884 νόησον,
607 2818 708 2870 καί
771 2821 906 2872 τότε
945 2819 1206 2888 ἐπιτίμα.
1245 2819 1391 2888 Αὐτὴ
1449 2819 1502 2870 δὲ
1563 2819 1724 2888 μηδὲν

146 2912 359 2962 τούτων
409 2910 889 2978 παρατηρήσασα,
953 2910 1089 2980 μηδὲ
1153 2910 1586 2980 ὕπολογισαμένη
1641 2912 1723 2963 ὅτι

147 2999 414 3069 πρόσεστι
447 2999 542 3051 καὶ
571 3001 701 3068 ἡμῖν
728 3001 944 3064 πάντως
969 3000 1031 3054 τὸ
1060 3002 1204 3055 κατὰ
1235 3002 1390 3070 λόγον
1418 3001 1596 3068 λέγειν
1629 3001 1724 3053 καὶ

149 3090 418 3160 πράττειν
441 3105 455 3116 ·
475 3087 650 3152 οὕτως
671 3089 747 3154 ὠς
770 3091 1116 3154 ἀπαιδεύτοις
1139 3093 1234 3145 καὶ
1261 3093 1474 3159 ἀλόγοις
1498 3093 1591 3145 καὶ
1625 3093 1723 3161 ἀρ·-

1833 3092 2030 3146 tirones
2078 3107 2141 3148 ae
2191 3091 2443 3152 novitios.
2493 3091 2785 3160 increpasti
2836 3109 2849 3144 :

145 3179 459 3247 τιγεύστοις
487 3179 587 3248 τῆς
613 3183 905 3251 μοναδικῆς
927 3181 1220 3244 πολιτείας,
1245 3183 1338 3235 καὶ
1352 3185 1408 3235 ὲν
1431 3183 1731 3254 μαθητευο-

152 3271 336 3338 μένοις
352 3270 600 3324 τελοῦσιν
632 3273 997 3343 ἐπετίμησας·
1022 3275 1114 3326 καὶ
1135 3275 1193 3326 οὐ
1216 3273 1374 3342 μόνον
1390 3275 1568 3340 τοῦτο,
1596 3276 1732 3329 ἀλλά

148 3363 244 3415 καὶ
275 3362 622 3431 ἐπέπληξας.
647 3365 758 3416 Καὶ
805 3363 921 3418 είθε
949 3365 1108 3418 τοῦτο
1133 3384 1144 3394 ·
1169 3366 1306 3419 ἀλλά
1334 3368 1430 3420 καὶ
1451 3368 1613 3420 ἀναθε
1625 3385 1729 3435 μα-

147 3452 330 3523 τισμῷ
353 3453 741 3523 παρέπεμψας.
767 3455 879 3508 Καὶ
895 3454 996 3524 φεῦ
1024 3455 1093 3508 τὰ
1120 3456 1228 3508 τῶν
1255 3456 1576 3525 ἀνθρώπωνι
1611 3455 1730 3519 Πῶς

149 3543 248 3593 οὐκ
278 3544 374 3593 ἐπὶ
408 3543 544 3596 πολὺ
560 3542 847 3606 διασώζεις
883 3544 1010 3607 τοὺς
1036 3547 1137 3614 τῆς
1159 3544 1340 3612 φιλίας
1363 3546 1733 3613 ὄρουςὰμετα-

152 3634 452 3703 κινήτουςς
485 3636 533 3687 εί
584 3634 692 3705 γάρ
733 3635 894 3688 τοῦτο
941 3635 1156 3706 ὑπῆρχε
1202 3639 1266 3706 τῇ
1320 3634 1594 3712 τιμιότητί
1639 3651 1730 3687 σου

152 3724 482 3794 ἀκραιφνὲς,
517 3727 619 3778 οὐκ
648 3724 714 3778 ἂν
743 3726 918 3789 οὕτως
969 3726 1300 3795 ἀπροόπτως
1332 3725 1431 3795 τὴν
1453 3725 1732 3779 εὐτέλειαν

150 3814 310 3884 ἡμῶν
342 3817 758 3884 κατεκερτόμει.
789 3816 936 3885 Πλὴν
963 3815 1104 3879 ἄξιοι
1155 3815 1264 3868 τῶν
1309 3816 1574 3871 τοιούτων
1596 3833 1610 3848 ·
1639 3818 1734 3870 καὶ

149 3903 207 3956 οὺ
247 3903 571 3974 θαυμαστὸν
629 3906 677 3956 εί
722 3904 818 3956 καὶ
890 3904 994 3957 ὑπὸ
1064 3905 1165 3974 τῆς
1229 3906 1410 3976 φιλίας
1467 3924 1557 3960 σου
1599 3925 1733 3978 προ-

152 3993 602 4066 πηλακιζόμεθα.
647 3993 841 4064 Ἡμεῖς
884 3994 943 4048 δὲ
972 3999 1001 4049 ὃ
1031 3997 1203 4067 ἐσμεν
1227 4038 1242 4063 ,
1274 3997 1392 4068 Θεῷ
1423 3999 1522 4067 μὲν
1554 4016 1733 4067 πεφα-

152 4085 484 4157 νερώμεθα·
517 4085 726 4139 δίκαιον
776 4085 834 4139 δὲ
898 4088 996 4141 καὶ
1048 4090 1118 4158 τῇ
1170 4089 1386 4142 συνέσει
1446 4106 1561 4151 σου,
1598 4090 1736 4144 ὲπάν

151 4178 474 4251 προσκόπτῃ
488 4178 579 4231 καὶ
596 4177 1040 4248 σκανδαλίζηται,
1059 4180 1412 4250 ὲπιδηλῶσαι.
1435 4181 1550 4234 Οὐκ
1570 4181 1736 4252 ἐσμὲν

152 4271 501 4341 ἀποσχισταὶ,
534 4265 580 4326 ὧ
619 4270 909 4342 θαυμάσιε,
935 4272 1036 4342 τῆς
1068 4271 1160 4325 τοῦ
1191 4272 1326 4325 Θεοῦ
1375 4271 1695 4344 Ἐκκλησίας
1716 4289 1732 4304 ·

1908 1366 2228 1436 Accepimus
2249 1364 2455 1418 litteras
2490 1362 2743 1418 fraternae
2772 1373 2878 1418 tua:
2905 1364 3203 1429 charitatis,
3228 1365 3363 1429 mira

1837 1457 1984 1525 tique
2004 1469 2196 1510 sumus
2219 1453 2556 1522 repentinam
2579 1453 2698 1521 ejus
2718 1453 3094 1506 mutationem.
3119 1451 3396 1509 Prioribus

1833 1546 2103 1616 siquidem
2133 1545 2334 1607 verbis,
2375 1553 2435 1599 ut
2461 1553 2653 1598 cetera
2683 1544 2867 1596 sileam
2902 1559 3020 1612 quae
3048 1543 3113 1597 ad
3139 1558 3252 1598 rem
3293 1545 3396 1598 mi-

1833 1654 1940 1694 nus
1965 1636 2292 1700 necessaria,
2312 1635 2605 1705 Josepbum
2630 1649 2969 1689 (economum
2991 1636 3305 1700 aecusabas,
3332 1646 3398 1691 ut

1831 1730 1922 1801 qui
1943 1743 2223 1800 perperam
2245 1728 2314 1782 sit
2336 1727 2612 1798 ingressus
2640 1725 2693 1779 in
2716 1725 3033 1779 Eeclesiam.
3064 1726 3394 1781 Posteriori-

1830 1821 1932 1875 bus
1965 1820 2123 1890 plane
2159 1820 2505 1874 innocentem
2534 1817 2877 1872 ostendebas.
2916 1817 2984 1871 Et
3011 1817 3102 1886 qui
3142 1818 3392 1873 eumdem

1830 1910 1885 1965 in
1915 1911 2100 1965 eadem
2121 1924 2180 1964 re
2210 1922 2357 1963 nunc
2377 1908 2587 1972 laudas,
2626 1921 2772 1962 nunc
2817 1907 3090 1976 vituperas
3125 1923 3141 1971 ;
3182 1908 3327 1977 quod
3361 1912 3393 1963 a

1828 2001 2062 2070 quodam
2107 2010 2419 2055 sanctorum
2462 1999 2664 2054 dictum
2715 2007 2819 2062 est,
2853 1999 2991 2052 scire
3030 1998 3191 2052 debet
3220 1999 3395 2068 pietas

1830 2101 1942 2145 tua.
1994 2091 2102 2146 Sed
2150 2105 2250 2159 pro
2279 2089 2450 2143 nihilo
2481 2088 2535 2142 id
2575 2088 2857 2151 habeatur,
2909 2087 3155 2156 quamvis
3209 2097 3393 2158 aperta

1828 2183 1899 2237 sit
1940 2181 2317 2236 contradictio.
2373 2179 2541 2245 Quale
2587 2193 2717 2234 vero
2746 2179 2875 2232 illud
2915 2187 3018 2243 est,
3069 2177 3212 2247 quod
3258 2177 3396 2232 adeo

1827 2273 2223 2328 inconsiderate
2249 2279 2536 2340 provectus
2564 2284 2642 2334 es,
2667 2278 2745 2333 ut,
2771 2269 3084 2337 priusquam
3115 2269 3394 2322 examina-

1825 2379 1914 2417 res
1960 2372 2015 2417 et
2070 2370 2255 2416 exacte
2303 2375 2678 2431 cognosceres,
2728 2360 2988 2414 adversus
3033 2359 3393 2414 humilitatem

1826 2465 2067 2509 nostram
2121 2452 2556 2522 pronuntiaveris
2608 2451 2995 2505 discessionem
3037 2452 3104 2505 ab
3152 2449 3393 2505 Ecclesia

1825 2551 2028 2608 nostra,
2062 2558 2124 2596 ac
2154 2542 2381 2611 proinde
2424 2539 2986 2595 auathematismum?
3035 2541 3252 2595 Attende
3304 2540 3398 2595 tibi

1827 2637 1930 2703 ipsi
1960 2636 2028 2701 ⁷³,
2063 2634 2139 2687 ait
2168 2633 2443 2702 Scriptura
2469 2649 2484 2698 ;
2515 2641 2571 2687 et
2597 2650 2610 2686 :
2649 2630 2969 2700 Priusquam
3000 2633 3304 2702 interroges,
3333 2649 3397 2686 ne

1823 2728 2120 2795 vituperes;
2162 2733 2219 2780 et
2254 2724 2493 2778 Primum
2543 2740 2804 2793 cognosce,
2849 2732 2957 2775 tum
3003 2725 3205 2791 corripe
3222 2725 3286 2776 ⁸ο.
3313 2722 3395 2777 Tu

1824 2833 1955 2872 vero
1988 2817 2125 2870 nihil
2161 2817 2358 2870 horum
2397 2815 2714 2879 observans,
2760 2829 2862 2869 nec
2883 2815 3125 2885 cogitans
3156 2831 3314 2885 posse
3341 2824 3398 2871 et

1823 2923 1925 2961 nos
1956 2923 2019 2961 ex
2050 2908 2259 2960 ratione
2286 2921 2443 2976 agere
2469 2921 2532 2961 ac
2555 2905 2702 2976 loqui
2737 2923 2751 2971 ;
2776 2907 2856 2961 sic
2883 2916 3136 2976 tanquam
3169 2907 3397 2976 imperi-

1827 3006 1932 3063 tos,
1966 3012 2030 3052 ac
2074 2998 2305 3053 rationis
2337 3008 2608 3069 expertes,
2643 3007 2896 3068 tanquam
2927 2999 3054 3052 vitae
3084 2999 3398 3055 monasticae

2903 3106 3005 3147 nec
3057 3091 3160 3146 hoc
3197 3092 3394 3158 solum,

1832 3181 1928 3237 sed
1973 3182 2166 3236 durius
2214 3181 2529 3252 objurgasti.
2590 3183 2765 3251 Atque
2810 3183 3014 3237 utinam
3072 3183 3175 3237 hoc
3222 3183 3398 3239 solum

1830 3273 2077 3342 egissesl
2123 3272 2429 3337 Quinetiam
2473 3272 2804 3326 anathemati
2872 3273 3159 3328 devovisti.
3215 3272 3260 3328 Ο
3309 3289 3399 3329 res

1832 3364 2100 3419 humanas
2135 3367 2147 3418 ι
2186 3374 2242 3418 et
2270 3364 2541 3433 quomodo
2585 3365 2758 3432 major
2803 3365 2898 3419 tibi
2950 3381 3079 3420 cura
3127 3381 3237 3421 non
3298 3365 3400 3423 fuit

1832 3455 2081 3509 amicitiae
2104 3454 2225 3523 jura
2252 3456 2649 3509 conservandi?
2679 3455 2804 3510 Haec
2841 3457 2985 3511 enim
3014 3457 3056 3511 si
3086 3467 3272 3512 sancte
3302 3472 3399 3513 co-

1832 3545 1966 3599 leret
1993 3547 2294 3600 reverentia
2329 3553 2438 3611 tua,
2470 3562 2744 3615 nunquam
2775 3548 2851 3602 sic
2876 3563 2941 3602 ex
2965 3549 3192 3617 abrupto
3216 3547 3401 3602 tenui-

1835 3645 1999 3691 tatem
2049 3645 2291 3692 nostram
2335 3638 2704 3706 proseidisset.
2743 3637 2942 3692 Verum
2982 3638 3067 3693 his
3124 3653 3222 3693 nos
3248 3638 3399 3710 digni

1833 3744 2022 3784 sumus
2047 3747 2058 3782 :
2079 3743 2179 3783 nec
2197 3728 2502 3782 mirandum
2524 3730 2569 3782 si
2588 3730 2656 3783 ab
2684 3729 2918 3783 amicitia
2941 3729 3103 3784 etiam
3123 3736 3212 3783 tua
3231 3729 3402 3785 Iaces-

1835 3821 2022 3875 simur.
2042 3821 2308 3874 Caeterum
2330 3820 2421 3890 qui
2441 3821 2629 3886 simus,
2651 3819 2762 3875 Deo
2782 3820 3001 3890 quidem
3023 3821 3397 3876 iunotuimus:

1834 3927 2049 3980 aequum
2071 3921 2251 3966 autem
2281 3923 2335 3965 et
2363 3911 2666 3980 prudentiae
2695 3921 2817 3978 tuae,
2855 3913 3289 3980 quandoquidem
3319 3913 3402 3968 of-

1835 3998 2076 4054 fenditur
2103 4009 2159 4054 et
2186 3999 2600 4064 scandalizatur,
2630 4000 2860 4070 aperire.
2886 3999 3005 4055 Non
3044 4016 3233 4055 sumus
3263 4016 3398 4071 apo-

1837 4090 2073 4153 schistze,
2099 4091 2183 4145 vir
2212 4090 2430 4158 eximie,
2459 4091 2527 4145 ab
2555 4089 2792 4146 Ecclesia
2824 4090 2916 4146 Dei
2949 4108 2963 4156 ;
2995 4091 3136 4146 absit
3159 4102 3216 4145 ut
3242 4091 3402 4147 nobis

1838 4180 1943 4234 hoc
1985 4180 2232 4235 eveniat!
2267 4180 2373 4236 Sed
2426 4183 2672 4250 quamvis
2713 4181 2832 4235 aliis
2881 4183 3118 4250 peccatis
3156 4182 3402 4251 plurimis

1837 4271 2080 4326 obstricti
2139 4271 2328 4338 simus,
2389 4281 2626 4326 attamen
2679 4272 2837 4327 unius
2869 4288 2991 4326 cum
3033 4273 3118 4327 illa
3160 4273 3402 4344 corporis

158 4365 368 4434 μήποτε
390 4364 547 4417 τοῦτο
576 4364 868 4435 πάθοιμενο
902 4366 1016 4419 ἀλλ’
1048 4367 1097 4418 εί
1120 4358 1408 4428 καὶᾶλλως
1434 4369 1490 4418 ὲν
1525 4366 1729 4429 πολλοῖς

1839 4378 2047 4428 sumus,
2085 4365 2311 4435 ejusque
2358 4366 2560 4420 alumni
2606 4377 2658 4421 et
2702 4367 3006 4422 divinorum
3047 4368 3404 4422 documento-

163 4456 531 4526 ἁμαρτήμασι
559 4455 934 4525 τυγχάνομεν.
989 4456 1186 4526 ἴΟμως
1232 4457 1516 4526 όμόσωμοι
1563 4457 1730 4525 αὐτῆς

158 4544 249 4596 καὶ
267 4545 528 4613 τρόφιμοι
548 4546 683 4612 μετὰ
699 4545 806 4597 τῶν
822 4547 979 4599 θείων
993 4547 1297 4616 δογμάτων·
1323 4549 1556 4612 καὶτοὺς
1573 4550 1734 4601 κανό-

159 4650 252 4695 νας
277 4634 451 4702 αὐτῆς
475 4635 570 4687 καὶ
599 4634 960 4698 διατυπώσεις
979 4637 1279 4707 γλιχόμεθα
1307 4638 1696 4704 φυλάττεσθαι.

223 4724 298 4777 Τὸ
329 4725 389 4776 δὲ
433 4726 718 4792 ταράττειν
750 4726 844 4778 καὶ
891 4727 1210 4796 ἀποσχίζειν
1255 4730 1349 4782 ἀπ’
1397 4729 1595 4799 αὐτῆς,
1631 4730 1731 4801 τὴν

165 4815 436 4884 μηδεμίαν
464 4815 695 4884 ἑκούσης
723 4816 939 4886 ἀληθῶς
985 4818 1234 4887 κηλῖδαῆ
1283 4820 1468 4890 ῥυτίδα
1500 4822 1642 4875 κατά
1673 4838 1732 4874 τε

161 4904 250 4957 τὸν
284 4905 385 4974 τῆς
421 4904 659 4968 πίστεως
703 4906 881 4975 λόγον,
915 4909 1009 4961 καὶ
1056 4909 1146 4962 τὸν
1174 4910 1284 4962 τῶν
1314 4912 1556 4965 κανόνων
1584 4913 1729 4982 ὅρον,

162 4996 257 5047 ἀπ’
287 4996 466 5066 ἀρχῆς
517 4996 710 5061 αίῶνος
761 5002 856 5051 καὶ
909 4999 1071 5069 μέχρι
1121 5000 1215 5053 τοῦ
1271 5001 1454 5072 δεῦρο,
1510 5003 1733 5057 ἐκείνων

161 5086 327 5150 ἐστὶν,
357 5081 434 5140 ὧν
467 5088 500 5157 ἡ
534 5087 717 5151 πίστις
747 5090 805 5141 τὸ
838 5090 1226 5160 ὲνδιάστροφον
1253 5091 1387 5161 ἔχει,
1420 5093 1510 5144 καὶ
1547 5095 1575 5146 ὁ
1621 5093 1733 5162 βίος

159 5178 218 5229 τὸ
247 5179 601 5232 ἀκανόνιστον
623 5181 719 5232 καὶ
750 5179 988 5248 ἄθεσμον
1018 5196 1031 5210 ⁸
1067 5174 1142 5234 ὧν
1173 5176 1256 5244 εἷς
1291 5183 1408 5234 ἐστι
1437 5183 1530 5235 καὶ
1555 5185 1582 5236 ὁ
1619 5182 1734 5236 Ἰω-

163 5268 322 5337 σηφό
375 5270 469 5322 τὸν
521 5270 708 5340 μοιχὸν
764 5271 1162 5340 στεφανώσας·
1215 5273 1269 5325 οἴ
1317 5290 1378 5325 τε
1425 5274 1602 5340 τούτῳ
1656 5274 1733 5336 ὡς

163 5358 440 5429 ἀμέμπτῳ
489 5359 806 5429 ἀνεχόμενοι
852 5360 1314 5432 συλλειτουργεῐν,
1349 5368 1445 5416 καὶ
1494 5364 1600 5432 μὴν
1639 5363 1734 5416 καὶ

165 5453 214 5503 οἱ
247 5452 606 5515 συνιστῶντες
633 5453 794 5506 αὑτὸν
832 5453 906 5516 ῶς
946 5453 1136 5518 ἀθὼως
1167 5453 1577 5525 ἱερουργοῦντα.
1611 5454 1734 5517 Πῶς

168 5546 271 5616 γὰρ
327 5546 630 5608 κανονικῶς
671 5547 803 5616 ἡμῖν
853 5547 1145 5616 γράφουσα
1171 5547 1483 5617 ήεῦλάδειά
1529 5565 1646 5616 σου,
1673 5548 1731 5600 οὐ

174 5637 289 5698 τοὺς
319 5636 498 5699 θείους
523 5636 756 5700 κανόνας
784 5637 1101 5702 ἐπίσταται,
1129 5639 1214 5691 ὅτι
1243 5639 1362 5691 κατ’
1392 5639 1588 5701 αὐτοὺς
1637 5656 1755 5692 xum

172 5725 474 5799 θηρημένος
522 5728 723 5780 ἐστὶνό
775 5729 958 5799 ἀνήρ;
997 5729 1043 5780 εἰ
1092 5730 1200 5800 γάρ
1251 5732 1330 5792 εἰς
1377 5729 1734 5799 διγαμοῦντος

239 5840 333 5894 "I
373 5840 516 5895 Tim.
547 5855 620 5903 tv,
655 5841 739 5894 16.
816 5843 859 5875 ⁸ο
891 5841 1061 5896 Eeeli.
1093 5857 1166 5907 xu,
1197 5841 1251 5893 7.

1761 4425 1813 4484 D

1841 4471 1958 4509 rum
1990 4473 2004 4520 ;
2040 4465 2093 4511 et
2122 4471 2359 4512 canones
2388 4458 2508 4528 ejus
2536 4467 2590 4514 et
2613 4459 3032 4514 constitutiones
3054 4473 3270 4514 servare
3303 4474 3404 4514 cu-

1834 4562 2034 4615 pimus.

1905 4726 2148 4781 Turbare
2188 4737 2368 4781 autem
2399 4736 2453 4782 et
2480 4727 2548 4782 ab
2577 4726 2666 4780 illa
2699 4727 2908 4797 sejungi
2936 4767 2950 4791 ,
2978 4741 3099 4796 qua:
3137 4725 3402 4781 maculam

1835 4832 2024 4872 revera
2068 4817 2270 4871 nullam
2293 4817 2474 4880 habet,
2503 4831 2679 4884 neque
2706 4832 2913 4888 rugam,
2935 4824 3047 4871 tum
3075 4816 3130 4870 in
3171 4816 3293 4871 ﬁdei
3317 4832 3405 4871 ra-

1835 4909 2002 4975 tione,
2029 4917 2141 4960 tum
2170 4907 2224 4961 in
2247 4922 2513 4961 canonum
2541 4907 2839 4972 sanctione,
2870 4907 2938 4961 ab
2975 4906 3123 4961 omni
3159 4921 3274 4962 aevo
3308 4922 3404 4960 us-

1833 5015 1937 5069 que
1966 5000 2032 5054 ad
2056 5009 2294 5054 nostram
2321 5000 2658 5064 memoriam,
2679 5015 2865 5055 eorum
2893 5009 2976 5054 est
2995 5014 3224 5068 quorum
3269 4998 3405 5054 ﬁdes

1835 5101 2200 5146 transversum
2249 5094 2446 5162 agitur,
2478 5101 2532 5146 et
2562 5092 2671 5146 vita
2723 5094 2876 5147 exlex
2907 5100 2962 5145 et
3013 5092 3130 5145 sine
3174 5092 3353 5163 regula
3383 5110 3398 5148 :

1835 5198 2066 5253 quorum
2101 5198 2165 5237 ex
2198 5198 2428 5237 numero
2455 5182 2652 5252 Joseph
2699 5183 2789 5236 ille
2828 5182 2918 5250 qui
2970 5181 3273 5237 adulterum
3313 5199 3405 5239 co-

1836 5273 2046 5329 ronavit
2072 5293 2085 5328 :
2111 5283 2164 5328 et
2187 5274 2279 5343 qui
2308 5289 2430 5328 cum
2460 5288 2526 5329 eo
2546 5283 2798 5342 tanquam
2821 5272 3042 5326 innoxio
3067 5272 3264 5327 otIerre
3293 5288 3404 5327 non

1835 5365 2098 5430 dubitant,
2126 5366 2326 5434 quique
2354 5365 2489 5419 adeo
2510 5365 2658 5417 illum
2693 5362 2993 5418 defendunt
3018 5372 3078 5417 ut
3100 5364 3216 5418 sine
3243 5364 3402 5434 culpa

1835 5457 2248 5512 sacriﬁcantem.
2307 5457 2588 5522 Quomodo
2631 5453 2800 5518 enim,
2855 5455 2899 5512 si
2918 5454 3179 5509 canonice
3209 5453 3276 5508 ad
3300 5470 3403 5510 nos

1836 5549 2022 5603 scribit
2043 5549 2213 5618 pietas
2248 5557 2357 5613 tua,
2382 5547 2594 5601 divinos
2629 5561 2866 5600 canones
2900 5546 3131 5614 ignorat,
3164 5555 3219 5601 et
3258 5547 3403 5615 quod

1833 5642 1981 5710 juxta
2015 5641 2133 5696 illos
2159 5640 2436 5710 depositus
2486 5637 2569 5692 vir
2604 5638 2766 5693 fuerit
2793 5639 2815 5691 ?
2839 5635 2971 5691 Nam
3029 5638 3072 5692 si
3117 5638 3172 5692 in
3205 5638 3404 5706 digami

1836 5733 2042 5801 nuptiis
2110 5731 2316 5802 epulari
2374 5730 2745 5800 presbyterum
2780 5739 2964 5784 vetant
2996 5747 3008 5784 :
3038 5730 3165 5800 quid
3196 5730 3250 5784 in
3281 5743 3404 5783 eum
