3914 6450
469 395 576 459 999

1654 393 1715 452 S.
1753 388 2150 451 THEODORI
2192 387 2539 449 STUDITzﬁ

3606 386 3738 449 1000

471 506 564 577 qui
595 503 871 576 digamum
889 503 1211 561 coronavit?
1241 502 1405 571 Quid,
1434 505 1487 558 in
1514 502 1835 559 adulterinis
1857 500 2064 572 nuptiis
2094 516 2108 565 λ

2213 503 2344 572 ἀμον
2395 501 2495 555 οὐκ
2542 498 2674 553 ἐῶσι
2734 497 2825 552 τὸν
2873 498 3243 571 πρεσϐύτερον
3294 496 3616 566 έστιαθῆναι
3645 516 3657 525 ·
3693 500 3741 547 τί

474 597 693 669 triginta
722 605 863 652 totos
879 596 997 653 dies
1025 596 1509 666 convivari?quid,
1537 595 1681 666 quod
1710 595 2071 666 perniciosius

476 699 600 758 est,
654 689 817 745 etiam
874 704 1140 746 coronare
1193 706 1317 745 eum
1355 691 1445 760 qui
1476 704 1545 744 ex
1587 688 1823 744 Domini
1851 696 2073 742 senten—

478 782 553 835 tia
585 780 658 836 sit
706 780 918 836 adulter
945 781 968 834 ?
1001 796 1185 836 sacras
1226 780 1283 835 in
1313 779 1566 851 conjugio
1620 793 1811 849 preces
1841 776 2073 831 recitare

480 873 737 928 adulterii
764 872 1156 942 copulatorem,
1186 880 1237 927 et
1258 871 1497 926 divinam
1521 870 1748 941 gratiam
1782 868 1947 939 impie
1974 882 2075 937 pro

483 962 661 1033 impiis
730 962 1044 1019 invocare?
1103 962 1503 1027 Exsecraudus,
1573 959 1819 1031 profecto
1854 1001 1869 1022 ,
1920 958 2075 1027 juxta

484 1071 745 1126 magnum
812 1054 1124 1128 Dionysium
1158 1095 1174 1120 ,
1219 1055 1329 1110 Deo
1408 1062 1493 1109 est
1546 1050 1915 1122 proianusque
1981 1042 2076 1118 qui

486 1147 609 1204 haec
666 1147 816 1204 facit.
889 1147 1369 1218 Supervacaneum
1449 1143 1615 1199 fuerit
1664 1142 1799 1198 alios
1845 1142 1902 1195 in
1951 1154 2077 1195 eum

487 1256 732 1297 canones
798 1240 1063 1312 proferre.
1128 1240 1285 1307 Quod
1352 1255 1483 1295 vero
1543 1254 1611 1294 ex
1681 1253 1790 1308 quo
1858 1235 2077 1305 deposi-

490 1342 580 1388 tus
644 1349 675 1388 a
735 1333 1084 1404 praecedente
1152 1332 1462 1403 patriarcha
1511 1330 1669 1395 fuit,
1730 1342 1927 1384 novem
1979 1341 2081 1381 an-

489 1438 686 1479 norum
739 1424 976 1494 spatium
1023 1423 1377 1495 exegerit:et
1434 1436 1631 1484 canon,
1672 1419 1775 1474 nisi
1806 1419 1946 1473 intra
1979 1432 2080 1471 an-

495 1525 627 1565 num
662 1510 993 1578 absolvatur,
1054 1510 1261 1566 absolvi
1315 1518 1502 1581 postea
1536 1524 1863 1581 quemquam
1909 1515 2078 1572 vetet,

492 1618 604 1674 quo
640 1602 762 1659 loco
810 1603 1185 1673 reponemus?
1211 1602 1282 1658 At
1311 1602 1567 1671 objicitur
1599 1616 1823 1672 prorsus
1853 1599 2077 1656 absolu-

495 1705 610 1750 tum
648 1693 840 1749 fuisse.
871 1692 1092 1759 Verum,
1114 1694 1159 1749 si
1187 1693 1398 1749 solutus
1422 1693 1622 1757 fuerat,
1648 1708 1747 1748 cur
1770 1706 1880 1747 non
1905 1689 2081 1745 sacri-

2174 598 2311 666 πρὸς
2355 594 2416 648 τὸ
2458 594 2556 648 τὸν
2578 593 2807 664 δίγαμον
2846 591 3191 662 στεφανῶσαι
3213 608 3227 659 ;
3252 593 3304 645 τί
3338 590 3397 644 δὲ
3426 591 3489 644 τὸ
3515 593 3597 653 είς
3633 607 3747 660 μοι·

2173 690 2327 759 χικὺν
2350 687 2530 757 γάμον
2563 684 2881 754 έστιαθῆναι
2911 684 3063 746 ὅλαις
3109 684 3408 755 τριάκοντα
3465 681 3745 752 ἡμέραις;

2173 782 2224 834 τί
2248 780 2326 845 δὲ,
2371 781 2433 834 τὸ
2484 776 2892 849 ὀλεθριώτερον,
2936 776 2996 830 τὸ
3035 778 3127 830 καὶ
3171 775 3521 844 στεφανῶσαι
3565 774 3750 845 μοιχὸν

2175 874 2317 927 κατά
2359 874 2451 927 τὸν
2500 871 2659 940 λόγον
2704 868 2800 923 τοῦ
2838 868 3070 935 Κυρίου,
3112 868 3212 937 τὴν
3242 866 3337 919 ἐπὶ
3383 869 3453 937 τῇ
3486 864 3753 937 συναφεία

2180 966 2329 1036 ἱερὰν
2386 962 2697 1034 προσευχὴν
2750 962 2979 1029 λέγοντα
3045 960 3137 1013 τὸν
3197 957 3622 1029 μοιχοζεύκτην,
3663 956 3752 1009 καὶ

2180 1053 2662 1126 προσκαλούμενον
2722 1052 2821 1118 τὴν
2863 1052 3016 1105 θείαν
3064 1051 3225 1123 χάριν
3280 1049 3460 1113 ἀθέως
3510 1051 3605 1102 επὶ
3634 1050 3756 1109 τοὺς

2181 1147 2441 1218 βεβήλους
2470 1164 2486 1212 ;
2522 1144 2895 1208 Ἀπόπτυστός
2943 1144 3061 1196 ἐστι
3114 1142 3271 1214 παρὰ
3303 1140 3444 1212 Θεῷ,
3475 1140 3625 1194 κατά
3668 1138 3757 1192 τὸν

2181 1241 2324 1294 θεῖον
2372 1238 2671 1303 Διονύσιον,
2703 1239 2796 1291 καὶ
2843 1236 3060 1307 ἀνίερος
3093 1237 3122 1289 6
3168 1234 3434 1297 τοιοῦτος.
3473 1232 3759 1301 Παρέλκον

2181 1333 2290 1405 γάρ
2318 1333 2436 1384 ἐστι
2483 1332 2609 1395 τοὺς
2646 1331 2735 1385 ἐπ’
2768 1329 2916 1399 αύτῷ
2950 1330 3142 1391 ἄλλους
3189 1328 3481 1396 κειμένους
3531 1326 3761 1387 κανόνας

2182 1422 2284 1482 ὧδε
2343 1426 2597 1495 γράφειν.
2624 1426 2743 1478 Ὅτι
2774 1424 2830 1477 δὲ
2862 1427 2956 1477 καὶ
2992 1423 3097 1476 ὑπὸ
3134 1421 3229 1475 τοῦ
3296 1418 3760 1490 προηγησαμένου

2183 1519 2525 1589 πατριάρχου
2554 1517 2939 1587 ἀφωρισμένος
2967 1514 3192 1584 ἐνναετῆ
3218 1515 3408 1585 χρόνον
3430 1512 3593 1582 ἔτυχε
3618 1527 3635 1542 ο
3673 1510 3763 1564 καὶ

2184 1612 2211 1664 ὁ
2241 1609 2423 1665 κανὼν
2448 1612 2497 1663 εί
2526 1608 2601 1680 μὴ
2623 1608 2774 1673 ἐντὸς
2801 1606 3049 1662 ἐνιαυτοῦ
3077 1607 3212 1677 λυθῇ
3236 1651 3248 1669 ,
3275 1607 3374 1659 οὐκ
3401 1605 3668 1674 ἀνέχεται
3688 1602 3763 1656 ἔτι

2183 1704 2282 1773 τὴν
2331 1702 2507 1767 λύσιν,
2545 1700 2646 1754 πού
2679 1699 2916 1771 θήσομεν
2945 1717 2961 1765 ;
2995 1699 3216 1761 Πάντως
3243 1698 3300 1751 δὲ
3346 1698 3379 1768 ἡ
3433 1697 3763 1767 ἀπάντησις,

496 1786 734 1842 ﬁcabat?
765 1787 851 1851 Et,
885 1785 932 1841 si
987 1786 1198 1842 solutus
1238 1794 1379 1851 erat,
1424 1801 1524 1841 cur
1571 1784 1779 1839 absolvi
1808 1798 1837 1837 a
1873 1781 2082 1854 synodo

2217 1815 2269 1849 τι
2324 1795 2560 1850 ἐλέλυτο.
2597 1795 2707 1849 Καὶ
2755 1793 2804 1848 εί
2855 1793 3090 1853 ἐλέλυτο,
3128 1792 3243 1857 πῶς
3293 1791 3393 1862 οὐχ
3439 1789 3763 1860 ίερουργεῖς

497 1875 949 1947 petiit?Planum
994 1877 1143 1932 enim
1193 1886 1296 1943 est,
1344 1876 1681 1931 solutionem
1738 1874 1807 1929 ab
1854 1888 1921 1928 eo
1971 1871 2080 1942 peti

500 1967 591 2037 qui
623 1967 841 2022 vinctus
882 1966 975 2031 sit,
1026 1981 1135 2022 non
1171 1966 1268 2036 qui
1300 1967 1531 2021 solutus.
1585 1963 1788 2030 Quare,
1825 1963 1992 2018 etiam
2026 1961 2082 2015 in

504 2060 749 2130 seipsum
804 2059 1065 2130 impegit,
1117 2068 1307 2115 contra
1362 2060 1647 2113 veritatem
1694 2055 1830 2126 erigi
1870 2054 2080 2109 volens.

504 2152 802 2207 Sacrorum
838 2151 1004 2223 igitur
1030 2149 1336 2221 profanatio
1366 2159 1469 2216 est,
1503 2149 1692 2214 frater,
1720 2147 1884 2202 istum
1916 2147 2088 2201 sacris

506 2243 721 2315 operari
750 2262 766 2299 :
802 2256 1184 2312 canonumque
1217 2256 1411 2313 magna
1464 2237 1800 2311 perturbatio
1822 2237 1949 2291 talia
1988 2250 2079 2289 ne-

507 2336 733 2407 gligere.
765 2332 905 2402 Quid
932 2334 1078 2389 enim
1104 2342 1188 2389 est
1214 2332 1357 2403 quod
1387 2334 1462 2387 ait
1502 2328 1961 2403 Chrysostomns?
1995 2342 2092 2398 pe-

506 2428 683 2485 riculo
708 2442 820 2483 non
852 2441 1066 2488 vacare,
1099 2426 1145 2481 si
1167 2414 1223 2481 in
1242 2424 1578 2481 sacerdotem
1606 2438 1716 2477 non
1741 2421 2049 2491 inquiratur
2078 2436 2090 2471 :

506 2535 620 2576 non
656 2518 725 2575 de
746 2518 853 2573 ﬁde
892 2516 994 2572 hoc
1023 2516 1231 2581 dicens,
1256 2523 1316 2570 ut
1344 2516 1482 2569 male
1508 2528 1721 2577 censes,
1753 2513 1848 2567 sed
1874 2511 1943 2565 de
1973 2510 2097 2564 vitae

509 2610 843 2683 integritate.
883 2608 1217 2679 Interrogare
1246 2606 1462 2678 quidem
1502 2614 1553 2659 et
1590 2612 1847 2659 excutere
1902 2616 2100 2655 unum-

509 2717 781 2775 quemque
808 2740 821 2767 ,
879 2698 1156 2771 quomodo
1222 2712 1284 2754 se
1337 2697 1575 2763 habeat,
1615 2694 1754 2749 nihil
1785 2703 1871 2749 est
1915 2707 2099 2764 Opus:

513 2795 682 2866 gratia
721 2794 867 2849 enim
901 2792 1064 2847 etiam
1098 2805 1263 2862 super
1289 2790 1572 2861 indignum
1611 2796 1835 2858 propter
1863 2801 1979 2848 eos,
2009 2783 2102 2863 qui

514 2887 805 2953 accedunt,
837 2885 1140 2941 descendit.
1169 2883 1231 2938 In
1269 2884 1337 2939 iis
1370 2891 1551 2937 autem
1575 2881 1666 2951 qui
1698 2879 1993 2934 manifesto
2024 2876 2102 2931 rei

517 2986 666 3045 sunt,
697 2978 875 3049 qualis
905 2986 990 3032 est
1018 2975 1247 3046 Joseph,
1278 2984 1335 3029 et
1373 2974 1593 3044 quidem
1632 2971 1812 3043 magni
1857 2969 2101 3029 sceleris,

517 3071 666 3143 quod
704 3072 758 3126 in
792 3069 965 3125 oculis
987 3068 1230 3123 omnium
1266 3066 1556 3131 commisit,
1591 3065 1788 3119 vetitas
1812 3078 1842 3117 a
1878 3061 2109 3117 Domino

2186 1891 2279 1943 καὶ
2313 1890 2361 1942 εί
2398 1888 2637 1953 ἐλέλυτο,
2670 1886 2787 1950 πῶς
2829 1886 2954 1957 ἄρτι
3000 1885 3230 1957 ὲξῄτησε
3283 1882 3438 1936 λύσιν
3482 1882 3591 1936 ὑπὸ
3647 1899 3769 1933 συν-

2185 1983 2345 2050 όδου;
2401 1980 2655 2053 Δηλονότι
2706 1982 2735 2033 6
2788 1979 3071 2050 δεδεμένος
3119 1979 3275 2048 ζητεῖ
3320 1975 3570 2045 λυθῆναι,
3604 1975 3705 2043 οὐχ
3743 1977 3770 2026 6

2187 2074 2373 2135 ἄδετος
2398 2087 2412 2102 ·
2459 2070 2599 2125 ὥστε
2647 2068 2930 2125 κάνταῦθα
2974 2068 3295 2140 περιπίπτει
3335 2063 3564 2135 ἐαυτῷὁ
3598 2063 3771 2116 θέλων

2189 2165 2333 2220 κατὰ
2380 2163 2480 2233 τῆς
2541 2162 2803 2233 ἀληθείας
2848 2160 3140 2216 κινεῖσθαι.
3171 2157 3487 2228 Βεϐήλωσις
3531 2152 3627 2210 οὖν
3662 2155 3770 2208 τῶν

2190 2257 2364 2326 ἀγίων
2392 2256 2561 2317 ἐστὶν,
2596 2248 2642 2308 ὢ
2664 2253 2882 2322 άδελφὲ.
2907 2251 3097 2306 τοῦτον
3125 2252 3428 2322 ἱερουργεῖν
3462 2266 3476 2279 ·
3512 2248 3608 2302 καὶ
3634 2246 3770 2315 σύγ-

2192 2369 2349 2423 χυσις
2371 2349 2640 2420 παντελὴς
2666 2348 2777 2402 τῶν
2805 2346 3045 2400 κανόνων
3074 2344 3134 2397 τδ
3164 2344 3239 2414 μὴ
3278 2342 3349 2396 τά
3408 2340 3636 2395 τοιαῦτα
3668 2358 3773 2409 φυ-

2193 2441 2510 2497 λάττεσθαι.
2533 2440 2598 2493 Τί
2632 2439 2739 2511 γὰρ
2756 2435 2903 2506 λέγει
2927 2437 3066 2491 καὶὸ
3094 2435 3484 2506 Χρυσόστομος
3513 2450 3529 2499 ;
3557 2433 3643 2485 δτι
3676 2431 3775 2484 οὐκ

2198 2535 2482 2591 ἀκίνδυνόν
2516 2535 2633 2586 ἐστι
2689 2533 2751 2584 τὸ
2794 2530 3149 2595 ἀνεξέταστον
3194 2529 3287 2581 ἐπὶ
3319 2525 3413 2579 τοῦ
3459 2524 3674 2596 ἱερέως.
3700 2524 3775 2577 Οὐ

2202 2627 2333 2699 περὶ
2363 2626 2620 2687 πίστεως,
2656 2625 2731 2686 ὼς
2758 2623 2881 2685 οἴει,
2910 2620 3070 2675 τοῦτο
3101 2619 3295 2685 λέγων,
3327 2617 3465 2672 ἀλλά
3506 2617 3640 2687 περὶ
3680 2616 3785 2692 τῆς³

2204 2718 2347 2774 κατά
2370 2717 2463 2770 τὸν
2490 2715 2605 2786 βίον
2662 2712 2967 2784 ἀκριϐείας.
3007 2711 3289 2780 Ἐκξητεῖν
3328 2708 3508 2762 τοίνυν
3551 2708 3646 2762 καὶ⁵
3687 2708 3780 2760 ἀν-

2204 2810 2433 2882 ερευνᾷν
2459 2808 2692 2861 ἕκαστον
2747 2806 2896 2869 ὅπως
2938 2803 3052 2875 ἔχει
3085 2804 3144 2856 ού
3177 2802 3295 2856 δέον
3323 2816 3335 2830 ’
3377 2801 3410 2871 ἡ
3451 2800 3616 2871 χάρις
3675 2799 3781 2869 γάρ

2206 2904 2300 2959 καὶ
2324 2902 2417 2956 ὲπὶ
2451 2901 2577 2964 τοὺς
2601 2898 2852 2963 ἀναξίους
2885 2896 2971 2950 διὰ
3003 2896 3130 2958 τοὺς
3158 2893 3487 2964 προσιόντας
3514 2891 3782 2945 κάτεισιν.

2209 2994 2301 3058 Εἰς
2338 2994 2396 3049 δὲ
2435 2994 2563 3056 τοὺς
2608 2988 2891 3061 προδήλως
2922 2984 3409 3055 κατεγνωσμένους
3440 3023 3455 3048 ,
3499 2974 3577 3035 ὧν
3633 2982 3785 3034 ἐστιν

2210 3083 2290 3152 εἷς
2323 3086 2468 3140 καὶὸ
2516 3083 2735 3154 Ἰωσὴφ,
2768 3080 2914 3153 μάλα
2961 3079 3192 3149 ἀνομίαν
3239 3076 3483 3149 μεγάλην
3519 3074 3787 3144 συνάψας,

520 3163 741 3233 nuptias
763 3161 1043 3232 copulans,
1061 3159 1288 3229 ipsoque
1309 3157 1557 3211 adultero
1580 3155 1917 3210 manifestior
1938 3196 1953 3220 ,
1977 3155 2105 3209 dum

2213 3176 2514 3246 ἀναφανδὸν
2571 3175 2669 3245 τῆς
2716 3171 3063 3242 οἰκουμένης,
3093 3171 3160 3242 ἢν
3200 3172 3228 3223 6
3261 3168 3468 3239 Κύριος
3513 3166 3790 3237 ἀπέφηνε,

522 3269 649 3310 eum
724 3251 1049 3324 conjunxit,
1100 3247 1537 3321 quandoquidem
1590 3247 1708 3301 haec
1746 3261 1854 3300 non
1901 3244 2110 3299 discre-

524 3355 676 3419 pant,
709 3346 858 3415 juxta
881 3344 1215 3415 Theologum
1246 3359 1260 3409 ;
1301 3340 1662 3403 dissimulare,
1702 3337 1990 3411 perspicua
2030 3343 2116 3390 est

526 3438 762 3511 proditio
790 3437 1056 3502 veritatis,
1086 3444 1143 3491 et
1168 3448 1441 3491 canonum
1477 3430 1812 3501 corruptela.

604 3661 687 3714 An
716 3658 894 3714 nescit
918 3653 1306 3712 benevolentia
1336 3662 1457 3715 tua,
1495 3649 1665 3703 Deum
1708 3648 1886 3716 ipsum
1940 3643 2119 3699 vindi-

534 3769 655 3809 cem
685 3751 857 3806 i'uisse
888 3790 905 3817 ,
958 3746 1178 3818 quando
1209 3759 1319 3799 non
1355 3739 1664 3798 insurrexit
1694 3740 1787 3810 qui
1826 3736 2121 3792 Ecclesiarn

536 3859 654 3905 tum
679 3843 1058 3919 gubernabat;
1101 3849 1160 3895 ut
1189 3837 1428 3894 Samueli
1468 3834 1747 3906 quondam
1786 3830 1984 3887 accidit
2021 3828 2119 3919 ad-t

537 3917 731 3994 versus
789 3933 1043 3987 insanum
1104 3928 1322 3983 Saulem
1355 3944 1368 3981 :
1400 3934 1456 3981 et
1486 3924 1649 3993 hujus
1693 3921 1843 3988 novi,
1879 3919 2025 3990 quod
2055 3917 2123 3972 ad

540 4029 762 4086 modum
781 4022 1027 4080 adulterii
1050 4029 1280 4093 spectat,
1305 4017 1532 4072 Herodis
1562 4029 1787 4086 regnum
1827 4012 2125 4068 evertisse?

542 4122 692 4178 Idem
731 4120 877 4175 enim
924 4115 1156 4173 Herodis
1199 4114 1345 4168 illius
1377 4109 1640 4181 ﬂagitium
1680 4106 1799 4171 fuit,
1830 4104 1923 4174 qui
1966 4119 1995 4158 a
2025 4118 2125 4173 po-

543 4215 671 4285 pulu
699 4228 799 4268 suo
828 4210 1018 4281 pulsus
1042 4208 1145 4263 fuit
1192 4215 1247 4262 et
1286 4205 1502 4261 occisus
1540 4220 1555 4270 ;
1586 4201 1786 4271 quippe
1816 4198 1911 4270 qui
1950 4196 2129 4252 Arata:

546 4305 691 4377 regis
719 4304 882 4358 ﬁliam
910 4340 926 4367 ,
978 4300 1274 4371 legitimam
1319 4297 1607 4366 conjugem
1664 4292 1889 4355 dimisit,
1928 4288 2130 4358 injuste

548 4376 651 4451 sibi
708 4392 972 4465 copulans
1031 4388 1263 4459 Philippi
1335 4386 1521 4441 fratris
1562 4381 1939 4436 Herodiadem.
1973 4376 2129 4444 Quod

550 4487 595 4543 si
629 4486 747 4541 bac
801 4482 1081 4538 vindicare
1117 4496 1227 4534 non
1270 4476 1531 4533 convenit
1563 4492 1575 4527 :
1616 4473 1818 4528 erravit
1849 4470 2130 4526 charitatis

551 4585 659 4631 tuae
688 4572 894 4644 judicio
939 4584 1245 4641 praecursor
1292 4567 1556 4631 Joannes,
1587 4563 1735 4634 quod
1785 4560 2135 4616 temerarium

551 4677 636 4723 est
665 4664 954 4728 atﬁrmare,
987 4677 1111 4716 cum
1146 4660 1419 4715 Herodem
1455 4654 1832 4727 reprehendit,
1867 4661 2130 4706 mortem-

554 4755 929 4829 que,0ppetiit
960 4755 1031 4809 ob
1072 4751 1579 4823 reprehensionem.
1621 4746 1835 4801 Erravit
1886 4741 2135 4797 similiter

558 4862 614 4907 ct
642 4851 1064 4921 Cbrysostomus
1090 4848 1160 4913 δι,
1192 4860 1315 4900 cum
1360 4858 1458 4913 pro
1487 4842 1665 4896 viduae
1717 4852 1845 4909 agro
1896 4834 2133 4890 validum

560 4947 834 4996 certamen
877 4937 1132 4992 instituit.
1179 4934 1284 4988 Pro
1338 4933 1467 4986 bono
1510 4931 1647 4984 enim
1676 4969 1689 4993 ,
1722 4926 1919 4997 inquit,
1976 4926 2136 4979 audet

563 5032 823 5102 quispiam
856 5030 987 5083 mori
1010 5030 1077 5082 ⁸³.
1106 5027 1178 5083 Ut
1202 5041 1307 5083 non
1332 5036 1751 5080 commemorem
1779 5018 1985 5075 similes
2006 5015 2139 5070 alias

566 5132 873 5178 sanctorum
895 5136 992 5191 pro
1013 5119 1279 5174 similibus
1306 5115 1707 5173 contentiones.
1731 5115 1809 5168 An
1836 5125 2027 5166 rursus
2067 5109 2141 5179 ig-

568 5223 725 5270 norat
764 5214 1069 5269 reverentia
1095 5220 1209 5275 tua,
1242 5226 1367 5266 cum
1396 5208 1609 5263 duabus
1640 5221 1706 5260 ex
1736 5206 1899 5260 rebus
1925 5210 2137 5257 constet

575 5303 1048 5369 Christianismus,
1070 5302 1174 5357 ﬁde
1216 5311 1270 5357 et
1313 5301 1608 5371 operibus;
1637 5298 1681 5352 si
1722 5296 1949 5351 alterum
1979 5292 2136 5353 desit,

573 5398 800 5451 alterum
824 5411 932 5451 non
972 5394 1275 5464 prodesse?
1306 5390 1833 5459 IEmuleturitaque,
1865 5400 2137 5457 rogamus,

574 5488 775 5552 divina,
803 5488 1037 5559 primum
1071 5487 1289 5556 quidem
1322 5496 1380 5540 ut
1412 5483 1724 5540 communis
1758 5480 1927 5551 patris
1979 5479 2140 5541 ﬁlius,

576 5579 840 5636 excitetur
864 5581 1064 5651 pariter
1082 5580 1147 5634 ad
1170 5580 1429 5633 honesta:
1457 5576 1680 5647 perinde
1703 5585 1762 5628 ut
1780 5590 1809 5627 a
1824 5574 1981 5626 beato
2006 5571 2145 5625 Saba

578 5671 841 5735 eruditus,
868 5681 1171 5727 accuratam
1197 5686 1300 5724 non
1330 5671 1500 5724 solum
1527 5668 1670 5730 ﬁdei,
1690 5667 1784 5722 sed
1807 5666 1968 5720 etiam
1994 5678 2157 5718 cano-

581 5779 709 5819 num
751 5765 1011 5819 rationem
1046 5764 1399 5833 amplectatur
1427 5760 1699 5829 :‘dcnique
1725 5773 2011 5831 germanus
2033 5770 2153 5811 cum

653 5878 694 5907 "
728 5875 783 5931 In
814 5878 931 5949 ejus
975 5879 1110 5945 Vita,
1151 5896 1205 5933 n.
1234 5878 1316 5934 59.
1378 5880 1422 5909 "
1460 5876 1613 5928 Rom.
1654 5890 1704 5924 ν.
1731 5874 1783 5925 7.

2214 3270 2309 3323 καὶ
2360 3265 2756 3337 ἐναργέστερος
2810 3261 2906 3317 τοῦ
2963 3260 3351 3334 μοιχεύσαντος
3381 3259 3734 3329 χρηματίσας
3765 3256 3793 3306 6

2214 3357 2406 3413 τοῦτον
2462 3355 2724 3421 συξεύξας
2752 3370 2766 3385 °
2795 3353 2875 3425 τῷ
2929 3353 3004 3424 μὴ
3061 3349 3471 3407 διαστέλλεσθαι
3505 3347 3653 3401 κατά
3699 3346 3793 3398 τὸν

2216 3448 2477 3517 Θεολόγον
2514 3487 2530 3512 ,
2565 3446 2828 3517 προδοσία
2864 3444 2967 3515 τῆς
3010 3443 3269 3515 ἀληθείας
3324 3441 3522 3511 σαφὴς,
3560 3440 3658 3493 καὶ
3687 3435 3798 3492 τῶν

2220 3542 2459 3598 κανόνων
2491 3538 2817 3609 παράλυσις.

2292 3635 2361 3688 Ἦ
2386 3633 2487 3687 οὐκ
2506 3628 2616 3686 οἶδέ
2650 3647 2744 3684 σου
2784 3630 2818 3700 ἡ
2851 3626 3024 3697 φιλία,
3055 3626 3137 3679 ὅτι
3164 3623 3296 3679 αὐτὸ
3328 3622 3388 3676 τὸ
3429 3621 3573 3688 θεῖον
3604 3620 3802 3674 αύτεκ-

2220 3724 2440 3793 δίκητον
2491 3722 2736 3791 γέγονεν,
2768 3718 2933 3790 ἡνίκα
2982 3717 3041 3770 οὐ
3086 3714 3342 3781 διανέστη
3389 3712 3419 3765 6
3457 3708 3656 3764 ίθύνων
3704 3708 3803 3777 τὴν

2237 3814 2567 3885 Ἐκκλησίαν
2600 3812 2662 3865 τὸ
2685 3809 2941 3881 τηνικάδε
2965 3824 2980 3839 ⁸
3015 3807 3091 3870 ὡς
3120 3802 3383 3874 Σαμουὴλ,
3399 3802 3570 3854 πάλαι
3604 3800 3702 3853 ἐπὶ
3728 3798 3805 3867 τῷ

2225 3907 2419 3978 ἄφρονι
2485 3905 2688 3959 Σαούλ”
2740 3901 3033 3975 διαρρῆξαι
3081 3898 3180 3969 τὴν
3240 3894 3334 3947 τοῦ
3392 3894 3511 3946 νέου
3562 3890 3805 3961 Ἡρώδου

2226 3999 2367 4054 κατά
2391 3999 2482 4051 τὸν
2511 3997 2612 4068 τῆς
2654 3996 2899 4067 μοιχείας
2928 3994 3128 4066 τρόπον
3154 3986 3454 4061 βασιλείαν.
3479 3984 3672 4037 Ταῦτα
3697 3984 3807 4053 γάρ

2229 4093 2467 4147 πέπονθε
2496 4090 2589 4145 καὶ
2634 4088 2879 4161 Ἡρώδης
2918 4089 3147 4149 ἐκεῖνος,
3178 4081 3284 4138 ὑπὸ
3312 4079 3405 4134 τοῦ
3434 4078 3645 4132 οἰκείου
3678 4074 3809 4130 λαοῦ

2230 4186 2617 4248 ἀνασοδευθεὶς
2647 4185 2742 4238 καὶ
2766 4179 3128 4242 ἀποκτανθείς
3156 4195 3169 4209 ·
3202 4175 3341 4229 ὲπάν
3384 4171 3537 4225 εἴασε
3576 4170 3682 4241 τὴν
3716 4168 3810 4221 τοῦ

2244 4280 2442 4353 Ἀρέτα
2489 4277 2751 4348 βασιλέως
2798 4272 3073 4342 θυγατέρα
3139 4270 3372 4340 νόμιμον
3422 4262 3597 4317 αὑτοῦ
3643 4258 3813 4315 οὖσαν

2232 4376 2469 4445 γυναῖκα
2497 4388 2510 4401 ⁸
2538 4369 2881 4438 ἀγαγόμενος
2916 4362 3247 4435 παρανόμως
3293 4361 3391 4429 τὴν
3438 4356 3533 4415 τοῦ
3578 4355 3813 4425 ἀδελφοῦ

2233 4469 2498 4523 Φιλίππου
2533 4461 2855 4535 Ἡρωδιάδα.
2889 4459 2951 4512 Εἰ
3000 4457 3056 4510 δὲ
3111 4455 3284 4508 ταῦτα
3311 4454 3371 4506 οὐ
3419 4452 3538 4506 δέον
3577 4450 3817 4504 ὲκδικεῖ·

2173 4544 2216 4599 Ῑ)
2246 4560 2393 4625 σθαι,
2425 4553 2762 4628 ἡμαρτηκὼς
2791 4552 3020 4605 ἐνώπιον
3053 4550 3151 4614 τῆς
3193 4546 3416 4614 ἀγάπης
3440 4560 3536 4596 σου
3563 4542 3812 4610 γέγονεν,

2234 4654 2283 4707 εί
2318 4651 2409 4705 καὶ
2434 4650 2604 4719 τολμη
2615 4648 2703 4719 ρον
2734 4646 2927 4708 είπεῖν,
2952 4644 2980 4695 ό
3001 4640 3312 4711 Ιιρόδρομος
3356 4634 3634 4702 Ἰωάννης,
3660 4632 3817 4697 ἐλέγ-

2237 4745 2335 4811 ξας
2378 4741 2469 4793 τὸν
2514 4738 2779 4810 Ἡρώδην.
2834 4736 2926 4787 καὶ
2976 4730 3152 4786 θανὼν
3201 4729 3340 4793 ὑπὲρ
3398 4725 3491 4778 τοῦ
3547 4722 3816 4792 ὲ).εγμοῦ.

2249 4834 2527 4897 Ὡσαύτως
2564 4832 2657 4885 καὶ
2690 4833 2717 4884 6
2751 4827 3157 4900 Χρυσόστομος,
3190 4823 3329 4892 ὑπὲρ
3358 4819 3453 4873 τοῦ
3496 4814 3670 4887 ἀγροῦ
3719 4814 3821 4885 τῆς

2243 4930 2419 5000 χήρας
2444 4926 2695 4980 ἔνστασιν
2728 4920 3029 4990 ἀθλητικὴν
3059 4914 3488 4985 ἐπιδειξάμενος.
3508 4912 3693 4979 ’Υπὲρ
3714 4910 3822 4965 τοῦ

2242 5020 2468 5090 ἀγαθοῦ
2495 5018 2647 5086 τάχα
2670 5016 2798 5085 γὰρ,
2830 5015 2989 5085 φησὶ,
3030 5013 3125 5065 καί
3184 5008 3375 5078 τολμᾷ
3438 5024 3530 5073 τις
3590 5007 3823 5060 «1.100(1-

2245 5114 2393 5167 νεῖν.
2417 5113 2534 5166 Ἵνα
2568 5110 2640 5180 μὴ
2663 5110 2809 5175 λέγω
2831 5109 2926 5170 τὰς
2953 5106 3059 5159 τῶν
3082 5105 3257 5160 ἄλλων
3282 5105 3453 5171 ἁγίων
3475 5100 3826 5169 ὁμοτρόπους

2246 5207 2386 5275 ὑπὲρ
2430 5205 2538 5258 τῶν
2583 5202 2839 5255 τοιούτων
2882 5200 3183 5261 ἐνστάσεις.
3231 5196 3302 5249 Ἦ
3351 5193 3513 5247 πάλιν
3571 5192 3825 5261 ἀγνοεῖή

2244 5298 2490 5369 τιμιότης
2525 5313 2640 5361 σου,
2672 5296 2751 5348 ὅτι
2778 5295 2841 5345 ἐκ
2880 5291 2972 5345 δύο
3002 5287 3393 5356 συνισταμένου
3419 5281 3512 5337 τοῦ
3553 5283 3826 5353 Χριστια-

2248 5392 2465 5462 νισμοῦ,
2498 5390 2643 5456 λέγω
2695 5388 2757 5456 δὴ
2791 5388 3028 5445 πίστεως
3085 5383 3205 5434 xa‘.“
3232 5380 3407 5450 ἔργων
3433 5416 3448 5441 ,
3494 5376 3542 5427 εί
3594 5375 3828 5443 θάτερον

2248 5487 2443 5551 λείπει,
2478 5484 2597 5537 οὐδὲ
2642 5482 2700 5534 τὸ
2747 5483 2931 5550 ἕτερον
2973 5477 3178 5545 ὀνίνησι
3208 5474 3298 5526 τὸν
3326 5472 3539 5541 έχοντα;
3569 5466 3832 5535 Ζηλούτω

2252 5581 2455 5641 τοίνυν,
2487 5573 2937 5647 παρακαλοῦμεν,
2967 5571 3035 5622 τὰ
3078 5569 3217 5632 θεῖα,
3242 5567 3333 5618 καὶ
3373 5561 3591 5632 πρῶτον
3627 5558 3734 5627 μὲν
3759 5559 3830 5620 ὠς

2251 5674 2345 5726 τοῦ
2380 5670 2559 5724 κοινοῦ
2608 5669 2810 5738 πατρὸς
2860 5666 3046 5717 τέκνον
3083 5656 3535 5731 χρηματίζουσα,
3568 5668 3829 5705 cavam:-

2261 5766 2434 5837 ρέσθω
2474 5764 2609 5832 πρὸς
2647 5763 2716 5813 τὰ
2766 5760 2950 5811 δέοντα
2993 5773 3004 5786 ·
3048 5753 3297 5823 δεύτερον
3328 5750 3382 5803 δὲ
3413 5749 3489 5811 ὡς
3520 5743 3600 5813 τῷ
3639 5759 3823 5809 μακασ
