3914 6504
165 433 288 498 1001

1377 433 1913 496 EPISTOLARUM
1948 434 2096 495 LIB.
2128 433 2175 492 ῐ.

3256 425 3394 492 1002

159 549 273 619 ρίτῃ
310 544 461 616 Σάδᾳ
495 543 953 615 μαθητευσαμένη
975 560 988 574 '
1024 545 1311 618 ἀκρίϐειαν
1340 548 1401 601 οὐ
1432 548 1594 618 μόνον
1621 565 1725 600 κα-

1845 547 1917 608 ill,
1961 546 2276 609 fraternam,
2325 543 2680 613 eamdemque
2739 543 3021 599 nobiscum
3067 543 3395 598 sententiam

152 639 217 690 τὰ
254 637 356 706 τὴν
390 635 595 697 πίστιν,
623 635 759 688 ἀλλὰ
798 636 892 689 καὶ
917 635 1056 689 κατὰ
1070 636 1197 700 τοὺς
1225 636 1458 699 κανόνας
1479 637 1725 702 ἀσπαζέ-

155 729 264 782 σθω
285 744 300 759 ·
321 727 524 797 τρίτον,
547 726 615 780 τὰ
631 727 832 794 ἀδελφὰ
849 720 1004 796 ἡμῶν
1023 727 1309 798 φρονείτω,
1330 728 1404 791 ὡς
1421 728 1724 798 όμάδελφος

153 816 306 873 οὖσα·
327 819 443 882 καὶ,
459 817 1042 888 ὑπομιμνήσκομεν,τδ
1057 819 1254 872 οίκείον
1273 817 1516 889 κάθισμα
1539 819 1728 888 ἐπιτη-

157 913 344 980 ρείτω*
372 910 570 980 μήπως
600 909 848 962 ἐντεῦθεν
880 909 1169 980 σκάζωμεν
1199 909 1327 980 περὶ
1343 908 1410 962 τὰ
1441 909 1722 965 κάλλιστα.

222 995 506 1064 Σύγγνωθι
562 996 867 1066 ἀδελφικῶς
925 998 1474 1068 ὑπομιμνήσκουσιν,
1539 998 1730 1071 ὥσπερ

154 1089 248 1141 καὶ
295 1086 444 1156 αὐτῷ
474 1089 640 1158 ἡμεῖς
667 1104 681 1119 ο
724 1089 818 1142 καὶ
845 1088 907 1142 ού
959 1089 1135 1160 χρεὼν
1190 1089 1336 1159 ἡμᾶς
1394 1090 1728 1158 ἀγανακτεῖν

154 1178 628 1249 ὕπομνησθέντας.
669 1179 820 1248 Μηδὲ
850 1180 882 1249 ἡ
919 1179 985 1248 σὴ
1017 1179 1270 1249 τιμιότης
1299 1180 1686 1251 δριμυσσέσθω
1711 1198 1724 1213 ο

154 1267 269 1321 ἀλλ’
300 1268 625 1322 ἁναπτέσθω
657 1269 857 1338 μᾶλλον
884 1269 963 1331 είς
1003 1269 1244 1340 ἀγάπην.
1278 1270 1388 1323 Καὶ
1417 1271 1728 1326 ὲπιστελλέ-

153 1375 252 1424 τω,
275 1359 466 1422 ὁσάκις
490 1359 557 1413 ἂν
589 1359 684 1413 καὶ
713 1359 989 1430 βούληται,
1021 1359 1090 1412 τὰ
1119 1360 1368 1415 τοιαῦτα.
1403 1362 1574 1416 Οὐδὲν
1620 1363 1730 1434 γὰρ

156 1453 308 1522 παρά
339 1454 533 1504 τούτου
570 1450 979 1521 βλαϐησόμεθα,
1012 1452 1045 1518 ἢ
1093 1452 1155 1506 τὸ
1203 1451 1353 1522 βιοῦν
1401 1453 1732 1522 ἀσφαλέστε-

161 1559 272 1613 ρον.
306 1543 444 1612 Περὶ
470 1543 525 1596 δὲ
559 1541 652 1595 τοῦ
679 1542 858 1607 πάπα,
889 1543 974 1606 τίς
1004 1544 1135 1613 ἡμῖν
1171 1542 1328 1612 λόγος
1353 1541 1525 1608 οὕτως
1554 1544 1732 1614 πράσα

158 1651 346 1697 σοντος
379 1633 411 1702 ἢ
462 1634 685 1697 ἐκείνως
719 1651 732 1699 ;
765 1632 825 1695 ὃς
886 1636 999 1696 τοῖς
1047 1634 1271 1698 οἰκείοις
1298 1677 1312 1700 ,
1349 1634 1728 1705 συγχώρησον,

156 1726 303 1778 ἑάλω
334 1728 575 1795 πτεροῖς,
611 1725 748 1778 κατὰ
777 1725 837 1779 τὸ
865 1725 1066 1794 λόγιον.
1095 1725 1274 1797 Μηδὲν
1309 1726 1418 1796 γὰρ
1449 1726 1576 1798 περὶ
1624 1727 1732 1782 τῶν

159 1818 406 1888 ὲκδὴλων
433 1817 842 1887 ἁμαρτημάτων
866 1817 961 1870 τοῦ
997 1817 1187 1887 ἱερέως
1223 1818 1526 1887 φροντίζειν
1557 1817 1735 1887 φάμεο

157 1926 271 1973 νος,
299 1909 360 1961 ού
391 1908 482 1960 τόν
517 1925 638 1961 τινα
674 1909 825 1979 ἱερέα
849 1948 864 1973 ,
894 1908 1031 1961 ἀλλά
1060 1909 1157 1979 τὴν
1186 1909 1434 1980 κεφαλὴν
1470 1913 1570 1980 τῆς
1607 1911 1733 1963 Ἐκ-

158 2000 391 2070 κλησίας
430 2000 866 2071 κατεκωμῴδησε
904 2001 1140 2054 τοσαῦτα
1168 2002 1262 2055 καὶ
1300 2002 1690 2071 ἀπεμυσάξατο
1715 2017 1731 2032 ο

158 2091 234 2154 ὡς
285 2092 438 2160 ἡμᾶς
496 2089 808 2160 αἰδεσθῆναι
859 2092 957 2144 καὶ
1018 2089 1270 2144 ἀκοῦσαι.
1306 2091 1372 2144 Et
1417 2091 1474 2144 δὲ
1520 2091 1734 2163 ἀληθῶς

157 2180 336 2244 οὕτως
363 2179 503 2245 ἐστὶ,
538 2179 640 2249 φεῦ
671 2181 769 2250 τῆς
813 2180 1128 2251 ίεραρχίαςί
1165 2180 1308 2252 Πλὴν
1338 2182 1604 2253 νουνεχῶς
1643 2200 1732 2236 κι-

158 2272 345 2342 νῶμεν
388 2270 486 2341 τὴν
530 2270 798 2338 γλῶτταν,
831 2270 1277 2341 παρακαλοῦμεν,
1306 2273 1400 2326 ἐπὶ
1432 2274 1534 2335 τὰς
1559 2290 1736 2341 κεφα-

157 2368 257 2430 λάς
286 2385 303 2400 ·
335 2367 433 2420 καὶ
489 2364 563 2435 μὴ
599 2363 743 2417 οὔτω
796 2362 1043 2434 σφοδρῶς
1091 2365 1553 2435 ἀποφαινώμεθα.
1589 2366 1652 2421 Ei
1679 2369 1737 2423 δὲ

158 2459 240 2512 ὅτι
275 2459 327 2511 οἱ
354 2458 634 2528 ἄνθρωποι
662 2454 946 2525 μέλλουσιν
973 2456 1211 2524 ἀνοίγειν
1241 2459 1309 2511 τὰ
1341 2459 1587 2528 στόματα
1611 2499 1626 2523 ,
1660 2459 1736 2524 ὡς

158 2551 468 2619 γέγραφας,
494 2547 587 2601 ἐπὶ
614 2546 675 2599 τὸ
701 2547 902 2616 λέγειν,
929 2549 1010 2601 ὅτι
1033 2549 1359 2613 ἐκπεσόντες
1379 2551 1477 2620 τῆς
1504 2551 1738 2606 ἐνταῦθα

160 2639 554 2709 πατριαρχίας,
591 2638 672 2702 είς
701 2638 896 2708 ἑτέραν
922 2638 1178 2692 ὑπόθεσιν
1205 2641 1586 2712 μετεπέσαμεν
1611 2658 1625 2673 ·
1662 2643 1737 2713 μὴ

161 2725 502 2796 φροντιζέτω
557 2742 651 2779 σου
692 2728 726 2798 ἡ
761 2727 1011 2798 τιμιότης
1041 2745 1055 2758 ο
1087 2724 1226 2782 οῐδεν
1252 2731 1280 2783 ό
1309 2730 1440 2795 Θεὸς
1493 2732 1584 2784 καὶ
1641 2732 1738 2802 τὴν

161 2817 393 2888 πρώτην
432 2819 648 2890 κίνησιν
705 2819 799 2872 καὶ
861 2818 958 2890 τὴν
1007 2820 1298 2892 δευτέραν·
1332 2820 1470 2875 ἀλ.λά
1505 2822 1612 2892 μὴν
1645 2823 1741 2876 καὶ

160 2909 258 2980 τὴν
310 2910 505 2981 τρίτην
536 2911 702 2974 αὐτὸς
728 2911 1014 2982 δοκιμάσει
1045 2926 1059 2940 ·
1098 2911 1260 2975 αὐτὸς
1288 2912 1557 2982 διελέγξει
1591 2929 1604 2943 °
1639 2915 1740 2967 αύο

163 3000 253 3063 τὸς
306 3001 657 3070 παραστήσει
703 3001 800 3055 ἐπὶ
841 3001 935 3056 τοῦ
985 3003 1218 3074 φοϐεροῦ
1255 3003 1501 3075 βήματος
1531 3021 1544 3034 ⁸
1578 3006 1742 3068 αὐτὸς

164 3091 459 3154 ἀποδιδοὺς
514 3091 703 3156 καθὼς
764 3093 1055 3164 διεθέμεθα
1107 3095 1199 3148 καὶ
1248 3096 1636 3167 πεπράχαμεν.
1669 3098 1742 3151 Τὸ

1829 646 2008 692 teneat
2040 656 2052 691 :
2079 639 2463 706 hortamurque
2505 634 2780 706 propriam
2833 634 3019 690 sedem
3073 641 3296 699 servet;
3329 649 3396 688 ne

1826 743 1934 798 quo
1965 737 2123 798 pacto
2160 729 2287 784 inde
2316 728 2681 783 claudicemus
2713 727 2858 781 circa
2890 725 3162 796 praecipua

1895 819 2121 890 Ignosce
2154 819 2392 875 fraterne
2426 818 2796 884 monentibus,
2848 819 2988 873 sicut
3016 826 3073 872 et
3099 834 3200 872 nos
3250 818 3344 872 tibi
3382 836 3396 872 :

1827 926 2004 980 neque
2028 919 2237 982 Oportet
2258 926 2358 965 nos
2386 909 2618 969 monitos
2652 907 2936 979 indignari.
2968 907 3047 962 Ne
3078 908 3242 978 igitur
3266 922 3395 961 suc-

1828 1011 2048 1056 censeat
2104 1001 2411 1057 reverentia
2444 1010 2556 1065 tua,
2589 1001 2681 1054 sed
2717 1000 2781 1054 ad
2828 998 3149 1055 cbaritatem
3210 998 3394 1067 potius

1829 1092 2174 1154 accendatur,
2207 1101 2261 1147 et
2304 1093 2428 1146 talia
2484 1092 2686 1146 scribat
2746 1090 3178 1160 quotiescunque
3230 1089 3396 1143 volet.

1829 1179 2045 1234 Nullum
2103 1180 2249 1235 enim
2304 1182 2562 1235 damnum
2618 1180 2762 1235 aliud
2817 1181 3115 1251 capiemus,
3143 1195 3304 1249 quam
3341 1188 3400 1233 ut

1830 1267 2075 1322 securius
2104 1267 2373 1322 vivamus.
2402 1268 2478 1323 De
2513 1283 2650 1337 papa
2675 1277 2878 1332 autem,
2907 1267 3034 1337 quid
3057 1268 3122 1321 ad
3147 1283 3268 1326 nos.
3297 1267 3401 1321 hoc

1830 1367 1974 1428 agat,
2005 1374 2073 1412 an
2132 1358 2306 1414 illud?
2329 1359 2421 1428 qui
2479 1358 2733 1429 propriis,
2780 1358 2997 1428 ignosce
3025 1397 3038 1420 ,
3068 1366 3259 1425 captus
3311 1365 3401 1411 est

1830 1451 1949 1516 alis,
1983 1460 2041 1505 ut
2061 1451 2278 1506 dicitur.
2305 1450 2442 1505 Cum
2473 1452 2618 1505 enim
2646 1451 2713 1506 de
2752 1450 3056 1505 manifestis
3099 1447 3402 1502 sacerdotis

1831 1544 2040 1600 delictis
2071 1543 2204 1598 nihil
2231 1559 2421 1598 curare
2445 1543 2597 1604 dixit,
2619 1557 2727 1596 non
2763 1541 3196 1610 qualemcunque
3222 1554 3404 1594 sacer-

1831 1636 2034 1700 dotem,
2075 1634 2168 1690 sed
2195 1644 2356 1705 caput
2390 1633 2640 1689 Ecclesiae
2669 1632 2742 1687 ita
2769 1631 2965 1688 derisit
2993 1640 3049 1686 et
3077 1639 3402 1699 aspernatus

1832 1738 1916 1784 est
1947 1747 1961 1784 :
1992 1737 2051 1783 ut
2089 1729 2172 1783 vel
2205 1728 2393 1782 audire
2421 1742 2518 1782 nos
2575 1726 2791 1797 pudeat.
2838 1722 2993 1789 Quod
3044 1724 3089 1777 si
3121 1723 3175 1777 id
3214 1738 3404 1777 verum

1834 1828 1938 1884 est,
1967 1819 2074 1873 heu
2102 1818 2498 1872 liierarcbiam!
2530 1817 2797 1870 Caeterum
2839 1814 3155 1884 prudenter,
3191 1828 3402 1882 quaeso.

1835 1924 2146 1964 moveamus
2201 1908 2436 1979 linguam
2482 1907 2745 1961 adversus
2791 1905 3015 1973 capita,
3062 1912 3116 1957 et
3160 1918 3230 1958 ne
3270 1903 3406 1957 adeo

1835 1999 2034 2054 acriter
2089 1998 2526 2068 pronuntiemus.
2560 1995 2616 2050 Si
2652 2010 2783 2049 vero
2803 1993 3000 2048 dicturi
3039 2002 3167 2047 sunt
3222 1991 3406 2046 homi-

1835 2107 1954 2154 nes,
1989 2100 2048 2146 ut
2076 2090 2290 2152 scribis.
2321 2105 2422 2144 nos
2443 2104 2568 2144 cum
2605 2089 2671 2142 ab
2707 2087 2809 2141 hoc
2847 2085 3217 2156 patriarchatu
3257 2082 3410 2138 exci-

1836 2185 2124 2246 dissemus,
2157 2183 2223 2237 ad
2255 2180 2399 2235 aliud
2435 2186 2813 2251 argumentum
2853 2191 3040 2231 versos
3079 2176 3291 2238 fuisse;
3335 2188 3406 2228 ne

1838 2284 1993 2330 curet
2041 2272 2349 2328 reverentia
2410 2280 2541 2325 tua:
2573 2269 2725 2324 novit
2782 2268 2924 2322 Deus
2973 2267 3266 2321 motionem
3293 2264 3410 2334 pri-

1837 2380 1979 2420 mam
2018 2372 2074 2419 et
2109 2361 2436 2426 secundam;
2484 2359 2576 2414 sed
2614 2367 2670 2413 et
2715 2357 2927 2412 tertiam
2959 2355 3076 2426 ipse
3134 2353 3407 2425 probabit,

1838 2457 1953 2527 ipse
1997 2456 2304 2524 redarguet,
2335 2453 2450 2523 ipse
2480 2449 2892 2522 repraesentabit
2920 2446 3261 2502 formidando
3302 2446 3406 2500 tri-

1837 2547 2020 2603 bunali
2056 2565 2069 2600 :
2102 2545 2334 2600 reddens
2361 2545 2497 2614 ipse,
2528 2551 2688 2613 prout
2715 2538 3132 2596 tractaverimus
3153 2547 3209 2592 et
3228 2536 3410 2607 egeri-

1840 2654 1982 2694 mus.
2027 2636 2163 2692 Illud
2222 2637 2366 2691 enim
2401 2654 2414 2689 :
2455 2634 2512 2689 Si
2544 2633 2836 2688 hominibus
2860 2631 3154 2699 placerem,
3216 2627 3412 2682 Christi

1837 2747 2013 2786 servus
2040 2746 2143 2784 non
2167 2745 2327 2783 essem
2346 2725 2414 2794 ¹³;
2444 2741 2604 2780 nona
2627 2724 2786 2779 nobis
2808 2721 3184 2794 peccatoribus
3203 2719 3411 2775 dictum

1840 2823 2071 2879 est.Nos
2099 2837 2225 2893 ergo
2252 2828 2308 2874 et
2337 2819 2664 2874 sanctissimi
2697 2815 3027 2887 patriarchae
3077 2813 3412 2868 mentionem

1843 2912 2090 2976 facimus,
2127 2919 2187 2965 ut
2226 2908 2501 2974 convenit,
2528 2909 2582 2963 in
2631 2906 2979 2979 mystagogia,
3007 2904 3150 2960 sicut
3211 2913 3266 2958 et
3294 2903 3416 2974 pio-

1844 3019 1963 3058 rum
1995 3003 2383 3072 imperatorum
2413 3009 2721 3054 nostrorum
2754 3017 2769 3053 :
2804 3009 3010 3053 etcum
3045 2997 3191 3051 omni
3233 3010 3410 3052 sacer-

1845 3097 1972 3152 dote
1999 3096 2274 3166 inculpato
2303 3093 2704 3148 communicare
2721 3106 2828 3145 non
2851 3090 3240 3145 detrectanius.
3265 3087 3416 3142 Seri-

163 3182 296 3251 γὰρ,
329 3181 397 3233 Et
417 3181 750 3248 ἀνθρώποις
777 3182 1071 3251 ἤρεσκον,
1091 3185 1348 3253 Χριστοῦ
1388 3185 1610 3252 δοῦλος
1632 3188 1739 3242 οὐκ

1845 3189 2052 3259 psimus
2082 3195 2137 3242 et
2162 3187 2230 3241 ad
2262 3187 2436 3256 ipsum
2475 3185 2857 3254 patriarcham,
2915 3198 3034 3247 nos,
3063 3180 3209 3251 quod
3245 3188 3300 3236 et
3330 3179 3408 3250 pii

166 3269 243 3324 ἂν
279 3270 453 3339 ἤμην
475 3287 490 3302 ·
527 3271 586 3323 οὺ
619 3272 756 3343 πρὸς
787 3274 945 3344 ἡμῶν
980 3274 1087 3328 τῶν
1126 3274 1473 3346 ἁμαρτωλῶν
1509 3277 1746 3346 φθέγγε-

171 3365 320 3420 σθαι.
369 3365 561 3435 Ἡμεῖς
587 3367 763 3420 τοίνυν
803 3368 896 3421 καὶ
930 3369 1021 3422 τοῦ
1054 3370 1363 3437 ἀγιωτάτου
1406 3373 1744 3442 πατριάρχου

172 3456 626 3527 μνημονεύομεν,
662 3459 737 3520 ὡς
791 3460 1045 3530 καθήκει,
1107 3463 1164 3515 ὲν
1216 3465 1282 3534 τῇ
1349 3464 1743 3534 μυσταγωγίαο

169 3547 365 3620 ὥσπερ
424 3549 518 3601 καὶ
562 3549 668 3602 τῶν
723 3551 965 3606 εὐσεϐῶν
1010 3553 1164 3623 ἡμῶν
1202 3553 1467 3622 βασιλέων
1500 3569 1512 3582 ’
1550 3556 1644 3608 καὶ
1675 3557 1738 3607 ὲκ

171 3640 378 3712 παντὸς
411 3639 737 3710 ἀδιαϐλὴτου
762 3645 1035 3696 κοινωνεῖν
1069 3644 1126 3696 ού
1158 3643 1592 3713 παραιτούμεθα.
1641 3645 1742 3696 Γει-

171 3732 474 3803 γράφαμέν
506 3748 565 3784 τε
613 3732 760 3802 αύτῷ
800 3733 876 3802 τῷ
908 3736 1188 3804 ἀρχιερεῖ·
1223 3735 1343 3787 ἐπεὶ
1375 3735 1468 3787 καὶ
1504 3737 1614 3796 τοῖς
1658 3736 1748 3788 εὑ·

175 3821 397 3874 σεϐἐσιν
457 3820 613 3889 ἡμῶν
667 3820 942 3888 βασιλεῦσι
993 3823 1233 3889 γνωστὸν
1271 3824 1516 3892 γέγονεν,
1575 3823 1655 3876 ὅτι
1690 3826 1746 3876 ὲν

1847 3281 2202 3350 imperatores
2249 3279 2418 3333 nostri
2461 3277 2668 3340 sciunt,
2719 3276 2771 3330 in
2804 3275 2954 3330 nulla
2984 3290 3045 3330 re
3081 3275 3414 3344 discrepare.

1848 3381 2204 3441 praeterquam
2233 3370 2300 3425 de
2331 3369 2570 3439 Josepbo
2603 3377 2692 3424 :et
2721 3368 2882 3423 simul
2903 3382 2966 3421 ac
3002 3365 3262 3437 depulsus
3299 3363 3417 3419 fue-

1850 3461 1918 3516 rit
1956 3461 2278 3525 sacerdotio,
2333 3475 2458 3515 cum
2507 3462 2626 3529 ipso
2672 3458 2855 3514 statim
2894 3457 3414 3513 communieaturos.

1850 3554 2064 3608 Etenim
2105 3552 2512 3608 desiderabilem
2553 3552 2712 3607 nobis
2735 3551 2911 3606 virum
2938 3565 3076 3614 esse,
3106 3565 3212 3605 non
3242 3549 3420 3605 solum

1853 3643 1992 3713 quod
2029 3651 2193 3713 caput
2221 3643 2291 3697 sit
2320 3642 2576 3698 Ecclesia:
2613 3652 2846 3708 nostrae;
2871 3642 2966 3697 sed
2997 3641 3122 3712 quia
3150 3641 3261 3712 jam
3289 3641 3418 3695 olim

1855 3732 2188 3788 reverendus
2221 3734 2379 3788 nobis
2402 3743 2520 3789 erat
2550 3751 2563 3787 :
2595 3743 2648 3788 et
2678 3733 2885 3806 singula
2913 3733 3084 3805 ipsius
3104 3733 3230 3788 vitae
3277 3732 3419 3787 bona

1858 3825 2077 3879 laudare
2103 3839 2212 3878 non
2243 3839 2535 3880 cessamus.

169 3914 352 3966 οὐδενὶ⁹
379 3911 771 3983 διαφερόμεθα,
803 3911 835 3980 ἢ
878 3912 1036 3982 μόνον
1065 3913 1154 3967 διὰ
1180 3913 1270 3968 τὸν
1307 3913 1502 3983 Ἰωσήφ
1532 3931 1545 3944 ο
1581 3916 1671 3968 καὶ
1696 3917 1853 3988 ἡνίκα
1875 3909 2025 3979 οὗτος
2065 3915 2337 3987 ὑποσταλῇ
2367 3917 2466 3988 τῆς
2499 3917 2827 3989 ἱερουργίας,
2864 3915 3026 3980 εὐθὺς
3053 3914 3421 3985 κοινωνοῦμεν

173 4004 346 4071 αὐτῷ.
383 4003 494 4056 Καὶ
523 4002 755 4074 ποθητὺς
780 4005 953 4075 ἡμῖνό
973 4005 1129 4077 ἀνὴρ,
1162 4006 1222 4059 οὐ
1257 4006 1414 4076 μόνον
1445 4009 1522 4059 ὅτι
1553 4011 1763 4082 κορυφὴ
1783 4013 1880 4082 τῆς
1902 4007 2020 4063 καθ’
2050 4009 2196 4079 ἡμᾶς
2241 4009 2565 4080 Ἐκκλησίας
2592 4011 2815 4080 γέγονεν
2839 4051 2854 4076 ,
2892 4007 3008 4065 ἀλλ’
3043 4011 3125 4064 ὅτι
3145 4010 3239 4062 καὶ
3257 4009 3419 4062 σεσα-

174 4101 298 4164 me;
335 4103 472 4169 ἡμῖν
521 4099 774 4155 ἔκπαλαι.
828 4103 938 4156 Kal.
979 4104 1077 4156 ὅσα
1114 4103 1208 4156 τοῦ
1276 4102 1392 4172 βίου
1459 4105 1623 4158 αὐτοῦ
1669 4107 1827 4175 καλὰ,
1864 4105 2258 4177 ἀποσεμνύνειν
2284 4105 2344 4159 οὐ
2384 4105 2689 4176 παυόμεθα.

248 4196 310 4248 Εἰ
337 4194 394 4246 δὲ
421 4192 618 4262 φθάσει
649 4194 730 4247 ὅτι
761 4195 855 4247 καὶ
914 4196 1076 4258 αὐτὸς
1115 4194 1434 4264 ἀποδέχεται
1466 4197 1555 4249 τὸν
1595 4196 1753 4265 ζῆλον

173 4286 274 4358 (ὲῶ
325 4285 439 4355 γὰρ
482 4285 664 4353 λέγειν
720 4286 1053 4348 ἐπισκόπους
1089 4287 1297 4354 ἁγίους,
1329 4289 1666 4358 ἡγουμένους
1696 4308 1752 4343 τε

175 4379 273 4431 καὶ
309 4377 669 4448 μονάζοντας,
719 4381 814 4431 καὶ
846 4378 1046 4446 πλῆθος
1079 4378 1326 4450 λαῖκῶν),
1366 4379 1417 4432 τί
1454 4381 1649 4452 φαίηὴ
1688 4383 1754 4453 σὴ

174 4471 446 4540 φιλότηςς
478 4469 569 4523 Διὸ
599 4469 707 4523 ῐσθι
741 4469 815 4541 μὴ
844 4466 983 4525 εἶναι
1017 4471 1222 4541 σχίσμα
1254 4472 1351 4540 τῆς
1391 4473 1715 4544 Ἐκκλησίας
1737 4491 1750 4504 ·

1922 4198 1976 4253 Si
2031 4213 2158 4252 vero
2190 4198 2487 4268 contingat,
2511 4208 2564 4251 et
2585 4197 2698 4268 ipse
2744 4212 2961 4267 quoque
2983 4197 3154 4251 zelum
3193 4199 3424 4270 accipiat

1854 4289 2032 4357 (mitto
2070 4288 2217 4342 enim
2247 4287 2314 4341 de
2378 4287 2580 4342 sanctis
2613 4287 2885 4357 episc0pis
2944 4287 3151 4352 dicere,
3181 4289 3248 4343 de
3282 4305 3425 4358 prae-

1852 4380 2041 4451 positis
2078 4388 2130 4434 ct
2157 4379 2456 4444 monachis,
2493 4379 2667 4449 deque
2721 4379 2980 4432 Iaicorum
3014 4379 3420 4450 multitudine),

1853 4472 1980 4542 quid
2008 4480 2121 4524 tum
2158 4470 2304 4525 dicet
2356 4470 2590 4525 charitas
2624 4469 2755 4523 tua?
2787 4470 2966 4535 Quare
2997 4469 3134 4526 scito
3169 4470 3423 4527 Ecclesia:

173 4563 295 4616 ἀλλ’
326 4561 586 4632 ἀληθείας
608 4562 989 4632 ἐπικράτησιν,
1025 4563 1117 4616 καὶ
1140 4563 1247 4615 τῶν
1279 4562 1437 4615 θείων
1461 4565 1638 4633 νόμων
1661 4567 1739 4617 ὲκ-

1856 4563 2088 4617 sehisma
2113 4562 2318 4616 nullum
2345 4577 2483 4628 esse,
2515 4561 2610 4616 sed
2635 4551 2878 4617 thitatis
2909 4562 3304 4627 defensionem,
3338 4566 3423 4619 di-

171 4647 397 4718 δίκησιν
420 4663 434 4676 ·
466 4648 651 4718 ἕτερον
680 4648 758 4714 δὲ,
789 4647 864 4709 ὡς
897 4649 1032 4722 ἔφθη
1064 4651 1608 4723 είποῦσαὴτιμιότης
1637 4671 1750 4718 σου,

174 4741 282 4808 τῆς
312 4737 574 4808 ἀληθείας
603 4738 780 4809 ῥῆξις,
817 4741 910 4793 καὶ
937 4742 1046 4794 τῶν
1071 4741 1312 4795 κανόνων
1349 4743 1381 4812 ἡ
1415 4744 1716 4814 παράλυσις
1740 4761 1754 4776 ·

177 4833 278 4884 καὶ
318 4833 498 4885 έκεῖνο
524 4830 637 4902 ἔχει
675 4848 756 4884 σοι
790 4831 972 4894 καλῶς
1001 4832 1288 4901 λέγεσθαι·
1331 4837 1396 4888 Οἱ
1422 4835 1596 4904 ἱερεῖς
1620 4836 1757 4904 ἠθέ-

177 4942 332 4977 tom-
357 4924 546 4994 νόμον
562 4942 704 4994 μου,
728 4923 826 4978 καὶ
859 4924 1190 4993 ὲὸεϐήλουν
1212 4927 1282 4980 τὰ
1309 4927 1445 4996 ἅγιά
1467 4946 1586 4996 μου
1606 4944 1620 4958 °
1649 4929 1757 4993 ,βε-

176 5017 397 5083 ϐήλοις
427 5017 524 5070 καί
554 5018 748 5083 ὁσίοις
773 5019 844 5073 οὐ
878 5017 1248 5084 διέστελλον,
1280 5021 1416 5074 ἀλλ’
1449 5017 1527 5089 ἦν
1554 5022 1757 5087 αὺτοῖς

178 5111 426 5165 ἅπαντα
470 5109 660 5164 κουρά.
697 5110 771 5164 Τὸ
813 5111 922 5183 γὰρ
965 5114 1039 5182 μὴ
1072 5112 1216 5182 ἔχειν
1248 5113 1434 5166 σπῖλον
1479 5114 1510 5168 ἦ
1549 5115 1755 5185 ῥυτίδα,

178 5203 276 5255 ἵνα
305 5202 396 5254 καί
432 5201 596 5253 πάλιν
623 5201 884 5268 εῖπωμεν,
923 5201 1064 5255 οὓτω
1090 5201 1306 5256 νοείτω·
1345 5203 1406 5254 τὸ
1440 5203 1513 5274 μὴ
1538 5220 1759 5274 προσιε-

179 5294 358 5364 μένην
401 5291 471 5346 τά
512 5310 568 5344 τε
605 5292 774 5362 ἀσεϐῆ
801 5294 1046 5363 δόγματα
1079 5297 1172 5346 καὶ
1205 5293 1269 5345 τά
1301 5295 1620 5347 ἀκανόνιστα
1663 5297 1754 5362 εγ-

1855 4653 2212 4723 vinorumque
2243 4669 2509 4708 canonum
2545 4653 2963 4709 vindicationem
2992 4672 3005 4707 :
3039 4655 3270 4710 alterum
3296 4671 3426 4712 vero

1855 4747 2008 4812 illud,
2033 4747 2176 4815 quod
2203 4747 2437 4802 asseruit
2489 4746 2794 4801 reverentia
2828 4755 2938 4810 tua,
2962 4746 3207 4802 veritatis
3254 4747 3425 4803 infra-

1855 4840 2087 4895 ctionem
2120 4849 2174 4894 et
2199 4855 2466 4893 canonum
2501 4837 2840 4892 eversionem
2873 4853 2994 4893 esse
3029 4855 3044 4902 ;
3077 4854 3138 4892 ac
3171 4839 3266 4892 tibi
3294 4839 3426 4894 illud

1856 4926 1956 4982 diei
1983 4935 2123 4982 recte
2147 4942 2306 4996 posse
2333 4944 2346 4979 :
2371 4925 2675 4979 Sacerdotes
2703 4925 2866 4995 legem
2895 4942 3061 4979 meam
3091 4926 3423 4996 spernebant,

1855 5029 1902 5074 et
1924 5020 2274 5089 profanabant
2293 5018 2599 5071 sanctuaria
2631 5034 2782 5072 mea:
2805 5020 3024 5087 profana
3048 5029 3095 5072 et
3119 5030 3304 5072 sancta
3327 5036 3429 5074 non

1855 5111 2262 5181 distinguebant,
2309 5111 2397 5164 sed
2451 5121 2601 5164 erant
2645 5111 2750 5164 illis
2807 5111 3103 5164 communia
3153 5112 3330 5164 omnia
3357 5110 3426 5163 ⁸⁵.

1864 5201 2072 5256 Nullam
2095 5202 2236 5256 enim
2267 5202 2527 5256 maculam
2553 5201 2752 5256 habere
2775 5210 2867 5254 aut
2890 5215 3098 5271 rugam,
3134 5210 3192 5255 ut
3228 5202 3426 5257 iterum

1865 5293 2059 5356 dicam,
2110 5293 2188 5346 sic
2225 5291 2659 5361 intelligendum,
2690 5291 2830 5359 quod
2863 5306 2969 5344 non
3001 5291 3225 5362 recipiat
3264 5292 3425 5362 impia

175 5385 520 5455 χειρὴματα.
557 5385 631 5436 Οὐ
670 5385 776 5454 μὴν
800 5385 935 5438 ἀλλά
963 5388 1055 5438 καὶ
1083 5387 1148 5439 τά
1178 5387 1234 5438 ἐν
1257 5389 1368 5447 τοῖς
1399 5386 1733 5456 αύτουργοῦσ

1861 5386 2127 5456 dogmata,
2148 5401 2248 5440 nec
2275 5400 2436 5438 ausus
2463 5384 2675 5437 illicitos
2697 5393 2750 5436 ct
2775 5383 3073 5437 canonibus
3093 5384 3422 5437 contrarios:

173 5481 250 5530 τὰ
288 5479 713 5547 ἀπηγορευμένα
762 5480 1221 5548 συμφρονήματα,
1256 5478 1330 5540 ὦς
1373 5478 1473 5530 πού
1525 5496 1690 5548 φησιν
1732 5498 1739 5526 t

1865 5493 2040 5546 neque
2075 5478 2209 5530 adeo
2227 5476 2529 5531 consentiat
2545 5475 2610 5529 iis
2629 5474 2720 5545 qui
2747 5475 2910 5529 vetita
2936 5474 3033 5544 ipsi
3061 5474 3426 5536 committunt.

177 5573 332 5631 θεῖος
367 5569 643 5634 Βασίλειος
665 5588 678 5601 ·
712 5571 846 5641 πρὸς
875 5571 910 5624 ἃ
945 5570 1150 5633 Παῦλος
1180 5573 1207 5622 ὁ
1243 5571 1437 5640 μέγας,
1478 5571 1598 5623 οὐδὲ
1634 5588 1739 5623 συν-

1868 5581 1926 5624 ut
1951 5572 2180 5640 quodam
2237 5571 2352 5624 loco
2404 5569 2479 5622 ait
2519 5568 2736 5622 divinus
2767 5566 3118 5633 Basilius;de
3142 5566 3337 5635 quibus
3374 5575 3430 5620 et

179 5665 472 5717 ιστιίςθαι
509 5666 619 5726 τοῖς
653 5663 913 5726 τοιούτοις
947 5665 1286 5734 παραχωρεῖ.
1329 5663 1482 5715 Ἐπεὶ
1515 5663 1621 5714 ἀπὸ
1652 5661 1739 5714 τῶι

1866 5679 2090 5734 magnus
2119 5663 2312 5716 Paulus
2339 5662 2399 5724 ⁸⁵,
2419 5675 2516 5714 nec
2537 5659 2697 5712 edere
2722 5674 2843 5712 cum
2875 5657 3066 5712 talibus
3085 5658 3425 5727 permittens.

343 5865 520 5922 Calat.
552 5880 588 5930 ι,
621 5864 702 5918 10.
783 5863 827 5891 ⁸⁵
860 5864 1055 5919 Ειροιι.
1082 5882 1216 5923 xxu.
1239 5865 1326 5917 26.

524 5962 792 6017 PATROL.
840 5960 952 6020 Gri.
1006 5961 1223 6019 XCIX.

1403 5864 1445 5897 ⁸³
1481 5866 1496 5916 l
1522 5864 1646 5917 Cor.
1679 5878 1729 5924 ι’,
1758 5879 1814 5914 u.

3013 5947 3098 6019 32
