3914 6442
543 315 683 380 1003

1730 319 1788 377 S.
1818 316 2212 380 THEODORI
2254 320 2602 382 STUDITAE

3653 318 3779 385 ιοοι

541 426 753 482 Etenim
778 423 846 479 ab
884 421 1157 493 Apostolis
1180 430 1234 478 et
1268 421 1527 493 deinceps
1556 422 1739 478 multa:
1786 438 2027 494 persaepe
2056 424 2110 477 in

2234 424 2531 478 ἱποστόλων
2564 423 2657 477 καὶ
2697 423 2946 491 κατόπιν,
2985 422 3268 495 πολλαχῶς
3313 424 3510 479 πολλαὶ
3558 428 3785 499 αἱρέσεις

539 530 657 571 eam
692 515 925 569 haereses
984 512 1258 568 irruerunt
1292 530 1304 565 :
1339 521 1393 566 et
1422 510 1622 582 ﬂagitia
1655 512 1859 576 illicita,
1891 512 2117 567 canoni-

542 608 642 661 bus
672 606 923 669 adversa,
959 601 1200 668 fuerunt,
1234 603 1377 658 sicut
1407 619 1554 659 nunc
1578 613 1708 657 sunt
1744 620 1757 657 :
1792 604 1879 657 illa
1911 613 2115 668 tamen,

540 692 1000 765 quemadmodum
1033 692 1235 745 dictum
1290 699 1391 755 est,
1424 691 1541 745 sine
1587 690 1880 745 schismate
1909 700 1964 745 et
2006 707 2121 745 ma-

540 786 659 842 cula
684 784 901 848 mansit,
928 792 984 838 et
1030 793 1309 852 permanet
1349 783 1402 836 in
1426 791 1714 845 aeternum,
1742 781 2037 836 subtractis
2066 791 2121 836 et

542 876 729 947 ejectis
757 874 825 929 ab
850 889 913 929 ea
948 874 1086 928 male
1114 873 1477 927 sentientibus
1508 872 1755 942 maleque
1800 874 2083 942 agentibus
2105 913 2117 925 .

544 976 801 1036 tanquam
851 966 1102 1022 ﬂuctibus
1129 965 1198 1020 ab
1235 964 1563 1020 inconcusso
1590 974 1644 1019 et
1671 964 1942 1019 maritimo
1991 979 2121 1019 saxo

546 1060 799 1130 repulsis.

614 1255 693 1309 Ad
726 1269 827 1309 nos
857 1252 1019 1324 igitur
1034 1252 1334 1315 redeamus,
1362 1250 1549 1314 frater,
1581 1258 1634 1305 et
1660 1248 1903 1305 veritatis
1947 1248 2121 1303 lucem

545 1363 935 1417 sacrorumque
964 1361 1236 1401 canonum
1280 1343 1628 1414 aspiciamus,
1665 1336 2122 1412 quemadmodum

546 1442 792 1512 dogmata
825 1450 1010 1495 tenere
1038 1440 1285 1493 videmur
1321 1457 1333 1491 :
1374 1453 1473 1491 nos
1504 1436 1851 1505 potissimum
1875 1434 1968 1505 qui
2002 1450 2124 1488 mo-

547 1532 705 1586 nachi
737 1547 945 1595 sumus,
982 1539 1036 1584 et
1075 1528 1276 1596 aliquid
1299 1543 1419 1582 esse
1450 1527 1846 1582 existimamur.
1903 1522 1962 1578 Si
1987 1525 2123 1577 enim

548 1624 724 1678 lumen
780 1623 919 1693 quod
983 1623 1038 1674 in
1085 1623 1231 1674 nobis
1295 1628 1370 1674 est
1429 1620 1650 1673 tenebrae
1704 1616 2126 1673 sunt:tenebrm

546 1726 759 1785 quanta:
813 1722 965 1769 erunt
991 1714 1085 1768 “‘i
1118 1722 1164 1767 et
1193 1713 1239 1767 si
1263 1712 1346 1766 sal
1378 1713 1677 1776 eranuerit,
1711 1711 1767 1764 in
1796 1726 1895 1780 quo
1925 1709 2123 1763 salien-

2219 515 2687 587 προσερρἀγησαν
2732 516 2903 588 αὐτῇ·
2949 516 3044 571 καὶ
3091 501 3425 590 ρυίπάσματα
3454 518 3679 591 ἄθεσμα
3707 523 3789 574 καὶ

2220 606 2550 659 ἀκανόνιστσ.
2603 605 2969 674 ἐπεπόλασαν,
3024 606 3213 678 ὥσπερ
3254 608 3351 661 καὶ
3394 607 3455 662 τὸ
3504 607 3635 662 νῦν·
3670 610 3791 663 ά)λά

2223 696 2330 768 μὴν
2382 696 2522 767 αὐτὴ
2578 696 2658 769 τῷ
2710 698 3094 770 προειρημένῳ
3150 699 3339 771 τρόπῳ
3399 701 3659 769 ἄσχιστος
3709 704 3791 756 καὶ

2220 788 2522 859 ἀμώμητος
2552 787 2945 862 διαμεμένηκε,
2980 791 3075 844 καὶ
3101 790 3354 860 διαμενεῖ
3396 791 3505 855 ἕως
3539 791 3633 845 τοῦ
3667 794 3792 846 αἰῶ-

2222 896 2331 945 νος,
2357 880 2836 951 ὐπεξαιρουμένων
2876 883 2968 935 καὶ
2994 884 3481 954 ἀποπεμπομένων
3506 884 3604 937 ἀπ’
3635 885 3793 953 αὐτῆς

2220 972 2330 1027 τῶν
2392 972 2578 1036 κακῶς
2632 974 3025 1045 φρονησάντων
3082 975 3116 1046 ἢ
3178 974 3508 1046 πραξάντων
3534 992 3549 1006 ⁸
3616 974 3795 1046 ὥσπερ

2223 1067 2280 1132 ἐξ
2310 1066 2562 1119 ἀσείστου
2605 1068 2698 1121 καὶ
2744 1068 3013 1139 παραλίου
3056 1069 3264 1141 πέτρας
3293 1068 3363 1123 τὰ
3389 1070 3798 1141 προσρήσσοντα

2224 1158 2468 1229 κύματα.

2294 1253 2388 1316 El;
2421 1253 2650 1318 ἑαυτοὺς
2688 1249 2784 1309 οὖν
2823 1254 3131 1326 γενώμεθα,
3158 1248 3203 1310 ὧ
3232 1256 3449 1327 ἀδελφέ,
3478 1258 3576 1312 καὶ
3596 1258 3799 1315 ἀπίδοι

2227 1362 2324 1415 μεν
2356 1345 2494 1415 πρὸς
2520 1346 2581 1399 τὸ
2607 1346 2723 1417 φῶς
2751 1346 2851 1417 τῆς
2878 1347 3159 1418 ἀληθείας,
3192 1351 3285 1402 καὶ
3312 1350 3421 1403 τῶν
3451 1351 3617 1421 ίερῶν
3643 1354 3799 1405 κανό-

2226 1454 2353 1498 νων,
2383 1435 2571 1509 ὥσπερ
2591 1440 2686 1492 καὶ
2708 1440 2814 1492 τῶν
2834 1437 3120 1509 δογμάτων
3140 1443 3430 1511 ἐγκρατεῖς
3452 1444 3797 1513 φαινοίμεθα·

2229 1527 2463 1597 μάλιστα
2491 1530 2652 1599 ἡμεῖς
2684 1530 2734 1583 οἱ
2770 1531 3096 1601 μονάζοντες
3116 1546 3133 1561 ο
3166 1531 3402 1601 μάλιστα
3436 1535 3600 1604 ἡμεῖς
3637 1535 3689 1587 oi
3715 1534 3800 1587 δο-

2225 1618 2445 1683 κοῦντες
2498 1616 2637 1674 εἷναί
2678 1638 2757 1675 τι.
2793 1624 2863 1677 Εἰ
2889 1622 2999 1692 γὰρ
3031 1623 3099 1677 τὸ
3127 1623 3197 1677 ἐν
3216 1623 3357 1693 ἡμῖν
3386 1623 3515 1694 φῶς
3539 1628 3765 1691 σκότος
3784 1640 3797 1654 ’

2224 1708 2291 1763 τὸ
2315 1711 2536 1778 σκότος
2562 1711 2799 1779 πόσον;
2824 1714 2941 1781 καὶ,
2965 1718 3034 1770 El
3050 1716 3116 1769 τὸ
3140 1716 3295 1783 ἅλας
3324 1718 3802 1786 μωρανθήσεται.

548 1818 634 1861 tur
663 1806 710 1839 ⁸⁷
742 1807 900 1862 laici?
931 1807 1272 1862 Arbitrantur
1299 1813 1374 1872 te,
1402 1806 1563 1875 idque
1589 1820 1899 1875 precamur,
1927 1818 2117 1856 eorum

2234 1799 2290 1854 ἐν
2328 1802 2447 1857 τινι
2495 1803 2934 1871 ἁλισθήσονται
2983 1806 3033 1858 οί
3078 1802 3257 1860 λαῖκοί
3281 1825 3295 1873 ;
3342 1806 3534 1877 Ἡμεῖς
3579 1810 3805 1879 οἰόμεθά

546 1917 666 1971 qua:
699 1900 773 1955 ibi
799 1908 948 1964 sunt,
975 1908 1305 1956 servatorem
1328 1896 1462 1961 lore,
1485 1897 1738 1952 etlumen
1763 1905 1815 1950 et
1845 1896 2121 1949 lucernam

548 1993 899 2063 perfectionis
923 2007 985 2046 ac
1015 1991 1231 2061 pietatis
1259 2010 1270 2045 :
1302 2006 1409 2043 non
1444 1990 1626 2043 omnia
1658 1998 1710 2043 te
1742 1986 1995 2043 omnibus
2028 2003 2125 2041 ex-

549 2084 805 2149 hibendo,
827 2084 918 2139 sed
945 2083 1159 2138 virtutis
1185 2082 1526 2147 excellentia,
1555 2088 1610 2135 et
1637 2081 1742 2135 vita
1767 2095 1831 2133 ex
1855 2095 2124 2135 canonum

548 2177 667 2248 lege
691 2185 830 2240 acta,
858 2184 1157 2245 sanctaque
1183 2174 1600 2229 conversatione
1634 2190 1646 2227 :
1681 2183 1736 2229 et
1761 2190 1918 2244 aequo
1943 2174 2126 2230 animo

550 2270 633 2323 fer
649 2268 831 2323 fratris
860 2269 935 2323 tui
963 2268 1387 2322 admonitionem
1424 2283 1489 2321 ex
1518 2266 1780 2321 charitate
1802 2265 2123 2336 profectam,

551 2360 842 2430 studioque
891 2360 1155 2422 veritatis,
1182 2368 1237 2413 et
1266 2359 1452 2414 divino
1482 2358 1709 2429 judicio.
1746 2358 1909 2413 Plura
1942 2358 2126 2413 dicere

551 2452 767 2506 animus
798 2451 1158 2518 desiderabat,
1194 2451 1289 2506 sed
1335 2450 1576 2520 epistola:
1628 2450 1910 2520 prolixitas
1964 2450 2124 2504 linem

552 2545 729 2599 facere
758 2545 955 2615 coegit.
982 2542 1144 2597 Grata
1169 2543 1328 2597 nobis
1357 2542 1458 2595 fuit
1486 2542 1696 2612 eulogia
1729 2551 1819 2595 tua
1841 2541 2124 2611 praedives,

552 2644 608 2691 et
632 2652 761 2691 cura
788 2651 949 2705 quam
996 2635 1140 2706 geris
1180 2634 1247 2688 de
1280 2633 1470 2687 humili
1518 2632 1849 2687 monasterio
1876 2639 1971 2686 tuo
2001 2649 2015 2685 :
2042 2646 2130 2685 ar—

552 2732 869 2795 gumentum
899 2723 1043 2793 quod
1087 2736 1276 2792 parcas
1307 2731 1362 2776 et
1395 2736 1492 2791 pro
1523 2737 1588 2776 eo
1641 2722 1874 2775 labores.
1906 2718 2129 2791 Magnus

551 2816 705 2871 labor
740 2825 863 2871 tuus
892 2834 905 2870 :
930 2815 1024 2870 sed
1055 2815 1315 2870 Dominus
1336 2814 1431 2870 tibi
1460 2813 1724 2868 retribuet
1754 2828 1872 2882 quae
1910 2812 2128 2866 deside-

554 2923 677 2963 ras:
703 2909 963 2963 virlutum
979 2910 1396 2974 incrementum,
1420 2916 1473 2963 et
1494 2906 1819 2977 perennium
1843 2906 2016 2975 ipsius
2030 2905 2127 2959 bo-

555 3016 751 3065 norum
782 3000 1114 3055 fruitioncm.

841 3312 1101 3368 XXlX.—
1137 3310 1299 3365 Leoni
1354 3307 1792 3377 orphanotropho.

2228 1902 2310 1956 σε,
2339 1891 2433 1944 καὶ
2456 1891 2749 1962 εὐχόμεθα,
2776 1894 2887 1948 τῶν
2921 1895 3107 1949 αὐτόθι
3138 1895 3360 1967 σωτῆρα
3390 1893 3527 1950 εἶναι
3558 1899 3656 1951 καὶ
3692 1917 3803 1969 φω-

2230 1982 2423 2053 στῆρα,
2453 1986 2548 2035 xal
2577 1984 2771 2055 λύχνον
2798 1987 3089 2058 ἀκριϐείας
3131 1988 3226 2042 καὶ
3255 1989 3573 2053 εὐσεόείας·
3611 1992 3715 2045 οὐκ
3744 1994 3806 2045 ἐκ

2226 2072 2321 2127 τοῦ
2366 2076 2501 2128 πᾶσι
2534 2075 2602 2129 τὰ
2636 2079 2813 2131 πάντα
2840 2079 3107 2147 γίνεσθαι,
3136 2080 3252 2134 ἀλλ’
3286 2082 3352 2135 ἐκ
3392 2082 3487 2136 τοῦ
3543 2083 3645 2154 τῆς
3676 2087 3805 2156 ἀρε-

2228 2166 2326 2236 τῆς
2363 2167 2553 2236 ὕψους,
2592 2170 2689 2225 καὶ
2718 2173 2783 2225 ἐκ
2816 2171 2912 2225 τοῦ
2940 2174 3397 2246 κεκανονισμένου
3428 2177 3547 2247 βίου
3566 2218 3582 2243 ,
3618 2180 3718 2232 καὶ
3746 2182 3809 2232 ἐκ

2228 2258 2321 2312 τοῦ
2382 2261 2747 2331 ἱεροπρεποῦς
2796 2264 3211 2335 πολιτεύματος.
3256 2267 3367 2321 Καὶ
3402 2268 3534 2337 φέρε
3574 2269 3807 2340 ἀδελφοῦ

2231 2366 2325 2403 σου
2348 2351 2657 2423 ὑπόμνησιν
2681 2354 3031 2426 ἀγαπητικὴν
3052 2352 3238 2423 οὖσαν,
3270 2359 3366 2411 καὶ
3390 2359 3685 2431 φιλαλήθη,
3718 2363 3809 2414 καὶ

2229 2443 2528 2515 θεόκριτον.
2556 2446 2665 2500 Καὶ
2692 2445 2759 2500 τά
2793 2446 2961 2499 πλείω
2991 2446 3169 2515 λέγειν
3194 2448 3226 2517 ἡ
3252 2448 3512 2518 ἐπιθυμία
3545 2468 3614 2521 με
3640 2453 3808 2504 31x5:-

2228 2537 2261 2605 η
2310 2537 2542 2605 ἀμετρία
2596 2538 2653 2590 δὲ
2694 2536 2787 2590 τοῦ
2822 2538 3149 2607 γράμματος
3197 2537 3530 2592 συνέλκουσα
3577 2543 3811 2595 ἐνταῦθα

2231 2624 2378 2693 ἡμᾶς
2410 2625 2737 2680 καταπαύει.
2770 2624 3179 2696 Ἀπεδεξάμεθά
3204 2642 3298 2679 σου
3322 2627 3505 2681 τοίνυν
3531 2630 3633 2701 τὴν
3665 2632 3812 2684 εὐλο-

2231 2714 2359 2781 γίαν
2392 2714 2491 2784 τὴν
2520 2713 2801 2769 πλουσίαν.
2836 2717 2946 2769 Kal
2973 2718 3053 2770 ὅτι
3088 2717 3413 2787 ἐφρόντισας
3436 2719 3570 2790 περὶ
3591 2721 3697 2791 τῆς
3721 2739 3815 2775 τα-

2230 2800 2544 2867 πεινώσεως
2592 2803 2686 2857 τοῦ
2720 2806 3087 2877 μοναστηρίου
3141 2823 3269 2859 σου·
3319 2808 3519 2879 δεῖγμα
3570 2810 3671 2879 μὲν
3719 2810 3812 2865 τοῦ

2231 2893 2509 2963 φείδεσθαι
2542 2895 2637 2948 καὶ
2665 2898 2846 2949 πονεῖν
2877 2896 3014 2968 ὑπὲρ
3036 2895 3223 2964 αὐτοῦ,
3256 2899 3422 2962 κόπος
3464 2900 3522 2953 δέ
3561 2918 3655 2954 σου
3690 2904 3812 2956 ἱκα-

2230 2988 2339 3047 νός.
2382 2987 2522 3040 Ἀλλ’
2544 2988 2572 3039 ό
2603 2990 2806 3060 Κύριος
2832 2989 3224 3061 ἀνταμείψεταί
3254 3006 3312 3042 σε
3332 2983 3413 3054 οἷς
3443 2992 3695 3063 χρῄζεις,
3720 2994 3816 3065 τὴν

2233 3078 2341 3131 τῶν
2369 3080 2581 3150 ἀρετῶν
2601 3080 2961 3153 ἐπανάληψιν,
2984 3081 3081 3134 καὶ
3106 3080 3206 3150 τὴν
3231 3078 3343 3134 τῶν
3371 3082 3610 3138 αἰωνίων
3641 3086 3813 3141 αὐτοῦ

2159 3148 2201 3205 c
2240 3148 2464 3239 ἀγαθῶν
2497 3173 2819 3229 ἀπόλαυσιν.

2447 3308 2578 3363 ΚΘ’.
2610 3339 2680 3349 -
2705 3310 2919 3367 Λέοντι
2953 3313 3395 3387 ὀρφανοτρόφῳ.
3436 3317 3604 3392 [μη’.]

1960 3462 2015 3513 In
2041 3471 2250 3517 mortem
2272 3465 2385 3518 ﬁlii.

627 3578 997 3651 Cupiebamus
1038 3577 1257 3648 ipsimet
1282 3575 1469 3630 venire
1497 3588 1950 3645 communemque
1975 3575 2135 3631 nobis

557 3673 734 3729 facere
764 3683 1065 3725 aerumnam
1099 3675 1333 3721 vostram
1373 3666 1516 3721 circa
1559 3665 1781 3721 beatum
1833 3664 2001 3719 filium
2034 3681 2132 3721 ve-

559 3774 758 3829 atrum,
790 3762 1011 3817 domine
1050 3760 1121 3815 mi
1152 3758 1635 3823 desideratissime,
1665 3774 1773 3812 non
1809 3772 1907 3828 per
1927 3757 2132 3812 litteras

558 3855 934 3913 tantummodo
972 3869 1156 3908 casum
1186 3852 1388 3923 lugere,
1413 3850 1753 3919 tristitiaeque
1782 3860 1976 3905 vestrae
2004 3864 2133 3919 par-

559 3950 750 4019 ticipes
778 3948 1057 4002 vobiscum
1091 3944 1229 3999 ﬁeri.
1265 3942 1367 4009 Qui
1404 3944 1548 3998 enim
1574 3944 1747 4013 possit
1772 3957 1881 3997 non
1906 3942 2135 3997 misera-

556 4042 691 4105 bile,
722 4038 813 4109 qui
850 4038 1018 4109 possit
1043 4051 1154 4091 non
1194 4037 1523 4106 stupendum
1557 4034 1765 4100 videri,
1803 4034 1895 4089 ﬁlii
1920 4042 2042 4105 post
2068 4033 2133 4088 Ii-

556 4134 690 4188 lium
718 4132 1077 4203 privationem
1109 4128 1239 4200 pati,
1268 4138 1323 4185 et
1350 4128 1534 4182 vivum
1576 4126 1975 4197 quodammodo
2008 4126 2131 4181 the-

557 4240 782 4282 saurum
805 4224 1076 4285 amittere,
1104 4220 1319 4276 divitias
1346 4219 1598 4291 genitivaa
1625 4219 2006 4282 successionis,
2035 4233 2133 4273 ex-

556 4325 799 4388 optatum
854 4314 1089 4369 fructum
1121 4313 1333 4384 papillae
1372 4320 1652 4376 materna,
1702 4310 1919 4365 oculum
1971 4308 2131 4363 fami-

556 4412 642 4467 lia:
662 4408 1109 4482 pulcherrimum,
1141 4406 1274 4460 aviae
1298 4404 1562 4467 laetitiam,
1595 4403 1763 4457 totius
1794 4400 2131 4471 cognationis

556 4505 724 4560 decus
752 4511 807 4557 et
863 4496 1281 4555 ornamentum?
1308 4494 1525 4549 Primus
1563 4502 1714 4549 ortus
1760 4503 1843 4549 est
1875 4491 2083 4548 fructus
2115 4510 2129 4547 :

555 4608 611 4653 et
640 4596 963 4650 immaturus
993 4590 1296 4661 genitorum
1327 4603 1357 4641 e
1385 4586 1637 4641 manibus
1669 4592 1856 4653 raptus
1886 4594 1988 4639 est.
2022 4584 2131 4638 Na-

558 4699 644 4743 tus
661 4695 743 4741 est
761 4684 1050 4746 secundus,
1074 4690 1128 4736 et
1153 4682 1296 4734 hunc
1321 4693 1535 4748 quoque
1555 4692 1700 4731 mors
1730 4677 1922 4730 acerba
1941 4692 2132 4730 corru-

555 4781 656 4851 pit.
688 4778 870 4832 Tertia
927 4774 1092 4844 stirps
1145 4771 1364 4842 prodiit,
1419 4769 1844 4841 praecedentium
1877 4767 2131 4823 consola-

556 4850 651 4940 tio,
688 4871 994 4932 ﬂorulenta,
1015 4866 1357 4937 perpulchra,
1380 4864 1546 4917 vitam
1574 4862 1639 4916 ad
1676 4863 1892 4925 tertium
1921 4878 2127 4916 annum
2163 4850 2209 4908 ἰ)

554 4968 781 5027 ducens,
813 4964 867 5016 in
895 4975 999 5030 qua
1021 4971 1298 5027 suspensae
1329 4963 1611 5024 parentum
1639 4953 1833 5007 animae
1862 4954 2127 5007 teneban-

557 5069 646 5113 tur
679 5076 692 5111 :
729 5065 801 5119 et,
844 5070 878 5107 o
911 5050 1307 5107 calamitatem!
1344 5063 1465 5100 nam
1514 5060 1703 5100 vocem
1746 5060 1960 5115 quoque
2011 5062 2131 5115 pro-

555 5148 755 5206 scindit
788 5146 941 5202 dolor
972 5162 985 5199 :
1020 5141 1251 5198 excessit
1296 5139 1383 5193 hic
1416 5139 1577 5192 etiam
1608 5152 1676 5191 ex
1710 5138 1881 5193 oculis
1914 5137 2127 5203 vestris,

553 5245 807 5317 quodque
852 5239 1215 5295 miserrimum
1246 5242 1350 5297 est,
1380 5243 1533 5303 patre
1566 5248 1674 5287 non
1736 5242 2024 5302 prtcsente.
2068 5232 2133 5286 Et

552 5338 683 5409 quid
709 5350 846 5405 opus
879 5342 962 5387 est
1004 5329 1361 5385 calamitatem
1391 5340 1712 5397 cxaggerarc
1738 5326 1759 5378 ?
1788 5324 2130 5381 Conscissum

553 5432 637 5478 est
668 5438 762 5476 cor
812 5430 1077 5484 vestrum,
1108 5415 1297 5487 patris,
1341 5414 1551 5478 matris,
1582 5414 1812 5468 dominae
1856 5415 2128 5485 patriciae;

554 5520 610 5564 et
641 5524 737 5579 per
796 5518 1081 5577 utramque
1140 5503 1345 5577 gladius
1391 5504 1739 5575 pertransivit
1784 5522 1796 5570 ;
1850 5505 2131 5575 dolorique

558 5602 881 5665 medebitur,
914 5616 1023 5654 non
1074 5616 1273 5669 sermo,
1312 5616 1420 5655 non
1470 5597 1770 5653 consolatio
1801 5598 1880 5653 vel
1934 5599 2000 5653 ab
2036 5599 2135 5653 lto-

636 5776 677 5808 "
712 5779 899 5833 Matth.
934 5795 1006 5849 γι,
1045 5778 1136 5834 25.
1214 5779 1256 5811 "
1281 5778 1471 5834 Matth.
1502 5798 1551 5848 v,
1586 5781 1669 5835 15.

2320 3573 2688 3647 Ἐὃουλὸμεθα
2735 3577 2899 3647 ἡμεῖς
2938 3575 3090 3631 αὐτοὶ
3120 3578 3394 3649 παρεῖναι,
3430 3579 3525 3634 καὶ
3556 3585 3824 3656 κοινωνῆ-

2238 3685 2329 3721 σαι
2371 3668 2471 3737 τῆς
2516 3668 2743 3741 ἐνούσης
2776 3669 2903 3740 ὐμῖν
2940 3672 3248 3741 συμφορᾶς,
3284 3671 3413 3744 περὶ
3441 3672 3503 3727 τὸ
3543 3677 3825 3748 μακάριον

2237 3758 2390 3828 ὐμῶν
2433 3759 2642 3823 τέκνον,
2686 3759 2844 3831 κύριέ
2896 3778 2999 3831 μου
3050 3761 3421 3829 ποθεινότατε,
3452 3766 3550 3835 οὐχ
3595 3766 3681 3820 ὅτι
3733 3768 3824 3821 διὰ

2236 3850 2564 3919 γράμματος
2594 3849 2936 3921 θρηνῳδῆσαι
2964 3852 3025 3906 τὸ
3064 3853 3238 3916 πάθος
3276 3855 3373 3908 xal
3405 3862 3825 3929 συμμετασχεῖν

2236 3941 2364 4011 ὑμῖν
2388 3940 2483 3995 τοῦ
2508 3940 2778 4013 λυπηροῦ.
2802 3943 2925 4006 Πῶς
2948 3943 3059 4015 γὰρ
3082 3945 3182 3998 οὐκ
3209 3945 3466 4010 ἐλεεινὸν,
3490 3949 3611 4011 πῶς
3638 3950 3699 4003 δὲ
3724 3953 3826 4003 οὐκ

2234 4035 2574 4101 ἐκστατικὸν,
2622 4034 2811 4099 παιδὸς
2849 4034 2942 4089 ἐπὶ
2986 4037 3138 4089 παιδὶ
3172 4038 3429 4107 στέρησιν
3462 4039 3683 4103 παθεῖν,
3729 4046 3827 4095 καὶ

2235 4122 2346 4181 οἷον
2399 4127 2663 4182 ἀπολέσαι
2713 4128 2804 4182 τὸν
2840 4127 3084 4200 ἔμψυχον
3128 4127 3420 4200 θησαυρὸν,
3460 4131 3555 4185 τὸν
3586 4132 3826 4187 πλοῦτον

2233 4221 2332 4291 τῆς
2380 4221 2604 4290 γονικῆς
2645 4220 2915 4292 διαδοχῆς,
2957 4222 3049 4275 τὸν
3082 4222 3414 4276 ’κωλύευκτον
3446 4225 3667 4296 καρπὸν
3721 4229 3827 4296 τῆς

2237 4310 2496 4382 μητρῴας
2528 4311 2717 4383 θηλῆς,
2740 4314 2832 4367 τὸν
2860 4315 3157 4387 περικαλλῆ
3185 4314 3463 4385 ὀφθαλμὸν
3489 4318 3590 4387 τῆς
3617 4318 3826 4381 οίκίας,

2233 4404 2334 4474 τῆς
2366 4405 2714 4475 προμήτορος
2742 4404 2801 4457 τὸ
2828 4404 3162 4476 ἀγαλλίαμα,
3187 4406 3288 4476 τῆς
3329 4407 3457 4477 ὅλης
3489 4408 3828 4478 συγγενείας

2233 4495 2294 4549 τὸ
2330 4494 2740 4566 σεμνολόγημα;
2774 4489 2949 4549 Ἶικεν
2976 4499 3004 4549 ό
3035 4497 3251 4566 πρῶτος
3286 4499 3496 4568 καρπός
3519 4516 3534 4531 ·
3573 4501 3670 4555 καὶ
3709 4502 3825 4555 ἄω-

2236 4604 2327 4657 ρος
2351 4590 2413 4641 ἐκ
2451 4586 2557 4639 τῶν
2582 4587 2817 4654 γονικῶν
2846 4587 3044 4659 χειρῶν
3074 4589 3419 4661 ἀνηρπάσθη.
3462 4591 3605 4660 Ἔφυ
3638 4594 3669 4646 ό
3691 4593 3825 4647 δεύε-

2235 4698 2391 4751 τερος
2414 4697 2426 4710 ·
2458 4680 2552 4733 καὶ
2582 4680 2772 4733 τοῦτον
2800 4680 3107 4752 ἐλυμήνατο
3132 4685 3158 4735 ό
3194 4682 3390 4752 πικρὸς
3429 4683 3688 4749 θάνατος.
3725 4688 3832 4740 Τέ-

2238 4772 2365 4842 θηλε
2396 4771 2455 4825 τὸ
2477 4773 2659 4843 τρίτον
2690 4773 2998 4843 βλάστημα,
3025 4773 3352 4844 παραμυθία
3376 4774 3487 4828 τῶν
3512 4778 3831 4849 προτέρων,

2237 4864 2479 4928 εὐανθὲς,
2522 4866 2869 4935 περικαλλὲς,
2920 4866 3051 4933 ἄγον
3097 4865 3156 4919 τὸ
3207 4864 3470 4936 βιώσιμον
3512 4868 3595 4931 είς
3633 4872 3833 4939 τριετῆ

2238 4957 2426 5026 χρόνον
2447 4972 2460 4987 ·
2501 4958 2559 5011 ἐν
2586 4950 2632 5025 ᾧ
2658 4960 2713 5011 αἱ
2747 4958 2914 5028 ψυχαὶ
2949 4958 3337 5029 ἀπεκρέμαντο
3376 4958 3485 5012 τῶν
3510 4959 3795 5015 τεκόντων
3820 4978 3831 4991 ·

2238 5049 2333 5101 καὶ
2368 5049 2467 5117 φεύ
2508 5050 2606 5120 τῆς
2640 5052 2953 5121 συμφορᾶςί
2996 5052 3257 5119 ὲγκόπτει
3282 5050 3391 5122 γὰρ
3428 5052 3491 5104 τὸ
3520 5052 3698 5116 πάθος
3737 5056 3837 5107 καὶ

2238 5142 2299 5195 το
2328 5140 2658 5211 φθέγγεσθαι
2680 5160 2693 5174 ο
2731 5142 2900 5213 ᾣχετο
2926 5144 3022 5196 καὶ
3046 5142 3203 5197 τοῦτο
3234 5144 3291 5210 ἐξ
3320 5143 3619 5214 ὀφθαλμῶν
3643 5146 3834 5215 ὑμῶν·

2242 5233 2336 5287 καὶ
2368 5234 2493 5303 τόγε
2524 5235 2903 5306 ἐλεεινότερον,
2939 5236 3072 5306 μηδὲ
3098 5236 3186 5289 ἐπ’
3217 5236 3392 5306 ὅψεως
3418 5237 3515 5306 τῆς
3541 5239 3837 5309 πατρικῆς

2241 5329 2566 5399 παρουσίας.
2595 5329 2704 5381 Kal
2748 5329 2800 5382 τί
2838 5329 2917 5381 δεῖ
2947 5328 3312 5400 ἐκτραγῳδεῖν
3350 5329 3450 5399 τὴν
3491 5332 3836 5401 συμφοράν;

2240 5417 2518 5487 Τέτμηται
2552 5417 2707 5488 ὑμῶν
2742 5420 2773 5489 ἡ
2802 5419 3018 5490 καρδία,
3049 5418 3143 5471 τοῦ
3182 5420 3409 5491 πατρὸς,
3454 5420 3554 5489 τῆς
3591 5425 3836 5494 μητρός,

2238 5507 2339 5575 τῆς
2379 5508 2593 5578 κυρίας,
2627 5509 2725 5579 τῆς
2753 5508 3076 5581 πατρικίας·
3108 5508 3201 5562 καὶ
3236 5510 3481 5580 ῥομφαία
3526 5511 3622 5563 διά
3657 5518 3838 5583 μέσου

2241 5601 2569 5673 ἀμφοτέρων
2619 5602 2844 5673 ἐλήλυθε
2868 5619 2880 5634 ”
2922 5604 3016 5657 καὶ
3056 5603 3116 5657 τδ
3152 5603 3343 5674 ἀλογον
3371 5602 3737 5674 θεραπεύσει,
3772 5609 3837 5660 οὐ
