3914 6490
175 443 311 512 1005

1416 440 1946 504 EPISTULARUM
1975 440 2118 499 LIB.
2170 442 2208 499 Ι.

3290 443 3423 505 1006

164 562 338 629 λόγος,
381 560 441 611 οὐ
473 557 838 630 παραμύθιον,
864 559 962 611 οὐκ
993 557 1052 623 ἐξ
1083 556 1400 625 ἀνθρώπου,
1437 556 1537 608 οὐκ
1573 554 1735 624 ἀγγέ-

1842 551 1988 607 mine
2018 551 2102 605 vel
2133 551 2201 604 ab
2239 548 2428 620 angelo
2461 589 2475 611 ,
2505 549 2597 603 sed
2630 565 2659 604 a
2699 549 2813 605 solo
2842 549 2972 616 Deo,
3023 552 3113 622 qui
3160 554 3282 607 vitae
3321 571 3418 608 no-

161 653 274 715 λου,
313 649 431 703 ἀλλ’
462 651 526 702 ὲκ
564 649 725 719 μόνου
758 648 852 702 τοῦ
885 647 1042 712 Θεοῦ,
1077 647 1172 701 τοῦ
1208 648 1381 712 οὕτως
1417 646 1739 718 διαθεμένου

160 745 284 806 τοὺς
335 741 440 811 τῆς
488 741 633 812 ζωῆς
681 740 837 811 ἡμῶν
886 741 1064 811 ὄρους.
1111 741 1284 804 Αὐτὸς
1327 739 1438 811 γάρ
1480 741 1620 805 ἐστι,
1658 738 1743 792 δέ-

163 837 338 890 σποτά
394 851 518 905 μου,
568 836 596 887 ό
640 833 700 886 τὸ
756 833 1081 904 τριπόθητον
1123 832 1276 903 ὑμῶν
1323 830 1516 885 τέκνον
1570 846 1740 900 προσ-

159 929 501 999 λαῦόμενος’
537 926 729 996 ὥσπερ
777 926 871 979 καὶ
915 926 982 978 τὰ
1025 923 1369 997 προλαϐόντα
1416 921 1740 993 προσληψά-

161 1037 348 1090 μενος.

227 1111 491 1182 Λυπηρὸν
523 1110 642 1180 μὲν,
667 1109 761 1163 καὶ
797 1109 939 1174 λίαν,
961 1110 1022 1163 τὸ
1055 1109 1180 1163 καθ’
1208 1108 1352 1178 ὑμᾶς
1376 1125 1388 1138 ·
1421 1110 1484 1163 ού
1520 1109 1742 1168 πάντως

157 1202 212 1255 δὲ
243 1201 340 1255 καὶ
357 1204 472 1265 τοῖς
496 1200 920 1273 προσληφθεῖσιν
941 1217 954 1231 ·
985 1199 1172 1271 ἐπειδὴ
1192 1199 1451 1271 ἀχραντοι
1479 1199 1575 1253 καὶ
1605 1199 1742 1270 ἀκη-

159 1292 377 1346 λίδωτοι
413 1290 472 1357 ἐξ
505 1290 790 1363 ἁμαρτιῶν
828 1289 916 1345 διὰ
953 1289 1054 1360 τῆς
1086 1290 1452 1361 ἀρτιγενείας,
1493 1290 1740 1359 ἐγχωρή-

161 1400 362 1448 σαντες
413 1383 524 1438 τῶν
574 1383 784 1437 ἐνθένδε
832 1382 968 1452 πρὸς
993 1381 1086 1434 τὸν
1119 1381 1387 1453 μακάριον
1425 1381 1518 1434 καὶ
1553 1379 1739 1450 ἀπαθῆ

161 1475 301 1546 βίον,
330 1477 389 1528 έν
421 1476 644 1536 κόλποις
675 1473 923 1544 Ἀϐραάμ
947 1470 1254 1544 χορεύουσι,
1282 1473 1420 1543 μετά
1447 1473 1619 1540 ἁγίων
1644 1489 1742 1543 νη·

161 1566 307 1619 πίων
340 1564 770 1630 συναυλίζονται,
807 1564 944 1634 μετά
969 1563 1177 1617 παίδων
1211 1563 1586 1634 χριστοφόρων
1609 1563 1740 1617 ἀνα-

163 1660 490 1729 μέλπουσιν.
521 1657 687 1712 Ὥστε
719 1657 819 1709 ούκ
859 1655 1105 1708 ἀπόλωλε
1152 1655 1220 1708 τά
1250 1654 1511 1708 κάλλιστα
1550 1654 1737 1720 τέκνα,

157 1751 300 1804 ἀλλά
330 1751 600 1804 σέσωσται
628 1748 756 1816 ύμῖν
793 1746 888 1801 καὶ
910 1746 1174 1816 διαμένει.
1205 1746 1318 1799 Καὶ
1341 1745 1609 1814 ὲπόψεσθε
1639 1746 1740 1800 αύ-

157 1841 225 1893 τά
258 1839 458 1909 μικρὸν
488 1838 735 1907 ὕστερον,
763 1837 925 1907 ἡνίκα
949 1835 1014 1889 ἂν
1040 1836 1194 1899 τέλος
1217 1835 1488 1907 δέξηταιή
1513 1835 1737 1907 χρονικὴ

156 1929 274 1999 ζωὴ
309 1927 471 1998 αὕτη,
495 1927 753 1997 χαίροντα
776 1927 871 1979 καὶ
903 1923 1271 1995 ἀγαλλόμενα,
1291 1926 1394 1978 οὐκ
1421 1926 1480 1979 έν
1503 1927 1734 1998 βραχείᾳ

155 2017 371 2088 ἡλικίᾳ,
400 2015 516 2070 ἀλλ’
549 2018 610 2070 έν
637 2014 933 2084 τελειότητι
966 2012 1059 2067 τοῦ
1090 2010 1454 2083 πληρώματος
1483 2012 1575 2066 τοῦ
1596 2014 1733 2084 Χρι-

158 2109 314 2172 στοῦ,
374 2107 558 2172 καθὼς
601 2105 932 2176 γέγραπται.
1003 2105 1094 2158 Διὸ
1148 2103 1573 2175 παρακαλοῦμεν
1641 2103 1736 2158 καὶ

154 2198 571 2270 ἀντιϐολοῦμεν,
631 2199 743 2260 τοῖς
803 2197 1087 2267 λογισμοῖς
1144 2194 1357 2257 τούτοις
1411 2194 1736 2265 κατεπᾲδειν

155 2294 374 2356 ἑαυτοῖς
425 2291 567 2346 κατά
603 2288 664 2342 τὸ
707 2288 926 2360 ἀληθὲς,
963 2289 1058 2341 καὶ
1101 2287 1352 2342 ἐντεῦθεν
1396 2287 1634 2357 ἐξαίρειν
1675 2287 1736 2341 τὸ

154 2388 397 2456 ἄμετρον
437 2381 681 2453 λυπηρὸν
727 2381 829 2452 τῆς
879 2379 1080 2451 ψυχῆς.
1135 2380 1326 2451 Μέτρα
1372 2378 1481 2449 γὰρ
1537 2378 1737 2433 ἔδωκεν

154 2479 291 2548 ἡμῖν
318 2478 347 2529 ό
378 2473 584 2545 Κύριος
606 2489 622 2504 ·
668 2473 755 2527 ἵνα
783 2473 877 2527 καὶ
906 2473 974 2526 τά
1002 2471 1207 2542 φυσικά
1248 2469 1534 2539 σπλάγχνα
1562 2470 1738 2524 ἰνδει-

155 2565 430 2637 κνύμεθα,
458 2566 553 2619 καὶ
589 2563 717 2627 τοὺς
758 2564 859 2634 τῆς
897 2563 1229 2634 αὐταρκείας
1257 2563 1417 2632 ὅρους
1453 2561 1528 2632 μὴ
1564 2561 1737 2633 ὑπερ-

153 2657 460 2726 δαίνωμεν.
496 2655 571 2708 Τὸ
605 2653 705 2724 μὲν
726 2670 833 2724 γαρ
855 2653 935 2716 εἰς
959 2651 1106 2706 ἔλεον
1135 2656 1279 2706 κινεῖ
1299 2653 1357 2706 τὸ
1381 2652 1534 2706 Θεῖον
1558 2666 1576 2684 ⁶
1607 2654 1665 2706 τὸ
1682 2651 1737 2705 δὲ

152 2747 568 2820 ἀντιφέρεσθαι,
602 2747 750 2800 ποιεῖ
795 2748 908 2807 τοῖς
954 2743 1055 2814 τῆς
1097 2744 1362 2814 Προνοίας
1385 2743 1734 2813 διατάγμασι.

152 2844 266 2896 Καὶ
291 2841 353 2894 τὸ
383 2841 484 2910 μὲν
512 2837 799 2907 εὐφραίνει
823 2838 950 2900 τοὺς
977 2836 1342 2900 ἀπελθόνταςο
1373 2835 1434 2888 τὸ
1467 2835 1524 2890 δὲ
1549 2836 1738 2889 λυπεῖν

152 2932 350 2986 εἴωθεν
381 2931 584 2992 αὐτοὺς
609 2929 737 2990 τοὺς
767 2925 1137 2989 ἀναπαύσεως
1167 2925 1453 2996 τυχόντας.
1483 2925 1598 2988 Πᾶς
1630 2924 1739 2995 γάρ

151 3041 235 3087 τις
273 3022 528 3093 βούλεται
574 3021 783 3091 χαίρειν
816 3019 908 3070 ἐπὶ
939 3019 1004 3088 τῇ
1045 3017 1224 3086 οἰκείᾳ⁸
1265 3017 1432 3088 χαρᾷ,
1480 3015 1595 3070 ἀλλ’
1619 3016 1739 3086 οὐχὶ

153 3117 451 3170 λυπεῖσθαι
482 3116 610 3177 τοὺς
641 3113 816 3183 φιλεῖν
865 3108 1286 3180 ὁμολογοῦντας.
1334 3108 1528 3179 Ἡμεῖς
1554 3107 1611 3161 δὲ
1642 3125 1736 3160 πι-

1841 651 1968 696 strae
1993 641 2256 696 terminos
2275 641 2349 695 ita
2377 641 2660 710 disposuit.
2693 639 2809 712 Ipse
2853 642 2999 697 enim
3044 652 3145 708 est,
3181 644 3411 699 Domine

1842 730 1937 795 mi,
1979 731 2071 800 qui
2122 730 2532 785 dilectissimum
2583 730 2752 784 [ilium
2795 741 3038 788 vestrum
3098 735 3415 806 assumpsit,

1842 823 1984 878 sicut
2017 832 2072 878 et
2107 822 2476 894 praecedentes
2504 831 2889 894 assumpserat.

1912 1108 2090 1163 Triste
2117 1106 2330 1178 quidem
2355 1109 2640 1164 admodum
2661 1110 2803 1178 quod
2833 1109 2898 1164 ad
2922 1124 3016 1164 vos
3031 1117 3238 1179 spectat
3262 1128 3276 1176 ;
3311 1103 3408 1165 sed
3439 1144 3453 1159 ι

1841 1216 1948 1254 non
1979 1201 2044 1254 iis
2071 1216 2296 1271 prorsus
2320 1201 2411 1270 qui
2435 1202 2698 1272 assumpti
2739 1209 2901 1255 sunt:
2931 1201 3132 1272 quippe
3161 1203 3250 1271 qui
3280 1202 3415 1257 labis

1841 1300 2094 1360 expertes
2121 1291 2191 1345 ob
2218 1299 2495 1350 recentem
2540 1300 2740 1354 ortum,
2790 1300 2845 1344 et
2879 1280 3208 1344 inimaculati
3237 1307 3265 1344 a
3295 1306 3416 1360 pee-

1841 1382 1997 1445 catis,
2024 1383 2091 1437 ad
2112 1383 2326 1437 beatam
2351 1383 2513 1437 vitam
2535 1383 2662 1436 hinc
2689 1382 2938 1451 prolcmi,
2964 1382 3015 1434 in
3046 1381 3165 1435 sinu
3184 1380 3416 1436 Abrahae

1842 1474 2044 1528 choros
2088 1474 2465 1537 ducunt,cum
2517 1473 2720 1528 sanctis
2769 1473 3068 1528 infantibus
3123 1475 3412 1528 stationem

1841 1565 2067 1628 habent,
2100 1574 2155 1618 et
2185 1579 2308 1620 cum
2357 1565 2544 1635 pueris
2587 1565 2863 1619 Christum
2921 1563 3273 1634 sequentibus
3314 1563 3414 1633 hy-

1841 1673 1998 1712 mnos
2040 1665 2263 1712 canunt.
2319 1656 2503 1726 itaque
2556 1671 2664 1710 non
2717 1657 3042 1710 interierunt
3069 1657 3265 1726 egregii
3294 1655 3411 1719 lilii,

1841 1750 1937 1805 sed
1983 1749 2286 1805 incolumes
2329 1748 2483 1803 vobis
2537 1756 2779 1811 manent,
2821 1763 3020 1816 eosque
3070 1749 3412 1817 postmodum

1841 1840 2206 1911 conspicietis,
2255 1855 2377 1895 cum
2433 1838 2498 1893 ad
2543 1840 2747 1894 exitum
2779 1837 3092 1909 temporalis
3145 1839 3257 1893 lucc
3308 1839 3412 1898 vita

1838 1933 2170 2003 pervenerit,
2194 1932 2489 2002 gaudentes
2507 1939 2562 1985 et
2579 1931 2913 1986 exsultantes
2933 1945 3040 1983 non
3062 1930 3114 1983 in
3139 1931 3288 1984 brevi
3313 1930 3415 1985 hac

1835 2034 2015 2089 a‘tate,
2062 2023 2155 2079 sed
2221 2025 2273 2078 in
2315 2023 2646 2094 perfectione
2698 2021 3047 2092 plenitudinis
3095 2021 3321 2088 Christi,
3355 2032 3416 2076 ut

1836 2117 2096 2188 scriptum
2128 2125 2212 2171 est
2234 2114 2304 2170 ⁸⁸.
2359 2115 2722 2181 Quamobrem
2779 2113 3059 2168 hortamur
3080 2123 3136 2168 et
3157 2115 3411 2168 obsecra-

1836 2227 1976 2275 mus,
1999 2219 2057 2265 ut
2087 2209 2171 2265 his
2195 2224 2292 2266 vos
2317 2208 2420 2278 ipsi
2443 2207 2858 2278 cogitationibus
2879 2223 3066 2263 revera
3096 2207 3406 2270 mulceatis,

1836 2312 1892 2358 et
1925 2302 2272 2356 immodicum
2304 2300 2433 2354 hinc
2455 2298 2651 2353 animm
2672 2298 2911 2352 dolorem
2929 2297 3233 2367 depellatis.
3260 2297 3412 2351 Men-

1837 2408 1991 2449 suras
2037 2392 2183 2447 enim
2213 2390 2401 2445 statuit
2433 2390 2589 2444 nobis
2639 2388 2902 2443 Dominus
2935 2408 2948 2443 :
2982 2398 3040 2443 ut
3063 2396 3118 2443 et
3147 2389 3410 2442 naturalia

1835 2483 2047 2538 viscera
2079 2480 2446 2545 ostendamus,
2472 2489 2527 2534 et
2546 2479 2814 2549 legitimos
2841 2479 3057 2558 limites
3098 2493 3205 2532 non
3231 2487 3412 2533 trans-

1838 2570 2167 2642 grediamur.
2218 2567 2460 2623 Alterum
2514 2567 2658 2621 enim
2685 2565 2752 2621 ad
2780 2563 3208 2621 misericordiam
3240 2563 3409 2617 Deum

1837 2669 2060 2716 movet:
2093 2660 2320 2713 alterum
2349 2657 2703 2728 providentiae
2757 2655 2993 2712 decretis
3047 2663 3410 2727 repugnantes

1837 2751 1985 2807 facit.
2037 2749 2104 2804 Et
2134 2750 2364 2803 alterum
2411 2763 2600 2802 rursus
2643 2762 2738 2802 eos
2768 2745 3035 2802 exhilarat
3077 2745 3169 2814 qui
3220 2759 3409 2799 exces-

1840 2848 2052 2905 serunt,
2083 2839 2310 2894 alterum
2343 2838 2666 2893 contristare
2697 2837 2815 2892 illos
2856 2836 3012 2902 solet,
3042 2836 3132 2906 qui
3167 2835 3409 2905 requiem

1837 2929 2018 2999 adepti
2036 2937 2182 2983 sunt.
2201 2927 2328 2982 Vult
2346 2928 2490 2982 enim
2507 2926 2880 2997 unusquisque
2897 2927 2950 2981 in
2976 2926 3194 2997 propria
3225 2925 3410 2979 laetitia

1839 3022 2030 3088 laetari,
2056 3038 2119 3078 ac
2139 3038 2247 3077 non
2279 3022 2483 3087 dolere,
2511 3037 2604 3077 eos
2630 3022 2719 3092 qui
2749 3036 2933 3077 amare
2970 3036 3030 3076 se
3060 3021 3271 3076 dicunt.
3297 3019 3410 3074 Nos

1840 3131 1968 3171 vero
1997 3125 2052 3170 et
2084 3115 2362 3170 Dominam
2390 3113 2808 3178 Chartulariam,
2841 3121 3054 3168 uterum
3105 3113 3286 3167 denuo
3315 3126 3410 3183 ge.

154 3207 448 3277 στεύομεν,
471 3207 566 3261 καὶ
595 3205 755 3260 πάλιν
780 3205 837 3256 ὲν
870 3203 1065 3273 γαστρί
1103 3200 1246 3268 ἕξειν
1279 3199 1378 3272 τὴν
1409 3200 1605 3271 κυρίαν
1631 3197 1730 3270 τὴν

1839 3217 2092 3264 staturam
2123 3208 2413 3272 credimus,
2449 3214 2503 3261 et
2531 3206 2699 3261 ﬁlium
2717 3205 3145 3271 euixuram,non
3171 3215 3275 3260 tam
3301 3207 3411 3262 cito

153 3297 598 3369 Χαρτουλαρίαν,
625 3296 718 3350 καὶ
755 3292 1005 3360 τέξεσθαι
1029 3291 1141 3345 υἰδν
1176 3291 1358 3346 οὐκέτι
1398 3289 1730 3362 ταχύμορον,

151 3390 290 3444 ἀλλά
313 3386 951 3459 προμακροημερεύοντα
983 3385 1064 3448 εἰς
1092 3381 1338 3453 διαδοχὴν
1371 3381 1562 3449 γένους
1585 3395 1599 3411 ·
1632 3381 1733 3452 μό-

152 3499 241 3535 νον
289 3482 390 3536 ὲάν
439 3481 820 3551 μετριάσωμεν
865 3480 928 3532 rb
970 3476 1162 3543 πάθος,
1198 3475 1294 3529 καὶ
1339 3474 1438 3540 τάς
1472 3474 1612 3545 ὑπὲρ
1639 3472 1734 3528 τοῦ

152 3572 348 3634 παιδὸς
374 3571 664 3640 ἀποδῶμεν
698 3569 844 3640 ἔργῳ
867 3570 964 3624 καὶ
995 3568 1137 3641 λόγῳ
1163 3566 1482 3639 προσφοράς
1512 3565 1736 3638 εὐχαρί-

154 3678 321 3724 στους
341 3659 424 3731 τῷ
457 3657 708 3732 Δεσπότῃ
733 3658 978 3730 Χριστῷ.

437 3793 521 3849 A'.
557 3822 627 3835 --
659 3792 977 3861 Νικηφόρῳ
1007 3793 1366 3864 πατριάρχῃ.
1407 3792 1564 3866 [να’.]

1836 3300 2188 3363 moriturum,
2217 3297 2313 3352 sed
2359 3297 2630 3352 diuturna:
2660 3296 2781 3352 vita:
2824 3295 3063 3351 futurum
3107 3296 3170 3352 ad
3199 3299 3412 3367 generis

1835 3391 2274 3463 propagationem
2306 3405 2321 3444 :
2354 3389 2646 3444 dummodo
2675 3389 2911 3443 dolorem
2963 3386 3324 3450 moderemur,
3357 3397 3413 3442 et

1836 3500 1937 3556 pro
1963 3484 2072 3538 ﬁlio
2101 3484 2395 3556 gratiarum
2413 3481 2715 3539 oblationes
2745 3480 2970 3537 Domino
2996 3479 3214 3536 Christo
3253 3481 3411 3537 lactis

1839 3575 2128 3644 verbisque
2165 3575 2474 3630 reddamus.

2157 3797 2410 3857 XXX.—
2447 3798 2738 3871 Nicephoro
2762 3801 3094 3871 patriarcha.

911 3929 1126 3993 Exponit
1147 3943 1235 3980 cur
1265 3944 1374 3980 cum
1400 3944 1507 3995 IPSO
1529 3947 1623 3986 non
1645 3935 1993 3987 communicet.
2025 3937 2226 3999 (Barou.
2253 3953 2333 3988 an.
2354 3940 2464 4002 806,
2487 3955 2538 3992 n.
2567 3941 2664 4002 15.)

222 4043 344 4096 υύκ
365 4042 659 4110 ἀναγκαῖον
681 4043 768 4098 διά
794 4043 1120 4115 γράμματος
1145 4045 1389 4114 σημᾶναι
1419 4045 1497 4116 τῷ
1520 4048 1736 4119 ἀγγέλῳ

152 4133 251 4204 τῆς
281 4131 689 4202 μακαριότητός
720 4150 833 4197 σου,
859 4132 894 4187 ἃ.
923 4133 1011 4185 διὰ
1042 4133 1312 4201 στόματος
1340 4138 1697 4209 παρηγγέλθη
1717 4157 1731 4170 ο

154 4226 200 4276 εἰ
241 4223 343 4276 καὶ
378 4221 455 4293 μὴ
488 4222 554 4275 δι’
575 4221 902 4291 ἀμφοτέρων
930 4224 962 4291 ἡ
973 4223 1088 4292 μῶν
1119 4223 1228 4275 τῶν
1259 4227 1551 4279 ταπεινῶν.
1592 4227 1734 4285 Ἀλλ’

155 4317 241 4371 ῖνα
268 4315 368 4387 μὴ,
401 4315 437 4384 ἡ
460 4313 584 4384 χθὲς
613 4312 755 4367 κατά
773 4313 870 4384 τὴν
895 4313 1140 4368 κέλευσεν
1164 4331 1256 4367 σου
1285 4316 1601 4380 συνέλευσις
1627 4317 1734 4370 τῶν

1903 4050 2133 4107 Necesse
2167 4067 2270 4108 non
2320 4063 2436 4108 erat
2463 4053 2658 4109 litteris
2686 4054 2921 4112 indicare
2961 4053 3152 4127 angelo
3181 4053 3410 4110 beatitu-

1832 4143 1979 4199 dinis
2040 4153 2167 4210 tuae,
2222 4157 2343 4216 qua:
2398 4161 2493 4202 ore
2555 4147 2671 4216 ipso
2706 4148 2816 4218 jam
2873 4147 3170 4219 significata
3232 4157 3404 4202 sunt:

1830 4234 2079 4304 quamvis
2108 4250 2205 4305 per
2231 4236 2465 4291 humiles
2496 4253 2598 4292 nos
2655 4238 2845 4292 ambos
2892 4238 3273 4294 noul'uissent.
3310 4239 3406 4293 At-

1831 4329 2012 4375 tamen
2038 4336 2124 4386 ne,
2164 4322 2255 4391 qui
2287 4322 2543 4378 hesterno
2563 4323 2649 4377 die
2672 4323 2826 4393 jussu
2849 4332 2943 4378 tuo
2970 4333 3277 4380 conventus
3306 4325 3408 4379 ha-

153 4404 688 4480 ὲπισκόπων,ἒτερόν
719 4421 773 4457 τι
804 4404 1060 4469 διδάξασα
1092 4407 1245 4476 παρὰ
1277 4406 1345 4459 τά
1383 4406 1442 4459 ἐν
1468 4407 1605 4477 αὐτῇ
1641 4407 1732 4476 ὑφ’

1839 4414 1978 4468 bitus
2006 4423 2088 4468 est
2113 4415 2511 4485 episcoporum,
2566 4415 2838 4471 diversum
2869 4415 3069 4486 aliquid
3107 4416 3310 4471 docens
3333 4419 3403 4471 ab

152 4499 315 4569 ἡμῶν
349 4495 604 4568 ρηθέντα,
635 4494 939 4567 ιπιθολὼσῃ
965 4495 1066 4558 τὰς
1095 4497 1245 4568 ἰεράς
1271 4513 1364 4550 σου
1395 4499 1566 4560 ἀκοάς
1584 4515 1597 4528 °
1623 4498 1726 4570 ἀρ·

1839 4504 1896 4560 iis
1919 4521 2039 4575 quae
2067 4506 2122 4560 in
2145 4505 2237 4561 illo
2265 4506 2408 4562 dicta
2437 4521 2467 4561 a
2498 4507 2658 4562 nobis
2684 4516 2828 4571 sunt,
2856 4520 3038 4562 sacras
3071 4522 3230 4563 aures
3277 4518 3398 4563 tuas

156 4589 324 4658 μόζον
356 4584 685 4658 ἡγησάμεθα
715 4586 1026 4652 ἀνενεγκεῖν
1049 4587 1107 4638 ὲν
1150 4587 1433 4659 κεφαλαίῳ
1461 4588 1560 4659 τὴν
1599 4588 1729 4658 ὃλην

154 4680 254 4751 τῆς
277 4678 578 4747 ἀπολογίας
609 4676 765 4748 ἡμῶν
800 4675 1079 4731 σύστασιν.
1113 4677 1302 4748 Ἡμεῖς
1327 4680 1526 4747 τοίνυν,
1556 4673 1601 4735 ὦ
1629 4698 1732 4750 μα-

154 4770 491 4841 καριώτατε,
540 4767 810 4840 όρθόδοξοί
869 4769 1036 4838 ὲσμεν
1092 4769 1236 4822 κατά
1286 4770 1493 4824 πάντα·
1551 4773 1731 4824 πᾶσαν

153 4862 370 4931 αἵρεσιν
402 4858 830 4929 ἀποδαλλόμενοι
850 4898 866 4924 ,
897 4859 990 4912 καὶ
1019 4859 1198 4913 πᾶσαν
1227 4860 1440 4914 σύνοδον
1476 4861 1730 4932 οἰκουμε-

154 4954 312 5022 νικήν
335 4967 395 5005 τε
420 4950 516 5003 καὶ
542 4949 772 5021 τοπικὴν
799 4951 1200 5021 ὲγκεκριμένην
1220 4953 1639 5023 ἀποδεχόμενον
1669 4956 1731 5008 ού

155 5045 265 5115 μὴν
311 5041 453 5097 ἀλλὰ
494 5041 590 5095 καὶ
626 5041 725 5104 τάς
755 5041 884 5112 παρ’
919 5041 1101 5095 αὐτῶν
1142 5043 1550 5115 ἐκφωνηθείσας
1581 5046 1734 5116 ἱεράς

153 5137 249 5188 καὶ
311 5132 606 5195 κανονικάς
666 5131 1025 5195 διατυπώσεις
1088 5132 1344 5202 ἀσφαλῶς
1407 5135 1729 5205 κατέχομεν.

153 5222 308 5292 Μηδὲ
362 5219 474 5291 γάρ
517 5219 833 5290 ὀρθοτομεῖν
884 5219 999 5273 ἔστι
1046 5220 1267 5284 τελείως
1305 5222 1396 5275 τὸν
1441 5215 1598 5290 λόγον
1635 5224 1734 5292 τῆς

155 5312 436 5382 ἀληθείας,
477 5309 570 5363 τὸν
600 5309 699 5380 τὴν
739 5309 923 5362 πίστιν
951 5310 1118 5382 ὀρθὴν
1144 5311 1390 5376 οἰόμενον
1419 5311 1584 5382 ἔχειν,
1622 5316 1733 5377 τοῖς

154 5405 209 5458 δὲ
237 5405 404 5468 θείοις
435 5402 623 5456 κανόσι
653 5401 728 5472 μὴ
758 5402 1215 5473 ἀπευθυνόμενον.
1249 5405 1357 5457 Καὶ
1388 5404 1494 5476 μὴν
1521 5407 1614 5459 καί
1635 5407 1733 5471 τάς

157 5496 454 5566 ὲνθέσμους
499 5496 605 5548 ύπδ
647 5494 758 5547 τῶν
802 5495 974 5562 ἀγίων
1017 5494 1156 5548 κατά
1194 5496 1383 5567 καιρὸν
1424 5499 1732 5569 οἰκονομίας

156 5587 495 5658 προσιέμεθα
514 5604 528 5618 ο
553 5588 675 5640 ἐπεὶ
704 5587 798 5641 καὶ
822 5586 978 5658 ἡμῶν
1005 5589 1114 5641 τῶν
1134 5589 1404 5643 ταπεινῶν
1434 5591 1527 5645 νῦν
1551 5592 1610 5645 τὸ
1635 5592 1732 5663 τὴν

156 5679 468 5750 ἁγιωσύνην
499 5696 591 5732 σου
622 5678 710 5732 διὰ
737 5679 837 5751 τὴν
860 5678 1089 5751 ὲκδολὴν
1122 5680 1216 5735 τοῦ
1243 5683 1523 5752 οἰκονόμου
1555 5685 1731 5739 ἀσπά-

159 5773 368 5836 ζεσθαι,
424 5773 486 5826 ού
535 5774 646 5827 τῶν
704 5774 1148 5846 ἀκριδευομένων
1185 5776 1322 5841 ἐστὶ,
1360 5777 1466 5832 τῶν
1511 5777 1568 5833 δὲ
1613 5778 1731 5832 λίαν

229 5870 274 5900 ⁸⁸
317 5868 514 5936 Ephcs.
554 5884 629 5933 tv,
661 5867 746 5923 l3.

1832 4598 2120 4653 conturbet
2141 4616 2154 4664 ;
2175 4609 2598 4653 consentaneum
2615 4598 2867 4654 duximus
2884 4599 3192 4654 summatim
3229 4608 3396 4654 tutam

1833 4683 2036 4739 referre
2087 4685 2346 4757 apologis;
2398 4696 2598 4741 nostra:
2650 4685 2933 4740 rationem.
2995 4684 3105 4741 Nos
3159 4686 3339 4758 igitur,
3371 4703 3404 4742 ο

1831 4774 2162 4841 beatissime,
2190 4777 2474 4832 orthodoxi
2529 4792 2719 4832 sumus
2752 4778 2807 4831 in
2857 4777 3133 4842 omnibus,
3185 4793 3402 4833 omnem

1834 4863 2078 4919 haeresim
2109 4866 2438 4935 rejicientes,
2464 4882 2792 4936 omnemque
2813 4866 3207 4920 mcumenicam
3241 4876 3300 4921 et
3319 4867 3403 4920 lo-

1832 4956 2003 5011 calem
2038 4958 2301 5028 synodum
2361 4959 2713 5029 approbatam
2746 4957 3071 5026 recipientes
3105 4975 3120 5024 ;
3157 4974 3258 5013 ncc
3291 4975 3401 5014 non

1831 5052 2003 5108 editas
2057 5053 2125 5106 ab
2164 5053 2243 5108 eis
2315 5068 2498 5109 sacras
2541 5062 2597 5108 et
2638 5053 2928 5107 canonicas
2989 5053 3403 5110 constitutiones

1831 5153 1982 5200 arcte
2009 5146 2438 5216 complectimur.
2472 5145 2656 5216 Neque
2683 5145 2828 5200 enim
2861 5145 3144 5200 veritatem
3177 5161 3402 5216 prorsus

1834 5244 1986 5289 tenet
2015 5235 2082 5300 is,
2117 5236 2207 5305 qui
2243 5245 2446 5291 rectam
2507 5235 2666 5290 ﬁdem
2728 5237 2928 5291 habere
2971 5252 3031 5291 se
3082 5237 3402 5292 existimans

1833 5326 2029 5381 divinis
2062 5327 2362 5384 canonibus
2424 5343 2532 5382 non
2569 5335 2802 5399 regatur.
2842 5328 2921 5382 Ad
2956 5330 3072 5384 haec
3129 5329 3399 5401 legitimas

1832 5431 1863 5471 a
1894 5417 2096 5472 sanctis
2132 5434 2231 5489 pro
2259 5428 2500 5490 tempore
2529 5428 2814 5489 usurpatas
2853 5418 3286 5490 dispensationes
3306 5421 3401 5474 ad-

1834 5508 2097 5563 mittimus
2129 5527 2142 5564 :
2170 5510 2386 5580 quando
2411 5519 2466 5565 et
2496 5525 2595 5565 nos
2622 5510 2852 5564 humiles
2875 5511 3216 5566 sanctitatem
3251 5520 3397 5566 tuam

1833 5615 1978 5655 nunc
2017 5617 2115 5670 per
2165 5602 2430 5657 mconomi
2476 5603 2796 5672 eiectionem
2826 5603 3097 5674 amplecti,
3122 5619 3230 5657 nou
3271 5620 3367 5658 ex:

1833 5697 1979 5744 etum
2002 5689 2092 5759 jus
2130 5690 2448 5745 sectantium
2495 5701 2597 5754 est,
2628 5691 2720 5745 sed
2751 5691 3038 5746 admodum
3087 5692 3400 5763 dispensan-

1835 5781 1990 5850 tium,
2028 5791 2082 5838 et
2111 5783 2535 5854 conspirantium
2565 5802 2576 5836 :
2614 5792 2668 5838 et
2699 5783 3146 5858 prmdcccssorcm
3198 5787 3397 5841 sancti-
