3914 6444
471 360 602 425 1007

1651 360 1714 420 S.
1750 355 2140 420 THEODORI
2181 353 2524 416 STUDIT/E

3588 353 3724 418 1008

468 472 594 525 tatis
653 478 757 523 tua:
809 467 1212 523 sanctissimum
1281 465 1644 538 patriarcham
1697 467 1888 522 eadem
1947 481 2035 520 ra-

2152 463 2569 533 >ἰκονομούντων
2591 461 2684 515 καὶ
2707 462 3136 533 συνερχομένων.
3157 461 3269 515 Καὶ
3285 461 3376 515 τὸν
3400 463 3726 533 προηγησά-

468 563 613 617 tione
644 560 1006 630 suscepimus,
1039 560 1092 613 in
1125 560 1227 614 hoc
1258 557 1378 629 ipso
1406 557 1624 630 negotio
1659 576 1673 612 :
1704 557 1924 628 quando
1956 571 2045 611 re-

465 653 606 708 versi
637 652 704 706 ab
743 652 931 706 exsilio
985 665 1192 718 sumus,
1240 650 1487 721 disrupto
1521 649 1823 704 adulterino
1852 648 2043 717 conju-

469 746 574 815 gio,
596 754 651 799 et
670 759 952 798 oeconomo
981 741 1264 798 sacerdotii
1293 756 1518 796 munere
1539 741 1773 812 dejecto.
1803 741 1924 795 Non
1947 739 2040 803 sit,

467 819 770 899 aiebamus,
801 823 954 889 nobis
986 850 1112 905 pars
1146 843 1349 897 tecum,
1400 849 1576 902 neque
1619 819 1733 897 hic,
1780 846 1958 902 neque
1988 831 2043 885 in

467 925 652 981 futuro
707 925 925 990 szeculo,
977 934 1268 994 propterea
1303 924 1447 994 quod
1483 925 1693 978 adulter
1739 924 2045 994 promiscue

467 1031 497 1070 ι
522 1017 805 1071 sanctitate
843 1025 933 1071 tua
974 1016 1326 1086 participarit.
1360 1017 1558 1072 Contra
1591 1025 1775 1071 autem
1821 1016 1914 1070 illo
1963 1015 2045 1070 di-

467 1118 626 1164 cente
677 1127 690 1162 :
738 1108 1149 1178 Dispensatione
1199 1124 1331 1164 usus
1385 1123 1540 1174 sum,
1595 1117 1656 1162 ut
1728 1107 1891 1161 etiam
1939 1105 2045 1160 im-

467 1201 722 1270 pertircm
793 1201 861 1255 ad
936 1209 1198 1270 tempus:
1243 1200 1436 1256 deinde
1501 1200 1618 1255 haec
1664 1199 1985 1270 subjicientc
2026 1217 2041 1254 :

471 1293 690 1348 Utinam
766 1307 958 1346 manus
1031 1292 1159 1346 mihi
1195 1291 1452 1347 abscissa:
1497 1291 1747 1354 fuissent.
1789 1305 1858 1345 ne
1890 1290 2046 1345 adul-

471 1393 615 1438 teros
677 1385 1028 1438 coronareml
1065 1383 1317 1453 Nunquid
1362 1399 1460 1455 ego
1498 1398 1722 1454 prorsus
1748 1382 2048 1438 coronavi?

467 1487 752 1547 propterea
807 1491 930 1530 cum
957 1492 1023 1532 eo
1057 1476 1579 1531 communicavimus
1626 1490 1797 1546 usque
1827 1474 1894 1529 ad
1924 1474 2046 1529 obi-

471 1578 583 1624 tum
613 1568 784 1638 ipsius
813 1585 826 1620 :
851 1569 1268 1622 etsanctitatem
1297 1577 1443 1622 tuam
1471 1582 1688 1622 rursum
1713 1566 2049 1636 suscepimus

465 1661 534 1714 ad
601 1660 918 1731 dignitatem
991 1658 1492 1729 archiepiscopatus
1535 1677 1549 1714 :
1591 1658 2046 1729 quemadmodum

467 1752 802 1806 mentionem
826 1751 946 1822 ejus
979 1751 1221 1822 quotidie
1252 1751 1482 1806 facimus
1511 1751 1564 1805 in
1598 1750 1866 1807 sacrificio
1898 1767 1913 1816 ;
1945 1765 2048 1806 nec

467 1845 572 1900 alia
617 1860 673 1899 re
704 1844 1102 1915 discrepamus,
1127 1859 1290 1914 quam
1319 1857 1541 1915 propter
1573 1859 1917 1900 (economum
1949 1859 2046 1914 per
2078 1821 2120 1877 Β

467 1956 651 1997 sacros
676 1953 916 2004 canones
947 1937 1252 2007 depositum
1287 1937 1470 1991 multis
1511 1936 1686 1992 modis
1717 1953 1733 2002 ;
1766 1952 1830 1991 ac
1859 1936 2047 2006 praeci-

471 2048 577 2102 ptte
603 2032 748 2102 quod
797 2039 922 2102 post
957 2044 1152 2084 novem
1207 2043 1476 2082 annorum
1529 2027 2050 2083 excommunicatio-

468 2140 592 2178 nem
622 2125 818 2178 iterum
871 2120 1042 2176 sacris
1095 2129 1355 2191 operetur
1386 2138 1403 2189 ;
1439 2135 1613 2191 neque
1652 2120 1704 2174 id
1750 2121 1803 2173 in
1828 2120 2046 2186 abdito;

471 2213 754 2268 ferendum
782 2211 928 2266 enim
975 2218 1140 2275 esset,
1174 2210 1330 2264 nobis
1357 2211 1476 2279 ejus
1521 2210 1598 2264 rei
1635 2210 1857 2264 minime
1913 2225 2047 2265 con-

469 2305 641 2368 sciis;
676 2303 773 2358 sed
812 2303 866 2356 in
896 2303 1014 2372 ipso
1073 2301 1222 2356 fonte
1256 2301 1548 2356 sacerdotii
1600 2302 1792 2367 nostri,
1835 2303 1940 2356 hoc
1966 2311 2052 2358 est

470 2413 594 2452 cum
624 2397 835 2452 sincera
866 2395 1280 2452 conversatione
1309 2405 1424 2462 tua,
1456 2397 1672 2452 assidue
1728 2411 1960 2468 pergens
1982 2398 2050 2453 ad

472 2488 918 2544 sacrificandum.

543 2750 712 2820 Igitur
731 2750 939 2820 justum
970 2758 1026 2805 et
1056 2759 1304 2806 sanctum
1345 2766 1409 2806 ac
1436 2751 1554 2806 sine
1582 2751 1833 2807 seandalo
1853 2752 2054 2823 populo

471 2843 569 2900 Dei
597 2844 794 2908 fuerat,
824 2843 1198 2914 imprimisque
1251 2841 1429 2898 ordini
1455 2853 1664 2910 nostro,
1699 2841 1824 2914 ejici
1855 2850 1911 2898 et
1943 2842 2055 2914 pri-

473 2935 588 2990 vari
621 2935 944 3001 sacerdotio,
967 2935 1058 3005 qui
1094 2934 1314 3007 indigne
1349 2934 1600 3005 prosiliit,
1617 2934 1777 2989 nobis
1850 2933 2056 2988 sancti-

473 3025 603 3082 tatis
624 3034 728 3081 tua:
755 3026 1070 3082 memoriam
1097 3027 1461 3091 servantibus,
1483 3035 1540 3082 et
1558 3027 1625 3082 ab
1637 3027 1785 3081 omni
1803 3026 2058 3096 episcopo

474 3126 532 3172 et
564 3118 864 3186 sacerdote,
911 3120 1002 3190 qui
1030 3119 1321 3174 manifesto
1364 3119 1628 3189 reprobus
1655 3134 1766 3172 non
1796 3119 1884 3181 sit,
1913 3132 2056 3171 com-
2080 3152 2122 3211 ο

475 3209 903 3275 municantibus,
929 3211 1084 3281 juxta
1133 3209 1493 3280 Theologum.
1561 3210 1717 3275 Quod
1753 3209 1795 3263 si
1833 3218 2052 3279 propter

475 3309 697 3371 peccata
721 3297 913 3356 nostra
963 3301 1018 3355 id
1069 3300 1271 3356 factum
1313 3317 1422 3355 non
1450 3301 1808 3356 est:utinam
1857 3300 1994 3354 nihil
2022 3316 2052 3355 a

477 3393 765 3446 sanctitate
810 3401 898 3446 tua
929 3392 1061 3457 (non
1098 3408 1165 3447 ex
1222 3403 1393 3457 metu,
1432 3391 1524 3446 sed
1574 3407 1641 3446 ex
1696 3392 1771 3446 rei
1826 3391 2055 3451 publica:

477 3485 949 3540 commiseratione
979 3484 1120 3540 istud
1153 3500 1253 3540 nos
1307 3495 1786 3554 quantumcunque
1823 3484 2055 3538 humiles

477 3576 728 3646 dicimus)
762 3586 958 3647 prater
986 3577 1066 3632 fas
1087 3587 1142 3632 et
1162 3587 1348 3632 contra
1376 3578 1639 3632 rationem
1674 3577 1796 3631 fiat!
1825 3577 2054 3630 Verum—

476 3665 754 3719 enimvcro
806 3681 905 3721 nos
952 3667 1291 3736 perferemus
1319 3667 1534 3737 quidem
1588 3667 1679 3721 Dei
1712 3667 2052 3720 virtute:at-

475 3771 581 3825 que
613 3756 819 3810 utinam
847 3756 899 3812 id
914 3757 1069 3813 nobis
1097 3759 1373 3829 contingat
1398 3759 1515 3826 ejus
1538 3761 1824 3812 concessu!
1852 3756 2052 3812 Verum

475 3855 737 3903 testantur
756 3850 1027 3904 sanctitati
1049 3860 1152 3905 tuae
1172 3865 1352 3906 coram
1383 3849 1625 3917 Christo,
1657 3860 1711 3905 et
1732 3849 1932 3904 sanctis
1953 3865 2052 3904 an-

476 3939 610 4009 gelis
633 3940 1000 4006 audientibus,
1042 3958 1295 4013 magnum
1332 3951 1438 3997 ate
1468 3942 1703 3997 schisma
1756 3941 1976 3996 conﬂari
2000 3942 2052 3996 in

477 4029 717 4085 Ecclesia
769 4041 974 4085 nostra.
1027 4030 1182 4096 Quod
1226 4034 1270 4086 si
1314 4033 1569 4102 potestati
1620 4031 1945 4101 subjicimur
1995 4041 2054 4085 ut

478 4123 725 4178 homines
753 4140 767 4177 :
794 4123 942 4194 atqui
984 4124 1088 4178 sub
1118 4139 1395 4178 sacrorum
1447 4133 1503 4179 et
1531 4124 1841 4179 divinorum
1887 4140 2054 4179 cano-

477 4226 609 4265 num
637 4219 921 4281 potestate,
965 4212 1215 4278 velimus,
1257 4214 1492 4269 nolimus
1511 4223 1568 4269 et
1594 4213 1850 4286 regimur,
1876 4224 1930 4269 et
1955 4215 2052 4270 0b-

478 4317 786 4372 sequemur.
812 4304 1078 4359 Caeterum
1097 4321 1314 4361 oramus
1334 4307 1674 4362 sanctitatem
1703 4315 1870 4373 tuam,
1900 4304 2056 4362 flecte

478 4408 668 4448 aurem
727 4403 894 4460 tuam,
933 4405 990 4450 et
1037 4397 1161 4451 audi
1206 4412 1397 4453 vocem
1443 4407 1682 4453 nostram
1716 4415 1728 4451 :
1757 4406 1818 4451 ut
1848 4396 2054 4466 peritus

2148 571 2308 626 μενον
2326 554 2422 625 τὴν
2444 553 2751 626 ἁγιωσύνην
2779 551 2936 626 [Reg.
2958 555 3058 624 τῆς
3080 551 3413 627 ἁγιωσύνης]
3436 572 3531 610 σου
3561 555 3728 624 ἀγιώ-

2143 662 2304 700 τατον
2325 646 2670 718 πατριάρχην
2701 645 2780 717 τῷ
2810 645 2954 716 λόγῳ
2981 644 3159 715 τούτῳ
3181 645 3482 716 ἐδεξάμεθα
3511 650 3594 712 εἰς
3627 647 3726 718 τήν

2146 738 2516 810 προκειμένην
2563 737 2821 792 ὑπόθεσιν
2841 755 2856 770 ο
2893 738 3056 810 ήνίκα
3087 737 3461 810 ἐπανήλθομεν
3491 739 3594 810 τῆς
3637 739 3728 804 ἐξ-

2145 833 2334 904 ορίαςο
2375 832 2768 906 διαρῤαγείσης
2820 833 2917 903 μέν
2960 833 3060 904 τῆς
3113 833 3363 904 μοιχικῆς
3405 832 3725 902 συναφείας,

2147 922 2456 994 εἱρχθέντος
2484 923 2542 976 δὲ
2567 922 2662 976 τοῦ
2693 922 2979 994 οἰκονόμου
3006 923 3105 994 τῆς
3137 923 3469 993 ἱερουργίας.
3498 924 3623 976 Ὀτι
3653 924 3728 996 μὴ

2146 1013 2289 1069 ἔστω
2333 1017 2468 1087 ήμῖν
2515 1015 2682 1088 μέρος
2707 1032 2724 1046 ’
2756 1015 2941 1070 ἐνεκεν
2992 1014 3091 1069 τοῦ
3141 1015 3447 1087 ἀδιαφόρως
3484 1016 3590 1069 ὑπὸ
3626 1015 3732 1086 τῆς

2148 1107 2434 1178 ἁγιότητός
2460 1125 2555 1162 σου
2582 1107 3022 1179 μεταλαμϐάνειν
3044 1107 3137 1160 τδν
3170 1107 3529 1177 μοιχεύσαντα
3547 1125 3560 1139 ·
3588 1108 3730 1178 μήτε

2146 1201 2206 1254 ἐν
2233 1200 2312 1271 τῷ
2345 1198 2439 1252 νῦν
2470 1199 2649 1266 αἰῶνι,
2684 1202 2822 1272 μήτε
2863 1203 2920 1254 ἐν
2951 1199 3028 1271 τῷ
3069 1199 3338 1270 μέλλοντι.
3374 1201 3513 1272 Ἤδη
3544 1200 3731 1253 εἰπόν-

2148 1308 2236 1354 τος
2280 1291 2469 1354 αὑτοῦ,
2506 1292 2588 1345 ὅτι
2641 1292 2924 1362 οἰκονομίᾳ
2973 1290 3256 1362 ἐχρώμην,
3305 1293 3401 1345 καὶ
3455 1290 3605 1360 αὐτῷ
3649 1291 3736 1362 τῷ

2151 1383 2487 1454 μεταδιδόναι
2516 1384 2620 1446 ἕως
2647 1383 2840 1456 καιροῦ
2859 1400 2872 1413 ·
2903 1379 3023 1437 εἶτα
3057 1383 3152 1437 καὶ
3177 1383 3321 1438 οῦτω
3362 1383 3733 1453 δηλώσαντος,

2146 1475 2229 1528 ὅτι
2254 1475 2311 1528 αἱ
2340 1476 2529 1546 χεῖρές
2557 1493 2659 1546 μου
2685 1476 3023 1546 κεκομμέναι
3050 1476 3115 1529 ἀν
3141 1476 3383 1546 ὑπῆρχον
3411 1476 3492 1538 εἰς
3516 1475 3577 1527 τὸ
3611 1491 3738 1544 μοι·

2147 1565 2301 1636 χικδν
2330 1568 2660 1638 στεφάνωμα
2681 1583 2695 1597 °
2729 1562 2764 1637 ἦ
2795 1566 2904 1634 ἐγὼ
2927 1566 3062 1630 ὅλως
3087 1566 3415 1636 ἐστεφάνουν
3438 1581 3454 1630 ;
3487 1565 3579 1619 ἐπὶ
3605 1565 3739 1620 τού·

2146 1675 2259 1721 τοις
2300 1657 2482 1712 τοίνυν
2513 1658 2994 1728 κεκοινωνήκαμεν
3029 1657 3178 1727 αὑτῷ
3222 1658 3383 1728 μέχρι
3419 1658 3738 1727 κοιμήσεως

2149 1751 2348 1818 αὐτοῦ,
2379 1754 2474 1805 καὶ
2508 1751 2607 1823 τὴν
2643 1750 2952 1822 ἁγιωσύνην
2992 1767 3084 1804 σου
3141 1749 3304 1803 πάλιν
3348 1749 3738 1820 ἀπεδεξάμεθα

2148 1845 2227 1907 εἰς
2250 1843 2313 1896 τὸ
2338 1844 2439 1914 τῆς
2465 1843 2875 1914 ἀρχιερωσύνης
2903 1843 3122 1912 ἀξίωμα
3141 1857 3154 1871 ·
3187 1840 3371 1905 καθὼς
3399 1841 3494 1895 καὶ
3521 1859 3740 1913 μνημο-

2147 1935 2380 2005 νεύομεν
2422 1936 2593 2006 αὐτῆς
2624 1936 2682 1989 ἐν
2715 1936 2780 2006 τῇ
2812 1934 3094 2006 ἱερουργίᾳ
3122 1933 3468 2004 καθεκάστην
3493 1949 3506 1963 ο
3546 1933 3647 1988 καὶ
3676 1936 3739 1990 ἐν

2148 2027 2328 2081 οὐδενὶ
2358 2027 2418 2080 τὸ
2452 2025 2793 2098 ἀμφιϐάλλον
2827 2026 2858 2097 ή
2893 2026 2978 2080 διὰ
3017 2025 3111 2080 τὸν
3153 2025 3435 2095 οἰκονόμον
3481 2025 3736 2100 καθῃρη-

2152 2116 2312 2187 μένον
2343 2116 2470 2170 δντα
2501 2117 2605 2170 ὑπὸ
2625 2117 2736 2171 τῶν
2765 2116 2928 2189 ἱερῶν
2954 2115 3194 2170 κανόνων
3219 2114 3571 2187 πολυτρόπως
3591 2134 3606 2149 ⁸
3640 2119 3743 2172 καὶ

2152 2207 2390 2277 μάλιστα
2443 2210 2582 2281 μετὰ
2621 2209 2714 2263 τὸν
2759 2207 3061 2279 ἀφορισμδν
3102 2207 3202 2278 τῆς
3244 2209 3522 2272 ἐνναετίας
3570 2211 3739 2266 πάλιν

2151 2302 2476 2372 ἱερουργεῖν,
2507 2302 2602 2355 καὶ
2640 2301 2742 2354 οὐκ
2792 2302 2849 2352 ἐν
2881 2299 3174 2369 ἀποϐύστῳ
3221 2317 3324 2354 που
3347 2317 3362 2332 ⁸
3401 2297 3471 2373 ἦν
3517 2302 3625 2372 γάρ
3669 2303 3743 2356 ἂν

2152 2393 2408 2464 φορητὸν,
2444 2393 2520 2463 μὴ
2549 2391 2950 2447 κοινωνούντων
2976 2391 3131 2463 ήμῶν
3155 2392 3234 2463 τῷ
3262 2394 3550 2463 πράγματι
3575 2409 3590 2423 ο
3615 2393 3740 2446 ἀλλ’

2152 2483 2233 2535 ὅτι
2270 2483 2329 2534 ἐν
2373 2483 2509 2552 αὐτῇ
2552 2485 2618 2552 τῇ
2652 2484 2802 2554 πηγῇ
2839 2483 2940 2553 τῆς
2981 2482 3104 2537 καθ’
3127 2485 3274 2553 ἡμᾶς
3310 2483 3628 2554 ἱερωσύνης,
3673 2484 3742 2538 τὸ

2153 2570 2217 2641 δὴ
2263 2570 2580 2641 λεγόμενον,
2625 2573 2766 2642 μετὰ
2810 2574 2912 2642 τῆς
2947 2572 3272 2643 εἰλικρινοῦς
3310 2589 3403 2626 σου
3431 2574 3740 2640 πολιτείας,

2155 2663 2484 2718 συνεισιέναι
2517 2666 2613 2718 καὶ
2651 2663 3085 2735 συλλειτουργεῖν
3108 2665 3191 2728 εἰς
3222 2663 3284 2718 τὸ
3313 2664 3420 2722 ἀεί.

2224 2755 2298 2809 Τὸ
2331 2755 2429 2826 μὲν
2460 2754 2553 2810 οὗν
2603 2757 2812 2809 δίκαιον
2846 2757 2939 2808 καὶ
2987 2756 3135 2809 ὅσιον
3179 2758 3275 2810 καὶ
3310 2757 3744 2816 ἀσκανδάλιστον

2154 2849 2263 2912 τοῖς
2296 2847 2443 2910 λαοῖς
2483 2844 2578 2899 τοῦ
2607 2845 2762 2913 Θεοῦ,
2797 2847 2890 2900 καὶ
2918 2846 3153 2916 μάλιστα
3188 2847 3266 2917 τῷ
3299 2848 3421 2902 καθ’
3450 2851 3600 2919 ήμᾶς
3640 2852 3746 2907 τά·

2156 2955 2352 3009 γματι,
2390 2936 2722 3007 ἐκϐληθῆναι
2749 2937 2847 3007 τῆς
2878 2938 3193 3010 ἱερουργίας
3235 2938 3325 2992 τὸν
3350 2938 3586 3005 ἀναξίως
3619 2945 3744 2997 εἰσ-

2157 3029 2399 3094 ελθόντα,
2432 3028 2589 3098 ἡμῶν
2637 3030 3088 3100 μνημονευόντων
3128 3031 3229 3101 τῆς
3256 3030 3569 3104 ἁγιωσύνης
3601 3051 3698 3090 σου
3725 3078 3745 3104 ,

2157 3122 2252 3174 καὶ
2304 3123 2368 3174 ἐκ
2405 3120 2608 3185 παντὸς
2640 3120 2898 3192 ἰεράρχου
2943 3122 3038 3176 καὶ
3077 3123 3269 3190 ἱερέων
3307 3127 3744 3195 κοινωνούντων,

2159 3214 2233 3283 μὴ
2268 3211 2548 3284 προδήλως
2571 3211 2739 3265 ὄντων
2769 3213 3233 3282 ἀπεγνωσμένων,
3257 3215 3399 3268 κατά
3421 3217 3514 3271 τὸν
3547 3218 3746 3275 0:016-

2155 3323 2270 3375 γον.
2306 3308 2368 3360 El
2411 3306 2467 3359 δέ
2505 3305 2664 3359 τοῦτο
2692 3306 2946 3376 οὐδαμῶς
2972 3305 3062 3360 διά
3096 3306 3195 3369 τὰς
3232 3307 3510 3379 ἁμαρτίας
3539 3313 3743 3382 ήμῶν·

2160 3402 2234 3472 μὴ
2279 3402 2367 3455 ῖνα
2400 3418 2452 3453 τι
2482 3401 2742 3471 γένηται·
2786 3401 2885 3453 οὐκ
2940 3402 3005 3453 ἐκ
3050 3401 3215 3470 φόϐου
3257 3406 3286 3457 ό
3325 3403 3506 3472 λόγος,
3537 3406 3653 3460 ἀλλ’
3679 3409 3745 3476 ἐξ

2154 3495 2338 3547 οἴκτου
2365 3491 2458 3545 τοῦ
2493 3491 2634 3545 κατά
2658 3490 2752 3545 τοῦ
2779 3492 2964 3546 κοινοῦ
2988 3509 3002 3524 ο
3031 3494 3088 3548 ἐν
3122 3497 3188 3567 τῇ
3212 3496 3539 3550 ταπεινώσει
3578 3499 3745 3568 ἡμῶν

2155 3587 2306 3657 παρά
2345 3589 2444 3655 τῆς
2491 3586 2769 3655 όσιότητός
2815 3605 2910 3640 σου
2947 3588 3297 3643 ἀκανόνιστον
3337 3591 3430 3643 καὶ
3459 3590 3741 3662 ἀθεσμοψ

2154 3679 2275 3732 ἐπεὶ
2306 3680 2470 3748 ἡμεῖς
2508 3679 2605 3746 μέν
2655 3679 3080 3749 ύποστησόμεθα
3111 3680 3338 3750 δυνάμει
3379 3681 3514 3735 Θεοῦ
3537 3699 3553 3714 ο
3597 3685 3746 3757 ὅπερ

2155 3765 2221 3818 ἂν
2260 3764 2356 3818 καὶ
2387 3764 2628 3835 συμϐαίη
2660 3767 3056 3837 παραχωρήσει
3094 3768 3282 3824 αὐτοῦ.
3323 3771 3746 3843 Μαρτυρόμεθα

2151 3850 2208 3904 δὲ
2232 3853 2297 3920 τῇ
2326 3851 2605 3923 ἁγιωσύνῃ
2631 3869 2724 3905 σου
2750 3853 3087 3908 κατενώπιον
3115 3858 3350 3928 Χριστοῦ
3378 3861 3437 3913 ἐν
3472 3863 3743 3932 ἀκροάσει

2151 3939 2260 3994 τῶν
2288 3940 2462 4007 ἁγίων
2497 3942 2766 4010 ἀγγέλων,
2795 3944 2879 3997 ὃτι
2908 3945 3050 4016 μέγα
3098 3947 3303 4021 σχίσμα
3334 3951 3542 4024 ἐργάζῃ
3579 3956 3638 4007 ἐν
3665 3959 3741 4028 τῇ

2153 4031 2276 4085 καθ’
2333 4033 2481 4103 ἡμᾶς
2546 4033 2868 4108 Ἐκκλησία.
2927 4038 3039 4092 Καὶ
3098 4041 3146 4092 εἰ
3200 4039 3418 4113 ἐξοισίᾳ
3469 4044 3744 4116 χρώμεθα

2152 4125 2429 4198 ἀνθρωποι
2472 4126 2652 4191 δντες’
2682 4128 2798 4182 ἀλλ’
2831 4130 2936 4184 ὑπὸ
2983 4132 3083 4202 τῆς
3119 4132 3366 4199 ἐξουσίας
3408 4136 3520 4190 τῶν
3570 4139 3743 4211 ἱερῶν

2155 4219 2255 4282 καὶἸ
2293 4217 2454 4272 θείων
2496 4220 2757 4288 κανόνων,
2801 4223 3007 4292 νοητῶς
3040 4225 3134 4277 καὶ
3167 4224 3241 4296 μὴ
3273 4225 3610 4296 βουλόμενοι,
3643 4234 3744 4286 καὶ

2154 4310 2435 4382 ἀρχόμεθα
2483 4312 2576 4364 καὶ
2620 4313 2940 4383 πεισόμεθα.
2993 4315 3153 4369 ’Λλλά
3202 4316 3438 4387 δεόμεθὰ
3493 4335 3586 4373 σου
3633 4324 3743 4395 τῆς

2154 4400 2436 4468 ὁσιότητος
2455 4417 2469 4432 ·
2499 4401 2677 4455 κλῖνον
2701 4402 2760 4454 τδ
2782 4397 2874 4465 οὖς
2902 4419 3018 4467 σου,
3050 4405 3143 4457 καὶ
3166 4406 3468 4462 ἐπάκουσον
3495 4411 3596 4482 τῆς
3620 4431 3744 4484 φω.

477 4487 742 4553 medicus,
771 4497 833 4542 ut
860 4496 1043 4557 pastor
1065 4488 1242 4543 bonus
1262 4504 1420 4543 ovem
1460 4505 1624 4543 unam
1653 4489 1880 4558 prohibe
1905 4502 1936 4542 a
1960 4502 2050 4541 sa-

2153 4489 2252 4559 νῆς
2278 4490 2454 4559 ήμῶν.
2491 4491 2578 4554 Ὠς
2610 4492 2790 4562 ἰατρὸς
2816 4493 3155 4565 ἐπιστήμων,
3175 4496 3253 4560 ὡς
3272 4499 3477 4572 ποιμὴν
3499 4502 3740 4571 ἀγαθὸς,

477 4576 700 4642 criﬂcio,
730 4587 784 4632 et
807 4591 998 4633 omnes
1025 4593 1057 4632 a
1086 4578 1339 4633 seandalo
1366 4578 1570 4633 redime
1599 4595 1613 4643 ;
1644 4594 1713 4632 ne
1744 4578 1905 4632 unius
1936 4591 2053 4632 sca-

477 4663 564 4718 bic
591 4673 699 4717 tota
733 4665 974 4720 Ecclesia
1011 4675 1196 4721 nostra
1230 4666 1518 4733 inﬁciatur,
1547 4683 1708 4738 quam
1765 4666 2053 4736 acquisivit

479 4756 740 4811 Dominus
788 4766 842 4813 et
888 4758 1032 4814 Deus
1085 4769 1270 4815 noster
1326 4759 1593 4832 sanguine
1623 4775 1742 4815 suo.
1787 4760 1862 4814 De
1894 4758 2054 4830 nugis

475 4851 622 4904 enim
648 4860 920 4922 nugcntur
946 4852 1038 4922 qui
1062 4853 1357 4917 voluerint.
1392 4864 1447 4909 et
1476 4853 1878 4909 calumnientur
1904 4868 2055 4924 syco-

478 4945 715 5013 phantae.
751 4944 926 4999 Parati
959 4960 1148 5001 sumus
1169 4947 1238 5001 ad
1265 4963 1484 5005 omnem
1511 4947 1903 5011 defensionem,
1932 4962 2052 5002 om~

480 5054 712 5108 nemque
734 5039 1117 5095 refutationem
1140 5043 1492 5097 accusatoria}
1512 5042 1857 5112 objectionis.
1878 5042 2052 5096 Amici

477 5139 532 5186 et
573 5131 882 5187 laudatores
935 5133 1012 5188 tui
1060 5149 1249 5188 sumus
1283 5151 1295 5183 ε
1332 5135 1385 5188 in
1422 5137 1722 5205 primisque
1781 5134 2053 5204 piissimo-

477 5240 597 5278 rum
653 5235 708 5279 et
779 5225 1236 5295 triumphatorum
1304 5228 1652 5282 dominorum
1721 5237 2050 5281 nostrorum.

475 5314 720 5386 Cumque
756 5317 888 5370 tales
915 5318 1110 5382 simus,
1140 5319 1492 5387 quamobrem
1527 5319 1762 5374 turbatio
1792 5320 1814 5371 ?
1845 5334 1948 5388 qua
1980 5319 2047 5373 de

476 5423 638 5463 causa
669 5409 924 5464 evenient
950 5426 1070 5480 qua:
1106 5419 1368 5466 eventura
1399 5421 1544 5478 sunt,
1577 5413 1620 5466 si
1660 5412 1878 5481 quidem
1909 5427 2044 5466 con-

2151 4579 2211 4632 τὸ
2258 4578 2316 4632 ἓν
2351 4579 2622 4650 πρόϐατον
2667 4578 2842 4653 εἷρξαι
2885 4583 2986 4655 τῆς
3035 4586 3365 4657 ἱερουργίας,
3397 4590 3491 4643 καὶ
3531 4593 3599 4647 τὰ
3634 4595 3740 4652 ὅλα

2151 4673 2554 4728 ἀσκανδάλιστα
2596 4676 2889 4747 κερδῆσαι’
2921 4679 3016 4732 καὶ
3046 4679 3121 4751 μὴ
3165 4684 3230 4753 τῇ
3275 4683 3372 4737 τοῦ
3414 4687 3534 4751 ἐνὸς
3569 4690 3742 4765 ψώρᾳ

2151 4771 2490 4842 λυμανθῆναι
2548 4773 2647 4844 τήν
2699 4775 2823 4831 καθ’
2861 4778 3008 4848 ἡμᾶς
3055 4777 3413 4848 Ἐκκλησίαν,
3461 4783 3528 4854 ἦν
3574 4803 3738 4856 περι-

2153 4861 2451 4928 εποιήσατο
2468 4864 2496 4916 ό
2517 4862 2719 4934 Κύριος
2748 4866 2844 4919 καὶ
2868 4864 2998 4929 Θεὸς
3023 4865 3178 4936 ήμῶν
3203 4867 3283 4938 τῷ
3305 4869 3489 4941 οἱκείῳ
3510 4873 3730 4942 αῖματι,

2153 4953 2290 5023 Περὶ
2347 4953 2456 5025 γάρ
2515 4955 2793 5026 φλυαριῶν
2847 4957 3256 5030 φλυαρείτωσαν
3302 4962 3349 5014 οἰ
3389 4961 3733 5034 βουλόμενοι’

2153 5046 2247 5098 καὶ
2276 5047 2784 5116 συκοφαντείτωσαν
2819 5050 2868 5102 οἱ
2899 5052 3252 5120 συκοφάνται.
3285 5054 3532 5125 Ἔτοιμοί
3561 5059 3739 5129 ἐσμεν

2153 5136 2288 5208 πρὸς
2327 5139 2507 5192 πᾶσαν
2537 5139 2854 5209 ἀπολογίαν,
2894 5142 3033 5213 πρὸς
3061 5145 3241 5200 πᾶσαν
3261 5146 3502 5200 διάλυσιν
3526 5149 3740 5219 προτά-

2153 5244 2289 5292 σεως
2323 5233 2783 5303 κατηγορητικῆς.
2806 5234 2955 5287 Φίλοι
2979 5236 3071 5289 καὶ
3099 5237 3339 5309 ὑμνηταί
3365 5255 3458 5292 σου
3488 5240 3739 5314 ὑπάρχο-

2155 5338 2254 5389 μεν
2278 5335 2293 5350 ⁶
2326 5321 2420 5374 καὶ
2447 5322 2591 5392 μάλα
2621 5339 2685 5392 γε
2715 5323 2822 5377 τῶν
2847 5326 3254 5381 εὐσεϐεστάτων
3283 5329 3376 5382 καὶ
3398 5329 3737 5388 καλλινίκων

2150 5411 2306 5481 ήμῶν
2338 5413 2633 5470 δεσποτῶν.
2670 5416 2778 5469 Καὶ
2805 5416 2972 5470 ὄντων
3006 5419 3162 5488 ήμῶν
3193 5418 3385 5486 οὕτως,
3421 5421 3566 5485 τίνος
3610 5423 3737 5478 Evs-

477 5498 640 5553 traria
695 5500 786 5553 Dei
849 5502 1179 5571 praeceptis?
1211 5502 1412 5558 Tribue
1443 5503 1598 5558 nobis
1631 5519 1812 5559 sacras
1851 5518 2044 5573 preces

2152 5521 2242 5556 κεν
2274 5505 2307 5574 ὴ
2337 5508 2549 5577 ταραχή
2580 5524 2594 5573 ;
2630 5499 2837 5571 οὗτινος
2875 5508 3038 5578 χάριν
3069 5511 3411 5582 συμϐήσεται
3448 5512 3483 5566 ἀ
3515 5515 3737 5588 συμϐή-

476 5597 614 5645 tuas.

2150 5609 2331 5660 σεται,
2381 5598 2537 5670 εἴπερ
2568 5599 2786 5652 ἐναντία
2812 5600 2920 5655 τῶν
2952 5602 3045 5656 τοῦ
3081 5603 3214 5656 Θεοῦ
3247 5607 3730 5677 προσταγμάτων;

2150 5684 2384 5755 Χάρισαι
2419 5690 2550 5757 ἡμῖν
2575 5688 2673 5759 τὴν
2703 5690 2855 5762 ἱεράν
2880 5709 2972 5746 σου
3003 5697 3334 5768 προσευχήν.
