3914 6508
181 496 320 560 1009

229 611 446 663 AA'.-——
478 603 606 672 Τοῖς
631 602 703 658 ἐν
733 602 813 668 τῷ
828 601 1234 658 Σακκουδίωνι
1265 602 1568 672 ἀδελφοῖς.
1611 601 1766 675 [νη’.]

1402 491 1941 552 EPISTOLARUM
1965 491 2114 549 LIB.
2152 492 2202 548 I-

3311 491 3452 552 ’1010

1981 600 2179 655 XXXI.
2209 631 2273 640 --
2308 600 2580 652 Fratribus
2601 601 2688 668 qui
2718 609 2835 654 sunt
2869 601 2922 653 in
2947 599 3293 654 Saccudiouc.

582 717 825 768 Hortatur
850 717 910 768 ad
929 717 1258 767 constantiam
1287 719 1525 768 adversus
1543 730 1790 768 sacrarum
1812 713 1981 780 iegum
2009 715 2430 778 pra-varicatores.
2458 715 2659 777 (Baron.
2683 728 2763 763 an.
2784 715 2894 775 808,
2918 728 2967 764 n.
2996 714 3067 776 2.)

247 826 397 890 Ἕως
442 825 546 894 μὶν
590 819 661 896 ἦν
691 826 886 896 καιρὸς
914 823 1008 880 τοῦ
1039 825 1348 894 οἰκονομεῖν
1379 824 1474 877 καὶ
1502 822 1767 895 κρύπτειν

1940 821 2194 887 Quandiu
2247 828 2464 891 tempus
2510 820 2611 876 l‘uit
2635 820 3036 886 dissimulandi,
3065 830 3121 876 et
3142 823 3451 880 occultandi

173 917 275 989 τὴν
296 916 558 971 ὑπόθεσιν
578 915 681 986 τῆς
703 916 1101 987 ἅκοινωνησίας
1126 915 1327 988 Ἰωσὴφ
1345 914 1440 969 τοῦ
1458 914 1765 985 οἰκονόμου,

180 1008 479 1079 ἐποιοῦμεν
527 1007 713 1073 τοῦτο,
745 1007 913 1062 τέκνα
943 1006 1039 1059 καὶ
1068 1005 1309 1076 ἀδελφοὶ,
1338 1007 1438 1059 οὐκ
1490 1007 1555 1060 ἐκ
1601 1004 1767 1074 φόϐου

174 1098 566 1172 κρατούμενοι,
608 1097 712 1153 κᾶν
755 1097 1081 1170 ἁμαρτωλοί
1124 1101 1504 1169 τυγχάνωμεν,
1563 1097 1676 1153 ἀλλ’
1709 1097 1768 1166 ἐξ

173 1189 533 1260 οἰκονομικῆς
557 1187 1022 1257 συγκαταϐάσεως
1039 1203 1054 1219 ·
1080 1186 1478 1259 ἐκμιμούμενοι
1503 1205 1620 1252 πως
1641 1187 1768 1251 τούς

174 1280 367 1349 ἁγίους
401 1279 653 1352 Πατέρας
683 1279 843 1350 ἡμῶν
862 1294 878 1310 ·
909 1278 1053 1332 καθὰ
1098 1279 1345 1332 κάκεῖνοι
1386 1280 1445 1332 ἐν
1478 1279 1657 1350 καιρῷ
1688 1279 1768 1350 τῷ

173 1371 350 1426 δέοντι
401 1371 700 1444 χρώμενοι,
743 1369 918 1442 ταύτῃ
976 1369 1326 1441 ὑπεξήγαγον
1375 1371 1602 1435 ἑαυτοὺς
1656 1371 1766 1424 τῶν

174 1462 544 1534 πειρασμῶν·
587 1460 651 1514 τδ
691 1461 792 1532 μὲν
848 1460 1160 1531 φειδόμενοι
1203 1459 1313 1514 τῶν
1361 1460 1767 1532 ἀσθενεστέρων

175 1557 274 1609 καὶ
304 1553 620 1609 κακούντων
642 1569 658 1586 ·
685 1553 748 1607 τὺ
775 1553 832 1607 δέ
862 1553 1060 1625 μικρὸν
1093 1552 1469 1619 ὑπενδιδόντες
1494 1551 1765 1626 κυϐερνη-

174 1649 350 1712 τικῶς
366 1666 380 1680 ·
412 1649 499 1700 ἵνα
523 1647 585 1700 τὸ
608 1646 944 1717 ζητούμενον
968 1646 1164 1718 μικρὸν
1185 1645 1411 1718 ὕστερον
1435 1644 1766 1701 ἀντιλάϐωσι

176 1740 535 1812 κατόρθωμα.
580 1739 751 1792 Ἐπὰν
799 1738 857 1792 δὲ
899 1737 994 1793 νῦν
1047 1739 1345 1808 εὐδόκησεν
1373 1737 1578 1808 ἀγαθὸς
1605 1737 1767 1810 ήμῶν

174 1832 308 1894 Θεὸς
348 1831 430 1894 εἰς
479 1829 759 1901 προῦπτον
805 1828 1036 1899 ἐκϐῆναι
1067 1830 1170 1899 τὴν
1200 1829 1459 1883 ὑπόθεσιν
1488 1828 1762 1901 φανερῶς,

175 1923 304 1992 ἄρτι
332 1922 430 1976 καὶ
461 1920 771 1992 γράφομεν.
804 1921 931 1985 Πῶς
961 1921 1051 1987 δέ;
1080 1919 1168 1974 διὰ
1212 1919 1313 1992 τῆς
1344 1919 1441 1974 τοῦ
1478 1920 1762 1990 λογοθέτου

175 2014 273 2068 τοῦ
306 2013 522 2084 Δρόμου
551 2012 664 2083 (23)
696 2013 1114 2084 ἐπερωτήσεως,
1157 2015 1251 2070 καὶ
1297 2013 1397 2085 τῆς
1427 2013 1566 2084 πρὸς
1601 2012 1765 2069 αὐτὸν

172 2106 272 2160 τοῦ
297 2107 735 2178 ἀρχιεπισκόπου
758 2105 1125 2177 ἀποκρίσεως.

1871 912 2158 968 consilium
2213 926 2324 966 non
2377 911 2814 968 communicandi
2856 928 2981 968 cum
3032 913 3272 985 Josepho
3302 932 3453 971 oeco—

1870 1017 2055 1066 nomo,
2114 1002 2344 1058 feetmus
2399 1003 2472 1068 id,
2511 1003 2605 1056 ﬁlii
2636 1018 2700 1058 ac
2730 1002 2944 1068 fratres,
2980 1020 3089 1058 non
3128 1014 3275 1060 metu
3325 1022 3452 1061 cor-

1870 1090 2008 1160 repti
2034 1091 2283 1159 quamvis
2324 1099 2638 1159 peccatores
2680 1091 2892 1146 simus:
2928 1091 3020 1147 sed
3056 1091 3453 1163 dispensatorie

1869 1183 2396 1243 condescendentes,
2448 1182 2834 1251 imitantesque
2875 1182 3277 1251 quodammodo
3322 1197 3452 1237 san-

1869 1282 1989 1329 ctos
2017 1274 2206 1330 Patres
2226 1285 2466 1338 nostros,
2490 1283 2762 1344 quatenus
2789 1283 2845 1328 ct
2868 1273 2943 1327 illi
2975 1284 3286 1343 opportuno
3313 1285 3452 1330 tem-

1868 1382 2001 1436 pore
2034 1367 2177 1422 idem
2233 1367 2610 1433 observantes,
2665 1365 3048 1422 subduxerunt
3077 1368 3286 1436 seipsos
3333 1377 3452 1421 ten-

1869 1457 2194 1523 tationibus;
2241 1457 2440 1529 partim
2473 1457 2716 1528 quidem,
2745 1466 2803 1511 ut
2826 1455 3214 1511 inﬁrmioribus
3252 1466 3308 1511 et
3356 1472 3451 1511 ve-

1866 1547 2123 1603 xantibus
2150 1557 2460 1618 parcerent,
2488 1548 2686 1618 partim
2715 1556 2775 1602 ut
2801 1547 3198 1617 aliquantulum
3260 1548 3451 1602 remit-

1871 1648 2072 1706 tentes,
2124 1641 2550 1710 gubernatorum
2600 1656 2774 1706 more,
2829 1655 3055 1712 scopum
3103 1638 3482 1710 postmodum,

1865 1733 2218 1802 attingerent.
2277 1729 2432 1789 Nunc
2484 1749 2616 1788 vero
2661 1741 2948 1804 postquam
3001 1732 3208 1804 optimo
3265 1740 3453 1786 nostro

1867 1825 1980 1880 Deo
2002 1826 2082 1880 sic
2111 1825 2287 1880 visum
2315 1834 2417 1891 est,
2439 1836 2501 1881 ut
2535 1826 2588 1880 in
2631 1835 2882 1896 apertum
2907 1841 2996 1880 res
3038 1824 3300 1896 prodiret,
3325 1823 3454 1879 scri-

1865 1918 2048 1974 bimus
2096 1927 2153 1972 et
2213 1917 2337 1987 ipsi.
2400 1915 2685 1982 Quomodo
2732 1925 2914 1970 autem
2946 1915 2970 1969 ἵ
3003 1914 3108 1970 Per
3162 1915 3452 1986 logothetae

1865 2010 2051 2067 Dromi
2097 2010 2582 2082 interrogationem
2631 2018 2688 2065 et
2733 2008 3136 2080 archiepiscopi
3214 2022 3449 2078 respon-

1867 2119 2097 2159 sronem.

242 2171 548 2269 Φησίγὰρ,
580 2201 681 2253 Διὰ
705 2198 760 2253 τί
788 2171 1016 2263 ἕωςττού
1046 2197 1319 2270 παρόντος
1347 2197 1409 2251 οὐ
1436 2198 1762 2253 συνεκοινώ-

1938 2191 2031 2248 Sic
2051 2191 2199 2247 enim
2233 2191 2323 2246 ille
2355 2209 2370 2246 :
2430 2191 2542 2247 Cur
2578 2190 2868 2256 hactenus,
2931 2191 3127 2262 inquit,
3163 2189 3447 2245 nobiscum

175 2307 354 2362 νησας
400 2293 570 2363 ἡμῖν,
627 2293 725 2345 καὶ
771 2291 849 2362 τῷ
885 2290 1223 2362 πατριάρχῃ,
1258 2289 1530 2344 τοσούτων
1559 2289 1763 2362 ἐορτῶν

171 2381 544 2449 διελθουσῶν;
603 2384 697 2436 καὶ
739 2383 823 2436 ὅτι
862 2383 982 2436 εἰπὲ
1015 2383 1302 2456 παρρησίᾳ
1333 2383 1393 2436 τὸ
1422 2385 1614 2438 αῐτιον.
1652 2382 1764 2437 Καὶ

173 2471 534 2542 ὡμολόγησεν
581 2474 611 2526 ό
657 2471 1129 2545 ἁρχιεπίσκοπος,
1181 2474 1279 2527 καὶ
1328 2473 1429 2528 οὐκ
1463 2474 1760 2547 ἠρνήσατο,

174 2563 274 2618 καὶ
300 2563 692 2636 ὡμολόγησεν·
743 2566 824 2619 ὅτι
855 2564 981 2620 οὐτε
1012 2565 1150 2637 πρὸς
1177 2567 1308 2630 τοὺς
1332 2567 1580 2630 εὐσεϐεῖς
1605 2568 1636 2636 ἡ
1647 2564 1764 2637 μῶν

181 2652 432 2722 βασιλεῖς
461 2653 573 2723 ῑχω
599 2670 674 2720 τι,
705 2654 816 2708 οὐδ’
841 2651 908 2709 αὖ
943 2655 1080 2724 πρὸς
1106 2655 1195 2709 τὸν
1223 2657 1594 2728 πατριάρχην·
1626 2655 1765 2711 ἀλλὰ

174 2743 318 2812 πρὸς
347 2741 440 2796 τὸν
468 2743 756 2814 οἰκονόμον
775 2781 792 2808 ,
844 2742 936 2798 τύν
971 2747 1398 2813 στεφανώσαντα
1429 2739 1522 2800 τὸν
1551 2745 1761 2817 μοιχὸν,

173 2833 280 2886 καὶ
330 2831 423 2888 διὰ
461 2832 627 2888 τοῦτο
669 2833 1060 2906 καθῃρημένον
1097 2835 1251 2907 παρὰ
1277 2835 1386 2889 τῶν
1414 2837 1576 2909 ἱερῶν
1602 2839 1765 2893 κανό-

171 2943 306 2979 νων.
347 2925 495 2997 Πρδς
545 2921 630 2991 οἷς
658 2926 955 2998 ἀπόκρισις
985 2926 1079 2980 τοῦ
1108 2926 1398 2996 λογοθέτου
1419 2945 1435 2960 ο
1473 2930 1557 2984 ὅτι
1588 2932 1637 2984 oi
1671 2931 1764 2984 εὐ-

180 3018 366 3082 σεϐεῖς
395 3018 555 3088 ημῶν
583 3017 826 3090 βασιλεῖς
861 3017 1053 3089 χρείαν
1083 3035 1180 3072 σου
1209 3018 1311 3073 οὐκ
1338 3018 1554 3092 ἔχουσιν
1573 3037 1590 3055 ο
1639 3021 1764 3077 οὐτε

173 3111 234 3163 ἐν
262 3109 668 3182 Θεσσαλονικῃ,
701 3107 825 3163 οὔτε
853 3109 1014 3182 ἄλλῃ.

248 3202 400 3267 Ἕως
424 3202 618 3257 τούτου
651 3203 792 3274 μήτε
815 3201 980 3266 εὐθὺς
1021 3203 1472 3277 άνταποκρίσεως
1495 3205 1764 3278 δοθείσης,

179 3295 326 3366 μήτε
351 3294 549 3365 ἐτέρας
574 3293 900 3367 ἐρωτήσεως
930 3295 1299 3367 προταθείσης
1325 3297 1431 3361 ἕως
1452 3297 1546 3351 τοῦ
1570 3298 1769 3368 παρόνο

174 3403 270 3450 τος
321 3384 653 3439 διελθουσῶν
696 3385 922 3457 ἡμερῶν
966 3386 1306 3460 δεκατριῶν·
1361 3389 1396 3460 ἧ
1448 3389 1637 3460 μόνον,
1683 3390 1767 3444 ὅτι

1863 2300 1974 2340 non
2013 2284 2411 2350 communicas,
2437 2299 2538 2339 nec
2579 2298 2702 2338 cum
2761 2283 3067 2354 patriarcha
3114 2302 3127 2338 :
3187 2298 3310 2339 cum
3372 2291 3450 2338 tot

1864 2376 1985 2433 dies
2023 2377 2146 2433 testi
2177 2377 2583 2449 praeterierint?
2623 2376 2719 2432 Dic
2748 2392 2971 2434 causam
3003 2377 3360 2442 conﬁdenter,
3393 2389 3448 2431 et

1865 2469 2151 2525 confessus
2199 2477 2285 2525 est
2327 2469 2794 2539 archiepiscopus,
2838 2478 2894 2524 et
2941 2484 3052 2524 non
3118 2469 3352 2540 negavit,
3395 2479 3451 2524 et

1866 2561 2154 2618 confessus
2184 2571 2313 2617 est:
2352 2560 2537 2632 Neque
2587 2562 2853 2618 adversus
2904 2562 3025 2632 pios
3091 2562 3450 2632 imperatores

1867 2664 2089 2711 nostros
2121 2655 2423 2725 quidquam
2474 2654 2670 2722 habeo,
2726 2669 2902 2724 neque
2955 2670 3148 2710 rursus
3185 2655 3449 2710 adversus

1874 2746 2245 2817 patriarcham
2280 2763 2293 2801 :
2345 2745 2438 2801 sed
2470 2746 2729 2800 adversus
2751 2761 3119 2810 oeconomum,
3155 2748 3248 2817 qui
3293 2748 3452 2802 adut-

1869 2844 2044 2891 terum
2069 2836 2372 2902 coronavit,
2425 2834 2658 2904 ideoque
2707 2835 2988 2906 depositus
3037 2846 3122 2891 est
3147 2839 3320 2893 sacris
3359 2853 3452 2893 ca-

1869 2931 2128 2986 nonibus.
2162 2931 2243 2986 Ad
2273 2945 2394 3001 qua:
2423 2930 2696 3001 logotheta
2729 2947 2742 2983 :
2777 2928 2856 2984 Pii
2891 2930 3248 3000 imperatores
3280 2932 3454 2986 nostri

1872 3032 1922 3079 te
1947 3037 2086 3100 opus
2110 3037 2220 3078 non
2244 3021 2466 3088 habent,
2492 3037 2593 3078 nec
2620 3020 3041 3088 Thessalonicae,
3078 3038 3178 3078 nec
3209 3023 3367 3077 alibi.

1942 3197 2072 3256 Post
2119 3197 2236 3253 haac
2280 3212 2458 3268 neque
2508 3212 2830 3268 responsum
2866 3199 3104 3268 amplius
3131 3199 3316 3254 datum
3351 3214 3455 3266 esr,

1874 3308 1976 3348 nec
2036 3293 2395 3362 interrogatio
2430 3291 2539 3346 alia
2583 3293 2906 3362 proposita:
2971 3307 3096 3349 cum
3164 3309 3339 3364 usque
3387 3296 3456 3350 ad

1876 3385 2023 3441 hunc
2064 3385 2210 3442 diem
2240 3385 2410 3456 elapsi
2439 3385 2550 3440 sint
2604 3384 2720 3440 dies
2781 3385 3041 3440 tredecim
3078 3404 3092 3442 :
3136 3387 3240 3442 nisi
3311 3387 3456 3458 quod

175 3476 558 3547 πεπόμφαμεν
607 3477 914 3548 γράμματα
981 3479 1118 3549 πρὸς
1167 3477 1258 3533 τὸν
1309 3479 1469 3549 κῦριν
1507 3481 1764 3552 Συμεών·

1875 3477 2088 3533 litteras
2161 3476 2414 3533 misimus
2459 3477 2525 3532 ad
2565 3476 2850 3532 dominum
2919 3476 3253 3544 Simeonem,
3321 3495 3458 3549 quas

173 3567 216 3623 ἃ
239 3566 396 3620 ινδον
417 3565 528 3620 τῶν
553 3567 901 3638 γραμμάτων
925 3568 1275 3639 ἐστείλαμεν·
1305 3569 1444 3641 πρὸς
1465 3569 1526 3623 τὸ
1546 3570 1770 3638 διαγνῶο

176 3675 274 3714 ναι
307 3658 455 3730 ὐμᾶς
483 3659 587 3730 τὴν
612 3659 743 3732 ὃλην
767 3659 999 3730 δύναμιν
1031 3659 1127 3714 τοῦ
1156 3661 1509 3732 πράγματος.
1543 3661 1773 3733 Ἐξηχή-

180 3754 252 3822 θη
283 3750 344 3804 δι
374 3752 409 3821 ἡ
441 3747 702 3813 ὑπόθεσις
734 3750 827 3803 ἐπί
857 3767 918 3803 τε
949 3749 1046 3803 τοῦ
1076 3753 1442 3823 πατριάρχου,
1468 3754 1562 3806 καί
1589 3754 1771 3825 πάσης

178 3845 283 3915 τῆς
316 3845 530 3909 πόλεως
561 3843 750 3913 σχεδόν
773 3859 786 3873 ·
847 3844 942 3898 καί
985 3843 1094 3897 εἰσί
1131 3845 1230 3913 μὲν
1271 3843 1458 3898 πολλοὶ
1489 3846 1771 3900 συνθλιϐό-

183 3950 342 4005 μενοι
392 3935 489 3988 καὶ
538 3933 1022 4004 συμφθεγγόμενοι
1068 3935 1234 4005 ἡμῖν·
1285 3935 1423 3990 ἀλλὰ
1466 3937 1772 4009 νυκτερινοὶ

181 4023 482 4090 θεοσεϐεῖς,
514 4028 612 4079 καὶ
644 4028 718 4097 μὴ
744 4025 1041 4095 δυνάμενοι
1066 4025 1124 4078 ἐν
1167 4026 1309 4095 φωτί
1361 4028 1772 4101 παρρησιασθῆ-

181 4135 294 4171 ναι.
342 4116 536 4187 Ἡμεῖς
562 4117 642 4183 δέ,
676 4119 848 4172 τέκνα
881 4117 979 4171 καὶ
1007 4116 1260 4187 ἀδελφοὶ,
1295 4121 1364 4190 τῇ
1398 4122 1477 4184 εἰς
1503 4119 1638 4174 Θεὸν
1669 4138 1770 4175 πε-

182 4211 476 4282 ποιθήσει,
535 4212 634 4264 καί
680 4215 748 4282 τῇ
778 4214 879 4282 τῆς
905 4210 1167 4284 ἀληθείας
1197 4211 1511 4283 ἐδραιώσει,
1545 4215 1682 4287 αὐτῇ
1710 4232 1771 4268 τε

180 4306 250 4375 τῇ
299 4304 798 4374 προσγεγενημένῃ
850 4304 948 4357 καὶ
997 4303 1380 4376 ἀποφανθείσῃ
1421 4305 1644 4360 ἐκϐάσει
1678 4304 1771 4360 τοῦ

180 4394 399 4449 δικαίου
447 4395 615 4448 κατὰ*
637 4397 705 4448 τὰ
752 4393 1143 4465 ὐποδειχθέντα
1176 4395 1234 4449 ἐν
1261 4395 1341 4466 τῷ
1363 4395 1574 4467 κόσμῳ,
1608 4397 1688 4456 εἷς
1713 4415 1773 4451 τε

182 4488 275 4539 τὸν
303 4484 699 4559 μοιχεύσαντα,
738 4486 833 4538 καὶ
861 4485 992 4549 τοὺς
1023 4487 1500 4558 συνεργήσαντας·
1533 4486 1775 4552 ὰκλινεῖς

183 4579 357 4648 ἐσμεν
399 4576 500 4648 τῆς
529 4575 751 4646 ἐντολῆς
784 4577 880 4630 καὶ
909 4576 1017 4630 τῶν
1043 4576 1328 4649 πατρικῶν
1355 4579 1594 4633 κανόνων
1613 4593 1628 4610 '
1679 4580 1776 4634 καὶ

1877 3570 1996 3625 istis
2018 3567 2371 3634 inseruimus,
2415 3579 2476 3622 ut
2499 3569 2668 3622 totius
2701 3568 2777 3622 rei
2809 3575 3062 3622 naturam
3090 3570 3454 3639 cognoscatis.

1875 3659 2129 3717 Pervenit
2157 3670 2340 3716 autem
2384 3675 2469 3716 res
2499 3661 2566 3715 ad
2614 3661 2942 3732 patriarchae
2983 3676 3169 3726 aures,
3197 3673 3253 3717 et
3292 3662 3458 3718 totius

1877 3753 2049 3809 ferme
2069 3754 2332 3810 civitatis.
2372 3753 2436 3809 Et
2479 3763 2610 3809 sunt
2657 3769 2792 3810 sane
2823 3752 2978 3809 multi
3014 3754 3107 3825 qui
3168 3753 3457 3809 nobiscum

1878 3846 2188 3918 aﬁligantur
2234 3854 2290 3902 et
2320 3847 2685 3910 consentiant,
2716 3846 2811 3902 sed
2843 3846 3102 3900 nocturni
3136 3844 3232 3900 Dei
3279 3845 3456 3902 culto-

1879 3954 1989 4006 res,
2021 3939 2115 4009 qui
2150 3939 2206 3993 in
2235 3937 2349 3993 sole
2372 3938 2678 3994 libertatem
2726 3937 3016 3993 ostendere
3073 3952 3180 3992 non
3221 3935 3453 4006 possint.

1877 4032 1991 4088 Nos
2022 4047 2174 4100 vero,
2222 4031 2318 4086 ﬁlii
2348 4039 2403 4087 et
2452 4030 2670 4097 fratres,
2707 4030 2904 4086 ﬁducia
2939 4029 2993 4085 in
3048 4029 3218 4086 Deum
3245 4030 3377 4096 nixi,
3404 4038 3457 4086 et

1878 4125 2126 4179 veritatis
2152 4123 2526 4186 fundamento,
2566 4121 2799 4192 ipsoque
2839 4120 3137 4191 praeterito,
3185 4129 3240 4176 et
3274 4120 3454 4190 palam

1879 4217 2065 4288 agnito
2125 4217 2348 4286 iustitiae
2408 4225 2631 4281 eventu,
2665 4216 2719 4270 in
2770 4213 2837 4270 iis
2866 4229 2991 4285 qua:
3036 4213 3274 4270 mundus
3325 4214 3458 4269 vidit

1881 4311 2027 4366 circa
2072 4309 2377 4364 adulterum
2434 4307 2662 4378 ejusque
2695 4307 2976 4376 adjutores
3008 4325 3021 4361 :
3056 4305 3365 4361 immobiles
3401 4306 3456 4361 in

1879 4401 2139 4456 mandato
2186 4399 2542 4470 paternisque
2560 4397 2872 4453 canonibus
2919 4397 3242 4452 insistemus
3289 4413 3302 4450 :
3360 4411 3460 4451 nec

1879 4495 2145 4550 dedamus
2175 4508 2301 4558 nos,
2341 4508 2440 4549 nec
2465 4492 2762 4562 prodamus
2788 4492 3047 4562 pietatem
3074 4507 3087 4543 :
3119 4503 3294 4558 neque
3321 4486 3460 4542 adeo

1880 4587 2230 4642 destruamus
2260 4601 2382 4655 quas
2414 4600 2512 4654 per
2530 4584 2708 4640 exsilii
2741 4581 3105 4639 constantiam
3147 4588 3291 4635 recte
3324 4579 3461 4635 aedi-

183 4669 287 4723 οὐκ
337 4666 686 4739 ἐνδώσομεν,
751 4667 875 4722 οὐδὲ
924 4667 1279 4740 προδώσομεν
1323 4673 1423 4742 τὴν
1456 4669 1767 4724 εὐσέϐειαν·

1881 4674 2210 4742 ﬁcavimus;
2243 4691 2312 4731 ne
2358 4674 2492 4745 legis
2523 4673 2973 4744 praevaricatores
3011 4671 3295 4727 videamur
3324 4689 3339 4726 :
3371 4671 3459 4724 di-

185 4762 306 4816 οὐδ’
353 4761 417 4814 οὐ
473 4759 581 4831 μὴν
631 4760 1017 4830 καταλύσομεν
1071 4760 1108 4815 ἃ
1152 4761 1333 4825 καλῶς
1380 4762 1767 4834 προῳκοδομή-

1881 4768 2010 4822 vina
2034 4776 2214 4824 autem
2245 4767 2362 4839 lege
2394 4767 2571 4837 innixi
2607 4767 2911 4833 vincamus,
2950 4775 3010 4821 ttt
3038 4775 3165 4820 ante
3205 4765 3458 4828 vicimus.

189 4868 403 4923 σαμεν,
457 4851 548 4905 διὰ
592 4853 694 4923 τῆς
734 4851 880 4906 κατὰ
908 4851 1009 4921 τὴν
1041 4851 1258 4921 ἐξορίαν
1289 4853 1636 4917 ἐνστάσεως·
1688 4854 1767 4907 ἵνα

1883 4862 2064 4916 omnia
2112 4870 2382 4930 aptantes,
2436 4860 2621 4916 omnia
2671 4861 3024 4922 sustinentes,
3065 4860 3111 4914 si
3147 4857 3461 4928 permiserit

190 4944 265 5016 μὴ
300 4941 720 5013 ἁποδειχθῶμεν
761 4942 1083 5012 παραϐάται
1115 4945 1281 5014 νόμου
1304 4960 1318 4973 ⁸
1371 4944 1521 5016 νόμῳ
1552 4945 1610 4999 δὲ
1644 4945 1767 5017 θείῳ

1879 4952 2048 5017 Deus,
2085 4952 2430 5022 potiusquam
2463 4959 2522 5004 ut
2575 4949 2721 5006 illius
2775 4965 3076 5020 eorumque
3105 4948 3196 5019 qui
3234 4964 3357 5004 cum
3393 4963 3460 5002 eo

185 5033 555 5106 κρατούμενοι
586 5051 923 5105 κρατουμεν,
948 5033 1032 5098 ὡς
1057 5036 1611 5107 προκεκρατήκαμεν,
1637 5038 1767 5091 πάν-

1877 5044 2206 5109 sacriﬁcant,
2243 5042 2687 5098 communionem
2742 5043 3092 5111 attingamus,
3140 5040 3318 5110 quoad
3350 5039 3462 5108 pri-

185 5140 252 5178 τα
280 5122 631 5194 στέργοντες,
660 5127 844 5178 πάντα
869 5124 1261 5197 ὑπομένοντες,
1291 5125 1452 5197 εἴπερ
1476 5127 1571 5181 καί
1593 5143 1767 5199 παρα-

1875 5149 2031 5194 vetur
2064 5137 2344 5208 depositus
2381 5135 2707 5190 ministerio.
2732 5131 2900 5188 Multa
2927 5133 3090 5203 igitur
3114 5132 3462 5187 blaterabunt

188 5217 430 5288 χωρήσει
461 5214 627 5278 Θεός·
676 5216 711 5286 ἢ
745 5217 846 5288 τῆς
874 5217 1090 5272 ἐκείνου
1123 5219 1217 5274 καὶ
1243 5219 1351 5274 τῶν
1376 5218 1528 5291 αύτῷ
1558 5220 1767 5274 συλλει-

1878 5229 2127 5285 homines
2148 5269 2162 5293 ,
2192 5228 2527 5298 illudentque
2571 5236 2627 5282 et
2655 5225 2960 5281 irridebunt
2989 5243 3004 5280 :
3052 5223 3308 5294 quodque
3335 5238 3462 5290 gra-

188 5307 568 5379 τουργούντων
593 5307 918 5378 μετέχοντες
942 5312 1248 5380 κοινωνίας,
1273 5311 1380 5375 ἓως
1404 5311 1469 5366 ἃν
1493 5313 1767 5385 παύσηται

1876 5321 1997 5377 vius
2012 5331 2117 5389 est,
2138 5336 2204 5376 ex
2225 5320 2291 5378 iis
2318 5321 2409 5392 qui
2427 5319 2669 5389 ejusdem
2692 5326 2822 5374 sunt
2851 5316 3094 5382 habitus,
3113 5313 3276 5386 etqui
3299 5312 3460 5366 amici

188 5401 215 5452 ό
258 5399 654 5472 καθῃρημένος
699 5401 803 5472 τῆς
849 5404 1185 5476 ἱερουργίας.
1240 5408 1417 5462 Πολλὰ
1450 5407 1547 5462 οὖν
1582 5407 1767 5479 βαττο·

1879 5429 2001 5469 esse
2015 5413 2289 5479 videntur,
2309 5429 2416 5467 non
2440 5412 2621 5482 pauci.
2641 5410 2747 5467 Sed
2775 5423 2974 5464 novum
3003 5407 3135 5461 nihil
3159 5423 3173 5460 :
3197 5404 3460 5473 scriptum

189 5490 514 5564 λογήσουσιν
567 5495 619 5547 οἰ
667 5493 981 5566 ἄνθρωποι·
1034 5498 1363 5568 ἐμπαίζουσί
1405 5517 1464 5553 τε
1514 5502 1610 5556 καί
1652 5503 1767 5556 ἐπι-⁴

1879 5515 2004 5562 est:
2045 5503 2114 5560 Et
2147 5506 2353 5560 inimici
2388 5505 2619 5559 hominis
2664 5502 2940 5558 domestici
2969 5501 3082 5571 ejus
3100 5500 3166 5553 ⁸⁸.
3201 5498 3269 5553 Ει
3298 5497 3352 5551 hi
3379 5495 3460 5550 le-

190 5584 554 5650 γελάσονται·
606 5585 704 5640 καί
744 5603 810 5657 γε
861 5587 926 5642 τὺ
969 5589 1353 5664 ἐλεεινότερον,
1397 5592 1506 5647 τῶν
1535 5594 1767 5667 ὁμοσκή-

1882 5598 2122 5656 nocinati
2149 5606 2280 5655 sunt
2314 5596 2835 5667 subservieruntquc
2872 5592 3190 5650 adulterinis
3230 5589 3459 5661 nuptiis,

258 5700 305 5734 "
330 5700 520 5757 Matth.
552 5715 607 5767 ι,
642 5697 730 5755 36.

1722 5789 1956 5850 NOTIE.

201 5882 380 6008 illi€225)
413 5883 746 5954 Λογοθέτου
795 5883 903 5939 τοῦ
949 5882 1199 5954 Δρόμου.
1242 5882 1317 5941 De
1344 5898 1533 5941 cursus
1600 5883 1767 5954 publit

1873 5889 2116 5954 DKOItha
2183 5908 2276 5950 seu
2313 5895 2588 5966 praefecto,
2631 5893 3014 5967 Theophanes,
3065 5892 3370 5953 Cedrcnus,
3406 5901 3460 5948 at
