3914 6482
138 482 269 552 1013

1357 484 1902 550 EPISTOLARUM
1935 484 2086 550 LIB.
2119 489 2170 549 Ι.

3277 483 3417 551 1θ14

131 603 186 656 τὸ
244 601 440 664 σκότος
496 599 648 670 φῶς,
700 598 793 655 καὶ
832 598 926 653 τὸν
953 595 1188 670 Χριστὸν
1217 599 1299 663 είς
1325 599 1731 668 ἐναντιολογίαν

1840 601 2111 658 mendacii
2161 601 2625 672 promulgatorem
2661 617 2676 668 ;
2709 597 2803 671 qui
2827 598 3082 657 tenebras
3120 598 3297 656 lucem
3332 601 3417 656 di-

136 694 315 766 ἐαυτῷ
362 693 722 766 περιπίπτειν
769 690 1161 762 πειρώμενονς
1220 692 1447 756 Πάντώς
1476 693 1586 764 γὰρ
1621 693 1725 747 ὅσα

132 791 158 844 6
197 789 386 860 ἱερεὺς
433 785 764 857 ὑποφαίνει,
819 783 994 839 ταῦτα
1036 785 1133 838 καὶ
1171 785 1200 838 6
1225 783 1356 850 Θεὸς
1390 784 1594 855 κυροῦν
1624 784 1723 836 ἐπ-

134 880 458 949 αγγέλλεται
479 921 494 941 ,
548 877 694 932 κατά
721 876 815 931 τὸν
849 876 1024 947 μέγαν
1054 875 1354 932 Διονύσιον.
1405 875 1545 928 Ἀλλ’
1572 875 1725 946 ὅμως

133 973 374 1028 τοιοῦτον
400 973 609 1044 δράσας
636 970 895 1040 πονηρὸν,
924 969 1017 1025 καὶ
1041 970 1168 1034 δοὺς
1188 969 1498 1039 ὑπόδειγμα
1523 969 1724 1031 κακίας

135 1069 244 1130 τοῖς
273 1064 614 1136 ὑποχειρίοις
644 1063 724 1127 είς
754 1062 1121 1134 ὁμοτροπίαν·
1157 1061 1187 1117 δ
1216 1063 1312 1117 καὶ
1338 1061 1560 1131 γέγονεο
1597 1062 1728 1132 μᾶλα

136 1159 222 1211 λον
275 1156 334 1210 δέ
388 1156 483 1209 καὶ
527 1157 642 1216 τοῖς
694 1154 886 1226 πόρῤω
925 1153 1190 1225 κρατοῦσι
1233 1153 1329 1206 καὶ
1363 1152 1656 1222 ἄρχουσινο
1698 1152 1727 1206 ὃ

137 1247 268 1302 καθ’
311 1247 576 1319 ὁμοίωσιν
627 1245 884 1314 ἐτελέσθη
943 1247 1002 1299 ἐν
1049 1247 1118 1315 τῇ
1157 1245 1577 1317 Λογγοϐαρδίᾳ,
1631 1244 1727 1299 καὶ

138 1339 334 1410 Γοτθίᾳ
355 1381 370 1404 ,
422 1339 518 1392 καὶ
550 1339 665 1400 τοῖς
696 1336 958 1406 κλίμασιν
987 1335 1189 1405 αὐτῆς·
1229 1335 1352 1388 οὐδὲ
1385 1336 1494 1407 γὰρ
1525 1336 1584 1389 ἐν
1615 1336 1727 1399 τοῖς

139 1433 319 1488 ἔθνεσι
369 1429 617 1484 τοιοῦτόν
663 1446 716 1481 τι
763 1427 1130 1499 τετόλμηταιυ
1195 1428 1290 1482 καὶ
1332 1427 1392 1481 οὐ
1426 1427 1729 1498 καταισχύ-

141 1538 290 1576 νεται
322 1522 350 1572 6
379 1519 648 1582 δείλαιοςο
688 1516 830 1581 ἀλλ’,
866 1517 942 1580 ὠς
973 1517 1210 1588 εἴρηται,
1243 1516 1554 1587 λειτουργεῖ
1579 1519 1606 1571 6
1635 1519 1730 1572 άν-

145 1615 286 1685 ίερος
313 1630 324 1643 ·
385 1611 481 1665 καὶ
515 1611 645 1673 τοὺς
680 1609 863 1673 καλῶς
893 1609 1057 1664 αὐτὸν
1087 1609 1605 1680 ἀποστρεφομένους
1637 1607 1729 1674 ἐξ·

142 1706 344 1777 ορίζειν
393 1703 808 1771 κατεπείγεται.
862 1701 1068 1773 Κύριος
1103 1702 1162 1756 δὲ
1201 1701 1394 1773 βοηθὸς
1441 1701 1552 1754 τῶν
1588 1700 1730 1772 ὑπὲρ

141 1799 237 1865 τῆς
291 1796 518 1867 ἐντολῆς
564 1795 730 1849 αὐτοῦ
785 1794 1193 1866 ἐνισταμένων,
1247 1793 1307 1856 ὃς
1355 1793 1732 1866 παρακαλέσει

141 1889 239 1950 τάς
272 1886 505 1957 καρδίας
535 1885 645 1938 τῶν
676 1883 921 1938 εὐσεϐῶν
949 1883 1106 1955 ἡμῶν
1139 1883 1405 1953 βασιλέων
1429 1922 1442 1946 ,
1506 1883 1730 1953 ποιῆσαι

1826 695 1922 760 cit,
1954 693 2308 750 etChristum
2337 693 2391 748 in
2418 692 2725 748 contrarias
2755 691 3061 748 sententias
3095 691 3417 762 pertrahere

1825 785 2101 840 conatur?
2130 784 2362 839 Prorsus
2388 784 2533 839 enim
2571 799 2917 854 quacunque
2947 785 3195 841 enuntiat
3231 800 3418 841 sacer-

1826 875 1950 942 dos,
1989 875 2180 930 eadem
2245 873 2389 930 Deus
2431 875 2759 930 confirmare
2796 890 2862 930 ac
2911 885 3030 930 rata
3087 875 3292 931 habere
3355 890 3417 930 se

1826 966 2131 1037 profitetur,
2151 967 2308 1038 juxta
2349 981 2608 1037 magnum
2644 965 2992 1037 Dionysium.
3031 966 3286 1022 Attamen
3323 967 3418 1038 qui

1827 1057 2104 1128 flagitium
2143 1058 2246 1112 hoc
2287 1058 2581 1122 commisit,
2612 1057 2818 1129 quique
2842 1058 3211 1126 improbitatis
3231 1073 3421 1113 exem-

1827 1150 1978 1220 plum
2016 1149 2251 1206 subditis
2280 1150 2347 1204 ad
2393 1149 2755 1204 imitationem
2787 1150 3040 1220 prabuit,
3087 1157 3146 1204 ut
3183 1166 3274 1205 res
3302 1150 3416 1220 ipsa

1829 1245 2032 1310 docet;
2081 1244 2214 1316 quin
2269 1243 2435 1300 etiam
2475 1244 2662 1312 procul
2726 1245 2920 1313 positis
2969 1243 3311 1314 principibus
3365 1254 3421 1299 et

1829 1337 2106 1394 ducibus:
2139 1339 2282 1393 sicut
2311 1337 2423 1408 jam
2473 1337 2737 1392 imitando
2767 1336 2970 1391 laetum
3001 1346 3083 1392 est
3114 1337 3167 1390 in
3201 1336 3418 1408 Longo-

1831 1427 2023 1483 bardia
2053 1436 2107 1483 et
2154 1427 2374 1483 Gotthia
2403 1427 2634 1498 ejusque
2665 1427 2977 1482 confinibus
3007 1429 3050 1459 "
3083 1445 3098 1483 :
3129 1443 3238 1482 non
3271 1413 3428 1482 enim

1830 1520 1971 1589 apud
2007 1520 2234 1589 gentiles
2284 1519 2392 1574 talc
2443 1519 2571 1590 quid
2621 1527 3007 1588 perpetratur:
3078 1533 3250 1589 neque
3292 1534 3421 1574 eru-

1831 1613 2005 1668 bescit
2031 1612 2216 1676 miser,
2248 1611 2342 1666 sed
2371 1612 2659 1677 sacrificat,
2690 1613 2833 1668 sicut
2884 1612 3092 1667 dictum
3133 1622 3237 1676 est,
3292 1627 3418 1682 pro-

1831 1701 2029 1758 fanus:
2061 1711 2117 1756 et
2143 1717 2237 1757 eos
2298 1701 2392 1772 qui
2438 1701 2615 1772 ipsum
2665 1703 2862 1757 merito
2896 1713 3241 1767 aversantur,
3277 1701 3418 1756 rele-

1833 1810 1961 1868 gare
1982 1803 2233 1850 conatur.
2268 1793 2532 1849 Dominus
2592 1803 2773 1848 autem
2823 1793 3042 1863 adjutor
3090 1809 3277 1850 eorum
3322 1792 3416 1864 qui

1835 1905 1935 1960 pro
1992 1889 2112 1960 ejus
2145 1888 2402 1942 mandato
2451 1888 2779 1942 decertant:
2836 1887 2930 1957 qui
2969 1885 3206 1942 inflectet
3253 1887 3419 1944 corda

141 1982 239 2050 τὴν
280 1956 565 2048 ἐκδίκησιν
611 1978 712 2047 τῆς
751 1976 1082 2047 Ἐκκλησίας
1114 1974 1301 2038 αὑτοῦ,
1345 1975 1597 2046 καθάπερ
1632 1977 1726 2029 ἐπὶ

1840 1956 2050 2054 piorum
2075 1983 2491 2052 imperatorum,
2523 1981 2838 2036 utvindices
2853 1956 2914 2036 se
2935 1982 3209 2050 praebeant
3228 1980 3420 2034 Eccle-

141 2071 234 2125 τοῦ
283 2071 513 2142 μοιχοῦ,
578 2070 666 2124 ἵνα
710 2069 803 2123 καὶ
845 2069 1036 2122 τοῦτον
1085 2067 1351 2139 εὐδοκήσῃ
1392 2067 1724 2139 ἐκϐληθῆναι

142 2164 240 2235 τῆς
288 2164 642 2234 ἱερουργίας·
701 2161 794 2216 ἐπί
829 2178 890 2214 τε
936 2159 1246 2229 λυσιτελείᾳ
1289 2159 1382 2212 τοῦ
1414 2161 1724 2229 άγιωτάτου

145 2256 492 2326 πατριάρχου
513 2295 528 2318 ,
570 2254 666 2308 καὶ
700 2253 883 2323 πάσης
913 2252 1013 2322 τῆς
1041 2250 1341 2322 καθολικῆς
1374 2251 1723 2324 Ἑκκλησίας.

211 2348 306 2403 Διδ
335 2348 613 2419 Θαρσεῖτε,
645 2346 815 2399 τέκνα
845 2345 940 2398 καὶ
965 2343 1215 2414 ἀδελφοί·
1259 2344 1356 2397 καὶ
1386 2344 1461 2414 μὴ
1485 2344 1724 2410 δείσητε,

148 2443 284 2514 μηδέ
315 2439 697 2509 καταπέσητε.
735 2436 944 2508 Καιρὺς
971 2437 1287 2507 ὁμολογίας,
1320 2437 1510 2508 καιρὸς
1538 2437 1728 2491 ἐνστά-

147 2551 308 2599 σεως,
349 2531 543 2602 καιρὸς
575 2529 859 2599 ἀθλήσεως
881 2568 896 2595 ,
936 2529 1101 2600 τυχὸν
1133 2529 1230 2584 καὶ
1261 2529 1439 2583 ἄλλων
1463 2528 1728 2598 παθημά-

144 2642 252 2678 των
273 2639 287 2652 ⁸
325 2621 466 2676 ἀλλά
490 2623 583 2674 καὶ
612 2620 894 2689 στεφάνων
924 2620 1018 2674 καὶ
1047 2619 1204 2689 δόξης
1233 2618 1578 2689 ἐπουρανίου.
1619 2619 1729 2687 Φη-

149 2720 200 2771 σὶ
230 2719 340 2788 γάρ
360 2734 372 2746 ·
425 2713 575 2769 Ἀλλ’
603 2714 642 2782 ἣ
675 2712 815 2779 τοὺς
846 2709 1212 2776 δοξάζοντάς
1232 2727 1308 2780 με
1339 2710 1599 2775 δοξάσω,
1631 2709 1729 2763 καὶ

149 2817 178 2867 o'
217 2806 565 2876 ἐξουθενῶν
594 2823 672 2876 με
705 2804 1202 2882 ἀτιμασθήσεται.
1253 2805 1395 2866 Καὶ,
1437 2801 1732 2871 Μακάριοι

148 2907 200 2958 οἱ
229 2903 317 2974 μὴ
347 2901 740 2964 exactly-ortae
773 2897 892 2952 ἀπὸ
928 2895 1049 2951 τῶν
1077 2895 1343 2950 ἐντολῶν
1370 2895 1576 2950 αὐτοῦ.
1615 2894 1729 2960 Διὸ,

150 2997 394 3064 Xat'pets
429 2991 527 3046 καὶ
558 2989 964 3061 ἀγαλλιᾶσθε,
1009 2989 1098 3043 ὅτι
1133 2993 1165 3042 ό
1189 2988 1410 3058 μισθὸς
1437 2987 1581 3057 ὑμῖν
1619 2989 1734 3050 τοῖς

153 3085 486 3155 ὑπομένουσι
529 3083 726 3148 πολὺς
762 3081 832 3135 ἐν
865 3080 991 3146 τοῖς
1058 3079 1369 3147 οὐρανοῖς*
1411 3079 1520 3132 τῶν
1554 3077 1732 3150 ἔργων

152 3178 306 3248 ὑμῶν
350 3173 568 3244 ἔχεσθε.
632 3173 753 3227 Τῶν
802 3171 1068 3242 βασιλέων
1115 3170 1276 3241 ἡμῶν
1333 3169 1731 3241 ὑπερεύχεσθε,

152 3273 242 3326 τοῦ
259 3266 701 3340 ἀρχιερέως,τοῦ
724 3264 1059 3336 ἐκϐληθῆναι
1076 3264 1166 3317 τὸν
1194 3263 1394 3333 Ἰωσὴφ
1418 3263 1484 3315 ἐκ
1511 3262 1607 3315 τοῦ
1638 3261 1734 3314 θυ-

155 3361 513 3432 σιαστηρίου,
563 3359 663 3429 τῆς
711 3357 940 3427 εἰρήνης
982 3356 1082 3426 τῆς
1111 3355 1470 3425 Ἐκκλησίαςο
1510 3353 1743 3424 πορευό-

157 3473 306 3525 μενοι
340 3457 399 3508 ἐν
425 3453 530 3523 όδῷ
554 3449 808 3521 ἀμώμῳ,
862 3450 920 3501 ἐν
963 3451 1084 3510 ταῖς
1117 3447 1359 3509 ἐντολαῖς
1383 3446 1544 3500 αὑτοῦ
1586 3445 1743 3516 θελή-

157 3565 348 3612 σαντες
400 3546 641 3618 σφόδραο
707 3546 766 3596 ἐν
820 3541 971 3612 πάσῃ
1020 3541 1162 3612 καλῇ
1212 3539 1586 3604 καταστάσει,
1647 3537 1744 3592 καὶ

156 3644 420 3711 κανονικῇ
468 3636 788 3693 διαϐιώσει⁶
846 3634 954 3698 ἕως
1012 3635 1079 3688 ἂν
1127 3633 1403 3704 ἀκούσητέ
1453 3650 1506 3685 τι
1555 3631 1740 3700 πλέον,

155 3737 185 3803 ἢ
231 3733 327 3789 καὶ
376 3734 540 3804 ἡμεῖς
585 3725 960 3799 σημανοῦμεν.
1009 3725 1070 3782 Ὀ
1102 3725 1336 3796 Χριστὸς
1395 3723 1518 3795 μεθ’
1551 3724 1740 3794 ὑμῶνο

157 3831 186 3898 ἡ
211 3828 483 3887 Θεοτόκος
516 3821 801 3877 σκέπουσα
827 3820 1002 3891 ὑμᾶς’
1038 3820 1066 3872 6
1097 3817 1408 3890 Πρόδρομος
1440 3822 1536 3871 καὶ
1564 3818 1592 3871 ὁ
1616 3817 1748 3870 Θεο-

157 3920 314 3989 λόγος
365 3915 732 3987 φρουροῦντες
762 3914 939 3984 ὑμᾶς·
977 3915 1026 3966 oi
1081 3911 1228 3981 ἅγιοι
1265 3911 1470 3973 πάντες
1509 3913 1577 3982 τῇ
1611 3910 1744 3980 εὐχῇ

159 4014 247 4070 τοῦ
298 4010 514 4082 Πατρός
558 4025 662 4079 μου
711 4007 806 4060 καὶ
845 4006 1060 4078 Πατρὸς
1091 4001 1268 4075 ὑμῶν.
1322 4003 1541 4064 Πάντας
1577 4019 1748 4072 προσ-

160 4101 415 4175 αγορεύω
465 4100 588 4156 κατ’
627 4099 802 4170 ὄνομα
894 4099 930 4170 ἡ
982 4097 1143 4169 χάρις
1188 4093 1285 4148 τοῦ
1331 4093 1543 4165 Κυρίου
1589 4091 1747 4164 ἡμῶν

172 4194 348 4268 Ἰησοῦ
374 4192 616 4266 Χριστοῦ
646 4192 789 4246 ἔστω
817 4193 955 4246 αετά
977 4190 1197 4244 πάντων
1223 4185 1398 4257 ὑμῶν,
1420 4186 1590 4240 τέκνα
1611 4187 1748 4258 ὴγαο

164 4301 233 4355 πη
242 4282 408 4353 μένα.
449 4283 504 4335 Ἀ
516 4283 645 4353 μήν.

481 4416 678 4471 ΛΒ’.-
689 4415 963 4482 Νικολάῳ
989 4417 1432 4484 Χαρτουλαρίῳ.

1833 2077 1927 2132 sia
1955 2092 2086 2142 sua,
2121 2074 2581 2146 quemadmodum
2615 2073 2670 2128 in
2698 2074 2944 2129 adultero
2977 2093 2990 2127 :
3024 2073 3258 2142 ejicique
3279 2074 3424 2128 hunc

1832 2168 2046 2239 placeat
2079 2181 2242 2223 sacro
2273 2166 2605 2231 ministerio,
2646 2175 2806 2235 prout
2835 2165 3053 2236 expedit
3081 2165 3424 2221 sanctissimo

1833 2259 2154 2330 patriarchae
2183 2265 2388 2328 totique
2415 2258 2673 2316 Ecclesia
2703 2259 3008 2313 catholica.

1908 2351 2268 2419 Quamobrem
2292 2350 2568 2416 confidite,
2596 2351 2687 2404 lilii
2719 2365 2782 2404 ac
2800 2349 2994 2404 fratres
3016 2367 3031 2404 :
3052 2358 3106 2404 et
3131 2364 3199 2404 ne
3223 2359 3425 2405 terrea-

1835 2445 1992 2510 mini,
2027 2459 2125 2498 nec
2179 2442 2550 2497 succumbite.
2583 2441 2825 2510 Tempus
2872 2440 3254 2506 confessionis,
3285 2451 3425 2495 tem»

1835 2550 1938 2606 pus
1981 2533 2326 2596 resistentia,
2385 2541 2601 2602 tempus
2653 2531 3037 2596 certaminum,
3085 2531 3429 2600 aliorumque

1839 2625 2087 2680 fortasse,
2115 2623 2494 2689 afilictionum,
2527 2623 2622 2679 sed
2673 2633 2728 2678 et
2761 2638 3112 2689 coronarum,
3157 2632 3213 2679 et
3244 2624 3430 2692 gloria

1838 2720 2097 2774 caelestis.
2135 2719 2223 2772 Ait
2253 2718 2396 2772 enim
2421 2733 2434 2771 :
2461 2715 2564 2771 Sed
2596 2716 2960 2786 gloriﬁcantes
2984 2733 3064 2770 me
3091 2715 3424 2788 gloriﬁcabo,

1839 2813 2000 2882 etqui
2022 2811 2304 2864 contemnit
2335 2826 2414 2862 me
2461 2809 2561 2863 erit
2621 2807 2868 2878 ignobilis
2890 2808 2960 2862 ".
2998 2807 3106 2862 Et:
3141 2807 3297 2861 Beati
3335 2807 3428 2877 qui

1840 2919 1940 2958 non
1977 2902 2242 2956 declinant
2295 2918 2328 2953 a
2377 2899 2646 2954 mandatis
2697 2898 2808 2968 ejus
2841 2899 2906 2953 ".
2943 2899 3067 2953 Ideo
3117 2896 3351 2953 Gaudete
3377 2905 3426 2950 et

1839 2995 2120 3057 exsultate,
2155 2992 2407 3063 quoniam
2450 3007 2643 3046 merces
2671 2992 2838 3058 vobis,
2875 3005 2998 3046 cum
3020 2990 3424 3057 susﬁnueritis,

1840 3083 2012 3138 multa
2039 3093 2116 3137 est
2149 3084 2205 3136 in
2235 3081 2379 3136 caelis
2403 3079 2472 3136 “.
2496 3079 2763 3151 Operibus
2792 3081 2990 3136 vestris
3013 3080 3204 3136 intenti
3231 3090 3424 3136 estote.

1841 3179 1947 3233 Pro
1972 3177 2394 3247 imperatoribus
2436 3177 2640 3231 nostris
2689 3185 2840 3230 orate
2886 3195 2900 3230 :
2938 3191 3038 3246 pro
3071 3174 3380 3246 patriarcha
3406 3213 3424 3240 ,

1845 3280 1905 3325 ut
1929 3271 2179 3336 ejiciatur
2209 3267 2409 3339 Joseph
2444 3267 2513 3322 ab
2562 3269 2724 3321 altari
2756 3285 2769 3333 ;
2813 3283 2911 3337 pro
2962 3283 3093 3337 pace
3123 3267 3384 3324 Ecclesia
3413 3288 3426 3324 :

1843 3362 2187 3418 ambulantes
2227 3360 2281 3415 in
2313 3360 2398 3414 via
2448 3360 2800 3416 immaculata
2829 3359 2899 3425 ",
2926 3361 2978 3414 in
3013 3361 3289 3416 mandatis
3310 3360 3429 3430 ejus

1840 3456 2084 3509 volentes
2129 3452 2295 3508 nimis
2316 3453 2361 3484 “
2400 3469 2414 3506 :
2447 3451 2502 3506 in
2547 3452 2696 3506 omni
2750 3452 2976 3506 honesta
3038 3453 3428 3506 constitutione

1841 3556 1895 3602 et
1932 3545 2194 3601 canonica
2225 3543 2644 3600 conversatione
2679 3562 2691 3597 :
2729 3544 2909 3613 quoad
2959 3545 3160 3613 aliquid
3193 3544 3427 3614 amplius

1841 3636 2098 3700 audiatis,
2127 3644 2220 3690 aut
2250 3650 2280 3689 a
2309 3634 2465 3689 nobis
2518 3633 2871 3704 significetur.
2908 3633 3165 3690 Christus
3212 3636 3286 3690 sit
3332 3651 3428 3689 vo-

1844 3727 2096 3793 biscum;
2159 3725 2388 3796 Deipara
2435 3733 2725 3796 protegens
2797 3741 2935 3794 vos;
3013 3725 3329 3783 Pracursor
3374 3737 3428 3781 et

1836 3818 2146 3890 Theologus
2185 3819 2555 3874 custodientes
2593 3833 2733 3882 vos;
2764 3819 2936 3873 sancti
2981 3834 3207 3882 omnes,
3247 3815 3425 3890 preci;

1835 3913 1938 3968 bus
1978 3912 2158 3968 Patris
2207 3912 2337 3978 mei,
2370 3927 2433 3966 ac
2461 3911 2641 3967 Patris
2671 3913 2862 3968 vestri.
2894 3914 3096 3968 Omnes
3122 3916 3301 3968 saluto
3329 3927 3426 3966 no-

1836 4005 2105 4059 minatim.
2172 4003 2358 4059 Gratia
2408 4002 2623 4057 Domini
2673 4005 2846 4058 nostri
2916 4002 3048 4060 Jesu
3110 4003 3316 4062 Christi
3356 4004 3426 4061 sit

1834 4112 1960 4153 cum
1983 4095 2240 4153 omnibus
2262 4093 2438 4160 vobis,
2482 4095 2578 4152 lilii
2618 4094 2822 4152 dilecti.
2876 4094 3071 4154 Amen.

2153 4408 2367 4467 XXXII.
2397 4439 2469 4452 —
2501 4409 2726 4468 Nicolao
2753 4412 3115 4471 Cltartulario.

409 4532 729 4592 Quantopere
748 4543 918 4593 pacem
943 4537 1085 4594 optet
1107 4529 1375 4582 Ecclesia:
1404 4535 1457 4582 et
1486 4542 1632 4592 quam
1653 4528 1785 4578 bene
1806 4527 1858 4584 in
1882 4525 2210 4592 patriarcham
2231 4526 2299 4577 sit
2330 4527 2555 4578 affectus.
2585 4528 2785 4591 (Baron.
2814 4544 2894 4579 an.
2919 4529 3030 4592 809,
3057 4545 3106 4580 n.
3131 4531 3204 4588 2.)

240 4640 624 4711 ’Υπελάϐομεν
681 4640 802 4704 πῶς
847 4641 1105 4712 ἀπεχθῶς
1153 4640 1300 4711 ἔχειν
1346 4639 1447 4712 τὴν
1497 4639 1735 4711 μεγάλην

1927 4637 2262 4708 Suspicabar
2276 4636 2682 4708 quodammodo
2703 4652 2954 4708 magnam
2978 4638 3228 4707 pietatem
3252 4648 3421 4706 tuam,

165 4753 253 4788 σου
285 4733 593 4797 εὐσέϐειαν,
631 4730 951 4801 πανπόθητε
979 4731 1139 4802 ἡμῶν
1167 4731 1427 4795 δέσποτα,
1469 4731 1606 4801 πρὸς
1643 4731 1742 4798 τὴν

163 4827 492 4881 ταπείνωσιν
540 4823 696 4894 ἡμῶν
719 4861 734 4883 .
796 4823 884 4877 διά
917 4840 1040 4878 τινα
1076 4824 1576 4897 παρεμπίπτουσαν
1611 4821 1745 4875 ὑπό-

164 4920 330 4974 θεσιν.
375 4916 518 4970 Ἀλλ’
547 4915 715 4977 ὅντως
745 4914 952 4981 ἔδειξας
986 4918 1044 4970 ἐν
1071 4915 1148 4987 τῶ
1175 4915 1407 4987 παρόντι
1436 4913 1613 4986 καιρῷ
1643 4931 1744 4968 κα-

166 5011 338 5082 θαράν
388 5026 484 5062 σου
540 5007 638 5079 τὴν
683 5007 872 5077 τιμίαν
917 5007 1096 5078 ψυχὴν
1152 5009 1334 5078 πάσης
1377 5007 1738 5078 δυσμενείας.

165 5106 219 5157 οὔ
258 5103 368 5173 μὴν
401 5099 541 5155 ἀλλά
579 5101 677 5154 καὶ
713 5099 894 5170 πάσης
925 5099 1233 5163 θεοσεϐείας
1263 5100 1704 5171 πεπληρωμένην
1726 5115 1741 5132 ⁶

166 5198 220 5248 ἐν
268 5194 349 5264 τῷ
387 5192 590 5263 γοργὸν
623 5193 717 5245 καὶ
746 5191 949 5262 θερμόν
984 5208 1043 5247 σε
1068 5191 1324 5260 γενέσθαι
1360 5193 1440 5257 είς
1469 5194 1550 5258 τὸ,
1583 5192 1745 5263 χάριν

165 5288 392 5355 εἰρήνης
417 5284 516 5353 τῆς
546 5283 876 5354 Ἐκκλησίας
898 5284 991 5339 τοῦ
1015 5283 1173 5348 Θεοῦ,
1203 5285 1366 5349 εὐθὺς
1390 5284 1498 5337 ἀπὸ
1521 5282 1747 5356 πρώτης

164 5377 321 5444 ἡμῶν
369 5373 774 5445 παρακλήσεως
819 5374 1113 5444 κινηθῆναι
1158 5375 1295 5446 πρὸς
1327 5375 1624 5437 συνάφειαν
1652 5375 1744 5428 τοῦ

166 5467 475 5535 άγιωτάτου
509 5466 668 5536 ἡμῶν
693 5467 1063 5538 πατριάρχου.
1102 5466 1274 5520 Τοῦτο
1301 5467 1592 5538 γνώρισμα
1618 5466 1750 5519 εἰλι-

168 5559 386 5628 κρινοῦς
429 5559 611 5628 φιλίας
633 5574 646 5588 ⁸
700 5558 861 5613 τοῦτο
897 5559 1098 5630 ἰδίωμα
1127 5559 1418 5631 ἀνθρώπου
1451 5559 1712 5629 θεοφόϐου
1734 5576 1773 5594 ο·

166 5650 324 5705 τοῦτο
356 5649 634 5717 ἀπόδειξις
665 5650 932 5722 ἐναργοῦς
961 5650 1127 5721 ζήλου
1155 5650 1436 5721 ἀληθείας.
1475 5652 1584 5704 Καὶ
1615 5651 1746 5719 γοῦν

167 5740 467 5796 ἀποδῶσειέ
511 5759 596 5795 σοι
643 5741 887 5813 Κύριοςο
945 5742 994 5795 εί
1043 5743 1136 5798 καὶ
1182 5743 1350 5815 μηδέν
1389 5761 1441 5796 τι
1484 5743 1742 5815 γένηται,

236 5877 276 5951 ἶῗ
313 5874 486 5951 Supra
519 5875 572 5951 in
620 5876 890 5951 Theodori
918 5877 1060 5943 Vita,
1101 5894 1222 5951 pag.
1269 5879 1348 5946 16,
1384 5896 1436 5935 n.
1462 5880 1556 5935 19,

173 5944 215 5976 “
245 5944 388 6001 l'sal.
423 5963 472 6010 ο,
512 5946 565 6002 6.
642 5948 687 5981 ⁹⁶
729 5947 872 6005 Psal.
909 5964 1018 6016 ext,
1054 5944 1104 6006 l.

1674 5879 1760 5934 "l
1801 5879 1933 5951 Reg.
1964 5895 2022 5946 ll,
2081 5879 2169 5937 50.

1849 4727 2071 4784 domine
2104 4728 2178 4783 mi
2205 4728 2686 4794 desideratissime,
2719 4729 2977 4784 alieniore
3001 4729 3184 4784 animo
3210 4747 3330 4786 esse
3358 4733 3424 4787 ab

1849 4819 2156 4877 humilitate
2187 4830 2372 4877 nostra
2425 4821 2496 4875 ob
2526 4836 2704 4875 causa
2755 4820 2986 4889 alicujus
3041 4822 3423 4879 interventum.

1853 4915 1960 4971 Sed
1990 4930 2177 4970 revera
2225 4915 2332 4969 hoc
2366 4923 2610 4984 tempore
2667 4914 2977 4978 ostendisti,
3013 4929 3240 4969 vacuam
3275 4918 3424 4971 omni

1851 5008 1978 5063 odio
2005 5023 2126 5063 esse
2154 5007 2521 5062 venerandam
2566 5007 2804 5061 animam
2867 5015 3039 5070 tuam,
3099 5008 3429 5079 plenamque

1850 5101 1987 5154 adeo
2023 5099 2388 5167 omnipietate
2420 5117 2433 5153 :
2470 5099 2693 5168 quando
2721 5108 2771 5152 te
2813 5109 3123 5168 promptum
3175 5116 3238 5155 ac
3270 5117 3428 5170 para-

1843 5197 1959 5245 tum
1989 5190 2245 5255 docuisti,
2279 5199 2338 5244 ut
2381 5189 2533 5258 pacis
2577 5188 2835 5244 Ecclesia
2871 5191 2962 5243 Dei
3011 5191 3214 5255 studio,
3239 5195 3425 5247 statim

1845 5296 1909 5336 ac
1931 5281 2165 5350 primum
2196 5280 2396 5335 hortati
2430 5295 2642 5343 sumus,
2668 5281 2970 5350 applicares
3010 5289 3060 5336 te
3093 5283 3158 5336 ad
3195 5284 3431 5352 conjun-

1846 5372 2085 5428 ctionem
2118 5372 2451 5427 sanctissimi
2500 5372 2824 5442 patriarcha
2875 5374 3074 5429 nostri.
3123 5373 3235 5430 lloc
3288 5376 3431 5430 indi.

1848 5465 1992 5520 cium
2059 5465 2289 5520 sincera
2346 5464 2622 5531 amicitia,
2681 5466 2786 5520 hoc
2846 5467 3132 5538 pr0prium
3186 5468 3428 5525 hominis

1854 5555 2022 5611 Deum
2049 5556 2292 5612 timentis
2317 5571 2330 5610 :
2359 5556 2474 5611 hac
2502 5567 2687 5627 aperta
2722 5558 3117 5615 demonstratio
3151 5561 3253 5616 zeli
3283 5566 3428 5616 vcri-

1855 5648 2001 5705 latis.
2032 5647 2217 5719 Itaque
2248 5648 2512 5704 retribuet
2540 5650 2636 5704 tibi
2702 5649 2986 5718 Dominus,
3020 5652 3237 5707 tametsi
3278 5645 3429 5707 'nihil

1853 5739 1968 5806 fiat,
2022 5740 2286 5812 integram
2342 5740 2570 5810 jnstitia
2625 5742 2954 5798 mercedem.
3007 5742 3125 5798 Non
3182 5744 3328 5799 enim
3359 5760 3426 5799 ex

2251 5880 2295 5913 ⁹³
2355 5878 2499 5936 Psal.
2557 5876 2742 5949 cum,
2794 5881 2883 5936 21.
2992 5881 3036 5915 τι
3068 5880 3259 5950 Matth,
3290 5898 3344 5941 v.
3375 5883 3418 5939 l.
