3914 6438
542 390 683 463 1015

1699 402 1760 463 S.
1800 402 2194 464 THEODORI
2232 405 2372 466 STU
2384 403 2577 465 DITE

3645 407 3776 473 1016

533 526 720 568 rerum
757 511 926 577 exitu,
951 512 1046 570 sed
1077 512 1148 569 ab
1185 527 1378 569 earum
1413 513 1736 579 intentione,
1773 531 1868 572 seu
1919 517 2101 573 lauda-

2214 519 2508 589 ὁλόκληρον
2552 517 2902 586 δικαιοσύνης
2954 517 3169 588 μισθόν.
3227 518 3361 573 Οὐδὲ
3396 517 3507 590 γὰρ
3548 520 3660 572 ἀπὸ
3690 521 3777 573 τοῦ

532 604 654 672 bili,
687 619 780 660 seu
808 617 987 672 secus,
1014 605 1152 661 solet
1170 604 1314 661 Deus
1341 607 1560 676 praemia
1582 607 1871 664 decernere
1898 608 2103 665 facien-

533 697 700 753 libus.
730 696 994 754 Lucratus
1018 713 1150 768 ergo
1173 714 1233 755 es
1259 699 1518 769 temporis
1540 709 1740 769 puncto
1770 715 1876 756 non
1908 718 2101 758 aurum

534 797 590 841 et
618 794 924 857 argentum,
950 788 1042 843 sed
1091 787 1250 858 juges
1286 789 1574 844 thesauros
1595 791 1834 846 caelestis
1863 793 2103 848 retribu-

532 880 719 934 tionis.
759 877 994 934 Oramus
1038 888 1243 945 autem,
1300 889 1355 935 et
1413 881 1700 936 hortamur
1753 883 2014 954 amplius,
2046 897 2106 941 ut

531 982 730 1040 pergas
761 970 816 1024 in
859 971 1130 1042 inempto;
1161 979 1220 1026 ut
1261 980 1317 1026 tu
1354 973 1572 1041 quidem
1605 973 1921 1030 thesaurum
1961 991 2104 1046 pra:-

532 1061 761 1116 divitem
789 1066 1067 1131 acquiras,
1120 1077 1223 1117 nos
1253 1078 1382 1118 vero
1420 1063 1656 1121 humiles
1689 1076 1988 1136 conspectu
2014 1083 2108 1138 pa-

533 1156 784 1210 triarchae
813 1153 1082 1221 fruamur,
1117 1161 1212 1208 aut
1276 1155 1455 1225 potius
1507 1164 1565 1210 ut
1618 1155 1857 1212 Ecclesia
1894 1157 1984 1214 Dei
2015 1167 2106 1212 tua

531 1261 699 1316 opera
729 1260 914 1316 pacem
948 1248 1161 1316 adepta,
1192 1247 1390 1300 multas
1440 1247 1538 1301 tibi
1592 1246 1814 1302 laudum
1872 1264 2106 1306 coronas

532 1345 741 1393 nectat:
767 1353 868 1393 nec
889 1337 1138 1406 pluribus
1151 1337 1328 1392 verbis
1345 1345 1430 1392 est
1452 1352 1611 1408 opus.
1630 1337 1898 1405 Quoniam
1926 1351 2106 1396 autem

527 1428 738 1499 jussisti
762 1429 1069 1499 signiﬁcare
1088 1445 1206 1493 nos,
1234 1429 1363 1500 quid
1378 1430 1578 1484 sentiat
1595 1430 1874 1487 humilitas
1897 1443 2102 1488 nostra:

530 1518 642 1588 jam
665 1519 784 1573 sine
835 1518 984 1582 fuco,
1012 1518 1347 1574 excellentiae
1381 1527 1484 1573 tum
1511 1534 1694 1574 coram
1729 1519 1981 1586 Domino,
2010 1525 2104 1592 qui

531 1609 746 1665 occulta
776 1609 950 1673 novit,
1001 1608 1398 1680 signiﬁcamus.
1452 1607 1610 1664 Nulla
1669 1612 1828 1667 nobis
1869 1624 1954 1668 est
1980 1629 2103 1668 cum

533 1700 842 1771 patriarcha
877 1700 945 1755 de
991 1699 1382 1755 communione
1428 1699 1716 1766 dubitatio,
1745 1712 2103 1772 prmterquam

532 1793 807 1848 aconomi
842 1807 1031 1858 causa,
1067 1808 1132 1848 eo
1175 1793 1320 1863 quod
1347 1794 1628 1863 depositus
1657 1795 1728 1848 sit
1764 1810 1859 1864 per
1893 1797 2106 1851 divinos

2207 611 2393 674 τέλους
2443 609 2551 662 τῶν
2597 608 2976 679 πραγμάτων,
3031 607 3150 662 ἀλλ’
3181 608 3290 662 άπὸ
3329 609 3429 678 τῆς
3478 612 3614 679 περὶ
3649 612 3781 664 αὐτά

2209 699 2523 770 προθέσεως
2546 741 2562 765 ,
2615 701 2726 753 εἴτε
2761 699 3061 764 ἐπαινετῶς
3081 740 3096 763 ,
3133 700 3244 753 εἴτε
3271 702 3367 770 οὐχ
3391 700 3593 764 οὕτως,
3627 702 3780 754 εἴωθε

2207 787 2304 858 τάς
2355 793 2592 864 ἀμοιϐάς
2643 795 2705 848 τὸ
2750 794 2907 850 Θεῖον
2956 794 3384 865 ἐπιψηφίζεσθαι
3429 798 3547 860 τοῖς
3591 796 3780 867 δρῶσι.

2210 885 2565 958 Κεκέρδηκας
2590 885 2882 956 τοιγαροῦν
2911 886 2969 938 ἐν
2995 887 3094 955 μιᾷ
3121 883 3314 956 καιροῦ
3342 887 3514 954 ῥοπῇ,
3556 886 3619 937 οὐ
3657 902 3784 953 χρυ-

2211 977 2324 1032 σίον
2351 995 2411 1031 τε
2439 978 2534 1032 καὶ
2560 978 2845 1050 ἀργύριον,
2885 977 3020 1032 ἀλλά
3053 977 3359 1049 θησαυροὺς
3389 976 3782 1039 ἀνεκλείπτους

2209 1068 2467 1139 οὐρανίας
2500 1069 2932 1132 άνταποδόσεως.
2975 1069 3096 1122 Ἔτι
3129 1069 3186 1122 δέ
3220 1068 3652 1141 παρακαλοῦμεν
3689 1070 3779 1122 καὶ

2209 1161 2563 1232 δυσωποῦμέν
2593 1177 2653 1214 σε
2685 1159 3006 1230 ἐπειχθῆναι
3041 1162 3100 1214 ἐν
3131 1163 3200 1232 τῇ
3231 1160 3458 1232 τοιαύτῃ
3486 1160 3779 1214 ὑποθέσει·

2211 1252 2300 1306 ἵνα
2347 1253 2511 1316 αὐτὸς
2555 1251 2655 1323 μὶν
2703 1251 2973 1324 κερδήσῃς
3006 1250 3266 1305 πλούσιον
3297 1252 3359 1305 τὸ
3387 1251 3752 1323 θησαύρισμα

2210 1344 2370 1414 ἡμεῖς
2396 1341 2454 1396 δέ
2484 1346 2531 1396 οἰ
2558 1343 2796 1406 εὐτελεῖς
2825 1342 3078 1414 τύχωμεν
3106 1342 3200 1397 τοῦ
3231 1343 3370 1415 πρὸς
3395 1345 3486 1398 τὸν
3519 1345 3785 1416 ἀρχιερέα

2215 1433 2538 1488 συνοπτικοῦ
2561 1450 2575 1465 ·
2638 1433 2842 1505 μᾶλλον
2883 1434 2940 1487 δέ
2993 1434 3081 1487 ἵνα
3121 1437 3154 1505 ἡ
3194 1435 3490 1506 Ἐκκλησία
3525 1435 3621 1488 τοῦ
3649 1433 3782 1488 Θεοῦ

2211 1528 2278 1596 τῇ
2316 1527 2381 1596 σῇ
2421 1525 2666 1596 μεσιτείᾳ
2697 1522 3088 1596 βραϐευθεῖσα,
3128 1523 3358 1587 πολλούς
3389 1542 3483 1577 σου
3513 1527 3644 1588 τοὺς
3676 1524 3784 1578 τῶν

2214 1614 2506 1685 ἐγκωμίων
2543 1615 2840 1683 στεφάνους
2876 1615 3254 1682 καταπλέξειε.
3299 1616 3411 1668 Kal
3442 1616 3503 1668 οὐ
3535 1615 3702 1668 πλέον
3733 1633 3781 1669 τι

2214 1705 2321 1777 χρὴ
2364 1705 2569 1772 λέγειν.
2626 1705 2843 1774 Ἐπειδὴ
2873 1704 2930 1757 δέ
2961 1704 3256 1768 ἐκέλευσας
3285 1705 3628 1775 ἐπισημᾶναι
3654 1707 3782 1757 ὁπό-

2215 1815 2305 1861 σος
2353 1798 2504 1852 ὲστὶν
2556 1798 2584 1848 ό
2629 1796 2780 1864 λόγος
2828 1797 2928 1866 τῆς
2997 1795 3379 1859 ταπεινώσεως
3446 1797 3626 1868 ἡμῶν,
3681 1797 3781 1868 ήδη

531 1897 794 1939 canones.
829 1881 895 1939 Et
924 1885 1142 1952 quando
1189 1885 1560 1955 prohibebitur
1587 1899 1612 1938 a
1643 1900 1800 1940 sacro
1858 1887 2101 1943 ministe-

2209 1889 2456 1958 άψευδῶς
2507 1887 2846 1959 γνωρίζομεν
2892 1889 2961 1958 τῇ
3010 1887 3244 1958 μεγίστῃ
3293 1888 3570 1959 ὑπεροχῇ,
3620 1889 3698 1951 ώς
3729 1890 3784 1942 ὲν

531 1975 641 2039 rio,
667 1977 807 2032 sicut
835 1985 994 2031 antea
1029 1975 1120 2031 Dei
1155 1977 1515 2047 beneplacito,
1540 1985 1594 2030 et
1638 1979 1975 2033 sanctissimi
2008 1995 2103 2048 pa-

533 2067 806 2136 triarchas,
831 2067 1155 2139 piorumque
1208 2068 1561 2124 dominorum
1624 2079 1980 2135 nostrorum;
2023 2071 2105 2125 ni-

532 2161 734 2217 mirum
766 2161 894 2231 quia
950 2175 1271 2217 meonomus
1331 2170 1433 2226 est,
1489 2171 1544 2216 et
1595 2163 1860 2217 honorem
1913 2165 2101 2233 gerit;

531 2261 650 2308 tum
680 2254 932 2324 protinus
959 2253 1124 2308 simul
1153 2254 1589 2310 sacriﬁcabimus
1634 2265 1688 2310 et
1733 2256 2105 2310 communica-

531 2345 737 2413 bimus,
788 2353 845 2400 et
882 2361 1101 2400 manum
1138 2346 1503 2417 porrigemus,
1560 2346 1696 2400 nihil
1758 2348 2099 2416 inquirentes

529 2438 599 2493 de
629 2437 863 2494 triennio
923 2437 1047 2505 hoc,
1082 2453 1196 2509 quo
1245 2454 1367 2492 cum
1419 2453 1486 2493 eo
1515 2439 1688 2494 sacris
1716 2447 1970 2508 operatus
1997 2446 2099 2503 cst,

528 2529 684 2600 pacis
706 2529 928 2585 studio:
965 2544 1141 2600 neque
1171 2529 1221 2583 id
1256 2539 1403 2585 metu
1436 2530 1642 2600 aliquo,
1667 2529 1761 2586 sed
1789 2533 2099 2584 communis

529 2619 783 2676 utilitatis
809 2633 866 2676 et
894 2619 1089 2676 salutis
1111 2619 1308 2690 gratia.

527 2712 625 2768 καὶ
679 2711 1242 2783 συλλιιτουργοῦμεν,
1302 2711 1399 2764 καὶ
1447 2711 1952 2781 συγκοινωνοῦμεν,
2004 2711 2100 2764 καὶ
2137 2712 2635 2782 χειροτονούμεθα,
2704 2712 2869 2783 μηδὲν
2962 2709 3393 2781 ἐπιζητοῦντες,
3456 2713 3589 2780 περὶ

2204 1979 2484 2050 προσώπῳ
2511 1978 2716 2049 Κυρίου
2747 1977 2840 2031 τοῦ
2866 1977 2975 2030 τῶν
3003 1977 3217 2048 ἀδήλων
3243 1977 3488 2047 γνώστου
3514 1981 3615 2032 οὐκ
3637 1979 3784 2038 ἔστιν

2203 2071 2335 2141 ἡμῖν
2370 2070 2426 2122 ἐν
2461 2087 2564 2123 τινι
2605 2069 2667 2122 τὸ
2700 2067 3044 2140 άμφιϐάλλον
3087 2068 3186 2140 τῆς
3223 2070 3362 2140 πρὸς
3394 2070 3486 2123 τὸν
3518 2071 3784 2141 ἀρχιερέα

2204 2161 2513 2226 κοινωνίας,
2551 2161 2584 2230 ἢ
2620 2160 2710 2213 διά
2738 2160 2828 2212 τὸν
2857 2160 3163 2230 οἰκονόμον,
3199 2160 3340 2214 κατά
3370 2162 3430 2214 τὸ
3459 2161 3785 2232 καθῃρημέ-

2201 2270 2292 2308 νον
2327 2253 2491 2307 αὐτδν
2523 2247 2663 2305 εἶναι
2699 2251 2804 2306 ὐπὸ
2831 2253 2942 2306 τῶν
2973 2252 3134 2306 θείων
3164 2253 3431 2307 κανόνων.
3475 2254 3590 2307 Καὶ
3620 2254 3785 2323 ἡνίκα

2209 2345 2487 2415 ὐποσταλῇ
2542 2343 2640 2413 τῆς
2685 2344 3030 2414 ἱερουργίας,
3087 2344 3229 2398 κατὰ
3277 2345 3336 2397 τὺ
3385 2346 3656 2416 πρότερον
3699 2346 3788 2397 εὐ-

2206 2437 2361 2507 δοκία
2395 2435 2559 2500 Θεοῦ,
2600 2435 2694 2488 τοῦ
2731 2452 2792 2487 τε
2843 2436 3150 2503 άγιωτάτου
3187 2437 3554 2507 πατριάρχου,
3585 2437 3700 2491 τῶν
3727 2454 3783 2490 τι

2208 2528 2447 2582 εὐσεϐῶν
2503 2528 2663 2598 ἡμῶν
2709 2527 3019 2580 δεσποτῶνο
3084 2527 3243 2597 δῆλον
3292 2530 3374 2582 ὅτι
3421 2529 3576 2592 ὄντος
3619 2529 3786 2582 αὐτοῦ

2207 2621 2516 2690 οἰκονόμου,
2554 2622 2649 2674 καὶ
2681 2620 2779 2691 τὴν
2805 2619 2969 2690 τιμὴν
2997 2618 3238 2689 ἔχοντος⁹
3274 2619 3438 2683 εὐθὺς
3467 2622 3788 2691 παραυτίκα

3681 2711 3784 2780 τῆς

526 2807 590 2861 ἐν
632 2805 746 2869 τοῖς
769 2804 918 2874 τρισὶ
947 2803 1160 2874 χρόνοις
1186 2801 1399 2866 τούτοις
1434 2801 1878 2873 συλλειτουργίας
1937 2802 2125 2867 αὐτοῦ,
2164 2803 2476 2873 οἰκονομίας
2534 2803 2722 2874 χάριν,
2756 2803 2816 2856 οὐ
2849 2802 2938 2856 διὰ
2993 2801 3188 2873 φόϐον,
3227 2801 3364 2856 ἀλλὰ
3391 2801 3478 2855 διά
3505 2802 3566 2855 τὸ
3591 2819 3788 2858 κοινω-

529 2896 692 2968 φελές
723 2897 822 2952 καὶ
852 2898 1142 2967 σωτήριον.

599 2987 936 3044 Silentenim
961 2988 1158 3058 linguae
1185 2986 1492 3051 mendaces,
1516 2987 1776 3041 adversus
1803 2983 1897 3041 Dei
1920 3000 2104 3056 pacem

529 3081 770 3137 incitatas
805 3089 864 3135 ut
896 3080 1099 3146 dicant,
1145 3095 1270 3144 nos,
1303 3091 1591 3150 postquam
1654 3078 1897 3148 dejectus
1927 3093 2099 3133 sacer-

530 3174 685 3230 dotio
711 3173 872 3230 fuerit
896 3185 1238 3238 (economus,
1289 3169 1694 3227 accusationem
1744 3183 2100 3239 aggressuros

530 3267 790 3322 antistitis
851 3264 1045 3328 nostri,
1093 3273 1153 3319 ut
1191 3265 1284 3335 qui
1331 3280 1456 3320 cum
1509 3262 1758 3333 deposito
1783 3261 1894 3331 jam
1937 3261 2106 3316 sacri.

533 3357 714 3413 licavit
745 3375 761 3424 ;
798 3355 994 3411 deinde
1043 3355 1205 3409 etiam
1250 3355 1557 3410 decessoris
1615 3352 1950 3408 sanctissimi
2000 3368 2098 3422 pa—
2129 3392 2171 3424 ι,

531 3447 784 3502 triarche
814 3464 828 3499 :
861 3445 1002 3501 labia
1055 3444 1267 3510 dolosa,
1306 3461 1427 3514 qua:
1461 3445 1576 3499 haec
1639 3444 1968 3514 loquuntur:
2005 3459 2095 3498 ca-

529 3540 940 3605 lumniatorum,
994 3537 1411 3608 invidorumque
1460 3537 1742 3592 hominum
1794 3537 2094 3600 inventum,

527 3639 582 3686 et
631 3631 725 3701 qui
759 3629 942 3686 sanari
1005 3629 1179 3685 nolint
1233 3628 1496 3684 inilictum
1549 3629 1749 3684 vulnus
1819 3627 2094 3683 Ecclesiae.

528 3721 689 3778 Nullo
727 3722 890 3777 modo
919 3739 933 3776 :
967 3721 1112 3777 absit
1136 3722 1156 3776 ἰ.
1186 3731 1252 3797 et.
1291 3719 1662 3791 patriarcham
1693 3720 1786 3789 qui
1820 3719 2100 3788 praecessit

529 3827 896 3882 suscepimus,
957 3819 1012 3866 et
1047 3811 1398 3880 suscipimus,
1459 3809 1690 3879 ideoque
1744 3809 1812 3864 ad
1863 3820 2096 3864 mortem

527 3921 704 3976 usque
727 3920 849 3960 cum
878 3919 942 3960 eo
964 3902 1494 3959 communicabimus
1519 3919 1533 3968 ;
1585 3912 1640 3957 et
1689 3902 2099 3958 sanctissimum

529 3999 624 4067 qui
663 4012 808 4052 nunc
831 4004 936 4060 est,
970 3995 1336 4065 patriareham
1364 4002 1420 4048 et
1456 3994 1820 4062 suscepimus,
1845 4004 1899 4047 et
1925 3995 2102 4049 susci-

529 4090 711 4161 pimus
741 4105 756 4143 :
789 4102 886 4158 pro
913 4101 979 4142 eo
1008 4085 1172 4142 etiam
1217 4083 1496 4140 offerimus
1539 4083 1801 4154 quotidie.
1838 4085 2103 4139 Arceatur

2275 2984 2595 3054 Σιγάτωσαν
2622 2983 2732 3052 γάρ
2762 2985 2816 3036 αἰ
2845 2982 3310 3053 ψευδοκατήγοροι
3338 2981 3600 3050 γλῶτται,
3644 2984 3789 3037 κατὰ

2201 3076 2299 3146 τῆς
2329 3075 2553 3146 εἰρήνης
2584 3065 2679 3126 τοῦ
2712 3072 2847 3126 Θεοῦ
2878 3072 3199 3144 κινούμεναι
3221 3091 3234 3104 ⁸
3276 3075 3378 3139 ὅτι,
3415 3074 3555 3128 ἐπάν
3585 3075 3786 3149 εἰρχθῇ

2201 3166 2299 3236 τῆς
2343 3163 2656 3236 ἱερουργίας
2704 3165 2733 3217 ὁ
2779 3164 3097 3233 οίκονόμος,
3151 3164 3558 3235 ἐπιδραξάμεθα
3604 3149 3791 3231 αἰτίας

2201 3259 2547 3324 κατενεγκεῖν
2597 3257 2690 3309 τδν
2736 3255 3006 3328 ἀρχιερέα
3038 3256 3192 3324 ἡμῶν
3214 3298 3227 3321 ,
3268 3257 3344 3320 ὡς
3375 3257 3474 3328 ἤδη
3505 3259 3582 3329 τῷ
3645 3262 3788 3312 καθ-

2205 3346 2468 3419 ῃρημένῳ
2500 3344 3064 3414 συλλειτουργήσαντα
3083 3358 3098 3374 ⁶
3123 3343 3310 3398 ἔπειτα
3338 3346 3428 3397 τὸν
3455 3350 3785 3418 προηγησά-

2205 3454 2368 3507 μενον
2428 3435 2730 3504 ἁγιώτατον
2789 3436 3176 3507 πατριάρχην·
3241 3436 3400 3505 χείλη
3459 3436 3650 3503 δόλια,
3718 3443 3786 3492 τά

2199 3527 2464 3581 λαλοῦντα
2483 3527 2552 3579 τὰ
2570 3526 2822 3579 τοιαῦτα’
2851 3525 3151 3596 ἀνθρώπων
3176 3527 3525 3594 συκοφαντῶν
3545 3532 3640 3582 καὶ
3664 3530 3790 3597 φθο-

2201 3620 2376 3690 νερῶν
2421 3618 2482 3671 τὸ
2529 3619 2743 3688 δράμα-
2791 3616 2886 3669 καὶ
2921 3618 2995 3688 μὴ
3025 3617 3286 3671 θελόντων
3321 3619 3400 3682 είς
3429 3620 3576 3671 ῖασιν
3609 3621 3789 3674 ἐλθεῖν

2201 3710 2262 3762 τὸ
2314 3709 2624 3780 προσπεσὸν
2670 3709 2890 3778 ὄφλημα
2941 3711 3005 3780 τῇ
3061 3710 3380 3781 Ἐκκλησία.
3446 3711 3740 3780 Μηδαμῶς
3770 3729 3787 3746 ο

2207 3804 2282 3875 μὴ
2311 3803 2547 3872 γένοιτοι
2585 3802 2679 3855 καὶ
2708 3802 2796 3854 τὸν
2827 3803 3174 3873 πατριάρχην
3202 3803 3293 3856 τὸν
3319 3804 3789 3873 προηγησάμενον

2205 3898 2298 3951 καὶ
2339 3896 2640 3967 ἐδεξάμεθα
2687 3895 2785 3948 καὶ
2826 3894 3127 3965 δεχόμεθα,
3168 3896 3252 3949 διὸ
3285 3897 3377 3949 καὶ
3411 3898 3516 3961 ἕως
3547 3898 3789 3952 θανάτου

2206 3987 2672 4056 συνκοινωνοῦμεν
2702 3985 2850 4057 αὐτῷ
2871 4001 2885 4014 ·
2923 3985 3017 4038 καὶ
3045 3988 3136 4039 τὸν
3165 3986 3261 4042 νῦν
3287 3987 3595 4055 ἁγιώτατον
3648 3991 3791 4063 ἀρχ-

2208 4080 2360 4150 ιερέα
2393 4079 2489 4133 καὶ
2521 4076 2823 4148 ἐδεξάμεθα
2855 4077 2948 4131 καὶ
2976 4077 3246 4147 δεχόμεθα
3270 4095 3284 4110 ο
3322 4078 3415 4131 ἐπὶ
3459 4079 3638 4150 τούτῳ
3679 4084 3791 4155 γάρ

529 4200 560 4239 a
588 4183 761 4238 sacris
791 4194 1133 4244 mconomus,
1187 4177 1282 4249 qui
1339 4176 1648 4232 adulterum
1700 4176 2004 4242 coronavit,
2050 4186 2101 4232 et

2208 4174 2302 4228 καὶ
2332 4171 2680 4242 άναφέρομεν
2709 4169 2828 4224 καθ’
2856 4170 3119 4239 ἑκάστην.
3161 4170 3220 4223 '0
3248 4171 3534 4240 οἰκονόμος
3559 4173 3791 4246 εἰρχοή-

532 4287 655 4338 nos,
693 4279 753 4326 ut
791 4279 950 4326 antea
998 4268 1261 4334 diximus,
1318 4281 1442 4322 cum
1497 4281 1564 4322 eo
1612 4266 2006 4330 sacriﬁcamus,
2057 4266 2101 4322 si

2208 4281 2284 4317 τω
2332 4263 2429 4333 τῆς
2475 4265 2789 4334 ἱερουργίας
2822 4263 2852 4316 ὀ
2885 4261 2974 4315 τδν
3005 4261 3196 4332 μοιχὸν
3230 4262 3588 4330 στεφανώσας
3609 4281 3625 4295 ο
3668 4268 3790 4330 καί,

525 4364 680 4436 jubet
708 4363 762 4417 in
795 4360 1038 4417 Ecclesia
1072 4358 1364 4425 catholica,
1411 4358 1566 4428 juxta
1602 4358 1828 4429 gradum
1856 4367 2101 4413 nostrum

2208 4355 2283 4419 ὡς
2325 4354 2852 4427 προδεδηλώκαμεν,
2911 4351 3439 4424 συλλειτουργοῦμεν
3489 4355 3682 4425 αὐτῷ,
3742 4360 3792 4412 εἰ

531 4454 934 4525 unusquisque.
988 4451 1146 4520 Quod
1193 4451 1412 4523 quidem
1453 4451 1500 4506 si
1557 4449 1671 4514 ﬂat,
1729 4451 1992 4520 gaudium
2049 4450 2101 4504 in

2208 4448 2457 4512 κελεύει,
2513 4448 2606 4501 ἐπὶ
2651 4448 2751 4516 τῆς
2797 4446 3092 4517 καθολικῆς
3125 4447 3494 4516 Ἐκκλησίας,
3550 4446 3792 4513 ἕκαστος

530 4548 671 4604 caelo
707 4545 892 4610 fuerit,
915 4561 1017 4616 pas
1049 4545 1103 4600 in
1143 4544 1384 4600 Ecclesia
1416 4541 1535 4609 Dei,
1559 4557 1681 4613 quae
1707 4544 1846 4613 apud
1879 4555 1980 4597 nos
2002 4550 2101 4596 est.

2209 4540 2352 4595 κατὰ
2380 4538 2480 4612 τὴν
2504 4539 2710 4592 οἰκείαν
2738 4537 2895 4609 ἡμῶν
2924 4538 3102 4603 τάξιν.
3133 4539 3244 4592 Kal
3271 4539 3320 4591 εἰ
3345 4537 3504 4592 τοῦτο
3530 4541 3789 4608 γένηται,

531 4639 779 4696 Tolletur
793 4639 1054 4704 schisma,
1076 4635 1366 4694 concordia
1388 4635 1567 4706 palam
1587 4634 1871 4701 enitescet,
1898 4633 2101 4689 archie-

2210 4634 2353 4704 χαρά
2380 4639 2437 4686 ἐν
2461 4632 2738 4704 οὐρανοῖς·
2775 4631 2967 4702 εἰρήνη
2997 4631 3056 4684 ἐν
3084 4633 3150 4702 τῇ
3181 4629 3794 4701 καθ’ήμάςἘκκλησίᾳ.

531 4735 791 4806 piscopus
825 4742 1011 4790 noster
1053 4733 1303 4788 laudibus
1343 4731 1634 4787 ornabitur
1674 4748 1688 4786 :
1736 4729 1873 4786 adeo
1925 4739 1984 4784 ut
2035 4728 2101 4784 ad

2208 4717 2299 4778 τοῦ
2325 4723 2492 4777 Θεοῦ·
2523 4723 2584 4777 τὺ
2610 4723 2814 4794 σχίσμα
2840 4724 3137 4792 ὑποχωρεῖ·
3168 4723 3200 4792 ἡ
3225 4722 3447 4790 ὁμόνοια
3472 4723 3793 4792 ἀναλάμψει

533 4835 782 4898 posteros
833 4836 1078 4883 transeat
1136 4824 1257 4897 ejus
1320 4824 1657 4881 eucomium.
1721 4823 2100 4880 Pmentissimi

2208 4814 2463 4887 τρανῶς,
2519 4816 2548 4868 ό
2593 4815 2890 4884 ἀρχιερεὺς
2937 4813 3092 4885 ἡμῶν
3143 4814 3630 4882 στεφανωθήσεται
3676 4817 3794 4878 τοῖς

533 4919 890 4990 imperatores
920 4917 1092 4974 nostri
1119 4931 1228 4971 una
1267 4929 1392 4972 cum
1449 4915 1707 4985 pretiosis
1757 4913 1946 4969 infulis
1985 4913 2101 4968 suis

2209 4908 2475 4974 ἐπαίνοις,
2504 4907 2601 4961 καὶ
2626 4907 2879 4961 τοσοῦτον
2906 4907 2981 4971 ὠς
3006 4905 3315 4976 διαδοθῆναι
3340 4905 3506 4958 αὐτοῦ
3531 4908 3592 4957 τὸ
3617 4907 3795 4973 ὲγκῶσ

532 5010 774 5081 angelica
813 5009 978 5064 etiam
1005 5008 1164 5065 laude
1197 5009 1627 5064 coronabuntur.
1675 5005 1984 5060 Sacerdotes
2020 5006 2101 5058 iu-

2212 5019 2332 5072 μιον
2382 5003 2487 5064 ἕως
2534 5002 2750 5069 γενεᾶς.
2793 5001 2855 5053 Ol
2896 5000 3178 5071 κράτιστοι
3214 4997 3369 5069 ἡμῶν
3404 4997 3651 5068 βασιλεῖς
3690 5000 3792 5054 σῦν

532 5102 1000 5172 duatjustitiam,
1029 5101 1310 5171 multoque
1327 5101 1502 5170 magis
1521 5099 1691 5153 sancti
1713 5098 2100 5168 (monasticum

2209 5095 2319 5156 τοῖς
2349 5092 2738 5162 πολυτιμήτοις
2761 5090 2939 5144 αὐτῶν
2965 5091 3260 5160 διαδήμασι
3289 5090 3761 5161 καταστεφανωθή
3780 5120 3795 5131 ο

534 5194 781 5249 ordinem
816 5190 1033 5263 loquor)
1082 5208 1200 5246 cum
1254 5192 1610 5246 exsultatione
1660 5189 2101 5244 exsultabant".

2211 5200 2393 5238 σονται
2423 5187 2488 5256 τῇ
2519 5184 2786 5255 άγγελικῇ
2817 5182 3064 5253 εὐφημίᾳ
3084 5199 3097 5213 ·
3136 5185 3190 5235 οἱ
3218 5181 3392 5249 ἱερεῖς
3420 5181 3793 5237 ἐνδύσονται

537 5285 803 5342 Dominus
833 5294 1020 5339 noster
1041 5284 1185 5354 quod
1227 5293 1280 5338 et
1311 5283 1474 5354 quale
1525 5283 1775 5337 bravium
1825 5282 2054 5350 accipiet
2087 5282 2101 5335 ἲ

2208 5275 2598 5344 δικαιοσύνην
2635 5293 2648 5306 ·
2679 5276 2758 5329 ἔτι
2797 5275 3018 5345 μᾶλλον,
3052 5276 3105 5327 οί
3137 5273 3323 5336 ὅσιοι,
3370 5273 3434 5326 τὸ
3468 5275 3793 5343 μοναδικὸν,

536 5377 669 5447 quid
692 5378 878 5433 dicere
909 5377 1170 5446 oportet?
1217 5385 1271 5430 et
1296 5376 1425 5447 quid
1458 5390 1566 5430 non
1609 5374 1786 5445 majus
1813 5375 1946 5429 flet?
1977 5374 2101 5444 quid

2208 5371 2371 5438 λέγω,
2389 5370 2602 5440 τάγμα,
2624 5367 2981 5438 ἀγαλλιάσει
2997 5364 3490 5436 ἀγαλλιάσυνται.
3512 5365 3569 5418 'U
3603 5365 3658 5417 δε
3669 5368 3797 5420 σπό-

540 5467 763 5537 jucundi
796 5481 904 5522 non
930 5467 1196 5522 accedet?
1237 5465 1491 5522 Dicamus
1523 5475 1577 5521 et
1607 5467 1744 5521 hoc:
1787 5480 2101 5522 (economus

2208 5474 2303 5534 της
2329 5462 2490 5533 ἡμῶν
2523 5458 2635 5518 οἷον
2669 5463 2762 5516 καὶ
2791 5461 2979 5530 ἡλίκον
3007 5459 3155 5528 λήψῃ
3191 5457 3249 5511 τὸ
3292 5457 3548 5528 βραϐεῖον
3571 5497 3587 5522 ,
3628 5458 3680 5510 τί
3714 5458 3798 5510 δεῖ

535 5559 656 5633 ipse
685 5559 1071 5626 celebrabitur,
1094 5567 1149 5614 et
1177 5557 1431 5613 laudibus
1450 5558 1722 5613 ederetur:
1749 5572 2101 5630 magnamque

2208 5555 2430 5624 λέγειν;
2491 5555 2584 5607 καὶ
2635 5553 2688 5606 τί
2739 5552 2940 5623 μᾶλλον
2989 5551 3050 5603 οὐ
3082 5549 3408 5618 γενήσεται;
3462 5547 3512 5600 τί
3545 5549 3792 5617 τερπνὸν

540 5653 644 5709 hoc
685 5658 845 5721 pacto
878 5649 1311 5705 misericordiam
1341 5659 1707 5721 consequetur
1745 5659 1859 5704 tum
1898 5649 1952 5704 in
1987 5648 2101 5712 hoc,

2208 5648 2308 5702 οὐκ
2335 5647 2756 5719 είσαχθήσεται;
2795 5645 3053 5713 Εῖπωμεν
3081 5641 3176 5696 καὶ
3202 5639 3381 5704 τοῦτο,
3402 5641 3482 5694 ὅτι
3508 5641 3606 5693 καὶ
3627 5641 3797 5705 αὐτὸς

615 5835 659 5866 "
695 5831 838 5888 Psal.
874 5847 1063 5892 cum.
1104 5832 1183 5886 l6.
