3914 6472
202 448 335 513 1017

1416 456 1952 520 EPISTOLABUM
1983 461 2132 522 LIB.
2171 463 2220 521 Ι.

3306 460 3440 526 1018

193 564 222 616 6
250 562 536 633 οἰκονόμος
584 563 1036 635 εύφημηθήσεται
1071 565 1166 618 καὶ
1194 562 1617 638 δοξασθήσεται,
1669 571 1754 623 καὶ

1865 577 1978 625 tum
2008 573 2063 626 in
2102 571 2292 630 futuro
2327 571 2549 629 sarculo.
2590 571 2658 630 Et
2686 587 2787 630 nos
2814 581 3130 645 peccatores
3149 571 3435 638 substrati,

193 654 593 724 κληρονομήσει
644 652 731 706 διὰ
770 653 928 708 τοῦτο
964 656 1105 727 μέγα
1132 656 1279 719 ἕλεος
1299 699 1314 722 ,
1352 657 1447 711 καὶ
1480 658 1538 710 ὲν
1565 657 1645 728 τῷ
1669 658 1765 712 νῦν

190 746 353 798 αίῶνι
374 785 388 808 ,
427 746 522 798 καὶ
553 747 611 799 ὲν
639 746 716 815 τῷ
744 746 1012 816 μέλλοντι.
1060 746 1247 818 Ἡμεῖς
1271 764 1332 800 τε
1363 748 1425 801 οί-
1444 749 1763 820 ἁμαρτωλοὶ

187 837 433 908 ἐσόμεθα
485 838 917 902 ὑποπίπτοντες,
981 840 1078 892 καὶ
1136 839 1601 909 προσκυνοῦντες,
1666 841 1761 895 καὶ

185 928 818 999 ὐπςρευχαριστοῦντες,
872 929 1020 1002 ἔργῳ
1053 931 1148 984 καὶ
1181 931 1323 1000 λόγῳ
1371 931 1438 985 τὰ
1465 931 1652 986 δέοντα
1683 932 1761 997 ὡς

182 1014 437 1084 ἀρχιερεῖ
489 1015 631 1086 ὑπὲρ
679 1017 862 1071 πάντα
895 1016 1184 1088 ἄνθρωπον
1208 1057 1223 1082 ,
1276 1018 1420 1072 κατὰ
1449 1020 1510 1073 τὺ
1546 1020 1760 1089 ὀφειλόι

184 1121 383 1174 μενον,
437 1105 905 1177 συνεισφέροντες.
967 1109 1110 1178 Πρὸς
1145 1108 1202 1162 δὲ
1235 1108 1503 1164 πίστωσιν
1538 1110 1644 1165 τῶν
1672 1107 1754 1173 ε]-

182 1196 442 1266 ρημένων
463 1235 480 1264 ,
538 1197 841 1269 ποιούμεθα
885 1198 978 1252 τὸν
1009 1199 1166 1268 λόγον
1196 1199 1474 1273 ἔγγραφον
1503 1203 1592 1258 διὰ
1619 1204 1755 1276 πλά-

177 1302 308 1350 τους
333 1303 348 1318 ο
407 1288 490 1341 ὅτι
542 1290 680 1360 μετὰ
721 1289 820 1362 τὴν
856 1289 1061 1344 παῦσιν
1096 1290 1201 1362 τῆς
1232 1293 1580 1364 ἱερουργίας,
1613 1297 1756 1354 κατὰ

175 1376 240 1430 τὸ
266 1378 562 1450 πρότερον,
597 1380 695 1433 ίαν
729 1379 804 1451 μὴ
833 1380 996 1442 εὐθὺς
1023 1381 1356 1455 εἰσέλθωμεν
1379 1386 1476 1440 καὶ
1497 1388 1758 1459 κοινωνή-

177 1485 386 1539 σωμεν,
421 1470 497 1533 ὡς
519 1472 937 1542 προγέγραπται
965 1491 978 1503 ·
1006 1473 1146 1527 εστω
1172 1476 1205 1546 ἡ
1227 1475 1408 1546 ψῆφος
1441 1479 1564 1532 καθ’
1587 1479 1754 1550 ὑμᾶς,

1862 672 1918 718 et
1938 665 2251 730 adorantes,
2285 675 2338 722 et
2395 667 2598 738 gratias
2636 675 2879 738 agentes,
2906 680 3030 737 quae
3055 666 3322 721 debentur
3347 681 3436 720 ar-

1862 755 2212 827 chiepiscOpo
2242 772 2299 812 re
2327 766 2382 811 et
2409 757 2576 812 verbo
2598 773 2711 828 pra:
2730 758 2988 814 omnibus
3013 758 3352 820 hominibus.
3381 765 3440 811 ut

1861 847 2144 912 debemus,
2171 847 2501 903 deiet-emus.
2534 847 2617 903 Ad
2651 847 2846 902 horum
2896 857 3081 902 autem
3132 847 3433 902 faciendam

1860 933 2048 1001 Iidem,
2078 935 2504 991 declarationem
2536 937 2804 1007 prolixam
2853 938 3058 1007 scripto
3087 929 3376 992 oll‘erimus
3412 951 3427 1000 ;

1859 1033 1919 1080 ut
1954 1025 2080 1093 nisi,
2104 1035 2390 1097 postquam
2422 1042 2453 1082 a
2485 1026 2758 1083 sacriﬁcio
2777 1028 3027 1093 cessarit,
3088 1029 3229 1084 sicut
3247 1038 3430 1093 antea,

1857 1119 2146 1174 confestim
2191 1118 2520 1176 accedamus
2557 1128 2612 1174 et
2636 1120 3130 1186 communicemus,
3171 1118 3248 1173 uti
3292 1118 3432 1173 scri-

1858 1217 2012 1280 ptum
2045 1218 2162 1276 est;
2207 1211 2278 1265 sit
2307 1212 2362 1266 in
2386 1223 2566 1267 vestra
2588 1226 2749 1266 manu
2783 1211 3077 1276 sententia,
3102 1212 3146 1266 si
3166 1211 3294 1281 quid
3319 1210 3435 1264 vul-

1856 1301 1966 1367 tis;
2005 1308 2061 1355 et
2093 1300 2253 1357 nobis
2290 1301 2437 1373 loqui
2495 1303 2732 1373 amplius
2778 1318 2888 1357 non
2927 1302 3089 1357 liceat
3111 1303 3179 1358 de
3199 1307 3305 1356 hoc
3334 1317 3433 1355 nc-

1859 1391 2027 1462 gotio.
2055 1392 2121 1447 Et
2150 1408 2278 1449 ecce
2307 1408 2416 1448 non
2439 1394 2686 1465 angelus,
2708 1409 2818 1448 non
2849 1398 3034 1460 homo,
3052 1394 3146 1448 sed
3171 1392 3434 1447 Dominus

1860 1482 1999 1552 ipse,
2027 1483 2120 1553 qui
2155 1495 2209 1540 te
2246 1498 2344 1554 per
2374 1497 2476 1538 nos
2521 1483 2689 1539 trahit
2721 1494 2775 1540 et
2798 1483 3044 1553 impellit,
3075 1493 3130 1537 et
3162 1484 3432 1536 hortatur.

173 1561 227 1612 εί
259 1576 313 1612 τι
348 1559 604 1630 βούλεσθε
629 1576 643 1591 ⁶
700 1563 796 1624 καὶ
848 1562 924 1635 μὴ
964 1563 1088 1629 ἐξὸν
1122 1564 1204 1618 ἔτι
1267 1566 1448 1627 λαλεῖν
1513 1569 1664 1638 ἡμᾶς
1695 1570 1825 1640 περὶ
1856 1571 1960 1642 τῆς
2007 1572 2340 1637 ὑποθέσεως.
2401 1573 2516 1628 Καὶ
2560 1573 2707 1638 ίδοὺ,
2758 1574 2862 1628 οὐκ
2901 1573 3164 1643 ἄγγελος,
3204 1572 3306 1626 οὐκ
3337 1571 3430 1624 ἄν·

171 1653 415 1723 θρωπος,
456 1652 573 1706 ἀλλ’
599 1652 763 1718 αὐτὸς
794 1657 823 1708 6
847 1656 1051 1728 Κύριος
1083 1657 1111 1710 6
1139 1657 1208 1711 6t’
1234 1657 1389 1728 ἡμῶν
1417 1659 1612 1729 ἕλκων,
1648 1662 1744 1716 καὶ
1783 1664 2040 1718 συνωθῶν
2071 1668 2166 1718 καὶ
2196 1665 2532 1736 παρακαλῶν
2561 1682 2646 1721 σε.

461 1783 584 1837 AI”.
622 1811 683 1828 --
717 1784 927 1840 Λέοντι
965 1784 1136 1854 πάπςι
1180 1786 1429 1858 Ῥώμης.
1463 1788 1612 1863 [οβ⁹.Ι

2182 1793 2425 1852 XXXIII.
2453 1828 2524 1840 —
2553 1795 2717 1853 Leoni
2736 1814 2886 1870 papa:
2914 1797 3111 1854 Romae.

1026 1899 1210 1951 Leonis
1234 1900 1300 1952 Ill
1322 1916 1460 1966 papae
1483 1917 1629 1967 opem
1647 1907 1891 1969 implorat.
1922 1909 2122 1971 (ΒΜ-οη.
2144 1923 2258 1962 ann.
2280 1910 2391 1970 809,
2414 1923 2466 1974 ιι,
2499 1909 2599 1972 14.)

172 2020 263 2087 Τῷ
305 2019 607 2090 ἁγιωτάτῳ
640 2021 738 2076 καὶ
795 2024 1243 2092 κορυφαιοτάτῳ
1280 2028 1460 2096 Harp!
1486 2028 1754 2098 Πατέρων

1859 2028 2208 2087 Sanctissimo
2242 2045 2292 2089 et
2314 2051 2518 2090 summa
2555 2035 2711 2091 Patri
2739 2035 2966 2091 Patrum
3007 2035 3171 2090 Leoni
3211 2036 3426 2091 domino

238 2111 451 2166 Λέοντι
488 2109 569 2176 τῷ
620 2111 887 2182 δεσπότῃ
937 2131 1056 2183 μου
1112 2115 1499 2184 ἁποστολικῷ
1547 2117 1744 2190 πάσᾳ,

240 2200 542 2271 Θεὸὄωρος
577 2201 905 2272 ἐλάχιστος
924 2206 1330 2276 πρεσϐύτερος
1354 2207 1453 2262 καὶ
1486 2209 1746 2280 ἠγούμε·

233 2311 345 2361 νος
375 2293 494 2348 τῶν
521 2293 836 2350 Στουὸίου.

247 2386 585 2458 Ἐπειδήπερ
631 2387 824 2456 Πέτρῳ
851 2383 929 2456 τῷ
965 2386 1192 2458 μεγάλῳ
1217 2388 1416 2443 δέδωκε
1449 2390 1684 2460 Χριστὸς
1714 2391 1743 2444 6

159 2480 296 2543 Θεὸς
330 2479 472 2550 μετὰ
502 2481 603 2540 τὰς
659 2479 809 2542 κλεῖς
840 2478 943 2548 τῆς
979 2478 1258 2549 βασιλείας
1296 2481 1404 2535 τῶν
1453 2483 1736 2554 οὐρανῶν,

159 2575 255 2628 καὶ
287 2574 349 2626 τὸ
388 2572 488 2644 τῆς
519 2573 912 2644 ποιμνιαρχίας
938 2573 1184 2645 ἀξίωμαο
1222 2575 1360 2647 πρὸς
1391 2577 1599 2646 Πέτρον
1620 2579 1740 2649 ἦτοι

156 2665 251 2718 τὸν
289 2665 458 2718 αὐτοῦ
513 2665 780 2732 διάδοχον,
830 2665 1008 2721 ὁτιοῦν
1055 2667 1552 2739 καινοτομούμενον
1578 2673 1636 2724 ὲν
1667 2674 1736 2744 τῇ

156 2758 423 2830 καθολικῇ
477 2757 777 2830 Ἐκκλησία
807 2763 959 2830 παρὰ
988 2761 1096 2814 τῶν
1115 2761 1614 2832 ἁποσφαλλομένων
1639 2762 1739 2834 τῆς

154 2851 443 2923 ἀληθείας,
474 2850 772 2918 ἀναγκαῖον
800 2853 1196 2925 ἀναφέρεσθαι.
1233 2851 1407 2906 Τοῦτο
1443 2854 1736 2924 τοιγαροῦν

153 2945 530 3014 δεδιδαγμένοι
561 2943 658 2997 καὶ
682 2944 842 3016 ἡμεῖς
867 2945 918 2998 οί
946 2946 1194 2999 ταπεινοὶ
1231 2944 1325 2999 καὶ
1353 2945 1646 3016 ἐλάχιστοι,
1671 2947 1736 2999 ἐκ

154 3038 263 3090 τῶν
286 3035 554 3090 ἀνέκαθεν
574 3035 746 3104 ἁγίων
778 3036 1038 3107 Πατέρων
1094 3036 1255 3107 ἡμῶν
1277 3054 1292 3069 ο
1326 3037 1447 3090 ἐπεὶ
1478 3036 1730 3108 ὑπήρχθη

153 3147 237 3190 τις
265 3129 363 3182 καὶ
397 3127 492 3181 νῦν
521 3129 845 3199 καινοτομία
874 3131 931 3182 έν
950 3132 1018 3201 τῇ
1052 3129 1177 3183 καθ’
1198 3130 1350 3199 ἡμᾶς
1393 3128 1692 3201 Ἐκκλησία
1715 3148 1730 3162 ο

153 3222 252 3275 καὶ
291 3219 559 3289 πρότερον
585 3221 685 3290 μὲν
703 3220 794 3274 διὰ
821 3220 989 3290 μέσου
1015 3220 1108 3274 τοῦ
1139 3219 1540 3274 εὐλαϐεστάτου
1571 3224 1733 3292 ἀρχι-

157 3311 478 3382 μανδρξτου,
510 3313 678 3382 ἤγουν
706 3311 799 3365 τοῦ
829 3311 1066 3382 ἀδελφοῦ
1114 3313 1210 3366 καὶ
1245 3313 1533 3366 συνδούλου
1572 3313 1729 3382 ήμῶν

1917 2141 2031 2179 meo
2064 2142 2218 2196 papa:
2238 2129 2546 2198 apostolico,
2569 2127 2868 2184 Theodorus
2891 2129 3141 2182 minimus
3162 2129 3429 2200 presbyter

1921 2224 1970 2269 et
1991 2219 2306 2287 praepositus
2331 2218 2648 2274 Studiensis.

1911 2390 2361 2463 Quandoquidem
2389 2394 2552 2451 Petro
2578 2411 2774 2467 magno
2829 2396 3082 2454 Christus
3126 2399 3271 2455 Deus
3303 2410 3426 2470 post

1839 2481 2020 2539 claves
2051 2485 2203 2557 regni
2233 2485 2519 2554 caelorum,
2557 2488 2844 2558 pastoralis
2874 2490 3041 2545 etiam
3081 2491 3424 2562 principatus

1837 2576 2070 2631 contulit
2132 2577 2477 2648 dignitatem,
2534 2580 2603 2634 ad
2652 2579 2872 2636 Petrum
2917 2582 3126 2652 utique,
3169 2583 3256 2638 vel
3301 2585 3423 2654 ejus

1837 2683 2236 2735 successorem,
2290 2669 2556 2740 quidquid
2611 2672 2668 2726 in
2715 2672 2957 2729 Ecclesia
3019 2675 3284 2729 catholica
3323 2691 3423 2745 per

1834 2775 1933 2818 eos
1959 2762 2253 2818 innovatur
2289 2764 2380 2832 qui
2422 2764 2680 2818 aberrant
2705 2779 2736 2819 a
2778 2766 3029 2831 veritate,
3075 2780 3305 2822 necesse
3336 2779 3421 2822 est

1835 2852 2051 2909 referri.
2107 2854 2263 2920 Quod
2311 2869 2412 2909 nos
2477 2870 2696 2926 quoque
2747 2855 2982 2912 humiles
3030 2865 3087 2913 et
3133 2859 3346 2913 minimi
3383 2873 3418 2914 ι

1831 2944 2039 2999 sanctis
2067 2945 2197 2999 olim
2236 2944 2487 3001 Patribus
2530 2946 2735 3002 nostris
2774 2947 2977 3011 edocti,
3036 2956 3324 3018 postquam
3358 2950 3416 3004 in

1833 3032 2075 3090 Ecclesia
2111 3046 2294 3091 nostra
2320 3037 2533 3093 novitas
2557 3039 2803 3107 quaedam
2848 3054 3026 3108 nuper
3069 3049 3256 3095 exorta
3302 3052 3411 3107 est,

1832 3137 1889 3182 et
1913 3128 2066 3198 prius
2093 3130 2310 3200 quidem
2349 3145 2446 3200 per
2491 3129 2955 3201 religiosissimum
2994 3132 3404 3188 archimandri-

1831 3228 1963 3286 tam,
1996 3221 2218 3277 fratrem
2252 3231 2308 3277 et
2338 3238 2664 3278 conservum
2719 3231 2965 3277 nostrum
2998 3222 3364 3294 Epiphanium
3396 3265 3412 3288 ,

1832 3321 1888 3367 et
1917 3329 2064 3368 nunc
2097 3331 2193 3384 per
2227 3316 2501 3385 simplices
2537 3315 2743 3372 litteras
2768 3325 2980 3370 nostras
3030 3316 3099 3369 ad
3131 3331 3408 3384 supremae

164 3404 494 3471 Ἐπιφανέου
514 3417 527 3431 ·
567 3406 663 3456 καὶ
700 3403 796 3458 νῦν
821 3404 908 3458 διὰ
937 3403 1032 3457 τοῦ
1062 3403 1316 3468 εὐτελοῦς
1349 3406 1508 3475 ἡμῶν
1546 3422 1730 3476 γραμ-

1840 3405 2188 3460 beatitudinis
2211 3417 2316 3461 tum
2335 3407 2589 3476 angelum
2624 3407 2689 3461 de
2711 3421 2773 3461 ea
2805 3405 3009 3461 referre
3039 3422 3141 3462 nos
3176 3407 3402 3475 debere,

157 3496 356 3567 ματίου
389 3497 740 3568 ὀφειλόμενον
772 3495 1099 3567 ἡγησάμεθα
1127 3497 1206 3568 τῷ
1250 3495 1470 3567 ἀγγέλῳ
1496 3497 1597 3565 τῆς
1644 3512 1738 3549 κο-

153 3589 394 3660 ρυφαίας
419 3606 515 3641 σου
536 3589 940 3660 μακαριότητος
961 3588 1168 3660 ταύτην
1186 3590 1523 3656 ἀνενεγκεῖν.
1539 3587 1736 3655 Γέγονε

150 3682 361 3746 τοίνυν,
402 3674 447 3733 ὦ
473 3680 724 3750 θειοτάτη
748 3679 855 3732 τῶν
885 3678 1022 3733 ὅλων
1067 3679 1324 3748 κεφαλῶν
1354 3678 1588 3748 κεφαλὴ,
1630 3695 1734 3732 κα-

150 3773 218 3823 τα
257 3771 354 3823 τὸν
377 3771 663 3840 προφήτην
696 3768 986 3838 Ἰερεμίαν,
1011 3768 1227 3832 σύνοδος
1256 3770 1332 3832 ὡς
1365 3769 1584 3840 ἀληθῶς
1605 3769 1733 3823 ἀθε-

150 3863 430 3925 τούντων,
495 3860 589 3911 καὶ
630 3858 905 3929 συνέδριον
960 3860 1337 3930 μοιχωμένων.
1385 3860 1566 3930 Ὅπερ
1621 3861 1732 3931 γὰρ

151 3956 337 4008 ἐκεῖσε
384 3951 474 4005 διὰ
522 3951 622 4022 τῆς
655 3950 945 4022 είδωλικῆς
995 3953 1412 4024 ἐκπορνεύσεως
1442 3952 1727 4018 λέλεκται,

151 4048 318 4104 τοῦτο
348 4045 585 4100 ἐνταῦθα
617 4045 704 4098 διὰ
718 4045 816 4115 τῆς
849 4043 1306 4115 μοιχοζευκτικῆς
1340 4045 1731 4119 ἐπικυρώσεως

150 4141 447 4194 δέδεικται.
497 4138 826 4208 ’Δμφότεροι
875 4137 987 4205 γὰρ
1032 4138 1124 4190 τὸν
1153 4139 1319 4190 αὑτὸν
1350 4139 1558 4210 Κύριον
1602 4141 1729 4209 ἠθε-

148 4236 409 4303 τήκασιν,
437 4231 488 4284 οἱ
519 4231 620 4302 μὲν
647 4228 734 4282 διὰ
758 4227 853 4298 τῆς
877 4231 1108 4301 νομικῆς
1127 4270 1142 4295 ,
1173 4232 1225 4283 οί
1253 4231 1310 4283 δὲ
1337 4231 1426 4284 διὰ
1445 4231 1544 4301 τῆς
1565 4232 1730 4299 εὐαγ-

148 4325 374 4395 γελικῆς
401 4322 786 4396 παραϐάσεως,
823 4322 931 4374 Καί
972 4338 1035 4390 γε
1070 4323 1129 4375 ού
1166 4321 1325 4392 μέχρι
1354 4323 1543 4375 τούτου
1571 4323 1728 4393 ἔστη-

151 4433 278 4478 σαν,
297 4414 750 4486 παρασυναγωγὴ
776 4413 864 4465 διὰ
883 4414 1155 4484 προτέρας
1182 4414 1572 4479 συνελεύσεως,
1587 4417 1643 4468 ἐν
1658 4419 1724 4487 τῇ

148 4508 244 4561 τοῦ
285 4506 678 4577 μοιχοζεύκτου
710 4505 989 4576 παραδοχῇ
1020 4508 1112 4558 καὶ
1147 4507 1551 4579 συνιερουργίᾳ,
1586 4507 1728 4561 κατὰ

149 4599 238 4652 τὸν
283 4598 430 4652 θεῖον
483 4597 788 4664 Βασίλειον,
842 4597 1318 4666 χρηματίσαντεςο
1371 4598 1489 4652 ἀλλ’
1549 4598 1626 4663 ῶς
1658 4598 1725 4652 ἂν

151 4690 372 4751 ἑαυτοῖς
408 4687 672 4756 αἱρέσεως
690 4686 903 4749 τελείας
929 4685 1100 4756 ὄνομα
1137 4688 1625 4759 περιποιήσωνται,
1655 4687 1724 4741 δι’

1833 3497 2081 3550 arbitrati
2120 3512 2329 3552 sumus.
2373 3497 2571 3552 Factus
2619 3505 2722 3563 est,
2773 3512 2806 3552 ο
2843 3498 3246 3553 divinissimum
3286 3515 3410 3554 om-

1833 3586 1988 3640 nium
2009 3587 2248 3656 capitum
2285 3599 2451 3658 caput
2475 3588 2628 3657 juxta
2660 3587 2953 3642 Jeremiam
2993 3590 3316 3658 prophetam
3339 3593 3408 3658 "',

1833 3687 2007 3733 coetus
2041 3694 2230 3734 revera
2257 3680 2761 3749 praevaricatorum.
2793 3687 2849 3733 et
2877 3678 3168 3734 concilium
3194 3681 3410 3734 adulte-

1834 3771 2091 3825 rautium.
2127 3771 2284 3837 Quod
2318 3771 2464 3825 enim
2529 3771 2602 3825 ibi
2651 3779 2873 3841 propter
2912 3771 3179 3826 idolorum
3239 3770 3412 3826 forni-

1833 3864 2102 3917 cationem
2131 3864 2335 3918 dictum
2396 3871 2501 3927 est,
2571 3862 2659 3916 hic
2707 3877 2805 3930 per
2853 3861 3172 3917 adulterina:
3200 3863 3409 3932 coqu

1833 3954 2300 4009 conﬁrmationem
2329 3953 2660 4025 patefactum
2689 3961 2793 4007 est.
2835 3952 3061 4024 Utrique
3076 3954 3222 4008 enim
3248 3969 3408 4009 eum-

1831 4043 1957 4098 dem
2013 4044 2305 4099 Dominum
2355 4051 2698 4115 spreverunt,
2742 4043 2818 4098 illi
2854 4058 2953 4114 per
2999 4044 3154 4115 legis,
3213 4045 3269 4100 hi
3309 4060 3409 4116 per

1808 4119 2108 4207 'Evangelii
2143 4135 2655 4207 transgressionem.
2685 4133 2797 4189 Nec
2821 4149 2947 4189 vero
2982 4136 3115 4189 satis
3152 4134 3258 4189 illis
3280 4134 3405 4202 fuit,

1829 4229 1972 4297 quod
2002 4244 2099 4298 per
2136 4229 2372 4298 priorem
2400 4235 2751 4291 conventum,
2792 4226 2847 4280 in
2864 4228 2984 4296 ejus
3020 4227 3114 4297 qui
3153 4230 3404 4282 moechos

1829 4321 2110 4391 copularat
2145 4320 2473 4389 receptione,
2502 4333 2892 4388 sacrorumque
2925 4335 3050 4373 cum
3069 4334 3133 4373 eo
3153 4335 3404 4374 commu-

1828 4417 2012 4479 nione,
2047 4413 2465 4486 ParasynagOgi,
2490 4423 2549 4468 ut
2573 4413 2796 4467 divinus
2823 4412 3064 4481 loquitur
3087 4411 3315 4467 Basilius
3332 4413 3402 4478 θ’,

1828 4508 1955 4563 facti
1988 4516 2160 4562 sunt:
2201 4506 2300 4562 sed
2332 4515 2390 4560 ut
2438 4505 2667 4560 haeresis
2723 4504 2988 4559 absoluta:
3023 4519 3225 4558 nomen
3281 4505 3402 4560 adi-

1829 4601 2186 4672 piscerentur,
2219 4599 2274 4652 in
2302 4598 2471 4653 altera
2501 4598 2717 4669 publica
2741 4597 2950 4669 synodo
2977 4610 3073 4650 eos
3109 4595 3201 4665 qui
3233 4611 3403 4666 pravo

1832 4692 2073 4762 ipsorum
2131 4689 2304 4745 errori
2344 4705 2454 4744 non
2497 4689 2862 4755 adhaeserant,
2917 4697 3016 4742 aut
3085 4688 3402 4742 universam

149 4779 346 4850 ἑτέρας
383 4777 604 4831 συνόδου
661 4775 963 4847 δημοσίας,
1021 4779 1148 4842 τοὺς
1203 4777 1279 4848 μὴ
1309 4781 1376 4848 τῇ
1418 4779 1723 4850 παρανόμῳ

1840 4783 2012 4853 potius
2050 4782 2346 4838 Ecclesiam
2377 4782 2727 4844 catholicam,
2764 4780 3098 4834 anathemati
3149 4780 3405 4845 subjece-

151 4869 333 4932 αὐτῶν
355 4867 648 4940 κακοδοξίᾳ
701 4866 1228 4934 συγκαταθεμένους,
1265 4869 1468 4938 μᾶλλον
1512 4870 1567 4922 δὲ
1592 4870 1723 4940 ὅλην

150 4960 248 5028 τὴν
279 4957 578 5029 καθολικὴν
652 4957 1000 5028 Ἐκκλησίαν,
1054 4959 1481 5030 ἀναθεματισμῷ
1530 4962 1726 5014 ὑποϐε-

153 5052 388 5122 ϐλήκασι
407 5067 420 5079 ·
450 5051 578 5113 τοὺς
610 5050 713 5121 ἠδη
751 5049 1065 5119 φθάσαντας
1090 5052 1181 5104 ἐπὶ
1209 5052 1504 5122 προσώπου
1521 5054 1723 5119 αὐτῶν,

150 5144 244 5206 οὒς
279 5144 381 5212 μὲν
414 5142 900 5213 ἐξοστρακίσαντες
946 5142 1135 5214 πόρρω
1170 5162 1273 5197 που
1293 5163 1310 5177 ο
1343 5144 1435 5207 οὓς
1461 5146 1518 5198 δὲ
1551 5148 1724 5216 φυλαο

152 5238 276 5298 καῖς
310 5233 656 5303 κατέχοντες.
684 5237 937 5304 Διωγμὸν
977 5236 1119 5288 κατὰ
1148 5237 1207 5288 τὸ
1238 5236 1473 5306 σύνηθες
1498 5238 1607 5291 τῶν
1633 5241 1724 5292 ὲν-

153 5325 330 5378 ταῦθα
364 5324 526 5376 πάλιν
560 5326 1072 5394 καινουργήσαντες.
1110 5328 1220 5380 Καὶ
1242 5330 1302 5378 τὸ
1319 5327 1598 5397 δικαίωμα
1628 5331 1727 5381 αύ-

153 5420 285 5481 τοῑς,
309 5415 471 5482 λόγου
502 5415 738 5484 πονηροῦ
771 5416 1122 5486 κραταίωμα.
1156 5419 1480 5487 Οἰκονομίαν
1513 5413 1607 5471 οὖν
1630 5417 1728 5490 τὴν

157 5508 302 5574 (suit
310 5508 556 5579 μοιχείαν
575 5507 994 5578 δογματίζουσιν
1014 5526 1028 5541 ·
1067 5509 1162 5563 ἐπὶ
1184 5509 1290 5562 τῶν
1313 5510 1584 5580 βασιλέων
1601 5511 1728 5576 τοὺς

156 5600 331 5663 θείους
371 5602 575 5668 νόμους
624 5599 701 5670 μὴ
750 5603 973 5669 κρατεῖν
1015 5601 1370 5672 διορίζονταιο
1410 5602 1535 5665 τοὺς
1585 5603 1727 5675 ὑπὲρ

156 5691 415 5763 ἀληθείας
456 5691 553 5745 καὶ
603 5691 818 5746 δικαίου
871 5692 1068 5764 μέχρις
1124 5693 1356 5765 αἵματος
1406 5695 1723 5765 ἐνστάντας,

228 5873 266 5902 ⁹¹
295 5869 501 5924 Jerem.
528 5884 600 5932 ιχ,
627 5867 683 5922 9..
758 5868 802 5901 "
839 5866 1006 5936 Epist.
1035 5869 1104 5921 ad
1126 5869 1448 5940 Amphiloch.
1483 5885 1602 5925 can.
1645 5872 1688 5924 I.

1829 4883 1992 4930 runt:
2026 4883 2082 4928 et
2126 4883 2396 4943 quotquot
2429 4874 2693 4928 hactenus
2727 4871 2782 4924 in
2835 4881 3188 4941 conspectum
3235 4887 3404 4927 vene-

1829 4976 1978 5030 runt,
2020 4966 2216 5034 partim
2268 4965 2538 5035 Ioginquis
2581 4963 2790 5018 exsiliis
2850 4963 3168 5028 multantes,
3201 4964 3403 5034 partim

1830 5057 2143 5113 carceribus
2179 5056 2544 5119 includentes,
2567 5056 2853 5126 pristinam
2891 5055 3093 5109 usitato
3129 5056 3218 5110 hic
3251 5072 3402 5110 more

1833 5149 2270 5221 persecutionem
2347 5156 2699 5203 renovarunt.
2740 5149 2820 5202 Ac
2873 5147 3066 5201 nefarii
3135 5150 3404 5208 sermonis

1828 5240 2080 5313 praesidio
2127 5256 2184 5294 se
2210 5240 2363 5309 ipsos
2405 5239 2728 5294 defendunt.
2769 5238 3074 5294 Adulter'mi
3134 5239 3400 5307 siquidem

1823 5333 2066 5404 conjugii
2100 5333 2562 5402 conjunctionem,
2585 5331 3044 5401 dispensationem
3070 5346 3189 5384 esse
3207 5335 3402 5386 decer-

1823 5431 1998 5477 nunt:
2032 5421 2086 5476 in
2137 5421 2358 5492 regibus
2415 5419 2627 5474 divinas
2673 5419 2820 5490 leges
2877 5420 3012 5472 nihil
3054 5434 3214 5490 posse
3263 5421 3401 5476 deli-

1823 5513 2020 5567 ninnt:
2056 5526 2152 5567 eos
2177 5512 2268 5582 qui
2292 5527 2389 5582 pro
2418 5511 2646 5566 veritate
2671 5525 2735 5565 ac
2759 5511 2968 5581 justitia
2983 5525 3154 5581 usque
3174 5511 3240 5565 ad
3262 5527 3404 5566 sati-

1833 5602 2054 5673 guinem
2085 5603 2427 5666 restiterunt,
2463 5611 2520 5656 ut
2545 5603 2946 5657 Praecursorem
2979 5611 3037 5658 et
3079 5602 3403 5673 Chrysosto-

1836 5710 2006 5761 mum,
2055 5694 2251 5750 imitari
2295 5703 2522 5750 vetant:
2571 5694 2889 5766 episcopum
2959 5711 3403 5768 unumquemque
