3914 6442
529 409 666 474 1019

1783 410 1841 468 S.
1897 405 2288 468 THEODOBI
2327 408 2669 470 STUDITAS

3626 409 3750 475 ιοεο

524 523 582 576 in
617 535 800 575 sacros
841 534 1098 584 canones,
1139 531 1338 590 praeter
1396 538 1459 578 ea
1493 540 1614 594 qua:
1646 525 1701 579 in
1757 523 1861 579 illis
1888 528 2088 577 statUta

2197 516 2378 589 ὥσπερ
2404 518 2495 604 τὸν
2529 519 2845 589 Πρόδρομον
2890 523 2984 573 καὶ
3013 519 3423 591 Χρυσόστομον,
3472 521 3753 590 μιμεῖσθαι

521 617 652 681 sint,
685 622 1008 684 potestatem
1039 615 1242 671 habere
1275 617 1648 688 pronuntiant.

595 879 774 946 Quare
819 879 865 934 si
915 893 1074 949 quem
1111 878 1252 934 forte
1299 880 1468 934 sacris
1499 879 1772 934 initiatum
1814 879 2093 951 contingat

529 972 667 1026 clam
701 970 944 1039 palamve
973 985 1267 1037 canonum,
1317 986 1415 1041 per
1464 987 1601 1040 quos
1638 972 1906 1040 depositio
1956 973 2093 1027 irroo

524 1072 700 1132 gatur,
746 1076 896 1116 reum
949 1064 1158 1129 teneri;
1203 1065 1350 1119 hunc
1408 1065 1520 1119 sola
1575 1066 1806 1120 volentis
1856 1067 2095 1121 auctori-

525 1161 654 1216 tate,
693 1152 1045 1221 depositionis
1081 1161 1352 1208 exsortem
1387 1169 1631 1209 manere.
1679 1155 1923 1220 Quorum
1973 1171 2092 1210 om-

525 1245 676 1297 nium
702 1244 858 1298 testis
888 1252 970 1299 est
995 1245 1058 1310 is,
1113 1245 1204 1314 qui
1244 1246 1410 1300 variis
1451 1247 1754 1301 canonibus
1804 1263 1928 1302 cum
1970 1247 2092 1301 aliis

526 1335 819 1389 obstrictus
874 1344 1114 1398 tenetur,
1177 1336 1409 1391 adulteri
1467 1337 1768 1406 copulator,
1819 1353 1926 1391 una
1964 1353 2089 1392 cum

528 1427 660 1494 ipsis
688 1427 903 1496 publice
933 1428 1267 1484 ministrans.
1303 1429 1491 1486 Testes
1518 1431 1553 1485 ii
1598 1432 1709 1500 qui,
1733 1432 1862 1486 dum
1895 1432 2094 1501 iniqui-

528 1525 667 1572 tates
702 1528 956 1589 tanquam
1001 1522 1436 1592 dispensationes
1486 1523 1692 1578 faciunt
1727 1541 1741 1591 ;
1780 1524 1835 1578 in
1873 1539 1938 1579 eo
1973 1526 2092 1594 ipso

529 1619 642 1663 tum
673 1610 824 1675 alios,
861 1620 971 1665 tum
1013 1628 1070 1667 se
1095 1613 1242 1682 ipsos
1282 1623 1498 1669 sanctos
1530 1626 1744 1680 vocant,
1781 1623 1835 1670 et
1866 1631 1961 1671 eos
1998 1616 2091 1686 qui

529 1702 648 1757 illas
693 1717 801 1756 non
837 1705 1153 1768 admittunt,
1209 1706 1409 1762 veluta
1447 1705 1557 1761 Deo
1613 1707 1820 1762 alienos
1865 1709 2094 1763 anathe-

529 1801 674 1848 mate
716 1794 938 1853 feriunt.
983 1796 1162 1851 Testis
1185 1798 1348 1851 etiam
1379 1813 1498 1866 qua:
1548 1798 1636 1853 hic
1656 1799 1867 1853 exsistit
1904 1815 2092 1870 perse-

527 1885 696 1939 cutio.
725 1884 863 1950 Quid
896 1886 1057 1955 igitur
1089 1887 1155 1941 ad
1187 1888 1322 1954 haec,
1356 1889 1585 1952 obeate,
1634 1890 1924 1945 dicendum
1968 1891 2091 1946 est?

527 1977 632 2030 nisi
661 1977 1020 2046 apostolicum
1056 1979 1186 2033 illud
1214 1998 1227 2033 :
1267 1980 1420 2034 Nunc
1449 1981 1755 2035 Antichristi
1786 1983 1936 2036 multi
1963 1984 2090 2052 facti

525 2079 643 2120 sunt
675 2069 691 2099 ¹
716 2087 730 2134 ;
759 2069 804 2122 si
832 2069 1029 2124 divinis
1059 2073 1268 2142 legibus
1306 2085 1359 2128 et
1414 2075 1714 2130 canonibus
1766 2091 1957 2129 omnes
1990 2077 2090 2131 ho-

526 2158 702 2212 mines
728 2159 926 2214 subditi
957 2176 1066 2215 non
1114 2177 1325 2217 sumus.
1363 2161 1457 2219 His
1496 2180 1624 2235 ergo
1668 2180 1697 2218 a
1747 2166 2090 2234 simplicitate

525 2260 709 2304 nostra
746 2252 862 2305 sine
893 2252 1017 2310 fuco
1047 2255 1329 2323 expositis,
1371 2272 1556 2311 vocem
1603 2271 1748 2311 nunc
1797 2257 1940 2311 illam
1986 2274 2088 2327 qua

525 2343 846 2411 coryphzeus
877 2360 1000 2398 cum
1055 2346 1276 2415 reliquis
1319 2347 1574 2416 apostolis
1624 2347 1900 2402 Christum
1943 2364 2090 2402 com-

528 2434 759 2499 pellavit.
810 2452 932 2488 cum
991 2437 1153 2490 maris
1219 2437 1412 2492 ﬂuctus
1477 2439 1877 2502 excitarentur;
1948 2440 2090 2509 apud

526 2522 727 2577 Christi
755 2524 1099 2580 imitatricem
1130 2527 1517 2583 beatitudinem
1545 2538 1691 2582 tuam
1731 2529 2087 2584 adhibemus:

527 2611 688 2665 Salva
711 2629 824 2677 nos,
861 2616 1201 2684 archipastor
1229 2617 1481 2672 Ecclesiae
1509 2634 1627 2688 qua:
1661 2620 1761 2674 sub
1807 2621 1944 2675 caelo
1985 2629 2087 2684 est,

525 2705 757 2770 perimus
779 2705 818 2756 ‘.
859 2704 1076 2759 Imitare
1108 2706 1420 2775 magistrum
1465 2716 1617 2763 tuum
1647 2709 1945 2772 Christum,
1980 2726 2088 2764 ma-

527 2807 767 2861 numque
801 2793 1055 2849 Ecclesia
1087 2805 1287 2850 nostra:
1313 2798 1546 2868 porrige,
1598 2800 1736 2854 sicut
1772 2802 1860 2855 ille
1893 2801 2088 2856 Petro:

527 2884 631 2936 nisi
672 2885 815 2952 quod
867 2886 955 2940 ille
983 2886 1262 2956 incipienti
1306 2889 1368 2967 .in
1399 2905 1548 2944 mare
1589 2891 1778 2962 mergi,
1818 2901 1872 2946 tu
1908 2904 2090 2949 autem

527 2991 716 3030 rursus
751 2977 860 3045 jam
901 2994 1092 3033 mersa:
1127 2981 1179 3033 in
1206 2981 1427 3036 haeresis
1458 2982 1742 3050 profundo.
1790 2983 2088 3048 fEmulare.

529 3080 834 3133 precamur,
876 3071 1251 3137 cognominem
1294 3073 1386 3126 tibi
1428 3074 1646 3143 Papam,
1684 3084 1845 3144 atque
1885 3086 1942 3130 ut
1981 3079 2088 3144 ille,

529 3158 829 3226 pullulante
860 3169 972 3212 tum
1002 3161 1194 3215 lueresi
1223 3163 1574 3233 Eutychiana,
1609 3166 1886 3220 leoninum
1909 3170 1959 3221 in
1986 3185 2093 3222 mo-
2121 3190 2166 3248 ε

530 3266 643 3304 rem
684 3251 873 3319 spiritu
916 3264 1264 3320 experrectus
1294 3265 1394 3319 est,
1432 3265 1491 3309 ut
1521 3273 1710 3312 omnes
1743 3271 1964 3326 norunt,
1995 3263 2091 3316 do-

529 3344 777 3411 gmaticis
817 3346 928 3397 suis
982 3346 1267 3414 epistolis:
1302 3348 1378 3400 sic
1429 3357 1482 3402 et
1527 3359 1603 3412 tu,
1658 3352 1838 3407 dicere
1894 3356 2087 3422 audeo,

526 3434 676 3501 juxta
707 3450 902 3488 nomen
947 3436 1088 3504 quod
1121 3438 1283 3507 geris.
1343 3439 1505 3509 irrugi
1563 3442 1841 3508 divinitus,
1882 3448 1964 3500 vel
1999 3464 2094 3517 po-

533 3526 638 3577 tius
700 3525 883 3579 intona
935 3537 1121 3581 contra
1189 3540 1511 3597 praesentem
1567 3531 1706 3587 hanc
1733 3533 2004 3600 haeresim,
2037 3546 2094 3590 ut

531 3617 705 3672 decet.
742 3617 793 3670 Si
838 3618 982 3670 enim
1011 3619 1122 3681 isti,
1157 3629 1400 3688 arrogata
1442 3623 1542 3676 sibi
1566 3626 1906 3691 auctoritate,
1933 3631 2095 3683 liazre~

531 3708 694 3760 ticam
747 3707 1011 3776 synodum
1047 3723 1239 3777 cogere
1275 3710 1429 3763 veriti
1463 3727 1569 3764 non
1601 3724 1748 3779 sunt,
1782 3716 1874 3783 qui
1903 3733 1972 3771 ne
2002 3733 2093 3770 or-

533 3797 827 3850 thodoxam
856 3797 1071 3865 quidem
1105 3798 1309 3866 absque
1331 3801 1640 3870 cognitione
1675 3814 1875 3871 vestra,
1919 3816 2094 3862 utan-

535 3890 717 3957 tiquus
746 3903 860 3942 mos
883 3887 1111 3951 obtinet,
1135 3905 1329 3960 cogere
1361 3900 1656 3960 potuerunt
1689 3913 1702 3947 :
1744 3907 1948 3965 quanto
1982 3916 2096 3954 ma-

533 3983 612 4051 gis
644 3997 857 4050 aequum
887 3991 1048 4050 atque
1084 3981 1218 4035 adeo
1253 3985 1618 4039 necessarium
1651 3985 1813 4041 fuerit
1859 3991 2002 4058 (cum
2034 3992 2098 4046 ti-

536 4091 684 4130 more
711 4073 1068 4144 suggerimus)
1102 4073 1169 4128 ab
1217 4074 1404 4129 divino
1436 4086 1529 4130 tuo
1558 4079 1864 4148 principatu
1916 4083 2097 4153 legiti-

531 4185 674 4222 mam
711 4169 971 4236 synodum
1000 4169 1283 4222 convocari
1327 4178 1385 4222 ut
1444 4170 1806 4226 orthodoxum
1847 4172 2097 4231 Ecclesia:

530 4259 722 4323 dogma
752 4259 1062 4314 haeretleum
1082 4260 1332 4313 extrudat
1354 4278 1366 4313 :
1387 4267 1627 4328 etneque
1655 4277 1905 4331 suprema
1924 4266 2099 4337 digni—

535 4357 615 4399 tas
638 4357 724 4398 tua
744 4361 865 4400 cum
909 4345 1227 4400 ortltodoxis
1245 4348 1499 4401 omnibus
1527 4351 1867 4408 anathemate
1885 4367 2100 4411 notetur

531 4455 559 4492 a
581 4439 732 4491 novis
751 4440 1118 4508 nugatoribus;
1138 4453 1311 4507 neque
1327 4440 1624 4508 iniquitatis
1644 4459 1802 4511 porro
1817 4446 2097 4504 classicum

2194 609 2632 680 ἀπαγορεύουσιν
2651 626 2665 640 ⁸
2702 611 2932 664 ἕκαστον
2958 613 3065 665 τῶν
3124 611 3394 682 ίεραρχῶν
3422 611 3756 678 ὲξουσιὰζειν

2191 700 2249 752 ὲν
2267 703 2380 764 τοῖς
2415 700 2582 764 θείοις
2627 701 2838 767 κανόσι,
2869 703 3024 774 παρὰ
3055 702 3123 756 τὰ
3169 705 3226 756 ὲν
3259 705 3442 766 αὐτοῖς
3474 711 3758 757 κεκανονιο

2193 793 2389 862 σμένα,
2407 793 2824 860 ἀποφαίνονται.

2263 887 2372 939 Καὶ
2400 886 2484 939 διὰ
2507 885 2662 938 τοῦτο
2694 885 2893 939 ὁπόταν
2939 885 3078 957 τύχῃ
3109 884 3204 939 καὶ
3232 885 3491 954 κρυπτῶς
3528 886 3620 937 καὶ
3661 887 3759 954 έμ-

2193 978 2376 1048 φανῶς
2434 977 2636 1032 ἁλῶναί
2688 995 2809 1032 τινα
2855 977 2964 1030 τῶν
3013 976 3323 1047 ἱερωμένων
3355 978 3760 1047 καθαιρετικοῖς

2193 1070 2403 1129 κανόσι.
2442 1072 2508 1139 τῇ
2539 1069 2633 1122 τοῦ
2667 1069 2996 1139 βουλομένου
3027 1067 3244 1136 ἐξουσία
3296 1067 3478 1137 μένειν
3527 1069 3760 1122 ἀκαθαί-

2196 1179 2370 1232 ρετον.
2405 1163 2515 1215 Καὶ
2548 1160 2758 1232 μάρτυς
2805 1159 2899 1213 τοῦ
2931 1160 3123 1228 λόγου,
3175 1162 3202 1212 6
3237 1160 3520 1230 διαφόροις
3566 1161 3758 1213 κανόσι

2197 1255 2295 1306 σὺν
2319 1253 2498 1315 ἄλλοις
2525 1252 2940 1322 κεκρατημένος
2976 1249 3392 1318 μοιχοζεύκτης.
3428 1251 3523 1302 καὶ
3553 1250 3758 1301 συλλει-

2192 1343 2437 1411 τουργῶν
2460 1343 2641 1405 αὐτοῖς
2671 1341 2928 1412 δημοσίᾳ.
2982 1339 3120 1402 Τοὺς
3143 1339 3489 1408 παρανομίας
3518 1338 3594 1400 ὡς
3615 1341 3760 1390 οἱκο-

2194 1433 2390 1502 νομίας
2413 1431 2721 1493 ποιοῦντας,
2757 1429 2950 1492 ἄλλους
2995 1447 3054 1483 τε
3091 1430 3186 1482 καὶ
3223 1429 3446 1492 ἑαυτοὺς
3479 1429 3675 1495 ἁγίους
3706 1428 3760 1478 ἐν

2192 1525 2369 1595 τούτῳ
2395 1523 2754 1592 ὀνομάζουσι·
2803 1522 2897 1574 καὶ
2946 1521 3071 1584 τοὺς
3101 1521 3177 1590 μὴ
3199 1520 3401 1582 ταύτας
3457 1518 3760 1590 προσιεμέ-

2194 1636 2356 1683 νους,
2413 1617 2489 1675 ὡς
2534 1615 3002 1685 ὴλλοτριωμένους
3056 1613 3191 1667 Θεοῦ
3255 1613 3755 1680 ἀναθεματίζουσι·

2198 1713 2405 1780 μάρτυς
2436 1709 2489 1762 δὲ
2513 1707 2788 1762 κάνταῦθα
2820 1707 2912 1760 τοῦ
2938 1707 3096 1775 λόγου
3127 1705 3200 1760 ὢν
3224 1707 3320 1759 καὶ
3349 1708 3376 1760 6
3401 1705 3664 1774 διωγμός.
3697 1703 3760 1755 Τί

2194 1796 2285 1855 οὖν
2316 1801 2461 1852 ἔστιν
2480 1802 2536 1853 ὲν
2560 1799 2790 1861 τούτοις,
2818 1792 2862 1852 ὦ
2894 1798 3097 1869 μάκαρ,
3130 1799 3334 1862 είπεῑν;
3360 1797 3392 1866 ἢ
3425 1795 3485 1848 τὸ
3522 1796 3760 1848 ἀποστο-

2192 1892 2339 1945 λικὸν
2377 1894 2570 1955 ἐκεῖνο,
2591 1893 2672 1945 ὅτι
2695 1892 2822 1945 Νῦν
2844 1891 3058 1944 πολλοὶ
3099 1891 3488 1958 Ἀντίχριστοι
3509 1890 3758 1956 γεγόνα-

2190 2000 2324 2038 σιν·
2356 1985 2515 2053 εἴπερ
2558 1985 2633 2054 μὴ
2683 1982 2788 2035 ὑπὸ
2815 1982 2922 2035 τῶν
2948 1981 3110 2034 θείων
3152 1981 3335 2049 νόμων
3383 1979 3480 2032 καὶ
3513 1979 3760 2032 κανόνων

2191 2076 2391 2137 πάντες
2421 2075 2694 2142 ἄνθρωποι
2727 2069 3168 2140 ὲξουσιαζόμεθα.
3204 2068 3422 2123 Τούτων
3451 2071 3553 2139 ἢδη
3587 2070 3760 2138 ἀψευ-

2189 2167 2296 2230 δῶς
2326 2166 2430 2218 ὑπὸ
2458 2165 2557 2234 τῆς
2588 2164 2860 2227 εὐτελείας
2897 2163 3053 2233 ἡμῶν
3083 2160 3498 2230 ἀνενεχθέντων,
3533 2160 3756 2228 ἐκείνην

2191 2257 2290 2324 τὴν
2316 2256 2518 2324 φωνὴν,
2550 2255 2615 2326 ἣν
2637 2256 2664 2306 6
2697 2255 2988 2323 κορυφαῖος
3017 2254 3116 2306 σὺν
3142 2253 3255 2312 τοῖς
3281 2251 3485 2314 λοιποῖς
3522 2250 3762 2304 ἀποστό-

2191 2345 2303 2407 λοις
2321 2343 2637 2412 προσήγαγε
2659 2341 2902 2412 Χριστῷ,
2938 2341 3101 2411 ἡνίκα
3139 2342 3166 2392 ό
3189 2339 3290 2409 τῆς
3327 2339 3606 2406 θαλάσσης
3638 2339 3760 2391 κλύ-

2190 2437 2296 2488 δων
2331 2433 2670 2504 ὲπεγείρετο,
2705 2433 3090 2504 προσφέρομεν
3116 2434 3181 2502 τῇ
3207 2432 3643 2502 Χριστομιμήτῳ
3666 2447 3758 2483 σου

2195 2526 2596 2595 μακαριότητι”
2642 2525 2850 2578 Σῶσον
2909 2523 3084 2591 ἡμᾶς.
3121 2522 3457 2592 ἁρχιποίμην
3509 2522 3611 2592 τῆς
3669 2521 3760 2575 ὑπ’

2192 2614 2419 2683 ούρανὺν
2459 2612 2806 2681 Ἐκκλησίας,
2837 2612 3508 2680 ἀπολ.ιύμεθα.Μίμησαί
3544 2629 3640 2664 σου
3670 2611 3762 2664 τὸν

2192 2705 2513 2759 διδάσκαλον
2543 2703 2799 2774 Χριστὸν,
2850 2702 2944 2754 καὶ
2967 2701 3151 2772 ὄρεξον
3175 2703 3331 2771 χεῖρα
3359 2704 3424 2771 τῇ
3461 2701 3584 2756 καθ’
3611 2702 3764 2770 ἡμᾶς

2206 2798 2524 2868 Ἐκκλησία,
2563 2797 2638 2859 ὼς
2663 2797 2865 2856 ἐκεῖνος
2895 2795 3087 2862 Πέτρῳ
3106 2810 3117 2822 ·
3150 2793 3273 2846 ὅσον
3296 2795 3322 2846 6
3354 2792 3451 2862 μὲν
3472 2793 3765 2864 ἀρχομένῳ

2193 2889 2693 2953 καταποντίζεσθαι
2733 2890 2790 2941 ὲν
2829 2890 2893 2957 τῇ
2931 2886 3174 2955 θαλάσσῃ
3195 2902 3209 2918 ·
3243 2886 3402 2948 αὐτὸς
3425 2887 3468 2942 δ’
3497 2882 3562 2938 αὖ
3591 2903 3766 2939 κατα-

2195 2981 2544 3052 ποντισθείαῃ
2571 2981 2674 3051 ἤδη
2706 2981 2764 3032 ὲν
2797 2979 2872 3049 τῷ
2891 2980 2989 3049 τῆς
3023 2977 3284 3048 αἱρέσεως
3315 2977 3490 3047 βάθει.
3510 2978 3766 3046 Ζήλωσόν

2197 3090 2312 3135 σου,
2338 3073 2593 3144 δεόμεθα,
2626 3074 2716 3126 τὸν
2744 3073 3034 3142 ὁμώνυμον
3067 3071 3276 3132 πάπαν,
3313 3071 3408 3124 καλ⁵
3428 3070 3501 3132 ὡς
3553 3072 3767 3133 ἐκεῖνος

2196 3165 2498 3233 τηνικαῦτα
2538 3165 2638 3234 τῆς
2670 3165 3074 3234 Εύτυχιανικῆς
3108 3163 3373 3233 αἱρέσεως
3423 3162 3768 3232 ἀναφυεῐσης

2197 3256 2464 3310 λεόντειόν
2497 3270 2613 3318 πως
2637 3255 2894 3326 διηγέρθη
2931 3256 3007 3324 τῷ
3039 3254 3330 3324 πνεύματι,
3349 3252 3423 3316 ὼς
3459 3255 3607 3305 ἴσασι
3637 3255 3768 3312 πὰνι

2197 3364 2308 3410 τες,
2339 3349 2459 3409 ταῖς
2504 3347 2861 3414 δογματικαῖς
2890 3346 3056 3402 αὑτοῦ
3111 3345 3424 3406 ἐπιστολαῖς
3445 3361 3457 3374 ·
3489 3343 3635 3396 οὕτω
3669 3345 3769 3398 καὶ

2199 3441 2383 3503 αὐτὸς,
2419 3439 2602 3507 τολμῶ
2654 3438 2853 3505 λέγειν,
2915 3438 3274 3508 φερωνύμως,
3322 3436 3517 3507 βρύξον
3566 3436 3766 3499 θείως.

2201 3533 2404 3602 μᾶλλον
2432 3530 2490 3584 δὲ
2523 3529 2816 3601 βρόντησον
2847 3529 2988 3581 κατὰ
3010 3530 3108 3598 τῆς
3135 3528 3412 3600 παρούσης
3441 3526 3770 3592 κακοδοξίας

2199 3626 2264 3678 τὰ
2305 3624 2508 3677 είκότα.
2551 3623 2612 3675 El
2663 3621 2773 3691 γὰρ
2821 3615 2968 3674 οὗτοι
3004 3621 3219 3682 ἑαυτοῖς
3271 3621 3771 3689 ὲξαυθεντήσαντες

2199 3718 2481 3789 αίρετικὴν
2522 3716 2735 3768 σύνοδον
2761 3712 3116 3785 ἐκπληρῶσαι
3161 3713 3266 3764 οὐκ
3283 3713 3514 3780 ἔδεισαν,
3562 3712 3771 3782 καίπερ

2201 3811 2248 3862 εί
2278 3809 2373 3862 καὶ
2396 3807 2673 3878 όρθόδοξον
2694 3807 2794 3860 οὐκ
2823 3805 2951 3859 ἄνευ
2988 3804 3087 3873 τῆς
3119 3803 3273 3873 ὑμῶν
3325 3806 3587 3874 είδήσεως
3617 3803 3770 3868 sequ-

2203 3900 2495 3965 σιάζοντες,
2527 3899 2602 3962 ὡς
2621 3898 2682 3952 τὸ
2720 3897 2926 3952 ἄνωθεν
2956 3895 3296 3968 κεκρατηκὸς
3325 3893 3444 3957 ἔθος
3464 3911 3478 3925 ·
3517 3896 3670 3965 πόσῳ
3703 3912 3768 3963 γε

2205 3991 2404 4062 μᾶλλον
2428 3989 2649 4056 εὔλογον
2672 3990 2764 4042 καὶ
2789 3989 3084 4054 ἀναγκαῖον
3115 3987 3180 4039 ἂν
3201 3983 3310 4054 εἴη,
3344 3984 3770 4053 ὑπομιμνήσκοο

2206 4099 2304 4152 μεν
2330 4081 2497 4151 φόϐῳ,
2531 4079 2636 4132 ὑπὸ
2663 4079 2762 4147 τῆς
2818 4078 2968 4140 θείας
2999 4076 3353 4149 πρωταρχίας
3389 4090 3507 4139 σου,
3536 4074 3770 4144 ἔννομον

2203 4173 2536 4243 κρατηθῆναι
2582 4172 2818 4236 σύνοδον,
2855 4170 2929 4234 ὡς
2960 4171 3026 4224 ἂν
3075 4169 3137 4223 τὸ
3185 4166 3467 4237 ὀρθόδοξον
3507 4166 3609 4234 τῆς
3645 4167 3772 4220 Ἐκε-

2203 4267 2431 4336 κληοίας
2486 4262 2680 4333 δόγμα,
2739 4263 2799 4314 τὸ
2851 4260 3124 4331 αἱρετικὸν
3177 4256 3624 4328 ἀποκρούσηται·
3672 4257 3772 4310 καὶ

2207 4359 2394 4428 μήτεή
2425 4354 2794 4425 κορυφαιότης
2830 4369 2922 4406 σου
2957 4353 3054 4405 σὺν
3106 4351 3278 4405 ἅπασι
3305 4352 3418 4412 τοῖς
3461 4347 3773 4418 όρθοδόξοις

2205 4445 2656 4516 ἀναθεματίζοιτο
2707 4442 2857 4514 παρὰ
2884 4442 2993 4495 τῶν
3035 4443 3172 4496 νέων
3222 4439 3580 4509 κενοφώνων·
3639 4440 3772 4508 μήτ’

531 4532 888 4584 adulterinam
923 4531 1059 4586 hanc
1080 4533 1344 4603 synodum
1379 4535 1544 4596 nacti,
1574 4535 1771 4603 quibus
1798 4537 1849 4590 id
1893 4539 2085 4606 placet,

2197 4539 2260 4591 αὖ
2286 4535 2619 4606 ὁρμητήριον
2637 4533 2864 4602 ἀνομίας
2890 4532 2990 4600 τὴν
3021 4529 3396 4600 μοιχοσύνοδον
3417 4527 3770 4600 εὑρίσκοντες

532 4624 586 4676 in
640 4632 920 4692 peccatum
954 4625 1110 4678 facile
1158 4625 1533 4694 prolabantur.
1565 4627 1708 4692 Haec,
1744 4629 1882 4684 sicut
1910 4635 2093 4701 parvi-

531 4717 626 4769 tali
652 4729 853 4770 nostra:
889 4717 1268 4777 conveniebat.
1298 4727 1357 4771 ut
1395 4718 1620 4773 minima
1648 4721 1904 4776 Ecclesia:
1925 4739 2095 4778 mem-

531 4807 624 4860 bra
661 4816 1131 4875 repraesentantes,
1159 4818 1214 4862 et
1250 4809 1434 4864 divino
1467 4813 1717 4879 pastorali
1751 4823 1932 4867 vestro
1952 4816 2096 4885 prin-

531 4901 728 4969 cipatui
762 4911 1045 4970 parentes;
1101 4902 1448 4957 obsecramus
1495 4905 1561 4958 de
1611 4914 1806 4958 caetero
1848 4914 2089 4961 sanctam

532 4993 764 5044 animam
789 5001 1045 5055 vestram,
1079 5000 1136 5046 ut
1158 5008 1254 5046 nos
1283 5008 1380 5046 ceu
1413 4995 1662 5062 proprias
1695 5010 1822 5048 oves
1853 5005 2086 5064 reputet,

530 5088 584 5132 et
625 5081 791 5134 sacris
813 5082 1066 5149 precibus
1096 5082 1210 5135 suis
1236 5083 1450 5135 eminus
1477 5083 1729 5147 illustret,
1772 5094 1932 5152 atque
1960 5101 2089 5140 con-

531 5170 725 5223 ﬁrmet.
756 5169 909 5235 Quod
965 5172 1007 5226 si
1039 5172 1200 5226 etiam
1237 5173 1611 5238 documentis;
1674 5183 1777 5228 tua:
1813 5175 1862 5228 id
1928 5174 2092 5229 fuerit

530 5259 724 5314 divinae
758 5261 1140 5331 benignitatis:
1186 5263 1622 5332 quandoquidem
1662 5274 1718 5318 et
1755 5265 2003 5319 Christus
2024 5269 2090 5320 ad

531 5350 802 5418 Ahgarum
853 5352 1090 5420 scripsit,
1124 5361 1178 5406 et
1213 5354 1366 5406 multi
1397 5354 1561 5407 etiam
1597 5370 1627 5408 e
1687 5355 1919 5409 subditis
1945 5355 2089 5426 digni

534 5441 703 5495 habiti
729 5453 875 5507 sunt,
917 5444 1006 5513 qui
1043 5445 1111 5498 ab
1139 5445 1396 5516 apostolis
1436 5446 1746 5515 sanctisque
1782 5447 2092 5518 acciperent

533 5532 758 5588 litteras.
796 5534 843 5588 Α
871 5550 957 5589 me
996 5545 1174 5590 autem
1222 5536 1336 5590 solo
1357 5549 1661 5604 peccatore,
1697 5545 1753 5591 et
1784 5537 1837 5591 in
1873 5553 2092 5592 carcere

532 5623 772 5689 detento,
793 5625 1026 5680 mittitur
1054 5628 1172 5682 haec
1220 5628 1468 5697 epistola,
1493 5635 1778 5699 propterea
1807 5631 1949 5700 quod
1983 5628 2082 5684 Pa-

542 5828 552 5857 '
602 5823 798 5880 lJoau.
831 5843 887 5893 ll,
923 5827 1007 5883 19.
1086 5831 1103 5860 '
1137 5827 1327 5884 Matth.
1369 5847 1485 5893 \‘lll,
1519 5830 1607 5884 9.5.

2198 4631 2246 4680 οἱ
2279 4625 2588 4696 βουλόμενοι
2647 4623 3127 4677 κατολισθαίνωσιν
3179 4620 3424 4682 εὐπετῶς
3478 4619 3617 4689 πρὸς
3664 4619 3772 4689 τὴν

2201 4715 2492 4786 ἁμαρτίαν.
2527 4714 2730 4777 Ταῦτα,
2756 4713 2831 4774 ὡς
2855 4711 2916 4763 τὸ
2939 4713 3136 4781 ἀνῆκον
3157 4713 3222 4780 τῇ
3246 4709 3554 4778 ούθενότητι
3583 4709 3768 4778 ἡμῶν,

2200 4807 2616 4874 ἁνηγγελκότες,
2648 4805 2722 4866 ὡς
2751 4803 3004 4872 ἐλάχιστα
3037 4801 3176 4872 μέλη
3190 4799 3648 4869 τῆςἙκκλησίας,
3671 4801 3771 4852 καὶ

2200 4901 2264 4967 τῇ
2301 4898 2388 4964 ὑφ’
2421 4896 2574 4965 ὑμῶν
2610 4894 2926 4956 ὑπείκοντες
2970 4893 3092 4962 θείᾳ
3126 4891 3524 4961 ποιμεναρχίᾳο
3559 4891 3623 4942 τὸ
3652 4892 3770 4944 λοι-

2197 4989 2296 5041 πδν
2319 4987 2637 5056 ὲξαιτοῦμεν
2670 4985 2769 5055 τὴν
2806 4985 2967 5052 ἁγίαν
3015 4983 3184 5052 αὐτῆς
3216 4981 3413 5052 ψυχὴν,
3446 4981 3768 5048 λογίζεσθαι

2196 5082 2340 5152 ἡμᾶς
2386 5082 2459 5144 ὡς
2505 5083 2679 5134 οἰκεῖα
2721 5078 2892 5148 αὐτῆς
2923 5077 3206 5147 πρόϐατα,
3264 5076 3359 5129 καὶ
3415 5076 3537 5136 ταῖς
3588 5074 3768 5144 ἱεραῖς

2197 5175 2525 5245 προσευχαῖς
2551 5171 2837 5242 πόρρωθεν
2865 5169 3116 5238 φωτίζειν
3143 5168 3236 5220 καὶ
3267 5167 3566 5237 στηρίζειν.
3605 5168 3666 5221 El
3704 5169 3765 5221 δὲ

2199 5265 2290 5315 καὶ
2320 5264 2557 5330 διδαχαῖς
2578 5304 2590 5325 ,
2622 5261 2718 5328 τῆς
2771 5261 2868 5330 σῆς
2891 5260 2956 5313 ἂν
2980 5259 3068 5328 εἴη
3095 5257 3245 5320 θείας
3273 5257 3760 5323 συγκαταϐἀσεως.

2191 5354 2345 5406 Ἐπεὶ
2366 5355 2457 5406 καὶ
2489 5354 2516 5404 ό
2550 5353 2778 5420 Χριστὸς
2813 5351 3048 5420 Αὑγάρῳ
3074 5349 3357 5401 ἐπέστειλε
3378 5363 3392 5377 °
3442 5351 3532 5400 καὶ
3565 5348 3763 5401 πολλοὶ

2190 5446 2298 5499 τῶν
2330 5446 2635 5512 ὑφειμένων
2689 5443 2838 5514 παρᾶ
2879 5441 3190 5495 ἀποστόλων
3223 5440 3316 5492 καὶ
3361 5439 3532 5505 ἁγίων
3565 5440 3760 5508 γράμ-

2194 5558 2336 5609 ματα
2365 5539 2621 5602 δέξασθαι
2669 5536 3106 5604 κατηξιώθησαν.
3157 5534 3292 5605 Παρ⁹
3332 5533 3465 5604 ἐμοῦ
3494 5534 3552 5585 δὲ
3589 5536 3757 5602 μόνου

2191 5630 2282 5684 τοῦ
2313 5629 2632 5701 ἁμαρτωλοῦ
2665 5630 2756 5682 καὶ
2778 5627 3110 5698 τηρουμένου
3135 5627 3192 5680 ἐν
3233 5625 3445 5695 φυλακῇ
3469 5627 3500 5696 ἡ
3529 5626 3756 5679 επιστο-
