3914 6458
152 426 286 493 1021

143 547 208 624 λιι
228 566 246 584 ο
279 549 372 604 διὰ
392 551 471 615 τδ,

149 657 294 706 στον,
322 641 416 694 τόν
445 658 505 696 τε
556 645 990 716 ἀρχιεπίσκοπον
1025 654 1124 720 τῆς
1148 652 1573 728 Θεσσαλονίκης,
1631 660 1726 713 καὶ

142 732 375 800 ἀδελφὺν
396 734 576 806 ἡμῶν,
599 738 681 801 είς
706 739 897 811 ἑτέρας
919 743 1116 814 νήσους
1132 745 1395 812 ὡσαύτως
1413 750 1724 819 τηρεῖσθαι.

144 822 292 894 Πλὴν
339 826 434 879 καὶ
462 828 620 882 αὐτοὶ
642 829 711 882 δι’
740 831 898 902 ἐμοῦ,
946 835 1040 888 καὶ
1068 837 1168 890 σὺν
1203 839 1329 908 ἐμοὶ
1355 839 1424 893 τά
1462 840 1606 895 αὐτὰ
1629 845 1727 897 καὶ

144 913 476 982 φθέγγονται
509 919 603 972 καὶ
630 922 1107 990 προσπτύσσονται
1135 930 1249 994 τοῖς
1297 929 1465 1001 ίεροῖς
1489 932 1587 1001 τῆς
1622 950 1726 1003 μα·

143 1009 473 1080 καριότητός
503 1028 598 1065 σου
631 1014 860 1085 ι’χνεσιν.

599 1167 723 1222 AA'.
752 1198 824 1211 —
846 1169 930 1235 Τῷ
961 1171 1141 1238 αὐτῷ.
1164 1172 1322 1249 [ςε’.]

1369 450 1911 514 EPISTOLARUM
1951 457 2097 515 LIB.
2131 457 2179 514 Ι.

488 553 578 606 τὸν
609 555 828 629 Πατέρα
855 559 949 612 καὶ
976 559 1257 616 σύνδουλόν
1275 581 1380 634 μου
1398 566 1488 619 τὸν
1517 565 1715 635 ἔγκλει·

1836 600 1916 645 ter
1952 605 2358 663 conservusque
2403 607 2556 648 meus
2594 592 2862 661 inclusus,
2901 603 2955 650 et
3006 591 3412 652 Thessalonicae

1830 683 2280 757 archiepiscopus
2327 701 2620 758 germanus
2677 697 2887 754 noster,
2931 688 2986 743 in
3043 690 3164 745 aliis
3210 689 3411 744 insulis

1824 772 2028 842 pariter
2071 775 2472 831 custodiuntur.
2511 777 2618 848 Ipsi
2673 779 3027 835 nihilominus
3081 796 3180 851 per
3217 793 3306 835 me
3355 790 3409 835 et

1823 877 2038 920 mecum
2075 866 2268 922 eadem
2301 867 2514 934 dicunt,
2571 877 2629 924 et
2681 869 2854 927 sacris
2894 870 3256 928 beatitudinis
3299 882 3407 928 tua:

1822 954 2067 1028 vestigiis
2102 958 2491 1016 advolvuntur.

2147 1193 2387 1252 XXXIV.
2415 1226 2483 1238 —
2512 1195 2703 1254 Eidem
2737 1197 2899 1254 Leoni
2932 1216 3102 1271 papa.

297 1301 399 1354 Pro
417 1305 635 1369 acceptis
662 1321 798 1373 papa
828 1309 1010 1362 litteris
1029 1313 1210 1376 gratias
1231 1319 1350 1381 agit,
1377 1324 1481 1370 tum
1503 1335 1616 1386 qua
1635 1322 1695 1377 ab
1710 1325 2006 1380 adversariis
2025 1337 2167 1395 gesta
2188 1338 2331 1385 erant
2354 1336 2577 1400 exponit.
2609 1337 2810 1396 (Baron.
2832 1352 2913 1390 an.
2934 1339 3045 1398 809,
3066 1352 3117 1389 u.
3153 1337 3249 1400 18.)

146 1409 231 1476 Τῷ
263 1413 568 1484 luam-sle)
598 1415 1021 1483 μακαριωτάτῳ
1053 1421 1571 1492 καὶἉποστολικῷ
1604 1430 1719 1483 Πα-

209 1505 303 1575 τρὶ
340 1505 552 1565 Λέοντι
581 1507 751 1576 acina
783 1508 1028 1579 Ῥώμης,
1060 1512 1314 1569 Πλάτων
1348 1516 1721 1586 ἐγκλειστος,

209 1597 312 1652 καὶ
351 1597 649 1667 Θεόδωρος
687 1602 1088 1672 πρεσϐύτερος
1117 1605 1218 1661 καὶ
1247 1606 1580 1679 ἡγούμενος
1603 1609 1725 1666 τῶν

208 1690 255 1740 Σ
257 1686 527 1746 τουδίου.

1825 1431 2048 1504 ιΕιιιιαίὶ
2068 1438 2270 1508 angelis
2307 1437 2607 1493 beatissimo
2638 1449 2687 1494 et
2715 1439 3000 1509 apostolico
3039 1439 3189 1494 Patri
3237 1440 3401 1496 Leoni

1895 1541 2048 1594 papa:
2084 1526 2282 1594 Romae,
2309 1528 2465 1583 Plato
2485 1531 2741 1600 inclusus,
2761 1541 2811 1586 et
2831 1531 3124 1587 Theodorus
3143 1533 3408 1605 presbyter

1898 1631 1962 1667 ac
1976 1618 2286 1687 praepositus
2312 1617 2630 1676 Studiensis.

209 1779 376 1848 Μέγα
413 1771 550 1851 ἡμῖν
603 1783 716 1848 τοῖς
749 1786 1030 1849 ταπεινοῖς
1061 1786 1138 1851 ὼς
1164 1786 1401 1860 ἀληθῶς,
1430 1793 1522 1846 καὶ
1550 1793 1715 1865 εὐχῆς

1891 1810 2142 1883 Magnum
2173 1828 2365 1870 revera
2399 1815 2558 1871 nobis
2600 1816 2901 1872 humilibus
2939 1827 2996 1873 et
3030 1818 3232 1874 summi
3283 1818 3401 1876 voti

139 1870 303 1940 ἔργον
337 1872 438 1942 τῆς
494 1873 778 1939 ἀνωτάτω,
831 1875 1112 1942 ἀξιωθεῖσι
1152 1879 1405 1948 δέξασθαι
1438 1884 1591 1957 παρά
1616 1887 1715 1958 τῆς

138 1964 508 2035 ἀποστολικῆς
575 1967 730 2036 ὑμῶν
767 1971 1172 2043 μακαριότητος
1211 1975 1516 2046 πρόσρησιν
1548 1995 1717 2049 προσ-

137 2059 527 2130 αγορευτικὴν,
561 2060 655 2114 καὶ
685 2062 793 2132 μὴν
821 2064 1234 2136 ἀποσημείωσιν
1266 2069 1375 2120 τῶν
1405 2085 1717 2140 πνευματο-

137 2147 379 2216 κινήτων
409 2149 579 2221 αὐτῆς
604 2151 766 2221 ἱερῶν
786 2153 1003 2222 λογίων,
1028 2155 1096 2210 δι’
1123 2156 1442 2227 Ἐπιφανίου
1473 2160 1568 2216 τοῦ
1590 2178 1717 2215 συν-

133 2238 348 2303 δούλου,
387 2241 481 2294 καὶ
515 2243 804 2314 ἀγαπητοῦ
835 2248 994 2318 ἡμῶν
1021 2249 1215 2304 τέκνου
1237 2265 1251 2280 ⁹
1293 2252 1388 2308 καὶ
1416 2252 1589 2308 ταῦτα
1619 2271 1716 2310 κε-

133 2332 487 2403 κλεισμένοις
541 2332 693 2390 οὖσιν
745 2339 851 2392 ὑπὸ
897 2339 1006 2394 τῶν
1056 2343 1399 2409 κακοδόξων,
1445 2346 1541 2400 καὶ
1589 2347 1715 2417 ὕψει

133 2421 499 2492 Θεασαμένοις
555 2425 647 2478 τὸν
669 2430 1171 2502 γραμματηφόρον.
1202 2433 1320 2502 Ἐφ’
1342 2427 1426 2499 οίς
1454 2436 1716 2508 ὲσκιρτή-

133 2529 340 2583 σαμεν·
375 2517 831 2589 ὴγαλλιασάμεθα
855 2537 867 2550 °
897 2522 1475 2598 ἀνθωμολογησάμεθα
1499 2528 1576 2600 τῷ
1602 2531 1715 2584 Κυ-

133 2605 258 2677 ρίῳ,
283 2607 364 2678 τῷ
390 2613 505 2674 ταῖς
533 2611 706 2675 θείαις
729 2614 902 2685 αὐτῆς
932 2621 1283 2690 προσευχαῖς,
1307 2619 1374 2674 τὰ
1407 2622 1540 2693 παρ’
1561 2623 1715 2676 ἑλπί-

130 2698 197 2751 δα
223 2700 554 2770 παραδόξως
588 2706 723 2775 ἡμῖν
747 2709 860 2769 τοῖς
893 2709 1134 2774 ἀναξίοις
1176 2713 1534 2785 χαρισαμένῳ
1555 2729 1569 2745 ·
1618 2732 1716 2785 μο-

131 2791 350 2860 νονουχὶ
393 2793 488 2844 καὶ
522 2795 656 2865 ὀρᾷν
687 2795 857 2866 αὐτῆς
906 2799 1001 2851 τὸν
1059 2799 1202 2871 ἱερὸν
1242 2803 1571 2873 χαρακτῆρα
1625 2803 1714 2859 διὰ

134 2881 302 2952 μέσου
353 2884 461 2937 τῶν
498 2887 694 2954 φωνῶν
743 2891 1198 2961 φανταζομένοις.
1239 2895 1382 2948 Ἀλλ’
1417 2896 1554 2968 αὐτὴ
1614 2896 1714 2968 μὲν

131 2973 175 3024 Χ
186 2979 605 3049 ριστομιμήτως
629 2982 722 3034 καὶ
748 2985 1164 3057 προσηγόρευκε
1181 2989 1308 3052 τοὺς
1333 2990 1594 3057 εὐτελεῖς,
1619 2992 1716 3044 καὶ

130 3066 562 3141 ἀνεζωπύρησεν
577 3073 733 3147 ἡμῶν
757 3076 816 3129 τὸ
831 3076 1361 3151 πνεῦμα,ὲπέρῤωσέ
1386 3099 1445 3136 τε
1466 3083 1526 3136 τὸ
1547 3083 1711 3137 ἀσθε-

130 3158 241 3221 νὲς,
272 3162 371 3213 καὶ
399 3163 738 3234 ὲστιόἀρωσε
787 3168 850 3221 τὸ
873 3171 1107 3242 ἀδρανές
1128 3187 1141 3200 ο
1176 3175 1340 3227 οἱονεὶ
1368 3175 1713 3246 ὲπαλείψασα
1739 3154 1784 3215 c

130 3254 245 3314 τοῖς
276 3253 420 3324 ὑπὲρ
455 3257 602 3325 ἡμᾶς
633 3261 1070 3331 παρακλητικοῖς
1106 3265 1202 3318 καὶ
1230 3264 1566 3330 νουθετικοϊς
1594 3267 1718 3338 φθέ-

134 3361 348 3414 γμασι·
389 3351 612 3419 στήκειν
645 3368 706 3404 τε
732 3355 790 3406 ὲν
833 3357 899 3426 τῇ
942 3356 1210 3427 ὀρθοδόξῳ
1259 3358 1440 3412 πίστει
1479 3359 1717 3425 ἀκλινῶς

134 3436 304 3507 μέχρι
336 3437 526 3503 τέλους
553 3445 948 3513 παρεγγυῶσα.
980 3449 1089 3502 Καὶ
1129 3450 1340 3517 γένοιτο
1376 3453 1508 3522 ἡμῖν
1551 3454 1718 3518 ίλέοις

131 3529 309 3597 αὐτῆς
345 3531 668 3603 ἱκετηρίαις.
705 3537 893 3608 Ἡμεῖς
923 3540 980 3594 δὲ
1002 3542 1052 3594 oi
1082 3542 1325 3608 οὐθενεῖς
1346 3547 1442 3599 καὶ
1465 3547 1629 3603 πάλιν
1654 3545 1714 3603 εὖ

131 3619 280 3688 ἔχειν
311 3623 700 3696 νενομίκαμεν,
721 3627 910 3702 ὥσπερ
935 3632 994 3685 τὸ
1017 3637 1284 3706 πρότερον
1315 3637 1380 3690 δι’
1406 3639 1574 3693 αὑτοῦ
1600 3642 1719 3695 τοῦ·

130 3711 184 3765 δε
211 3712 311 3765 τοῦ
339 3718 669 3771 πιστοτάτου
700 3721 857 3790 ἡμῶν
887 3727 1363 3797 γραμματοφόρου
1389 3771 1404 3792 ,
1442 3732 1536 3785 καὶ
1559 3728 1717 3798 αὖθις

129 3803 198 3857 δι’
239 3806 550 3861 ΕὑσταΘίου
581 3809 674 3862 τοῦ
703 3813 893 3881 ἐτέρου
943 3816 1038 3868 καὶ
1082 3817 1248 3871 αὑτοῦ
1282 3820 1440 3889 ἡμῶν
1479 3825 1712 3891 τέκνου,

130 3894 278 3952 οὕτω
313 3899 410 3950 καὶ
439 3897 534 3953 νῦν
567 3901 883 3971 ἀνενεγκεῖν
936 3906 1074 3976 αὐτῇ
1131 3908 1199 3961 τὰ
1226 3911 1431 3966 είκὸτα.
1485 3914 1714 3980 Σύνοδος

131 3985 362 4054 γέγονεν
389 3989 446 4050 ὲν
474 3993 586 4054 τοῖς
617 3993 738 4055 καθ’
778 3996 948 4064 ἡμᾶς,
974 3990 1018 4050 ὦ
1062 4001 1487 4070 μακαριώτατεν
1512 4005 1714 4075 πάνδη-

134 4095 234 4145 μος
265 4081 747 4145 συγκαθεσθέντων
771 4087 864 4139 καὶ
893 4089 1173 4159 ἀρχόντων
1191 4091 1300 4149 τῶν
1323 4095 1382 4147 ὲν
1415 4095 1560 4151 τέλει
1579 4112 1593 4126 ·
1620 4101 1714 4152 καὶ⁵

131 4170 163 4239 ἡ
197 4171 424 4235 σύνοδος
439 4175 541 4226 -ὲπ’
566 4176 822 4247 ἀθετήσει
856 4181 950 4234 τοῦ
980 4182 1314 4251 Εὑαγγελίου
1335 4186 1430 4240 τοῦ
1452 4189 1710 4261 Χριστοῦ,

130 4257 192 4317 οὗ
225 4265 292 4316 σὺ
327 4263 426 4327 τὰς
454 4265 602 4330 κλεῖς
631 4268 793 4335 ἐδέξω
845 4273 982 4342 πρὸς
1039 4274 1236 4341 αὐτοῦ,
1279 4279 1366 4331 διὰ
1401 4257 1571 4350 μέσου
1617 4281 1711 4335 τοῦ

129 4353 244 4405 τῶν
293 4355 612 4410 ἀποστόλων
663 4362 1073 4430 πρωτοστάτου,
1109 4367 1346 4422 καὶτῶν
1395 4372 1710 4439 ἀμοιϐαδὸν,

1815 1917 1955 1972 opus
1976 1902 2097 1966 fuit,
2131 1904 2276 1973 quod
2309 1905 2456 1976 digni
2482 1906 2652 1961 habiti
2683 1921 2896 1971 sumus,
2929 1907 3021 1977 qui
3048 1907 3120 1962 ab
3175 1917 3403 1977 aposto-

1816 1994 1917 2050 lica
1949 1995 2287 2051 beatitudine
2342 2007 2524 2052 vestra
2575 1999 2920 2053 salutationis
2985 1998 3400 2063 allocutionem,

1813 2096 1869 2142 et
1895 2099 2174 2142 sacrorum
2199 2087 2319 2158 ejus
2358 2090 2451 2159 qui
2478 2104 2510 2144 a
2549 2090 2745 2160 spiritu
2769 2099 3062 2145 moventur
3083 2106 3400 2146 sermonum

1815 2180 2266 2251 signiﬁcationem
2295 2182 2687 2250 acciperemus,
2716 2197 2815 2252 per
2861 2197 3186 2238 conservum
3217 2197 3282 2237 ac
3313 2184 3401 2237 di-

1815 2269 2014 2325 lectum
2033 2271 2206 2327 ﬁlium
2245 2280 2492 2327 nostrum
2521 2271 2886 2342 Epiphanium
2917 2289 2932 2338 ;
2956 2282 3013 2327 et
3035 2272 3175 2337 haec,
3198 2272 3396 2328 inclusi

1813 2361 1943 2420 licet
1966 2371 2250 2419 teneamur
2271 2365 2339 2419 ab
2391 2366 2696 2431 hareticis;
2729 2378 2894 2438 atque
2948 2370 3022 2424 ita
3061 2377 3122 2424 ut
3168 2370 3397 2425 tabella-

1813 2451 1957 2506 rium
1997 2452 2177 2522 ipsum
2209 2454 2382 2509 oculis
2408 2457 2875 2526 conspexerimus.
2907 2455 3274 2524 Quamobrem
3295 2460 3392 2515 la-

1813 2543 1930 2599 titia
1954 2544 2362 2613 exsultavimus,
2413 2548 2581 2618 gavisi
2633 2563 2844 2613 sumus,
2897 2549 3126 2606 Domino
3197 2551 3397 2622 gratias

1811 2635 2044 2706 egimus,
2087 2635 2177 2704 qui
2224 2635 2425 2690 divinis
2489 2636 2633 2692 illius
2662 2638 2917 2706 precibus
2953 2655 3018 2694 ea
3062 2655 3184 2708 qure
3242 2656 3397 2709 spem

1813 2736 2056 2782 nostram
2085 2728 2415 2796 superabant
2441 2727 2600 2783 nobis
2637 2728 2872 2800 indignis
2904 2731 3042 2785 miro
3077 2731 3240 2786 modo
3286 2732 3397 2785 lar-

1813 2816 1958 2888 gitus
1981 2824 2102 2871 est:
2144 2815 2216 2870 ita
2247 2823 2306 2869 ut
2355 2815 2528 2886 ipsam
2569 2819 2962 2888 propemodum
3009 2836 3221 2876 sacram
3272 2822 3394 2891 ejus

1813 2907 2044 2963 formam
2080 2922 2178 2978 per
2216 2907 2530 2976 interjectas
2574 2923 2735 2964 voces
2772 2910 2958 2965 videre
2983 2912 3144 2965 nobis
3183 2913 3395 2967 videre-

1812 3015 1955 3053 mur.
1992 2997 2192 3053 Verum
2233 2999 2321 3052 illa
2351 2999 2568 3068 quidem
2600 2999 2667 3056 ad
2705 2999 2907 3056 Christi
2949 3004 3260 3072 exemplum
3289 3019 3392 3058 nos

1817 3091 2052 3146 humiles
2080 3090 2240 3144 allata
2270 3099 2374 3154 est,
2408 3100 2464 3144 et
2489 3098 2701 3145 mentes
2728 3098 2944 3147 nostras
2969 3094 3253 3156 recreavit,
3291 3092 3398 3146 im-

1817 3182 2167 3239 becillitatem
2196 3181 2594 3247 corroboravit,
2637 3181 3064 3252 languentesque
3097 3184 3392 3238 conﬁrma-

1816 3276 1914 3341 vit,
1934 3275 2048 3331 suis
2069 3289 2169 3329 nos
2190 3273 2342 3344 quasi
2366 3288 2672 3344 perungens
2728 3284 2946 3344 captum
2969 3284 3214 3330 nostrum
3237 3293 3398 3331 exce-

1817 3369 2072 3426 dentibus
2116 3365 2512 3432 consolatoriis,
2571 3367 2986 3437 monitoriisque
3028 3369 3394 3435 sermonibus,

1818 3462 1872 3516 in
1913 3461 2017 3516 ﬁde
2061 3459 2361 3515 orthodoxa
2403 3466 2721 3513 constanter
2747 3459 2812 3512 ad
2862 3459 3024 3513 ﬁnem
3059 3474 3229 3529 usque
3275 3475 3396 3513 ma-

1816 3568 1948 3607 nere
1972 3551 2326 3622 persuadens,
2355 3549 2500 3620 quod
2533 3549 2740 3604 utinam
2767 3548 3017 3619 propitiis
3049 3550 3170 3618 ejus
3210 3550 3394 3618 prcci-

1816 3645 1920 3700 bus
1962 3645 2034 3698 ita
2073 3643 2235 3698 nobis
2295 3643 2594 3712 contingat.
2629 3641 2740 3696 Nos
2785 3656 2917 3696 vero
2947 3641 3106 3696 nihili
3159 3642 3396 3696 homun-

1815 3735 2002 3791 ciones
2050 3732 2340 3788 convenire
2389 3731 2842 3796 existimavimus,
2897 3731 3056 3786 sicuti
3102 3739 3261 3786 antea
3297 3747 3396 3801 per

1817 3827 1962 3882 hunc
2015 3823 2334 3878 ﬁdissimum
2379 3820 2724 3877 tabellarium
2784 3831 3060 3887 nostrum,
3103 3830 3160 3876 et
3208 3833 3394 3890 postea

1815 3931 1914 3986 per
1957 3914 2298 3969 Eustathium
2327 3913 2559 3965 alterum
2592 3911 2761 3966 ﬁlium
2817 3922 3087 3978 nostrum,
3136 3912 3207 3967 ita
3245 3929 3396 3969 nunc

1816 4001 1978 4056 etiam
2003 3999 2070 4057 ad
2091 3999 2336 4053 eamdem
2367 3999 2572 4053 referre
2593 4014 2655 4052 ea
2692 4015 2815 4068 qua:
2846 4015 2943 4070 par
2967 4009 3071 4056 est.
3111 4000 3389 4072 Synodus,

1815 4108 1848 4147 ο
1881 4090 2210 4154 beatissime,
2251 4090 2394 4160 apud
2425 4105 2526 4145 nos
2564 4091 2779 4161 publica
2849 4092 3121 4148 celebrata
3173 4105 3276 4159 est,
3330 4095 3395 4150 iis

1815 4185 2001 4249 etiam,
2036 4182 2130 4254 qui
2164 4182 2478 4253 magistatus
2517 4192 2730 4254 gerunt,
2782 4200 2890 4238 una
2954 4185 3390 4250 considentibus,

1815 4284 1870 4330 ct
1907 4276 2142 4345 synodus
2166 4273 2232 4327 ad
2280 4274 2793 4329 condemnationem
2836 4276 3114 4349 Evangelii
3162 4278 3390 4345 Christi,

1815 4369 1970 4437 cujus
1995 4376 2051 4420 tu
2083 4367 2264 4420 claves
2306 4366 2373 4419 ab
2407 4367 2639 4436 ipsomet
2690 4370 2945 4438 accepisti
2983 4386 3081 4441 per
3125 4370 3395 4426 interme-

134 4445 302 4542 μέχρι
337 4445 432 4499 τοῦ
470 4453 929 4521 προηγησαμένου
958 4455 1057 4526 τὴν
1089 4458 1394 4533 ἱερωτάτην
1421 4481 1515 4517 σου
1544 4482 1714 4535 κεφα-

1819 4455 1968 4510 dium
1997 4456 2301 4525 principem
2344 4455 2716 4524 apostolorum
2745 4465 2799 4511 et
2833 4473 3181 4515 successores
3219 4476 3392 4529 usque

129 4535 253 4607 λήν.
289 4539 400 4592 Ka‘t
453 4541 600 4606 ὅπως
634 4543 927 4616 ἀνάσχοιτο
961 4551 1333 4623 ὲπακηκοὲναι
1367 4556 1399 4626 ἡ
1442 4555 1714 4630 θεομίμη-

129 4646 222 4692 τος
253 4631 531 4687 ιπιείκειά
563 4651 658 4688 σου
683 4653 697 4701 ;
735 4636 1056 4711 ’Δρξὼμεθα
1077 4643 1133 4697 δὲ
1164 4644 1389 4699 ἀπὸτοῦ
1423 4647 1588 4718 νόμον
1618 4651 1715 4703 καὶ

130 4723 240 4775 τῶν
270 4727 590 4797 προφητῶν.
635 4728 748 4783 Καὶ
790 4731 945 4800 γοῦν.
977 4737 1162 4806 φησὶν,
1225 4741 1307 4793 Οὐ
1327 4743 1676 4808 μοιχεύσεις
1698 4760 1711 4774 ⁸

131 4817 201 4868 οὺ
227 4815 844 4886 ψευδομαρτυρήσεις.
875 4852 947 4862 -
971 4826 1054 4878 Οὐ
1075 4825 1248 4895 λήψῃ
1282 4827 1351 4881 τὸ
1381 4829 1568 4898 ὄνομα
1599 4833 1715 4885 Kv-

125 4908 265 4971 plov
302 4907 411 4962 τοῦ
442 4909 588 4963 Θεοῦ
614 4925 732 4965 σου
754 4912 851 4965 ἐπὶ
867 4916 1118 4982 ματαίῳ.
1159 4918 1268 4971 Καὶ
1299 4918 1567 4988 Ἱερεμίας
1587 4921 1710 4991 μέν·

136 4999 372 5066 Ἄφρων
401 4999 496 5052 καί
530 5001 758 5070 ἀσεϐὴς
789 5006 822 5057 ό
853 5003 1125 5074 κατέχων
1145 5008 1488 5074 μοιχαλίδα.
1521 5011 1714 5063 Mala-

131 5091 253 5160 χίας
293 5089 372 5152 δέ·
429 5094 609 5163 Χείλη
666 5094 869 5161 ἱερέως
919 5095 1253 5165 φυλάξεται
1301 5097 1562 5167 γνῶσιν
1615 5101 1717 5156 καὶ

133 5183 324 5252 νόμον
354 5181 798 5253 ἐκζητήσουσιν
838 5185 907 5241 ἐκ
955 5189 1255 5257 στόματος
1290 5189 1477 5244 αὐτοῦ
1504 5207 1516 5221 ·
1563 5192 1715 5246 διότι

134 5274 390 5344 ἄγγελος
435 5276 656 5343 Κυρίου
689 5280 1171 5349 παντοκράτορός
1211 5282 1362 5336 ἐστι.
1423 5284 1716 5338 Μετέλθω-

139 5384 236 5436 μεν
269 5368 365 5419 ἐπὶ
391 5366 452 5420 τὸ
505 5367 872 5437 Εὑαγγέλιονο
918 5370 980 5424 Ὀ
1032 5372 1339 5439 ἀπολύων,
1385 5375 1540 5444 φησὶ,
1599 5376 1714 5443 τὴν

135 5458 389 5528 γυναῖκα
417 5460 626 5525 αὑτοῦ,
672 5463 770 5516 καί
803 5461 1006 5532 γαμῶν
1032 5463 1262 5532 ἑτέραν,
1292 5467 1580 5541 μοιχεύει.
1603 5469 1713 5523 Καὶ

133 5553 318 5620 πάλιν,
357 5553 476 5619 Οὓς
505 5557 537 5608 ὀ
559 5554 704 5624 Θεὸς
736 5555 1117 5623 συνέζευξεν,
1145 5557 1453 5626 ἄνθρωπος
1471 5560 1556 5629 μὴ
1598 5579 1711 5630 χω-

129 5646 346 5715 ριζέτω.
374 5647 537 5700 Ὅσον
567 5647 624 5701 δὲ
660 5649 720 5702 τὸ
765 5649 1024 5718 διάφορον
1048 5650 1216 5721 νόμου
1252 5652 1345 5704 καὶ
1379 5653 1622 5723 χάριτος,
1653 5652 1713 5719 ἐξ

137 5740 315 5792 αὐτῶν
337 5739 445 5793 τῶν
479 5740 654 5808 λόγων
691 5741 785 5795 τοῦ
817 5743 1021 5813 Κυρίου
1077 5744 1357 5814 εἰσόμεθα,
1417 5745 1664 5813 λέγοντος
1693 5763 1706 5777 ⁸

251 5853 423 5908 Exod.
462 5871 548 5918 xx,
592 5854 670 5909 l5.

753 5855 921 5917 "ibid.
959 5856 1008 5910 7.
1085 5858 1104 5887 '
1138 5855 1267 5922 lnto,
1298 5857 1452 5915 l‘rov.
1481 5874 1626 5925 xvtu,
1659 5860 1747 5914 2'3.

1819 4545 1886 4600 ad
1925 4561 2050 4600 eum
2084 4545 2176 4614 qui
2232 4544 2632 4600 sanctissimum
2669 4556 2821 4602 tuum
2861 4557 3028 4617 caput
3072 4551 3387 4605 antecessit.

1817 4635 1884 4690 Et
1917 4636 2190 4704 quomodo
2249 4635 2437 4690 audire
2493 4636 2608 4692 haec
2655 4639 2923 4694 sustineat
2974 4639 3070 4695 Dei
3131 4640 3394 4696 imitatrix

1816 4726 2044 4796 aequitas
2076 4725 2210 4779 tua?
2244 4725 2570 4795 Incipiamus
2598 4727 2744 4782 enim
2786 4744 2816 4782 a
2844 4729 2960 4798 lege
3001 4738 3054 4785 et
3089 4732 3388 4800 prophetis.

1818 4820 1885 4874 Et
1913 4819 2131 4888 quidem
2176 4817 2351 4887 inquit
2380 4836 2394 4872 :
2423 4817 2542 4873 Non
2578 4819 2910 4873 mozcltaberis
2940 4838 2954 4874 :
2987 4819 3109 4874 Non
3164 4821 3392 4892 loqueris

1818 4911 2010 4981 falsum
2039 4910 2391 4965 testimonium
2412 4909 2432 4940 ³
2462 4925 2477 4963 :
2511 4909 2627 4963 Non
2669 4927 2903 4965 assumes
2942 4929 3125 4966 nomen
3178 4912 3392 4967 Domini

1819 5006 1895 5058 tui
1921 5006 1975 5057 in
1991 5020 2186 5057 vanum
2213 5002 2256 5055 ⁸.
2303 5000 2657 5056 EtJeremias
2684 5019 2695 5053 :
2728 5000 2957 5069 Stultus,
2987 5004 3084 5068 ait,
3120 5014 3166 5058 et
3194 5004 3389 5074 impius

1816 5097 1905 5168 qui
1942 5105 2076 5150 tenet
2100 5094 2399 5149 adulteram
2420 5095 2462 5147 ⁸.
2503 5093 2797 5150 Malachias
2820 5110 2948 5150 vero
2981 5114 2994 5150 :
3028 5095 3192 5150 Labia
3217 5115 3390 5151 sacer-

1816 5191 1951 5244 dotis
1975 5189 2262 5243 custodient
2289 5186 2591 5252 scientiam,
2627 5198 2674 5241 et
2699 5186 2862 5256 legem
2902 5188 3166 5258 requirent
3196 5205 3262 5240 ex
3301 5206 3390 5242 ore

1815 5282 1968 5352 ejus:
2000 5281 2124 5350 quia
2150 5279 2365 5349 angelus
2392 5279 2601 5332 Domini
2640 5279 2966 5333 exercituum
3009 5288 3084 5332 est
3114 5278 3156 5331 ‘.
3187 5277 3390 5334 Trans-

1814 5390 2003 5432 eamus
2059 5373 2125 5428 ad
2155 5371 2540 5443 Evangelium:
2574 5369 2895 5439 Quicunque.
2916 5371 3108 5441 inquit,
3134 5372 3388 5425 dimiserit

1815 5484 2028 5523 uxorem
2057 5482 2231 5529 suam,
2263 5474 2310 5518 et
2335 5464 2503 5518 aliam
2534 5465 2764 5530 duxerit,
2796 5465 3084 5519 nnechatur
3104 5465 3146 5517 ".
3181 5465 3246 5518 Et
3273 5481 3391 5517 rur-

1813 5573 1938 5614 sus:
1962 5556 2101 5622 Quos
2124 5555 2261 5609 Deus
2284 5555 2575 5624 conjunxit,
2593 5555 2744 5609 homo
2757 5571 2859 5611 non
2874 5564 3082 5623 separet
3107 5554 3150 5609 ⁸.
3176 5553 3386 5620 Quanta

1813 5665 1944 5705 vero
1984 5648 2056 5705 sit
2085 5647 2392 5703 diﬁ'erentia
2421 5647 2554 5719 legis
2587 5655 2643 5700 et
2668 5647 2875 5718 gratiae,
2907 5662 2974 5701 ex
3009 5646 3140 5716 ipsis
3169 5647 3384 5701 Domini

1816 5739 1994 5796 verbis
2016 5737 2294 5804 discimus,
2320 5736 2410 5807 qui
2431 5738 2543 5791 ait:
2583 5736 2649 5790 Et
2669 5752 2784 5789 ecce
2809 5735 2925 5805 plus
2952 5754 3109 5807 quam
3139 5737 3387 5806 templum

1826 5857 1843 5881 '
1874 5853 2097 5911 )lalach.
2126 5867 2184 5917 ll,
2209 5852 2259 5905 7.
2336 5853 2353 5882 ⁷
2387 5850 2574 5910 Matth.
2601 5867 2710 5916 xix,
2737 5852 2789 5907 9.
2827 5851 2993 5907 llibid.
3028 5852 3081 5906 6.
