3914 6450
525 405 660 468 1023

1711 415 1771 474 S.
1815 414 2214 475 THEODORI
2241 415 2589 475 STUDIT/E

3649 411 3774 474 1024

515 519 600 570 hic
628 519 669 572 ’.
707 516 912 573 Deinde
934 534 999 574 ex
1026 519 1206 576 verbis
1267 520 1507 592 Apostoli
1553 521 1788 579 dicentis
1829 544 1842 580 :
1879 525 2099 578 Irritam

2215 523 2310 576 Kal
2336 523 2468 577 ἰδοὺ
2499 523 2692 578 πλέον
2730 521 2837 578 τοῦ
2881 522 3042 593 ἱεροῦ
3067 517 3185 578 ὧδε
3209 539 3224 554 ·
3258 521 3400 589 εἶτα,
3451 524 3550 578 καὶ
3575 523 3643 577 ἑκ
3672 524 3776 576 τῶν

515 609 632 680 quis
659 609 855 678 faciens
887 610 1051 679 legem
1080 610 1263 682 Moysi,
1285 613 1397 666 sine
1421 613 1532 668 ulla
1565 616 1928 679 miseratione,
1959 617 2095 668 duo-

514 701 608 754 bus
634 701 713 754 vel
743 702 908 755 tribus
935 705 1149 758 testibus
1171 706 1393 759 moritur
1414 723 1432 760 :
1469 717 1667 777 quanta
1697 708 1864 778 magis
1897 708 2097 776 putatis

515 794 780 848 deteriora
828 797 1019 850 mereri
1062 799 1343 866 supplicio,
1380 803 1470 870 qui
1505 799 1707 856 Filium
1745 801 1840 856 Dei
1887 801 2097 856 concul-

516 886 672 949 carit,
703 895 751 940 et
795 888 1105 958 sanguinem
1147 891 1450 944 testamenti
1483 892 1744 962 pollutum
1776 895 2008 961 duxerit,
2045 905 2096 950 et

516 977 734 1044 spiritus
759 979 951 1049 gratiis
989 981 1359 1035 contumeliam
1389 984 1570 1053 fecerit
1597 984 1681 1039 “i

589 1241 717 1296 Haec
747 1241 908 1313 igitur
932 1257 1059 1296 cum
1108 1243 1181 1297 ita
1224 1258 1284 1298 se
1312 1243 1550 1300 habeant
1580 1263 1594 1312 ;
1630 1247 1715 1301 isti
1751 1249 1959 1304 nefaria
1995 1251 2100 1306 lin-

519 1348 622 1404 gua
661 1331 890 1387 Domino
919 1333 1272 1401 reluctantes,
1295 1335 1429 1407 legis
1454 1345 1614 1407 atque
1653 1339 1932 1412 Evangelii
1952 1342 2102 1397 solu-

519 1423 748 1490 tionem,
789 1424 844 1480 id
865 1435 970 1494 est,
993 1427 1156 1496 hujus
1185 1442 1362 1497 nuper
1392 1429 1729 1498 imperatoris
1753 1432 2100 1499 adulterium,

519 1520 635 1589 qui,
663 1519 902 1590 legitima
933 1520 1131 1590 ejecta,
1160 1522 1438 1576 moecham
1470 1523 1721 1580 induxit:
1759 1535 1814 1581 et
1854 1527 1955 1583 hac
1988 1529 2103 1599 ipsa

520 1611 783 1680 majorem
845 1621 901 1667 et
957 1615 1258 1686 graviorem
1306 1615 1674 1685 iniquitatem,
1732 1621 2103 1678 adulterorum

520 1699 731 1756 scilicet
779 1704 1270 1773 coniunctionem:
1327 1717 1550 1775 propter
1596 1707 1791 1764 falsum
1855 1712 2104 1767 testimo-

520 1791 672 1844 nium
704 1794 846 1862 quod
877 1795 1142 1851 adversus
1173 1795 1340 1852 Deum
1379 1799 1541 1854 locuti
1568 1808 1715 1866 sunt,
1749 1802 1866 1870 ejus
1904 1818 2103 1859 nomen

2199 613 2292 668 τοῦ
2319 613 2649 669 Ἀποστόλου
2699 614 2916 683 φωνῶν,
2952 614 3289 685 φάσκοντος⁸
3334 615 3659 682 Ἀθετήσας
3693 632 3779 678 τις

2199 703 2387 772 νόμον
2415 705 2689 771 Μωσέως,
2714 705 2892 774 χωρὶς
2906 706 3243 774 οἰκτιρμῶν,
3264 707 3359 759 ἐπὶ
3383 705 3530 760 δυσί
3553 706 3591 772 ἢ
3623 706 3777 774 τρισί

2195 795 2497 866 μάρτυσιν
2551 797 2954 863 ἀποθνήσκει·
3001 800 3175 863 πόσῳ
3225 797 3452 852 δοκεῖτε
3508 798 3782 866 χείρονος

2200 887 2591 954 ἀξιωθήσεται
2619 891 2965 958 τιμωρίας,ό
2985 891 3092 944 τὸν
3117 890 3254 944 Υίὸν
3284 890 3392 944 τοῦ
3423 889 3575 944 Θεοῦ
3600 905 3779 942 κατα-

2200 979 2475 1047 πατήσας
2505 1022 2521 1047 ,
2581 982 2681 1035 καί
2735 981 2803 1036 τὸ
2871 976 3016 1051 αἷμα
3075 981 3187 1050 τῆς
3237 982 3532 1050 διαθήκης
3582 981 3788 1035 κοινὸν

2202 1070 2604 1140 ἡγησάμενος,
2646 1077 2744 1128 καί
2772 1074 2885 1142 τὴν
2923 1073 3101 1144 χάριν
3149 1074 3256 1129 τοῦ
3298 1077 3651 1145 Πνεύματος
3694 1075 3784 1128 ὲν-

2202 1165 2454 1231 υσρίσας
2475 1183 2494 1229 ,-

2273 1256 2492 1312 Τούτων
2518 1258 2700 1312 τοίνυν
2731 1256 2907 1322 οὕτως
2939 1257 3173 1328 ἐχόντων
3197 1275 3212 1290 ο
3249 1261 3300 1313 al
3356 1261 3498 1330 μετὰ
3529 1261 3783 1331 γλώσσης

2203 1345 2444 1419 ἀθέσμου
2473 1348 2542 1403 τὰ
2576 1349 2710 1420 πρὸς
2729 1349 2935 1422 Κύριον
2966 1349 3342 1419 ἀπειθοῦντες,
3372 1351 3474 1423 τὴν
3503 1352 3664 1406 λύσιν
3695 1352 3782 1406 τοῦ

2203 1455 2264 1493 τε
2296 1440 2462 1511 νόμου
2482 1441 2576 1494 καὶ
2597 1439 2688 1494 τοῦ
2714 1439 3072 1508 Εὑαγγελίου,
3100 1439 3265 1510 ἤγουν
3290 1441 3388 1509 τὴν
3418 1442 3671 1512 μοιχείαν
3695 1439 3782 1494 τοῦ

2205 1531 2336 1600 πρὶν
2391 1532 2786 1602 κρατήσαντος,
2813 1531 2907 1584 ἐπὶ
2941 1533 3008 1602 τῇ
3038 1530 3238 1601 ἐκϐολῇ
3271 1530 3372 1599 τῆς
3405 1532 3668 1603 νομίμου,
3695 1531 3781 1582 καὶ

2205 1622 2488 1674 εἰσοικίσει
2523 1624 2622 1691 τῆς
2655 1620 2994 1692 μοιχαλίδοςο
3027 1621 3122 1675 καὶ
3156 1621 3256 1692 τὴν
3302 1621 3510 1692 ταύτης
3565 1621 3782 1692 μείζονα

2205 1712 2303 1766 καὶ
2332 1712 2720 1784 χαλεπωτέραν
2771 1712 3138 1783 παρανομίαν,
3174 1711 3293 1782 ἦτοι
3347 1712 3448 1782 τὴν
3504 1710 3784 1782 μοιχοζευ-

2210 1804 2326 1870 ξίαν
2347 1822 2362 1836 ο
2397 1805 2490 1858 διά
2517 1804 2578 1858 τὸ
2627 1803 3156 1875 ψευδομαρτυρῆσαι
3211 1802 3351 1857 κατὰ
3384 1802 3545 1866 Θεοῦ,
3600 1803 3697 1855 καὶ
3729 1803 3785 1853 τὸ

522 1883 575 1936 in
606 1883 791 1939 illicita
820 1886 1037 1942 actione
1064 1887 1209 1943 inter
1259 1905 1410 1945 sacra
1439 1894 1700 1962 mysteria
1749 1905 2102 1966 usurpantes,

2215 1897 2398 1949 τούτου
2453 1895 2623 1964 ὖνομα
2672 1894 2857 1949 λαϐεῖν
2889 1895 2979 1948 ἐπὶ
3009 1897 3076 1965 τῇ
3125 1892 3374 1965 ἀθεμίτῳ
3419 1894 3618 1964 πράξει
3650 1892 3788 1946 κατὰ

519 1975 883 2044 victricesqne
914 1978 981 2032 de
1015 1976 1234 2034 Christo
1263 1995 1495 2037 coronas
1516 1984 1778 2040 adulteris
1814 1986 2104 2057 imponen-

520 2073 604 2120 tes
651 2065 704 2119 in
751 2067 867 2137 ipsa
925 2069 1238 2125 divinorum
1306 2087 1598 2130 munerum
1659 2077 2101 2148 participatione,

519 2155 719 2224 quibus
757 2160 977 2229 quidem
1023 2162 1190 2216 veluti
1227 2167 1610 2221 communibus
1639 2178 1689 2223 et
1721 2169 1940 2238 pollutis
1975 2188 2107 2226 eon-

521 2249 802 2304 tumeliam
838 2251 968 2306 fecit
1009 2254 1244 2308 adulteri
1286 2257 1590 2325 capulator,
1624 2262 1872 2330 angelum
1905 2277 1964 2318 se
1995 2279 2103 2318 non

526 2339 616 2394 Dei
670 2345 1083 2414 omnipotentis,
1135 2350 1232 2404 sed
1286 2351 1548 2421 principis
1621 2355 1809 2409 mundi
1866 2355 2103 2425 Satanae,

521 2433 699 2501 reipsa
752 2435 1073 2504 declarans;
1123 2455 1424 2512 omnesque
1471 2460 1598 2509 una,
1629 2448 1718 2515 qui
1755 2449 1880 2505 huic
1926 2459 2107 2507 trans-

524 2523 782 2592 gressioni
807 2529 1171 2596 coaperando,
1207 2547 1435 2602 eamque
1482 2538 1856 2606 approbando,
1895 2552 2104 2611 partem

524 2627 679 2666 suam
710 2630 833 2669 cum
866 2619 1134 2684 adultero,
1167 2631 1223 2676 et
1247 2623 1480 2680 adulteri
1521 2629 1856 2700 eopnlatore,
1906 2650 2106 2704 posue-

524 2714 653 2760 runt
682 2723 697 2770 ;
736 2709 1029 2765 salutarem
1056 2712 1149 2767 Dei
1185 2712 1435 2771 Ecclesia:
1466 2719 1929 2789 dispensationem
1953 2731 2106 2800 apel-

526 2797 746 2868 larunt;
780 2802 920 2857 adeo
944 2803 1153 2859 ﬁrmam
1181 2807 1328 2861 illam
1365 2819 1419 2864 et
1443 2813 1586 2881 apud
1623 2814 1790 2871 Deum
1819 2797 2016 2888 ratam,
2045 2833 2106 2879 ut

525 2908 621 2948 eos
641 2897 731 2964 qui
764 2897 896 2965 ipsis
924 2914 1033 2954 non
1084 2913 1393 2970 cesserunt,
1451 2921 1628 2976 neque
1682 2924 2102 2982 consenserunt,

527 2985 785 3054 synadice
814 2990 1349 3058 anathematizarint,
1370 2997 1572 3052 additis
1610 3003 1924 3066 carceribus
1952 3006 2108 3063 aliis-

525 3089 635 3143 que
689 3079 1000 3148 suppliciis,
1044 3092 1338 3152 propterea
1379 3089 1522 3157 quod
1559 3088 1717 3146 fateri
1748 3093 1926 3150 nolint
1979 3113 2109 3153 san-

2205 1990 2306 2060 τὴν
2346 1989 2756 2060 μυσταγωγίαν.
2782 1989 2894 2043 Kal.
2931 1989 3040 2060 μὴν
3069 1989 3161 2042 καὶ
3185 1987 3372 2043 δοῦναι
3400 1989 3513 2049 τοῖς
3540 2003 3786 2058 μοιχευο-

2210 2082 2389 2153 μίνοις
2412 2084 2729 2154 νικητικοὺς
2753 2081 2895 2135 κατὰ
2927 2079 3166 2153 Χριστοῦ
3192 2082 3316 2144 τοὺς
3351 2079 3677 2148 στεφάνους,
3699 2080 3786 2131 ἐπι

2210 2172 2549 2244 μεθέξειτῶν
2573 2172 2732 2227 θείων
2759 2171 3094 2242 δὼρων,τῶν
3123 2172 3199 2236 ὡς
3234 2171 3428 2227 κοινῶν
3449 2170 3784 2243 ὲνυϐρισθιίν⁸

2206 2284 2313 2320 των
2343 2267 2495 2339 παρὰ
2536 2270 2634 2320 τοῦ
2662 2265 3077 2338 μοιχοξεύκτου,
3109 2265 3206 2320 καὶ
3261 2265 3521 2336 ἀγγέλου,
3583 2266 3645 2320 οὑ
3695 2262 3786 2318 τοῦ

2207 2359 2649 2431 παντοκράτορος
2692 2357 2850 2423 Θεοῦ,
2887 2357 3026 2411 ἀλλὰ
3054 2356 3148 2410 τοῦ
3184 2358 3634 2429 κοσμοκράτορος
3681 2359 3783 2410 Σα-

2206 2453 2363 2517 τανᾶ,
2400 2451 2767 2520 ἁποφανέντος
2788 2449 2932 2504 κατά
2959 2449 3020 2502 τὺ
3037 2449 3263 2520 ἀληθέςο
3298 2448 3379 2504 ἔτι
3409 2450 3516 2522 μὴν
3545 2450 3637 2504 καὶ
3663 2449 3788 2503 πάν-

2207 2560 2315 2597 των
2345 2541 2456 2596 τῶν
2485 2541 2576 2596 διὰ
2632 2541 2942 2614 συνδρομῆς
2974 2542 3068 2595 καὶ
3117 2541 3388 2607 εὐδοκίας,
3446 2544 3504 2596 ὲν
3538 2541 3667 2612 τῇδε
3718 2541 3782 2610 τῇ

2209 2634 2522 2706 παραϐάσει
2561 2634 2662 2704 τὴν
2712 2633 2910 2704 μερίδα
2969 2632 3213 2704 θεμένων
3259 2634 3400 2705 μετὰ
3456 2630 3650 2702 μοιχοῦ
3697 2630 3787 2683 καὶ

2210 2725 2638 2798 μοιχοζεύκτουο
2673 2725 2988 2796 οἰκονομίαν
3047 2728 3315 2796 σωτήριον
3366 2728 3430 2794 τῇ
3488 2723 3788 2793 Ἐκκλησία

2206 2815 2302 2870 τοῦ
2333 2814 2468 2870 Θεοῦ
2499 2815 3015 2887 προσηγορεύκασιο
3039 2815 3293 2868 τοσοῦτον
3318 2814 3521 2884 ὀχυράν
3558 2812 3653 2865 καὶ
3685 2811 3789 2864 Osa-

2208 2906 2456 2978 κύρωτον
2483 2907 2860 2978 ὑπάρχουσαν,
2899 2907 2973 2970 ὡς
3001 2907 3127 2969 τοὺς
3160 2906 3235 2974 μὴ
3259 2904 3510 2967 εἴξαντας
3535 2903 3632 2955 καὶ
3666 2918 3788 2955 συν-

2210 2997 2473 3068 θεμένους
2516 2997 2719 3060 αὑτοῖς,
2769 2995 3072 3065 άναθέματι
3126 2992 3421 3055 συνοδικῶς
3472 2991 3786 3052 ὑποϐαλεῖν,

2214 3089 2353 3162 μετὰ
2376 3087 2653 3158 φυλακῶν,
2682 3087 2775 3141 καὶ
2805 3083 3403 3156 ἑτέρων-παθημάτων,
3433 3083 3510 3147 ὡς
3537 3083 3616 3153 μὴ
3647 3083 3792 3152 δεξα-

524 3175 676 3222 ctum
695 3185 835 3241 opus
858 3173 1046 3240 fuisse,
1071 3176 1380 3236 istiusmodi
1408 3182 1870 3252 dispensationem
1901 3209 1914 3244 :
1949 3190 2105 3257 Audi,

2216 3181 2409 3252 μένους
2438 3181 2642 3248 ταύτην
2691 3178 2792 3245 τὴν
2836 3178 3150 3249 οἰκονομίαν
3202 3177 3578 3248 άγιόπρακτον
3629 3175 3788 3231 εἶναι.

529 3261 740 3327 calum,
758 3265 832 3318 ait
857 3265 1048 3333 Isaias,
1079 3278 1129 3322 et
1158 3273 1377 3327 auribus
1395 3278 1621 3344 percipe,
1658 3287 1822 3346 terra,
1853 3287 2102 3353 quoniam

528 3352 786 3410 Dominus
816 3357 1016 3413 locutus
1045 3371 1119 3414 est
1153 3363 1217 3416 “.
1248 3363 1356 3419 Nos
1387 3381 1516 3420 vero
1572 3369 1809 3427 humiles
1859 3352 2007 3431 nunc
2038 3378 2104 3431 ad

530 3455 623 3502 te:
656 3447 817 3515 Audi,
869 3467 1125 3522 magnum
1178 3456 1269 3512 Dei
1323 3468 1506 3528 caput,
1538 3469 1591 3516 et
1633 3465 1857 3520 auribus
1885 3469 2107 3539 percipe

529 3553 647 3607 qua
676 3541 907 3596 Satanas
931 3544 1148 3600 molitus
1180 3554 1284 3602 est.
1318 3545 1372 3602 Si
1402 3550 1547 3604 enim
1588 3567 1652 3606 ex
1690 3551 1785 3609 Dei
1827 3557 2107 3614 voluntate

530 3638 588 3686 et
614 3642 751 3686 nutu
780 3644 957 3689 etetus
1008 3637 1116 3701 ille,
1158 3645 1214 3692 et
1262 3641 1632 3697 anathematis
1683 3649 2104 3715 pronuntiatio:

537 3723 626 3777 Dei
663 3725 906 3794 profecto
934 3727 1020 3783 lex
1069 3745 1178 3784 non
1208 3740 1312 3795 est,
1349 3748 1453 3789 nec
1495 3737 1796 3806 prophetae,
1832 3755 1955 3794 cum
1984 3742 2111 3812 qui-

532 3813 636 3867 bus
662 3824 717 3869 et
740 3814 1073 3880 Prsrcursor,
1101 3822 1195 3889 qui
1220 3822 1528 3878 adulterum
1570 3828 1927 3896 reprehendit
1959 3847 1974 3897 ;
2005 3848 2108 3887 nec

533 3907 909 3978 Evangelium.
943 3920 1128 3966 contra
1159 3914 1302 3982 quod
1334 3913 1422 3968 isti
1459 3931 1613 3970 suam
1646 3918 1789 3973 illam
1822 3930 2108 3993 tantopere

533 3999 840 4055 adamatam
865 4002 1321 4072 dispensationem
1347 4004 1615 4063 fecerunt.
1638 4007 1772 4064 Nam
1800 4012 1842 4066 si
1863 4013 2106 4082 ejusdem

533 4107 656 4148 esse
694 4093 847 4149 aiunt
873 4112 888 4160 ;
916 4097 1143 4151 alterum
1179 4098 1409 4153 duorum
1440 4115 1662 4157 necesse
1689 4114 1809 4158 est:
1845 4115 2110 4162 autmen-

533 4182 723 4236 dacem
752 4182 1029 4238 Christum
1062 4194 1325 4249 statuent.
1355 4189 1448 4258 qui
1486 4190 1613 4244 olim
1644 4194 1862 4261 quidem
1896 4195 1948 4248 in
1973 4213 2111 4266 pro-

534 4274 714 4343 phetis
744 4274 958 4330 locutus
984 4286 1089 4343 est,
1112 4287 1168 4332 et
1200 4278 1375 4351 legem
1409 4281 1579 4347 dedit,
1622 4299 1768 4339 nunc
1795 4295 1980 4342 autem
2012 4305 2113 4359 per

535 4365 775 4434 scipsuut
816 4366 872 4420 in
911 4367 1245 4439 Evangelia:
1293 4379 1389 4426 aut
1442 4389 1715 4442 veracem,
1744 4377 1819 4432 uti
1856 4388 2005 4435 certe
2029 4391 2114 4436 est

534 4454 651 4524 ipsa
695 4456 942 4513 veritas:
975 4458 1121 4528 ipsos
1149 4475 1282 4515 vero
1332 4464 1577 4531 mentiri,
1626 4475 1678 4520 et
1731 4466 1825 4522 Dei
1861 4470 2118 4526 crimina-

2217 3273 2444 3336 Ἄκουε,
2471 3269 2708 3339 οὐρανέ,
2727 3271 2893 3340 φησὶν
2923 3270 3169 3335 Ἡσαΐας,
3194 3267 3291 3322 καί
3312 3266 3609 3334 ἐγωτίζου,
3626 3269 3667 3336 ἡ
3696 3267 3812 3338 τῆ..

2212 3360 2303 3415 ὅτι
2333 3361 2547 3428 Κύριος
2573 3359 2904 3428 ἐλάλησεν.
2933 3359 3126 3430 Ἡμεῖς
3151 3357 3207 3411 δὲ
3233 3358 3284 3411 οἰ
3311 3357 3548 3421 εὐτελεῖς
3572 3359 3712 3429 πρὸς
3737 3358 3793 3410 σὲ

2212 3453 2396 3508 τανῦν·
2419 3454 2640 3519 Ἄκουε,
2669 3454 2703 3524 ἡ
2738 3452 2948 3524 μεγάλη
2989 3450 3081 3504 τοῦ
3113 3449 3247 3504 Θεοῦ
3277 3450 3510 3522 κεφαλὴ,
3542 3449 3639 3502 καὶ
3673 3450 3796 3501 tm.

2212 3545 2364 3609 τίζου
2405 3544 2442 3599 ἃ
2473 3547 2502 3597 ὁ
2534 3545 2782 3607 Σατανᾶς
2838 3543 3237 3614 ἀπειργάσατο.
3299 3542 3364 3596 Εἰ
3423 3543 3607 3594 τοίνυν
3653 3540 3795 3592 κατὰ

2215 3636 2351 3691 Θεοῦ
2379 3637 2633 3709 βούλησιν
2662 3637 2756 3690 καὶ
2783 3635 3054 3706 ἀποδοχὴν
3085 3639 3119 3707 η
3156 3634 3506 3703 συνάθροισις
3559 3631 3726 3700 αὕτη,
3759 3632 3794 3700 ﬁ

2213 3749 2274 3786 τε
2307 3728 2777 3800 ἀναθεματιστικὴ
2811 3730 3124 3797 ἀπόφασιςο
3177 3727 3239 3779 οὑ
3268 3724 3403 3779 Θεοῦ
3454 3727 3484 3778 ὁ
3512 3725 3678 3795 νόμος
3711 3723 3800 3795 δη-

2217 3823 2424 3877 λονότι·
2472 3822 2525 3874 οῖ
2564 3837 2626 3874 τε
2667 3823 2968 3890 προφῆται,
3017 3818 3135 3889 μεθ’
3182 3811 3257 3871 ὧν
3292 3819 3320 3870 ὀ
3353 3815 3676 3886 Πρόδρομος
3724 3816 3799 3878 ὡς

2220 3909 2642 3982 μοιχοελέγκτης
2661 3924 2676 3939 ο
2713 3902 2829 3960 εἶτα
2855 3909 2951 3960 καὶ
2982 3907 3046 3959 τὸ
3070 3905 3426 3974 Εὑαγγέλιον,
3453 3904 3588 3974 παρ’
3610 3904 3638 3957 ὃ
3665 3906 3802 3958 ὲκεί-

2218 4003 2477 4074 νοιφίλην
2509 4003 2607 4073 τὴν
2655 4000 2970 4071 οἰκονομίαν
3005 3999 3184 4054 αὐτῶν
3215 3998 3561 4066 πεποίηνται.
3594 3997 3659 4051 Εἰ
3693 3997 3801 4068 γὰρ

2220 4097 2378 4164 φαῖεν
2409 4093 2504 4146 τοῦ
2541 4091 2706 4145 αὑτοῦ
2727 4110 2741 4124 ο
2774 4092 2920 4145 δυοῖν
2951 4091 3179 4161 θάτερον
3200 4106 3215 4120 ο
3262 4090 3295 4160 ἢ
3331 4089 3682 4160 ψευδηγὸρον
3711 4090 3802 4142 τδιν

2219 4183 2473 4256 Χριστὸν,
2506 4183 2676 4236 πάλαι
2710 4181 2811 4252 μὲν
2849 4183 2909 4235 ὲν
2938 4183 3053 4245 τοῖς
3103 4183 3413 4253 προφήταις
3461 4181 3801 4253 λαλήσαντα.

2221 4277 2317 4330 καὶ
2345 4274 2808 4347 νομοθετήσαντα,
2863 4271 3037 4327 νῦνδδ
3087 4271 3156 4326 δι’
3187 4272 3380 4326 ἑαυτοῦ
3409 4273 3466 4326 ὲν
3503 4272 3582 4342 τῷ
3625 4271 3805 4339 Εὐαγ-

2222 4367 2408 4438 γελίῳ,
2470 4364 2908 4436 άποφανοῦνταγ
2949 4365 2983 4435 ἦ
3017 4363 3370 4434 ἀληθεύοντα,
3407 4363 3601 4434 ὥσπερ
3654 4363 3808 4415 ἐστὶν

2224 4459 2388 4522 αὑτὸς
2430 4460 2464 4529 ἠ
2500 4457 2755 4528 άλήθειω
2804 4457 3004 4519 αὐτοὺς
3040 4455 3368 4526 ψεύδεσθαι,
3424 4455 3520 4507 καὶ
3578 4454 3806 4508 θεοκατ-

537 4554 682 4601 tores
699 4560 1118 4618 consequenter,
1139 4552 1352 4608 ostendi
1376 4571 1389 4608 :
1411 4565 1572 4626 atque
1592 4557 1712 4612 ideo
1732 4560 2108 4626 anathematis,

2222 4553 2462 4622 ηγόρους
2486 4547 2936 4628 ὲναποδειχθῆναι
2963 4547 3268 4617 ἀραρότως·
3299 4545 3399 4599 καὶ
3422 4545 3510 4598 διὰ
3533 4543 3696 4598 τοῦτο
3713 4544 3807 4597 τοῦ

534 4638 681 4708 quod
710 4649 899 4694 contra
924 4639 1202 4696 Christum
1249 4655 1583 4716 sanctosque
1604 4650 1723 4718 ejus
1748 4651 2114 4719 protulerunt,

535 4745 660 4785 reas
677 4746 820 4798 esse,
845 4741 906 4786 ut
932 4733 1025 4803 qui
1057 4734 1412 4800 adulterium,
1435 4738 1917 4810 adulterarumque
1948 4757 2116 4813 eapu-

538 4822 819 4888 lationem,
871 4833 925 4879 et
950 4824 1325 4882 adulterorum
1354 4831 1796 4886 communionem
1833 4847 1957 4888 esse
1987 4849 2118 4889 can-

538 4919 776 4978 ﬁrment.

606 5011 719 5066 Nec
745 5011 904 5067 aliter
938 5028 997 5069 se
1043 5029 1132 5069 res
1171 5015 1336 5070 habet
1373 5035 1387 5072 :
1425 5015 1543 5071 Non
1595 5019 1734 5072 enim
1777 5027 1851 5074 est
1888 5023 2120 5091 acceptio

539 5120 884 5173 personarum
913 5108 1055 5176 apud
1081 5107 1251 5162 Deum
1270 5110 1339 5173 η,
1373 5109 1514 5164 sicut
1536 5110 1781 5166 indicant
1808 5111 2116 5182 Mmchiani,

540 5199 630 5267 qui
665 5199 785 5267 ejus
816 5200 963 5270 leges
985 5200 1240 5256 omnibus
1266 5216 1333 5257 ex
1363 5219 1519 5273 aequo
1548 5205 1753 5274 positas
1780 5216 1999 5277 negant,
2025 5209 2121 5264 sed

541 5291 594 5343 in
630 5291 849 5361 regibus
881 5307 1098 5348 cessare
1126 5308 1219 5348 eas
1256 5296 1765 5354 comminiscuntur.
1802 5297 1864 5352 Et
1901 5299 2119 5355 ubinam

541 5394 624 5438 est
657 5401 842 5455 regum
881 5385 1273 5456 Evangelium?
1303 5387 1409 5442 Sed
1435 5388 1599 5458 impie
1632 5389 1707 5443 illi
1743 5406 1967 5460 prorsus
1992 5407 2121 5463 ege—

544 5483 694 5540 runt,
719 5490 828 5530 non
855 5474 1221 5547 intelligentes
1249 5476 1394 5546 quod
1426 5475 1563 5530 Deus
1591 5477 1813 5531 hominis
1844 5495 2121 5546 personam

547 5580 650 5619 non
676 5566 868 5637 accipit
889 5566 957 5632 η,
986 5566 1444 5637 quemadmodum
1479 5577 1706 5624 testatur
1730 5578 1951 5624 sanctus
1977 5569 2124 5641 Apa-

546 5656 754 5726 stolus;
799 5673 979 5734 neque
1019 5659 1162 5731 quod
1211 5659 1354 5717 idem
1403 5675 1503 5732 per
1552 5676 1724 5716 unum
1767 5675 1798 5717 e
1835 5660 2123 5734 praebetis

627 5863 648 5894 ⁹
680 5862 870 5922 Matth.
896 5880 990 5932 xu,
1024 5865 1074 5917 6.
1155 5867 1196 5898 '°
1233 5865 1395 5923 llebr.
1426 5884 1476 5932 ι,
1515 5866 1600 5922 Ξ8.
1685 5867 1726 5900 ’⁸
1753 5865 1854 5922 lsa.
1893 5884 1928 5933 1,
1953 5868 2006 5921 2.

2224 4619 2588 4711 άναθέματος,
2614 4636 2674 4697 οὗ
2697 4640 2841 4695 κατὰ
2865 4619 3104 4712 Χριστοῦ
3129 4637 3224 4692 καὶ
3254 4635 3363 4690 τῶν
3414 4635 3589 4703 άγίων
3637 4635 3805 4689 αὑτοῦ

2226 4736 2575 4806 ἀπεφήνατο,
2632 4732 2771 4789 εἰναι
2809 4733 3170 4799 ὑπευθύνους,
3200 4729 3679 4802 βεϐαιωσαμένους
3709 4731 3808 4798 τὴν

2228 4828 2494 4899 μοιχείαν,
2546 4827 2643 4881 καὶ
2690 4826 3107 4899 μοιχοζευξίαν,
3147 4823 3243 4879 καὶ
3292 4820 3805 4894 μοιχοσυνδρομίαν,

2225 4920 2539 4990 οἰκονομίαν
2559 4919 2695 4973 Θεοῦ
2725 4920 2822 4973 καὶ
2852 4918 3044 4987 ἁγίων.

2298 5015 2407 5068 Καὶ
2428 5012 2656 5077 ἀλλοίως
2679 5013 2780 5066 οὐκ
2808 5010 2975 5066 ἐστιν.
3037 5010 3119 5063 Οὐ
3167 5006 3278 5079 γὰρ
3321 5005 3808 5074 προσωποληψιά

2227 5112 2386 5180 παρά
2413 5106 2494 5175 τῷ
2525 5106 2644 5173 Θεῷ
2668 5122 2682 5138 ο
2715 5107 2791 5168 ὠς
2812 5101 3257 5158 ὑποδεικνύουσιν
3285 5099 3336 5153 al
3366 5098 3710 5168 Μοιχειανοὶ,
3738 5095 3806 5166 μί·

2227 5202 2422 5273 ἐπίσης
2452 5200 2577 5263 τοὺς
2607 5197 2805 5269 νόμους
2855 5192 3020 5249 αὑτοῦ
3055 5192 3266 5247 κεῖσθαι
3317 5189 3410 5244 ἐπὶ
3440 5190 3632 5252 πᾶσιν,
3691 5188 3791 5242 ἀλλ

2228 5296 2319 5349 ἐπὶ
2348 5294 2456 5348 τῶν
2488 5292 2775 5364 βασιλέων,
2833 5290 2909 5354 ὦς
2940 5303 3127 5359 φησιν,
3163 5283 3468 5355 ὑποχωρεῖν
3499 5282 3594 5335 καὶ
3631 5297 3808 5334 statva-

2225 5385 2535 5456 τομεῖσθαι.
2575 5384 2689 5438 Καὶ
2738 5380 2840 5436 ποῦ
2869 5381 2931 5434 τὸ
2974 5379 3084 5433 τῶν
3115 5376 3380 5449 βασιλέων
3432 5373 3804 5441 Εὑαγγὲλιον;

2225 5475 2368 5530 Ἀλλ’
2394 5475 2560 5538 ὅντως
2592 5472 2901 5545 ἠσεϐήκασι
2931 5469 3072 5537 λίαν,
3110 5469 3186 5541 μὴ
3222 5466 3517 5530 συνιέντες,
3547 5464 3634 5516 ὅτι
3662 5463 3808 5526 Θεὸς

2227 5571 2553 5639 πρόσωπον
2609 5564 2926 5634 ἀνθρώπου
2977 5565 3049 5618 οὐ
3097 5559 3405 5632 λαμϐάνει,
3464 5555 3610 5611 καθὰ
3640 5555 3750 5628 ἔφη
3781 5557 3808 5608 ὁ

2227 5661 2370 5734 ἰερὸς
2411 5659 2778 5722 Ἀπόστολος·
2839 5654 2964 5727 μηδ’
3018 5654 3104 5709 ὅτι
3151 5655 3181 5708 ὁ
3226 5652 3388 5715 αὑτὸς
3429 5649 3496 5705 δι’
3525 5647 3650 5714 ἑνὸς
3702 5647 3807 5703 τῶν

2119 5867 2159 5897 ¹²
2204 5866 2360 5922 Rom.
2396 5880 2454 5927 ιι,
2506 5865 2585 5919 ll.
2670 5863 2709 5895 ³³
2749 5861 2930 5922 Calat.
2963 5874 3023 5921 ll,
3067 5857 3117 5910 6.
