3914 6492
159 432 302 501 1025

1370 447 1906 510 EPISTOLARUM
1938 451 2084 515 LIB.
2127 452 2176 512 Ι.

3260 444 3397 512 1026

147 549 473 621 προφητῶν,
525 551 826 619 ταλανίζων
865 557 1086 625 αὐτοὺς,
1130 560 1314 630 λέγει·
1389 565 1575 635 Ὑμεῖς
1607 572 1718 622 οὐκ

1837 570 1971 638 ipsos
2009 570 2299 640 increpans
2326 569 2402 626 ait
2458 588 2473 625 :
2513 568 2607 625 Vos
2637 583 2739 622 non
2783 566 3027 622 servastis
3052 563 3167 621 uias
3211 583 3396 632 meas,

149 642 495 712 ἐφυλάξατε
519 646 626 713 τὰς
637 647 810 714 ὁδούς
824 667 965 718 μου,
990 651 1126 706 ἀλλ’
1145 654 1505 725 ἐλαμϐάνετε
1531 661 1722 727 πρόσ-

152 749 283 786 ωπα
318 734 390 787 ἐν
417 736 600 806 νόμῳ.
644 739 790 808 Οὐχὶ
816 741 959 808 Θεὸς
980 738 1067 809 εἵς
1091 743 1333 801 ἔκτισεν
1353 748 1543 818 unde;
1573 749 1721 819 Οὐχί

153 829 359 899 Πατὴρ
378 824 466 898 εἷς
489 833 733 887 πάντων
759 835 958 905 ὐμῶν;
1010 840 1216 911 Γράφει
1239 842 1296 896 δὲ
1340 845 1436 898 καὶ
1466 845 1721 916 Σολομὼν

151 917 274 970 τάδε
298 933 313 947 ·
359 919 689 975 ’Δκούσατε
715 916 848 988 οὖν,
875 925 1181 994 βασιλεῖς,
1199 931 1298 984 καὶ
1339 933 1576 987 σύνετε.
1610 933 1722 989 Καὶ

156 1006 274 1073 μεθ’
300 1006 468 1076 ἕτερα
486 1024 501 1039 ’
525 1008 653 1063 Ὀτι
673 1012 959 1080 ὑπηρέται
980 1014 1150 1083 ὄντες
1169 1017 1278 1086 τῆς
1301 1020 1410 1075 τοῦ
1440 1021 1722 1090 Ὑψίστου

146 1098 493 1165 βασιλείας,
525 1103 636 1156 οὐκ
660 1103 931 1172 ἐκρίνατε
959 1107 1144 1175 ὀρθῶς
1163 1150 1179 1176 ,
1217 1111 1360 1165 οὐδὲ
1386 1111 1725 1181 ἐφυλάξατε

153 1188 364 1257 νόμον,
407 1191 548 1245 οὺδέ
567 1194 718 1248 κατὰ
734 1194 848 1265 τὴν
877 1198 1125 1267 βουλὴν
1160 1200 1267 1255 τοῦ
1293 1203 1442 1258 Οεοῦ
1482 1204 1727 1272 ἐπορεύ-

154 1281 316 1347 θητε.
344 1281 606 1350 Φρικτῶς
631 1287 728 1339 καί
757 1288 984 1356 ταχέως
1009 1289 1398 1356 ἐπιστήσεται
1427 1293 1590 1363 ὑμῖν,
1635 1293 1726 1348 ὅτι

157 1373 359 1440 κρίσις
379 1374 678 1446 ἀπότομος
709 1379 777 1432 ἐν
813 1379 935 1447 τοῖς
977 1382 1339 1452 ὑπερέχουσι
1370 1386 1611 1455 γίνεται.
1643 1387 1727 1440 Οὐ

156 1465 267 1532 τὰρ
285 1467 708 1522 ὐποστελεῒται
731 1473 1055 1538 πρόσωπον
1074 1477 1108 1527 ὁ
1131 1472 1372 1528 πάντων
1394 1476 1726 1543 Δεσπότης.

160 1556 330 1610 Πάλιν
377 1557 434 1610 δὲ
464 1559 545 1610 ὅτι
579 1559 673 1612 καὶ
704 1561 823 1613 ὅλον
853 1562 914 1615 τὸ
944 1564 1278 1633 Εὑαγγέλιον
1313 1566 1403 1620 διά
1438 1566 1548 1620 τῶν
1587 1567 1728 1636 φθα-

162 1649 373 1701 σάντων
400 1651 759 1722 παρανομιῶν
794 1653 1130 1726 ἡθετήκασιν
1154 1698 1169 1724 ,
1203 1651 1248 1711 ὦ
1290 1657 1412 1729 ἱερά
1459 1659 1556 1713 καὶ
1611 1657 1731 1713 θεία

161 1739 371 1808 κορυφή
393 1754 409 1769 ·
467 1738 590 1791 ἐπεὶ
628 1741 723 1794 καὶ
753 1740 811 1795 ἒν
867 1743 1125 1815 ἀνόμημα
1161 1747 1323 1818 ἀρκεῖ
1374 1748 1464 1801 τὸν
1497 1747 1729 1803 καθόλου

160 1829 325 1898 νόμον
362 1829 684 1900 ἀνατρέψαι.
716 1833 895 1888 Πᾶσαι
945 1837 1054 1905 γὰρ
1078 1837 1321 1906 ἀλλήλων
1355 1838 1592 1909 ἔχονται,
1633 1857 1732 1910 φη-

163 1917 246 1969 σὶν
270 1920 299 1970 ό
351 1898 522 1986 μέγας
555 1918 853 1989 Βασίλειος,
885 1898 1225 1980 αίὲντολαί·
1264 1927 1338 1991 ὡς
1459 1931 1526 1998 τῇ
1579 1898 1730 1982 λύοέι
1762 1898 1806 1952 Β

161 2007 258 2076 τῆς
304 2010 457 2077 μιᾶς,
503 2011 597 2063 καὶ
627 2011 720 2074 ta;
751 2011 944 2077 λοιπάς
979 2014 1036 2082 ἐξ
1062 2016 1307 2088 ἀνάγκης
1367 2017 1734 2086 συγκαταλύε-

163 2096 316 2149 σθαι·
349 2097 448 2150 οὐκ
475 2098 531 2165 ἐξ
565 2100 760 2154 ἑαυτοῦ
785 2101 962 2169 τοῦτο,
998 2104 1114 2158 ἀλλ’
1144 2107 1208 2160 ὲκ
1229 2105 1322 2161 τοῦ
1357 2106 1732 2177 φθεγγομένου

161 2188 218 2239 ὲν
256 2187 408 2259 αὐτῷ
455 2190 692 2260 Χριστοῦ
746 2191 958 2260 λέγων’
1026 2195 1085 2259 ὃς
1115 2214 1283 2268 φησι,
1347 2197 1474 2264 Πᾶς
1503 2202 1536 2253 ό
1569 2200 1736 2253 λύων

154 2277 306 2348 μίαν
336 2275 452 2330 τῶν
471 2277 737 2334 ἐντολῶν
756 2282 984 2337 τούτων
1014 2283 1134 2338 τῶν
1172 2287 1530 2354 ἐλαχίστων,
1559 2283 1736 2355 οὗτος

160 2367 484 2438 ἐλάχιστος
513 2371 882 2439 κληθήσεται
903 2375 972 2429 ἐν
1012 2375 1084 2446 τῇ
1104 2377 1393 2446 ,Βασιλείᾳ
1409 2377 1528 2432 τῶν
1557 2382 1736 2446 οὐρα-

161 2454 288 2508 νῶν
309 2473 324 2488 ·
343 2456 585 2528 δηλονότι
613 2459 1004 2532 ἀπολλύμενος.
1045 2465 1154 2518 Kal
1173 2467 1201 2519 ό
1230 2463 1519 2529 θεσπέσιος
1557 2466 1738 2520 Ἰάκω-

161 2546 278 2610 ϐος·
310 2549 540 2616 Ὅστις,
573 2551 728 2620 φησὶ,
750 2552 982 2607 τελέσει
1006 2554 1155 2609 ὅλον
1180 2556 1289 2610 τὸν
1324 2559 1533 2627 νόμον,
1565 2557 1738 2611 πταί-

161 2653 257 2692 σει
286 2639 355 2692 ea
392 2641 462 2692 ὲν
487 2640 598 2709 ἐνὶ,
629 2641 833 2712 γέγονε
861 2645 1102 2700 πάντων
1157 2648 1389 2718 ἔνοχος.

214 2730 519 2787 Δελύκασιν
534 2729 627 2787 οὖν
643 2736 886 2792 Παλαιὰν
901 2739 996 2792 καὶ
1010 2736 1457 2814 ΝέανΔιαθήκην,
1471 2738 1515 2797 ὧ
1530 2744 1736 2817 μάκαρ,

159 2825 249 2880 διὰ
309 2825 409 2896 τῆς
445 2825 676 2892 λύσεως,
729 2830 791 2884 οὐ
823 2829 932 2884 τῶν
961 2832 1257 2902 ἐλαχίστων
1277 2871 1293 2898 ,
1325 2834 1463 2889 ἀλλά
1516 2837 1610 2889 καὶ
1632 2837 1741 2892 τῶν

164 2917 443 2984 μεγίστων
463 2919 692 2972 ἐντολῶν
721 2921 952 2992 Κυρίου·
980 2923 1144 2994 νόμον
1162 2924 1305 2979 κατά
1321 2926 1487 2998 νόμου
1511 2928 1741 2999 εὐαγγε-

160 3008 315 3062 λι.κοῦ
334 3010 705 3076 ὲκτεθεικότες
730 3015 778 3067 οἱ
804 3014 1055 3080 τάλανες,
1088 3017 1150 3071 τὺ
1179 3017 1428 3089 βούλημα
1452 3021 1560 3074 τῶν
1588 3021 1742 3091 βασι-

160 3101 297 3154 λέων
321 3103 638 3172 προκρίνειν
661 3102 798 3159 Θεοῦ
820 3107 1022 3161 ὁπόταν
1043 3107 1337 3178 βούλοιντο.
1368 3111 1655 3167 Βούλονται
1683 3113 1743 3168 δὲ

1821 660 1914 714 sed
1962 661 2235 730 accepistis
2285 663 2471 734 faciem
2518 662 2573 714 in
2620 659 2750 730 lege.
2799 657 3051 727 Nunquid
3096 673 3198 710 non
3262 655 3401 711 Deus

1823 767 1957 804 unus
1989 753 2185 805 creavit
2215 752 2352 808 vos?
2395 751 2630 822 nunquid
2661 765 2764 803 non
2795 757 2949 818 pater
2992 764 3129 801 unus
3169 749 3402 801 omnium

1823 848 2066 895 vestrum
2087 841 2170 896 "2
2202 843 2458 898 Salomon
2486 853 2667 897 autem
2703 841 2788 895 his
2816 839 3036 894 verbis:
3067 839 3280 904 Audite,
3316 855 3402 892 re-

1823 949 1932 1002 ges,
1972 941 2022 987 et
2067 933 2435 1005 intelligite".
2481 932 2549 986 Et
2590 940 2714 1002 post
2756 930 2861 985 alia
2908 947 2922 984 :
2974 930 3236 995 Quoniam
3286 945 3403 982 cum

1823 1023 2000 1078 essetis
2029 1024 2258 1078 ministri
2321 1025 2465 1095 regni
2499 1022 2764 1088 altissimi,
2809 1038 2913 1077 non
2936 1031 3072 1076 recte
3099 1021 3400 1090 judicastis,

1825 1131 1918 1169 nec
1960 1116 2259 1170 custodistis
2310 1116 2493 1187 legem,
2547 1131 2710 1185 neque
2750 1114 3035 1169 secundum
3081 1111 3405 1166 voluntatem

1822 1204 1922 1261 Dei
1966 1207 2299 1262 ambulastis.
2336 1207 2606 1262 Horrende
2653 1215 2701 1260 et
2763 1206 2865 1259 cito
2906 1204 3178 1274 apparebit
3218 1203 3359 1256 vobis
3384 1215 3403 1254 :

1825 1302 2074 1371 quoniam
2113 1300 2374 1370 judicium
2421 1299 2764 1353 durissimum
2801 1298 2856 1350 in
2905 1296 2982 1350 his
3033 1296 3123 1366 qui
3169 1300 3406 1365 prasunt

1825 1393 1932 1462 ﬁet.
1966 1392 2086 1446 Non
2119 1394 2257 1447 enim
2297 1392 2565 1446 subtrahet
2610 1404 2888 1456 personam
2928 1388 3237 1457 cujusquam
3297 1384 3406 1438 Do-

1828 1483 2000 1536 minus
2035 1483 2266 1537 omnium
2292 1482 2356 1534 “.
2387 1479 2508 1535 Jam
2539 1494 2672 1535 vero
2701 1478 2846 1549 quod
2871 1485 2926 1532 et
2958 1485 3128 1532 totum
3160 1475 3408 1546 Evange-

1828 1575 1959 1630 lium
2001 1573 2223 1630 nefariis
2273 1572 2420 1627 ausis
2491 1570 2786 1635 violarunt,
2852 1584 2885 1624 ο
2915 1583 3130 1623 sacrum
3173 1575 3229 1620 et
3268 1563 3409 1620 divi-

1829 1682 1961 1721 num
2006 1674 2188 1736 caput,
2237 1662 2588 1718 manifestum
2636 1670 2741 1726 est,
2800 1659 3068 1730 siquidem
3118 1667 3406 1728 peccatum

1830 1755 2028 1813 sufficit
2068 1755 2136 1809 ad
2165 1753 2516 1809 evertendam
2560 1760 2729 1807 totam
2776 1751 2972 1822 legem.
3014 1748 3211 1803 Omnia
3258 1745 3408 1801 enim

1830 1846 2086 1902 mandata
2132 1851 2322 1898 mutuo
2370 1855 2618 1897 connexa
2665 1846 2816 1905 sunt,
2864 1846 2918 1893 et
2960 1835 3063 1891 sibi
3110 1835 3407 1896 cohaerent,

1833 1938 1910 1992 ait
1954 1949 2182 2007 magnus
2234 1931 2488 1997 Basilius,
2544 1931 2617 1985 ita
2671 1939 2751 1995 ut,
2806 1943 2916 1982 uno
2947 1930 3144 1990 soluto,
3199 1924 3409 1994 reliqua

1833 2029 2000 2084 etiam
2047 2025 2180 2082 solvi
2229 2037 2456 2079 necesse
2504 2022 2613 2077 sit:
2663 2036 2774 2075 non
2811 2035 2880 2074 ex
2933 2033 2991 2072 se
3041 2018 3184 2087 ipso,
3236 2014 3331 2069 sed
3378 2031 3410 2070 a

1833 2120 2051 2176 Christo
2075 2116 2205 2172 dicit
2234 2119 2285 2168 in
2312 2114 2430 2184 ipso
2487 2113 2742 2182 loquente
2790 2129 2806 2166 :
2845 2109 3153 2179 Quicunque
3195 2107 3409 2161 solverit

1834 2227 1995 2266 unum
2023 2210 2085 2264 de
2125 2206 2390 2263 mandatis
2420 2205 2532 2259 istis
2568 2202 2823 2269 minimis,
2867 2201 2950 2254 hic
2982 2199 3228 2254 minimus
3259 2212 3415 2250 voea-

1837 2304 1978 2358 bitur
2015 2303 2069 2354 in
2099 2314 2255 2369 regno
2319 2297 2565 2350 caelorum
2591 2295 2671 2358 ‘7;
2714 2295 3002 2349 damnatus
3045 2291 3277 2346 scilicet.
3345 2289 3413 2344 Et

1836 2394 2028 2449 beatus
2073 2389 2307 2445 Jacobus
2353 2405 2367 2442 :
2421 2380 2744 2457 Quicunque,
2770 2386 2865 2450 ait,
2908 2394 3073 2440 totam
3097 2383 3258 2452 legem
3289 2396 3402 2436 ser-

1837 2485 2058 2547 uaverit,
2097 2483 2324 2552 offendat
2365 2491 2546 2536 autem
2591 2481 2647 2534 in
2687 2495 2812 2544 uno,
2856 2478 3026 2548 [actus
3071 2482 3144 2528 est
3178 2474 3412 2528 omnium

1838 2594 1957 2633 reus
1977 2575 2043 2629 “.

1909 2748 2201 2805 Solverunt
2230 2747 2412 2817 itaque
2445 2743 2616 2802 Vetus
2647 2751 2702 2800 et
2726 2744 2945 2800 Novum
2975 2743 3409 2805 Testamentum,

1840 2857 1874 2897 ο
1903 2843 2080 2906 beate,
2109 2839 2301 2895 solutis
2328 2854 2436 2893 non
2479 2836 2742 2904 minimis,
2786 2837 2882 2892 sed
2915 2843 2972 2891 et
3007 2836 3259 2891 maximis
3305 2835 3411 2889 Do-

1842 2934 1979 2990 mini
2013 2933 2309 2996 mandatis,
2339 2932 2513 3002 legem
2549 2929 2811 2986 adversus
2841 2929 3208 3000 evangelicam
3238 2927 3410 2997 legem

1843 3025 2250 3097 promulgautes
2283 3023 2492 3089 miseri,
2529 3038 2716 3094 regum
2756 3020 3092 3077 voluntatem
3122 3019 3231 3074 Deo
3259 3028 3413 3072 ante-

1844 3117 1988 3171 ferre
2034 3131 2158 3170 cum
2203 3114 2496 3171 voluerint.
2540 3113 2742 3168 Volunt
2787 3121 2970 3166 autem
3015 3111 3104 3167 alii
3141 3110 3307 3174 aliud,
3357 3113 3416 3167 et

161 3194 313 3249 ἀλλοι
335 3195 488 3261 ἀλλο,
506 3199 600 3251 καὶ
623 3197 810 3253 ἀλλοτε
826 3199 1021 3264 ἄλλως.
1045 3203 1154 3256 Kal
1172 3203 1259 3258 διὰ
1282 3205 1441 3260 τοῦτο
1458 3207 1733 3278 ἀνατροπὴ

1844 3211 1977 3265 alias
2018 3208 2216 3266 aliter:
2254 3222 2318 3262 ac
2356 3205 2585 3277 proinde
2619 3205 2836 3260 eversio
2866 3203 2925 3258 lit
2958 3203 3197 3256 omnium
3239 3217 3412 3270 usque

160 3285 257 3340 τοῦ
280 3288 505 3354 παντὸς,
549 3290 712 3361 μέχρι
765 3291 860 3346 τοῦ
894 3293 1297 3366 Ἀντιχρίστου·
1348 3300 1444 3352 καὶ
1488 3299 1733 3354 ἐντεῦθεν

1838 3305 1906 3359 ad
1951 3301 2371 3356 Antichristum.
2417 3297 2572 3354 Unde
2613 3297 2809 3352 merito
2851 3311 2972 3366 quae
3016 3295 3156 3365 apud
3207 3295 3326 3349 illos
3380 3310 3409 3348 a

162 3379 413 3445 εἰκότως,
475 3383 509 3452 ὴ
543 3381 814 3456 λεγομένη
850 3386 981 3457 παρ’
1012 3387 1194 3451 αὐτοῖς
1232 3389 1338 3444 ὑπὸ
1391 3389 1487 3444 τοῦ
1522 3393 1738 3447 Σατανᾶ

161 3473 478 3543 οἰκονομία,
521 3478 1092 3548 προσαγορευθήσεται
1144 3480 1549 3555 Ἀντιχριστικὴ
1606 3502 1739 3556 προ-

158 3565 382 3635 δρομία.
416 3566 551 3636 Περὶ
574 3567 684 3638 γάρ
710 3569 1075 3640 παραόἀσεως
1108 3575 1350 3630 κανόνων
1376 3616 1392 3642 ,
1437 3578 1490 3631 τί
1520 3578 1603 3632 δεῖ
1644 3580 1739 3633 καὶ

159 3654 382 3722 λέγεινς
433 3656 626 3711 Ὁπότε
663 3659 771 3729 γάρ
819 3659 913 3714 τοῦ
966 3662 1301 3733 Εὑαγγελίου
1355 3667 1739 3740 ἀποτροπάδην

159 3741 352 3816 ἦλθον,
387 3749 551 3822 σχολὴ
583 3752 714 3823 περὶ
737 3753 915 3807 αὐτῶν
936 3756 1262 3826 φροντίζειν.
1299 3760 1407 3812 Kal
1436 3763 1463 3814 ό
1487 3761 1583 3830 μὲν
1607 3761 1739 3826 Θεὸς

163 3839 256 3892 διὰ
315 3842 412 3894 τοῦ
442 3843 727 3914 προφήτου
763 3844 892 3899 τάδε
945 3848 1080 3917 φησί
1103 3865 1117 3880 ο
1153 3848 1331 3904 Δώσω
1380 3852 1496 3920 τὴν
1528 3852 1739 3906 κλεῖδα

166 3933 341 3989 οικου
373 3934 556 3987 Δαυτδ
581 3935 679 3989 ἐπὶ
708 3935 817 3991 τοῦ
876 3937 1040 4007 ὤμου
1073 3941 1261 3995 αὑτοῦ
1280 3957 1294 3971 ·
1344 3943 1441 3996 καὶ
1490 3943 1738 4010 ἀνοίξει,

165 4024 268 4080 καὶ
288 4027 405 4078 οὐκ
442 4025 616 4080 ἐσται
645 4029 679 4081 δ
701 4027 1070 4084 ἀποκλείωνο
1094 4030 1192 4086 καὶ
1223 4034 1473 4100 κλείσει,
1506 4036 1605 4090 καὶ
1627 4037 1740 4090 οὐκ

161 4117 342 4170 ἔσται
381 4119 416 4171 ό
442 4117 718 4187 ἀνοίγων.
753 4121 814 4173 Ol
837 4120 894 4174 δὲ
931 4121 1212 4187 ἀντιθέως,
1253 4125 1338 4195 ἐφ’
1368 4120 1450 4189 οἷς
1475 4125 1573 4194 μὲν
1603 4127 1742 4197 ἤνοι·

162 4211 274 4277 ξεν,
306 4208 676 4278 ἀπέκλεισαν,
722 4211 1069 4283 καθήραντες
1103 4214 1230 4277 τοὺς
1278 4216 1624 4280 ἀνευθύνους,
1665 4216 1740 4280 ὡς

160 4302 316 4356 δοκεῖ
345 4301 555 4363 αὐτοῖς,
575 4300 690 4354 ἀλλ’
712 4302 774 4355 οὐ
800 4301 918 4374 Θεῷ
938 4319 951 4333 ·
984 4304 1069 4371 ἐφ’
1103 4299 1185 4368 οἷς
1213 4304 1269 4357 δὲ
1301 4303 1564 4369 ἔκλεισεν,
1588 4306 1738 4375 ἤνοι-

163 4393 260 4458 ξαν
281 4391 766 4462 προχειρισάμενοι
820 4392 949 4457 τοὺς
985 4392 1391 4458 ὑποπίπτοντας
1424 4393 1740 4464 καθαιρέσει

163 4483 484 4554 θεοκρίτως,
521 4481 669 4547 ἀπαξ
703 4482 839 4553 πρὸς
863 4484 925 4536 τὸ
955 4485 1139 4548 αὐτοῖς
1169 4483 1361 4539 δοκοῦν
1389 4486 1484 4538 καὶ
1507 4485 1739 4555 ἀρέσκον

1840 3393 2040 3449 Satana
2082 3389 2418 3462 dispensatio
2460 3388 2682 3454 dicitur,
2743 3385 3069 3442 Antichristi
3117 3385 3412 3455 praecursio

1837 3485 2138 3541 vocabitur.
2190 3484 2262 3538 De
2295 3496 2564 3537 canonum
2608 3479 2752 3535 enim
2798 3477 3242 3549 praevaricatione
3282 3476 3411 3545 quid

1835 3575 2033 3631 attinet
2066 3575 2252 3644 loqui?
2278 3573 2411 3627 Cum
2449 3572 2597 3626 enim
2641 3571 2709 3626 ab
2753 3568 3046 3638 Evangelio
3093 3567 3195 3638 ipsi
3237 3567 3411 3622 aversi

1841 3666 2229 3730 discesserint;
2267 3664 2504 3719 otiosum
2548 3671 2630 3717 est
2665 3662 2734 3716 de
2777 3660 2882 3715 illis
2914 3674 3129 3715 curare.
3161 3659 3238 3713 Ar
3269 3659 3412 3712 Deus

1840 3756 2058 3827 quidem
2096 3769 2192 3825 per
2228 3752 2547 3824 prophetam
2572 3749 2653 3803 sic
2677 3749 2752 3803 ait
2777 3764 2793 3802 :
2831 3746 2977 3800 Dabo
3008 3745 3200 3799 clavem
3230 3744 3412 3796 domus

1840 3848 2012 3902 David
2055 3862 2209 3914 super
2247 3845 2519 3898 humerum
2553 3841 2709 3911 ejus:
2741 3847 2789 3893 et
2823 3838 3043 3907 aperiet,
3079 3845 3130 3891 et
3171 3852 3272 3889 non
3313 3835 3414 3889 erit

1841 3941 1929 4010 qui
1958 3938 2172 3992 claudat
2206 3953 2218 3989 :
2256 3946 2304 3989 et
2343 3934 2571 3999 claudet,
2610 3942 2658 3987 et
2704 3947 2807 3986 non
2847 3931 2946 3984 erit
2988 3930 3078 4000 qui
3121 3929 3327 3998 aperiat
3346 3927 3409 3982 ¹⁹.

1841 4029 2051 4084 Inimici
2101 4036 2282 4081 autem
2328 4026 2420 4081 Dei
2472 4041 2594 4095 qua:
2648 4024 2739 4080 ille
2789 4021 3005 4094 aperuit
3063 4021 3409 4084 clauserunt,

1841 4121 1970 4177 dum
1993 4118 2241 4174 innoxios
2262 4118 2650 4187 deposuerunt,
2676 4123 2736 4168 ut
2776 4114 2906 4184 ipsis
2931 4112 3148 4183 quidem
3189 4110 3410 4180 placuit,

1842 4213 1938 4268 sed
1985 4227 2096 4266 non
2142 4210 2284 4276 Deo;
2329 4224 2450 4278 qua:
2483 4223 2613 4262 vero
2652 4206 2867 4268 clausit,
2915 4212 3272 4274 aperuerunt.
3318 4217 3415 4257 eos

1840 4303 1934 4373 qui
1959 4300 2321 4371 depositionis
2351 4313 2568 4368 pmuam
2603 4296 2787 4351 divino
2823 4294 3032 4364 judicio
3072 4301 3410 4355 meruerant.

1843 4393 2146 4451 honoribus
2193 4392 2545 4446 restituentes
2584 4407 2598 4444 :
2646 4396 2836 4458 atque,
2888 4394 2949 4441 ut
2995 4386 3162 4441 semel
3205 4385 3410 4449 dicam,

1844 4485 2012 4541 sacris
2042 4483 2342 4539 canonibus
2371 4481 2437 4535 ad
2465 4479 2647 4535 omnia
2674 4493 2795 4549 quae
2820 4477 3062 4532 arrident
3085 4484 3142 4530 et
3177 4475 3410 4545 placent,

163 4574 554 4647 ἀποχρώμενοι
576 4573 664 4629 ἀεὶ
693 4574 1029 4639 δεσποτικῶς
1063 4579 1175 4640 τοῖς
1206 4577 1379 4648 ’ἱεροῖς
1421 4578 1642 4631 κανόσιν
1665 4575 1733 4638 ὡς

1846 4587 2102 4647 tanquam
2151 4575 2413 4630 ministris
2441 4581 2497 4630 et
2539 4572 2758 4628 famulis
2805 4587 2900 4642 pro
2928 4569 3156 4625 arbitrio
3199 4582 3417 4637 semper

164 4665 474 4736 ὑπηρέταις
502 4663 595 4718 xal
633 4663 985 4728 ὑποδουλίοις.
1017 4665 1202 4720 Ταῦτα
1223 4667 1320 4737 τῆς
1356 4667 1741 4737 Μοιχειανικῆς

164 4757 434 4830 αἱρέσεως
472 4753 540 4808 τὰ
572 4755 753 4825 ἄνομα
800 4755 894 4809 καὶ
923 4755 1096 4826 ἀσεϐῆ
1128 4757 1510 4829 ἐγχειρήματά
1552 4773 1612 4809 τε
1647 4757 1741 4810 καὶ

164 4845 610 4916 ἀποτελέσματα.
668 4845 778 4901 Kal
803 4845 977 4899 ταῦτα
1010 4846 1085 4910 ὡς
1131 4846 1390 4917 ἐλάχιστα
1431 4846 1595 4900 τέκνα
1640 4847 1740 4917 τῆς

165 4936 470 5006 καθολικῆς
509 4935 863 5005 Ἐκκλησίας,
897 4936 982 4989 σοὶ
1010 4939 1076 5008 τῇ
1110 4937 1387 5009 πρωτίστη
1415 4937 1576 5009 ἡμῶν
1605 4939 1739 4991 ἀπο-

166 5029 388 5099 στολικῇ
451 5026 660 5098 κεφαλῇ
720 5028 1079 5096 ἀναγγεῖλαι,
1133 5030 1273 5082 κατά
1321 5030 1382 5082 τὸ
1445 5030 1740 5098 ἀναγκαῖον

163 5117 656 5189 προεθυμήθημεν.
676 5119 876 5172 Λοιπὸν
909 5120 1078 5191 αὐτῆς
1106 5121 1221 5174 ἐστι
1256 5121 1325 5175 τά
1361 5121 1568 5192 ἀρεστὰ
1600 5121 1739 5192 Θεῷ,

165 5212 256 5264 καὶ
278 5208 638 5279 διανοηθῆναι
673 5211 768 5261 καὶ
805 5211 1030 5280 πρᾶξαι,
1073 5211 1177 5264 ὑπο
1204 5211 1523 5281 Πνεύματος
1561 5212 1739 5280 ἀγίου,

166 5300 241 5364 ὡς
271 5299 362 5354 ἐπ’
385 5298 590 5365 ἄλλοις,
623 5299 719 5353 καὶ
745 5302 803 5354 ὲν
833 5301 967 5371 τῷδε
998 5302 1323 5374 κινουμένης
1344 5319 1357 5333 ·
1386 5305 1446 5357 οὐ
1482 5304 1589 5375 μὴν
1606 5305 1740 5358 ἀλλά

166 5392 259 5445 καὶ
283 5390 713 5462 δυσωπουμένης
738 5390 971 5458 ἀξιῶσαι
991 5393 1137 5462 ἡμᾶς
1170 5394 1468 5448 αὐτό).εκτα
1493 5395 1587 5448 καὶ
1618 5395 1737 5448 θεοο

165 5482 420 5553 χάρακτα
439 5480 611 5551 αὐτῆς
651 5481 959 5552 γράμματα
1011 5480 1302 5551 δέξασθαι,
1333 5485 1476 5540 κατὰ
1507 5486 1738 5555 μίμησιν

165 5572 275 5626 τῶν
308 5571 592 5644 ὁμοζήλων
629 5572 799 5644 αὐτῆς
825 5573 1018 5641 ἀγίων,
1078 5574 1265 5646 ὥσπερ
1298 5575 1392 5630 νῦν
1424 5577 1523 5640 τὰς
1573 5577 1738 5631 πλου-

169 5665 312 5730 σίας,
340 5665 436 5719 καὶ
463 5665 603 5737 ὑπὲρ
637 5666 801 5736 ἡμᾶς,
834 5667 1040 5738 δωρεὰς
1068 5667 1236 5739 αὐτῆς
1265 5669 1359 5722 καὶ
1389 5670 1656 5740 εὐλογίας.

242 5841 284 5872 ³⁸
322 5839 554 5896 Malacb.
600 5856 659 5906 ιι,
700 5840 754 5898 9.
836 5844 880 5875 ”
921 5841 1050 5912 Sap.
1088 5859 1162 5908 Vl,
1191 5843 1246 5900 ‘2.
1327 5845 1370 5878 ¹⁶
1411 5844 1544 5902 ibid.
1577 5845 1689 5902 5-8.

1851 5845 2043 5902 Matth.
2079 5863 2130 5912 ν,
2175 5847 2258 5901 19.

1838 4669 1994 4727 abusi
2038 4676 2184 4723 sunt.
2221 4665 2286 4722 lli
2331 4673 2458 4720 sunt
2505 4664 2820 4720 Mmchiana:
2841 4664 3112 4718 haereseos
3155 4658 3310 4728 impii
3359 4667 3415 4713 et

1837 4761 2026 4830 injusti
2064 4767 2312 4824 conatus,
2357 4759 2474 4813 haec
2516 4771 2679 4826 opera
2712 4770 2728 4809 :
2762 4769 2882 4824 qum
2922 4767 3046 4817 nos,
3095 4759 3155 4806 ut
3200 4749 3412 4805 minimi

1838 4853 1932 4907 lilii
1967 4851 2219 4906 Ecclesiae
2244 4847 2544 4912 catholicae,
2586 4845 2683 4901 tibi
2713 4845 2889 4915 primo
2918 4840 3161 4896 omnium
3193 4848 3412 4908 aposto-

1837 4945 1943 4999 lico
1972 4941 2138 5012 capiti
2173 4954 2382 5005 nostro,
2415 4937 2689 5001 nuntiare,
2726 4933 3037 4989 necessario
3078 4929 3410 5000 optavimus.

1843 5037 1973 5106 Ejus
1995 5042 2074 5089 est
2102 5033 2170 5089 de
2193 5043 2410 5099 caetero,
2439 5045 2560 5101 quae
2587 5028 2698 5084 Deo
2723 5035 2852 5081 sunt
2881 5024 3074 5096 pLacita
3104 5021 3415 5093 excogitare

1841 5135 1896 5180 et
1936 5125 2115 5179 facere
2146 5123 2384 5193 Spiritus
2419 5120 2592 5177 sancti
2634 5119 2822 5182 ductu,
2854 5131 2885 5171 a
2910 5130 3038 5185 quo,
3075 5122 3137 5168 ut
3176 5114 3232 5168 in
3273 5112 3412 5176 aliis,

1841 5215 1921 5271 sic
1944 5223 1998 5268 et
2022 5215 2075 5267 in
2105 5213 2209 5268 hoc
2237 5227 2474 5283 quoque,
2513 5211 2717 5283 regitur
2747 5219 2803 5264 et
2835 5208 3168 5280 gubernatur
3198 5223 3212 5260 :
3251 5204 3414 5274 quin-

1841 5309 2004 5362 etiam
2035 5313 2368 5370 sanctorum,
2402 5304 2600 5374 quibus
2629 5303 2770 5358 idem
2804 5302 2955 5356 zelus
2987 5298 3109 5364 fuit,
3139 5296 3411 5366 exemplo,

1847 5400 2062 5464 adduci,
2098 5407 2158 5452 ut
2191 5413 2220 5454 a
2254 5413 2311 5453 se
2345 5396 2576 5453 dictatas
2600 5403 2656 5449 et
2680 5393 2941 5449 divinitus
2980 5397 3229 5447 exaratas
3265 5386 3414 5441 litte-

1847 5507 1937 5547 ras
1972 5491 2038 5546 ad
2079 5505 2180 5546 nos
2207 5489 2425 5545 mittere
2448 5487 2719 5559 dignetur,
2754 5486 2894 5542 sicut
2940 5497 3087 5537 nunc
3132 5478 3412 5550 Opulenta,

1848 5592 1903 5637 ct
1928 5582 2137 5637 meritis
2170 5581 2372 5637 nostris
2406 5579 2610 5652 majora
2640 5578 2756 5650 ejus
2780 5590 3043 5638 munera,
3065 5571 3412 5643 eulogiasque

1847 5673 2176 5743 accepimus.

2368 5847 2410 5879 "
2447 5843 2563 5900 Jac.
2609 5859 2668 5911 ιι,
2705 5843 2790 5898 10.
2897 5844 2939 5876 ’³
2984 5839 3094 5896 lsa.
3137 5850 3273 5900 λιιι,
3313 5833 3400 5890 22.
