3914 6442
539 339 671 400 1027

537 559 568 596 0
595 543 930 600 divinissime
965 561 1171 614 vertex,
1205 569 1262 606 se
1290 558 1778 624 cxpostulationem
1808 564 1924 632 ejus
1951 580 2111 620 exce-

533 634 678 703 pisse
717 649 940 706 propter
988 637 1444 714 Barsanuphium,
1493 647 1810 722 lsaiamque,
1858 666 1912 709 et
1940 657 2110 711 Doro-

536 727 722 781 theum
757 730 1040 788 haereticos
1077 753 1090 788 :
1131 740 1274 806 quod
1320 755 1413 795 eos
1457 743 1661 798 scilicet
1698 761 1794 814 pro
1827 749 2110 805 catholicis

535 820 882 889 recipiamus.
920 823 984 878 Et
1012 827 1167 883 valde
1192 831 1370 885 mirati
1399 849 1608 899 sumus,
1651 836 1692 890 si
1725 853 1825 892 nos
1851 839 2106 904 humiles,

533 913 624 979 qui
662 928 759 980 pro
792 924 936 969 recta
973 917 1075 972 ﬁde
1113 922 1365 988 patimur,
1405 924 1675 980 haereticis
1709 929 2103 985 adhaareamus.

535 1001 834 1057 Obturetur
871 1021 932 1059 os
970 1023 1130 1063 omne
1165 1022 1353 1066 contra
1387 1029 1488 1068 nos
1535 1014 1780 1085 loquens,
1817 1027 1870 1071 et
1905 1019 2108 1072 calum-

534 1092 655 1146 nias
685 1095 1031 1152 submittens.
1054 1099 1352 1156 Orthodoxi
1387 1120 1595 1168 sumus,
1628 1108 1877 1174 quamvis
1905 1107 2102 1178 alioqui

534 1195 869 1251 peccatores,
915 1205 947 1242 o
976 1190 1289 1247 beatissime
1319 1214 1331 1248 :
1369 1211 1545 1265 neque
1578 1197 1630 1251 in
1659 1199 1762 1252 hoc
1796 1199 1864 1252 ab
1890 1208 2108 1268 aposto-

534 1276 633 1330 lica
671 1278 776 1332 ﬁde
822 1280 1090 1337 ullatenus
1134 1283 1524 1356 discrepamus.
1569 1288 1796 1344 Omnem
1839 1291 2105 1345 svnodum

533 1371 928 1426 meumenicam
978 1383 1032 1429 et
1079 1375 1326 1443 localem,
1363 1382 1738 1449 approbatam,
1782 1383 2104 1452 veritatique

531 1468 963 1527 congruentem,
1009 1481 1134 1520 cum
1178 1471 1380 1524 sanctis
1422 1486 1606 1525 earum
1645 1475 1943 1528 canonibus
1989 1490 2105 1528 am-

534 1551 842 1620 plectimur.
872 1571 1090 1612 onmem
1119 1556 1366 1615 haaresim
1401 1574 1452 1617 et
1485 1565 1796 1619 luereticum
1825 1567 2102 1620 detestan-

532 1652 633 1709 tes,
679 1657 840 1715 atque
891 1651 1436 1710 anathematizantes.
1483 1657 1784 1712 Anathema
1834 1659 2105 1713 Barsanu-

531 1737 678 1805 phio,
710 1739 883 1805 Isaiae,
941 1741 1234 1810 Dorotheo,
1273 1754 1327 1800 et
1378 1749 1658 1813 Dositheo,
1716 1766 1851 1820 quos
1883 1760 2104 1806 sanctus

1745 361 1785 417 S
1827 360 2218 425 TI—IEODORI
2256 367 2597 430 STUDlTrE

607 447 805 506 ltetulit
827 470 984 523 porro
1003 459 1159 515 nobis
1187 461 1328 517 idem
1356 462 1520 519 frater
1543 479 1727 524 noster
1754 472 2108 543 Epiphanius,
2140 484 2182 538 Α

2297 481 2619 552 ’Λπήγγειλε
2653 482 2708 537 δὲ
2743 483 2871 553 ἡμῖν
2899 483 2926 534 ό
2965 483 3124 546 αὐτὸς
3159 483 3383 552 ἀδελφὸς
3423 484 3583 554 ἡμῶν
3638 486 3778 537 Ἐπι-

2212 573 2420 640 φάνιος,
2453 574 2701 645 θειοτάτη
2732 576 2968 646 κορυφὴ,
3005 576 3080 638 ὠς
3108 575 3367 646 ἔγκλησιν
3401 575 3624 642 ἐδέξατο
3653 580 3778 647 παρ’

2208 666 2400 735 αὐτῆς,
2430 665 2592 719 ἕνεκα
2647 666 3074 737 Βαρσανουερίου.
3127 667 3350 720 Ἡσαΐου
3384 685 3443 720 τε
3473 671 3572 723 καὶ
3603 674 3776 739 Δωρο-

2209 756 2352 816 θέου,
2410 759 2519 810 τῶν
2576 757 2884 828 αἱρετικῶν,
2940 758 3014 821 ὡς
3046 759 3350 828 δεχομένων
3399 759 3558 828 ἡμῶν
3588 760 3778 824 αὐτοὺς

2209 850 2521 920 ὀρθοδόξους
2541 866 2553 880 ⁸
2582 851 2674 903 καὶ
2697 851 2834 904 πάνυ
2868 850 3208 920 ἠγάσθημεν,
3244 853 3290 903 εἰ
3313 853 3472 921 ἡμεῖς
3505 854 3556 904 οί
3589 866 3778 906 ταπει-

2208 943 2288 996 νοὶ
2324 943 2463 1012 ὑπὲρ
2492 943 2797 1013 όρθοδοξίας
2826 943 3145 1012 πάσχοντες,
3179 945 3476 1013 αἱρετικοῑς
3523 946 3772 1016 προσετά-

2209 1050 2426 1105 σχομεν.
2470 1034 2891 1105 Ἐμφραττέσθω
2919 1036 3024 1088 πᾶν
3044 1033 3105 1086 τὸ
3140 1035 3260 1086 καθ’
3295 1035 3450 1104 ἡμῶν
3477 1037 3780 1091 ὐποϐάλλον

2206 1127 2300 1179 καὶ
2327 1125 2694 1195 συκοφαντοῦν
2729 1126 2922 1196 στόμα.
2983 1125 3281 1196 Ὀρθὸδοξοί
3317 1127 3507 1196 ἐσμεν,
3546 1129 3654 1182 κᾶν
3684 1129 3775 1182 ἄλο

2205 1217 2311 1280 λως
2340 1217 2673 1287 ἁμαρτωλοὶ,
2705 1211 2748 1270 ὦ
2780 1216 3191 1288 μακαριώτατε·
3229 1218 3353 1288 μηδ’
3373 1219 3778 1288 ὁτιοῦνύφεσιν

2204 1308 2417 1378 ἔχοντες
2443 1309 2502 1361 ἐν
2527 1308 2699 1378 τούτῳ
2743 1312 2842 1378 τῆς
2871 1307 3234 1377 ἀποστολικῆς
3287 1309 3557 1373 πίστεως·
3598 1314 3779 1363 πᾶσαν

2207 1402 2424 1455 σύνοδον
2449 1403 2837 1472 οίκουμενικήν
2866 1418 2925 1453 τε
2959 1401 3052 1454 καὶ
3080 1403 3331 1471 τοπικὴν,
3375 1402 3779 1472 ἐγκεκριμένην

2202 1496 2268 1564 τῇ
2299 1492 2544 1563 ἀληθεία,
2580 1492 2719 1561 μετὰ
2757 1492 2864 1544 τῶν
2892 1492 3217 1545 ἐκτεθέντων
3249 1493 3439 1554 αὐταῖς
3467 1493 3645 1560 ἁγίων
3687 1511 3779 1545 κα-

2204 1585 2369 1638 νόνων
2403 1584 2791 1652 ἀσπαζόμενοι,
2833 1583 2926 1636 καὶ
2967 1586 3146 1636 πᾶσαν
3179 1584 3406 1653 αἵρεσιν,
3450 1584 3543 1636 καὶ
3575 1586 3779 1654 αἱρετι-

2205 1675 2298 1728 κὸν
2320 1676 2734 1745 μυσαττόμενοι,
2755 1676 2847 1729 καὶ
2869 1675 3373 1744 ἀναθεματίζοντες.
3395 1677 3503 1730 Καὶ
3525 1677 3778 1745 ἀνάθεμα

2207 1763 2612 1834 Βαρσανουςρίῳ,
2672 1763 2886 1834 Ἡσαΐᾳ,
2950 1763 3210 1834 Δωροθέῳ
3254 1781 3321 1818 τε
3379 1767 3474 1818 καὶ
3513 1767 3775 1836 Δοσιθέῳ,

529 1826 870 1896 SOphronius
901 1833 1380 1891 anathematizavit
1403 1839 1470 1893 ’°.
1509 1837 1614 1893 Sed
1655 1849 1709 1894 et
1743 1840 1787 1894 si
1817 1840 1936 1910 quis
1968 1841 2097 1894 alius

2207 1823 2309 1910 ὐπύ
2337 1860 2449 1920 τοῖς
2498 1823 2610 1910 ,το-ὗν
2654 1858 2810 1925 ἁγίου
2842 1823 3193 1926 ,Σωφρονίουι
3231 1823 3772 1927 ἀναθεματισθεῖσινί

531 1918 725 1973 horum
759 1924 1099 1991 cognominis
1133 1927 1336 1994 pariter
1376 1928 1684 1990 haereticus,
1713 1946 1903 1985 eorum
1929 1931 2103 1985 haere-

528 2009 654 2074 sim,
688 2009 772 2064 vel
809 2012 972 2068 aliam
1015 2019 1315 2085 quamlibet
1356 2036 1608 2090 sequens,
1641 2022 1756 2078 sive
1794 2023 2100 2093 episcopus,

528 2099 640 2154 sive
665 2103 984 2170 monachus,
1015 2107 1099 2160 vel
1124 2107 1433 2179 quicunque
1454 2112 1668 2166 demum
1691 2114 1793 2171 sit:
1816 2115 2102 2169 anathema

526 2200 667 2246 esto.
705 2194 762 2247 Si
796 2195 918 2264 quis
953 2196 1082 2251 item
1111 2208 1436 2269 opportune,
1475 2213 1533 2258 ut
1566 2205 1840 2267 convenit,
1884 2221 2100 2260 omnem

529 2285 848 2341 haereticum
874 2303 984 2342 non
1015 2291 1460 2358 anathematizat,
1489 2294 1734 2362 ejusdem
1764 2295 1928 2348 sortis
1959 2304 2099 2349 esto.

527 2375 637 2431 Nos
678 2379 824 2432 enim
864 2380 983 2448 puri
1027 2393 1216 2436 sumus
1251 2383 1318 2437 ab
1359 2386 1507 2438 omni
1552 2384 1807 2441 haeretica
1843 2388 2101 2456 opinione

528 2471 890 2526 sanctissimis
932 2474 1186 2542 precibus
1226 2477 1354 2540 tuis,
1389 2477 1814 2548 religiosissime.
1857 2479 2101 2550 Denique

533 2561 637 2614 hoc
659 2562 823 2617 etiam
869 2565 1257 2634 signiﬁcamus,
1295 2571 1508 2623 tametsi
1549 2572 1600 2623 in
1649 2572 1895 2640 epistola,
1939 2591 2098 2642 quam

526 2669 624 2722 per
661 2653 1010 2710 Eustathium
1049 2657 1273 2713 fratrem
1303 2661 1570 2726 misimus,
1604 2662 1961 2732 signiﬁcatum
1987 2681 2096 2718 non

526 2744 617 2807 sit,
645 2759 746 2798 nos
769 2761 864 2815 per
890 2745 1249 2817 Epiphanium
1274 2765 1427 2804 sacro
1449 2753 1637 2806 vertici
1663 2763 1755 2807 tuo
1781 2755 2093 2824 scripsisse:

527 2853 871 2908 nequaquam
903 2841 1192 2896 mentitum
1220 2843 1385 2899 fuisse
1410 2843 1769 2914 Epiphanium
1797 2865 1810 2900 :
1838 2862 1926 2901 res
1949 2849 2096 2901 enim

525 2929 578 2983 in
620 2931 764 2985 hunc
805 2931 1026 2987 modum
1071 2943 1220 3004 gesta
1265 2943 1366 2989 est.
1410 2935 1740 2991 Dederamus
1782 2936 1856 2990 illi
1906 2953 2096 2993 revera

524 3021 811 3090 epistolam
860 3039 874 3076 :
923 3033 1110 3094 postea
1165 3037 1294 3080 vero
1343 3027 1726 3097 imperantium
1781 3038 1929 3083 metu
1975 3045 2094 3085 eam

524 3114 890 3182 expunximus
939 3135 953 3170 :
1000 3116 1117 3184 ipse
1159 3117 1548 3184 nihilominus,
1603 3135 1726 3174 cum
1768 3121 1886 3189 ejus
1939 3132 2094 3174 notas

527 3211 756 3268 teneret,
788 3205 966 3258 attulit
1003 3208 1069 3262 ad
1102 3223 1254 3262 sacra
1293 3209 1439 3264 illius
1467 3210 1714 3282 vestigia,
1749 3211 2009 3265 benevole
2035 3212 2088 3266 id

523 3310 720 3363 agens,
765 3305 1049 3365 postquam
1096 3297 1149 3350 in
1200 3300 1450 3354 exsilium
1496 3301 1603 3355 acti
1649 3301 1944 3356 fueramus.
1997 3303 2090 3357 Est

521 3386 668 3439 enim
693 3401 758 3440 os
786 3387 1103 3444 humilitatis
1125 3399 1341 3456 nostrze,
1371 3401 1426 3446 et
1451 3407 1629 3447 sermo
1648 3393 1996 3463 proﬁciscens
2024 3411 2090 3449 ex

520 3476 683 3530 corde
709 3486 917 3532 nostro.
946 3479 1122 3544 Quare
1146 3491 1331 3537 sancta
1359 3482 1538 3537 anima
1570 3493 1657 3538 tua
1687 3500 1750 3539 ne
1776 3485 2090 3538 scandalum

521 3568 834 3637 suspicetur
883 3570 938 3624 in
983 3586 1251 3630 conservo
1291 3584 1476 3630 nostro
1526 3592 1624 3646 per
1663 3578 1843 3630 omnia
1882 3577 2088 3630 ﬁdelis-

521 3661 679 3715 simo.
727 3661 916 3718 Frater
973 3673 1159 3721 noster
1203 3667 1644 3740 archiepiscopus
1689 3669 2091 3724 Thessalonicae

520 3752 860 3821 supplicibus
898 3758 1078 3811 cordis
1134 3761 1383 3814 manibus
1421 3761 1771 3816 beatitudinis
1807 3771 1912 3816 tua:
1945 3762 2092 3815 salu-

523 3843 780 3898 tationem
813 3856 865 3900 et
892 3850 1154 3918 suscepit,
1185 3861 1240 3904 et
1265 3867 1365 3921 per
1395 3868 1495 3906 nos
1535 3854 1940 3910 sanctissimum
1970 3868 2094 3907 ver-

523 3936 681 3991 ticem
714 3946 866 3993 tuum
906 3943 1286 3998 adorabundus
1315 3945 1534 3998 salutat.

851 4032 1070 4088 XXXV.
1101 4034 1391 4089 —Basilio
1425 4040 1724 4106 pra'posito.

2217 1948 2376 2000 Ἀλλὰ
2404 1949 2496 2000 καὶ
2545 1948 2702 2009 ἄλλος
2744 1948 2896 2010 εἴτις
2935 1947 3020 2017 είη
3069 1947 3277 2010 τούτοις
3313 1947 3606 2018 ὁμώνυμος
3629 1950 3778 2018 ὅμως

2202 2040 2498 2111 αἱρετικὸς,
2533 2041 2674 2094 κατά
2701 2040 2800 2111 τὴν
2821 2039 3042 2094 ἐκείνων
3068 2041 3299 2110 αἵρεσιν,
3336 2039 3369 2110 ἢ
3401 2041 3616 2110 ἑτέραν,
3673 2043 3777 2095 κᾶν

2202 2134 2517 2197 ἐπίσκοπος,
2573 2135 2674 2188 κᾶν
2728 2134 3014 2204 ἀσκητὴς,
3059 2133 3160 2186 κᾶν
3204 2131 3474 2198 ὁστισοῦν,
3515 2134 3774 2205 ἀνάθεμα

2202 2225 2359 2280 ἔστω.
2400 2225 2559 2280 Ἀλλά
2597 2226 2691 2279 καὶ
2724 2227 2778 2278 εί
2818 2243 2901 2288 τις
2935 2225 3008 2294 μὴ
3058 2222 3445 2294 ἁναθεματίζοι
3499 2225 3778 2295 εὐκαίρως

2202 2319 2340 2373 κατὰ
2364 2318 2425 2372 τὸ
2464 2320 2756 2385 ἀναγκαῖον
2789 2317 2962 2368 πάντα
2994 2315 3289 2384 αἱρετικὸν,
3321 2318 3406 2388 εἴη
3453 2319 3554 2387 τῆς
3593 2318 3777 2371 αὐτῶν

2207 2411 2438 2482 μερίδος.
2483 2409 2672 2478 Ἡμεῖς
2700 2406 2807 2476 γὰρ
2839 2405 3071 2476 καθαροί
3117 2407 3282 2477 ἐσμεν
3326 2410 3528 2471 παντὸς
3558 2409 3770 2478 αἱρετι-

2202 2500 2299 2554 κοῦ
2349 2503 2716 2571 φρονήματος,
2765 2497 2954 2568 εὐχαῖς
2993 2514 3086 2550 σου
3139 2499 3484 2568 ίερωτάταις,
3532 2497 3777 2563 παναγέ-

2201 2605 2383 2642 στατε.
2412 2588 2531 2640 Ἔτι
2572 2586 2678 2658 μὴν
2718 2587 2811 2640 καὶ
2837 2587 2996 2640 τοῦτο
3025 2587 3385 2658 ἀναφέρομεν,
3415 2587 3496 2639 ὅτι
3525 2587 3572 2638 εί
3601 2587 3697 2638 καὶ
3719 2589 3776 2638 ἐν

2197 2683 2262 2751 τῇ
2293 2678 2546 2749 ἐπιστολῇ
2569 2678 2726 2750 ήμῶν
2758 2680 2823 2748 τῇ
2851 2677 2938 2730 διά
2971 2676 3063 2729 τοῦ
3115 2676 3342 2745 ἀδελφοῦ
3375 2675 3676 2727 Εὐσταθίου
3713 2677 3772 2726 οὐ

2197 2765 2524 2836 δεδήλωται*
2557 2766 2855 2819 ἐπιστεῖλαι
2879 2767 3027 2834 ἡμᾶς
3057 2767 3122 2834 τῇ
3151 2765 3282 2834 ἁγία
3330 2781 3422 2816 σου
3456 2768 3673 2836 κορυφῇ
3705 2764 3774 2816 δι’

2210 2858 2546 2928 Ἐπιφανίου.
2574 2859 2647 2911 Οὐ
2681 2856 2990 2924 διέψευσται
3031 2856 3375 2922 Ἐπιφάνιος·
3402 2856 3494 2907 καὶ
3519 2857 3547 2908 ὁ
3565 2857 3773 2925 τρόπος

2197 2952 2254 3003 ἐν
2280 2951 2474 3020 τούτῳ.
2509 2944 2689 3019 Ἦμεν
2721 2946 2795 3010 ὼς
2826 2945 3042 3016 ἀληθῶς
3096 2946 3430 3009 ἐκδώσαντες
3470 2946 3620 3017 αὐτῷ
3670 2949 3774 3015 τὴν

2195 3042 2483 3109 ἐπιστολὴν
2509 3081 2524 3106 ,
2585 3040 2676 3091 καὶ
2724 3036 2884 3089 πάλιν
2949 3036 3100 3107 φόϐῳ
3139 3037 3247 3089 τῶν
3286 3037 3632 3108 κρατούντων
3667 3040 3776 3092 ἀπο

2195 3133 2538 3201 αλείψαντες·
2558 3133 2586 3184 ὁ
2609 3130 2663 3183 δέ
2680 3130 2816 3200 ἔχων
2838 3129 2946 3183 τῶν
2978 3129 3218 3199 σημείων
3237 3132 3332 3198 τὴν
3354 3128 3572 3196 γνῶσιν,
3593 3131 3775 3199 ἤγαγε

2194 3226 2330 3296 πρὸς
2357 3224 2422 3277 τὰ
2447 3224 2576 3291 ἆγια
2612 3221 2778 3275 αὐτοῦ
2833 3221 2951 3291 ἴχνη
3009 3218 3288 3289 εὐφρονῶν
3330 3221 3470 3290 μετά
3500 3220 3562 3274 τὸ
3593 3221 3776 3292 ἐξορι-

2197 3317 2390 3383 σθῆναι
2417 3315 2584 3383 ὴμᾶς.
2610 3313 2716 3365 Καὶ
2745 3311 2852 3380 γάρ
2881 3313 2995 3363 ἐστι
3031 3310 3203 3380 στόμα
3257 3309 3359 3379 τῆς
3389 3309 3776 3373 ταπεινώσεως

2196 3407 2373 3477 ἡμῶν,
2413 3406 2507 3458 καὶ
2542 3403 2700 3471 λόγος
2724 3400 3145 3473 ἐξερευγόμενος
3173 3401 3274 3471 τῆς
3319 3402 3546 3472 καρδίας
3581 3402 3772 3471 ἡμῶν.

2196 3498 2308 3551 Καὶ
2340 3497 2496 3567 μήτοι
2523 3512 2587 3564 γε
2616 3493 2926 3564 ὑπολάϐοιὴ
2957 3495 3091 3562 ἁγία
3117 3510 3207 3547 σου
3229 3494 3371 3563 ψυχὴ
3394 3493 3694 3546 σκάνδαλον
3718 3495 3777 3544 ἐν

2196 3588 2272 3659 τῷ
2308 3587 2575 3657 συνδούλῳ
2605 3587 2760 3658 ἡμῶν
2794 3586 2908 3640 ὄντι
2942 3585 3250 3654 πιστοτάτῳ
3289 3583 3428 3637 κατὰ
3458 3584 3668 3637 πάντα.
3716 3585 3776 3636 Ὀ

2198 3678 2424 3747 ἀδελφὸς
2481 3677 2638 3748 ἡμῶν
2695 3677 2792 3733 καὶ
2849 3676 3276 3749 ἀρχιεπίσκοπος
3341 3672 3774 3743 Θεσσαλονίκης,

2200 3765 2417 3829 ὑπτίαις
2437 3765 2661 3836 καρδίας
2689 3765 2847 3835 χερσὶ
2882 3765 2975 3818 καὶ
3001 3763 3218 3826 ἐδέξατο
3246 3761 3344 3830 τὴν
3374 3762 3475 3832 τῆς
3500 3764 3778 3833 μακαριό-

2197 3859 2357 3928 τητός
2392 3875 2486 3911 σου
2521 3857 2914 3929 προσηγορίαν,
2945 3857 3040 3910 καὶ
3072 3857 3138 3910 δι’
3171 3857 3328 3928 ἡμῶν
3373 3859 3776 3928 προσκυνητῶς

2201 3948 2688 4019 κατασπαζόμενός
2719 3952 2834 4002 ἐστι
2858 3950 2956 4020 τὴν
2985 3950 3287 4019 ἱερωτάτην
3327 3967 3419 4003 σου
3459 3953 3738 4021 κορυφήν.

2421 4042 2544 4096 AE'.
2570 4072 2632 4080 —
2660 4041 2954 4105 Βασιλείφ
2983 4041 3310 4110 ἡγουμένῳ.
3346 4039 3501 4112 [ος-’.ἶ

520 4122 814 4174 Theodorus
855 4139 946 4174 suo
985 4132 1037 4175 et
1077 4126 1295 4176 Platonis
1339 4128 1535 4181 nomine
1577 4132 1964 4254 hortatur-(guno
2013 4134 2266 4245 Basiligzg,
2298 4139 2354 4184 ut
2378 4135 2646 4258 ggnf'uncto
2667 4148 2775 4184 cum
2812 4133 2936 4197 ipsis
2973 4134 3138 4184 studio
3188 4131 3438 4182 haereticis
3460 4145 3515 4182 se
3535 4140 3773 4195 opponat.

1872 4209 2009 4246 aron.
2041 4211 2119 4245 an.
2261 4235 2272 4257 ,
2301 4211 2352 4246 ο.
2446 4233 2455 4243 .

1872 4209 2009 4246 aron.
2041 4211 2119 4245 an.
2165 4209 2272 4257 ws,
2301 4211 2352 4246 ο.
2378 4209 2455 4246 ‘23.

520 4273 722 4326 Basilio
775 4275 1165 4343 religiosissima
1221 4276 1496 4345 praeposito
1560 4287 1606 4331 et
1653 4281 2087 4335 archimandrin

593 4366 788 4428 Romw,
821 4366 974 4420 Plato
1015 4367 1225 4420 humilis
1266 4369 1530 4435 inclusus,
1567 4380 1614 4424 et
1655 4370 1946 4427 Theodorus
1987 4375 2090 4428 mi-

595 4459 765 4511 nimus
799 4461 1066 4528 presbyter
1119 4470 1165 4513 et
1209 4463 1519 4528 praepositus
1577 4462 1890 4518 Studicnsis.

626 4631 857 4688 Litteras
880 4643 1120 4704 paternae
1148 4635 1452 4689 sanctitatis
1485 4646 1586 4691 tua:
1641 4652 1750 4692 non
1780 4639 1940 4693 aliter
1969 4637 2075 4693 hu-

521 4723 676 4779 miles
704 4725 1170 4794 exspectabamus,
1230 4740 1390 4795 quam
1427 4736 1565 4782 terra
1595 4728 1786 4784 sitiens
1868 4730 2095 4786 imbrem

523 4833 700 4871 suum.
735 4817 800 4870 Et
860 4826 1144 4886 postquam
1198 4834 1292 4886 spe
1341 4827 1522 4871 nostra
1574 4818 1814 4874 frustrati
1880 4837 2090 4888 sumus,

522 4909 813 4973 doluimus,
858 4918 916 4962 ut
955 4925 1051 4978 par
1104 4919 1237 4972 erat,
1266 4910 1638 4964 vehementer.
1685 4911 1940 4966 Attamen
1965 4928 2090 4968 cum

524 5016 590 5053 ex
615 4998 917 5068 Epiphanio
949 4998 1301 5054 dilectissimo
1357 5009 1412 5054 et
1454 4999 1712 5054 fidissimo
1743 5000 1851 5054 ﬁlio
1901 5013 2091 5058 nostro

523 5108 740 5147 causam
769 5092 1229 5165 cognovissemus,
1265 5094 1405 5162 quod
1459 5095 1716 5148 nimirum
1771 5104 1988 5150 coactus
2037 5098 2088 5151 id

522 5184 770 5250 fecisses,
799 5199 906 5238 non
941 5191 1253 5252 contemptu
1293 5185 1471 5253 aliquo
1499 5194 1742 5239 nostrum
1782 5188 1872 5255 qui
1914 5202 2084 5256 quan-

525 5273 726 5328 tumvis
770 5275 1037 5340 tenuium,
1105 5274 1360 5342 pietatem
1411 5284 1554 5329 tuam
1610 5275 1960 5332 nihilominus
1985 5278 2083 5332 ob-

522 5378 800 5418 servamus
826 5383 838 5416 :
869 5365 1034 5418 animi
1059 5363 1298 5419 dolorem
1316 5367 1686 5431 abstersimus,
1712 5383 2083 5438 summamque

522 5456 757 5511 laetitiam
788 5440 1172 5526 percepimus:
1212 5455 1561 5511 llenuntiavit
1618 5457 1760 5512 enim
1802 5460 1975 5523 nobis,
2032 5471 2082 5515 te

520 5548 770 5602 eumdem
796 5563 933 5611 esse,
971 5547 1060 5617 qui
1089 5563 1213 5619 erga
1244 5564 1344 5602 nos
1366 5564 1581 5618 semper
1624 5549 1839 5614 fuisses,
1881 5550 2079 5606 aliectu

519 5650 574 5694 et
613 5639 875 5693 charitate
909 5640 1072 5708 ;quin
1106 5640 1282 5710 potius
1324 5656 1430 5694 non
1483 5656 1669 5710 parum
1701 5641 1958 5697 bonitatis
1983 5643 2080 5699 ad-

591 5751 635 5780 “
682 5748 798 5801 Vill.
837 5749 974 5805 infra
1015 5752 1067 5807 in
1097 5751 1365 5809 Theodori
1402 5752 1626 5808 Tcslam.
1664 5770 1812 5810 num.
1847 5755 1900 5808 4.

2190 4282 2485 4344 Βασιλείῳ
2525 4277 2603 4344 τῷ
2642 4277 3058 4344 εὐλαϐεστάτφ
3103 4275 3417 4346 ἡγουμένῳ
3460 4275 3561 4329 καὶ
3600 4276 3772 4344 ἁρχι-

2256 4372 2549 4443 μανδρίτῃ
2601 4371 2867 4440 Ῥώμης,
2928 4370 3174 4424 Πλάτων
3218 4369 3497 4433 ταπεινὸς
3540 4368 3777 4437 ἐγκλει-

2263 4481 2429 4530 στος,
2444 4465 2541 4518 καὶ
2569 4463 2865 4532 Θεόδωρος
2892 4461 3212 4530 ἐλάχιστος
3236 4462 3646 4530 πρεσϐύτερος
3672 4463 3774 4514 καὶ

2265 4555 2597 4623 ἡγούμενος
2626 4552 2744 4606 τῶν
2779 4551 3088 4607 Στουδίου.

2248 4644 2434 4709 Οὕτως
2446 4641 2857 4715 ἀπεκαραδοκοῦ
2867 4658 2965 4715 μεν
2988 4643 3038 4696 οί
3057 4640 3300 4696 ταπεινοὶ
3318 4638 3574 4707 δέξασθαι
3585 4655 3777 4718 ,γραμ-

2203 4753 2347 4806 ματα
2373 4737 2471 4807 τῆς
2499 4737 2772 4808 πατρικῆς
2801 4748 2893 4789 σου
2923 4731 3219 4806 ὁσιότητος,
3247 4734 3323 4797 ὡς
3349 4729 3422 4803 γῆ
3441 4735 3657 4804 διψῶσα
3681 4738 3776 4790 τὸν

2197 4827 2399 4898 ἐαυτῆς
2431 4825 2608 4882 ὑετόν.
2640 4829 2751 4882 Καὶ
2775 4827 2965 4897 ἐπειδὴ
3000 4822 3341 4897 ἀπετύχομεν
3388 4827 3486 4896 τῆς
3517 4827 3736 4892 ἐλπίδος
3758 4872 3772 4892 ,

2190 4917 2510 4988 ηλγήσαμεν
2532 4956 2546 4979 ,
2577 4914 2651 4982 ὡς
2683 4918 2743 4970 τὸ
2777 4919 2948 4982 εἰκός·
2992 4919 3142 4988 ὅμως
3171 4914 3431 4987 μαθόντες
3453 4917 3552 4988 τὴν
3583 4921 3775 4972 αἰτίαν

2189 5011 2339 5080 παρὰ
2368 5009 2696 5078 Ἐπιφανίου
2747 5006 2842 5062 τοῦ
2881 5004 3262 5062 ποθεινοτάτου
3311 5009 3405 5060 καὶ
3434 5011 3772 5063 πιστοτάτου

2187 5099 2349 5170 ἡμῶν
2374 5099 2514 5164 υἱοῦ,
2542 5101 2623 5153 ὅτι
2649 5097 2710 5164 ἐξ
2745 5100 3064 5169 ἀναγκαίου,
3111 5099 3205 5154 καὶ
3261 5099 3360 5152 οὐκ
3387 5099 3450 5153 ἐκ
3479 5117 3768 5171 καταφρο-

2190 5193 2398 5260 νήσεως
2453 5193 2612 5262 ἡμῶν
2645 5193 2750 5247 τῶν
2798 5193 3028 5246 εὐτελῶν
3063 5194 3158 5247 καὶ
3207 5193 3326 5246 λίαν
3368 5193 3617 5263 ἐραστῶν
3668 5196 3772 5264 τῆς

2192 5284 2494 5354 θεοφιλείας
2527 5300 2651 5337 σου⁹
2683 5283 3049 5355 μετεϐάλομεν
3073 5285 3133 5337 τὸ
3165 5285 3325 5353 άλγος
3360 5284 3457 5353 τῆς
3505 5284 3769 5354 καρδίας,

2191 5376 2364 5447 χαρὰν
2397 5375 2873 5446 προσκτησάμενοι
2897 5377 3279 5445 ίκανουμὲνην.
3306 5375 3627 5444 Ἀνήγγειλε
3651 5377 3769 5446 γὰρ

2190 5468 2320 5536 ἡμῖν
2349 5467 2438 5519 τὸν
2473 5467 2634 5522 αὐτὸν
2665 5467 2940 5538 διαμένειν
2959 5469 3017 5520 ἐν
3053 5471 3118 5538 τῇ
3155 5467 3288 5538 πρὸς
3325 5468 3471 5536 ἡμᾶς
3517 5465 3768 5520 διαθέσει

2187 5573 2247 5609 τε
2277 5559 2371 5611 καὶ
2400 5558 2589 5631 ἀγάπῃ
2611 5577 2624 5589 ο
2647 5562 2705 5613 οὐ
2740 5561 2845 5631 μὴν
2869 5560 3004 5613 ἀλλά
3038 5560 3131 5612 καὶ
3163 5557 3590 5629 προστιθέμενον
3618 5561 3766 5627 μᾶλ-

2187 5645 2279 5702 λον
2308 5650 2645 5722 ἀγαθότητος
2676 5650 2940 5714 ποικίλοις
2968 5649 3208 5722 τρόποις.
3235 5650 3345 5719 Τὴν
3379 5649 3436 5702 δὲ
3471 5645 3568 5701 τοῦ
3590 5649 3764 5720 ζήλου
