3914 6518
187 433 316 499 1029

1393 437 1934 498 EPISTOLARUM
1975 439 2120 501 LIB.
2155 441 2206 502 Ι.

3270 437 3407 500 1030

177 549 272 616 τῆς
303 547 581 613 εὐσεϐείας
620 548 969 605 διανάστασιν
991 591 1005 618 ,
1067 547 1165 620 ὅση
1197 548 1314 603 ἐστὶ
1349 553 1416 621 τῇ
1467 550 1599 619 ἁγίᾳ
1649 565 1735 601 σου

1850 549 2049 616 iecisse
2090 551 2255 606 variis
2316 550 2510 605 modis.
2559 550 2670 604 chi
2707 564 2836 605 vero
2857 565 3019 620 quem
3080 564 3177 618 pro
3206 552 3407 618 pietate

174 639 338 709 ψυχῇ,
360 639 784 709 ἐξηγησάμενος,
811 640 1014 710 ἤχησεν
1038 641 1070 710 ἡ
1079 639 1193 710 μῶν
1219 641 1500 712 ἀμφότερα
1517 643 1584 694 τὰ
1602 635 1736 695 ὦτα.

177 729 284 782 Καὶ
308 728 597 799 εὐλογητὸς
638 730 843 801 Κύριος
873 730 982 784 τῶν
1018 730 1320 801 δυνάμεων,
1351 733 1378 784 6
1416 732 1644 802 θέμενός
1680 751 1740 787 σε

174 819 230 873 ἐν
276 823 343 891 τῇ
376 821 653 892 πρωτίστῃ
705 821 813 875 τῶν
848 822 1076 889 πόλεων,
1135 823 1399 892 φωστῆρα
1433 823 1738 894 θεολαμπῆ,

173 909 330 979 λόγον
360 910 506 981 ζωῆς
556 911 822 982 ἐπέχοντα
850 913 1195 985 ἀμφιλαφείᾳ
1219 914 1324 967 τῶν
1350 915 1571 983 ἀγαθῶν
1597 917 1739 987 πρά-

177 1000 310 1064 ξεων
368 1003 396 1054 6
422 1001 543 1064 δούς
569 1019 648 1054 σοι
674 1003 924 1069 γλῶσσαν
946 1004 1506 1074 ἐλευθεροστομοῦσαν
1530 1008 1598 1059 τὰ
1624 1007 1743 1062 θεῖα

177 1091 274 1160 τῆς
304 1091 612 1161 όρθοδοξίας
628 1093 927 1162 διδάγματα
959 1095 1096 1164 μετά
1132 1095 1335 1166 ὑψηλοῦ
1365 1097 1738 1168 κηρύγματος.

180 1180 273 1235 Ἐν
297 1177 342 1250 ᾦ
373 1183 468 1236 καὶ
509 1185 932 1254 παρακαλοῦμεν
962 1185 1175 1255 βοηθεῖν
1203 1187 1269 1258 τῇ
1300 1188 1421 1241 καθ’
1454 1191 1600 1260 ἡμᾶς
1619 1192 1742 1244 Ἐκ-

179 1270 398 1341 κλησίᾳ,
421 1273 487 1342 τῇ
521 1289 579 1324 τε
612 1273 786 1342 οἰκείᾳ
814 1274 1191 1346 κραταιότητι,
1225 1277 1319 1329 καὶ
1352 1280 1418 1349 τῇ
1465 1281 1603 1349 πρὸς
1650 1281 1739 1334 τὸν

173 1361 481 1429 ἁγιώτατον
506 1363 857 1416 ἀποστολικὺν
895 1367 1166 1436 μεσιτείᾳ.
1222 1366 1286 1420 Ἦ
1328 1370 1435 1440 γάρ
1463 1369 1618 1440 ὑμῶν
1643 1374 1739 1425 ἀν-

175 1451 334 1522 δρικὴ
359 1452 500 1523 ὑπὲρ
535 1451 630 1505 τοῦ
661 1453 820 1521 λόγου
849 1455 948 1525 τῆς
999 1455 1259 1527 ἀληθείας
1311 1459 1592 1532 ἐκδίκησις
1638 1462 1741 1534 τῆς

179 1540 267 1594 ὑπ’
304 1543 532 1612 οὐρανὸν
556 1544 654 1614 τῆς
677 1546 1005 1616 Ἐκκλησίας
1034 1550 1267 1622 ὑπάρχει
1302 1553 1592 1624 στερέωσις
1612 1568 1626 1583 ⁶
1648 1556 1742 1609 καὶ

177 1635 203 1685 6
229 1633 325 1701 ἀφ’
357 1633 512 1704 ὑμῶν
547 1634 740 1707 ζῆλος,
792 1638 1052 1695 ἀνάπτειν
1109 1643 1354 1712 πέφυκεν
1395 1646 1482 1699 ἀεὶ
1525 1645 1741 1702 ἃπασαν

175 1723 271 1794 τὴν
300 1726 628 1797 οἰκουμένην
652 1729 731 1792 εἰς
767 1731 863 1800 τὴν
883 1731 1144 1804 διάπυρον
1193 1737 1252 1789 ὲν
1285 1737 1561 1808 Πνεύματι
1602 1739 1742 1810 ἁγίῳ

175 1815 273 1883 τῆς
308 1814 546 1879 πίστεως
569 1818 726 1886 ἡμῶν
757 1821 1065 1889 ὁμολογίαν.
1090 1825 1250 1879 Ὥστε
1288 1827 1556 1891 εῑκαζέτω
1585 1846 1679 1882 σου
1706 1831 1739 1900 ἠ

177 1903 478 1972 θεοσέϐεια,
506 1907 628 1970 ὅσος
655 1909 683 1960 6
710 1908 863 1977 λόγος
890 1913 1020 1982 ὑμῖν
1045 1915 1137 1968 τοῦ
1178 1916 1276 1985 τῆς
1304 1916 1585 1982 εὐσεϐείας
1606 1921 1743 1990 κρά-

179 2011 330 2057 τους·
381 1998 476 2050 καὶ
525 1998 719 2060 ὁπόσος
771 2003 799 2051 ό
847 2001 1066 2067 ἔπαινος
1108 2006 1217 2058 ἀπὸ
1263 2005 1398 2060 Θεοῦ
1443 2010 1582 2077 μετὰ
1631 2009 1742 2064 τῶν

175 2084 342 2150 ἀξίων
371 2087 614 2157 ἀμοιϐῶν
647 2092 705 2143 ἐν
725 2094 788 2162 τῇ
818 2093 1021 2164 ταῦτης
1055 2096 1268 2168 φυλακῇ
1295 2098 1389 2151 καὶ
1418 2101 1738 2173 ἀναρρήσειο

177 2175 242 2242 ἣν
275 2175 371 2228 καὶ
394 2176 710 2245 φυλάττοιτε
736 2181 825 2232 καὶ
851 2180 1146 2251 κηρύσσειν
1172 2185 1233 2238 οὐ
1254 2185 1493 2257 λήγοιτε,
1517 2190 1566 2243 οἱ
1598 2190 1736 2244 θειό-

175 2280 329 2318 τατοι
362 2267 456 2319 καὶ
471 2267 790 2336 ἀξιάγαστοι
819 2271 976 2339 ήμῶν
999 2273 1259 2346 Πατέρες.

247 2350 324 2411 UB
347 2357 402 2411 δὲ
436 2361 596 2432 χάριν
627 2363 1028 2435 ἀπεστείλαμεν
1066 2369 1228 2423 πάλιν
1259 2371 1350 2424 τὸν
1395 2371 1620 2441 ἀδελφὸν
1649 2374 1742 2428 καὶ

175 2451 558 2523 προσκυνητὴν
612 2453 719 2505 τῶν
772 2455 930 2524 ίχνῶν
998 2475 1093 2513 σου
1132 2460 1464 2531 Ἐπιφάνιον,
1523 2465 1590 2518 ἵν’
1623 2467 1744 2519 ἀντ-

175 2542 470 2612 αναγγείλῃ
503 2546 530 2597 ό
554 2546 714 2609 αὐτὸς
770 2548 839 2602 τὰ
889 2551 1012 2604 καθ’
1047 2554 1223 2621 ἡμᾶς·
1267 2556 1341 2616 ὼς
1379 2556 1563 2624 εὐχαῖς
1591 2557 1741 2626 ὑμῶν

175 2629 361 2697 ἁγίαις
399 2627 457 2684 εὖ
512 2633 661 2702 ἔχει·
697 2641 1038 2710 χαιρομένων
1078 2643 1236 2712 ήμῶν
1265 2644 1372 2696 τῶν
1407 2645 1742 2715 ἁμαρτωλῶν

174 2720 269 2773 καὶ
300 2721 683 2792 θυμηδιὼντων
712 2730 770 2781 ἐν
794 2730 870 2800 τῷ
904 2731 1147 2802 διωγμῷ,
1175 2734 1268 2788 καὶ
1291 2738 1410 2800 ταῖς
1440 2735 1738 2804 φυλακαῖς·

172 2809 247 2873 ὡς
275 2812 480 2884 τολμᾷν
533 2814 740 2884 λέγειν’
803 2821 968 2890 Ἡμῖν
1021 2824 1286 2896 ἐχαρίσθη
1337 2827 1397 2879 ού
1457 2828 1620 2897 μόνον
1661 2831 1742 2892 είς

173 2901 405 2970 Χριστὸν
436 2906 730 2974 πιστεύειν,
763 2911 896 2966 ἀλλά
927 2915 1103 2968 καὶτὸ
1129 2917 1266 2987 ὑπὲρ
1292 2918 1456 2972 αὑτοῦ
1489 2921 1738 2990 πάσχειν·

182 2993 271 3084 ίνα
294 2994 376 3057 είς
402 2997 794 3072 ἐκτενεστέραν
840 3003 985 3074 ὑμᾶς
1016 3009 1324 3080 προσευχὴν
1354 3015 1703 3084 παρακινήσῃ
1723 3029 1738 3044 ⁸

173 3083 313 3154 ὑπέρ
341 3101 402 3138 τε
427 3089 586 3158 ἡμῶν
603 3092 713 3146 τῶν
736 3094 978 3150 ἀσθενῶν
1003 3098 1306 3170 εὐανδρίας,
1340 3102 1434 3155 καὶ
1464 3103 1558 3156 τοῦ
1585 3107 1738 3176 κοινῇ

1842 643 2003 711 geris,
2045 651 2242 712 quanta
2282 641 2363 694 vis
2401 650 2454 696 et
2479 640 2775 695 constantia
2806 649 3006 694 sanctae
3059 639 3251 692 animae
3299 649 3405 692 tuae

1842 732 1932 799 sit,
1963 746 2410 793 commemorans,
2436 731 2620 784 ambas
2656 730 2810 784 nobis
2857 744 3016 784 aures
3051 728 3308 798 implevit.
3341 730 3408 783 Et

1843 821 2158 877 benedictus
2197 821 2542 876 sitDominus
2600 821 2877 885 virtutum,
2908 820 2996 889 qui
3047 828 3100 873 te
3129 821 3182 872 in
3231 819 3403 889 prima

1842 913 2082 967 omnium
2112 912 2328 966 civitate
2354 909 2635 966 collocavit
2682 910 2863 965 lumen
2921 907 3180 964 divinitus
3211 925 3404 964 accen-

1843 1020 1985 1066 sum,
2027 1004 2252 1059 verbum
2296 1003 2419 1059 vita:
2452 1003 2812 1072 proferentem
2870 1002 3130 1055 bonorum
3177 1016 3400 1071 operum

1842 1096 2212 1162 abundantia;
2264 1096 2354 1165 qui
2423 1095 2654 1165 linguam
2706 1094 2803 1148 tibi
2859 1094 3007 1148 dedit
3049 1093 3230 1147 divina
3277 1092 3400 1146 fidei

1842 1188 2153 1243 orthodoxae
2198 1188 2520 1242 documenta
2570 1187 2735 1240 libere
2768 1185 3020 1254 celsoque
3071 1184 3251 1238 animo
3294 1185 3403 1238 elo-

1842 1287 2118 1344 quentem.
2143 1277 2201 1332 ln
2228 1293 2335 1348 quo
2364 1287 2417 1331 et
2449 1285 2498 1331 te
2535 1277 2887 1338 obtestamur,
2908 1291 3065 1344 opem
3114 1274 3255 1329 ferre
3301 1274 3400 1326 Ec-

1842 1367 2022 1424 clesiae
2083 1381 2306 1432 nostrae,
2367 1379 2480 1422 tum
2542 1375 2726 1437 tuopte
2805 1368 3019 1432 robore,
3087 1375 3198 1419 tum
3255 1364 3397 1433 apud

1841 1460 2239 1514 sanctissimum
2311 1457 2659 1528 apostolicum
2733 1454 3133 1512 intercedendo.
3183 1453 3395 1507 Etenim

1841 1549 2010 1604 virilis
2027 1559 2201 1601 vestra
2237 1562 2332 1616 pro
2359 1547 2582 1601 veritate
2617 1546 2969 1608 concertatio,
2994 1544 3254 1598 universa:
3279 1559 3400 1612 quae

1842 1641 1944 1696 sub
1998 1640 2134 1695 coelo
2194 1647 2278 1694 est
2326 1637 2576 1693 Ecclesiae
2625 1637 3018 1692 firmamentum
3060 1645 3180 1690 est:
3213 1646 3267 1690 et
3309 1636 3401 1704 qui

1842 1747 1871 1785 a
1901 1732 2051 1785 vobis
2079 1732 2250 1786 oritur
2279 1731 2446 1793 zelus,
2478 1744 2692 1798 semper
2716 1736 2884 1782 tutum
2937 1728 3122 1782 orbem
3150 1727 3286 1782 solet
3337 1727 3404 1780 ad

1844 1823 2139 1877 ferventem
2170 1823 2224 1876 in
2258 1820 2474 1891 Spiritu
2503 1829 2692 1874 sancto
2726 1820 2844 1874 fidei
2885 1831 3084 1874 nostrae
3107 1819 3405 1874 confessio-

1842 1928 1963 1967 nem
1992 1913 2307 1968 accendere.
2338 1913 2514 1978 Quare
2542 1911 2790 1980 conjiciat
2816 1911 3000 1981 religio
3045 1920 3154 1972 tua,
3203 1918 3403 1979 quanta

1842 2004 1996 2058 vobis
2033 2019 2192 2059 causa
2221 2002 2344 2059 fidei
2376 2005 2611 2069 tuendae,
2643 2012 2698 2059 et
2723 2011 2922 2072 quanta
2947 2002 3061 2057 laus
3089 2017 3118 2055 a
3151 2003 3256 2055 Deo
3280 2016 3402 2054 cum

1841 2095 2036 2150 debitis
2080 2096 2315 2165 praemiis
2354 2111 2450 2150 vos
2474 2104 2687 2150 maneat
2740 2095 2880 2148 illam
2936 2094 3307 2148 conservando
3346 2099 3404 2146 et

1841 2187 2163 2258 proﬁtendo,
2195 2201 2354 2256 quam
2378 2202 2593 2256 semper
2618 2185 2970 2250 conservetis,
2997 2193 3048 2238 et
3079 2185 3402 2237 annuntiare

1841 2293 1948 2335 non
1973 2279 2215 2343 cessetis,
2242 2278 2561 2332 divinissimi
2589 2285 2644 2332 et
2672 2276 2972 2332 admirandi
2996 2276 3180 2329 Patres
3206 2275 3400 2330 nostri.

1946 2369 2240 2439 Propterea
2289 2378 2468 2424 autem
2540 2369 2788 2424 misimus
2845 2369 3038 2422 iterum
3083 2367 3296 2421 fratrem
3348 2375 3403 2421 et

1843 2461 2186 2532 vestigiorum
2232 2471 2445 2516 tuorum
2494 2475 2862 2514 veneratorem
2914 2459 3295 2528 Epiphanium,
3342 2467 3403 2512 ut

1842 2553 2116 2607 renuntiet
2161 2552 2275 2621 ipse
2324 2552 2391 2606 de
2444 2550 2605 2605 rebus
2673 2551 2895 2611 nostris.
2949 2548 3398 2618 quemadmodum

1841 2644 2045 2699 sanctis
2099 2644 2354 2713 precibus
2417 2643 2613 2697 vestris
2677 2651 2824 2697 recte
2884 2641 3117 2695 habeant
3171 2639 3398 2693 omnia:

1841 2736 2197 2807 gaudentibus
2224 2736 2380 2789 nobis
2403 2733 2796 2804 peccatoribus,
2838 2741 2893 2787 et
2923 2732 3318 2787 exsultantibus
3343 2731 3397 2783 in

1841 2827 2214 2896 persecutione
2241 2835 2294 2880 et
2328 2827 2382 2880 in
2413 2825 2745 2889 carceribus,
2781 2825 2851 2878 ita
2878 2833 2938 2878 ut
2971 2824 3152 2878 dicere
3199 2823 3397 2877 audea-

1841 2932 2002 2971 mus:
2052 2915 2219 2971 Nobis
2258 2917 2442 2971 datum
2498 2925 2582 2970 est
2659 2930 2768 2969 non
2801 2914 2973 2968 solum
3047 2913 3272 2967 credere
3341 2913 3397 2965 in

1841 3010 2137 3075 Christum,
2159 3024 2346 3064 verum
2395 3010 2556 3064 etiam
2599 3023 2698 3078 pro
2727 3009 2846 3077 ipso
2875 3007 2981 3076 pati
3007 3006 3080 3059 "z
3115 3014 3175 3058 ut
3203 3004 3400 3058 excitet

1839 3119 1937 3159 vos
1964 3104 2030 3159 ad
2056 3103 2268 3158 enixius
2292 3103 2579 3165 orandum,
2607 3112 2662 3158 et
2711 3119 2809 3172 pro
2855 3101 3240 3158 imbecillitatis
3295 3117 3398 3155 no-

173 3177 565 3246 συμφὲροντος,
605 3184 746 3257 ὑπὲρ
783 3181 844 3243 οὗ
871 3190 899 3242 6
926 3189 1083 3259 λόγος
1112 3193 1263 3262 ἡμῖν,
1299 3193 1395 3246 καὶ
1425 3197 1563 3266 πρὸς
1589 3197 1732 3267 ὑμᾶς

1841 3201 1966 3247 strte
2030 3192 2370 3256 fortitudine,
2411 3201 2466 3247 et
2538 3206 2635 3260 pro
2685 3190 2959 3245 communi
2999 3189 3249 3254 utilitate,
3301 3204 3400 3258 pro

171 3268 296 3329 τοὺς
326 3269 664 3338 ἀγιωτάτους
688 3276 871 3345 δέησις
904 3281 1022 3350 τρὶς
1047 3281 1173 3352 ἄρτι
1211 3283 1496 3356 γινομένη’
1530 3287 1626 3357 οὐχ
1648 3288 1735 3342 ἴνα

171 3359 468 3429 ἀφεθῶμεν
502 3364 601 3432 τῆς
628 3367 870 3439 φυλακῆς
893 3387 904 3400 ·
934 3371 1017 3423 ὅτι
1057 3373 1192 3443 μηδέ
1218 3373 1542 3444 λογιζόμεθα
1567 3378 1735 3450 αὐτὴν

171 3450 416 3518 ἀδοξίανο
448 3452 585 3508 ἀλλὰ
609 3457 864 3526 μέγιστον
892 3461 989 3514 καὶ
1018 3463 1158 3534 ὑπὲρ
1183 3465 1284 3536 τὴν
1311 3467 1582 3540 ἡμετέραν
1612 3471 1734 3524 ἁνα-

171 3542 394 3614 ξιότητα
424 3546 608 3610 κλέος·
637 3549 753 3603 ἀλλ’
785 3550 932 3616 ὅπως
981 3551 1091 3619 ἕξει
1124 3555 1185 3610 16
1209 3558 1489 3627 ἐπωφελές
1553 3563 1611 3616 ἐν
1657 3563 1736 3633 τῷ

171 3635 361 3725 κοινῷ,
387 3637 491 3691 κᾶν
511 3640 621 3691 τῶν
641 3642 883 3711 ἐσχάτων
925 3645 1113 3714 ἐσμέν.
1155 3648 1435 3720 Πανταχοῦ
1468 3652 1595 3722 γὰρ,
1638 3672 1735 3725 φηο

175 3723 254 3775 σίν
279 3725 308 3776 6
334 3724 614 3794 Οεολόγος,
638 3728 698 3781 16
727 3728 846 3781 καθ’
876 3730 1104 3794 ἑαυτοὺς
1149 3736 1485 3805 παρορατέον
1517 3723 1659 3809 πρὸς
1674 3723 1734 3792 τὸ

171 3814 278 3867 τῶν
313 3815 528 3870 πολλῶν
584 3818 881 3887 συμφέρον.
933 3821 1221 3892 Συμφὲρον
1269 3823 1314 3876 δ’
1343 3826 1408 3878 ἂν
1452 3827 1558 3898 εἴη,
1601 3828 1676 3893 ὼς
1705 3831 1733 3882 6

167 3905 437 3975 ἡμέτερος
469 3907 668 3970 σκοπὸς
687 3909 780 3960 καὶ
803 3909 988 3976 πόθος,
1024 3913 1414 3986 ἐπιτιμηθῆναι
1441 3919 1733 3986 συνοδικῶς

169 3998 256 4050 διά
284 3997 378 4051 τοῦ
408 4000 832 4069 κορυφαιοτάτου
862 4006 1244 4076 ἀποστολικοῦ,
1280 4008 1469 4082 ὥσπερ
1504 4015 1596 4066 ἐπὶ
1624 4015 1734 4068 τῶν

171 4091 378 4144 ἀνωθεν
410 4093 504 4145 καὶ
525 4094 582 4158 ἑξ
614 4095 806 4165 ἀρχῆς,
833 4099 957 4162 τοὺς
978 4101 1436 4171 συνεδρεύσαντας
1471 4107 1610 4159 κατά
1637 4107 1731 4160 τοῦ

171 4180 513 4249 Εὐαγγελίου
542 4182 636 4236 τοῦ
663 4184 918 4253 Χριστοῦ,
955 4189 1049 4242 καὶ
1081 4189 1582 4260 ἀναθεματίσαντας
1607 4194 1734 4259 τοὺς

171 4271 564 4343 ἀντεχομένους
586 4275 749 4330 αὐτοῦ
771 4293 784 4307 ·
822 4278 914 4330 καὶ
948 4279 1026 4350 μὴ
1054 4281 1152 4350 τὴν
1185 4283 1455 4351 μοιχείαν,
1492 4286 1586 4337 καὶ
1621 4301 1733 4354 μοι·

169 4361 475 4430 χοξευξίαν,
513 4364 606 4417 καὶ
643 4367 1141 4440 μοιχοσυνδρομίαν,
1164 4371 1488 4442 δεξαμένους
1541 4374 1616 4438 ὡς
1663 4378 1732 4428 ol-

168 4454 432 4525 κονομίαν
471 4456 583 4510 τῶν
634 4457 826 4525 ἁγίων,
859 4461 1002 4531 καθά
1029 4463 1075 4516 οἱ
1111 4464 1423 4534 Μοιχειανοὶ
1454 4467 1731 4538 ἐδογμάτι-

1839 3299 1944 3354 qua
1990 3285 2146 3338 nobis
2190 3298 2368 3338 sermo
2397 3291 2480 3337 est
2511 3291 2604 3349 ;et
2643 3282 2710 3337 ad
2751 3297 2847 3337 vos
2871 3281 3239 3336 sanctissimos
3287 3290 3399 3334 ter-

1839 3377 1913 3431 tia
1965 3375 2075 3446 jam
2125 3376 2353 3445 repetita
2407 3372 2764 3444 deprecatio:
2804 3388 2912 3427 non
2956 3379 3014 3424 ut
3074 3387 3104 3425 e
3157 3371 3399 3426 custodia

1837 3466 2165 3531 liberemur;
2195 3465 2318 3535 quia
2351 3465 2488 3519 hanc
2515 3480 2621 3519 non
2662 3463 2909 3519 ducimus
2955 3460 3250 3525 infamiam,
3305 3462 3400 3516 sed

1836 3557 2124 3612 maximam
2164 3564 2222 3610 ut
2254 3571 2418 3624 supra
2465 3555 2654 3609 merita
2692 3563 2878 3609 nostra
2910 3553 3132 3624 gloriam
3163 3568 3178 3618 ;
3208 3566 3398 3606 verum

1836 3657 1895 3703 ut
1915 3647 2178 3703 redundet
2199 3647 2398 3701 utilitas
2418 3645 2471 3700 in
2495 3660 2802 3708 commune,
2854 3645 3068 3699 tametsi
3113 3659 3176 3698 ex
3202 3643 3400 3698 infimis

1834 3742 2023 3796 simus.
2091 3742 2317 3811 Semper
2372 3739 2537 3804 enim,
2594 3739 2668 3793 ait
2729 3737 3068 3807 Theologus,
3135 3736 3398 3806 privatum

1834 3833 2178 3886 commodum
2225 3831 2590 3902 spernendum
2623 3843 2734 3899 pra!
2791 3827 3024 3881 utilitate
3080 3827 3397 3881 multorum.

1833 3925 1976 3982 Utile
2005 3932 2184 3980 autem
2218 3924 2419 3989 fuerit,
2453 3923 2596 3993 quod
2631 3937 2799 3977 unum
2837 3929 2922 3976 est
2973 3920 3256 3977 consilium
3302 3936 3401 3974 no-

1833 4026 2005 4072 strum
2051 4026 2107 4072 et
2175 4016 2522 4078 desiderium,
2590 4015 2842 4085 synodice
2912 4029 3010 4083 per
3085 4029 3398 4082 supremum

1832 4108 2185 4178 apostolicum
2211 4149 2226 4174 ,
2280 4109 2422 4162 sicut
2475 4108 2542 4161 ab
2585 4106 2740 4160 initio
2803 4119 3020 4174 semper
3053 4104 3252 4159 factum
3293 4115 3396 4166 est,

1833 4199 2076 4254 damnari
2096 4214 2189 4253 eos
2219 4199 2308 4267 qui
2336 4207 2522 4253 contra
2564 4195 2912 4266 Evangelium
2941 4195 3143 4249 Christi
3197 4204 3397 4249 cretum

1833 4287 2092 4353 inierunt,
2124 4295 2178 4341 et
2203 4287 2551 4341 anathemate
2601 4284 2923 4340 defensores
2961 4283 3105 4337 illius
3152 4283 3398 4352 appetie-

1833 4387 1998 4447 runt;
2062 4379 2204 4450 quod
2274 4378 2632 4442 adulterium,
2706 4383 2761 4431 et
2788 4374 3018 4430 adulteri
3060 4373 3392 4443 coniugium,

1833 4481 1887 4527 et
1921 4470 2165 4527 adulterii
2197 4470 2552 4540 patrocinium
2618 4484 2727 4523 non
2779 4467 3084 4537 receperint
3138 4475 3392 4536 tanquam

170 4560 288 4608 σαν,
322 4546 759 4611 ἀποκαλέσαντες
803 4551 860 4602 ἐν
891 4553 1062 4623 τούτῳ
1093 4557 1219 4617 τούς
1271 4555 1461 4624 ἁγίους
1498 4559 1731 4628 παρανό-

1838 4563 2289 4634 dispensationem
2327 4570 2637 4618 sanctorum
2664 4574 2678 4614 :
2719 4560 2860 4614 sicut
2884 4557 3166 4613 Mmchiani
3191 4567 3393 4612 statue-

171 4655 338 4706 μουςο
394 4639 478 4692 ὅτι
528 4638 716 4709 μηδεὶς
769 4641 921 4711 ἆγιος
968 4645 1068 4715 τὴν
1118 4646 1313 4717 μερίδα
1349 4648 1489 4716 μενὶ
1537 4649 1727 4720 μοιχοῦ

165 4729 320 4783 ἔθετο
338 4747 353 4762 ο
383 4731 483 4801 οὐχ
500 4731 580 4785 ὅτι
603 4733 694 4785 καὶ
726 4735 1093 4803 μοιχωμένους
1120 4738 1483 4807 ἐστεφάνωσε,
1510 4741 1603 4794 καὶ
1635 4741 1733 4794 δώ-

175 4839 280 4890 ρων
315 4823 426 4875 τῶν
457 4823 616 4878 θείων
641 4825 1016 4895 μεταδέδωκεν
1037 4843 1050 4856 ⁶
1074 4830 1232 4883 ὁπότε
1269 4831 1388 4884 οὐδέ
1417 4833 1617 4904 στέγης
1640 4836 1733 4889 καὶ

169 4915 342 4984 πυρὸς
377 4915 714 4983 μεταδιδόναι
754 4918 955 4982 αὐτοῖς,
991 4917 1091 4972 κᾶν
1122 4918 1356 4988 βασιλεῖς
1379 4917 1504 4988 εἷεν,
1544 4924 1731 4996 διηγο-

168 5006 425 5078 ρεύκασι.
452 5008 660 5061 Κα“ιδτι
700 5011 792 5062 καὶ
822 5010 953 5064 αὐτὸ
988 5011 1050 5065 τὸ
1079 5011 1233 5065 Θεῖον
1263 5013 1554 5084 ἐξύϐρισαν
1606 5020 1728 5083 ταῖς

166 5098 522 5164 στεφανικαῖς
558 5099 985 5167 μυσταγωγίαις,
1036 5101 1417 5170 ἀνενεγκόντες
1451 5105 1513 5158 16
1539 5107 1730 5161 ἀνάθε-

167 5201 242 5252 μα
267 5183 356 5235 ἐπ’
389 5185 542 5248 αὐτὸ,
577 5185 665 5238 διὰ
698 5188 796 5256 τῆς
825 5188 933 5240 τῶν
987 5190 1360 5262 ἀντεχομένων
1409 5195 1503 5248 τοῦ
1554 5197 1722 5266 νόμου

163 5273 333 5326 αὐτοῦ
368 5275 827 5346 ἀναθεματίσεως.
864 5279 925 5332 El
953 5280 1008 5332 δὲ
1038 5284 1193 5335 τοῦτο
1218 5282 1278 5336 οὒ
1299 5324 1314 5348 ,
1350 5287 1511 5355 ἡμεῖς
1543 5287 1604 5340 16
1619 5287 1729 5341 λοι-

167 5364 266 5416 πὸν
293 5365 570 5435 εὐχόμεθα
599 5367 751 5436 ὑμῶν
792 5369 899 5421 τῶν
928 5372 1242 5441 προσευχῶν
1275 5374 1335 5426 16
1358 5374 1564 5441 σθένος,
1619 5379 1728 5432 τῶν

164 5451 265 5521 τῆς
296 5452 520 5523 ἀγάπης
556 5455 770 5525 θεσμῶν
811 5457 869 5510 16
902 5458 1088 5528 κῦρος,
1133 5461 1241 5515 τῶν
1270 5464 1619 5535 ἀντιγράφων
1672 5470 1731 5522 16

165 5545 403 5614 κράτος·
466 5545 493 5598 ὃ
528 5547 746 5612 πάντως
781 5550 1219 5626 παρακληθείητε
1261 5557 1506 5625 ποιῆσαι,
1547 5576 1729 5631 παρα-

170 5635 503 5706 μυθούμενοι
554 5639 678 5702 τοὺς
725 5639 1074 5712 ὀλιγοψύχους
1152 5645 1244 5698 καὶ
1301 5648 1731 5720 ἐπιῤῥωννύντες

241 5840 282 5867 ιι
314 5836 510 5906 Philip.
535 5851 571 5903 ι,
598 5839 669 5890 29

1837 4665 2001 4724 runt;
2047 4665 2359 4711 sanctorum
2411 4656 2467 4709 in
2499 4655 2591 4708 illo
2645 4669 2844 4708 nomen
2890 4653 3083 4706 dantes
3127 4651 3394 4722 iniustis;

1836 4747 2088 4817 quoniam
2114 4756 2422 4803 sanctorum
2446 4746 2628 4800 nullus
2649 4753 2854 4815 partem
2883 4743 3065 4813 posuit
3095 4760 3215 4798 cum
3243 4745 3396 4798 adul-

1837 4844 1991 4890 tero:
2027 4837 2224 4890 nedum
2265 4844 2319 4890 et
2350 4835 2627 4889 adulteros
2657 4833 2959 4898 coronavit,
2990 4843 3043 4888 et
3101 4833 3281 4888 divina
3319 4836 3397 4889 eis

1836 4929 1979 4984 dona
2027 4926 2287 4992 tradidit;
2318 4926 2535 4997 quando
2590 4941 2693 4981 nec
2722 4933 2867 4981 tecto
2928 4925 3175 4996 autigni,
3205 4941 3395 4995 quam-

1834 5021 1916 5075 vis
1942 5033 2092 5088 reges
2139 5028 2340 5082 essent,
2399 5018 2786 5086 impertiendos
2848 5019 3169 5073 docuerunt.
3256 5017 3393 5083 Quid

1831 5119 2008 5165 autem
2038 5111 2180 5179 quod
2255 5109 2419 5163 Deum
2477 5110 2651 5177 ipsum
2705 5107 3031 5162 contumelia
3091 5107 3395 5161 affecerunt

1830 5203 2128 5258 coronariis
2161 5202 2265 5257 illis
2295 5200 2582 5271 mysteriis,
2620 5210 2677 5256 et
2698 5201 2982 5255 anathema
3009 5199 3060 5253 in
3095 5215 3218 5253 eum
3242 5199 3394 5253 dixe-

1832 5301 1975 5357 runt,
2029 5307 2121 5346 eos
2167 5291 2257 5361 qui
2313 5291 2485 5362 legem
2518 5291 2636 5360 ejus
2687 5290 3137 5360 prapugnabant,
3169 5290 3396 5342 anathe-

1831 5383 2151 5437 matizantes
2179 5383 2202 5436 ?
2234 5381 2388 5447 Quod
2431 5383 2476 5436 si
2519 5383 2631 5438 haec
2679 5398 2786 5437 non
2823 5382 2974 5446 fiant,
3037 5382 3273 5452 petimus
3327 5382 3394 5434 de

1835 5482 2030 5528 caetero
2047 5489 2266 5542 precum
2300 5486 2600 5528 vestrarum
2641 5473 2806 5528 robur
2830 5514 2844 5539 ,
2875 5473 3155 5528 charitatis
3193 5472 3391 5526 vinculi

1836 5565 2320 5633 confirmationem,
2352 5568 2734 5638 rescriptorum
2801 5565 3173 5621 auctoritatem
3203 5583 3216 5618 :
3248 5563 3392 5632 quod

1837 5655 2058 5710 omnino
2103 5663 2358 5725 praestare
2389 5655 2704 5727 dignemini.
2737 5654 3068 5711 consolando
3111 5651 3394 5726 pusillani-
