3914 6438
521 345 652 414 1031

1698 353 1758 417 S.
1782 353 2175 417 THEODORI
2207 357 2554 420 ΞΤυῡΙΤιΕ

3633 356 3757 420 1032

519 475 656 523 mes,
732 457 1030 516 imbecilles
1102 459 1528 526 corroborando,
1609 463 1935 519 sanctissimi
2032 473 2086 520 et

2196 466 2312 529 τοὺς
2342 467 2655 534 ἀνάλκιδας,
2712 469 3004 538 ἁγιώτατοι
3046 467 3203 540 ἡμῶν
3242 470 3336 522 xal
3393 468 3623 540 ποθητοὶ
3674 488 3740 524 κα

514 549 902 606 desiderabiles
935 556 992 604 et
1032 564 1251 621 semper
1295 551 1588 608 venerandi
1651 551 1839 609 Patres
1890 555 2085 609 nostri.

607 683 846 743 XXXVI.
872 714 936 726 --
965 685 1300 757 Euprepiano
1329 700 1378 744 et
1412 691 1477 745 iis
1507 692 1594 761 qui
1621 708 1739 746 cum
1763 706 1822 745 eo
1850 700 1992 746 sunt.

2197 558 2545 612 ἀεισέσαστοι
2573 561 2836 632 Πατέρες.

2201 694 2340 762 Λςν.
2356 698 2831 765 -Εὐπρεπιανῷ
2851 696 2949 752 καί
2969 697 3092 764 τοῖς
3113 696 3236 752 σὺν
3259 696 3438 763 αὐτῷ.
3479 695 3644 771 Ῐπη’.]

905 800 1170 851 Confirmat
1191 801 1426 851 adversus
1448 800 1713 852 hereticos
1735 822 1746 851 :
1772 814 1981 864 quorum
2010 800 2200 854 facinus
2221 804 2426 868 impium
2447 805 2700 858 describit.
2729 808 2928 872 (Baron.
2957 822 3017 857 an
3060 809 3173 872 809,
3195 823 3246 858 ιι.
3271 809 3352 857 28.

587 902 888 959 Plurimum
923 905 1158 971 conﬁdo,
1204 905 1386 962 dilecti
1443 907 1559 970 lilii,
1623 923 1720 963 vos
1746 909 1909 963 vitam
1941 924 2099 982 agere

518 997 859 1066 tranquillam
885 999 1254 1053 etsecundum
1289 999 1456 1054 Deum
1487 999 1866 1070 compositam.
1902 999 2090 1065 Quare

518 1089 584 1143 ad
609 1090 660 1143 id
699 1091 842 1158 quod
888 1100 1042 1161 urget
1066 1106 1374 1147 sermonem
1410 1101 1750 1147 convertam.
1809 1093 2093 1160 Quidnam

519 1177 664 1232 istud
693 1187 876 1233 autem
903 1179 1046 1235 ?Uhi
1075 1196 1239 1250 prava
1264 1181 1480 1236 illorum
1517 1183 1766 1254 dogmata
1821 1183 2092 1255 patefece-

518 1269 711 1333 rimus,
765 1279 1052 1326 et-causas
1079 1272 1504 1338 ostenderimus,
1556 1283 1779 1344 propter
1825 1289 1960 1344 quas
1987 1289 2087 1329 nos

2269 911 2495 976 Εῦελπίς
2528 914 2663 982 εἰμι,
2700 912 2864 966 τέκνα
2913 913 3270 984 ἡγαπημένα,
3307 912 3564 982 περὶτῆς
3614 915 3732 983 είρη

2194 1002 2350 1067 ναίας
2377 1005 2471 1056 καὶ
2498 1003 2788 1058 θεοτάκτου
2827 1003 3106 1074 διαγωγῆς
3143 1003 3318 1072 ὑμῶν.
3376 1003 3468 1055 Διὸ
3506 1003 3763 1071 μετελεύ-

2194 1109 2358 1163 σομαι
2388 1093 2480 1147 τὸν
2525 1093 2681 1162 λόγον
2709 1093 2805 1147 ἐπὶ
2856 1094 2917 1148 τὸ
2950 1097 3295 1162 κατεπεῖγον.
3350 1093 3413 1145 Ti
3457 1093 3514 1146 δὲ
3569 1094 3762 1157 τοῦτο;

2194 1182 2361 1236 Ὅταν
2415 1183 2852 1256 ἀνακαλύψωμεν
2906 1184 2976 1239 τά
3032 1185 3243 1253 πονηρά
3278 1184 3458 1236 αὐτῶν
3491 1185 3761 1254 δόγματα,

2183 1273 2284 1326 καὶ
2318 1273 2684 1344 ὑποδείξωμεν
2711 1273 2809 1338 τὰς
2838 1275 3015 1338 alsia;
3045 1275 3114 1328 δι’
3145 1274 3212 1337 ἃς
3250 1275 3396 1344 ἡμᾶς
3432 1275 3764 1343 ἀνεθεμάτι-

518 1377 641 1416 eum
676 1362 796 1416 aliis
817 1363 1164 1418 anathemate
1198 1365 1562 1433 conﬁxerunt,
1615 1376 1728 1422 tum
1765 1369 1926 1438 plane
1949 1383 2087 1424 con-

2196 1381 2293 1418 σαν
2325 1365 2462 1435 μετὰ
2493 1365 2600 1418 τῶν
2624 1364 2818 1430 ἄλλων,
2847 1365 3195 1419 παντάπασιν
3219 1365 3639 1418 ἀποδείκνυνται
3668 1368 3764 1434 οὐχ

517 1453 681 1508 stabit
710 1468 803 1507 eos
831 1468 941 1508 non
969 1456 1244 1525 simplices
1267 1463 1475 1511 tantum
1514 1459 1794 1514 haereticos
1814 1475 1954 1527 esse,
1990 1460 2085 1515 sed

2196 1457 2452 1527 αἱρετικοὶ
2483 1456 2628 1527 ψιλοί
2664 1474 2802 1521 πως,
2827 1457 2941 1510 ἀλλ’
2974 1457 3279 1511 ἀποστάται
3310 1455 3403 1509 τοῦ
3429 1457 3763 1524 Εὐαγγελίου

519 1560 549 1599 a
591 1545 682 1599 Dei
724 1545 1014 1618 Evangelia
1071 1557 1370 1617 apostatas,
1415 1559 1470 1605 et
1527 1551 2085 1606 excommunicatores

2196 1548 2282 1602 τοῦ
2313 1547 2470 1612 Θεοῦ,
2527 1548 2637 1602 τῶν
2674 1566 2732 1602 τε
2783 1549 2955 1618 ἁγίων
2997 1548 3449 1619 ἀναθεματισταὶ,
3516 1551 3613 1601 καὶ
3656 1549 3765 1601 τῶν

519 1645 853 1712 sanctorum,
881 1648 935 1692 et
955 1654 1225 1695 canonum
1252 1656 1552 1697 eversores.
1590 1641 1831 1696 Primum
1863 1643 2083 1713 quidem

2196 1640 2434 1693 κανόνων
2471 1640 2786 1693 καταλυταί.
2841 1640 2914 1692 Τὸ
2960 1640 3207 1710 πρῶτον,
3245 1639 3762 1709 ἀντικαθιστάμενοι

516 1731 660 1800 quod
697 1740 751 1786 et
778 1729 959 1786 Veteri
1001 1741 1056 1786 et
1081 1730 1232 1788 Novo
1274 1735 1645 1790 adversentur.
1695 1735 1816 1790 Non
1859 1737 2086 1791 moecha-

2196 1733 2433 1796 [Ιαλαιᾶς
2499 1733 2592 1787 καὶ
2655 1732 2816 1794 Νέας.
2874 1729 2972 1798 Μὴ
3032 1731 3420 1800 μοιχεύσεις,
3481 1732 3509 1782 ὁ
3555 1730 3762 1800 νόμος’

519 1821 728 1886 beris",
745 1823 822 1877 ait
847 1823 929 1878 lex
966 1840 980 1878 :
1014 1822 1137 1878 Non
1157 1842 1389 1879 assumes
1421 1843 1605 1881 nomen
1625 1827 1719 1882 Dei
1735 1828 1788 1881 in
1809 1827 2083 1882 uanum".

525 1911 637 1967 Una
688 1913 770 1966 lea;
829 1924 936 1968 esto
989 1915 1178 1968 ,Ιιιάωο
1227 1926 1275 1968 et
1325 1917 1583 1987 proselyto
1609 1920 1674 1972 “.
1731 1919 2084 1990 Evangelium

521 2000 717 2058 deinde
751 2003 864 2058 sive
923 2003 1205 2060 Christus:
1248 2007 1507 2069 Audistis,
1557 2006 1755 2076 inquit,
1795 2009 1920 2078 quia
1975 2008 2088 2060 dic-

524 2101 635 2147 tum
664 2104 737 2148 est
763 2097 993 2168 antiquis
1019 2113 1033 2151 :
1064 2096 1183 2151 Non
1211 2097 1566 2153 marcltaberis.
1613 2098 1724 2168 Ego
1767 2109 1942 2153 autem
1975 2101 2088 2154 dico

515 2187 656 2241 vobis
671 2203 762 2241 nec
776 2192 1005 2256 aspicere
1025 2189 1299 2244 mulierem
1320 2191 1388 2243 ad
1402 2190 1864 2258 concupiscendum
1885 2208 1998 2244 eam
2018 2193 2086 2256 ’³,

522 2275 590 2330 Et
632 2293 646 2331 :
700 2274 801 2342 Qui
831 2278 1040 2332 soluerit
1077 2297 1238 2334 unum
1287 2282 1350 2334 de
1395 2281 1657 2334 mandatis
1692 2282 1804 2333 istis
1837 2281 2088 2342 minimis,

521 2369 606 2422 hic
658 2371 902 2424 minimus
953 2374 1223 2426 vocabitur
1295 2375 1351 2427 in
1396 2391 1554 2444 regno
1590 2374 1835 2427 calorum
1863 2375 1950 2438 “;
1987 2375 2091 2429 hoc

520 2469 626 2524 est,
658 2459 711 2513 in
750 2461 928 2531 ignem
955 2501 970 2526 ,
1005 2472 1065 2516 ut
1118 2465 1547 2533 interpretantur
1583 2463 1794 2530 Patres,
1829 2465 2089 2530 conjicie-

519 2557 630 2605 tur.
672 2549 738 2605 Hi
793 2567 940 2614 vero,
984 2567 1017 2606 o
1042 2568 1154 2606 rem
1179 2555 1364 2608 auditu
1389 2555 1702 2609 horribilem
1735 2555 2093 2609 ladulterium

519 2657 552 2696 a
580 2641 697 2710 lege
715 2652 769 2697 et
793 2643 965 2715 gratia
998 2644 1218 2698 vetitum
1247 2645 1328 2699 vel
1353 2645 1466 2714 ipso
1518 2646 1797 2700 oculorum
1828 2645 2094 2700 desiderio

524 2749 704 2804 tenus,
758 2741 1350 2810 transgressionemque
1396 2740 1632 2796 mandati
1703 2755 1813 2794 non
1884 2739 2091 2794 minimi

519 2829 660 2896 dico,
688 2830 780 2885 sed
817 2831 1069 2894 maximi,
1105 2839 1160 2885 et
1191 2832 1335 2901 quod
1392 2834 1626 2903 primum
1648 2831 1850 2886 servari
1894 2831 2089 2897 debet;

519 2922 588 2975 ad
613 2921 748 2987 hinc,
799 2922 1037 2976 nominis
1065 2921 1180 2988 Dei,
1215 2938 1324 2978 non
1361 2923 1417 2978 in
1455 2938 1612 2985 vano,
1645 2923 1738 2977 sed
1769 2923 1821 2976 in
1859 2938 1916 2977 re
1955 2922 2092 2976 adeo
2118 2961 2162 3018 ο

522 3012 702 3068 illicita
731 3025 783 3068 et
809 3012 1036 3078 nefaria,
1082 3014 1140 3068 in
1173 3014 1540 3069 adulterorum
1594 3014 1801 3068 scilicet
1827 3015 2092 3084 conjunc-

523 3105 691 3168 tione,
746 3103 1178 3174 usurpationem,
1206 3091 1519 3174 Cbristique
1559 3104 1939 3173 mysteriorum
1991 3103 2094 3156 imo

521 3197 901 3262 mutationem,
972 3205 1027 3252 et
1083 3196 1358 3253 inimicam
1421 3197 1531 3252 Deo
1566 3197 1971 3252 coronationem
2029 3195 2097 3249 ab

520 3288 767 3344 adulterii
805 3300 1025 3344 auctore
1073 3290 1290 3345 diabolo
1343 3290 1568 3359 ejusque
1607 3288 1856 3343 ministro
1877 3287 2092 3348 factam,

521 3378 614 3433 Dei
656 3379 1111 3448 dispensationem
1149 3379 1504 3449 appellarunt,
1533 3395 1759 3449 eamque
1779 3378 2094 3434 laudabilem

519 3479 576 3527 et
603 3471 862 3528 Ecclesiae
889 3473 1206 3528 salutarem.

589 3715 920 3771 Obturemus
963 3729 1159 3780 aures,
1209 3729 1275 3767 ne
1323 3713 1658 3784 blasphemia
1713 3715 2090 3781 tabescamus,

521 3807 732 3864 fratres.
768 3809 941 3876 Atque
969 3807 1069 3862 hac
1101 3807 1420 3861 defensione
1451 3816 1681 3861 utuntur
1702 3847 1716 3870 ,
1753 3807 2093 3878 evangelica-

521 3916 638 3954 rum
669 3900 846 3969 legum
881 3899 1168 3964 rationem,
1189 3915 1311 3951 cum
1336 3899 1403 3952 de
1428 3899 1644 3968 regibus
1669 3898 1862 3966 agitur,
1885 3898 2087 3962 haberi,

521 4001 580 4047 ut
607 3993 792 4056 aiunt,
833 4008 938 4044 non
970 3992 1188 4044 debere.
1226 3989 1300 4043 En
1341 3990 1441 4042 alia
1476 3991 1793 4045 Antichristi
1836 4008 2090 4060 persecu-

521 4083 618 4148 tio,
650 4093 704 4138 et
737 4083 955 4136 ubinam
993 4082 1117 4136 illud
1148 4099 1159 4134 :
1193 4080 1391 4135 Eadem
1416 4082 1498 4134 lea:
1523 4083 1619 4135 erit
1651 4083 1730 4135 '7?
1773 4084 1838 4137 Et
1879 4084 1968 4136 ubi
1998 4082 2093 4136 Ju-

521 4177 718 4229 dicium
765 4175 1102 4228 durissimum
1139 4175 1218 4227 his
1255 4175 1344 4244 qui
1377 4186 1608 4242 prwsunt
1631 4174 1673 4206 ’⁸
1696 4175 1718 4226 ?
1745 4184 1801 4230 et
1828 4176 1918 4230 ubi
1952 4175 2091 4229 Deus

2187 1819 2282 1889 Μὴ
2332 1820 2504 1889 λήψῃ
2548 1821 2614 1874 τὸ
2662 1821 2849 1889 ὄνομα
2881 1820 2989 1874 τοῦ
3036 1821 3184 1874 Θεοῦ
3243 1819 3343 1872 ἐπὶ
3383 1821 3634 1887 ματαίῳ.
3665 1815 3766 1885 εἷς

2185 1917 2369 1982 νόμος
2423 1913 2579 1966 ἔστω
2620 1911 2700 1977 τῷ
2765 1909 3036 1976 Ἰουδαίῳ
3088 1911 3186 1963 καὶ
3247 1908 3324 1975 τῷ
3371 1913 3761 1977 προσηλύτῳ.

2186 2004 2353 2066 Αὖθις
2378 2005 2436 2057 τὸ
2469 2006 2816 2074 Εὑαγγέλιον,
2851 2005 2973 2077 ῆτοι
3030 2006 3059 2058 ό
3114 2003 3372 2073 Χριστός,
3402 2003 3762 2067 Ἠκούσατε,

2188 2098 2372 2167 φησιν,
2420 2096 2510 2150 ὅτι
2568 2097 2787 2165 ὲρῤήθη
2854 2096 2978 2162 τοῖς
3030 2095 3342 2163 ἀρχαίοιςο
3397 2095 3480 2146 Οὐ
3517 2094 3763 2162 μοιχεύ-

2188 2204 2354 2254 σεις’
2390 2188 2504 2258 ἐγὼ
2554 2187 2622 2241 δὲ
2682 2188 2835 2257 λέγω
2893 2187 3068 2256 ῠμῖνο
3100 2185 3254 2255 μηδὲ
3313 2184 3610 2253 ἐμϐλέψαι
3661 2203 3764 2253 γυ-

2188 2279 2366 2332 ναῖκα
2397 2277 2543 2346 πρὸς
2569 2277 2634 2330 τὸ
2665 2275 3032 2345 ἐπιθυμῆσαι
3077 2275 3289 2341 αὑτήν.
3334 2275 3464 2338 Καὶ,
3508 2274 3570 2327 '0
3600 2276 3766 2327 λύων

2186 2370 2332 2438 μίαν
2362 2368 2478 2423 τῶν
2505 2367 2770 2422 ἐντολῶν
2786 2368 3010 2421 τούτων
3040 2366 3158 2420 τῶν
3187 2367 3553 2434 ἐλαχίστων,
3586 2361 3766 2430 οὗτος

2189 2460 2509 2529 ἐλάχιστος
2531 2460 2896 2526 κληθήσεται
2914 2458 2984 2512 ἐν
3017 2456 3089 2525 τῇ
3111 2457 3400 2522 βασιλείᾳ
3435 2455 3552 2509 τῶν
3590 2457 3766 2522 οὐραο

2190 2552 2339 2606 νῶν’
2365 2554 2532 2624 ῆγουν
2561 2557 2640 2616 είς
2666 2553 2727 2605 τὸ
2759 2551 2887 2622 πῦρ,
2913 2551 2988 2613 ὡς
3010 2551 3059 2602 oi
3087 2549 3325 2618 υατέρες
3345 2547 3762 2619 ἑρμηνεύουσιν,

2193 2643 2617 2713 ὲμόληθήσεται.
2656 2645 2720 2696 Οί
2745 2642 2823 2704 δὲ,
2861 2640 2905 2695 ὣ
2955 2639 3050 2694 τοῦ
3083 2637 3314 2708 φοϐεροῦ
3373 2637 3761 2707 ἀκούσματοςι

2191 2731 2290 2804 τὴν
2322 2734 2564 2803 μοιχείαν
2590 2734 2687 2803 τὴν
2711 2735 3048 2804 ὲκκήρυκτον
3079 2731 3244 2801 νόμου
3269 2729 3364 2783 καὶ
3398 2730 3641 2798 χάριτος,
3672 2730 3766 2798 μὲ-

2192 2842 2284 2895 χρι
2321 2825 2416 2878 καὶ
2453 2823 2742 2894 ἐπιθυμίας
2773 2824 3249 2894 ὲμδλεμματικῆς,
3283 2822 3380 2891 τήν
3407 2837 3466 2872 τε
3493 2819 3648 2872 λύσιν
3665 2819 3766 2886 τῆς

2191 2915 2290 2968 οὐκ
2325 2912 2633 2983 ἐλαχίστης,
2665 2911 2800 2966 ἀλλά
2823 2911 3041 2984 πρώτης
3078 2913 3252 2965 εἰπεῖν
3273 2913 3329 2963 ἐν
3359 2910 3436 2980 τῷ
3472 2910 3765 2980 πρακτικῷ

2198 3004 2290 3058 καὶ
2316 3003 2577 3074 μεγίστης
2598 3000 2817 3071 ἐντολῆς
2834 3017 2848 3031 ο
2879 3002 2974 3054 καὶ
3005 3001 3138 3071 πρὸς
3161 2999 3394 3066 τούτοις,
3426 2999 3524 3069 τὴν
3549 2999 3644 3050 οὐκ
3672 2998 3765 3050 επὶ

2198 3098 2411 3170 ματαίῳ
2443 3095 2605 3167 λῆψιν
2627 3093 2721 3149 τοῦ
2750 3094 3011 3164 ὀνόματος
3039 3092 3133 3146 τοῦ
3163 3090 3320 3159 Θεοῦ,
3353 3091 3466 3144 ἀλλ’
3502 3092 3593 3142 ἐπὶ
3633 3089 3763 3143 ἀθεο

2199 3191 2338 3262 μίτῳ
2366 3189 2668 3262 τηλικάυτῃ
2698 3185 2895 3253 πράξει
2946 3189 3176 3256 πονηρᾷ,
3211 3187 3354 3251 λέγω
3394 3184 3457 3255 δὴ
3484 3185 3767 3254 μοιχοζευ-

2198 3283 2306 3352 Eia,
2333 3282 2490 3352 λῆψιν
2529 3280 2622 3334 τοῦ
2660 3281 2922 3350 ὀνόματος
2974 3277 3066 3330 τοῦ
3097 3277 3253 3341 Θεοῦ,
3306 3277 3397 3330 καὶ
3459 3274 3767 3344 μετάληψιν

2194 3374 2301 3428 τῶν
2337 3371 2653 3444 μυστηρίων
2693 3369 2954 3441 Χριστοῦ,
3018 3369 3110 3422 xal
3139 3367 3467 3436 στεφανικὴν
3503 3365 3598 3418 τοῦ
3640 3383 3764 3436 μοι·

2194 3464 2426 3536 χουργοῦ
2466 3463 2714 3516 διαϐόλου
2747 3463 2842 3521 καὶ
2885 3460 3157 3532 ὑπηρέτου
3213 3457 3376 3510 αὑτοῦ
3437 3458 3764 3527 θεομαχίαν,

2195 3555 2501 3624 οἰκονομίαν
2522 3554 2656 3607 Θεοῦ
2690 3555 3159 3626 προσηγόρευσαν,
3193 3551 3407 3621 ἀγαθήν
3445 3566 3504 3602 τε
3532 3551 3628 3602 καὶ
3665 3566 3772 3602 σωο

2193 3645 2384 3715 τήριον
2409 3647 2476 3716 τῇ
2524 3644 2846 3714 Ἐκκλησίᾳ.

2264 3734 2525 3804 Βύσωμεν
2568 3732 2633 3785 τά
2686 3727 2822 3793 ὦτα,
2863 3733 2936 3803 μή
2978 3747 3106 3784 ποτε
3141 3729 3397 3800 τακῶμεν
3423 3731 3490 3800 τῇ
3524 3727 3772 3800 βλασφη-

2197 3827 2314 3898 μίᾳ,
2362 3821 2406 3881 ὦ
2442 3825 2682 3896 ἀδελφοί.
2715 3826 2825 3878 Καὶ
2876 3826 2935 3878 τὸ
2968 3824 3242 3894 δικαίωμα
3280 3825 3483 3886 αὐτοῖς,
3533 3823 3628 3875 ἐπὶ
3661 3823 3771 3876 τῶν

2195 3918 2453 3987 βασιλέων
2473 3957 2488 3982 ,
2545 3917 2699 3988 φησὶ.
2733 3919 2931 3986 χρῆναι
2976 3914 3351 3985 παραὸλέπειν
3379 3915 3505 3976 τοὺς
3534 3915 3772 3982 εὐαγγε-

2193 4010 2377 4069 λικοὺς
2393 4008 2607 4077 νόμους.
2630 4008 2734 4060 Ἴδε
2751 4006 2882 4076 άλλη
2903 4005 3278 4076 ἀντιχριστικὴ
3304 4005 3628 4075 προδρομία.
3659 4008 3771 4059 Kal

2193 4099 2296 4152 ποῦ
2327 4101 2409 4164 τὸ,
2453 4097 2558 4164 Εἷς
2602 4100 2782 4167 νόμος
2805 4099 2974 4151 ἔσται
2997 4138 3012 4161 ,
3035 4099 3144 4151 Kal
3166 4097 3269 4148 ποῦ
3296 4099 3592 4164 τδ,Κρι’σις
3619 4098 3773 4150 ἀπό.

2197 4209 2376 4261 τομος
2403 4191 2471 4244 ἐν
2501 4191 2624 4257 τοῖς
2676 4191 3082 4258 ὐπερέχουσι;
3131 4190 3240 4242 Kal
3293 4189 3394 4241 ποῦ
3440 4189 3519 4254 τὸ,
3570 4191 3773 4256 Πρόσ-

521 4283 798 4336 personam
832 4266 1055 4318 hominis
1094 4282 1193 4318 non
1226 4267 1416 4334 accipit
1463 4266 1541 4318 "?
1578 4267 1645 4320 Et
1687 4268 1808 4336 quis
1850 4269 2085 4338 impera-

2196 4298 2353 4334 ωπον
2368 4281 2681 4348 ἀνθρώπου
2710 4281 2852 4344 Θεὸς
2868 4281 2938 4332 οὐ
2956 4277 3278 4347 λαμϐάνεις
3313 4277 3419 4331 Kal
3438 4278 3521 4340 τίς
3546 4280 3574 4330 ό
3604 4295 3774 4348 νομο-

524 4357 658 4411 toris
683 4355 990 4427 legislator?
1016 4355 1080 4409 Et
1103 4355 1358 4425 quoniam
1384 4365 1443 4409 ut
1469 4355 1741 4424 princeps,
1773 4357 1850 4412 sie
1876 4371 1931 4411 et
1961 4360 2093 4413 sub-

523 4449 708 4515 ditus;
756 4449 1098 4502 subditorum
1146 4463 1361 4517 quoque
1407 4463 1515 4501 non
1556 4458 1718 4502 erunt
1760 4450 2094 4521 Evangelicae

523 4542 688 4613 leges.
714 4541 847 4595 Nam
876 4543 919 4594 si
947 4541 1112 4605 illius,
1140 4540 1440 4595 etistorum
1469 4556 1684 4610 quoque
1713 4561 1724 4594 :
1752 4550 1810 4594 ut
1836 4551 2093 4612 tanquam

524 4634 627 4687 sub
658 4648 762 4685 una
817 4633 931 4701 lege
971 4647 1032 4685 ac
1077 4631 1384 4702 legislatore
1423 4632 1616 4700 positi,
1650 4633 2095 4703 obtemperantes

521 4735 579 4780 et
625 4726 742 4780 sine
793 4725 1025 4778 tumultu
1081 4733 1356 4778 maneant.
1387 4723 1541 4789 Quod
1589 4726 1632 4778 si
1683 4725 1776 4780 ille
1824 4728 1924 4782 sub
1978 4729 2098 4799 lege

524 4833 632 4870 non
665 4817 736 4870 sit
767 4816 982 4885 quando
1025 4817 1138 4869 vult
1163 4857 1177 4878 ,
1217 4817 1345 4869 velit
1385 4826 1564 4870 autem
1618 4815 1845 4872 fortasse
1888 4819 2096 4874 nullam

522 4923 775 4973 servare;
824 4908 908 4961 isti
957 4923 1084 4961 vero
1118 4909 1474 4964 nihilominus
1503 4910 1612 4964 sint
1661 4912 1761 4966 sub
1811 4912 1974 4980 lege:
2029 4914 2101 4967 al-

523 5007 697 5055 terum
744 5016 773 5054 e
819 4999 1029 5053 duobus
1093 5000 1242 5069 sequi
1276 5016 1495 5055 necesse
1527 5010 1626 5066 est,
1654 5013 1748 5056 aut
1802 5005 2100 5072 imperato-

526 5108 640 5146 rem
687 5091 851 5145 Deum
908 5109 1066 5156 esse;
1119 5092 1266 5145 solus
1314 5093 1578 5161 siquidem
1637 5095 1781 5148 Deus
1829 5096 1930 5149 sub
1981 5097 2099 5167 lege

525 5199 635 5236 non
665 5191 784 5247 est;
822 5191 916 5236 aut
963 5182 1309 5236 rebellionem
1369 5184 1599 5238 existere
1647 5195 1702 5239 et
1753 5187 2096 5242 seditionem.

526 5274 625 5329 Ubi
662 5275 808 5329 enim
852 5274 1038 5328 eadem
1072 5275 1154 5328 lex
1200 5289 1307 5328 non
1365 5276 1579 5344 est,qui
1614 5292 1717 5345 pax
1755 5292 1873 5332 esse
1908 5281 2100 5349 queat?

528 5365 854 5434 lmperatore
905 5365 1048 5419 aliud
1104 5365 1348 5429 volente,
1398 5367 1654 5420 mteehari
1705 5369 1948 5432 scilicet,
2009 5381 2102 5425 aut

528 5454 719 5510 hairesi
748 5455 1023 5508 adhaerere
1054 5471 1065 5506 :
1103 5455 1344 5509 subditos
1366 5467 1545 5510 autem
1585 5457 1916 5528 astringente
1949 5458 2061 5529 lege
2084 5501 2097 5524 ,

529 5555 590 5602 ut
642 5563 765 5601 cum
813 5547 1059 5603 adultero
1118 5562 1224 5601 non
1302 5549 1707 5603 communicent
1755 5566 1768 5602 :
1835 5565 1936 5605 nec
1988 5552 2099 5605 hae-

529 5636 635 5690 resi
667 5653 788 5690 cum
827 5638 913 5692 illo
940 5639 1249 5692 adhaereant
1279 5657 1289 5691 :
1325 5655 1421 5692 nec
1451 5640 1592 5692 aliud
1636 5641 1926 5710 quidquam
1977 5644 2091 5695 vio-

1245 5752 1463 5804 ’3ibkL
1505 5769 1593 5805 vn.
1672 5755 1713 5782 ’δ

1299 5823 1340 5853 ’θ
1373 5823 1540 5876 Galat.
1579 5839 1647 5884 ιι,
1681 5825 1730 5876 ti.

605 5750 845 5802 "Exod.
902 5765 986 5811 xx,
1052 5767 1169 5814 xm,

533 5832 627 5882 ιιι,
656 5819 741 5873 ιο.
817 5820 858 5849 ’³
897 5820 1020 5888 Sap.
1053 5836 1133 5876 γι.
1170 5822 1220 5874 6.

1795 5754 1962 5810 Exod.
2025 5773 2114 5821 xu,
2154 5759 2238 5815 «50.

2197 4373 2355 4442 θέτης
2380 4372 2676 4442 βασιλέωςς
2717 4373 2823 4425 Kal
2879 4371 3062 4441 ἐπειδὴ
3095 4369 3235 4424 κατὰ
3285 4368 3346 4422 τὸ
3378 4368 3544 4438 ἄρχον
3572 4371 3670 4423 καὶ
3716 4371 3776 4423 τὸ

2195 4465 2514 4534 ἀρχόμενον,
2547 4463 2669 4516 οὐδὲ
2710 4464 2818 4516 τῶν
2851 4463 3169 4534 ἀρχομένων
3199 4463 3246 4514 oi
3277 4461 3428 4531 νόμοι
3457 4462 3506 4513 οἱ
3533 4461 3775 4530 εὐαγγε-

2195 4555 2358 4607 λικοί.
2385 4555 2446 4607 Εἰ
2472 4553 2582 4624 γὰρ
2612 4552 2840 4617 ἐκείνου,
2867 4552 3133 4605 κάκείνων
3153 4568 3166 4581 ο
3192 4553 3280 4605 ἵνα
3309 4551 3544 4622 μένωσιν
3569 4552 3648 4616 ὡς
3682 4552 3775 4620 ὑφ’

2198 4645 2279 4697 ἐνὶ
2317 4645 2636 4714 ταττόμενοι
2690 4645 2840 4714 νόμῳ
2886 4645 2978 4697 καὶ
3017 4643 3299 4714 νομοθέτῃ,
3345 4642 3618 4705 εὐπειθεῖς
3679 4644 3778 4695 καὶ

2197 4735 2567 4788 ἀστασίαστοι.
2603 4735 2663 4787 Εί
2688 4733 2744 4786 δὲ
2769 4736 2976 4798 ἐκείνου
3007 4732 3090 4799 οὒ,
3119 4735 3206 4787 ὅτε
3234 4733 3484 4804 βούλεται
3511 4750 3524 4763 ·
3551 4735 3613 4786 οὐ
3643 4733 3776 4802 βού-

2198 4827 2342 4880 λοιτο
2369 4827 2425 4878 δὲ
2458 4827 2617 4896 τυχὸν
2643 4826 2833 4881 οὐδένα
2861 4827 3148 4896 φυλάττειν
3173 4843 3188 4858 ο
3229 4826 3408 4879 αὐτῶν
3433 4826 3488 4878 δὲ
3516 4827 3607 4878 ναί
3632 4843 3646 4856 ·
3683 4827 3778 4880 δύο

2201 4917 2393 4978 ταῦτα,
2428 4917 2460 4987 ἢ
2489 4918 2618 4980 Θεός
2646 4918 2792 4970 ἐστιν
2820 4920 2848 4970 ό
2885 4917 3132 4986 βασιλεύς
3153 4934 3165 4946 ·
3192 4917 3350 4987 μόνον
3385 4919 3492 4985 γάρ
3530 4917 3591 4968 τὸ
3618 4918 3779 4969 Θεῖον

2199 5010 2294 5078 οὐχ
2326 5007 2431 5061 imo
2464 5011 2625 5079 νόμον
2654 5026 2666 5039 °
2701 5010 2734 5080 ἢ
2770 5010 3026 5080 ἀναρχία,
3057 5012 3149 5062 καὶ
3182 5009 3388 5072 στάσις.
3433 5003 3507 5061 Οὗ
3542 5009 3652 5078 γὰρ
3687 5012 3779 5060 νὸ-

2203 5118 2300 5170 μος
2333 5101 2408 5171 μὴ
2436 5103 2648 5164 ταυτὸς,
2682 5103 2798 5165 πῶς
2833 5103 3060 5173 εἰρήνη;
3101 5102 3192 5154 τοῦ
3227 5101 3489 5171 βασιλέως
3526 5102 3659 5154 ἄλλο
3687 5103 3782 5152 θέ-

2199 5191 2400 5255 λοντος,
2438 5194 2604 5260 ἤγουν
2648 5193 2941 5263 μοιχεύειν,
2973 5195 3004 5263 ἢ
3037 5192 3364 5262 αἱρετίζεινο
3396 5193 3488 5245 καὶ
3523 5192 3633 5244 τῶν
3673 5193 3782 5243 ὑπὸ

2203 5287 2359 5354 χεῖρα
2390 5286 2462 5354 μὴ
2495 5286 2840 5339 συντίθεσθαι
2863 5286 2958 5354 τὴν
2997 5286 3210 5356 μερίδα·
3230 5284 3366 5354 μετά
3391 5283 3583 5352 μοιχοῦ
3610 5300 3782 5348 νομοο

2203 5377 2558 5446 θετουμένων,
2595 5378 2728 5447 μηδὲ
2752 5378 3138 5447 συναιρετίζειν
3163 5394 3177 5408 ο
3215 5376 3338 5445 μηδ’
3360 5376 3442 5427 ὅτι
3471 5372 3566 5427 οὖν
3593 5391 3783 5442 παρα·

2203 5467 2407 5521 ϐαίνειν
2437 5468 2496 5522 τὸ
2527 5470 2632 5521 ὑπὸ
2665 5470 2900 5541 Χριστοῦ
2936 5471 3026 5523 καὶ
3053 5470 3160 5522 τῶν
3184 5469 3500 5523 ἀποστόλων
3530 5469 3781 5537 παραδε-

2201 5560 2599 5630 δομένονςΚαὶ
2650 5563 2764 5625 πῶς
2816 5563 3062 5615 ἐντεῦθεν
3108 5563 3168 5615 οὐ
3225 5561 3687 5628 συναναφαίνεται
3750 5559 3780 5610 ό

2214 5652 2571 5722 ’Λντίχριστος
2613 5655 2701 5705 ἐπὶ
2746 5653 2933 5722 θύραις
2979 5649 3154 5718 εἷναι;
3187 5654 3260 5706 Οὐ
3297 5653 3404 5723 γὰρ
3433 5653 3780 5721 τολμήσουσι

2366 5763 2620 5818 "Matth.
2671 5781 2737 5831 ν,
2779 5765 2865 5831 a7,
2911 5766 2998 5820 es.
3074 5766 3119 5798 ιο
3155 5765 3284 5820 ibid.
3347 5764 3426 5819 ιο.
3507 5764 3549 5794 ιτ
3591 5763 3770 5818 Exod.
