3914 6470
1406 401 1525 461 ΕΡΙ
1535 401 1946 466 STOLARUM
1971 403 2118 464 LIB.
2158 405 2208 465 Ι.

3285 409 3423 478 1034

176 497 346 566 φάναι
369 499 419 550 οί
443 501 760 571 Μοιχειανοί
782 519 794 534 °
831 505 921 574 Μὴ
963 505 1084 578 οὐχὶ
1121 505 1149 559 ὃ
1181 510 1374 579 ἀνομεί
1410 514 1438 564 ό
1475 512 1724 582 βασιλεὺς

1855 511 1966 567 lent
1994 529 2182 570 eorum
2213 529 2334 586 qua:
2357 530 2388 570 a
2417 516 2633 572 Christo
2669 526 2724 572 et
2753 520 3014 588 apostolis
3048 522 3244 580 tradita
3275 536 3422 583 sunt.

175 591 325 642 ποιεί
350 607 409 643 τε
439 588 533 644 τεαὶ
565 593 776 647 κελεύει
801 596 1050 650 ὑπείκειν
1074 599 1166 653 τὸν
1195 600 1358 665 λαόν;
1396 605 1505 658 Καὶ
1539 605 1613 658 ἴδε
1638 609 1752 660 είσ-

172 678 343 749 ἦλθεν
371 683 430 734 ὲν
457 682 530 753 τῷ
555 683 702 756 λόγῳ
735 687 914 742 αὐτῶν
940 690 1159 755 πάντως
1181 693 1209 744 ό
1242 694 1624 766 Ἀντίχριστος.
1655 696 1754 752 Βα-

173 770 359 835 σιλεὺς
398 773 504 844 γὰρ
535 773 609 828 ὢν
648 778 917 841 κάκεῖνος,
952 778 1113 836 τοῦτο
1153 784 1312 852 μόνον
1347 787 1690 859 ὲπιζητήσοι,
1722 789 1752 842 ὃ

172 860 316 914 θέλει
373 865 469 916 καὶ
517 864 666 934 λέγει
716 867 999 936 γίνεσθαι·
1037 873 1131 925 καὶ
1176 874 1328 929 οὐδὲν
1383 877 1446 930 τὸ
1495 877 1751 950 διάφορον

171 951 313 1019 πρὸς
343 954 471 1018 τοὺς
502 955 609 1025 πρὸ
636 957 822 1022 αὑτοῦ,
859 959 892 1031 ἢ
928 960 1009 1026 τὸ,
1043 962 1119 1034 μὴ
1144 964 1399 1019 τοσοῦτον
1440 966 1615 1021 θέλειν
1655 968 1752 1023 καὶ

171 1040 483 1110 βούλεσθαι,
508 1047 642 1110 ὡσεὶ
673 1051 766 1102 καὶ
787 1049 1066 1123 θελήσοιεν
1095 1055 1186 1107 καὶ
1217 1055 1363 1126 ἄρτι.
1410 1058 1473 1111 Ἦ
1501 1059 1638 1129 αὐτὴ
1665 1060 1751 1126 ἐξ·

167 1133 326 1186 ουσία
371 1135 524 1206 παρά
559 1136 667 1190 τῶν
698 1140 967 1213 ἱεραρχῶν
1007 1145 1299 1210 συνοδικῶς
1341 1147 1745 1222 ὲκπεφώνηται.

167 1222 278 1274 Καὶ
302 1223 420 1287 πῶς
459 1225 660 1280 συνιών
693 1245 794 1294 τις,
821 1234 912 1284 καὶ
940 1231 1039 1285 οὐκ
1069 1232 1145 1286 ὢν
1172 1234 1410 1308 δύσερις,
1433 1239 1531 1308 οὐχ
1555 1240 1745 1310 ὁμολοο

167 1310 392 1379 γήσειεν
415 1313 589 1379 οὕτως
619 1315 798 1386 ἕχειν;
827 1319 892 1371 Τί
925 1319 982 1374 δὲ
1005 1322 1208 1395 ταύτης
1232 1325 1329 1396 τῆς
1353 1327 1619 1400 αίρέσεως
1643 1333 1749 1400 χεῖ-

169 1417 262 1453 οον
289 1401 466 1468 ἔσται,
505 1405 613 1469 ἕως
651 1408 972 1475 ἀναδείξεως
1004 1414 1176 1485 αὐτῆς
1199 1415 1293 1470 τοῦ
1333 1419 1701 1491 ’Δντιχρίστου
1728 1439 1742 1488 ;

177 1493 321 1559 Ἐγὼ
351 1494 504 1548 οὔπω
521 1497 664 1550 δοκῶ
688 1496 824 1553 εἶναι
848 1517 861 1531 ⁸
889 1502 1005 1555 ἀλλ’
1032 1505 1203 1577 αὐτὴν
1231 1508 1439 1579 ταύτην
1468 1514 1547 1574 εἰς
1573 1513 1746 1582 πέρας

163 1585 484 1658 ἀρξαμένην
517 1589 582 1641 ἐκ
626 1590 720 1644 τοῦ
754 1583 916 1664 δεῦρο
952 1595 1028 1666 τῷ
1066 1598 1188 1650 τότε
1221 1601 1398 1671 καιρῷ
1436 1603 1703 1674 ἀπολῆξαι
1725 1618 1738 1635 ⁸

163 1677 257 1729 καὶ
276 1677 392 1730 ὅσοι
419 1679 479 1732 ὲν
506 1679 676 1752 ταύτῃ
703 1682 1038 1751 ύποπέσωσι,
1067 1688 1170 1742 κᾶν
1197 1690 1318 1744 τότε
1345 1691 1608 1764 ὑπῆρχον.
1637 1698 1742 1750 ὑπ-

159 1770 360 1823 έπεσον
388 1771 454 1824 ἄν
475 1790 488 1804 ο
521 1774 616 1827 καὶ
653 1775 837 1830 ὁπόσοι
863 1777 1091 1850 δυνάμει
1119 1781 1253 1836 Θεοῦ
1299 1784 1738 1858 ἀνταγωνιζόμε-

1858 602 1924 656 Ει
1954 606 2226 672 quomodo
2249 622 2315 662 ex
2342 606 2427 663 his
2463 608 2835 666 Antichristus
2865 627 2974 667 non
3002 614 3276 671 videbitur
3300 632 3425 675 esse

1852 691 1906 745 in
1929 693 2152 762 januis?
2193 696 2312 752 Non
2352 697 2498 752 enim
2541 699 2722 757 dicere
2763 703 3044 759 audebunt
3092 705 3418 763 Maecbiani:

1851 783 2040 840 Nonne
2071 803 2162 842 rex
2184 829 2199 854 ,
2229 789 2442 845 etiamsi
2469 801 2692 862 peccet,
2727 793 2856 850 facit
2882 811 2946 852 ac
2971 796 3128 866 jubet
3157 809 3218 855 ut
3245 816 3420 871 popu-

1853 873 1936 928 lus
1965 875 2069 946 legi
2099 880 2329 947 pareat?
2357 879 2421 936 Et
2468 897 2597 938 ecce
2638 884 2696 939 in
2728 884 2944 941 illorum
2979 904 3233 946 sermone
3265 909 3426 963 pror-

1851 981 1947 1022 sus
1975 969 2196 1024 advenit
2219 971 2601 1030 Antichristus.
2637 973 2771 1031 Nam
2798 992 2923 1033 cum
2955 988 3011 1035 et
3040 980 3158 1050 ipse
3196 999 3294 1039 rex
3321 985 3425 1055 sit,

1852 1065 1967 1113 tum
2013 1058 2066 1114 id
2101 1059 2365 1116 duntaxat
2402 1065 2546 1133 quod
2577 1066 2692 1120 vult
2735 1076 2790 1123 et
2834 1069 3001 1137 dicit,
3052 1071 3166 1126 ﬁeri
3209 1075 3422 1146 exiget:

1850 1161 2032 1218 neque
2053 1148 2122 1203 ab
2144 1149 2230 1215 iis,
2262 1151 2356 1220 qui
2385 1151 2560 1222 ipsum
2591 1158 3006 1225 antecesserint,
3041 1160 3197 1216 aliter
3220 1161 3425 1219 discre-

1848 1237 2020 1306 pabit,
2043 1253 2205 1308 quam
2228 1241 2354 1310 quia
2377 1257 2479 1299 nec
2498 1259 2562 1298 ea
2588 1246 2810 1316 quidem
2833 1249 2978 1303 volet
2998 1265 3119 1319 quas
3145 1251 3255 1320 jam
3283 1269 3426 1309 nunc

1845 1325 1925 1382 illi
1960 1329 2252 1386 voluerint.
2296 1330 2496 1389 Eadem
2543 1336 2764 1392 licentia
2803 1353 2902 1408 per
2934 1340 3220 1412 episcopos
3259 1358 3424 1413 syno-

1847 1413 1967 1469 dice
1994 1419 2330 1490 promulgata
2360 1429 2464 1476 est.
2500 1423 2568 1478 Et
2600 1425 2852 1494 quisnam
2874 1442 3099 1498 compos
3132 1432 3351 1497 mentis,
3377 1433 3422 1490 si

1844 1507 2219 1564 contentiosus
2249 1527 2360 1566 non
2390 1523 2492 1579 est,
2527 1530 2642 1570 rem
2676 1516 2748 1572 ita
2779 1533 2838 1572 se
2871 1519 3071 1574 habere
3102 1537 3209 1577 non
3243 1522 3416 1579 fatea-

1846 1595 1974 1648 tur?
1997 1594 2136 1662 Quid
2165 1608 2347 1654 autem
2379 1601 2482 1657 hac
2523 1603 2718 1660 haeresi
2751 1606 2995 1664 deterius
3025 1609 3269 1665 futurum
3300 1621 3419 1672 est.

1841 1685 1910 1740 ad
1951 1686 2124 1757 ipsam
2169 1705 2343 1761 usque
2370 1692 2691 1749 Antichristi
2736 1698 3229 1756 manifestationem
3254 1702 3278 1755 ἲ
3308 1703 3422 1774 Ego

1842 1777 2084 1832 nondum
2105 1780 2322 1850 quidem
2355 1783 2548 1838 factam
2576 1786 2717 1841 hanc
2747 1803 2870 1844 esse
2893 1790 3162 1846 arbitror:
3195 1794 3289 1848 sed
3307 1796 3419 1860 jam

157 1878 236 1914 νοι
264 1863 487 1929 στῶσιν,
522 1862 633 1920 εἷεν
659 1866 727 1921 ἂν
756 1869 849 1921 καὶ
869 1872 989 1933 ταῖς
1017 1873 1251 1943 ἡμέραις
1279 1851 1516 1940 ἐκείναις
1541 1851 1724 1934 νίκων-

1841 1882 1989 1922 nunc
2022 1868 2365 1938 inchoatam,
2403 1873 2493 1929 illo
2533 1884 2780 1946 tempore
2819 1878 3024 1935 exitum
3072 1883 3416 1953 habituram:

156 1968 247 2016 τες
280 1953 374 2007 τὸν
400 1955 768 2028 Ἀντίχριστον
789 1961 846 2014 ὲν
870 1960 1085 2033 Θανάτῳ
1112 1966 1248 2034 μετὰ
1279 1969 1538 2038 Χριστοῦ.
1571 1973 1732 2038 Ἀλλ’,

153 2038 200 2092 ὣ
242 2041 346 2112 τῆς
389 2044 739 2120 ἀνθρωπίνης
780 2051 1183 2122 ταλαιπωρίαςί
1233 2055 1349 2120 πῶς
1401 2059 1734 2117 ἀπεντεῦθεν

153 2131 301 2184 νῶτα
332 2133 640 2206 ἔστρεψαν;
675 2139 790 2204 πῶς
812 2142 1239 2214 ύποδεικνύομεν
1260 2146 1312 2200 τί
1335 2149 1608 2218 ὲσόμεθα;
1635 2153 1735 2208 Διά

150 2224 313 2280 τοῦτο
342 2227 515 2298 ὀλίγοι
557 2232 605 2284 οἱ
636 2232 922 2302 μέλλοντες
962 2237 1174 2308 στῆναι.
1216 2239 1315 2294 Διά
1343 2241 1505 2297 τοῦτο
1548 2245 1733 2312 Ἠλίας

150 2318 248 2368 καὶ
292 2317 463 2390 Ἑνώχ
488 2335 503 2349 ⁸
554 2322 654 2376 ούκ
678 2324 902 2394 οἴδαμεν
950 2329 998 2380 εί
1040 2328 1132 2394 καὶ
1167 2332 1194 2382 ό
1227 2330 1486 2400 Θεολόγος
1517 2337 1610 2388 καὶ
1642 2339 1733 2390 εύ-

150 2408 500 2483 αγγελιστὴς,
527 2414 734 2484 ἀρωγοὶ
771 2416 872 2486 τῆς
905 2419 1257 2492 ἀνθρωπίνης
1289 2425 1592 2493 ἀσθενείας,
1636 2432 1730 2484 καὶ

148 2502 554 2569 πρωτοστάται,
613 2505 705 2556 καὶ
751 2505 1042 2577 ἀθλοφόροι
1096 2511 1194 2581 τῆς
1245 2514 1384 2586 ὑπὲρ
1438 2517 1730 2589 ὁμολογίας

145 2588 390 2658 Χριστοῦ
429 2591 607 2664 νίκης.
648 2596 750 2651 Διά
793 2596 950 2652 τοῦτο
997 2600 1465 2675 κολοϐωθήσονται
1498 2610 1556 2662 ai
1589 2588 1726 2681 ἡμέ-

146 2696 238 2748 ραι
275 2681 379 2773 τῆς
406 2683 654 2757 ἀνάγκης
685 2689 903 2762 ἐκείνης
933 2693 997 2764 τῇ
1032 2694 1326 2770 ἐπιφανείᾳ
1359 2701 1597 2773 Χριστοῦ
1628 2707 1725 2758 ἀν-

142 2772 504 2845 αιρουμένης.

212 3055 278 3108 Οἱ
308 3056 586 3122 συνιόντες
619 3062 804 3134 στῆτε,
845 3068 921 3139 μὴ
971 3069 1284 3142 ἀρνήσησὼε
1332 3076 1568 3147 Χριστὸν
1612 3081 1721 3135 ἀπὸ

141 3145 232 3237 τοῦ
277 3147 443 3219 δεῦρο
467 3167 478 3181 ·
511 3154 752 3221 ἀρκτικά
799 3163 907 3230 γὰρ
958 3161 1025 3215 τά
1063 3166 1304 3237 παρόντα
1342 3145 1452 3223 τῶν
1476 3171 1617 3227 τότε.
1646 3175 1720 3229 Τὸ

140 3236 393 3309 δεύτερον
422 3241 483 3293 ού
514 3244 714 3316 πολλῆς
741 3247 913 3302 δεῖται
945 3254 1263 3322 σαφηνείας,
1295 3257 1359 3311 ὲκ
1397 3259 1493 3313 τοῦ
1522 3264 1717 3332 προτέ-

143 3345 235 3398 ρου
278 3331 729 3406 ὲπιδηλούμενον.
788 3341 1311 3412 ’Λναθεματίσαντες
1347 3347 1440 3404 οὖν
1473 3331 1598 3418 τοὺγς
1644 3356 1718 3427 μὴ

139 3419 467 3492 δεχομένους
494 3426 593 3499 τὴν
621 3432 1000 3502 μοιχοζευξίαν
1044 3438 1138 3491 καὶ
1186 3440 1286 3510 τὴν
1333 3444 1576 3512 μοιχείαν
1623 3419 1716 3499 τοῦ

142 3512 427 3581 βασιλέως,
461 3519 556 3573 καὶ
578 3521 678 3592 τὴν
710 3522 803 3576 τοῦ
831 3527 1032 3592 παντὸς
1055 3530 1372 3598 εὑρεθέντος
1407 3537 1500 3588 καὶ
1534 3537 1591 3589 ἐν
1616 3538 1717 3591 αύ-

137 3609 204 3678 τῇ
231 3608 333 3677 τὴν
365 3611 560 3681 μερίδα
593 3613 821 3683 θεμένου
858 3621 1226 3690 παρανομίαν,
1267 3627 1343 3687 ὼς
1369 3626 1530 3694 ἀγίαν
1573 3630 1718 3683 οίκο.

139 3699 334 3766 νομίαν
358 3716 373 3731 ο
419 3701 473 3754 τί
506 3703 634 3757 ἄλλο
665 3705 697 3775 ἢ
741 3708 866 3770 τοὺς
908 3709 1118 3778 ἁγίους,
1149 3715 1244 3767 καὶ
1273 3717 1489 3787 πρῶτόν
1528 3737 1592 3789 γε
1627 3721 1718 3776 τὸν

138 3788 454 3862 Πρόδρομον
484 3794 986 3866 ἀναθεματίκασινς
1037 3802 1237 3874 ἀληθὲς
1281 3810 1474 3872 εἰπεῖν,
1525 3788 1573 3864 εί
1623 3814 1718 3866 καὶ

138 3880 391 3951 φοὸερὸν,
439 3883 536 3936 καὶ
573 3885 737 3940 αὐτὸν
785 3888 880 3942 τὸν
921 3890 1030 3944 τῶν
1067 3894 1236 3962 ἁγίων
1271 3899 1582 3969 Δεσπότην;
1622 3905 1718 3967 Ὃς

136 3971 244 4040 γὰρ
291 3972 468 4025 ταῦτα
513 3974 913 4047 ἀπηγόρευσεν,
959 3984 1019 4036 ού
1062 3985 1297 4055 δέχεται,
1348 3990 1468 4042 οὐδὲ
1508 3992 1720 4049 εύδοκεῐ

133 4059 397 4131 δηλονότι,
418 4063 555 4117 ἀλλά
573 4065 696 4122 λίαν
723 4068 1016 4142 ἠπείλησεν
1041 4075 1414 4146 ἀπαραίτητον
1440 4080 1499 4132 τὸ
1523 4085 1715 4154 κρῖμα,

135 4153 229 4204 καὶ
254 4153 316 4206 τὸ
350 4154 510 4223 μόνον
540 4156 677 4224 μετὰ
709 4160 898 4230 μοιχοῦ
925 4163 1023 4234 τὴν
1057 4166 1250 4236 μερίδα
1276 4167 1468 4234 θεῖναι,
1500 4173 1560 4226 ού
1593 4153 1716 4228 τοῦ-

131 4243 208 4308 δε,
239 4245 273 4316 ῆ
302 4246 483 4311 τοῦδε,
523 4249 660 4304 ἀλλά
700 4254 900 4317 παντὸς
938 4256 1266 4327 οὑτινοσοῦν,
1298 4262 1583 4332 βασιλέως,
1625 4267 1715 4321 δυ-

133 4336 356 4404 νάστου,
394 4340 592 4411 μικροῦ
640 4345 733 4396 καὶ
779 4346 1036 4414 μεγάλου.
1073 4348 1164 4414 Εἷς
1192 4353 1301 4424 γὰρ
1334 4355 1497 4424 νόμος
1537 4357 1712 4425 ἔσται,

133 4429 288 4498 φησὶ,
324 4431 420 4484 καὶ
466 4432 523 4485 ἓν
570 4434 896 4503 Εύαγγέλιον
940 4443 1359 4515 παρελάὸομενο
1416 4447 1512 4500 καὶ
1553 4447 1613 4512 ὃς
1648 4453 1713 4503 ὲκ

1840 1966 1896 2012 et
1924 1968 2186 2029 quotquot
2213 1961 2267 2016 in
2303 1963 2404 2020 hac
2429 1967 2822 2024 succubuerint
2844 2009 2858 2033 ,
2890 1985 3005 2037 eos,
3043 1973 3088 2028 si
3117 1983 3245 2029 tunc
3275 1976 3421 2030 exsi-

1839 2057 2082 2117 sterent,
2117 2053 2335 2122 penitus
2371 2071 2666 2114 cessuros:
2715 2070 2771 2116 et
2798 2073 3065 2135 quotquot
3097 2067 3192 2124 Dei
3215 2071 3418 2127 virtute

1839 2140 2174 2199 reluctantes
2215 2155 2526 2219 steterunt,
2573 2136 2790 2207 eosdem
2837 2150 2942 2210 illis
2984 2157 3178 2214 diebus
3203 2201 3218 2225 ,
3257 2162 3418 2217 Anti-

1838 2234 2032 2289 christi
2070 2236 2304 2292 victores
2345 2256 2441 2309 per
2484 2253 2714 2298 mortem
2762 2260 2884 2299 cum
2927 2247 3145 2305 Christo
3178 2251 3410 2310 futuros.

1839 2323 1967 2389 Sed,
2000 2341 2033 2380 ο
2065 2328 2424 2384 calamitatem
2457 2332 2749 2388 humanam
2769 2337 2790 2389 -ι
2819 2347 2877 2392 ut
2911 2347 3057 2411 terga
3079 2342 3192 2409 jam
3218 2345 3415 2401 exinde

1835 2421 2146 2473 verterunt!
2192 2429 2284 2487 ut,
2315 2424 2406 2492 qui
2441 2423 2607 2479 futuri
2635 2425 2827 2495 simus,
2869 2432 3238 2489 ostendimus!
3281 2433 3414 2490 Pro-

1833 2516 2018 2578 pterea
2052 2511 2209 2579 pauci
2239 2511 2409 2568 futuri
2441 2523 2570 2570 sunt
2599 2519 2692 2586 qui
2723 2528 2868 2574 stent
2888 2561 2902 2583 ,
2941 2533 3233 2593 propterea
3267 2527 3412 2584 Elias

1832 2611 1887 2654 et
1911 2599 2119 2664 Enoch,
2141 2601 2282 2658 haud
2307 2605 2509 2662 scimus
2526 2623 2596 2661 an
2623 2615 2678 2662 et
2700 2607 3007 2682 Theologus
3040 2630 3102 2669 ac
3129 2620 3406 2688 evangeli-

1832 2700 1934 2756 sta,
1967 2691 2300 2749 inlirmitatis
2323 2696 2575 2754 humana:
2613 2700 2959 2757 auxiliatores
2985 2715 3164 2772 erunt,
3185 2717 3241 2763 et
3259 2722 3412 2764 ante-

1830 2781 2061 2851 signani,
2093 2795 2149 2840 et
2171 2786 2224 2841 in
2254 2787 2451 2844 Christi
2480 2791 2822 2850 confessione
2863 2796 3117 2853 victores.
3150 2799 3410 2871 Propter-

1828 2885 1892 2925 ea
1944 2872 2335 2932 breviabuntur
2369 2877 2487 2932 dies
2533 2895 2792 2938 aerumna:
2822 2884 2996 2951 illius,
3025 2885 3112 2940 cui
3141 2886 3410 2945 adventus

1827 2963 2032 3022 Christi
2059 2968 2221 3026 finem
2253 2971 2496 3042 imponet
2523 2974 2590 3030 ".

1896 3055 2070 3123 State,
2088 3061 2399 3132 quicunque
2448 3065 2674 3135 sapitis,
2720 3077 2777 3124 et
2823 3068 3102 3126 Christum
3148 3071 3409 3143 deinceps

1826 3161 1896 3201 ne
1924 3149 2222 3222 abnegetis.
2256 3152 2382 3208 Haec
2417 3155 2563 3211 enim
2608 3173 2729 3228 quas
2766 3160 3044 3229 videmus,
3089 3161 3242 3216 initia
3276 3172 3406 3217 sunt

1820 3252 2008 3294 eorum
2039 3256 2161 3311 quae
2192 3252 2319 3298 tunc
2347 3255 2529 3301 erunt.
2566 3247 2808 3304 Alterum
2843 3251 3003 3322 longa
3033 3253 3398 3324 explicatione

1821 3344 1930 3383 non
1960 3341 2100 3403 eget,
2136 3348 2260 3389 cum
2282 3336 2396 3406 jam
2420 3353 2486 3391 ex
2511 3339 2678 3409 priori
2707 3341 3059 3396 manifestum
3095 3343 3184 3400 sit.
3208 3344 3397 3414 Itaque

1818 3421 1911 3490 qui
1940 3421 2060 3478 illos
2085 3427 2617 3483 anathematizarunt
2643 3431 2735 3501 qui
2764 3433 3213 3504 conjunctionem
3246 3437 3402 3493 adul-

1819 3512 2073 3579 terinam,
2103 3525 2158 3570 et
2183 3516 2530 3587 imperatoris
2556 3522 2884 3578 adulterium
2911 3533 2966 3580 et
2997 3528 3272 3596 omnium,
3305 3533 3401 3600 qui

1815 3606 1935 3677 ejus
1965 3609 2256 3681 participes
2290 3613 2496 3670 inventi
2532 3627 2689 3684 sunt,
2735 3622 3241 3690 praevaricationem
3287 3642 3398 3682 non

1819 3700 2093 3770 recipiunt
2137 3712 2393 3774 tanquam
2434 3706 2902 3778 dispensationem
2946 3724 3228 3784 sanctam;
3269 3718 3400 3787 quid

1817 3801 2047 3862 egerunt
2069 3793 2214 3850 aliud
2239 3795 2346 3850 nisi
2371 3807 2610 3864 sanctos,
2639 3816 2704 3856 ac
2733 3802 2969 3871 primum
3000 3805 3223 3874 quidem
3251 3806 3400 3863 Prae-

1816 3897 2091 3938 cursorem
2111 3925 2125 3949 ,
2151 3887 2719 3956 anathematizarunt,
2755 3902 2918 3964 atque
2948 3903 3009 3949 ut
3029 3913 3217 3952 verum
3250 3900 3399 3955 dica-

1816 3983 1905 4028 tur
1930 4015 1944 4039 ,
1993 3977 2210 4031 tametsi
2257 3978 2591 4036 horrendum
2618 4023 2632 4047 ,
2669 3983 2845 4054 ipsum
2885 3987 3049 4042 etiam
3084 3999 3398 4046 sanctorum

1821 4067 2118 4122 Dominum
2142 4069 2164 4122 ?
2194 4067 2296 4136 Qui
2331 4070 2474 4125 enim
2504 4072 2619 4127 haec
2641 4076 2941 4144 prohibuit,
2970 4079 3114 4134 haud
3140 4081 3305 4137 dubie
3335 4098 3398 4137 ea

1816 4174 1925 4213 non
1958 4160 2167 4229 recepit
2199 4176 2299 4215 nec
2319 4164 2620 4232 approbat:
2661 4167 2792 4234 quin
2831 4168 3098 4236 judicium
3142 4171 3397 4228 inexora-

1814 4247 1922 4302 bile
1953 4249 2196 4304 minatus
2221 4259 2304 4305 est
2326 4253 2490 4307 etiam
2518 4256 2945 4313 communicanti
2975 4274 3097 4314 cum
3129 4262 3394 4330 adultero,

1815 4356 1923 4394 non
1956 4341 2059 4397 hoc
2084 4343 2168 4398 vel
2203 4343 2312 4410 illo,
2346 4346 2441 4402 sed
2471 4363 2820 4420 quocunque,
2846 4352 3194 4423 imperatore,
3227 4358 3396 4429 dyna-

1813 4442 1893 4487 sta
1915 4472 1930 4498 ,
1968 4450 2138 4503 parvo
2176 4445 2230 4491 et
2275 4453 2491 4509 magno.
2525 4440 2642 4496 Una
2676 4442 2823 4497 enim
2849 4483 2864 4508 ,
2890 4445 3006 4512 ait,
3057 4447 3142 4502 lex
3176 4451 3281 4505 erit
3310 4453 3350 4484 ³¹
3379 4470 3391 4505 :

130 4521 285 4575 τοῦδε
329 4524 424 4577 τοῦ
461 4527 794 4596 Εύαγγελίου
833 4531 936 4586 κᾶν
986 4535 1047 4588 τὸ
1074 4537 1235 4606 τυχὸν
1279 4542 1706 4610 παρασαλεύσοι,

1828 4533 1870 4579 at
1916 4541 2087 4580 unum
2139 4526 2492 4598 Evangelium
2529 4533 2844 4604 accepimus
2887 4554 2900 4590 :
2951 4547 3006 4592 et
3045 4538 3138 4609 qui
3181 4555 3248 4595 ex
3294 4543 3396 4597 hoc

132 4614 234 4668 κᾶν
272 4614 511 4685 ἄγγελος
547 4619 606 4686 ἐξ
640 4621 895 4691 οὐρανοῦ,
925 4627 1087 4695 ἀρκεῖ
1117 4644 1199 4679 σοι
1237 4629 1268 4699 ὴ
1299 4630 1585 4699 ἀσφάλεια.
1619 4634 1709 4706 Μὴ

131 4707 386 4774 βασιλεὺς
419 4710 622 4779 μείζων
653 4714 892 4781 ἀγγέλου
918 4735 932 4784 ;
963 4718 1054 4788 Μὴ
1081 4720 1201 4788 ούχὶ
1242 4721 1270 4773 ό
1310 4727 1708 4796 κοσμοκράτωρ

129 4801 183 4851 ὲν
211 4800 291 4868 τῷ
326 4800 518 4871 κόσμῳ
563 4803 765 4872 μείζων
803 4807 1017 4860 πάντων
1045 4809 1154 4861 τῶν
1183 4818 1706 4885 κοσμοκρατορικῶς

129 4893 472 4961 κρατούντων
509 4894 779 4963 δαιμόνων
820 4900 916 4952 καὶ
949 4899 1270 4970 ἀνθρώπων,
1297 4904 1412 4956 ἀλλ’
1440 4906 1561 4976 οὐχὶ
1597 4907 1708 4960 θεῖ-

128 4985 271 5050 κῶςς
308 4985 417 5037 Καὶ
440 4985 492 5037 τί
521 4988 550 5038 ό
585 4987 939 5058 Ἀπόστολος;
975 4991 1245 5062 Ἀνάθεμα
1266 4992 1423 5049 ἔστω.
1447 4998 1705 5066 Ἀγγελοι

127 5075 184 5126 οὐ
215 5076 459 5144 τολμῶσι
495 5079 929 5149 παρασαλεῦσαι,
963 5083 1084 5136 οὐδὲ
1129 5085 1446 5151 σαλεύοντες
1480 5089 1704 5159 μένουσι

133 5165 203 5234 μὴ
237 5165 782 5238 ἀναθεματιζόμενοι,
813 5171 888 5234 ὠς
931 5174 960 5224 ό
992 5174 1235 5239 διάϐολος
1270 5177 1363 5230 καὶ
1396 5181 1428 5247 ή
1463 5181 1704 5235 ἀποστα-

128 5255 253 5324 τικὴ
279 5254 443 5308 αὑτοῦ
475 5257 705 5327 πληθύς.
735 5261 848 5314 Καὶ
871 5262 986 5326 πῶς
1013 5263 1300 5333 ἄνθρωπος
1325 5270 1430 5331 πᾶς
1455 5272 1514 5323 ἐν
1544 5273 1708 5342 σαρκὶ

129 5345 219 5411 ὧν,
258 5346 501 5400 σαλεύων
537 5351 631 5402 καὶ
661 5354 1022 5424 καινοτομῶν,
1057 5357 1150 5409 καὶ
1184 5358 1418 5425 μάλιστα
1451 5364 1707 5427 τοιαύτας

133 5439 508 5509 καινοτομίας,
533 5441 634 5493 ούκ
664 5442 944 5515 ἀλλότριος
974 5445 1142 5512 Θεοῦ;
1181 5449 1275 5510 Ὃς
1300 5447 1355 5500 δὲ
1384 5449 1444 5502 ού
1470 5450 1707 5520 δέχεται,

130 5528 163 5580 ἀ
193 5530 581 5601 ἀπηγόρευσεν
605 5533 965 5606 (ἀναληπτέος
991 5539 1098 5608 γάρ
1129 5539 1187 5601 ἐξ
1219 5531 1280 5591 οὗ
1313 5540 1393 5602 είς
1419 5541 1710 5610 μεταξυ).ο-

132 5621 256 5686 γίαν
289 5622 554 5692 μετῆλθεν
582 5627 609 5678 ὁ
633 5625 810 5698 λόγος)
833 5622 986 5691 οὗτος
1009 5630 1147 5683 κατὰ
1172 5631 1298 5694 τοὺς
1324 5633 1701 5703 Μοιχειανοὺς.

139 5714 332 5782 μᾶλλον
358 5715 415 5768 δὲ
465 5717 887 5789 Ἀντιχρίστους,
924 5720 1026 5791 ήδη
1057 5720 1502 5792 ἀναθεμὰτισται.
1539 5727 1600 5779 Εἰ
1639 5726 1704 5779 ’δὲ

215 5829 260 5860 ⁸⁰
289 5831 477 5885 Matth.
507 5849 655 5895 xxiv.
679 5833 769 5887 22.
848 5835 890 5864 ³¹
921 5835 1090 5889 Exod.
1119 5853 1213 5900 xtl,
1246 5837 1334 5892 49.

414 5930 685 5991 ΡΔτιιοι..
718 5931 835 5992 Gn.
865 5932 1077 5994 XCIX.

1820 4615 2110 4688 Evangelio
2139 4619 2417 4690 quidpiam
2455 4621 2882 4691 labefactaverit,
2917 4628 3042 4683 licet
3073 4632 3300 4701 angelus
3325 4639 3395 4688 de

1815 4708 1954 4764 coelo
1979 4748 1993 4771 ,
2029 4709 2230 4764 sufﬁcit
2255 4710 2350 4765 tibi
2386 4716 2738 4770 asseveratio.
2771 4715 2912 4773 Num
2947 4720 3242 4792 imperator
3275 4742 3391 4781 ma-

1810 4799 1898 4870 jor
1918 4809 2000 4855 est
2026 4801 2258 4871 angelo?
2285 4802 2424 4856 Num
2457 4807 2645 4861 mundi
2671 4808 2929 4879 princeps
2957 4811 3011 4865 in
3041 4814 3247 4869 mundo
3270 4833 3386 4872 ma-

1807 4891 1892 4960 jor
1917 4893 2130 4947 cunctis
2156 4895 2492 4952 daemonibus
2518 4907 2570 4952 et
2606 4898 2955 4968 hominibus,
2993 4903 3085 4974 qui
3113 4908 3387 4964 mundana

1811 4993 2097 5052 potestate,
2130 5003 2238 5041 non
2271 4989 2474 5054 divina,
2509 4991 2563 5045 in
2595 4994 2801 5048 mundo
2829 4995 3219 5053 dominantur?
3249 5001 3389 5066 Quid

1810 5084 1992 5128 autem
2027 5075 2158 5130 dicit
2202 5077 2533 5145 Apostolus?
2560 5082 2862 5135 Anathema
2895 5083 2982 5137 sit.
3017 5085 3203 5157 Angeli
3235 5086 3385 5144 labe-

1811 5166 2012 5222 factare
2055 5183 2164 5221 non
2194 5169 2438 5233 audent,
2473 5179 2526 5224 et
2552 5209 2566 5232 ,
2609 5171 2654 5226 si
2690 5172 3053 5240 labefactent,
3095 5177 3385 5233 anathema

1806 5274 1917 5313 non
1945 5259 2226 5336 eﬂ‘ugiunt,
2253 5265 2708 5331 quemadmodum
2731 5265 2977 5320 diabolus
3000 5281 3064 5321 ac
3085 5268 3203 5336 ejus
3226 5271 3383 5324 turba

1807 5351 2074 5405 desertrix
2097 5394 2112 5417 ,
2154 5363 2208 5407 et
2235 5370 2472 5423 quonam
2501 5354 2663 5408 modo
2695 5355 2748 5408 in
2798 5370 2962 5410 carne
2990 5358 3180 5412 vivens
3209 5363 3384 5417 omnis

1810 5444 1976 5499 homo
1997 5485 2010 5507 ,
2045 5445 2089 5499 si
2117 5445 2406 5502 labefactet
2430 5489 2442 5510 ,
2473 5455 2528 5501 et
2556 5461 2696 5501 nova
2727 5447 3063 5511 introducat,
3094 5464 3155 5503 ac
3186 5454 3384 5520 praei.

1808 5552 1917 5606 pue
1953 5551 2090 5590 nova
2124 5537 2434 5606 hujusmodi
2461 5579 2475 5603 ,
2515 5539 2726 5592 alienus
2765 5553 2796 5591 a
2826 5539 2936 5592 Deo
2967 5555 3075 5594 non
3109 5543 3249 5596 erit?
3279 5542 3382 5609 Qui

1813 5643 1943 5682 vero
1977 5642 2039 5682 ea
2086 5643 2206 5697 quae
2242 5628 2383 5682 Deus
2425 5629 2742 5698 prohibuit,
2791 5645 2899 5684 non
2947 5633 3140 5702 recipit
3186 5636 3384 5703 (revo-

1810 5721 1978 5776 cauda
2010 5721 2155 5777 enim
2185 5721 2328 5779 unde
2355 5722 2597 5794 digressa
2624 5731 2707 5778 est
2735 5724 2951 5794 oratio),
2973 5723 3018 5779 is
3046 5724 3380 5785 Mtechiano-

3063 5932 3140 5993 33
