  <div class='ocr_page' id='page_1' title='image "/cluster/home/n/w/nwhite01/storage/ocr_20150623/99/ien.35556001661347/527.png"; bbox 0 0 3914 6436; ppageno 0'>
   <div class='ocr_carea' id='block_1_1' title="bbox 545 357 677 423">
    <p class='ocr_par' dir='ltr' id='par_1_1' title="bbox 545 357 677 423">
     <span class='ocr_line' id='line_1_1' title="bbox 545 357 677 423; baseline 0.03 -4"><span class='ocrx_word' id='word_1_1' title='bbox 545 357 677 423; x_wconf 80' lang='grc'><strong>1035</strong></span> 
     </span>
    </p>
   </div>
   <div class='ocr_carea' id='block_1_2' title="bbox 1721 350 2595 417">
    <p class='ocr_par' dir='ltr' id='par_1_2' title="bbox 1721 350 2595 417">
     <span class='ocr_line' id='line_1_2' title="bbox 1721 350 2595 417; baseline 0 0"><span class='ocrx_word' id='word_1_2' title='bbox 1721 356 1781 417; x_wconf 91' lang='lat' dir='ltr'><strong>S.</strong></span> <span class='ocrx_word' id='word_1_3' title='bbox 1814 350 2203 415; x_wconf 81' lang='lat' dir='ltr'><strong>THEODORI</strong></span> <span class='ocrx_word' id='word_1_4' title='bbox 2251 353 2595 417; x_wconf 76' lang='lat' dir='ltr'><strong>STUDIT/E</strong></span> 
     </span>
    </p>
   </div>
   <div class='ocr_carea' id='block_1_3' title="bbox 3646 359 3777 425">
    <p class='ocr_par' dir='ltr' id='par_1_3' title="bbox 3646 359 3777 425">
     <span class='ocr_line' id='line_1_3' title="bbox 3646 359 3777 425; baseline 0.008 -1"><span class='ocrx_word' id='word_1_5' title='bbox 3646 359 3777 425; x_wconf 82' lang='lat'><strong>1036</strong></span> 
     </span>
    </p>
   </div>
   <div class='ocr_carea' id='block_1_4' title="bbox 539 463 2109 541">
    <p class='ocr_par' dir='ltr' id='par_1_4' title="bbox 539 466 2109 541">
     <span class='ocr_line' id='line_1_4' title="bbox 539 466 2109 541; baseline -0.009 -13"><span class='ocrx_word' id='word_1_6' title='bbox 539 490 658 528; x_wconf 88' lang='lat' dir='ltr'><strong>rum</strong></span> <span class='ocrx_word' id='word_1_7' title='bbox 681 513 695 539; x_wconf 90' lang='lat'><strong>,</strong></span> <span class='ocrx_word' id='word_1_8' title='bbox 735 469 815 526; x_wconf 85' lang='lat' dir='ltr'><strong>vel</strong></span> <span class='ocrx_word' id='word_1_9' title='bbox 846 470 1027 541; x_wconf 99' lang='lat' dir='ltr'><strong>potius</strong></span> <span class='ocrx_word' id='word_1_10' title='bbox 1069 468 1533 524; x_wconf 79' lang='lat' dir='ltr'><strong>Antichristorum</strong></span> <span class='ocrx_word' id='word_1_11' title='bbox 1577 467 1848 522; x_wconf 88' lang='lat' dir='ltr'><strong>sententia</strong></span> <span class='ocrx_word' id='word_1_12' title='bbox 1884 466 1994 534; x_wconf 83' lang='lat' dir='ltr'><strong>jam</strong></span> <span class='ocrx_word' id='word_1_13' title='bbox 2027 470 2109 517; x_wconf 89' lang='lat' dir='ltr'><strong>est</strong></span> 
     </span>
    </p>
   </div>
   <div class='ocr_carea' id='block_1_5' title="bbox 2211 463 3779 541">
    <p class='ocr_par' dir='ltr' id='par_1_5' title="bbox 2211 464 3779 538">
     <span class='ocr_line' id='line_1_5' title="bbox 2211 464 3779 538; baseline 0.006 -22"><span class='ocrx_word' id='word_1_14' title='bbox 2211 464 2300 516; x_wconf 85' lang='grc' dir='ltr'><strong>τδν</strong></span> <span class='ocrx_word' id='word_1_15' title='bbox 2330 466 2609 538; x_wconf 82' lang='grc' dir='ltr'>Δεσπότην</span> <span class='ocrx_word' id='word_1_16' title='bbox 2638 467 2830 532; x_wconf 79' lang='grc' dir='ltr'>οὕτως,</span> <span class='ocrx_word' id='word_1_17' title='bbox 2870 466 3057 538; x_wconf 77' lang='grc' dir='ltr'>ὥσπερ</span> <span class='ocrx_word' id='word_1_18' title='bbox 3089 467 3139 520; x_wconf 90' lang='grc' dir='ltr'><strong>οί</strong></span> <span class='ocrx_word' id='word_1_19' title='bbox 3163 466 3428 534; x_wconf 79' lang='grc' dir='ltr'>Ἰουδαῖοι,</span> <span class='ocrx_word' id='word_1_20' title='bbox 3464 470 3524 521; x_wconf 79' lang='grc' dir='ltr'><strong>έν</strong></span> <span class='ocrx_word' id='word_1_21' title='bbox 3559 469 3779 534; x_wconf 54' lang='lat' dir='ltr'><strong>Basilie-</strong></span> 
     </span>
    </p>
   </div>
   <div class='ocr_carea' id='block_1_6' title="bbox 537 555 2105 625">
    <p class='ocr_par' dir='ltr' id='par_1_6' title="bbox 537 555 2105 625">
     <span class='ocr_line' id='line_1_6' title="bbox 537 555 2105 625; baseline -0.008 -5"><span class='ocrx_word' id='word_1_22' title='bbox 537 563 1057 620; x_wconf 82' lang='lat' dir='ltr'><strong>excommunicatus.</strong></span> <span class='ocrx_word' id='word_1_23' title='bbox 1095 560 1251 625; x_wconf 81' lang='lat' dir='ltr'><strong>Quod</strong></span> <span class='ocrx_word' id='word_1_24' title='bbox 1279 561 1322 614; x_wconf 88' lang='lat' dir='ltr'>si</span> <span class='ocrx_word' id='word_1_25' title='bbox 1353 560 1639 614; x_wconf 92' lang='lat' dir='ltr'><strong>Dominum</strong></span> <span class='ocrx_word' id='word_1_26' title='bbox 1660 602 1674 625; x_wconf 93' lang='lat'><strong>,</strong></span> <span class='ocrx_word' id='word_1_27' title='bbox 1726 558 1860 613; x_wconf 90' lang='lat' dir='ltr'><strong>sicut</strong></span> <span class='ocrx_word' id='word_1_28' title='bbox 1894 555 2063 612; x_wconf 80' lang='lat' dir='ltr'><strong>Judaei</strong></span> <span class='ocrx_word' id='word_1_29' title='bbox 2091 594 2105 619; x_wconf 92' lang='lat'><strong>,</strong></span> 
     </span>
    </p>
   </div>
   <div class='ocr_carea' id='block_1_7' title="bbox 536 650 2108 721">
    <p class='ocr_par' dir='ltr' id='par_1_7' title="bbox 536 650 2108 721">
     <span class='ocr_line' id='line_1_7' title="bbox 536 650 2108 721; baseline -0.004 -11"><span class='ocrx_word' id='word_1_30' title='bbox 536 655 808 711; x_wconf 72' lang='lat' dir='ltr'><strong>dannunia</strong></span> <span class='ocrx_word' id='word_1_31' title='bbox 864 655 918 707; x_wconf 93' lang='lat' dir='ltr'><strong>in</strong></span> <span class='ocrx_word' id='word_1_32' title='bbox 950 652 1257 707; x_wconf 85' lang='lat' dir='ltr'><strong>Beelzebub</strong></span> <span class='ocrx_word' id='word_1_33' title='bbox 1305 652 1619 721; x_wconf 87' lang='lat' dir='ltr'><strong>ejicientem</strong></span> <span class='ocrx_word' id='word_1_34' title='bbox 1664 659 1997 705; x_wconf 85' lang='lat' dir='ltr'><strong>vocaverunt</strong></span> <span class='ocrx_word' id='word_1_35' title='bbox 2027 650 2108 715; x_wconf 87' lang='lat'><strong>&quot;,</strong></span> 
     </span>
    </p>
   </div>
   <div class='ocr_carea' id='block_1_8' title="bbox 536 741 2111 818">
    <p class='ocr_par' dir='ltr' id='par_1_8' title="bbox 536 741 2111 818">
     <span class='ocr_line' id='line_1_8' title="bbox 536 741 2111 818; baseline -0.005 -16"><span class='ocrx_word' id='word_1_36' title='bbox 536 747 665 818; x_wconf 90' lang='lat' dir='ltr'><strong>quid</strong></span> <span class='ocrx_word' id='word_1_37' title='bbox 692 748 757 801; x_wconf 92' lang='lat' dir='ltr'><strong>de</strong></span> <span class='ocrx_word' id='word_1_38' title='bbox 789 746 958 816; x_wconf 86' lang='lat' dir='ltr'><strong>ipsius</strong></span> <span class='ocrx_word' id='word_1_39' title='bbox 990 745 1161 799; x_wconf 85' lang='lat' dir='ltr'><strong>servis</strong></span> <span class='ocrx_word' id='word_1_40' title='bbox 1188 753 1243 798; x_wconf 92' lang='lat' dir='ltr'><strong>et</strong></span> <span class='ocrx_word' id='word_1_41' title='bbox 1270 744 1529 799; x_wconf 82' lang='lat' dir='ltr'><strong>famulis?</strong></span> <span class='ocrx_word' id='word_1_42' title='bbox 1564 744 1669 797; x_wconf 85' lang='lat' dir='ltr'><strong>Aut</strong></span> <span class='ocrx_word' id='word_1_43' title='bbox 1697 742 1843 797; x_wconf 86' lang='lat' dir='ltr'><strong>enim</strong></span> <span class='ocrx_word' id='word_1_44' title='bbox 1873 757 1969 796; x_wconf 91' lang='lat' dir='ltr'><strong>eos</strong></span> <span class='ocrx_word' id='word_1_45' title='bbox 2004 741 2111 794; x_wconf 79' lang='lat' dir='ltr'><strong>Do-</strong></span> 
     </span>
    </p>
   </div>
   <div class='ocr_carea' id='block_1_9' title="bbox 538 836 2111 910">
    <p class='ocr_par' dir='ltr' id='par_1_9' title="bbox 538 836 2111 910">
     <span class='ocr_line' id='line_1_9' title="bbox 538 836 2111 910; baseline -0.005 -15"><span class='ocrx_word' id='word_1_46' title='bbox 538 840 673 895; x_wconf 90' lang='lat' dir='ltr'><strong>mini</strong></span> <span class='ocrx_word' id='word_1_47' title='bbox 708 839 852 910; x_wconf 88' lang='lat' dir='ltr'><strong>leges</strong></span> <span class='ocrx_word' id='word_1_48' title='bbox 899 838 953 892; x_wconf 87' lang='lat' dir='ltr'><strong>in</strong></span> <span class='ocrx_word' id='word_1_49' title='bbox 1008 838 1121 891; x_wconf 91' lang='lat' dir='ltr'><strong>suis</strong></span> <span class='ocrx_word' id='word_1_50' title='bbox 1160 836 1663 907; x_wconf 86' lang='lat' dir='ltr'><strong>dispensationibus</strong></span> <span class='ocrx_word' id='word_1_51' title='bbox 1710 850 1819 888; x_wconf 91' lang='lat' dir='ltr'><strong>non</strong></span> <span class='ocrx_word' id='word_1_52' title='bbox 1866 847 2111 887; x_wconf 83' lang='lat' dir='ltr'><strong>servasse</strong></span> 
     </span>
    </p>
   </div>
   <div class='ocr_carea' id='block_1_10' title="bbox 536 927 2109 1001">
    <p class='ocr_par' dir='ltr' id='par_1_10' title="bbox 536 927 2109 1001">
     <span class='ocr_line' id='line_1_10' title="bbox 536 927 2109 1001; baseline -0.004 -15"><span class='ocrx_word' id='word_1_53' title='bbox 536 934 665 996; x_wconf 89' lang='lat' dir='ltr'><strong>rati,</strong></span> <span class='ocrx_word' id='word_1_54' title='bbox 689 930 1136 1001; x_wconf 76' lang='lat' dir='ltr'><strong>coniunctionem</strong></span> <span class='ocrx_word' id='word_1_55' title='bbox 1168 930 1398 983; x_wconf 76' lang='lat' dir='ltr'><strong>adulteri</strong></span> <span class='ocrx_word' id='word_1_56' title='bbox 1428 938 1483 983; x_wconf 91' lang='lat' dir='ltr'><strong>et</strong></span> <span class='ocrx_word' id='word_1_57' title='bbox 1511 927 1952 983; x_wconf 84' lang='lat' dir='ltr'><strong>communionem</strong></span> <span class='ocrx_word' id='word_1_58' title='bbox 1984 940 2109 980; x_wconf 87' lang='lat' dir='ltr'><strong>cum</strong></span> 
     </span>
    </p>
   </div>
   <div class='ocr_carea' id='block_1_11' title="bbox 537 1020 2109 1093">
    <p class='ocr_par' dir='ltr' id='par_1_11' title="bbox 537 1020 2109 1093">
     <span class='ocr_line' id='line_1_11' title="bbox 537 1020 2109 1093; baseline -0.006 -14"><span class='ocrx_word' id='word_1_59' title='bbox 537 1026 781 1079; x_wconf 85' lang='lat' dir='ltr'><strong>adultero</strong></span> <span class='ocrx_word' id='word_1_60' title='bbox 809 1024 997 1093; x_wconf 86' lang='lat' dir='ltr'><strong>parilis</strong></span> <span class='ocrx_word' id='word_1_61' title='bbox 1029 1037 1148 1076; x_wconf 81' lang='lat' dir='ltr'><strong>esse</strong></span> <span class='ocrx_word' id='word_1_62' title='bbox 1174 1021 1435 1075; x_wconf 91' lang='lat' dir='ltr'><strong>momenti</strong></span> <span class='ocrx_word' id='word_1_63' title='bbox 1462 1035 1526 1075; x_wconf 91' lang='lat' dir='ltr'><strong>ac</strong></span> <span class='ocrx_word' id='word_1_64' title='bbox 1555 1020 1741 1090; x_wconf 70' lang='lat' dir='ltr'><strong>gloria:</strong></span> <span class='ocrx_word' id='word_1_65' title='bbox 1776 1025 2109 1081; x_wconf 86' lang='lat' dir='ltr'><strong>statuerunt,</strong></span> 
     </span>
    </p>
   </div>
   <div class='ocr_carea' id='block_1_12' title="bbox 538 1111 2112 1184">
    <p class='ocr_par' dir='ltr' id='par_1_12' title="bbox 538 1111 2112 1184">
     <span class='ocr_line' id='line_1_12' title="bbox 538 1111 2112 1184; baseline -0.004 -14"><span class='ocrx_word' id='word_1_66' title='bbox 538 1131 692 1171; x_wconf 82' lang='lat' dir='ltr'><strong>suam</strong></span> <span class='ocrx_word' id='word_1_67' title='bbox 742 1116 846 1169; x_wconf 87' lang='lat' dir='ltr'><strong>illis</strong></span> <span class='ocrx_word' id='word_1_68' title='bbox 896 1115 1364 1184; x_wconf 80' lang='lat' dir='ltr'><strong>dispensationem</strong></span> <span class='ocrx_word' id='word_1_69' title='bbox 1425 1113 1827 1184; x_wconf 86' lang='lat' dir='ltr'><strong>adjungentes,</strong></span> <span class='ocrx_word' id='word_1_70' title='bbox 1882 1111 2112 1179; x_wconf 85' lang='lat' dir='ltr'><strong>ideoque</strong></span> 
     </span>
    </p>
   </div>
   <div class='ocr_carea' id='block_1_13' title="bbox 536 1203 2117 1275">
    <p class='ocr_par' dir='ltr' id='par_1_13' title="bbox 536 1203 2117 1275">
     <span class='ocr_line' id='line_1_13' title="bbox 536 1203 2117 1275; baseline -0.006 -14"><span class='ocrx_word' id='word_1_71' title='bbox 536 1208 762 1261; x_wconf 91' lang='lat' dir='ltr'><strong>minime</strong></span> <span class='ocrx_word' id='word_1_72' title='bbox 784 1207 907 1261; x_wconf 90' lang='lat' dir='ltr'><strong>illos</strong></span> <span class='ocrx_word' id='word_1_73' title='bbox 927 1214 1182 1274; x_wconf 88' lang='lat' dir='ltr'><strong>tanquam</strong></span> <span class='ocrx_word' id='word_1_74' title='bbox 1207 1205 1423 1275; x_wconf 80' lang='lat' dir='ltr'><strong>exleges</strong></span> <span class='ocrx_word' id='word_1_75' title='bbox 1464 1214 1519 1257; x_wconf 90' lang='lat' dir='ltr'><strong>et</strong></span> <span class='ocrx_word' id='word_1_76' title='bbox 1542 1203 1919 1257; x_wconf 86' lang='lat' dir='ltr'><strong>mandatorum</strong></span> <span class='ocrx_word' id='word_1_77' title='bbox 1947 1208 2117 1254; x_wconf 84' lang='lat' dir='ltr'><strong>trans-</strong></span> 
     </span>
    </p>
   </div>
   <div class='ocr_carea' id='block_1_14' title="bbox 537 1291 2115 1369">
    <p class='ocr_par' dir='ltr' id='par_1_14' title="bbox 537 1291 2115 1369">
     <span class='ocr_line' id='line_1_14' title="bbox 537 1291 2115 1369; baseline -0.006 -16"><span class='ocrx_word' id='word_1_78' title='bbox 537 1314 835 1369; x_wconf 86' lang='lat' dir='ltr'><strong>gressores,</strong></span> <span class='ocrx_word' id='word_1_79' title='bbox 864 1297 1399 1351; x_wconf 75' lang='lat' dir='ltr'><strong>anathematizarunt</strong></span> <span class='ocrx_word' id='word_1_80' title='bbox 1423 1336 1437 1360; x_wconf 93' lang='lat'><strong>,</strong></span> <span class='ocrx_word' id='word_1_81' title='bbox 1464 1294 1803 1365; x_wconf 89' lang='lat' dir='ltr'><strong>proindeque</strong></span> <span class='ocrx_word' id='word_1_82' title='bbox 1831 1291 1932 1361; x_wconf 91' lang='lat' dir='ltr'><strong>ipsi</strong></span> <span class='ocrx_word' id='word_1_83' title='bbox 1961 1306 2115 1361; x_wconf 87' lang='lat' dir='ltr'><strong>pror-</strong></span> 
     </span>
    </p>
   </div>
   <div class='ocr_carea' id='block_1_15' title="bbox 538 1384 2113 1456">
    <p class='ocr_par' dir='ltr' id='par_1_15' title="bbox 538 1384 2113 1456">
     <span class='ocr_line' id='line_1_15' title="bbox 538 1384 2113 1456; baseline -0.004 -13"><span class='ocrx_word' id='word_1_84' title='bbox 538 1405 633 1443; x_wconf 87' lang='lat' dir='ltr'><strong>sus</strong></span> <span class='ocrx_word' id='word_1_85' title='bbox 655 1388 1147 1443; x_wconf 86' lang='lat' dir='ltr'><strong>anathematizandi</strong></span> <span class='ocrx_word' id='word_1_86' title='bbox 1177 1396 1305 1442; x_wconf 89' lang='lat' dir='ltr'><strong>sunt</strong></span> <span class='ocrx_word' id='word_1_87' title='bbox 1332 1405 1345 1441; x_wconf 94' lang='lat'>:</span> <span class='ocrx_word' id='word_1_88' title='bbox 1379 1396 1471 1441; x_wconf 89' lang='lat' dir='ltr'><strong>aut</strong></span> <span class='ocrx_word' id='word_1_89' title='bbox 1511 1387 1682 1456; x_wconf 84' lang='lat' dir='ltr'><strong>legem</strong></span> <span class='ocrx_word' id='word_1_90' title='bbox 1709 1384 1775 1438; x_wconf 90' lang='lat' dir='ltr'><strong>ab</strong></span> <span class='ocrx_word' id='word_1_91' title='bbox 1798 1384 1901 1437; x_wconf 89' lang='lat' dir='ltr'><strong>illis</strong></span> <span class='ocrx_word' id='word_1_92' title='bbox 1926 1398 2113 1437; x_wconf 85' lang='lat' dir='ltr'><strong>serva-</strong></span> 
     </span>
    </p>
   </div>
   <div class='ocr_carea' id='block_1_16' title="bbox 539 1475 2110 1546">
    <p class='ocr_par' dir='ltr' id='par_1_16' title="bbox 539 1475 2110 1546">
     <span class='ocr_line' id='line_1_16' title="bbox 539 1475 2110 1546; baseline -0.004 -13"><span class='ocrx_word' id='word_1_93' title='bbox 539 1488 651 1533; x_wconf 90' lang='lat' dir='ltr'><strong>tam</strong></span> <span class='ocrx_word' id='word_1_94' title='bbox 682 1494 801 1533; x_wconf 85' lang='lat' dir='ltr'><strong>esse</strong></span> <span class='ocrx_word' id='word_1_95' title='bbox 832 1480 1177 1543; x_wconf 81' lang='lat' dir='ltr'><strong>conﬁtentes,</strong></span> <span class='ocrx_word' id='word_1_96' title='bbox 1208 1492 1267 1531; x_wconf 91' lang='lat' dir='ltr'><strong>se</strong></span> <span class='ocrx_word' id='word_1_97' title='bbox 1298 1477 1447 1546; x_wconf 86' lang='lat' dir='ltr'><strong>ipsos</strong></span> <span class='ocrx_word' id='word_1_98' title='bbox 1480 1475 2110 1536; x_wconf 87' lang='lat' dir='ltr'><strong>anathematizaverunt,</strong></span> 
     </span>
    </p>
   </div>
   <div class='ocr_carea' id='block_1_17' title="bbox 536 1564 2111 1632">
    <p class='ocr_par' dir='ltr' id='par_1_17' title="bbox 536 1564 2111 1632">
     <span class='ocr_line' id='line_1_17' title="bbox 536 1564 2111 1632; baseline -0.004 -8"><span class='ocrx_word' id='word_1_99' title='bbox 536 1585 647 1624; x_wconf 87' lang='lat' dir='ltr'><strong>non</strong></span> <span class='ocrx_word' id='word_1_100' title='bbox 680 1576 862 1622; x_wconf 89' lang='lat' dir='ltr'><strong>autem</strong></span> <span class='ocrx_word' id='word_1_101' title='bbox 898 1578 1114 1622; x_wconf 89' lang='lat' dir='ltr'><strong>sanctos</strong></span> <span class='ocrx_word' id='word_1_102' title='bbox 1136 1607 1149 1632; x_wconf 96' lang='lat'><strong>,</strong></span> <span class='ocrx_word' id='word_1_103' title='bbox 1198 1577 1513 1622; x_wconf 87' lang='lat' dir='ltr'><strong>sanctorum</strong></span> <span class='ocrx_word' id='word_1_104' title='bbox 1551 1566 1654 1621; x_wconf 84' lang='lat' dir='ltr'><strong>sibi</strong></span> <span class='ocrx_word' id='word_1_105' title='bbox 1697 1581 1895 1619; x_wconf 86' lang='lat' dir='ltr'><strong>nomen</strong></span> <span class='ocrx_word' id='word_1_106' title='bbox 1928 1564 2111 1618; x_wconf 88' lang='lat' dir='ltr'><strong>miseri</strong></span> 
     </span>
    </p>
   </div>
   <div class='ocr_carea' id='block_1_18' title="bbox 536 1657 2111 1729">
    <p class='ocr_par' dir='ltr' id='par_1_18' title="bbox 536 1657 2111 1729">
     <span class='ocr_line' id='line_1_18' title="bbox 536 1657 2111 1729; baseline -0.003 -15"><span class='ocrx_word' id='word_1_107' title='bbox 536 1662 878 1715; x_wconf 87' lang='lat' dir='ltr'><strong>vindicantes</strong></span> <span class='ocrx_word' id='word_1_108' title='bbox 905 1661 958 1713; x_wconf 93' lang='lat' dir='ltr'><strong>in</strong></span> <span class='ocrx_word' id='word_1_109' title='bbox 983 1660 1412 1729; x_wconf 90' lang='lat' dir='ltr'><strong>dispensatione,</strong></span> <span class='ocrx_word' id='word_1_110' title='bbox 1437 1667 1496 1713; x_wconf 93' lang='lat' dir='ltr'><strong>ut</strong></span> <span class='ocrx_word' id='word_1_111' title='bbox 1519 1668 1735 1720; x_wconf 88' lang='lat' dir='ltr'><strong>vocant.</strong></span> <span class='ocrx_word' id='word_1_112' title='bbox 1772 1657 2111 1726; x_wconf 84' lang='lat' dir='ltr'><strong>conjunctio-</strong></span> 
     </span>
    </p>
   </div>
   <div class='ocr_carea' id='block_1_19' title="bbox 537 1748 2111 1821">
    <p class='ocr_par' dir='ltr' id='par_1_19' title="bbox 537 1748 2111 1821">
     <span class='ocr_line' id='line_1_19' title="bbox 537 1748 2111 1821; baseline -0.004 -14"><span class='ocrx_word' id='word_1_113' title='bbox 537 1754 626 1807; x_wconf 87' lang='lat' dir='ltr'><strong>nis</strong></span> <span class='ocrx_word' id='word_1_114' title='bbox 654 1751 881 1807; x_wconf 84' lang='lat' dir='ltr'><strong>adulteri</strong></span> <span class='ocrx_word' id='word_1_115' title='bbox 915 1770 927 1805; x_wconf 93' lang='lat'><strong>:</strong></span> <span class='ocrx_word' id='word_1_116' title='bbox 965 1766 1028 1806; x_wconf 91' lang='lat' dir='ltr'><strong>ac</strong></span> <span class='ocrx_word' id='word_1_117' title='bbox 1058 1767 1124 1806; x_wconf 88' lang='lat' dir='ltr'><strong>eo</strong></span> <span class='ocrx_word' id='word_1_118' title='bbox 1156 1751 1273 1821; x_wconf 89' lang='lat' dir='ltr'><strong>ipso</strong></span> <span class='ocrx_word' id='word_1_119' title='bbox 1299 1766 1488 1804; x_wconf 87' lang='lat' dir='ltr'><strong>rursus</strong></span> <span class='ocrx_word' id='word_1_120' title='bbox 1507 1758 1726 1805; x_wconf 87' lang='lat' dir='ltr'><strong>sanctos</strong></span> <span class='ocrx_word' id='word_1_121' title='bbox 1750 1748 2111 1802; x_wconf 90' lang='lat' dir='ltr'><strong>anathemati-</strong></span> 
     </span>
    </p>
   </div>
   <div class='ocr_carea' id='block_1_20' title="bbox 538 1841 2111 1915">
    <p class='ocr_par' dir='ltr' id='par_1_20' title="bbox 538 1841 2111 1915">
     <span class='ocr_line' id='line_1_20' title="bbox 538 1841 2111 1915; baseline -0.004 -15"><span class='ocrx_word' id='word_1_122' title='bbox 538 1854 801 1900; x_wconf 85' lang='lat' dir='ltr'><strong>zaverunt</strong></span> <span class='ocrx_word' id='word_1_123' title='bbox 830 1855 1088 1915; x_wconf 87' lang='lat' dir='ltr'><strong>tanquam</strong></span> <span class='ocrx_word' id='word_1_124' title='bbox 1122 1845 1347 1900; x_wconf 90' lang='lat' dir='ltr'><strong>minime</strong></span> <span class='ocrx_word' id='word_1_125' title='bbox 1380 1853 1599 1899; x_wconf 90' lang='lat' dir='ltr'><strong>sanctos</strong></span> <span class='ocrx_word' id='word_1_126' title='bbox 1626 1861 1638 1898; x_wconf 94' lang='lat'><strong>:</strong></span> <span class='ocrx_word' id='word_1_127' title='bbox 1670 1841 2111 1913; x_wconf 87' lang='lat' dir='ltr'><strong>quandoquidem</strong></span> 
     </span>
    </p>
   </div>
   <div class='ocr_carea' id='block_1_21' title="bbox 537 1932 2113 2006">
    <p class='ocr_par' dir='ltr' id='par_1_21' title="bbox 537 1932 2113 2006">
     <span class='ocr_line' id='line_1_21' title="bbox 537 1932 2113 2006; baseline -0.005 -15"><span class='ocrx_word' id='word_1_128' title='bbox 537 1935 710 1991; x_wconf 86' lang='lat' dir='ltr'><strong>sancti</strong></span> <span class='ocrx_word' id='word_1_129' title='bbox 744 1950 931 1990; x_wconf 90' lang='lat' dir='ltr'><strong>eorum</strong></span> <span class='ocrx_word' id='word_1_130' title='bbox 957 1934 1165 2006; x_wconf 88' lang='lat' dir='ltr'><strong>judicio</strong></span> <span class='ocrx_word' id='word_1_131' title='bbox 1184 1934 1221 1988; x_wconf 91' lang='lat' dir='ltr'><strong>ii</strong></span> <span class='ocrx_word' id='word_1_132' title='bbox 1254 1943 1402 2000; x_wconf 90' lang='lat' dir='ltr'><strong>sunt,</strong></span> <span class='ocrx_word' id='word_1_133' title='bbox 1427 1934 1517 2003; x_wconf 91' lang='lat' dir='ltr'><strong>qui</strong></span> <span class='ocrx_word' id='word_1_134' title='bbox 1542 1949 1641 2004; x_wconf 88' lang='lat' dir='ltr'><strong>pro</strong></span> <span class='ocrx_word' id='word_1_135' title='bbox 1664 1932 1873 1987; x_wconf 89' lang='lat' dir='ltr'><strong>viribus</strong></span> <span class='ocrx_word' id='word_1_136' title='bbox 1894 1932 2113 2000; x_wconf 85' lang='lat' dir='ltr'><strong>dispen—</strong></span> 
     </span>
    </p>
   </div>
   <div class='ocr_carea' id='block_1_22' title="bbox 534 2022 2112 2095">
    <p class='ocr_par' dir='ltr' id='par_1_22' title="bbox 534 2022 2112 2095">
     <span class='ocr_line' id='line_1_22' title="bbox 534 2022 2112 2095; baseline -0.004 -15"><span class='ocrx_word' id='word_1_137' title='bbox 534 2026 774 2081; x_wconf 83' lang='lat' dir='ltr'><strong>sationes</strong></span> <span class='ocrx_word' id='word_1_138' title='bbox 808 2024 1211 2095; x_wconf 89' lang='lat' dir='ltr'><strong>conjunctionis</strong></span> <span class='ocrx_word' id='word_1_139' title='bbox 1239 2023 1594 2088; x_wconf 67' lang='lat' dir='ltr'><strong>adulterinae,</strong></span> <span class='ocrx_word' id='word_1_140' title='bbox 1642 2032 1697 2077; x_wconf 93' lang='lat' dir='ltr'><strong>et</strong></span> <span class='ocrx_word' id='word_1_141' title='bbox 1741 2022 2112 2076; x_wconf 88' lang='lat' dir='ltr'><strong>communica-</strong></span> 
     </span>
    </p>
   </div>
   <div class='ocr_carea' id='block_1_23' title="bbox 537 2113 2109 2187">
    <p class='ocr_par' dir='ltr' id='par_1_23' title="bbox 537 2113 2109 2187">
     <span class='ocr_line' id='line_1_23' title="bbox 537 2113 2109 2187; baseline -0.004 -14"><span class='ocrx_word' id='word_1_142' title='bbox 537 2119 702 2173; x_wconf 90' lang='lat' dir='ltr'><strong>tionis</strong></span> <span class='ocrx_word' id='word_1_143' title='bbox 729 2133 852 2172; x_wconf 92' lang='lat' dir='ltr'><strong>cum</strong></span> <span class='ocrx_word' id='word_1_144' title='bbox 889 2117 1138 2171; x_wconf 89' lang='lat' dir='ltr'><strong>adultero</strong></span> <span class='ocrx_word' id='word_1_145' title='bbox 1182 2116 1432 2187; x_wconf 88' lang='lat' dir='ltr'><strong>principe</strong></span> <span class='ocrx_word' id='word_1_146' title='bbox 1472 2116 1721 2170; x_wconf 81' lang='lat' dir='ltr'><strong>fecerunt</strong></span> <span class='ocrx_word' id='word_1_147' title='bbox 1767 2124 1822 2168; x_wconf 92' lang='lat' dir='ltr'><strong>et</strong></span> <span class='ocrx_word' id='word_1_148' title='bbox 1865 2113 2109 2169; x_wconf 82' lang='lat' dir='ltr'><strong>faciunt:</strong></span> 
     </span>
    </p>
   </div>
   <div class='ocr_carea' id='block_1_24' title="bbox 534 2207 2114 2280">
    <p class='ocr_par' dir='ltr' id='par_1_24' title="bbox 534 2207 2114 2280">
     <span class='ocr_line' id='line_1_24' title="bbox 534 2207 2114 2280; baseline -0.001 -16"><span class='ocrx_word' id='word_1_149' title='bbox 534 2210 697 2265; x_wconf 84' lang='lat' dir='ltr'><strong>alieni</strong></span> <span class='ocrx_word' id='word_1_150' title='bbox 726 2218 909 2265; x_wconf 88' lang='lat' dir='ltr'><strong>autem</strong></span> <span class='ocrx_word' id='word_1_151' title='bbox 933 2226 962 2263; x_wconf 90' lang='lat' dir='ltr'><strong>a</strong></span> <span class='ocrx_word' id='word_1_152' title='bbox 991 2208 1101 2264; x_wconf 85' lang='lat' dir='ltr'><strong>Deo</strong></span> <span class='ocrx_word' id='word_1_153' title='bbox 1129 2218 1185 2263; x_wconf 89' lang='lat' dir='ltr'><strong>et</strong></span> <span class='ocrx_word' id='word_1_154' title='bbox 1207 2209 1424 2280; x_wconf 83' lang='lat' dir='ltr'><strong>exleges</strong></span> <span class='ocrx_word' id='word_1_155' title='bbox 1451 2223 1513 2264; x_wconf 90' lang='lat' dir='ltr'><strong>ac</strong></span> <span class='ocrx_word' id='word_1_156' title='bbox 1542 2207 1917 2265; x_wconf 85' lang='lat' dir='ltr'><strong>mandatorum</strong></span> <span class='ocrx_word' id='word_1_157' title='bbox 1937 2218 2114 2262; x_wconf 55' lang='lat' dir='ltr'><strong>trans.</strong></span> 
     </span>
    </p>
   </div>
   <div class='ocr_carea' id='block_1_25' title="bbox 536 2301 2112 2378">
    <p class='ocr_par' dir='ltr' id='par_1_25' title="bbox 536 2301 2112 2378">
     <span class='ocr_line' id='line_1_25' title="bbox 536 2301 2112 2378; baseline -0.002 -20"><span class='ocrx_word' id='word_1_158' title='bbox 536 2320 814 2378; x_wconf 82' lang='lat' dir='ltr'><strong>gressores</strong></span> <span class='ocrx_word' id='word_1_159' title='bbox 837 2344 852 2370; x_wconf 92' lang='lat'><strong>,</strong></span> <span class='ocrx_word' id='word_1_160' title='bbox 887 2312 943 2359; x_wconf 90' lang='lat' dir='ltr'><strong>et</strong></span> <span class='ocrx_word' id='word_1_161' title='bbox 972 2303 1432 2359; x_wconf 83' lang='lat' dir='ltr'><strong>excommunicati</strong></span> <span class='ocrx_word' id='word_1_162' title='bbox 1469 2304 1611 2373; x_wconf 88' lang='lat' dir='ltr'><strong>apud</strong></span> <span class='ocrx_word' id='word_1_163' title='bbox 1646 2306 1790 2372; x_wconf 90' lang='lat' dir='ltr'><strong>ipsos</strong></span> <span class='ocrx_word' id='word_1_164' title='bbox 1819 2312 1979 2367; x_wconf 91' lang='lat' dir='ltr'><strong>sunt,</strong></span> <span class='ocrx_word' id='word_1_165' title='bbox 2019 2301 2112 2371; x_wconf 91' lang='lat' dir='ltr'><strong>qui</strong></span> 
     </span>
    </p>
   </div>
   <div class='ocr_carea' id='block_1_26' title="bbox 536 2396 2110 2469">
    <p class='ocr_par' dir='ltr' id='par_1_26' title="bbox 536 2396 2110 2469">
     <span class='ocr_line' id='line_1_26' title="bbox 536 2396 2110 2469; baseline -0.002 -15"><span class='ocrx_word' id='word_1_166' title='bbox 536 2399 751 2454; x_wconf 90' lang='lat' dir='ltr'><strong>illorum</strong></span> <span class='ocrx_word' id='word_1_167' title='bbox 773 2397 1237 2469; x_wconf 85' lang='lat' dir='ltr'><strong>dispensationem</strong></span> <span class='ocrx_word' id='word_1_168' title='bbox 1262 2398 1525 2451; x_wconf 86' lang='lat' dir='ltr'><strong>adulteris</strong></span> <span class='ocrx_word' id='word_1_169' title='bbox 1550 2396 1977 2465; x_wconf 86' lang='lat' dir='ltr'><strong>patrocinantcm</strong></span> <span class='ocrx_word' id='word_1_170' title='bbox 2002 2412 2110 2451; x_wconf 90' lang='lat' dir='ltr'><strong>non</strong></span> 
     </span>
    </p>
   </div>
   <div class='ocr_carea' id='block_1_27' title="bbox 537 2489 1732 2560">
    <p class='ocr_par' dir='ltr' id='par_1_27' title="bbox 537 2489 1732 2560">
     <span class='ocr_line' id='line_1_27' title="bbox 537 2489 1732 2560; baseline -0.003 -16"><span class='ocrx_word' id='word_1_171' title='bbox 537 2490 835 2560; x_wconf 86' lang='lat' dir='ltr'><strong>recipiunt,</strong></span> <span class='ocrx_word' id='word_1_172' title='bbox 870 2506 971 2545; x_wconf 88' lang='lat' dir='ltr'><strong>nec</strong></span> <span class='ocrx_word' id='word_1_173' title='bbox 1002 2490 1149 2544; x_wconf 91' lang='lat' dir='ltr'><strong>illius</strong></span> <span class='ocrx_word' id='word_1_174' title='bbox 1180 2491 1425 2560; x_wconf 74' lang='lat' dir='ltr'><strong>vestigiis</strong></span> <span class='ocrx_word' id='word_1_175' title='bbox 1458 2489 1732 2542; x_wconf 88' lang='lat' dir='ltr'><strong>insistunt.</strong></span> 
     </span>
    </p>
   </div>
   <div class='ocr_carea' id='block_1_28' title="bbox 608 2578 2111 2651">
    <p class='ocr_par' dir='ltr' id='par_1_28' title="bbox 608 2578 2111 2651">
     <span class='ocr_line' id='line_1_28' title="bbox 608 2578 2111 2651; baseline -0.003 -14"><span class='ocrx_word' id='word_1_176' title='bbox 608 2581 988 2649; x_wconf 87' lang='lat' dir='ltr'><strong>Undecunque</strong></span> <span class='ocrx_word' id='word_1_177' title='bbox 1023 2582 1188 2651; x_wconf 83' lang='lat' dir='ltr'><strong>igitur</strong></span> <span class='ocrx_word' id='word_1_178' title='bbox 1216 2580 1438 2634; x_wconf 91' lang='lat' dir='ltr'><strong>libuerit</strong></span> <span class='ocrx_word' id='word_1_179' title='bbox 1468 2589 1523 2633; x_wconf 92' lang='lat' dir='ltr'><strong>et</strong></span> <span class='ocrx_word' id='word_1_180' title='bbox 1551 2595 1932 2648; x_wconf 86' lang='lat' dir='ltr'><strong>quamcunque</strong></span> <span class='ocrx_word' id='word_1_181' title='bbox 1965 2578 2111 2647; x_wconf 87' lang='lat' dir='ltr'><strong>ipso-</strong></span> 
     </span>
    </p>
   </div>
   <div class='ocr_carea' id='block_1_29' title="bbox 538 2669 2112 2740">
    <p class='ocr_par' dir='ltr' id='par_1_29' title="bbox 538 2669 2112 2740">
     <span class='ocr_line' id='line_1_29' title="bbox 538 2669 2112 2740; baseline 0 -18"><span class='ocrx_word' id='word_1_182' title='bbox 538 2686 656 2723; x_wconf 88' lang='lat' dir='ltr'><strong>rum</strong></span> <span class='ocrx_word' id='word_1_183' title='bbox 692 2671 989 2739; x_wconf 90' lang='lat' dir='ltr'><strong>impietatis</strong></span> <span class='ocrx_word' id='word_1_184' title='bbox 1032 2687 1219 2725; x_wconf 86' lang='lat' dir='ltr'><strong>voccm</strong></span> <span class='ocrx_word' id='word_1_185' title='bbox 1256 2670 1480 2735; x_wconf 87' lang='lat' dir='ltr'><strong>intueri,</strong></span> <span class='ocrx_word' id='word_1_186' title='bbox 1528 2670 1723 2740; x_wconf 89' lang='lat' dir='ltr'><strong>cogita,</strong></span> <span class='ocrx_word' id='word_1_187' title='bbox 1767 2670 1857 2738; x_wconf 90' lang='lat' dir='ltr'><strong>qui</strong></span> <span class='ocrx_word' id='word_1_188' title='bbox 1894 2669 2112 2723; x_wconf 88' lang='lat' dir='ltr'><strong>solertia</strong></span> 
     </span>
    </p>
   </div>
   <div class='ocr_carea' id='block_1_30' title="bbox 541 2762 2113 2833">
    <p class='ocr_par' dir='ltr' id='par_1_30' title="bbox 541 2762 2113 2833">
     <span class='ocr_line' id='line_1_30' title="bbox 541 2762 2113 2833; baseline 0.001 -19"><span class='ocrx_word' id='word_1_189' title='bbox 541 2762 732 2831; x_wconf 90' lang='lat' dir='ltr'><strong>polles,</strong></span> <span class='ocrx_word' id='word_1_190' title='bbox 766 2771 821 2816; x_wconf 92' lang='lat' dir='ltr'><strong>et</strong></span> <span class='ocrx_word' id='word_1_191' title='bbox 852 2766 1049 2817; x_wconf 87' lang='lat' dir='ltr'><strong>mirare</strong></span> <span class='ocrx_word' id='word_1_192' title='bbox 1075 2806 1088 2827; x_wconf 94' lang='lat'><strong>,</strong></span> <span class='ocrx_word' id='word_1_193' title='bbox 1118 2763 1280 2817; x_wconf 86' lang='lat' dir='ltr'><strong>altam</strong></span> <span class='ocrx_word' id='word_1_194' title='bbox 1314 2762 1485 2833; x_wconf 81' lang='lat' dir='ltr'><strong>magis</strong></span> <span class='ocrx_word' id='word_1_195' title='bbox 1514 2762 1793 2832; x_wconf 89' lang='lat' dir='ltr'><strong>magisque</strong></span> <span class='ocrx_word' id='word_1_196' title='bbox 1822 2762 2113 2832; x_wconf 85' lang='lat' dir='ltr'><strong>impietatis</strong></span> 
     </span>
    </p>
   </div>
   <div class='ocr_carea' id='block_1_31' title="bbox 535 2853 2111 2924">
    <p class='ocr_par' dir='ltr' id='par_1_31' title="bbox 535 2853 2111 2924">
     <span class='ocr_line' id='line_1_31' title="bbox 535 2853 2111 2924; baseline 0.001 -17"><span class='ocrx_word' id='word_1_197' title='bbox 535 2853 847 2924; x_wconf 85' lang='lat' dir='ltr'><strong>voraginem</strong></span> <span class='ocrx_word' id='word_1_198' title='bbox 874 2856 1250 2923; x_wconf 83' lang='lat' dir='ltr'><strong>contemplans</strong></span> <span class='ocrx_word' id='word_1_199' title='bbox 1274 2871 1337 2910; x_wconf 87' lang='lat' dir='ltr'><strong>ac</strong></span> <span class='ocrx_word' id='word_1_200' title='bbox 1363 2854 1670 2909; x_wconf 86' lang='lat' dir='ltr'><strong>revolvens.</strong></span> <span class='ocrx_word' id='word_1_201' title='bbox 1699 2853 1812 2908; x_wconf 83' lang='lat' dir='ltr'><strong>Non</strong></span> <span class='ocrx_word' id='word_1_202' title='bbox 1843 2854 1985 2908; x_wconf 87' lang='lat' dir='ltr'><strong>enim</strong></span> <span class='ocrx_word' id='word_1_203' title='bbox 2026 2864 2111 2909; x_wconf 91' lang='lat' dir='ltr'><strong>to-</strong></span> 
     </span>
    </p>
   </div>
   <div class='ocr_carea' id='block_1_32' title="bbox 537 2946 2111 3017">
    <p class='ocr_par' dir='ltr' id='par_1_32' title="bbox 537 2946 2111 3017">
     <span class='ocr_line' id='line_1_32' title="bbox 537 2946 2111 3017; baseline 0.001 -17"><span class='ocrx_word' id='word_1_204' title='bbox 537 2956 645 3001; x_wconf 85' lang='lat' dir='ltr'><strong>tam</strong></span> <span class='ocrx_word' id='word_1_205' title='bbox 678 2947 859 3002; x_wconf 88' lang='lat' dir='ltr'><strong>statim</strong></span> <span class='ocrx_word' id='word_1_206' title='bbox 885 2948 1218 3017; x_wconf 85' lang='lat' dir='ltr'><strong>impietatem</strong></span> <span class='ocrx_word' id='word_1_207' title='bbox 1244 2962 1397 3001; x_wconf 89' lang='lat' dir='ltr'><strong>suam</strong></span> <span class='ocrx_word' id='word_1_208' title='bbox 1428 2948 1667 3016; x_wconf 87' lang='lat' dir='ltr'><strong>produnt</strong></span> <span class='ocrx_word' id='word_1_209' title='bbox 1701 2946 1973 3002; x_wconf 72' lang='lat' dir='ltr'><strong>haereses:</strong></span> <span class='ocrx_word' id='word_1_210' title='bbox 2015 2948 2111 3002; x_wconf 88' lang='lat' dir='ltr'><strong>sed</strong></span> 
     </span>
    </p>
   </div>
   <div class='ocr_carea' id='block_1_33' title="bbox 533 3036 2112 3107">
    <p class='ocr_par' dir='ltr' id='par_1_33' title="bbox 533 3036 2112 3107">
     <span class='ocr_line' id='line_1_33' title="bbox 533 3036 2112 3107; baseline 0.001 -17"><span class='ocrx_word' id='word_1_211' title='bbox 533 3037 653 3091; x_wconf 66' lang='lat' dir='ltr'><strong>alia:</strong></span> <span class='ocrx_word' id='word_1_212' title='bbox 677 3039 893 3107; x_wconf 88' lang='lat' dir='ltr'><strong>quidem</strong></span> <span class='ocrx_word' id='word_1_213' title='bbox 923 3052 1144 3107; x_wconf 85' lang='lat' dir='ltr'><strong>prorsus</strong></span> <span class='ocrx_word' id='word_1_214' title='bbox 1165 3038 1354 3091; x_wconf 72' lang='lat' dir='ltr'><strong>aliena:</strong></span> <span class='ocrx_word' id='word_1_215' title='bbox 1382 3048 1512 3091; x_wconf 90' lang='lat' dir='ltr'><strong>sunt</strong></span> <span class='ocrx_word' id='word_1_216' title='bbox 1539 3038 1606 3091; x_wconf 89' lang='lat' dir='ltr'><strong>ab</strong></span> <span class='ocrx_word' id='word_1_217' title='bbox 1634 3036 1932 3107; x_wconf 84' lang='lat' dir='ltr'><strong>Evangelio</strong></span> <span class='ocrx_word' id='word_1_218' title='bbox 1953 3078 1967 3103; x_wconf 97' lang='lat'><strong>,</strong></span> <span class='ocrx_word' id='word_1_219' title='bbox 1994 3039 2112 3092; x_wconf 85' lang='lat' dir='ltr'><strong>aliae</strong></span> 
     </span>
    </p>
   </div>
   <div class='ocr_carea' id='block_1_34' title="bbox 2210 553 3780 629">
    <p class='ocr_par' dir='ltr' id='par_1_34' title="bbox 2210 553 3780 629">
     <span class='ocr_line' id='line_1_34' title="bbox 2210 553 3780 629; baseline 0.004 -23"><span class='ocrx_word' id='word_1_220' title='bbox 2210 553 2340 607; x_wconf 81' lang='grc' dir='ltr'>ϐοὺλ</span> <span class='ocrx_word' id='word_1_221' title='bbox 2398 557 2682 611; x_wconf 80' lang='grc' dir='ltr'>ἐκϐάλλειν</span> <span class='ocrx_word' id='word_1_222' title='bbox 2730 558 2893 611; x_wconf 71' lang='grc' dir='ltr'>αὑτὸν</span> <span class='ocrx_word' id='word_1_223' title='bbox 2940 559 3007 610; x_wconf 85' lang='grc' dir='ltr'><strong>τὰ</strong></span> <span class='ocrx_word' id='word_1_224' title='bbox 3062 559 3313 628; x_wconf 82' lang='grc' dir='ltr'>δαιμόνια</span> <span class='ocrx_word' id='word_1_225' title='bbox 3362 560 3696 629; x_wconf 77' lang='grc' dir='ltr'>κεκλήκασις</span> <span class='ocrx_word' id='word_1_226' title='bbox 3731 563 3780 613; x_wconf 82' lang='grc' dir='ltr'><strong>τί</strong></span> 
     </span>
    </p>
   </div>
   <div class='ocr_carea' id='block_1_35' title="bbox 2210 646 3782 720">
    <p class='ocr_par' dir='ltr' id='par_1_35' title="bbox 2210 646 3782 720">
     <span class='ocr_line' id='line_1_35' title="bbox 2210 646 3782 720; baseline 0.004 -24"><span class='ocrx_word' id='word_1_227' title='bbox 2210 646 2473 715; x_wconf 73' lang='grc' dir='ltr'>περὶτῶν</span> <span class='ocrx_word' id='word_1_228' title='bbox 2502 647 2706 700; x_wconf 81' lang='grc' dir='ltr'>δούλων</span> <span class='ocrx_word' id='word_1_229' title='bbox 2742 648 2834 701; x_wconf 80' lang='grc' dir='ltr'>καὶ</span> <span class='ocrx_word' id='word_1_230' title='bbox 2876 647 3221 717; x_wconf 84' lang='grc' dir='ltr'><strong>θεραπόντων</strong></span> <span class='ocrx_word' id='word_1_231' title='bbox 3256 649 3457 712; x_wconf 78' lang='grc' dir='ltr'>αὐτοῦς</span> <span class='ocrx_word' id='word_1_232' title='bbox 3492 650 3523 719; x_wconf 78' lang='grc' dir='ltr'>ἢ</span> <span class='ocrx_word' id='word_1_233' title='bbox 3564 651 3673 720; x_wconf 78' lang='grc' dir='ltr'>γὰρ</span> <span class='ocrx_word' id='word_1_234' title='bbox 3710 651 3782 713; x_wconf 82' lang='grc' dir='ltr'>ὡς</span> 
     </span>
    </p>
   </div>
   <div class='ocr_carea' id='block_1_36' title="bbox 2210 735 3817 809">
    <p class='ocr_par' dir='ltr' id='par_1_36' title="bbox 2210 735 3817 809">
     <span class='ocr_line' id='line_1_36' title="bbox 2210 735 3817 809; baseline 0.001 -22"><span class='ocrx_word' id='word_1_235' title='bbox 2210 735 2271 787; x_wconf 83' lang='grc' dir='ltr'><strong>ού</strong></span> <span class='ocrx_word' id='word_1_236' title='bbox 2304 736 2779 808; x_wconf 84' lang='grc' dir='ltr'>πειθαρχήσαντας</span> <span class='ocrx_word' id='word_1_237' title='bbox 2812 741 2924 801; x_wconf 83' lang='grc' dir='ltr'>τοῖς</span> <span class='ocrx_word' id='word_1_238' title='bbox 2951 741 3298 802; x_wconf 81' lang='grc' dir='ltr'>Δεσποτικοῖς</span> <span class='ocrx_word' id='word_1_239' title='bbox 3327 740 3517 809; x_wconf 86' lang='grc' dir='ltr'>νόμοις</span> <span class='ocrx_word' id='word_1_240' title='bbox 3562 742 3622 792; x_wconf 82' lang='grc' dir='ltr'><strong>ἐν</strong></span> <span class='ocrx_word' id='word_1_241' title='bbox 3666 745 3782 803; x_wconf 83' lang='grc' dir='ltr'>ταῖς</span> <span class='ocrx_word' id='word_1_242' title='bbox 3814 786 3817 789; x_wconf 90' lang='grc'>.</span> 
     </span>
    </p>
   </div>
   <div class='ocr_carea' id='block_1_37' title="bbox 2210 829 3782 901">
    <p class='ocr_par' dir='ltr' id='par_1_37' title="bbox 2210 829 3782 901">
     <span class='ocr_line' id='line_1_37' title="bbox 2210 829 3782 901; baseline 0.001 -20"><span class='ocrx_word' id='word_1_243' title='bbox 2210 829 2543 897; x_wconf 78' lang='grc' dir='ltr'><strong>οἰκονομίαις</strong></span> <span class='ocrx_word' id='word_1_244' title='bbox 2576 829 2759 883; x_wconf 79' lang='grc' dir='ltr'>αὐτῶν</span> <span class='ocrx_word' id='word_1_245' title='bbox 2802 829 3167 898; x_wconf 79' lang='grc' dir='ltr'>ὲδογμάτισαν</span> <span class='ocrx_word' id='word_1_246' title='bbox 3208 831 3495 901; x_wconf 69' lang='grc' dir='ltr'>ἰσόρροπον</span> <span class='ocrx_word' id='word_1_247' title='bbox 3534 833 3627 884; x_wconf 79' lang='grc' dir='ltr'><strong>καὶ</strong></span> <span class='ocrx_word' id='word_1_248' title='bbox 3676 834 3782 883; x_wconf 75' lang='grc' dir='ltr'>ίσο·</span> 
     </span>
    </p>
   </div>
   <div class='ocr_carea' id='block_1_38' title="bbox 2212 920 3783 992">
    <p class='ocr_par' dir='ltr' id='par_1_38' title="bbox 2212 920 3783 992">
     <span class='ocr_line' id='line_1_38' title="bbox 2212 920 3783 992; baseline 0.003 -20"><span class='ocrx_word' id='word_1_249' title='bbox 2212 920 2342 990; x_wconf 84' lang='grc' dir='ltr'>κλεῆ</span> <span class='ocrx_word' id='word_1_250' title='bbox 2379 920 2478 991; x_wconf 82' lang='grc' dir='ltr'>τὴν</span> <span class='ocrx_word' id='word_1_251' title='bbox 2521 920 2893 992; x_wconf 77' lang='grc' dir='ltr'>μοιχοζευξίαν</span> <span class='ocrx_word' id='word_1_252' title='bbox 2938 922 3029 975; x_wconf 74' lang='grc' dir='ltr'>καὶ</span> <span class='ocrx_word' id='word_1_253' title='bbox 3082 925 3547 991; x_wconf 86' lang='grc' dir='ltr'>μοιχοκοινωνίαν,</span> <span class='ocrx_word' id='word_1_254' title='bbox 3582 925 3783 976; x_wconf 79' lang='grc' dir='ltr'>οἰκονο-</span> 
     </span>
    </p>
   </div>
   <div class='ocr_carea' id='block_1_39' title="bbox 2216 1013 3782 1087">
    <p class='ocr_par' dir='ltr' id='par_1_39' title="bbox 2216 1013 3782 1087">
     <span class='ocr_line' id='line_1_39' title="bbox 2216 1013 3782 1087; baseline 0.004 -23"><span class='ocrx_word' id='word_1_255' title='bbox 2216 1013 2345 1084; x_wconf 92' lang='grc' dir='ltr'>μίαν</span> <span class='ocrx_word' id='word_1_256' title='bbox 2378 1015 2566 1078; x_wconf 78' lang='grc' dir='ltr'>αὑταῖς</span> <span class='ocrx_word' id='word_1_257' title='bbox 2599 1016 2978 1080; x_wconf 78' lang='grc' dir='ltr'><strong>συντάξαντες,</strong></span> <span class='ocrx_word' id='word_1_258' title='bbox 3014 1016 3106 1069; x_wconf 80' lang='grc' dir='ltr'><strong>καὶ</strong></span> <span class='ocrx_word' id='word_1_259' title='bbox 3135 1016 3223 1068; x_wconf 82' lang='grc' dir='ltr'>διὰ</span> <span class='ocrx_word' id='word_1_260' title='bbox 3254 1016 3412 1069; x_wconf 87' lang='grc' dir='ltr'>τοῦτο</span> <span class='ocrx_word' id='word_1_261' title='bbox 3447 1016 3525 1079; x_wconf 84' lang='grc' dir='ltr'>ὡς</span> <span class='ocrx_word' id='word_1_262' title='bbox 3553 1017 3782 1087; x_wconf 80' lang='grc' dir='ltr'><strong>ἀνόμους</strong></span> 
     </span>
    </p>
   </div>
   <div class='ocr_carea' id='block_1_40' title="bbox 2211 1104 3782 1178">
    <p class='ocr_par' dir='ltr' id='par_1_40' title="bbox 2211 1104 3782 1178">
     <span class='ocr_line' id='line_1_40' title="bbox 2211 1104 3782 1178; baseline 0.003 -22"><span class='ocrx_word' id='word_1_263' title='bbox 2211 1105 2336 1167; x_wconf 75' lang='grc' dir='ltr'>τοὺς</span> <span class='ocrx_word' id='word_1_264' title='bbox 2367 1104 2578 1171; x_wconf 85' lang='grc' dir='ltr'>ἁγίους,</span> <span class='ocrx_word' id='word_1_265' title='bbox 2609 1106 2702 1158; x_wconf 74' lang='grc' dir='ltr'><strong>καὶ</strong></span> <span class='ocrx_word' id='word_1_266' title='bbox 2732 1105 3052 1176; x_wconf 80' lang='grc' dir='ltr'>παραϐάτας</span> <span class='ocrx_word' id='word_1_267' title='bbox 3095 1107 3205 1159; x_wconf 83' lang='grc' dir='ltr'><strong>τῶν</strong></span> <span class='ocrx_word' id='word_1_268' title='bbox 3242 1107 3474 1159; x_wconf 78' lang='grc' dir='ltr'>ἐντολῶν</span> <span class='ocrx_word' id='word_1_269' title='bbox 3514 1109 3782 1178; x_wconf 85' lang='grc' dir='ltr'>ἀνεθεμά-</span> 
     </span>
    </p>
   </div>
   <div class='ocr_carea' id='block_1_41' title="bbox 2211 1196 3785 1268">
    <p class='ocr_par' dir='ltr' id='par_1_41' title="bbox 2211 1196 3785 1268">
     <span class='ocr_line' id='line_1_41' title="bbox 2211 1196 3785 1268; baseline 0.003 -21"><span class='ocrx_word' id='word_1_270' title='bbox 2211 1212 2390 1261; x_wconf 84' lang='grc' dir='ltr'>τισαν,</span> <span class='ocrx_word' id='word_1_271' title='bbox 2423 1196 2514 1249; x_wconf 66' lang='grc' dir='ltr'><strong>καλ⁸</strong></span> <span class='ocrx_word' id='word_1_272' title='bbox 2543 1196 2787 1250; x_wconf 78' lang='grc' dir='ltr'>ἐντεῦθεν</span> <span class='ocrx_word' id='word_1_273' title='bbox 2815 1198 3030 1260; x_wconf 85' lang='grc' dir='ltr'>πάντως</span> <span class='ocrx_word' id='word_1_274' title='bbox 3060 1197 3508 1267; x_wconf 84' lang='grc' dir='ltr'>ἁναθεματιστέοι</span> <span class='ocrx_word' id='word_1_275' title='bbox 3529 1216 3542 1229; x_wconf 94' lang='grc'><strong>·</strong></span> <span class='ocrx_word' id='word_1_276' title='bbox 3573 1200 3607 1268; x_wconf 80' lang='grc' dir='ltr'><strong>ἢ</strong></span> <span class='ocrx_word' id='word_1_277' title='bbox 3640 1217 3785 1268; x_wconf 82' lang='grc' dir='ltr'>νομοο</span> 
     </span>
    </p>
   </div>
   <div class='ocr_carea' id='block_1_42' title="bbox 2215 1286 3783 1361">
    <p class='ocr_par' dir='ltr' id='par_1_42' title="bbox 2215 1286 3783 1361">
     <span class='ocr_line' id='line_1_42' title="bbox 2215 1286 3783 1361; baseline 0.004 -22"><span class='ocrx_word' id='word_1_278' title='bbox 2215 1286 2461 1357; x_wconf 76' lang='grc' dir='ltr'>φύλακας</span> <span class='ocrx_word' id='word_1_279' title='bbox 2495 1288 2691 1350; x_wconf 77' lang='grc' dir='ltr'>αὐτοὺς</span> <span class='ocrx_word' id='word_1_280' title='bbox 2726 1288 3135 1358; x_wconf 88' lang='grc' dir='ltr'>ὁμολογοῦντες,</span> <span class='ocrx_word' id='word_1_281' title='bbox 3180 1292 3407 1355; x_wconf 78' lang='grc' dir='ltr'>ἑαυτοὺς</span> <span class='ocrx_word' id='word_1_282' title='bbox 3463 1292 3783 1361; x_wconf 79' lang='grc' dir='ltr'>ἀνεθεμάτι-</span> 
     </span>
    </p>
   </div>
   <div class='ocr_carea' id='block_1_43' title="bbox 2216 1376 3783 1454">
    <p class='ocr_par' dir='ltr' id='par_1_43' title="bbox 2216 1376 3783 1454">
     <span class='ocr_line' id='line_1_43' title="bbox 2216 1376 3783 1454; baseline 0.005 -24"><span class='ocrx_word' id='word_1_283' title='bbox 2216 1394 2335 1431; x_wconf 91' lang='grc' dir='ltr'>σαν.</span> <span class='ocrx_word' id='word_1_284' title='bbox 2372 1376 2511 1429; x_wconf 70' lang='grc' dir='ltr'>Ἀλλ’</span> <span class='ocrx_word' id='word_1_285' title='bbox 2538 1378 2597 1430; x_wconf 87' lang='grc' dir='ltr'><strong>ού</strong></span> <span class='ocrx_word' id='word_1_286' title='bbox 2621 1379 2749 1441; x_wconf 81' lang='grc' dir='ltr'>τοὺς</span> <span class='ocrx_word' id='word_1_287' title='bbox 2770 1380 2973 1447; x_wconf 82' lang='grc' dir='ltr'>ἁγίους,</span> <span class='ocrx_word' id='word_1_288' title='bbox 3003 1384 3453 1454; x_wconf 79' lang='grc' dir='ltr'><strong>σφετερισάμενοι</strong></span> <span class='ocrx_word' id='word_1_289' title='bbox 3484 1387 3531 1437; x_wconf 81' lang='lat' dir='ltr'><strong>cl</strong></span> <span class='ocrx_word' id='word_1_290' title='bbox 3562 1385 3783 1439; x_wconf 79' lang='grc' dir='ltr'>δείλαιοι</span> 
     </span>
    </p>
   </div>
   <div class='ocr_carea' id='block_1_44' title="bbox 2214 1463 3786 1545">
    <p class='ocr_par' dir='ltr' id='par_1_44' title="bbox 2214 1463 3786 1545">
     <span class='ocr_line' id='line_1_44' title="bbox 2214 1463 3786 1545; baseline 0.008 -30"><span class='ocrx_word' id='word_1_291' title='bbox 2214 1463 2294 1527; x_wconf 87' lang='grc' dir='ltr'><strong>είς</strong></span> <span class='ocrx_word' id='word_1_292' title='bbox 2325 1464 2549 1527; x_wconf 77' lang='grc' dir='ltr'>ἑαυτοὺς</span> <span class='ocrx_word' id='word_1_293' title='bbox 2575 1464 2636 1518; x_wconf 77' lang='grc' dir='ltr'>τὸ</span> <span class='ocrx_word' id='word_1_294' title='bbox 2664 1466 2772 1519; x_wconf 85' lang='grc' dir='ltr'><strong>τῶν</strong></span> <span class='ocrx_word' id='word_1_295' title='bbox 2805 1468 2975 1535; x_wconf 80' lang='grc' dir='ltr'>ἁγίων</span> <span class='ocrx_word' id='word_1_296' title='bbox 3001 1469 3167 1539; x_wconf 78' lang='grc' dir='ltr'>δνομα</span> <span class='ocrx_word' id='word_1_297' title='bbox 3201 1473 3259 1523; x_wconf 83' lang='grc' dir='ltr'>ὲν</span> <span class='ocrx_word' id='word_1_298' title='bbox 3285 1476 3351 1543; x_wconf 76' lang='grc' dir='ltr'>τῇ</span> <span class='ocrx_word' id='word_1_299' title='bbox 3385 1474 3656 1545; x_wconf 77' lang='grc' dir='ltr'>λεγομένῃ</span> <span class='ocrx_word' id='word_1_300' title='bbox 3692 1476 3786 1529; x_wconf 81' lang='grc' dir='ltr'>αύ-</span> 
     </span>
    </p>
   </div>
   <div class='ocr_carea' id='block_1_45' title="bbox 2212 1556 3787 1630">
    <p class='ocr_par' dir='ltr' id='par_1_45' title="bbox 2212 1556 3787 1630">
     <span class='ocr_line' id='line_1_45' title="bbox 2212 1556 3787 1630; baseline 0.008 -23"><span class='ocrx_word' id='word_1_301' title='bbox 2212 1558 2327 1619; x_wconf 82' lang='grc' dir='ltr'>τοῖς</span> <span class='ocrx_word' id='word_1_302' title='bbox 2356 1556 2636 1625; x_wconf 70' lang='grc' dir='ltr'>οἰκονομία</span> <span class='ocrx_word' id='word_1_303' title='bbox 2669 1560 2767 1627; x_wconf 81' lang='grc' dir='ltr'>τῆς</span> <span class='ocrx_word' id='word_1_304' title='bbox 2813 1561 3189 1630; x_wconf 78' lang='grc' dir='ltr'>μοιχοζευξίας</span> <span class='ocrx_word' id='word_1_305' title='bbox 3210 1577 3223 1590; x_wconf 90' lang='grc'>·</span> <span class='ocrx_word' id='word_1_306' title='bbox 3254 1566 3347 1616; x_wconf 80' lang='grc' dir='ltr'>καὶ</span> <span class='ocrx_word' id='word_1_307' title='bbox 3377 1564 3466 1617; x_wconf 64' lang='grc' dir='ltr'>διὰ</span> <span class='ocrx_word' id='word_1_308' title='bbox 3498 1566 3660 1619; x_wconf 88' lang='grc' dir='ltr'>τοῦτο</span> <span class='ocrx_word' id='word_1_309' title='bbox 3685 1567 3787 1620; x_wconf 86' lang='grc' dir='ltr'>πά-</span> 
     </span>
    </p>
   </div>
   <div class='ocr_carea' id='block_1_46' title="bbox 2213 1646 3783 1726">
    <p class='ocr_par' dir='ltr' id='par_1_46' title="bbox 2213 1646 3783 1726">
     <span class='ocr_line' id='line_1_46' title="bbox 2213 1646 3783 1726; baseline 0.009 -28"><span class='ocrx_word' id='word_1_310' title='bbox 2213 1646 2297 1701; x_wconf 82' lang='grc' dir='ltr'><strong>λιν</strong></span> <span class='ocrx_word' id='word_1_311' title='bbox 2326 1648 2452 1709; x_wconf 75' lang='grc' dir='ltr'>τοὺς</span> <span class='ocrx_word' id='word_1_312' title='bbox 2484 1648 2672 1715; x_wconf 82' lang='grc' dir='ltr'>ἁγίους</span> <span class='ocrx_word' id='word_1_313' title='bbox 2717 1651 3114 1721; x_wconf 80' lang='grc' dir='ltr'>ἀνεθεμάτισαν</span> <span class='ocrx_word' id='word_1_314' title='bbox 3144 1654 3219 1719; x_wconf 85' lang='grc' dir='ltr'>ὡς</span> <span class='ocrx_word' id='word_1_315' title='bbox 3262 1657 3336 1726; x_wconf 76' lang='grc' dir='ltr'>μὴ</span> <span class='ocrx_word' id='word_1_316' title='bbox 3369 1655 3533 1720; x_wconf 73' lang='grc' dir='ltr'>ὄντας</span> <span class='ocrx_word' id='word_1_317' title='bbox 3561 1659 3783 1726; x_wconf 85' lang='grc' dir='ltr'>ἁγίους·</span> 
     </span>
    </p>
   </div>
   <div class='ocr_carea' id='block_1_47' title="bbox 2216 1739 3782 1821">
    <p class='ocr_par' dir='ltr' id='par_1_47' title="bbox 2216 1739 3782 1821">
     <span class='ocr_line' id='line_1_47' title="bbox 2216 1739 3782 1821; baseline 0.008 -30"><span class='ocrx_word' id='word_1_318' title='bbox 2216 1739 2337 1793; x_wconf 73' lang='grc' dir='ltr'>ἐπεὶ</span> <span class='ocrx_word' id='word_1_319' title='bbox 2354 1740 2497 1808; x_wconf 74' lang='grc' dir='ltr'>ἅγιοι</span> <span class='ocrx_word' id='word_1_320' title='bbox 2527 1741 2646 1793; x_wconf 87' lang='grc' dir='ltr'>κατ’</span> <span class='ocrx_word' id='word_1_321' title='bbox 2668 1742 2864 1806; x_wconf 79' lang='grc' dir='ltr'>αὐτοὺς</span> <span class='ocrx_word' id='word_1_322' title='bbox 2888 1745 2938 1796; x_wconf 91' lang='grc' dir='ltr'>οἱ</span> <span class='ocrx_word' id='word_1_323' title='bbox 2968 1745 3107 1799; x_wconf 86' lang='grc' dir='ltr'><strong>κατὰ</strong></span> <span class='ocrx_word' id='word_1_324' title='bbox 3131 1746 3355 1817; x_wconf 89' lang='grc' dir='ltr'>δύναμιν</span> <span class='ocrx_word' id='word_1_325' title='bbox 3380 1750 3479 1819; x_wconf 79' lang='grc' dir='ltr'>τῆς</span> <span class='ocrx_word' id='word_1_326' title='bbox 3505 1750 3782 1821; x_wconf 77' lang='grc' dir='ltr'>μοιχοζευ-</span> 
     </span>
    </p>
   </div>
   <div class='ocr_carea' id='block_1_48' title="bbox 2215 1832 3788 1914">
    <p class='ocr_par' dir='ltr' id='par_1_48' title="bbox 2215 1832 3788 1914">
     <span class='ocr_line' id='line_1_48' title="bbox 2215 1832 3788 1914; baseline 0.009 -31"><span class='ocrx_word' id='word_1_327' title='bbox 2215 1832 2331 1896; x_wconf 83' lang='grc' dir='ltr'>ξίας</span> <span class='ocrx_word' id='word_1_328' title='bbox 2370 1832 2463 1884; x_wconf 63' lang='grc' dir='ltr'><strong>καὶ⁸</strong></span> <span class='ocrx_word' id='word_1_329' title='bbox 2496 1835 3007 1905; x_wconf 79' lang='grc' dir='ltr'>μοιχομεριδαρχίας</span> <span class='ocrx_word' id='word_1_330' title='bbox 3060 1837 3159 1900; x_wconf 76' lang='grc' dir='ltr'>τὰς</span> <span class='ocrx_word' id='word_1_331' title='bbox 3199 1840 3510 1911; x_wconf 79' lang='grc' dir='ltr'>οίκονομίας</span> <span class='ocrx_word' id='word_1_332' title='bbox 3551 1861 3788 1914; x_wconf 84' lang='grc' dir='ltr'>πεποιη-</span> 
     </span>
    </p>
   </div>
   <div class='ocr_carea' id='block_1_49' title="bbox 2213 1921 3788 2003">
    <p class='ocr_par' dir='ltr' id='par_1_49' title="bbox 2213 1921 3788 2003">
     <span class='ocr_line' id='line_1_49' title="bbox 2213 1921 3788 2003; baseline 0.008 -30"><span class='ocrx_word' id='word_1_333' title='bbox 2213 1921 2369 1984; x_wconf 86' lang='grc' dir='ltr'>κότες</span> <span class='ocrx_word' id='word_1_334' title='bbox 2420 1923 2514 1975; x_wconf 69' lang='grc' dir='ltr'><strong>καὶ</strong></span> <span class='ocrx_word' id='word_1_335' title='bbox 2562 1923 2862 1989; x_wconf 88' lang='grc' dir='ltr'>ποιοῦντες,</span> <span class='ocrx_word' id='word_1_336' title='bbox 2908 1927 3004 1981; x_wconf 79' lang='grc' dir='ltr'>καὶ</span> <span class='ocrx_word' id='word_1_337' title='bbox 3034 1922 3181 1983; x_wconf 79' lang='grc' dir='ltr'>οὗτοι</span> <span class='ocrx_word' id='word_1_338' title='bbox 3223 1930 3489 2003; x_wconf 86' lang='grc' dir='ltr'>ἀλλότριοι</span> <span class='ocrx_word' id='word_1_339' title='bbox 3524 1934 3663 1987; x_wconf 85' lang='grc' dir='ltr'>Θεοῦ</span> <span class='ocrx_word' id='word_1_340' title='bbox 3694 1936 3788 1989; x_wconf 73' lang='grc' dir='ltr'>καὶ</span> 
     </span>
    </p>
   </div>
   <div class='ocr_carea' id='block_1_50' title="bbox 2212 2014 3788 2096">
    <p class='ocr_par' dir='ltr' id='par_1_50' title="bbox 2212 2014 3788 2096">
     <span class='ocr_line' id='line_1_50' title="bbox 2212 2014 3788 2096; baseline 0.007 -28"><span class='ocrx_word' id='word_1_341' title='bbox 2212 2014 2423 2083; x_wconf 81' lang='grc' dir='ltr'>ἄνομοι,</span> <span class='ocrx_word' id='word_1_342' title='bbox 2482 2014 2577 2068; x_wconf 73' lang='grc' dir='ltr'><strong>καὶ</strong></span> <span class='ocrx_word' id='word_1_343' title='bbox 2632 2017 2943 2088; x_wconf 84' lang='grc' dir='ltr'>παραϐάται</span> <span class='ocrx_word' id='word_1_344' title='bbox 2998 2020 3250 2085; x_wconf 77' lang='grc' dir='ltr'>ἐντολῶν,</span> <span class='ocrx_word' id='word_1_345' title='bbox 3304 2024 3399 2076; x_wconf 81' lang='grc' dir='ltr'>καὶ</span> <span class='ocrx_word' id='word_1_346' title='bbox 3457 2026 3788 2096; x_wconf 71' lang='grc' dir='ltr'>άναθεμιτι-</span> 
     </span>
    </p>
   </div>
   <div class='ocr_carea' id='block_1_51' title="bbox 2215 2106 3789 2185">
    <p class='ocr_par' dir='ltr' id='par_1_51' title="bbox 2215 2106 3789 2185">
     <span class='ocr_line' id='line_1_51' title="bbox 2215 2106 3789 2185; baseline 0.01 -26"><span class='ocrx_word' id='word_1_347' title='bbox 2215 2106 2403 2176; x_wconf 83' lang='grc' dir='ltr'>σμένοι</span> <span class='ocrx_word' id='word_1_348' title='bbox 2443 2108 2571 2180; x_wconf 81' lang='grc' dir='ltr'>παρ’</span> <span class='ocrx_word' id='word_1_349' title='bbox 2601 2109 2808 2174; x_wconf 82' lang='grc' dir='ltr'>αὐτοῖς,</span> <span class='ocrx_word' id='word_1_350' title='bbox 2839 2112 2887 2163; x_wconf 85' lang='grc' dir='ltr'><strong>οί</strong></span> <span class='ocrx_word' id='word_1_351' title='bbox 2915 2112 2991 2183; x_wconf 76' lang='grc' dir='ltr'>μὴ</span> <span class='ocrx_word' id='word_1_352' title='bbox 3019 2112 3115 2184; x_wconf 78' lang='grc' dir='ltr'>τὴν</span> <span class='ocrx_word' id='word_1_353' title='bbox 3147 2116 3574 2185; x_wconf 87' lang='grc' dir='ltr'>μοιχοσύστατον</span> <span class='ocrx_word' id='word_1_354' title='bbox 3609 2119 3789 2173; x_wconf 80' lang='grc' dir='ltr'>αὐτῶν</span> 
     </span>
    </p>
   </div>
   <div class='ocr_carea' id='block_1_52' title="bbox 2212 2198 3788 2281">
    <p class='ocr_par' dir='ltr' id='par_1_52' title="bbox 2212 2198 3788 2281">
     <span class='ocr_line' id='line_1_52' title="bbox 2212 2198 3788 2281; baseline 0.01 -31"><span class='ocrx_word' id='word_1_355' title='bbox 2212 2198 2525 2269; x_wconf 77' lang='grc' dir='ltr'>οἰκονομίαν</span> <span class='ocrx_word' id='word_1_356' title='bbox 2560 2200 2862 2273; x_wconf 82' lang='grc' dir='ltr'>δεχόμενοι,</span> <span class='ocrx_word' id='word_1_357' title='bbox 2897 2203 2989 2258; x_wconf 72' lang='grc' dir='ltr'><strong>καὶ</strong></span> <span class='ocrx_word' id='word_1_358' title='bbox 3016 2204 3083 2259; x_wconf 84' lang='grc' dir='ltr'>τὰ</span> <span class='ocrx_word' id='word_1_359' title='bbox 3114 2208 3236 2261; x_wconf 87' lang='grc' dir='ltr'>κατ’</span> <span class='ocrx_word' id='word_1_360' title='bbox 3269 2208 3415 2278; x_wconf 73' lang='grc' dir='ltr'>[χνος</span> <span class='ocrx_word' id='word_1_361' title='bbox 3442 2209 3616 2281; x_wconf 78' lang='grc' dir='ltr'>αὐτῆς</span> <span class='ocrx_word' id='word_1_362' title='bbox 3646 2214 3788 2265; x_wconf 82' lang='grc' dir='ltr'>οἱκο-</span> 
     </span>
    </p>
   </div>
   <div class='ocr_carea' id='block_1_53' title="bbox 2213 2306 2527 2361">
    <p class='ocr_par' dir='ltr' id='par_1_53' title="bbox 2213 2306 2527 2361">
     <span class='ocr_line' id='line_1_53' title="bbox 2213 2306 2527 2361; baseline 0.016 -18"><span class='ocrx_word' id='word_1_363' title='bbox 2213 2306 2527 2361; x_wconf 88' lang='grc' dir='ltr'>νομουντες.</span> 
     </span>
    </p>
   </div>
   <div class='ocr_carea' id='block_1_54' title="bbox 2286 2576 3789 2658">
    <p class='ocr_par' dir='ltr' id='par_1_54' title="bbox 2286 2576 3789 2658">
     <span class='ocr_line' id='line_1_54' title="bbox 2286 2576 3789 2658; baseline 0.011 -26"><span class='ocrx_word' id='word_1_364' title='bbox 2286 2579 2448 2634; x_wconf 85' lang='grc' dir='ltr'>Ὅθεν</span> <span class='ocrx_word' id='word_1_365' title='bbox 2480 2576 2575 2637; x_wconf 78' lang='grc' dir='ltr'><strong>οὖν</strong></span> <span class='ocrx_word' id='word_1_366' title='bbox 2614 2581 2815 2653; x_wconf 80' lang='grc' dir='ltr'>βούλει,</span> <span class='ocrx_word' id='word_1_367' title='bbox 2846 2583 2936 2638; x_wconf 79' lang='grc' dir='ltr'><strong>καὶ</strong></span> <span class='ocrx_word' id='word_1_368' title='bbox 2963 2586 3201 2658; x_wconf 84' lang='grc' dir='ltr'>ποτέραν</span> <span class='ocrx_word' id='word_1_369' title='bbox 3230 2588 3337 2643; x_wconf 85' lang='grc' dir='ltr'><strong>τῶν</strong></span> <span class='ocrx_word' id='word_1_370' title='bbox 3365 2590 3579 2644; x_wconf 81' lang='grc' dir='ltr'>ἀσεϐῶν</span> <span class='ocrx_word' id='word_1_371' title='bbox 3609 2593 3789 2648; x_wconf 75' lang='grc' dir='ltr'>αὐτῶν</span> 
     </span>
    </p>
   </div>
   <div class='ocr_carea' id='block_1_55' title="bbox 2214 2669 3786 2755">
    <p class='ocr_par' dir='ltr' id='par_1_55' title="bbox 2214 2669 3786 2755">
     <span class='ocr_line' id='line_1_55' title="bbox 2214 2669 3786 2755; baseline 0.011 -35"><span class='ocrx_word' id='word_1_372' title='bbox 2214 2669 2397 2740; x_wconf 82' lang='grc' dir='ltr'>φωνὴν</span> <span class='ocrx_word' id='word_1_373' title='bbox 2447 2672 2647 2737; x_wconf 80' lang='grc' dir='ltr'>ἐθέλοις</span> <span class='ocrx_word' id='word_1_374' title='bbox 2686 2675 2836 2741; x_wconf 89' lang='grc' dir='ltr'>ίδείν,</span> <span class='ocrx_word' id='word_1_375' title='bbox 2867 2677 2999 2742; x_wconf 88' lang='grc' dir='ltr'>νόει,</span> <span class='ocrx_word' id='word_1_376' title='bbox 3032 2680 3059 2731; x_wconf 86' lang='grc' dir='ltr'><strong>ό</strong></span> <span class='ocrx_word' id='word_1_377' title='bbox 3091 2680 3365 2749; x_wconf 87' lang='grc' dir='ltr'>ἀγχίνους,</span> <span class='ocrx_word' id='word_1_378' title='bbox 3390 2683 3485 2735; x_wconf 75' lang='grc' dir='ltr'><strong>καὶ</strong></span> <span class='ocrx_word' id='word_1_379' title='bbox 3514 2683 3786 2755; x_wconf 73' lang='grc' dir='ltr'>θαύμαζε,</span> 
     </span>
    </p>
   </div>
   <div class='ocr_carea' id='block_1_56' title="bbox 2214 2762 3789 2846">
    <p class='ocr_par' dir='ltr' id='par_1_56' title="bbox 2214 2762 3789 2846">
     <span class='ocr_line' id='line_1_56' title="bbox 2214 2762 3789 2846; baseline 0.01 -32"><span class='ocrx_word' id='word_1_380' title='bbox 2214 2762 2379 2832; x_wconf 80' lang='grc' dir='ltr'>βάθος</span> <span class='ocrx_word' id='word_1_381' title='bbox 2407 2764 2469 2816; x_wconf 81' lang='grc' dir='ltr'>ἐκ</span> <span class='ocrx_word' id='word_1_382' title='bbox 2498 2764 2694 2833; x_wconf 84' lang='grc' dir='ltr'>βάθους</span> <span class='ocrx_word' id='word_1_383' title='bbox 2724 2769 2910 2831; x_wconf 80' lang='grc' dir='ltr'>άθεϊας</span> <span class='ocrx_word' id='word_1_384' title='bbox 2935 2768 3263 2840; x_wconf 81' lang='grc' dir='ltr'>ἀναθεωρῶν</span> <span class='ocrx_word' id='word_1_385' title='bbox 3292 2774 3385 2827; x_wconf 78' lang='grc' dir='ltr'><strong>καὶ</strong></span> <span class='ocrx_word' id='word_1_386' title='bbox 3415 2775 3789 2846; x_wconf 81' lang='grc' dir='ltr'>ἀναλαμϐανό-</span> 
     </span>
    </p>
   </div>
   <div class='ocr_carea' id='block_1_57' title="bbox 2214 2855 3789 2935">
    <p class='ocr_par' dir='ltr' id='par_1_57' title="bbox 2214 2855 3789 2935">
     <span class='ocr_line' id='line_1_57' title="bbox 2214 2855 3789 2935; baseline 0.012 -33"><span class='ocrx_word' id='word_1_387' title='bbox 2214 2869 2393 2922; x_wconf 83' lang='grc' dir='ltr'>μενος.</span> <span class='ocrx_word' id='word_1_388' title='bbox 2432 2855 2563 2907; x_wconf 80' lang='grc' dir='ltr'>Οὐδὲ</span> <span class='ocrx_word' id='word_1_389' title='bbox 2594 2856 2700 2926; x_wconf 81' lang='grc' dir='ltr'><strong>γάρ</strong></span> <span class='ocrx_word' id='word_1_390' title='bbox 2731 2859 2785 2910; x_wconf 81' lang='grc' dir='ltr'>αἱ</span> <span class='ocrx_word' id='word_1_391' title='bbox 2816 2859 3053 2930; x_wconf 79' lang='grc' dir='ltr'>αἱρέσεις</span> <span class='ocrx_word' id='word_1_392' title='bbox 3092 2864 3343 2934; x_wconf 67' lang='grc' dir='ltr'>προφανῆ</span> <span class='ocrx_word' id='word_1_393' title='bbox 3374 2867 3470 2935; x_wconf 76' lang='grc' dir='ltr'><strong>τὴν</strong></span> <span class='ocrx_word' id='word_1_394' title='bbox 3500 2866 3631 2935; x_wconf 77' lang='grc' dir='ltr'>ὃλην</span> <span class='ocrx_word' id='word_1_395' title='bbox 3660 2868 3789 2921; x_wconf 86' lang='grc' dir='ltr'>ἀσέ-</span> 
     </span>
    </p>
   </div>
   <div class='ocr_carea' id='block_1_58' title="bbox 2212 2944 3788 3027">
    <p class='ocr_par' dir='ltr' id='par_1_58' title="bbox 2212 2944 3788 3027">
     <span class='ocr_line' id='line_1_58' title="bbox 2212 2944 3788 3027; baseline 0.009 -30"><span class='ocrx_word' id='word_1_396' title='bbox 2212 2944 2365 2999; x_wconf 90' lang='grc' dir='ltr'>ϐειαν</span> <span class='ocrx_word' id='word_1_397' title='bbox 2408 2945 2622 3017; x_wconf 82' lang='grc' dir='ltr'>ἔχουσιν</span> <span class='ocrx_word' id='word_1_398' title='bbox 2647 2964 2661 2979; x_wconf 76' lang='grc'><strong><em>⁸</em></strong></span> <span class='ocrx_word' id='word_1_399' title='bbox 2696 2950 2812 3002; x_wconf 79' lang='grc' dir='ltr'>ἀλλ’</span> <span class='ocrx_word' id='word_1_400' title='bbox 2844 2954 2899 3005; x_wconf 90' lang='grc' dir='ltr'><strong>αί</strong></span> <span class='ocrx_word' id='word_1_401' title='bbox 2951 2954 3050 3023; x_wconf 88' lang='grc' dir='ltr'><strong>μὲν</strong></span> <span class='ocrx_word' id='word_1_402' title='bbox 3098 2957 3285 3027; x_wconf 69' lang='grc' dir='ltr'>πόρρω</span> <span class='ocrx_word' id='word_1_403' title='bbox 3318 2957 3412 3010; x_wconf 76' lang='grc' dir='ltr'><strong>τοῦ</strong></span> <span class='ocrx_word' id='word_1_404' title='bbox 3452 2957 3788 3027; x_wconf 80' lang='grc' dir='ltr'>Εὐαγγελίου</span> 
     </span>
    </p>
   </div>
   <div class='ocr_carea' id='block_1_59' title="bbox 2213 3038 3790 3121">
    <p class='ocr_par' dir='ltr' id='par_1_59' title="bbox 2213 3038 3790 3121">
     <span class='ocr_line' id='line_1_59' title="bbox 2213 3038 3790 3121; baseline 0.021 -45"><span class='ocrx_word' id='word_1_405' title='bbox 2213 3038 2389 3109; x_wconf 77' lang='grc' dir='ltr'>πάντη</span> <span class='ocrx_word' id='word_1_406' title='bbox 2420 3056 2481 3105; x_wconf 88' lang='grc' dir='ltr'><strong>γε</strong></span> <span class='ocrx_word' id='word_1_407' title='bbox 2504 3055 2515 3067; x_wconf 70' lang='grc'><strong><em>⁸</em></strong></span> <span class='ocrx_word' id='word_1_408' title='bbox 2548 3040 2603 3091; x_wconf 77' lang='grc' dir='ltr'>αἱ</span> <span class='ocrx_word' id='word_1_409' title='bbox 2634 3040 2689 3093; x_wconf 83' lang='grc' dir='ltr'><strong>δὲ</strong></span> <span class='ocrx_word' id='word_1_410' title='bbox 2723 3041 3082 3111; x_wconf 83' lang='grc' dir='ltr'>ὑποδούμεναι</span> <span class='ocrx_word' id='word_1_411' title='bbox 3110 3048 3174 3099; x_wconf 84' lang='grc' dir='ltr'>ὲκ</span> <span class='ocrx_word' id='word_1_412' title='bbox 3199 3048 3290 3101; x_wconf 92' lang='grc' dir='ltr'><strong>τοῦ</strong></span> <span class='ocrx_word' id='word_1_413' title='bbox 3325 3049 3667 3118; x_wconf 84' lang='grc' dir='ltr'>Εὑαγγελίου</span> <span class='ocrx_word' id='word_1_414' title='bbox 3692 3052 3790 3121; x_wconf 76' lang='grc' dir='ltr'><strong>ῥήσ-</strong></span> 
     </span>
    </p>
   </div>
   <div class='ocr_carea' id='block_1_60' title="bbox 534 3124 2109 3213">
    <p class='ocr_par' dir='ltr' id='par_1_60' title="bbox 534 3128 2109 3198">
     <span class='ocr_line' id='line_1_60' title="bbox 534 3128 2109 3198; baseline -0.001 -15"><span class='ocrx_word' id='word_1_415' title='bbox 534 3143 665 3183; x_wconf 82' lang='lat' dir='ltr'><strong>vero</strong></span> <span class='ocrx_word' id='word_1_416' title='bbox 692 3128 857 3183; x_wconf 88' lang='lat' dir='ltr'><strong>verba</strong></span> <span class='ocrx_word' id='word_1_417' title='bbox 888 3128 1134 3197; x_wconf 77' lang='lat' dir='ltr'><strong>quaedam</strong></span> <span class='ocrx_word' id='word_1_418' title='bbox 1163 3143 1226 3181; x_wconf 83' lang='lat' dir='ltr'><strong>ex</strong></span> <span class='ocrx_word' id='word_1_419' title='bbox 1263 3128 1559 3198; x_wconf 79' lang='lat' dir='ltr'><strong>Evangelia</strong></span> <span class='ocrx_word' id='word_1_420' title='bbox 1604 3138 1888 3198; x_wconf 82' lang='lat' dir='ltr'><strong>captantes</strong></span> <span class='ocrx_word' id='word_1_421' title='bbox 1914 3170 1928 3194; x_wconf 92' lang='lat'><strong>,</strong></span> <span class='ocrx_word' id='word_1_422' title='bbox 1986 3145 2109 3183; x_wconf 90' lang='lat' dir='ltr'><strong>cum</strong></span> 
     </span>
    </p>
   </div>
   <div class='ocr_carea' id='block_1_61' title="bbox 2211 3124 3789 3213">
    <p class='ocr_par' dir='ltr' id='par_1_61' title="bbox 2214 3128 3789 3213">
     <span class='ocr_line' id='line_1_61' title="bbox 2214 3128 3789 3213; baseline 0.012 -36"><span class='ocrx_word' id='word_1_423' title='bbox 2214 3143 2327 3189; x_wconf 88' lang='grc' dir='ltr'>σεις</span> <span class='ocrx_word' id='word_1_424' title='bbox 2359 3128 2531 3192; x_wconf 74' lang='grc' dir='ltr'>τινὰς,</span> <span class='ocrx_word' id='word_1_425' title='bbox 2562 3131 2993 3202; x_wconf 80' lang='grc' dir='ltr'>συνεισέρχονται</span> <span class='ocrx_word' id='word_1_426' title='bbox 3020 3154 3033 3168; x_wconf 85' lang='grc'><strong>·</strong></span> <span class='ocrx_word' id='word_1_427' title='bbox 3067 3136 3129 3189; x_wconf 83' lang='grc' dir='ltr'><strong>οὐ</strong></span> <span class='ocrx_word' id='word_1_428' title='bbox 3153 3138 3403 3206; x_wconf 87' lang='grc' dir='ltr'>λέγουσαι</span> <span class='ocrx_word' id='word_1_429' title='bbox 3443 3141 3518 3212; x_wconf 78' lang='grc' dir='ltr'>μὴ</span> <span class='ocrx_word' id='word_1_430' title='bbox 3552 3151 3789 3213; x_wconf 84' lang='grc' dir='ltr'>στοιχεῖν</span> 
     </span>
    </p>
   </div>
   <div class='ocr_carea' id='block_1_62' title="bbox 536 3218 2114 3289">
    <p class='ocr_par' dir='ltr' id='par_1_62' title="bbox 536 3218 2114 3289">
     <span class='ocr_line' id='line_1_62' title="bbox 536 3218 2114 3289; baseline 0.001 -16"><span class='ocrx_word' id='word_1_431' title='bbox 536 3220 621 3274; x_wconf 91' lang='lat' dir='ltr'><strong>his</strong></span> <span class='ocrx_word' id='word_1_432' title='bbox 642 3234 699 3273; x_wconf 83' lang='lat' dir='ltr'><strong>se</strong></span> <span class='ocrx_word' id='word_1_433' title='bbox 737 3219 1053 3281; x_wconf 88' lang='lat' dir='ltr'><strong>insinuant,</strong></span> <span class='ocrx_word' id='word_1_434' title='bbox 1098 3218 1516 3288; x_wconf 88' lang='lat' dir='ltr'><strong>haudquaquam</strong></span> <span class='ocrx_word' id='word_1_435' title='bbox 1556 3220 1875 3289; x_wconf 84' lang='lat' dir='ltr'><strong>proﬁtentes</strong></span> <span class='ocrx_word' id='word_1_436' title='bbox 1900 3236 1957 3274; x_wconf 89' lang='lat' dir='ltr'><strong>se</strong></span> <span class='ocrx_word' id='word_1_437' title='bbox 1991 3235 2114 3274; x_wconf 80' lang='lat' dir='ltr'><strong>ora-</strong></span> 
     </span>
    </p>
   </div>
   <div class='ocr_carea' id='block_1_63' title="bbox 534 3311 2113 3384">
    <p class='ocr_par' dir='ltr' id='par_1_63' title="bbox 534 3311 2113 3384">
     <span class='ocr_line' id='line_1_63' title="bbox 534 3311 2113 3384; baseline 0.002 -18"><span class='ocrx_word' id='word_1_438' title='bbox 534 3312 655 3366; x_wconf 91' lang='lat' dir='ltr'><strong>cula</strong></span> <span class='ocrx_word' id='word_1_439' title='bbox 686 3312 996 3383; x_wconf 84' lang='lat' dir='ltr'><strong>evangelica</strong></span> <span class='ocrx_word' id='word_1_440' title='bbox 1045 3326 1154 3365; x_wconf 89' lang='lat' dir='ltr'><strong>non</strong></span> <span class='ocrx_word' id='word_1_441' title='bbox 1202 3312 1399 3381; x_wconf 81' lang='lat' dir='ltr'><strong>Sequi:</strong></span> <span class='ocrx_word' id='word_1_442' title='bbox 1445 3311 1554 3367; x_wconf 91' lang='lat' dir='ltr'><strong>imo</strong></span> <span class='ocrx_word' id='word_1_443' title='bbox 1599 3327 1697 3384; x_wconf 89' lang='lat' dir='ltr'><strong>pro</strong></span> <span class='ocrx_word' id='word_1_444' title='bbox 1738 3314 1843 3369; x_wconf 90' lang='lat' dir='ltr'><strong>illis</strong></span> <span class='ocrx_word' id='word_1_445' title='bbox 1880 3312 2113 3369; x_wconf 81' lang='lat' dir='ltr'><strong>maxime</strong></span> 
     </span>
    </p>
   </div>
   <div class='ocr_carea' id='block_1_64' title="bbox 537 3404 2112 3475">
    <p class='ocr_par' dir='ltr' id='par_1_64' title="bbox 537 3404 2112 3475">
     <span class='ocr_line' id='line_1_64' title="bbox 537 3404 2112 3475; baseline 0.004 -19"><span class='ocrx_word' id='word_1_446' title='bbox 537 3412 839 3473; x_wconf 82' lang='lat' dir='ltr'><strong>pugnantes</strong></span> <span class='ocrx_word' id='word_1_447' title='bbox 869 3404 923 3457; x_wconf 91' lang='lat' dir='ltr'><strong>in</strong></span> <span class='ocrx_word' id='word_1_448' title='bbox 955 3405 1196 3475; x_wconf 89' lang='lat' dir='ltr'><strong>speciem</strong></span> <span class='ocrx_word' id='word_1_449' title='bbox 1233 3447 1248 3470; x_wconf 94' lang='lat'><strong>,</strong></span> <span class='ocrx_word' id='word_1_450' title='bbox 1285 3406 1428 3475; x_wconf 91' lang='lat' dir='ltr'><strong>quod</strong></span> <span class='ocrx_word' id='word_1_451' title='bbox 1472 3408 1577 3461; x_wconf 92' lang='lat' dir='ltr'><strong>isto</strong></span> <span class='ocrx_word' id='word_1_452' title='bbox 1608 3417 1659 3462; x_wconf 90' lang='lat' dir='ltr'><strong>et</strong></span> <span class='ocrx_word' id='word_1_453' title='bbox 1696 3424 1802 3461; x_wconf 90' lang='lat' dir='ltr'><strong>non</strong></span> <span class='ocrx_word' id='word_1_454' title='bbox 1829 3408 1919 3462; x_wconf 92' lang='lat' dir='ltr'><strong>illo</strong></span> <span class='ocrx_word' id='word_1_455' title='bbox 1950 3408 2112 3463; x_wconf 90' lang='lat' dir='ltr'><strong>modo</strong></span> 
     </span>
    </p>
   </div>
   <div class='ocr_carea' id='block_1_65' title="bbox 535 3494 2112 3570">
    <p class='ocr_par' dir='ltr' id='par_1_65' title="bbox 535 3494 2112 3570">
     <span class='ocr_line' id='line_1_65' title="bbox 535 3494 2112 3570; baseline 0.004 -23"><span class='ocrx_word' id='word_1_456' title='bbox 535 3494 705 3565; x_wconf 87' lang='lat' dir='ltr'><strong>accipi</strong></span> <span class='ocrx_word' id='word_1_457' title='bbox 740 3494 1013 3559; x_wconf 85' lang='lat' dir='ltr'><strong>debeant,</strong></span> <span class='ocrx_word' id='word_1_458' title='bbox 1069 3498 1121 3549; x_wconf 93' lang='lat' dir='ltr'><strong>in</strong></span> <span class='ocrx_word' id='word_1_459' title='bbox 1152 3497 1352 3554; x_wconf 80' lang='lat' dir='ltr'><strong>divinis</strong></span> <span class='ocrx_word' id='word_1_460' title='bbox 1399 3500 1745 3553; x_wconf 90' lang='lat' dir='ltr'><strong>sermonibus</strong></span> <span class='ocrx_word' id='word_1_461' title='bbox 1789 3501 2112 3570; x_wconf 88' lang='lat' dir='ltr'><strong>ambiguita-</strong></span> 
     </span>
    </p>
   </div>
   <div class='ocr_carea' id='block_1_66' title="bbox 535 3587 2108 3655">
    <p class='ocr_par' dir='ltr' id='par_1_66' title="bbox 535 3587 2108 3655">
     <span class='ocr_line' id='line_1_66' title="bbox 535 3587 2108 3655; baseline 0.003 -15"><span class='ocrx_word' id='word_1_462' title='bbox 535 3596 643 3640; x_wconf 86' lang='lat' dir='ltr'><strong>tem</strong></span> <span class='ocrx_word' id='word_1_463' title='bbox 676 3595 1000 3641; x_wconf 88' lang='lat' dir='ltr'><strong>statuentes.</strong></span> <span class='ocrx_word' id='word_1_464' title='bbox 1036 3587 1101 3643; x_wconf 86' lang='lat' dir='ltr'><strong>Et</strong></span> <span class='ocrx_word' id='word_1_465' title='bbox 1130 3605 1250 3642; x_wconf 88' lang='lat' dir='ltr'><strong>cum</strong></span> <span class='ocrx_word' id='word_1_466' title='bbox 1289 3606 1317 3643; x_wconf 91' lang='lat' dir='ltr'><strong>a</strong></span> <span class='ocrx_word' id='word_1_467' title='bbox 1362 3600 1512 3644; x_wconf 89' lang='lat' dir='ltr'><strong>recto</strong></span> <span class='ocrx_word' id='word_1_468' title='bbox 1543 3606 1706 3645; x_wconf 90' lang='lat' dir='ltr'><strong>sensu</strong></span> <span class='ocrx_word' id='word_1_469' title='bbox 1730 3591 2108 3655; x_wconf 88' lang='lat' dir='ltr'><strong>discesserint,</strong></span> 
     </span>
    </p>
   </div>
   <div class='ocr_carea' id='block_1_67' title="bbox 535 3678 2113 3735">
    <p class='ocr_par' dir='ltr' id='par_1_67' title="bbox 535 3678 2113 3735">
     <span class='ocr_line' id='line_1_67' title="bbox 535 3678 2113 3735; baseline 0.003 -5"><span class='ocrx_word' id='word_1_470' title='bbox 535 3678 772 3732; x_wconf 79' lang='lat' dir='ltr'><strong>haereses</strong></span> <span class='ocrx_word' id='word_1_471' title='bbox 812 3680 1106 3733; x_wconf 64' lang='lat' dir='ltr'><strong>nominatae</strong></span> <span class='ocrx_word' id='word_1_472' title='bbox 1168 3690 1317 3734; x_wconf 88' lang='lat' dir='ltr'><strong>sunt.</strong></span> <span class='ocrx_word' id='word_1_473' title='bbox 1368 3679 1505 3735; x_wconf 89' lang='lat' dir='ltr'><strong>Hinc</strong></span> <span class='ocrx_word' id='word_1_474' title='bbox 1538 3696 1667 3735; x_wconf 90' lang='lat' dir='ltr'><strong>vero</strong></span> <span class='ocrx_word' id='word_1_475' title='bbox 1707 3680 1991 3735; x_wconf 80' lang='lat' dir='ltr'><strong>manifesta</strong></span> <span class='ocrx_word' id='word_1_476' title='bbox 2030 3691 2113 3735; x_wconf 92' lang='lat' dir='ltr'><strong>est</strong></span> 
     </span>
    </p>
   </div>
   <div class='ocr_carea' id='block_1_68' title="bbox 534 3768 2106 3840">
    <p class='ocr_par' dir='ltr' id='par_1_68' title="bbox 534 3768 2106 3840">
     <span class='ocr_line' id='line_1_68' title="bbox 534 3768 2106 3840; baseline 0.003 -18"><span class='ocrx_word' id='word_1_477' title='bbox 534 3768 806 3822; x_wconf 88' lang='lat' dir='ltr'><strong>deerratio</strong></span> <span class='ocrx_word' id='word_1_478' title='bbox 833 3784 861 3822; x_wconf 91' lang='lat' dir='ltr'><strong>a</strong></span> <span class='ocrx_word' id='word_1_479' title='bbox 886 3768 1010 3823; x_wconf 84' lang='lat' dir='ltr'><strong>lide.</strong></span> <span class='ocrx_word' id='word_1_480' title='bbox 1033 3768 1153 3823; x_wconf 87' lang='lat' dir='ltr'><strong>Non</strong></span> <span class='ocrx_word' id='word_1_481' title='bbox 1176 3779 1362 3825; x_wconf 88' lang='lat' dir='ltr'><strong>errant</strong></span> <span class='ocrx_word' id='word_1_482' title='bbox 1386 3772 1526 3840; x_wconf 90' lang='lat' dir='ltr'><strong>quod</strong></span> <span class='ocrx_word' id='word_1_483' title='bbox 1556 3772 1623 3827; x_wconf 90' lang='lat' dir='ltr'><strong>ad</strong></span> <span class='ocrx_word' id='word_1_484' title='bbox 1646 3787 1865 3826; x_wconf 89' lang='lat' dir='ltr'><strong>sensum</strong></span> <span class='ocrx_word' id='word_1_485' title='bbox 1884 3774 2106 3827; x_wconf 88' lang='lat' dir='ltr'><strong>attinet:</strong></span> 
     </span>
    </p>
   </div>
   <div class='ocr_carea' id='block_1_69' title="bbox 534 3859 2109 3935">
    <p class='ocr_par' dir='ltr' id='par_1_69' title="bbox 534 3859 2109 3935">
     <span class='ocr_line' id='line_1_69' title="bbox 534 3859 2109 3935; baseline 0.003 -21"><span class='ocrx_word' id='word_1_486' title='bbox 534 3860 629 3914; x_wconf 82' lang='lat' dir='ltr'><strong>sed</strong></span> <span class='ocrx_word' id='word_1_487' title='bbox 652 3860 795 3929; x_wconf 88' lang='lat' dir='ltr'><strong>quod</strong></span> <span class='ocrx_word' id='word_1_488' title='bbox 822 3859 1042 3935; x_wconf 77' lang='lat' dir='ltr'><strong>dicant;</strong></span> <span class='ocrx_word' id='word_1_489' title='bbox 1076 3862 1326 3916; x_wconf 87' lang='lat' dir='ltr'><strong>Christus</strong></span> <span class='ocrx_word' id='word_1_490' title='bbox 1347 3863 1564 3931; x_wconf 90' lang='lat' dir='ltr'><strong>quidem</strong></span> <span class='ocrx_word' id='word_1_491' title='bbox 1594 3864 1672 3918; x_wconf 90' lang='lat' dir='ltr'><strong>sic</strong></span> <span class='ocrx_word' id='word_1_492' title='bbox 1697 3865 1791 3924; x_wconf 87' lang='lat' dir='ltr'><strong>ait.</strong></span> <span class='ocrx_word' id='word_1_493' title='bbox 1816 3876 2109 3934; x_wconf 89' lang='lat' dir='ltr'><strong>quantum-</strong></span> 
     </span>
    </p>
   </div>
   <div class='ocr_carea' id='block_1_70' title="bbox 532 3950 2111 4022">
    <p class='ocr_par' dir='ltr' id='par_1_70' title="bbox 532 3950 2111 4022">
     <span class='ocr_line' id='line_1_70' title="bbox 532 3950 2111 4022; baseline 0.006 -20"><span class='ocrx_word' id='word_1_494' title='bbox 532 3952 614 4002; x_wconf 90' lang='lat' dir='ltr'><strong>vis</strong></span> <span class='ocrx_word' id='word_1_495' title='bbox 645 3950 729 4002; x_wconf 79' lang='lat' dir='ltr'><strong>lex</strong></span> <span class='ocrx_word' id='word_1_496' title='bbox 760 3950 837 4005; x_wconf 91' lang='lat' dir='ltr'><strong>sic</strong></span> <span class='ocrx_word' id='word_1_497' title='bbox 870 3950 1085 4014; x_wconf 84' lang='lat' dir='ltr'><strong>habeat,</strong></span> <span class='ocrx_word' id='word_1_498' title='bbox 1121 3950 1175 4003; x_wconf 93' lang='lat' dir='ltr'><strong>in</strong></span> <span class='ocrx_word' id='word_1_499' title='bbox 1210 3952 1426 4022; x_wconf 89' lang='lat' dir='ltr'><strong>regibus</strong></span> <span class='ocrx_word' id='word_1_500' title='bbox 1461 3953 1533 4007; x_wconf 88' lang='lat' dir='ltr'><strong>ita</strong></span> <span class='ocrx_word' id='word_1_501' title='bbox 1565 3954 1679 4008; x_wconf 83' lang='lat' dir='ltr'><strong>ﬁeri</strong></span> <span class='ocrx_word' id='word_1_502' title='bbox 1712 3974 1723 4009; x_wconf 91' lang='lat'>:</span> <span class='ocrx_word' id='word_1_503' title='bbox 1760 3956 1903 4010; x_wconf 87' lang='lat' dir='ltr'><strong>vinci</strong></span> <span class='ocrx_word' id='word_1_504' title='bbox 1932 3956 2111 4012; x_wconf 84' lang='lat' dir='ltr'><strong>Evan-</strong></span> 
     </span>
    </p>
   </div>
   <div class='ocr_carea' id='block_1_71' title="bbox 533 4040 2108 4117">
    <p class='ocr_par' dir='ltr' id='par_1_71' title="bbox 533 4040 2108 4117">
     <span class='ocr_line' id='line_1_71' title="bbox 533 4040 2108 4117; baseline 0.005 -24"><span class='ocrx_word' id='word_1_505' title='bbox 533 4041 753 4111; x_wconf 82' lang='lat' dir='ltr'><strong>gelium.</strong></span> <span class='ocrx_word' id='word_1_506' title='bbox 780 4040 914 4095; x_wconf 82' lang='lat' dir='ltr'><strong>Vide</strong></span> <span class='ocrx_word' id='word_1_507' title='bbox 937 4043 1394 4112; x_wconf 89' lang='lat' dir='ltr'><strong>quemadmodum</strong></span> <span class='ocrx_word' id='word_1_508' title='bbox 1428 4044 1552 4098; x_wconf 83' lang='lat' dir='ltr'><strong>ﬁnis</strong></span> <span class='ocrx_word' id='word_1_509' title='bbox 1584 4046 1853 4116; x_wconf 83' lang='lat' dir='ltr'><strong>principio</strong></span> <span class='ocrx_word' id='word_1_510' title='bbox 1881 4063 2108 4117; x_wconf 87' lang='lat' dir='ltr'><strong>respou-</strong></span> 
     </span>
    </p>
   </div>
   <div class='ocr_carea' id='block_1_72' title="bbox 533 4129 2111 4189">
    <p class='ocr_par' dir='ltr' id='par_1_72' title="bbox 533 4129 2111 4189">
     <span class='ocr_line' id='line_1_72' title="bbox 533 4129 2111 4189; baseline 0.003 -6"><span class='ocrx_word' id='word_1_511' title='bbox 533 4130 677 4183; x_wconf 86' lang='lat' dir='ltr'><strong>deat.</strong></span> <span class='ocrx_word' id='word_1_512' title='bbox 731 4129 771 4181; x_wconf 82' lang='lat' dir='ltr'><strong>A</strong></span> <span class='ocrx_word' id='word_1_513' title='bbox 827 4129 1025 4183; x_wconf 86' lang='lat' dir='ltr'><strong>Christi</strong></span> <span class='ocrx_word' id='word_1_514' title='bbox 1087 4130 1464 4184; x_wconf 87' lang='lat' dir='ltr'><strong>incarnatione</strong></span> <span class='ocrx_word' id='word_1_515' title='bbox 1514 4130 1752 4186; x_wconf 76' lang='lat' dir='ltr'><strong>haereses</strong></span> <span class='ocrx_word' id='word_1_516' title='bbox 1801 4143 1940 4188; x_wconf 88' lang='lat' dir='ltr'><strong>natae</strong></span> <span class='ocrx_word' id='word_1_517' title='bbox 1982 4143 2111 4189; x_wconf 89' lang='lat' dir='ltr'><strong>sunt</strong></span> 
     </span>
    </p>
   </div>
   <div class='ocr_carea' id='block_1_73' title="bbox 532 4216 2112 4297">
    <p class='ocr_par' dir='ltr' id='par_1_73' title="bbox 532 4216 2112 4297">
     <span class='ocr_line' id='line_1_73' title="bbox 532 4216 2112 4297; baseline 0.008 -28"><span class='ocrx_word' id='word_1_518' title='bbox 532 4227 684 4271; x_wconf 84' lang='lat' dir='ltr'><strong>extra</strong></span> <span class='ocrx_word' id='word_1_519' title='bbox 729 4216 1120 4288; x_wconf 81' lang='lat' dir='ltr'><strong>Evangelium;</strong></span> <span class='ocrx_word' id='word_1_520' title='bbox 1168 4220 1365 4274; x_wconf 88' lang='lat' dir='ltr'><strong>deinde</strong></span> <span class='ocrx_word' id='word_1_521' title='bbox 1412 4221 1657 4276; x_wconf 86' lang='lat' dir='ltr'><strong>diabolus</strong></span> <span class='ocrx_word' id='word_1_522' title='bbox 1702 4226 1959 4293; x_wconf 86' lang='lat' dir='ltr'><strong>paulatim</strong></span> <span class='ocrx_word' id='word_1_523' title='bbox 2013 4242 2112 4297; x_wconf 83' lang='lat' dir='ltr'><strong>per</strong></span> 
     </span>
    </p>
   </div>
   <div class='ocr_carea' id='block_1_74' title="bbox 531 4309 2110 4387">
    <p class='ocr_par' dir='ltr' id='par_1_74' title="bbox 531 4309 2110 4387">
     <span class='ocr_line' id='line_1_74' title="bbox 531 4309 2110 4387; baseline 0.005 -25"><span class='ocrx_word' id='word_1_524' title='bbox 531 4310 717 4380; x_wconf 62' lang='lat' dir='ltr'><strong>gratiae</strong></span> <span class='ocrx_word' id='word_1_525' title='bbox 750 4309 1085 4364; x_wconf 87' lang='lat' dir='ltr'><strong>incrementa</strong></span> <span class='ocrx_word' id='word_1_526' title='bbox 1114 4312 1387 4380; x_wconf 83' lang='lat' dir='ltr'><strong>repulsus,</strong></span> <span class='ocrx_word' id='word_1_527' title='bbox 1422 4329 1485 4365; x_wconf 80' lang='lat' dir='ltr'><strong>ex</strong></span> <span class='ocrx_word' id='word_1_528' title='bbox 1523 4314 1757 4383; x_wconf 86' lang='lat' dir='ltr'><strong>ipsemet</strong></span> <span class='ocrx_word' id='word_1_529' title='bbox 1815 4316 2110 4387; x_wconf 79' lang='lat' dir='ltr'><strong>Evangelia</strong></span> 
     </span>
    </p>
   </div>
   <div class='ocr_carea' id='block_1_75' title="bbox 531 4403 2107 4479">
    <p class='ocr_par' dir='ltr' id='par_1_75' title="bbox 531 4403 2107 4479">
     <span class='ocr_line' id='line_1_75' title="bbox 531 4403 2107 4479; baseline 0.004 -21"><span class='ocrx_word' id='word_1_530' title='bbox 531 4403 837 4458; x_wconf 86' lang='lat' dir='ltr'><strong>clanculum</strong></span> <span class='ocrx_word' id='word_1_531' title='bbox 886 4403 1235 4458; x_wconf 85' lang='lat' dir='ltr'><strong>subintravit.</strong></span> <span class='ocrx_word' id='word_1_532' title='bbox 1287 4403 1579 4475; x_wconf 68' lang='lat' dir='ltr'><strong>Scriptum</strong></span> <span class='ocrx_word' id='word_1_533' title='bbox 1625 4408 1801 4462; x_wconf 80' lang='lat' dir='ltr'><strong>verbis</strong></span> <span class='ocrx_word' id='word_1_534' title='bbox 1850 4419 2107 4479; x_wconf 77' lang='lat' dir='ltr'><strong>textuque</strong></span> 
     </span>
    </p>
   </div>
   <div class='ocr_carea' id='block_1_76' title="bbox 531 4496 2105 4568">
    <p class='ocr_par' dir='ltr' id='par_1_76' title="bbox 531 4496 2105 4568">
     <span class='ocr_line' id='line_1_76' title="bbox 531 4496 2105 4568; baseline 0.006 -20"><span class='ocrx_word' id='word_1_535' title='bbox 531 4496 650 4564; x_wconf 91' lang='lat' dir='ltr'><strong>ipso</strong></span> <span class='ocrx_word' id='word_1_536' title='bbox 681 4504 865 4565; x_wconf 81' lang='lat' dir='ltr'><strong>tegens</strong></span> <span class='ocrx_word' id='word_1_537' title='bbox 888 4509 1089 4557; x_wconf 87' lang='lat' dir='ltr'><strong>escam,</strong></span> <span class='ocrx_word' id='word_1_538' title='bbox 1123 4496 1355 4550; x_wconf 59' lang='lat' dir='ltr'><strong>hmreses</strong></span> <span class='ocrx_word' id='word_1_539' title='bbox 1390 4508 1657 4565; x_wconf 88' lang='lat' dir='ltr'><strong>procreat,</strong></span> <span class='ocrx_word' id='word_1_540' title='bbox 1694 4515 1863 4568; x_wconf 89' lang='lat' dir='ltr'><strong>usque</strong></span> <span class='ocrx_word' id='word_1_541' title='bbox 1894 4502 1959 4555; x_wconf 89' lang='lat' dir='ltr'><strong>ad</strong></span> <span class='ocrx_word' id='word_1_542' title='bbox 1986 4502 2105 4558; x_wconf 89' lang='lat' dir='ltr'><strong>1co-</strong></span> 
     </span>
    </p>
   </div>
   <div class='ocr_carea' id='block_1_77' title="bbox 529 4588 2108 4657">
    <p class='ocr_par' dir='ltr' id='par_1_77' title="bbox 529 4588 2108 4657">
     <span class='ocr_line' id='line_1_77' title="bbox 529 4588 2108 4657; baseline 0.004 -17"><span class='ocrx_word' id='word_1_543' title='bbox 529 4588 848 4651; x_wconf 81' lang='lat' dir='ltr'><strong>nomachos,</strong></span> <span class='ocrx_word' id='word_1_544' title='bbox 882 4602 944 4641; x_wconf 87' lang='lat' dir='ltr'><strong>ac</strong></span> <span class='ocrx_word' id='word_1_545' title='bbox 979 4596 1263 4657; x_wconf 90' lang='lat' dir='ltr'><strong>postquam</strong></span> <span class='ocrx_word' id='word_1_546' title='bbox 1294 4604 1353 4642; x_wconf 93' lang='lat' dir='ltr'><strong>se</strong></span> <span class='ocrx_word' id='word_1_547' title='bbox 1374 4590 1663 4643; x_wconf 90' lang='lat' dir='ltr'><strong>auscultari</strong></span> <span class='ocrx_word' id='word_1_548' title='bbox 1694 4592 1763 4645; x_wconf 85' lang='lat' dir='ltr'><strong>ab</strong></span> <span class='ocrx_word' id='word_1_549' title='bbox 1794 4592 2108 4649; x_wconf 86' lang='lat' dir='ltr'><strong>hominibus</strong></span> 
     </span>
    </p>
   </div>
   <div class='ocr_carea' id='block_1_78' title="bbox 531 4680 2107 4748">
    <p class='ocr_par' dir='ltr' id='par_1_78' title="bbox 531 4680 2107 4748">
     <span class='ocr_line' id='line_1_78' title="bbox 531 4680 2107 4748; baseline 0.003 -15"><span class='ocrx_word' id='word_1_550' title='bbox 531 4682 722 4746; x_wconf 88' lang='lat' dir='ltr'><strong>sensit,</strong></span> <span class='ocrx_word' id='word_1_551' title='bbox 754 4680 1227 4748; x_wconf 85' lang='lat' dir='ltr'><strong>apprOpinquante</strong></span> <span class='ocrx_word' id='word_1_552' title='bbox 1262 4680 1422 4733; x_wconf 90' lang='lat' dir='ltr'><strong>simul</strong></span> <span class='ocrx_word' id='word_1_553' title='bbox 1460 4682 1944 4737; x_wconf 85' lang='lat' dir='ltr'><strong>consummationis</strong></span> <span class='ocrx_word' id='word_1_554' title='bbox 1968 4692 2107 4738; x_wconf 83' lang='lat' dir='ltr'><strong>tem-</strong></span> 
     </span>
    </p>
   </div>
   <div class='ocr_carea' id='block_1_79' title="bbox 531 4768 2106 4842">
    <p class='ocr_par' dir='ltr' id='par_1_79' title="bbox 531 4768 2106 4842">
     <span class='ocr_line' id='line_1_79' title="bbox 531 4768 2106 4842; baseline 0.005 -23"><span class='ocrx_word' id='word_1_555' title='bbox 531 4782 663 4836; x_wconf 89' lang='lat' dir='ltr'><strong>pore</strong></span> <span class='ocrx_word' id='word_1_556' title='bbox 684 4806 698 4828; x_wconf 98' lang='lat'><strong>,</strong></span> <span class='ocrx_word' id='word_1_557' title='bbox 740 4777 908 4835; x_wconf 75' lang='lat' dir='ltr'><strong>cmpit</strong></span> <span class='ocrx_word' id='word_1_558' title='bbox 949 4768 1207 4837; x_wconf 89' lang='lat' dir='ltr'><strong>deinceps</strong></span> <span class='ocrx_word' id='word_1_559' title='bbox 1231 4810 1245 4834; x_wconf 93' lang='lat'><strong>,</strong></span> <span class='ocrx_word' id='word_1_560' title='bbox 1278 4770 1419 4823; x_wconf 89' lang='lat' dir='ltr'><strong>sicut</strong></span> <span class='ocrx_word' id='word_1_561' title='bbox 1458 4770 1611 4823; x_wconf 89' lang='lat' dir='ltr'><strong>initio</strong></span> <span class='ocrx_word' id='word_1_562' title='bbox 1639 4811 1651 4832; x_wconf 95' lang='lat'><strong>,</strong></span> <span class='ocrx_word' id='word_1_563' title='bbox 1684 4771 1905 4824; x_wconf 79' lang='lat' dir='ltr'><strong>exitium</strong></span> <span class='ocrx_word' id='word_1_564' title='bbox 1938 4773 2106 4842; x_wconf 89' lang='lat' dir='ltr'><strong>ipsius</strong></span> 
     </span>
    </p>
   </div>
   <div class='ocr_carea' id='block_1_80' title="bbox 532 4856 2103 4931">
    <p class='ocr_par' dir='ltr' id='par_1_80' title="bbox 532 4856 2103 4931">
     <span class='ocr_line' id='line_1_80' title="bbox 532 4856 2103 4931; baseline 0.006 -22"><span class='ocrx_word' id='word_1_565' title='bbox 532 4856 809 4927; x_wconf 84' lang='lat' dir='ltr'><strong>Evangelii</strong></span> <span class='ocrx_word' id='word_1_566' title='bbox 841 4857 1052 4923; x_wconf 89' lang='lat' dir='ltr'><strong>moliri,</strong></span> <span class='ocrx_word' id='word_1_567' title='bbox 1086 4868 1145 4912; x_wconf 92' lang='lat' dir='ltr'><strong>ut</strong></span> <span class='ocrx_word' id='word_1_568' title='bbox 1183 4874 1421 4930; x_wconf 85' lang='lat' dir='ltr'><strong>congrue</strong></span> <span class='ocrx_word' id='word_1_569' title='bbox 1455 4870 1706 4914; x_wconf 84' lang='lat' dir='ltr'><strong>occurrat</strong></span> <span class='ocrx_word' id='word_1_570' title='bbox 1736 4862 2103 4931; x_wconf 85' lang='lat' dir='ltr'><strong>Antichristo,</strong></span> 
     </span>
    </p>
   </div>
   <div class='ocr_carea' id='block_1_81' title="bbox 531 4945 2107 5019">
    <p class='ocr_par' dir='ltr' id='par_1_81' title="bbox 531 4945 2107 5019">
     <span class='ocr_line' id='line_1_81' title="bbox 531 4945 2107 5019; baseline 0.007 -20"><span class='ocrx_word' id='word_1_571' title='bbox 531 4948 585 5000; x_wconf 92' lang='lat' dir='ltr'><strong>in</strong></span> <span class='ocrx_word' id='word_1_572' title='bbox 614 4964 721 5016; x_wconf 89' lang='lat' dir='ltr'><strong>quo</strong></span> <span class='ocrx_word' id='word_1_573' title='bbox 753 4945 1049 5011; x_wconf 79' lang='lat' dir='ltr'><strong>habitabit,</strong></span> <span class='ocrx_word' id='word_1_574' title='bbox 1082 4958 1137 5003; x_wconf 89' lang='lat' dir='ltr'><strong>et</strong></span> <span class='ocrx_word' id='word_1_575' title='bbox 1167 4949 1220 5002; x_wconf 92' lang='lat' dir='ltr'><strong>in</strong></span> <span class='ocrx_word' id='word_1_576' title='bbox 1249 4965 1358 5019; x_wconf 93' lang='lat' dir='ltr'><strong>quo</strong></span> <span class='ocrx_word' id='word_1_577' title='bbox 1386 4958 1495 5003; x_wconf 90' lang='lat' dir='ltr'><strong>tota</strong></span> <span class='ocrx_word' id='word_1_578' title='bbox 1530 4950 1699 5019; x_wconf 92' lang='lat' dir='ltr'><strong>ipsius</strong></span> <span class='ocrx_word' id='word_1_579' title='bbox 1728 4953 2029 5008; x_wconf 82' lang='lat' dir='ltr'><strong>amaritudo</strong></span> <span class='ocrx_word' id='word_1_580' title='bbox 2052 4964 2107 5010; x_wconf 90' lang='lat' dir='ltr'><strong>et</strong></span> 
     </span>
    </p>
   </div>
   <div class='ocr_carea' id='block_1_82' title="bbox 530 5038 2102 5111">
    <p class='ocr_par' dir='ltr' id='par_1_82' title="bbox 530 5038 2102 5111">
     <span class='ocr_line' id='line_1_82' title="bbox 530 5038 2102 5111; baseline 0.005 -20"><span class='ocrx_word' id='word_1_581' title='bbox 530 5041 799 5108; x_wconf 85' lang='lat' dir='ltr'><strong>apostasia</strong></span> <span class='ocrx_word' id='word_1_582' title='bbox 844 5038 1103 5107; x_wconf 80' lang='lat' dir='ltr'><strong>patefiet,</strong></span> <span class='ocrx_word' id='word_1_583' title='bbox 1160 5056 1321 5109; x_wconf 81' lang='lat' dir='ltr'><strong>quem</strong></span> <span class='ocrx_word' id='word_1_584' title='bbox 1368 5041 1630 5095; x_wconf 89' lang='lat' dir='ltr'><strong>Dominus</strong></span> <span class='ocrx_word' id='word_1_585' title='bbox 1672 5044 1956 5111; x_wconf 63' lang='lat' dir='ltr'><strong>praesentia</strong></span> <span class='ocrx_word' id='word_1_586' title='bbox 2007 5059 2102 5100; x_wconf 89' lang='lat' dir='ltr'><strong>sua</strong></span> 
     </span>
    </p>
   </div>
   <div class='ocr_carea' id='block_1_83' title="bbox 530 5133 2103 5205">
    <p class='ocr_par' dir='ltr' id='par_1_83' title="bbox 530 5133 2103 5205">
     <span class='ocr_line' id='line_1_83' title="bbox 530 5133 2103 5205; baseline 0.003 -20"><span class='ocrx_word' id='word_1_587' title='bbox 530 5148 690 5201; x_wconf 83' lang='lat' dir='ltr'><strong>quam</strong></span> <span class='ocrx_word' id='word_1_588' title='bbox 720 5133 982 5187; x_wconf 89' lang='lat' dir='ltr'><strong>citissime</strong></span> <span class='ocrx_word' id='word_1_589' title='bbox 1016 5133 1311 5187; x_wconf 89' lang='lat' dir='ltr'><strong>interimet.</strong></span> <span class='ocrx_word' id='word_1_590' title='bbox 1351 5134 1425 5188; x_wconf 89' lang='lat' dir='ltr'><strong>De</strong></span> <span class='ocrx_word' id='word_1_591' title='bbox 1459 5136 1617 5189; x_wconf 89' lang='lat' dir='ltr'><strong>tertio</strong></span> <span class='ocrx_word' id='word_1_592' title='bbox 1647 5145 1825 5188; x_wconf 90' lang='lat' dir='ltr'><strong>autem</strong></span> <span class='ocrx_word' id='word_1_593' title='bbox 1858 5136 1984 5205; x_wconf 90' lang='lat' dir='ltr'><strong>quid</strong></span> <span class='ocrx_word' id='word_1_594' title='bbox 2020 5137 2103 5190; x_wconf 91' lang='lat' dir='ltr'><strong>di-</strong></span> 
     </span>
    </p>
   </div>
   <div class='ocr_carea' id='block_1_84' title="bbox 530 5224 2105 5297">
    <p class='ocr_par' dir='ltr' id='par_1_84' title="bbox 530 5224 2105 5297">
     <span class='ocr_line' id='line_1_84' title="bbox 530 5224 2105 5297; baseline 0.003 -19"><span class='ocrx_word' id='word_1_595' title='bbox 530 5224 754 5278; x_wconf 81' lang='lat' dir='ltr'><strong>cemus?</strong></span> <span class='ocrx_word' id='word_1_596' title='bbox 789 5224 889 5288; x_wconf 90' lang='lat' dir='ltr'><strong>Qui</strong></span> <span class='ocrx_word' id='word_1_597' title='bbox 922 5225 1068 5278; x_wconf 90' lang='lat' dir='ltr'><strong>enim</strong></span> <span class='ocrx_word' id='word_1_598' title='bbox 1110 5226 1460 5295; x_wconf 81' lang='lat' dir='ltr'><strong>Evangelium</strong></span> <span class='ocrx_word' id='word_1_599' title='bbox 1495 5238 1680 5297; x_wconf 87' lang='lat' dir='ltr'><strong>aperta</strong></span> <span class='ocrx_word' id='word_1_600' title='bbox 1720 5229 1897 5282; x_wconf 78' lang='lat' dir='ltr'><strong>fronte</strong></span> <span class='ocrx_word' id='word_1_601' title='bbox 1928 5240 2105 5284; x_wconf 85' lang='lat' dir='ltr'><strong>trans-</strong></span> 
     </span>
    </p>
   </div>
   <div class='ocr_carea' id='block_1_85' title="bbox 530 5316 2103 5392">
    <p class='ocr_par' dir='ltr' id='par_1_85' title="bbox 530 5316 2103 5392">
     <span class='ocr_line' id='line_1_85' title="bbox 530 5316 2103 5392; baseline 0.004 -24"><span class='ocrx_word' id='word_1_602' title='bbox 530 5316 680 5386; x_wconf 86' lang='lat' dir='ltr'><strong>gredi</strong></span> <span class='ocrx_word' id='word_1_603' title='bbox 734 5318 850 5370; x_wconf 83' lang='lat' dir='ltr'><strong>ausi</strong></span> <span class='ocrx_word' id='word_1_604' title='bbox 905 5329 1069 5381; x_wconf 89' lang='lat' dir='ltr'><strong>sunt,</strong></span> <span class='ocrx_word' id='word_1_605' title='bbox 1120 5334 1325 5388; x_wconf 88' lang='lat' dir='ltr'><strong>eosque</strong></span> <span class='ocrx_word' id='word_1_606' title='bbox 1385 5320 1477 5389; x_wconf 90' lang='lat' dir='ltr'><strong>qui</strong></span> <span class='ocrx_word' id='word_1_607' title='bbox 1529 5322 1829 5392; x_wconf 84' lang='lat' dir='ltr'><strong>transgredi</strong></span> <span class='ocrx_word' id='word_1_608' title='bbox 1880 5322 2103 5375; x_wconf 89' lang='lat' dir='ltr'><strong>noluere</strong></span> 
     </span>
    </p>
   </div>
   <div class='ocr_carea' id='block_1_86' title="bbox 529 5408 2099 5479">
    <p class='ocr_par' dir='ltr' id='par_1_86' title="bbox 529 5408 2099 5479">
     <span class='ocr_line' id='line_1_86' title="bbox 529 5408 2099 5479; baseline 0.003 -20"><span class='ocrx_word' id='word_1_609' title='bbox 529 5408 1166 5473; x_wconf 87' lang='lat' dir='ltr'><strong>anathematizaverunt,</strong></span> <span class='ocrx_word' id='word_1_610' title='bbox 1218 5426 1446 5479; x_wconf 88' lang='lat' dir='ltr'><strong>ecquam</strong></span> <span class='ocrx_word' id='word_1_611' title='bbox 1499 5412 1573 5465; x_wconf 90' lang='lat' dir='ltr'><strong>illi</strong></span> <span class='ocrx_word' id='word_1_612' title='bbox 1629 5428 1811 5466; x_wconf 88' lang='lat' dir='ltr'><strong>curam</strong></span> <span class='ocrx_word' id='word_1_613' title='bbox 1867 5412 2099 5465; x_wconf 89' lang='lat' dir='ltr'><strong>habituri</strong></span> 
     </span>
    </p>
   </div>
   <div class='ocr_carea' id='block_1_87' title="bbox 531 5502 2102 5572">
    <p class='ocr_par' dir='ltr' id='par_1_87' title="bbox 531 5502 2102 5572">
     <span class='ocr_line' id='line_1_87' title="bbox 531 5502 2102 5572; baseline 0.004 -22"><span class='ocrx_word' id='word_1_614' title='bbox 531 5507 657 5551; x_wconf 90' lang='lat' dir='ltr'><strong>sunt</strong></span> <span class='ocrx_word' id='word_1_615' title='bbox 692 5512 959 5551; x_wconf 88' lang='lat' dir='ltr'><strong>canonum</strong></span> <span class='ocrx_word' id='word_1_616' title='bbox 985 5539 999 5562; x_wconf 96' lang='lat'><strong>,</strong></span> <span class='ocrx_word' id='word_1_617' title='bbox 1033 5502 1387 5568; x_wconf 82' lang='lat' dir='ltr'><strong>quantumvis</strong></span> <span class='ocrx_word' id='word_1_618' title='bbox 1414 5516 1443 5555; x_wconf 89' lang='lat' dir='ltr'><strong>a</strong></span> <span class='ocrx_word' id='word_1_619' title='bbox 1470 5502 1672 5572; x_wconf 90' lang='lat' dir='ltr'><strong>Spiritu</strong></span> <span class='ocrx_word' id='word_1_620' title='bbox 1728 5514 1919 5557; x_wconf 85' lang='lat' dir='ltr'><strong>sancto</strong></span> <span class='ocrx_word' id='word_1_621' title='bbox 1953 5505 2102 5557; x_wconf 88' lang='lat' dir='ltr'><strong>obsi-</strong></span> 
     </span>
    </p>
   </div>
   <div class='ocr_carea' id='block_1_88' title="bbox 531 5587 2100 5655">
    <p class='ocr_par' dir='ltr' id='par_1_88' title="bbox 531 5587 2100 5655">
     <span class='ocr_line' id='line_1_88' title="bbox 531 5587 2100 5655; baseline 0.007 -16"><span class='ocrx_word' id='word_1_622' title='bbox 531 5587 674 5655; x_wconf 87' lang='lat' dir='ltr'><strong>gnati</strong></span> <span class='ocrx_word' id='word_1_623' title='bbox 698 5587 826 5651; x_wconf 88' lang='lat' dir='ltr'><strong>sint,</strong></span> <span class='ocrx_word' id='word_1_624' title='bbox 849 5602 911 5641; x_wconf 88' lang='lat' dir='ltr'><strong>ac</strong></span> <span class='ocrx_word' id='word_1_625' title='bbox 936 5604 1123 5643; x_wconf 89' lang='lat' dir='ltr'><strong>eorum</strong></span> <span class='ocrx_word' id='word_1_626' title='bbox 1143 5589 1499 5646; x_wconf 85' lang='lat' dir='ltr'><strong>dissolutione</strong></span> <span class='ocrx_word' id='word_1_627' title='bbox 1525 5592 1889 5647; x_wconf 88' lang='lat' dir='ltr'><strong>dissolvantur</strong></span> <span class='ocrx_word' id='word_1_628' title='bbox 1918 5598 2100 5651; x_wconf 88' lang='lat' dir='ltr'><strong>omnia</strong></span> 
     </span>
    </p>
   </div>
   <div class='ocr_carea' id='block_1_89' title="bbox 530 5678 2097 5754">
    <p class='ocr_par' dir='ltr' id='par_1_89' title="bbox 530 5678 2097 5754">
     <span class='ocr_line' id='line_1_89' title="bbox 530 5678 2097 5754; baseline 0.007 -24"><span class='ocrx_word' id='word_1_629' title='bbox 530 5692 649 5746; x_wconf 75' lang='lat' dir='ltr'><strong>quae</strong></span> <span class='ocrx_word' id='word_1_630' title='bbox 678 5678 743 5731; x_wconf 89' lang='lat' dir='ltr'><strong>ad</strong></span> <span class='ocrx_word' id='word_1_631' title='bbox 776 5679 1004 5734; x_wconf 88' lang='lat' dir='ltr'><strong>salutem</strong></span> <span class='ocrx_word' id='word_1_632' title='bbox 1038 5691 1280 5737; x_wconf 87' lang='lat' dir='ltr'><strong>nostram</strong></span> <span class='ocrx_word' id='word_1_633' title='bbox 1319 5684 1591 5739; x_wconf 86' lang='lat' dir='ltr'><strong>attinent?</strong></span> <span class='ocrx_word' id='word_1_634' title='bbox 1637 5684 1917 5754; x_wconf 87' lang='lat' dir='ltr'><strong>Nusquam</strong></span> <span class='ocrx_word' id='word_1_635' title='bbox 1953 5687 2097 5741; x_wconf 86' lang='lat' dir='ltr'><strong>enim</strong></span> 
     </span>
    </p>
   </div>
   <div class='ocr_carea' id='block_1_90' title="bbox 609 5793 1037 5857">
    <p class='ocr_par' dir='ltr' id='par_1_90' title="bbox 609 5793 1037 5857">
     <span class='ocr_line' id='line_1_90' title="bbox 609 5793 1037 5857; baseline 0.014 -15"><span class='ocrx_word' id='word_1_636' title='bbox 609 5794 649 5823; x_wconf 81' lang='lat'><strong>&quot;</strong></span> <span class='ocrx_word' id='word_1_637' title='bbox 677 5793 809 5844; x_wconf 80' lang='lat' dir='ltr'><strong>Luc.</strong></span> <span class='ocrx_word' id='word_1_638' title='bbox 842 5810 912 5857; x_wconf 73' lang='grc' dir='ltr'><strong>ιι,</strong></span> <span class='ocrx_word' id='word_1_639' title='bbox 952 5796 1037 5847; x_wconf 81' lang='grc'><strong>15.</strong></span> 
     </span>
    </p>
   </div>
   <div class='ocr_carea' id='block_1_91' title="bbox 2211 3218 3789 3295">
    <p class='ocr_par' dir='ltr' id='par_1_91' title="bbox 2211 3218 3789 3295">
     <span class='ocr_line' id='line_1_91' title="bbox 2211 3218 3789 3295; baseline 0.015 -28"><span class='ocrx_word' id='word_1_640' title='bbox 2211 3218 2323 3277; x_wconf 73' lang='grc' dir='ltr'>τοῖς</span> <span class='ocrx_word' id='word_1_641' title='bbox 2352 3219 2724 3287; x_wconf 83' lang='grc' dir='ltr'>εύαγγελικοῖς</span> <span class='ocrx_word' id='word_1_642' title='bbox 2756 3223 3141 3295; x_wconf 83' lang='grc' dir='ltr'>θεσπίσμασιν,</span> <span class='ocrx_word' id='word_1_643' title='bbox 3172 3228 3306 3282; x_wconf 84' lang='grc' dir='ltr'><strong>ἀλλά</strong></span> <span class='ocrx_word' id='word_1_644' title='bbox 3332 3233 3421 3284; x_wconf 75' lang='grc' dir='ltr'><strong>καὶ</strong></span> <span class='ocrx_word' id='word_1_645' title='bbox 3452 3236 3596 3287; x_wconf 85' lang='grc' dir='ltr'>πάνυ</span> <span class='ocrx_word' id='word_1_646' title='bbox 3625 3236 3687 3288; x_wconf 76' lang='grc' dir='ltr'>τὸ</span> <span class='ocrx_word' id='word_1_647' title='bbox 3711 3236 3789 3289; x_wconf 83' lang='grc' dir='ltr'>δο-</span> 
     </span>
    </p>
   </div>
   <div class='ocr_carea' id='block_1_92' title="bbox 2213 3309 3788 3392">
    <p class='ocr_par' dir='ltr' id='par_1_92' title="bbox 2213 3309 3788 3392">
     <span class='ocr_line' id='line_1_92' title="bbox 2213 3309 3788 3392; baseline 0.01 -31"><span class='ocrx_word' id='word_1_648' title='bbox 2213 3310 2329 3361; x_wconf 87' lang='grc' dir='ltr'>κεῖν</span> <span class='ocrx_word' id='word_1_649' title='bbox 2361 3309 2501 3377; x_wconf 82' lang='grc' dir='ltr'>ύπὲρ</span> <span class='ocrx_word' id='word_1_650' title='bbox 2536 3312 2713 3365; x_wconf 81' lang='grc' dir='ltr'>αὐτῶν</span> <span class='ocrx_word' id='word_1_651' title='bbox 2742 3315 3294 3390; x_wconf 81' lang='grc' dir='ltr'>ἁντιποιούμεναι,τῷ</span> <span class='ocrx_word' id='word_1_652' title='bbox 3326 3322 3497 3388; x_wconf 77' lang='grc' dir='ltr'>οὕτως</span> <span class='ocrx_word' id='word_1_653' title='bbox 3523 3327 3788 3392; x_wconf 82' lang='grc' dir='ltr'>νοεῖσθαι,</span> 
     </span>
    </p>
   </div>
   <div class='ocr_carea' id='block_1_93' title="bbox 2212 3402 3792 3490">
    <p class='ocr_par' dir='ltr' id='par_1_93' title="bbox 2212 3402 3792 3490">
     <span class='ocr_line' id='line_1_93' title="bbox 2212 3402 3792 3490; baseline 0.013 -36"><span class='ocrx_word' id='word_1_654' title='bbox 2212 3404 2307 3456; x_wconf 77' lang='grc' dir='ltr'><strong>καὶ</strong></span> <span class='ocrx_word' id='word_1_655' title='bbox 2348 3404 2421 3475; x_wconf 85' lang='grc' dir='ltr'>μὴ</span> <span class='ocrx_word' id='word_1_656' title='bbox 2456 3402 2625 3468; x_wconf 74' lang='grc' dir='ltr'>οὕτως</span> <span class='ocrx_word' id='word_1_657' title='bbox 2649 3419 2662 3436; x_wconf 80' lang='grc'><strong><em>⁸</em></strong></span> <span class='ocrx_word' id='word_1_658' title='bbox 2705 3408 2783 3469; x_wconf 90' lang='grc' dir='ltr'><strong>είς</strong></span> <span class='ocrx_word' id='word_1_659' title='bbox 2814 3409 2939 3472; x_wconf 74' lang='grc' dir='ltr'>τοὺς</span> <span class='ocrx_word' id='word_1_660' title='bbox 2968 3408 3146 3475; x_wconf 77' lang='grc' dir='ltr'>θείους</span> <span class='ocrx_word' id='word_1_661' title='bbox 3174 3411 3365 3481; x_wconf 75' lang='grc' dir='ltr'>λόγους</span> <span class='ocrx_word' id='word_1_662' title='bbox 3410 3418 3506 3488; x_wconf 79' lang='grc' dir='ltr'><strong>τὴν</strong></span> <span class='ocrx_word' id='word_1_663' title='bbox 3545 3420 3792 3490; x_wconf 71' lang='grc' dir='ltr'>ἀμφιϐο-</span> 
     </span>
    </p>
   </div>
   <div class='ocr_carea' id='block_1_94' title="bbox 2210 3494 3789 3582">
    <p class='ocr_par' dir='ltr' id='par_1_94' title="bbox 2210 3494 3789 3582">
     <span class='ocr_line' id='line_1_94' title="bbox 2210 3494 3789 3582; baseline 0.013 -36"><span class='ocrx_word' id='word_1_664' title='bbox 2210 3494 2330 3547; x_wconf 88' lang='grc' dir='ltr'>λίαν</span> <span class='ocrx_word' id='word_1_665' title='bbox 2376 3494 2621 3564; x_wconf 77' lang='grc' dir='ltr'>έχουσαι.</span> <span class='ocrx_word' id='word_1_666' title='bbox 2662 3496 2770 3550; x_wconf 77' lang='grc' dir='ltr'>Καὶ</span> <span class='ocrx_word' id='word_1_667' title='bbox 2799 3498 2986 3570; x_wconf 78' lang='grc' dir='ltr'>ἐπειδὴ</span> <span class='ocrx_word' id='word_1_668' title='bbox 3018 3503 3453 3575; x_wconf 78' lang='grc' dir='ltr'>ἀποτυγχάνουσι</span> <span class='ocrx_word' id='word_1_669' title='bbox 3494 3512 3590 3563; x_wconf 87' lang='grc' dir='ltr'><strong>τοῦ</strong></span> <span class='ocrx_word' id='word_1_670' title='bbox 3625 3512 3789 3582; x_wconf 83' lang='grc' dir='ltr'>ὀρθοῦ</span> 
     </span>
    </p>
   </div>
   <div class='ocr_carea' id='block_1_95' title="bbox 2212 3589 3791 3665">
    <p class='ocr_par' dir='ltr' id='par_1_95' title="bbox 2212 3589 3791 3665">
     <span class='ocr_line' id='line_1_95' title="bbox 2212 3589 3791 3665; baseline 0.013 -28"><span class='ocrx_word' id='word_1_671' title='bbox 2212 3590 2577 3657; x_wconf 82' lang='grc' dir='ltr'>φρονήματος,</span> <span class='ocrx_word' id='word_1_672' title='bbox 2603 3589 2841 3657; x_wconf 78' lang='grc' dir='ltr'>αἱρέσεις</span> <span class='ocrx_word' id='word_1_673' title='bbox 2862 3595 3380 3665; x_wconf 76' lang='grc' dir='ltr'>κατωνομάσθησαν.</span> <span class='ocrx_word' id='word_1_674' title='bbox 3431 3601 3703 3655; x_wconf 77' lang='grc' dir='ltr'>Ἐνταῦθα</span> <span class='ocrx_word' id='word_1_675' title='bbox 3734 3603 3791 3656; x_wconf 64' lang='grc' dir='ltr'>δὲ</span> 
     </span>
    </p>
   </div>
   <div class='ocr_carea' id='block_1_96' title="bbox 2213 3678 3793 3762">
    <p class='ocr_par' dir='ltr' id='par_1_96' title="bbox 2213 3678 3793 3762">
     <span class='ocr_line' id='line_1_96' title="bbox 2213 3678 3793 3762; baseline 0.011 -34"><span class='ocrx_word' id='word_1_676' title='bbox 2213 3678 2423 3747; x_wconf 73' lang='grc' dir='ltr'>φανερά</span> <span class='ocrx_word' id='word_1_677' title='bbox 2451 3680 2722 3743; x_wconf 81' lang='grc' dir='ltr'>ἔκπτωσις</span> <span class='ocrx_word' id='word_1_678' title='bbox 2746 3681 3001 3746; x_wconf 88' lang='grc' dir='ltr'>πίστεως.</span> <span class='ocrx_word' id='word_1_679' title='bbox 3030 3685 3105 3736; x_wconf 83' lang='grc' dir='ltr'><strong>Οὐ</strong></span> <span class='ocrx_word' id='word_1_680' title='bbox 3134 3688 3260 3754; x_wconf 74' lang='grc' dir='ltr'>περὶ</span> <span class='ocrx_word' id='word_1_681' title='bbox 3286 3687 3376 3739; x_wconf 84' lang='grc' dir='ltr'><strong>τὸν</strong></span> <span class='ocrx_word' id='word_1_682' title='bbox 3402 3691 3528 3743; x_wconf 83' lang='grc' dir='ltr'>νοῦν</span> <span class='ocrx_word' id='word_1_683' title='bbox 3557 3694 3793 3762; x_wconf 79' lang='grc' dir='ltr'>σφαλλό-</span> 
     </span>
    </p>
   </div>
   <div class='ocr_carea' id='block_1_97' title="bbox 2215 3768 3789 3850">
    <p class='ocr_par' dir='ltr' id='par_1_97' title="bbox 2215 3768 3789 3850">
     <span class='ocr_line' id='line_1_97' title="bbox 2215 3768 3789 3850; baseline 0.014 -33"><span class='ocrx_word' id='word_1_684' title='bbox 2215 3782 2385 3835; x_wconf 89' lang='grc' dir='ltr'>μενοι,</span> <span class='ocrx_word' id='word_1_685' title='bbox 2430 3768 2563 3821; x_wconf 82' lang='grc' dir='ltr'><strong>άλλά</strong></span> <span class='ocrx_word' id='word_1_686' title='bbox 2613 3769 2894 3837; x_wconf 84' lang='grc' dir='ltr'>λέγοντες·</span> <span class='ocrx_word' id='word_1_687' title='bbox 2928 3773 3037 3826; x_wconf 77' lang='grc' dir='ltr'><strong>Καὶ</strong></span> <span class='ocrx_word' id='word_1_688' title='bbox 3076 3768 3230 3827; x_wconf 75' lang='grc' dir='ltr'>εἶπεν</span> <span class='ocrx_word' id='word_1_689' title='bbox 3268 3778 3296 3829; x_wconf 86' lang='grc' dir='ltr'><strong>ό</strong></span> <span class='ocrx_word' id='word_1_690' title='bbox 3341 3778 3579 3849; x_wconf 79' lang='grc' dir='ltr'>Χριστὸς</span> <span class='ocrx_word' id='word_1_691' title='bbox 3624 3786 3789 3850; x_wconf 78' lang='grc' dir='ltr'>οὕτω,</span> 
     </span>
    </p>
   </div>
   <div class='ocr_carea' id='block_1_98' title="bbox 2212 3856 3793 3946">
    <p class='ocr_par' dir='ltr' id='par_1_98' title="bbox 2212 3856 3793 3946">
     <span class='ocr_line' id='line_1_98' title="bbox 2212 3856 3793 3946; baseline 0.013 -37"><span class='ocrx_word' id='word_1_692' title='bbox 2212 3856 2313 3910; x_wconf 86' lang='grc' dir='ltr'><strong>κᾶν</strong></span> <span class='ocrx_word' id='word_1_693' title='bbox 2350 3859 2512 3928; x_wconf 88' lang='grc' dir='ltr'>νόμος</span> <span class='ocrx_word' id='word_1_694' title='bbox 2553 3861 2653 3934; x_wconf 77' lang='grc' dir='ltr'><strong>ἔχῃ</strong></span> <span class='ocrx_word' id='word_1_695' title='bbox 2687 3863 2832 3925; x_wconf 86' lang='grc' dir='ltr'>τάδε,</span> <span class='ocrx_word' id='word_1_696' title='bbox 2862 3864 2955 3917; x_wconf 80' lang='grc' dir='ltr'><strong>ἐπὶ</strong></span> <span class='ocrx_word' id='word_1_697' title='bbox 2990 3865 3096 3918; x_wconf 83' lang='grc' dir='ltr'>τῶν</span> <span class='ocrx_word' id='word_1_698' title='bbox 3131 3867 3394 3937; x_wconf 85' lang='grc' dir='ltr'>βασιλέων</span> <span class='ocrx_word' id='word_1_699' title='bbox 3429 3872 3602 3939; x_wconf 75' lang='grc' dir='ltr'>οὕτως</span> <span class='ocrx_word' id='word_1_700' title='bbox 3638 3878 3793 3946; x_wconf 83' lang='grc' dir='ltr'>γίνε-</span> 
     </span>
    </p>
   </div>
   <div class='ocr_carea' id='block_1_99' title="bbox 2214 3950 3792 4039">
    <p class='ocr_par' dir='ltr' id='par_1_99' title="bbox 2214 3950 3792 4039">
     <span class='ocr_line' id='line_1_99' title="bbox 2214 3950 3792 4039; baseline 0.012 -37"><span class='ocrx_word' id='word_1_701' title='bbox 2214 3950 2359 4039; x_wconf 81' lang='grc' dir='ltr'>σθαι,</span> <span class='ocrx_word' id='word_1_702' title='bbox 2385 3952 2640 4006; x_wconf 81' lang='grc' dir='ltr'>νικᾶσθαι</span> <span class='ocrx_word' id='word_1_703' title='bbox 2668 3955 2728 4007; x_wconf 81' lang='grc' dir='ltr'><strong>τὸ</strong></span> <span class='ocrx_word' id='word_1_704' title='bbox 2749 3956 3099 4025; x_wconf 86' lang='grc' dir='ltr'>Εὑαγγέλιον.</span> <span class='ocrx_word' id='word_1_705' title='bbox 3129 3960 3410 4027; x_wconf 81' lang='grc' dir='ltr'>Σκόπησον</span> <span class='ocrx_word' id='word_1_706' title='bbox 3438 3966 3558 4029; x_wconf 84' lang='grc' dir='ltr'>πῶς</span> <span class='ocrx_word' id='word_1_707' title='bbox 3587 3971 3654 4037; x_wconf 82' lang='grc' dir='ltr'>τῇ</span> <span class='ocrx_word' id='word_1_708' title='bbox 3692 3970 3792 4039; x_wconf 65' lang='grc' dir='ltr'>ἀρα</span> 
     </span>
    </p>
   </div>
   <div class='ocr_carea' id='block_1_100' title="bbox 2211 4038 3791 4128">
    <p class='ocr_par' dir='ltr' id='par_1_100' title="bbox 2211 4038 3791 4128">
     <span class='ocr_line' id='line_1_100' title="bbox 2211 4038 3791 4128; baseline 0.021 -41"><span class='ocrx_word' id='word_1_709' title='bbox 2211 4042 2279 4109; x_wconf 80' lang='grc' dir='ltr'><strong>χῇ</strong></span> <span class='ocrx_word' id='word_1_710' title='bbox 2303 4038 2363 4091; x_wconf 84' lang='grc' dir='ltr'><strong>τὸ</strong></span> <span class='ocrx_word' id='word_1_711' title='bbox 2388 4040 2548 4128; x_wconf 5' lang='grc' dir='ltr'>τέλος,</span> <span class='ocrx_word' id='word_1_712' title='bbox 2566 4043 2868 4099; x_wconf 85' lang='grc' dir='ltr'>ἀκολουθεῖ.</span> <span class='ocrx_word' id='word_1_713' title='bbox 2905 4047 3035 4101; x_wconf 81' lang='grc' dir='ltr'><strong>Ἀπὸ</strong></span> <span class='ocrx_word' id='word_1_714' title='bbox 3056 4048 3292 4119; x_wconf 75' lang='grc' dir='ltr'>Χριστοῦ</span> <span class='ocrx_word' id='word_1_715' title='bbox 3316 4052 3641 4128; x_wconf 81' lang='grc' dir='ltr'>ένανθρωπή</span> <span class='ocrx_word' id='word_1_716' title='bbox 3652 4038 3791 4122; x_wconf 56' lang='lat' dir='ltr'><strong>aee:</strong></span> 
     </span>
    </p>
   </div>
   <div class='ocr_carea' id='block_1_101' title="bbox 2211 4125 3791 4213">
    <p class='ocr_par' dir='ltr' id='par_1_101' title="bbox 2211 4125 3791 4213">
     <span class='ocr_line' id='line_1_101' title="bbox 2211 4125 3791 4213; baseline 0.013 -32"><span class='ocrx_word' id='word_1_717' title='bbox 2211 4130 2446 4201; x_wconf 69' lang='grc' dir='ltr'>ἤρξαντο</span> <span class='ocrx_word' id='word_1_718' title='bbox 2489 4125 2687 4195; x_wconf 75' lang='grc' dir='ltr'>ἔξωθεν</span> <span class='ocrx_word' id='word_1_719' title='bbox 2729 4136 2823 4188; x_wconf 83' lang='grc' dir='ltr'><strong>τοῦ</strong></span> <span class='ocrx_word' id='word_1_720' title='bbox 2869 4136 3203 4205; x_wconf 81' lang='grc' dir='ltr'>Εὑαγγελίου</span> <span class='ocrx_word' id='word_1_721' title='bbox 3248 4142 3302 4193; x_wconf 83' lang='lat' dir='ltr'><strong>al</strong></span> <span class='ocrx_word' id='word_1_722' title='bbox 3349 4125 3791 4213; x_wconf 38' lang='grc' dir='ltr'>αἱρέσειςξΕἷτα</span> 
     </span>
    </p>
   </div>
   <div class='ocr_carea' id='block_1_102' title="bbox 2211 4222 3789 4312">
    <p class='ocr_par' dir='ltr' id='par_1_102' title="bbox 2211 4222 3789 4312">
     <span class='ocr_line' id='line_1_102' title="bbox 2211 4222 3789 4312; baseline 0.01 -36"><span class='ocrx_word' id='word_1_723' title='bbox 2211 4222 2607 4291; x_wconf 79' lang='grc' dir='ltr'>ἀποκρουσθεὶς</span> <span class='ocrx_word' id='word_1_724' title='bbox 2642 4225 2670 4277; x_wconf 88' lang='grc' dir='ltr'><strong>ό</strong></span> <span class='ocrx_word' id='word_1_725' title='bbox 2698 4224 2939 4293; x_wconf 81' lang='grc' dir='ltr'>διάϐολος</span> <span class='ocrx_word' id='word_1_726' title='bbox 2977 4229 3064 4284; x_wconf 78' lang='grc' dir='ltr'>διὰ</span> <span class='ocrx_word' id='word_1_727' title='bbox 3097 4230 3196 4300; x_wconf 78' lang='grc' dir='ltr'>τῆς</span> <span class='ocrx_word' id='word_1_728' title='bbox 3238 4232 3379 4285; x_wconf 84' lang='grc' dir='ltr'><strong>κατὰ</strong></span> <span class='ocrx_word' id='word_1_729' title='bbox 3418 4238 3617 4307; x_wconf 80' lang='grc' dir='ltr'>μικρὸν</span> <span class='ocrx_word' id='word_1_730' title='bbox 3652 4258 3789 4312; x_wconf 83' lang='grc' dir='ltr'>προ-</span> 
     </span>
    </p>
   </div>
   <div class='ocr_carea' id='block_1_103' title="bbox 2211 4314 3788 4393">
    <p class='ocr_par' dir='ltr' id='par_1_103' title="bbox 2211 4314 3788 4393">
     <span class='ocr_line' id='line_1_103' title="bbox 2211 4314 3788 4393; baseline 0.01 -28"><span class='ocrx_word' id='word_1_731' title='bbox 2211 4315 2385 4383; x_wconf 84' lang='grc' dir='ltr'>κοπῆς</span> <span class='ocrx_word' id='word_1_732' title='bbox 2410 4314 2510 4383; x_wconf 84' lang='grc' dir='ltr'>τῆς</span> <span class='ocrx_word' id='word_1_733' title='bbox 2538 4315 2777 4386; x_wconf 86' lang='grc' dir='ltr'>χάριτος,</span> <span class='ocrx_word' id='word_1_734' title='bbox 2810 4317 3103 4387; x_wconf 81' lang='grc' dir='ltr'>ὑπεισῆλθε</span> <span class='ocrx_word' id='word_1_735' title='bbox 3135 4320 3502 4387; x_wconf 86' lang='grc' dir='ltr'>λανθανόντως</span> <span class='ocrx_word' id='word_1_736' title='bbox 3530 4327 3587 4393; x_wconf 79' lang='grc' dir='ltr'><strong>ἐξ</strong></span> <span class='ocrx_word' id='word_1_737' title='bbox 3617 4328 3788 4383; x_wconf 80' lang='grc' dir='ltr'>αὐτοῦ</span> 
     </span>
    </p>
   </div>
   <div class='ocr_carea' id='block_1_104' title="bbox 2210 4405 3790 4484">
    <p class='ocr_par' dir='ltr' id='par_1_104' title="bbox 2210 4405 3790 4484">
     <span class='ocr_line' id='line_1_104' title="bbox 2210 4405 3790 4484; baseline 0.009 -25"><span class='ocrx_word' id='word_1_738' title='bbox 2210 4405 2305 4459; x_wconf 83' lang='grc' dir='ltr'><strong>τοῦ</strong></span> <span class='ocrx_word' id='word_1_739' title='bbox 2337 4406 2688 4474; x_wconf 79' lang='grc' dir='ltr'>Εύαγγελίου.</span> <span class='ocrx_word' id='word_1_740' title='bbox 2719 4408 2887 4479; x_wconf 78' lang='grc' dir='ltr'>Γεννᾷ</span> <span class='ocrx_word' id='word_1_741' title='bbox 2916 4410 3012 4473; x_wconf 77' lang='grc' dir='ltr'><strong>τὰς</strong></span> <span class='ocrx_word' id='word_1_742' title='bbox 3034 4413 3275 4482; x_wconf 83' lang='grc' dir='ltr'>αἱρέσεις</span> <span class='ocrx_word' id='word_1_743' title='bbox 3302 4414 3463 4484; x_wconf 89' lang='grc' dir='ltr'>μέχρι</span> <span class='ocrx_word' id='word_1_744' title='bbox 3487 4416 3599 4471; x_wconf 85' lang='grc' dir='ltr'><strong>τῶν</strong></span> <span class='ocrx_word' id='word_1_745' title='bbox 3622 4420 3790 4473; x_wconf 81' lang='grc' dir='ltr'>Εἰκο-</span> 
     </span>
    </p>
   </div>
   <div class='ocr_carea' id='block_1_105' title="bbox 2211 4496 3791 4571">
    <p class='ocr_par' dir='ltr' id='par_1_105' title="bbox 2211 4496 3791 4571">
     <span class='ocr_line' id='line_1_105' title="bbox 2211 4496 3791 4571; baseline 0.008 -24"><span class='ocrx_word' id='word_1_746' title='bbox 2211 4497 2482 4566; x_wconf 85' lang='grc' dir='ltr'>νομάχων,</span> <span class='ocrx_word' id='word_1_747' title='bbox 2535 4496 2643 4549; x_wconf 84' lang='grc' dir='ltr'><strong>ἀπὸ</strong></span> <span class='ocrx_word' id='word_1_748' title='bbox 2699 4496 2920 4567; x_wconf 80' lang='grc' dir='ltr'>Γραφῆς</span> <span class='ocrx_word' id='word_1_749' title='bbox 2969 4500 3058 4552; x_wconf 77' lang='grc' dir='ltr'><strong>καὶ</strong></span> <span class='ocrx_word' id='word_1_750' title='bbox 3120 4502 3227 4554; x_wconf 85' lang='grc' dir='ltr'>τῶν</span> <span class='ocrx_word' id='word_1_751' title='bbox 3279 4504 3551 4571; x_wconf 85' lang='grc' dir='ltr'>κειμένων</span> <span class='ocrx_word' id='word_1_752' title='bbox 3602 4509 3791 4562; x_wconf 74' lang='grc' dir='ltr'>αὐτῶν</span> 
     </span>
    </p>
   </div>
   <div class='ocr_carea' id='block_1_106' title="bbox 2208 4587 3792 4669">
    <p class='ocr_par' dir='ltr' id='par_1_106' title="bbox 2208 4587 3792 4669">
     <span class='ocr_line' id='line_1_106' title="bbox 2208 4587 3792 4669; baseline 0.009 -30"><span class='ocrx_word' id='word_1_753' title='bbox 2208 4587 2572 4657; x_wconf 76' lang='grc' dir='ltr'>ὑποδούμενος</span> <span class='ocrx_word' id='word_1_754' title='bbox 2620 4588 2679 4640; x_wconf 78' lang='grc' dir='ltr'><strong>τὸ</strong></span> <span class='ocrx_word' id='word_1_755' title='bbox 2723 4588 2933 4659; x_wconf 85' lang='grc' dir='ltr'>δέλεαρ.</span> <span class='ocrx_word' id='word_1_756' title='bbox 2976 4591 3085 4645; x_wconf 72' lang='grc' dir='ltr'>Καὶ</span> <span class='ocrx_word' id='word_1_757' title='bbox 3125 4594 3262 4647; x_wconf 84' lang='grc' dir='ltr'>ὲπὰν</span> <span class='ocrx_word' id='word_1_758' title='bbox 3297 4593 3491 4664; x_wconf 69' lang='grc' dir='ltr'>ᾔσθετο</span> <span class='ocrx_word' id='word_1_759' title='bbox 3520 4597 3792 4669; x_wconf 77' lang='grc' dir='ltr'>εὐηκόους</span> 
     </span>
    </p>
   </div>
   <div class='ocr_carea' id='block_1_107' title="bbox 2206 4676 3792 4751">
    <p class='ocr_par' dir='ltr' id='par_1_107' title="bbox 2206 4676 3792 4751">
     <span class='ocr_line' id='line_1_107' title="bbox 2206 4676 3792 4751; baseline 0.008 -20"><span class='ocrx_word' id='word_1_760' title='bbox 2206 4676 2356 4745; x_wconf 85' lang='grc' dir='ltr'>αύτῷ</span> <span class='ocrx_word' id='word_1_761' title='bbox 2395 4678 2519 4740; x_wconf 80' lang='grc' dir='ltr'>τοὺς</span> <span class='ocrx_word' id='word_1_762' title='bbox 2552 4676 2869 4748; x_wconf 79' lang='grc' dir='ltr'>ἀνθρώπους</span> <span class='ocrx_word' id='word_1_763' title='bbox 2908 4680 3194 4751; x_wconf 82' lang='grc' dir='ltr'>ὑπάρχειν,</span> <span class='ocrx_word' id='word_1_764' title='bbox 3230 4685 3646 4750; x_wconf 85' lang='grc' dir='ltr'>συνελαύνοντος</span> <span class='ocrx_word' id='word_1_765' title='bbox 3691 4692 3792 4745; x_wconf 75' lang='grc' dir='ltr'>καὶ</span> 
     </span>
    </p>
   </div>
   <div class='ocr_carea' id='block_1_108' title="bbox 2205 4768 3792 4851">
    <p class='ocr_par' dir='ltr' id='par_1_108' title="bbox 2205 4768 3792 4851">
     <span class='ocr_line' id='line_1_108' title="bbox 2205 4768 3792 4851; baseline 0.007 -29"><span class='ocrx_word' id='word_1_766' title='bbox 2205 4768 2299 4822; x_wconf 84' lang='grc' dir='ltr'><strong>τοῦ</strong></span> <span class='ocrx_word' id='word_1_767' title='bbox 2332 4769 2524 4840; x_wconf 84' lang='grc' dir='ltr'>καιροῦ</span> <span class='ocrx_word' id='word_1_768' title='bbox 2570 4769 2668 4840; x_wconf 83' lang='grc' dir='ltr'>τῆς</span> <span class='ocrx_word' id='word_1_769' title='bbox 2699 4770 3027 4835; x_wconf 78' lang='grc' dir='ltr'>συντελείας,</span> <span class='ocrx_word' id='word_1_770' title='bbox 3057 4774 3262 4844; x_wconf 66' lang='grc' dir='ltr'>ἤρξατο</span> <span class='ocrx_word' id='word_1_771' title='bbox 3291 4777 3353 4829; x_wconf 83' lang='grc' dir='ltr'>ὲκ</span> <span class='ocrx_word' id='word_1_772' title='bbox 3386 4775 3481 4829; x_wconf 85' lang='grc' dir='ltr'><strong>τοῦ</strong></span> <span class='ocrx_word' id='word_1_773' title='bbox 3511 4776 3679 4851; x_wconf 86' lang='grc' dir='ltr'>δεῦρο</span> <span class='ocrx_word' id='word_1_774' title='bbox 3709 4783 3792 4846; x_wconf 84' lang='grc' dir='ltr'><strong>ὡς</strong></span> 
     </span>
    </p>
   </div>
   <div class='ocr_carea' id='block_1_109' title="bbox 2205 4860 3792 4935">
    <p class='ocr_par' dir='ltr' id='par_1_109' title="bbox 2205 4860 3792 4935">
     <span class='ocr_line' id='line_1_109' title="bbox 2205 4860 3792 4935; baseline 0.008 -22"><span class='ocrx_word' id='word_1_775' title='bbox 2205 4862 2265 4915; x_wconf 82' lang='grc' dir='ltr'><strong>τὸ</strong></span> <span class='ocrx_word' id='word_1_776' title='bbox 2314 4862 2407 4914; x_wconf 79' lang='grc' dir='ltr'><strong>ἀπ’</strong></span> <span class='ocrx_word' id='word_1_777' title='bbox 2432 4860 2628 4931; x_wconf 82' lang='grc' dir='ltr'>ἀρχῆς,</span> <span class='ocrx_word' id='word_1_778' title='bbox 2658 4862 2776 4913; x_wconf 78' lang='grc' dir='ltr'>κατ’</span> <span class='ocrx_word' id='word_1_779' title='bbox 2804 4862 2967 4915; x_wconf 83' lang='grc' dir='ltr'>αὑτοῦ</span> <span class='ocrx_word' id='word_1_780' title='bbox 3008 4864 3103 4917; x_wconf 84' lang='grc' dir='ltr'><strong>τοῦ</strong></span> <span class='ocrx_word' id='word_1_781' title='bbox 3142 4866 3475 4935; x_wconf 84' lang='grc' dir='ltr'>Εὑαγγελίου</span> <span class='ocrx_word' id='word_1_782' title='bbox 3518 4868 3792 4926; x_wconf 86' lang='grc' dir='ltr'>ἀνάπτειν</span> 
     </span>
    </p>
   </div>
   <div class='ocr_carea' id='block_1_110' title="bbox 2204 4952 3789 5028">
    <p class='ocr_par' dir='ltr' id='par_1_110' title="bbox 2204 4952 3789 5028">
     <span class='ocr_line' id='line_1_110' title="bbox 2204 4952 3789 5028; baseline 0.007 -23"><span class='ocrx_word' id='word_1_783' title='bbox 2204 4953 2295 5005; x_wconf 82' lang='grc' dir='ltr'><strong>τὸν</strong></span> <span class='ocrx_word' id='word_1_784' title='bbox 2324 4952 2503 5021; x_wconf 75' lang='grc' dir='ltr'>φόνον,</span> <span class='ocrx_word' id='word_1_785' title='bbox 2535 4953 2682 5014; x_wconf 83' lang='grc' dir='ltr'>ὅπως</span> <span class='ocrx_word' id='word_1_786' title='bbox 2725 4954 3035 5027; x_wconf 74' lang='grc' dir='ltr'>καταντήσῃ</span> <span class='ocrx_word' id='word_1_787' title='bbox 3065 4956 3146 5019; x_wconf 86' lang='grc' dir='ltr'><strong>είς</strong></span> <span class='ocrx_word' id='word_1_788' title='bbox 3170 4957 3261 5010; x_wconf 80' lang='grc' dir='ltr'><strong>τὸν</strong></span> <span class='ocrx_word' id='word_1_789' title='bbox 3289 4957 3661 5028; x_wconf 82' lang='grc' dir='ltr'>Ἀντίχριστον</span> <span class='ocrx_word' id='word_1_790' title='bbox 3688 4964 3789 5016; x_wconf 79' lang='grc' dir='ltr'>εύο</span> 
     </span>
    </p>
   </div>
   <div class='ocr_carea' id='block_1_111' title="bbox 2206 5041 3790 5122">
    <p class='ocr_par' dir='ltr' id='par_1_111' title="bbox 2206 5041 3790 5122">
     <span class='ocr_line' id='line_1_111' title="bbox 2206 5041 3790 5122; baseline 0.008 -25"><span class='ocrx_word' id='word_1_791' title='bbox 2206 5044 2393 5106; x_wconf 82' lang='grc' dir='ltr'>θέτως,</span> <span class='ocrx_word' id='word_1_792' title='bbox 2421 5044 2503 5111; x_wconf 79' lang='grc' dir='ltr'><strong>ἐφ’</strong></span> <span class='ocrx_word' id='word_1_793' title='bbox 2531 5044 2589 5096; x_wconf 83' lang='grc' dir='ltr'>ὃν</span> <span class='ocrx_word' id='word_1_794' title='bbox 2625 5046 2961 5114; x_wconf 85' lang='grc' dir='ltr'>κατοικήσει,</span> <span class='ocrx_word' id='word_1_795' title='bbox 2992 5049 3084 5101; x_wconf 79' lang='grc' dir='ltr'>καὶ</span> <span class='ocrx_word' id='word_1_796' title='bbox 3117 5048 3174 5100; x_wconf 84' lang='grc' dir='ltr'><strong>έν</strong></span> <span class='ocrx_word' id='word_1_797' title='bbox 3194 5041 3237 5115; x_wconf 81' lang='grc' dir='ltr'>ᾧ</span> <span class='ocrx_word' id='word_1_798' title='bbox 3260 5050 3790 5122; x_wconf 67' lang='grc' dir='ltr'>ἀποκαλυφθήσεται</span> 
     </span>
    </p>
   </div>
   <div class='ocr_carea' id='block_1_112' title="bbox 2203 5135 3790 5207">
    <p class='ocr_par' dir='ltr' id='par_1_112' title="bbox 2203 5135 3790 5207">
     <span class='ocr_line' id='line_1_112' title="bbox 2203 5135 3790 5207; baseline 0.008 -20"><span class='ocrx_word' id='word_1_799' title='bbox 2203 5138 2237 5207; x_wconf 71' lang='grc' dir='ltr'>ἡ</span> <span class='ocrx_word' id='word_1_800' title='bbox 2262 5138 2411 5188; x_wconf 77' lang='grc' dir='ltr'>πᾶσα</span> <span class='ocrx_word' id='word_1_801' title='bbox 2446 5135 2611 5188; x_wconf 79' lang='grc' dir='ltr'>αὑτοῦ</span> <span class='ocrx_word' id='word_1_802' title='bbox 2644 5136 2843 5205; x_wconf 88' lang='grc' dir='ltr'>πικρία</span> <span class='ocrx_word' id='word_1_803' title='bbox 2872 5138 2966 5190; x_wconf 72' lang='grc' dir='ltr'>καὶ</span> <span class='ocrx_word' id='word_1_804' title='bbox 2994 5139 3320 5206; x_wconf 88' lang='grc' dir='ltr'>ἀποστασία,</span> <span class='ocrx_word' id='word_1_805' title='bbox 3360 5140 3419 5192; x_wconf 79' lang='grc' dir='ltr'>ὃν</span> <span class='ocrx_word' id='word_1_806' title='bbox 3450 5142 3633 5196; x_wconf 86' lang='grc' dir='ltr'>ἀνελεί</span> <span class='ocrx_word' id='word_1_807' title='bbox 3668 5146 3790 5199; x_wconf 81' lang='grc' dir='ltr'><strong>Κύ-</strong></span> 
     </span>
    </p>
   </div>
   <div class='ocr_carea' id='block_1_113' title="bbox 2206 5228 3789 5303">
    <p class='ocr_par' dir='ltr' id='par_1_113' title="bbox 2206 5228 3789 5303">
     <span class='ocr_line' id='line_1_113' title="bbox 2206 5228 3789 5303; baseline 0.007 -25"><span class='ocrx_word' id='word_1_808' title='bbox 2206 5244 2320 5296; x_wconf 91' lang='grc' dir='ltr'>ριος</span> <span class='ocrx_word' id='word_1_809' title='bbox 2344 5230 2410 5297; x_wconf 76' lang='grc' dir='ltr'>τῇ</span> <span class='ocrx_word' id='word_1_810' title='bbox 2434 5229 2723 5298; x_wconf 78' lang='grc' dir='ltr'>ἐπιφανείᾳ</span> <span class='ocrx_word' id='word_1_811' title='bbox 2748 5228 2911 5281; x_wconf 84' lang='grc' dir='ltr'>αὐτοῦ</span> <span class='ocrx_word' id='word_1_812' title='bbox 2935 5230 3015 5282; x_wconf 84' lang='grc' dir='ltr'>ὅτι</span> <span class='ocrx_word' id='word_1_813' title='bbox 3039 5231 3286 5299; x_wconf 86' lang='grc' dir='ltr'>τάχιστα.</span> <span class='ocrx_word' id='word_1_814' title='bbox 3317 5233 3452 5303; x_wconf 74' lang='grc' dir='ltr'>Περὶ</span> <span class='ocrx_word' id='word_1_815' title='bbox 3478 5233 3573 5286; x_wconf 86' lang='grc' dir='ltr'><strong>τοῦ</strong></span> <span class='ocrx_word' id='word_1_816' title='bbox 3594 5236 3789 5303; x_wconf 83' lang='grc' dir='ltr'>τρίτου</span> 
     </span>
    </p>
   </div>
   <div class='ocr_carea' id='block_1_114' title="bbox 2201 5317 3791 5391">
    <p class='ocr_par' dir='ltr' id='par_1_114' title="bbox 2201 5317 3791 5391">
     <span class='ocr_line' id='line_1_114' title="bbox 2201 5317 3791 5391; baseline 0.007 -22"><span class='ocrx_word' id='word_1_817' title='bbox 2201 5317 2253 5370; x_wconf 86' lang='grc' dir='ltr'><strong>τί</strong></span> <span class='ocrx_word' id='word_1_818' title='bbox 2301 5320 2390 5370; x_wconf 74' lang='grc' dir='ltr'><strong>καὶ</strong></span> <span class='ocrx_word' id='word_1_819' title='bbox 2436 5318 2661 5387; x_wconf 72' lang='grc' dir='ltr'>φῶμενς</span> <span class='ocrx_word' id='word_1_820' title='bbox 2694 5320 2755 5370; x_wconf 78' lang='lat' dir='ltr'><strong>Ui</strong></span> <span class='ocrx_word' id='word_1_821' title='bbox 2786 5318 2894 5386; x_wconf 85' lang='grc' dir='ltr'>γὰρ</span> <span class='ocrx_word' id='word_1_822' title='bbox 2934 5318 2996 5372; x_wconf 81' lang='grc' dir='ltr'>τὸ</span> <span class='ocrx_word' id='word_1_823' title='bbox 3040 5320 3370 5387; x_wconf 82' lang='grc' dir='ltr'>Εὑαγγέλιον</span> <span class='ocrx_word' id='word_1_824' title='bbox 3417 5324 3791 5391; x_wconf 89' lang='grc' dir='ltr'>παραϐαίνειν</span> 
     </span>
    </p>
   </div>
   <div class='ocr_carea' id='block_1_115' title="bbox 2203 5409 3789 5487">
    <p class='ocr_par' dir='ltr' id='par_1_115' title="bbox 2203 5409 3789 5487">
     <span class='ocr_line' id='line_1_115' title="bbox 2203 5409 3789 5487; baseline 0.006 -27"><span class='ocrx_word' id='word_1_825' title='bbox 2203 5411 2384 5479; x_wconf 81' lang='grc' dir='ltr'>γυμνῇ</span> <span class='ocrx_word' id='word_1_826' title='bbox 2441 5410 2508 5478; x_wconf 80' lang='grc' dir='ltr'>τῇ</span> <span class='ocrx_word' id='word_1_827' title='bbox 2552 5409 2761 5479; x_wconf 76' lang='grc' dir='ltr'>κεφαλῇ</span> <span class='ocrx_word' id='word_1_828' title='bbox 2807 5411 3341 5482; x_wconf 83' lang='grc' dir='ltr'>κατατολμήσαντες,</span> <span class='ocrx_word' id='word_1_829' title='bbox 3380 5414 3473 5465; x_wconf 66' lang='grc' dir='ltr'><strong>καὶ</strong></span> <span class='ocrx_word' id='word_1_830' title='bbox 3519 5417 3648 5480; x_wconf 80' lang='grc' dir='ltr'>τοὺς</span> <span class='ocrx_word' id='word_1_831' title='bbox 3706 5422 3789 5487; x_wconf 85' lang='grc' dir='ltr'>μὴ</span> 
     </span>
    </p>
   </div>
   <div class='ocr_carea' id='block_1_116' title="bbox 2202 5498 3791 5573">
    <p class='ocr_par' dir='ltr' id='par_1_116' title="bbox 2202 5498 3791 5573">
     <span class='ocr_line' id='line_1_116' title="bbox 2202 5498 3791 5573; baseline 0.005 -20"><span class='ocrx_word' id='word_1_832' title='bbox 2202 5498 2563 5570; x_wconf 88' lang='grc' dir='ltr'>παραϐαίνειν</span> <span class='ocrx_word' id='word_1_833' title='bbox 2616 5500 3065 5570; x_wconf 81' lang='grc' dir='ltr'>αἱρετισαμένους</span> <span class='ocrx_word' id='word_1_834' title='bbox 3126 5502 3667 5573; x_wconf 83' lang='grc' dir='ltr'>ἁναθεματίσαντες,</span> <span class='ocrx_word' id='word_1_835' title='bbox 3731 5509 3791 5561; x_wconf 86' lang='grc' dir='ltr'><strong>τί</strong></span> 
     </span>
    </p>
   </div>
   <div class='ocr_carea' id='block_1_117' title="bbox 2202 5591 3790 5665">
    <p class='ocr_par' dir='ltr' id='par_1_117' title="bbox 2202 5591 3790 5665">
     <span class='ocr_line' id='line_1_117' title="bbox 2202 5591 3790 5665; baseline 0.004 -20"><span class='ocrx_word' id='word_1_836' title='bbox 2202 5592 2333 5663; x_wconf 80' lang='grc' dir='ltr'><strong>περὶ</strong></span> <span class='ocrx_word' id='word_1_837' title='bbox 2376 5594 2616 5645; x_wconf 87' lang='grc' dir='ltr'>κανόνων</span> <span class='ocrx_word' id='word_1_838' title='bbox 2665 5591 2849 5653; x_wconf 75' lang='grc' dir='ltr'>αὐτοῖς</span> <span class='ocrx_word' id='word_1_839' title='bbox 2892 5592 3154 5662; x_wconf 79' lang='grc' dir='ltr'>μελήσεις</span> <span class='ocrx_word' id='word_1_840' title='bbox 3190 5595 3297 5648; x_wconf 84' lang='grc' dir='ltr'>Καί</span> <span class='ocrx_word' id='word_1_841' title='bbox 3335 5614 3394 5665; x_wconf 84' lang='grc' dir='ltr'><strong>γε</strong></span> <span class='ocrx_word' id='word_1_842' title='bbox 3430 5596 3526 5649; x_wconf 80' lang='grc' dir='ltr'>καὶ</span> <span class='ocrx_word' id='word_1_843' title='bbox 3570 5599 3790 5652; x_wconf 84' lang='grc' dir='ltr'>τούτων</span> 
     </span>
    </p>
   </div>
   <div class='ocr_carea' id='block_1_118' title="bbox 2201 5683 3790 5761">
    <p class='ocr_par' dir='ltr' id='par_1_118' title="bbox 2201 5683 3790 5761">
     <span class='ocr_line' id='line_1_118' title="bbox 2201 5683 3790 5761; baseline 0.004 -23"><span class='ocrx_word' id='word_1_844' title='bbox 2201 5686 2304 5738; x_wconf 82' lang='grc' dir='ltr'><strong>ὑπὸ</strong></span> <span class='ocrx_word' id='word_1_845' title='bbox 2330 5683 2646 5754; x_wconf 84' lang='grc' dir='ltr'>Πνεύματος</span> <span class='ocrx_word' id='word_1_846' title='bbox 2677 5684 2831 5753; x_wconf 83' lang='grc' dir='ltr'>ἁγίου</span> <span class='ocrx_word' id='word_1_847' title='bbox 2871 5684 3343 5758; x_wconf 71' lang='grc' dir='ltr'>ἐσφραγισμένων,</span> <span class='ocrx_word' id='word_1_848' title='bbox 3374 5689 3467 5741; x_wconf 68' lang='grc' dir='ltr'><strong>καὶ</strong></span> <span class='ocrx_word' id='word_1_849' title='bbox 3501 5693 3557 5743; x_wconf 83' lang='grc' dir='ltr'>ὲν</span> <span class='ocrx_word' id='word_1_850' title='bbox 3587 5693 3655 5761; x_wconf 75' lang='grc' dir='ltr'>τῇ</span> <span class='ocrx_word' id='word_1_851' title='bbox 3682 5689 3790 5745; x_wconf 78' lang='grc' dir='ltr'><strong>λύο</strong></span> 
     </span>
    </p>
   </div>
  </div>
