3914 6436
143 386 269 450 1037

1351 386 1888 444 EPISTOLARUM
1923 387 2068 444 LIB.
2093 387 2144 446 Ι.

3232 390 3367 452 1038

137 514 219 548 σει
255 495 432 548 αύτῶν
463 491 770 559 λελυμένων
801 491 967 541 ὅντων
1006 491 1112 541 τῶν
1148 490 1398 542 ἁπάντων
1428 494 1505 552 είς
1536 509 1705 558 σωτη-

1815 491 2192 552 sacerdotium,
2222 490 2566 554 sacrificium,
2597 506 2658 543 ac
2691 491 2895 558 reliqua
2932 493 3243 547 morborum
3277 513 3373 549 no-

133 588 254 657 ρίαν
308 582 464 652 ἡμῶν
515 581 778 650 ἡκόντων.
821 580 1068 650 Ούδαμοῦ
1127 581 1229 649 γὰρ
1277 581 1560 650 ἱερωσύνη,
1613 581 1704 632 ου-

132 681 242 741 σία,
275 674 444 730 τᾶλλα
484 673 689 741 ἰάματα
733 671 842 724 τῶν
879 671 1124 740 ψυχικῶν
1149 670 1307 741 ἡμῶν
1343 672 1704 742 ἀρρωστημά-

131 787 264 821 των.

199 860 266 912 Τί
296 860 351 913 δὲ
377 859 518 927 λέγω
543 857 806 923 κανόνων,
828 855 921 909 καὶ
947 855 1207 926 ποιοῦμαι
1233 856 1495 926 διαφοράν
1522 872 1536 920 ;
1565 857 1705 908 Ταυ-

127 952 219 1002 τὸν
248 953 396 1002 ἐστιν
425 952 599 1002 εἰπεῖν
618 950 713 1003 καὶ
743 949 828 1001 ἐπ’
858 947 1034 1000 αὐτῶν
1053 946 1195 1019 [καὶ]
1217 947 1549 1014 Εὑαγγελίου
1573 949 1705 1018 Χρισ-

130 1041 279 1095 στοῢ.
307 1041 475 1105 Αὐτὸς
504 1041 610 1111 γάρ
639 1040 735 1104 τὰς
763 1040 910 1102 κλεῖς
938 1038 1135 1092 δέδωκε
1165 1043 1262 1110 τῆς
1281 1039 1567 1109 ’βασιλείας
1595 1040 1704 1092 τῶν

125 1134 370 1205 οὐρανῶν
409 1133 486 1204 τῷ
517 1132 737 1203 μεγάλῳ
770 1132 961 1203 Πέτρῳ
993 1132 1218 1201 φάσκων
1239 1149 1252 1162 ·
1283 1133 1380 1184 Ὃν
1417 1131 1482 1184 ἂν
1514 1131 1701 1203 λύσῃς,

127 1227 222 1279 καὶ
269 1225 330 1277 ὃν
376 1224 442 1278 ἂν
486 1224 675 1298 δήσῃς,
702 1223 851 1276 ἔσται
887 1223 947 1275 τὸ
977 1222 1070 1275 καὶ
1099 1221 1179 1275 τό.
1218 1223 1327 1276 Καὶ
1365 1222 1527 1275 πάλιν
1569 1224 1702 1274 πᾶσι

124 1320 238 1378 τοῖς
267 1300 608 1378 ἀποστόλοιςλ
649 1313 868 1368 Λάϐετε
908 1313 1147 1382 Πνεῦμα
1191 1313 1389 1382 drtor'
1424 1314 1501 1368 ἄν
1527 1331 1704 1367 τινων

123 1407 319 1476 ἀφῆτε
338 1407 442 1472 τὰς
462 1405 768 1475 ἁμαρτίας,
795 1404 1068 1473 ἀφίενται
1086 1421 1098 1434 ·
1129 1404 1225 1457 καί
1262 1401 1337 1458 ἄν
1361 1423 1537 1459 τινων
1561 1421 1702 1472 xpu-

124 1501 288 1567 τῆτε,
322 1497 734 1564 κεκράτηνται.
775 1497 887 1548 Καὶ
921 1496 1201 1566 ἑπομένως
1231 1495 1440 1558 τούτοις
1470 1498 1549 1561 είς
1576 1497 1703 1559 τοὺς

126 1593 245 1660 μετ’
291 1591 489 1649 αὐτοὺς
524 1586 855 1650 διαϐιϐάζων
895 1589 993 1656 τὴν
1037 1586 1316 1652 ἐξουσίαν,
1354 1587 1558 1658 ἐάνπερ
1595 1588 1703 1640 ὡσ-

123 1682 307 1745 αύτως
347 1679 626 1750 πράξοιεν.
681 1678 792 1730 Καὶ
836 1677 922 1730 διὰ
955 1677 1109 1730 τοῦτο
1145 1676 1449 1740 Βασιλείου,
1477 1679 1572 1730 καὶ
1594 1678 1703 1730 τῶν

127 1771 452 1822 ἰσοστασίων
503 1766 650 1837 αύτῷ
680 1767 868 1833 ἁγίων,
898 1766 974 1829 ὡς
1003 1756 1111 1819 τῶν
1135 1768 1507 1822 ἀποστολικῶν
1539 1768 1700 1822 κανό-

1810 591 2047 637 strorum
2078 582 2440 651 spiritualium
2465 582 2877 638 medicamenta.

1882 842 2018 908 Quid
2054 854 2232 898 autem
2269 861 2506 901 canones
2539 846 2659 902 dico
2683 888 2696 912 ,
2734 863 2797 903 ac
2839 847 3127 903 discrimen
3159 848 3374 918 aliquod

1811 936 2032 988 statuo?
2068 936 2294 990 Perinde
2321 947 2400 992 est
2436 939 2500 992 dc
2535 941 2824 1010 Evangelio
2851 940 3052 994 Christi
3083 956 3146 996 ac
3175 941 3240 994 de
3272 942 3377 994 illis

1811 1025 2012 1080 dicere.
2049 1025 2164 1095 Ipse
2197 1029 2340 1082 enim
2372 1030 2550 1084 claves
2577 1031 2728 1098 regni
2757 1031 3016 1085 caelorum
3050 1046 3246 1102 magno
3275 1032 3376 1084 Pe-

1813 1123 1895 1168 tro
1937 1116 2157 1171 tradidit
2207 1118 2293 1171 bis
2335 1120 2514 1174 verbis
2561 1136 2574 1171 :
2610 1119 3001 1189 Quemcunque
3043 1122 3268 1175 solveris
3322 1133 3376 1177 et

1810 1220 2190 1277 quemcunque
2216 1209 2470 1280 ligaveris
2496 1252 2510 1276 ,
2549 1219 2650 1265 hoc
2675 1212 2781 1266 erit
2814 1223 2868 1266 et
2898 1213 3028 1266 illud
3056 1213 3118 1266 ³³.
3159 1214 3227 1267 Ει
3255 1229 3378 1266 rur-

1810 1310 1930 1350 sum
1960 1299 2212 1353 omnibus
2243 1301 2502 1369 apostolis
2527 1320 2538 1353 :
2566 1301 2794 1371 Accipite
2821 1301 3078 1370 Spiritum
3103 1312 3374 1356 sanctum:

1811 1402 2030 1456 quorum
2061 1389 2361 1443 remiseritis
2391 1401 2623 1460 peccata,
2650 1395 2988 1446 remittuntur
3020 1395 3128 1457 eis;
3169 1405 3215 1448 et
3244 1410 3374 1464 quo-

1811 1494 1926 1530 rum
1959 1480 2307 1544 retinueritis,
2357 1490 2558 1535 retenta
2607 1495 2729 1536 sunt
2758 1485 2802 1515 ⁸⁵
2837 1500 2943 1539 :ac
2982 1495 3376 1556 consequenter

1810 1577 2129 1636 potestatem
2157 1572 2530 1628 transmittens
2555 1573 2618 1628 ad
2646 1589 2833 1628 eorum
2857 1591 3217 1641 successores,
3251 1593 3374 1631 cum

1811 1659 1952 1714 idem
1999 1662 2229 1732 egerint.
2296 1663 2541 1733 Cumque
2595 1665 2801 1721 idcirco
2857 1666 3124 1734 Basilius,
3166 1669 3376 1739 ipsique

1812 1769 2076 1822 suppares
2103 1754 2317 1818 sancti,
2358 1772 2593 1812 canones
2636 1769 2890 1829 tanquam
2923 1762 3251 1830 apostolicos
3287 1778 3374 1816 re-

123 1879 230 1913 νων
277 1858 635 1928 δεδεγμένων,
679 1856 866 1910 καθότι
898 1856 1360 1928 ἐξηκολουθήκασι
1405 1859 1568 1929 μηδὲν
1605 1877 1701 1912 κε-

1815 1846 2074 1915 ceperint,
2104 1856 2371 1914 quatenus
2399 1862 2493 1902 eos
2523 1850 2695 1903 secuti
2729 1861 2876 1912 sunt,
2905 1851 3042 1904 nihil
3076 1851 3375 1906 immutan-

123 1949 610 2018 καινοτομηκότες,
662 1946 798 1999 ἀλλά
851 1946 946 1997 καὶ
994 1942 1398 2013 ἐπαυξῆσαντες
1450 1945 1589 1998 κατά
1642 1945 1703 1997 τὸ

121 2042 274 2095 δέον·
306 2035 448 2094 οὗτοι
494 2038 587 2091 οὖν
628 2038 676 2090 οἱ
715 2037 826 2090 νέοι
851 2035 1274 2103 ψευδαπόστολοι
1313 2035 1704 2103 ἀποφαίνονται

124 2133 484 2204 ἐμπράκτως,
525 2128 600 2200 μὴ
635 2128 852 2192 πάντως
900 2128 1042 2182 κατά
1072 2129 1196 2191 τοὺς
1231 2128 1520 2198 κειμένους
1545 2128 1704 2198 ὅρους

121 2227 234 2280 τῶν
263 2225 456 2293 ἁγίων,
493 2225 607 2276 ἀλλ’
639 2222 814 2292 οἰκείᾳ
855 2221 1072 2292 ἐξουσίᾳ
1103 2221 1196 2273 καὶ
1222 2221 1512 2290 διακρίσει,
1553 2219 1705 2290 παρὰ

123 2318 185 2370 τὸ
238 2315 331 2368 ὑπ’
367 2314 546 2368 αὐτῶν
589 2311 1014 2382 διατεταγμένον
1047 2310 1155 2363 ἔσθ’
1189 2311 1277 2362 ὅτε
1320 2310 1550 2362 ’ἑκαστον
1597 2308 1704 2361 τῶν

123 2407 401 2478 ίεραρχῶν
426 2407 598 2458 ποιεῖν
620 2420 632 2434 ·
665 2403 812 2457 λύειν
843 2404 898 2455 ἐν
933 2397 1014 2465 οἷς
1052 2401 1112 2453 ού
1143 2401 1271 2472 παρ’
1293 2399 1472 2454 αὐτῶν
1513 2398 1667 2460 λύσις
1688 2414 1703 2428 ’

123 2502 222 2553 καὶ
273 2499 492 2567 δεσμεῖν
537 2497 620 2565 ἐφ’
665 2486 745 2556 οἷς
787 2493 885 2563 οὐχ
937 2493 1031 2545 ὑπ’
1058 2493 1233 2546 αὐτῶν
1281 2493 1308 2545 ὁ
1350 2489 1565 2560 δεσμός.
1595 2488 1706 2542 Καὶ

120 2591 291 2660 ὁρᾶτε
334 2587 502 2641 ταῦτα
538 2585 884 2653 καθεκάστην
913 2583 1231 2652 γιγνόμενα.
1253 2583 1364 2634 Καὶ
1390 2577 1706 2651 ἐϐεϐηλὼθη

125 2682 195 2732 τὰ
240 2679 394 2747 ἆγια,
442 2676 536 2730 κάι
566 2676 774 2746 ἐφόδιον
825 2673 1102 2744 ἁμαρτίας
1127 2671 1367 2741 κρύϐδην
1405 2687 1465 2723 τε
1500 2671 1594 2723 καὶ
1625 2671 1706 2732 εἰς

121 2769 435 2839 τούμφανὲς
470 2771 504 2837 ἡ
551 2765 959 2837 μοιχοσύνοδος·
999 2764 1093 2817 κοὶι
1133 2762 1510 2834 καθαίρεταιὸ
1536 2761 1706 2816 ἀκαθ-

122 2865 375 2933 αἱρετοςο
437 2859 532 2911 καὶ
582 2858 969 2928 χειροτονεῖται
1024 2856 1052 2908 ὁ
1096 2855 1556 2925 διαϐεϐλημένος·
1610 2853 1706 2906 καὶ

122 2958 280 3007 ἐᾶται
348 2953 376 3003 ὁ
437 2949 756 3004 ὑποπίπτων
815 2947 1006 3000 κανόσι
1065 2946 1486 3016 καθαιρετικοῖς,
1542 2947 1702 2998 ἀνευ-

124 3046 298 3108 θύνως
347 3041 669 3114 ἱερουργῶν,
702 3040 797 3092 καί⁸
839 3041 902 3090 ἐκ
933 3037 1304 3107 κελεύσματος
1342 3035 1702 3106 ἀνθρωπίνου,

1806 1946 1907 2002 tes,
1939 1938 2033 1992 sed
2063 1946 2117 1991 et
2147 1937 2536 2007 amplificantcs
2571 1941 2732 1994 etiam
2769 1951 2931 2010 prout
2971 1944 3329 1998 conveniebat
3358 1961 3370 1995 :

1805 2027 1892 2086 isti
1927 2027 2144 2082 demum
2178 2029 2302 2084 novi
2338 2031 2774 2100 pseudoapostoli
2822 2034 3000 2104 reipsa
3047 2036 3373 2098 ostendunt,

1805 2133 1862 2172 se
1900 2134 2239 2190 nequaquam
2268 2123 2564 2178 secundum
2590 2125 2935 2195 praescriptos
2962 2143 2990 2181 a
3022 2126 3224 2182 sanctis
3265 2137 3373 2182 ter-

1802 2211 2016 2275 minos,
2063 2213 2160 2268 sed
2207 2214 2423 2284 propria
2468 2216 2790 2271 auctoritate
2833 2227 2888 2271 ct
2926 2219 3153 2272 arbitrio
3184 2230 3372 2274 contra

1804 2317 1963 2370 quam
1996 2304 2062 2357 ab
2091 2304 2196 2358 illis
2225 2314 2487 2359 statutum
2519 2315 2640 2372 est,
2685 2307 2897 2374 facere,
2926 2310 3052 2363 dum
3085 2310 3375 2380 episcopus

1804 2395 2033 2462 quilibet
2065 2397 2223 2450 solvit
2252 2398 2522 2453 interdum
2549 2440 2564 2463 ,
2606 2399 2694 2454 ubi
2743 2401 2954 2455 solvere
3000 2417 3107 2455 non
3152 2411 3368 2472 potest:

1804 2485 1954 2556 ligat,
1979 2487 2068 2540 ubi
2097 2487 2295 2557 ligandi
2318 2490 2407 2558 jus
2433 2503 2543 2542 non
2578 2489 2759 2543 habet.
2789 2492 2965 2558 Atque
2990 2491 3105 2546 haec
3129 2492 3372 2562 quotidie

1806 2577 1923 2630 ﬁeri
1957 2578 2224 2645 cernitis;
2269 2589 2323 2634 et
2369 2581 2594 2649 profana
2637 2591 2763 2636 sunt
2800 2590 2984 2637 sancta
3009 2625 3024 2648 ,
3075 2592 3129 2638 et
3166 2585 3372 2653 peccati

1807 2667 2058 2722 illecebra
2089 2669 2226 2724 clam
2255 2670 2541 2740 palamque
2581 2672 2720 2726 facta
2755 2683 2840 2726 est
2875 2673 3370 2744 mmcbosynodus;

1808 2761 2210 2834 deponitnrque
2258 2763 2349 2834 qui
2396 2765 2592 2835 deponi
2643 2782 2754 2819 non
2806 2766 3001 2832 debet,
3048 2776 3103 2822 et
3155 2767 3374 2822 ordinao

1810 2861 1897 2904 tur
1937 2854 2026 2921 qui
2095 2853 2314 2907 infamia
2389 2854 2632 2919 laborat,
2675 2862 2730 2908 et
2790 2855 2881 2923 qui
2937 2855 3238 2910 canonihus
3280 2855 3374 2909 de-

1807 2943 2131 3013 positionem
2201 2945 2562 3016 irrogantibus
2629 2945 2896 3000 obnoxius
2964 2955 3086 3010 est,
3154 2946 3376 3015 impune

1807 3050 1958 3090 sacra
2019 3034 2196 3090 facere
2273 3016 2650 3106 permittitur:
2716 3037 2956 3106 fiuntque
3017 3052 3082 3090 ex
3131 3037 3376 3106 iussione

123 3139 220 3190 καὶ
279 3137 381 3189 ούκ
434 3137 497 3188 ἐκ
549 3133 730 3203 ψήφου
784 3129 933 3193 θείας
977 3129 1072 3181 καὶ
1128 3127 1440 3197 κανονικῆς,
1479 3129 1533 3180 αἱ
1571 3143 1704 3198 προ-

1815 3123 2084 3190 humana,
2131 3139 2240 3178 non
2289 3125 2385 3179 Dei
2431 3133 2486 3179 et
2535 3140 2805 3180 canonum
2855 3126 3111 3191 decreto,
3153 3141 3375 3196 promo-

126 3227 305 3279 ϐολαί.

196 3318 329 3381 Καὶ,
381 3315 480 3384 φεῦ
543 3331 668 3383 μοι,
717 3312 814 3380 τῆς
863 3306 1261 3377 ταλαιπωρίας,
1312 3305 1490 3358 πάντα
1534 3321 1702 3356 κατα-

121 3405 462 3478 τραγῳδεῖνί
524 3404 619 3455 καὶ
675 3400 757 3463 τίς
801 3398 936 3468 ἔχων
980 3392 1577 3466 καρδίανναῑσθητικὴν,
1607 3393 1706 3444 οὐκ

125 3500 284 3567 ἀλγεῖ
313 3498 410 3550 καὶ
433 3494 642 3555 στένει;
671 3491 779 3543 Καὶ
808 3491 958 3550 ποῖος
987 3486 1110 3547 νοῦς
1137 3483 1310 3537 ταῦτα
1336 3481 1706 3551 ἀναθρώσκων

126 3589 221 3639 καὶ
258 3584 606 3655 συμϐάλλων,
637 3579 735 3650 οὐχ
763 3579 1019 3650 ὁμολογεῖ
1047 3576 1309 3645 αἱρέσεων
1337 3575 1434 3642 τὴν
1469 3571 1707 3626 ἀποστά-

124 3697 283 3749 τριαν
323 3673 466 3728 εἶναι
509 3671 744 3744 Χριστοῦ
774 3690 787 3736 ;
823 3671 916 3724 καὶ
962 3667 1064 3721 ποῦ
1106 3684 1194 3736 μοι
1227 3666 1402 3718 πάντα
1431 3663 1610 3732 λέγειν
1638 3663 1707 3714 τὰ

125 3783 271 3827 κατα
311 3769 461 3832 νοῦν,
489 3768 582 3820 καὶ
614 3763 964 3835 ὑπερϐαίνειν
1012 3759 1209 3829 μέτρον
1241 3755 1564 3824 ἐπιστολῆς;
1603 3753 1708 3806 Εὐ-

127 3867 372 3919 σύνοπτα
428 3866 499 3914 τά
548 3857 838 3927 λεγόμενα,
889 3855 948 3906 ού
982 3848 1424 3921 κεκομψευμένα,
1470 3847 1532 3900 ού
1586 3846 1708 3897 δυσ-

124 3957 327 4025 νόητα·
374 3950 436 4004 τὸ
483 3951 601 4018 μὲν,
642 3950 724 4002 ὅτι
761 3943 884 4000 ούδέ
915 3940 1025 4013 ἐγὼ
1059 3941 1353 4010 ύψηγορεῖν
1391 3936 1706 4006 δυνάμενος,

124 4047 265 4100 ἁλλά
284 4044 382 4096 καὶ
413 4042 533 4095 λίαν
559 4041 757 4108 ὀλίγος,
790 4038 885 4092 καὶ
907 4035 1237 4104 ὀλιγόλογος,
1269 4032 1364 4084 καὶ
1391 4029 1707 4100 βραχύγνω-

127 4155 273 4200 στος,
311 4133 454 4188 αὐτὰ
493 4131 663 4184 ταῦτα
709 4130 776 4183 δι’
806 4130 967 4198 εὐχῆς
1011 4126 1105 4180 τοῦ
1141 4123 1320 4179 κοινοῦ
1360 4123 1573 4193 Πατρὸς
1615 4121 1709 4175 καὶ

128 4229 283 4300 ὑμῶν
313 4227 455 4296 έχων
479 4240 493 4254 °
529 4222 587 4276 τὸ
610 4223 666 4276 δὲ
697 4222 789 4274 καὶ
823 4220 907 4272 διὰ
930 4219 988 4272 τό
1022 4233 1175 4278 τινας
1205 4214 1355 4284 ὑμῶν
1387 4213 1460 4283 μὴ
1505 4211 1709 4281 ἰσχύειν

127 4315 604 4389 δογματικὼτερον
635 4309 1068 4380 καταλαμϐάνειν
1097 4308 1194 4378 τὴν
1224 4305 1454 4375 αἵρεσιν,
1480 4303 1572 4356 καὶ
1595 4303 1706 4372 ἃμα

128 4414 207 4464 ὅτι
238 4412 335 4463 καὶ
363 4405 568 4467 ἁπλοῦς
600 4406 628 4457 ὁ
655 4404 811 4471 λόγος
853 4404 952 4471 τῆς
995 4399 1285 4469 ἀληθείας·
1325 4397 1359 4465 ἦ
1401 4413 1460 4447 τε
1504 4394 1709 4465 αἵρεσις

1812 3213 2008 3269 tiones.

1879 3308 1946 3360 Et
1968 3345 1984 3372 ,
2035 3305 2139 3361 heu
2185 3306 2316 3360 mihi
2346 3307 2358 3360 ι
2408 3314 2645 3377 quantus
2675 3305 2828 3363 dolor
2858 3316 2943 3363 est
2974 3307 3154 3363 omnia
3187 3308 3377 3377 deplo-

1809 3397 1965 3450 rare?
1998 3405 2052 3450 et
2082 3397 2330 3466 quisnam
2363 3412 2524 3452 sensu
2569 3398 2750 3468 aliquo
2783 3400 3046 3469 praeditus
3091 3415 3197 3452 non
3229 3400 3377 3453 dolet

1809 3498 1863 3543 et
1892 3488 2237 3559 ingemiscit?
2264 3499 2318 3543 et
2349 3505 2468 3559 quae
2497 3505 2650 3546 mens
2677 3491 2778 3544 ista
2814 3500 3066 3560 spectans
3097 3498 3152 3544 et
3184 3505 3378 3560 expen-

1809 3582 1964 3646 dens,
1996 3597 2104 3635 non
2136 3582 2424 3636 confitetur
2449 3583 2800 3636 desertricem
2851 3581 3052 3637 Christi
3079 3596 3199 3638 esse
3235 3583 3378 3638 hanc

1811 3671 2104 3726 haeresim?
2151 3681 2205 3724 et
2243 3687 2339 3724 cur
2381 3672 2564 3725 omnia
2602 3687 2724 3740 quae
2767 3671 2820 3725 in
2863 3673 3044 3727 animo
3091 3683 3380 3727 versantur

1809 3778 2147 3832 expromam,
2174 3772 2227 3817 et
2254 3763 2493 3832 epistolae
2522 3762 2739 3817 modum
2762 3764 3060 3817 excedam?
3087 3763 3377 3834 Comperta

1809 3862 1936 3907 sunt
1965 3869 2084 3923 quae
2118 3852 2237 3908 dico
2258 3897 2272 3918 ,
2309 3869 2416 3907 non
2445 3853 2580 3908 scite
2611 3853 2908 3924 composita
2932 3896 2945 3918 ,
2974 3869 3081 3907 non
3117 3853 3380 3918 difﬁcilia,

1811 3949 1937 4001 licet
1967 3961 2073 3999 non
2108 3946 2304 4015 dignus
2331 3944 2421 4014 qui
2454 3946 2661 4009 audiar,
2702 3945 2981 4014 utriusque
3011 3945 3378 4010 concordiam,

1809 4054 1906 4109 per
1939 4052 2100 4108 quam
2128 4046 2184 4090 et
2208 4036 2404 4090 clarius
2433 4036 2630 4090 emicat
2658 4035 2841 4091 radius
2868 4035 3112 4090 veritatis
3135 4077 3149 4098 ,
3179 4046 3234 4090 et
3261 4052 3383 4105 pra-

1809 4131 1947 4184 vitas
1988 4127 2062 4182 illi
2099 4126 2525 4190 adversantium,
2573 4125 2659 4179 vel
2710 4127 2889 4195 potius
2936 4135 3205 4180 nocturna
3252 4126 3380 4189 lux,

1811 4218 2084 4273 intellectu
2112 4235 2125 4271 :
2167 4216 2366 4288 partim
2404 4218 2526 4287 quia
2557 4232 2663 4272 non
2695 4232 2814 4272 sum
2843 4217 3093 4273 sublimia
3117 4217 3381 4288 loquendi

1810 4311 2066 4364 facultate
2096 4310 2389 4379 praeditus,
2439 4309 2532 4363 sed
2570 4309 2751 4363 tenuis
2786 4307 3076 4363 admodum
3115 4318 3170 4362 et
3205 4307 3383 4376 exigui

1811 4403 2083 4457 sermonis
2103 4442 2118 4465 ,
2151 4409 2206 4455 et
2232 4410 2473 4472 angustae
2502 4401 2745 4456 scientiae
2771 4440 2785 4464 ,
2833 4401 2948 4454 hinc
2979 4400 3094 4470 ipsa
3131 4399 3386 4469 precibus

130 4504 361 4573 φανερὰ,
401 4500 494 4552 καὶ
527 4497 950 4566 ἀδογμάτιστος,
982 4493 1074 4546 καὶ
1106 4489 1257 4544 παιδὶ
1280 4487 1705 4558 εύκατάληπτος.

1819 4492 2001 4546 Patris
2028 4492 2336 4546 communis
2365 4506 2428 4545 ac
2463 4491 2659 4545 vestris
2692 4491 2960 4559 adeptus;
2992 4489 3189 4559 partim
3221 4488 3383 4542 etiam

129 4591 200 4666 τῷ
255 4595 367 4663 γὰρ
423 4593 452 4643 ὁ
503 4589 632 4650 Θεὸς
687 4583 826 4649 εἷπε,
857 4585 1118 4652 σύντομος
1163 4584 1191 4634 ὁ
1239 4581 1416 4648 λόγος,
1450 4574 1608 4632 οὗτοι
1658 4579 1705 4631 οξ

1815 4585 1958 4654 quod
1992 4585 2241 4638 nonnulli
2266 4593 2502 4638 vestrum
2536 4583 2926 4638 accuratiorem
2958 4581 3182 4637 hmresis
3221 4596 3387 4649 expo-

135 4686 477 4756 στοιχοῦσινο
525 4681 659 4736 ἀλλά
708 4678 806 4732 καλ⁹
854 4675 1197 4745 στοιχοῦντας
1241 4672 1698 4742 ἀναθεματίζουσι

1819 4676 2069 4729 sitionem
2102 4689 2296 4742 capere
2330 4682 2640 4743 nequeant:
2677 4673 2896 4726 demum
2923 4711 2937 4737 ,
2971 4671 3111 4740 quod
3158 4669 3386 4739 simplex

133 4777 255 4845 Δῴη
310 4776 367 4828 δὲ
417 4775 544 4843 ὑμῖν
579 4771 737 4840 χάριν
789 4770 816 4820 ὁ
866 4767 1068 4837 Κύριος
1108 4767 1200 4819 ἐπὶ
1239 4767 1422 4830 πᾶσιν,
1461 4764 1705 4835 ἀγαπητέ

1819 4767 1889 4820 sit
1916 4767 2163 4820 veritatis
2193 4766 2366 4820 oratio
2387 4807 2401 4830 ,
2449 4774 2504 4820 et
2554 4765 2776 4820 haeresis
2805 4766 2922 4818 haec
2965 4762 3247 4815 manifesta
3278 4762 3383 4825 sit,

132 4863 324 4918 τέκνα.
1813 4866 1869 4910 et
1890 4857 2152 4912 doctrinm
2175 4871 2386 4926 expers,
2419 4866 2472 4910 ct
2500 4872 2660 4926 quam
2688 4870 2822 4924 puer
2846 4853 3018 4923 possit
3046 4867 3259 4921 capere.
3287 4851 3384 4905 Cui

139 4957 288 5009 enim
322 4955 464 5008 Deus
497 4951 772 5020 loquitur,
818 4950 866 5003 ei
901 4947 1081 5003 brevis
1123 4956 1207 5001 est
1252 4961 1449 5002 sermo.
1497 4946 1560 5000 lli
1607 4965 1711 5004 non
1753 4961 1897 5004 recta
1959 4951 2239 5014 incedunt,
2268 4961 2323 5004 et
2353 4959 2500 5005 recta
2560 4951 2876 5004 incedentes
2903 4945 3384 5004 anathematizant.

143 5053 244 5105 Det
288 5057 470 5101 autem
523 5045 676 5099 vobis
719 5043 986 5099 Dominus
1035 5041 1260 5111 gratiam
1316 5042 1369 5094 in
1424 5041 1716 5106 omnibus,
1759 5042 1939 5097 dilecti
1974 5042 2090 5097 filii.

245 5158 366 5214 AZ'.
418 5187 489 5198 ——
539 5159 751 5224 Ἰωσηερ
812 5155 1261 5224 ἁρχιεπισκόπῳ
1317 5155 1622 5207 Θεσσαλο-

1865 5154 2128 5209 XXXVII.
2158 5185 2225 5196 -
2253 5154 2473 5223 Iosepho
2516 5154 2900 5220 archiepiscopo
2954 5151 3350 5206 Thessalonicae.

747 5222 940 5292 νίκηξ.
987 5222 1134 5295 [τεὴ]

1365 5357 1621 5406 Adversus
1654 5356 1854 5405 eosdem
1889 5353 2171 5401 haereticos.

1897 5477 2064 5547 Digna
2107 5474 2410 5529 humilitate
2448 5490 2512 5529 ac
2548 5473 2809 5544 sapientia
2861 5483 2949 5527 tua
2976 5511 2991 5537 ,
3037 5479 3092 5525 et
3129 5470 3390 5526 charitate

1827 5586 1950 5640 erga
1997 5583 2083 5625 me
2132 5568 2391 5622 miserum
2419 5607 2432 5632 ,
2472 5580 2536 5620 ac
2570 5565 2637 5620 de
2673 5580 2758 5619 me
2789 5579 2955 5634 supra
2984 5577 3144 5632 quam
3177 5577 3392 5616 mereor

1825 5659 2184 5714 aestimatione
2232 5666 2360 5712 sunt
2392 5672 2453 5712 ea
2491 5671 2612 5726 quae
2654 5655 2720 5710 ad
2767 5670 2854 5711 me
2895 5669 3040 5710 nunc
3087 5651 3388 5722 scripsisti;

205 5487 306 5538 Διά
345 5485 444 5553 τῆς
485 5481 986 5550 ταπεινοφροσύνης
1027 5483 1122 5534 καὶ
1154 5481 1342 5550 σοφίας
1378 5499 1494 5544 σου,
1531 5483 1640 5550 τῆς
1661 5497 1718 5533 τε

137 5578 272 5646 πρός
311 5593 374 5643 με
397 5575 490 5627 τὸν
522 5573 865 5644 ταλαίπωρον
889 5573 1129 5642 ἀγάπης,
1153 5573 1244 5624 καὶ
1272 5573 1410 5643 ὑπὲρ
1434 5571 1588 5637 ἀξίαν
1617 5587 1718 5641 μου

137 5664 524 5736 ἀποτιμήσεώς
553 5681 668 5727 σου,
689 5665 755 5717 τὰ
781 5663 874 5717 νῦν
905 5681 994 5733 μοι
1021 5663 1422 5733 ἐπεσταλμένα,
1451 5661 1719 5733 εἱλικρινῆ

210 5781 254 5812 ³³
287 5778 475 5833 Matth.
507 5794 615 5842 xw,
657 5778 738 5831 19.
821 5778 865 5810 ⁸⁸
902 5777 1060 5833 Joan.
1100 5795 1195 5846 xx,
1232 5777 1322 5832 22.
