3914 6444
522 363 657 427 1039

1704 358 1764 419 S.
1793 353 2185 415 THEODORI
2222 354 2568 415 STUDI'I‘AS

3617 350 3756 416 1040

516 478 784 531 sinceram
827 483 881 529 et
930 475 1297 543 incorruptam
1330 486 1393 526 ex
1440 470 1684 524 radiante
1736 467 1916 520 anima
1949 475 2038 521 tua
2069 504 2084 529 ,

2212 465 2284 518 ιαὶ
2313 465 2668 534 ἀσύμφυρτον
2694 459 3066 532 τηλαυγοῦντα
3093 459 3154 511 ἐκ
3190 458 3288 527 τῆς
3317 458 3642 526 φωτοειδοῧς
3673 479 3765 514 σου

519 581 600 622 ter
653 569 808 622 beate
854 566 928 620 mi
977 565 1325 634 l'ratripater,
1381 559 1738 616 diﬂ'undentia
1779 557 2086 611 veritatem.

517 660 688 725 Quam
717 658 1084 728 amplexatus,
1118 654 1315 726 gratias
1341 653 1422 723 egi
1454 651 1669 707 Christo
1694 647 1950 704 desiderii
1983 646 2090 700 mei

520 751 802 822 expletori,
828 750 1092 803 bonorum
1115 745 1360 800 omnium
1386 741 1656 812 largitori;
1689 739 1878 808 quidni
1909 738 2092 792 enim?

522 853 572 896 te
601 840 824 895 scicntia
845 837 1191 906 locupletem.
1220 834 1443 902 zeloque
1468 829 1839 892 convenienti,
1873 841 1935 881 ac
1965 838 2090 896 ger-

520 947 738 988 manum
774 936 1032 1000 praeterea
1076 925 1385 981 communis
1424 921 1601 976 Patris
1646 919 1815 973 lilium
1842 957 1856 980 ,
1895 929 2094 972 conve-

521 1023 723 1079 nientia
756 1021 912 1076 nobis
947 1016 1186 1074 minimis
1218 1023 1273 1070 et
1313 1026 1506 1082 sapere
1532 1051 1546 1075 ,
1599 1019 1655 1064 et
1689 1007 1743 1062 in
1780 1006 1959 1060 animo
1995 1004 2094 1058 ba-

522 1117 670 1170 bere.
711 1114 782 1168 At
833 1111 973 1167 belle
1018 1123 1151 1165 sane
1198 1106 1341 1169 ista,
1376 1119 1499 1159 cum
1547 1102 1600 1155 in
1651 1100 1792 1154 votis
1845 1097 2093 1160 habeam,

522 1207 648 1260 licet
675 1219 781 1258 non
812 1203 1009 1274 dignus
1039 1199 1129 1268 qui
1169 1197 1380 1261 audiar,
1414 1194 1700 1262 utriusque
1728 1187 2096 1248 concordiam,

522 1312 619 1367 per
643 1310 805 1366 quam
833 1301 889 1348 et
913 1291 1113 1347 clarius
1136 1289 1334 1344 emicat
1364 1285 1548 1341 radius
1572 1282 1820 1338 veritatis
1849 1323 1863 1346 ,
1891 1289 1946 1334 et
1975 1294 2100 1350 gra-

522 1390 659 1444 vitas
692 1388 768 1442 illi
811 1383 1212 1440 adversantium
1239 1423 1255 1447 ,
1295 1379 1382 1434 vel
1426 1376 1609 1447 potius
1648 1381 1917 1427 nocturna
1963 1370 2055 1423 lux
2083 1404 2098 1431 ,

522 1488 811 1536 enervatur
838 1517 852 1541 ,
892 1485 948 1532 et
988 1474 1231 1531 tenebris
1265 1469 1583 1526 offunditur.
1630 1465 1768 1519 Cum
1813 1472 1995 1517 autem
2044 1461 2101 1515 in

526 1569 723 1624 litteris
753 1567 1078 1638 reperissem
1121 1559 1410 1616 necessarii
1449 1556 1807 1618 divisionem;
1848 1552 2101 1621 ignosce,

525 1661 779 1732 obstupui
806 1679 818 1714 :
852 1675 962 1714 non
991 1658 1138 1712 enim
1170 1664 1252 1708 est
1281 1653 1394 1706 haec
1425 1647 1742 1709 necessarii,
1773 1644 1868 1698 sed
1891 1642 2104 1697 contin-

526 1757 716 1827 gentis,
748 1754 889 1824 quod
923 1749 1185 1805 trifariam
1209 1745 1504 1806 dividitur,
1534 1742 1587 1796 in
1623 1739 1676 1794 id
1707 1737 1849 1807 quod
1881 1734 2100 1804 saepius,

2195 555 2394 625 ψυχῆς,
2448 551 2721 623 τρισόλσιέ
2771 569 2874 622 μου
2908 551 3300 621 ἀδελφοπάτορ,
3350 549 3451 620 τὴν
3486 551 3766 621 ἀλήθειανο

2196 647 2264 714 ἣν
2299 644 2685 713 ἀσπασάμενος
2731 641 3111 712 ηὑχαρίστησα
3145 640 3223 709 τῷ
3261 639 3632 712 ἀποπληρωτῇ
3672 641 3768 708 τῆς

2198 736 2489 806 ἐπιθυμίας
2535 734 2634 804 μοῦ
2677 733 2915 802 Χριστῷ,
2941 731 3017 802 τῷ
3059 731 3165 784 τῶν
3192 730 3370 784 καλῶν
3396 731 3655 784 ἁπάντων
3685 732 3767 783 δο-

2199 826 2327 895 τῆρι
2345 841 2357 855 ·
2394 825 2490 879 καὶ
2523 825 2642 887 πῶς
2664 841 2729 892 γε
2753 823 2873 893 οὐχί
2897 839 2913 889 ;
2943 821 3193 891 γνώσεώς
3219 835 3281 874 σε
3311 821 3770 892 πεπλουτισμὲνον

2201 917 2353 979 ὄντα,
2405 916 2501 968 καὶ
2533 914 2698 984 ζήλου
2733 913 2825 967 τοῦ
2856 913 3242 984 προσήκοντος,
3275 912 3450 976 άλλως
3486 929 3546 965 τε
3587 912 3772 965 τέκνον

2203 1005 2456 1077 ἀληθινδν
2485 1003 2579 1058 τοῦ
2608 1003 2790 1058 κοινοῦ
2820 1004 3054 1075 Πατρδς,
3087 1003 3296 1074 συνῳδά
3337 1005 3470 1075 ἡμῖν
3501 1007 3616 1067 τοῖς
3651 1004 3775 1056 ἐλα-

2203 1100 2409 1169 χίστοις
2452 1097 2548 1151 καὶ
2581 1097 2797 1167 φρονεῖν
2826 1095 2920 1149 καὶ
2959 1094 3411 1149 συνδιατίθεσθαι.
3453 1094 3594 1148 Ἀλλ’
3627 1090 3686 1148 εὖ
3714 1110 3773 1161 γε

2208 1190 2306 1258 μὲν
2329 1189 2520 1243 ταῦτα·
2551 1187 2829 1242 εὐκταιότε
2840 1203 2931 1258 ρον
2951 1186 3167 1256 ἔχοντός
3196 1203 3296 1256 μου
3321 1185 3416 1238 τοῦ
3439 1185 3775 1240 ἀνακούστου

2204 1281 2304 1350 τὴν
2333 1279 2657 1351 ἀμφοτέρων
2681 1278 2990 1350 ὁμοφωνίαν
3013 1296 3026 1308 ·
3059 1278 3126 1331 δι’
3147 1277 3212 1348 ἢν
3239 1278 3272 1347 ἠ
3305 1294 3364 1330 τε
3389 1277 3490 1347 τῆς
3521 1278 3776 1348 ἀληθείας

2207 1374 2361 1436 ἀκτὶς
2401 1373 2702 1444 μαρμαίρει
2731 1372 3130 1442 λαμπρότερον,
3164 1370 3258 1426 κα)⁵
3282 1372 3314 1439 ή
3343 1370 3454 1422 τῶν
3485 1371 3776 1424 ἀντιδιατι-

2208 1463 2453 1533 θεμένων
2475 1463 2610 1532 αὐτῇ
2649 1462 2948 1531 σκολιότης,
2987 1460 3186 1528 μᾶλλον
3209 1460 3264 1512 δὲ
3296 1460 3624 1528 νυκταυγία,
3649 1461 3778 1513 ἀπο·

2209 1551 2495 1626 νευροῦταί
2542 1569 2600 1605 τε
2635 1553 2732 1606 καὶ
2766 1549 3153 1619 ἀποξοφοῦται.
3195 1549 3460 1620 Εὑρηκὼς
3495 1551 3540 1604 δ’
3569 1553 3630 1603 ἐν
3672 1553 3779 1613 τοῖς

2209 1644 2501 1714 γράμμασι
2550 1642 2650 1713 τὴν
2696 1641 2790 1695 τοῦ
2820 1641 3115 1709 ἀναγκαίου
3155 1640 3438 1710 διαίρεσιν,
3481 1639 3778 1708 σύγγνωθι,

2210 1733 2554 1804 ἀπηνεώθην.
2587 1733 2660 1786 Οὐ
2695 1732 2803 1804 γὰρ
2836 1732 2973 1802 αῦτη
3005 1732 3096 1785 ¹τοῦ
3127 1731 3444 1798 ἀναγκαίου,
3483 1732 3576 1784 τοῦ
3604 1732 3659 1784 δὲ
3693 1732 3780 1782 ἐν-

526 1817 668 1916 quod
695 1817 972 1914 aequaliter
992 1879 1008 1906 ,
1049 1847 1105 1894 ct
1135 1835 1278 1907 quod
1307 1833 1502 1888 rarius.
1545 1829 1750 1884 Prioris
1786 1835 1964 1880 autem
1991 1865 2005 1889 ,
2044 1823 2098 1876 in

2212 1824 2514 1916 δεχομένου,
2546 1823 2573 1876 ὃ
2602 1823 2856 1893 διῄρηται
2896 1821 3127 1891 τριχῶςο
3162 1820 3236 1882 εἷς
3269 1836 3328 1870 τε
3367 1819 3428 1871 τὸ
3467 1819 3564 1872 ἐπὶ
3599 1817 3778 1879 πλέον,

528 1915 766 2009 praesens
799 1943 854 1989 et
886 1932 1130 1987 futurum
1169 1947 1181 1982 :
1225 1925 1421 1980 deinde
1450 1920 1735 1993 praesentis
1764 1918 1932 1972 altera
1960 1915 2103 1969 divi-

528 2005 610 2083 sio
639 2028 692 2081 in
724 2025 1027 2094 subjectum
1069 2027 1125 2076 et
1166 2017 1559 2089 praedicatum:
1601 2026 1724 2067 cum
1765 2009 1936 2072 illud,
1976 2005 2104 2076 quia

527 2118 726 2188 saepius
753 2114 1013 2186 contingit
1039 2152 1055 2177 ,
1083 2111 1139 2165 in
1169 2108 1438 2165 exsistens
1464 2122 1477 2158 :
1513 2115 1567 2161 et
1591 2103 1732 2158 istud
1764 2103 1817 2156 in
1849 2113 2103 2156 necessa-

532 2210 672 2263 rium
694 2205 912 2266 transit,
939 2217 1046 2257 non
1073 2208 1248 2254 tamen
1272 2193 1636 2250 vicissimhoc
1659 2191 1714 2245 in
1741 2189 1895 2254 illud,
1916 2200 2107 2256 quam-

530 2301 614 2355 vis
643 2299 770 2353 inde
787 2294 1099 2352 descendat.

602 2499 720 2554 Non
749 2497 896 2553 enim
936 2495 977 2551 si
1016 2491 1145 2565 quid
1178 2493 1288 2564 jam
1321 2485 1686 2544 necessarium
1709 2526 1723 2549 ,
1760 2480 2024 2538 continuo
2055 2486 2110 2532 et

535 2593 875 2662 contingens.
909 2588 968 2642 Si
1001 2587 1129 2656 quid
1175 2592 1355 2638 autem
1385 2589 1442 2634 ut
1481 2575 1776 2648 plurimum
1805 2568 2105 2638 contingit;

534 2700 633 2755 per
664 2685 715 2738 id
737 2698 845 2753 quo
868 2679 1098 2743 exsistit,
1134 2675 1328 2730 transit
1361 2683 1753 2737 nonnunquam
1807 2666 1861 2718 in
1912 2676 2109 2717 neces-

535 2779 757 2834 sarium.
839 2777 1014 2843 Atque
1076 2771 1171 2832 ita,
1238 2764 1418 2820 omnis
1469 2763 1633 2816 homo
1705 2753 2106 2828 grammaticus,

543 2869 738 2938 aliquis
799 2867 960 2919 homo
1021 2858 1415 2932 grammaticus
1467 2871 1480 2907 :
1532 2865 1767 2922 quorum
1799 2846 1949 2917 prius
1976 2842 2099 2912 qui-

539 2937 661 3017 dem
747 2957 1087 3025 contingens,
1167 2959 1345 3022 potest
1418 2945 1564 3001 enim
1633 2939 1786 3004 ﬁeri;
1881 2937 2110 2990 alterum

540 3069 702 3118 vero,
763 3050 807 3106 si
874 3047 1035 3103 modo
1082 3052 1236 3099 actus
1303 3038 1479 3101 adsit,
1542 3033 1951 3094 necessarium;
2007 3029 2113 3080 isto

541 3153 720 3198 autem
764 3138 1053 3200 exstincto,
1102 3131 1368 3188 abscessit
1412 3136 1566 3182 actus
1621 3119 1915 3179 necessarii
1946 3137 1957 3171 :
1986 3118 2110 3184 hoc,

2204 1915 2423 1984 ἐπίσης,
2463 1914 2560 1966 καὶ
2591 1913 2676 1965 ἐπ’
2699 1913 2935 1966 ἔλαττον.
2969 1908 3075 1963 Τοῦ
3114 1909 3170 1962 δὲ
3203 1910 3491 1979 προτέρου,
3522 1910 3602 1970 εἷς
3637 1924 3693 1959 τε
3725 1908 3782 1958 τὸ

2204 2008 2402 2078 παρὸν,
2436 2008 2529 2061 καὶ
2559 2007 2814 2076 ἐσόμενον
2836 2019 2848 2032 ·
2881 2000 2999 2058 εἶτα
3037 2003 3132 2057 τοῦ
3174 2005 3443 2073 παρόντος
3484 2003 3782 2073 ἐπιδιαίρε-

2206 2116 2323 2163 σις’
2369 2101 2446 2162 είς
2501 2098 2689 2160 ἀΐδιον,
2718 2099 2812 2150 καὶ
2852 2098 2932 2159 εἰς
2975 2096 3034 2148 τὸ
3067 2096 3177 2148 ἐστ’
3214 2096 3280 2148 ἂν
3406 2095 3514 2148 Τοῦ
3565 2094 3624 2148 δέ
3667 2094 3779 2146 ἐστ’

2205 2189 2272 2245 ἂν
2303 2185 2358 2261 ἦ,
2397 2188 2768 2259 ὑποδιαίρεσις
2810 2187 2890 2250 εἰς
2935 2187 2995 2239 τὸ
3035 2186 3392 2255 ὑποκείμενον
3424 2186 3520 2241 καὶ⁵
3553 2201 3784 2254 κατηγο-

2210 2281 2511 2351 ρούμενονο
2553 2277 2646 2331 τοῦ
2679 2278 2754 2340 ὼς
2791 2276 2887 2330 ἐπὶ
2916 2275 3051 2328 πολὺ
3089 2275 3440 2345 ἐνδεχομένου
3480 2274 3784 2345 χωροῦντος

2207 2375 2285 2435 εἰς
2313 2372 2372 2425 τὸ
2396 2371 2639 2442 ὑπάρχον
2660 2386 2673 2400 ο
2703 2368 2796 2421 τοῦ
2821 2368 2899 2434 δὲ,
2931 2369 3012 2430 είς
3047 2367 3104 2420 τὸ
3127 2368 3444 2436 ἀναγκαῖον.

2280 2481 2355 2533 Οὐ
2391 2480 2495 2550 μὴν
2526 2476 2994 2548 ἀντιστρέφοντος,
3031 2477 3080 2530 εί
3111 2477 3202 2530 καὶ
3243 2476 3451 2529 ἐκεῖθεν
3485 2474 3783 2536 κατιόντος

2209 2575 2268 2628 οὐ
2313 2574 2421 2646 γὰρ
2475 2573 2528 2626 εῐ
2571 2590 2625 2625 τι
2664 2572 2956 2640 ἀναγκαῖον
2986 2573 3084 2643 ἤδη
3116 2573 3207 2626 καὶ
3229 2571 3614 2640 ἐνδεχόμενονο
3649 2568 3702 2621 εῐ
3735 2587 3784 2622 τι

2209 2666 2266 2719 δὲ
2293 2665 2353 2717 τὸ
2375 2666 2451 2728 ὼς
2481 2664 2576 2717 ἐπὶ
2604 2664 2738 2717 πολὺ
2765 2663 3134 2734 ἐνδεχόμενον,
3161 2661 3345 2714 ὁδεῦον
3375 2662 3462 2714 διά
3499 2662 3668 2730 μέσου
3694 2662 3782 2714 τοῦ

2213 2757 2572 2828 ὑπάρχοντος,
2609 2755 2716 2808 ἐστ’
2750 2756 2815 2808 ἂν
2909 2756 3223 2822 ἀναγκαῖον.
3255 2754 3366 2806 Καὶ
3401 2755 3532 2821 γοῦν
3561 2755 3671 2816 πᾶς
3697 2752 3785 2805 άν-

2213 2849 2429 2918 θρωπος
2469 2846 2872 2918 γραμματικὸς,
2905 2844 2998 2897 καὶ
3026 2845 3108 2907 τίς
3138 2844 3426 2914 ἅνθρωπος
3467 2861 3787 2914 γραμματι-

2213 2937 2327 3000 κός.
2369 2937 2530 2990 Ἀλλά
2554 2938 2614 2990 τὸ
2646 2939 2742 3006 μὲν
2767 2935 2981 3005 πρῶτον
3016 2933 3363 3004 ἐνδεχόμενον
3383 2951 3396 2965 ⁸
3434 2933 3661 2986 δυνατὸν
3683 2937 3787 3003 γὰρ

2214 3027 2498 3094 γενέσθαι’
2532 3026 2593 3078 τὸ
2637 3025 2692 3077 δὲ
2738 3023 2984 3093 δεύτερον
3040 3024 3355 3091 ἀναγκαῖον,
3397 3023 3484 3076 ἐπ’
3523 3023 3590 3076 ἂν
3642 3023 3789 3077 ἔστιν

2217 3119 2489 3188 ἐνέργεια·
2529 3111 2589 3170 οῦ
2619 3116 2889 3180 θανέντος,
2918 3115 3126 3186 ἀπέστη
3158 3120 3189 3187 ή
3237 3115 3374 3169 κατά
3402 3116 3460 3168 τὸ
3491 3115 3790 3182 ἀναγκαῖον

541 3236 788 3303 inquam,
828 3240 912 3286 est
939 3229 985 3284 si
1015 3227 1104 3298 sit,
1135 3225 1390 3280 videlicet
1426 3218 1666 3289 quandiu
1714 3224 1831 3276 cst;
1884 3212 2103 3265 alterum

2217 3210 2484 3303 ἒιέργεια.
2514 3206 2684 3261 Τοῦτό
2716 3223 2900 3277 φησιν,
2925 3207 3037 3261 ἐστ’
3063 3208 3127 3261 ἂν
3157 3205 3212 3278 ᾖ,
3244 3207 3303 3260 τὸ
3332 3208 3436 3269 ἕως
3467 3207 3534 3260 ἂν
3563 3202 3621 3279 ᾖ,
3649 3208 3788 3278 ἤτοι.

540 3344 672 3384 vero
704 3327 758 3380 in
796 3339 861 3379 eo
882 3321 1026 3392 quod
1059 3328 1145 3374 est
1181 3329 1456 3384 nunquam
1488 3310 1728 3366 variatur
1759 3323 1772 3359 :
1806 3300 2112 3374 cujusmodi

541 3424 670 3471 sunt
722 3422 946 3476 aeterna,
1003 3407 1229 3478 angelus
1270 3413 1324 3458 et
1353 3401 1554 3456 anima.
1608 3396 1762 3464 Quod
1803 3409 1935 3464 ergo
1965 3405 2113 3460 quae-

544 3507 763 3562 rebatur
787 3504 898 3572 jam
932 3510 1220 3556 tenemus:
1257 3505 1317 3550 ut
1347 3492 1437 3564 qui
1482 3505 1609 3546 reus
1651 3497 1734 3544 est
1773 3484 1999 3542 canonis
2045 3482 2112 3536 de

542 3595 1129 3668 contingenti,pcenam
1146 3588 1419 3644 interdum
1449 3591 1669 3655 pr0pter
1689 3581 1848 3636 aliam
1876 3576 2112 3634 hominis

546 3685 952 3754 improbitatem
983 3680 1248 3736 sustineat
1277 3677 1394 3747 ejus
1423 3676 1513 3745 qui
1548 3683 1631 3729 est
1661 3673 1727 3727 de
1757 3668 2064 3726 necessario
2096 3684 2110 3732 ;

542 3789 598 3832 at
639 3792 747 3830 non
795 3774 886 3829 hic
919 3773 1159 3827 vicissim
1211 3770 1331 3839 ejus
1360 3767 1450 3836 qui
1481 3766 1547 3820 de
1577 3760 1933 3832 contingenti.
1968 3757 2112 3813 Fieri

542 3869 685 3923 enim
717 3881 825 3920 non
861 3871 1060 3934 potest,
1097 3875 1218 3915 cum
1274 3856 1596 3926 aequivaleat
1624 3853 1732 3918 jam
1767 3849 2108 3921 impossibili,

542 3971 701 4011 omne
735 3954 999 4023 siquidem
1038 3949 1182 4020 quod
1207 3945 1559 4017 impossibile,
1588 3943 1730 3998 idem
1757 3957 1852 4012 per
1881 3953 2109 3995 convcr-

541 4047 749 4099 sionem
778 4040 1144 4096 necessarium
1171 4048 1255 4094 est
1287 4055 1298 4090 :
1333 4035 1605 4106 quomodo
1631 4031 2002 4087 necessarium
2027 4038 2111 4084 est

541 4137 708 4190 solem
741 4137 944 4195 lucere,
997 4131 1091 4185 sed
1139 4138 1194 4183 et
1246 4126 1582 4198 impossibile
1614 4133 1699 4179 est
1747 4138 1855 4176 non
1904 4122 2105 4176 lucere.

540 4228 692 4294 Quod
723 4240 851 4280 vero
868 4222 1122 4278 sanctitas
1145 4230 1234 4276 tua
1258 4220 1389 4274 dicit
1416 4215 1706 4287 aliquando
1735 4229 1842 4267 non
1869 4212 2104 4267 luxisse:

542 4319 728 4387 utique
758 4317 810 4370 in
836 4312 1090 4368 Passione
1117 4310 1341 4378 Christi,
1380 4325 1505 4364 nam
1538 4309 1604 4363 de
1633 4314 1793 4362 nocte
1829 4303 1974 4358 haud
1998 4300 2110 4356 scio

541 4425 648 4480 quo
679 4418 854 4478 pacto.
889 4406 1016 4464 llaec
1045 4421 1209 4476 porro
1234 4412 1361 4458 sunt
1389 4401 1652 4473 prodigia,
1687 4414 1793 4452 non
1829 4402 2107 4457 consueta,

543 4518 642 4557 nec
676 4500 976 4571 regularia;
1013 4499 1107 4553 sed
1141 4497 1223 4552 vel
1269 4510 1450 4565 supra,
1488 4493 1570 4546 vel
1605 4499 1798 4561 praeter
1828 4497 2105 4541 naturam:

2219 3299 2291 3351 Τὸ
2338 3298 2394 3350 δέ
2438 3298 2644 3369 ἕτερον,
2676 3298 2736 3352 τὸ
2773 3298 2982 3369 μήποτε
3013 3297 3158 3352 τοῦθ’
3182 3298 3318 3368 ὅπερ
3350 3299 3500 3350 ἐστὶν
3541 3298 3790 3352 ἀλλοιούο

2221 3406 2380 3458 μενον
2402 3405 2414 3418 ·
2445 3385 2533 3443 οἷα
2560 3388 2629 3442 τά
2652 3390 2820 3452 ἀῖδια,
2862 3389 3089 3458 ἄγγελος
3117 3389 3211 3442 καὶ
3239 3389 3406 3460 ψυχή.
3436 3390 3544 3444 Καί
3572 3408 3638 3459 γε
3671 3391 3789 3463 ἔχο-

2221 3497 2320 3549 μεν
2342 3479 2402 3533 τὸ
2428 3480 2757 3552 ζητούμενον
2781 3499 2793 3512 ·
2827 3481 2965 3534 ὥστε
2987 3480 3076 3533 τὸν
3105 3481 3298 3534 ἁλόντα
3327 3482 3664 3554 ἐνδεχομένῳ
3691 3502 3792 3538 κα·

2217 3569 2349 3633 νόνι,
2384 3569 2666 3624 πείσεσθαι
2698 3570 2845 3623 ἐστιν
2876 3570 2963 3622 ὅτε
3010 3569 3098 3623 διά
3131 3570 3232 3641 τὴν
3259 3569 3352 3623 τοῦ
3397 3571 3591 3641 ἀνδρὸς
3625 3572 3790 3641 ἀλλην

2220 3660 2542 3732 μοχθηρίαν,
2571 3662 2639 3716 τὰ
2665 3660 2758 3715 τοῦ
2782 3659 2920 3713 κατά
2948 3660 3009 3714 τὸ
3035 3663 3328 3729 ἀναγκαῖον
3355 3663 3608 3732 κειμένου
3631 3678 3646 3691 ·
3679 3664 3789 3718 ἀλλ’

2216 3754 2336 3824 οὐχὶ
2386 3754 2537 3807 τοῦδε
2577 3753 2644 3806 τά
2672 3751 2764 3805 τοῦ
2789 3751 2930 3806 κατά
2963 3755 3024 3806 τὺ
3055 3753 3423 3824 ἐνδεχόμενον.
3454 3755 3531 3808 Οὐ
3559 3754 3671 3826 γὰρ
3710 3757 3790 3808 ἐν·

2216 3844 2462 3914 δέχεται·
2508 3843 2920 3915 ίσορῤοποῦντος
2972 3845 3072 3916 ἤδη
3120 3845 3199 3916 τῷ
3233 3846 3497 3917 ἀδυνάτῳ.
3535 3848 3654 3901 Πᾶν
3685 3849 3786 3918 γάρ

2215 3933 2244 3986 δ
2287 3934 2564 4000 ἀδύνατον,
2612 3934 3107 4006 ἁντεστραμμένως
3151 3936 3245 3988 καὶ
3290 3937 3627 4005 ἀναγκαῖοντ
3677 3934 3788 3992 οἷον

2217 4025 2510 4093 ἀναγκαῖον
2538 4025 2630 4078 τὸν
2654 4024 2804 4095 ἥλιον
2834 4025 3073 4095 λάμπειν
3094 4041 3107 4056 ·
3133 4025 3270 4080 ἀλλά
3297 4028 3391 4081 καὶ
3420 4028 3688 4084 ἀδύνατον
3714 4031 3785 4100 μὴ

2215 4116 2472 4187 ).ἀμπειν.
2509 4116 2580 4169 Τὸ
2613 4117 2669 4170 δὲ
2710 4117 2871 4185 φάναι
2912 4117 3010 4188 τὴν
3049 4118 3358 4189 ἁγιωσύνην
3395 4119 3489 4174 σού
3532 4138 3667 4175 ποτε
3713 4123 3784 4192 μὴ

2213 4209 2458 4280 λάμψαι·
2505 4210 2720 4272 πάντως
2763 4209 2855 4262 ἐπὶ
2895 4209 2988 4262 τοῦ
3033 4211 3238 4274 πάθους
3268 4210 3361 4265 τοῦ
3400 4213 3661 4284 Χριστοῦ.
3701 4215 3786 4268 Ἐν

2217 4303 2373 4356 νυκτὶ
2401 4302 2506 4371 γάρ
2551 4303 2650 4355 οὐκ
2678 4299 2776 4355 οἶδ’
2802 4303 2969 4366 ὅπως.
2997 4303 3180 4356 Ταῦτα
3210 4303 3266 4357 δέ
3297 4303 3517 4374 τέρατα,
3553 4307 3651 4358 καὶ
3687 4308 3786 4361 οὐκ

2217 4395 2436 4464 ἔννομα,
2494 4393 2612 4447 οὐδὲ
2661 4393 2965 4461 ἐγκάνοναοο
3021 4394 3134 4447 ἀλλ’
3167 4395 3304 4465 ὺπέρ
3336 4395 3584 4466 φύσιν,ῆ
3635 4400 3786 4468 παρὰ

2217 4487 2376 4555 φύσιν
2401 4502 2413 4515 ·
2459 4487 2548 4537 καὶ
2587 4487 2644 4538 τὸ
2693 4485 2790 4554 μὲν
2819 4485 3030 4555 πρῶτον
3055 4485 3203 4555 δηλοῖ
3235 4487 3266 4557 ἡ
3301 4486 3538 4556 Χριστοῦ
3583 4490 3788 4541 οίκονα-

541 4609 772 4663 quorum
809 4592 1039 4645 alterum
1085 4587 1326 4642 declarat
1353 4584 1554 4638 Christi
1607 4559 1905 4634 incarnatio
1937 4593 1947 4627 :
1980 4575 2103 4628 alte-

2220 4578 2315 4646 μία
2343 4594 2354 4607 ·
2386 4577 2445 4627 τὸ
2473 4575 2525 4626 δὲ
2563 4576 2831 4645 δεύτερον,
2860 4578 2893 4644 ἡ
2926 4575 3020 4628 νῦν
3051 4577 3388 4646 παρανομία,
3421 4577 3662 4646 μάλιστα
3687 4583 3785 4633 οὐκ

542 4703 658 4740 rum
694 4698 931 4754 prasens
971 4680 1243 4749 iniquitas,
1275 4691 1383 4730 non
1413 4676 1465 4728 in
1503 4673 1683 4726 abdito
1717 4684 1817 4723 nec
1849 4669 1900 4720 in
1934 4677 2110 4720 trans-

541 4790 702 4831 cursu
735 4773 893 4836 facta,
924 4770 1018 4824 sed
1058 4768 1231 4838 palam
1263 4773 1424 4834 atque
1456 4763 1507 4815 in
1540 4761 1673 4831 legis
1698 4770 1922 4812 .morem
1976 4767 2109 4807 con-

543 4870 773 4929 ﬁrmata,
801 4863 975 4933 quoad
1006 4863 1056 4915 in
1090 4861 1202 4929 ipsa
1234 4858 1353 4921 fuit,
1374 4871 1470 4926 per
1487 4852 1794 4924 synodicam
1817 4847 2108 4905 actionem,

543 4971 840 5024 eorumque
888 4954 977 5024 qui
1013 4968 1109 5022 pro
1156 4950 1383 5005 veritate
1431 4954 1694 5017 pugnant,
1725 4939 2107 5011 relegationem

541 5061 794 5118 tanquam
844 5048 894 5098 in
925 5045 1099 5113 aliqua
1153 5043 1455 5096 divinorum
1489 5051 1758 5092 canonum
1793 5043 2098 5100 transgres-

542 5142 712 5203 sione,
733 5147 842 5201 aut,
864 5145 923 5190 ut
950 5136 1130 5189 verius
1160 5134 1355 5196 dicam,
1389 5129 1534 5201 gravi
1558 5128 1859 5194 infestaque
1887 5119 2100 5176 hmresi.

611 5228 653 5282 Ο
689 5226 1152 5296 praevaricantium
1185 5223 1498 5279 audaciam!
1555 5219 1749 5286 quibus
1799 5222 1997 5283 quanta
2037 5212 2108 5264 ob

543 5319 846 5374 divinarum
889 5319 1086 5386 legum,
1119 5315 1200 5367 vel
1235 5313 1411 5382 potius
1431 5309 1699 5378 Evangelii
1727 5317 2104 5370 canonumque

542 5405 713 5461 ferme
748 5407 990 5460 omnium
1021 5410 1389 5470 contemptum
1437 5414 1594 5467 paena
1640 5396 1951 5465 impendet;
1993 5402 2105 5446 tan-

542 5507 654 5550 tum
692 5496 982 5548 humilibus
1011 5494 1167 5547 nobis
1197 5490 1472 5560 impendet
1503 5488 1820 5556 periculum,
1877 5487 1921 5538 si
1971 5483 2101 5552 quid

541 5587 607 5640 de
637 5583 811 5639 olIicio
843 5582 1286 5638 subtraxerimus.
1313 5579 1568 5644 Qutenam
1600 5585 1778 5628 autem
1827 5574 2105 5643 dispensa-

535 5675 614 5727 tio
642 5689 760 5728 esse
785 5683 1088 5741 queaterga
1127 5686 1218 5725 eos
1245 5670 1335 5738 qui
1364 5683 1485 5722 cum
1519 5666 1747 5719 adulteri
1788 5667 2102 5734 copulatore

542 5764 846 5820 sacriﬁcant
872 5805 886 5830 ,
927 5764 1126 5832 quique
1169 5761 1414 5815 adulterii
1459 5756 1840 5813 conﬁrmatrici
1900 5757 2102 5826 synodo

2208 4671 2266 4720 ὲν
2293 4667 2586 4737 ἀποδύστῳ
2619 4669 2713 4719 καὶ
2734 4667 2807 4728 ὡς
2839 4669 2895 4719 ἐν
2939 4668 3294 4743 παρεκδρομῇ
3343 4670 3635 4740 γενομένη,
3669 4673 3785 4725 ἀλλ’

2207 4757 2460 4826 ἐμφανῶς
2496 4758 2590 4808 καὶ
2634 4757 2713 4819 εἰς
2741 4757 2904 4826 νόμον
2935 4757 3298 4828 κρατυνθεῑσα
3336 4758 3397 4811 τὸ
3436 4760 3558 4812 καθ’
3588 4763 3782 4832 αὐτὴν,

2207 4848 2293 4900 διὰ
2321 4849 2422 4916 τῆς
2447 4846 2728 4916 συνοδικῆς
2762 4847 3015 4917 πράξεως
3039 4864 3054 4879 θ
3093 4849 3189 4902 καὶ
3221 4851 3320 4918 τῆς
3348 4850 3457 4902 τῶν
3485 4851 3627 4923 ὑπὲρ
3656 4855 3785 4918 ἀλη-

2210 4935 2360 4997 θείας
2387 4934 2751 5003 ἐνισταμένων
2775 4933 3080 5004 ἐξορίσεως,
3104 4936 3178 5000 ὼς
3195 4938 3284 4990 ἐπί
3309 4955 3453 5001 τινος
3473 4939 3786 4993 τούναντίον

2209 5027 2367 5079 θείων
2395 5027 2629 5078 κανόνων
2658 5026 3042 5096 παραϐάσεως,
3075 5027 3475 5099 τάληθέστερον
3499 5028 3556 5081 δὲ
3584 5031 3778 5096 εἰπεῖν,

2214 5117 2474 5186 στιϐαρᾶς
2509 5120 2603 5170 καὶ
2634 5119 2877 5188 πονηρᾶς
2906 5119 3184 5188 αἱρέσεως.

2288 5209 2349 5258 Ὢ
2379 5207 2476 5272 τῆς
2504 5208 2706 5276 τόλμης
2737 5208 2844 5260 τῶν
2878 5209 3194 5279 δρασάντων
3219 5211 3231 5262 l
3265 5205 3344 5272 οἷς
3373 5212 3497 5263 ὅσον
3529 5212 3585 5263 τὸ
3612 5216 3783 5266 κατά-

2210 5315 2382 5368 κριμα
2414 5302 2510 5366 τῆς
2540 5299 2647 5351 τῶν
2683 5299 2841 5353 θείων
2868 5300 3068 5369 νόμων,
3102 5301 3299 5370 μᾶλλον
3330 5301 3386 5354 δὲ
3419 5301 3511 5354 τοῦ
3545 5303 3782 5372 Εὐαγγεο

2208 5390 2318 5441 λίου
2385 5391 2478 5441 καὶ
2545 5391 2760 5443 πάντων
2828 5392 3012 5460 σχεδὸν
3079 5392 3316 5444 κανόνων
3365 5392 3776 5463 καθυϐρὶσεως·

2206 5481 2456 5535 τοσοῦτον
2487 5484 2617 5552 ἡμῖν
2650 5485 2760 5545 τοῖς
2786 5483 3414 5546 ταπεινοῖςέπικίνδυνον
3443 5484 3776 5553 καθυφιοῦσί

2206 5592 2256 5626 τι
2283 5573 2374 5627 τοῦ
2417 5574 2733 5645 πρέποντος.
2772 5575 2892 5636 Πῶς
2939 5576 2981 5626 δ’
3013 5574 3077 5628 ἂν
3112 5575 3197 5644 εἴη
3245 5573 3522 5646 οἰκονομία
3573 5579 3632 5628 ἐν
3673 5581 3779 5640 τοῖς

2212 5667 2677 5737 συλλειτουργοῦσι
2709 5667 2787 5736 τῷ
2816 5667 3197 5740 μοιχοζεύκτῃ,
3221 5669 3312 5720 καὶ
3343 5668 3652 5738 προάρξασι
3685 5671 3777 5735 τῆς

2212 5758 2610 5829 μοιχοκυρώτου
2665 5759 2917 5826 συνόδου,
2951 5759 3025 5821 ὡς
3066 5761 3093 5810 ὁ
3141 5759 3279 5821 θείος
3320 5760 3422 5830 ἔφη
3461 5759 3738 5822 Βασίλειος
3760 5777 3773 5821 ς
