3914 6480
163 450 291 512 1041

1375 455 1912 519 EPISTOLARUM
1952 460 2099 522 LIB.
2124 463 2173 519 Ι.

3297 464 3439 530 1042

155 567 294 638 Φησὶ
330 567 460 638 γὰρ,
499 565 761 631 πολλάκις
785 567 881 622 καὶ
907 567 1031 631 τοὺς
1059 569 1172 631 τοῖς
1201 569 1598 634 ἀνυποτάκτοις
1625 589 1731 626 συν‹

1854 573 2219 643 prtefuerunt,
2260 584 2320 628 ut
2373 575 2589 631 divinus
2644 569 2721 632 ait
2754 576 3022 635 Basilius?
3077 580 3209 637 Dicit
3263 584 3431 650 enim,

155 662 519 726 ἀπελθόντας,
571 663 659 717 ἐπ’
697 662 764 716 ἂν
810 661 1280 732 μεταμεληθῶσιν,
1313 664 1391 726 είς
1436 663 1535 734 τὴν
1576 664 1746 737 αὐτὴν

153 755 520 825 ἀποδέχεσθαι
559 755 736 822 τάξιν,
768 755 884 808 ἀλλ’
917 754 979 806 οὐ
1030 755 1162 823 παρ’
1196 755 1384 824 ἡμῶνο
1419 757 1580 827 εἰπερ
1613 758 1746 811 ποτὲ

154 849 248 902 καὶ
273 850 594 918 μεταγνοῖεν
611 863 625 878 ο
653 848 805 919 παρά
829 847 886 900 δὲ
919 845 1029 900 τῶν
1055 845 1446 918 [ίσ]οστασίων,
1465 847 1541 910 ὡς
1557 852 1585 903 ό
1607 849 1747 913 θεῖος

151 942 259 1010 ἔφη
300 941 597 1005 Διονύσιος.
630 942 712 996 Τά
739 941 911 995 πλείω
948 940 1154 1011 ἀφίημι
1203 944 1270 1012 τῇ
1305 942 1519 996 συνέσει
1549 961 1643 997 σου
1676 946 1747 997 le-

153 1032 265 1101 ρῶς
299 1033 560 1106 ίσχυούσῃ
583 1033 910 1088 ἐποπτεύειν
937 1033 1005 1085 τὰ
1045 1033 1196 1102 ἡμᾶς
1221 1031 1575 1090 λανθάνοντα.
1608 1033 1747 1099 Δόξα

150 1123 274 1192 Θεῷ
324 1124 418 1176 ἐπὶ
467 1126 534 1195 τῇ
585 1125 696 1179 τῶν
727 1123 974 1192 ἀδελφῶν
1009 1122 1294 1185 ἀπολύσει,
1326 1124 1484 1194 εῐπερ
1519 1124 1741 1193 ἀληθές.

151 1215 291 1279 Δόξα
333 1215 451 1287 Θεῷ
490 1218 584 1269 καὶ
628 1217 758 1288 περὶ
800 1216 900 1286 τῆς
937 1215 1182 1268 θεοδότου
1215 1232 1330 1278 σου,
1370 1215 1566 1284 ἀδελφέ
1618 1234 1742 1286 μου,

150 1307 477 1377 καρτερίας,
515 1309 572 1361 ὲν
621 1310 735 1371 τοῖς
776 1307 884 1361 τῶν
912 1306 1098 1361 αὐτόθι
1133 1307 1389 1376 σκληροῖς
1426 1307 1519 1360 καὶ
1549 1308 1742 1378 ἀπεριο

147 1400 384 1470 τμήτοις
429 1397 507 1469 τῷ
556 1399 827 1470 πνεύματι
869 1399 1195 1470 κεντήμασι.
1239 1398 1485 1469 Χαρίζου
1523 1417 1614 1468 μοι
1645 1401 1745 1469 τὴν

149 1489 330 1540 είσαεὶ
355 1487 684 1559 ὑπόμνησιν,
714 1487 1097 1559 νηφαλεοῦσάν
1132 1505 1199 1559 με
1242 1487 1334 1542 τὸν
1365 1488 1701 1555 νυστάξοντα
1727 1506 1740 1520 ο

147 1579 269 1635 εἶτα
329 1581 423 1634 καὶ
476 1581 571 1635 νῦν
630 1582 784 1655 ίεράν
841 1581 1150 1652 προσευχὴν
1193 1580 1334 1635 πάνυ
1367 1580 1608 1640 πάντων.
1645 1580 1742 1634 τοῦ

144 1674 202 1726 δὲ
254 1674 471 1744 Πατρὸς
521 1673 682 1744 ἡμῶν
733 1676 830 1728 καὶ
871 1674 966 1728 σοῦ
1021 1674 1408 1744 διαφερόντως,
1465 1672 1741 1744 χρῄζοντι.

144 1765 468 1838 Μεμάθηκα
499 1768 860 1838 πεποιηκέναι
907 1785 968 1821 σε
1013 1766 1200 1838 χάριτι
1243 1763 1482 1836 Χριστοῦ
1523 1763 1744 1835 πόνημά

143 1875 236 1912 τι·
293 1861 410 1928 καὶ,
452 1862 502 1914 εί
547 1861 814 1926 κελεύεις,
861 1859 1244 1929 ἀναγνώσαιμι
1299 1855 1430 1910 αὐτὸ
1479 1851 1740 1925 ἐπ’ὠφε-

147 1952 298 2024 λείᾳ.

543 2070 675 2124 Aﬂ'.
699 2098 767 2109 —
796 2065 1074 2136 Ἆρσενίῳ
1105 2065 1314 2132 τέκνῳ.
1359 2063 1507 2138 [pot]

1849 681 1993 736 saepe
2046 666 2166 722 illos
2208 667 2371 722 etiam
2407 669 2500 737 qui
2550 670 2603 723 in
2631 670 3014 727 obedientibus
3063 675 3434 742 adhaeserunt,

1849 766 2136 827 postquam
2166 772 2261 812 eos
2287 758 2622 827 ptenituerit,
2662 762 2714 814 in
2754 763 3005 817 eumdem
3037 765 3260 835 gradum
3293 767 3433 820 reci-

1850 847 2060 916 pit,sed
2093 862 2434 918 nequaquam
2471 865 2499 903 a
2529 850 2708 916 nobis,
2739 851 2784 906 si
2811 853 2971 907 modo
3007 869 3245 922 unquam
3278 869 3432 907 erro-

1848 953 1962 991 rem
1994 949 2311 1009 agnoscent.
2339 956 2528 996 verum
2562 957 2591 995 a
2621 944 3000 1013 comparibus,
3028 954 3086 998 ut
3112 946 3188 999 ait
3219 945 3445 1000 divinus

1847 1029 2159 1101 Dionysius.
2215 1032 2422 1087 Caetera
2465 1033 2716 1103 relinquo
2772 1036 3078 1105 prudentia:
3130 1046 3266 1100 tuae,
3313 1053 3434 1107 qum

1847 1129 2026 1190 potest
2055 1121 2219 1177 etiam
2250 1139 2312 1177 ea
2344 1140 2464 1192 quae
2509 1140 2609 1179 nos
2641 1125 2829 1191 latent,
2863 1137 3052 1183 sancte
3097 1128 3430 1198 perSpicere.

1847 1211 1992 1266 Laus
2025 1213 2134 1266 Deo
2167 1223 2224 1269 et
2254 1215 2324 1268 de
2358 1215 2587 1269 fratrum
2624 1216 2967 1282 liberatione,
3012 1218 3057 1272 si
3097 1235 3283 1274 verum
3327 1230 3430 1275 est.

1848 1302 1990 1357 Laus
2026 1303 2137 1358 Deo
2173 1314 2229 1359 ct
2255 1305 2323 1360 de
2357 1313 2470 1370 tua,
2509 1307 2580 1360 mi
2618 1307 2784 1362 frater
2805 1348 2819 1371 ,
2851 1308 3112 1364 divinitus
3144 1309 3268 1364 data
3303 1325 3428 1364 con-

1848 1399 2070 1464 stantia,
2103 1399 2158 1453 in
2188 1399 2339 1455 duris
2380 1411 2434 1455 et
2473 1402 2869 1457 incircumcisis
2907 1404 3101 1471 spiritu
3151 1405 3431 1459 hominum

1848 1491 2077 1546 istorum
2110 1491 2364 1547 stimulis.
2406 1491 2625 1564 Largire
2667 1494 2800 1547 mihi
2846 1505 3161 1564 perpetuam
3191 1496 3434 1550 admoni-

1847 1583 2072 1647 tionem,
2105 1599 2226 1653 quae
2253 1599 2340 1638 me
2362 1584 2748 1638 dormitantem
2780 1585 3209 1655 expergefaciat;
3237 1588 3431 1643 deinde

1845 1684 1899 1728 et
1923 1691 2070 1729 nunc
2103 1690 2284 1730 sacras
2309 1690 2502 1745 preces
2543 1677 2790 1730 omnium
2838 1692 3091 1746 prorsus,
3132 1682 3226 1733 sed
3256 1677 3433 1735 Patris

1845 1766 2015 1820 nostri
2047 1775 2103 1821 et
2143 1776 2264 1822 tuas
2310 1767 2676 1838 potissimum,
2728 1769 3015 1841 indigenti.
3049 1769 3220 1826 Didici
3255 1781 3307 1826 te
3335 1787 3433 1842 per

1842 1855 2046 1913 Christi
2095 1859 2321 1929 gratiam
2370 1874 2509 1929 cpus
2561 1860 2780 1929 aliquod
2823 1861 3173 1927 elaborasse;
3232 1863 3337 1928 fac,
3384 1866 3432 1920 si

1758 1939 1817 1994 Β
1849 1949 2046 2020 placet,
2082 1959 2141 2004 ut
2169 1965 2293 2005 cum
2324 1949 2558 2004 utilitate
2583 1951 2778 2022 legam.

2240 2062 2532 2119 XXXVIII.
2560 2095 2629 2106 —
2660 2065 2875 2120 Arsem'o
2917 2067 3046 2136 ﬁlio.

744 2183 921 2235 Scelus
944 2180 1146 2234 nomine
1177 2182 1560 2245 dispensationis
1586 2185 1924 2243 pratexentes
1955 2179 2161 2231 refellit.
2196 2179 2396 2244 (Baron.
2432 2195 2512 2232 an.
2548 2181 2659 2240 787,
2688 2194 2734 2230 ο.
2770 2183 2872 2244 58.)

227 2289 450 2344 Ἡλίκον
479 2288 685 2360 ὲχάρην
708 2288 801 2342 καὶ
821 2287 1010 2354 τανῦν,
1037 2285 1305 2358 ἀναγνούς
1339 2305 1433 2342 σου
1466 2288 1536 2343 τὰ
1557 2287 1740 2360 γράμ-

145 2399 320 2452 ματα,
385 2381 573 2436 τέκνον
643 2378 1056 2434 ποθεινότατον·
1121 2380 1182 2433 οὐ
1242 2379 1498 2434 τοσοῦτον
1555 2382 1614 2434 ὲν
1668 2382 1736 2450 τῇ

141 2472 486 2544 ἀνεῳχθείσῃ
519 2489 602 2526 σοι
631 2472 831 2541 μᾶλλον
863 2471 1005 2543 θύρᾳ
1034 2471 1136 2540 τῆς
1168 2470 1304 2542 πρὸς
1329 2472 1591 2541 ἀδελφοὺς
1618 2489 1738 2526 συν-

139 2566 338 2635 τυχίας
404 2566 452 2616 εί
481 2564 574 2616 καὶ
603 2564 740 2632 αὑτὴ
770 2563 1033 2616 εὐκταία’
1078 2563 1200 2615 ὅσον
1228 2562 1319 2615 ἐπὶ
1348 2565 1413 2632 τῇ
1440 2562 1541 2632 τῆς
1567 2562 1738 2630 γλώτ-

140 2674 242 2726 της
268 2654 520 2725 εύχάριτι
542 2654 699 2718 Θεοῦ,
722 2654 788 2706 δι’
809 2647 876 2723 ἧς
902 2653 1100 2716 κλείεις
1121 2653 1187 2706 τά
1211 2653 1470 2706 ἀπύλωτα
1492 2653 1736 2723 στόματα

146 2747 257 2800 τῶν
288 2745 695 2816 αἱρετιζόντων.
736 2744 1005 2815 Προσθείη
1056 2762 1139 2798 σοι
1181 2745 1472 2816 τοιγαροῦν
1518 2745 1737 2797 £1:th-

155 2857 270 2908 ριος
313 2838 471 2905 λόγον
509 2835 758 2906 γνώσεώς
806 2853 867 2888 τε
908 2836 1008 2889 καὶ
1051 2837 1263 2906 σοφίας,
1295 2837 1736 2907 διακατελὲγχειν

149 2931 278 2991 τοῦς
308 2929 409 2998 τῆς
459 2928 742 2991 εὐσεϐείας
774 2925 1270 2998 προ[σ]ασπιστάςο
1301 2930 1377 2991 ὡς
1415 2929 1479 2982 ἂν
1509 2929 1618 2994 ἕξει
1652 2946 1735 2982 σοι

144 3019 201 3075 εὖ
238 3021 390 3092 μάλα
415 3020 494 3090 τῷ
523 3020 652 3090 θείῳ
683 3020 844 3073 Δαυῒδ
876 3020 1215 3089 συμψάλλειν
1243 3038 1254 3049 ·
1281 3020 1352 3074 Τὸ
1387 3023 1582 3090 στόμα
1612 3039 1732 3091 μου

139 3114 383 3183 ἤνοιξα,
433 3113 531 3168 καὶ
572 3113 832 3166 εἵλκυσα
881 3112 1151 3182 πνεῦμα·
1199 3113 1288 3166 ὅτι
1335 3114 1442 3179 τὰς
1480 3114 1734 3180 ἐντολάς

139 3227 258 3263 σου
322 3208 436 3261 οὐκ
493 3207 894 3275 ἐπελαθόμην.
952 3206 1087 3258 Καθ’
1127 3200 1202 3260 ὧν
1261 3206 1626 3278 λυττήσαντες
1683 3209 1732 3261 οί

139 3300 642 3371 λἸοιχειανίζοντες,
673 3298 849 3351 ἐκεῖνό
880 3315 996 3361 πως
1022 3297 1082 3350 τὸ
1106 3298 1380 3367 Γραφικδν
1417 3300 1599 3361 αὐτοῖς
1620 3301 1731 3363 τοῖς

140 3395 324 3459 ἔογοις
365 3391 697 3460 φθέγγονται
722 3405 736 3420 ·
783 3387 1039 3443 Ἀπόστα
1067 3390 1168 3442 ἀπ’
1193 3389 1360 3458 ἐμοῦ,
1405 3391 1584 3456 ὁδούς
1614 3407 1728 3445 σου

138 3484 365 3538 εἰδέναι
395 3483 468 3536 οὺ
503 3482 827 3548 βούλομαι.
867 3481 926 3533 Εἰ
956 3481 1063 3550 γὰρ
1101 3481 1339 3550 ᾔδεισαν,
1366 3482 1464 3533 οὐκ
1497 3483 1561 3534 ἂν
1588 3500 1727 3552 παρ-

140 3575 348 3644 έϐησαν
379 3572 448 3626 τά
476 3571 571 3624 τοῦ
601 3545 811 3640 Κυρίου
840 3545 1151 3638 ἐντάλματα
1176 3585 1187 3598 ⁸
1218 3570 1316 3622 οὑκ
1347 3569 1409 3622 ἂν
1443 3545 1727 3641 παραϐάν-
1756 3545 1796 3601 C

139 3684 250 3728 τες,
275 3663 599 3733 οἰκονομίαν
630 3662 896 3732 σωτήριον
928 3664 992 3730 τῇ
1025 3660 1323 3731 Ἐκκλησία
1365 3661 1602 3731 Χριστοῦ
1628 3662 1727 3724 τὰς

138 3756 488 3826 παραϐάσεις
535 3752 830 3815 συνοδικῶς
874 3751 1252 3821 ὲδογμάτιξον,
1295 3751 1385 3804 ὑπ’
1425 3752 1726 3823 ἀναθέματι

137 3850 243 3901 τῶν
269 3847 482 3909 ταύτας
512 3847 585 3917 μὴ
614 3843 756 3898 οὕτω
789 3844 1184 3914 προσιεμένων.
1208 3844 1390 3913 Ὅπερ
1423 3845 1617 3908 ἀσεϐὲς
1641 3846 1727 3898 δό-

137 3957 253 4008 γμα
287 3937 546 3992 τοσοῦτόν
580 3939 750 3999 ἐστιν,
783 3935 858 3998 ὡς
889 3937 964 4006 μὴ
999 3937 1156 4004 μόνον
1185 3936 1245 3988 τὸ
1283 3937 1428 4006 ίερὸν
1478 3938 1725 4006 Εὐαγγέο

138 4033 248 4086 λιον
277 4030 631 4101 ἀνατρέπειν,
679 4029 820 4082 κατὰ
857 4028 918 4081 τὸ
949 4030 1013 4081 ὲκ
1049 4029 1247 4099 μέρους
1282 4029 1444 4096 φύσιν
1483 4028 1625 4098 ἔχειν
1663 4031 1725 4084 τὸ

137 4123 256 4178 ἔλον
284 4119 727 4191 ἀνατρέπεσθαιο
758 4117 896 4173 ἀλλά
930 4120 1023 4178 καὶ
1057 4118 1226 4188 αὐτὴν
1253 4118 1351 4190 τὴν
1385 4119 1622 4189 Χριστοῦ
1654 4121 1724 4172 oio

139 4215 402 4285 κονομίαν
437 4213 681 4282 ἀναιρεῖν
704 4227 720 4244 ⁸
749 4211 1068 4280 ἀναιρετικά
1107 4211 1212 4279 γὰρ
1247 4209 1489 4279 ἀλλήλων
1527 4210 1724 4262 τάναν-

138 4305 248 4358 τία.
283 4305 409 4357 Ὀτι
451 4301 509 4354 δὲ
541 4300 760 4355 ἐναντία
808 4301 841 4370 ὴ
880 4297 1265 4369 μοιχοζευξία,
1298 4297 1724 4366 δογματισθείσα

140 4396 414 4466 σωτήριος
447 4391 752 4460 οἰκονομία,
783 4392 848 4459 τῇ
885 4388 1026 4458 θείᾳ,
1059 4390 1156 4442 καὶ
1184 4388 1269 4441 ἐπ’
1298 4389 1574 4458 ἀναιρέσει
1626 4391 1725 4458 τῆς

137 4486 419 4558 ἁμαρτίας
448 4483 756 4554 οἰκονομία,
783 4480 945 4535 παντί
971 4498 1075 4534 που
1099 4481 1279 4550 δῆλον.
1319 4481 1479 4534 Ἀλλά
1513 4481 1611 4551 μὲν
1632 4477 1724 4536 οὖν

141 4580 230 4630 καὶ
259 4576 348 4630 ἑτέ
360 4593 472 4647 ρων
500 4573 866 4643 ἀσεϐημάτων
889 4571 1036 4624 ἐστὶν
1063 4572 1357 4641 ὲπίμεστος
1383 4573 1416 4640 ἡ
1450 4575 1724 4642 μοιχοσύν-

135 4673 285 4733 οόοςο
316 4669 377 4732 ἃ,
419 4669 469 4719 εἰ
499 4666 814 4736 περιτύχοις
857 4663 1023 4717 πάλιν
1070 4662 1196 4716 ἰδεῖν
1235 4663 1325 4718 τὸν
1363 4663 1590 4733 ἀδελφὸν
1619 4666 1722 4720 Εὑ-

138 4759 466 4832 πρεπιανδν,
495 4755 790 4821 ὑποδείξειέ
823 4772 927 4810 σοι.

1913 2287 2128 2353 Quanto
2159 2301 2306 2342 nunc
2349 2289 2512 2342 etiam
2545 2289 2740 2360 gaudio
2795 2290 3050 2359 perfusus
3097 2309 3216 2348 sum
3275 2296 3430 2353 lectis

1842 2381 2037 2436 litteris
2061 2380 2187 2444 tuis,
2223 2379 2295 2433 fili
2327 2380 2822 2437 desideratissime!
2858 2391 2966 2438 non
2986 2393 3094 2439 tam
3113 2388 3255 2454 quod
3280 2404 3432 2459 aper-

1841 2481 1956 2528 tum
1987 2472 2084 2526 tibi
2119 2471 2318 2526 ostium
2343 2472 2747 2527 fueritliherius
2774 2489 2899 2527 cum
2922 2473 3178 2533 fratribus
3203 2494 3430 2551 congre-

1839 2564 2064 2624 diendi;
2096 2563 2347 2632 quamvis
2371 2573 2426 2618 et
2454 2563 2589 2619 illud
2625 2565 2924 2633 optandum
2947 2607 2961 2629 ,
3011 2582 3174 2636 quam
3205 2579 3430 2640 propter

1841 2654 2060 2710 insitam
2093 2655 2290 2724 lingua:
2321 2663 2428 2709 tua:
2460 2653 2553 2708 Dei
2583 2655 2832 2725 gratiam,
2857 2673 2964 2727 qua
2987 2661 3230 2717 obstruis
3263 2663 3426 2717 ell're-

1838 2755 1966 2798 nata
1991 2759 2082 2798 ora
2121 2744 2526 2799 hatreticorum.
2555 2745 2839 2818 Adaugeat
2877 2764 3008 2820 ergo
3035 2750 3132 2804 tibi
3158 2751 3426 2808 Dominus

1838 2850 2150 2892 sermonem
2198 2836 2440 2891 scientiae
2490 2852 2554 2891 ac
2606 2839 2889 2908 sapientiae
2941 2843 3006 2896 ad
3058 2845 3425 2902 confutandos

1837 2928 2135 2996 impietatis
2187 2927 2556 2984 defensores:
2596 2937 2653 2984 ut
2698 2931 2796 2986 tibi
2845 2933 3040 2988 merito
3083 2951 3217 2991 sane
3265 2939 3423 2992 liceat

1836 3034 1959 3073 cum
1983 3019 2169 3073 divino
2195 3019 2363 3074 David
2388 3034 2584 3074 canere
2613 3038 2624 3074 :
2649 3019 2716 3076 0:
2736 3023 2908 3076 meum
2926 3026 3198 3092 aperui,et
3222 3029 3427 3085 attraxi

1833 3112 2284 3181 spiritum;quia
2353 3113 2604 3165 mandata
2661 3121 2752 3166 tua
2811 3130 2912 3167 ron
2961 3132 3079 3169 sum
3133 3118 3322 3172 oblitus
3355 3121 3422 3176 ".

1834 3201 2032 3256 Contra
2064 3217 2185 3271 quae
2226 3201 2565 3257 insanientes
2597 3201 2910 3266 Mcechiani,
2945 3205 3072 3259 illud
3103 3203 3420 3274 Scriptura,

1834 3290 2091 3358 operibus
2138 3290 2289 3358 ipsis,
2324 3291 2725 3358 quodammodo
2772 3291 3112 3348 inclamant:
3147 3293 3346 3350 Recede
3388 3315 3421 3351 a

1834 3398 1935 3445 me,
1969 3383 2081 3434 vias
2113 3391 2231 3434 tuas
2257 3382 2390 3434 scire
2416 3380 2614 3437 nolo“.
2651 3380 2704 3434 Si
2729 3382 2873 3435 enim
2911 3385 3217 3449 scivissent,
3253 3388 3423 3443 baud-

1833 3488 2102 3542 quaquam
2129 3468 2343 3527 Domini
2367 3473 2620 3528 mandata
2651 3472 3000 3530 violavissent
3023 3494 3035 3529 :
3057 3491 3254 3546 neque,
3278 3491 3424 3548 post-

1833 3579 1994 3632 quam
2022 3563 2385 3629 violaverunt,
2420 3564 2714 3618 salutarem
2756 3563 2959 3617 Christi
3005 3565 3263 3622 Ecclesiae
3306 3569 3422 3624 dis-

1834 3655 2214 3724 pensationem
2239 3655 2409 3708 fuisse
2440 3654 2916 3723 praevaricationes
2971 3671 3118 3722 suas,
3162 3660 3421 3728 synodice

1833 3747 2163 3808 sanxissent,
2194 3747 2543 3800 anathemate
2577 3746 2628 3799 in
2661 3761 2756 3800 eos
2787 3747 3010 3802 decreto
3055 3749 3147 3818 qui
3181 3765 3273 3804 eas
3306 3767 3416 3805 non

1833 3838 2061 3907 perinde
2101 3838 2515 3907 approbassem.
2559 3837 2715 3903 Quod
2747 3839 2964 3906 quidem
2995 3840 3132 3895 adeo
3186 3852 3269 3897 est
3315 3843 3418 3897 im-

1833 3930 1979 4000 pium
2012 3931 2225 4000 dogma,
2257 3939 2318 3983 ut
2356 3945 2467 3983 non
2494 3931 2656 3984 modo
2687 3946 2902 3984 sacrum
2936 3930 3287 4002 Evangelium
3320 3937 3418 3989 de-

1833 4028 2027 4083 struat,
2062 4028 2331 4089 quatenus
2361 4027 2537 4072 totum
2569 4018 2777 4072 destrui
2801 4020 2852 4071 in
2878 4030 3031 4087 parte
3053 4019 3212 4090 vulgo
3242 4021 3416 4086 solet;

1833 4112 1927 4167 sed
1975 4112 2148 4180 ipsam
2195 4111 2357 4165 etiam
2405 4109 2607 4164 Christi
2661 4110 3093 4166 incarnationem
3148 4113 3298 4166 tollat
3349 4114 3418 4168 de

1831 4203 2046 4268 medio;
2067 4203 2265 4257 tollimt
2291 4201 2557 4271 siquidem
2582 4215 2700 4255 sese
2724 4211 2914 4256 mutuo
2939 4203 3232 4257 contraria.
3257 4201 3412 4269 Quod

1831 4303 2016 4347 autem
2044 4293 2350 4347 adulterina
2384 4291 2722 4362 conjunctio,
2770 4307 2934 4360 quam
2988 4293 3072 4346 isti
3119 4294 3411 4348 salularetn

1831 4385 2299 4455 dispensationem
2332 4383 2502 4438 fuisse
2531 4392 2798 4447 statuunt,
2842 4383 3040 4437 divina:
3059 4425 3074 4446 ,
3108 4393 3162 4437 et
3189 4387 3253 4438 ad
3282 4401 3412 4454 pec-

1832 4474 1935 4528 cati
1967 4473 2397 4528 destructionem
2428 4471 2689 4525 institutw
2710 4472 3101 4540 dispensationi
3139 4475 3411 4528 contraria

1832 4566 1922 4630 sit,
1956 4565 2213 4620 omnibus
2266 4563 2617 4622 manifestum
2646 4574 2749 4618 est.
2785 4562 3266 4621 Verumenimvero
3293 4567 3413 4622 aliis

1830 4673 2047 4728 quoque
2076 4656 2370 4726 impietatis
2389 4657 2682 4726 generibus
2706 4664 2880 4710 scatet
2918 4658 3411 4726 mmchosynodus:

1831 4766 1974 4820 quae,
2008 4748 2052 4804 si
2100 4748 2509 4818 Euprepianum
2543 4747 2762 4802 fratrem
2813 4749 3012 4804 iterum
3048 4751 3232 4806 videre
3278 4766 3415 4806 con-

1833 4839 2024 4909 tingat,
2051 4839 2146 4892 tibi
2177 4837 2594 4893 demonstrabit.

210 4939 470 5010 Ἐρῤωσο
497 4936 592 4988 καὶ
627 4933 896 4995 εύσθένει,
931 4932 1143 4998 τέκνον,
1179 4934 1567 5005 ἀμφοτέρωθεν
1596 4937 1722 5001 τοὺς

1901 4931 2051 4995 Vale,
2087 4941 2142 4985 et
2168 4941 2426 4986 constans
2459 4944 2612 4988 esto.
2645 4931 2718 4986 fili
2746 4973 2759 4994 ,
2794 4929 3053 4998 utrinque
3079 4946 3174 4986 eos
3206 4931 3297 5000 qui
3328 4933 3412 4985 in-

139 5030 436 5100 βάλλοντας
463 5027 734 5098 ἀοράτως,
753 5024 1033 5078 ἐκϐάλλων
1063 5025 1253 5093 κράτει
1276 5023 1530 5092 πίστεως,
1555 5028 1720 5095 φόϐου

134 5136 193 5172 τε
248 5118 397 5171 θείου
449 5118 544 5169 καὶ
600 5115 844 5184 ἀγάπης.
873 5112 1093 5182 Ἐπειδὴ
1141 5115 1250 5184 γὰρ
1304 5113 1504 5178 ἔξωθεν
1561 5111 1724 5172 δι’ὧν

135 5210 516 5279 ἐπεγείρουσιν
540 5206 808 5277 αἱρέσεων
839 5203 1291 5274 προσϐάλλοντες,
1323 5206 1723 5276 ἀποκρούονται

138 5303 241 5354 ὑπὸ
278 5299 376 5353 τοῦ
424 5297 707 5370 όρθοδόξου
748 5296 1112 5365 φρονήματος·
1150 5295 1359 5348 ἔνδοθεν
1394 5297 1719 5368 ἐπέρχονται

135 5397 186 5447 οί
215 5394 400 5454 δόλιοι,
434 5383 664 5459 συλῆσαι
693 5387 784 5442 τὸν
808 5386 907 5456 τῆς
936 5385 1113 5456 ψυχῆς
1159 5386 1434 5457 θησαυρὸν
1467 5389 1718 5458 τεχναζόο

143 5501 312 5553 μενοι.
351 5478 453 5534 Ὦν
487 5477 897 5551 λυτρωθείημεν
950 5477 1049 5546 τῆς
1100 5475 1294 5545 θήρας,
1337 5478 1522 5546 χεῖρας
1584 5479 1719 5549 πρὸς

137 5574 267 5626 Θεὸν
320 5573 590 5641 αἴροντες,
644 5566 907 5637 συνεργίᾳ
944 5565 1051 5618 τῶν
1108 5563 1202 5616 τοῦ
1263 5563 1443 5616 κοινοῦ
1507 5567 1718 5637 Πατρὸς

137 5667 292 5737 ἡμῶν
339 5659 680 5733 προσευχῶν,
743 5659 836 5712 καὶ
890 5658 1109 5710 πάντων
1167 5656 1276 5708 τῶν
1327 5657 1716 5725 εὐσεϐούντων,

139 5756 248 5825 ὲγὼ
294 5770 352 5806 τε
384 5755 480 5806 καὶ
513 5753 577 5805 σὺ
608 5750 703 5803 καὶ
731 5750 933 5811 πάντες
959 5748 1007 5800 οί
1032 5746 1254 5816 ἀδελφοί⁸
1291 5745 1467 5817 ἡμῶν.
1515 5748 1572 5802 '0
1620 5751 1714 5805 τοῦ

211 5893 251 5926 ³³
283 5888 423 5943 Psal.
462 5902 650 5948 omn,
684 5885 803 5951 131,
846 5881 960 5937 I76.
1041 5881 1085 5913 ³⁸
1111 5880 1210 5936 Job
1247 5896 1350 5945 ut,
1385 5880 1464 5936 16.

1833 5021 2116 5078 visibiliter
2152 5021 2356 5076 feriunt
2405 5030 2762 5091 prosternens
2798 5021 2921 5074 fidei
2957 5022 3151 5078 robore
3174 5066 3190 5090 ,
3251 5023 3412 5077 timo-

1833 5114 2020 5182 risque
2059 5111 2229 5166 divini
2257 5118 2312 5165 et
2341 5111 2652 5165 charitatis.
2685 5110 2978 5178 Postquam
3008 5109 3151 5164 enim
3200 5112 3412 5163 extrin-

1831 5220 1992 5260 secus
2021 5220 2118 5274 per
2154 5204 2424 5268 haereses,
2477 5218 2612 5272 quas
2642 5203 2931 5266 suscitant,
2985 5202 3278 5265 irruentes,
3317 5217 3414 5270 per

1832 5297 2193 5352 orthodoxam
2252 5294 2578 5349 sententiam
2632 5294 2835 5364 repulsi
2870 5304 3038 5349 sunt:
3076 5294 3412 5347 intrinsecus

1829 5387 2221 5459 aggrediuntur
2250 5385 2581 5440 fraudulenti
2608 5427 2623 5451 ,
2669 5387 2863 5440 anima:
2911 5386 3230 5441 thesaurum
3277 5384 3412 5437 diri-

1829 5495 1960 5549 pere
1991 5479 2281 5533 molientes
2310 5496 2322 5531 :
2348 5493 2581 5546 quorum
2608 5493 2638 5531 a
2670 5477 3073 5547 depraadatione
3091 5476 3404 5541 liberemur,

1827 5587 2021 5625 manus
2047 5571 2112 5624 ad
2132 5571 2303 5624 Deum
2333 5569 2664 5635 attollentes,
2689 5579 2742 5624 et
2772 5568 2941 5638 adjuti
2971 5567 3226 5636 precibus
3255 5583 3407 5621 com-

1827 5662 2010 5716 munis
2039 5663 2214 5716 Patris
2259 5661 2428 5716 nostri
2470 5671 2524 5716 et
2553 5661 2766 5731 piorum
2796 5661 3045 5716 omnium
3065 5703 3081 5727 ,
3122 5674 3221 5731 ego
3247 5669 3301 5714 et
3326 5670 3403 5725 tu,

1826 5763 1878 5809 et
1909 5753 2107 5809 fratres
2149 5753 2318 5809 nostri
2352 5752 2616 5809 universi.
2651 5754 2861 5809 Auletze
2914 5752 3240 5825 praepositus
3276 5751 3403 5807 tibia
