3914 6436
563 403 697 469 1043

1743 396 1803 456 S.
1835 390 2229 454 THEODORI
2260 389 2604 450 STUDITAS

3652 375 3782 441 1044

553 519 720 581 canit,
746 515 838 572 sed
873 514 1108 568 obscuro
1139 525 1273 566 sono
1298 553 1311 577 ,
1354 524 1455 565 nec
1486 508 1713 580 Spiritui
1746 516 1936 563 sancto
1984 521 2112 561 con-

2234 501 2462 571 Αύλητοῦ
2498 497 2908 569 καθηγούμενος
2956 496 3127 559 αὐλεῖ,
3158 493 3295 548 ἀλλά
3337 495 3546 562 ἀσημα,
3580 493 3674 545 καὶ
3727 493 3781 544 ού

553 609 779 667 cinenti.
815 606 969 672 Quod
999 605 1144 682 enim
1176 605 1252 658 ait
1289 618 1346 658 se
1373 601 1598 658 Romam
1628 609 1874 670 spectare
1901 617 1914 667 ;
1949 599 2119 653 imbe-

553 702 792 756 cillitatis
813 715 1012 763 causan,
1039 697 1292 766 falsaeque
1319 695 1372 748 in
1401 711 1458 749 re
1493 694 1748 764 prwsenti
1783 691 2119 747 defensionis

552 794 846 865 suffugium
887 802 988 846 est.
1045 790 1307 858 Quodque
1363 789 1430 844 de
1481 788 1620 842 Saba
1672 794 1728 842 et
1779 785 2116 850 Theoctisto,

553 883 973 954 religiosissimis
1005 879 1309 944 monachis,
1347 879 1449 933 hoc
1481 877 1677 932 illudve
1699 876 1864 941 dicat,
1886 885 1942 930 et
1974 874 2119 944 quod

554 975 740 1028 Romae
774 975 878 1028 hoc
915 981 969 1027 et
1000 972 1152 1036 illud,
1216 970 1412 1024 falsum
1457 978 1560 1024 est.
1608 968 1672 1022 Hi
1699 968 1842 1023 enim
1880 966 1949 1020 ob
1979 967 2121 1019 hanc

554 1080 770 1119 causam
825 1079 895 1118 ne
942 1065 1010 1117 ab
1040 1062 1521 1117 lconomachornm
1579 1058 1772 1114 haeresi
1831 1058 2122 1111 redeuntes

555 1155 794 1225 episc0pi
854 1153 909 1207 in
966 1153 1228 1222 pristinos
1279 1151 1476 1222 gradus
1521 1149 1978 1204 restituerentur:
2009 1161 2119 1200 non

553 1245 772 1315 quidem
795 1259 1005 1308 omnes,
1025 1242 1118 1297 sed
1138 1240 1414 1311 praecipui.
1451 1247 1505 1293 et
1524 1238 1799 1309 principes
1829 1237 2119 1299 haereseos,

550 1338 704 1407 juxta
757 1335 930 1389 sancti
979 1332 1260 1386 Athanasii
1316 1330 1520 1389 verba.
1580 1329 1918 1382 restiterunt.
1965 1325 2122 1389 Quod

554 1443 686 1483 sane
717 1426 1014 1481 absurdum
1056 1439 1166 1479 non
1205 1431 1343 1478 erat.
1392 1422 1497 1476 Sed
1545 1430 1830 1490 postquam
1862 1417 2119 1488 synodus,

553 1534 676 1588 quae
713 1526 900 1571 coacta
929 1525 1039 1569 tum
1077 1514 1208 1578 fuit,
1239 1511 1584 1582 recipiendos
1622 1524 1812 1564 omnes
1837 1506 2120 1578 judicavit,

548 1606 860 1676 exemplum
895 1611 1080 1658 secuta
1122 1609 1328 1670 quarta:
1362 1609 1561 1655 sanctae
1595 1597 1819 1667 synodi;
1870 1609 2122 1649 assense-

555 1705 682 1750 runt
711 1704 764 1749 et
790 1693 891 1763 ipsi
914 1711 926 1748 :
947 1705 1127 1760 neque
1154 1690 1299 1744 enim
1329 1688 1436 1744 ulla
1460 1687 1681 1743 suberat
1709 1685 1784 1739 rei
1806 1681 2124 1738 necessaria:

555 1783 936 1854 transgressio.

625 1955 701 2007 De
738 1954 1060 2007 Simoniacis
1089 1962 1269 2007 autem
1307 1963 1416 2007 tum
1445 1951 1660 2022 quidem
1691 1948 2119 2020 praetermissum

557 2051 676 2109 est,
726 2043 851 2111 quia
885 2042 952 2096 de
995 2058 1058 2096 eo
1095 2043 1270 2112 capite
1309 2051 1433 2111 post
1470 2040 1734 2110 synodum
1769 2035 2119 2107 quaerendum

557 2142 696 2187 erat.
738 2134 1031 2201 Postquam
1065 2149 1195 2186 vero
1226 2133 1514 2202 quaesitum
1544 2130 1643 2184 fuit
1684 2171 1696 2183 .
1728 2171 1742 2184 .
1785 2167 1800 2182 .
1847 2169 1861 2183 .
1906 2167 1919 2182 .
1957 2169 1970 2181 .
2007 2168 2020 2181 .
2054 2166 2068 2180 .
2103 2163 2117 2178 .

559 2223 796 2291 primum
834 2223 1052 2292 quidem
1083 2238 1278 2276 annuae
1311 2221 1676 2292 poenitentiae,
1717 2229 1812 2275 aut
1849 2219 2122 2289 aliquanto

558 2313 808 2382 amplius.
853 2313 896 2367 Ο
930 2313 1138 2367 facinus
1184 2314 1391 2367 audax!
1431 2328 1550 2366 cum
1585 2311 1864 2365 monachis
1897 2311 2122 2380 quibus-

560 2404 706 2468 dam,
743 2419 976 2472 quorum
1005 2405 1315 2458 nominibus
1342 2418 1504 2473 parco
1525 2443 1539 2469 ,
1586 2403 1789 2457 editum
1819 2411 1902 2455 est
1941 2401 2008 2454 ab
2058 2415 2124 2454 eo

563 2495 846 2549 decretum
877 2497 1182 2550 relaxandae
1206 2495 1560 2565 depositionis
1591 2503 1864 2565 perpetua:
1886 2533 1902 2559 ,
1944 2492 2015 2545 ita
2067 2500 2125 2546 ut

560 2586 760 2641 Christi
789 2588 1098 2642 sacerdotes
1123 2588 1315 2641 iterum
1344 2587 1539 2651 forent,
1566 2601 1701 2655 quos
1718 2585 1860 2638 Deus
1881 2600 1977 2654 per
1994 2595 2125 2651 apo-

562 2679 826 2732 stolarum
884 2679 1187 2748 principem
1241 2678 1460 2732 Petrum
1511 2676 1868 2745 deposuisset.
1924 2674 2124 2728 Deinde

563 2783 686 2823 cum
739 2769 838 2838 ipsi
889 2770 943 2822 in
997 2785 1061 2823 ea
1120 2783 1179 2822 re
1231 2783 1339 2822 non
1379 2768 1734 2822 assentiretur
1771 2765 1973 2829 Sabas,
2030 2763 2125 2818 sed

562 2861 725 2929 plane
760 2862 1176 2924 adversaretur;
1217 2861 1342 2928 quid
1368 2860 1516 2930 agit?
1542 2859 1743 2912 malum
1771 2864 1918 2911 recto
1951 2855 2127 2910 corri-

564 2952 660 3021 git.
684 2951 852 3023 Negat
881 2968 938 3007 se
973 2952 1346 3022 paenitentiam
1377 2951 1609 3017 dedisse,
1634 2960 1693 3003 ut
1719 2965 1812 3005 eos
1841 2949 2128 3004 admittere

564 3041 658 3110 qui
694 3058 792 3111 per
807 3044 1090 3112 pecuniam
1121 3044 1484 3107 ordinassent,
1510 3043 1595 3097 vel
1617 3041 1852 3097 ordinati
1873 3041 2124 3105 fuissent,

566 3133 710 3201 quod
741 3149 864 3187 cum
890 3134 1040 3198 dicit,
1086 3136 1427 3190 convincitur
1451 3135 1518 3189 ab
1549 3135 1695 3188 illius
1727 3134 1984 3203 temporis
2013 3134 2128 3186 Au-

569 3232 744 3293 gusta,
773 3238 802 3275 a
823 3239 926 3293 qua
953 3225 1203 3279 inductus
1220 3224 1394 3279 fuerat
1419 3233 1476 3278 ut
1495 3224 1733 3294 iniquam
1755 3223 2131 3294 paenitentiam
2161 3210 2202 3268 C

571 3315 744 3369 daret.

643 3402 845 3456 Aderat
878 3401 992 3455 dies
1035 3401 1511 3472 Thcophaniorum
1568 3402 1820 3471 Christi,
1865 3413 2135 3460 venerunt

569 3492 664 3546 illo
701 3492 790 3547 die
817 3493 1016 3562 quibus
1079 3493 1328 3563 imposita
1359 3509 1518 3564 pcena
1568 3495 1744 3551 fuerat
1776 3515 1787 3550 :
1819 3506 1895 3559 et,
1933 3513 1995 3551 ea
2025 3498 2133 3567 jam

568 3594 810 3654 peracta,
845 3601 904 3640 se
930 3586 1134 3640 absolvi
1179 3588 1542 3654 postularunt,
1576 3588 1848 3644 abnuebat
1874 3589 1983 3655 ille,
2022 3591 2135 3644 Au-

569 3682 722 3745 gusta
741 3677 986 3746 urgebat,
1014 3686 1073 3730 ut
1091 3677 1527 3733 admitterentur.
1547 3679 1745 3733 lterum
1770 3681 1910 3734 malo
1928 3691 2133 3734 rectum

568 3767 802 3822 destruit
841 3768 1189 3837 patriarcha:
1225 3785 1346 3823 cum
1395 3771 1501 3822 illis
1536 3786 1601 3823 eo
1634 3771 1750 3840 ipso
1781 3771 1918 3826 festo
1958 3773 2134 3841 palam

571 3859 861 3924 sacriﬁcat,
900 3875 1008 3912 non
1039 3859 1245 3914 invitus
1274 3875 1422 3925 sane,
1455 3860 1548 3914 sed
1572 3875 1667 3913 sua
1699 3872 1927 3930 sponte;
1960 3877 2135 3931 quan-

570 3949 862 4018 doquidem
894 3965 1016 4004 cum
1043 3958 1367 4020 possetcum
1399 3951 1657 4020 depositis
1676 3968 1783 4005 non
1809 3952 2132 4018 sacrificare,

570 4043 899 4097 sacrificavit
924 4062 937 4096 :
967 4045 1352 4111 quoquomodo
1375 4046 1500 4112 quis
1533 4044 1674 4097 dicat
1713 4059 1834 4098 eum
1883 4059 1993 4098 non
2034 4060 2135 4114 po-

570 4134 760 4187 tuisse.
787 4131 925 4187 Hinc
955 4134 1042 4187 illa
1073 4132 1226 4186 Sabac
1241 4148 1363 4186 cum
1387 4148 1450 4187 eo
1479 4134 1789 4188 contentio:
1813 4135 1940 4188 hinc
1964 4149 2137 4187 emer-

569 4228 639 4280 sit
665 4228 895 4296 amplior
926 4241 1087 4294 quam
1125 4225 1293 4279 divini
1324 4239 1560 4280 canones
1591 4225 1786 4290 ferant,
1843 4226 2134 4280 absolutio.

571 4321 742 4373 Roma
773 4335 900 4373 vero
921 4318 1144 4372 minime
1173 4319 1288 4372 haec
1313 4318 1580 4387 probavit,
1617 4319 1789 4373 absit!
1833 4319 1927 4374 sed
1961 4335 2138 4383 neque

569 4412 833 4481 synodum
865 4411 1037 4479 ipsam
1070 4409 1260 4463 habuit
1287 4425 1386 4479 pro
1409 4411 1761 4475 oecumenica,
1793 4412 1886 4465 sed
1925 4428 2022 4480 pro
2055 4412 2136 4464 lo-

2219 593 2297 663 τῷ
2331 591 2604 661 Πνεύματι
2643 590 2720 660 τῷ
2750 589 2888 658 ἁγίῳ
2922 585 3187 657 εὔρυθμα⁹
3213 584 3308 637 καὶ
3333 583 3394 636 τδ
3424 583 3604 650 λέγειν
3629 580 3783 634 αὑτὸν

2219 685 2427 755 ἀφορᾷν
2479 684 2538 736 ὲν
2601 680 2810 750 Ῥώμῃ,
2869 677 3151 740 ἀσθενείας
3179 677 3358 743 λόγου,
3401 674 3495 727 καὶ
3542 674 3680 744 πρὸς
3731 671 3788 724 τὸ

2221 775 2393 844 παρὸν
2443 770 2873 842 ψευδαπολογίας
2927 767 3284 835 καταφύγιον.
3338 765 3449 819 Καὶ
3509 763 3569 816 τὸ
3624 763 3785 831 φάναι

2221 867 2380 921 αὑτὸν
2407 866 2534 936 περὶ
2564 864 2712 918 Σάϐα
2740 879 2799 914 τε
2829 863 2923 916 καὶ
2947 861 3118 914 Θεοκτ
3147 875 3295 922 στου,
3323 856 3432 908 τῶν
3463 853 3788 908 εὐλαϐεστάο

2220 976 2328 1013 των
2383 955 2652 1027 μοναχῶν,
2685 954 2844 1008 τοῦτο
2877 953 3116 1014 κάκεῖνο,
3178 951 3273 1003 καὶ
3301 947 3375 1010 ὡς
3408 949 3466 1000 ὲν
3510 945 3704 1015 Ῥώμῃ
3734 947 3788 995 τὸ

2223 1050 2317 1103 καὶ
2374 1048 2456 1110 τὸ,
2509 1047 2609 1100 ούκ
2665 1044 2884 1115 ἀληθές.
2939 1044 3003 1095 Οἱ
3044 1042 3143 1112 μὲν
3193 1038 3302 1108 γὰρ
3339 1038 3524 1090 ἕνεκεν
3563 1035 3659 1089 τοῦ
3720 1036 3789 1104 μὴ

2224 1138 2623 1210 προσδεχθῆναι
2659 1137 2786 1199 τοὺς
2828 1138 2891 1188 ὲκ
2918 1135 3016 1202 τῆς
3047 1130 3487 1200 Εἰκονομαχικῆς
3526 1129 3788 1197 αἱρέσεως

2224 1230 2659 1301 ύποστρέφοντας
2714 1229 3044 1289 ἐπισκόπους
3088 1226 3168 1288 είς
3218 1225 3344 1286 τοὺς
3395 1222 3632 1284 οἰκείους
3670 1220 3791 1290 βαθ-

2228 1321 2380 1394 μούς·
2443 1321 2539 1374 καὶ
2564 1321 2625 1373 οὐ
2660 1321 2887 1382 πάντας,
2915 1316 3050 1371 ἀλλά
3077 1316 3202 1378 τοὺς
3230 1314 3446 1383 ἐξόχους
3478 1313 3573 1366 καὶ
3616 1327 3794 1380 πρωτ-

2224 1416 2422 1485 άρχους
2469 1413 2566 1482 τῆς
2604 1412 2905 1482 αἱρέσεως,
2955 1408 3098 1462 κατά
3147 1407 3238 1460 τὸν
3281 1405 3440 1474 λόγον
3491 1403 3589 1457 τοῦ
3641 1404 3791 1469 ἁγίου

2238 1506 2575 1572 Ἄθανασίου,
2627 1501 3140 1570 ἑνίσταντο.“”οπερ
3165 1499 3264 1552 ούκ
3297 1498 3625 1560 ἀπεικότως.
3657 1494 3793 1547 Ἀλλ’

2227 1597 2348 1650 ἐπεὶ
2377 1598 2409 1666 ὴ
2438 1594 2738 1668 τηνικαῦτα
2779 1593 2994 1655 σύνοδος
3039 1590 3294 1660 κέκρικεν
3345 1589 3504 1652 ὅλους
3555 1587 3796 1651 είσδέξα-

2227 1688 2370 1752 σθαι,
2401 1688 2596 1758 ἔχουσα
2634 1685 2733 1756 τὴν
2763 1684 3025 1758 τετάρτην
3057 1681 3217 1750 ἁγίαν
3263 1678 3500 1733 σύνοδον-
3541 1677 3792 1749 παράδει·

2226 1795 2361 1849 γμαο
2394 1777 2674 1848 συνῆλθον·
2703 1775 2762 1829 ού
2793 1775 2899 1845 γάρ
2922 1770 2988 1844 ἦν
3017 1773 3125 1826 τῶν
3151 1771 3466 1839 ἀναγκαίων
3521 1787 3575 1822 τι
3619 1784 3796 1837 παρα-

2155 1863 2198 1922 Β
2227 1869 2377 1939 ϐαινκό
2384 1885 2567 1937 μενον.

2297 1961 2431 2030 Περὶ
2453 1959 2511 2012 δὲ
2544 1957 2652 2011 τῶν
2675 1954 3050 2025 Σιμωνιανῶν,
3089 1949 3390 2022 τηνικαῦτα
3423 1951 3523 2022 μὲν
3553 1965 3796 2020 παρεκα-

2227 2051 2422 2121 λύφθη,
2452 2051 2526 2113 ὡς
2564 2049 2699 2119 μετά
2723 2048 2821 2119 τὴν
2849 2044 3534 2115 σύνοδονὲκζητησομένου
3575 2043 3670 2096 τοῦ
3706 2058 3798 2093 κε-

2228 2142 2662 2211 φαλαίου.Ἔπεὶ
2717 2141 2774 2194 δὲ
2831 2139 3089 2212 ὲζητήθη.
3179 2177 3192 2191 .
3271 2176 3285 2190 .
3364 2177 3378 2190 .
3457 2176 3472 2191 .
3555 2177 3568 2189 .
3651 2176 3663 2188 .
3745 2133 3798 2184 τὸ

2230 2233 2445 2304 πρῶτον
2476 2235 2573 2304 μὲν
2607 2236 2684 2294 εἰς
2722 2233 2995 2302 ἐπιτίμιον
3025 2231 3352 2284 ἐνιαυσιαῖον
3403 2229 3435 2299 ἦ
3485 2228 3581 2281 καὶ
3616 2226 3795 2278 πλέον.

2233 2323 2297 2374 Ὢ
2331 2321 2425 2374 τοῦ
2450 2322 2828 2392 τολμήματοςί
2869 2319 2964 2372 σύν
3004 2335 3115 2372 τισι
3149 2321 3462 2388 μονασταῖς,
3492 2313 3798 2383 ὦν-ἀφίημι

2229 2412 2406 2481 λέγειν
2433 2413 2499 2464 τὰ
2523 2413 2785 2482 ὀνόματα,
2819 2410 2972 2480 ὲδόθη
3008 2410 3131 2481 ὅρος
3154 2409 3244 2463 ὑπ’
3264 2409 3428 2463 αὐτοῦ
3469 2411 3800 2476 ὲξιλεώσεως

2229 2504 2327 2572 τῆς
2357 2506 2435 2565 εἰς
2471 2503 2675 2565 αἰῶνας
2707 2503 3100 2572 καθαιρέσεως’
3151 2501 3229 2563 εἰς
3261 2499 3322 2552 τὸ
3353 2496 3491 2552 εἶναι
3520 2503 3647 2564 τοὺς
3698 2500 3801 2552 ὑπὸ

2230 2592 2364 2645 Θεοῦ
2418 2592 2506 2645 διὰ
2559 2592 2763 2663 Πέτρου
2811 2591 2904 2644 τοῦ
2943 2591 3049 2643 τῶν
3107 2588 3446 2640 Ἀποστόλων
3503 2588 3798 2657 κορυφαίου

2232 2683 2670 2754 καθῃρημένους,
2732 2683 2892 2737 πάλιν
2959 2681 3272 2748 ίερουργοὺς
3360 2678 3629 2748 Χριστοῦ.
3692 2682 3801 2734 Καὶ

2232 2777 2355 2832 ἐπεὶ
2377 2778 2437 2830 ού
2472 2776 2731 2847 συνῆλθον
2761 2777 2809 2828 οί
2839 2772 2965 2843 περὶ
2992 2771 3168 2824 Σάϐαν
3200 2773 3257 2823 ὲν
3287 2769 3483 2840 τούτῳ,
3529 2771 3666 2823 ἀλλὰ
3711 2773 3802 2824 καὶ

2231 2868 2590 2940 διηνέχθησαν
2646 2867 2780 2936 πρὸς
2833 2865 3014 2928 αὑτὸν,
3078 2865 3130 2917 τί
3163 2867 3375 2929 metet;
3431 2863 3602 2916 κακὸν
3657 2864 3804 2932 καλῷ

2234 2961 2582 3016 ἀπαλλάττει.
2608 2960 2879 3028 Ἀρνεῖται
2905 2955 2977 3026 μὴ
3010 2955 3303 3009 δεδωκέναι
3330 2955 3632 3024 ἐπιτίμιον,
3669 2958 3803 3026 μηδὲ

2235 3052 2554 3124 προσίεσθαι
2583 3051 2708 3114 τοὺς
2737 3050 2794 3102 ἐν
2821 3050 3066 3120 χρήμασι
3105 3048 3592 3119 χειροτονήσαντάς
3619 3065 3677 3100 τε
3715 3050 3807 3101 καὶ

2234 3142 2726 3214 χειροτονηθέντας.
2746 3141 2936 3209 Λέγων
2956 3140 3286 3209 διελέγχεται
3312 3139 3417 3191 ύπὸ
3436 3140 3534 3210 τῆς
3549 3140 3807 3208 τηνικάδε

2236 3235 2566 3306 κρατούσης,
2615 3233 2707 3303 ἀφ’
2741 3227 2807 3304 ἧς
2836 3235 2930 3288 καὶ
2973 3232 3231 3302 εἱλκύσθη
3279 3231 3463 3292 δοῦναι
3499 3233 3560 3284 τὸ
3607 3232 3808 3300 ἄνομον

2233 3327 2378 3381 ὲπιτί
2387 3345 2524 3396 μιον.

2305 3419 2496 3498 Παρῆν
2523 3419 2555 3488 ή
2586 3416 2768 3487 ἡμέρα
2805 3415 2911 3467 τῶν
2961 3413 3271 3480 Θεοφανίων
3319 3411 3578 3483 Χριστοῦ·
3611 3411 3808 3478 ἐληλύ-

2235 3507 2392 3561 θασιν
2435 3509 2498 3561 ἐν
2546 3507 2719 3577 ταύτῃ
2757 3507 2804 3557 οί
2856 3502 3346 3572 ὲπιτιμιασθέντες,
3383 3500 3810 3570 πεπληρωκότες

2234 3596 2603 3667 τδὲπιτίμιον,
2631 3595 2724 3648 καὶ
2753 3592 2907 3645 λύσιν
2935 3591 3338 3662 ἐπιζητοῦντες·
3361 3591 3388 3641 ὁ
3420 3589 3521 3658 μὲν
3549 3589 3808 3657 ἀπηξίου,

2235 3690 2269 3757 ἡ
2304 3688 2588 3757 βασίλισσα
2620 3683 2984 3752 κατηπείγετο
3014 3682 3111 3751 τὴν
3145 3679 3412 3750 είσδοχήν.
3454 3679 3623 3732 Πάλιν
3653 3681 3812 3748 κακῷ

2235 3779 2296 3830 τὸ
2325 3777 2488 3830 καλὸν
2511 3774 2784 3844 διαμείϐει
2817 3776 2844 3826 ό
2883 3773 3164 3843 πρόεδρος·
3201 3771 3605 3840 συλλειτουργεί
3627 3773 3808 3834 αὐτοῖς

2234 3872 2301 3939 τῇ
2342 3869 2476 3937 αὐτῇ
2523 3868 2682 3937 ἑορτῇ
2715 3868 2795 3928 είς
2829 3864 3126 3934 προῦπτον·
3183 3863 3282 3915 ούκ
3318 3861 3586 3926 ἀκουσίως
3625 3862 3806 3931 δῆθεν,

2236 3961 2350 4013 ἀλλ’
2382 3959 2665 4021 ἑκουσίως·
2713 3957 2849 4009 ὲπάν
2903 3955 3198 4025 δυνάμενος
3258 3954 3330 4023 μὴ
3372 3951 3809 4022 συλλειτουργείν

2238 4049 2663 4121 καθῃρημένοις,
2706 4046 3206 4117 συνελειτούργησε·
3240 4045 3344 4099 κᾶν
3371 4043 3624 4098 ὁπωσοῦν
3676 4046 3807 4113 φαίη

2235 4161 2320 4206 τις
2358 4143 2637 4196 ἀδυνατεῖν
2659 4141 2840 4195 αὐτόν.
2867 4139 3146 4194 Ἐντεῦθεν
3170 4142 3203 4209 ἡ
3232 4138 3365 4211 πρὸς
3387 4138 3552 4194 αὑτὸν
3575 4138 3810 4207 διαφορά

2236 4233 2345 4287 τῶν
2376 4235 2505 4305 περὶ
2525 4233 2725 4287 Σάϐαν·
2751 4231 3000 4286 ἐντεῦθεν
3021 4231 3358 4285 ἐπεπόλασεν
3386 4232 3418 4300 ἡ
3443 4231 3596 4293 λύσις
3631 4230 3805 4282 πλειόο

2239 4343 2343 4389 νως
2396 4327 2505 4378 τῶν
2543 4326 2700 4379 θείων
2759 4325 3019 4380 κανόνων.
3061 4323 3125 4376 Ἦ
3176 4324 3230 4376 δὲ
3271 4321 3458 4392 Ῥώμη
3516 4321 3689 4375 ταῦτα
3745 4325 3808 4375 οὐ

2239 4417 2570 4488 προσήκατω
2598 4416 2672 4486 μὴ
2703 4415 2942 4483 γένοιτοί
2974 4413 3086 4466 ἀλλ’
3111 4413 3230 4466 οὐδὲ
3263 4412 3431 4481 αὐτὴν
3463 4411 3560 4480 τὴν
3589 4412 3809 4464 σύνοδον

569 4503 707 4567 cali,
754 4511 807 4556 et
851 4517 974 4572 quae
1007 4502 1284 4571 proprium
1335 4501 1577 4556 locorum
1628 4502 1840 4556 illorum
1894 4517 2127 4555 errorem

2239 4507 2314 4568 ὡς
2362 4506 2764 4574 οίκουμενικὴν,
2815 4503 2930 4557 ἀλλ’
2968 4504 3044 4566 ὡς
3097 4502 3348 4570 τοπικὴν,
3409 4502 3504 4554 καὶ
3561 4499 3622 4553 τὸ
3683 4503 3811 4554 ἴδιον

569 4595 915 4648 emendasset
944 4593 1008 4645 ³⁷.
1044 4591 1232 4660 Neque
1257 4593 1401 4646 enim
1430 4593 1659 4646 aliorum
1697 4593 2131 4646 Patriarcharum

569 4687 753 4740 vicarii
805 4695 959 4739 erant
991 4685 1083 4754 qui
1125 4699 1223 4754 pro
1261 4684 1325 4737 iis
1363 4684 1625 4739 sedebant
1651 4706 1661 4738 ;
1690 4684 1883 4737 falsum
1909 4726 1923 4747 ,
1960 4683 2131 4751 siqui-

568 4781 690 4834 dem
723 4778 950 4832 Romani
992 4794 1098 4831 non
1129 4785 1349 4847 propter
1381 4777 1672 4847 synodum,
1728 4777 1822 4830 sed
1867 4778 1935 4830 ob
1966 4777 2126 4829 aliam

569 4885 787 4924 causam
818 4869 964 4922 missi
996 4869 1101 4921 huc
1142 4877 1419 4920 venerant.
1449 4866 1627 4931 Quare
1673 4874 1728 4921 et
1777 4867 2026 4936 depositi,
2068 4874 2125 4920 ut

569 4962 775 5021 fertur,
826 4968 946 5027 post
977 4958 1208 5011 reditum
1242 4957 1461 5010 fuerunt
1512 4958 1580 5010 ab
1624 4972 1689 5010 eo
1731 4956 1821 5025 qui
1875 4957 2130 5023 miserat;

568 5052 815 5121 quamvis
831 5059 1047 5104 coactos
1070 5065 1125 5103 se
1153 5048 1323 5104 fuisse
1340 5059 1711 5104 causarentur.
1735 5049 1838 5103 Alii
1860 5057 2040 5103 autem
2068 5066 2134 5103 ex

569 5144 778 5196 oriente
806 5142 1043 5212 quidem,
1087 5142 1180 5194 scd
1211 5157 1239 5194 a
1279 5142 1607 5195 nostratibus
1635 5141 1877 5209 persuasi
1903 5150 1955 5194 et
1976 5141 2134 5194 indu-

570 5237 661 5298 cti,
687 5253 796 5290 non
826 5246 1004 5289 autem
1037 5252 1064 5287 a
1093 5234 1419 5288 Patriarchis
1448 5233 1617 5297 missi,
1647 5234 1735 5302 qui
1778 5233 1912 5286 nihil
1956 5234 2130 5287 scive-

572 5339 776 5380 runtne
797 5336 979 5395 postea
999 5326 1236 5393 quidem,
1252 5334 1472 5393 propter
1488 5324 1662 5394 gentis
1683 5334 1885 5378 metum
1908 5325 2132 5379 scilicet.

572 5419 683 5472 Hoc
701 5427 879 5471 autem
903 5418 1103 5471 idcirco
1123 5417 1394 5472 faciebant
1415 5417 1661 5470 homines
1679 5417 1870 5483 nostri,
1893 5425 1954 5471 ut
1969 5418 2134 5471 haere-

2240 4601 2437 4671 πτῶμα
2467 4601 2574 4653 τῶν
2603 4600 2729 4670 τῇδε
2753 4597 3158 4669 ἀνορθώσασαν.
3193 4595 3327 4650 Οὐδὲ
3363 4593 3471 4662 γὰρ
3498 4595 3548 4646 οἱ
3581 4594 3812 4646 κεκαθι-

2235 4693 2390 4754 κότες
2443 4693 2847 4761 ἀντιπρόσωποι
2875 4690 2984 4745 τῶν
3031 4690 3204 4742 ἀλλων
3249 4687 3625 4757 πατριαρχῶνο
3669 4686 3809 4755 ψευ-

2230 4783 2318 4845 δές
2342 4783 2439 4853 (1)·
2475 4783 2582 4836 τῶν
2627 4783 2724 4851 μὲν
2765 4781 3049 4851 Ῥωμαίων
3075 4781 3140 4832 δι’
3169 4780 3315 4841 ἄλλο,
3355 4779 3415 4831 ού
3451 4778 3538 4830 διὰ
3566 4778 3808 4838 σύνοδον,

2228 4873 2737 4944 παραπεμφθέντων
2791 4872 3041 4925 ἐνταῦθα.
3095 4870 3184 4922 Διὸ
3253 4869 3346 4923 καὶ
3399 4868 3810 4940 καθῃρέθησαν,

2237 4967 2311 5028 ὣς
2344 4983 2496 5033 φασι,
2530 4964 3017 5035 παλινοστήσαντες
3050 4962 3153 5015 ὑπὸ
3182 4961 3277 5014 τοῦ
3307 4963 3680 5031 πεπομφότος,
3706 4965 3811 5016 κᾶν

2237 5061 2579 5114 ὲπεκαλῶντο
2622 5059 2925 5128 βεϐιάσθαι.
2955 5060 3018 5113 Ol
3054 5059 3098 5111 δ’
3122 5058 3269 5112 ἄλλοι
3297 5060 3359 5110 ἐκ
3393 5059 3490 5128 μὲν
3512 5058 3809 5128 ἀνατολῆς,

2237 5151 2352 5205 ἀλλ’
2378 5152 2482 5204 ὑπὸ
2506 5152 2614 5203 τῶν
2649 5151 2877 5203 ἐνταῦθα
2914 5151 3315 5221 προτραπέντες
3374 5149 3469 5201 καὶ
3502 5147 3810 5218 ὲλχθέντες,

2238 5244 2338 5313 οὐχ
2380 5243 2486 5295 ὑπὸ
2535 5243 2642 5295 τῶν
2689 5243 3044 5313 πατριαρχῶν
3077 5239 3495 5303 ἀποσταλέντες,
3530 5240 3614 5290 ὅτι
3675 5240 3811 5308 μηδὲ

2242 5335 2488 5400 ἐνόησαν,
2515 5335 2546 5405 ἥ
2579 5333 2821 5404 ὕστερον,
2855 5334 2940 5387 διὰ
2967 5333 3026 5385 τὺ
3053 5331 3142 5385 τοῦ
3178 5332 3360 5392 ἔθνους
3392 5330 3506 5391 δέος
3540 5328 3807 5398 δηλονότι.

2241 5425 2412 5478 Τοῦτο
2453 5426 2508 5479 δὲ
2539 5425 2751 5479 ἐποίουν
2796 5427 2844 5478 οἱ
2875 5424 3127 5490 ἐνταῦθα,
3179 5423 3264 5475 ἵνα
3318 5421 3407 5474 τὸν
3464 5417 3810 5491 αἱρετίζοντα

643 5537 684 5567 ³⁷
726 5537 799 5590 De
832 5536 934 5589 hoc
965 5538 1082 5590 loco
1114 5534 1311 5589 videsis
1332 5533 1547 5590 Baronii
1580 5533 1994 5600 dubitationem,
2025 5551 2114 5589 an.
2154 5536 2275 5604 787,
2301 5556 2355 5596 n.
2391 5541 2476 5597 58.

2070 5651 2300 5712 ΝΟΤᾸΕ.

643 5788 719 5856 (ι)
763 5785 920 5842 Forte
951 5789 1063 5843 haec
1095 5805 1194 5843 vox
1225 5804 1287 5842 ex
1330 5801 1424 5841 ora
1456 5785 1574 5841 libri
1611 5786 1662 5840 in
1692 5793 1895 5842 textum
1930 5785 2167 5856 irrepsit.
