3914 6438
135 409 268 474 i045

1354 408 1893 472 EPISTOLARUM
1939 409 2006 468 Ll
2020 409 2082 468 Β.
2125 408 2174 466 Ῐ.

3263 407 3401 474 1046

127 525 254 577 λαὸν
286 523 483 593 μᾶλλον
512 524 779 578 πείσωσιν
815 524 1140 596 όρθοδοξεῖν,
1175 527 1237 578 ἐκ
1265 522 1359 577 τοῦ
1401 526 1710 594 οἱκουμενι-

1817 520 1858 574 si
1881 521 2250 575 adhaerentem
2276 519 2531 589 populum
2549 519 2760 575 facilius
2783 520 2847 575 ad
2871 521 3228 576 orthodoxam
3245 522 3404 577 (idem

125 615 226 686 κήν
254 615 415 685 δῆθεν
437 615 793 687 ἀθροισθῆναι
826 617 1066 671 σύνοδον.

193 707 255 761 Ei
273 708 328 760 δὲ
351 708 536 778 φαίης,
553 708 669 772 πῶς
690 710 850 779 ἡμεῖς
869 709 968 763 οὐκ
992 708 1244 776 ἐνιστάοη
1255 725 1354 778 μεν
1377 705 1701 773 τηνικαῦτα,

121 800 218 852 καὶ
261 798 349 852 διὰ
379 799 431 852 τί
471 799 806 870 χειροτονίαν
857 799 1157 869 ἐδεξάμεθα
1192 798 1329 868 μετά
1359 799 1457 868 τὴν
1489 795 1706 850 σύνοδον

122 888 278 958 παρά
328 887 422 941 τοῦ
479 888 649 959 κνροῦ
704 890 999 961 Ταρασίουο
1034 885 1451 957 ἀπολογούμεθα
1485 887 1580 940 καὶ
1624 887 1709 939 σοὶ

121 984 218 1034 καὶ
242 984 432 1045 πᾶσιν,
459 981 623 1034 ὅτιτὸ
655 982 754 1051 μὲν
784 984 841 1034 ἐν
878 983 1144 1050 ὑπηκόοις
1191 981 1504 1050 ἐτελοῦμεν,
1540 980 1612 1047 μὴ
1642 979 1711 1032 τὰ

121 1071 354 1142 ὕστερον
406 1071 721 1140 γνωσθέντα
772 1072 905 1142 ἡμῖν
966 1071 1225 1145 πρότερον
1283 1071 1504 1131 εἰδότες
1536 1069 1596 1122 τὸ
1628 1068 1712 1135 δέ,

118 1163 462 1234 δραξάμενος
487 1163 669 1215 αἰτίαν
699 1161 942 1231 εὔλογον,
962 1163 1022 1214 τὸ
1051 1163 1230 1229 λέγειν
1251 1162 1543 1232 Ταρὰσιον,
1573 1162 1709 1229 μήτε

120 1257 401 1325 ἐπιτίμιον
421 1254 731 1315 δεδωκέναι,
762 1253 886 1324 μηδ’
917 1248 985 1306 αὖ
1009 1255 1056 1307 εί
1091 1255 1288 1321 γνοῖεν,
1320 1252 1427 1305 τῶν
1454 1251 1713 1304 τοιούτων

121 1347 534 1417 συνιερουργεῖν
568 1362 694 1410 τινι,
749 1343 886 1398 ἀλλά
925 1344 1020 1396 καὶ
1075 1344 1380 1414 καθαιρείν.
1441 1342 1559 1395 Κᾶν
1615 1341 1715 1411 οὐχ

116 1439 298 1501 οὕτως
327 1434 396 1508 ἦν
440 1437 501 1490 τὸ
551 1436 771 1507 ἀληθὲς,
808 1436 897 1489 διά
952 1437 1013 1488 τὸ
1064 1435 1360 1505 προφανές.
1394 1433 1536 1486 Ἀλλ’
1562 1433 1714 1503 ὅμως

115 1532 287 1600 ἡμεῖς
335 1527 658 1598 ὀρεγόμενοι
703 1528 804 1596 τὴν
864 1525 1144 1594 ὁμόνοιαν,
1195 1524 1549 1596 ἡρκέσθημεν
1603 1525 1717 1586 τοῖς

116 1621 444 1692 λεγομένοις
472 1637 488 1652 ·
519 1617 677 1673 τοῦτο
706 1620 1048 1690 κεκρικότες,
1091 1619 1185 1671 ἐπὶ
1219 1618 1280 1670 τὸ
1333 1616 1717 1688 φιλανθρωπό-

115 1733 279 1786 τερον
302 1714 402 1783 τῆς
436 1713 664 1783 εἰρήνης
686 1711 874 1765 νεῦσαι
907 1713 965 1764 ἐν
995 1709 1071 1781 τῷ
1095 1709 1383 1780 ἀμφιϐόλῳ
1407 1709 1717 1781 πράγματι,

116 1806 311 1868 καθώς
379 1803 512 1874 φησι
542 1820 646 1856 που
710 1805 738 1856 6
790 1802 1070 1870 Θεολόγος.
1119 1801 1229 1854 Καὶ
1274 1800 1413 1870 ἅμα,
1463 1801 1546 1854 ὅτι
1577 1800 1723 1853 δεδεο

1804 612 2206 680 pertraherent,
2226 626 2349 665 cum
2371 612 2709 666 meumenica
2722 612 2959 683 synodus
2975 623 3160 667 coacta
3186 613 3399 668 fuisset.

1875 706 2031 772 Quod
2060 706 2102 759 si
2139 720 2350 774 quaeras
2378 705 2732 774 quamobrem
2778 721 2881 760 nos
2916 716 3028 761 tum
3052 707 3280 761 minime
3305 708 3403 761 ob-

1809 800 2113 854 stiterimus
2141 838 2155 861 ,
2188 807 2245 851 et
2293 812 2390 851 cur
2421 797 2826 850 ordinationem
2871 803 2995 866 post
3029 799 3295 868 synodum
3340 799 3408 853 de

1810 890 2017 945 domini
2044 889 2254 944 Tarasii
2279 903 2445 942 manu
2479 889 2922 957 susceperimus;
2958 889 3066 943 hoc
3099 889 3193 944 tibi
3228 890 3408 943 omni-

1811 981 2020 1050 busque
2043 980 2163 1035 aliis
2177 981 2570 1051 respondemus
2600 997 2612 1032 :
2643 979 2875 1049 primum
2909 978 3131 1049 quidem
3177 995 3278 1034 nos
3305 980 3409 1034 sub

1812 1072 2125 1128 obedientia
2187 1081 2276 1126 tua
2326 1073 2561 1136 vixisse,
2611 1086 2712 1125 nec
2777 1070 2906 1125 dum
2951 1086 3012 1124 ea
3061 1073 3403 1141 cognovisse,

1812 1180 1934 1234 qua:
1970 1173 2252 1233 perspecta
2284 1163 2444 1217 nobis
2465 1171 2652 1232 postea
2677 1161 2897 1215 fuerunt
2923 1179 2933 1214 :
2955 1161 3154 1216 deinde
3185 1177 3407 1216 causam

1815 1263 2004 1309 nactos
2042 1255 2212 1309 fuisse
2245 1255 2618 1323 probabilem;
2651 1269 2774 1307 cum
2808 1255 3016 1308 diceret
3039 1253 3311 1317 Tarasius,
3348 1269 3407 1307 se

1815 1361 1919 1403 nec
1945 1345 2324 1415 paenitentiam
2355 1345 2681 1414 imposuisse
2707 1386 2721 1408 ,
2777 1361 2880 1400 nec
2930 1361 3094 1415 porro
3125 1362 3247 1399 cum
3295 1347 3408 1402 ullo

1817 1453 2008 1494 eorum
2037 1479 2051 1502 ,
2101 1438 2145 1492 si
2177 1438 2442 1503 novisset,
2482 1438 3054 1504 communicaturum;
3108 1439 3406 1508 quinetiam

1821 1530 2224 1599 depositurum.
2265 1528 2584 1598 Quanquam
2639 1529 2692 1582 id
2741 1543 2931 1582 verum
2963 1543 3072 1581 non
3109 1537 3246 1593 erat,
3283 1543 3408 1582 cum

1822 1621 2110 1677 manifesta
2166 1636 2256 1674 res
2297 1629 2460 1675 esset.
2521 1619 2626 1674 Sed
2669 1635 2770 1673 nos
2823 1629 3005 1674 tamen
3057 1621 3407 1674 concordiam

1823 1722 2163 1784 appetentes,
2201 1712 2268 1766 iis
2301 1711 2542 1766 contenti
2578 1710 2781 1764 fuimus
2810 1726 2932 1781 quae
2964 1711 3031 1766 ab
3064 1726 3131 1765 eo
3154 1711 3410 1766 diceban-

1829 1813 1916 1858 tur
1942 1824 1953 1858 :
1981 1806 2060 1859 sic
2099 1813 2425 1869 statuentes,
2473 1804 2539 1857 ad
2569 1805 2949 1857 humaniorem
2998 1804 3148 1874 pacis
3196 1813 3406 1873 partem

115 1901 326 1968 γμένος
371 1892 440 1967 ἦν
481 1895 571 1948 διά
612 1894 709 1966 τὴν
755 1892 1085 1964 ὁρθοδοξίαν,
1143 1893 1237 1946 καὶ
1277 1893 1338 1945 τὸ
1387 1894 1508 1946 κατ’
1539 1893 1710 1963 αὐτὴν

1820 1897 1874 1949 in
1907 1911 1966 1949 rc
2007 1895 2262 1964 ambigua
2299 1895 2752 1964 propendendum
2809 1910 2930 1949 esse
2956 1935 2971 1959 ,
3017 1895 3159 1950 sicut
3206 1894 3408 1950 alicubi

117 1989 372 2060 ἀνδρεῖον
423 1988 518 2039 καὶ
571 1985 859 2038 σπουδαῖον
904 1985 1185 2051 γενέσθαι,
1241 1984 1348 2036 ὑπὸ
1401 1983 1510 2036 τῶν
1537 1983 1712 2037 ἄλλων

124 2076 708 2150 Ἐκκλησιῶωταῦτά
735 2093 815 2128 σοι
851 2075 1142 2144 ἐγνώρισα,
1166 2075 1378 2135 τέκνον,
1400 2077 1476 2137 εἰς
1508 2075 1712 2143 εἴδησιν

115 2173 233 2227 τῶν
268 2172 644 2241 καθηκόντων·
680 2169 775 2222 καὶ
793 2169 875 2221 ὅτι
895 2169 944 2220 οἱ
972 2169 1101 2237 περὶ
1129 2167 1308 2221 Σάϐαν
1337 2170 1386 2220 εἰ
1416 2168 1505 2221 διὰ
1534 2169 1711 2234 τοῦτο,

117 2266 216 2318 καὶ
255 2264 359 2316 ούκ
385 2262 564 2323 ἄλλοις
594 2259 736 2311 τισὶν
773 2257 989 2323 ἀλόγοις
1020 2258 1331 2327 διεφέροντο
1361 2257 1496 2328 πρὸς
1529 2259 1710 2322 αὑτὸν,

117 2351 270 2425 εἶχον
322 2352 542 2420 εῦλογον
590 2350 687 2401 καὶ
721 2347 955 2418 ἔχουσιν.
995 2347 1082 2410 Ὧς
1111 2349 1220 2419 γὰρ
1249 2349 1352 2400 ὑπο
1388 2349 1713 2418 παραπετά-

120 2464 293 2517 σματι
330 2446 491 2515 ἡμεῖς
519 2441 611 2495 τοῦ
636 2440 822 2508 λέγειν
849 2439 926 2509 μὴ
959 2439 1211 2508 δέχεσθαι
1246 2441 1372 2502 τοὺς
1411 2441 1710 2501 τοιούτους,

117 2539 260 2592 ἀλλά
287 2537 385 2589 καὶ
413 2534 717 2603 καθαιρεῖν,
749 2531 1087 2601 συνήλθομεν
1110 2529 1187 2600 τῷ
1218 2531 1469 2600 προέδρῳ
1500 2547 1512 2559 ·
1540 2529 1713 2591 οὕτως

119 2632 328 2685 ἐκεῖνοι
385 2626 446 2679 τὸ
499 2623 746 2696 πραχθὲν
801 2624 1057 2693 ἐμφανῶς
1117 2624 1332 2692 ἔχοντες
1394 2624 1711 2694 δικαίωμα,

116 2718 531 2776 ἀντιποιοῦνται
582 2716 808 2780 εἰκότως
861 2714 952 2768 τοῦ
1002 2715 1147 2768 θείου
1202 2717 1448 2779 κανόνος.
1479 2716 1588 2769 Καὶ
1616 2716 1714 2768 οὐκ

118 2815 268 2865 ἐστιν
317 2813 345 2863 6
374 2811 534 2881 χάριν
554 2807 746 2860 τούτου
789 2807 882 2861 τοῦ
915 2807 1205 2876 κεφαλαίου
1236 2807 1535 2877 δυνάμενος
1565 2809 1714 2860 ἀντι-

119 2907 320 2974 στῆναι
357 2903 558 2964 αὺτοῖς,
596 2899 650 2952 εῐ
691 2916 754 2968 γε
797 2900 1005 2968 λέγοιεν
1031 2901 1112 2954 ὅτι
1140 2901 1413 2970 Ταράσιος
1437 2902 1712 2970 οἰκονομι-

119 2994 237 3058 κῶς
261 2992 484 3057 ἐδέξατο
509 2990 634 3053 τοὺς
658 2988 1374 3060 χρηματοχειροτονοῦντας.
1412 2987 1574 3040 Ἀλλὰ
1607 2987 1715 3056 γὰρ

117 3085 234 3138 οὐδ’
275 3085 343 3137 ἂν
399 3082 605 3152 Πέτρος
670 3081 766 3134 καὶ
823 3079 1034 3142 Παῦλος
1095 3080 1339 3148 ἐπιστῇ·
1398 3077 1555 3132 αὐτοὶ
1607 3078 1714 3149 γὰρ

118 3171 374 3236 ἐξέθεντο
419 3168 512 3222 τὸν
556 3169 778 3233 κανόνα,
809 3168 905 3220 καὶ
935 3167 1089 3221 αύτοί
1126 3185 1290 3238 φασιν
1315 3183 1328 3196 ·
1386 3166 1569 3221 Ἀλλᾶ
1598 3165 1716 3221 κᾶν

1814 1985 2130 2056 Theologus
2177 1987 2276 2040 ait.
2312 1987 2489 2039 Simul
2539 1987 2641 2040 hoc
2679 1986 2843 2040 etiam
2880 1995 3220 2056 reputantes,
3254 1987 3409 2041 illum

1812 2087 2036 2147 propter
2065 2078 2226 2132 fidem
2271 2077 2635 2131 orthodoxam
2660 2118 2673 2141 ,
2707 2093 2983 2147 suumque
3024 2078 3077 2131 in
3117 2093 3178 2132 ea
3209 2079 3408 2133 tuenda

1814 2169 2092 2231 studium,
2141 2169 2209 2223 ab
2251 2169 2372 2222 aliis
2404 2169 2664 2224 Ecclesiis
2710 2179 2991 2238 receptura
3039 2168 3226 2224 fuisse.
3284 2170 3411 2224 Haec

1816 2258 1909 2311 tibi
1943 2257 2204 2326 exposui,
2239 2258 2310 2310 fili
2338 2298 2351 2322 ,
2398 2267 2458 2311 ut
2498 2259 2638 2312 scias
2676 2273 2797 2325 qua:
2836 2258 2978 2313 scire
3032 2269 3083 2313 te
3127 2260 3406 2325 convenit,

1813 2358 1869 2402 et
1889 2347 2109 2411 Sabam,
2146 2348 2191 2401 si
2227 2355 2450 2417 propter
2485 2349 2604 2403 haec
2635 2365 2742 2402 non
2780 2349 2850 2403 ob
2879 2349 2982 2403 alia
3023 2351 3294 2420 quapiam
3323 2368 3409 2406 ra—

1816 2438 1948 2492 tioni
1990 2437 2132 2493 haud
2172 2450 2541 2494 consentanea
2578 2441 2626 2494 ei
2661 2441 2982 2496 adversatus
3008 2450 3112 2508 cst,
3148 2443 3409 2512 probabi-

1815 2527 1923 2582 lem
1972 2544 2195 2584 causam
2244 2532 2500 2586 habuisse
2546 2542 2601 2587 et
2660 2533 2883 2588 habere.
2937 2533 3406 2600 Quemadmodum

1813 2619 1960 2674 enim
1994 2636 2096 2675 nos
2125 2622 2230 2676 hoc
2272 2632 2559 2692 praetextu,
2588 2626 2734 2693 quod
2769 2626 2995 2690 diceret,
3032 2642 3091 2681 se
3138 2629 3271 2682 tales
3298 2644 3406 2682 non

1815 2710 2080 2778 recipere,
2106 2712 2200 2765 sed
2214 2712 2514 2781 deponere,
2535 2730 2656 2768 cum
2677 2716 2988 2784 patriarcha
3013 2719 3406 2775 convenimus:

1814 2800 1894 2855 sic
1925 2800 2000 2854 illi
2023 2801 2231 2870 justam
2257 2805 2332 2856 rei
2375 2803 2553 2872 palam
2585 2815 2750 2876 gestae
2784 2807 3161 2863 defensionem
3201 2808 3409 2868 haben-

1816 2896 1918 2952 tes,
1955 2904 2055 2958 pro
2085 2889 2271 2944 divino
2301 2906 2512 2947 canone
2541 2893 2739 2949 merito
2770 2894 3072 2951 decertant.
3105 2895 3292 2967 Neque
3323 2906 3410 2953 est

1813 2981 1907 3049 qui
1937 2982 2042 3037 hoc
2075 2983 2303 3037 nomine
2331 2987 2661 3055 redarguere
2710 2986 2833 3041 illos
2876 2990 3081 3058 possit,
3134 2991 3179 3044 si
3226 2990 3411 3046 dicant

1815 3071 2101 3129 Tarasium
2126 3090 2223 3143 per
2245 3077 2713 3146 dispensationem
2743 3095 2839 3134 eos
2871 3081 3166 3151 recepisse,
3191 3083 3283 3152 qui
3311 3098 3410 3152 per

1816 3163 2106 3231 pecuniam
2137 3165 2477 3220 ordinarant.
2509 3168 2580 3220 At
2609 3183 2789 3238 neque
2823 3170 2866 3224 si
2897 3171 3092 3225 Petrus
3121 3181 3179 3226 et
3207 3174 3412 3229 Paulus

119 3261 294 3330 ἡμεῖς
323 3259 360 3328 ἧ
394 3259 652 3330 ἄγγελος
669 3259 737 3323 ἐξ
768 3258 1032 3325 οὐρανοῦ
1085 3237 1534 3328 εὐαγγελίζηται
1569 3258 1711 3328 ὑμῖν

1819 3254 2039 3320 adsint;
2073 3256 2173 3325 ipsi
2223 3257 2370 3311 enim
2415 3274 2684 3315 canonem
2724 3261 3086 3317 condiderunt
3114 3307 3128 3328 ,
3189 3265 3408 3334 ipsimet

119 3350 261 3419 παρ’
297 3351 331 3404 ὃ
361 3350 897 3420 εὐηγγελισάμεθα,
928 3349 1194 3418 ἀνάθεμα
1227 3348 1402 3402 ἔστω.

379 3661 504 3716 ΛΘ’.
538 3689 610 3703 -
641 3659 910 3729 Θεοφίλῳ
948 3657 1283 3730 ἡγουμένῳ.
1317 3657 1483 3732 [ρς-’.]

1816 3345 2008 3399 dicunt
2035 3363 2048 3398 :
2076 3344 2181 3401 Sed
2205 3348 2321 3401 licet
2362 3365 2454 3403 nos
2473 3390 2485 3413 ,
2525 3361 2619 3402 aut
2645 3351 2877 3422 Angelus
2909 3355 2971 3406 de
2999 3355 3144 3422 creto,
3182 3373 3403 3426 evange-

1819 3435 1938 3488 lizet
1973 3437 2114 3491 vobis
2141 3449 2494 3511 prwlerquam
2531 3445 2669 3512 quod
2711 3447 3222 3518 euangelizarinms,
3269 3466 3405 3503 ana-

1822 3532 1994 3582 thema
2015 3530 2084 3583 sit
2112 3529 2178 3584 ³⁸.

2126 3664 2365 3721 XXXIX.
2394 3700 2462 3708 --
2501 3670 2778 3741 Theophila
2805 3677 3103 3745 prteposito.

445 3778 542 3828 Cur
565 3765 830 3827 hareti'cos
854 3783 998 3828 vocet
1017 3791 1124 3839 eos,
1145 3776 1440 3840 quibuscum
1471 3779 1579 3840 ipse
1607 3778 1872 3842 aliquando
1898 3785 2364 3836 communicaverat.
2393 3788 2599 3849 (Baron.
2632 3800 2746 3840 ann.
2773 3790 2885 3850 809,
2915 3805 2965 3841 η.
2991 3794 3098 3855 28.)

203 3887 546 3959 Ἐϐουλόμην
594 3886 895 3958 ταχύτερον
949 3891 1254 3944 ἐπιστεῖλαι
1309 3894 1375 3961 τῇ
1433 3891 1712 3963 ἁγιωσύνῃ

122 4001 246 4049 σου,
296 3981 414 4036 ἀλλ’
457 3983 558 4034 οὐκ
606 3980 924 4052 εὐωδούμην
979 3983 1385 4054 φρουρούμενος
1432 3984 1712 4053 ἀσφαλῶς.

122 4076 258 4128 Ὀτε
286 4073 346 4126 δέ
378 4073 671 4141 εὐδόκησεν
699 4072 727 4123 6
751 4072 956 4140 ἀγαθὸς
983 4073 1118 4137 Θεὸς
1147 4074 1477 4144 χαρίσασθαι
1502 4077 1597 4128 καὶ
1621 4076 1714 4128 τὸν

119 4163 329 4236 τρόπον
364 4163 458 4216 καὶ
488 4162 548 4215 τὸ
580 4159 892 4234 πρόσωπον·
935 4162 1240 4233 τηνικαῦτα
1269 4164 1360 4216 τὸν
1392 4165 1521 4234 ἐμὸν
1551 4164 1712 4218 πόθον

120 4251 319 4323 πληρῶ
353 4251 382 4304 6
406 4251 689 4318 ταπεινὸς,
717 4252 808 4305 καὶ
834 4254 1255 4324 προσαγορεύω,
1276 4254 1373 4308 καὶ
1392 4256 1710 4326 ἀσπάζομαι

118 4345 220 4397 τὸν
243 4343 379 4415 ἐμὸν
405 4344 774 4414 πνευματικὸν
794 4345 1043 4415 Πατέρα,
1069 4347 1161 4398 καὶ
1181 4346 1300 4399 λίαν
1326 4348 1495 4410 ὅντως
1527 4346 1711 4414 φιλού-

121 4453 310 4506 μενον.
345 4436 422 4488 Οὐ
457 4436 564 4507 γὰρ
589 4437 778 4504 ἐπειδὴ
804 4436 1095 4507 διέστησαν
1131 4439 1277 4509 ημᾶς
1304 4439 1633 4509 σωματικῶς
1660 4441 1708 4492 οἱ

119 4529 390 4599 ἄρχοντες
435 4527 529 4581 τοῦ
563 4527 759 4591 αἰῶνος
800 4529 1019 4592 τούτου,
1062 4531 1160 4602 ἤδη
1202 4531 1454 4584 διέλυσαν
1492 4531 1587 4585 καὶ
1610 4531 1707 4602 τὴν

120 4619 216 4672 ἐπὶ
247 4619 386 4672 Θεὸν
410 4617 567 4689 ήμῶν
595 4618 730 4689 πρὸς
759 4619 1026 4690 ἀλλήλους
1052 4622 1311 4691 ὁμόνοιάν
1341 4639 1400 4674 τε
1430 4622 1524 4675 καὶ
1579 4623 1704 4693 σχέο

1891 3894 2147 3952 Volebam
2199 3901 2453 3970 equidem
2501 3902 2664 3958 citius
2713 3905 2783 3958 ad
2846 3906 3195 3963 sanctitatem
3255 3922 3403 3971 tuam

1814 3989 2084 4056 scribere,
2121 3990 2218 4045 sed
2264 3993 2407 4047 viam
2443 3995 2652 4049 nullam
2703 3996 3070 4066 reperiebam,
3114 4012 3263 4058 arcta
3299 4021 3400 4062 cu-

1812 4080 1986 4134 stodia
2047 4082 2313 4138 inclusus.
2349 4085 2645 4156 Postquam
2697 4095 2880 4141 autem
2918 4087 3031 4144 Deo
3081 4091 3230 4148 bono
3283 4097 3402 4165 pla-

1811 4171 1948 4236 cuit,
1978 4181 2033 4225 et
2061 4173 2284 4228 modum
2317 4184 2372 4229 et
2395 4176 2673 4233 hominem
2707 4181 3012 4237 concedere
3041 4199 3054 4236 :
3084 4199 3232 4241 nunc
3259 4188 3404 4242 desi-

1815 4262 2026 4316 derium
2056 4280 2238 4319 meum
2268 4266 2489 4322 humilis
2528 4269 2739 4340 expleo,
2771 4282 2822 4327 et
2859 4274 3036 4328 saluto
3065 4275 3400 4345 amplector-

1816 4370 1922 4424 que
1970 4355 2307 4425 spiritualem
2353 4357 2570 4416 Patrem
2610 4378 2791 4418 meum
2840 4381 3001 4435 quem
3054 4383 3244 4424 revera
3277 4386 3401 4426 amo

1815 4445 2129 4516 plurimum.
2172 4447 2359 4518 Neque
2387 4451 2555 4513 enim,
2588 4455 2808 4522 quando
2834 4471 3064 4525 corpore
3096 4474 3193 4514 nos
3220 4476 3402 4532 segre-

1814 4544 2011 4602 garunt
2057 4536 2336 4607 principes
2383 4541 2565 4595 saeculi
2595 4542 2778 4611 hujus,
2831 4546 3035 4614 pariter
3064 4557 3307 4602 mutuam
3341 4551 3397 4604 in

1815 4627 1925 4681 Deo
1948 4637 2137 4682 nostro
2173 4631 2519 4685 concordiam
2553 4632 2922 4706 affectumque
2971 4639 3350 4695 dissolverunt
3382 4660 3395 4696 :

122 4725 228 4760 σιν·
266 4707 472 4778 μᾶλλον
503 4708 602 4778 μὲν
643 4703 736 4760 οῦν
776 4710 870 4761 καὶ
896 4708 1253 4766 ἐϐεϐαίωσαν.
1291 4711 1558 4782 Πείθομαι
1601 4711 1707 4782 γὰρ

1817 4719 2060 4788 quinimo
2090 4721 2260 4790 magis
2308 4723 2726 4780 confirmarunt.
2758 4728 2986 4784 Confido
3016 4732 3163 4785 enim
3233 4741 3286 4786 et
3312 4748 3399 4787 me

120 4800 217 4853 καὶ
255 4801 362 4870 τὴν
411 4800 510 4869 σὴν
552 4799 811 4870 ὁσιότητα
841 4801 1026 4854 ποθεῖν
1054 4802 1155 4873 τὴν
1186 4802 1461 4874 ἡμετέραν
1491 4800 1710 4867 ἁναξιό-

118 4907 279 4962 τητα·
318 4890 416 4942 καὶ
446 4889 638 4961 ἀκλινῆ
673 4891 952 4962 διαμένειν
1005 4895 1102 4964 τῆς
1147 4892 1429 4963 ὀρθοδόξου
1458 4893 1550 4946 καὶ
1580 4893 1707 4946 θεα-

122 4983 321 5055 ρὲστου
364 4982 694 5045 ἐνστάσεως,
725 4982 784 5048 ἐξ
815 4975 889 5035 ὧν
928 4999 988 5035 τε
1021 4984 1285 5054 πρότερον
1339 4985 1434 5036 καὶ
1487 4983 1709 5054 ὕστερον

120 5075 407 5140 ὑπέδειξεν
438 5074 640 5143 ἑαυτὴν
665 5073 786 5142 Θεῷ
814 5091 875 5126 τε
910 5077 1002 5127 καὶ
1033 5074 1363 5145 ἀνθρώποις,
1399 5075 1473 5140 ὠς
1526 5093 1709 5129 συναιο

121 5169 337 5238 ρεῖσθαι
386 5167 520 5237 ἡμῖν
562 5168 675 5229 τοῖς
703 5169 979 5229 ταπεινοῖς
1009 5167 1099 5219 καὶ
1131 5167 1223 5220 τὸν
1256 5167 1397 5238 ὑπὲρ
1423 5167 1709 5231 εὐσεϐείας

117 5259 382 5329 διωγμόν·
427 5257 529 5311 κᾶν
555 5258 654 5310 οὐκ
686 5257 1069 5327 ἠϐουλήθησαν
1108 5261 1154 5311 οἱ
1204 5258 1554 5328 κρατοῦντες,
1588 5275 1708 5326 φει-

116 5349 199 5403 δοῖ
235 5349 330 5403 τοῦ
376 5349 452 5420 μὴ
518 5349 748 5412 πολλοὺς
793 5350 1059 5418 ἐξορίζειν
1105 5351 1198 5404 καὶ
1233 5349 1568 5420 καθείργεινο
1610 5347 1707 5400 καὶ

116 5442 195 5505 ὡς
226 5441 292 5495 ἂν
314 5443 543 5506 δόξωσιν
574 5439 825 5494 ἐντεῦθεν
850 5441 1059 5495 πείθειν
1092 5442 1183 5494 τὸν
1207 5441 1432 5511 κόσμον,
1458 5443 1536 5506 εἰς
1558 5443 1706 5512 ἡμᾶς

121 5532 318 5600 μόνους
346 5533 738 5603 περιίστασθαι
766 5537 865 5602 τὴν
897 5533 1034 5604 πρὸς
1061 5533 1259 5595 αὐτοὺς
1291 5532 1576 5603 διαφορᾶν,
1614 5536 1705 5587 καὶ

119 5623 198 5694 μὴ
231 5620 371 5677 εἶναι
407 5625 602 5686 ἄλλους
628 5626 756 5688 τοὺς
787 5626 1176 5696 ἐνισταμένους
1203 5642 1215 5654 '
1249 5627 1298 5678 οἳ
1327 5627 1574 5680 τοσοῦτοι
1627 5628 1704 5697 τῷ

117 5717 314 5787 πλήθει
341 5720 400 5770 ἐν
427 5720 492 5788 τῇ
529 5717 620 5772 ὑπ’
647 5717 816 5788 αὐτῆς
863 5717 1100 5790 ἐξουσίᾳ·
1137 5721 1243 5774 κᾶν
1279 5721 1426 5791 φόϐῳ
1466 5720 1575 5773 εἴτε
1611 5722 1713 5805 καί,

189 5832 236 5864 ⁸*
269 5831 442 5887 Calat.
475 5848 513 5896 ι,
553 5833 604 5898 8,
649 5835 700 5889 9.

1812 4813 2064 4881 quamvis
2092 4814 2376 4884 indignum
2425 4833 2455 4871 a
2491 4827 2583 4872 tua
2611 4821 2900 4875 sanctitate
2946 4822 3121 4893 diligi,
3150 4823 3279 4878 etin
3305 4840 3400 4878 or-

1815 4902 2052 4957 thodoxa
2084 4903 2302 4974 Deoque
2335 4922 2558 4977 accepta
2598 4912 3036 4982 propugnatione
3059 4914 3394 4970 immobilem

1814 4993 1986 5063 ipsam
2014 5011 2339 5065 permanere
2366 5017 2378 5053 :
2405 5001 2559 5056 exiis
2587 5003 2785 5071 quibus
2820 5019 2877 5058 se
2901 5013 2957 5058 et
2986 5013 3171 5070 antea,
3198 5016 3397 5076 etpost

1812 5084 2001 5148 etiam,
2035 5086 2146 5140 Deo
2200 5099 2362 5157 atque
2403 5089 2718 5146 horninibus
2772 5095 3189 5162 comprobavit:
3230 5097 3302 5151 ita
3334 5103 3396 5150 ut

1816 5192 1939 5230 cum
1984 5178 2284 5234 humilibus
2337 5181 2497 5236 nobis
2557 5185 3004 5253 persecutionem
3062 5189 3226 5242 etiam
3290 5206 3393 5260 pro

1815 5267 2017 5338 pietate
2046 5268 2208 5341 eligat
2237 5289 2250 5325 :
2294 5272 2419 5327 licet
2447 5274 2725 5329 noluerint
2753 5276 2846 5345 qui
2876 5293 3058 5332 rerum
3083 5280 3391 5350 potiuntur,

1813 5373 1884 5411 ne
1917 5367 2024 5411 tam
2051 5360 2250 5415 multos
2291 5361 2345 5415 in
2378 5363 2629 5418 exsilium
2661 5368 3038 5431 amandarent,
3077 5372 3160 5426 vel
3200 5373 3255 5426 in
3298 5390 3388 5427 cu-

1814 5449 2047 5504 stodiam
2082 5453 2399 5522 traderent;
2430 5469 2597 5526 atque
2654 5468 2713 5512 ut
2757 5460 2860 5514 hac
2913 5462 3129 5518 ratione
3189 5467 3397 5521 mundo

1813 5543 2229 5612 persuaderent,
2258 5562 2358 5601 nos
2384 5550 2530 5602 solos
2560 5549 2629 5603 ab
2659 5551 2791 5619 ipsis
2814 5552 3101 5618 dissidere,
3129 5570 3228 5610 nec
3256 5556 3393 5610 alios

1815 5649 1936 5688 esse
1967 5637 2056 5705 qui
2100 5639 2354 5694 resistant
2386 5658 2398 5694 :
2426 5658 2549 5696 cum
2582 5652 2761 5699 tamen
2797 5646 2934 5700 adeo
2960 5647 3113 5701 multi
3154 5648 3262 5702 sint
3287 5649 3393 5703 sub

1812 5742 1999 5782 eorum
2034 5729 2262 5801 imperio
2293 5751 2304 5798 ;
2341 5735 2587 5803 quamvis
2630 5747 2724 5791 aut
2771 5748 2917 5793 metu
2953 5749 3045 5794 aut
3079 5739 3391 5796 dissimula-
