3914 6434
513 388 652 455 1047

1711 393 1771 455 S.
1804 389 2200 456 THEODOBI
2231 394 2577 457 STUDITE

3631 393 3769 459 1048

507 511 657 566 tione
687 524 746 565 se
769 508 918 581 ipsos
947 517 1175 582 tegant;
1206 517 1267 564 ut
1290 507 1536 565 divinum
1566 508 1740 565 David
1757 510 2087 565 clamantem

2201 510 2474 581 nixovopiq
2504 510 2930 581 ὑποκρύπτωσιν
2963 510 3211 575 ἑαυτούς·
3241 511 3319 577 ὡς
3368 510 3518 566 ἐστιν
3550 512 3769 569 ἀκούειν

502 601 769 657 exaudire
794 602 995 659 liceat:
1043 601 1408 657 Dinumerabo
1445 618 1532 658 eos
1576 613 1626 658 et
1666 620 1825 674 super
1869 619 2090 660 arenam

506 690 999 761 multiplicabuntur
1027 692 1094 748 ⁸³.

577 777 695 833 Non
737 781 883 836 enim
918 782 1038 839 leve
1081 792 1167 840 est
1216 800 1320 841 nec
1366 783 1667 849 occultum,
1723 783 1873 854 quod
1922 782 2092 855 impie

509 869 729 940 agitur;
758 872 855 928 sed
887 881 942 929 et
969 868 1138 946 "grave
1162 892 1389 948 prorsus
1416 886 1473 933 et
1498 891 1664 933 sensu
1694 876 1936 943 [traditis
1972 891 2091 931 ma-

508 960 793 1021 nifestum.
842 964 1281 1024 lncamationem
1349 968 1578 1033 Christi,
1635 983 1670 1023 ο
1717 968 2086 1033 sanctissime,

508 1062 777 1121 quantum
818 1056 872 1110 in
904 1057 1042 1129 ipsis
1073 1069 1179 1127 est,
1242 1070 1581 1129 everterunt,
1635 1075 1760 1115 cum
1810 1060 2091 1133 Evangelii

506 1146 1015 1214 praevaricationem
1074 1150 1130 1205 in
1182 1151 1418 1208 adulteri
1471 1152 1660 1224 copula
1693 1165 1752 1209 et
1796 1152 2090 1219 adulterio,

507 1235 800 1293 salutarem
830 1240 1092 1298 Ecclesiae
1122 1243 1586 1314 dispensationem
1617 1259 1741 1300 esse
1768 1252 2089 1308 sanxerunt,

507 1328 799 1383 anathema
827 1329 882 1384 in
912 1345 1009 1387 eos
1035 1332 1418 1396 decernentes.
1441 1335 1536 1405 qui
1571 1334 1697 1389 talia
1728 1348 1841 1388 non
1892 1332 2093 1405 proba-

508 1415 1038 1491 rent.Evangelium
1098 1438 1198 1493 per
1235 1423 1399 1480 unius
1458 1423 1705 1479 mandati
1762 1422 2090 1479 solutionem

508 1507 813 1575 solverunt,
868 1512 1200 1571 solutionem
1249 1514 1391 1570 hanc
1458 1513 1555 1570 Dei
1618 1514 2092 1586 dispensationem

508 1599 870 1668 appellantes.
907 1602 1045 1659 Nam
1090 1606 1158 1673 si,
1213 1616 1273 1661 ut
1305 1607 1575 1678 scriptum
1628 1614 1752 1662 est:
1787 1605 2095 1677 Quicunque

509 1698 674 1745 totum
699 1690 863 1763 legem
888 1698 1440 1769 servaverit,oﬁ‘endat
1464 1708 1644 1753 autem
1672 1700 1730 1753 in
1757 1715 1885 1767 uno,
1919 1699 2095 1771 {actus

507 1789 583 1836 est
621 1785 858 1839 omnium
888 1802 1005 1843 reus
1034 1788 1115 1855 “;
1171 1789 1260 1853 isti
1312 1806 1450 1847 vero
1477 1791 1713 1862 lapsum,
1746 1791 1857 1846 imo
1883 1792 2089 1862 lapsus,

510 1881 624 1927 tum
652 1874 903 1943 adulteri,
942 1887 1057 1933 tum
1082 1880 1201 1950 ejus
1226 1881 1318 1952 qui
1358 1861 1641 1937 adulteros
1692 1861 2002 1953 conjunxit,
2040 1890 2095 1937 et
2125 1861 2168 1917 Β

509 1965 755 2021 omnium
778 1968 873 2038 qui
921 1968 1172 2025 adultero
1199 1973 1568 2038 adlimserunt,
1614 1981 1936 2044 partemque
1966 1988 2094 2029 cum

508 2056 757 2113 adultero
787 2072 1124 2131 posuerunt;
1177 2079 1357 2136 neque
1378 2065 1524 2120 enim
1558 2080 1590 2120 a
1623 2080 1682 2121 se
1727 2066 1964 2122 invicem
2003 2080 2095 2121 se-

505 2149 661 2218 jungi
688 2161 919 2220 possunt
943 2154 1037 2224 qui
1093 2154 1365 2221 fecerunt,
1423 2166 1481 2212 et
1512 2157 1607 2228 qui
1655 2157 1821 2213 simul
1877 2158 2094 2229 abrepti

510 2250 678 2309 sunt;
722 2244 1143 2316 haudquaquam
1182 2262 1306 2304 reos
1339 2263 1461 2304 esse
1498 2249 1711 2314 dicunt,
1742 2249 1837 2304 sed
1869 2249 2095 2319 dispen-

510 2342 718 2391 satores
750 2335 882 2403 Dei;
938 2340 1203 2395 mentitus
1239 2348 1322 2395 est
1352 2341 1445 2410 qui
1504 2356 1626 2395 reos
1678 2356 1800 2397 esse
1857 2356 2098 2411 pronun-

513 2425 713 2492 tiavit;
764 2428 929 2482 alieni
971 2440 1155 2485 autem
1204 2442 1334 2487 sunt
1391 2446 1421 2487 a
1478 2432 1574 2487 Dei
1626 2433 2098 2504 dispensatoribus

511 2517 685 2572 sancti
738 2533 958 2589 quoque
1007 2522 1159 2590 ipsi:
1209 2523 1479 2593 siquidem
1542 2524 1725 2579 nullus
1777 2531 2095 2579 sanctorum

515 2607 607 2660 Dei
640 2607 816 2678 legem
869 2619 1243 2682 transgressus
1266 2625 1369 2681 est,
1402 2630 1525 2677 nec,
1555 2615 1601 2669 si
1644 2615 2097 2685 transgrediatur,

510 2705 734 2752 sanctus
773 2697 878 2753 dici
948 2710 1152 2769 potest.
1216 2703 1309 2756 Isti
1357 2719 1490 2758 vero
1546 2704 1603 2757 in
1664 2703 2101 2775 transgressione

511 2789 705 2861 dogma
757 2791 1092 2861 inviolabile,
1132 2803 1393 2865 tanquam
1440 2796 1533 2851 Dei
1566 2796 1772 2868 legem,
1796 2797 2102 2851 constitue-

512 2892 665 2945 runt,
694 2892 750 2937 et
786 2899 981 2941 omnes
1004 2889 1096 2956 qui
1134 2889 1267 2958 ipsis
1295 2904 1358 2942 ea
1403 2890 1458 2943 in
1490 2906 1549 2944 re
1584 2906 1691 2945 non
1725 2891 2099 2951 consentiunt,

511 2970 1078 3028 anathematizarunt.
1132 2973 1250 3030 Non
1323 2978 1679 3034 consentiunt
1741 2978 2102 3049 proculdubio

512 3061 711 3129 sancti,
737 3065 829 3134 qui
859 3066 915 3119 in
963 3068 1102 3122 etelo
1125 3070 1329 3139 quique
1372 3072 1427 3125 in
1470 3082 1611 3126 terra
1637 3082 1785 3136 sunt,
1814 3072 2099 3127 adulterio.

2189 602 2284 656 τοῦ
2312 603 2456 657 θείου
2472 602 2636 657 Δαϐὶδ
2666 598 3767 677 κράζοντοςνἜξαριθμήσομαιαῠτοὺς,

2191 696 2287 749 καί
2320 694 2474 764 ὑπὲρ
2503 695 2704 765 ἄμμον
2738 695 3300 764 πληθυνθήσονται.

2261 786 2395 839 Οὐδὲ
2420 784 2530 858 γὰρ
2561 787 2757 858 μικρόν
2785 803 2837 841 τι
2863 788 2957 841 καί
2989 786 3252 842 λανθάνον
3285 787 3345 841 τὸ
3380 786 3766 858 ἀσεϐούμενον·

2191 870 2328 924 ἀλλά
2360 870 2453 925 καὶ
2486 872 2692 945 σφόδρα
2722 873 2867 943 μέγα
2914 889 2976 926 τε
3029 875 3126 929 καὶ
3180 876 3459 947 προφανὲς
3499 877 3619 939 τοῖς
3648 875 3771 929 νοῦν

2190 961 2394 1032 έχουσι.
2450 963 2562 1035 Τὴν
2615 965 2930 1036 οἰκονομίαν
2967 966 3227 1037 Χριστοῦ,
3279 961 3324 1021 ὦ
3363 966 3661 1037 ἀγιώτατε,
3712 967 3771 1020 τὸ

2192 1052 2315 1105 καθ’
2346 1054 2575 1118 ἑαυτοὺς
2602 1055 2929 1126 ἀνέτρεψαν,
2962 1056 3064 1128 τὴν
3099 1055 3414 1127 παράϐασιν
3466 1056 3565 1111 τοῦ
3599 1058 3775 1125 Εὐαγ-

2191 1144 2371 1213 γελίου
2426 1146 2484 1199 ἐν
2527 1148 2594 1217 τῆ
2647 1145 2996 1219 μοιχοζευξίᾳ
3048 1148 3141 1201 καὶ
3196 1147 3414 1219 μοιχείᾳ
3461 1150 3775 1220 οἰκονομίαν

2195 1239 2466 1307 σωτήριον
2511 1240 2580 1310 τῇ
2625 1238 2922 1310 Ἐκκλησία
2953 1238 3401 1310 δογματίσαντες,
3453 1241 3548 1295 ὕπ’
3580 1241 3774 1294 ἀναθέ-

2197 1341 2327 1395 ματι
2359 1326 2466 1380 τῶν
2498 1326 2572 1398 μὴ
2603 1325 2746 1381 οὕτω
2794 1327 3263 1400 προσδεχομένων.
3320 1332 3395 1385 Τὸ
3440 1331 3775 1401 Εὑαγγέλιον

2193 1418 2281 1472 διὰ
2331 1418 2539 1484 λύσεως
2589 1420 2688 1490 τῆς
2727 1422 2857 1490 μιᾶς
2888 1422 3111 1493 ἐντολῆς
3142 1422 3418 1489 διέλυσαν,
3467 1424 3571 1495 τὴν
3626 1424 3778 1477 λύσιν

2194 1510 2505 1581 οἰκονομίαν
2555 1510 2690 1565 Θεοῦ
2741 1513 3179 1583 ἀποφηνάμενοι.
3220 1515 3284 1568 Εἰ
3332 1516 3441 1586 γὰρ
3470 1516 3548 1580 ὡς
3574 1517 3777 1588 γέγρα-

2195 1618 2348 1655 πται·
2382 1602 2596 1669 Ὅστις
2622 1600 2773 1656 ὅλον
2800 1602 2910 1656 τὸν
2950 1602 3142 1672 νόμον
3175 1602 3502 1672 πληρώσει,
3534 1605 3778 1659 πταίσει

2195 1694 2265 1748 δὲ
2299 1694 2370 1747 ἐν
2400 1692 2512 1757 ἐνὶ,
2554 1693 2762 1763 γέγονε
2800 1693 3044 1747 πάντων
3086 1695 3323 1763 ἔνοχος.
3383 1688 3547 1750 Οὗτοι
3598 1695 3658 1749 δὲ
3719 1696 3779 1749 τὸ

2197 1788 2466 1857 πταῖσμα,
2513 1786 2713 1857 μᾶλλον
2741 1786 2799 1840 δὲ
2831 1785 2903 1841 τὰ
2952 1786 3294 1858 πταίσματα,
3326 1788 3421 1842 τοῦ
3463 1806 3526 1843 τε
3587 1788 3779 1860 μοιχοῦ

2197 1880 2293 1934 καὶ
2329 1878 2423 1932 τοῦ
2453 1877 2859 1949 μοιχοζεύκτου,
2901 1879 3387 1950 μοιχοσυνδρόμων
3411 1896 3471 1933 τε
3514 1881 3613 1934 καὶ
3644 1880 3780 1934 ὅλων

2196 1974 2304 2029 τῶν
2339 1972 2478 2043 μετὰ
2515 1972 2706 2043 μοιχοῦ
2750 1971 2850 2043 τὴν
2904 1971 3098 2042 μερίδα
3130 1969 3374 2040 θεμένων
3395 1987 3408 2000 ·
3443 1970 3507 2023 ού
3536 1970 3649 2041 γὰρ
3668 1966 3781 2025 οἷόν

2197 2078 2256 2116 τε
2282 2062 2342 2127 ἐξ
2372 2061 2619 2132 ἀλλήλων
2648 2060 2987 2131 χωρισθῆναι
3015 2060 3144 2123 τοὺς
3174 2058 3513 2131 πράξαντας,
3535 2060 3633 2115 καὶ
3657 2063 3782 2122 τοὺς

2200 2153 2669 2225 συναπαχθέντας·
2708 2152 2808 2206 οὐκ
2856 2152 3078 2222 ἐνόχους
3100 2154 3284 2221 φασιν,
3316 2152 3432 2206 ἀλλ’
3461 2154 3782 2223 οἰκονόμους

2198 2243 2334 2300 Θεοῦ
2365 2260 2379 2275 ο
2444 2243 2705 2313 ἔψευσται
2761 2244 2789 2295 ὁ
2839 2242 3263 2313 ἀποφηνάμενος
3323 2240 3547 2311 ἐνόχους
3598 2237 3776 2294 εἶναι·

2196 2335 2605 2407 ἀλλοτριοῦνται
2641 2336 2697 2388 δὲ
2728 2335 2821 2387 καὶ
2852 2335 2902 2388 οἰ
2935 2335 3078 2403 ἆγιοι
3126 2333 3236 2387 τῶν
3265 2334 3572 2404 οἰκονόμων
3622 2333 3778 2387 Θεοῦ·

2199 2428 2280 2482 ὃτι
2308 2428 2483 2492 οὐδεὶς
2538 2429 2691 2497 ἆγιος
2734 2427 2827 2481 τὸν
2856 2426 2948 2481 τοῦ
2989 2425 3124 2480 Θεοῦ
3153 2427 3318 2497 νόμον
3364 2425 3780 2496 παραϐέϐηκεν,

2201 2520 2324 2574 οὐδὲ
2360 2519 2615 2591 παραϐὰς
2642 2519 2866 2575 δύναται
2904 2518 3190 2589 καλεῖσθαι
3225 2518 3487 2587 ἅγιος.οἰ
3512 2517 3570 2571 δὲ
3607 2517 3783 2586 δόγμα

2202 2614 2259 2665 ἐν
2292 2617 2357 2683 τῇ
2412 2612 2724 2683 παραϐάσει
2776 2612 3063 2680 ἐκθέμενοι
3102 2609 3458 2680 ἀπαράϐατον
3502 2609 3580 2672 ὡς
3621 2610 3783 2679 νόμον

2202 2702 2361 2767 Θεοῦ,
2396 2705 2491 2758 καὶ
2526 2705 2653 2768 τοὺς
2677 2703 2750 2774 μὴ
2778 2701 3238 2772 συναιρουμένους
3268 2701 3455 2764 αὐτοῖς
3487 2701 3549 2753 ἐν
3605 2700 3783 2771 τούτῳ

2202 2794 2704 2864 ἀναθεματίζοντες.
2762 2792 2838 2847 Ού
2886 2793 3212 2861 συνάρονται
3240 2791 3296 2845 δὲ
3341 2790 3589 2862 δηλονότι
3632 2792 3681 2843 οἰ
3728 2793 3783 2843 ἐν

2202 2887 2415 2960 οὐρανῷ
2448 2888 2544 2941 καὶ
2570 2888 2663 2939 ἐπὶ
2694 2885 2799 2954 γῆς
2826 2885 2974 2953 ἅγιοι
3007 2886 3073 2955 τῇ
3110 2884 3348 2955 μοιχείᾳ.
3398 2883 3645 2956 Φανερὺν
3678 2882 3785 2953 ἀρα

2202 2982 2283 3035 ὅτι
2327 2983 2393 3052 τῇ
2440 2979 2591 3033 λύσει
2640 2978 2742 3050 τῆς
2790 2980 2918 3050 μιᾶς
2950 2978 3169 3049 ἐντολῆς
3205 2976 3300 3031 τοῦ
3329 2975 3695 3045 Εὐαγγελίου,
3720 2976 3783 3027 οὺ

2208 3071 2367 3141 μόνον
2427 3069 2545 3123 ὅλον
2601 3068 2662 3122 τὸ
2710 3068 3042 3137 Εύαγγέλιον
3099 3067 3430 3138 ἀνέτρεψαν,
3461 3067 3787 3137 ὁρισάμενοι

513 3153 694 3219 Quare
712 3157 1060 3227 perspicuum
1084 3171 1168 3215 est
1188 3177 1303 3225 eos,
1327 3162 1507 3217 soluto
1525 3163 1800 3232 Evangelii
1819 3178 1927 3218 uno
1949 3179 2096 3217 man-

2207 3162 2377 3233 αὐτὴν
2406 3161 2695 3224 συνοδικῶς
2726 3160 3037 3231 οἰκονομίαν
3068 3160 3337 3229 σωτήριον
3357 3161 3423 3230 τῇ
3460 3157 3785 3229 Ἐκκλησία,

513 3247 661 3311 dato,
697 3263 807 3302 non
841 3250 1015 3304 solum
1064 3250 1419 3323 Evangelium
1459 3263 1631 3308 totum
1680 3255 1967 3318 evertisse.
2017 3269 2096 3308 sa-

2210 3253 2392 3317 θέντες
2414 3254 2578 3323 νόμον
2604 3251 2982 3322 ἀπαράϐατον,
3007 3252 3068 3305 τὸ
3088 3252 3463 3318 καθ’ἐαυτοὺς,
3486 3251 3579 3304 ἐπὶ
3603 3250 3789 3317 πάσης

514 3340 748 3394 lutarem
804 3342 1065 3398 Ecclesiae
1103 3345 1573 3414 dispensationem
1612 3347 1753 3401 hanc
1781 3361 1905 3402 esse
1945 3363 2096 3419 syno-

2208 3348 2429 3418 ἐντολῆς
2474 3346 2960 3418 παραϐαινομένης
3005 3344 3320 3415 οἰκονομίαν
3374 3345 3627 3415 γίνεσθαι
3687 3344 3788 3413 τὴν

515 3432 637 3485 dice
664 3432 995 3500 deﬁniendo,
1047 3436 1354 3507 legemque.
1393 3438 1539 3508 quod
1590 3439 1644 3493 in
1687 3439 1819 3509 ipsis
1857 3439 1983 3507 fuit,
2016 3440 2096 3495 in-

2206 3440 2412 3510 ταύτης
2443 3438 2783 3507 παράϐασιν,
2816 3435 2953 3506 ὁμοῦ
2984 3452 3043 3488 τε
3075 3437 3171 3489 καὶ
3207 3436 3572 3506 ὀνομάζεσθαι
3592 3454 3609 3469 ο
3652 3436 3791 3490 ἀλλά

517 3518 824 3576 violabilem
855 3524 1177 3588 sanciendo,
1208 3528 1261 3581 in
1295 3528 1444 3582 omni
1478 3529 1730 3584 mandato
1750 3530 1897 3600 quod
1936 3531 2096 3585 viole-

2207 3530 2316 3600 γὰρ
2376 3528 2471 3583 καὶ
2525 3528 2653 3590 τοὺς
2705 3524 2896 3591 ἁγίους
2945 3526 3020 3595 μὴ
3059 3526 3477 3595 προσῖεμένους,
3533 3527 3619 3580 ὅτι
3654 3526 3789 3598 μηδὲ

522 3622 632 3679 tur,
695 3614 1045 3671 violationem
1087 3618 1261 3688 ipsam
1319 3621 1788 3691 dispensationem
1864 3638 2005 3688 esse,
2040 3639 2096 3678 at

2206 3622 2338 3684 Θεὸς
2370 3621 2489 3674 κατ’
2516 3617 2735 3683 αὐτοὺς,
2762 3615 3185 3688 ἀνεθεμάτισαν.

518 3709 874 3778 nuncupari:
911 3726 1100 3766 verum
1139 3714 1305 3767 etiam
1351 3725 1569 3771 sanctos
1603 3732 1714 3772 non
1780 3718 2209 3783 consentientes,
2273 3718 2531 3788 quoniam
2597 3730 2701 3771 nec
2742 3715 2883 3770 Deus
2925 3711 3220 3778 consentit,
3255 3726 3355 3767 suo
3396 3713 3607 3783 judicio
3666 3728 3791 3769 ana.

529 3806 935 3863 thematizasse.

594 3900 672 3951 Ac
696 3896 917 3953 demum
947 3900 1077 3969 quid
1128 3901 1375 3971 pluribus
1404 3920 1540 3974 opus
1573 3915 1680 3970 est,
1723 3921 1846 3960 cum
1879 3906 2096 3977 epistola

2276 3906 2388 3962 Καὶ
2419 3904 2608 3969 ἁπλῶς
2631 3906 2685 3959 τί
2717 3902 2892 3958 πολλά
2939 3902 3141 3972 λέγειν,
3180 3901 3255 3974 μὴ
3293 3903 3651 3974 ἐγχωρούσης
3691 3905 3790 3973 τῆς

520 4004 715 4059 capere
746 4006 855 4045 non
886 3994 1097 4062 possit?
1124 3994 1386 4051 Perversa
1414 4008 1469 4051 et
1494 3998 1613 4051 dira
1629 3999 1812 4067 opinio
1834 3998 1888 4052 in
1921 3998 2096 4056 Eccle-

2205 4000 2491 4068 ἐπιστολῆς
2517 3998 2763 4068 δέχεσθαι
2786 4016 2801 4064 ;
2828 3996 3053 4067 Χαλεπὴ
3094 3993 3385 4059 κακοδοξία
3418 3994 3787 4067 ὲδογματίσθη

521 4082 653 4137 siam
682 4092 918 4139 nostram
953 4085 1164 4141 invecta
1210 4099 1310 4144 est.
1358 4090 1589 4145 Hreresis
1620 4091 1724 4145 ista
1751 4089 2096 4146 Mmchianica

2208 4096 2265 4148 ἐν
2315 4096 2382 4163 τῇ
2438 4092 2557 4145 καθ’
2592 4094 2739 4161 ἡμᾶς
2782 4090 3100 4160 Ἐκκλησία.
3132 4087 3280 4158 Αὕτη
3338 4089 3371 4158 ή
3429 4086 3787 4158 Μοιχειανικὴ

523 4190 629 4229 una
659 4190 783 4230 cum
808 4175 1083 4249 Evangelii
1114 4180 1504 4247 destructione,
1534 4190 1592 4236 et
1621 4196 1858 4237 canones
1891 4182 2096 4237 divinos

2208 4187 2417 4257 αἵρεσις
2453 4184 2571 4255 ἅμα
2600 4185 2668 4254 τῇ
2701 4184 2981 4252 ἀνατροπῇ
3021 4179 3115 4233 τοῦ
3154 4176 3505 4248 Εὐαγγελίου,
3537 4178 3634 4231 καὶ
3665 4181 3789 4242 τοὺς

521 4281 622 4336 per
659 4266 804 4322 illius
843 4268 937 4338 qui
960 4268 1027 4323 ab
1054 4271 1135 4324 eis
1186 4271 1468 4341 depositus
1499 4271 1696 4339 fuerat,
1726 4272 2096 4328 adulterorum

2205 4276 2382 4336 θείους
2439 4274 2671 4337 κανόνας
2718 4272 2805 4325 διὰ
2854 4271 2955 4337 τῆς
2986 4269 3288 4332 ἀθωὼσεως
3319 4268 3413 4321 τοῦ
3441 4269 3573 4336 παρ’
3607 4270 3789 4323 αὐτῶν

523 4358 853 4427 copulatoris
876 4360 1270 4417 absolutionem
1308 4363 1572 4420 dissolvit.
1612 4365 1824 4420 Etenim
1857 4366 1901 4421 si
1933 4364 2101 4418 Evan-

2204 4370 2589 4443 καθῃρημένου
2647 4366 3033 4440 μοιχοζεύκτου
3090 4364 3410 4418 διαλύσασα.
3449 4362 3511 4415 Εἰ
3566 4365 3679 4435 γὰρ
3730 4364 3789 4417 τδ

521 4450 719 4521 gelium
745 4452 1117 4523 neglexerunt,
1156 4455 1390 4510 otiosum
1442 4456 1547 4510 illis
1576 4456 1769 4516 luisset
1813 4458 1880 4512 de
1934 4457 2096 4517 sacris

2206 4463 2539 4531 Εὑαγγέλιον
2570 4460 2862 4531 ἠθέτησαν,
2902 4456 3066 4527 σχολὴ
3115 4457 3297 4520 αὐτοῖς
3329 4456 3456 4526 περὶ
3484 4454 3597 4508 τῶν
3627 4456 3789 4526 ἰερῶν

522 4543 824 4597 canonibus
859 4559 979 4598 esse
1040 4545 1325 4601 sollicitos.
1386 4543 1512 4601 Haec
1545 4546 1708 4617 igitur
1753 4562 1875 4601 cum
1905 4546 2105 4602 saluta-

525 4632 670 4686 tione
697 4634 1006 4703 paternitati
1054 4646 1160 4690 tua:
1187 4651 1478 4709 suggerere
1516 4639 1882 4694 necessarium
1913 4637 2103 4693 existi-

520 4726 686 4790 mavi,
718 4735 778 4781 ut
808 4728 1058 4782 haeresim
1088 4743 1208 4783 esse
1242 4729 1572 4802 intelligens,
1625 4731 1872 4785 haeresim
1907 4730 2100 4800 fugiat,

520 4821 637 4876 sive
668 4823 975 4890 liaareticos,
1009 4823 1082 4877 ita
1106 4834 1164 4879 ut
1189 4841 1292 4881 nec
1318 4841 1441 4880 cum
1469 4828 1550 4882 eis
1584 4827 1971 4893 communicet,
2000 4840 2103 4879 nec

521 4930 618 4969 eos
648 4916 703 4969 in
734 4915 919 4970 divina
959 4916 1172 4988 liturgia
1216 4928 1607 4974 commemoret
1660 4919 1716 4973 in
1756 4907 2099 4990 religiosissi-

520 5022 611 5061 mo
658 5009 990 5064 monasterio
1024 5025 1124 5064 suo
1176 5027 1191 5063 :
1249 5011 1503 5081 quoniam
1577 5011 1823 5083 ingentes
1879 5012 2101 5066 minaza

523 5098 724 5152 sanctis
779 5098 1112 5155 denuntiatae
1162 5109 1288 5154 sunt
1321 5101 1388 5156 iis
1435 5102 1683 5171 quicum
1746 5117 1808 5156 ea
1866 5102 1949 5157 vel
1980 5102 2102 5157 cibo

524 5200 686 5247 tenus
729 5195 1075 5266 participant.
1133 5196 1289 5263 Quod
1320 5198 1364 5251 si
1414 5207 1625 5266 quaerat
1676 5198 1933 5253 sanctitas
1983 5208 2098 5262 tua,

522 5285 650 5353 quid
679 5300 857 5341 causa:
885 5288 973 5353 sit,
999 5303 1099 5342 cur
1130 5289 1247 5344 haec
1286 5289 1386 5360 ipsi
1412 5298 1537 5344 ante
1591 5289 1961 5360 captivitatem
1991 5305 2100 5344 non

521 5376 839 5443 dixerimus,
871 5380 966 5434 sed
988 5387 1042 5434 et
1066 5378 1485 5451 Byzantinorum
1526 5381 2097 5436 commemorationem

521 5468 621 5536 ipsi
651 5469 983 5539 fecerimus;
1034 5475 1140 5528 hoc
1171 5474 1391 5540 habeto,
1443 5473 1711 5544 synodum
1750 5491 1815 5528 eo
1854 5483 2099 5543 tempore

521 5552 763 5615 nondum
814 5574 1055 5619 coactam
1090 5566 1278 5629 fuisse,
1325 5582 1427 5621 nec
1479 5566 1877 5635 promulgatum
1920 5567 2099 5620 adhuc

518 5667 751 5724 pravum
779 5655 973 5726 dogma
1022 5666 1077 5711 et
1123 5658 1432 5713 anathema.
1478 5657 1544 5712 Et
1573 5668 1700 5713 ante
1752 5658 1869 5714 haec
1921 5665 2097 5716 tutum

596 5821 639 5852 ³³
672 5819 812 5876 Psal.
854 5836 1112 5888 cxsxvtn,
1148 5823 1230 5879 l8.
1312 5824 1355 5855 ⁸ο
1381 5822 1495 5879 Jac.
1532 5837 1592 5890 ll,
1628 5822 1713 5878 lO.

2206 4554 2451 4607 κανόνων
2479 4551 2804 4622 φροντίζειν.
2841 4546 3027 4603 Ταῦτα
3051 4544 3145 4601 οὖν
3181 4547 3278 4602 σὺν
3304 4550 3370 4617 τῇ
3418 4550 3786 4619 προσηγορίᾳ,

2205 4647 2500 4714 ἀναγκαῖον
2540 4644 2766 4713 ἐνόμισα
2810 4640 3121 4712 ὑπομνῆσαι
3144 4639 3243 4711 τὴν
3272 4637 3637 4711 πατρωσύνην
3670 4656 3784 4692 σου·

2204 4740 2352 4803 ὅπως
2402 4736 2573 4790 εἰδυῖα
2624 4738 2705 4789 ὅτι
2739 4734 2973 4807 αἵρεσις,
3000 4731 3176 4803 φεύγῃ
3207 4731 3305 4802 τὴν
3349 4731 3585 4803 αἵρεσιν,
3616 4731 3788 4803 ἤγουν

2201 4830 2327 4893 τοὺς
2381 4827 2712 4899 αἰρετικούςο
2745 4825 2838 4880 τοῦ
2874 4827 3009 4897 μήτε
3059 4825 3332 4877 κοινωνεῖν
3370 4824 3577 4887 αὐτοῖς,
3643 4824 3787 4895 μήτε

2204 4920 2495 4990 ἀναφέρειν
2541 4921 2601 4973 ἐν
2652 4920 2718 4990 τῇ
2778 4916 3123 4989 εὐαγεστάτῃ
3154 4916 3325 4985 αὐτῆς
3374 4917 3510 4987 μονῇ
3558 4915 3656 4967 ἐπὶ
3689 4915 3787 4984 τῆς

2203 5014 2352 5076 θείας
2402 5012 2742 5082 λειτουργίας
2774 5025 2787 5039 ·
2842 5010 2924 5062 ὃτι
2980 5008 3236 5079 μέγισται
3290 5007 3513 5062 ἀπειλαὶ
3572 5010 3786 5062 κεῖνται

2205 5105 2356 5175 παρὰ
2388 5104 2497 5157 τῶν
2532 5105 2702 5172 ἁγίων
2734 5099 3133 5172 ἐκφωνηθεῖσαι
3162 5101 3275 5163 τοῖς
3317 5099 3789 5175 συγκαταϐαίνουο

2206 5213 2290 5250 σιν
2317 5198 2452 5267 αὐτῇ
2489 5195 2651 5267 μέχρι
2681 5197 2775 5248 καὶ
2805 5192 3124 5256 ἑστιάσεως.
3155 5192 3218 5244 Εἰ
3245 5190 3301 5245 δὲ
3339 5191 3476 5264 λέγῃ
3506 5193 3539 5261 ἡ
3568 5192 3789 5261 ὁσιότης

2206 5306 2321 5353 σου,
2346 5288 2461 5351 πῶς
2495 5289 2632 5359 αὐτῇ
2660 5287 2765 5357 πρὸ
2786 5286 2883 5356 τῆς
2910 5284 3202 5354 λεηλασίας
3222 5283 3382 5337 τοῦτο
3404 5284 3507 5336 οὐκ
3531 5284 3787 5354 εἴπομεν,

2207 5380 2319 5433 ἀλλ’
2350 5381 2430 5432 ὅτι
2461 5379 2552 5431 καὶ
2587 5380 2744 5450 ἡμεῖς
2779 5376 3225 5448 ἐμνημονεύομεν
3252 5375 3359 5428 τῶν
3389 5377 3447 5427 ἐν
3476 5378 3543 5445 τῇ
3580 5375 3790 5440 Βυζαν-

2204 5473 2330 5527 τίδι·
2366 5473 2539 5525 έκεῖνο
2584 5470 2917 5538 γινωσκέτω·
2966 5470 3047 5522 ὅτι
3097 5466 3250 5521 οῦπω
3295 5465 3511 5530 σύνοδος
3543 5462 3635 5537 ἦν,
3668 5468 3790 5522 ούδέ

2207 5564 2519 5634 ἐκφωνητὸν
2547 5563 2758 5634 ὑπῆρχε
2798 5561 2859 5614 τὸ
2893 5560 3130 5632 πονηρὸν
3157 5560 3334 5629 δόγμα
3383 5561 3479 5612 καὶ
3512 5559 3786 5632 ἀνάθεμα.

2206 5655 2318 5710 Καὶ
2384 5655 2489 5723 πρὸ
2545 5652 2747 5709 τούτων
2797 5652 2896 5705 οὐκ
2932 5646 2998 5723 ἦν
3049 5649 3288 5721 ἀσφαλὲς
3315 5649 3624 5720 ἀποστῆναι
3678 5650 3790 5706 τῶν
