3914 6442
131 398 270 464 1049

1332 393 1871 456 EPISTOLARUM
1924 397 2073 457 LIB.
2106 395 2156 456 Ι.

3252 394 3393 461 1050

129 509 590 583 παρανομούντων
638 507 880 574 τελείως,
921 508 954 579 ἢ
1003 507 1064 562 τὸ
1111 507 1335 578 φεύγειν
1393 512 1556 581 μόνον
1605 516 1704 580 τὴν

1827 527 1915 565 ion
1938 511 2352 567 eratdiscedere
2383 509 2603 581 penitus
2627 524 2657 565 a
2679 510 3182 581 prevaricantibns,
3200 513 3284 568 vel
3313 529 3397 568 so-

132 605 385 675 προφανῆ
443 601 728 656 κοινωνίαν
766 600 968 667 αὐτῶν,
994 601 1278 672 οἰκονομίᾳ
1319 601 1376 654 δὲ
1419 602 1708 674 πρεπούσῃ

130 695 424 767 ἀναφέρειν
447 694 551 757 ἕως
577 692 792 764 καιροῦ.

214 788 372 854 Ἐπεὶ
397 787 454 840 δὲ
493 785 716 856 ἐξῆλθεν
739 786 820 848 είς
846 782 1124 856 προῦπτον
1151 786 1183 856 η
1207 784 1459 857 αἰρετικὴ
1487 784 1711 840 ἀσέϐεια

128 879 216 932 διὰ
265 877 484 932 συνόδου
523 878 602 941 είς
636 875 965 946 τούμφανὲς,
1017 875 1098 928 δεῖ
1135 875 1256 947 ἀρτι
1308 876 1405 929 καὶ
1450 875 1550 947 τὴν
1613 877 1711 946 σὴν

129 970 421 1024 εὐλάϐειαν
487 968 584 1023 σῦν
646 971 812 1022 πᾶσιν
871 967 1175 1036 ὀρθοδόξοις
1235 969 1711 1040 παρρησιάζεσθαι

127 1063 220 1114 διὰ
245 1061 341 1115 τοῦ
375 1061 448 1132 μὴ
473 1063 752 1114 κοινωνεῖν
773 1062 887 1123 τοῖς
909 1060 1246 1125 κακοδόξοις,
1264 1060 1398 1131 μηδὲ
1418 1061 1714 1132 ἀναφέρειν

125 1155 250 1207 τινὰ
305 1153 414 1207 τῶν
457 1155 515 1206 ἐν
556 1157 621 1224 τῇ
695 1151 1058 1223 μοιχοσυνόδῳ
1113 1150 1522 1222 εύρεθέντων,ἢ
1583 1154 1714 1223 ὁμο-

127 1244 477 1316 φρονούντων
509 1245 669 1314 αὐτῇ.
703 1244 877 1311 Καίγε
907 1242 1136 1306 δίκαιον,
1166 1241 1280 1295 ὃσιε
1324 1243 1527 1314 Πάτερ,
1572 1244 1713 1297 κατὰ

129 1339 311 1390 πάντα
365 1353 423 1389 σε
461 1336 591 1389 δντα
620 1333 956 1404 φερωνύμως
1005 1332 1284 1401 Θεόφιλον,
1320 1332 1495 1401 φιλεῖν
1533 1335 1626 1388 καὶ
1657 1337 1716 1388 ὲν

126 1427 308 1496 τούτῳ
333 1427 427 1479 τὸν
450 1426 604 1480 Θεόν.
623 1422 881 1495 Ἐχθροὺς
905 1424 1011 1493 γὰρ
1045 1423 1180 1476 Θεοῦ
1220 1425 1248 1477 ὁ
1305 1425 1714 1498 Χρυσόστομος,

126 1519 191 1571 ού
217 1517 381 1586 μόνον
409 1517 535 1579 τοὺς
564 1514 899 1585 αῖρετικοὺς.
939 1514 1077 1569 ἀλλὰ
1109 1514 1208 1568 κα)⁸
1250 1516 1376 1578 τοὺς
1399 1518 1511 1580 τοῖς
1545 1516 1718 1570 τοιού·

126 1625 240 1669 τοις
271 1605 699 1672 κοινωνοῦντας,
753 1605 968 1678 μεγάλῃ
995 1607 1090 1658 καὶ
1127 1606 1293 1678 πολλῇ
1323 1609 1390 1678 τῇ
1419 1611 1569 1680 φωνῇ
1615 1611 1721 1664 ἀπο

131 1701 399 1770 εφήνατο.
436 1700 546 1754 Καὶ
573 1699 670 1753 ὲάν
701 1701 734 1770 ἡ
771 1698 837 1770 σὴ
866 1699 1165 1770 στερρότης
1191 1699 1292 1752 οὐκ
1329 1699 1719 1770 ἀσφαλισηται,

127 1795 212 1857 τίς
250 1792 440 1846 λοιπὸν
481 1791 819 1862 σωθήσεται;
871 1792 966 1845 καὶ
1013 1791 1109 1844 ἐὰν
1137 1791 1165 1843 ὁ
1196 1792 1722 1867 παρρησιασάμενος

127 1883 362 1954 δυνάμει
411 1882 568 1949 Θεοῦ,
623 1883 700 1946 ὡς
752 1883 940 1951 ἆγιοςρ
987 1883 1128 1952 πλὴν
1176 1869 1390 1946 τελείας
1426 1883 1714 1954 αἱρέσεως,

128 1975 255 2046 ἄρτι
300 1976 442 2044 μετὰ
490 1975 591 2046 τὴν
638 1975 853 2044 αἵρεσιν
885 1975 1274 2038 ὑποστείληται
1306 1989 1320 2004 ο
1376 1959 1490 2036 πῶς
1530 1974 1718 2046 ἔτερος

129 2067 398 2137 τολμήσει
425 2065 619 2136 γρύξαι
645 2082 660 2131 ;
692 2066 785 2118 καὶ
819 2065 915 2118 ἐὰν
942 2065 1003 2118 τὸ
1043 2063 1330 2136 μοναδικὸν
1379 2062 1569 2133 τάγμα
1616 2065 1718 2136 ούχ

129 2159 415 2227 ἡγήσηται
461 2159 640 2212 πάντα
695 2156 979 2210 σκύϐαλα·
1019 2155 1356 2226 μοναστήρια
1407 2155 1571 2223 λέγω,
1624 2158 1720 2210 καὶ

131 2263 314 2300 παντα
365 2246 435 2299 τὰ
483 2247 627 2317 περὶ.
661 2246 801 2300 αὑτά
834 2262 847 2276 ·
903 2246 1021 2306 πῶς
1075 2243 1263 2307 λαῖκδς
1311 2247 1718 2317 καταφρονήσει

131 2341 417 2406 γυναικὸς,
448 2340 676 2403 τέκνων,
713 2339 805 2391 καὶ
831 2338 940 2392 τῶν
963 2338 1142 2392 ἄλλων
1170 2353 1185 2403 ;

201 2524 296 2575 Διὸ
341 2520 785 2591 ὑπομιμνῄσκω,
819 2520 895 2584 ὡς
923 2520 1208 2592 ἐλάχιστος
1232 2523 1458 2594 ἀδελφὸς
1499 2526 1591 2578 καὶ
1626 2525 1720 2579 τέ-

132 2631 285 2679 κνον,
324 2614 399 2684 μὴ
432 2615 768 2682 σιγήσωμεν.
795 2612 882 2665 ἴνα
918 2614 992 2684 μὴ
1023 2617 1240 2686 κραυγὴ
1271 2617 1519 2688 Σοδόμων
1546 2619 1718 2686 γενώ-

135 2707 278 2775 μεθα
302 2723 316 2738 ο
358 2705 434 2776 μὴ
458 2703 776 2773 φεισώμεθα
804 2704 914 2757 τῶν
947 2707 1118 2770 κάτω,
1145 2707 1230 2760 ἵνα
1260 2707 1333 2777 μὴ
1363 2708 1719 2779 ἀπολέσωμεν

132 2801 200 2852 τὰ
256 2799 405 2853 άνω⁸
462 2797 538 2866 μὴ
581 2795 765 2866 Θῶμεν
817 2797 1114 2850 σκάνδαλον
1153 2801 1219 2869 τῇ
1277 2799 1576 2872 Ἐκκλησία
1626 2800 1718 2853 τοῦ

133 2889 296 2956 Θεοῦ,
323 2893 446 2960 ἠτις
481 2888 597 2942 ἐστὶ
639 2888 735 2941 καὶ
774 2891 831 2942 ὲν
876 2891 1056 2960 τρισὶν
1095 2891 1398 2962 ὀρθοδόξοις
1425 2893 1717 2962 ὁριζομένη

137 2982 283 3033 κατὰ
326 2979 452 3042 τοὺς
491 2978 683 3047 ἁγίους
704 2995 717 3008 ·
747 2979 838 3034 ἴνα
867 2982 944 3050 μὴ
970 2983 1036 3050 τῇ
1069 2982 1344 3050 ἀποφάσει
1385 2981 1480 3035 τοῦ
1513 2983 1718 3054 Κυρίου

137 3069 656 3141 καταδικασθῶμεν.
689 3071 802 3126 Καὶ
843 3073 905 3124 ού
953 3072 1021 3126 δι’
1068 3074 1258 3126 ἑαυτὸν
1305 3074 1482 3128 ταῦτά
1525 3076 1720 3146 φημιὸ

1808 603 2084 658 lummodo
2101 611 2344 674 apertam
2362 602 2575 658 illorum
2595 604 3033 658 communionem
3053 602 3319 675 refugere.
3341 613 3398 660 et

1810 695 2129 765 congruenti
2159 695 2562 764 dispensatione
2597 695 2662 748 ad
2691 703 2907 765 tempus
2943 709 3394 750 commemorare.

1882 789 1953 840 At
2008 795 2294 856 postquam
2353 785 2601 856 impietas
2661 786 2912 840 haeretica
2969 801 3067 857 per
3121 786 3397 856 Synodum

1811 881 1868 936 in
1919 889 2169 952 apertum
2213 896 2361 935 nunc
2408 880 2622 951 erupit,
2674 880 2986 951 religionem
3037 888 3186 934 tuam
3237 895 3400 950 opor-

1812 982 1910 1037 tet,
1948 987 2058 1027 una
2099 988 2224 1027 cum
2249 971 2460 1026 caeteris
2507 972 2844 1037 orlhodoxis,
2874 971 3046 1026 libere
3076 986 3261 1042 agere,
3288 963 3393 1026 ιιεέ

1818 1064 2278 1119 communicando
2308 1078 2431 1118 cum
2482 1063 2772 1127 haereticis,
2831 1078 2934 1118 nec
2983 1063 3147 1117 ullius
3193 1077 3396 1117 nomen

1815 1154 2293 1212 commemorando
2326 1169 2392 1210 ex
2445 1154 2533 1218 iis,
2564 1154 2654 1223 qui
2711 1153 3136 1223 mmchosynodo
3195 1153 3392 1208 adfue-

1815 1257 1964 1312 runt,
1992 1256 2086 1301 aut
2110 1247 2202 1317 qui
2234 1248 2375 1301 idem
2401 1260 2526 1301 cum
2554 1261 2616 1300 ca
2637 1246 2902 1300 sentiunt.
2936 1244 3002 1300 Et
3025 1261 3241 1315 aequum
3265 1261 3400 1302 sane

1816 1347 1920 1405 est,
1954 1337 2117 1393 Pater
2155 1348 2364 1403 sancte,
2394 1348 2455 1393 ut
2497 1338 2589 1407 qui
2645 1338 2697 1392 in
2733 1338 3009 1402 omnibus,
3043 1354 3140 1407 pro
3188 1338 3400 1392 ratione

1816 1429 2058 1484 nominis
2101 1429 2204 1496 tui,
2263 1427 2603 1500 Theophilus
2632 1445 2711 1491 es,
2761 1428 2863 1483 hac
2912 1430 3080 1483 etiam
3136 1430 3190 1483 in
3247 1439 3400 1499 parte

1819 1521 1991 1577 Deum
2019 1536 2185 1575 ames.
2217 1519 2471 1576 Inimicos
2499 1522 2646 1576 enim
2673 1519 2768 1575 Dei
2813 1521 3257 1593 Chrysostomus,
3287 1536 3397 1576 non

1822 1614 2112 1668 haareticos
2168 1614 2368 1678 solum,
2412 1614 2508 1668 sed
2557 1628 2750 1669 omnes
2799 1615 2962 1668 etiam
3003 1613 3094 1682 qui
3129 1629 3252 1668 cum
3295 1614 3400 1667 illis

1822 1706 2249 1768 communicant,
2287 1720 2480 1776 magna
2529 1714 2586 1761 et
2622 1705 2768 1760 clara
2814 1719 2949 1760 voce
2998 1704 3398 1774 pronuntiavit.

1825 1794 1980 1860 Quod
2020 1793 2124 1849 nisi
2146 1794 2452 1849 constantia
2482 1802 2572 1847 tua
2608 1794 2816 1849 stabilis
2843 1802 3183 1863 permaneat,
3213 1792 3402 1862 ecquis

1825 1887 2047 1942 demum
2098 1886 2432 1941 salvabitur?
2477 1895 2552 1952 et,
2600 1886 2645 1940 si
2677 1886 2722 1940 is
2777 1885 2870 1956 qui
2926 1885 3020 1939 Dei
3078 1885 3302 1948 virtute,
3342 1895 3402 1938 ut

1818 1988 2059 2042 sanctus,
2098 1975 2346 2032 ﬁduciam
2383 1991 2495 2046 pra:
2527 1991 2586 2030 se
2617 1975 2741 2030 tulit
2791 1984 2918 2030 ante
2961 1975 3180 2045 plenam
3224 1975 3402 2029 luere-

1819 2065 1943 2130 sim,
1974 2079 2123 2118 nunc
2149 2073 2276 2134 post
2321 2065 2574 2119 haeresim
2617 2064 2885 2135 ignaviter
2929 2079 2989 2118 se
3033 2073 3226 2135 gerat;
3267 2077 3405 2133 quo-

1819 2156 1980 2211 modo
2013 2157 2152 2211 alius
2184 2157 2396 2211 hiscere
2427 2156 2691 2211 audebit?
2717 2165 2770 2210 et
2809 2155 2915 2210 nisi
2967 2156 3104 2210 ordo
3137 2155 3403 2211 monasti-

1819 2263 1917 2303 cus
1941 2247 2124 2302 omnia
2147 2248 2445 2302 arbitretur
2480 2257 2541 2300 ut
2567 2256 2841 2309 stercora;
2877 2249 3214 2300 monasteria
3252 2247 3398 2316 dico,

1819 2347 1874 2392 et
1893 2347 2090 2392 cuncta
2116 2353 2237 2407 qua:
2264 2336 2316 2390 in
2343 2336 2422 2390 eis
2451 2345 2580 2391 sunt
2605 2353 2619 2401 ;
2649 2338 2922 2406 quomodo
2945 2337 3116 2391 laicus
3148 2351 3400 2406 uxorem,

1820 2430 2040 2494 liberos,
2066 2440 2123 2482 et
2143 2438 2340 2483 caetera
2376 2429 2736 2483 contemnet?

1889 2520 2253 2586 Quamobrem
2294 2519 2582 2581 admoneo,
2629 2528 2688 2574 ut
2734 2521 2997 2577 minimus
3028 2520 3195 2577 frater
3234 2538 3300 2577 ac
3335 2523 3400 2576 li-

1820 2612 1962 2678 lius,
2026 2625 2368 2680 nequaquam
2425 2611 2702 2675 sileamus,
2735 2626 2806 2666 ne
2860 2611 3066 2665 clamor
3119 2613 3401 2667 Sodomo-

1821 2721 1944 2759 rum
1982 2705 2198 2769 simus;
2238 2718 2580 2772 nequaquam
2648 2703 2882 2756 terrenis
2939 2719 3263 2772 parcamus,
3331 2719 3401 2758 ne

1822 2793 2062 2848 cmlestia
2123 2793 2482 2860 amittamus;
2548 2807 2890 2861 nequaquam
2946 2794 3263 2848 scandalum
3302 2795 3400 2849 de-

1821 2900 1944 2940 mus
2004 2882 2262 2939 Ecclesiae
2319 2883 2452 2949 Dei,
2528 2899 2690 2952 quam
2768 2883 2853 2938 vel
2909 2893 3019 2939 tres
3070 2885 3398 2949 orthodoxi,

1821 2985 2136 3033 sanctorum
2167 2975 2458 3042 sententia,
2490 2976 2868 3040 constituunt,
2915 2991 2986 3030 ne
3035 2975 3246 3030 Domini
3301 2977 3400 3031 de-

1825 3078 1974 3125 creto
2018 3068 2468 3122 condemnemur.
2503 3066 2693 3136 Neque
2745 3067 2861 3122 haec
2912 3082 3018 3139 ego
3069 3070 3235 3124 miser
3281 3085 3402 3124 mea

136 3165 344 3226 τάλαςο
389 3163 516 3231 ἐμοὶ
545 3164 689 3234 γὰρ,
739 3165 788 3216 εί
830 3164 924 3217 καὶ
969 3165 1242 3236 τολμηρὸν
1286 3167 1479 3233 εἰπεῖν,
1516 3167 1611 3219 καὶ
1666 3169 1721 3221 τὴ

1827 3174 1988 3214 causa
2012 3158 2136 3212 dico
2165 3175 2178 3212 :
2206 3158 2340 3212 mihi
2367 3157 2534 3218 enim,
2567 3157 2780 3211 tametsi
2831 3157 3007 3212 audax
3054 3159 3262 3213 dictum
3294 3172 3401 3226 est,

136 3255 438 3312 ἀποθανεῖν
489 3254 630 3325 ὑπὲρ
659 3257 758 3325 τῆς
798 3254 1056 3325 ἀληθείας
1098 3256 1288 3324 κέρδος
1321 3259 1416 3310 καὶ
1450 3259 1594 3329 χαρὰ
1633 3260 1726 3312 καὶ

139 3350 278 3418 ζωή.
340 3346 471 3416 Εἴγε
527 3346 912 3417 δυναμωθείην
972 3349 1094 3411 ταῖς
1156 3351 1327 3419 ἱεραῖς
1398 3353 1726 3422 προσευχαῖς

139 3441 336 3511 ὑμῶν’
377 3439 517 3492 ἀλλὰ
561 3439 650 3492 διά
697 3439 795 3508 τὴν
835 3442 894 3492 ὲν
929 3443 1062 3510 ἡμῖν
1101 3443 1322 3512 ἀγάπην
1365 3443 1600 3513 ἀρχαίαν
1635 3445 1728 3496 καὶ⁹

142 3531 553 3601 πνευματικὴν,
591 3530 772 3584 καὶτὸ
805 3534 956 3602 κοινῇ
987 3534 1289 3604 συμφέρον.
1320 3533 1384 3587 Ei
1417 3535 1523 3605 γὰρ
1546 3537 1574 3587 ὸ
1602 3535 1728 3600 Υίὸς

139 3622 238 3675 τοῦ
284 3622 424 3676 Θεοῦ
466 3625 494 3677 ὁ
524 3622 730 3694 Κύριος
779 3625 874 3676 καὶ
922 3624 1197 3690 Δεσπότης
1236 3625 1491 3680 ἁπάντων
1536 3629 1728 3683 ἑαυτὸν

141 3715 451 3784 ἀνήνεγκεν
481 3713 625 3784 ὑπὲρ
655 3713 875 3765 πάντων
898 3713 977 3784 τῷ
1015 3714 1134 3785 Θεῷ
1165 3717 1260 3769 καὶ
1289 3718 1464 3790 Πατρὶ
1495 3718 1687 3773 Θυσίαν
1711 3736 1723 3751 ·

141 3806 195 3859 τί
225 3805 522 3875 ὀφείλομεν
557 3805 716 3874 ἡμεῖς
743 3844 757 3868 ,
809 3805 903 3856 καὶ
951 3804 1118 3858 πόσον
1148 3807 1208 3859 ού
1243 3809 1626 3879 χρεωστοῦμεν
1659 3810 1728 3864 δι’

141 3900 314 3953 αὐτὸν
348 3898 539 3952 παθεῖν
568 3897 664 3950 καὶ
696 3897 1025 3966 ύπομεῖναις
1058 3901 1168 3953 Καί
1203 3917 1264 3969 γε
1308 3902 1358 3954 οί
1402 3903 1727 3971 μονάζοντες

143 3994 240 4045 καὶ
273 3995 342 4062 τῇ
373 3992 622 4060 ὰποταγῇ
649 3990 1054 4060 σταυρωθέντες
1074 4009 1088 4023 ·
1108 3993 1161 4046 οἵ
1186 4010 1248 4061 γε
1279 3994 1492 4061 άληθῶς
1515 3998 1604 4048 καὶ
1629 3997 1728 4050 ούκ

143 4085 427 4154 ανονήτως
475 4083 916 4153 ἀποταξάμενου
969 4085 1095 4138 ἐπεὶ
1128 4087 1204 4158 μὴ
1236 4087 1345 4140 ἀπὸ
1385 4087 1479 4140 τοῦ
1527 4087 1727 4154 ἔξωθεν

145 4179 430 4247 σχήματος
468 4177 626 4247 μόνον
660 4174 773 4228 ἔστι
809 4175 1018 4246 κρίνειν
1065 4179 1131 4232 τὰ
1163 4178 1498 4265 πράγματα’
1541 4182 1728 4236 πολλοὶ

142 4271 255 4339 γὰρ
282 4271 332 4322 οῖ
362 4271 682 4338 προσωπεῖα
713 4268 1094 4340 ὑποδυόμενοι,
1147 4273 1240 4324 καὶ
1269 4273 1368 4325 οὑκ
1398 4271 1553 4336 ὄντες
1588 4275 1727 4346 ὅπερ

142 4361 434 4428 φαίνονται
455 4377 469 4391 ο
498 4360 615 4412 ἀλλ’
641 4362 705 4412 ὲκ
735 4359 841 4411 τῶν
867 4359 1047 4429 ἔργων
1077 4363 1318 4433 δηλονότι
1347 4363 1417 4416 τὰ
1447 4365 1722 4436 σχήματα.

141 4455 208 4506 Εί
236 4451 334 4507 οῦν
369 4454 594 4524 μοναχοί
622 4452 730 4506 είσί
757 4469 903 4515 τινες
935 4457 993 4507 ὲν
1017 4457 1132 4518 τοῖς
1160 4456 1255 4509 νῦν
1281 4460 1516 4529 καιροῖς,
1549 4457 1726 4523 δειξά-

140 4567 329 4603 τωσαν
357 4550 451 4602 ἐπὶ
485 4549 593 4602 τῶν
638 4549 835 4618 ἔργων.
874 4547 1072 4619 Ἔργον
1100 4551 1156 4604 δὲ
1190 4552 1448 4625 μοναχοῦ,
1492 4554 1628 4624 μηδὲ
1666 4555 1725 4607 τὸ

140 4644 310 4711 τυχὸν
341 4641 630 4710 ἀνέχεσθαι
658 4628 1191 4710 καινοτομεῖσθαίτὸ
1224 4644 1561 4709 Εύαγγέλιον
1583 4662 1596 4677 ο
1640 4646 1727 4698 ἵνα

143 4737 224 4804 μὴ
259 4733 571 4803 ὑπόδειγμα
625 4735 738 4796 τοῖς
784 4733 997 4796 λαῖκοῖς
1036 4735 1417 4806 προτιθέμενοι
1461 4739 1727 4808 αἱρέσεως

141 4829 243 4880 καὶ
278 4826 564 4898 αίρετικῆς
598 4826 1016 4894 συγκοινωνίας,
1061 4826 1160 4895 τῆς
1193 4829 1332 4898 ὑπὲρ
1356 4829 1535 4881 αὐτῶν
1573 4830 1726 4882 ἀπω-

145 4919 303 4979 λείας
340 4918 501 4984 λόγον
531 4917 792 4986 ύφέξωσι.
821 4917 962 4972 Πολύ
992 4934 1059 4988 με
1086 4917 1448 4988 ληρολογῆσαι
1475 4919 1571 4990 τὴν
1603 4920 1728 4973 ὑπό-

145 5010 301 5063 θεσιν
332 5011 366 5079 ἠ
388 5008 532 5079 άκρα
559 5009 1032 5079 ταπεινοφροσύνη
1059 5009 1157 5078 τῆς
1187 5010 1498 5080 ἁγιωσύνης
1530 5027 1624 5063 σου
1650 5011 1727 5074 ὡς

143 5100 420 5171 δεχομένη
464 5103 754 5171 πεποίηκε.
818 5101 890 5153 Σὺ
936 5101 1015 5162 δὲ.
1063 5091 1107 5153 ὧ
1162 5102 1367 5172 Πάτερ,
1419 5100 1575 5171 εύχου
1631 5103 1727 5156 καὶ

144 5195 460 5264 ύπερεύχου
497 5193 638 5264 ὑπὲρ
689 5191 890 5263 σαθροῦ
941 5193 1036 5246 κα)⁸
1068 5193 1396 5264 άμαρτωλοῦ
1424 5233 1438 5258 ,
1481 5193 1596 5246 ἀλλ’
1633 5191 1727 5247 οὖν

143 5284 386 5354 ἐραστοῦ
421 5301 516 5337 σου
547 5284 629 5338 ὅτι
677 5283 935 5353 μάλιστα.
977 5284 1034 5336 ὐ
1079 5284 1601 5355 συμφρουρούμενός
1638 5302 1728 5354 μοι

142 5377 416 5440 ὡσαύτως
475 5377 571 5432 καὶ
630 5376 1051 5446 προσαγορεύει,
1107 5379 1203 5430 καὶ
1252 5377 1430 5429 δέεταί
1479 5395 1571 5432 σου
1620 5378 1726 5430 τῶν

147 5468 395 5524 ῖκεσιῶν.

543 5539 709 5594 M'.-—
721 5540 1072 5608 Ναυκρατίφ
1102 5541 1312 5607 τέκνῳ.
1547 5539 1723 5611 [piat]

1750 4509 1803 4568 D

1828 3252 1914 3306 vel
1949 3251 2088 3304 mori
2115 3265 2214 3320 pro
2251 3250 2478 3305 veritate
2519 3248 2754 3313 lucrum,
2805 3249 3062 3318 gaudium
3094 3260 3150 3304 et
3198 3252 3329 3316 vita,
3357 3253 3401 3306 si

1825 3343 1988 3396 modo
2026 3342 2193 3396 sacris
2219 3341 2472 3410 precibus
2503 3342 2698 3396 vestris
2721 3343 3012 3396 conlirmer
3031 3360 3045 3407 ;
3067 3343 3158 3395 sed
3179 3352 3403 3412 propter

1825 3444 2066 3490 veterem
2099 3435 2241 3488 inter
2271 3450 2370 3488 nos
2417 3433 2754 3502 spiritualem
2808 3434 3175 3497 dilectionem,
3217 3445 3272 3489 et
3307 3450 3404 3504 pro

1826 3525 2102 3580 communi
2157 3525 2405 3578 utilitate.
2436 3522 2652 3578 Etenim
2700 3524 2744 3576 si
2785 3522 2882 3578 Dei
2929 3522 3097 3577 Filius
3138 3524 3405 3581 Dominus

1826 3632 1890 3672 ac
1911 3617 2217 3671 dominator
2246 3617 2627 3670 universorum
2657 3616 2898 3684 seipsum
2925 3616 3125 3670 obtulit
3146 3632 3247 3685 pro
3279 3633 3400 3670 om-

1826 3706 1988 3758 nibus
2025 3704 2136 3758 Dco
2171 3713 2226 3758 et
2251 3703 2394 3758 Patri
2444 3704 2700 3769 hostium,
2723 3703 2854 3773 quid
2891 3704 3154 3758 debemus
3199 3721 3318 3768 nos,
3348 3712 3405 3760 et

1826 3806 2086 3866 quantum
2141 3811 2239 3865 pro
2265 3810 2330 3849 eo
2375 3796 2586 3865 perpeti
2629 3811 2692 3850 ac
2740 3795 2987 3865 perferre
3041 3811 3144 3850 nos
3185 3812 3402 3865 aequum

1827 3895 1930 3951 est,
1963 3887 2258 3940 monachos
2292 3887 2592 3956 praesertim
2621 3896 2677 3940 et
2707 3887 3111 3940 renuutiationc
3141 3889 3254 3957 ipsa
3285 3905 3410 3942 cru-

1827 3979 2017 4033 ciiixos
2044 3977 2066 4032 ?
2115 3978 2158 4031 si
2191 3980 2352 4031 modo
2386 3993 2576 4032 revera
2618 3984 2674 4030 et
2715 3993 2823 4031 non
2881 3978 3154 4033 incassum
3197 3996 3403 4034 renun-

1828 4070 2124 4124 tiavimus:
2196 4067 2639 4138 quandoquidem
2690 4083 2800 4123 non
2843 4069 2910 4122 ab
2961 4079 3183 4124 externa
3227 4071 3402 4126 solum

1827 4160 2009 4230 Specie
2038 4159 2321 4227 dijudicari
2349 4174 2434 4212 res
2464 4159 2704 4224 debent;
2754 4159 2908 4213 multi
2953 4162 3098 4214 enim
3144 4178 3406 4230 personas

1827 4255 2081 4311 induunt.
2115 4266 2218 4305 nec
2248 4264 2372 4305 sunt
2431 4252 2481 4305 id
2524 4252 2667 4321 quod
2715 4251 2969 4306 videntur
3005 4268 3164 4308 esse:
3209 4255 3304 4308 sed
3333 4257 3406 4311 ab

1827 4345 2084 4415 operibus
2145 4343 2277 4411 ipsis
2315 4343 2527 4412 species
2581 4353 2826 4398 externa.
2867 4343 2924 4397 Si
2965 4360 3092 4415 ergo
3149 4350 3400 4402 monachi

1828 4439 1920 4492 ulli
1953 4444 2082 4491 sunt
2114 4436 2200 4489 his
2230 4436 2586 4504 temporibus,
2617 4435 2773 4488 factis
2803 4436 3114 4490 ostendant.
3148 4436 3400 4496 Monachi

1826 4541 2008 4585 autem
2031 4544 2230 4583 munus
2255 4537 2356 4593 est,
2391 4537 2448 4582 ut
2473 4543 2573 4583 nec
2602 4528 2875 4581 tantillum
2910 4529 2964 4582 in
2997 4527 3287 4600 Evangelio
3313 4532 3408 4586 in-

1828 4622 2016 4676 novari
2061 4622 2231 4686 sinat,
2262 4636 2332 4674 ne
2379 4621 2690 4689 exemplum
2727 4619 2878 4674 laicis
2925 4621 3195 4676 haereseos
3239 4631 3402 4692 atque

1828 4712 2094 4766 haeretica:
2110 4711 2509 4765 communionis
2526 4711 2850 4779 praebentes,
2886 4711 3149 4766 rationem
3173 4713 3404 4769 reddant

1827 4806 1894 4859 de
1919 4805 2133 4858 illorum
2171 4803 2499 4872 perditione.
2535 4802 2785 4856 Pluribus
2813 4818 2901 4856 me
2927 4805 3136 4874 nugari,
3162 4813 3215 4858 et
3238 4821 3403 4876 argu-

1828 4905 2070 4950 mentum
2101 4897 2205 4949 hoc
2231 4894 2504 4964 persequi,
2538 4894 2712 4965 coegit
2743 4910 2954 4948 summa
2979 4896 3254 4951 humilitas
3278 4913 3404 4952 san-

1827 4988 2024 5043 ctitatis
2060 4997 2184 5048 tuae,
2210 4994 2270 5039 ut
2308 5001 2429 5054 quae
2483 4986 2536 5040 id
2565 4986 2790 5039 minime
2821 4987 3116 5056 improbat.
3164 4987 3246 5042 Tu
3277 5003 3404 5044 vero

1826 5097 1941 5143 ora,
1973 5081 2151 5142 Pater,
2185 5088 2240 5132 et
2270 5078 2561 5146 deprecare
2595 5080 2983 5148 proimbecillo
3013 5089 3066 5134 et
3097 5091 3401 5149 peccatore,

1836 5173 1930 5227 sed
1984 5172 2075 5240 qui
2112 5177 2164 5223 te
2198 5185 2386 5224 revera
2451 5171 2744 5242 plurimum
2811 5179 2976 5225 amat.
3039 5173 3406 5242 Concaptivus

1837 5277 1990 5315 meus
2027 5259 2276 5314 similiter
2298 5269 2354 5314 et
2382 5267 2432 5315 te
2467 5262 2685 5326 salutat,
2731 5270 2786 5316 et
2834 5277 3021 5332 preces
3090 5272 3209 5317 tuas
3236 5278 3406 5333 expo-

1837 5364 1960 5408 SCIl.

2285 5532 2757 5593 XL.—Naucratio
2786 5535 2916 5604 ﬁlio.

750 5631 1036 5693 Respondet
1064 5632 1122 5680 ad
1151 5631 1370 5693 quaedam
1395 5633 1699 5693 interrogata
1723 5645 1778 5681 ac
1810 5627 2064 5693 praecipue
2094 5626 2158 5675 de
2177 5625 2425 5688 baptismo
2447 5628 2817 5677 bareticorum.

219 5716 393 5769 Πάλιν
445 5715 610 5784 ἑτέρα
655 5733 741 5768 σοι
793 5717 1050 5788 φυλακὴ,
1105 5719 1293 5770 τέκνον
1347 5718 1727 5787 ἠγαπημένον,

150 5809 293 5861 ὰ).λά
333 5808 427 5862 καὶ
455 5807 630 5861 ίπάλιν
663 5808 836 5878 στήλη
877 5810 974 5879 μὲν
1005 5810 1113 5862 τῶν
1143 5809 1474 5880 δυσωνύμων
1521 5810 1726 5878 αἱρετι-

1909 5715 2056 5768 Alter
2079 5711 2173 5767 tibi
2214 5712 2410 5767 iterum
2439 5730 2644 5778 carcer,
2700 5717 2901 5770 dilecte
2932 5714 3002 5770 ﬁli
3039 5732 3053 5782 ;
3095 5717 3190 5771 sed
3239 5726 3294 5771 et
3321 5717 3406 5772 in-

1839 5809 2014 5866 famiae
2039 5823 2226 5863 rursus
2274 5818 2402 5864 nota
2434 5808 2652 5865 infausti
2687 5810 2924 5866 nominis
2971 5810 3240 5867 hazreticis
3267 5829 3281 5878 ;
3311 5813 3409 5868 tibi
