3914 6452
501 373 629 439 1051

1684 379 1746 445 S.
1775 374 2169 438 THEODORI
2212 376 2437 438 STUD]
2450 377 2563 438 ΤΕ

3618 374 3763 440 1052

498 506 631 546 vero
663 490 1062 545 incrementum
1101 490 1450 562 praemiorum
1483 489 1864 562 honorumque
1903 491 2069 547 coale-
2097 544 2100 551 .

2202 492 2284 546 ιῶν
2306 508 2322 525 ο
2358 493 2442 546 σοὶ
2466 492 2523 546 δὲ
2557 490 2850 563 προσθήκη
2880 489 3061 545 ἄθλων
3087 506 3147 544 τε
3194 489 3288 543 καὶ
3325 489 3565 543 ἐπαίνων
3597 490 3762 558 οὐρα-

497 583 687 637 stium.
729 581 990 649 Quocirca
1026 598 1125 652 pro
1175 583 1279 638 illis
1317 583 1537 653 quidem
1594 597 1813 653 gemere
1850 598 1914 638 ac
1951 582 2080 637 flere

501 675 636 729 mihi
663 674 923 744 snppetit,
962 690 1062 745 pro
1098 683 1151 729 te
1174 683 1357 729 autem
1386 675 1552 730 laetari
1584 684 1638 729 et
1667 675 1867 746 gratias
1894 689 2078 747 agere.

501 767 697 819 Annon
741 768 1019 836 acceptius
1064 767 1153 831 sit,
1185 776 1257 831 te,
1315 768 1507 822 iterata
1560 768 1829 833 custodia,
1876 767 2083 822 factum

502 872 630 912 esse
665 859 813 913 velut
837 874 1031 912 aurum
1063 859 1117 912 in
1145 858 1369 914 fornace
1400 860 1485 916 bis
1514 862 1911 932 expurgatum?
1944 862 2084 933 Ergo

510 949 693 1004 ﬁrmas
719 951 929 1006 radices
958 966 1074 1021 age,
1104 967 1238 1020 puer
1281 962 1490 1017 sancte,
1518 962 1680 1022 teque
1730 954 1942 1009 auctori
1975 953 2086 1007 Do-

502 1040 652 1095 mino
704 1054 902 1110 purum
954 1050 1010 1097 et
1057 1043 1288 1112 probum
1345 1043 1400 1097 in
1443 1044 1697 1100 omnibus
1738 1045 1959 1108 exhibe,
1993 1061 2086 1102 vas

503 1130 636 1184 utile
664 1146 908 1200 prorsus,
931 1132 999 1185 ad
1025 1147 1187 1186 omne
1225 1148 1361 1202 opus
1383 1133 1586 1188 bonum
1617 1144 1863 1204 paratus.
1892 1134 2087 1206 Magno

508 1223 692 1292 itaque
727 1222 808 1277 fer
839 1225 1023 1277 animo
1052 1224 1337 1279 custodem
1375 1226 1604 1279 alterum
1627 1226 1719 1296 qui
1756 1226 1854 1281 tibi
1886 1236 2088 1298 preter

506 1328 716 1367 morem
746 1313 905 1368 datus
940 1325 1042 1368 est.
1080 1313 1198 1368 Non
1231 1315 1376 1369 enim
1403 1316 1754 1385 praepositum
1792 1317 1876 1372 vel
1905 1332 2089 1374 sacer-

508 1405 693 1459 dotem
736 1405 966 1460 dixerim
999 1426 1011 1460 :
1052 1406 1319 1475 siquidem
1351 1408 1535 1462 nullus
1565 1405 1660 1461 Dei
1690 1407 1962 1473 minister,
1984 1409 2091 1463 sal-

511 1507 619 1551 tem
652 1498 971 1563 monachus,
1000 1499 1330 1555 militaribus
1357 1498 1550 1555 oﬂiciis
1582 1500 1949 1564 ministraret,
1992 1500 2089 1556 sed

508 1603 687 1659 neque
714 1603 837 1643 cum
860 1590 937 1643 sic
966 1589 1309 1646 ministrante
1341 1592 1787 1647 communicaret.
1819 1591 2090 1647 Caeterum

507 1679 763 1734 renuntia
811 1680 945 1734 mihi
994 1681 1266 1750 quomodo
1315 1692 1367 1737 te
1399 1691 1591 1737 tractet
1624 1701 1636 1736 :
1667 1669 2090 1738 commodiorem

507 1772 655 1826 cnim
687 1786 809 1828 esse
848 1782 1004 1842 puto,
1031 1788 1195 1842 quam
1247 1774 1400 1843 prior
1438 1772 1562 1829 fuit.
1606 1772 1737 1828 Sive
1766 1782 1953 1828 autem
1987 1773 2091 1828 hoc

508 1865 672 1919 modo
700 1880 759 1920 se
788 1881 877 1920 res
918 1865 1105 1930 habet,
1152 1865 1267 1921 sive
1300 1866 1475 1931 aliter,
1520 1876 1577 1921 tu
1627 1875 1833 1932 tamen,
1885 1866 1959 1920 ﬁli
1992 1865 2087 1931 mi,

509 1954 635 2009 forti
663 1955 737 2009 sis
767 1955 983 2009 animo:
1015 1970 1137 2024 qua:
1172 1955 1350 2009 tristia
1381 1964 1531 2020 sunt,
1564 1955 1681 2025 spei
1705 1955 1864 2010 bona:
1892 1955 2090 2027 gaudio

508 2048 792 2104 allevans:
825 2056 880 2102 et
911 2062 977 2101 ex
1008 2046 1302 2101 solitudine
1363 2062 1617 2117 quaerens
1663 2057 1718 2102 et
1764 2063 2092 2119 comparans

510 2140 608 2194 tibi
652 2139 1143 2209 aequanimitatem,
1174 2138 1303 2192 dum
1336 2139 1403 2193 ad
1455 2139 1626 2193 Deum
1675 2155 1869 2203 unum,
1916 2141 2009 2210 qui
2043 2154 2093 2196 te

509 2233 777 2297 intuetur,
810 2230 998 2285 oculos
1027 2229 1378 2298 animumque
1398 2230 1671 2285 convertis
1695 2249 1708 2285 :
1732 2231 2094 2301 cogitationes

509 2324 802 2389 fui-furcas,
831 2338 951 2393 quae
979 2338 1009 2376 a
1041 2322 1380 2376 zizaniorum
1435 2332 1620 2378 satore
1683 2323 1978 2379 identidem
2006 2325 2092 2378 in-

506 2414 797 2484 jiciuntur,
849 2412 1158 2483 despiciens
1192 2428 1256 2466 ac
1298 2412 1612 2482 dispellens.
1655 2413 1788 2479 Qua:
1842 2426 2025 2469 autem
2064 2431 2093 2469 a

508 2523 597 2561 me
616 2505 920 2576 postulasti,
952 2514 1009 2559 ut
1036 2505 1103 2560 de
1127 2504 1424 2559 hazresibus
1453 2514 1507 2559 et
1525 2506 1809 2576 baptismis
1826 2508 2095 2578 sigillatim

511 2597 929 2668 responderem;
964 2612 1025 2651 ea
1047 2596 1290 2666 epistolae
1313 2597 1533 2651 modum
1560 2599 1836 2654 excedunt
1863 2618 1873 2652 :
1910 2616 1975 2654 ac
2003 2614 2119 2654 su-'

511 2707 910 2763 pervacaneum
931 2700 1017 2745 est
1048 2706 1237 2744 rursus
1258 2706 1547 2747 recensere
1576 2709 1697 2762 quae
1724 2694 1941 2749 divinus
1965 2695 2098 2764 Epi-

510 2782 745 2852 phanius
794 2780 1022 2846 invenit,
1079 2786 1241 2848 atque
1275 2779 1348 2832 ita
1378 2783 1709 2851 conscripsit
1733 2791 1793 2836 ut
1837 2798 2001 2838 nemo
2028 2800 2097 2838 ex

512 2872 764 2929 Patribus
792 2873 1009 2928 melius.
1053 2874 1193 2946 Lege
1241 2874 1408 2946 igitur
1438 2889 1654 2928 sacrum
1701 2874 1768 2928 de
1820 2875 1938 2929 istis
1978 2876 2099 2945 ejus

515 2967 738 3030 librum,
782 2976 834 3021 et
889 2982 1011 3035 qua:
1060 2967 1204 3021 scire
1264 2967 1564 3030 desideras,
1620 2966 1730 3020 illic
1780 2983 2097 3038 cognosces.

516 3058 678 3115 Hunc
714 3066 900 3114 autem
927 3059 1027 3113 tibi
1055 3058 1112 3114 in
1156 3074 1353 3114 manus
1383 3060 1564 3115 tradet
1609 3060 1862 3133 egregius
1888 3060 2099 3130 Eupre-

517 3152 736 3222 pianus.

592 3244 668 3299 De
692 3242 978 3314 baptismis
1031 3258 1196 3312 porro
1243 3242 1466 3298 brevius
1519 3245 1880 3314 respondebo.
1920 3245 2090 3300 Trifa-

521 3336 657 3389 riam
691 3337 808 3390 haec
835 3336 1225 3391 commentatio
1258 3334 1543 3391 dividitur.
1580 3336 1935 3405 Baptizantur
1952 3338 2099 3392 enim

525 3427 906 3493 Marcionistze,
929 3427 1355 3499 Tascodrugitaa,
1390 3426 1694 3491 Manichmi,
1724 3437 1780 3482 et
1816 3429 1909 3499 qui
1953 3430 2103 3499 ejus-

522 3520 647 3574 dem
673 3520 879 3575 ordinis
914 3535 1084 3590 usque
1115 3520 1191 3575 ad
1231 3519 1813 3583 Melchisedechianos,
1865 3518 2104 3575 haereses

523 3628 755 3666 numero
803 3613 993 3683 viginti
1021 3613 1282 3682 quinque.
1328 3611 1669 3682 lnunguntur
1722 3621 1907 3667 autem
1944 3627 2103 3668 sacro

523 3701 823 3756 chrismate
860 3701 1472 3767 Tessarescaedecatitaa,
1533 3701 1840 3766 Novatiani,
1890 3702 2101 3769 Ariani,

524 3791 923 3856 Macedoniani,
978 3788 1383 3862 Apolinaristaa,
1446 3792 1610 3846 simul
1680 3792 1943 3862 quinque.
2001 3793 2107 3859 Qui

524 3898 657 3937 vero
683 3898 862 3951 neque
884 3881 1246 3952 baptizantur,
1283 3898 1459 3953 neque
1498 3882 1858 3955 inunguntur,
1886 3883 1981 3938 sed
2013 3899 2105 3939 so-

526 3975 802 4030 lummodo
821 3976 1071 4030 haeresim
1097 3985 1209 4030 tum
1240 3977 1536 4047 propriam,
1570 3987 1681 4031 tum
1706 3994 1925 4033 omnem
1945 3980 2106 4034 aliam

526 4068 1005 4134 anathematizant,
1068 4067 1357 4135 Meletiani,
1420 4066 1753 4136 Nestoriani,
1807 4070 2109 4143 Eutycbia-

527 4161 703 4225 nistae,
735 4170 790 4214 et
816 4159 930 4229 qui,
960 4175 1128 4229 usque
1158 4158 1225 4213 ad
1254 4160 1504 4214 haeresim
1528 4176 1650 4229 quae
1682 4160 1808 4216 istic
1836 4171 1942 4227 est,
1979 4170 2110 4216 sunt

525 4251 738 4307 ordinis
783 4251 1047 4320 ejusdem,
1102 4250 1247 4305 haud
1304 4251 1577 4305 numerati
1634 4267 1664 4306 a
1693 4268 1780 4307 me
1819 4252 2001 4320 modo,
2044 4269 2111 4308 eo

526 4344 671 4414 quod
702 4343 961 4413 Acephali
1004 4344 1113 4398 sint
1159 4343 1509 4413 multiplices,
1563 4352 1678 4398 tum
1708 4346 1872 4400 etiam
1916 4362 1985 4402 ne
2011 4361 2110 4400 ex-

528 4435 1006 4504 crescatepistola.
1038 4433 1192 4500 Quod
1229 4444 1413 4489 autem
1455 4435 1664 4501 dixisti,
1698 4451 1967 4491 canonem
2006 4436 2110 4491 mi-

2182 584 2330 638 νίων.
2376 584 2477 638 Διὰ
2522 582 2685 637 τοῦτο
2721 582 2863 654 ὑπὲρ
2898 581 3001 655 μὲν
3034 582 3263 636 ἐκείνων
3308 582 3372 635 τὸ
3423 580 3633 635 στένειν
3676 597 3766 651 μοι

2183 676 2276 728 καὶ
2307 674 2597 746 δακρύειν·
2645 676 2786 746 ὑπὲρ
2827 674 2884 727 δὲ
2918 673 3039 737 σοῦ,
3066 672 3129 725 τὸ
3162 672 3379 743 χαίρειν
3412 673 3508 725 καὶ
3546 673 3768 743 εὐχαρι-

2185 766 2352 818 στεῖν.
2388 765 2456 817 Ἦ
2504 763 2625 834 οὐχὶ
2676 763 3044 834 δοκιμώτερόν
3094 763 3211 817 ἐστί
3271 780 3331 815 σε
3378 760 3641 829 γενέσθαι
3701 763 3767 830 τῇ

2187 855 2625 926 μεταφρουρήσει
2646 894 2661 919 ,
2710 854 2964 924 καθάπερ
2992 852 3195 924 χρυσὸν
3218 851 3624 922 διπυρούμενον
3664 851 3769 903 ὑπὸ

2186 949 2449 1020 χωνείας;
2479 948 2850 1020 Εὑριζωθείης
2885 944 3000 1015 οὖν,
3032 942 3076 1002 ὦ
3105 948 3217 1019 laps
3257 950 3392 1011 παῖ,
3422 946 3517 1000 καὶ
3544 946 3769 1015 όφθείης

2185 1038 2263 1109 τῷ
2289 1039 2534 1109 Δεσπότῃ
2566 1038 2759 1110 Κυρίῳ
2792 1039 2851 1093 ἐν
2887 1041 3022 1091 πᾶσι
3052 1037 3293 1107 καθαρὸς
3320 1037 3415 1089 καὶ
3452 1036 3769 1107 ἀκίϐδηλος,

2190 1131 2383 1195 σκεῦος
2432 1132 2600 1196 ὄντως
2635 1130 2955 1202 εὔχρηστον,
3010 1129 3452 1201 κατηρτισμένος
3484 1130 3623 1200 πρὸς
3662 1129 3771 1181 πᾶν

2188 1223 2349 1295 ἔργον
2387 1223 2613 1292 ἀγαθόν.
2653 1225 2789 1295 Φέρε
2834 1219 2929 1277 οὖν
2972 1222 3327 1294 μακροθυμίᾳ
3363 1221 3424 1274 τὸ
3467 1220 3637 1291 ἄηθες
3677 1220 3771 1273 τοῦ

2188 1317 2441 1388 δευτέρου
2489 1316 2727 1386 φύλακός
2780 1333 2873 1369 σου
2898 1330 2914 1346 ·
2945 1317 3006 1368 οὐ
3040 1315 3149 1386 γὰρ
3180 1312 3513 1384 ἡγουμένου,
3540 1312 3662 1365 οὐδὲ
3704 1314 3775 1364 ίε-

2191 1411 2332 1481 ρέως
2379 1410 2636 1480 λέγοιμι·
2691 1409 2868 1473 οὐδεὶς
2909 1409 3019 1482 γὰρ
3050 1407 3186 1461 Θεοῦ
3216 1406 3535 1477 λειτουργὸς
3576 1405 3672 1457 καί
3712 1421 3774 1471 γε

2194 1500 2492 1572 μοναστὴς,
2527 1502 2942 1572 στρατιωτικοῖς
2968 1499 3151 1571 ἔργοις
3182 1499 3613 1569 ὕπουργήσειεν,
3639 1498 3778 1550 ἀλλὰ

2195 1594 2301 1666 μὴν
2341 1594 2461 1648 οὐδὲ
2490 1593 2569 1664 τῷ
2599 1592 2774 1657 οὕτως
2807 1592 3177 1663 ὑπουργοῦντι
3206 1594 3585 1662 κοινωνήσειε.
3628 1590 3777 1658 Πλὴν

2191 1685 2432 1757 δὴλωσόν
2460 1702 2551 1755 μοι
2575 1686 2725 1748 ὅπως
2756 1701 2814 1738 σε
2840 1686 3053 1755 κρατεῖ.
3074 1682 3227 1736 Δοκῶ
3244 1681 3353 1754 γὰρ
3372 1681 3779 1752 διαφορώτερον

2194 1773 2335 1832 εἶναι
2364 1776 2459 1830 τοῦ
2489 1776 2784 1848 προτέρου.
2804 1775 2945 1829 Ἀλλ’
2971 1775 3024 1828 ετ
3052 1790 3115 1843 γε
3149 1772 3345 1838 οὕτως,
3376 1772 3410 1843 ἢ
3438 1772 3678 1843 ἑτέρως’
3715 1773 3777 1824 σὺ

2192 1869 2248 1923 δὲ
2278 1870 2449 1938 ὅμως,
2468 1868 2659 1921 τέκνον
2692 1884 2815 1937 μου,
2842 1866 3003 1936 στῆθι
3038 1864 3335 1934 γενναίως·
3369 1862 3689 1932 εὐμαρίζων
3714 1862 3781 1915 τὰ

2193 1948 2430 2029 λυπηρᾶ
2452 1960 2518 2028 τῇ
2553 1957 2661 2011 τῶν
2703 1957 2934 2011 ἐλπίδων
2971 1954 3329 2027 περιχαρείᾳ,
3366 1953 3463 2006 καὶ
3492 1951 3783 2005 κατακτῶ-

2197 2066 2359 2120 μενος
2401 2047 2581 2119 ἑαυτῷ
2624 2048 2724 2118 τὴν
2772 2048 3028 2118 μόνωσιν,
3076 2043 3346 2106 ἀπαθείας
3393 2042 3650 2114 εὖρεσιν’
3694 2040 3783 2094 διὰ

2195 2145 2291 2214 τῆς
2324 2144 2417 2195 ἐπὶ
2462 2142 2622 2211 μόνον
2652 2142 2744 2194 τὸν
2775 2140 2992 2210 ὁρῶντά
3042 2154 3101 2191 σε
3147 2136 3281 2190 Θεὸν
3324 2132 3685 2203 ἀποδλέψεὼς
3722 2148 3782 2184 τε

2197 2236 2293 2290 καὶ
2333 2234 2603 2304 σχέσεως’
2652 2231 2993 2295 σκυϐαλίξων
3022 2231 3117 2284 καὶ
3149 2229 3421 2300 λικμίξων
3442 2228 3569 2290 τοὺς
3593 2228 3782 2278 ἐπεισ-

2196 2326 2501 2397 αγομένους
2534 2325 2833 2397 ἀχυρώδεις
2861 2322 3157 2393 λογισμοὺς
3187 2321 3341 2390 παρὰ
3369 2318 3609 2387 τοῦντῶν
3630 2317 3784 2382 ζιζα-

2197 2420 2325 2473 νίων
2361 2416 2611 2488 σπορέως
2646 2417 2930 2470 ἑκάστοτε.
2966 2417 3032 2468 Ἀ
3064 2414 3124 2467 δὲ
3171 2412 3522 2483 ὲπεζήτησας
3552 2412 3785 2479 ἀποκρι-

2200 2511 2357 2581 θῆναί
2404 2527 2472 2582 με
2519 2508 2649 2580 περί
2694 2526 2755 2562 τε
2801 2508 2911 2562 τῶν
2953 2506 3222 2577 αἱρέσεων
3252 2506 3347 2558 καὶ
3382 2502 3783 2574 βαπτισμὼτων

2199 2601 2323 2655 κατ’
2353 2600 2504 2665 ἔπος,
2541 2597 2837 2668 ἐπιστολῆς
2863 2596 3191 2667 ὑπερϐαίνει
3222 2592 3424 2664 μέτρον
3444 2609 3458 2622 ’
3498 2593 3599 2645 καὶ
3623 2589 3785 2644 πάλιν

2201 2700 2603 2770 περιττολογεῖν
2630 2697 2744 2750 ἔστι
2774 2695 2948 2748 ταῦτα
2992 2691 3350 2762 ἀφηγεῖσθαι,
3382 2688 3418 2741 ἃ
3448 2689 3478 2741 ὁ
3522 2685 3788 2756 θεοφόρος

2213 2791 2525 2859 Ἐπιφάνιος
2553 2786 2742 2857 ἐξεῦρε
2777 2783 2871 2839 καὶ
2895 2782 3187 2854 διέγραψεν
3223 2779 3299 2856 ιῖρς
3328 2776 3504 2839 οὐδεὶς
3529 2774 3644 2830 τῶν
3675 2774 3790 2828 Πα-

2198 2885 2398 2955 τέρων.
2440 2880 2668 2950 Ἔντυχε
2714 2877 2807 2932 οὖν
2833 2879 2900 2947 τῇ
2933 2875 3067 2947 περὶ
3120 2873 3304 2927 αὐτῶν
3345 2870 3468 2941 ἱερᾷ
3504 2866 3675 2922 αὑτοῦ
3716 2865 3793 2937 βί-

2203 2976 2335 3047 ϐλῳ,
2373 2977 2598 3029 κάκεῖσε
2639 2971 3003 3041 διαγνώσειας
3032 2968 3068 3024 δ.
3097 2967 3289 3037 μαθεῖν
3330 2964 3572 3033 ἐφίεσαι.
3606 2959 3795 3032 Παρά-

2205 3086 2325 3139 σχοι
2349 3068 2406 3123 δὲ
2440 3068 2612 3137 αὐτὴν
2644 3068 2701 3119 ὲν
2736 3065 2895 3136 χερσί
2926 3079 3021 3115 σου
3051 3063 3079 3114 ό
3108 3060 3269 3124 καλὸς
3300 3053 3715 3127 Εὐπρεπιανός.

2275 3244 2349 3296 Τὸ
2375 3242 2432 3297 δὲ
2459 3244 2569 3295 τῶν
2602 3238 3021 3310 βαπτιζομένων
3053 3233 3465 3307 συντομώτερον
3487 3229 3797 3303 ἀποκριθή-

2205 3352 2392 3406 σομαι.
2452 3333 2625 3404 Τριχῇ
2670 3330 2923 3401 διῄρηται
2968 3328 3030 3381 τὸ
3085 3326 3375 3397 θεώρημα.
3423 3322 3795 3387 Βαπτίζονται

2206 3426 2305 3496 μὲν
2334 3423 2444 3495 γὰρ
2473 3418 2895 3492 Μαρκιονισταὶ,
2953 3415 3424 3487 Τασκορδιουργοὶ
3463 3414 3567 3483 (1),
3617 3414 3794 3467 Μανι-

2202 3520 2348 3587 χαίοι
2370 3530 2384 3546 ’
2420 3515 2515 3569 καὶ
2559 3514 2607 3566 oi
2644 3511 2921 3580 σύστοιχοι
2950 3507 3131 3561 αὐτῶν
3159 3506 3297 3574 ὁμοῦ
3328 3506 3431 3568 ἕως
3456 3504 3566 3556 τῶν
3594 3504 3799 3574 Μελχι-

2206 3605 2531 3670 σεδεκιτῶν,
2582 3604 2824 3675 αἱρέσεις
2875 3602 3050 3654 είκοσι
3094 3597 3276 3651 πέντε.
3319 3596 3581 3666 Χρίονται
3623 3596 3683 3649 δὲ
3720 3594 3797 3665 τῷ

2206 3700 2346 3769 ἁγίῳ
2408 3698 2567 3770 μύρῳ
2640 3693 3348 3765 Τεσσαρεσκαιδεκατὶται,
3414 3690 3795 3754 Ναυατιανοὶ,

2219 3791 2492 3863 Ἀρειανοὶ
2524 3828 2540 3854 ,
2590 3788 3023 3852 Μακεδονιανοὶ,
3067 3782 3586 3852 ’Δπολιναριασταὶ,
3655 3784 3793 3853 ὁμου

2207 3884 2392 3937 πέντε.
2439 3883 2505 3936 Οἱ
2548 3879 2606 3933 δὲ
2638 3880 2777 3950 μήτε
2830 3878 3259 3950 βαπτιζόμενοι,
3299 3875 3442 3944 μήτε
3485 3874 3795 3945 χριόμενοι,

2209 3975 2345 4031 ἀλλὰ
2394 3972 2553 4043 μόνον
2604 3969 3103 4040 ἀναθεματίζοντες
3146 3968 3246 4038 τὴν
3282 3965 3418 4020 ἰδίαν
3468 3964 3567 4015 καὶ
3613 3966 3797 4017 πᾶσαν

2208 4068 2377 4138 ἄλλην
2401 4066 2637 4138 αἵρεσιν,
2663 4062 3011 4126 Μελετιανοὶ,
3060 4059 3434 4131 Νεστοριανοὶ,
3468 4058 3797 4127 Εὐτυχιανι-

2212 4163 2357 4226 σταὶ,
2387 4161 2480 4213 καὶ
2503 4160 2551 4212 οἱ
2578 4158 2783 4211 τούτων
2814 4155 3146 4225 όμόστοιχοι,
3184 4155 3351 4225 μέχρι
3384 4152 3485 4221 τῆς
3514 4149 3682 4220 δεῦρο
3714 4152 3797 4203 αξ·-

2215 4250 2438 4323 ρέσεως,
2472 4248 2550 4318 τῷ
2578 4245 2794 4319 ἀριθμῷ
2819 4246 2918 4316 οὐχ
2966 4243 3394 4313 ὑποϐαλλόμενοί
3433 4257 3523 4311 μοι
3550 4240 3696 4293 κατὰ
3733 4241 3795 4293 τδ

2211 4343 2423 4413 παρόν·
2466 4340 2557 4393 διὰ
2588 4340 2650 4393 τὸ
2690 4337 3009 4407 πολυσχιδὲς
3056 4335 3164 4388 τῶν
3222 4334 3561 4406 Ἀκεφάλων,
3602 4334 3700 4386 καὶ
3738 4336 3798 4385 τὸ

2214 4431 2506 4504 ὑπερτενὶς
2552 4430 2650 4500 τῆς
2697 4427 3008 4496 ἐπιστολῆς.
3047 4426 3121 4478 Τὸ
3164 4425 3221 4478 δὲ
3270 4426 3555 4495 εἰρηκέναι
3586 4440 3678 4488 σε,
3723 4424 3799 4492 μὴ

529 4528 676 4583 nime
702 4528 1054 4599 distinguere,
1108 4528 1202 4581 sed
1253 4528 1533 4584 definitive
1589 4531 1968 4599 pronuntiare,
2014 4545 2100 4585 eos

2217 4496 2488 4597 διαδιρῖναι
2514 4496 2617 4577 τὸν-
2634 4522 2857 4585 κανόνα,
2894 4520 3009 4579 ἀλλ’
3035 4518 3327 4599 ὁριστικῶς
3356 4518 3654 4586 ἀποφάναι,
3672 4515 3800 4578 τοὺς

530 4620 623 4689 qui
650 4620 717 4675 ab
742 4619 1011 4674 haereticis
1038 4618 1269 4673 ordinati
1299 4626 1393 4673 aut
1415 4619 1671 4689 baptizati
1700 4628 1847 4684 sunt,
1870 4635 1972 4675 nec
1994 4620 2108 4674 cle-

530 4713 673 4766 ricos
700 4726 819 4766 esse
847 4726 1029 4781 posse,
1060 4725 1163 4765 nec
1193 4710 1377 4765 fideles
1408 4727 1422 4764 :
1456 4712 1587 4766 illud
1610 4712 1782 4781 cogita
1808 4712 1953 4781 quod
1978 4726 2112 4781 apo-

532 4805 756 4860 stolicus
784 4818 957 4858 canon
1004 4803 1289 4859 haereticos
1333 4802 1454 4858 illos
1499 4804 1652 4865 dicit,
1684 4804 1775 4873 qui
1802 4805 1855 4857 in
1884 4804 2109 4860 nomine

532 4897 708 4951 Patris
746 4906 802 4951 et
830 4894 954 4949 Filii
988 4906 1042 4950 et
1073 4894 1311 4965 Spiritus
1346 4894 1520 4950 sancti
1564 4910 1671 4949 non
1698 4903 1827 4948 sunt
1847 4895 2107 4964 baptizati

2218 4618 2325 4672 ἀπὸ
2376 4615 2669 4687 αἱρετικῶν
2720 4609 3221 4682 χειροτονηθέντας,
3370 4607 3798 4677 βαπτισθέντας,

2217 4707 2341 4761 οὔτε
2376 4703 2672 4775 κληρικοὺς
2699 4697 2840 4754 εἶναι
2884 4699 3109 4754 δυνατὸν
3129 4739 3144 4763 ,
3174 4698 3297 4751 οὔτε
3336 4698 3587 4761 πιστούςδ
3620 4700 3800 4749 ἐκεῖνο

2216 4800 2432 4869 λογίζου
2454 4814 2468 4829 ·
2504 4798 2587 4850 ὅτι
2616 4796 2929 4866 αἱρετικοὺς
2965 4796 2992 4848 ὁ
3024 4792 3387 4855 ἀποστολικδς
3418 4789 3603 4843 κανὼν
3651 4789 3801 4842 ὲκεί-

2217 4909 2343 4955 νους
2367 4891 2500 4959 ἔφη,
2541 4890 2669 4952 τοὺς
2720 4886 2795 4958 μὴ
2829 4887 2907 4947 εἱς
2938 4886 3113 4956 ὄνομα
3147 4883 3360 4955 Πατρὸς
3402 4882 3496 4936 καὶ
3533 4881 3666 4934 Υίοῦ
3706 4880 3803 4935 καὶ

533 5003 637 5044 nec
690 4987 985 5057 baptizant.
1041 4984 1193 5040 lstud
1233 4999 1394 5055 porro
1441 4985 1623 5056 magni
1666 5001 1882 5056 quoque
1922 4985 2100 5041 Basilii

2209 4984 2367 5053 ἁγίου
2422 4980 2737 5051 Πνεύματος
2802 4977 3199 5048 βαπτισθέντας
3257 4976 3353 5027 καὶ
3412 4973 3798 5043 βαπτίζοντας.

534 5096 669 5136 voce
699 5081 884 5137 divina
923 5080 1206 5135 docemur.
1248 5079 1339 5131 Ait
1393 5077 1540 5133 enim
1572 5079 1805 5133 haereses
1835 5093 1959 5132 esse
2011 5092 2100 5132 eas

2210 5075 2322 5127 Καὶ
2361 5072 2519 5125 τοῦτο
2565 5072 2631 5122 ἐκ
2680 5069 2831 5133 θείας
2877 5069 3062 5138 φωνῆς
3109 5065 3202 5119 τοῦ
3238 5065 3478 5137 μεγάλου
3509 5065 3799 5119 Βασιλείου

535 5189 658 5244 qua:
686 5174 905 5244 penitus
959 5173 1205 5241 abruptae
1244 5180 1393 5235 sunt,
1445 5179 1503 5226 et
1549 5171 1694 5226 circa
1734 5169 1906 5241 ipsam
1949 5170 2100 5225 ﬁdem

2209 5164 2593 5235 διδασκόμεθα.
2635 5165 2774 5234 Φησὶ
2807 5162 2936 5233 γὰρ,
2973 5163 3219 5231 αἱρέσεις
3252 5160 3351 5229 μὲν
3383 5160 3483 5221 τὰς
3514 5157 3800 5220 παντελῶς

536 5266 826 5321 alienata:
867 5265 1159 5320 schismata
1200 5279 1353 5323 vero,
1406 5278 1501 5317 eos
1532 5263 1622 5331 qui
1650 5270 1875 5331 propter
1922 5277 2100 5317 causas

2212 5257 2661 5329 ἀπερρηγμένας,
2722 5255 2817 5308 καὶ
2872 5253 2990 5306 κατ’
3036 5251 3207 5322 αὐτὴν
3253 5253 3352 5322 τὴν
3404 5249 3594 5303 πίστιν
3644 5248 3802 5317 ἠλλο-

537 5357 747 5427 aliquas
777 5356 1171 5411 ecclesiasticas
1206 5364 1260 5409 et
1308 5354 1637 5423 quaestiones
1683 5353 1883 5422 quibus
1934 5369 2114 5407 reme-

540 5451 689 5517 dium
734 5448 981 5505 adhiberi
1014 5456 1212 5519 potest,
1242 5447 1387 5501 inter
1423 5462 1482 5501 se
1509 5446 1814 5501 dissident:
1840 5461 2107 5515 parasyn-

539 5555 734 5612 agogas
802 5549 1025 5606 autem,
1079 5537 1526 5610 congregationes
1581 5552 1701 5606 qum
1757 5554 1786 5589 a
1828 5545 2114 5590 contuma-

2214 5351 2524 5421 τριωμένας
2549 5366 2562 5379 °
2608 5348 2884 5418 σχίσματα
2929 5347 2985 5399 δὲ
3017 5345 3145 5407 τοὺς
3191 5344 3260 5397 δι’
3301 5343 3480 5406 αἰτίας
3512 5342 3668 5405 τινὰς
3704 5345 3801 5396 έκ-

2221 5442 2615 5514 κλησιαστικᾶς
2647 5442 2741 5494 καὶ
2784 5440 3076 5509 ζητήματα
3116 5436 3311 5505 ἰάσιμα
3346 5436 3485 5505 πρὸς
3531 5434 3803 5503 ἀλλήλους

2223 5534 2593 5604 διενεχθέντας
2616 5549 2628 5562 ’
2662 5528 3142 5604 παρασυναγωγᾶς
3178 5528 3259 5594 δὲ,
3286 5526 3384 5591 τὰς
3422 5526 3678 5594 συνάξεις
3706 5523 3803 5587 τὰς

2046 5697 2278 5755 NOTAE.

629 5816 705 5885 (ι)
746 5816 901 5887 Apud
935 5816 1323 5889 Epiphanium,
1363 5814 1553 5872 haresi
1586 5814 1674 5881 .17,
1723 5814 2207 5883 τασκοδρονγῖται.
