3914 6440
197 379 336 447 105⁸3

1410 400 1948 463 EPISTOLARUM
1969 407 2116 470 LIB.
2160 412 2207 472 Ι.

3286 426 3420 492 1054

191 498 346 568 παρὰ
376 497 484 552 τῶν
519 498 909 556 ἀνυποτάκτων
941 506 1327 577 πρεσϐυτέρων
1364 509 1396 580 ἢ
1426 512 1747 564 ἐπισκόπων.

1863 517 2014 570 cibus
2038 520 2365 591 presbyteris
2397 522 2478 577 vel
2502 525 2792 596 episcopis,
2834 529 2973 585 vela
3007 535 3216 602 populis
3249 537 3425 606 impe-

187 593 340 662 παρὰ
374 594 480 646 τῶν
506 594 849 648 ἀπαιδεύτων
881 597 1027 650 λαῶν
1056 601 1348 668 γινομένας
1400 605 1509 658 Καὶ
1541 605 1633 658 τοῦ
1662 607 1760 676 μὲν

187 681 406 753 πρώτου
439 683 600 748 αὐτὸς
628 685 906 755 ἐπιφέρων
934 687 992 740 ἓν
1040 690 1412 761 παράδειγμα,
1453 695 1586 763 φησὶ
1623 696 1760 764 πρὸς

186 773 277 824 τὸν
306 773 461 839 ἆγιον
497 774 870 846 Ἀμφιλόχιον·
909 796 926 828 ι
961 780 1095 832 Τίνα
1119 777 1212 834 οὖν
1242 782 1400 850 λόγον
1433 784 1542 854 ἔχει
1568 787 1628 838 τὸ
1653 790 1760 840 τῶν

186 862 555 930 Πεπουζηνῶν
587 865 872 937 βάπτισμα
895 870 1215 940 ἐγκριθῆναι
1251 874 1356 926 τῶν
1387 874 1758 940 βαπτιζόντων

182 954 265 1016 είς
299 954 519 1025 Πατέρα
567 959 660 1010 καὶ
695 959 824 1012 Υἰὸν
871 963 964 1014 καὶ
995 964 1272 1018 Μοντανὸν
1310 966 1342 1036 ἢ
1391 966 1753 1036 Πρίσκιλλαν;

183 1046 258 1097 Ού
303 1045 412 1116 γὰρ
445 1047 857 1118 ἐϐαπτίσθησαν
898 1053 948 1105 οἱ
997 1054 1079 1118 είς
1122 1057 1188 1109 τὰ
1225 1058 1299 1126 μὴ
1329 1058 1588 1130 δεδομένα
1622 1062 1754 1131 ἡμῖν

184 1135 601 1203 βαπτισθέντες.
644 1159 664 1193 ι
703 1142 937 1208 Τούτους
967 1140 1061 1198 οὖν
1102 1147 1194 1199 καὶ
1225 1150 1350 1212 τοὺς
1379 1151 1501 1203 κατ’
1528 1152 1749 1218 αὐτοὺς,

179 1227 210 1278 ὁ
231 1228 412 1281 κανὼν
435 1233 530 1283 καὶ
559 1233 608 1284 oi
632 1233 897 1305 Πατέρες.
931 1235 1005 1301 ὦς
1035 1256 1200 1308 φησιν
1220 1240 1248 1292 6
1277 1240 1420 1305 Θεῖος
1449 1243 1750 1311 Βασίλειος,

178 1320 500 1388 αἱρετικοὺς
530 1321 841 1394 ὠνόμασαν.
872 1327 980 1380 Τοῦ
1023 1328 1080 1381 δὲ
1108 1330 1360 1400 δευτέρου
1406 1335 1751 1404 παράδειγμα

178 1408 346 1462 πάλιν
386 1412 551 1481 φησὶν
599 1416 628 1467 ό
679 1413 834 1480 ἅγιος
867 1416 1186 1483 Βασίλειος·
1221 1439 1240 1472 ι
1277 1424 1340 1476 Oi
1371 1424 1616 1495 Καθαροὶ
1656 1428 1751 1481 καὶ

178 1501 336 1554 αὐτοὶ
360 1503 470 1555 τῶν
493 1505 912 1578 ἀπεσχισμένων
937 1512 1098 1569 είσίν.
1134 1531 1154 1564 ι

248 1595 312 1646 Et
343 1593 402 1648 δὲ
432 1596 621 1667 φαίης·
657 1599 766 1653 Kal.
796 1601 913 1665 πῶς
944 1603 1191 1671 λέγονται
1232 1607 1499 1677 αίρετικοὶ
1535 1610 1627 1664 καὶ
1657 1605 1749 1665 οὗ·

173 1701 258 1737 τοι
310 1686 406 1738 καὶ
440 1687 640 1752 πάντες
674 1692 723 1743 οἱ
777 1694 1260 1768 μεταγενέστεροι;
1315 1701 1473 1755 τοῦτο
1515 1704 1749 1776 λέγομεν

173 1776 273 1828 καὶ
301 1776 564 1847 νοοῦμεν·
597 1783 647 1834 οἱ
684 1782 783 1852 μὲν
823 1785 1030 1855 πρῶτοι
1074 1790 1279 1858 κυρίως
1319 1793 1617 1863 αἱρετικοὶ,
1658 1797 1746 1851 διὰ

171 1867 234 1919 τὸ
267 1868 349 1931 είς
375 1870 507 1923 αὐτὸ
536 1871 594 1924 τὸ
631 1874 844 1946 καίριον
874 1879 972 1948 τῆς
1018 1881 1299 1952 τριαδικῆς
1322 1886 1482 1954 ἡμῶν
1510 1889 1746 1954 πίστεως

171 1959 532 2028 ἠσεϐηκέναι.
588 1965 650 2017 Oi
686 1965 741 2018 δὲ
785 1965 1028 2040 δεύτεροι
1065 1973 1204 2026 κατὰ
1250 1977 1611 2047 κατάχρησιν,
1654 1981 1747 2032 καὶ

169 2051 250 2114 ὡς
304 2054 368 2105 ἐκ
409 2054 518 2107 τῶν
560 2056 792 2126 πρώτων
839 2063 1217 2132 παρηγμένοι·
1262 2068 1652 2137 ὁμολογοῦντες
1701 2071 1746 2124 δ’

169 2139 326 2209 ὅμως
372 2145 453 2208 είς
495 2147 699 2215 Τριάδα
747 2151 842 2204 καὶ
884 2154 1161 2208 πιστεύειν
1219 2159 1312 2210 καὶ
1360 2159 1642 2229 βαπτίζειν
1689 2164 1748 2216 ἐν

174 2232 435 2302 ἰδιώματι
464 2237 652 2307 οἰκείῳ
685 2241 784 2309 τῆς
813 2243 1047 2315 ἑκάστης
1079 2248 1451 2317 ὑποστάσεως,
1497 2254 1594 2306 καὶ
1626 2254 1747 2325 οὐχὶ

173 2327 308 2394 μιᾶς
324 2326 434 2380 τῶν
448 2330 617 2400 τριῶν
649 2332 1004 2408 ὑπαρχούσης
1019 2354 1032 2366 ·
1063 2339 1166 2393 κᾶν
1189 2341 1246 2393 ἐν
1267 2341 1446 2406 ἄλλοις
1473 2343 1744 2414 ᾑρέτιζον.

169 2418 282 2506 Τοῦ
315 2422 500 2490 τρίτου
537 2419 887 2497 παράδειγμα
913 2469 928 2493 ,
969 2431 1132 2495 αὐτὸς
1159 2434 1187 2486 ὁ
1217 2433 1372 2502 ἅγιος
1398 2436 1562 2490 πάλιν
1590 2441 1742 2506 φησὶ,

168 2505 288 2561 οἷον
327 2512 379 2567 ετ
407 2529 489 2576 τις
531 2515 589 2567 ἐν
633 2517 938 2588 πταίσματι
976 2521 1305 2587 ἐξετασθεὶς,
1343 2505 1610 2596 ἐπεσχέθη
1647 2505 1745 2594 τῆς

170 2601 564 2674 λειτουργίας,
614 2608 709 2661 καὶ
756 2611 832 2680 μὴ
879 2611 1127 2681 ὑπέκυψε
1173 2615 1288 2676 τοῖς
1333 2617 1586 2668 κανόσιν·
1630 2616 1745 2669 ἀλλ’

171 2694 358 2764 ἐαυτῷ
385 2696 664 2768 ἐξεδίκησε
691 2700 788 2770 τὴν
822 2705 1115 2773 προεδρίαν
1144 2706 1240 2758 καὶ
1267 2705 1364 2775 τὴν
1380 2707 1741 2780 λειτουργίαν.

170 2785 285 2838 Καί
311 2803 371 2854 γε
406 2788 483 2852 ὡς
508 2792 555 2842 οξ
590 2790 835 2864 δεύτεροι
863 2795 1145 2865 ὁμώνυμοι
1176 2800 1288 2860 τοῖς
1314 2798 1578 2868 πρώτοις,
1603 2801 1744 2856 οὕτω

172 2880 268 2933 καὶ
302 2883 349 2933 οἱ
382 2883 557 2950 τρίτοι
587 2885 870 2958 ὁμώνυμοι
899 2893 1012 2951 τοῖς
1032 2889 1324 2962 δευτέροις.
1367 2893 1585 2962 Ἀμέλει
1621 2895 1745 2955 τοὺς

171 2972 540 3039 Μελετιανοὺς
571 2982 964 3048 σχισματικοὺς
992 2981 1042 3033 οί
1071 2983 1240 3037 πάλαι
1276 2984 1542 3050 καλοῦσι,
1571 2984 1744 3037 Μελεσ

169 3062 273 3133 τεῳ
295 3064 371 3133 τῷ
396 3070 737 3139 σχισματικῷ
762 3073 1229 3142 συναπαχθέντας,
1261 3075 1355 3128 καί
1375 3093 1458 3128 τοι
1487 3076 1561 3147 μὴ
1582 3077 1742 3141 ὄντας

169 3153 518 3218 κακοδόξους.
568 3156 1078 3228 Ἀναθεματίζοντες
1111 3162 1221 3232 γὰρ
1249 3163 1309 3216 τὸ
1347 3163 1476 3216 ἴδιον
1517 3165 1739 3234 σχίσμα,
1767 3151 1812 3213 C

171 3243 249 3304 ὥς
297 3261 452 3310 φασι,
504 3247 810 3316 δεδεγμένοι
853 3253 963 3304 εἰσὶ
1007 3256 1071 3324 τῇ
1121 3254 1380 3325 καθολικῇ
1425 3255 1742 3327 Ἐκκλησία.

177 3336 366 3388 Ἔοικε
410 3337 468 3389 δέ
513 3340 669 3410 σειρά
699 3359 782 3404 τις
825 3338 961 3398 εῖναι
995 3346 1415 3414 δαιμονόπλοκος
1455 3349 1744 3418 ήκαθόλου

173 3426 412 3494 αἵρεσις,
444 3429 607 3499 ἑτέρα
630 3431 728 3500 τῆς
760 3434 954 3504 ἐτέρας
987 3436 1239 3506 ἐχομένη,
1269 3439 1364 3490 καὶ
1387 3439 1462 3501 ὡς
1490 3441 1552 3492 ἐκ
1587 3456 1749 3510 κορυ-

173 3515 284 3584 φῆς
331 3518 461 3584 μιᾶς
504 3517 893 3590 ἐξηρτημένων
927 3524 1155 3576 ἀπασῶν
1193 3525 1295 3595 τῆς
1343 3527 1604 3591 ἀσεϐείας
1655 3529 1748 3582 καὶ

175 3610 366 3672 ἁθεϊας
385 3627 401 3643 ·
434 3609 539 3664 κᾶν
566 3614 938 3687 ἐτερωνυμίᾳ,
973 3617 1069 3670 καὶ
1094 3618 1292 3689 χρόνῳ,
1321 3621 1416 3672 καὶ
1449 3621 1618 3691 τόπῳ,
1655 3623 1749 3674 καὶ

175 3703 462 3770 ποσότητι,
496 3704 593 3756 καὶ
628 3705 909 3776 ποιότητι,
946 3709 1038 3760 καὶ
1073 3708 1322 3779 δυνάμει,
1370 3712 1466 3763 καὶ
1500 3713 1750 3782 ἐνεργείᾳ

172 3791 532 3861 διαφέρωσιν.
577 3796 726 3849 Ἐπεὶ
761 3797 893 3868 μηδέ
935 3798 995 3852 ἓν
1038 3800 1132 3853 καὶ
1180 3801 1242 3853 τὸ
1289 3801 1420 3855 αὐτὸ
1467 3803 1650 3873 σῶμα,
1691 3803 1748 3855 ἐν

177 3884 344 3952 μόνον
374 3885 567 3955 μέλος,
597 3889 736 3943 ἀλλὰ
763 3894 855 3945 καὶ
882 3892 1084 3946 πολλά·
1115 3893 1211 3947 καὶ⁸
1252 3895 1499 3966 διάφοροι
1530 3897 1587 3948 αἱ
1620 3896 1745 3948 τού-

173 3990 286 4027 των
329 3977 468 4048 πρὸς
523 3979 732 4050 ἄλληλα
781 3982 1078 4055 ἐνέργειαι,
1133 3986 1411 4055 δυνάμεις,
1464 3988 1745 4059 ἰδιότητες,

176 4066 362 4131 θέσεις
393 4084 454 4121 τε
484 4069 576 4122 καὶ
609 4075 786 4139 τιμαί.

246 4244 387 4315 Περὶ
415 4244 525 4300 τῶν
551 4247 758 4319 ἐτέρων
795 4267 889 4304 σου
947 4251 1300 4325 ἐρωτήσεων·
1329 4256 1362 4324 ἡ
1398 4255 1588 4325 πρώτη
1619 4255 1750 4325 περὶ

175 4339 554 4410 πρεσϐυτέρου
596 4343 690 4396 τοῦ
740 4344 1143 4414 ὀρθοδοξοῦντος
1167 4387 1182 4412 ,
1213 4348 1327 4401 ἀλλ’
1357 4351 1507 4418 ὅμως
1540 4367 1751 4419 μνημο-

1773 1833 1820 1891 Β

1866 609 1982 663 ritis
2027 610 2179 666 fiunt.
2234 615 2310 667 Ac
2358 615 2513 684 primi
2561 619 2779 687 quidem
2848 627 3064 691 gcncrls
3109 630 3419 698 exemplum

1864 716 2030 755 unum
2092 704 2207 772 ipse
2272 706 2532 773 all'erens,
2578 710 2642 764 ad
2695 723 2940 768 sanctum
2983 717 3422 786 Amphilochium

1860 793 2048 847 scribit
2072 795 2149 848 δίε
2199 815 2216 846 ι
2257 795 2513 862 Quanam
2573 801 2736 871 igitur
2781 805 2918 858 ratio
2943 815 3027 860 est
3058 817 3116 861 ut
3170 809 3418 878 Pepuze-

1859 899 2052 938 norum
2097 886 2364 957 baptisma
2387 906 2508 946 esse
2565 893 2858 961 iudicetur,
2909 897 2999 965 qui
3054 898 3330 968 baptizant
3365 903 3419 956 in

1860 974 2095 1039 Patrem,
2141 985 2196 1030 et
2234 977 2447 1043 Filium,
2486 990 2540 1033 et
2598 981 2910 1037 Montanum
2953 987 3033 1039 vel
3081 987 3422 1043 Priscillam?

1856 1063 2044 1134 Neque
2088 1067 2234 1120 enim
2267 1069 2522 1138 baptizati
2554 1081 2702 1134 sunt.
2736 1075 2829 1142 qui
2882 1077 2935 1129 in
2970 1092 3033 1130 ea
3093 1094 3212 1147 qua:
3263 1081 3421 1134 nobis

1856 1171 1964 1210 non
1992 1167 2114 1212 sunt
2154 1160 2370 1222 tradita,
2418 1162 2674 1231 baptizati
2699 1173 2844 1218 sunt.
2872 1184 2890 1216 ι
2927 1165 3037 1221 llos
3063 1184 3191 1239 ergo
3242 1179 3295 1224 et
3327 1173 3417 1241 qui

1855 1247 1988 1317 ipsis
2035 1250 2335 1316 adhaerent,
2361 1267 2536 1305 canon
2577 1262 2631 1306 et
2680 1253 2887 1321 Patres,
2919 1267 2975 1311 ut
3021 1258 3239 1314 divinus
3272 1259 3418 1314 Basi-

1854 1341 1960 1396 lius
2004 1343 2098 1407 ait,
2148 1343 2498 1399 nominarunt
2560 1345 2865 1401 haereticos.
2918 1348 3125 1404 Rursus
3191 1354 3415 1407 secundi

1851 1432 2070 1502 generis
2095 1434 2402 1502 exemplum
2453 1435 2659 1503 profert
2689 1446 2909 1491 sanctus
2961 1438 3191 1496 llasilius
3220 1459 3233 1495 :
3263 1462 3281 1493 ι
3313 1441 3418 1497 Ca-

1853 1523 1994 1576 thari
2016 1530 2143 1577 sunt
2164 1532 2218 1578 et
2246 1524 2347 1593 ipsi
2370 1525 2514 1578 inter
2540 1540 2633 1579 eos
2659 1527 2750 1594 qui
2780 1528 3003 1582 abscissi
3032 1539 3182 1585 sunt.
3218 1550 3236 1583 ι

1921 1613 2075 1679 Quod
2102 1614 2147 1669 si
2172 1615 2319 1669 dicas
2352 1632 2366 1672 :
2402 1615 2466 1669 Et
2488 1617 2756 1685 quomodo
2792 1617 2846 1670 hi
2882 1633 3118 1688 quoque,
3155 1629 3210 1674 et
3235 1632 3417 1690 postc-

1852 1705 2022 1759 riores
2071 1722 2279 1765 omnes.
2315 1707 2552 1761 haeretici
2585 1708 2889 1762 dicuntur?
2916 1708 3030 1763 lloc
3059 1711 3325 1776 dicimus,
3363 1724 3417 1767 et

1851 1797 2242 1868 intelligimus;
2273 1799 2477 1867 primos
2528 1799 2742 1869 quidem
2780 1801 2995 1870 pr0prie
3053 1803 3156 1856 dici
3194 1805 3413 1858 haereti-

1847 1906 1959 1954 cos,
1990 1904 2056 1944 eo
2082 1890 2222 1957 quod
2257 1889 2584 1957 impietatem
2613 1899 2940 1944 exeruerunt
2974 1891 3028 1945 in
3064 1891 3114 1946 id
3137 1894 3278 1962 quod
3319 1910 3416 1949 no-

1847 1991 1972 2035 strae
1992 1982 2059 2035 de
2076 1981 2338 2036 Trinitate
2366 1982 2483 2036 ﬁdei
2502 1982 2830 2050 praecipuum
2849 1993 2931 2038 est
2954 2002 2967 2038 :
2995 1986 3261 2039 secundos
3287 2002 3414 2041 vero

1847 2072 2089 2137 abusive,
2111 2081 2166 2126 ct
2199 2081 2449 2140 tanquam
2493 2089 2522 2124 a
2551 2073 2742 2140 primis
2772 2073 3045 2127 derivatos
3069 2114 3082 2136 ,
3114 2076 3205 2143 qui
3233 2084 3412 2130 tamen

1847 2162 2249 2218 confitebantur
2295 2176 2352 2216 se
2386 2163 2440 2215 in
2473 2161 2792 2217 Trinitatem
2820 2172 2874 2216 ct
2903 2164 3123 2218 credere
3152 2175 3207 2218 et
3236 2167 3408 2234 bapti-

1848 2269 1991 2318 zare,
2049 2253 2105 2306 in
2140 2254 2465 2322 proprietate
2514 2252 2770 2323 singulari
2817 2269 3060 2322 personae
3101 2255 3362 2324 cujusque
3394 2295 3409 2318 ,

1847 2360 1960 2400 non
2004 2353 2184 2399 autem
2235 2359 2356 2414 qua:
2395 2358 2498 2395 una
2552 2340 2605 2394 in
2643 2343 2820 2397 tribus
2871 2345 3096 2398 exsistat
3139 2362 3152 2397 :
3192 2346 3321 2399 licet
3353 2348 3407 2400 in

1847 2442 1968 2496 aliis
2031 2440 2195 2493 rebus
2243 2436 2555 2491 harreticum
2611 2435 2812 2504 aliquid
2855 2447 3185 2492 assererent.
3235 2438 3404 2493 Tertii

1846 2530 2057 2601 generis
2106 2530 2413 2598 exemplum
2471 2541 2664 2580 rursus
2737 2526 2881 2581 idem
2942 2537 3165 2582 sanctus
3226 2529 3404 2583 dicit:

1847 2624 1994 2676 velut
2018 2622 2060 2676 si
2090 2621 2212 2691 quis
2247 2621 2488 2675 criminis
2517 2621 2832 2684 convictus,
2859 2637 2889 2674 a
2919 2637 3072 2676 sacro
3108 2623 3410 2676 ministerio

1845 2729 2143 2784 suspensus
2179 2715 2268 2779 sit,
2314 2723 2369 2768 et
2399 2713 2698 2767 canonibus
2723 2728 2830 2765 non
2857 2713 3031 2775 cedat,
3057 2715 3150 2768 sed
3185 2713 3407 2783 primam

1844 2805 1946 2860 sibi
1980 2805 2164 2859 sedem
2187 2815 2241 2859 et
2273 2804 2634 2858 ministerium
2668 2802 2925 2857 vindicet.
2974 2803 3149 2872 Atque
3179 2814 3237 2857 ut
3267 2804 3409 2857 idem

1844 2912 1966 2952 cum
1998 2896 2189 2966 primis
2227 2910 2426 2949 nomen
2456 2895 2632 2968 sortiti
2677 2904 2806 2949 sunt
2834 2896 3056 2950 secundi
3087 2912 3100 2960 ;
3138 2897 3208 2949 ita
3247 2897 3409 2949 etiam

1848 2989 1990 3044 tertii
2022 3003 2145 3043 cum
2177 2987 2450 3043 secundis.
2480 2987 2640 3041 Certe
2683 2986 3034 3052 Meletianos;
3067 3001 3204 3055 quos
3245 2985 3412 3039 Mele-

1847 3082 1956 3136 tius
2012 3080 2392 3134 schismaticus
2463 3078 2757 3132 abduxerat
2812 3094 2826 3143 ;
2874 3078 3079 3146 antiqui
3136 3077 3410 3145 appellant

1845 3172 2238 3236 scliismaticos,
2276 3171 2521 3241 quamvis
2570 3185 2677 3224 non
2728 3179 2911 3224 essent
2970 3168 3242 3223 cacodoxi.
3279 3168 3412 3222 Pro-

1846 3264 2026 3334 prium
2062 3263 2206 3316 enim
2239 3262 2493 3323 schisma,
2538 3270 2601 3314 ut
2651 3260 2822 3325 aiunt,
2860 3256 3407 3316 anatliematizantes.

1845 3358 1913 3413 ab
1948 3356 2185 3411 Ecclesia
2220 3354 2486 3410 catholica
2520 3353 2753 3421 suscepti
2783 3359 2929 3405 sunt.
2971 3348 3196 3403 Videtur
3227 3357 3409 3401 autem

1848 3449 2087 3509 haeresis.
2123 3449 2176 3502 in
2227 3446 2542 3501 universum
2599 3454 2786 3497 catena
2822 3441 3066 3511 quaedam
3100 3453 3219 3493 esse
3247 3453 3276 3491 a
3306 3437 3414 3490 dae-

1848 3558 2006 3597 mone
2025 3548 2275 3596 contexta
2309 3577 2324 3602 ,
2377 3539 2545 3592 altera
2574 3536 2726 3591 alteri
2771 3549 3014 3590 connexa
3046 3572 3060 3598 ,
3097 3531 3413 3599 cunctisque

1847 3642 2100 3700 tanquam
2134 3631 2203 3682 ab
2233 3643 2343 3681 uno
2401 3625 2692 3694 impietatis
2726 3624 2900 3692 capite
2935 3621 3186 3691 appensis
3210 3639 3221 3673 :
3243 3635 3414 3688 quan-

1848 3723 2049 3777 tumvis
2075 3719 2390 3774 diversitate
2447 3716 2726 3769 nominum
2762 3752 2776 3775 ,
2804 3722 2858 3767 et
2889 3725 3127 3782 tempore
3147 3753 3160 3775 ,
3187 3720 3240 3764 et
3272 3710 3411 3771 loco,

1847 3825 1903 3869 et
1930 3812 2250 3883 quantitate,
2281 3817 2335 3863 et
2362 3809 2642 3878 qualitate,
2669 3815 2725 3862 et
2759 3805 3015 3876 potentia,
3053 3814 3108 3857 et
3151 3811 3274 3857 actu
3307 3799 3414 3854 dif-

1848 3905 2025 3960 ferant
2058 3922 2072 3958 :
2109 3901 2547 3972 quandoquidem
2575 3915 2676 3953 nec
2702 3914 2870 3952 unum
2924 3897 3175 3964 idemque
3219 3908 3416 3961 corpus

1848 3997 2154 4052 membrum
2202 4001 2285 4049 est
2311 4006 2477 4046 unum
2509 3990 2706 4051 solum,
2732 3987 2827 4042 sed
2856 3987 3022 4040 multa
3051 4002 3066 4049 ;
3108 3983 3414 4051 diversique

1848 4096 1977 4143 sunt
2061 4086 2257 4154 horum
2361 4083 2504 4137 inter
2553 4096 2610 4135 se
2669 4087 2862 4142 actus,
2913 4077 3194 4132 facultates
3228 4114 3242 4138 ,
3285 4087 3413 4143 pro-

1849 4179 2127 4248 prietates,
2168 4177 2410 4243 situsque
2438 4182 2493 4228 et
2522 4173 2780 4226 honores.

1920 4269 2075 4336 Quod
2117 4277 2323 4338 spectat
2355 4276 2577 4322 caeteras
2633 4260 3082 4332 interrogationes
3144 4269 3306 4322 tuas;
3347 4257 3412 4310 ad

1852 4360 2099 4429 primam,
2131 4360 2198 4413 de
2239 4358 2550 4427 presbytero
2580 4353 2879 4409 orthodoxa
2912 4351 3164 4420 quidem',
3211 4348 3304 4403 sed
3337 4357 3415 4401 ta-

175 4431 430 4496 νεύοντος
478 4433 631 4504 φόϐῳ
683 4435 925 4507 διωγμοῦ
967 4438 1058 4491 τὸν
1105 4441 1380 4509 αἱρετικὸν
1427 4442 1744 4507 ἐπίσκοπον,

1853 4465 1974 4504 men
2011 4451 2098 4518 qui
2133 4448 2530 4519 persecutionis
2557 4455 2702 4500 metu
2730 4442 3045 4517 lizcreticum
3099 4441 3412 4509 episcopum

175 4526 594 4598 προαπεκρίθην
633 4544 752 4582 σοι·
807 4530 943 4601 πλὴν
975 4532 1070 4585 καὶ
1111 4530 1299 4596 αὖθις·
1350 4535 1398 4586 εί
1432 4536 1508 4606 μὴ
1539 4535 1746 4588 συλλει-

173 4621 402 4687 τουργεί
418 4620 699 4690 αἱρετικῷ,
721 4621 815 4675 καὶ
839 4623 888 4674 εί
919 4623 995 4692 μὴ
1017 4624 1288 4693 μεταδιδοῖ
1314 4629 1429 4688 τοῖς
1461 4626 1743 4689 τοιούτοις,

172 4707 396 4761 δεκτέον
421 4709 513 4761 τὸν
537 4712 777 4764 τοιοῦτον
806 4715 886 4775 εἰς
904 4715 1376 4781 συνεστίασινμαλ⁸
1403 4717 1744 4786 ψαλμῳδίαν,

177 4799 272 4852 καὶ
297 4799 552 4867 εὐλογίαν
589 4801 915 4873 βρωμάτων,
947 4806 1041 4858 καὶ
1068 4805 1227 4860 τοῦτο
1258 4809 1376 4861 κατ’
1409 4809 1743 4878 οἰκονομίαν,

175 4891 235 4946 οὐ
266 4891 367 4960 μέν
390 4909 476 4945 τοι
500 4893 579 4955 είς
609 4894 762 4946 Θείαν
793 4895 1116 4964 μετάληψιν.
1142 4901 1232 4950 Δεῖ
1257 4899 1312 4950 δέ
1339 4901 1623 4970 ἐπερωτᾷν
1649 4901 1746 4970 τῆς

175 4984 449 5055 αἱρέσεως
485 4987 796 5056 κρατούσης
833 4988 1080 5052 πάντως·
1108 4989 1397 5059 ὁμολογίαν
1429 4992 1484 5043 δὲ
1517 4991 1745 5060 δεχομέ-

177 5095 288 5141 νοις
316 5077 630 5147 ἁρκεῖσθαι,
649 5079 749 5132 οὐκ
781 5075 898 5132 οἶδα
927 5081 975 5132 εί
1010 5082 1084 5150 μὴ
1113 5083 1396 5152 προδήλως
1423 5083 1747 5152 ψευδολόγος

177 5167 340 5239 αὕτη.
373 5167 448 5220 Τὸ
477 5168 581 5239 γὰρ
606 5169 774 5240 φαίην
808 5187 867 5222 σε
906 5170 1252 5225 διδάσκεσθαι
1287 5175 1433 5243 ἡμᾶς
1465 5174 1616 5244 παρὰ
1640 5173 1746 5226 τῶν

178 5261 476 5330 Πατέρων,
517 5259 593 5331 μὴ
627 5262 946 5332 ἐπερωτᾷν,
996 5266 1124 5335 περὶ
1154 5266 1346 5335 καιροῦ
1389 5260 1449 5320 οὗ
1482 5265 1557 5335 μὴ
1599 5266 1745 5318 ἔστιν

178 5352 390 5420 αἵρεσις
448 5353 787 5422 μαινομένη·
851 5355 945 5406 καὶ
1001 5357 1129 5426 περὶ
1178 5357 1285 5408 τῶν
1336 5359 1410 5427 μὴ
1465 5358 1745 5427 προδήλως

179 5443 667 5514 κατεγνωσμένων.
716 5445 969 5499 Τοιοῦτον
998 5447 1053 5500 δὲ
1083 5448 1472 5519 πρεσϐύτερον,
1520 5451 1745 5502 σπάνιον

173 5536 355 5605 εὑρεῖν
384 5536 479 5590 νῦν
506 5536 584 5607 μὴ
614 5537 940 5609 μιγνύμενον
972 5540 1062 5594 καὶ
1101 5541 1566 5607 σ·.›γκοινωνοῦντα
1596 5542 1743 5610 αἱρε-

178 5631 363 5692 τικοίς.

243 5809 284 5840 ⁸¹
312 5809 440 5866 Can.
479 5826 515 5865 ι.

1851 4549 2260 4604 commemorat,
2291 4541 2402 4609 jam
2434 4547 2559 4593 ante
2595 4534 2849 4605 respondi
2888 4532 2979 4587 tibi
3009 4549 3022 4598 ;
3048 4531 3140 4585 sed
3173 4538 3226 4584 et
3268 4544 3414 4583 nunc

1849 4635 2044 4689 iterum
2087 4631 2179 4686 :Si
2210 4647 2332 4684 cum
2385 4627 2641 4682 haeretico
2685 4641 2791 4680 non
2842 4622 3136 4682 sacriﬁcet,
3165 4636 3268 4673 nec
3292 4619 3430 4688 tali-O

1849 4728 1952 4782 bus
1977 4724 2294 4794 impertiat;
2343 4719 2710 4790 recipiendum
2753 4718 2898 4770 hunc
2949 4729 3070 4768 esse
3121 4712 3186 4765 ad
3208 4710 3412 4794 convi-

1849 4828 2016 4880 ctum,
2051 4827 2106 4870 et
2152 4812 2522 4884 psalmodiam.
2551 4819 2607 4864 et
2642 4805 3076 4862 benedictionem
3124 4791 3368 4856 escarum
3395 4838 3410 4859 ,

1849 4911 2008 4978 idque
2061 4923 2156 4976 per
2200 4905 2680 4974 dispensationem,
2707 4914 2817 4951 non
2846 4906 3027 4949 autem
3058 4895 3125 4947 ad
3175 4890 3412 4945 divinam

1849 4999 2336 5072 participationem.
2383 4995 2715 5061 Interrogare
2762 5002 2987 5058 prorsus
3013 4993 3258 5054 oportet,
3298 4982 3411 5035 ha!-

1849 5092 1952 5147 resi
1990 5093 2303 5145 dominante
2335 5082 2711 5151 ;confessione
2749 5087 2928 5133 autem
2973 5084 3222 5143 suscepta
3261 5112 3275 5134 ,
3322 5088 3411 5124 ac-

1847 5185 2146 5252 quiescere,
2204 5179 2306 5232 nisi
2357 5175 2639 5246 perspicue
2698 5172 2767 5224 sit
2815 5170 2967 5223 falsa.
3015 5165 3127 5221 lloc
3181 5164 3324 5218 enim
3382 5180 3410 5215 a

1847 5274 2098 5328 Patribus
2128 5268 2310 5325 doceri
2360 5282 2459 5320 nos
2493 5263 2719 5319 dixerim
2759 5279 2773 5325 ;
2824 5275 2932 5313 non
2969 5255 3412 5325 interrogandum

1846 5379 1954 5434 quo
1982 5373 2219 5430 tempore
2248 5373 2352 5411 non
2402 5362 2673 5426 grassatur
2713 5349 2957 5410 hmresis,
2987 5362 3087 5400 nec
3115 5346 3182 5402 de
3220 5345 3286 5398 iis
3320 5344 3410 5412 qui

1848 5453 1954 5509 non
2011 5461 2138 5507 sunt
2181 5449 2467 5505 manifeste
2521 5444 2780 5500 damnati.
2843 5438 3160 5509 Huiusmodi
3229 5445 3411 5490 autem

1847 5548 2217 5618 presbyterum
2249 5541 2481 5610 reperire
2495 5553 2637 5592 nunc
2673 5550 2848 5590 rarum
2879 5541 2978 5597 est,
3005 5533 3094 5600 qui
3125 5545 3229 5585 non
3261 5543 3412 5582 com-

1762 5693 1764 5695 ,
1850 5640 2142 5694 misceatur
2172 5646 2224 5690 et
2254 5632 2617 5689 communicet
2661 5644 2780 5684 cum
2823 5625 3114 5682 hareticis.
