3914 6446
496 377 634 442 1055

1677 383 1739 444 S.
1774 381 2169 444 THEODORI
2212 381 2563 445 ΒΤΗΒΙΤιΕ

3608 372 3751 437 1056

561 491 831 556 Secunda,
864 490 931 547 de
981 490 1186 548 Christi
1244 491 1468 556 famulo,
1542 493 1633 563 qui
1673 493 1742 549 ad
1774 495 2069 549 oratorium

2273 495 2320 548 ﬂ
2369 492 2634 563 δευτέρα·
2687 489 2815 562 περὶ
2867 486 3215 559 φιλοχρίστου
3264 483 3751 556 προσκαλουμένου

490 597 649 636 suum
682 582 928 647 advocat,
962 592 1022 637 ut
1057 583 1397 654 pervigilium
1430 584 1734 639 celebretur
1763 602 1777 639 :
1805 593 1984 639 utrum
2024 587 2077 639 in

488 689 554 729 eo
585 689 736 729 sacra
759 674 931 740 obire,
951 683 1146 730 etcum
1176 676 1373 745 quibus
1393 685 1662 746 oporteat.
1685 675 1798 731 Mos
1810 677 2081 747 gerendus

489 776 595 832 est,
629 766 937 820 etenndum
961 767 1162 836 utique.
1179 777 1235 822 et
1256 783 1362 821 una
1385 767 1743 837 psallendum,
1764 767 1808 823 si
1824 768 2083 823 orthodo-

487 873 590 913 xus
615 866 700 912 est
723 858 815 927 qui
838 857 1072 913 advocat
1100 868 1156 913 et
1184 858 1275 929 qui
1298 859 1555 929 psallunt,
1579 870 1836 915 caventes
1862 860 2080 929 utrique

487 964 559 1004 ne
581 964 705 1004 cum
729 949 998 1005 haereticis
1011 941 1582 1016 communicent.Quin
1601 960 1656 1006 et
1671 966 1821 1005 sacra
1840 950 1892 1004 in
1908 961 2081 1007 orato-

488 1043 572 1096 rio
600 1042 928 1113 peragenda,
948 1045 996 1097 si
1024 1042 1253 1097 aﬂirmet
1278 1042 1371 1112 qui
1397 1043 1626 1106 obtinet,
1652 1043 1896 1099 nondum
1928 1044 1984 1099 in
2014 1058 2081 1100 eo

490 1130 804 1187 hmrcticum
828 1133 1183 1188 ministrasse.
1214 1132 1333 1187 Jam
1354 1133 1497 1187 enim
1519 1133 1721 1189 dictum
1748 1144 1854 1200 est,
1880 1150 2078 1192 neces-

489 1221 635 1275 sario
657 1221 724 1276 de
748 1222 1023 1287 omnibus,
1076 1221 1147 1277 ob
1179 1222 1453 1278 furentem
1485 1223 1760 1289 ha-resim,
1792 1225 2080 1281 sciscitan-

489 1311 642 1365 dum.

559 1401 775 1469 Tertia;
804 1404 849 1459 si
886 1404 1010 1475 quis
1064 1405 1135 1459 ab
1189 1403 1373 1474 aliquo
1410 1405 1707 1461 Ecclesiam
1776 1406 2081 1476 susceperit

488 1492 841 1560 orthodoxus,
876 1496 1045 1550 moris
1070 1504 1252 1550 autem
1284 1497 1355 1551 sit
1383 1496 1551 1552 semel
1582 1504 1676 1551 aut
1710 1497 1906 1552 iterum
1929 1507 2083 1567 quot-

498 1582 658 1636 annis
681 1584 733 1637 in
755 1599 818 1639 ea
843 1586 1163 1656 congregari
1216 1587 1498 1656 populum,
1526 1601 1588 1643 ac
1611 1587 1851 1642 haeretici
1875 1603 2079 1643 nomen

500 1671 557 1725 in
611 1672 827 1743 liturgia
881 1676 1207 1729 memorari:
1235 1677 1551 1732 necessario
1590 1676 1810 1747 quidem
1848 1677 2079 1747 permit-

490 1765 713 1818 tendum
750 1776 921 1820 estut
949 1766 1021 1821 ibi
1056 1768 1340 1837 psallatur,
1396 1784 1506 1825 non
1552 1779 1734 1824 autem
1766 1777 1827 1824 ut
1858 1769 2075 1841 liturgia

486 1856 832 1925 celebretur;
864 1860 1009 1928 quod
1038 1860 1083 1913 si
1119 1859 1355 1914 obtineri
1396 1869 1581 1931 potest
1627 1870 1688 1916 ut
1717 1876 1835 1916 mos
1859 1861 1950 1917 ille
1979 1877 2070 1917 re-

486 1947 781 2014 scindatur,
827 1951 991 2003 etiam
1021 1950 1234 2022 liturgia
1264 1951 1536 2007 obeunda.

555 2038 794 2107 Quarta;
824 2040 867 2095 si
902 2040 973 2095 sit
1000 2041 1240 2097 Ecclesia
1281 2043 1335 2096 in
1365 2059 1471 2113 qua
1499 2044 1810 2100 sacriﬁcans
1857 2046 2078 2102 haereti-

482 2143 606 2181 cum
632 2141 1037 2196 commemoret,
1080 2132 1383 2202 habeatque
1415 2134 1748 2190 ortliodoxus
1798 2137 2074 2192 sacriﬁca-

484 2219 687 2275 torium
716 2222 1109 2278 sanctificatum
1143 2224 1198 2277 in
1228 2223 1459 2279 sindone
1485 2225 1569 2279 vel
1591 2225 1647 2279 in
1668 2227 1982 2294 asseribus;
2006 2243 2074 2283 an

481 2311 737 2366 convenit
758 2313 884 2367 illud
915 2313 967 2367 in
997 2314 1187 2368 eadem
1210 2314 1335 2384 poni
1363 2316 1624 2381 Ecclesia,
1649 2333 1759 2371 non
1800 2328 2075 2387 praesente

483 2401 575 2455 illo
593 2404 683 2471 qui
710 2414 1119 2468 commemorat,
1148 2406 1202 2459 in
1256 2420 1429 2475 eoque
1457 2406 1763 2462 sacriﬁcare
1808 2410 2074 2465 orthodo-

485 2508 614 2547 xum
645 2495 668 2547 ?
701 2493 819 2547 Non
872 2496 1128 2550 convenit
1158 2513 1174 2561 ;
1207 2496 1304 2551 sed
1342 2497 1541 2567 potius,
1596 2514 1663 2552 ex
1714 2501 2062 2565 necessitate,

485 2584 541 2637 in
573 2587 850 2640 communi
882 2587 1064 2655 domo,
1091 2587 1305 2643 delecto
1333 2591 1588 2660 quopiam
1615 2591 1903 2647 mundiore
1923 2592 2066 2648 loco.

556 2761 759 2827 Quinta
790 2781 805 2828 ;
836 2763 878 2817 si
932 2766 1213 2837 contingat
1247 2767 1299 2821 in
1345 2767 1539 2824 itinere
1577 2770 1936 2827 orthodoxum
1972 2787 2068 2827 vo-

484 2852 602 2910 cari
648 2868 678 2906 a
710 2855 995 2909 sacerdote
1029 2857 1286 2926 quapiam
1338 2860 1419 2914 vel
1461 2860 1596 2915 laico
1638 2862 1707 2917 ad
1739 2863 2069 2929 convivium,

484 2950 541 2994 et
573 2950 787 3009 tempus
809 2941 881 2995 sit
912 2943 1226 3011 psalmodiae
1258 2961 1272 3010 ;
1299 2948 1571 3015 quomodo
1598 2949 1724 3003 licet
1755 2950 2067 3007 interesse?

486 3031 623 3094 Dixi,
659 3042 715 3086 et
746 3033 942 3088 iterum
965 3035 1086 3090 dico
1112 3053 1126 3103 ;
1156 3036 1349 3093 haeresi
1384 3039 1686 3109 obtinente,
1727 3058 1830 3099 nec
1860 3043 2067 3099 distur-

488 3124 614 3178 bata
646 3140 744 3195 per
768 3125 1044 3196 Synodum
1069 3129 1448 3196 orthodoxam,
1482 3148 1705 3188 necesse
1726 3145 1810 3189 est
1835 3135 2067 3189 interro-

490 3236 616 3288 gare
647 3229 758 3275 tum
793 3222 846 3274 in
877 3224 1057 3277 divina
1094 3225 1529 3294 participatione,
1559 3235 1670 3281 tum
1696 3228 1749 3282 in
1781 3229 2060 3284 communi
2094 3199 2138 3260 C

489 3313 744 3368 convictu
775 3332 789 3367 :
819 3329 920 3367 nec
956 3314 1126 3369 ullum
1182 3316 1246 3370 ad
1286 3317 1401 3371 haec
1457 3328 1672 3388 tempus
1733 3319 2074 3390 intempesti-

488 3421 616 3459 vum
650 3415 774 3473 est,
809 3423 912 3463 nec
966 3408 1159 3477 pudori
1217 3410 1390 3465 locus.
1443 3412 1583 3482 Ergo
1624 3420 1681 3464 ut
1712 3428 1904 3482 panem
1946 3415 2071 3483 quis

494 3497 819 3565 simpliciter
842 3501 1071 3570 accipiat
1101 3518 1128 3555 a
1156 3518 1503 3572 quocunque,
1520 3504 1867 3574 interrogatio
1886 3521 2074 3561 neces-

497 3591 639 3643 saria
694 3606 805 3645 non
856 3604 982 3657 est;
1020 3609 1198 3664 neque
1251 3603 1312 3648 ut
1356 3595 1500 3664 apud
1562 3596 1714 3650 illum
1775 3598 2070 3666 convivari,

492 3682 718 3737 seorsim
752 3684 1003 3749 fortasse,
1037 3697 1090 3741 et
1134 3688 1375 3744 dormire
1412 3689 1594 3755 liceat,
1628 3690 1674 3744 si
1726 3700 1853 3746 ante
1884 3694 2075 3747 convi-

489 3778 613 3823 ctus
643 3787 752 3824 non
783 3781 867 3826 est
899 3774 1120 3829 haeresis
1164 3786 1258 3830 aut
1288 3777 1565 3846 nequitiae.
1610 3779 1685 3832 De
1740 3780 1953 3836 caeteris
1974 3798 2074 3835 au-

490 3869 602 3914 tem
635 3862 940 3917 necessario
968 3865 1434 3934 interrogandum.

567 3952 726 4008 Sexta
758 3971 773 4019 ;
808 3963 989 4009 utrum
1018 3957 1068 4009 in
1104 3957 1338 4013 decursu
1368 3958 1583 4013 itineris
1611 3958 1774 4014 liceat
1804 3961 2072 4017 orthodo-

497 4058 585 4107 κο,
617 4045 660 4098 si
694 4043 987 4100 Ecclesiam
1036 4047 1154 4103 vico
1203 4050 1285 4103 vel
1326 4050 1447 4104 urbi
1483 4051 1719 4107 vicinam
1751 4053 2067 4121 oil‘enderit,

493 4136 565 4188 ibi
611 4151 787 4202 orare,
826 4147 920 4190 aut
949 4139 1134 4201 etiam,
1163 4139 1291 4194 dum
1320 4139 1580 4203 laicorum
1612 4146 1767 4198 tectis
1807 4145 1885 4198 uti
1914 4145 2067 4211 vitat,

493 4228 549 4279 in
582 4242 646 4280 ea
677 4227 943 4283 diversari
973 4229 995 4282 ?
1027 4227 1093 4284 Et
1146 4231 1412 4285 orandum
1459 4232 1513 4286 in
1546 4233 1632 4287 illa
1667 4275 1680 4298 ,
1714 4244 1769 4289 et
1797 4235 2073 4291 diverten-

496 4316 629 4371 dum
654 4358 668 4383 ,
701 4317 745 4372 si
776 4319 889 4373 sola
923 4321 995 4372 sit
1025 4337 1038 4374 :
1070 4320 1164 4377 sed
1192 4330 1246 4375 et
1278 4322 1335 4375 in
1364 4322 1485 4377 laici
1534 4324 1742 4380 adibus
1773 4326 1858 4381 vel
1890 4340 2071 4383 sacer-

494 4409 657 4473 dotis,
680 4422 926 4481 urgente,
944 4422 1003 4466 ut
1026 4412 1227 4467 dictum
1254 4424 1356 4480 est,
1373 4415 1518 4470 liora:
1546 4418 1888 4483 necessitate,
1907 4420 2073 4475 indif-

2181 588 2261 651 εἰς
2304 587 2367 640 τὸ
2412 586 2698 656 εύκτήριον
2735 580 2900 637 αὑτοῦ
2932 579 3159 645 ποιῆσαι
3200 576 3526 646 παννυχίδα·
3568 576 3665 629 καὶ
3704 576 3752 627 εί

2178 677 2259 731 δεῖ
2296 680 2354 730 tv
2398 675 2550 747 αὐτῷ
2587 673 2991 745 λειτουργῆσαι·
3043 669 3137 723 καὶ
3176 667 3296 737 μεθ’
3335 660 3408 720 ὧν
3442 667 3574 736 χρή.
3615 664 3752 717 Ὑπ-

2180 769 2491 833 ακουστέον,
2534 766 2632 820 καὶ
2681 765 2839 828 ἰτέον,
2892 763 2987 817 καὶ
3031 758 3372 830 συμψαλτέον
3418 756 3667 827 δηλονότι
3706 755 3753 807 ει

2178 858 2459 933 όρθόδοξος
2490 861 2518 913 6
2548 855 3027 930 προσκαλούμενος
3051 853 3147 906 καὶ
3171 851 3221 904 ei
3247 846 3753 937 ψαλτῳδοὶ,φυλατ-

2180 956 2397 1024 τόμενοι
2416 951 2719 1021 ἀμφότεροι
2747 949 2845 1019 τῆς
2865 945 2973 999 τῶν
3001 942 3293 1016 αίρετικῶν
3315 938 3625 1000 κοινωνίας.
3643 937 3757 990 Καὶ

2183 1046 2291 1115 μὴν
2323 1046 2419 1098 καὶ
2456 1039 2871 1110 λειτουργητέον
2898 1037 2957 1090 tv
2986 1034 3066 1105 τῷ
3095 1031 3398 1102 εὐκτηρίῳ,
3446 1030 3499 1083 εἰ
3526 1045 3592 1097 γε
3618 1030 3757 1096 ὁμο-ι

2180 1135 2366 1203 λογοίη
2408 1134 2437 1187 6
2480 1132 2750 1201 κατέχων,
2786 1127 2986 1201 μηκέτι
3033 1126 3140 1180 ὑπὸ
3170 1121 3449 1195 αἱρετικοῦ
3491 1120 3627 1176 αὐτὸ
3653 1118 3757 1172 λει⁸

2179 1224 2548 1297 τουργεῖσθαι.
2600 1222 2935 1295 Προείρηται
2987 1218 3099 1290 γάρ
3146 1216 3447 1284 ἀναγκαῖον
3500 1209 3640 1266 εἶναι
3696 1210 3758 1264 τὸ

2180 1318 2463 1388 ἐπερωτᾷν
2490 1318 2547 1369 tv
2578 1316 2712 1369 πᾶσι
2737 1313 2825 1366 διὰ
2856 1311 2956 1382 τὴν
2985 1308 3263 1363 λυττῶσαν
3287 1309 3524 1378 αἰρεσιν.

2264 1411 2327 1463 Ἦ
2370 1409 2564 1480 τρίτη·
2618 1408 2669 1459 εί
2706 1404 2860 1459 λάϐοι
2901 1418 2987 1465 τις
3032 1401 3188 1473 παρά
3224 1413 3371 1463 τινος
3422 1396 3759 1468 Ἐκκλησίαν

2179 1500 2481 1572 όρθίδοξος,
2517 1498 2635 1551 ἐστι
2661 1497 2718 1550 δὲ
2752 1484 3014 1565 συνήθεια
3045 1490 3141 1546 τοῦ
3176 1490 3299 1545 κατ’
3326 1488 3581 1543 ινιαυτὸν
3610 1485 3760 1551 ἀπαξ

2179 1594 2213 1664 ἢ
2253 1592 2333 1656 δὶς
2363 1588 2752 1660 συνηθροῖσθαι
2782 1588 2842 1639 tv
2871 1586 3008 1657 αὐτῇ
3038 1584 3188 1648 λαδν,
3207 1582 3305 1637 καὶ
3331 1582 3390 1634 tv
3416 1584 3487 1652 τῇ
3514 1580 3762 1648 λειτουρ-

2179 1684 2276 1755 γίᾳ
2299 1678 2671 1752 ἀναφέρεσθαι
2701 1677 2791 1731 τὸν
2823 1675 3124 1748 αίρετικόν·
3155 1671 3251 1727 τοῦ
3285 1672 3383 1743 μὲν
3407 1671 3637 1742 ψάλλειν
3667 1669 3759 1723 tx-

2179 1779 2292 1830 εῖσε
2321 1773 2461 1828 κατά
2482 1773 2729 1841 ἀνάγκην
2754 1767 3138 1840 συγχωρητέον
3153 1780 3170 1798 ·
3202 1766 3541 1837 λειτουργεῖν
3564 1762 3643 1823 δι.
3670 1760 3758 1814 οὗ.

2185 1868 2249 1922 Ei
2294 1867 2354 1921 δὲ
2400 1865 2631 1920 δυνατὸν
2660 1861 2986 1931 διακοπῆναι
3014 1860 3117 1929 τὴν
3161 1854 3477 1928 συνήθειαν,
3521 1854 3621 1908 καὶ
3646 1853 3761 1906 λει-

2181 1977 2275 2014 του
2283 1959 2528 2031 ργητέον.

2268 2030 2330 2103 Ἦ
2363 2049 2632 2120 τετάρτη·
2666 2046 2716 2099 εί
2755 2041 3053 2114 Ἐκκλησία
3083 2040 3232 2094 ἐστὶν
3261 2037 3348 2107 ἐφ’
3450 2039 3479 2090 6
3514 2036 3760 2107 λειτουρ-

2181 2142 2296 2212 γῶν
2328 2141 2591 2212 ἀναφέρει
2624 2139 2714 2193 τὸν
2746 2136 3026 2209 αίρετικόν
3044 2149 3058 2165 ·
3086 2131 3201 2203 ἔχει
3220 2129 3278 2184 6t
3296 2131 3325 2184 6
3353 2127 3637 2199 δρθόδοξος
3663 2126 3761 2180 θυ-

2182 2235 2498 2305 σιαστήριον
2532 2227 2978 2301 καθηγιασμένον
3013 2226 3073 2278 tv
3103 2222 3339 2288 σινδόνι,
3382 2220 3417 2292 ἢ
3451 2220 3512 2273 tv
3545 2217 3757 2271 σανίσι·

2179 2325 2450 2397 προσήκει
2476 2322 2605 2376 αὐτὸ
2641 2319 2867 2389 τεθῆναι
2918 2318 2977 2371 tv
3016 2317 3083 2386 τῇ
3122 2315 3263 2384 αὐτῇ
3308 2310 3641 2381 Ἐκκλησία,
3684 2309 3757 2378 μὴ

2179 2418 2451 2486 παρόντος
2477 2411 2571 2465 τοῦ
2603 2409 2990 2478 ἀναφέροντος,
3014 2406 3110 2459 καὶ
3133 2406 3192 2458 tv
3217 2400 3368 2471 αὐτῷ
3406 2398 3758 2467 συλλειτουρ-

2178 2508 2347 2576 γῆσαι
2368 2506 2459 2557 τὸν
2482 2500 2789 2573 όρθόόοξονς
2819 2500 2880 2552 οὐ
2913 2497 3182 2569 προσήκει
3204 2536 3219 2560 ,
3246 2492 3382 2547 ἀλλὰ
3406 2491 3612 2561 μᾶλλον
3636 2488 3756 2543 κατ’

2177 2598 2426 2667 ἀνάγκην
2456 2596 2515 2648 tv
2543 2592 2710 2663 κοινῷ
2736 2590 2893 2663 οἴκῳ,
2945 2585 3322 2656 ὲκλελεγμὲνῳ
3347 2583 3458 2637 τινὶ
3504 2583 3759 2653 καθαρω-

2175 2692 2232 2744 τέ
2244 2707 2320 2761 ρῳ
2360 2689 2535 2759 τόπῳ.

2259 2783 2320 2835 'H
2350 2783 2577 2852 πέμπτη
2602 2798 2615 2810 ·
2664 2781 2713 2832 εί
2746 2770 3016 2832 καθ”όδὺν
3040 2771 3193 2841 τύχοι
3224 2769 3512 2841 ὀρθόδοξον
3541 2768 3647 2821 ὑπό
3674 2782 3758 2817 τι-

2174 2889 2263 2936 νος
2289 2872 2587 2941 ἱερωμένου
2615 2870 2647 2939 ἢ
2679 2864 2868 2922 λαῖκοῦ
2901 2861 3314 2935 προσκληθῆναι
3343 2863 3422 2923 είς
3466 2856 3758 2912 συνεστία-

2176 2980 2279 3017 σιν·
2312 2963 2407 3033 εἴη,
2432 2962 2488 3015 δὲ
2510 2960 2699 3032 καιρὸς
2724 2955 3044 3028 ψαλμῳδίας
3066 2970 3078 2983 ·
3101 2954 3217 3015 πῶς
3236 2953 3349 3006 ἐστι
3367 2948 3713 3019 διαγενέσθαι
3738 2963 3755 3014 ;

2174 3050 2347 3119 εἷπον,
2379 3053 2476 3106 καὶ
2506 3050 2667 3105 πάλιν
2696 3049 2841 3118 λέγω
2860 3065 2875 3080 ·
2903 3047 3166 3119 αἱρέσεως
3197 3042 3634 3114 ἐπικρατούσης,
3661 3042 3758 3093 καὶ

2176 3144 2251 3215 μὴ
2285 3141 2722 3211 καταϐληθείσης
2756 3139 2821 3192 δι’
2852 3136 3140 3209 ὀρθοδόξου
3176 3134 3418 3198 συνόδου,
3454 3131 3757 3199 ἀναγκαῖον

2178 3238 2240 3291 τὸ
2294 3236 2581 3307 διερωτᾷν,
2644 3232 2735 3286 έπί
2783 3249 2841 3285 τε
2892 3231 2992 3299 τῆς
3033 3229 3183 3291 θείας
3235 3224 3617 3297 μεταλήιιεως,
3667 3224 3760 3278 καὶ

2181 3329 2372 3398 κοινῆς
2424 3326 2755 3386 ἑστιάσεως·
2810 3322 2905 3376 καὶ
2948 3320 3123 3382 οὐδεὶς
3172 3317 3365 3388 καιρδς
3405 3317 3545 3386 πρὸς
3588 3314 3758 3369 ταῦτα

2179 3418 2362 3484 αἰδοῦς
2410 3417 2506 3471 καὶ
2552 3415 2782 3487 ἀωρίας.
2829 3412 3028 3467 Ααϐεῖν
3065 3411 3165 3482 μὲν
3210 3411 3319 3481 γὰρ
3358 3410 3529 3480 ἄρτον
3574 3407 3758 3469 ἁπλῶς

2180 3510 2332 3581 παρὰ
2352 3507 2446 3562 τοῦ
2470 3507 2749 3578 τυχόντος,
2776 3505 2877 3558 οὐκ
2911 3504 3210 3573 ἀναγκαῖον
3240 3503 3320 3563 εἰς
3347 3499 3644 3570 ἐρώτησιν·
3670 3497 3759 3550 καὶ

2183 3604 2313 3675 παρ’
2343 3602 2494 3673 αύτῷ
2519 3599 2856 3671 έστιαθῆναι,
2887 3597 3204 3666 καταμόνας
3236 3592 3420 3663 τυχὸν,
3454 3594 3552 3644 καὶ
3579 3607 3761 3643 κοιτα-

2184 3696 2415 3765 σθῆναι,
2451 3697 2500 3748 εί
2537 3695 2681 3764 μήγε
2720 3688 3174 3763 προεγνωσμένος
3208 3685 3356 3740 ἐστὶν
3383 3686 3444 3737 tv
3484 3680 3757 3754 αίρέσειῆ

2182 3783 2371 3854 κακίᾳ..
2404 3783 2543 3851 Περὶ
2586 3780 2643 3833 δὲ
2670 3778 2780 3832 τῶν
2812 3778 3016 3831 λοιπῶν
3048 3775 3107 3841 ἐξ
3141 3775 3386 3844 ἀνάγκης
3427 3773 3756 3844 έρωτητέον.

2261 3964 2327 4018 Ἦ
2380 3963 2548 4034 ἕκτη·
2605 3962 2654 4015 εί
2711 3959 2855 4016 κατά
2909 3959 3143 4032 πάροδον
3194 3957 3428 4029 εὑρόντα
3475 3954 3758 4025 ὀρθόδοξον

2152 4114 2168 4126 ,
2192 4056 2520 4128 Ἐκκλησίαν
2549 4054 2958 4124 πλησιάζουσαν
2991 4052 3154 4123 κώμῃ
3185 4050 3416 4122 ἢπόλει,
3449 4049 3573 4103 δέον
3598 4049 3758 4102 αὐτὸν

2180 4148 2441 4214 εύξασθαι
2474 4150 2610 4212 ἐκεῖ,
2641 4147 2674 4218 ἢ
2705 4148 2799 4200 καὶ
2826 4144 3154 4209 καταλῦσαι,
3196 4142 3468 4213 φεύγοντα
3498 4141 3753 4209 ύφέστιον

2179 4240 2433 4311 γενέσθαι
2455 4238 2662 4301 λαῖκοῖς
2688 4256 2703 4303 ;
2737 4238 2847 4291 Καὶ
2867 4236 3113 4301 εὐκτέον,
3140 4236 3234 4289 καὶ
3266 4233 3625 4294 καταλυτέον,
3642 4232 3755 4298 εἴγε

2184 4333 2320 4404 μόνη
2343 4331 2491 4386 ἐστίν
2510 4349 2523 4362 ·
2544 4330 2680 4385 ἀλλὰ
2698 4330 2792 4384 καὶ
2818 4332 2896 4392 είς
2921 4328 3098 4382 οίκίαν
3124 4326 3337 4391 λαῖκοῦ,
3363 4326 3397 4396 ἢ
3422 4324 3747 4396 ἱερωμένου,

2180 4427 2256 4489 ὡς
2293 4424 2510 4495 εἴρηται
2553 4420 2990 4491 κατεπειγούσης
3035 4419 3343 4488 ἀναγκαίας
3375 4418 3527 4487 ὥρας
3548 4455 3565 4480 ,
3600 4418 3750 4470 ἀδιά-

493 4500 673 4555 ferens
737 4510 822 4555 est
876 4517 1129 4569 manere,
1185 4505 1545 4577 privatimque
1605 4510 1786 4564 cibum
1832 4527 2068 4577 sumere,

2184 4518 2350 4587 φορόν
2379 4517 2494 4568 ἐστι
2532 4517 2730 4583 μεῖναι,
2763 4512 2858 4566 καὶ
2888 4510 3203 4582 έστιαθῆναι
3233 4510 3356 4564 καθ’
3383 4510 3601 4573 ἑαυτὸν,
3626 4509 3753 4563 ἄνευ

492 4594 699 4662 absque
728 4593 1174 4662 interrogatione,
1208 4607 1263 4651 et
1291 4614 1412 4667 qua:
1444 4600 1565 4654 usui
1605 4610 1735 4655 sunt
1768 4602 2024 4671 accipere
2054 4622 2069 4668 ;

493 4686 537 4741 si
565 4687 725 4741 modo
770 4686 819 4742 ei
845 4688 937 4757 qui
978 4689 1250 4759 excipitur
1284 4730 1299 4752 ,
1342 4697 1688 4761 perspectum
1733 4707 1839 4745 non
1884 4693 1975 4757 sit,
2012 4704 2073 4749 ut

493 4776 630 4839 dixi,
662 4776 829 4847 impie
850 4778 935 4832 vel
963 4788 1149 4833 contra
1185 4780 1332 4850 leges
1362 4780 1545 4835 vivere
1576 4796 1699 4835 eum
1722 4782 1814 4851 qui
1844 4782 2068 4853 excipit.

496 4869 660 4922 Extra
715 4868 1095 4923 necessitatem
1146 4885 1279 4924 vero
1305 4909 1319 4931 ,
1359 4885 1471 4925 non
1517 4880 1606 4925 est
1634 4871 1837 4925 bonum
1871 4880 2073 4928 temere

494 4959 620 5023 ista,
641 4974 761 5029 quae
779 4960 920 5014 dicta
948 4970 1093 5024 sunt,
1120 4961 1407 5017 admittere
1432 4963 1553 5029 ;sed
1570 4963 1833 5018 sciscitari
1855 4974 1910 5019 et
1931 4967 2076 5035 apud

494 5050 856 5103 orthodoxum
918 5051 1224 5116 divertere,
1254 5061 1309 5106 et
1349 5054 1417 5107 ab
1459 5053 1551 5108 illo
1582 5064 1945 5109 commeatum
1973 5095 1989 5120 ,
2026 5058 2070 5112 si

493 5159 632 5213 opus
657 5157 764 5209 est,
797 5146 1069 5215 accipere.
1100 5146 1190 5201 Sic
1225 5148 1370 5201 enim
1398 5163 1497 5217 per
1532 5159 1750 5206 sanctos
1778 5166 1907 5206 suos
1930 5168 2073 5221 pra:-

493 5236 641 5307 cepit
668 5238 949 5292 Dominus.
980 5237 1302 5309 Presbytero
1331 5248 1386 5293 et
1416 5241 1712 5310 praeposito
1760 5254 1910 5299 recte
1959 5260 2073 5299 res-

493 5329 733 5399 pondisti
752 5370 766 5392 ,
794 5330 1093 5399 prohibitos
1120 5346 1244 5387 esse
1276 5349 1306 5387 a
1330 5332 1633 5387 ministerio
1667 5349 1763 5389 eos
1784 5336 1879 5405 qui
1926 5351 2075 5394 nunc

491 5418 723 5474 ordinati
753 5429 882 5475 sunt
905 5421 974 5475 ab
996 5436 1061 5476 eo
1087 5423 1176 5491 qui
1203 5431 1452 5492 repertus
1476 5434 1578 5490 est,
1595 5426 1809 5480 etiamsi
1856 5428 1969 5496 ipse
1994 5428 2076 5482 di-

492 5521 641 5565 ceret
664 5528 678 5564 :
705 5510 839 5567 Male
868 5523 984 5568 acta
1014 5524 1098 5570 est
1114 5516 1375 5584 synodus,
1397 5524 1453 5571 et
1470 5518 1751 5586 periimus.
1772 5518 1882 5573 Cur
1900 5520 2068 5582 enim,

491 5618 616 5656 cum
668 5602 935 5670 fateatur,
1009 5621 1118 5661 non
1166 5606 1302 5678 fugit
1348 5609 1608 5675 exitium,
1666 5612 1975 5668 subducens
2015 5630 2074 5671 se

493 5693 561 5749 ab
585 5693 797 5762 haeresi,
824 5706 882 5751 ut
906 5699 1048 5768 apud
1072 5698 1241 5753 Deum
1264 5710 1480 5755 maneat
1505 5702 1835 5774 episcopus?
1865 5721 1927 5761 ac
1959 5716 2071 5761 sta-

494 5787 590 5842 tim
628 5790 989 5860 acceptabiles
1025 5801 1186 5848 erunt
1223 5792 1341 5865 ejus
1381 5794 1766 5853 ordinationes.
1803 5799 1911 5852 Aut
1952 5815 2067 5863 cur,

2175 4607 2529 4678 ἐρωτήσεως·
2581 4606 2677 4659 καὶ
2718 4604 2903 4659 λαϐεῖν
2931 4604 3001 4658 τά
3034 4604 3170 4675 πρὸς
3220 4604 3439 4674 χρείαν·
3488 4604 3640 4671 εῐγε,
3680 4602 3755 4664 ὡς

2174 4694 2351 4764 εἷπον,
2407 4698 2482 4769 μὴ
2529 4696 2615 4767 εἴη
2666 4699 2692 4749 6
2726 4696 3124 4767 ὑποδεχόμενος
3188 4695 3641 4765 προεγνωσμένος
3678 4692 3756 4763 τῷ

2176 4788 2531 4859 ύποδεχθέντι
2564 4786 2777 4841 ἀσεϐῶν
2805 4787 2839 4856 ἢ
2865 4788 3108 4855 ἀνόμων.
3136 4785 3283 4855 Πλὴν
3307 4785 3364 4837 δὲ
3392 4785 3668 4854 ἀνάγκης,
3691 4785 3752 4838 οὐ

2176 4880 2338 4934 καλὸν
2374 4877 2449 4942 ὼς
2482 4878 2642 4949 ἔτυχε
2667 4880 2736 4931 τὰ
2765 4877 3151 4949 προρρηθέντα
3178 4876 3579 4942 καταδέξασθαι
3602 4893 3615 4906 ·
3639 4876 3753 4932 ἀλλ’

2176 4972 2411 5042 ἐρωτᾷν,
2461 4971 2556 5023 καὶ
2601 4970 2753 5040 παρά
2780 4968 2859 5039 τῷ
2886 4968 3155 5039 όρθοδόξῳ
3198 4968 3525 5021 καταλύειν·
3567 4969 3667 5022 καὶ
3704 4968 3753 5021 εί

2175 5064 2355 5136 χρεία,
2406 5063 2537 5134 παρ’
2573 5063 2737 5116 αὐτοῦ
2771 5061 2958 5130 ἐφόδια
2988 5062 3165 5133 αἴρειν
3188 5078 3200 5091 ·
3239 5058 3381 5113 οὕτω
3414 5061 3522 5130 γὰρ
3574 5063 3603 5113 6
3642 5059 3753 5114 Κύ-

2179 5175 2294 5229 ριος
2327 5155 2633 5211 ἐντέλλεται
2676 5154 2764 5208 διά
2795 5154 2902 5207 τῶν
2945 5154 3117 5222 ἁγίων
3152 5154 3340 5208 αὐτοῦ,
3388 5152 3481 5222 Τῷ
3507 5152 3750 5225 πρεσϐυ-

2173 5250 2318 5320 τέρῳ
2343 5248 2437 5301 καὶ
2463 5246 2753 5317 ἡγουμένῳ
2783 5244 2962 5307 καλῶς
2987 5243 3312 5314 ἀπεκρίθης,
3343 5242 3630 5314 εἱρχθῆναι
3653 5244 3749 5313 τῆς

2174 5340 2517 5411 λειτουργίας
2552 5342 2678 5401 τοὺς
2721 5338 2840 5390 νυνὶ
2866 5336 3343 5408 χειροτονηθέντας
3372 5336 3478 5388 ὑπὸ
3524 5335 3619 5387 τοῦ
3660 5336 3750 5387 εὑ-

2179 5434 2453 5505 ρεθέντος,
2492 5430 2740 5498 λέγοντος
2786 5428 2844 5481 δὲ
2878 5430 3051 5497 ὅμως,
3097 5428 3180 5480 ὅτι
3224 5424 3410 5489 κακῶς
3455 5423 3673 5492 ἐγένετο
3715 5424 3748 5493 ἡ

2178 5522 2412 5585 σύνοδος,
2460 5520 2555 5572 καὶ
2583 5517 2963 5589 ἀπολώλαμεν.
3013 5516 3111 5569 Διά
3138 5517 3191 5568 τί
3226 5519 3334 5585 γάρ
3378 5514 3658 5585 ὁμολογῶν
3689 5512 3747 5567 ού

2177 5614 2367 5684 φεύγει
2400 5614 2497 5684 τὴν
2530 5612 2832 5673 ἀπώλειαν,
2878 5609 3203 5663 διαστέλλων
3245 5606 3439 5660 ἑαυτὸν
3466 5606 3571 5676 τῆς
3600 5604 3750 5675 αἱρέ-

2179 5723 2335 5770 σεως,
2366 5706 2452 5759 ἵνα
2486 5706 2619 5776 μένῃ
2656 5704 2809 5775 παρά
2835 5702 2953 5775 Θεῷ
2997 5703 3327 5767 έπὶσκοπος;
3361 5702 3459 5754 καὶ
3484 5701 3625 5753 εἰσὶν
3655 5699 3747 5751 αὐ·-

2178 5798 2269 5853 τοῦ
2305 5798 2493 5851 δεκταὶ
2518 5798 2573 5851 αἱ
2608 5797 2931 5871 χειροτονίαι
2966 5794 3185 5851 αὐτίκα.
3222 5794 3292 5851 Ἦ
3318 5791 3405 5849 διὰ
3441 5794 3493 5847 τί
3526 5804 3743 5859 προκει-
