3914 6496
180 443 313 512 1057

1389 451 1923 516 EPISTOLARUM
1962 457 2106 518 LIB.
2149 459 2174 518 Ι
2185 505 2198 519 .

3289 463 3424 530 1058

174 561 342 631 μένης
388 558 486 630 τῆς
530 559 796 630 αἱρέσεως
820 598 836 626 ,
889 559 970 623 είς
1007 561 1344 632 χειροτονίαν
1379 565 1408 616 6
1435 565 1749 636 -ήγούμενος

1862 580 2129 638 prostante
2159 571 2385 639 haeresi,
2427 573 2494 628 ad
2541 572 2938 630 ordinationem
2963 574 3274 633 bereticam
3309 579 3424 634 fra-

170 653 455 722 προήγαγε
474 651 600 714 τοὺς
635 651 900 720 ἀδελφοὺς
919 652 1237 725 αἱρετικήν;
1287 655 1356 710 ἂν
1388 650 1482 711 οὖν
1511 658 1540 710 6
1567 675 1750 729 χειρο-

167 747 401 815 τονήσας
427 742 708 814 ὤρθωσεν,
739 739 807 815 ἦν
833 744 1018 808 αὐτοῖς
1045 743 1209 817 εὑθὴς
1240 747 1569 819 ἱερουργεῖνο
1596 749 1760 815 δντος

167 836 226 889 δέ
257 837 318 889 ἐν
343 838 410 907 τῇ
444 836 656 906 αἱρέσει
688 835 774 889 διὰ
797 835 893 889 τοῦ
926 837 1220 908 ἀναφέρειν
1244 837 1409 893 αὐτὸν
1443 840 1746 911 αἱρετικὸν,

168 926 270 980 κᾶν
298 926 359 978 τὸ
386 926 642 997 φρόνημα
672 925 822 995 λέγοι
853 927 997 997 ἔχειν
1041 928 1223 997 ὑγιέςο
1259 929 1357 999 οὐχ
1386 923 1500 984 οἷόν
1543 948 1604 984 τε
1653 930 1750 996 οὓς

165 1021 467 1089 χειροτονεῖ
492 1020 556 1090 τῇ
581 1017 811 1090 ἀληθείᾳ
841 1013 979 1073 εἶναι
1009 1018 1356 1092 λειτουργοὺς
1384 1021 1542 1077 Θεοῦ.
1584 1024 1647 1077 El
1688 1023 1746 1077 δέ

167 1108 389 1179 πνεῦμα
419 1108 585 1180 ζήλου
618 1108 754 1162 Θεοῦ
782 1109 990 1180 ἀνῆψεν
1020 1110 1079 1164 ἐν
1101 1110 1181 1183 τῷ
1205 1111 1627 1186 καθηγουμένῳ,
1654 1116 1751 1169 καὶ

166 1203 530 1273 προθυμεῖται
555 1203 848 1272 ὁμολογίας
879 1205 1142 1273 στέφανον
1165 1205 1543 1276 ἀναδήσασθαι
1566 1223 1582 1240 ο
1614 1207 1750 1279 μηδέ

164 1296 551 1369 λειτουργείτω
577 1298 636 1349 ἐν
666 1300 734 1368 τῇ
764 1297 856 1350 ὑπ’
881 1298 1046 1352 αὐτοῦ
1078 1297 1524 1371 ἐνθρονιασθείσῃ
1547 1301 1752 1372 ἐκκλη-

166 1386 284 1457 σίᾳ*
345 1388 485 1458 μήτε
540 1385 862 1458 ἀναφερέτω
915 1387 1077 1442 αὐτὸν
1135 1387 1212 1452 ὡς
1261 1388 1585 1444 ἐπίσκοπον.
1638 1391 1750 1445 Καὶ

167 1480 444 1551 μακάριος
495 1471 652 1542 οὗτος
683 1518 698 1544 ,
751 1479 962 1532 πολλῶν
1015 1479 1112 1533 καὶ
1167 1479 1344 1536 ἄλλων
1393 1484 1750 1556 παράδειγμα

165 1570 446 1643 σωτηρίας
472 1570 784 1640 γενόμενος.

235 1662 501 1725 Τεθέντος
543 1660 601 1712 δὲ
645 1658 1036 1730 θυσιαστηρίου
1084 1660 1143 1713 ἐν
1176 1662 1242 1731 τῇ
1289 1660 1426 1732 αὐτῇ
1458 1662 1748 1734 ἐκκλησίᾳ,

161 1755 320 1808 οὐδὲν
357 1755 420 1808 τὸ
447 1753 657 1808 κωλὺον
681 1753 1014 1824 λειτουργεῖν
1043 1755 1245 1809 ἐκεῖσε.
1284 1755 1348 1808 Ὃ
1379 1753 1436 1809 δέ
1462 1772 1530 1826 με
1559 1755 1748 1811 ἔλαθεν

161 1848 426 1920 ἀνωτέρω
486 1843 763 1917 σημάναι,
824 1845 1214 1916 μνησθήσομαι
1294 1846 1562 1901 ἐνταῦθα’
1623 1848 1746 1914 ὅτι,

1853 669 1965 716 tres
1994 662 2250 732 produxit
2276 665 2633 736 praepositus?
2681 663 2738 721 Si
2760 681 2889 739 ergo
2912 666 2958 722 is
3008 669 3104 742 qui
3153 671 3426 726 ordinavit

1850 761 1998 810 recte
2017 753 2166 822 fecit,
2195 757 2504 813 ministrare
2527 759 2707 814 statim
2734 768 3032 830 potuerunt
3055 763 3182 818 :sed
3199 779 3323 820 cum
3355 767 3426 822 sit

1851 841 2143 903 hmreticus
2169 888 2184 914 ,
2213 863 2280 904 eo
2312 850 2458 920 quod
2509 850 2826 907 bereticum
2864 852 2981 922 ipse
3009 867 3422 920 commemorat.

1851 938 2068 994 tametsi
2094 954 2286 995 sanum
2311 955 2370 996 se
2392 941 2595 997 habere
2613 958 2836 998 sensum
2861 943 3024 1010 dicat,
3052 960 3162 1000 non
3189 957 3427 1016 possunt

1849 1043 1988 1098 quos
2015 1030 2228 1085 ordinat
2261 1031 2318 1085 in
2367 1032 2514 1087 veris
2555 1032 2652 1087 Dei
2702 1034 2967 1089 ministris
2998 1036 3233 1092 censeri.
3267 1037 3424 1103 Quod

1851 1119 1896 1175 si
1922 1119 2144 1189 spiritus
2174 1120 2275 1176 zeli
2332 1122 2504 1178 divini
2537 1125 2740 1180 exarsit
2775 1124 2829 1178 in
2854 1128 3148 1196 praeposito
3168 1167 3186 1194 ,
3217 1135 3426 1184 etcon-

1849 1207 2104 1266 fessionis
2131 1226 2386 1267 coronam
2412 1213 2640 1283 adipisci
2674 1215 2857 1271 studet
2888 1231 2902 1281 ;
2939 1231 3042 1271 nec
3080 1230 3233 1272 sacra
3265 1219 3428 1274 obeat

1849 1300 1906 1354 in
1938 1301 2166 1356 ecclesia
2197 1301 2254 1355 in
2279 1317 2382 1372 qua
2415 1302 2504 1357 ille
2542 1303 2831 1374 praesidet,
2872 1320 3050 1375 neque
3093 1307 3246 1362 illum
3303 1315 3427 1364 tan-

1850 1408 2011 1463 quam
2061 1394 2380 1465 episcopum
2431 1404 2843 1451 commemoret.
2879 1397 2943 1451 Et
2971 1397 3163 1452 beatus
3209 1399 3300 1456 hic
3335 1399 3427 1471 qui

1850 1486 1968 1542 aliis
1997 1502 2213 1558 quoque
2241 1488 2427 1545 multis
2457 1489 2709 1558 exemplo
2733 1489 2801 1545 ad
2826 1490 3054 1546 salutem
3102 1491 3288 1549 fuerit.

1919 1660 2104 1719 Posito
2131 1673 2311 1719 autem
2343 1665 2398 1720 in
2429 1665 2657 1721 ecclesia
2691 1666 2780 1722 illa
2827 1669 3247 1740 sacriﬁcatorio,
3293 1671 3428 1727 nihil

1851 1764 1938 1809 est
1989 1755 2134 1824 quod
2179 1755 2288 1810 illic
2325 1757 2638 1813 ministrare
2685 1759 2994 1829 prohibeat.
3039 1761 3196 1828 Quod
3245 1774 3429 1820 autem

1850 1848 2104 1918 superius
2150 1864 2372 1904 monere
2418 1849 2638 1915 excidit,
2690 1866 2976 1922 suggeram
3005 1853 3112 1910 hoc
3156 1856 3293 1920 loco,
3336 1872 3428 1918 ne,

163 1938 360 2007 ἐπειδὴ
405 1936 553 2005 λέγει
583 1939 611 1990 6
638 1937 794 2006 ἀγιος
835 1937 1118 1998 Βασίλειος
1166 1937 1298 2008 περὶ
1339 1937 1449 1989 τῶν
1481 1938 1538 1991 ἐν
1571 1956 1751 2008 παρα-

1862 1955 1973 1995 cum
1997 1940 2066 1995 de
2091 1939 2156 1995 iis
2175 1939 2266 2009 qui
2301 1941 2353 1993 in
2388 1956 2790 2013 parasynagoga
2813 1943 3040 1998 fuerunt
3059 1945 3189 2001 dicit
3209 1956 3431 2002 sanctus

167 2031 470 2100 συναγωγῇ
499 2029 815 2099 γενομένων
841 2028 989 2094 τάδε,
1015 2027 1159 2081 ὥστε
1195 2028 1462 2092 πολλάκις
1504 2033 1597 2084 καὶ
1622 2032 1750 2094 τοὺς

161 2124 223 2175 ἐν
248 2121 448 2192 βαθμῷ
475 2120 917 2184 συναπελθόντας
950 2122 1064 2184 τοῖς
1109 2121 1529 2186 ἀνυποτάκτοις,
1559 2123 1683 2175 ἐπεὶ
1705 2123 1749 2176 δ’

160 2215 229 2267 ἂν
262 2212 744 2285 μεταμεληθῶσιν,
779 2215 861 2276 είς
891 2212 991 2284 τὴν
1019 2214 1190 2284 αὐτὴν
1219 2214 1630 2285 παραδέχεσθαι
1652 2215 1750 2269 τά·

163 2307 246 2370 ξιν
272 2322 286 2336 °
352 2307 432 2376 μὴ
490 2305 690 2360 οἰέσθω
733 2323 831 2359 σου
866 2307 898 2377 ἡ
931 2305 1191 2361 εὐλάϐεια
1238 2307 1616 2361 ἐναντιοῦσθαι
1658 2307 1751 2362 τὸν

161 2400 330 2468 λόγον
363 2399 441 2469 τῷ
476 2397 827 2469 ἀποστολικῷ
879 2398 1066 2452 κανόνι
1118 2396 1356 2466 λέγοντι.
1390 2417 1409 2450 ‹
1449 2397 1516 2452 Εἴ
1534 2413 1618 2461 τις
1648 2415 1750 2451 κα-

164 2493 474 2564 θῃρημένῳ
529 2492 790 2563 κληρικὸς
837 2490 914 2546 ὢν
967 2491 1044 2556 ὡς
1095 2489 1346 2562 κληρικῷ
1401 2491 1750 2559 συνεύξεται,

165 2585 553 2656 καθαιρείσθω
586 2587 685 2638 καὶ
724 2585 908 2648 αὐτός.
952 2604 970 2636 ι
1018 2583 1180 2638 Ἀλλά
1209 2581 1500 2655 νομιζέτω,
1531 2584 1634 2647 ὅτι,
1678 2584 1754 2647 ὼς

160 2678 419 2749 διεκρίθη
475 2683 624 2748 παρά
680 2676 790 2728 τῶν
821 2676 1105 2746 Πατέρων,
1155 2677 1301 2737 τίνες
1349 2672 1461 2728 εἶεν
1513 2676 1754 2746 αἱρέσεις

165 2771 307 2842 πρὸς
366 2768 675 2840 σχίσματαο
731 2767 874 2821 οὕτω
931 2767 1280 2838 διακέκριται
1319 2767 1563 2837 δηλονότι
1610 2765 1754 2820 κατὰ

163 2866 268 2936 τὴν
323 2861 624 2915 ἀκόλουθον
666 2859 900 2925 ἔννοιαν,
956 2859 1040 2927 τίς
1097 2861 1246 2912 ἐστιν
1277 2859 1304 2911 6
1354 2861 1753 2930 ἀπαραιτήτως

163 2954 456 3025 καθαιρῶν
510 2951 695 3007 κανὼν
758 2952 852 3006 τὸν
904 2950 1276 3024 καθῃρημένῳ
1328 2952 1751 3022 συνευξάμενον,

164 3048 327 3118 παρά
358 3047 449 3100 τὸν
485 3048 544 3100 ἐν
575 3045 1028 3116 παρασυναγωγῇ
1081 3043 1412 3113 γενόμενονο
1469 3045 1549 3096 ὅτι
1588 3044 1616 3095 6
1652 3043 1753 3113 μέν

164 3142 328 3203 εἰδὼς
372 3140 454 3194 ὅτι
500 3136 951 3210 ὁμολογουμένως
1003 3136 1376 3208 καθῃρημένῳ
1410 3137 1752 3207 συνεύχεται,

163 3234 400 3298 εἰκότως
422 3231 626 3286 αὐτίκα
650 3229 1020 3300 καθαιρεῖται,
1038 3227 1353 3299 ἀδιαφόρως
1367 3226 1632 3297 ἐνεχθεὶς,
1661 3228 1754 3288 καὶ

175 3329 256 3400 μὴ
293 3323 696 3398 προσεσχηκὼς
721 3321 797 3392 τῷ
817 3321 1033 3374 κανόνι·
1065 3320 1093 3372 ὁ
1121 3319 1198 3384 δὲ,
1235 3318 1309 3383 ὡς
1359 3320 1459 3373 οὐκ
1508 3319 1754 3391 οἰόμενος

167 3419 312 3477 εἶναι
366 3420 781 3491 καθῃρημένον,
824 3410 868 3485 ᾧ
919 3414 1248 3486 συναπήχθη
1305 3414 1444 3484 μετά
1493 3413 1754 3485 πλήθους,

167 3517 261 3570 ἐπ’
292 3514 386 3579 ἂν,
419 3513 576 3583 φησὶ,
611 3508 995 3582 μεταμεληθῇ,
1029 3508 1111 3570 είς
1147 3505 1247 3578 τὴν
1283 3506 1455 3576 αὐτὴν
1513 3506 1758 3577 παραδέ-

166 3609 364 3664 δεκται
393 3606 572 3672 τάξιν.
597 3603 927 3675 Πρόσκειται
957 3600 1016 3655 δὲ
1063 3599 1160 3654 καὶ
1207 3598 1369 3652 τοῦτο
1398 3598 1666 3662 πολλάκις
1701 3597 1759 3650 ἐν

166 3702 250 3774 τῷ
279 3702 429 3773 λόγῳ
458 3698 555 3753 τοῦ
582 3697 742 3766 ἁγίου
769 3711 780 3724 ·
824 3695 967 3749 ὥστε
1003 3694 1121 3748 ἐστὶ
1160 3695 1256 3748 καὶ
1294 3691 1758 3763 μεταμελόμενον,

172 3797 252 3866 μὴ
304 3796 389 3857 εἰς
431 3791 534 3862 τὴν
567 3788 740 3858 αὐτὴν
771 3785 929 3850 τάξιν
979 3782 1415 3856 παραδεχθῆναι.
1468 3783 1578 3834 Καὶ
1607 3774 1762 3844 οὗτος

172 3886 277 3955 μέν
306 3884 337 3936 6
370 3881 530 3950 λόγος
567 3877 938 3948 ἐνδεχομένως
967 3875 1264 3929 ἐκδέδοται.
1305 3873 1365 3925 Ὀ
1395 3873 1452 3925 δέ
1473 3870 1762 3926 ἀποστολιο

170 3977 271 4040 κὸς
316 3972 500 4029 κανὼν
555 3971 876 4040 ἀναγκαίως
928 3967 1024 4022 καὶ
1083 3965 1505 4035 ἀπαραιτήτως.
1560 3962 1686 4014 ’Ότι
1734 3963 1762 4014 ὁ

169 4066 531 4140 ψευδώνυμος
559 4061 934 4136 Χριστοφόρος
965 4059 1129 4114 πάλιν
1160 4060 1241 4122 εἱς
1271 4056 1332 4111 τὸ
1356 4057 1487 4110 ἴδιον
1518 4053 1761 4126 ἐξέραμα

175 4154 549 4227 ὑπέστρεψεν,
591 4151 701 4206 οὐδ’
730 4152 869 4214 ὅλως
935 4148 1250 4219 ἐθαύμασα,
1299 4144 1459 4208 εἰδὼς
1505 4145 1669 4198 αὐτοῦ
1699 4145 1762 4198 τὸ

174 4251 417 4306 ἄστατον
451 4245 548 4298 καὶ
575 4243 813 4310 ἀπαγές.
846 4240 972 4295 ’Ότι
998 4241 1053 4294 δέ
1075 4243 1103 4293 6
1133 4238 1428 4308 Κληδόνιος
1457 4237 1596 4307 ὑπὲρ
1629 4236 1764 4306 ἀλη-

175 4341 332 4405 θείας
356 4338 491 4411 μίαν
521 4336 689 4408 μόνην
708 4335 923 4407 ἡμέραν
945 4334 1143 4404 ἧνεγκε
1162 4329 1409 4401 φυλακὴν
1431 4330 1524 4383 καὶ
1549 4329 1764 4400 πληγὰς

176 4434 333 4505 παρά
360 4430 474 4485 τῶν
500 4427 738 4489 ἀσεϐῶν,
780 4427 922 4480 πάνυ
970 4425 1216 4492 ἐξέστην.
1257 4423 1419 4474 Ὥστε
1446 4423 1495 4474 εἱ
1528 4419 1635 4482 ἕως
1665 4417 1762 4471 τοῦ

177 4527 275 4580 νῦν
306 4522 565 4593 ἐπιμένει
591 4520 824 4588 δυνάμει
878 4516 1038 4581 Θεοῦ,
1086 4516 1160 4586 μὴ
1190 4514 1389 4586 ἀεργὸν
1413 4511 1641 4584 γένηταί
1681 4511 1764 4564 σοί

1852 2031 2102 2094 Basilius,
2136 2047 2515 2102 saepenumero
2543 2034 2707 2089 etiam
2732 2034 2852 2090 illos
2884 2038 2976 2106 qui
3009 2037 3062 2090 in
3088 2038 3257 2109 gradu
3279 2048 3429 2104 sunt,

1853 2123 1897 2177 si
1927 2131 2209 2192 postquam
2250 2133 2602 2180 contumaces
2647 2126 2841 2181 sectati
2889 2137 3036 2193 sunt,
3084 2129 3430 2199 resipiscam,

1853 2213 1906 2267 in
1954 2214 2207 2269 eumdem
2265 2214 2512 2271 ordinem
2564 2217 2778 2288 recipi;
2830 2219 3104 2273 existimet
3146 2219 3433 2289 prudentia

1855 2314 1966 2369 tua,
2005 2320 2306 2376 repugnare
2334 2307 2450 2362 haec
2471 2308 2634 2362 verba
2667 2308 2876 2364 Canoni
2925 2310 3225 2380 apostolico
3248 2311 3435 2366 dicen-

1857 2398 1896 2452 ti
1922 2397 2006 2453 ":
2048 2415 2066 2450 ι
2104 2397 2159 2452 Si
2193 2399 2315 2469 quis
2343 2400 2574 2456 clericus
2603 2417 2724 2456 cum
2757 2403 3008 2473 deposito
3039 2413 3296 2473 tanquam
3327 2404 3436 2459 cle-

1856 2491 1970 2545 rico
2000 2491 2256 2554 oraverit,
2291 2492 2597 2560 deponatur
2625 2501 2680 2548 et
2699 2494 2869 2564 ipse.»
2906 2493 3010 2550 Sed
3038 2503 3212 2564 putet,
3241 2510 3434 2565 quem-

1853 2582 2144 2636 admodum
2194 2581 2514 2637 distinctum
2581 2593 2666 2638 est
2694 2599 2725 2638 a
2760 2584 3030 2651 Patribus,
3055 2601 3163 2656 quo
3180 2584 3434 2640 differant

1857 2675 2094 2730 haereses
2144 2690 2174 2729 a
2216 2675 2650 2742 schismatibus;
2697 2677 2776 2732 sic
2823 2677 3012 2748 utique
3066 2686 3436 2733 consentanea

1857 2764 2213 2836 intelligentia
2265 2765 2581 2820 distinctum
2629 2781 2774 2832 esse,
2831 2768 2958 2837 quis
3008 2767 3079 2823 sit
3113 2782 3312 2833 canon,
3343 2767 3436 2838 qui

1856 2873 1981 2914 cum
2021 2858 2273 2928 deposito
2319 2867 2591 2925 orantem,
2622 2859 3030 2916 inexorabiliter
3062 2860 3288 2931 deponit
3324 2874 3438 2930 pne

1858 2965 1925 3006 eo
1955 2949 2046 3020 qui
2079 2966 2495 3022 parasynagogaa
2526 2950 2774 3006 interfuit
2801 2969 2814 3006 :
2843 2967 2910 3006 eo
2925 2950 3069 3021 quod
3098 2952 3186 3006 ille
3216 2950 3436 3022 quidem

1860 3041 2042 3097 sciens
2068 3058 2226 3097 orare
2264 3057 2450 3098 secum
2481 3058 2628 3108 eum,
2668 3058 2828 3112 quem
2865 3043 3171 3114 depositum
3196 3059 3317 3098 esse
3340 3058 3431 3113 pa-

1857 3134 1963 3189 lam
2013 3143 2118 3201 est,
2169 3136 2364 3191 merito
2420 3135 2604 3190 statim
2655 3134 2970 3206 deponitur,
3004 3138 3064 3189 ut
3093 3135 3187 3206 qui
3229 3136 3439 3204 absque

1859 3229 2182 3285 discrimine
2218 3231 2347 3301 egit,
2392 3239 2446 3285 et
2495 3230 2691 3286 canoni
2729 3230 2956 3285 minime
2999 3230 3435 3301 obtemperavit:

1860 3321 1953 3376 bic
1992 3336 2144 3383 vero,
2175 3331 2233 3376 ut
2257 3321 2349 3390 qui
2377 3337 2488 3376 non
2516 3320 2727 3392 putavit
2756 3320 3063 3392 depositum
3085 3320 3256 3376 fuisse
3285 3321 3438 3375 illum

1859 3412 1926 3468 ad
1959 3428 2123 3484 quem
2154 3428 2278 3468 cum
2310 3413 2662 3468 multitudine
2694 3413 2953 3482 abreptus
2972 3411 3092 3475 fuit,
3129 3420 3437 3482 postquam.

1860 3507 2057 3578 inquit,
2108 3505 2354 3577 resipuit,
2404 3505 2657 3561 eumdem
2707 3505 2761 3559 in
2787 3505 3011 3576 gradum
3051 3511 3136 3559 est
3161 3510 3437 3573 receptus.

1862 3599 1976 3655 lloc
2018 3615 2234 3670 quoque
2283 3599 2336 3653 in
2393 3599 2571 3654 sancti
2621 3598 2803 3654 verbis
2860 3597 3177 3668 frequenter
3197 3596 3437 3662 additur,

1863 3691 2118 3744 eumdem
2143 3693 2196 3743 in
2214 3690 2440 3760 gradum
2474 3706 2584 3744 non
2617 3690 2782 3758 recipi
2805 3690 2870 3743 ⁵³.
2894 3691 3072 3758 Atque
3103 3689 3192 3745 hic
3217 3689 3439 3758 quidem

1862 3796 2043 3836 sermo
2071 3782 2450 3850 contingenter
2479 3781 2814 3835 enuntiatur.
2872 3779 3056 3834 Canon
3089 3787 3272 3834 autem
3309 3795 3440 3849 apo-

1863 3874 2089 3929 stolicus
2109 3873 2421 3928 necessario
2451 3883 2504 3929 et
2545 3872 2975 3927 inexorabiliter.
3008 3870 3162 3937 Quod
3190 3871 3440 3926 Christo-

1863 3965 2071 4037 phorus
2105 3965 2299 4020 falsum
2340 3981 2541 4020 nomen
2583 3966 2812 4030 habens,
2850 3965 2915 4018 ad
2951 3965 3231 4034 proprium
3266 3966 3441 4018 vomi-

1866 4066 1979 4112 tum
2005 4072 2258 4112 reversus
2288 4057 2378 4121 sit,
2411 4057 2645 4111 miratus
2674 4055 2832 4126 plane
2871 4071 2984 4110 non
3019 4069 3139 4109 sum
3168 4071 3182 4120 ;
3214 4069 3443 4125 perspe-

1864 4160 2006 4205 ctam
2051 4149 2258 4204 habens
2303 4149 2422 4218 ejus
2462 4148 2869 4203 instabilitatem
2900 4156 2955 4202 et
2999 4145 3439 4202 inconstantiam.

1864 4242 2017 4310 Quod
2043 4258 2172 4298 vero
2197 4234 2488 4297 Cledonius
2527 4241 2685 4296 unica
2727 4248 2935 4295 tantum
2969 4240 3057 4295 die
3089 4256 3188 4310 pro
3213 4239 3444 4294 veritate

1866 4334 2172 4390 custodiam
2195 4343 2252 4390 et
2278 4335 2462 4406 plagas
2487 4334 2554 4389 ab
2589 4333 2772 4404 impiis
2804 4332 3043 4403 pertulit,
3087 4331 3447 4386 vehementer

1864 4427 2143 4498 obstupui.
2168 4427 2348 4494 Quare
2380 4427 2425 4482 si
2464 4427 2570 4480 huc
2603 4441 2776 4496 usque
2810 4423 3180 4496 perseveravit
3207 4422 3303 4478 Dei
3336 4422 3446 4477 vir-

1867 4530 2001 4586 tute,
2035 4520 2270 4575 otiosum
2313 4535 2426 4574 non
2468 4519 2652 4584 fuerit,
2690 4527 2744 4573 te
2778 4527 2834 4572 et
2866 4517 3004 4572 alios
3046 4517 3244 4572 fratres
3281 4531 3445 4586 opem

177 4637 237 4673 τε
269 4618 366 4672 καὶ
398 4616 583 4678 ἀλλοις
624 4613 900 4680 ἀδελφοῖς,
957 4610 1178 4679 ὀρέγειν
1211 4608 1357 4676 αὐτῷ
1388 4609 1567 4677 χεῖρα,
1607 4606 1756 4676 εἴπερ

1873 4614 1948 4668 illi
1985 4613 2149 4678 ferre,
2195 4613 2239 4666 si
2273 4612 2352 4667 fas
2384 4620 2488 4666 est.
2522 4609 2678 4676 Quod
2717 4611 2786 4667 ad
2815 4625 2909 4666 eos
2943 4623 3109 4682 porro
3143 4616 3354 4679 spectat
3373 4607 3446 4663 de

177 4708 294 4766 οἷόν
323 4727 406 4764 τε.
433 4709 570 4779 Περὶ¹
606 4707 664 4760 δέ
700 4705 811 4758 τῶν
860 4702 1302 4774 προειρημένων,
1350 4698 1765 4769 βαπτιζομένων

180 4801 326 4868 λέγω
349 4798 661 4870 χριομένων
695 4813 757 4849 τε
781 4795 861 4865 τῷ
892 4794 1034 4863 ἁγίῳ
1079 4793 1259 4864 μύρῳ,
1294 4792 1388 4845 καὶ
1430 4790 1766 4858 ἀναθεματι-

182 4894 391 4959 ζόντων
411 4890 509 4961 τὴν
540 4890 752 4960 αἵρεσιν
784 4903 797 4918 ’
831 4888 929 4958 οὐχ
960 4886 1035 4948 ὡς
1076 4888 1104 4940 6
1144 4884 1288 4947 θεῖος
1334 4883 1649 4951 Ἐπιφάνιος
1679 4881 1767 4934 τέο

181 5002 317 5056 ταχε
349 4985 446 5038 καὶ
470 4983 768 5053 ἠρίθμησε,
793 4980 893 5043 τὰς
924 4980 1165 5048 αἱρέσεις
1191 4977 1465 5045 γέγραφα.
1514 4973 1655 5027 Ἀλλ’
1689 4973 1766 5038 ὡς

187 5071 350 5146 εὖρον
375 5073 837 5145 παρασημείωσίν
861 5089 1006 5135 τινος
1049 5070 1159 5123 τῶν
1191 5069 1566 5139 ἀρχαιοτέρων
1611 5069 1766 5137 φιλο-

189 5171 354 5223 πόνου
387 5167 606 5238 ἀνδρὸς,
635 5167 728 5219 καὶ
765 5166 828 5218 ἐκ
875 5165 974 5233 τῆς
1005 5165 1062 5217 ἐν
1105 5161 1393 5228 Βυζαντίδι
1439 5161 1770 5232 Ἐκκλησίας

189 5265 289 5334 τὴν
319 5265 384 5316 ἐκ
419 5259 640 5330 βιὸλίων
670 5258 898 5327 ἔρευναν
935 5258 1030 5311 καὶ
1087 5255 1310 5327 εὕρεσιν
1364 5256 1763 5326 ποιησαμένου.

207 5358 267 5411 Ὀ
296 5353 530 5424 ἀδελφὸς
561 5352 867 5424 Γρηγὸριος
885 5351 1122 5420 γνησίως
1147 5349 1572 5420 προσαγορεύει.

266 5495 406 5550 MA'.
431 5523 500 5532 —
519 5486 832 5553 Σιλουανῷ
859 5489 956 5540 καὶ
991 5483 1392 5553 Εὺπρεπιανῷ
1445 5485 1701 5550 τέκνοις.

887 5557 1074 5630 [me].

1872 4705 2072 4776 quibus
2122 4704 2253 4768 dixi,
2302 4704 2394 4773 qui
2455 4703 2800 4774 baptizantur
2854 4704 3083 4769 scilicet,
3146 4709 3448 4772 sanctoque

1873 4798 2171 4854 chrismate
2209 4805 2508 4866 unguntur,
2552 4804 2607 4850 et
2657 4794 2906 4851 haeresim
2959 4793 3443 4856 anathematizant,

1873 4906 1985 4945 non
2010 4891 2087 4943 uti
2111 4889 2328 4944 divinus
2357 4888 2690 4958 Epiphanius
2717 4887 2987 4957 disposuit
3005 4895 3059 4940 et
3079 4883 3444 4948 enumeravit,

1875 4982 2111 5035 haereses
2129 4979 2422 5048 descripsi;
2451 4978 2546 5034 sed
2574 4978 2716 5033 sicut
2735 4979 2790 5033 in
2814 4976 3140 5047 antiquioris
3164 4975 3448 5045 cujusdam

1877 5073 2106 5128 studiosi
2131 5071 2226 5126 viri
2263 5070 2658 5127 commentario
2684 5068 2892 5138 inveni,
2924 5067 3017 5138 qui
3049 5083 3120 5122 ex
3141 5065 3452 5138 Byzantina:

1878 5166 2136 5221 Ecclesia:
2167 5165 2321 5220 libris
2352 5165 2636 5235 indagarat
2660 5171 2715 5219 et
2743 5170 2984 5220 eruerat.
3027 5160 3221 5217 Frater
3244 5159 3450 5233 Grego-

1878 5261 1994 5315 rius
2022 5260 2233 5315 sincere
2267 5257 2484 5314 salutat.

2108 5484 2243 5540 XLI.
2274 5513 2342 5525 —
2380 5481 2593 5537 Silvano
2631 5490 2679 5534 et
2713 5478 3044 5550 Euprepiano
3073 5474 3220 5544 ﬁliis.

1132 5669 1370 5719 Arcanam
1400 5681 1491 5730 per
1515 5666 1750 5729 epistolas
1773 5667 2022 5718 scribendi
2046 5670 2290 5718 rationem
2325 5668 2493 5719 tradit.

290 5783 508 5853 Ἐπειδὴ
526 5781 673 5853 ζητῶ
688 5779 982 5851 μανθάνειν
1009 5781 1265 5851 περὶτῶν
1292 5779 1562 5850 ἀδελφῶν,
1586 5781 1770 5842 τέκνα,

281 5900 325 5931 ⁸³
357 5897 488 5953 Can.
526 5895 612 5951 11.
690 5896 737 5926 ⁸³
763 5896 845 5949 Ad
870 5895 1302 5966 Amphilochium,
1336 5909 1452 5948 can.
1488 5893 1576 5958 32,
1619 5893 1704 5946 51.

1952 5780 2218 5846 Quoniam
2265 5783 2330 5837 de
2355 5780 2610 5837 fratribus
2642 5779 2782 5836 scire
2812 5791 2967 5842 aveo,
3013 5775 3128 5839 filii,
3161 5782 3216 5830 et
3251 5773 3351 5845 ipsi
3383 5771 3452 5829 de
