3914 6432
548 384 679 446 1059
1719 380 1777 435 S.
1808 368 2197 433 THEODORI
2240 370 2586 434 STUDIT/E
3632 369 3753 430 1060

535 490 643 542 illis
674 488 988 557 frequenter
1038 476 1534 555 signiﬁcare’vultis
1568 499 1581 545 ;
1648 480 1956 533 consultum
1991 478 2104 527 lore

2217 477 2239 543 ἡ
2273 478 2367 528 καὶ
2398 479 2553 531 αὐτοὶ
2596 478 2855 539 πολλάκις
2887 476 3069 529 Θέλετε
3122 474 3313 543 δηλοῦν
3361 474 3490 540 περὶ
3545 473 3713 524 αὐτῶν
3738 490 3751 504 ·

534 580 683 643 duxi,
732 579 1003 648 simulque
1041 576 1261 631 brevius
1311 584 1365 628 et
1392 572 1678 632 occultius.
1721 585 1784 623 ex
1815 567 2101 623 elementis

2217 568 2494 638 ἑσκόπησα
2522 570 2689 623 καλὸν
2715 564 2878 634 εἶναι,
2913 566 3050 638 ὁμοῦ
3080 583 3138 618 τε
3176 566 3266 618 διά
3309 564 3372 616 τὸ
3424 562 3753 632 συντομώτε-

536 688 631 727 seu
665 672 855 742 viginti
902 679 1135 741 quatuor
1162 666 1357 722 litteris
1402 666 1521 720 illos
1574 660 1870 733 designari,
1922 672 1980 714 ut
2034 658 2103 712 sit

2217 676 2302 728 ρον
2329 661 2423 711 καὶ
2454 658 2947 729 έπικρυπτὸτερον,
2974 655 3081 709 ἀπὸ
3127 654 3236 707 τῶν
3273 652 3573 722 στοιχείων,
3605 653 3757 718 ἤγουν

2205 749 2313 801 τῶν
2340 750 2794 819 εἰκοσιτεσσάρων
2827 746 3167 817 γραμμάτων
3189 782 3204 808 ,
3238 743 3462 805 τούτους
3486 740 3753 808 ὲπιδηλοῦο

2207 843 2334 897 σθαι
2363 860 2377 876 ⁸
2404 846 2498 898 καὶ
2523 846 2585 916 δὴ
2616 847 2782 913 λέγω,

537 765 812 820 nimirum.

604 960 659 994 οι.
697 940 872 995 Patris
903 937 1101 992 nostri.

611 1010 659 1078 β.
697 1005 1129 1077 Archiepiscopi.

609 1096 663 1145 γ.
689 1079 953 1146 Calogeri.

607 1150 655 1203 δ.
698 1147 998 1201 Athanasii.

608 1236 657 1272 ε.
689 1216 1061 1285 Barsanupbii.

611 1288 661 1350 ζ.
690 1287 923 1340 Nicolai.

608 1375 664 1427 η.
694 1355 1009 1427 Sophronii.

611 1424 662 1479 ϐ.
696 1424 995 1495 Euthymii.

612 1515 650 1552 t.
688 1494 979 1551 Joannicii.

612 1583 667 1619 κ.
688 1563 1002 1619 Domitiani.

610 1636 661 1687 λ.
687 1632 1007 1689 (Ὲοοιιοηιί.

616 1721 675 1773 μ.
702 1702 937 1757 Arsenii.

616 1791 660 1825 ν.
695 1773 902 1827 Acacii.

611 1843 660 1907 ξ.
694 1840 915 1895 Meletii.

609 1929 656 1965 ο.
694 1910 937 1965 Luciani.

612 2000 671 2034 π.
691 1980 1006 2049 Epiphanii.

615 2068 664 2120 ρ.
694 2050 876 2120 l_.etoe.

613 2118 662 2172 σ.
694 2118 898 2174 Basilii.

610 2206 659 2243 τ.
693 2188 1107 2244 Euschemonis.

614 2276 664 2311 υ.
697 2258 923 2313 Silvani.

615 2346 672 2395 φ.
698 2329 1054 2399 Ευρτθρίιιηὶ.

611 2417 664 2468 χ.
693 2397 957 2468 Qregorii.

610 2466 671 2536 ψ.
696 2466 982 2523 Eustathii.

611 2556 677 2591 ω.
699 2537 899 2592 Meum.

615 2630 846 2696 Quando
875 2632 1040 2704 igitur
1069 2632 1123 2686 in
1152 2634 1506 2705 inscriptione
1543 2633 1760 2690 aﬂixum
1785 2640 1869 2688 est
1892 2629 2108 2700 aliquod

543 2721 896 2786 elementum,
942 2724 1229 2792 cujusnam
1276 2727 1349 2780 sit
1380 2726 1603 2797 epistola
1639 2726 1796 2796 plane
1825 2724 2063 2779 declarat
2092 2739 2108 2778 :

2276 938 2349 992 Τὸ
2383 954 2417 989 α
2446 936 2540 989 τοῦ
2570 936 2781 1007 Πατρδς
2824 934 2996 1007 ἡμῶν.

2277 1008 2351 1060 Τὸ
2380 1007 2409 1076 β
2439 1007 2531 1058 τοῦ
2562 1006 3024 1076 Ἀρχιεπισκόπου

2276 1077 2350 1131 Τὸ
2379 1075 2413 1143 γ
2445 1075 2537 1128 τοῦ
2568 1076 2909 1144 Καλογήρου.

2278 1150 2351 1201 Τὸ
2375 1147 2403 1199 δ
2434 1145 2529 1198 toi
2554 1145 2897 1198 ’Λθανασίου.

2280 1218 2354 1269 Τὸ
2378 1232 2401 1268 ε
2424 1215 2521 1268 τοῦ
2552 1216 2977 1283 Βαρσανουφίου.

2282 1286 2355 1340 Τὸ
2376 1286 2407 1350 ζ
2437 1285 2531 1338 τοῦ
2562 1284 2853 1338 Νικολάου.

2281 1356 2353 1407 Τὸ
2387 1374 2418 1423 η
2456 1354 2550 1407 τοῦ
2580 1354 2913 1423 Σωφρονίου.

2280 1426 2353 1478 Τὸ
2379 1426 2408 1478 θ
2445 1423 2540 1477 τοῦ
2574 1423 2867 1492 Εὑθυμίου.

2279 1498 2353 1549 Τὸ
2390 1512 2407 1547 ι
2434 1493 2527 1546 τοῦ
2556 1493 2912 1548 Ἰωαννικίου.

2280 1567 2355 1618 Τὸ
2373 1581 2405 1615 κ
2433 1562 2528 1615 τοῦ
2562 1563 2916 1631 Δομετιανοῦ.

2281 1637 2354 1687 Τὸ
2380 1634 2409 1685 λ
2433 1632 2525 1685 τοῦ
2561 1632 2881 1701 Οίκονόμου.

2280 1706 2353 1758 Τὸ
2383 1721 2421 1772 μ
2448 1702 2541 1772 τοῦ
2572 1702 2873 1772 Ἀρσενίου.

2282 1776 2353 1829 Τὸ
2375 1790 2402 1825 ν
2430 1771 2523 1824 τοῦ
2554 1771 2837 1826 Ἀκακίου.

2280 1844 2354 1899 Τὸ
2384 1842 2411 1907 ξ
2449 1840 2540 1893 τοῦ
2574 1839 2861 1899 Μελετίου.

2280 1916 2352 1968 Τὸ
2370 1930 2398 1964 ο
2421 1910 2512 1962 τοῦ
2542 1911 2861 1968 Λουκιανοῦ,

2278 1985 2352 2038 Τὸ
2380 2000 2418 2033 π
2445 1982 2537 2033 τοῦ
2559 1981 2897 2047 Ἐπιφανίου.

2277 2054 2352 2107 Τὸ
2379 2069 2410 2123 ρ
2441 2052 2535 2103 τοῦ
2566 2050 2772 2123 ᾼητοη.

2277 2123 2351 2177 Τὸ
2380 2120 2413 2174 σ
2442 2122 2533 2175 τοῦ
2566 2120 2865 2177 Βασιλείου.

2277 2193 2350 2245 Τὸ
2383 2208 2413 2243 τ
2442 2191 2534 2245 τοῦ
2570 2190 2936 2261 Ευσχήμονος.

2277 2261 2351 2315 Τὸ
2380 2279 2409 2313 υ
2440 2261 2533 2315 τοῦ
2567 2259 2879 2317 Σιλουανοῦ.

2278 2332 2353 2385 Τὸ
2378 2350 2414 2401 φ
2435 2332 2530 2384 τοῦ
2561 2332 2963 2398 Εὑπρεπιανοῦ.

2280 2402 2404 2509 Τὸχ
2434 2401 2528 2454 τοῦ
2563 2403 2890 2472 Γρηγορίου.

2280 2473 2354 2509 ἸἎ
2378 2490 2387 2509 ι
2407 2495 2417 2509 Α
2446 2471 2539 2509 Irin-1
2575 2471 2873 2509 Ιέιίυττηηῖηοι

2280 2473 2354 2526 Τὸ
2378 2471 2417 2541 ψ
2446 2471 2539 2541 τοῦ
2574 2471 2893 2541 Εὺλσταοίου.

2278 2542 2353 2595 Τὸ
2378 2539 2421 2595 ω
2444 2540 2502 2594 τὸ
2526 2541 2582 2592 Ἐ
2592 2539 2708 2610 μον.

2281 2641 2411 2692 Ὅτε
2439 2638 2620 2691 τοίνυν
2656 2640 2834 2690 κεῖται
2874 2637 2932 2691 ὲν
2977 2639 3044 2709 τῇ
3081 2636 3361 2705 ἐπιγραφῇ
3408 2650 3460 2686 τι
3492 2636 3768 2704 στοιχεῖον,

2210 2722 2271 2784 οὗ
2303 2730 2446 2791 τινός
2475 2730 2623 2782 ἐστιν
2652 2730 2684 2799 ἠ
2723 2728 2982 2797 ἐπιστολὴ
3007 2727 3224 2789 πάντως
3263 2722 3574 2795 ἐγνωρίσθη
3594 2741 3608 2754 ·
3668 2719 3773 2777 οἷον

544 2813 693 2867 verbi
722 2815 912 2883 gratia,
933 2833 966 2867 α
992 2814 1167 2869 Patris
1188 2817 1394 2883 nostri;
1432 2828 1487 2873 et
1509 2817 1934 2887 unumquodque
1955 2814 2111 2868 simi-

2217 2822 2271 2875 τὸ
2303 2839 2358 2887 α,
2391 2820 2484 2875 τοῦ
2516 2821 2727 2892 Πατρος
2754 2820 2909 2893 ήμῶν
2936 2837 2951 2851 ο
2980 2820 3074 2873 καὶ
3095 2818 3325 2871 ἕκαστον
3347 2816 3639 2880 ὡσαύτως.
3678 2811 3775 2869 [1&-

546 2902 687 2955 liter.
727 2904 953 2967 Rursus,
999 2906 1369 2976 interrogante
1412 2921 1518 2971 me,
1556 2906 1840 2972 Quomodo
1866 2903 2006 2959 valet
2037 2901 2111 2972 {3?

545 2994 749 3047 clarum
786 3004 868 3048 est
890 2994 1134 3065 intelligi,
1168 2997 1235 3051 de
1270 2996 1683 3067 archiepiscopo
1714 3011 1833 3051 esse
1858 2999 2113 3066 quaestio-

2212 2913 2298 2967 λιν
2325 2913 2640 2985 έρωτῶντός
2673 2930 2799 2983 μου,
2831 2910 2953 2973 Πῶς
2984 2910 3095 2980 ἔχει
3123 2911 3180 2963 τὸ
3212 2908 3279 2978 β;
3312 2909 3473 2978 δῆλον
3507 2909 3589 2959 ὅτι
3614 2911 3753 2975 ὲγνω

2218 3006 2374 3079 ρὶσθη
2407 3006 2535 3076 περὶ
2565 3004 2658 3058 τοῦ
2690 3004 3121 3073 ἀρχιεπισκόπου
3160 2995 3299 3053 εἶναι
3337 3000 3438 3070 τὴν
3485 3000 3771 3071 ἐρώτησιν.

546 3100 691 3139 nem.
739 3085 941 3141 Eodem
983 3088 1144 3141 modo
1186 3104 1311 3143 cum
1381 3089 1575 3144 iterum
1622 3088 1915 3162 interrogo,
1963 3087 2109 3154 Quo—

2226 3098 2456 3165 Ὀμοίως
2484 3099 2542 3149 ὲν
2568 3096 2645 3165 τῷ
2669 3094 2831 3147 πάλιν
2883 3092 3159 3164 ἐρωτῆσαί
3196 3107 3285 3162 με,
3334 3091 3461 3152 Πῶς
3488 3090 3703 3159 ἔχουσιν
3730 3088 3777 3138 οἱ

546 3175 707 3229 modo
740 3177 919 3231 valent
943 3179 1035 3247 qui
1064 3195 1189 3234 cum
1223 3180 1253 3250 β
1284 3181 1308 3234 ?
1350 3182 1697 3252 perspicuum
1725 3190 1826 3247 est,
1866 3181 2009 3250 quod
2042 3180 2109 3235 de

546 3266 613 3319 iis
638 3268 729 3334 qui
770 3284 893 3321 cum
929 3269 1019 3323 illo
1051 3280 1198 3334 sunt,
1246 3273 1317 3325 sit
1346 3272 1700 3343 interrogatio
1738 3289 1752 3337 ;
1806 3272 2108 3339 eodemque

547 3360 707 3413 modo
735 3360 788 3413 in
806 3362 1015 3415 caeteris
1032 3363 1337 3416 elementis.
1370 3363 1573 3417 Rursus
1593 3362 1692 3415 alia
1715 3361 2064 3431 interrogatio
2091 3380 2103 3415 :

546 3450 688 3515 Quid
737 3451 935 3504 auditis
967 3451 1035 3505 de
1077 3468 1118 3503 π
1147 3452 1229 3506 vel
1280 3455 1347 3507 de
1385 3470 1417 3523 ρ
1456 3453 1539 3507 vel
1581 3453 1647 3507 de
1678 3452 1716 3521 ψ
1744 3452 1767 3505 ?
1794 3453 1861 3507 ad
1899 3453 2109 3523 singula

545 3542 810 3597 elementa
835 3552 917 3598 est
945 3545 1247 3612 responsio.
1287 3544 1518 3599 Rursum
1546 3561 1729 3615 quaero
1759 3562 1771 3599 :
1812 3544 1946 3611 Quis
1977 3545 2110 3600 l'oris

547 3636 769 3690 advenit
802 3636 825 3689 ?
864 3637 1198 3705 respondere
1232 3652 1328 3691 vos
1357 3646 1571 3707 oportet
1599 3639 1750 3707 juxta
1777 3640 2109 3693 elementum

549 3729 633 3782 vel
660 3746 692 3797 η
722 3730 807 3782 vel
836 3746 864 3781 ο
888 3729 971 3782 vel
1012 3744 1077 3782 ex
1123 3730 1382 3799 reliquis;
1412 3740 1525 3794 aut,
1556 3730 1676 3784 Non
1706 3731 1858 3785 venit
1883 3747 1919 3798 η
1946 3732 2031 3785 vel
2058 3748 2107 3795 ο,

549 3819 645 3873 sed
682 3820 772 3887 qui
803 3836 925 3873 cum
958 3837 992 3889 η
1020 3821 1103 3874 vel
1136 3838 1162 3872 ο
1204 3828 1283 3872 tut
1327 3836 1593 3875 numero:
1634 3822 1775 3889 quod
1807 3822 1908 3876 hoc
1934 3821 2018 3876 vel
2050 3822 2113 3875 il-

550 3911 640 3965 lud
694 3912 768 3965 illi
811 3912 1081 3966 elemento
1113 3912 1391 3967 acciderit.
1428 3912 1636 3967 Rursus
1659 3914 1838 3983 itaque
1892 3917 2109 3985 quando

552 4017 739 4057 mors:
787 4002 932 4057 Obiit
974 4003 1077 4059 hoc
1107 4004 1436 4059 elementum
1470 4022 1484 4070 ;
1530 4006 1634 4073 vel,
1665 4007 1910 4078 IEgrotat
1946 4025 1960 4072 ;
2002 4010 2108 4074 vel,

551 4094 705 4148 Dolet
738 4111 750 4147 :
790 4102 846 4147 et
893 4095 998 4148 alia
1035 4089 1309 4164 quaelibet.
1344 4095 1498 4162 Quod
1529 4097 1574 4151 si
1617 4099 1739 4168 quis
1780 4109 1862 4155 est
1898 4101 1988 4170 qui
2044 4103 2112 4156 ab

550 4183 822 4237 elemento
860 4183 1061 4253 aliquid
1092 4200 1285 4254 passus
1314 4186 1427 4251 sit;
1472 4201 1671 4241 nomen
1709 4203 1923 4259 quoque
1970 4190 2113 4246 indi-

550 4284 758 4339 cantes,
806 4276 955 4331 verbi
992 4277 1159 4347 gratia
1191 4277 1257 4333 de
1276 4276 1683 4348 Cliristophoro,
1716 4282 1857 4351 quod
1890 4282 2114 4355 aufuge-

554 4368 623 4422 rit
645 4368 713 4422 ab
734 4385 781 4431 ε,
805 4370 947 4437 quod
972 4377 1025 4423 et
1051 4369 1248 4423 factum
1275 4370 1523 4424 est.Cum
1545 4385 1670 4441 ergo
1688 4373 1880 4428 missas
1905 4390 1934 4427 a
1957 4376 2114 4429 nobis

2215 3190 2343 3259 περὶ
2366 3189 2425 3241 τὸ
2452 3188 2513 3257 β;
2550 3185 2782 3257 φανερὸν
2808 3187 2889 3239 ὅτι
2923 3184 3053 3255 περὶ
3074 3183 3181 3236 τῶν
3212 3183 3380 3236 ὄντων
3414 3182 3531 3252 μετ’
3562 3180 3724 3235 αὐτοῦ
3747 3180 3777 3247 ἡ

2215 3280 2482 3351 ἐρώτησις
2504 3296 2518 3311 ο
2550 3278 2811 3341 ὡσαύτως
2845 3276 3065 3330 ἐπὶτῶν
3094 3274 3297 3328 λοιπῶν
3324 3274 3627 3342 στοιχείων.
3672 3273 3779 3325 [1&-

2213 3373 2295 3427 λιν
2325 3374 2489 3442 ἑτέρα.
2522 3369 2789 3442 ἐρώτησις
2812 3384 2827 3400 ’
2859 3366 2925 3420 Τί
2954 3366 3181 3420 ἀκούετε
3216 3367 3344 3436 περὶ
3373 3364 3469 3417 τοῦ
3489 3380 3561 3417 πο
3589 3366 3621 3431 ἦ
3656 3363 3777 3430 περὶ

2214 3466 2308 3519 τοῦ
2351 3483 2380 3535 ρ
2402 3481 2415 3495 ·
2448 3464 2481 3536 ἢ
2507 3460 2760 3532 περὶτοῦ
2789 3462 2862 3531 da;
2892 3460 3027 3531 πρὸς
3077 3459 3132 3511 ἓν
3167 3459 3401 3511 ἕκαστον
3456 3448 3777 3525 στοιχεῖονῆ

2214 3558 2526 3627 ἀπόκρισις.
2569 3554 2735 3608 Πάλιν
2790 3553 3002 3625 ὲρωτῶ,
3047 3552 3143 3616 Τίς
3200 3547 3362 3622 ἦλθεν
3396 3552 3458 3602 ὲκ
3490 3549 3604 3601 τῶν
3646 3546 3775 3611 ἐξως

2214 3649 2331 3703 δέον
2360 3649 2505 3717 ὑμᾶς
2538 3646 2905 3716 ἀποκριθῆναι
2934 3645 3077 3699 κατὰ
3101 3644 3161 3696 τὸ
3199 3644 3464 3711 στοιχεῖον
3488 3656 3501 3669 ⁸
3545 3639 3579 3707 ἢ
3618 3640 3699 3692 ὅτι
3723 3638 3779 3690 τὸ

2215 3756 2271 3807 η,
2302 3736 2334 3805 ἦ
2367 3738 2446 3789 ὅτι
2479 3735 2540 3788 τὸ
2565 3753 2614 3799 ο,
2650 3736 2683 3806 ἢ
2715 3738 2779 3788 ὲκ
2809 3734 2918 3788 τῶν
2953 3734 3187 3786 λοιπῶν·
3215 3732 3369 3802 ἢούκ
3401 3730 3619 3800 εἰσῆλθε
3644 3731 3778 3797 τὸη.

2216 3829 2247 3898 ἢ
2279 3828 2339 3880 τὸ
2365 3845 2413 3891 ο,
2450 3826 2568 3880 ἀλλ’
2593 3828 2641 3880 οἱ
2676 3828 2804 3895 περὶ
2828 3825 2888 3877 τὸ
2914 3824 3023 3893 η,ἢ
3072 3821 3133 3874 τὸ
3157 3838 3205 3886 ο,
3261 3819 3439 3872 τόσοι·
3471 3818 3554 3870 ὅτι
3590 3817 3777 3885 γέγονε

2216 3920 2333 3973 τόδε
2362 3921 2582 3973 κάκεῖνο
2610 3919 2688 3981 είς
2713 3918 2771 3969 τὸ
2796 3917 2942 3969 δεῖνα
2979 3916 3261 3983 στοιχεῖον.
3304 3912 3432 3964 Ὅτε
3463 3910 3557 3963 οὖν
3617 3910 3778 3963 Θάνα-

2214 4030 2306 4076 τος
2335 4011 2497 4065 πάλιν
2517 4028 2531 4043 ⁸
2550 4008 2817 4065 Ἀπέθανε
2856 4006 2974 4059 τόδε
3009 4005 3069 4058 τὸ
3091 4005 3377 4073 στοιχεῖον,
3405 4000 3721 4071 ἢἈσθενεί,
3744 4000 3777 4070 ἢ

2218 4106 2503 4168 Λυπεϊται,
2539 4101 2634 4156 καὶ
2661 4102 2761 4154 ὅσα
2789 4098 2941 4152 ἄλλα.
2974 4097 3035 4149 El
3061 4096 3118 4149 δέ
3149 4096 3231 4158 τίς
3260 4097 3407 4148 ἐστιν
3436 4094 3502 4148 ἐκ
3535 4092 3630 4146 τοῦ
3656 4091 3779 4160 περὶ

2218 4198 2278 4253 τὸ
2301 4197 2561 4265 στοιχεῖον
2592 4190 2778 4245 παθών
2807 4207 2880 4253 τι,
2910 4188 3003 4242 καὶ
3028 4187 3090 4240 τὸ
3119 4186 3288 4255 ὄνομα
3322 4183 3633 4254 δηλοῦντες,
3665 4176 3777 4265 οἷον

2220 4282 2311 4335 ἐπὶ
2330 4263 2845 4348 τοῦΠΧριστοφόρου,
2870 4273 2950 4325 ὅτι
2969 4270 3277 4342 ἀπέδρασεν
3307 4269 3415 4321 ἀπὸ
3437 4266 3533 4320 τοῦ
3563 4284 3614 4330 ε,
3639 4266 3667 4317 ὃ
3686 4263 3780 4316 καὶ

2221 4373 2431 4441 γέγονε.
2464 4369 2752 4437 Δεχόμενοι
2776 4364 2869 4417 οὖν
2896 4363 2998 4423 τὰς
3041 4361 3171 4431 παρ’
3219 4357 3376 4429 ἡμῶν
3415 4355 3779 4427 πεμπομένας

556 4459 765 4513 litteras
809 4460 1075 4527 accipitis,
1113 4460 1156 4513 si
1178 4475 1242 4514 ex
1288 4460 1676 4515 elementorum
1711 4478 1936 4518 numero
1967 4465 2112 4519 estis

2220 4460 2530 4523 ἐπιστολὰς,
2556 4460 2773 4519 πάντως
2807 4455 2903 4508 ἐάν
2932 4454 3078 4505 ἐστιν
3110 4452 3174 4504 ὲκ
3201 4450 3309 4503 τῶν
3348 4450 3657 4519 στοιχείων,
3684 4445 3779 4513 τὴν

550 4552 643 4622 qui
685 4552 870 4615 mittit,
920 4552 1239 4621 inscriptum
1274 4553 1602 4606 elementum
1640 4568 1863 4622 prorsus
1900 4555 2120 4610 habebit

552 4642 800 4711 cpistola.
839 4640 949 4695 Vos
982 4656 1198 4711 quoque
1225 4641 1317 4711 qui
1347 4641 1477 4695 estis
1520 4657 1585 4695 ex
1641 4642 1942 4708 elementis,
1991 4658 2115 4697 cum

554 4733 758 4788 litteras
784 4732 1019 4793 mittitis,
1043 4732 1214 4801 ipsum
1239 4732 1565 4786 elementum
1598 4732 1651 4785 in
1681 4734 1897 4803 propria
1913 4733 2115 4803 episto-

554 4828 605 4880 la
638 4826 843 4897 ponite.
873 4825 1028 4890 Quod
1064 4825 1106 4878 si
1144 4825 1393 4894 ignorent
1420 4824 1511 4892 qui
1532 4824 1771 4886 mittunt,
1803 4841 1897 4879 vos
1920 4826 2116 4881 inscri-

557 4918 795 4988 ptionem
823 4916 1133 4986 expungite,
1155 4923 1209 4969 et
1231 4915 1518 4969 scribentis
1538 4915 1863 4969 elementum
1889 4919 2118 4987 apponi-

557 5019 629 5061 te.
661 5008 729 5060 At
763 5007 805 5060 si
837 5022 899 5059 ex
940 5006 1330 5071 elementorum
1370 5019 1598 5059 numero
1626 5019 1732 5058 non
1767 5015 1871 5073 est,
1901 5016 2118 5063 maneat

556 5097 839 5167 inscriptio
888 5113 903 5162 ;
937 5096 1391 5165 quemadmodum
1421 5105 1474 5149 et
1517 5095 1631 5165 ipse
1656 5095 1784 5151 dum
1819 5098 2019 5153 scribo.
2060 5100 2114 5153 Si

555 5204 663 5242 non
698 5196 780 5242 est
803 5202 865 5241 ex
886 5186 1187 5247 elementis,
1217 5194 1433 5237 maneat
1461 5184 1743 5254 inscriptio
1768 5186 1835 5240 ad
1882 5202 2008 5241 eum
2049 5190 2114 5242 ad

554 5295 715 5350 quem
764 5287 848 5333 est
898 5277 1144 5348 epistola.
1176 5276 1384 5330 Rursus
1424 5276 1845 5341 observandum,
1890 5279 2031 5347 quod
2062 5280 2113 5333 in

555 5383 878 5439 unaquaque
930 5368 1157 5438 epistola
1198 5382 1315 5420 mea
1365 5366 1431 5420 ad
1464 5382 1557 5421 eos
1590 5368 1678 5435 qui
1712 5377 1837 5421 sunt
1865 5369 1965 5422 sub
2009 5370 2116 5424 ele-

558 5463 776 5525 mentis,
812 5462 889 5516 sic
918 5460 1140 5515 habebit
1169 5459 1448 5529 inscriptio
1474 5478 1486 5512 :
1525 5478 1570 5513 ω
1598 5460 1663 5513 ad
1698 5479 1729 5511 α
1753 5468 1805 5513 et
1837 5460 2113 5531 deinceps,

555 5562 612 5607 et
647 5554 711 5606 ad
748 5567 833 5605 me
885 5552 1061 5605 missae
1104 5550 1341 5620 epistola:
1393 5551 1470 5605 sic
1499 5550 1735 5605 habeant
1763 5568 1797 5603 α
1833 5552 1916 5606 vel
1961 5570 1990 5605 υ
2032 5555 2115 5608 vel

558 5643 703 5697 aliud
740 5658 804 5696 ex
844 5642 1145 5697 elementis.
1184 5641 1472 5696 Sciendum
1505 5640 1606 5695 hoc
1640 5642 1822 5708 etiam,
1858 5644 2113 5715 quoniam

630 5798 674 5829 “
707 5796 893 5852 Matth.
939 5814 991 5863 ι,
1033 5798 1119 5851 12.
1198 5798 1241 5830 ⁸⁸
1274 5796 1463 5851 Matth.
1504 5813 1574 5862 γι,
1612 5798 1665 5852 9.

2218 4551 2531 4622 ἐπιγραφὴν
2560 4549 2653 4601 τοῦ
2682 4546 2948 4616 στοιχείου
2982 4544 3093 4607 ἕξει
3119 4545 3153 4613 ἡ
3203 4542 3489 4611 ἐπιστολή.
3524 4542 3780 4609 Πέμπτον-

2216 4661 2305 4706 τες
2336 4638 2430 4694 οὖν
2460 4641 2555 4693 καὶ
2584 4638 2735 4691 αὐτοὶ
2771 4637 2871 4696 τάς
2898 4637 2962 4688 ὲκ
2985 4633 3095 4687 τῶν
3120 4632 3301 4685 αὐτῶν
3334 4631 3621 4700 στοιχείων
3657 4634 3779 4685 ἐπι-

2218 4734 2431 4797 στολὰς,
2463 4732 2524 4785 τὸ
2553 4730 2682 4786 αὐτὸ
2714 4730 2976 4798 στοιχεῖον
3010 4725 3168 4780 θέσθε
3193 4727 3250 4777 έν
3274 4725 3340 4794 τῇ
3366 4722 3474 4793 ἰδίᾳ
3493 4724 3775 4795 ἐπιστολῇ.

2217 4827 2333 4881 Κᾶν
2370 4826 2425 4879 δὲ
2471 4821 2739 4892 ἀγνοῶσιν
2778 4820 2828 4873 οί
2861 4819 3191 4889 πέμποντες,
3228 4815 3388 4887 ὑμεῖς
3442 4814 3655 4870 λειοῦτε
3683 4816 3782 4887 τὴν

2218 4916 2547 4988 ἐπιγραφὴν,
2584 4914 2678 4967 καὶ
2712 4911 2971 4965 έντιθεῖτε
3003 4909 3064 4963 τὸ
3113 4910 3379 4979 στοιχεῖον
3412 4907 3509 4961 τοῦ
3544 4910 3783 4963 ἐπιστεί-

2217 5012 2425 5072 λαντος.
2454 5008 2517 5059 Et
2539 5006 2595 5059 δὲ
2626 5006 2726 5058 οὐκ
2756 5004 2903 5057 εστιν
2926 5004 2990 5055 ἔκ
3023 5002 3129 5054 τῶν
3166 5001 3467 5071 στοιχείων,
3507 5002 3719 5072 μενέτω
3745 5003 3777 5071 ἡ

2218 5100 2495 5171 ἐπιγραφή
2525 5116 2538 5129 ο
2571 5096 2761 5164 ῶσπερ
2794 5095 2888 5150 καὶ
2915 5098 2972 5148 ὲν
3010 5093 3087 5164 τῷ
3136 5094 3371 5164 γράφειν
3399 5110 3491 5162 με.
3528 5094 3659 5146 Ἐὰν
3678 5094 3780 5145 οὐκ

2216 5195 2362 5247 ἔστιν
2386 5195 2449 5245 ὲκ
2476 5190 2583 5243 τῶν
2619 5187 2916 5258 στοιχείων,
2967 5186 3177 5257 μενέτω
3225 5187 3259 5257 ἡ
3300 5186 3589 5256 ἐπιγραφὴ
3642 5185 3779 5256 πρὸς

2216 5286 2273 5338 ὃν
2297 5286 2329 5353 ἡ
2354 5280 2631 5350 ἐπιστολή.
2663 5276 2829 5331 Πάλιν
2861 5274 3125 5329 σκεπτέον
3150 5275 3236 5328 ὅτι
3266 5274 3352 5341 ἐφ’
3380 5274 3625 5343 ἑκάστης
3677 5287 3779 5341 μου

2217 5374 2500 5444 ἐπιστολῆς
2534 5371 2669 5442 πρὸς
2695 5369 2819 5433 τοὺς
2847 5368 3006 5430 ὄντας
3051 5364 3158 5418 ὑπὸ
3196 5365 3262 5417 τὰ
3294 5366 3552 5432 στοιχεῖα,
3604 5360 3781 5422 οὕτως

2218 5466 2711 5540 ἓξειήὲπιγραφή.
2768 5463 2842 5516 Τὸ
2893 5480 2958 5527 ω,
3010 5460 3179 5533 τῷα·
3232 5460 3327 5513 καὶ
3374 5456 3637 5526 καθεξῆς.
3668 5456 3780 5509 Καὶ

2215 5558 2567 5633 πεμπόμεναί
2604 5573 2692 5627 μοι
2719 5556 2773 5608 αἱ
2809 5551 3083 5606 ἐπιστολαὶ
3120 5549 3292 5611 οὕτως
3318 5548 3595 5617 ἐχέτωσαν
3618 5546 3681 5599 τὸ
3715 5564 3774 5610 α,

2215 5658 2247 5727 ἢ
2280 5655 2338 5709 το
2369 5672 2419 5721 υ,
2458 5652 2491 5721 ἢ
2525 5649 2651 5705 άλλο
2680 5647 2785 5700 τῶν
2822 5642 3117 5715 στοιχείων.
3143 5640 3415 5696 Γνωστέον
3452 5639 3548 5694 καὶ
3593 5638 3775 5693 τοῦτο’
