3914 6516
170 441 290 506 1061

1376 461 1919 527 EPISTOLARUM
1954 472 2100 533 LIB.
2145 472 2191 529 Ι.

3272 467 3409 536 1062

163 553 240 606 ὅτι
279 552 468 624 ἐπειδὴ
496 555 780 610 καὶταῦτα
803 558 872 611 τά
902 560 1028 630 τρία
1065 563 1173 615 εἰσὶ
1209 567 1533 638 γράμματα,
1565 571 1726 626 ἅτινά

1841 581 1913 633 liae
1942 591 2050 635 tres
2078 597 2293 650 quoque
2327 581 2517 637 litterae
2544 590 2695 636 extra
2731 597 3021 637 numerum
3049 581 3235 652 viginti
3269 599 3404 654 qua-

163 644 297 698 είσιν
321 643 426 708 ἔξω
459 646 567 698 τῶν
599 649 1058 721 εἰκοσιτεσσάρων
1083 658 1361 726 στοιχείων
1384 661 1443 713 τὸ
1494 682 1553 727 ς,
1580 663 1643 716 τὸ
1672 669 1730 731 ιι,

163 735 219 788 τὸ
253 753 294 788 π
316 753 329 766 ·
361 737 421 789 τὸ
442 757 491 828 ’ς
506 737 810 828 μδηλοῖτοὺς
840 742 1210 815 ἀθετήσαντας
1236 751 1440 816 πάντας
1468 755 1564 807 καὶ
1600 758 1737 828 πρό·

162 837 316 890 τερον
370 824 464 876 καὶ
504 823 732 897 ὕστερον
785 830 916 882 ποτὲ
961 833 1222 904 ἀδελφοὺς
1251 839 1408 908 ἡμῶν
1437 860 1451 872 ο
1477 843 1537 896 τὸ
1568 864 1606 908 ι,
1637 823 1734 900 τὸν

163 913 506 1004 πατριάρχην
527 931 538 944 ·
569 916 631 969 τὸ
664 937 726 981 π,
767 919 857 970 τὸν
891 922 1218 992 κρατοῦντα.
1259 928 1428 983 Ὅταν
1451 931 1544 986 οὖν
1575 935 1736 1004 χρεία

164 1001 384 1070 γένηται
413 1004 523 1056 εἴτε
557 1006 834 1076 ἐρωτῆσαί
868 1027 956 1079 με,
990 1013 1101 1065 εἴτε
1154 1015 1396 1086 δηλῶσαι
1439 1001 1584 1090 ὑμᾶς
1600 1001 1737 1095 περὶ

164 1092 279 1155 ἑνὸς
308 1095 418 1148 τῶν
447 1098 616 1167 τριῶν
636 1115 648 1129 ο
676 1100 762 1153 διὰ
798 1101 892 1155 τοῦ
940 1105 1265 1175 γράμματος
1295 1108 1450 1165 ἔσται
1492 1115 1524 1183 ἡ
1558 1092 1734 1186 δήλω-

165 1195 269 1244 σις.

409 1302 541 1356 MB’.
571 1334 637 1345 —
665 1307 852 1375 Ἀννῃ
886 1309 1253 1382 μοναζωύσῃ.
1288 1313 1485 1388 [ρκγη

1834 678 1954 723 tuor
2002 670 2394 725 elementorum
2435 679 2582 736 sunt,
2617 686 2678 735 ς.
2715 675 2771 737 ιι.
2806 689 2864 725 π.
2923 671 3053 725 illud
3098 689 3158 736 <:.
3213 671 3409 726 fratres

1831 766 2052 814 nostros
2084 774 2275 814 omnes
2302 759 2625 830 signiﬁcare,
2657 760 2772 831 qui,
2819 760 2974 830 prius
3011 761 3094 815 vel
3115 761 3409 830 posterius,

1831 851 2118 920 aliquando
2151 851 2484 921 prmvaricati
2504 861 2632 907 sunt
2659 869 2675 917 ;
2711 857 2748 920 ιι
2781 868 2912 908 vero
2937 853 3302 922 patriarcham
3327 869 3341 918 ;
3369 871 3412 906 π

1830 941 2064 1011 deinque
2104 942 2506 1012 imperatorem.
2548 943 2684 998 Cum
2711 960 2840 1015 ergo
2879 960 2967 999 res
3006 946 3204 1015 exiget,
3231 955 3291 1000 ut
3321 951 3403 999 vel

1833 1047 1935 1102 ego
1957 1032 2308 1103 interrogem,
2335 1034 2418 1089 vel
2444 1050 2543 1089 vos
2562 1035 2630 1090 de
2653 1051 2764 1091 uno
2787 1051 2817 1091 e
2845 1035 3020 1091 tribus
3049 1035 3404 1107 significetis;

1835 1139 1930 1193 per
1965 1125 2196 1180 litteram
2230 1125 2324 1182 ﬁet
2354 1126 2634 1182 indicium.

2223 1319 2384 1375 XLII.
2419 1352 2488 1361 --
2529 1323 2694 1377 Amne
2740 1323 3025 1377 monac/rte.

1390 1451 1551 1502 Docet
1569 1453 1810 1515 quomodo
1831 1456 1895 1504 sit
1918 1456 2172 1509 orandum.

233 1541 489 1595 Ἐδόκουν
512 1544 962 1616 τετελευτηκέναι
1010 1552 1107 1621 τὴν
1157 1554 1435 1626 μακαρίαν
1473 1576 1574 1626 μου
1628 1577 1734 1630 μη-

161 1632 328 1702 τέρα·
379 1634 558 1705 ἐκείνη
602 1635 658 1688 δὲ
693 1637 773 1690 ἔτι
805 1640 943 1711 ὑπὲρ
977 1643 1079 1713 γῆς
1108 1645 1276 1708 ἐστιν,
1330 1647 1407 1710 ὡς
1467 1649 1633 1703 ἔοικε.
1664 1650 1732 1703 Τί

162 1721 273 1791 γάρ
301 1721 368 1774 ἂν
400 1723 592 1794 ἔμελλε
620 1727 780 1782 πλέον
821 1735 1018 1796 ποιεῖν,
1057 1734 1133 1798 ὡς
1166 1737 1306 1807 αὐτὴ
1342 1740 1480 1810 πρός
1530 1757 1597 1805 με
1639 1741 1735 1794 τὸν

161 1815 419 1868 ταπεινὸν
480 1822 720 1890 μητρικῇ
774 1823 1074 1896 κηδεμονίᾳ
1126 1829 1445 1899 φερομένη;
1500 1828 1647 1884 Ἀλλ’
1684 1832 1734 1885 εί

161 1903 318 1971 κάγὼ
360 1905 717 1976 ἁμαρτωλὸς,
765 1913 915 1981 ὅμως
949 1915 1188 1988 πιστεύω
1233 1917 1312 1987 τῷ
1359 1919 1548 1990 Κυρίῳ
1607 1921 1738 1976 ἀντ-

160 1995 507 2063 αμείψασθαί
542 2014 602 2050 σε
651 2000 759 2053 τών
794 2002 936 2073 ὑπὲρ
962 2005 1060 2074 τῆς
1093 2005 1442 2078 ἀναξιότητος
1477 2011 1632 2080 ἡμῶν
1679 2013 1739 2066 οὐ

157 2086 260 2156 τὴν
291 2087 560 2155 τυχοῦσαν
586 2090 765 2160 χάριν,
809 2095 904 2147 καὶ
949 2096 1224 2162 ὲπίτευξιν
1276 2092 1355 2152 ὧν
1414 2101 1598 2166 ποθεῖς
1643 2105 1740 2158 καὶ

158 2177 350 2239 αἰτεῖς.
387 2179 533 2247 Πλὴν
564 2180 764 2243 ἱκανῶς
790 2182 903 2252 ἔχει
932 2185 999 2238 τὰ
1030 2189 1395 2258 γεγενημένα.
1431 2190 1601 2246 Τοῦτο
1630 2194 1739 2264 γὰρ

157 2268 252 2318 καὶ
273 2267 362 2322 διὰ
377 2270 484 2323 τῶν
513 2271 900 2339 προλαϐόντων
918 2278 1261 2347 γραμμάτων
1280 2280 1737 2358 ἀπελογησάμην.

157 2358 312 2428 Αὐτὴ
350 2360 410 2412 δὲ
460 2363 769 2419 τούναντίον
806 2367 1158 2438 προσέθηκας
1186 2371 1390 2441 μᾶλλον
1445 2375 1543 2430 τοῦ
1577 2378 1737 2431 ἐκδα-

156 2458 442 2511 πανᾶσθαι
477 2459 534 2511 ἐν
560 2463 624 2531 τῇ
659 2461 923 2517 ἐπιδόσει.
957 2464 1130 2520 Πόθεν
1183 2467 1238 2521 δὲ
1270 2471 1364 2523 xui.
1389 2471 1489 2525 οὐκ
1523 2474 1741 2543 ἐμέλλο-

159 2566 261 2619 μεν
301 2551 429 2618 ἄρτι
481 2553 848 2622 μνημονεύειν
885 2572 977 2608 σου
1013 2558 1116 2627 τῆς
1147 2560 1500 2630 θεοσεϐείαςς
1537 2567 1602 2618 ὲκ
1631 2566 1741 2622 τῶν

157 2641 550 2712 περιϐολαίων,
589 2645 652 2696 ὲκ
674 2643 769 2697 τοῦ
810 2646 956 2716 ἱεροῦ
977 2649 1350 2722 ἀναθήματος,
1385 2656 1448 2708 ὲκ
1473 2659 1570 2725 τῆς
1593 2657 1738 2728 βρώ-

157 2731 301 2796 σεώς
338 2751 398 2786 τε
447 2735 542 2787 καὶ
574 2735 806 2802 πόσεως,
846 2741 1181 2810 πανταχόθεν
1225 2745 1374 2814 ἡμᾶς
1421 2746 1738 2816 ὲξέστησας.

155 2825 258 2879 Διὰ
294 2826 455 2880 τοῦτο
479 2827 573 2881 καὶ
603 2828 755 2891 τέλος
784 2829 969 2895 ἐπίθες
995 2835 1109 2897 τοῖς
1135 2834 1329 2906 δώροις
1355 2852 1369 2866 ·
1397 2839 1490 2890 καὶ
1519 2837 1737 2904 εὔελπις

153 2917 250 2970 ἔσο
287 2920 416 2988 περὶ
454 2918 553 2988 τῆς
585 2918 732 2983 θείας
761 2922 1064 2992 ἀμείψεως.
1103 2927 1366 2998 Ἀψευδὴς
1386 2932 1494 2999 γὰρ
1523 2933 1550 2983 ό
1583 2932 1739 3001 είρη-

153 3008 293 3073 κὼς,
332 3010 425 3062 καὶ
450 3009 593 3079 ὑπὲρ
622 3009 829 3082 ψυχροῦ
862 3016 1124 3087 ποτηρίου
1154 3018 1380 3087 μισθοὺς
1403 3022 1735 3076 ἀποδιδόναι.

153 3101 466 3154 Λυπεῖσθαι
498 3101 554 3154 δὲ
603 3103 768 3175 φαίης
790 3106 845 3159 ὲν
878 3109 940 3178 τῇ
979 3109 1216 3177 φροντίδι
1243 3110 1334 3162 τοῦ
1358 3111 1549 3164 τέκνου
1572 3152 1586 3176 ,
1630 3115 1739 3168 ἀπ-

1911 1561 2172 1624 Putabam
2225 1564 2369 1619 diem
2413 1565 2614 1620 obiisse
2664 1566 2879 1622 beatam
2923 1576 3151 1621 matrem
3188 1582 3404 1635 meam;

1840 1651 1931 1706 illa
1960 1669 2090 1708 vero
2122 1656 2302 1711 adhuc
2345 1657 2398 1710 in
2434 1666 2574 1712 terra
2601 1667 2702 1723 est,
2739 1667 2798 1712 ut
2825 1667 3068 1727 apparet.
3098 1657 3237 1722 Quid
3262 1659 3409 1713 enim

1840 1741 2049 1798 factura
2082 1753 2198 1798 erat
2228 1747 2483 1815 amplius,
2529 1760 2690 1817 quam
2737 1757 2793 1802 tu
2840 1763 2965 1818 erga
3011 1762 3098 1802 me
3151 1747 3410 1802 humilem

1843 1843 2090 1888 materna
2125 1836 2490 1892 sollicitudine
2534 1846 2654 1893 acta
2699 1839 2880 1894 facis?
2929 1839 3125 1894 Verum
3169 1841 3268 1895 etsi
3311 1855 3412 1910 ego

1842 1935 2116 1995 peccator,
2143 1928 2359 1983 conﬁdo
2390 1937 2569 1985 tamen
2601 1930 2659 1984 in
2692 1929 2949 1998 Domino,
2982 1932 3279 1987 relaturum
3311 1931 3408 1986 tibi

1840 2030 1942 2086 pro
1974 2015 2296 2088 indignitate
2328 2033 2445 2072 mea
2499 2018 2724 2088 gratiam
2760 2035 2869 2074 non
2905 2021 3101 2083 levem,
3129 2036 3194 2076 ac
3219 2036 3410 2076 eorum

1840 2121 1962 2176 qua:
1988 2107 2140 2177 cupis
2157 2117 2211 2163 et
2224 2108 2433 2178 expetis
2455 2109 2819 2178 adeptionem.
2851 2110 3115 2166 Caaterum
3139 2111 3412 2167 suﬁiciunt

1840 2211 1959 2265 qua:
1987 2197 2127 2251 facta
2152 2206 2302 2252 sunt.
2331 2195 2442 2253 Hoc
2485 2199 2634 2252 enim
2663 2200 3032 2269 superioribus
3076 2215 3291 2270 quoque
3325 2200 3412 2256 lit-

1842 2287 1974 2341 teris
2001 2287 2278 2356 respondi.
2302 2289 2371 2342 At
2401 2296 2458 2341 tu
2497 2296 2687 2342 contra
2729 2289 2975 2358 adjecisti
3005 2290 3187 2359 potius
3210 2299 3270 2344 ut
3298 2291 3411 2344 lar-

1839 2374 2102 2445 gitionum
2137 2384 2386 2444 sumptus
2410 2390 2657 2446 augeres.
2684 2377 2967 2432 Undenam
2991 2379 3135 2432 enim
3164 2388 3410 2448 poteram

1841 2482 1990 2520 nunc
2034 2467 2193 2522 etiam
2225 2467 2442 2536 pietatis
2473 2475 2578 2523 tua;
2607 2483 2717 2523 non
2748 2469 3060 2525 meminisse
3087 2474 3110 2524 τ
3139 2470 3216 2526 Ex
3242 2472 3410 2527 vesti-

1841 2555 2061 2623 mentis,
2093 2570 2160 2609 ex
2195 2570 2351 2610 sacro
2378 2555 2627 2624 denario,
2659 2574 2724 2613 ex
2755 2559 2876 2614 cibo
2906 2570 2962 2614 et
2985 2572 3137 2630 potu,
3173 2563 3412 2633 undique

1846 2655 2124 2715 stuporem
2153 2645 2310 2700 nobis
2343 2646 2598 2716 injecisti.
2619 2647 2978 2714 Quamobrem
3006 2652 3166 2706 linem
3194 2655 3410 2709 tandem

1841 2735 2162 2790 muneribus
2179 2735 2398 2805 impone
2419 2753 2435 2803 ;
2460 2748 2514 2790 et
2535 2737 2602 2792 de
2622 2738 2801 2792 divina
2842 2740 3198 2796 retributione
3218 2757 3410 2797 secura

1838 2834 1975 2880 esto.
2030 2825 2201 2880 Verax
2240 2825 2387 2879 enim
2421 2834 2506 2880 est
2555 2827 2646 2895 qui
2680 2829 2834 2893 dixit,
2867 2829 3030 2884 etiam
3075 2847 3172 2901 pro
3206 2830 3413 2903 frigida:

1839 2917 2035 2988 poculo
2075 2918 2382 2971 mercedem
2406 2932 2464 2972 se
2508 2918 2843 2973 redditurum
2871 2920 2936 2974 δ’.
2988 2920 3212 2976 Tristari
3246 2923 3326 2978 ais
3357 2933 3413 2977 te

1837 3009 1906 3062 ob
1937 3008 2003 3063 de
2033 3007 2143 3062 ﬁlio
2174 3008 2615 3076 sollicitudinem,
2645 3025 2766 3080 quae
2793 3010 2884 3065 tibi
2927 3012 2992 3066 ad
3021 3023 3411 3084 congruentem

1839 3101 2038 3156 anima:
2077 3116 2263 3156 curam
2292 3101 2464 3156 otium
2495 3116 2604 3155 non
2655 3102 2936 3172 permittit.
2965 3104 3034 3158 At
3059 3113 3236 3174 potest
3270 3105 3411 3160 Deus

155 3193 424 3264 ασχολίαν
447 3195 751 3268 ὲμποιούσῃ
784 3215 865 3250 σοι
895 3199 996 3267 τῆς
1021 3199 1249 3270 δεούσης
1278 3203 1405 3270 περὶ
1433 3203 1532 3274 τὴν
1559 3205 1737 3277 ψυχὴν

1841 3203 1894 3250 et
1921 3195 2118 3266 egregii
2155 3193 2246 3247 ﬁlii
2280 3208 2366 3249 res
2394 3194 2496 3248 rite
2527 3195 2862 3264 dispensare,
2889 3205 2945 3250 et
2986 3203 3046 3249 ut
3077 3196 3272 3252 anima:
3302 3197 3412 3252 uti.

158 3285 460 3355 μερίμνης.
512 3287 622 3339 Καὶ
669 3288 892 3351 δυνατὸς
920 3290 949 3340 ό
1004 3290 1135 3354 Θεὸς
1175 3293 1269 3344 καὶ
1312 3292 1409 3363 τὴν
1442 3295 1534 3348 τοῦ
1571 3297 1736 3351 καλοῦ

1841 3288 1908 3341 lia
1943 3287 1997 3340 in
2025 3287 2282 3341 omnibus
2328 3287 2664 3342 consecteris
2692 3286 2926 3352 ellicere,
2957 3297 3220 3357 utparato
3247 3289 3412 3344 corde

155 3373 356 3426 τέκνου
415 3375 682 3447 διοίκησιν
727 3379 1168 3450 ἀπεργάσασθαι,
1215 3383 1309 3435 καὶ
1356 3383 1415 3436 σὲ
1459 3386 1553 3438 ἐπὶ
1597 3387 1732 3440 πᾶσι

1841 3380 2087 3450 corporis
2155 3380 2359 3435 exitum
2423 3379 2756 3449 praestolere.
2813 3379 3070 3450 Jejunare
3127 3390 3310 3436 autem
3357 3391 3414 3435 et

160 3465 369 3534 σχολὴν
401 3467 559 3534 ἄγειν
597 3470 857 3540 περὶτῶν
887 3471 1223 3542 ψυχωφελῶν
1253 3479 1733 3548 καταστήσασθαι·

157 3555 238 3618 ὡς
261 3555 459 3628 ἑτοίμη
481 3562 680 3631 καρδίᾳ
711 3562 843 3632 πρὸς
874 3564 971 3633 τὴν
999 3563 1176 3628 ἔξοδον
1202 3567 1294 3618 τοῦ
1323 3565 1576 3636 σώματος
1603 3587 1740 3638 παρ-

160 3650 444 3705 ίστασθαι.
501 3653 805 3722 Νηστεύειν
826 3655 882 3707 δὲ
912 3655 1004 3708 καὶ
1028 3655 1491 3727 ταλαιπωρεῖσθαι
1515 3698 1530 3724 ,
1579 3659 1739 3731 σῶμα

158 3741 367 3812 ἔχουσα
388 3744 610 3814 νοσερὸν
631 3745 690 3797 οὐ
717 3744 850 3814 δύνῃ
867 3760 881 3774 ’
902 3745 1002 3797 κᾶν
1030 3745 1202 3816 τούτῳ
1223 3745 1283 3812 [Ι.
1314 3748 1497 3822 τοῦτο]
1517 3751 1740 3816 ἀλύπως

159 3836 324 3907 φέρε,
373 3837 443 3890 τὰ
495 3837 699 3890 δυνατά
755 3836 1063 3890 είσοίσουσα
1125 3840 1201 3910 τῷ
1258 3841 1468 3913 Κυρίῳ,
1506 3843 1603 3896 καὶ
1659 3843 1740 3915 τῷ

163 3927 506 3996 πλεονασμῷ
562 3929 662 3997 τῆς
703 3930 1208 4000 ταπεινοφροσύνης
1235 3931 1296 3984 τὸ
1328 3934 1392 3985 ὲκ
1421 3933 1518 4003 τῆς
1567 3935 1741 4005 ἀσκή-

162 4035 306 4082 σεως
338 4019 520 4072 ὲνδέον
570 4017 980 4089 ἀναπληροῦσα.
1037 4021 1444 4092 Προσεύχεσθαι
1500 4024 1558 4078 δὲ
1592 4026 1741 4088 ὅπως

163 4127 225 4163 σε
261 4111 389 4179 χρὴ,
415 4108 697 4178 ἐπιζητεῖς
734 4109 1136 4181 ἐκδιδαχθῆναι.
1186 4113 1296 4165 Καὶ
1343 4114 1500 4168 τοῦτο
1533 4115 1741 4178 αὑτὸςό

162 4201 376 4270 Κύριος
405 4199 678 4266 ὲξεδίδιξε
702 4201 790 4254 διὰ
821 4203 917 4272 τῆς
947 4200 1065 4266 τοῦ,
1092 4202 1284 4283 Πάτερ
1312 4202 1503 4272 ἡμῶν,
1535 4206 1741 4274 ἐπιφω-

163 4295 404 4363 νήσεως,
434 4294 530 4346 καὶ
558 4293 651 4346 τοῦ
682 4293 850 4364 μηδὲν
874 4296 1045 4348 αἰτεῖν
1080 4293 1438 4366 πρόσκαιρον,
1467 4296 1603 4349 άλλά
1640 4297 1739 4367 τὴν

163 4385 450 4453 βασιλείαν
474 4384 778 4450 uti-toﬁ,qu
824 4388 921 4455 τὴν
968 4385 1316 4456 δικαιοσύνην
1358 4389 1456 4457 τὴν
1499 4386 1735 4443 αἰώνιον.

162 4482 317 4552 Πλὴν
355 4483 439 4536 ὅτι
491 4483 802 4536 τετύπωται
837 4482 942 4535 ὑπὸ
980 4482 1083 4536 τῶν
1117 4483 1388 4554 πατέρων,
1445 4483 1662 4554 πρῶτον
1704 4486 1737 4554 ἡ

1839 3473 2050 3526 labores
2081 3471 2189 3540 pati
2213 3511 2228 3536 ,
2273 3485 2396 3524 cum
2421 3471 2673 3524 morboso
2700 3469 2774 3523 sis
2797 3485 3043 3540 corpore,
3073 3468 3182 3526 non
3208 3481 3362 3542 potes
3394 3490 3409 3526 :

1837 3564 2022 3617 ethoc
2064 3563 2240 3632 ipsum
2275 3577 2430 3631 equo
2458 3562 2538 3616 fer
2571 3561 2784 3626 animo,
2829 3577 2948 3630 quae
2993 3572 3149 3632 potes
3177 3564 3414 3619 offerens

1833 3654 2086 3718 Domino,
2108 3654 2471 3725 supplensque
2495 3652 2814 3708 humilitatis
2834 3654 3164 3708 abundantia
3194 3655 3244 3709 id
3267 3657 3414 3725 quod

1839 3749 1992 3804 deest
2039 3745 2437 3802 exercitationi.
2483 3743 2652 3801 Orare
2724 3760 2891 3816 porro
2958 3745 3412 3816 quemadmodum

1839 3841 2058 3902 debeas.
2100 3838 2279 3894 doceri
2316 3837 2547 3907 expetis.
2578 3837 2694 3891 Hoc
2721 3852 2939 3906 quoque
2987 3836 3247 3894 Dominus
3297 3839 3414 3909 ipse

1838 3934 2056 3990 edocuit
2089 3947 2186 4002 per
2212 3929 2628 3993 invocationem,
2667 3927 2832 3984 Pater
2862 3938 3036 3982 noster
3057 3930 3102 3960 δ’
3128 3945 3143 3996 ;
3170 3939 3226 3986 et
3250 3930 3416 3986 cadu-

1838 4040 1961 4080 cum
1991 4023 2127 4078 nihil
2158 4021 2451 4092 petendum
2499 4020 2820 4082 admonens,
2860 4021 2953 4075 sed
2986 4035 3213 4092 regnum
3247 4022 3417 4092 ipsius

1839 4125 1896 4172 et
1920 4115 2186 4186 justitiam
2217 4113 2629 4182 sempiternam.
2655 4110 3022 4180 Praeterquam
3071 4112 3214 4182 quod
3244 4127 3274 4166 a
3310 4112 3415 4168 Pa-

1839 4208 2017 4263 tribus
2045 4205 2362 4276 praescripta
2384 4212 2468 4257 est
2507 4203 2744 4272 primum
2786 4203 3079 4274 gratiarum
3122 4205 3264 4259 actio
3290 4220 3416 4276 erga

1843 4298 2009 4353 Deum
2046 4295 2281 4363 ;deinde
2319 4302 2666 4363 peccatorum
2690 4293 2835 4362 apud
2872 4293 3049 4363 ipsum
3094 4295 3412 4362 confessio;

1838 4395 2019 4443 actum
2036 4385 2252 4440 demum
2270 4383 2581 4454 postulatio,
2596 4391 2707 4436 tum
2722 4383 2786 4438 ad
2805 4398 2992 4438 eorum
3011 4385 3412 4452 remissionem,

1841 4490 1954 4536 tum
1973 4478 2040 4534 ad
2072 4484 2387 4533 exterarum
2415 4475 2729 4532 salutarium
2751 4491 2934 4531 rerum
2958 4477 3411 4546 impetrationem.

164 4578 247 4639 είς
315 4575 450 4628 Θεὸν
489 4575 806 4645 εὐχαριστία
861 4590 875 4603 ·
925 4574 1115 4626 ἔπειτα
1158 4577 1190 4645 ἡ
1235 4576 1344 4628 τῶν
1399 4575 1811 4646 ἁμαρτημάτων
1850 4575 1988 4644 πρὸς
2039 4572 2202 4627 αὐτὸν
2261 4570 2644 4642 ἑξαγόρευσις⁶
2700 4569 2795 4622 καὶ
2831 4567 2972 4622 οὕτω
3000 4571 3034 4640 ὴ
3069 4570 3286 4641 αῐτησις
3312 4573 3414 4643 τῆς

162 4667 348 4721 αὐτῶν
370 4666 638 4734 ἀφέσεως,
697 4666 790 4719 καὶ
840 4665 940 4733 τῆς
994 4666 1101 4718 τῶν
1145 4667 1316 4720 ἄλλων
1369 4666 1726 4738 σωτηριωδῶν
1758 4667 1975 4738 τρόπων
2002 4662 2348 4726 ὲπιτεύξεως.

236 4758 357 4811 Ἐπ’
390 4758 456 4810 ἂν
489 4753 582 4810 οὖν
625 4755 824 4827 μέλλῃς
857 4756 1275 4826 προσεύχεσθαι,
1318 4758 1631 4828 εὐχαρίστει
1663 4756 1738 4828 τῷ

1913 4755 2046 4811 Cum
2078 4752 2244 4824 igitur
2266 4760 2486 4807 oratura
2513 4765 2594 4815 es,
2624 4749 2824 4819 gratias
2856 4763 2955 4818 age
2991 4747 3241 4815 Domino,
3266 4751 3412 4821 quod

163 4849 362 4918 Κυρίῳ
390 4848 486 4900 καὶ
513 4848 779 4918 Δεσπότῃ,
807 4849 888 4900 ὅτι
916 4849 979 4899 ὲκ
1001 4847 1094 4898 τοῦ
1125 4849 1197 4917 μὴ
1222 4848 1374 4911 ὄντος
1407 4850 1484 4910 εἰς
1510 4847 1571 4900 τὸ
1602 4842 1741 4901 εἶναι

164 4938 465 5007 παρήγαγε
499 4954 558 4990 σε
578 4954 590 4966 ·
627 4939 709 4991 ὅτι
731 4936 1074 5008 ὲλυτρώσατό
1105 4953 1162 4989 σε
1197 4940 1260 4990 ἐκ
1287 4938 1470 5007 πάσης
1498 4937 1737 5007 πλάνης·

163 5029 406 5089 καλέσας
434 5027 529 5081 καὶ
577 5028 818 5094 ἀξιώσας
848 5029 945 5097 τῆς
975 5027 1170 5080 ἑαυτοῦ
1200 5029 1549 5096 ἐπιγνώσεως
1585 5028 1742 5097 μέτο-

165 5134 264 5186 χον
296 5117 572 5184 γενέσθαι,
626 5117 833 5186 πλάνης
884 5116 1126 5186 ὲθνικῆς,
1180 5117 1388 5187 πλάνης
1433 5117 1739 5187 αίρετικῆς·

166 5203 288 5260 εἶτα
314 5210 396 5262 ὅτι
424 5207 516 5259 καὶ
545 5206 639 5260 τοῦ
663 5207 950 5278 μοναδικοῦ
992 5210 1086 5261 καὶ
1117 5208 1403 5275 ίσαγγέλου
1441 5207 1556 5276 βίου
1591 5208 1742 5269 ἐντός

169 5316 227 5351 σε
261 5297 678 5369 παρεσκεύασεν
731 5298 967 5369 ὑπάρξαι
1004 5300 1142 5369 μετά
1171 5299 1268 5368 τὴν
1297 5297 1390 5351 τοῦ
1421 5299 1737 5351 κοινωνικοῦ

170 5389 289 5457 βίου
325 5390 625 5443 ἀπόλαυσιν
647 5407 660 5419 ·
685 5383 758 5443 ὧν
792 5391 826 5460 ὴ
851 5391 1028 5444 ἔννοια
1053 5391 1212 5460 ἱκανὴ
1237 5389 1622 5460 καταμαλάξαι
1641 5389 1738 5459 τὴν

167 5481 347 5550 ψυχὴν
375 5481 514 5550 πρὸς
540 5481 833 5546 κατάνυξιν
865 5483 958 5536 καὶ
981 5482 1230 5554 δακρύων
1258 5481 1587 5554 προσὸολήν.
1618 5480 1738 5549 Ἀφ’

169 5565 242 5625 ὧν
275 5574 558 5645 φωτισμὸς
578 5574 827 5645 καρδίας,
852 5576 1128 5646 γλυκύτης
1176 5575 1507 5645 πνεύματος,
1546 5573 1739 5626 ἐπιθυ-

175 5664 273 5729 μία
301 5664 462 5720 Θεοῦ.
497 5663 713 5734 Ταύτης
734 5667 1152 5737 ἐνυπαρχούσης
1192 5668 1260 5737 τῇ
1307 5665 1527 5736 καρδίᾳ,
1561 5664 1741 5732 πάσης

175 5755 374 5818 κακίας
405 5756 554 5808 ἐστὶν
582 5756 844 5829 ἀποϐολή.
864 5758 1026 5812 Ὅταν
1044 5759 1214 5821 οὓτως
1241 5756 1589 5829 εὐχαριστίας
1611 5758 1744 5810 ἀναο

178 5843 398 5915 πέμψῃς
430 5845 507 5916 τῷ
538 5845 680 5916 Θεῷ,
708 5847 999 5919 ὲξαγόρευε
1028 5847 1177 5918 αὐτῷ
1206 5847 1460 5916 λέγουσαο
1489 5847 1558 5898 Συ
1576 5843 1740 5912 οἶδας,

1838 4860 1904 4900 ex
1935 4843 2106 4898 nihilo
2153 4851 2211 4897 ut
2252 4857 2400 4896 esses
2429 4849 2478 4895 te
2523 4839 2776 4910 produxit
2812 4857 2825 4892 :
2863 4840 3008 4908 quod
3057 4841 3124 4895 ab
3157 4841 3305 4895 omni
3355 4851 3411 4896 te

1839 4951 2026 4992 errore
2093 4934 2366 4998 liberavit,
2419 4946 2622 4986 vocans
2677 4939 2729 4985 te
2779 4940 2835 4986 et
2892 4931 2974 4985 sui
3048 4931 3413 5001 cognitionem

1840 5027 2179 5097 impertiens,
2229 5025 2296 5078 ab
2328 5038 2514 5078 errore
2556 5022 2761 5093 gentili,
2801 5022 2869 5075 ab
2912 5036 3099 5077 errore
3134 5023 3411 5078 han-elice.

1845 5117 2047 5171 Deinde
2093 5114 2236 5185 quod
2285 5114 2353 5168 ad
2392 5111 2746 5166 monasticam
2791 5112 3162 5181 aequalemque
3205 5112 3414 5183 angelis

1843 5210 2007 5266 vitam
2060 5217 2132 5271 te,
2187 5215 2306 5275 post
2351 5203 2625 5258 saecularis
2673 5202 2796 5257 vitae
2845 5201 3088 5267 delicias,
3118 5202 3411 5258 revocavit.

1845 5300 2086 5367 Quorum
2113 5297 2368 5369 cogitatio
2399 5295 2510 5365 ipsa
2547 5294 2739 5348 idonea
2771 5303 2850 5348 est
2893 5301 2951 5347 ut
2975 5293 3212 5346 animam
3240 5292 3413 5347 emol-

1844 5393 1939 5446 liat
1977 5390 2045 5444 ad
2097 5388 2570 5457 compunctionem
2621 5387 3087 5454 lacrymarumque
3142 5382 3414 5453 profusio-

1844 5499 2008 5547 nem;
2045 5497 2108 5536 ex
2150 5480 2345 5549 quibus
2377 5478 2558 5533 cordis
2607 5477 2948 5541 illuminatio,
2985 5475 3221 5530 suavitas
3252 5473 3414 5543 spiri-

1844 5584 1950 5640 tus,
2015 5572 2107 5627 Dei
2161 5570 2507 5625 desiderium.
2574 5567 2746 5638 Hnjus
2797 5568 2852 5621 in
2891 5567 3054 5621 corde
3099 5565 3409 5636 praesentia,

1847 5665 2088 5720 omnium
2121 5662 2372 5716 vitiorum
2399 5669 2482 5714 est
2503 5657 2822 5729 proﬁigatio.
2857 5657 2993 5711 Cum
3021 5657 3086 5711 ad
3119 5657 3265 5710 hunc
3291 5669 3410 5708 mo-

1846 5755 1974 5810 dum
2023 5751 2220 5823 gratias
2272 5751 2443 5822 egeris
2489 5749 2620 5813 Deo,
2655 5747 2914 5802 conﬁtere
2947 5747 3023 5800 illi
3054 5746 3279 5800 dicens:
3323 5741 3405 5797 Tu

1848 5843 2009 5908 nosti,
2057 5841 2305 5905 Domine,
2337 5855 2498 5909 quam
2527 5840 2697 5894 multa
2722 5839 2816 5894 tibi
2850 5837 3139 5908 peccarim,
3167 5843 3221 5890 et
3247 5850 3407 5903 quam
