3914 6474
559 357 698 423 1063

1723 371 1782 431 S.
1823 369 2217 433 THEODORI
2259 370 2611 432 STUDIT/E

3646 373 3761 437 1064

554 473 723 527 multa
754 485 974 541 peccem
1001 471 1055 527 in
1102 473 1289 540 boras,
1333 475 1501 532 hocce
1529 488 1834 549 peccatum,
1865 491 1921 536 et
1954 482 2114 540 hocce

2221 479 2489 543 Δέσποτα,
2521 481 2621 534 ὅσα
2656 496 2740 533 σοι
2766 481 3014 551 ἥμαρτον
3035 496 3047 511 ο
3075 480 3168 535 xui
3210 481 3309 536 ὅσα
3336 481 3638 553 ἁμαρτάνω
3663 486 3768 538 καθ’

552 564 810 619 delictum
846 582 859 618 :
891 574 946 619 et
977 580 1099 635 qua:
1144 566 1255 621 scis
1294 581 1523 638 quaeque
1550 568 1765 641 ignoras
1794 568 2119 643 recogftans,

554 656 651 712 sed
681 656 772 711 illa
790 666 993 713 temere
1024 673 1134 713 non
1161 659 1426 725 recolens,
1443 676 1564 731 quae
1591 676 1847 732 expressa
1870 665 2122 719 recorda-

566 760 713 804 tione
738 748 973 804 animam
1002 749 1226 805 ledunt.
1250 749 1317 805 Et
1341 751 1469 805 binc
1493 752 1587 807 tibi
1606 752 1925 810 humilitatis
1952 756 2122 824 gratia

550 840 829 895 exorietur
872 856 995 897 eum
1040 842 1219 898 cordis
1251 843 1599 910 contritione,
1631 854 1887 916 metuque
1925 847 2123 902 divinae

554 931 829 987 vindictae.
880 930 1007 987 Post
1050 932 1169 987 haec
1199 933 1433 1002 postula,
1464 934 1680 1006 plange,
1709 951 1801 990 ora
1832 936 2122 1005 Dominum

556 1029 707 1075 tuum
735 1022 1050 1092 proborum
1068 1023 1408 1089 remissione,
1437 1038 1536 1093 pro
1555 1024 1770 1091 virium,
1788 1035 1845 1080 ut
1869 1025 1943 1079 illi
1969 1026 2125 1080 dein-

553 1128 684 1183 ceps
714 1114 946 1184 placeas.
977 1113 1427 1181 confirmatione;
1457 1114 1645 1170 dicens
1675 1133 1688 1170 :
1718 1116 1835 1170 Non
1867 1117 2121 1187 amplius,

554 1203 781 1259 Domine
809 1204 901 1267 mi,
928 1205 1176 1266 Domine.
1208 1204 1430 1260 irritabo
1458 1210 1676 1261 te':non
1708 1209 1943 1278 amplius
1962 1208 2123 1277 quid-

552 1312 713 1365 quam
744 1297 1065 1353 desiderabo
1086 1307 1283 1368 pratter
1312 1307 1363 1353 te
1388 1299 1477 1368 qui
1509 1314 1636 1354 vere
1652 1316 1711 1354 es
1735 1300 1997 1354 amabilis.
2036 1299 2120 1366 Et,

552 1389 599 1442 si
643 1388 913 1443 offendam
966 1405 1203 1451 rursum.
1234 1391 1462 1460 supplex
1514 1390 1583 1445 fio
1635 1391 1938 1447 visceribus
1990 1391 2119 1456 tuis,

555 1488 616 1533 ut
676 1479 809 1534 mihi
842 1480 1005 1535 robur
1038 1480 1216 1545 detur,
1265 1497 1374 1549 quo
1418 1482 1510 1537 tibi
1541 1482 1749 1551 placere
1787 1497 2121 1539 assuescam.

557 1568 612 1623 Si
640 1569 770 1639 quid
793 1570 939 1625 aliud
968 1570 1152 1626 animo
1183 1571 1277 1627 tibi
1303 1580 1557 1627 occurret
1588 1572 1788 1626 bonum
1822 1572 1965 1642 quod
1994 1586 2120 1644 aga-

2224 571 2460 640 ἑκάστην
2485 569 2634 640 ὦραν
2655 587 2669 603 ο
2702 569 2877 640 τήνδε
2897 570 2998 640 τὴν
3025 570 3326 641 ἁμαρτίαν,
3353 574 3447 625 xui
3488 574 3644 643 τήνδε
3684 577 3769 645 τὴν

2223 661 2603 732 πλημμέλειαν
2624 679 2639 693 ·
2671 661 2765 715 xui
2791 660 2861 714 τά
2885 663 2943 713 ὲν
2966 661 3167 729 γνώσει
3198 662 3293 716 xui
3315 663 3510 734 ἀγνοίᾳ
3542 665 3770 734 ἀναλογι-

2222 754 2445 825 ζομένη.
2482 755 2628 825 Πλὴν
2662 756 2736 827 μὴ
2787 754 3142 825 ἀνιστοροῦσα
3190 754 3265 818 ὡς
3294 754 3457 825 ἔτυχε
3483 757 3551 809 τά
3584 755 3769 827 βλάϐην

2222 848 2287 900 ὲκ
2314 846 2415 915 τῆς
2440 846 2703 915 ἐναργοῦς
2730 846 3093 918 ὑπομνήσεως
3135 844 3472 917 ἐμποιοῦντα
3512 851 3580 919 τῇ
3618 848 3768 919 ψυχῇ.

2223 938 2535 992 Κάντεῦθεν
2584 936 2835 991 ἀνατελεϊ
2881 953 2963 991 σοι
3032 938 3537 1009 ταπεινοφροσύνης
3606 942 3770 1011 χάρις,

2226 1028 2365 1097 μετά
2390 1028 2732 1101 συντριμμοῦ
2758 1028 3008 1100 καρδίας,
3045 1029 3138 1081 xui
3159 1028 3325 1096 φόϐου
3381 1030 3773 1093 ἀνταποδόσεως

2222 1118 2377 1172 Θεοῦ.
2441 1118 2599 1172 Μετά
2646 1118 2805 1172 τοῦτο
2849 1118 3098 1188 αἴτησον,
3134 1118 3411 1184 στέναξον,
3444 1120 3668 1192 δεήθητι
3692 1119 3773 1172 τοῦ

2222 1210 2428 1280 Κυρίου
2457 1225 2549 1261 σου
2581 1209 2682 1279 τὴν
2705 1210 2909 1263 τούτων
2941 1208 3156 1277 ἁφεσιν,
3181 1209 3282 1279 τὴν
3324 1211 3462 1281 πρὸς
3509 1212 3571 1265 τὸ
3602 1212 3776 1282 μέλᾶων

2223 1301 2360 1372 πρὸς
2402 1301 2460 1353 τὸ
2492 1302 2807 1368 εὐαρεστεῖν
2857 1299 3006 1370 αύτῷ
3053 1301 3465 1369 ὲνδυνάμωσιν’
3514 1302 3771 1371 λέγουσα·

2222 1391 2440 1454 Οὐκέτι,
2467 1389 2640 1460 Κύριέ
2661 1407 2785 1459 μου,
2809 1388 3003 1459 Κύριε,
3034 1390 3351 1460 παροργίζω
3374 1389 3774 1465 [Γ.παροργίσω]

2224 1497 2305 1545 σε,
2332 1480 2517 1534 οὐκέτι
2548 1481 2760 1550 φιλήσω
2787 1479 2917 1534 ἀλλο
2948 1498 3003 1534 τι
3035 1479 3184 1550 παρά
3216 1480 3275 1533 σὲ
3304 1482 3395 1534 τὸν
3436 1482 3606 1543 ὅντως
3652 1484 3776 1550 ἀγα-

2220 1570 2426 1639 πητόν⁶
2459 1569 2561 1624 κάν
2578 1586 2635 1623 τε
2669 1570 3199 1641 παροργίσωπάλιν,
3230 1572 3653 1643 προσπίπτουσα
3674 1575 3779 1641 εἰμι

554 1672 665 1724 tur,
705 1662 952 1732 impense
992 1664 1291 1732 postulans.
1327 1663 1423 1718 His
1456 1664 1611 1730 actis,
1638 1664 1827 1719 invoca
1878 1675 2114 1720 sanctam

2219 1666 2331 1726 τοῖς
2365 1664 2671 1734 οίκτιρμοίς
2701 1679 2815 1725 σου,
2869 1661 3089 1731 δοθῆναί
3124 1679 3215 1733 μοι
3247 1664 3400 1734 ἰσχὺν
3446 1666 3504 1716 έν
3556 1664 3667 1730 ἕξει
3699 1681 3779 1732 γε·

547 1749 859 1825 Deiparam,
898 1765 956 1811 ut
1005 1757 1081 1811 tui
1116 1757 1459 1823 misereatur,
1511 1767 1729 1813 sanctos
1775 1759 2014 1831 angelos,
2065 1768 2114 1815 et

2221 1754 2409 1808 νέσθαι
2445 1754 2538 1807 τοῦ
2566 1755 2883 1823 εὐαρεστεῖν
2916 1770 3018 1808 σοι.
3043 1753 3110 1807 Et
3130 1771 3184 1833 τι
3212 1754 3341 1808 ἀλλο
3368 1755 3508 1807 κατά
3530 1761 3540 1769 ’
3560 1756 3683 1808 νοῦδ
3704 1771 3777 1807 σοι

549 1865 711 1919 quem
739 1850 862 1903 vitae
895 1858 998 1905 tua
1044 1850 1327 1904 custodem
1359 1850 1527 1905 habes
1554 1850 1825 1920 angelum,
1852 1859 1911 1905 ut
1940 1858 1993 1905 te
2019 1866 2114 1906 cu-

2222 1846 2552 1918 παρίσταται
2575 1846 2873 1916 ἀνυσθῆναι
2917 1844 3137 1913 ἀγαθὸν,
3198 1845 3419 1915 θερμῶς
3468 1846 3776 1915 αἰτουμένη.

548 1939 745 1994 stodiat
761 1948 816 1994 et
838 1949 1114 2011 protegat:
1138 1940 1555 2006 Praecursorem,
1584 1941 1879 2011 apostolos,
1902 1950 2114 1997 sanctos

2219 1939 2329 1992 Kui
2357 1938 2495 2009 μετά
2519 1937 2689 1991 ταῦτα
2706 1936 2966 1990 ὲπικαλοῦ
2982 1937 3080 2003 τὴν
3097 1936 3258 2004 ἁγίαν
3279 1936 3541 1989 Θεοτόκον
3573 1937 3778 2007 ἐλεῆσαί

547 2044 759 2095 omnes,
786 2038 841 2083 et
878 2044 1014 2099 quos
1060 2028 1331 2099 przecipue
1378 2029 1631 2085 invocare
1671 2032 2026 2097 consuevisti,
2064 2041 2114 2088 et

2220 2046 2278 2083 σε
2304 2045 2317 2060 ·
2341 2030 2469 2090 τοὺς
2492 2029 2682 2096 ἁγίους
2702 2028 2988 2096 ἀγγέλους,
3024 2029 3117 2081 xui
3142 2028 3199 2081 ὃν
3228 2028 3369 2098 ἔχεις
3393 2029 3494 2099 τῆς
3523 2028 3667 2098 ζωῆς
3693 2047 3779 2082 σου

548 2120 697 2175 illum
731 2121 889 2190 cujus
939 2121 1198 2177 memoria
1228 2136 1296 2176 eo
1324 2122 1412 2176 die
1441 2122 1636 2193 agitur.
1663 2122 1789 2179 Haec
1806 2123 1967 2195 igitur
1993 2140 2118 2179 ora-

548 2213 714 2268 tionis
749 2212 857 2268 vim
890 2214 1092 2268 babere
1123 2213 1255 2268 mibi
1312 2214 1568 2269 videntur
1602 2232 1616 2281 ;
1676 2218 1888 2272 tametsi
1945 2232 2116 2272 unus-

545 2302 775 2373 quisque
817 2303 938 2358 aliis
979 2304 1161 2359 verbis
1207 2313 1263 2359 et
1289 2320 1399 2359 non
1449 2305 1642 2361 iisdem
1688 2322 1917 2376 prorsus
1940 2317 2110 2366 oret:

545 2396 981 2466 quandoquidem
1030 2411 1134 2451 nec
1181 2396 1299 2466 ipse
1341 2397 1431 2467 qui
1479 2407 1619 2463 orat,
1658 2399 1848 2454 eadem
1898 2415 2114 2470 semper

546 2485 785 2555 loquitur
820 2504 833 2553 ;
862 2488 945 2542 vis
970 2494 1151 2541 autem
1181 2487 1368 2542 eadem
1399 2488 1703 2543 necessaria
1732 2499 1815 2544 est
1838 2491 2109 2558 omnibus,

547 2584 608 2631 ut
631 2578 903 2632 existimo.
937 2577 1067 2633 Vale
1088 2579 1289 2647 itaque,
1313 2588 1676 2647 congruenter
1701 2594 1879 2644 orans,
1906 2588 1961 2633 et
1987 2596 2112 2649 pro-

545 2667 737 2722 ﬁciens
781 2683 1188 2739 usquequaque,
1245 2678 1517 2738 totamque
1563 2677 1617 2723 te
1662 2684 1759 2739 per
1803 2679 2107 2726 accuratam

544 2758 712 2814 vitam
744 2758 973 2815 Domino
996 2759 1299 2830 placentem
1331 2760 1552 2815 exhibe.

2218 2121 2436 2190 φύλακα
2485 2120 2753 2187 ἄγγελον·
2799 2118 2885 2171 ἴνα
2932 2134 2990 2171 σε
3023 2121 3232 2190 φρουρῇ
3284 2120 3379 2171 xui
3435 2120 3647 2190 σκέπῃ·
3697 2118 3780 2171 τὸν

2216 2212 2553 2283 Πρόδρομον,
2579 2210 2707 2274 τοὺς
2741 2210 3093 2273 ἀποστόλους,
3149 2210 3275 2273 τοὺς
3319 2209 3508 2278 ἁγίους
3557 2212 3777 2273 πάντας,

2216 2303 2319 2357 xui
2341 2301 2435 2366 οὓς
2462 2302 2604 2373 ἔχεις
2637 2300 2932 2372 ἐξαιρέτως
2955 2299 3202 2371 συνήθως
3255 2301 3663 2367 ἐπικαλεῖσθαι,
3689 2302 3779 2354 xui

2212 2394 2303 2448 τὸν
2325 2392 2465 2447 κατὰ
2510 2392 2607 2463 τὴν
2637 2392 2851 2464 ήμέραν
2903 2392 3396 2463 μνημονευόμενον.
3455 2393 3643 2447 Ταῦτα
3694 2391 3781 2447 οὖν

2218 2505 2308 2559 μοι
2358 2487 2511 2541 δοκεῖ
2540 2484 2684 2554 ἔχειν
2716 2484 2815 2553 τῆς
2856 2485 3167 2554 προσευχῆς
3217 2485 3316 2553 τὴν
3358 2485 3629 2554 δύναμιν*
3684 2486 3781 2538 κᾶν

2216 2579 2449 2640 ἕκαστος
2474 2575 2654 2637 ἄλλοις
2682 2573 2863 2642 λόγοις
2907 2575 3001 2626 xui
3046 2574 3167 2645 οὐχὶ
3215 2577 3329 2636 τοῖς
3360 2575 3544 2638 αὐτοῖς
3573 2577 3783 2637 πάντως

2215 2668 2584 2740 προσεύχηται
2603 2682 2618 2696 ο
2644 2666 2728 2719 ὅτι
2760 2664 2898 2734 μηδὲ
2952 2664 3113 2728 αὐτὸς
3156 2664 3333 2735 ἑαυτῷ
3362 2667 3390 2719 ό
3417 2666 3783 2736 προσευχόμε-

2214 2778 2305 2823 νος
2330 2758 2399 2812 τὰ
2426 2756 2566 2811 αύτά
2597 2754 2891 2824 φθέγγεται
2916 2754 3147 2809 πάντοτε
3169 2772 3180 2783 ·
3199 2756 3233 2825 ή
3251 2753 3309 2807 δὲ
3331 2753 3564 2827 δύναμις
3588 2758 3623 2827 ἡ
3647 2757 3779 2824 αύτὴ

543 2852 820 2921 ἀναγκαία
846 2854 979 2906 πᾶσι
1004 2852 1313 2921 λελόγισται
1346 2870 1456 2922 μοι.
1489 2852 1826 2923 Φυλαχθείης
1856 2849 1948 2908 οὖν
1974 2854 2383 2927 προσευχομένη
2414 2851 2483 2905 τά
2549 2849 2757 2912 δέοντα,
2818 2848 2914 2902 καὶ
2963 2847 3313 2919 βελτιουμένη
3337 2850 3621 2915 ἑκάστοτε,
3681 2854 3772 2906 καὶ

544 2945 678 3016 ὅλην
704 2946 903 3016 ἑαυτὴν
937 2947 1262 3017 παριστῶσα
1306 2944 1395 2998 διὰ
1422 2947 1521 3015 τῆς
1553 2947 1816 3017 ἀκριϐοῦς
1873 2947 2115 3019 βιώσεως
2151 2949 2491 3020 ἀρέσκουσαν
2522 2942 2599 3014 τῷ
2633 2942 2841 3014 Κυρίῳ.

696 3103 878 3161 XLIII.
910 3136 977 3146 —
997 3101 1223 3173 Joscpho
1253 3103 1411 3173 fratri
1443 3110 1494 3157 et
1524 3102 1937 3172 archiepiscopo.

2217 3099 2337 3155 ΜΓ.
2361 3128 2430 3139 ο-
2461 3095 2683 3166 Ἰωσὴφ
2712 3094 2951 3165 ἀδελφῷ
2972 3096 3070 3151 καὶ
3097 3097 3567 3166 ἀρχιεπισκόπῳ.
3590 3090 3775 3170 {plut}

1278 3215 1410 3265 Sede
1431 3213 1863 3266 Thessalonicensi
1885 3219 2144 3265 extrusum
2166 3209 2369 3262 solatur.
2408 3209 2605 3272 (Baron.
2634 3222 2716 3258 an.
2749 3207 2861 3269 809,
2887 3221 2939 3257 ο.
2963 3208 3068 3270 47.)

614 3323 685 3378 Et
716 3321 865 3393 prior
892 3318 1118 3389 epistola
1172 3318 1424 3371 fraternae
1455 3332 1518 3372 ac
1545 3326 1785 3387 paternae
1816 3325 1921 3371 tum
1954 3330 2110 3370 sanc-

2284 3310 2396 3365 Kui
2431 3311 2464 3380 ή
2500 3307 2693 3380 πρώτη
2719 3309 2976 3378 ἐπιστολὴ
3009 3310 3106 3379 τῆς
3130 3308 3428 3379 ἀδελφικῆς
3459 3311 3556 3364 καὶ
3594 3330 3787 3383 πατριο

548 3415 735 3479 titatis,
784 3410 996 3467 tametsi
1040 3407 1219 3463 brevis
1274 3421 1502 3461 numero
1559 3406 2123 3478 syllabarumzabun-

546 3507 708 3561 dabat
738 3518 916 3560 tamen
962 3501 1229 3573 allegorici
1263 3515 1456 3555 sensus
1493 3502 1685 3569 copia;
1722 3510 1777 3554 et
1811 3501 2079 3569 posterior
2100 3540 2114 3563 ,

544 3597 693 3653 omni
751 3596 975 3651 scientia
1026 3604 1188 3664 atque
1241 3591 1585 3655 humilitate,
1636 3590 1856 3643 unicum
1914 3589 2120 3646 habens

546 3685 1083 3756 reprehendendum,
1137 3695 1286 3735 meas
1325 3678 1556 3733 infelicis
1611 3679 1858 3749 indignas
1911 3679 2117 3733 laudes.

547 3778 659 3848 Ego
690 3794 817 3832 vero
882 3792 989 3830 non
1040 3789 1134 3843 per
1192 3770 1566 3841 antiphrasim,
1636 3770 1798 3835 absit,
1856 3770 1949 3827 sed
1993 3787 2119 3827 vere

550 3879 778 3933 prorsus
818 3863 903 3917 bis
959 3859 1295 3930 temporibus
1348 3860 1551 3913 nostris
1584 3859 1638 3913 in
1680 3860 2118 3930 arebiepiscopali

542 3954 800 4027 dignitate
818 3953 1031 4008 elucere
1058 3961 1108 4006 te
1131 3991 1146 4015 ,
1180 3959 1488 4005 sanctorum
1521 3948 1735 4004 Patrum
1769 3951 1958 4019 instar,
1983 3954 2117 4007 dixi.

544 4044 654 4099 Nec
679 4045 947 4107 aberrem,
988 4042 1032 4096 si
1066 4043 1368 4097 columnam
1397 4048 1449 4095 et
1478 4040 1888 4096 fundamentum
1932 4044 2117 4098 Eccle-

547 4135 643 4190 siae
708 4144 759 4189 te
792 4149 1004 4197 vocem,
1064 4132 1135 4186 mi
1194 4130 1360 4185 frater
1400 4129 1632 4201 egregie.
1683 4128 1938 4200 Quisquis
1969 4133 2116 4189 enim

545 4244 646 4298 pro
670 4228 899 4282 veritate
949 4228 1195 4282 decertat
1232 4236 1286 4279 et
1333 4224 1560 4295 patitur,
1603 4222 1850 4277 columen
1882 4226 2000 4295 ejus
2036 4234 2118 4279 est

544 4332 607 4371 ac
641 4314 934 4387 fastigium.
962 4316 1108 4371 Belle
1129 4330 1309 4373 autem
1332 4317 1703 4387 accidit,quod
1733 4317 2118 4387 quaterniones

546 4406 849 4477 inspexisti.
875 4405 1228 4463 Occasionem
1258 4410 1403 4464 enim
1437 4410 1667 4479 prmbuit
1694 4410 1845 4464 nobis
1873 4424 2116 4463 commo-

549 4500 707 4567 uitio,
743 4515 843 4556 seu
917 4502 1297 4570 potiusjussio
1329 4513 1440 4569 tua,
1494 4512 1554 4557 ut
1602 4504 1829 4571 hujusce
1866 4502 2115 4572 preposi-

548 4592 712 4646 tionis
762 4591 1137 4646 refutationem
1171 4593 1522 4663 aggrederer,
1574 4608 1736 4663 quam
1772 4606 1894 4645 cum
1948 4590 2067 4645 aliis
2095 4632 2110 4653 ,

2225 3402 2326 3474 κῆς
2365 3418 2460 3455 σου
2492 3400 2825 3471 ἁγιωσύνης,
2858 3401 2907 3451 εἰ
2937 3401 3031 3451 xui
3054 3399 3225 3469 μικρά
3246 3395 3314 3469 ἦν
3346 3399 3425 3469 τῷ
3454 3402 3650 3473 πλήθει
3678 3403 3785 3456 τῶν

2223 3494 2519 3577 συζλαόῶν,
2557 3492 2672 3546 ἀλλ’
2710 3486 2805 3544 οὖν
2857 3506 2922 3558 γε
2980 3490 3287 3559 ἀπήρτιστο
3340 3490 3420 3561 τῷ
3465 3492 3661 3546 πλάτει
3690 3494 3785 3563 τῆς

2220 3586 2593 3656 ἀλληγορικῆς
2624 3582 2882 3646 διανοίας.
2921 3581 3027 3634 Kui
3062 3582 3094 3651 ἡ
3130 3581 3392 3652 δευτέρα,
3418 3584 3602 3654 πάσης
3646 3585 3785 3653 γνὼ-

2221 3691 2360 3738 σεως
2420 3675 2514 3727 xui
2560 3672 2963 3733 ταπεινώσεως,
2992 3668 3050 3721 ἓν
3089 3668 3285 3740 ἔχουσα
3348 3669 3509 3737 μόνον
3563 3670 3783 3739 ψεκτὸν,

2218 3765 2345 3827 τοὺς
2408 3769 2537 3833 περὶ
2598 3762 2697 3831 ἐμὲ
2767 3761 2858 3814 τὸν
2919 3760 3150 3815 δείλαιον
3214 3759 3448 3825 ἀναξίως
3509 3762 3779 3826 ἐπαίνους.

2234 3854 2375 3922 Ἐγὼ
2403 3855 2458 3907 δὲ
2486 3855 2546 3907 ού
2582 3853 2702 3907 κατ’
2731 3853 3079 3922 ἀντίφρασιν,
3114 3851 3188 3924 μὴ
3213 3852 3442 3921 γένοιτο.
3493 3852 3637 3905 Ἀλλ’
3658 3854 3787 3924 ἀλη-

2219 3945 2359 4016 θείᾳ.
2396 3945 2673 4016 ἐκλάμψαι
2697 3962 2754 3999 σε
2785 3947 2842 3998 ὲν
2871 3947 2936 4016 τῇ
2958 3944 3083 3998 καθ’
3108 3946 3256 4016 ήμᾶς
3285 3946 3468 4017 γενεᾷ,
3498 3947 3555 3999 ὲν
3582 3945 3660 4016 τῷ
3688 3948 3786 4014 τῆς

2218 4035 2627 4109 ἀρχιερωσύνης
2665 4036 2933 4106 ἀξιώματι
2957 4075 2971 4098 ,
3016 4036 3146 4091 καθ’
3181 4036 3442 4107 ὁμοίωσιν
3474 4036 3588 4091 τῶν
3619 4038 3786 4107 ἁγίων

2219 4129 2498 4198 Ιῐατέρων,
2530 4127 2745 4197 εἴρηκα.
2774 4128 2884 4180 Καὶ
2937 4127 3036 4179 οὐκ
3087 4128 3152 4179 ἂν
3201 4127 3532 4199 ἁμάρτοιμι,
3596 4128 3785 4181 στύλον

2218 4220 2313 4273 xui
2341 4217 2623 4289 ἑδραίωμα
2649 4216 2931 4286 κεκληκώς
2966 4234 3024 4269 σε
3052 4218 3150 4286 τῆς
3193 4218 3523 4288 Ἐκκλησίας
3545 4264 3561 4287 ,
3600 4222 3784 4275 κάλλι-

2219 4310 2311 4364 στέ
2367 4328 2468 4379 μου
2513 4309 2732 4378 ἀδελφέ.
2763 4309 2876 4370 Πᾶς
2906 4310 3014 4379 γὰρ
3053 4309 3081 4360 ό
3111 4309 3252 4379 ὑπὲρ
3279 4311 3541 4381 ἀληθείας
3570 4315 3783 4368 ἐνιστά-

2220 4418 2377 4469 μενος
2429 4401 2525 4454 καὶ
2576 4400 2901 4463 πανθάνων,
2942 4397 3174 4469 ἔρεισμα
3224 4401 3318 4451 καὶ
3355 4398 3559 4471 ὕψωμα
3614 4404 3782 4472 αὐτῆς

2214 4494 2497 4564 τυγχάνει.
2535 4488 2609 4547 Εὖ
2658 4492 2714 4545 δὲ
2751 4491 2993 4559 γέγονεν,
3024 4491 3105 4543 ὅτι
3129 4491 3420 4562 ἐπεσκέψω
3450 4495 3551 4558 τὰς
3586 4496 3783 4566 τετρά-

2214 4589 2329 4652 δας.
2375 4588 2617 4657 ’Υπῆρξε
2648 4588 2756 4659 γάρ
2797 4588 2927 4656 ἡμῖν
2961 4587 2993 4655 ή
3022 4586 3329 4657 ὑπόμνησις
3377 4585 3581 4657 μᾶλλον
3606 4586 3664 4639 δὲ
3691 4588 3783 4639 κέ·-

550 4681 767 4735 hortatu
816 4680 989 4736 Patris
1016 4682 1226 4747 nostri,
1262 4684 1314 4736 in
1347 4683 1616 4752 pradictis
1670 4681 2112 4752 quaternionibus

2217 4678 2393 4743 λευσίς
2421 4696 2536 4745 σου,
2563 4677 2879 4739 ἐπιστασίας
2928 4678 3022 4729 xui
3058 4676 3351 4741 διαλύσεως
3399 4677 3498 4743 τῆς
3530 4678 3781 4747 τοιαύτης

563 4771 667 4827 nisi
704 4772 971 4826 sanctitati
1002 4781 1106 4827 tua:
1133 4789 1148 4833 ;
1179 4774 1381 4827 nullam
1412 4788 1584 4827 meam
1611 4772 1882 4842 propriam
1911 4772 1965 4825 in
1994 4779 2108 4825 toto

2217 4772 2524 4842 προτάσεως
2554 4769 2776 4839 ἀφορμὴ
2824 4770 2891 4839 ἣν
2926 4766 3047 4837 μεθ’
3075 4767 3279 4837 ἑτέρων
3335 4767 3779 4839 ὑποϐληθέντων,

548 4877 712 4931 opere
769 4863 1092 4917 sententiam
1134 4863 1409 4929 intexens;
1463 4863 1716 4932 quoniam
1748 4878 1848 4917 nec
1880 4863 1992 4933 lege
2018 4862 2108 4932 ju-

549 4954 708 5015 stius.
764 4969 867 5009 nec
915 4968 1122 5009 canone
1152 4954 1353 5008 rectius
1382 4954 1674 5023 quidquam
1705 4969 1829 5008 esse
1890 4961 2106 5024 potest:

553 5044 646 5099 sed
682 5044 985 5099 divinorum
1016 5045 1388 5099 tantummodo
1417 5044 1656 5111 Patrum,
1714 5044 1961 5115 quamvis
1989 5045 2111 5100 ine-

551 5144 659 5204 pte,
678 5136 1001 5190 documenta
1034 5144 1089 5190 et
1117 5147 1383 5205 prazccpta
1411 5136 1691 5204 proferens
1718 5148 1881 5207 atque
1910 5153 2110 5191 conne-

550 5234 721 5290 ctens,
754 5227 1191 5294 prout0ppositze
1221 5226 1601 5295 propositionis
1625 5229 1760 5283 ratio
1782 5228 2107 5297 postulabat.

549 5316 623 5369 Ac
684 5316 787 5369 nisi
850 5316 1138 5371 lectionem
1186 5318 1385 5373 laboris
1414 5329 1561 5373 metu
1614 5320 1866 5390 refugias,
1905 5320 2027 5382 erit,
2052 5319 2107 5371 ni

550 5407 721 5469 fallor,
763 5422 942 5476 operte
971 5409 1227 5478 pretium.
1260 5410 1412 5475 Quod
1441 5420 1621 5464 autem
1652 5426 1751 5479 pax
1787 5410 1989 5478 optima
2037 5410 2107 5464 sit

549 5499 821 5551 communi
851 5514 1149 5563 consensu;
1188 5516 1310 5555 amo
1339 5503 1481 5555 enim
1512 5503 1653 5555 illam
1718 5501 1928 5556 tametsi
1980 5517 2106 5571 pec-

552 5597 701 5643 cator
725 5603 871 5655 sum;
904 5601 958 5646 et
979 5592 1119 5660 quod
1144 5592 1197 5646 in
1232 5608 1349 5647 eam
1379 5592 1702 5648 ﬂectendum
1738 5594 1843 5657 sit,
1878 5593 2107 5649 fecimus

550 5679 602 5733 id
657 5679 755 5750 ipsi
790 5691 1058 5750 quatenus
1090 5683 1305 5750 licebat,
1359 5700 1605 5755 magnam
1664 5685 1844 5739 oneris
1899 5694 2105 5753 partem

551 5773 907 5835 excutientes,
986 5776 1139 5844 juxta
1203 5776 1445 5830 divinum
1530 5774 1843 5846 Cyrillum:
1909 5777 2104 5845 partim

2204 4864 2271 4916 δι’
2306 4864 2665 4933 ὑπομνήσεως
2692 4861 2784 4916 τοῦ
2815 4861 3029 4932 Πατρὸς
3055 4861 3236 4931 ἡμῶν,
3272 4863 3330 4915 ἐν
3360 4864 3486 4925 ταῖς
3532 4879 3782 4933 προγρα-

2206 4955 2421 5021 φεὶσαις
2448 4953 2705 5022 τετράσιν
2730 4950 3031 5006 ἀπέστειλα
3058 4955 3125 5024 τῇ
3161 4951 3411 5023 ἁγιότητι
3439 4969 3536 5006 σου
3562 4970 3578 4985 ·
3614 4954 3782 5024 μηδὲν

2205 5046 2263 5112 ἐξ
2294 5045 2486 5098 ἑαυτοῦ
2517 5048 2572 5097 έν
2600 5045 2706 5114 ὅλῳ
2738 5044 2816 5114 τῷ
2847 5045 3184 5114 συντάγματι
3230 5044 3491 5116 φρόνημα
3523 5047 3777 5099 εἰσκεκο-

2215 5134 2413 5204 μικώς’
2450 5136 2530 5188 ὅτι
2556 5136 2690 5205 μηδὲ
2725 5135 2879 5205 θέμις
2910 5134 3005 5189 τοῦ
3031 5138 3196 5207 νόμου
3222 5136 3623 5209 νομιμώτερον,
3647 5139 3782 5209 μηδὲ

2211 5225 2304 5278 τοῦ
2337 5227 2558 5288 κανόνος
2590 5226 2877 5296 εὐθύτερον
2907 5226 3151 5294 γίνεσθαι
3179 5244 3192 5257 ·
3222 5228 3255 5297 ἢ
3284 5228 3445 5295 μόνον
3465 5230 3529 5281 τὸ
3563 5232 3781 5301 ὑφεῖναι

2214 5318 2307 5371 xui
2367 5318 2597 5387 συνάψαι
2631 5321 2699 5371 τὰ
2732 5319 2840 5371 τῶν
2880 5318 3036 5372 θείων
3073 5318 3351 5391 Πατέρων,
3376 5321 3482 5374 κᾶν
3522 5324 3773 5393 ἀμαθῶς,

2209 5409 2521 5479 διδάγματα
2557 5427 2615 5463 τε
2663 5410 2756 5463 xui
2803 5412 3265 5481 παραγγέλματα,
3294 5415 3373 5477 εἰς
3404 5413 3544 5485 ὅπερ
3572 5419 3605 5484 ή
3640 5418 3775 5488 πρό-

2210 5518 2359 5565 τασις
2396 5502 2617 5555 ἑκκαλεῖ
2648 5502 2746 5570 τῆς
2777 5502 3117 5567 ἀντιθέσεως.
3155 5505 3264 5558 Kui
3299 5508 3345 5558 εἰ
3385 5508 3462 5577 μὴ
3506 5510 3781 5579 παραιτή-

2215 5610 2360 5646 σοιτο
2407 5593 2493 5646 διὰ
2529 5594 2694 5646 κόπον
2732 5594 3065 5662 ἀναγνῶναι,
3103 5592 3199 5648 οἷδ’
3229 5599 3308 5649 ὅτι
3346 5597 3774 5670 λυσιτελήσειεν.

2216 5683 2336 5735 ’Ότι
2366 5682 2422 5735 δὲ
2475 5685 2506 5753 ἠ
2555 5684 2747 5755 εἰρήνη
2796 5683 2933 5754 καλὴ
2985 5685 3469 5756 ὁμολογουμένως·
3505 5689 3645 5757 φιλῶ
3671 5691 3778 5759 γὰρ

2215 5772 2400 5843 αὐτὴν,
2435 5772 2536 5827 κᾶν
2594 5771 2911 5847 ἁμαρτωλός
2960 5775 3112 5843 εἰμι’
3145 5777 3238 5829 xui
3293 5777 3376 5829 δτι
3424 5778 3562 5847 πρὸς
3606 5780 3777 5850 αὐτὴν
