3914 6426
551 352 569 414 l
583 351 685 415 067

1730 357 1789 417 S.
1828 355 2219 416 THEODOBI
2254 356 2598 417 STUDITE

3662 359 3788 423 1063

548 461 955 532 participamus.
1015 459 1313 531 Propterea
1376 472 1555 517 autem
1605 463 1673 517 ab
1738 463 1979 534 Josepho
2022 480 2131 518 non

2244 464 2329 517 καὶ
2362 465 2411 517 οί
2448 466 2626 531 τούτῳ
2653 463 3205 537 συλλειτουργοῦντες
3243 468 3541 538 καθημένῳ
3596 470 3726 523 ὄντι.
3758 472 3809 522 El

552 554 962 625 participantus,
1005 550 1149 620 quod
1183 553 1402 623 publice
1444 553 1610 608 fuerit
1650 562 1893 608 notatus.
1952 548 2134 608 Notati

550 661 679 718 ergo
710 653 764 700 et
802 645 878 699 illi
916 659 1143 714 prorsus
1169 646 1261 715 qui
1322 661 1444 700 cum
1504 660 1570 700 eo
1624 646 1970 711 ministrant;
2012 660 2136 699 cum

547 736 830 808 depositus
864 736 1049 791 fuerit.
1090 735 1245 801 Quod
1291 736 1335 791 si
1384 736 1454 791 ab
1476 736 1561 790 bis
1582 736 1973 807 participemus
2014 746 2135 791 tan-

546 844 709 900 quam
734 828 802 882 ab
824 826 1136 897 inculpatis,
1195 826 1505 897 inculpatus
1551 826 1657 881 erit
1731 836 1786 881 et
1840 827 2135 898 Josephus,

547 921 638 991 qui
679 936 804 975 cum
832 920 910 975 eis
962 918 1259 974 sacrificat.
1311 918 1582 984 Quoniam
1616 927 1797 974 autem
1850 920 1898 975 is
1948 936 2137 974 revera

550 1023 768 1069 notatus
797 1013 920 1075 fuit,
948 1022 1002 1067 et
1034 1014 1101 1067 ab
1153 1028 1221 1068 eo
1261 1028 1372 1066 non
1413 1011 1838 1083 participamus;
1892 1012 2138 1082 profecto

548 1119 651 1158 nec
687 1104 757 1158 ab
805 1103 872 1158 iis
915 1102 1009 1172 qui
1046 1117 1172 1157 cum
1204 1118 1270 1157 eo
1298 1102 1648 1168 ministrant;
1678 1117 1800 1156 cum
1832 1102 1949 1172 pari
1977 1103 2137 1157 modo

549 1198 719 1252 notati
751 1196 881 1252 sint.
917 1196 1251 1251 Confirmata
1275 1205 1360 1250 est
1384 1195 1547 1265 igitur
1580 1194 1857 1249 sententia
1884 1195 2140 1250 sanctita-

552 1289 623 1343 tis
662 1299 789 1354 tuae,
840 1295 1003 1358 atque
1060 1287 1135 1340 ita
1188 1285 1590 1341 consentimus.
1645 1286 1725 1339 Ae
1774 1285 1981 1339 utinam
2041 1301 2137 1356 per

551 1380 756 1434 hancce
776 1378 1041 1434 sinceram
1069 1377 1157 1432 hic
1181 1376 1529 1431 concordiam
1554 1385 1820 1441 nostram,
1854 1377 1910 1431 in
1947 1376 2135 1433 futuro

553 1473 753 1528 sacculo
784 1486 1063 1541 nunquam
1114 1469 1459 1534 divellamur,
1494 1468 1567 1523 mi
1593 1469 1761 1523 frater
1792 1470 2132 1535 charissima,

552 1577 610 1623 ut
658 1567 804 1639 digni
827 1568 999 1622 simus
1024 1574 1080 1621 et
1101 1581 1201 1621 nos
1247 1565 1485 1619 humiles
1510 1565 1729 1634 aliquod
1778 1564 1998 1619 Patrum
2033 1580 2135 1620 no-

549 1668 790 1713 strorum
819 1657 1039 1711 virtutis
1091 1654 1382 1725 vestigium
1425 1654 1750 1710 consectari.
1805 1654 1881 1709 De
1917 1654 2135 1710 civitate

548 1760 731 1804 autem
792 1759 881 1804 tua
926 1748 1236 1804 columnam
1297 1747 1592 1802 accendisti
1649 1747 1910 1816 pietatis,
1968 1764 2131 1818 quam

2236 554 2293 607 δὲ
2342 558 2409 609 ὲκ
2446 556 2555 609 τῶν
2595 556 2855 611 τοιούτων
2888 558 3402 630 μεταλαμϐάνομεν,
3434 562 3509 626 ὡς
3553 564 3610 627 ἐξ
3666 563 3811 616 ἀδια-

2237 646 2446 717 6λήτων
2476 690 2490 715 ,
2521 650 2844 718 ἀδιάϐλητος
2886 651 2954 705 ἂν
3004 654 3087 723 εἴη
3140 656 3234 706 καὶ
3272 655 3301 704 6
3348 656 3545 725 Ἰωσῆ-ρ
3613 656 3813 707 συλλει-

2238 739 2483 808 τουργῶν
2513 740 2719 803 αὐτοῖς.
2755 742 2909 796 Ἐπεὶ
2933 743 2991 796 δὲ
3018 744 3274 814 διαϐεὸλη
3285 745 3447 814 μένος
3476 745 3549 807 ὼς
3577 746 3807 816 ἀληθῶς,

2241 832 2334 883 καὶ
2388 832 2520 902 παρ’
2551 831 2718 885 αὑτοῦ
2749 836 2809 887 ού
2844 835 3359 906 μεταλαμὸάνομεν,
3400 836 3644 907 δηλονότι
3698 838 3812 889 οὐδὲ

2212 918 2215 922 ’
2239 925 2304 976 ὲκ
2328 923 2439 976 τῶν
2479 926 3011 996 συνιερουργούντων
3030 928 3198 996 αὐτῷ,
3218 928 3485 993 ὡσαύτως
3515 930 3681 983 ὄντων
3704 931 3811 983 δια-

2240 1015 2608 1085 ὂεὸλημένων.
2642 1018 2915 1088 Ἐῤῥωται
2940 1020 3121 1072 τοίνυν
3142 1020 3170 1072 6
3196 1020 3357 1088 λόγος
3382 1022 3482 1091 τῆς
3514 1022 3815 1090 ἁγιωσύνης

2241 1123 2335 1159 σου
2363 1122 2375 1135 ³
2413 1107 2508 1160 καὶ
2552 1107 2727 1171 οὕτως
2766 1109 3207 1179 συμφρονοῦμεν.
3232 1110 3343 1163 Kal
3386 1111 3530 1164 ἔστω
3581 1114 3716 1181 ἡμῖν
3756 1113 3811 1163 τὸ

2238 1198 2614 1252 ἀδιάσπαστον
2636 1200 2724 1253 διὰ
2752 1202 2851 1271 τῆς
2887 1200 3123 1255 ἐνταῦθα
3153 1202 3386 1273 ἀληθοῦς
3414 1206 3737 1275 συμφωνίας
3761 1207 3813 1255 ἐν

2235 1285 2313 1358 τῷ
2380 1287 2631 1358 μέλλοντι
2679 1290 2857 1353 αἰῶνι,
2912 1291 3137 1360 φίλτατὲ
3183 1309 3288 1359 μου
3344 1295 3687 1362 ἀδελφὲ,ὠς
3754 1295 3815 1348 ἂν

2240 1378 2609 1449 ἀξιωθείημεν
2647 1381 2741 1433 καὶ
2764 1382 2923 1451 ἡμεῖς
2967 1383 3018 1434 οἱ
3051 1384 3298 1436 ταπεινοὶ
3325 1385 3739 1459 ἀπενέγκασθαί
3764 1403 3812 1438 τι

2238 1472 2379 1540 ἴχνος
2407 1470 2831 1543 κατορθώματος
2854 1476 2964 1537 τοῖς
2988 1475 3269 1544 Πατράσιν
3307 1476 3465 1546 ἡμῶν
3510 1477 3815 1531 ἀκόλουθον.

2237 1562 2373 1632 Περὶ
2417 1561 2475 1614 δὲ
2517 1565 2616 1632 τῆς
2662 1562 2873 1627 πόλεώς
2902 1581 2997 1617 σου
3043 1565 3232 1618 στύλον
3265 1567 3482 1637 ἀνῆψας
3512 1568 3813 1631 εύσεδείας,

2235 1654 2295 1705 οὐ
2330 1652 2690 1723 σϐεννύμενον
2720 1654 2875 1725 παρὰ
2910 1655 3198 1724 ἀνθρώπου
3227 1658 3332 1722 ἕως
3372 1660 3587 1723 αἰῶνος.
3616 1661 3726 1714 Καὶ
3756 1660 3811 1712 ού

2238 1744 2527 1797 λυπεῖσθαι
2559 1746 2690 1816 χρὴ,
2753 1746 2891 1801 ἀλλὰ
2931 1748 3130 1817 μᾶλλον
3176 1749 3385 1819 χαίρειν
3407 1768 3421 1782 ·
3454 1750 3642 1823 ὥσπερ
3668 1752 3817 1820 κάγὼ

546 1842 842 1896 obscurare
895 1841 1080 1895 nullus
1130 1854 1369 1909 unquam
1418 1838 1608 1907 possit.
1649 1812 1848 1908 Neque
1874 1812 2136 1909 estquod

2244 1838 2271 1888 6
2303 1834 2470 1897 τάλας
2504 1835 2561 1886 ὲν
2609 1837 2674 1905 τῇ
2704 1834 2946 1889 διαλύσει
2988 1836 3083 1889 τοῦ
3112 1837 3370 1891 ταπεινοῦ
3401 1858 3501 1910 μου
3544 1859 3815 1911 μοναστη-

547 1949 689 2005 aegre
725 1934 885 1988 feras.
942 1932 1086 1999 Quin
1131 1932 1314 1985 lmtare
1363 1930 1573 2001 potius,
1625 1931 1706 1985 uti
1760 1940 1815 1985 et
1843 1946 1942 2002 ego
1977 1933 2142 1987 miser

549 2027 603 2079 in
668 2024 1026 2095 dissipatione
1107 2023 1331 2078 humilis
1394 2023 1710 2078 monasterii
1771 2023 1929 2089 mei;
2011 2024 2139 2094 quia

547 2124 770 2185 propter
802 2113 1091 2169 Dominum
1152 2113 1268 2167 hazc
1316 2112 1624 2167 dissolutio.
1681 2111 1867 2182 Neque
1915 2113 1985 2168 ob
2020 2128 2140 2166 eam

550 2225 795 2275 causam,
820 2209 968 2280 quod
999 2220 1107 2263 tam
1129 2208 1283 2263 multi
1311 2208 1557 2263 steterint
1582 2222 1759 2277 genua
1784 2223 1893 2261 non
1908 2223 2141 2262 curvan-

551 2314 676 2363 tes,
739 2319 934 2375 magna
996 2303 1114 2356 laus
1156 2310 1295 2356 est:
1351 2301 1448 2354 sed
1492 2300 1577 2355 vel
1625 2300 1668 2353 si
1725 2316 1887 2355 unus.
1953 2299 2141 2355 Melior

546 2395 815 2465 siquidem
864 2410 1008 2448 unus
1052 2393 1267 2447 Domini
1316 2392 1521 2447 faciens
1563 2391 1929 2453 voluntatem,
1978 2408 2139 2462 quam

546 2487 735 2542 decem
805 2486 972 2539 millia
1028 2483 1503 2555 prmvaricantium
1563 2483 1629 2537 ⁸⁷.
1686 2482 1797 2537 Nec
1855 2500 1986 2538 vero
2025 2484 2141 2553 ipse

547 2594 709 2632 causa
740 2593 800 2633 es
824 2577 1040 2631 illorum
1068 2576 1449 2644 dispersionis,
1481 2573 1609 2627 licet
1633 2574 1684 2627 id
1717 2577 1961 2644 garriant
1996 2591 2139 2629 non-

548 2671 703 2733 nulli,
777 2669 872 2723 sed
931 2682 1031 2739 ego
1087 2666 1312 2721 infelix!
1367 2664 1481 2719 Erit
1511 2675 1692 2719 autem
1729 2666 1906 2732 nobis,
1944 2666 1987 2721 si
2018 2683 2143 2737 per-

550 2763 713 2825 feras,
768 2753 1051 2829 utriusque
1112 2758 1192 2811 rei
1223 2756 1560 2811 communio.
1626 2753 1970 2825 Tantamque
2025 2757 2142 2826 ipse

550 2854 859 2909 mercedem
904 2850 1088 2922 capies
1129 2852 1184 2903 in
1241 2849 1424 2905 divina
1494 2849 1721 2902 fratrum
1765 2848 2140 2917 diSpersione;

548 2956 809 3017 quantam
870 2960 972 3017 ego
1035 2942 1322 2998 nanciscar
1371 2943 1425 2995 in
1474 2940 1540 2995 iis
1588 2941 1680 3010 qui
1740 2941 2141 2995 Thessalonica:

552 3043 749 3114 reliqui
791 3052 919 3097 sunt
956 3041 1128 3112 legem
1167 3040 1407 3095 divinam
1453 3047 1757 3093 servantes.
1803 3036 1877 3093 Do
1908 3040 2141 3095 carceris

551 3143 732 3189 autem
758 3134 865 3189 mei
893 3134 1120 3189 custode
1150 3132 1287 3187 nihil
1316 3132 1511 3186 attinet
1536 3131 1703 3201 loqui,
1739 3146 1864 3185 cum
1900 3133 2022 3187 talis
2048 3132 2138 3197 sit,

552 3238 608 3283 et
656 3244 779 3283 cum
826 3228 1066 3298 Josepho
1096 3228 1279 3281 animo
1308 3225 1805 3295 conjunctissimus.
1852 3225 2141 3295 Nunquam

552 3334 732 3374 cesses
764 3334 861 3389 pro
889 3317 1202 3373 humilitate
1233 3302 1359 3371 mea
1391 3316 1550 3371 enixe
1578 3316 1823 3385 precari,
1870 3314 2040 3370 frater
2066 3315 2140 3370 mi

555 3428 618 3467 ac
675 3410 837 3468 Pater
884 3411 1097 3483 egregie
1128 3420 1182 3465 ct
1218 3410 1581 3465 sanctissime.
1648 3410 1797 3466 Scito
1828 3419 2139 3465 accusatum

558 3505 725 3560 fuisse
784 3505 1169 3568 Theosostum,
1212 3504 1355 3573 quod
1404 3502 1473 3557 ab
1524 3517 1589 3557 eo
1628 3518 1735 3557 non
1770 3502 2137 3571 participaret,

554 3597 644 3667 qui
676 3597 861 3653 sedem
898 3604 1043 3651 tuam
1074 3596 1331 3666 sacrilege
1358 3595 1575 3659 invasit,
1615 3595 1977 3664 eumdemque
2001 3604 2140 3650 stre-

556 3704 663 3741 nue
722 3685 1052 3740 monasterio
1116 3700 1216 3739 suo
1265 3685 1481 3755 pulsum
1542 3683 1732 3740 fuisse.
1814 3685 2140 3739 Athanasius

556 3780 721 3833 frater
764 3786 951 3832 noster
1001 3792 1215 3832 rursum
1254 3786 1445 3847 captus
1481 3786 1565 3831 est
1597 3786 1652 3831 et
1689 3776 1816 3831 illuc
1851 3776 2137 3848 relegatus.

554 3871 752 3924 (iustos
779 3885 951 3936 meus,
984 3884 1108 3924 cum
1130 3868 1377 3932 exiisset,
1415 3868 1597 3923 attulit
1623 3868 1755 3923 mihi
1773 3885 1804 3923 a
1828 3870 2137 3939 patriarcha

556 3961 984 4017 salutationem:
1045 3959 1291 4031 Ignoscet
1365 3960 1461 4015 tibi
1530 3961 1709 4025 Deus,
1768 3962 1982 4031 inquit,
2047 3962 2136 4017 hic

558 4055 757 4109 habere
793 4053 1191 4108 te-volebamus
1219 4052 1285 4106 ad
1322 4053 1580 4107 auxilium
1610 4063 1880 4108 nostrum.
1910 4052 2102 4108 Abiisti
2121 4097 2134 4119 ,

554 4156 610 4203 ct
643 4147 766 4203 istic
808 4146 1136 4211 consedisti,
1178 4146 1396 4201 invideo
1440 4146 1561 4201 tibi.
1608 4146 1764 4212 Quod
1814 4162 1936 4201 cum
1984 4147 2138 4200 audi-

556 4241 779 4304 vissem,
810 4241 926 4295 risi.
963 4239 1149 4309 Neque
1176 4240 1319 4294 enim
1344 4255 1481 4309 opus
1509 4248 1625 4294 erat
1656 4240 1988 4310 respondere
2018 4256 2133 4305 me,

557 4333 667 4392 nisi
718 4335 819 4388 hoc
848 4342 1094 4397 tantum;
1140 4331 1284 4400 quod
1338 4332 1380 4385 si
1410 4331 1656 4395 invidet,
1713 4341 1867 4386 exeat
1913 4342 1966 4386 et
1998 4332 2133 4403 ipse.

559 4431 835 4487 lielaxavit
878 4443 1043 4498 porro
1073 4426 1396 4486 custodiam,
1453 4426 1686 4480 invitatis
1714 4426 1780 4480 ad
1821 4426 2132 4496 requietem.

558 4523 757 4579 Attulit
809 4520 953 4575 enim
1022 4516 1155 4571 mihi
1213 4526 1266 4571 et
1294 4532 1323 4571 a
1354 4515 1607 4572 Simeone
1638 4518 2043 4582 salutationem,
2084 4530 2135 4573 et
2168 4539 2220 4599 D

556 4617 699 4687 quod
756 4614 935 4667 dicere
986 4608 1297 4679 imperatori
1356 4609 1504 4674 velit,
1562 4618 1612 4664 te
1653 4609 1707 4662 in
1736 4625 1956 4664 carcere
2002 4611 2141 4664 male

559 4705 780 4766 habere,
814 4711 867 4757 et
891 4716 919 4753 a
951 4698 1177 4753 Leontio
1212 4698 1474 4754 humilem
1506 4698 1907 4753 salutationem.
1946 4698 2141 4752 Passus

559 4812 701 4858 sum,
735 4795 827 4857 ait,
883 4790 1265 4846 necessitatem
1317 4811 1328 4845 :
1390 4805 1497 4843 non
1537 4806 1622 4844 me
1662 4802 1878 4860 separet
1934 4790 2075 4845 Deus
2111 4806 2139 4844 a

560 4901 813 4943 sermone
878 4894 989 4938 tuo.
1039 4880 1105 4935 Et
1130 4897 1250 4952 ego,
1323 4882 1460 4943 haec,
1517 4881 1761 4950 inquam,
1809 4885 1875 4935 ab
1916 4883 2004 4935 illo
2032 4898 2140 4936 non

561 4979 794 5050 requiro.
832 4977 1140 5047 Coegerunt
1169 4981 1353 5027 autem
1382 4974 1532 5027 illum
1580 4975 1660 5028 ire
1698 4973 1762 5027 ad
1797 4990 2138 5029 oeconomum

562 5083 615 5127 et
645 5070 930 5126 Arseninm
955 5077 1009 5121 et
1030 5065 1296 5121 Joannem
1324 5106 1337 5129 ,
1371 5081 1434 5119 ac
1461 5066 1664 5130 dicere,
1698 5067 1840 5135 quod
1885 5065 2143 5120 Dominus

564 5163 818 5217 Tarasius
864 5160 1012 5213 illum
1073 5157 1400 5221 absolverit,
1432 5166 1488 5211 ct
1522 5158 1666 5225 quod
1696 5157 1856 5210 modo
1888 5158 2140 5211 viderim.

566 5254 731 5309 Atilli
780 5268 903 5311 eum
959 5265 1148 5304 revera
1177 5248 1421 5317 colaphis
1469 5249 1839 5318 exploscrunt.
1896 5248 1997 5314 Qui
2028 5266 2144 5303 mc-

567 5364 689 5401 ('lllll
743 5355 865 5411 est,
923 5355 1194 5414 pastorem
1231 5356 1412 5394 meum
1463 5356 1559 5409 per
1606 5355 1693 5394 me
1723 5340 1921 5395 salutat
1950 5356 2143 5411 magno

569 5440 786 5494 affectu.

997 5541 1176 5597 XLIV.
1206 5571 1271 5583 -—
1296 5540 1474 5611 Sergio
1503 5543 1722 5595 consuli.

2247 1926 2364 1996 ρίου
2398 1942 2413 1956 ·
2444 1927 2527 1980 ὅτι.
2561 1926 2649 1980 διὰ
2680 1927 2883 1998 Κύριον
2911 1930 2944 1999 ἡ
3003 1929 3275 1993 διάλυσις.
3309 1932 3418 1984 Kal
3452 1932 3549 2003 οὐχ
3584 1935 3665 1987 ὅτι
3693 1951 3814 1985 τοσ-

2244 2018 2389 2071 οῦτοι
2423 2017 2660 2088 ἔστησαν
2690 2020 2766 2090 μὴ
2792 2022 3308 2092 κατακαμφθέντες,
3352 2024 3497 2094 μέγα
3533 2025 3596 2078 τὸ
3636 2026 3811 2089 κλέος·

2242 2111 2356 2165 ἀλλ’
2388 2112 2436 2163 εἰ
2478 2113 2573 2166 καὶ
2600 2106 2701 2176 εἷς.
2741 2113 3028 2183 Κρείσσων
3067 2116 3175 2186 γὰρ
3208 2110 3292 2179 εἷς
3333 2117 3503 2171 ποιῶν
3520 2118 3579 2171 τὸ
3610 2118 3815 2189 θέλημα

2242 2204 2472 2272 Κυρίου,
2508 2204 2541 2275 ἢ
2583 2204 2772 2276 μύριοι
2826 2206 3277 2276 παραὸαίνοντες.
3331 2210 3444 2264 Καὶ
3499 2211 3599 2264 οὐκ
3648 2213 3814 2274 αἴτιος

2242 2294 2407 2358 αὐτὸς
2442 2295 2538 2366 τῆς
2580 2295 2791 2360 λύσεως
2832 2297 3037 2365 αὐτῶν,
3066 2300 3114 2351 εί
3168 2300 3263 2353 xal
3301 2301 3603 2371 φλυαροῦσί
3634 2319 3776 2363 τινες
3798 2317 3811 2331 ·

2240 2385 2356 2438 ἀλλ’
2382 2385 2492 2454 ἐγὼ
2523 2388 2551 2440 ὁ
2579 2386 2862 2459 δύστηνος.
2890 2390 2988 2461 Εῐη
3031 2390 3088 2443 δὲ
3138 2394 3274 2461 ἡμῖν
3326 2394 3580 2445 κοινωνία
3605 2432 3622 2457 ,
3658 2394 3813 2461 εἰπερ

2242 2476 2445 2549 ἀνέχῃ,
2474 2478 2562 2529 ἐπ’
2585 2478 2937 2549 ἀμφοτέροις.
2975 2481 3085 2533 Καὶ
3142 2480 3398 2536 τοσοῦτον
3452 2484 3595 2548 ἕξοις
3653 2484 3811 2545 αὐτὸς

2242 2568 2333 2620 τὸν
2368 2568 2559 2637 μισθὸν
2593 2569 2651 2621 ὲν
2702 2572 2767 2639 τῇ
2806 2570 2976 2640 ὲνθέῳ
3004 2570 3248 2623 διαλύσει
3272 2572 3380 2625 τῶν
3403 2573 3671 2643 ἀδελφῶν,
3697 2576 3814 2627 ὅσον

2242 2659 2354 2723 ἐγὼ
2379 2658 2599 2729 εὕροιμι
2628 2661 2687 2714 ἐν
2714 2663 2782 2731 τῇ
2813 2660 2952 2714 κατά
2982 2662 3147 2731 νόμον
3174 2662 3310 2716 Θεοῦ
3369 2665 3686 2734 καταλείψει
3720 2666 3813 2733 τῆς

2243 2751 2663 2823 Θεσσαλονίκης.
2694 2754 2830 2824 Περὶ
2874 2754 2928 2806 δὲ
2978 2754 3071 2806 τοῦ
3128 2754 3425 2824 φυλακίτου
3475 2775 3575 2828 μου
3644 2758 3816 2821 οὐδέος

2242 2841 2400 2910 λόγος
2422 2883 2437 2905 ,
2463 2845 2705 2896 τοιούτου
2743 2843 2909 2896 αὐτοῦ
2944 2844 3235 2914 ἀνθρώπου
3279 2846 3451 2912 ὄντος,
3481 2847 3574 2899 καὶ
3611 2848 3817 2916 συμφρ-

2244 2953 2341 3006 χου
2373 2936 2467 2988 τοῦ
2509 2937 2729 3007 Ἰωσήφ.
2754 2936 2843 3007 Μὴ
2900 2936 3197 3001 διαλείποις
3230 2939 3671 3010 ύπερευχόμενος
3720 2937 3815 3005 τῆς

2244 3027 2624 3091 ταπεινώσεως
2656 3046 2758 3097 μου
2810 3030 3091 3098 κραταιῶς
3113 3071 3128 3094 ,
3149 3030 3528 3101 ἀδελφοπάτορ
3557 3047 3657 3100 μου
3688 3028 3816 3082 καλὲ

2249 3122 2337 3175 καὶ
2393 3122 2674 3176 ὁσιώτατε.
2732 3123 2972 3176 Γίνωσκε
3019 3123 3346 3177 ἐνσταθέντα
3381 3124 3475 3177 τὸν
3510 3124 3814 3177 Θεόσωστον

2250 3210 2343 3264 τοῦ
2379 3211 2453 3281 μὴ
2475 3213 2797 3282 κοινωνῆσαι
2820 3212 2980 3265 αὐτὸν
3009 3215 3073 3266 ὲκ
3100 3212 3195 3265 τοῦ
3228 3213 3461 3283 ἀνιέρως
3505 3213 3816 3273 ἀνελθόντος

2248 3306 2328 3369 είς
2380 3304 2472 3355 τὸν
2516 3303 2702 3373 θρόνον
2736 3320 2829 3356 σου
2854 3319 2867 3332 ·
2908 3306 3003 3359 καὶ
3052 3303 3417 3374 ἐκδιωχθέντα
3461 3306 3723 3369 νεανικῶς
3755 3307 3817 3358 ἐκ

2246 3395 2341 3449 τοῦ
2403 3394 2765 3466 μοναστηρίου
2826 3395 3013 3450 αὐτοῦ.
3044 3398 3107 3449 Ol
3172 3395 3304 3467 περὶ
3353 3396 3445 3449 τὸν
3492 3396 3807 3451 Ἀθανὰσιον

2247 3486 2465 3555 ἀδελφοὶ
2524 3486 2708 3555 ἡμῶν,
2762 3484 3334 3557 ἀκμὴν³κρατοῦνται
3390 3488 3813 3557 περιωρισμένοι

2247 3579 2445 3632 ἐκεῖσε.
2492 3578 2549 3631 Ὀ
2582 3578 2884 3649 φυλακίτης
2916 3595 3019 3647 μου
3053 3576 3303 3642 ἐξελθὼν,
3339 3577 3517 3649 ἤγαγέ
3540 3596 3630 3641 μοι
3660 3595 3817 3649 προσ·

2247 3669 2472 3738 κύνησιν
2533 3670 2598 3721 ἐκ
2653 3668 2747 3720 τοῦ
2807 3670 3147 3741 πατριάρχου
3201 3669 3475 3737 λέγοντος.
3510 3671 3591 3723 ὅτι
3625 3673 3653 3724 6
3685 3670 3814 3732 Θεὸς

2249 3761 2599 3831 συγχωρήσει
2654 3778 2737 3813 σοι
2764 3775 2777 3788 ·
2809 3760 2927 3824 τοῦ,
2964 3760 3245 3831 ηὐχόμεθα
3296 3760 3442 3831 ἔχειν
3500 3778 3559 3813 σε
3587 3755 3686 3815 ὧδε
3739 3764 3815 3821 είς

2248 3851 2499 3922 βοήθειαν
2553 3851 2731 3921 ἡμῶν.
2776 3850 3056 3917 Ἐξῆλοες,
3118 3851 3213 3903 καὶ
3273 3851 3539 3913 ὲκάθισας
3586 3851 3809 3904 αὐτόθι⁸

2246 3945 2360 4007 καὶ,
2394 3945 2475 3998 ὅτι
2512 3943 2693 4012 φθονῶ
2730 3960 2810 3997 σε.
2854 3943 2964 3995 Kal
3013 3942 3249 4006 ἀκούσας
3280 3943 3540 4012 ἐγέλασα.
3607 3945 3679 3997 Οὔ
3712 3944 3812 4012 γὰρ

2244 4033 2313 4108 ἦν
2354 4038 2513 4107 χρεία
2554 4035 2691 4099 τέως
2740 4034 3106 4105 ἀποκριθῆναί
3139 4053 3205 4104 με
3231 4052 3244 4065 ·
3279 4036 3312 4107 ἢ
3351 4036 3532 4106 μόνον.
3564 4035 3682 4087 Ὅτι
3726 4036 3813 4086 ἐὰν

2246 4128 2438 4199 φθονῇ,
2474 4126 2664 4197 ἐξέλθῃ
2695 4127 2968 4190 κάκεῖνος.
3022 4125 3331 4195 Ἐχαύνωσε
3373 4126 3431 4179 δὲ
3464 4126 3557 4178 καὶ
3588 4126 3684 4196 τὴν
3717 4144 3809 4193 φυ-

2244 4216 2416 4286 λακὴν
2464 4215 2906 4285 προτρεπόμενος
2932 4216 3010 4277 είς
3039 4215 3372 4268 ἀνάπαυσιν.
3412 4214 3677 4285 Ἐξήγαγε
3712 4216 3812 4284 γάρ

2247 4326 2341 4379 μοι
2369 4309 2459 4361 καὶ
2496 4310 2559 4359 ἐκ
2588 4307 2683 4360 τοῦ
2716 4305 2941 4375 Συμεὼν
2971 4306 3345 4378 προσκύνησιν
3364 4321 3377 4335 °
3409 4307 3503 4360 καὶ
3534 4310 3612 4360 ὅτι
3640 4307 3815 4377 βούλε-

2244 4419 2334 4453 ται
2368 4398 2685 4469 λαλῆσαιτῷ
2706 4398 2931 4469 βασιλεῖ,
2947 4398 3030 4452 ὅτι
3051 4400 3387 4462 κεκοπίακας
3402 4401 3459 4452 ὲν
3490 4403 3554 4471 τῇ
3581 4400 3812 4469 φυλακῇ.

2247 4496 2357 4548 Kal
2389 4495 2453 4547 ὲκ
2492 4494 2584 4547 τοῦ
2608 4495 2861 4547 Λεοντίου
2910 4492 3384 4564 τεταπεινωμένην
3428 4495 3811 4563 προσκύνησιν,

2245 4587 2498 4655 λέγοντος
2522 4602 2534 4614 ·
2571 4587 2652 4638 ὅτι
2694 4585 2942 4655 ἀνάγκην
2993 4584 3194 4638 ἔπαθον
3216 4602 3227 4614 ·
3266 4585 3360 4637 καὶ
3386 4586 3463 4655 μὴ
3494 4587 3812 4655 συγχωρήσῃ

2249 4697 2317 4750 με
2340 4682 2367 4732 6
2396 4679 2526 4741 Θεὸς
2562 4678 2651 4731 τοῦ
2685 4678 2843 4745 λόγου
2901 4696 3016 4732 σου.
3052 4679 3161 4731 Kal
3196 4673 3349 4731 εἷπον
3391 4678 3471 4731 ὃτι
3514 4679 3575 4730 ού
3606 4678 3814 4749 χρῄζων

2245 4772 2415 4825 ταῦτα
2447 4772 2541 4823 ἀπ’
2577 4763 3127 4838 αὑτοῦ.”Ηνάγκασαν
3153 4770 3210 4823 δὲ
3239 4769 3403 4823 αὑτὸν
3446 4769 3703 4822 ἀπελθεῖν
3736 4768 3811 4829 είς

2246 4882 2302 4917 τε
2341 4865 2430 4916 τὸν
2457 4864 2763 4930 οἰκονόμον,
2798 4865 2892 4915 καὶ
2930 4863 3023 4916 τὸν
3056 4860 3355 4932 Ἀρσένιον,
3379 4862 3480 4914 καὶ
3513 4862 3606 4915 τὸν
3647 4859 3816 4914 Ἰωάνο

2250 4973 2369 5025 νην,
2394 4955 2618 5022 λέγοντα
2648 4970 2658 4981 ·
2687 4956 2768 5006 ὅτι
2800 4956 2826 5006 ὁ
2855 4953 3012 5023 κῦρις
3042 4953 3311 5023 Ταράσιος
3342 4951 3611 5005 ἀπέλυσεν
3640 4949 3811 5004 αὐτόν’

2249 5049 2344 5100 καὶ
2375 5049 2457 5099 ὅτι
2493 5047 2617 5116 ἄρτι
2655 5045 2943 5113 ἀνέϐλεψα.
2976 5045 3084 5097 Kal
3124 5045 3512 5115 ἀπεῤῥάπισαν
3547 5042 3706 5095 αὑτὸν
3744 5039 3815 5108 τῷ

2249 5137 2383 5191 ὄντι.
2431 5139 2488 5190 Ὀ
2542 5139 2639 5190 σὺν
2692 5138 2815 5207 ἐμοὶ
2868 5134 3265 5207 προσαγορεύει
3321 5135 3469 5205 πόοῳ
3524 5134 3702 5205 πολλῷ
3733 5133 3814 5184 τὸν

2252 5231 2485 5300 ποιμένα
2525 5249 2623 5299 μου
2659 5231 2716 5296 ἐξ
2742 5229 2895 5298 ἐμοῦ.

2536 5540 2666 5593 ΜΔ.
2708 5571 2773 5579 ——
2808 5539 3025 5604 Σεργίῳ
3069 5535 3288 5599 ὑπάτῳ.
3349 5531 3547 5605 [ρμγ¹.]

1374 5634 1656 5683 Gratulatur
1679 5636 1723 5681 ei
1750 5632 2019 5695 dignitates
2042 5632 2087 5679 in
2112 5634 2221 5684 aula
2260 5650 2270 5681 :
2310 5635 2631 5693 hortaturque
2658 5637 2708 5678 ut
2744 5629 2872 5676 bene
2901 5636 3027 5690 agat.

639 5721 719 5777 Tu
751 5722 966 5792 quidem
994 5760 1006 5783 ,
1057 5729 1115 5774 ut
1146 5719 1302 5774 audio
1328 5760 1341 5776 .
1386 5719 1519 5773 alios
1552 5733 1615 5772 ex
1640 5719 1759 5773 aliis
1797 5719 2028 5773 honores
2060 5732 2148 5772 ca-

646 5834 686 5866 "
726 5834 889 5889 Eccli.
929 5851 1034 5896 XVI,
1065 5834 1117 5885 3.

2324 5719 2493 5779 Αὐτὸς
2530 5717 2648 5785 μὲν,
2669 5716 2741 5776 ὡς
2779 5712 3054 5783 μανθάνω,
3081 5710 3329 5782 ἀμείεεις
3356 5707 3529 5779 ἀρχὰς
3557 5705 3616 5772 ἐξ
3646 5705 3814 5777 ἀρχῶν
