3914 6512
152 476 287 539 1069

1360 478 1887 539 EPISTULARUM
1929 479 2070 538 LIB.
2118 480 2154 537 I.

3237 473 3371 537 1070

147 592 294 661 παρά
321 588 399 659 τῷ
433 590 581 644 κάτω
612 591 870 661 Καίσαρι,
904 592 998 644 καὶ
1032 591 1180 661 παρά
1210 592 1544 662 προαίρεσιν,
1565 597 1705 664 ἠγα-

1827 594 1983 648 iessis
2014 593 2158 662 apud
2182 592 2446 646 Caesarem
2471 600 2736 655 nostrum,
2755 589 2915 659 idque
2944 602 3137 657 praeter
3164 602 3371 652 votum.

149 684 360 753 πημένε
394 699 482 751 μοι
523 682 658 752 ὁμοῦ
690 683 781 735 καὶ
815 683 1131 751 τιμιώτατε.
1177 682 1315 750 Ἐγὼ
1356 684 1413 736 δὲ
1449 688 1477 737 ὁ
1521 701 1708 737 ταπει-

148 776 232 838 νὸς
279 775 340 826 οὐ
402 774 767 845 διαλιμπάνω,
801 773 877 842 τῷ
918 773 1033 827 ἄνω
1079 776 1172 826 καὶ
1223 776 1438 828 πάντων
1495 774 1706 844 βασιλεῖ

150 867 301 933 φίλον
331 866 529 919 οἰκεῖόν
562 882 620 918 σε
646 866 714 918 δι’
744 866 1027 930 εύσεϐείας
1051 866 1337 936 ὑπάρχειν.
1360 865 1502 917 Διότι
1524 867 1706 933 κρεῖσο

150 976 237 1010 σον
280 958 375 1009 καὶ
417 957 476 1009 τὸ
516 957 806 1009 πολλοστὸν
839 956 1095 1027 τετάχθαι
1143 957 1284 1010 κατά
1312 957 1374 1009 τὸ
1410 956 1710 1027 ἀκρότατον

149 1048 375 1116 ἔσχατον
403 1046 480 1116 τῷ
502 1047 764 1116 οὐρανίῳ,
799 1048 831 1117 ἢ
872 1048 1010 1101 κατά
1053 1048 1112 1100 τὸ
1146 1048 1449 1119 πρώτιστον
1488 1046 1566 1116 τῷ
1590 1048 1712 1100 ὲπι-

150 1139 299 1209 γείῳ.
340 1139 586 1191 Πιστεύω
624 1139 679 1191 δὲ
736 1139 889 1202 εἰδώς
952 1156 1043 1193 σου
1077 1140 1135 1191 τὺ
1186 1139 1573 1209 φιλομέριμνον
1613 1140 1711 1208 τῆς

151 1231 442 1300 σωτηρίας,
476 1231 643 1299 μηδὲν
702 1230 1186 1301 παραςημιοῦσθαι
1233 1232 1311 1293 είς
1338 1230 1537 1301 ψυχὴν,
1572 1230 1709 1286 ἀλλὰ

150 1320 241 1372 καὶ
281 1318 741 1390 παρακερδαίνειν
776 1321 840 1371 ἐκ
872 1319 965 1372 τοῦ
996 1319 1337 1389 ἀξιώματοςο
1373 1320 1541 1373 ὄντων
1585 1320 1709 1390 τρό-

151 1430 268 1463 πων
318 1412 419 1463 ούκ
457 1410 652 1478 ὀλίγων
701 1412 780 1473 εἰς
828 1410 1179 1464 λυσιτέλειαν.
1226 1411 1466 1482 Ἦρκεσε
1499 1410 1608 1480 γὰρ
1635 1409 1712 1479 τῷ

154 1503 355 1573 πτωχῷ
402 1503 655 1557 ὑποτελεῖ
698 1504 756 1555 οὐ
794 1503 953 1573 μόνον
998 1502 1166 1574 ἀνοχὴ
1196 1503 1378 1574 φόρων
1403 1519 1417 1534 ο
1449 1502 1586 1556 ἀλλά
1620 1503 1714 1555 καὶ

148 1593 271 1663 ὄψις
322 1595 557 1663 εὐμενὴς
600 1593 699 1647 τοῦ
753 1594 819 1646 τὰ
866 1590 1118 1664 βασιλικά
1146 1593 1403 1663 χρήματα
1443 1592 1710 1662 αἴροντος,

150 1684 243 1735 καὶ
310 1683 460 1752 φωνὴ
501 1682 635 1752 ὴπίσ
670 1722 686 1747 ,
721 1683 816 1736 καὶ
860 1682 1100 1752 φθόγγος
1137 1683 1534 1754 χαιρετιστικός
1561 1698 1575 1712 ·
1619 1681 1715 1735 καὶ

150 1773 302 1826 οὔπω
344 1763 488 1841 λέγω
536 1774 688 1827 λύσιν
725 1774 1021 1844 συνδέσμου
1062 1774 1296 1839 ἀδικίας,
1319 1774 1455 1827 ἀλλα
1500 1792 1561 1827 τε
1613 1774 1714 1827 ὅσα

151 1865 608 1918 ἐπακολουθοῦσιν
633 1866 870 1935 εὐχερῶς
894 1869 1065 1918 ποιεῖν
1101 1865 1179 1935 τῷ
1208 1865 1522 1935 ἄρχοντιτῷ
1554 1865 1715 1936 ἀρχο-

1808 684 2001 739 dilecte
2045 686 2120 739 mi
2174 685 2377 755 pariter
2426 700 2490 739 ac
2530 683 3003 739 reverendissime.
3057 684 3167 754 Ego
3247 700 3375 738 vero

1809 772 2031 827 humilis
2060 783 2250 844 optare
2300 788 2408 827 non
2435 774 2626 828 desino
2647 815 2661 837 ,
2712 781 2766 827 te
2795 773 3028 827 amicum
3054 771 3374 827 familiarem

1812 863 2020 917 cmlesti
2064 865 2306 918 omnium
2342 864 2452 935 regi
2504 880 2601 934 per
2628 863 2880 932 pietatem
2917 878 3056 917 esse.
3108 862 3377 928 Quoniam

1810 954 2005 1008 melius
2060 964 2145 1009 est
2190 955 2480 1009 millesimo
2526 962 2579 1008 et
2617 954 2857 1008 omnium
2908 962 3179 1023 postremo
3236 951 3379 1019 apud

1812 1043 2129 1109 cwlestem,
2191 1059 2351 1113 quam
2410 1044 2652 1099 omnium
2707 1042 2880 1112 primo
2927 1042 3070 1113 apud
3105 1052 3379 1095 terrenum

1811 1152 1989 1207 regem
2036 1136 2156 1190 loco
2203 1135 2432 1190 censeri.
2479 1135 2623 1190 Bona
2649 1143 2827 1189 autem
2854 1148 2947 1201 spe
2978 1148 3127 1194 sum,
3161 1145 3383 1201 perspe-

1811 1236 1958 1288 ctum
2024 1227 2233 1282 habens
2296 1226 2442 1297 quod
2499 1242 2683 1281 curam
2736 1224 2924 1279 salutis
2968 1238 3164 1296 geras,
3235 1222 3383 1276 nulla

1811 1335 1876 1374 ex
1935 1329 2090 1389 parte
2147 1320 2265 1375 laedi
2324 1319 2561 1373 animam
2618 1327 2785 1383 tuam,
2830 1317 2925 1372 sed
2965 1317 3173 1371 lucrum
3218 1315 3382 1370 etiam

1813 1410 1991 1465 facere
2019 1426 2085 1465 ex
2116 1410 2373 1481 dignitate
2412 1428 2425 1466 :
2468 1425 2590 1465 cum
2638 1409 2745 1465 sint
2794 1423 2902 1462 non
2953 1407 3112 1478 pauci
3155 1406 3223 1461 ad
3256 1420 3383 1475 pro—

1814 1501 2103 1557 ficiendum
2155 1502 2323 1557 modi.
2371 1501 2580 1557 Snilicit
2634 1502 2782 1579 enim
2810 1498 3035 1570 pauperi
3074 1497 3382 1559 tributario,

1815 1609 1925 1649 non
1991 1594 2167 1649 solum
2220 1594 2543 1648 tributorum
2615 1592 2864 1648 remissio
2911 1609 2923 1645 :
2978 1606 3166 1645 verum
3221 1589 3383 1644 etiam

1816 1683 2082 1753 benignus
2108 1691 2357 1752 aspectus
2384 1683 2526 1737 illius
2564 1682 2653 1751 qui
2682 1681 2940 1751 pecunias
2960 1680 3134 1751 regias
3162 1678 3382 1749 colligit,

1815 1782 1871 1826 et
1900 1786 2005 1825 vox
2037 1771 2176 1824 lenis
2216 1780 2270 1824 et
2298 1771 2505 1824 salvere
2530 1770 2769 1839 jubentis
2798 1783 3003 1822 sonus:
3043 1782 3106 1821 ac
3144 1767 3383 1821 nondum

1817 1865 1941 1919 dico
1995 1863 2324 1918 solutionem
2365 1862 2562 1917 vinculi
2604 1861 2923 1930 iniquitatis.
2979 1870 3034 1915 et
3084 1859 3185 1913 alia
3240 1874 3387 1928 quae-

154 1954 321 2023 μένῳ.
358 1954 447 2021 Μὴ
471 1954 649 2006 τοίνυν
666 1954 750 2021 ἐφ’
775 1947 849 2007 ὧν
882 1949 1010 2024 δύνῃ
1036 1948 1094 2007 εὗ
1130 1956 1302 2007 ποιεῖν
1328 1994 1343 2018 ,
1376 1955 1599 2007 σεαυτὸν
1628 1955 1715 2008 διὰ

1827 1970 2037 2023 cunque
2085 1969 2114 2006 a
2166 1952 2409 2022 principe
2453 1967 2578 2021 erga
2606 1952 2848 2006 subditos
2906 1950 3020 2004 fieri
3061 1949 3257 2003 solent.
3309 1948 3388 2001 Ne

149 2041 247 2108 τῆς
281 2041 361 2102 είς
390 2039 609 2109 ἑτέρους
642 2041 1011 2110 χρηστότητος
1053 2039 1336 2109 ἀμελοίης,
1368 2040 1541 2109 Κύριέ
1574 2058 1673 2110 μου
1699 2057 1713 2072 ·

158 2131 199 2143 ..
217 2130 230 2142 .
247 2130 263 2150 ,
300 2130 312 2147 .
338 2148 359 2161 _
814 2129 863 2147 η
892 2148 912 2160 ρ
1185 2130 1207 2147 .,
1604 2131 1617 2147 ,

147 2142 246 2183 αλλ
284 2148 356 2194 ω,
387 2130 604 2193 συνετὸς
633 2131 727 2183 καὶ
758 2134 910 2194 είοω,
958 2131 1151 2201 μικρὸν
1185 2148 1411 2201 υστερον
1436 2131 1718 2197 ἐξελεύσε-

155 2222 276 2275 σθαι
305 2223 454 2291 ἡμᾶς
486 2220 639 2275 τοῦδε
666 2222 759 2274 τοῦ
784 2221 921 2291 βίου,
953 2223 1117 2292 μηδὲν
1140 2222 1267 2276 ἀλλο
1296 2223 1650 2293 συναίροντας
1682 2221 1714 2291 ἢ

153 2300 261 2376 τὰς
302 2312 531 2380 πράξεις
557 2329 570 2342 ο
595 2312 873 2376 τοιαύταις
924 2314 1018 2366 καὶ⁵
1072 2313 1444 2383 προσκείμεθα
1469 2353 1485 2377 ,
1525 2312 1623 2375 τὰς
1659 2312 1716 2364 δὲ

156 2404 245 2456 καὶ
278 2403 702 2474 θησαυρίζοιμεν
732 2420 745 2433 ·
772 2403 1015 2472 δηλονότι
1046 2403 1146 2466 τὰς
1168 2404 1374 2472 ἑφόδιον
1402 2405 1534 2472 ἡμῖν
1570 2403 1716 2472 ζωῆς

153 2495 399 2559 αίωνίου,
428 2495 523 2548 καλ⁸
568 2494 920 2557 ἀπολαύσεως
960 2478 1289 2567 ἀπορρήτων
1338 2496 1559 2563 ἀγαθῶν
1593 2496 1719 2565 μελ-

154 2585 351 2649 λούσας
409 2584 645 2640 ἐσεσθαι.
679 2586 808 2650 Ναὶ,
849 2587 1148 2655 παρακαλῶ
1186 2587 1248 2640 τὸ
1298 2587 1431 2656 ὲμὺν
1471 2581 1629 2655 αἷμα,
1659 2587 1719 2640 τὸ

154 2677 286 2745 ἐμὸν
340 2676 563 2747 πόθημα
591 2718 607 2743 ,
654 2677 715 2729 τὸ
755 2676 967 2748 αγαθῆς
1016 2677 1182 2740 ὅντως
1233 2677 1387 2748 ῥίζης
1434 2677 1719 2747 Βλάστημα

158 2769 355 2837 ’Ᾱννης
392 2766 627 2837 ἐκείνης,
661 2766 757 2837 τῆς
796 2767 919 2836 ἐμοὶ
968 2767 1271 2836 σεϐασμίας
1305 2768 1398 2820 καὶ
1440 2769 1719 2838 ἐρασμιω-

155 2855 322 2924 τάτης
349 2854 433 2908 ὅτι
471 2855 726 2925 μάλιστα,
766 2856 903 2908 πᾶσι
932 2855 989 2908 δὲ
1020 2858 1134 2918 τοῖς
1162 2855 1458 2926 γνωρίμοις
1477 2859 1721 2909 ἐπαινου-

159 2946 326 3017 μένης
361 2947 452 3001 διὰ
475 2947 799 3017 σεμνότητα,
817 2948 914 3017 τῆς
936 2948 1074 3018 ἐμῆς
1101 2946 1177 3010 ὡς
1196 2947 1407 3016 ἀληθῶς
1441 2948 1720 3020 μακαρίας

159 3041 365 3110 μητρὸς
385 3039 793 3111 ἀμφοτέρωθεν.

1826 2041 2067 2113 igiturin
2093 2041 2291 2105 quibus
2316 2048 2469 2109 potes
2499 2040 2840 2102 benelacere,
2878 2038 3131 2108 teipsum,
3167 2036 3389 2090 Domine

1823 2134 1920 2197 mi,
1976 2140 2198 2201 pmpter
2266 2131 2563 2185 bonitatem
2616 2129 2671 2182 in
2695 2129 2853 2193 alios,
2907 2128 3238 2199 neglexeris;
3292 2125 3389 2179 sed

1823 2230 2077 2292 tanquam
2120 2222 2360 2292 prudens
2414 2230 2470 2276 et
2495 2222 2674 2276 sciens
2710 2236 2811 2276 nos
2844 2236 2909 2276 ex
2953 2220 3053 2275 hac
3082 2220 3191 2274 vita
3231 2217 3419 2289 paulo

1824 2328 1948 2368 mox
1989 2328 2344 2376 excessuros,
2397 2312 2533 2367 nihil
2577 2312 2723 2367 aliud
2755 2311 3065 2365 auferentes
3108 2308 3390 2363 nobiscum

1822 2414 2019 2474 praeter
2046 2403 2291 2459 actiones
2320 2422 2334 2458 :
2382 2403 2437 2457 in
2466 2404 2564 2457 has
2595 2402 2820 2471 proinde
2848 2400 3220 2455 incumbamus
3247 2437 3260 2461 ,
3294 2398 3394 2451 has

1820 2504 1876 2549 et
1902 2494 2332 2550 thesaurizemus
2362 2510 2376 2548 :
2410 2493 2610 2563 quippe
2638 2507 2757 2561 qua:
2785 2491 3042 2545 viaticum
3080 2488 3239 2543 nobis
3270 2486 3392 2541 vitae

1816 2596 2035 2640 πίοι-ηε
2067 2595 2124 2641 et
2153 2585 2421 2640 fruitionis
2446 2586 2711 2640 bonorum
2734 2580 3174 2639 inenarrabilium
3199 2578 3393 2633 futurae

1820 2684 1966 2731 sunt.
1989 2674 2102 2738 Nae,
2132 2677 2362 2731 obsecro
2400 2684 2451 2729 te
2483 2675 2800 2745 sanguinem
2828 2689 3031 2737 meum,
3063 2668 3391 2726 desiderium

1823 2782 2005 2822 meum
2033 2808 2049 2833 ,
2099 2768 2256 2823 bona:
2285 2768 2509 2823 omnino
2545 2767 2739 2821 radicis
2773 2781 2992 2836 germen
3030 2765 3199 2818 Annae
3227 2762 3391 2825 illius,

1824 2874 1943 2928 quze
1972 2869 2026 2914 et
2050 2861 2179 2914 mihi
2206 2861 2516 2915 veneranda
2547 2870 2601 2915 et
2629 2860 2929 2914 adamanda
2963 2872 3124 2926 supra
3150 2856 3392 2918 modum,

1827 2952 2084 3007 omnibus
2125 2968 2254 3008 vero
2309 2955 2398 3023 qui
2464 2969 2582 3008 eam
2639 2961 2841 3006 norunt
2898 2951 3111 3005 laudata
3172 2955 3395 3019 propter

1830 3042 2204 3110 honestatem;
2240 3061 2373 3101 mea:
2398 3061 2583 3099 revera
2619 3046 2788 3100 beatae
2815 3045 3004 3098 matris
3032 3041 3305 3109 utrinque.

162 3134 287 3189 Tres
313 3133 547 3200 epistola:
583 3140 847 3202 sequentes
880 3129 1064 3185 desunt
1098 3132 1151 3185 in
1177 3131 1323 3209 libris
1355 3149 1483 3209 mss.
1516 3133 1700 3209 quibus
1721 3136 1999 3209 usisnmus
2029 3153 2061 3209 :_
2080 3147 2281 3192 tantum
2328 3140 2691 3209 inscriptiones
2741 3148 2989 3192 notantur
3030 3137 3132 3189 isto
3189 3134 3303 3187 loco
3346 3138 3396 3185 ει

1167 3202 1347 3257 ordine
1376 3204 1428 3257 in
1458 3220 1555 3257 ms.
1598 3202 1802 3274 collegii
1828 3208 1994 3261 nostri
2028 3205 2372 3263 Parisiensis.

514 3317 649 3371 ΜΒ.
671 3345 738 3356 -
770 3315 1116 3385 Ναυκρατίῳ
1171 3314 1379 3381 τέκνῳ.

523 3406 667 3474 ΒΚΤ.
702 3438 771 3447 --
797 3410 973 3475 Ἀννῃ
1012 3407 1339 3476 ἡγουμένῃ.

514 3504 643 3557 ΜΖ’.
680 3533 751 3543 -
774 3502 1121 3570 Ναυκρατίῳ
1147 3502 1352 3566 τέκνῳ.

450 3642 667 3696 MH'.—
694 3643 1025 3706 Ἀθανασίῳ
1042 3642 1248 3705 τέκνῳ.
1277 3640 1451 3712 [σιβ’.Ι

2248 3321 2407 3376 XLV.
2440 3353 2504 3368 --
2536 3324 2828 3377 Naucratio
2872 3323 3000 3391 ﬁlio.

2194 3411 2375 3466 XLVI.
2405 3444 2474 3454 —
2505 3414 2669 3469 Annw
2716 3414 3023 3484 pra'positw.

2217 3500 2424 3557 XLVII.
2460 3534 2526 3543 —-
2551 3503 2845 3557 Naucratio
2872 3504 3001 3572 ﬁiio.

2224 3643 2454 3699 XLVIII.
2483 3676 2548 3685 —
2574 3646 2861 3699 Athanasio
2886 3646 3017 3714 ﬁlio.

200 3757 517 3810 Sententiam
542 3758 942 3814 Moecbianorum,
970 3756 1199 3806 haeresim
1224 3768 1337 3805 esse
1361 3756 1600 3816 ostendit,
1633 3747 1686 3806 et
1709 3756 2095 3807 orthodoxorum
2116 3761 2386 3809 certamina
2408 3760 2666 3810 describit.
2707 3762 2911 3824 (Baron.
2938 3774 3049 3811 ann.
3074 3761 3188 3824 809,
3212 3775 3261 3813 η.
3297 3764 3400 3824 50.)

248 3865 533 3934 Ἐνέτυχόν
569 3880 663 3915 σου
687 3865 798 3926 τοῖς
830 3863 1172 3934 γράμμασιν,
1210 3861 1404 3931 ἀδελφὲ
1437 3860 1732 3931 ἠγαπημέ-

167 3974 245 4019 νε,
308 3954 683 4025 μακροθύμως
715 3970 729 3984 ο
761 3955 855 4007 καὶ
890 3954 1116 4025 ἐξέστην
1172 3954 1266 4007 ἐπὶ
1309 3957 1381 4023 τῇ
1428 3953 1603 4025 ἀθρόᾳ
1638 3969 1731 4005 σου

171 4046 441 4117 μεταϐολῇ
474 4046 635 4099 λίαν.-
660 4046 880 4114 Ἀφήσω
931 4045 992 4097 τὸ
1040 4045 1304 4116 πρότερον
1337 4062 1350 4075 '
1378 4046 1461 4099 ὃτι
1511 4044 1729 4113 συνοψι-

170 4138 313 4200 σθείς
346 4153 437 4206 μοι
457 4134 833 4204 ῶμοφώνησας
863 4134 1075 4204 αἰρεσιν
1122 4130 1262 4186 εἶναι
1299 4133 1396 4203 τὴν
1422 4134 1736 4203 Μοιχειανι-

167 4229 268 4299 κήν
291 4226 656 4298 ψευδοδοξίαν·
694 4226 915 4293 ἄγνοιαν
940 4224 1374 4295 προϐαλλόμενος
1393 4227 1489 4277 καὶ
1519 4225 1617 4293 τὴν
1643 4226 1734 4277 ἀπ’

168 4320 344 4373 ἄλλων
380 4317 668 4386 συντυχίαν
696 4334 708 4346 ·
742 4317 853 4370 ἀλλ’
884 4320 965 4371 ὅτι
990 4334 1051 4383 γε
1081 4317 1175 4370 καὶ
1213 4316 1350 4385 μετά
1390 4316 1559 4370 ταῦτα
1601 4317 1732 4370 am.

170 4410 330 4476 γνοὺς
356 4406 455 4477 τὴν
482 4406 837 4473 Πεντάλογον,
870 4408 1158 4475 ἀπέφηνας
1186 4406 1355 4475 αὐτὴν
1386 4406 1736 4471 πεντάφωτον

173 4494 333 4553 εἶναι.
366 4498 479 4550 Νῦν
515 4496 596 4560 δὲ,
623 4495 696 4555 ῶς
725 4495 899 4548 ἔοικεν
926 4534 937 4559 ,
974 4496 1267 4558 ἀντιθέτως
1295 4495 1465 4565 αὐτὴν
1495 4495 1733 4563 ὑπολαμο

172 4588 296 4643 ϐἁνε
305 4605 355 4650 ις
386 4603 399 4615 ·

172 4679 413 4746 ἀγνοίας,
450 4678 653 4748 μᾶλλον
696 4676 751 4728 δὲ
803 4679 895 4729 καὶ
949 4678 1109 4729 πλέον
1135 4678 1582 4747 ἀπεχθανομένην
1620 4681 1732 4739 τοῖς

172 4770 273 4821 ὑπὸ
316 4770 418 4838 τῆς
466 4767 847 4831 ταπεινώσεώς
878 4785 975 4837 μου
1018 4767 1227 4838 ῥηθεῖσι
1256 4767 1511 4829 πνεύσας.
1548 4769 1656 4820 Καὶ
1688 4768 1734 4818 εἰ

176 4862 269 4929 μὲν
292 4859 427 4929 ἐμοῦ
462 4859 639 4926 λόγια,
677 4859 864 4928 ἐπειδὴ
896 4860 1187 4924 σκοτεινὸς,
1218 4859 1368 4911 οὐδὲν
1400 4858 1729 4928 θαυμαστόν.

183 4951 398 5018 Ἐπειδὴ
449 4951 507 5002 δὲ
545 4950 631 5002 διά
676 4953 860 5019 φωνῆς
912 4951 1139 5020 Κυρίου,
1190 4951 1499 5003 ἀποστόλων
1539 4968 1599 5002 τε
1641 4954 1735 5003 καὶ

175 5040 488 5111 προφητῶν,
519 5040 652 5109 πρὸς
672 5039 883 5101 τούτοις
914 5038 970 5090 δὲ
1000 5039 1091 5091 καὶ
1121 5038 1403 5108 Θεοφόροις
1461 5038 1735 5107 Πατράσιν

175 5130 627 5193 ὲναποδέδεικται,
658 5131 741 5182 ὅτι
789 5130 1001 5200 αἵρεσις
1031 5124 1390 5198 χαλεπωτᾶτη
1416 5146 1430 5161 ο
1489 5128 1737 5197 βλεπέτω

178 5224 315 5291 σουὴ
338 5220 573 5283 σύνεσις,
595 5222 690 5273 καὶ
715 5222 761 5273 εἰ
789 5220 1029 5273 τινοσοῦν
1046 5219 1207 5273 ἄλλου
1230 5219 1736 5288 ὁμογνωμονοῦντός

179 5329 276 5375 σοι,
311 5311 415 5364 ποῦ
465 5309 832 5380 προσκρούειν
889 5310 1130 5379 μέλλετε.
1179 5311 1250 5362 AI
1303 5308 1409 5379 γὰρ
1435 5310 1737 5379 παρ’ὑμὼν

179 5404 463 5471 προτάσεις
498 5399 743 5469 περὶτοῦ
772 5400 846 5471 μὴ
879 5394 1017 5453 εἶναι
1049 5402 1280 5470 αἵρεσιν,
1311 5402 1609 5468 σύγγνωτε,
1640 5399 1740 5451 οὐκ

179 5492 239 5541 ὲκ
263 5490 445 5556 φωνῆς
475 5488 701 5558 Κυρίου,
732 5488 851 5541 οὐδὲ
875 5489 939 5541 ἐκ
962 5488 1223 5557 στόματος
1253 5490 1436 5556 ἁγίου·
1474 5505 1738 5558 προφητι-

179 5581 287 5643 κῶς
310 5581 365 5633 δὲ
387 5581 585 5642 εἰπεῖν,
624 5581 687 5632 ὲκ
709 5579 813 5649 γῆς
852 5580 1178 5649 φωνούντων
1208 5582 1301 5634 καὶ
1347 5583 1410 5633 ὲκ
1444 5580 1621 5648 νόμων
1644 5578 1739 5632 ἁλ-

179 5672 409 5725 λοκότων
441 5713 455 5738 ,
488 5670 726 5741 πληθύος
765 5688 824 5725 τε
871 5673 968 5743 τῆς
1019 5673 1169 5745 φόϐῳ
1206 5672 1532 5744 ἀνθρωπίνῳ
1565 5665 1739 5725 πάντα

251 5829 293 5859 ⁸⁸
326 5827 423 5883 Isa.
465 5844 608 5893 un,
644 5828 695 5881 4.

1901 3861 2089 3933 Magna
2145 3879 2269 3918 cum
2321 3866 2582 3935 patientia
2641 3866 2743 3937 legi
2784 3866 2992 3922 litteras
3033 3876 3174 3930 tuas,
3234 3868 3404 3923 frater

1829 3955 2206 4011 charissime:
2262 3968 2319 4012 et
2383 3959 2540 4013 valde
2598 3959 2849 4029 obstupui
2922 3958 2989 4013 ad
3061 3960 3401 4030 repentinam

1832 4048 2183 4102 mutationem
2250 4057 2418 4102 tuam.
2482 4049 2633 4103 Mitto
2691 4051 2875 4119 priora
2923 4050 3034 4112 illa,
3089 4052 3235 4121 quod
3278 4066 3401 4107 cum

1837 4152 2020 4192 coram
2064 4154 2277 4193 mecum
2320 4154 2503 4201 88588,
2567 4140 2813 4194 heresim
2854 4155 2976 4196 esse
3015 4141 3298 4197 confessus
3344 4159 3404 4202 88

1839 4230 2247 4285 Mmchianicam
2294 4230 2484 4285 falsam
2528 4232 2882 4299 Opinionem;
2946 4233 3213 4288 inscitiam
3267 4251 3405 4303 pra:-

1837 4320 2025 4375 dicans
2054 4330 2109 4375 et
2156 4322 2383 4375 aliorum
2422 4322 2512 4390 qui
2544 4331 2949 4377 convenerant:
3004 4333 3190 4392 postea
3239 4324 3402 4380 etiam

1837 4424 1958 4462 cum
1991 4408 2340 4480 Pentalogum
2372 4410 2623 4480 legisses,
2653 4412 3040 4481 quintuplicem
3071 4428 3193 4467 eum
3226 4414 3403 4469 lucem

1837 4514 1957 4553 esse
1979 4500 2363 4568 pronuntiasti.
2386 4500 2543 4555 Nunc
2572 4509 2793 4564 vero,ut
2814 4510 3055 4572 apparet,
3080 4503 3403 4575 impugnan-

442 4586 569 4654 ὃλην
613 4602 703 4638 σου
752 4586 851 4654 τὴν
875 4586 1090 4655 ὁμιλίαν
1117 4586 1308 4655 ὁμοίαν
1340 4603 1421 4638 σοι
1459 4586 1557 4653 τῆς
1606 4587 1723 4653 πρὶν

1837 4590 1963 4644 dum
2016 4592 2111 4645 tibi
2178 4592 2326 4646 illum
2383 4592 2794 4647 sumisztotam
2852 4594 3151 4648 orationem
3220 4602 3402 4660 tuam,

1838 4681 2077 4754 pristinae
2127 4682 2269 4735 illius
2335 4682 2652 4753 ignorantiae
2695 4691 2802 4738 tua:
2830 4683 3082 4749 similem,
3135 4699 3199 4738 ac
3233 4685 3405 4740 multo

1836 4772 1998 4824 etiam
2072 4772 2241 4841 magis
2312 4772 2565 4827 infestam
2618 4773 2941 4829 humilitatis
3007 4788 3143 4830 mea
3202 4773 3403 4841 dictis,

1835 4859 2109 4914 ell'utiens.
2169 4858 2238 4914 Et
2296 4860 2512 4930 quidem
2556 4862 2600 4916 si
2652 4863 2815 4916 verba
2871 4878 2990 4918 mea
3026 4872 3249 4928 essent;
3279 4865 3407 4933 quia

1836 4950 2101 5005 obscurus
2154 4965 2294 5015 sum,
2346 4951 2483 5004 nihil
2535 4953 2731 5006 mirum
2779 4963 2941 5007 esset.
2996 4952 3134 5008 Cum
3182 4968 3408 5009 veroex

1839 5038 2052 5094 Domini
2083 5055 2215 5095 voce
2240 5080 2254 5105 ,
2320 5042 2793 5111 apostolorumque
2834 5054 2890 5098 et
2925 5046 3335 5113 prophetarum,
3375 5061 3405 5100 a

1838 5130 2089 5184 Patribus
2125 5131 2286 5185 etiam
2326 5131 2436 5186 Deo
2469 5133 2641 5201 plenis
2667 5135 3095 5189 demonstratum
3128 5137 3228 5200 sit,
3292 5136 3408 5190 ha:-

1842 5220 2002 5272 resim
2043 5234 2162 5274 esse
2197 5220 2567 5289 gravissimam
2598 5238 2611 5285 ;
2668 5224 2847 5278 videat
2896 5224 3179 5290 prudentia
3208 5235 3318 5288 tua,
3346 5235 3410 5280 et

1839 5311 2086 5381 quisquis
2106 5312 2246 5368 alius
2281 5321 2364 5367 est
2386 5315 2477 5382 qui
2507 5324 2683 5369 tecum
2712 5316 2911 5369 sentiat
2932 5357 2946 5377 .
2981 5332 3087 5385 quo
3128 5318 3404 5387 redigendi

1841 5399 1983 5455 sitis.
2031 5401 2365 5472 Argumenta
2409 5402 2554 5457 enim
2606 5405 2715 5470 illa,
2765 5406 2960 5474 quibus
3004 5408 3254 5462 haeresim
3297 5424 3405 5462 non

1841 5504 1964 5544 esse
2000 5492 2362 5556 contenditis,
2406 5492 2687 5559 ignoscite,
2716 5510 2822 5548 non
2859 5511 2923 5549 ex
2953 5497 3160 5551 Domini
3193 5498 3405 5560 verbis,

1844 5596 2024 5650 neque
2048 5595 2114 5635 ex
2142 5596 2235 5636 ore
2268 5591 2457 5639 sancto
2489 5585 2805 5654 deprompta
2846 5596 2971 5641 sunt
3000 5606 3013 5652 ;
3050 5589 3165 5653 sed,
3194 5597 3252 5641 ut
3284 5604 3409 5641 cum

1848 5671 2113 5740 propheta
2161 5671 2350 5742 loquar
2408 5672 2473 5735 ⁸⁸,
2532 5690 2593 5729 ex
2623 5684 2762 5728 terra
2816 5677 3185 5744 clamantium,
3239 5685 3297 5731 et
3342 5690 3410 5731 ex
