3914 6438
564 392 701 460 1071
1696 394 1757 454 S.
1799 388 2190 454 THEODORI
2234 385 2582 447 STUDlT/E
3651 382 3766 448 1072

552 506 766 576 legibus
786 501 1003 567 alienis,
1028 502 1486 573 multitudineque
1516 503 1696 559 omnia
1722 504 1965 558 humano
1990 510 2137 556 metu

2252 499 2420 566 λέγειν
2445 499 2902 571 ἐπιτρεπομένης.
2945 500 3113 568 Φαίης
3141 499 3250 571 γὰρ
3289 501 3404 562 ὅτι,
3437 503 3633 563 πάντες
3662 506 3781 571 φίλοι

550 596 693 664 loqui
748 593 1037 664 permissa.
1085 593 1180 647 Ais
1209 593 1353 646 enim
1435 593 1643 648 amicos
1667 608 1864 647 omnes
1899 607 1963 646 ac
1991 591 2132 661 pios,

2252 593 2331 644 ιιαὶ
2372 592 2637 656 εὐσεϐεῖς,
2679 593 2972 662 γνωστικοί
2998 609 3057 645 τε
3095 593 3191 647 καὶ
3220 593 3450 659 ἰδιῶται,
3471 597 3784 666 ἐκμείνονται

549 689 845 756 doctosque
870 686 1024 755 juxta
1055 693 1109 740 et
1137 685 1385 740 indoctos
1413 725 1426 748 ,
1455 686 1696 756 percelli,
1732 701 1854 740 cum
1886 684 2134 738 haeresim

2252 686 2534 749 ixodovrsc
2580 688 2661 740 ὅτι
2690 687 2900 757 αἵρεσις
2931 703 2944 717 ·
2977 685 3326 757 παράστασιν
3372 686 3548 740 ταῦτα
3588 690 3787 759 προϐαλ-

549 779 782 834 audiunt
825 794 980 833 esse:
1027 779 1144 834 haec
1190 789 1382 834 contra
1437 789 1812 850 Opponentes:
1854 777 1989 832 Cum
2039 777 2136 830 ad-

2252 782 2477 850 l6pev0t,
2508 781 2590 834 ὅτι
2637 781 2863 850 μηδενὸς
2902 781 3304 851 ἀνθισταμένου
3345 782 3439 834 καὶ
3475 781 3786 846 διδάσκοντος

549 881 800 925 versetur
871 886 1052 938 nemo,
1097 871 1356 927 doceatve
1385 871 1666 936 mcechari,
1729 878 1785 925 et
1843 868 2135 938 sacrilegos

2252 870 2332 924 τοῦ
2367 871 2641 941 μοιχεύειν
2667 872 2761 924 καὶ
2793 871 2940 924 λύειν
2971 874 3096 936 τοὺς
3133 872 3401 941 ἀνιέρους.
3438 873 3563 936 Πῶς
3599 875 3788 926 καλέσοο

551 962 864 1028 absolvere;
907 963 1180 1032 quomodo
1218 962 1506 1018 haereticos
1549 962 1671 1016 illos
1702 959 2139 1032 appellabimus?

2252 980 2340 1030 κεν
2378 964 2574 1027 αὐτοὺς
2613 965 2963 1036 αἱρετικούςς
3002 966 3335 1036 Παραϐἀτας
3365 967 3477 1036 γὰρ
3528 967 3636 1020 τῶν
3662 971 3788 1023 ἐντο-

2239 1055 2345 1109 λῶν
2385 1056 2481 1109 τοῦ
2510 1057 2714 1126 Κυρίου
2738 1097 2750 1121 ,
2793 1058 2883 1109 καὶ
2915 1059 3307 1128 καταπατητάς
3336 1058 3442 1112 τῶν
3475 1058 3632 1113 θείων
3659 1061 3792 1113 κανό-

2239 1166 2366 1214 νων,
2403 1151 2496 1202 καὶ
2518 1150 2788 1220 ἀνιέρους,
2816 1151 3043 1204 δίκαιον.
3066 1151 3189 1214 Πῶς
3218 1148 3310 1206 οὖν
3332 1153 3435 1205 ούκ
3454 1153 3602 1207 ἔστιν
3615 1154 3789 1207 ἐκπλα-

2247 1241 2411 1310 γῆναι
2461 1240 2678 1313 πρῶτον
2702 1243 2782 1304 είς
2830 1242 2930 1312 τὴν
2984 1241 3142 1313 ἡμῶν
3195 1243 3514 1312 ἐμμέλειαν,
3572 1245 3636 1297 τά
3676 1245 3793 1297 αὐτὰ

2239 1333 2496 1398 πολλάκις
2522 1334 2683 1403 δῆθεν
2709 1335 2934 1388 ἐκείνων
2971 1337 3376 1405 προσάγουσαν,
3414 1337 3510 1389 καὶ
3552 1337 3791 1390 ἀντακού-

2237 1443 2403 1479 ουσαν
2424 1427 2656 1497 τάληθῆ.
2682 1427 2718 1481 ἃ
2747 1428 2839 1479 καὶ
2869 1428 3066 1490 παῖδας
3093 1427 3302 1480 πείθειν
3336 1429 3541 1483 δύναιτ’
3577 1432 3657 1485 ἀν.
3682 1426 3794 1482 Εἶτα

2238 1518 2393 1582 αὖθις
2421 1519 2490 1572 τὰ
2542 1519 2681 1573 αύτά
2705 1557 2721 1581 ,
2751 1506 2961 1589 ὥσπερ
2999 1519 3400 1590 ἐπιλαθομένην
3447 1521 3516 1574 τὰ
3558 1522 3796 1593 πρότερον

551 1051 1005 1124 Transgressores
1047 1054 1192 1108 enim
1230 1054 1614 1108 mandatorum
1664 1051 1876 1105 Domini
1921 1061 1974 1106 et
2014 1066 2137 1105 con-

551 1143 853 1200 euleatores
869 1161 1138 1200 canonum
1158 1145 1473 1200 divinorum
1487 1187 1501 1212 ,
1519 1154 1573 1199 et
1597 1144 1890 1215 sacrilegos
1919 1158 2135 1212 aequum

551 1244 636 1292 est
663 1235 937 1306 appellare
985 1249 1082 1290 eos
1105 1235 1336 1299 scilicet,
1375 1251 1481 1291 non
1505 1245 1687 1290 autem
1710 1235 2012 1290 haereticos.
2033 1233 2135 1299 Qui

552 1344 682 1402 ergo
704 1328 979 1400 possimus
991 1344 1102 1384 non
1123 1330 1530 1400 obstupescere,
1557 1329 1790 1399 primum
1804 1327 2134 1396 diligentiam

553 1431 790 1476 vestram
812 1460 824 1484 ,
856 1436 976 1491 qua:
1004 1421 1194 1476 eadem
1224 1429 1392 1491 atque
1431 1419 1506 1474 illi
1543 1419 1837 1474 identidem
1883 1416 2134 1487 producit

554 1515 610 1570 in
640 1515 977 1579 medium,et
1007 1530 1136 1570 vera
1162 1514 1288 1569 inde
1317 1528 1578 1584 responsa
1614 1511 1780 1565 refert
1808 1551 1821 1574 ,
1855 1526 1976 1580 qua:
2002 1525 2136 1579 pue-

556 1606 634 1664 ris
669 1607 800 1678 ipsis
831 1609 1163 1678 persuadere
1192 1607 1446 1678 possint?
1475 1605 1678 1661 Deinde
1711 1618 1899 1658 rursus
1921 1603 2134 1666 eadem,

2252 1611 2596 1675 ixouseévm,
2621 1613 2939 1679 ἐπάγουσαν
2975 1612 3116 1682 μετά
3143 1613 3516 1683 σφοδροτέρας
3555 1614 3649 1683 τῆς
3679 1616 3797 1667 ἀπο-

555 1701 704 1757 velut
731 1701 897 1756 oblita
924 1717 1043 1771 quae
1064 1700 1217 1771 prius
1246 1699 1485 1764 audivit,
1534 1696 1742 1769 profert
1775 1711 1897 1752 cum
1928 1695 2137 1750 acriore

2252 1703 2364 1773 ρίας
2390 1706 2483 1757 καὶ
2517 1703 2807 1774 καθάψεως
2834 1704 2992 1774 ἡμῶν
3030 1703 3107 1768 ὼς
3140 1705 3351 1773 ἀλόγως
3379 1705 3641 1774 λεγόντων
3664 1706 3795 1776 αἵρε-

555 1789 926 1845 controversia
976 1797 1030 1844 et
1095 1788 1526 1859 reprehensione
1603 1795 1811 1849 nostra,
1879 1792 2136 1852 tanquam

2252 1810 2367 1856 rw:
2403 1793 2549 1848 οὕτω
2589 1792 2649 1866 If.
2684 1794 2866 1867 τοῦτο]
2926 1794 3027 1865 μέν
3054 1811 3138 1846 τοι
3166 1793 3225 1846 τὸ
3268 1795 3397 1866 περὶ
3433 1796 3577 1866 ὑμᾶς
3616 1796 3797 1866 ἐκπλη-

556 1879 834 1936 immerito
857 1880 1113 1935 haeresim
1144 1894 1266 1934 esse
1297 1878 1655 1934 aflirmemus.
1701 1876 1844 1941 Hoc,
1877 1877 2095 1945 inquam
2121 1914 2136 1939 ,
2167 1876 2213 1893 "
2246 1885 2456 1940 κτικάν,

556 1981 662 2037 est,
688 1974 742 2026 in
782 1986 891 2042 quo
913 1971 1170 2027 demirari
1202 1987 1298 2027 vos
1327 1987 1510 2043 cogor.

627 2062 781 2130 Quod
805 2077 936 2117 vero
959 2062 1027 2117 ad
1063 2062 1212 2133 ipsos
1240 2061 1579 2117 adversarios
1606 2063 1824 2123 attinet,
1854 2061 1969 2114 hrec
1995 2060 2136 2114 dico:

557 2152 804 2218 Quonam
831 2161 1012 2221 pacto,
1049 2151 1195 2222 quod
1231 2153 1491 2222 synodice
1523 2151 1958 2221 promulgarunt,
1993 2149 2138 2220 quod

557 2249 956 2304 conﬁrmarunt
983 2247 1084 2301 sub
1121 2261 1310 2301 eorum
1357 2245 1706 2300 anathemate
1739 2244 1832 2314 qui
1877 2243 2136 2316 dogmati,

562 2341 663 2396 hoc
701 2351 786 2394 est
821 2339 1213 2409 dispensationi
1275 2338 1514 2408 ipsorum
1541 2353 1599 2392 se
1643 2345 1950 2407 opponunt,
1995 2335 2138 2405 quod

559 2432 856 2487 etiamnum
895 2429 1138 2500 quotidie
1156 2429 1312 2484 factis
1342 2429 1474 2500 ipsis
1515 2429 1806 2493 docent,id
1844 2427 2140 2497 praedicare

559 2532 614 2579 et
661 2523 856 2578 docere
882 2537 939 2576 se
979 2521 1228 2592 negant?
1265 2520 1435 2584 Quam
1485 2521 1646 2590 igitur
1670 2519 1741 2572 ob
1770 2531 1984 2571 causam
2039 2530 2141 2584 ego

562 2613 785 2670 humilis
813 2615 1053 2668 inclusus
1093 2613 1180 2667 hic
1221 2611 1462 2666 teneor?
1501 2612 1608 2665 Cur
1677 2609 1917 2664 inclusus
1982 2607 2141 2661 Pater

563 2719 720 2759 meus
783 2703 1042 2758 aerumnis
1107 2701 1336 2756 affectus
1399 2711 1513 2764 cst,
1573 2702 1641 2754 ab
1707 2701 1829 2754 aliis
1891 2714 2140 2771 segrega-

565 2808 652 2851 tus
725 2795 991 2865 primum,
1057 2795 1254 2849 deinde
1331 2793 1383 2846 in
1453 2809 1576 2847 eum
1645 2794 1888 2847 intrusus
1959 2794 2136 2846 locum

567 2886 655 2941 ubi
717 2901 864 2940 nunc
918 2886 1059 2941 est?
1095 2885 1207 2939 Cur
1256 2886 1697 2954 archiepiscopus
1753 2886 1991 2954 ipsorum
2050 2884 2141 2953 ju-

565 2979 706 3034 dicio
744 2979 1042 3048 depositus,
1073 2990 1128 3032 et
1160 2978 1211 3031 in
1251 2993 1344 3032 eas
1372 2978 1648 3047 angustias
1675 2976 1942 3036 redactus,
1978 2984 2034 3027 ut
2062 2976 2142 3028 ei-

2252 2969 2478 3040 αγγελίᾳ
2527 2987 2585 3021 τε
2630 2975 2723 3022 καὶ
2769 2969 3070 3041 ἀσφαλείᾳ·
3118 2971 3194 3034 ὡς
3249 2971 3345 3024 καὶ
3392 2973 3599 3044 τροφὴν
3643 2972 3805 3042 μέτρῳ

567 3072 694 3125 bum
759 3079 904 3126 certa
966 3085 1220 3124 mensura
1286 3077 1524 3138 caperet,
1581 3067 1848 3123 ministris
1909 3066 2137 3136 imperio

2252 3059 2546 3127 λαμϐάνειν
2578 3060 2760 3115 αὐτόν.
2827 3061 3390 3132 Παρακελευσθέντων
3418 3061 3531 3116 τῶν
3572 3063 3804 3134 τροφοδοο

566 3161 823 3226 astrictts,
875 3168 988 3213 tum
1021 3159 1074 3213 in
1127 3159 1326 3228 palatio
1352 3160 1615 3225 inclusus,
1647 3175 1710 3212 ac
1753 3173 1927 3228 nuper
1978 3156 2140 3211 etiam

2252 3150 2356 3202 τῶν
2377 3165 2389 3178 ·
2423 3144 2542 3202 εἶτα
2577 3150 2635 3202 ἐν
2680 3150 2758 3220 τῷ
2809 3150 3060 3222 παλατίῳ
3101 3152 3578 3221 μετεγκλεισθείςο
3606 3151 3722 3224 ἀρτι
3755 3168 3805 3204 τε

568 3253 622 3306 in
658 3251 905 3307 exsilium
937 3251 1188 3321 eiectus?
1223 3252 1331 3307 Cur
1366 3251 1665 3305 reverentia
1693 3261 1780 3304 tua
1812 3266 1934 3304 cum
1968 3249 2143 3303 fratri-

2252 3245 2308 3294 εν
2342 3239 2491 3313 ξενίᾳ
2543 3244 2955 3314 παραρριφείω
3012 3243 3153 3314 ὑπὲρ
3195 3243 3341 3307 τίνος
3375 3246 3411 3316 ἡ
3443 3247 3689 3316 τιμιότης
3725 3261 3806 3298 σου

569 3343 671 3396 bus
720 3343 979 3398 custodia:
1011 3342 1206 3396 tradita
1241 3341 1638 3396 Thessalonirxe
1675 3358 1688 3393 :
1720 3349 1775 3395 et
1813 3339 2143 3395 Theosostus

2252 3333 2346 3384 σὺν
2399 3335 2510 3396 τοῖς
2561 3333 2814 3403 ἀδελφοῖς
2871 3335 2928 3387 ἐν
2984 3335 3355 3408 Θεσσαλονίκῃ
3412 3337 3803 3409 φρουρουμένη·

569 3435 892 3504 praepositus
913 3449 976 3488 ex
1007 3435 1195 3489 eadem
1229 3434 1447 3487 civitate
1475 3434 1662 3502 pulsus
1695 3447 1815 3486 cum
1848 3432 2143 3502 discipulis:

2252 3421 2558 3485 Θεόσωστός
2586 3441 2645 3476 τε
2683 3427 2710 3478 6
2741 3425 3046 3496 ἡγούμενος
3075 3427 3409 3497 διωκόμενος
3442 3430 3540 3482 σὺν
3568 3432 3675 3492 τοῖς
3703 3445 3799 3494 φοι-

570 3537 626 3582 et
648 3528 783 3581 alter
814 3527 1010 3581 ibidem
1047 3525 1368 3595 prwpositus
1414 3525 1698 3581 immodice
1729 3526 2143 3579 diverberatus?

2252 3516 2434 3583 τηταῖς
2469 3517 2532 3567 ἐκ
2566 3515 2668 3584 τῆς
2696 3516 2867 3586 αὐτῆς
2929 3518 3162 3582 πόλεως’
3209 3519 3395 3590 ἕτερός
3425 3537 3486 3572 τε
3528 3520 3807 3591 ἡγούμενος

571 3620 682 3674 Cur
712 3619 1035 3672 Naucratius
1068 3626 1121 3670 et
1152 3617 1409 3670 Arsenius
1444 3616 1640 3670 fratres
1697 3626 1844 3670 arcta
1903 3616 2143 3670 custodia

2252 3605 2506 3674 ἀμέτρως
2535 3608 2900 3675 μαστιγωθεὶς
2935 3609 3044 3662 τῶν
3079 3611 3293 3676 ἐκεῖσε;
3329 3612 3468 3681 ὑπὲρ
3502 3613 3644 3675 τίνος
3675 3612 3808 3664 Naa-

2318 2060 2454 2130 Περὶ
2483 2060 2536 2114 δέ
2571 2060 2678 2115 τῶν
2705 2061 2982 2128 ἐναντίων,
3015 2063 3198 2115 ἐκεῖνα
3233 2063 3351 2132 εἰμὶ⁷
3377 2062 3552 2132 λέγων
3579 2081 3592 2095 ·
3622 2061 3798 2128 Πῶς,δ

2231 2133 2521 2220 ’ἐκήρυξαν
2559 2151 2875 2215 συνοδικῶς,
2898 2153 2992 2205 καὶ
3016 2151 3356 2206 ἐϐεϐαίωσαν
3392 2153 3485 2206 ὑπ’
3519 2152 3797 2221 ἀναθέματι

2245 2241 2354 2292 τῶν
2391 2242 2821 2296 ἀντιπιπτόντων
2871 2242 2946 2312 τῷ
2989 2243 3242 2313 δόγματι,
3294 2245 3412 2315 ἦτοι
3445 2247 3511 2315 τῇ
3541 2244 3798 2314 οἰκονομία

2247 2328 2563 2384 αὐτῶνκαὶ
2587 2330 2668 2383 ἐτι
2701 2332 3046 2402 καθεκάστην
3075 2334 3412 2403 ἐμπράκτως
3435 2334 3796 2388 διδασκόντωνο

2253 2422 2327 2491 μὴ
2359 2422 2684 2491 κηρύσσειν,
2721 2424 2856 2493 μηδὲ
2885 2424 3159 2477 διδάσκειν
3189 2424 3459 2493 λέγουσιν,
3505 2427 3643 2497 ὑπὲρ
3676 2425 3800 2488 τίνος

2246 2514 2358 2580 ἐγὼ
2383 2517 2410 2567 ό
2431 2516 2685 2578 ταπεινὸς
2721 2515 2953 2568 ἐνταῦθα
2988 2517 3375 2585 ἀπόκλειστος;
3418 2519 3592 2590 ’Υπὲρ
3628 2520 3800 2581 τίνοςό

2249 2603 2438 2674 Πατήρ
2484 2622 2587 2674 μου
2613 2606 2639 2657 6
2669 2605 2980 2672 ἕγκλειστος
3022 2607 3506 2678 τεταλαιπωρηται
3530 2648 3545 2673 ,
3579 2625 3802 2679 μεμονω-

2252 2694 2407 2763 μένος
2436 2695 2496 2749 τὸ
2525 2697 2654 2766 πρίν
2673 2713 2687 2747 .°
2709 2695 2900 2749 ἔπειτα
2933 2698 3387 2768 παρερριμμένος
3415 2700 3473 2752 ἐν
3499 2693 3542 2767 ᾧ
3573 2699 3805 2772 περιώριο

2250 2802 2371 2838 σται
2406 2787 2589 2858 τόπῳ;
2639 2789 2778 2870 ὑπὲρ
2829 2789 2973 2851 τίνος
3021 2790 3050 2842 6
3095 2789 3535 2858 ἀρχιεπὶσκοπος
3579 2792 3650 2854 ὼς
3695 2791 3801 2843 κατ’

2248 2877 2446 2940 αὐτοὺς
2472 2878 2856 2950 καθῃρημένος
2886 2880 2980 2931 καὶ
3020 2880 3078 2932 ἐν
3117 2880 3285 2950 πολλῇ
3312 2883 3642 2953 στενοχωρίᾳ
3676 2897 3805 2949 παρο

575 3714 680 3766 huc
703 3727 869 3780 usque
890 3710 1224 3770 detinentur,
1253 3709 1477 3779 parique
1501 3710 1660 3763 modo
1688 3707 1918 3762 Basilius
1941 3718 1994 3762 et
2013 3707 2117 3762 Gre
2135 3736 2150 3746 -

573 3804 792 3874 gorius?
824 3801 934 3856 Cur
956 3801 1266 3871 Stephanus
1297 3801 1385 3854 ille
1435 3801 1651 3853 virtutis
1677 3800 1866 3853 amans
1892 3798 2147 3868 praeposi-

576 3906 660 3948 tus
673 3909 794 3948 cum
813 3891 1090 3961 discipulis
1105 3891 1494 3962 quinquaginta
1513 3906 1610 3944 suo
1625 3900 1846 3945 exactus
1873 3899 2148 3943 monaste-

575 3985 692 4038 rio:
720 3999 844 4039 cum
877 4000 982 4037 una
1013 3999 1136 4038 cum
1167 3991 1384 4036 centum
1419 3990 1472 4034 et
1495 3982 1703 4046 decem,
1729 3992 1782 4034 et
1813 3997 1935 4034 cum
1962 3996 2027 4034 eo
2055 3981 2145 4049 qui

573 4075 864 4144 epiSCOpus
914 4085 1037 4128 ante
1103 4073 1298 4135 fuerat,
1368 4071 1846 4143 mmchosynodnm
1893 4082 2146 4140 tanquam

573 4165 847 4237 Evangelii
885 4165 1243 4219 infractricem
1268 4167 1612 4218 anathemate
1645 4166 1977 4226 damnasset,
2009 4164 2149 4217 sicut

575 4257 751 4312 miss'e
781 4256 931 4310 abeo
959 4256 1155 4310 littere
1187 4256 1617 4310 testantur?Cur
1639 4255 1904 4309 Antonius
1935 4255 2146 4325 religio-

575 4349 820 4403 sissimus
853 4348 1176 4417 praepositus
1201 4348 1252 4402 in
1285 4348 1586 4402 custodiam
1612 4347 1754 4417 apud
1805 4347 2144 4402 Ammorium

573 4436 730 4490 datus
756 4476 775 4501 ,
800 4449 925 4490 cum
950 4435 1138 4490 eodem
1163 4449 1270 4503 quo
1305 4434 1552 4505 superior
1583 4434 1744 4488 modo
1766 4434 2148 4504 mmchosyno-

2251 3695 2470 3762 κράτιός
2522 3711 2581 3746 τε
2633 3697 2728 3748 καὶ
2775 3697 3053 3768 Ἀρσένιος
3097 3701 3144 3750 οί
3201 3698 3443 3766 ἀδελφοὶ,
3502 3701 3606 3763 ἕως
3662 3699 3806 3768 δεῦρο

2248 3784 2504 3852 ἀσφαλῶς
2535 3787 3084 3858 καταφρουρούμενοι
3105 3826 3119 3851 ,
3158 3789 3438 3852 Βασίλειός
3473 3807 3532 3842 τε
3565 3792 3654 3842 καὶ
3681 3790 3807 3859 Γρη-

2249 3876 2432 3944 γόριος
2473 3877 2765 3944 ὡσαύτως;
2814 3880 2952 3950 ὑπὲρ
3001 3881 3142 3942 τίνος
3187 3879 3462 3948 Στέφανος
3505 3883 3534 3934 6
3574 3883 3807 3951 ἐνάρετος

2249 3967 2569 4035 ἡγούμενος,
2621 3970 2719 4021 σὺν
2773 3976 3114 4041 πεντήκοντα
3162 3972 3433 4043 μαθηταῖς
3485 3991 3807 4045 μεταναστας

2250 4061 2314 4111 ἐκ
2352 4059 2446 4111 τοῦ
2501 4061 2701 4114 οἰκείου
2755 4065 3180 4134 φροντιστηρίου
3229 4067 3325 4119 σὺν
3356 4068 3549 4121 ἑκατόν
3581 4086 3638 4121 τε
3669 4069 3806 4131 δέκα,

2251 4151 2366 4221 ἅμα
2400 4153 2686 4222 ἐπισκόπῳ
2718 4154 3013 4225 πρότερον,
3045 4157 3465 4226 ἀναθεματικὼς
3497 4160 3596 4230 τὴν
3641 4176 3808 4228 μοιχο-

2253 4244 2490 4309 σύνοδον,
2535 4244 2609 4308 ὡς
2634 4245 2692 4297 τὸ
2725 4246 3059 4314 Εὑαγγέλιον
3088 4247 3362 4302 λύσασαν·
3410 4249 3554 4304 καθά
3581 4252 3808 4322 περιέχει

2250 4339 2310 4392 τὸ
2337 4340 2648 4393 ἀποσταλέν
2682 4343 2813 4412 παρ’
2844 4343 3006 4395 αὑτοῦ
3047 4347 3459 4415 γραμματεῖον;
3509 4347 3649 4417 ὑπὲρ
3681 4350 3808 4409 τίνος

2265 4430 2550 4494 Ἀντώνιος
2579 4433 2607 4484 6
2631 4433 3025 4496 εύλαϐέστατος
3060 4435 3386 4505 ἡγούμενος,
3416 4437 3474 4488 ἐν
3499 4439 3708 4508 φρουρᾷ
3740 4438 3808 4496 είς

574 4525 701 4579 dum
733 4539 841 4578 una
864 4538 986 4578 cum
1014 4524 1270 4580 fratribus
1307 4525 1420 4580 suis
1447 4524 1955 4578 anathematizasset
1984 4526 2006 4577 ?
2042 4525 2143 4579 Cur

2252 4519 2312 4572 τὸ
2363 4521 2697 4591 Ἀμμόριονο
2744 4522 2944 4592 ὁμοίως
2994 4523 3093 4576 τοῦ
3128 4525 3396 4596 προτέρου
3451 4528 3548 4580 σὺν
3589 4532 3654 4596 τῇ
3704 4528 3808 4580 κατ’

577 4615 901 4671 ιΕιηὶιίοηιιε
938 4614 1106 4670 frater
1135 4631 1164 4670 a
1189 4614 1588 4671 Nicomediensi
1625 4615 1679 4669 in
1712 4615 1974 4685 Thyniam
2025 4617 2146 4669 vin-

574 4719 693 4764 etus
725 4708 922 4762 ductus
945 4716 1048 4771 est,
1080 4707 1500 4776 verberibusque
1526 4715 1581 4761 et
1609 4707 1853 4762 ludibriis
1902 4707 2147 4773 affectus,

575 4801 787 4871 direpto
814 4801 881 4854 ab
907 4800 972 4854 iis
1001 4801 1091 4874 qui
1125 4801 1430 4870 irruperant
1460 4800 1812 4863 monasterio,
1839 4800 2060 4868 perinde
2088 4816 2150 4854 ac

575 4892 618 4944 si
652 4891 888 4945 hostium
917 4889 1086 4960 spolia
1118 4889 1346 4944 fuissent
1374 4889 1396 4941 ?
1433 4888 1543 4943 Cur
1574 4889 1626 4941 in
1646 4889 1923 4942 Chersone
1966 4904 2150 4957 perse-

575 4982 847 5038 cutionem
895 4995 1087 5052 passus
1134 4981 1244 5036 Leo
1295 4980 1568 5049 piissimus
1618 4977 1940 5049 Episcopus,
1995 4979 2151 5033 Vale-

575 5074 722 5128 lades
743 5081 1126 5143 cognomento,
1153 5081 1208 5126 et
1228 5072 1497 5125 Antonius
1529 5071 1858 5126 reverendus
1895 5073 2152 5141 praeposi-

579 5177 802 5220 tuscum
830 5165 952 5220 aliis
981 5163 1193 5218 duobus
1219 5163 1458 5217 custodia
1495 5173 1678 5233 septas
1703 5164 1725 5216 ?
1752 5162 1928 5217 Curin
1960 5163 2152 5234 Lipara

577 5258 750 5311 insula
777 5258 915 5311 ultra
948 5257 1182 5311 Siciliam
1216 5257 1384 5323 posita
1423 5255 1618 5308 fratres
1667 5255 1832 5308 nostri
1886 5255 1940 5307 in
1971 5264 2150 5309 custo-

577 5351 662 5405 dia
691 5350 896 5405 detenti
924 5349 946 5402 ?
974 5349 1082 5404 Cur
1117 5348 1334 5402 Letoius
1363 5348 1415 5401 in
1447 5347 1725 5400 Chersone
1766 5355 2026 5411 retentus,
2065 5347 2143 5398 in-

577 5444 753 5511 deque
810 5441 911 5496 sub
960 5440 1204 5494 eustodia
1234 5440 1302 5494 ad
1348 5439 1728 5510 imperatorem
1783 5439 2002 5503 missus,
2035 5449 2146 5493 tum

580 5535 816 5605 Byzantii
839 5535 892 5588 in
913 5548 1188 5588 carcerem
1206 5533 1502 5601 eonjectus,
1528 5541 1581 5584 et
1604 5531 1690 5583 alii
1724 5531 1922 5600 pariter
1952 5533 2002 5585 in
2033 5548 2149 5585 mo-

579 5629 829 5683 nasteriis
862 5629 1062 5682 detenti
1097 5628 1119 5679 ?
1158 5626 1337 5679 Dicam
1391 5639 1582 5678 rursus
1632 5624 1697 5677 de
1750 5625 1904 5678 nobis
1951 5626 2139 5680 tribus.

579 5716 688 5770 Cur
725 5716 789 5769 ad
832 5716 1084 5785 Agathi‘9
1116 5708 1264 5767 nobis
1288 5712 1372 5764 illa
1403 5727 1497 5781 per
1531 5711 1843 5780 Spatharios
1873 5713 1939 5766 ab
1972 5713 2144 5782 impe-

2257 4611 2420 4664 αὑτὸν
2451 4611 2772 4683 ἀδελφότητι
2818 4614 3234 4684 ἀναθεματικὼς
3265 4616 3362 4688 τὴν
3414 4619 3809 4689 μοιχοσύνοόον;

2259 4704 2397 4774 ὑπὲρ
2423 4705 2566 4768 τίνος
2600 4706 2648 4757 oi
2677 4707 2806 4777 περὶ
2831 4707 2922 4759 τὸν
2968 4707 3195 4776 ἀδελφὸν
3222 4709 3544 4779 Αἰμιλιανδν
3571 4711 3630 4764 ἐν
3658 4712 3810 4780 Θυνίᾳ

2259 4800 2407 4868 παρὰ
2456 4798 2548 4850 τυῦ
2590 4800 2944 4870 Νικομηδέως
2980 4801 3226 4867 δεθέντες
3263 4805 3357 4857 καὶ
3389 4804 3670 4875 ἀχθέντες,
3704 4809 3808 4858 πεῖ-

2263 4891 2360 4958 ραν
2409 4907 2465 4942 τε
2505 4893 2782 4960 μαστίγων
2817 4894 2912 4947 καὶ
2943 4894 3278 4965 ἐμπαιγμῶν
3324 4896 3616 4962 λαϐόντεςο
3656 4915 3810 4952 κατα·

2259 4981 2416 5049 ληῖσα
2427 4980 2603 5048 μένων
2631 4980 2738 5033 τῶν
2760 4982 3197 5036 ἐπεισπεσόντων
3218 4985 3400 5049 αὐτοῖς
3416 4986 3487 5039 τὰ
3516 4986 3616 5056 τῆς
3638 4987 3809 5058 μονῆς,

2257 5073 2328 5134 ὡς
2363 5072 2632 5142 πολεμικά
2669 5073 2922 5145 λάφυρα;
2972 5075 3114 5148 ὑπὲρ
3155 5077 3302 5141 τίνος
3353 5081 3411 5132 ἐν
3453 5081 3697 5150 Χερσῶνι
3731 5079 3808 5130 δε-

2255 5163 2550 5232 διωγμένος
2583 5164 2732 5216 Λέων
2757 5167 2788 5216 Δό
2819 5165 3232 5232 θεοσεϐέστατος
3273 5169 3575 5234 ἐπίσκοπος
3608 5172 3666 5224 τὸ
3701 5171 3807 5224 ἐπί-

2256 5254 2389 5324 κλην
2417 5255 2722 5324 Βαλελάδης
2744 5273 2758 5287 ·
2811 5255 3090 5322 Ἀντώνιός
3123 5277 3183 5312 τε
3213 5262 3240 5312 6
3271 5262 3636 5332 τετιμημένος
3659 5262 3809 5332 ἠγούο

2260 5363 2414 5414 μενος
2444 5347 2540 5399 σὺν
2588 5347 2738 5400 δυσὶν
2779 5349 2958 5414 ἄλλοις
2989 5354 3470 5422 πεφρουρημένος;
3503 5354 3643 5424 ύπέρ
3680 5356 3804 5412 τίνος

2255 5438 2311 5487 ἐν
2344 5437 2580 5503 Λιπάρει
2610 5440 2675 5507 τῇ
2711 5439 3038 5509 ὑπερέκεινα
3083 5443 3329 5506 Σικελίας
3350 5483 3366 5508 ,
3411 5445 3632 5514 ἀδελφοὶ
3666 5446 3807 5516 ἡμῶν

2254 5528 2309 5576 ὲν
2343 5526 2556 5597 φυλακῇ
2588 5530 2949 5598 τηρούμενοις
3002 5534 3143 5606 ὑπὲρ
3173 5534 3316 5598 τίνος
3358 5538 3406 5588 οί
3442 5538 3570 5609 περὶ
3600 5541 3806 5610 Λητόῐιιν

2255 5620 2311 5670 ἐν
2351 5620 2597 5688 Χεροῶνι
2644 5625 3182 5695 παραφυλαχθέντες,
3223 5629 3475 5685 κάκεῖθεν
3512 5633 3570 5683 ἐν
3609 5633 3804 5699 φυλακῇ

2256 5711 2749 5780 παραπεμφθέντες
2797 5715 2932 5784 πρὸς
2976 5717 3067 5770 τὸν
3124 5720 3368 5787 βασιλέα,
3416 5716 3535 5776 εἶτα
3593 5723 3805 5791 φυλακι-

655 5829 697 5860 ’⁵⁹
733 5827 1113 5882 Monasterium.
1182 5825 1316 5880 Vide
1357 5824 1862 5896 Constantinopolim
1919 5825 2113 5882 Christ.
2179 5832 2271 5885 lib.
2314 5847 2383 5888 Iv,
2421 5845 2542 5896 pag.
2576 5829 2691 5882 180.
