3914 6502
170 487 298 551 1073

1375 483 1911 546 EPISTOLARUM
1945 484 2089 543 LIB.
2131 482 2182 543 Ι.

3262 485 3397 550 1074

164 601 378 658 σθέντες
422 596 480 647 ἐν
528 599 605 665 τῷ
664 591 964 661 Βυζαντίῳ·
1031 592 1124 645 καὶ
1190 596 1612 666 συντηρούμενοι
1667 597 1714 649 ἐι

1831 600 2008 648 ratore
2041 590 2396 647 denuntiata:
2428 589 2537 646 Vos
2577 591 3016 646 anathematizati
3079 593 3230 661 estis,
3273 603 3330 650 et
3367 611 3399 650 a

164 686 580 757 μοναστηρίοις;
615 685 770 738 Εῐπω
812 682 979 738 πάλιν
1007 683 1077 737 τὰ
1109 685 1189 746 εἰς
1214 685 1364 755 ἡμᾶς
1394 686 1520 750 τοὺς
1549 689 1721 757 τρεῖς.

171 780 340 848 ’Υπὲρ
372 778 516 840 τίνος
544 778 624 840 εἰς
652 775 721 831 τὰ
762 775 991 843 Ἀγαθοῦ
1027 774 1179 846 παρά
1205 775 1301 830 τοῦ
1338 776 1602 846 βασιλέως
1638 777 1727 832 διὰ

159 870 259 922 τῶν
290 865 620 937 Σπαθαρίων
663 864 971 936 δηλωθέντα
1006 867 1167 935 ἡμῖν·
1203 865 1279 929 ὡς
1324 865 1482 935 ὑμεῖς
1527 866 1721 921 ἀναθε-

162 961 487 1029 ματισμένοι
538 957 686 1022 ἐστὲ,
720 957 813 1010 καὶ
845 955 1225 1027 καθῃρημένοι
1265 955 1418 1026 παρὰ
1461 954 1560 1024 τῆς
1599 972 1721 1008 συν-

155 1052 303 1118 ὀδου;
343 1050 487 1116 ὑπὲρ
509 1048 654 1113 τίνος
682 1051 715 1120 ἡ
747 1050 829 1111 εἰς
852 1049 966 1102 τὸν·
986 1048 1142 1115 ἅγιον
1188 1047 1464 1118 Μάμαντα
1501 1045 1718 1116 φυλακὴ

159 1143 566 1214 μεμονωμένων
595 1141 705 1196 τῶν
732 1140 934 1213 τριῶν;
963 1140 1105 1211 ὑπὲρ
1137 1139 1283 1203 τίνος
1307 1141 1343 1211 ἡ
1375 1141 1556 1194 ἐκεῖσε
1584 1157 1719 1210 παρ-

153 1235 306 1287 ουσία
353 1233 466 1286 τῶν
505 1230 684 1286 αὐτῶν
717 1231 1065 1301 Σπαθαρίων,
1118 1231 1216 1284 σὺν
1246 1229 1392 1301 τρισί
1419 1233 1530 1294 τοῖς
1569 1230 1719 1301 παρά

155 1323 244 1378 τοῦ
272 1322 556 1389 ἀντιδόξου
598 1321 1016 1392 ἐπιφερομένοις
1067 1320 1548 1389 ὑπαναγνωστικδν
1585 1321 1719 1374 καθ-

153 1414 433 1484 αιρέσεως,
462 1411 558 1466 καὶ
581 1409 1023 1479 ἀναθεματίσεως
1064 1406 1220 1479 ἡμῶν
1237 1423 1250 1438 ·
1277 1407 1440 1462 πάλιν
1479 1407 1574 1460 καὶ
1599 1408 1720 1460 ἐπεὶ

155 1504 606 1576 περιεφράξαμεν
631 1503 698 1556 τὰ
725 1496 839 1555 ὦτα
863 1501 958 1553 καὶ
987 1499 1080 1553 τοῦ
1107 1500 1372 1566 ἀκοῦσαι;
1404 1499 1542 1570 ὑπὲρ
1577 1499 1721 1561 τίνος

152 1598 336 1668 ἡμεῖςὲ
367 1597 465 1664 μὲν
494 1593 762 1662 ἐξόριστοι
793 1591 946 1654 ἄλλος
977 1590 1231 1660 ἀλλαχοῦ,
1276 1589 1370 1643 καί⁵
1405 1588 1719 1643 ἐναπόκλειο

154 1703 300 1741 στοι·
339 1688 369 1738 ὅ
414 1703 472 1738 τε
513 1685 828 1753 οἰκονόμος,
865 1683 960 1737 καὶ
992 1685 1021 1736 6
1061 1683 1331 1753 ’Λρσένιος
1370 1683 1419 1734 οἰ
1470 1681 1719 1750 ἀδελφοί·

149 1775 392 1844 διωγμὸς
415 1774 472 1828 δὲ
500 1773 606 1826 τῶν
631 1772 808 1826 ἄλλων
841 1771 952 1825 ἀπὸ
981 1771 1076 1825 δύο
1103 1772 1198 1826 καὶ
1224 1771 1358 1825 δέκα
1390 1770 1583 1841 μιλίων
1623 1770 1722 1838 τῆς

153 1863 783 1926 Κωνσταντινουπὸλεως
813 1878 827 1893 ·
883 1862 960 1926 ὡς
1007 1865 1132 1925 τοὺς
1206 1863 1307 1932 μὲν
1360 1862 1419 1916 ἐν
1473 1861 1723 1932 σπηλαίῳ

1833 685 2038 756 synodo
2065 682 2472 755 depositi?Cur
2521 684 2609 738 illa
2644 685 2711 740 ad
2760 694 3009 741 sanctum
3071 687 3399 745 Mamantem

1834 773 2098 840 cnstodia,
2126 773 2284 829 nobis
2336 772 2510 828 tribus
2563 773 2851 845 segregatis
2884 773 2908 826 ἲ
2937 771 3046 829 Cur
3074 775 3264 832 eodem
3298 775 3398 830 ad-

1833 871 2101 919 venerunt
2124 862 2284 918 iidem
2310 861 2583 934 Spatharii
2630 877 2753 916 cum
2796 862 2966 916 tribus
2995 861 3084 932 qui
3114 863 3182 917 ab
3206 863 3399 918 adver-

1833 954 1977 1010 sario
2042 952 2396 1024 depositionis
2467 963 2520 1007 et
2570 951 3142 1010 exeomniunieationis
3200 963 3401 1010 nostra:

1834 1045 2044 1100 tabulas
2065 1044 2376 1107 alTerebant,
2403 1051 2461 1098 ut
2481 1043 2676 1099 iterum
2699 1042 3031 1109 audiremus,
3058 1044 3271 1100 tametsi
3299 1059 3400 1100 au-

1831 1151 1918 1190 res
1952 1135 2372 1189 occludebamus
2391 1134 2413 1187 ?
2435 1131 2546 1190 Cur
2569 1148 2672 1188 nos
2692 1133 2782 1188 alii
2805 1133 2910 1188 alio
2936 1133 3154 1205 relegati
3177 1141 3233 1188 et
3262 1149 3400 1190 con-

1830 1224 1985 1292 clusi,
2044 1235 2158 1280 tum
2208 1239 2544 1290 mconomus,
2576 1233 2693 1279 tum
2744 1224 3004 1282 Arsenius
3035 1224 3228 1282 fratres
3262 1243 3276 1279 :
3309 1224 3401 1281 alii

1827 1321 1892 1374 ad
1921 1320 2205 1376 duodecim
2231 1320 2299 1375 ab
2329 1319 2464 1374 urbe
2489 1317 2956 1388 Constantinopoli
2981 1318 3149 1376 millia
3179 1334 3398 1390 passum

1829 1412 1964 1482 pulsi
1993 1429 2005 1464 :
2034 1411 2170 1466 adeo
2216 1420 2275 1466 ut
2297 1411 2516 1481 quidam
2549 1410 2606 1464 in
2637 1410 2895 1481 spelunca
2929 1409 3268 1477 delitescant,
3292 1426 3403 1482 quo

1827 1503 1984 1556 nobis
2016 1502 2154 1558 clam
2211 1502 2539 1565 ministrent,
2574 1501 2708 1573 laica
2739 1510 2893 1556 veste
2917 1499 3090 1557 induti
3125 1519 3139 1557 :
3173 1501 3263 1557 alii
3289 1510 3404 1559 toto

1825 1593 1912 1648 die
1953 1593 2007 1647 in
2049 1593 2312 1663 sepulcris
2373 1594 2592 1658 lateant,
2635 1601 2708 1657 et,
2731 1593 2855 1663 quia
2902 1591 3144 1648 interdiu
3176 1608 3401 1667 compa-

1827 1701 1948 1740 rere
1969 1701 2079 1739 non
2136 1685 2359 1750 audent,
2405 1694 2570 1739 noctu
2606 1685 2747 1740 inter
2797 1700 2855 1742 se
2890 1691 3218 1745 concursant
3241 1687 3266 1739 ?
3292 1685 3404 1742 Cur

1824 1783 2089 1845 quotquot
2123 1790 2152 1829 a
2184 1774 2445 1830 militibus
2497 1775 2732 1830 inveniri
2793 1781 3109 1844 potuerunt,
3155 1775 3298 1846 capti
3343 1783 3402 1831 et

1827 1867 1882 1920 in
1928 1882 2172 1922 carceres
2206 1866 2462 1936 conjecti,
2499 1866 2698 1922 deinde
2721 1867 2790 1923 ab
2837 1867 2972 1922 urbe
3016 1866 3242 1939 projecti
3276 1864 3398 1922 fue-

151 1941 567 2026 κατακρυόἧναι
633 1954 722 2007 διὰ
787 1954 889 2022 τὴν
953 1954 1090 2023 πρὸς
1149 1955 1298 2024 ἡμᾶς
1353 1952 1714 2016 λανθανόντως

1828 1957 2007 2012 runt?
2043 1958 2220 2027 Atque
2257 1967 2316 2012 ut
2340 1955 2494 2011 initia
2525 1956 2640 2029 ipsa
2691 1957 3072 2028 perstringam,
3125 1971 3224 2013 cur
3272 1953 3401 2011 Stu-

147 2047 450 2111 ὁιακονίαν,
485 2046 1041 2116 μεταμφιασαμένους
1085 2046 1286 2115 ἐσθῆτα
1331 2045 1554 2099 λαῖκῶν.
1599 2044 1720 2097 Τῶν

148 2139 202 2190 δὲ
239 2139 373 2208 ὅλην
403 2138 620 2208 ἡμέραν
653 2138 757 2191 ὑπὸ
796 2138 979 2192 πλάκα
1027 2136 1362 2200 ὑποδύντων,
1402 2137 1497 2190 καὶ
1534 2137 1721 2207 ἐπειδὴ

147 2230 247 2282 οὐκ
295 2225 367 2300 ἦν
418 2230 478 2281 ἐν
514 2230 699 2301 ἡμέρᾳ
747 2229 1067 2300 ἐμφανίσαι,
1122 2228 1276 2281 νυκτὶ
1328 2228 1408 2290 εἰς
1458 2226 1721 2298 ἀλλήλους

151 2318 613 2388 περιτρεχόντων;
668 2317 840 2388 ’Υπὲρ
884 2318 1031 2382 τίνος
1076 2317 1126 2370 οἰ
1171 2317 1547 2388 εὑρισκόμενοι
1588 2333 1723 2388 κραο

146 2407 405 2478 τούμενοι
451 2407 556 2461 ὑπὸ
600 2408 972 2480 στρατιωτῶν,
1024 2407 1121 2461 καὶ
1174 2409 1233 2460 ὲν
1277 2407 1355 2476 τῷ
1399 2407 1721 2479 πραιτωρίῳ

146 2499 572 2566 φυλακισθέντες
594 2517 606 2530 ·
655 2495 774 2552 εἶτα
804 2499 1169 2571 ἐξορισθέντες
1195 2500 1297 2568 τῆς
1330 2497 1570 2566 πόλεως;
1611 2499 1722 2552 Καὶ

147 2589 234 2643 ῖνα
269 2589 336 2643 τά
376 2589 499 2642 κατ’
539 2589 719 2659 ἀρχὰς
767 2588 946 2642 εῐπω·
990 2588 1131 2657 ὑπὲρ
1167 2587 1311 2651 τίνος
1358 2589 1425 2641 τὰ
1469 2589 1721 2642 Στουδίου

148 2681 253 2734 ὑπὸ
303 2680 528 2749 στίφους
583 2680 931 2750 στρατιωτῶν
977 2679 1132 2747 ἄφνω
1177 2677 1512 2732 ἐπελθόντων
1551 2695 1719 2750 φρου-

148 2769 432 2841 ρούμενα·
481 2769 558 2833 ὡς
592 2769 729 2840 μηδὲ
770 2771 1032 2824 ἀναπνεῖν
1077 2769 1257 2840 ἡμᾶς·
1293 2770 1391 2839 τήν
1439 2787 1497 2823 τε
1538 2772 1720 2824 ἐκεῖσε

142 2861 336 2930 ἄφιξιν
363 2859 458 2915 τοῦ
489 2861 726 2926 Νικαίας
770 2863 864 2915 καὶ
907 2862 1299 2930 Χρυσοπόλεως
1321 2903 1334 2927 ,
1369 2862 1448 2924 εἰς
1475 2861 1534 2915 τὸ
1567 2862 1720 2927 δέξα-

143 2954 270 3009 σθαι
316 2955 466 3026 ἡμᾶς
523 2953 618 3006 τὸν
660 2953 1078 3024 μοιχοζεύκτην·
1129 2954 1205 3017 ὡς
1259 2955 1411 3023 παρὰ
1447 2953 1541 3008 τοῦ
1581 2971 1718 3026 προ-

141 3043 503 3112 ηγησαμένου
549 3043 892 3113 πατριάρχου
943 3044 1316 3113 ἐπιτραπέντα
1363 3045 1582 3114 ποιῆσαι
1620 3044 1719 3112 τὴν

144 3134 562 3204 μοιχοζευξίαν;
592 3133 721 3199 Καὶ,
740 3135 914 3197 Ἐπεὶ,
946 3137 1132 3206 φησιν,
1159 3135 1310 3202 ἅγιος
1338 3137 1367 3188 6
1397 3134 1718 3204 ἐπιτρέψας.

138 3225 214 3288 ὡς
243 3225 274 3277 6
312 3223 705 3295 Χρυσόστομος
730 3223 887 3291 ἁγίου
918 3225 1067 3277 ἐστὶν
1100 3223 1415 3292 οἰκονομία·
1450 3225 1542 3276 καὶ
1570 3222 1715 3287 δέξα-

141 3315 235 3369 σθε
271 3314 499 3384 ταύτην.
539 3312 713 3383 ’Υπέρ
740 3312 883 3376 τίνος
915 3313 947 3381 ἡ
973 3316 1031 3366 ἐν
1059 3314 1214 3366 νυκτὶ
1246 3313 1405 3384 ἄρσις
1429 3313 1585 3384 ἡμῶν
1605 3313 1716 3366 τῶν

137 3406 424 3478 τεσσάρων
470 3407 535 3458 ἐκ
569 3403 678 3457 τῶν
708 3405 886 3456 ἐκεῖσε
922 3404 989 3456 δι’
1019 3403 1277 3474 ἄρχοντος
1324 3403 1418 3458 καὶ
1449 3421 1716 3475 στρατιω-

138 3493 271 3557 τῶν,
304 3495 400 3547 κα“ι
432 3494 737 3562 ἀπαγωγῆς
768 3492 977 3565 [melius
1007 3493 1303 3565 ἀπαγωγὴ]
1331 3495 1466 3565 πρὸς
1494 3497 1588 3549 τὸν
1616 3497 1717 3548 Συ-

142 3583 294 3654 μεὼν
343 3584 435 3638 τὸν
477 3585 580 3638 οὐκ
627 3579 722 3637 οἷδ’
772 3583 919 3648 ὅπως
963 3585 1135 3638 εῐπω·
1189 3584 1284 3638 καὶ
1329 3585 1397 3639 τὰ
1443 3585 1512 3639 δι’
1549 3584 1715 3640 αὐτοῦ

137 3674 296 3747 παρὰ
319 3674 415 3729 τοῦ
447 3674 711 3746 βασιλέως
737 3674 1065 3744 δηλωθέντα,
1099 3675 1177 3738 εἰς
1203 3674 1264 3728 τὸ
1291 3674 1546 3741 δέξασθαι
1570 3677 1716 3747 ἡμᾶς

139 3766 616 3838 μετανενοηκότας
637 3783 650 3796 ⁸
685 3767 780 3819 καὶ
809 3767 887 3828 εἰς
915 3769 1052 3836 ὅπερ
1080 3767 1186 3831 ἕως
1208 3767 1368 3840 δεῦρο
1393 3769 1712 3840 ἐνέστημεν,

133 3857 209 3921 ὠς
231 3857 551 3928 οἰκονομίας
580 3858 915 3927 γενομένης;
968 3856 1135 3927 ’Υπὲρ
1179 3857 1323 3920 τίνος
1352 3857 1514 3911 πάλιν
1549 3860 1716 3912 κατά-

135 3953 382 4006 κλειστοι
411 3955 492 4015 εἰς
528 3953 620 4006 τὸν
661 3952 814 4020 ἆγιον
858 3954 1114 4023 Σέργιον·
1155 3952 1250 4008 καὶ
1280 3953 1441 4007 πάλιν
1473 3955 1568 4007 τοῦ
1608 3955 1710 4006 Συ-

137 4041 288 4108 μεὼν
346 4044 526 4095 ἐκεῖσε
573 4043 725 4112 παρά
774 4042 865 4096 τοῦ
917 4043 1182 4113 βασιλέως
1230 4045 1415 4114 ἄφιξις
1459 4048 1539 4110 εἰς
1581 4046 1715 4100 αὐτὸ

133 4134 319 4186 τοῦτο.
350 4134 522 4206 ’Υπὲρ
552 4136 696 4198 τίνος
724 4138 756 4208 ή
788 4137 855 4190 δι’
884 4139 1160 4208 ἀρχόντων
1189 4140 1533 4211 παράστασις
1556 4142 1713 4211 ἡμῶν

134 4222 190 4272 ἐν
241 4225 313 4292 τῇ
369 4203 780 4294 πολυανθρώπῲ
829 4203 1049 4295 συνόδιμ,
1097 4203 1713 4298 συγκαθεζομένωνηκαὶ

133 4311 311 4381 τριῶν
335 4311 446 4364 τῶν
477 4315 750 4382 μεγίστων
775 4313 1139 4386 ἀξιωμάτων;
1186 4316 1356 4386 Ὑπὲρ
1383 4317 1524 4382 τίνος
1550 4317 1660 4386 ἐγὼ
1685 4321 1714 4371 6

131 4404 394 4466 ταπεινὸς
417 4405 600 4458 ἐκεῖσε
634 4405 1125 4476 ὑδριζόμενος,καὶ
1152 4409 1411 4463 κυκλόθεν
1439 4426 1712 4481 περιστοι-

131 4493 455 4564 χιζόμενος
489 4495 582 4548 καὶ
611 4497 823 4552 ἀκούων
845 4513 858 4528 ·
897 4499 1012 4552 Οὐκ
1057 4495 1204 4562 οἰδας
1231 4499 1284 4552 τί
1322 4500 1618 4570 φλυαρεῖς,
1659 4501 1711 4553 τί

1823 2050 2040 2103 dianum
2073 2066 2102 2103 a
2141 2049 2369 2103 militum
2417 2064 2582 2103 manu
2637 2049 2819 2103 subito
2872 2048 3110 2104 immissa
3167 2062 3399 2119 occupa-

1823 2147 1956 2202 tum,
2003 2138 2072 2191 ita
2097 2146 2154 2191 ut
2176 2138 2438 2207 respirare
2481 2136 2639 2192 nobis
2665 2137 2750 2191 vix
2778 2136 3004 2193 liceret:
3038 2144 3093 2192 et
3114 2133 3307 2192 Nicaea:
3336 2145 3396 2191 et

1823 2226 2170 2298 Chrysopolis
2221 2227 2466 2299 episcopi
2496 2243 2562 2283 eo
2610 2228 2994 2294 adventarunt,
3047 2236 3105 2281 ut
3162 2226 3397 2283 adulteri

1822 2319 2189 2388 copulatorem
2219 2319 2650 2390 suseiperemns,
2672 2319 2836 2374 veluti
2863 2318 2953 2388 qui
2988 2334 3018 2372 a
3058 2318 3400 2388 praecedente

1821 2408 2124 2477 patriarcha
2152 2410 2337 2478 jussus
2358 2409 2608 2463 adulterii
2629 2407 3030 2479 copulationcm
3061 2407 3399 2482 peregisset!

1822 2499 2239 2565 Et:Quoniam,
2279 2500 2536 2565 aiebant,
2595 2509 2814 2554 sanctus
2875 2505 2966 2570 qui
3021 2499 3201 2571 jussit,
3255 2499 3398 2554 sicut

1821 2589 2276 2659 Cbrysostomus;
2317 2589 2489 2644 sancti
2521 2599 2605 2644 est
2631 2589 2967 2659 dispensatio
2998 2606 3012 2643 :
3046 2603 3214 2660 quare
3252 2588 3396 2643 illam

1822 2680 2066 2748 recipite.
2123 2681 2233 2736 Cur
2260 2689 2423 2736 noctu
2467 2697 2569 2736 nos
2606 2691 2841 2752 quatuor
2869 2682 2998 2737 inde
3050 2681 3245 2738 sublati
3301 2697 3399 2752 per

1821 2772 2013 2826 ducem
2074 2787 2138 2827 ac
2196 2772 2419 2834 milites,
2468 2781 2630 2842 atque
2692 2773 2760 2827 ad
2807 2773 3115 2828 Simeonem
3152 2771 3396 2840 abducti,

1820 2877 1980 2931 quem
2029 2863 2213 2917 nescio
2243 2878 2353 2932 quo
2375 2863 2594 2917 nomine
2623 2864 2913 2933 appellem,
2948 2873 3006 2920 et
3031 2877 3155 2933 quas
3196 2877 3294 2933 per
3323 2862 3394 2916 il-

1822 2952 1931 3005 lum
1978 2952 2136 3007 nobis
2194 2953 2263 3007 ab
2318 2951 2644 3022 imperatore
2692 2952 3013 3024 significata,
3071 2960 3133 3007 ut
3187 2960 3394 3008 mutata

1822 3043 2092 3097 sententia
2128 3043 2196 3098 ab
2225 3043 2473 3098 instituto
2525 3043 2933 3109 desisteremus,
2966 3051 3221 3113 tanquam
3253 3043 3396 3098 facta

1821 3131 2229 3200 dispensatione
2268 3150 2280 3185 :
2320 3130 2405 3185 cui
2439 3129 2512 3186 rei
2536 3132 2602 3186 ad
2626 3132 2770 3188 hunc
2797 3147 2968 3202 usque
2995 3132 3140 3188 diem
3187 3133 3395 3187 restiti-

1823 3238 1944 3277 mus
1972 3222 1994 3274 ?
2025 3221 2132 3276 Cur
2159 3221 2354 3276 iterum
2381 3221 2449 3276 ad
2477 3229 2729 3276 sanctum
2765 3221 3010 3294 Sergium
3041 3223 3236 3280 inclusi
3287 3225 3396 3280 fui-

1770 3307 1784 3321 ’
1818 3331 1940 3371 mus
1965 3333 1978 3371 :
2001 3324 2057 3370 et
2080 3332 2270 3372 rursus
2297 3314 2520 3370 Simeon
2544 3315 2757 3380 eodem,
2783 3315 3009 3385 iubente
3037 3317 3392 3388 imperatore,

1817 3410 2092 3476 protectus
2115 3407 2357 3462 eamdem
2385 3408 2455 3463 ob
2477 3409 2730 3464 causam?
2749 3409 2858 3465 Cur
2879 3423 2976 3480 per
2999 3409 3166 3465 duces
3191 3425 3395 3480 reprae-

1818 3498 2018 3552 sentati
2054 3513 2155 3554 nos
2213 3499 2268 3552 in
2331 3501 2540 3571 synodo
2589 3514 2900 3566 numerosa,
2931 3501 2987 3556 in
3027 3516 3132 3570 qua
3183 3511 3241 3558 et
3284 3511 3395 3560 tres

1819 3590 2068 3645 maximae
2084 3590 2372 3661 dignitates
2384 3592 2771 3648 considebant?
2796 3589 2907 3646 Cur
2916 3605 3016 3664 ego
3027 3592 3244 3649 humilis
3255 3608 3390 3650 conv

1826 3683 2115 3738 tumeliose
2142 3684 2216 3738 ibi
2237 3693 2522 3747 tractatus.
2548 3693 2605 3739 et
2633 3685 2870 3756 undique
2892 3685 3198 3742 obvallatus
3214 3686 3239 3741 ?
3258 3687 3391 3744 illud

1816 3774 2048 3830 subinde
2071 3776 2299 3831 audiens
2329 3792 2343 3829 :
2374 3775 2564 3832 Nescis
2591 3777 2721 3848 quid
2751 3777 2991 3848 nugeris,
3023 3778 3156 3849 quid
3189 3779 3339 3836 dicas
3368 3793 3385 3848 ;

1813 3879 1936 3922 cum
1964 3879 2065 3934 ego
2094 3865 2445 3921 inclamarem
2477 3885 2490 3921 :
2520 3865 2772 3924 Concidit
2795 3865 3126 3936 Praecursor,
3157 3867 3388 3924 solvitur

1815 3950 2183 4024 Evangelium,
2212 3971 2321 4010 non
2343 3963 2426 4009 est
2450 3954 2820 4025 dispensatio;
2853 3963 2908 4010 et
2934 3955 3010 4011 illi
3045 3957 3247 4028 saepius
3276 3957 3380 4014 ite-

1815 4053 2000 4100 rarent
2029 4063 2043 4098 :
2079 4044 2416 4116 Dispensatio
2443 4055 2527 4100 est
2561 4062 2576 4114 ;
2608 4055 2770 4118 atque
2819 4046 2894 4102 ita
2932 4047 3110 4102 sancti
3158 4046 3386 4120 dispen-

1811 4145 2001 4191 sarunt
2027 4143 2082 4189 et
2112 4136 2424 4205 praecedens
2456 4145 2679 4192 sanctus
2706 4137 3035 4209 patriarcha.
3068 4135 3149 4193 En
3205 4146 3378 4198 testes

1813 4226 1956 4295 quod
1989 4225 2083 4279 ille
2109 4226 2340 4281 adulteri
2367 4226 2762 4295 copulationem
2811 4228 3151 4299 pmceperit.
3194 4228 3384 4299 Quan-

1813 4329 1974 4382 quam
2007 4313 2081 4366 illi
2114 4328 2224 4367 non
2248 4314 2327 4367 sic
2347 4327 2466 4367 eam
2491 4313 2834 4383 appellabant
2857 4329 2874 4379 ;
2897 4313 3030 4383 quin
3053 4312 3379 4380 fremebant,

1812 4414 1865 4458 et
1891 4404 2142 4459 dentibus
2189 4404 2507 4467 stridebant,
2550 4419 2673 4458 cum
2731 4402 2960 4458 adulteri
3012 4403 3381 4473 eopulatorem

1813 4495 2082 4550 audirent.
2131 4494 2241 4549 Cur
2293 4495 2580 4549 anathema
2610 4493 2694 4558 iis,
2723 4494 2815 4563 qui
2835 4503 3144 4549 sanctorum
3167 4495 3381 4564 dispen-

131 4582 338 4646 ὶαλεῖς.
378 4582 617 4646 Βοῶντός
670 4601 804 4653 μου·
837 4586 1032 4639 Πίπτει
1069 4589 1098 4639 6
1143 4586 1490 4657 Πρὸδρομος·
1523 4587 1708 4641 λύεται

1816 4587 2048 4641 sationes
2073 4602 2179 4641 non
2211 4585 2521 4650 admittunt,
2549 4585 2691 4640 clara
2718 4598 2852 4640 voce
2878 4583 3252 4640 denuntiatum
3283 4603 3295 4639 :
3321 4595 3379 4640 et

127 4674 188 4724 τὸ
223 4674 595 4742 Εὑαγγέλιον·
640 4676 741 4728 οὐκ
788 4674 936 4730 ἐστιν
972 4677 1288 4746 οἰκονομία·
1341 4677 1607 4732 κάκείνων
1645 4678 1705 4730 τὸ

130 4762 411 4831 ἐπιλέγειν
458 4765 612 4831 πολὺ,
670 4765 752 4818 ὅτι
794 4767 1106 4837 οἰκονομία·
1141 4770 1235 4821 καλ¹
1274 4766 1443 4832 οὕτως
1475 4771 1524 4822 οἰ
1564 4771 1710 4834 ἆγιοι

128 4849 518 4924 ᾡκονόμησαν,
574 4855 673 4910 καίΙ
713 4857 742 4909 6
784 4858 841 4911 ἐν
874 4857 1046 4926 ἁγίοις
1092 4859 1567 4929 προηγησάμενος.
1604 4858 1706 4912 Ἰδε

131 4944 418 5014 μάρτυρες
446 4945 528 4998 ὅτι
577 4947 844 5019 ἐπέτρεψε
872 4949 971 5018 τὴν
1019 4949 1425 5019 μοιχοζευξίαν·
1468 4951 1571 5004 κᾶν
1607 4951 1707 5004 οὐκ

127 5033 320 5102 ἔλεγον
361 5035 531 5107 αὐτὴν
568 5036 741 5102 οὕτως
767 5079 781 5104 ,
832 5040 967 5094 ἀλλά
995 5041 1090 5094 καὶ
1115 5041 1174 5095 τὸ
1222 5043 1399 5095 εἰπεῖν
1433 5041 1708 5113 μοιχοζεύ-

129 5143 298 5196 κτην,
333 5127 643 5199 διεπρίοντο
689 5131 819 5196 τοὺς
844 5132 1059 5196 ὀδόντας
1103 5133 1200 5203 τοιξ
1242 5134 1406 5188 οἰονελ⁵
1447 5136 1704 5204 ῥοφῆσαι.

139 5218 319 5291 Ὑπὲρ
353 5219 497 5284 τίνος
525 5221 588 5274 τὸ
608 5222 858 5294 ἀνάθεμα
889 5227 1002 5288 τοῖς
1045 5225 1123 5295 μὴ
1152 5225 1458 5296 δεχομένοις
1488 5225 1587 5289 τὰς
1623 5228 1703 5278 οἰ-

123 5312 394 5380 κονομίας
438 5311 550 5366 τῶν
596 5313 772 5384 ἁγίων
826 5315 1127 5386 διαῆοήτως
1176 5316 1547 5387 ἀνακραχθέν·
1608 5316 1704 5370 καὶ

121 5401 240 5468 ἐγὼ
261 5403 359 5455 σὺν
387 5403 465 5474 τῷ
490 5403 665 5475 Πατρί
693 5421 797 5476 μου
816 5406 908 5458 καὶ⁵
921 5404 1225 5478 Καλογήρῳ
1254 5408 1342 5460 ὑπ’
1376 5407 1701 5476 ἀρχοντικῆς

125 5492 315 5561 χειρὸς
365 5494 685 5565 ἀφορισθεὶς
736 5498 801 5549 ἐκ
841 5496 1044 5566 μέσου·
1092 5499 1121 5550 6
1167 5498 1224 5551 δὲ
1273 5496 1701 5568 ἀρχιεπίσκοπος

121 5583 572 5652 ἐναπολειφθείς·
629 5588 722 5654 καὶ
764 5587 896 5640 διότι
945 5587 1104 5658 μόνον
1155 5588 1569 5660 ἐλειτούργησεν
1607 5587 1698 5640 ὑπ’

123 5673 262 5741 ἐμοῦ
295 5677 664 5747 παρακληθεὶς
691 5681 770 5742 εἰς
789 5679 858 5733 τὰ
884 5679 1239 5744 Στουδίου,ὡς
1265 5681 1436 5744 κοινὸς
1463 5679 1700 5750 πρεσϐύ·

124 5780 288 5833 τερος
320 5766 669 5836 καθαιρεθεὶς
700 5771 822 5822 κατ’
850 5770 1079 5836 αὑτούς;
1129 5770 1231 5824 Τὸν
1257 5772 1363 5841 γὰρ
1402 5771 1494 5824 ὑπ’
1532 5769 1696 5824 αὑτοῦ

126 5853 367 5923 Χριστοῦ
403 5857 800 5928 καθαιρεθέντα
833 5859 926 5912 καὶ
974 5860 1079 5913 τῶν
1111 5859 1272 5914 θείων
1305 5860 1544 5914 κανόνων
1586 5877 1696 5929 μοι·

1807 4693 1906 4748 ego
1946 4694 2070 4733 cum
2115 4686 2265 4748 patre
2289 4691 2410 4731 meo
2448 4684 2504 4731 et
2542 4676 2801 4748 Calogero
2821 4674 3132 4748 aprincipis
3152 4690 3314 4730 manu
3346 4694 3377 4729 e

1809 4769 1983 4824 medio
2013 4769 2406 4823 exterminatus
2436 4785 2452 4834 ;
2497 4767 2940 4837 archiepiscopus
2958 4775 3140 4821 autem
3163 4765 3377 4837 deposi-

1809 4868 1915 4924 tus,
1947 4867 2110 4927 atque
2156 4858 2227 4913 ob
2255 4873 2376 4912 eam
2402 4857 2571 4912 solam
2626 4872 2864 4923 causam,
2889 4856 3034 4927 quod
3056 4872 3087 4910 a
3112 4872 3198 4912 me
3218 4872 3375 4932 roga-

1807 4959 1893 5006 tus
1914 4951 1969 5005 in
2001 4948 2277 5004 Studianis
2300 4949 2642 5014 celebrasset,
2673 4948 2824 5003 velut
2869 4948 3174 5002 communis
3218 4963 3373 5018 pres-

1804 5039 1979 5109 byter,
2007 5039 2245 5111 ipsorum
2277 5040 2544 5093 sententia
2567 5036 2884 5108 depositus?
2911 5037 3124 5092 Etenim
3154 5053 3185 5092 a
3215 5037 3374 5094 Chri-

1806 5142 1890 5186 sto
1915 5132 2032 5202 ipso
2057 5141 2111 5187 et
2130 5131 2327 5186 divinis
2347 5131 2648 5187 canonibus
2666 5130 2972 5201 depositum
3003 5129 3257 5186 adulterii
3281 5145 3373 5186 co-

1803 5221 2101 5290 pulatorem
2156 5219 2528 5286 absolverunt,
2572 5220 2851 5276 innoxium
2900 5234 2995 5292 per
3041 5219 3222 5276 omnia
3252 5236 3374 5293 pro-

1802 5311 2136 5376 nuntiantes,
2161 5310 2253 5381 qui
2280 5320 2476 5366 etcum
2512 5310 2645 5381 ipsis
2678 5310 2786 5380 iam
2817 5319 2974 5366 antea
3008 5309 3366 5376 sacriﬁcabat,

1802 5401 1936 5455 Eum
1964 5415 2093 5455 vero
2122 5401 2213 5469 qui
2249 5398 2448 5471 deponi
2478 5415 2577 5470 per
2601 5415 2838 5456 canones
2881 5415 2991 5456 non
3013 5409 3246 5471 poterat,
3268 5399 3367 5457 de-

1799 5491 2053 5561 positioni
2077 5490 2419 5557 addixerunt,
2443 5508 2600 5548 suum
2631 5493 2757 5547 illud
2800 5493 3005 5548 dictum
3036 5491 3193 5548 factis
3235 5508 3369 5548 con-

1801 5580 2096 5646 ﬁrmantes,
2124 5596 2283 5652 posse
2322 5582 2622 5654 episcopos,
2652 5593 2812 5654 prout
2842 5583 2924 5638 eis
2951 5583 3126 5638 visum
3180 5583 3364 5651 fuerit,

1800 5672 1877 5726 uti
1933 5671 2256 5728 canonibus.
2313 5672 2465 5739 Quod
2523 5674 2598 5729 illi
2617 5674 2832 5745 quidem
2876 5683 3138 5746 perpetuo
3183 5672 3255 5729 ita
3288 5672 3366 5730 fa-

1799 5763 1948 5818 ciunt
1972 5779 1987 5830 ;
2015 5776 2112 5817 nec
2147 5762 2249 5818 hoc
2289 5763 2477 5818 saltem
2524 5763 2870 5818 considerare
2916 5763 3181 5830 volentes,
3212 5761 3256 5817 si
3291 5762 3364 5819 ita

1800 5870 1884 5911 res
1900 5870 1958 5910 se
1990 5855 2203 5921 habeat,
2228 5869 2386 5925 posse
2425 5855 2516 5925 qui
2552 5855 2870 5927 episcopum
2893 5855 3191 5927 deponunt,
3208 5855 3276 5912 ab
3298 5871 3366 5911 eo
