3914 6462
562 432 696 495 1075

1744 429 1804 488 S.
1848 426 2239 489 THEODORI
2276 427 2616 488 STUDITE

3673 418 3783 483 1076

553 559 713 613 quem
753 542 1329 612 deponant,ipsosmet
1350 539 1548 612 deponi
1597 553 1656 597 ut
1695 545 1982 614 impleatur
2009 562 2143 613 apo-

2263 545 2542 614 ίοζεύκτην
2587 543 2851 612 ἡθώωσαν
2873 560 2885 572 ·
2932 541 3182 610 ἀνένοχον
3217 541 3628 611 ἀποφηνάμενοι
3665 544 3788 594 κατὰ

555 633 818 688 stolarum
850 629 1129 685 oraculum
1157 630 1227 684 ".

2242 638 2419 689 πάντα
2453 636 2549 689 καὶ
2595 633 2980 704 συνιερουργὸν
3022 634 3204 696 αὐτοῖς
3239 635 3366 686 δντα
3392 635 3485 686 καὶ
3526 635 3788 704 πρότερον.

555 723 662 775 Τὸν
690 721 746 775 δὲ
775 720 1137 792 άκαθαίρετον
1167 722 1232 773 ἐκ
1276 721 1534 786 κανόνων,
1571 722 1888 793 καθαιρέσει
1918 724 2254 780 δύπέϐαλονο
2321 725 2472 795 ἔργῳ
2533 727 2624 778 τὸν
2684 723 2843 791 λόγον
2891 723 3069 776 αὐτῶν
3109 720 3518 791 βεϐαιούμενοι·
3552 724 3626 784 ὡς
3658 722 3790 785 ἐξου-

559 816 680 868 σίαν
712 813 859 885 ἔχειν
907 815 1036 875 τοὺς
1083 814 1554 884 ἱεράρχας,κατά
1599 815 1660 869 τὺ
1699 818 1882 881 αὐτοῖς
1923 817 2139 884 δοκοῦν,
2211 818 2513 888 κεχρῆσθαι
2555 820 2665 879 τοῖς
2721 816 2966 870 κανόσιν.
3033 816 3212 887 Ὅπερ
3253 814 3567 886 ἐνεργοῦσιν
3619 817 3695 877 εἰς
3743 818 3793 867 τὸ

558 909 647 962 άεί
680 927 692 939 ·
724 909 843 962 οὐδὲ
892 910 1070 962 ἐκεῖνο
1105 912 1336 964 συνιδεῖν
1385 911 1731 982 βουλόμενοι·
1762 913 1866 976 ὅτι,
1933 912 1981 966 εἰ
2018 912 2176 967 τοῦτό
2243 915 2410 976 ἐστιν,
2465 911 2725 981 ἰεράρχην
2775 908 3190 979 καθαιροῦντες,
3214 904 3304 961 ὑπ’
3326 907 3493 961 αὐτοῦ
3525 901 3589 960 οῦ
3617 906 3790 958 καθαιο

562 999 718 1073 ροῦσι
765 1001 995 1054 δυνατδν
1019 1002 1216 1066 αὐτοὺς
1245 1003 1486 1067 ἐκείνους
1533 1004 1959 1076 καθαιρεθῆναι,
2002 1005 2380 1076 πληρουμένου
2411 1003 2505 1055 τοῦ
2538 1001 2645 1055 τῶν
2677 1001 2985 1054 ἀποστόλων
3011 1000 3213 1068 λογίου.

636 1091 765 1146 llaec
796 1107 894 1147 nos
925 1093 1100 1155 vobis,
1132 1093 1392 1164 episc0pi,
1422 1094 1488 1149 de
1529 1096 1829 1151 eanonibus
1853 1098 2142 1152 constitui—

563 1199 708 1238 mus.
743 1183 853 1238 Vos
883 1199 1012 1239 vero
1051 1185 1106 1238 in
1139 1185 1218 1240 eis
1266 1198 1677 1255 perseverantes
1722 1188 1853 1243 salvi
1885 1189 2056 1254 eritis,
2091 1199 2145 1244 et

563 1287 752 1342 pacem
790 1272 1062 1328 habebitis
1086 1291 1100 1338 ;
1123 1289 1234 1329 non
1263 1275 1581 1330 obedientes
1610 1285 1789 1331 autem
1818 1276 2142 1347 puniemini,

561 1372 619 1416 et
639 1372 968 1432 perpetuum
1001 1364 1141 1418 inter
1170 1379 1268 1420 vos
1298 1365 1498 1419 bellum
1526 1366 1746 1435 geretis,
1767 1367 1994 1436 abiecta)
2016 1366 2147 1420 obe—

565 1451 786 1507 dientiae
807 1468 997 1522 poenas
1022 1469 1287 1525 congruas
1318 1456 1548 1509 luentes.
1598 1457 1708 1511 Cur
1738 1473 1858 1526 quae
1890 1465 2011 1526 post
2060 1472 2146 1527 sy-

565 1545 768 1598 nodum
797 1554 943 1615 gesta
983 1554 1128 1610 sunt,
1155 1554 1209 1599 et
1233 1547 1475 1599 omnium
1507 1547 1735 1601 fratrum
1770 1565 1865 1616 per
1912 1549 2146 1618 impera-

566 1643 739 1690 torem
772 1636 1038 1691 discussio
1072 1653 1086 1690 :
1127 1653 1250 1690 cum
1275 1638 1501 1701 diceret,
1528 1654 1628 1692 nos
1672 1641 1889 1708 quidem
1923 1641 2143 1710 deposi-

2317 1093 2501 1146 Ταῦτα
2548 1093 2642 1146 καὶ
2696 1093 2823 1162 περὶ
2867 1092 3104 1144 κανόνων
3137 1090 3474 1161 διατετάχθω
3518 1090 3645 1159 ὑμῖν
3679 1081 3794 1156 παρ’

2241 1181 2419 1251 ήμῶν,
2456 1175 2500 1234 ὦ
2550 1181 2866 1233 ἐπίσκοποι.
2905 1180 3097 1247 Ὑμεῖς
3144 1179 3201 1231 δὲ
3247 1179 3572 1248 ἐμμένοντες
3609 1176 3793 1237 αὐτοῖς,

2245 1273 2554 1342 σωθήσεσθε
2586 1274 2680 1324 καὶ
2713 1273 2933 1343 εἰρήνην
2963 1269 3142 1333 ἕξετεο
3183 1269 3538 1331 ἀπειθοῦντες
3568 1268 3624 1321 δὲ
3653 1265 3797 1319 κολα-

2247 1364 2514 1434 σθήσεσθε
2535 1381 2548 1394 α
2583 1365 2677 1416 καὶ
2725 1362 2961 1432 πόλεμον
2992 1363 3110 1431 μετ’
3148 1361 3394 1429 ἀλλήλων
3424 1361 3594 1413 ἀῖδιον
3627 1361 3765 1425 ἕξετε
3787 1373 3799 1388 ’

2248 1455 2404 1526 δίκην
2460 1455 2560 1524 τῆς
2618 1457 2879 1524 ἀνηκοΐας
2929 1457 3032 1524 τὴν
3089 1456 3474 1523 προσήκουσαν
3521 1453 3798 1512 τιννύντες.

2262 1547 2436 1617 ’Υπὲρ
2474 1547 2618 1609 τίνος
2644 1547 2710 1599 τὰ
2746 1546 2882 1614 μετὰ
2909 1544 3005 1616 τὴν
3040 1545 3275 1609 σύνοδον,
3309 1545 3342 1614 ἦ
3380 1560 3438 1596 τε
3467 1545 3679 1596 πάντων
3703 1542 3802 1594 τῶν

2250 1637 2496 1707 ἀδελφῶν
2550 1639 2836 1707 ἀνάκρισις
2881 1637 2987 1688 ὑπὸ
3065 1635 3156 1688 τοῦ
3222 1635 3488 1704 βασιλέως
3547 1635 3799 1702 λέγοντος,

568 1738 671 1790 tos,
703 1729 966 1799 synodum
1000 1745 1125 1783 vero
1153 1739 1391 1784 sanctam
1423 1745 1564 1792 esse,
1586 1741 1682 1784 eta
1702 1746 1758 1785 se
1780 1731 2145 1802 obsignatam:

2263 1731 2558 1800 ἡμᾶςομὲν
2617 1729 3054 1800 καθῃρημένους,
3109 1728 3207 1795 τὴν
3251 1727 3308 1780 δὲ
3361 1726 3577 1778 σύνοδον
3629 1725 3800 1793 άγίαν,

567 1820 792 1889 perinde
839 1821 992 1890 quasi
1038 1832 1347 1876 sanctorum
1393 1821 1727 1900 dispensatio
1755 1832 1899 1877 esset
1934 1824 2145 1876 adulte-

569 1911 686 1964 rina
713 1910 1003 1979 copulatio,
1027 1919 1082 1964 et
1106 1911 1451 1966 indemnatus
1473 1914 1562 1982 qui
1596 1913 1712 1967 haec
1740 1914 2056 1983 peregerat?
2081 1913 2147 1969 Et

570 2018 694 2056 cum
727 2018 887 2057 nemo
934 2003 1079 2057 illam
1126 2003 1477 2070 admitteret,
1499 2015 1593 2059 aut
1620 2005 1954 2074 singulorum
1990 2023 2145 2061 seor-

571 2108 692 2146 sum
733 2103 826 2147 aut
879 2093 1130 2148 binorum
1191 2103 1538 2150 ternorumve
1584 2096 1761 2156 simul,
1810 2107 1924 2150 tum
1983 2097 2144 2150 etiam

574 2185 830 2254 plurium,
864 2200 960 2252 per
985 2185 1309 2238 monasteria
1341 2194 1395 2238 et
1423 2193 1596 2240 castra
1629 2186 1879 2250 inclusio,
1913 2186 2153 2239 nonnul-

577 2274 751 2327 lorum
803 2273 966 2327 etiam
1017 2273 1222 2344 ﬂagella
1265 2284 1318 2327 et
1357 2274 1628 2329 cruciatus
1661 2291 1675 2339 ;
1705 2291 1828 2329 cum
1870 2275 1978 2344 jam
2036 2276 2151 2328 haec

577 2364 778 2431 ubique
813 2372 954 2417 terra
984 2364 1226 2433 marique
1273 2375 1398 2419 nota
1457 2367 1566 2420 sint
1611 2367 1878 2437 vulgoque
1926 2369 2148 2434 jactata.

577 2452 748 2517 Quam
802 2452 965 2521 igitur
996 2453 1066 2506 ob
1100 2467 1319 2506 causam
1347 2453 1461 2508 haec
1490 2454 1670 2507 omnia
1701 2463 1760 2506 ut
1783 2453 1969 2522 paucis
1999 2468 2150 2507 com-

579 2543 785 2613 plectar
811 2541 836 2594 ’ἰ
865 2540 1056 2595 Nonne
1085 2542 1229 2611 quod
1253 2542 1445 2597 adduci
1474 2559 1581 2596 non
1631 2551 1875 2612 possent,
1913 2551 1971 2596 ut
2001 2541 2152 2596 dice-

583 2641 726 2695 rent,
755 2637 850 2683 aut
897 2631 1245 2694 assentirent,
1274 2631 1731 2700 dispensationem
1761 2632 1926 2685 fuisse
1980 2631 2156 2685 Evan-

582 2721 706 2792 gelii
765 2721 1280 2790 transgressionem,
1330 2739 1489 2792 quam
1555 2725 1700 2778 velut
1756 2726 2042 2778 salutarem
2102 2731 2156 2778 et

582 2810 784 2864 sanctis
805 2826 987 2879 parem
1042 2812 1335 2866 adversarii
1378 2813 1832 2876 vociferabantur,
1875 2815 1966 2884 qui
2004 2814 2157 2868 factis

584 2907 637 2952 et
661 2899 836 2952 verbis
861 2899 1157 2953 etiamnum
1180 2900 1233 2953 in
1257 2917 1322 2956 eo
1343 2905 1665 2966 consistunt,
1692 2903 1742 2957 id
1775 2904 2074 2973 loquentes,
2103 2904 2155 2958 id

584 2997 807 3059 agentes
837 2990 939 3043 ista
989 2994 1412 3060 persecutione?
1440 2993 1686 3058 Quonam
1710 2995 1872 3065 igitur
1897 3005 2053 3065 pacto
2079 2996 2160 3050 di-

2248 1823 2776 1892 ὲπισφραγισθεῖσαν
2819 1819 2910 1872 ὑπ’
2956 1818 3148 1872 αὑτοῦ·
3187 1819 3262 1880 ὡς
3305 1818 3616 1888 οἰκονομίας
3653 1817 3804 1885 οὔσης

2248 1917 2420 1984 άγίων
2481 1917 2581 1986 τῆς
2639 1913 3052 1984 μοιχοζευξίας,
3108 1913 3200 1964 καὶ
3250 1911 3668 1978 ἀκαταγνῶστου
3721 1907 3804 1961 τοῦ

2247 2008 2416 2060 ταῦτα
2445 2007 2817 2069 τετελεκότος;
2852 2005 2962 2057 Καὶ
3009 2003 3195 2072 ἐπειδὴ
3225 2003 3286 2056 οὐ
3321 2001 3736 2071 προσεδέξαντω
3775 2001 3804 2064 ἠ

2248 2100 2364 2161 ἑνὸς
2395 2100 2648 2159 ἑκάστου,
2673 2097 2704 2166 ἥ
2733 2098 2824 2149 καὶ
2856 2094 2992 2166 όμού
3023 2094 3137 2157 δύο,
3168 2097 3201 2165 ἢ
3231 2095 3421 2164 τριῶν,
3451 2094 3484 2164 ἢ
3517 2094 3609 2146 καὶ
3639 2093 3808 2144 πλειό-

2250 2211 2378 2255 νων,
2427 2193 2483 2244 ἑν
2545 2207 2603 2242 τε
2658 2191 2770 2252 τοῖς
2829 2187 3213 2258 μοναστηρίοις
3251 2187 3349 2239 καὶ
3394 2190 3507 2250 τοῖς
3561 2188 3808 2256 κάστροις

2252 2284 2600 2345 κατάκλεισις
2621 2300 2634 2312 ο
2658 2281 2820 2334 τινῶν
2844 2280 2900 2332 δὲ
2932 2278 3300 2349 μαστιγώσεις
3329 2281 3423 2332 καὶ
3454 2277 3808 2346 κουσπισμοίο

2252 2372 2527 2442 πανταχοῦ
2577 2371 2678 2440 γῆς
2716 2387 2775 2423 τε
2814 2371 2908 2424 καὶ
2961 2369 3230 2438 θαλάττης
3281 2367 3812 2440 διατεθρυλλημένων

2252 2465 2490 2529 τούτων;
2535 2465 2707 2533 Ὑπὲρ
2732 2463 2875 2526 τίνος
2910 2458 3001 2515 οὖν
3030 2459 3202 2514 ταῦτα
3231 2461 3436 2527 πάντα,
3471 2462 3557 2515 ἵνα
3589 2459 3814 2514 συνελὼν

2254 2557 2426 2620 εἰπω;
2477 2556 2587 2623 Οὐχ
2635 2555 2774 2623 ὑπὲρ
2811 2553 2901 2606 τοῦ
2953 2552 3027 2623 μὴ
3075 2554 3466 2622 καταδέχεσθαι
3515 2554 3692 2607 εἰπεῖν
3728 2557 3815 2606 καὶ

2259 2646 2696 2715 συγκαταθέσθαι
2729 2646 2828 2716 τὴν
2860 2646 3170 2716 παράϐασιν
3200 2646 3292 2698 τοῦ
3327 2645 3657 2713 Εὐαγγελίου
3681 2648 3815 2698 οἰκο-

2256 2739 2484 2807 νομίαν*
2539 2737 2608 2807 ῆν
2657 2736 2729 2799 ὼς
2787 2737 3054 2806 σωτήριον
3094 2735 3188 2788 καὶ
3239 2737 3448 2803 ίσάγιον
3502 2737 3548 2789 οἰ
3597 2736 3817 2790 ἐναντίοι

2257 2829 2574 2900 ἐξεϐόησαν,
2608 2830 2943 2899 ἐμπράκτως
2977 2831 3072 2880 καὶ
3104 2825 3183 2896 τῷ
3215 2826 3360 2896 λόγῳ
3395 2827 3473 2890 εἰς
3499 2827 3590 2880 τὸν
3622 2829 3817 2896 κόσμον

2259 2925 2350 2976 καὶ
2384 2922 2583 2974 εἰσέτι⁹
2623 2922 2716 2974 καὶ
2743 2921 2847 2983 ἕως
2889 2918 2958 2972 ἂν
3008 2919 3340 2988 ἐπιμένωσιν
3371 2919 3542 2983 οὕτως
3577 2919 3819 2986 λέγοντες

2261 3017 2354 3069 καὶ
2394 3016 2724 3085 πράττοντες
2762 3013 2847 3066 διά
2883 3012 2974 3064 τὸν
3024 3012 3295 3082 διωγμόνς
3347 3013 3468 3075 Πῶς
3515 3009 3609 3064 οὖν
3640 3029 3819 3079 φασιν,

585 3089 735 3143 cunt,
761 3082 927 3150 quod,
964 3084 1181 3138 nemine
1207 3085 1525 3142 adversante
1584 3097 1676 3142 aut
1714 3089 1960 3153 docente,
2018 3089 2158 3157 ipsos

2263 3109 2341 3160 ὅτι
2375 3082 2598 3176 μηδενὸς
2645 3103 3039 3172 ἀνθισταμένου
3089 3105 3181 3156 καὶ
3212 3103 3552 3164 διδάσκοντος
3603 3103 3820 3155 καλέσοο

586 3188 844 3227 vocemus
899 3175 1184 3230 haereticos
1209 3177 1231 3229 ’ἓ
1260 3178 1578 3232 Commenta
1608 3189 1736 3233 sunt
1756 3181 1854 3233 ista
1876 3196 1994 3248 quae
2014 3178 2161 3233 dixi-

587 3283 710 3321 mus
773 3275 828 3321 et
873 3283 1104 3336 somnia,
1131 3287 1200 3324 an
1231 3273 1399 3327 vera?
1430 3273 1497 3326 Et
1521 3274 1777 3342 quoniam
1812 3290 1936 3328 vera
1992 3282 2115 3327 sunt
2142 3290 2156 3339 ;

586 3359 858 3428 quomodo
896 3376 1004 3414 non
1061 3364 1260 3432 ubique
1301 3365 1500 3419 docent
1525 3374 1580 3419 et
1633 3367 1929 3435 praedicant
1983 3367 2162 3421 verbis

587 3450 906 3520 factisque?
933 3451 1040 3505 Aut
1085 3455 1357 3523 quomodo
1407 3472 1523 3520 vos,
1553 3456 1656 3510 illis
1686 3473 1794 3511 non
1853 3458 2158 3524 credentes,

588 3544 978 3612 propemodum
1025 3559 1146 3599 cum
1181 3546 1310 3615 ipsis
1343 3547 1433 3616 qui
1467 3548 1581 3602 haec
1609 3549 1796 3602 dicunt
1825 3549 1980 3604 statis
2017 3550 2160 3620 (sed,

591 3637 692 3690 etsi
721 3637 1052 3694 tacuerimus
1092 3654 1212 3705 nos,
1241 3641 1390 3694 orbis
1420 3641 1535 3710 ipse
1560 3643 1841 3697 veritatem
1892 3643 2162 3712 testatur),

593 3727 925 3782 horrendum
949 3728 1145 3783 silentii
1169 3729 1430 3798 judicium
1452 3731 1504 3783 in
1523 3747 1617 3785 vos
1635 3732 1780 3800 ipsos
1794 3733 2164 3786 attrahentes?

592 3820 958 3884 Quamobrem
995 3835 1092 3890 ego
1154 3820 1372 3873 humilis
1433 3837 1595 3891 cogor
1657 3839 1766 3876 non
1816 3823 1996 3886 silere,
2049 3823 2162 3876 sive

594 3910 817 3979 scripto,
846 3910 959 3964 sive
987 3910 1103 3964 sine
1143 3911 1365 3980 scripto,
1388 3913 1562 3979 quoad
1590 3912 1729 3966 vires
1785 3912 1984 3978 ferunt,
2013 3929 2135 3967 cum

593 3999 789 4050 timore
811 4012 875 4051 ac
899 4005 1154 4062 tremore,
1184 4015 1308 4052 cum
1340 4001 1463 4054 vita:
1515 4000 1829 4055 discrimine
1851 4019 1863 4054 :
1883 4002 1982 4054 etsi
2012 4002 2164 4071 quis-

592 4089 740 4158 piam
777 4096 1018 4142 vestrum
1074 4089 1302 4143 fortasse
1346 4106 1457 4143 non
1504 4093 1836 4158 necessario,
1880 4093 2053 4147 dicam
2109 4100 2166 4148 et

592 4193 1011 4247 supervacanee,
1042 4194 1128 4232 me
1163 4179 1278 4233 haec
1311 4179 1488 4233 facere
1526 4181 1814 4235 existimet.

669 4375 868 4430 Verum
918 4378 985 4432 ad
1041 4393 1153 4432 rem
1205 4380 1419 4434 tandem
1452 4381 1630 4434 veniat
1680 4381 1872 4436 oratio.
1925 4380 2035 4446 Ais,
2065 4397 2161 4435 ne-
2198 4419 2227 4473 Ῐ

597 4465 742 4520 mine
767 4466 1088 4521 adversante
1119 4476 1213 4522 aut
1261 4468 1489 4523 docente
1541 4470 1798 4522 mrecbari
1844 4471 2161 4540 sacrilegos-

597 4573 704 4626 que
734 4558 1034 4622 absolvere,
1067 4575 1174 4628 quo
1195 4559 1316 4628 jure
1350 4560 1466 4613 illos
1494 4562 1824 4630 appellemus
1849 4562 2165 4614 haereticos?

601 4646 859 4701 Mmcbari
907 4662 1056 4717 ergo,
1087 4656 1142 4701 et
1186 4649 1477 4718 sacrilegos
1519 4652 1817 4714 absolvere,
1866 4653 2030 4704 verbo
2088 4650 2162 4702 illi

601 4753 787 4792 revera
814 4753 923 4792 non
947 4738 1182 4794 docent:
1213 4754 1334 4792 cum
1361 4755 1460 4793 nec
1492 4752 1680 4811 gentes
1709 4758 1827 4810 qua.-
1857 4741 2027 4812 legem
2054 4759 2163 4795 non

599 4829 1084 4883 habentmmchari
1114 4830 1344 4884 doceant
1376 4847 1389 4883 :
1428 4846 1601 4900 neque
1650 4848 1746 4885 nos
1798 4833 1941 4885 nude
1968 4833 2068 4887 hoc
2099 4833 2167 4888 ab

602 4919 707 4974 illis
748 4920 852 4974 dici
880 4921 1315 4992 posuimus:sed
1345 4923 1486 4992 quod
1530 4923 1884 4976 adulterinam
1941 4925 2166 4993 conjun-

603 5014 840 5068 ctionem
896 5015 1282 5082 approbantes,
1317 5024 1371 5069 et
1399 5031 1519 5084 qua:
1561 5015 1632 5068 illi
1674 5032 1882 5070 annexa
1916 5027 2065 5082 sunt,
2113 5027 2168 5072 et

604 5121 701 5175 per
734 5121 853 5159 eam
887 5107 1020 5160 alias
1073 5107 1352 5177 Evangelii
1406 5109 1860 5178 transgressiones
1883 5125 2004 5162 cum
2032 5109 2169 5162 divi-

602 5211 796 5249 norum
834 5211 1104 5250 canonum
1131 5197 1559 5261 infractionibus,
1591 5199 1880 5253 salutarem
1904 5215 2023 5253 esse
2054 5201 2168 5254 dis-

603 5288 974 5354 pensationem
1005 5289 1290 5358 interjecto
1337 5292 1680 5344 anathemate
1715 5293 2054 5358 sancientes;
2086 5303 2168 5346 at-

601 5393 706 5444 que
737 5379 838 5430 hoc
868 5379 1041 5446 ipsum
1071 5379 1124 5431 in
1151 5379 1266 5432 dies
1304 5396 1402 5448 per
1422 5380 1606 5433 exsilia
1634 5395 1985 5448 carceresque
2034 5398 2169 5449 quos

601 5467 711 5520 dixi
757 5467 1112 5531 vindicantes,
1149 5469 1497 5540 Evangelium
1553 5471 1814 5525 solverint
1860 5487 1922 5525 ex
1955 5481 2170 5525 sancto-

604 5574 722 5610 rum
772 5560 1062 5622 sententia,
1104 5569 1157 5613 et
1182 5561 1378 5614 virtute
1409 5561 1867 5630 dispensationem
1915 5563 1968 5615 in
2023 5563 2167 5615 omni

604 5653 1045 5720 praevaricatione
1070 5653 1180 5706 fieri
1209 5665 1494 5708 astruunt:
1527 5655 1872 5709 immulabilia
1903 5655 1991 5709 Dei
2017 5649 2170 5710 man-

677 5812 719 5844 "
750 5815 876 5869 Can.
904 5814 935 5868 8
960 5821 1126 5882 «post.
1159 5813 1311 5880 juxta
1338 5812 1565 5868 Curras.

2264 3215 2360 3268 μεν
2410 3199 2606 3260 αὐτοὺς
2654 3194 3298 3266 αἰρετικούςςΦαντασία
3348 3193 3416 3246 τὰ
3465 3192 3822 3264 προλεχθέντα

2262 3291 2353 3343 καὶ
2383 3289 2601 3360 ὄνειροι,
2633 3289 2665 3359 ἢ
2708 3289 2920 3358 άληθῆ;
2959 3285 3180 3356 Ἐπειδὴ
3210 3285 3265 3338 δὲ
3294 3284 3470 3355 ἀληθῆ
3511 3324 3525 3349 ,
3565 3285 3682 3347 πῶς
3708 3285 3823 3354 οὐχὶ

2260 3382 2602 3435 διδάσκουσιν
2651 3383 2912 3434 ἑκάστοτε
2963 3379 3057 3432 καὶ
3113 3376 3477 3448 κηρύττουσιν
3532 3376 3681 3448 ἔργῳ
3736 3377 3825 3429 καὶ

2262 3473 2436 3542 λόγῳ;
2465 3473 2497 3542 ἢ
2529 3473 2644 3536 πῶς
2675 3473 2769 3542 οὐχ
2814 3472 2970 3541 ὑμεῖς
3013 3468 3326 3539 πειθόμενοι
3372 3469 3590 3532 αὐτοῖς,
3631 3467 3825 3541 μικροῦ

2263 3565 2370 3618 δεῖν
2423 3569 2539 3636 μετ’
2586 3565 2768 3617 αὐτῶν
2817 3563 2924 3615 τῶν
2958 3562 3229 3630 λεγόντων
3263 3561 3484 3613 ἵστασθε
3532 3561 3711 3630 (ἀλλά
3740 3559 3829 3611 καὶ

2264 3653 2360 3705 ἐὰν
2385 3655 2546 3724 ἡμεῖς
2581 3651 2895 3719 σιωπῶμεν,
2926 3650 2992 3703 τά
3029 3650 3243 3720 πέρατα
3275 3649 3371 3719 βοᾷ
3403 3650 3500 3718 τὴν
3526 3649 3829 3718 ἀλήθειαν),

2266 3743 2325 3794 τὸ
2357 3742 2583 3811 φοϐερὸν
2612 3740 2711 3808 τῆς
2750 3739 2961 3808 σιωπῆς
2998 3741 3174 3808 κρῖμα
3211 3739 3296 3806 ἐφ’
3331 3737 3551 3798 ἑαυτοὺς
3583 3735 3831 3788 ἐπισπώ-

2269 3851 2416 3903 μενοι
2445 3850 2457 3896 ;
2491 3832 2568 3883 Δι’
2599 3832 2664 3902 ἣν
2697 3830 2875 3883 αἰτίαν
2907 3829 3018 3897 ἐγὼ
3049 3831 3076 3881 ὁ
3109 3829 3361 3890 ταπεινὸς
3408 3827 3500 3880 τοῦ
3553 3827 3629 3896 μὴ
3675 3829 3832 3896 σιγᾷν

2264 3923 2650 3992 ἀναγκάζομαι
2684 3921 2973 3992 ἐγγράφως
3011 3938 3068 3973 τε
3102 3919 3198 3973 καὶ
3227 3919 3524 3990 ἀγράφως,
3554 3919 3698 3972 κατὰ
3736 3920 3833 3988 τὴν

2264 4013 2488 4066 ἐνοῦσάν
2523 4030 2611 4081 μοι
2639 4012 2868 4081 δύναμιν
2888 4052 2902 4076 ,
2938 4013 3076 4079 μετά
3109 4010 3273 4079 φόϐου
3302 4010 3397 4064 καὶ¹
3424 4009 3628 4081 τρόμου
3650 4049 3665 4074 ,
3698 4010 3834 4081 μετὰ

2266 4104 2622 4174 παρασκευῆς
2661 4103 2892 4156 θανάτου
2915 4119 2929 4133 ·
2980 4102 3080 4157 κάν
3110 4119 3193 4163 τις
3224 4101 3378 4172 ὑμῶν
3411 4104 3541 4166 ῐσως
3578 4103 3679 4156 οὐκ
3705 4106 3834 4156 άνα·

2264 4197 2471 4265 γκαίως
2491 4236 2505 4260 ,
2535 4196 2674 4248 εἴπω
2701 4195 2746 4248 δ’
2776 4197 2857 4249 ὅτι
2888 4195 2982 4250 καὶ
3025 4195 3427 4266 περιττολόγως
3452 4196 3621 4248 οἴεται
3659 4195 3834 4248 ταῦτα

2265 4290 2511 4356 ἐνεργεῖν
2548 4305 2636 4357 με.

2354 4377 2490 4428 Ἀλλ’
2524 4377 2616 4428 ἐπὶ
2644 4375 2703 4428 τὸ
2732 4374 3094 4447 προκείμενον
3122 4375 3149 4426 ό
3178 4372 3355 4440 λόγος.
3377 4373 3578 4439 Ἕφης,
3610 4371 3837 4440 μηδενὸς

2269 4470 2620 4537 ἐνισταμένου
2693 4469 2789 4519 καὶ
2857 4467 3198 4527 διδάσκοντος
3249 4463 3339 4516 τοῦ
3407 4463 3684 4534 μοιχεύειν
3746 4465 3837 4515 καὶ

2267 4559 2415 4611 λύειν
2450 4561 2576 4621 τοὺς
2607 4558 3014 4629 άνιέρους,πῶς
3046 4557 3282 4625 εὐλόγως
3305 4555 3610 4625 καλέσομεν
3639 4555 3838 4617 αὐτοὺς

2267 4652 2613 4720 αἱρετικούς;
2645 4652 2938 4720 Μοιχεύειν
2983 4645 3076 4702 οὖν
3108 4651 3201 4703 καὶ
3237 4648 3383 4701 λύειν
3416 4649 3542 4712 τοὺς
3588 4650 3838 4719 άνιέρους

2268 4743 2343 4812 τῷ
2377 4743 2538 4812 λόγῳ,
2569 4742 2788 4811 ἀληθὲς,
2821 4744 2878 4794 ού
2907 4743 3247 4796 διδάσκουσιν
3267 4758 3282 4772 ο
3312 4742 3434 4794 ἐπεὶ
3465 4741 3598 4812 μηδὲ
3619 4742 3687 4793 τὰ
3711 4742 3837 4810 ἔθνη

2268 4835 2337 4887 τὰ
2384 4836 2456 4904 μὴ
2510 4835 2672 4904 νόμον
2717 4833 2906 4902 ἔχοντα
2957 4835 3233 4904 μοιχεύειν
3275 4835 3546 4888 διδάσκειο
3583 4835 3680 4888 καὶ
3720 4839 3838 4889 οὐδὲ

2269 4928 2431 4996 ἡμεῖς
2463 4926 2684 4995 γυμνῶς
2714 4927 2872 4979 τοῦτο
2897 4928 3164 4994 ἐκφωνεῖν
3194 4927 3389 4990 αὐτοὺς
3424 4927 3728 4997 ἑξεθέμεθα
3752 4946 3764 4958 °
3806 4930 3837 4996 ἢ

2270 5019 2352 5070 ὅτι
2381 5019 2478 5086 τὴν
2513 5016 2886 5087 μοιχοζευξίαν
2920 5016 3266 5087 κυρώσαντες
3298 5020 3394 5071 καὶ
3437 5019 3504 5071 τὰ
3549 5020 3646 5073 σὺν
3677 5022 3836 5090 αὐτῇ,

2272 5109 2366 5161 καὶ
2407 5109 2472 5161 δι’
2503 5110 2673 5178 αὐτῆς
2703 5109 2895 5179 ἐτέρας
2948 5108 3289 5179 παραϐάσεις
3336 5109 3432 5162 τοῦ
3475 5111 3837 5178 Εὐάγγελίου,

2274 5202 2370 5253 σὺν
2412 5203 2532 5264 ταῖς
2585 5201 2692 5252 τῶν
2742 5201 2900 5253 θείων
2954 5199 3196 5254 κανόνων
3238 5200 3490 5264 λύσεσιν,
3525 5203 3841 5271 οἰκονομίαν

2271 5287 2412 5344 εἶναι
2446 5293 2705 5360 σωτήριον
2754 5292 2845 5343 ὑπ’
2885 5290 3221 5358 ἀναθέματι“
3269 5290 3366 5342 καὶ
3409 5289 3567 5343 τοῦτο
3601 5292 3840 5345 καθεκά-

2276 5399 2405 5450 στην
2476 5380 2818 5442 ἐκδικοῦντες
2867 5379 2955 5431 διά
3000 5379 3109 5430 τῶν
3157 5378 3567 5449 προλεχθέντων
3613 5377 3841 5447 ἐξορ;ι’.ν

2275 5475 2367 5526 καὶ
2424 5471 2700 5539 φυλακῶν,
2748 5472 2809 5523 τὸ
2861 5470 3189 5537 Εὑαγγέλιον
3240 5469 3497 5521 λελύκασι
3542 5471 3685 5522 κατά
3748 5475 3844 5539 τὴν

2275 5564 2455 5633 φωνὴν
2499 5564 2605 5614 τῶν
2639 5562 2807 5629 ἁγίων
2873 5561 2965 5614 καὶ
2987 5562 3211 5630 δυνάμει
3255 5560 3346 5612 ἐπὶ
3379 5561 3558 5630 πάσης
3588 5566 3844 5632 παρεω-

2278 5671 2412 5715 ςεως
2455 5651 2768 5721 οἰκονομίαν
2812 5649 3054 5719 γίνεσθαι
3101 5649 3471 5702 ύποτίθενταν
3534 5649 3634 5713 τὰς
3683 5649 3850 5705 ἀνα).-
