3914 6506
145 494 262 555 1077

1341 480 1878 543 EPISTOLARUM
1914 478 2040 536 LlB
2102 476 2149 533 Ι.

3224 469 3361 532 1078

139 603 382 668 λοιὼτους
426 601 640 664 ἐντολὰς
685 599 778 652 τοῦ
811 597 942 651 Θεοῦ
992 595 1402 660 ἁλλοιώσαντες,
1435 596 1531 648 καὶ
1563 611 1687 664 τρεο

1802 593 1918 646 data
1949 595 2221 644 variantes
2257 596 2309 642 et
2339 586 2614 640 mutabilia
2645 592 2966 640 statuentes.
3016 581 3082 635 Et
3116 583 3206 650 qui
3238 598 3362 653 pos-

140 697 266 760 πτὰς
332 691 798 753 ἀποδεικνύοντες.
853 689 962 742 Καὶ
1017 687 1134 750 πῶς
1208 686 1252 738 δ’
1303 685 1370 739 ἂν
1419 685 1519 737 οὑκ
1583 679 1693 735 εἷεν

137 785 420 838 ὰλλοιωταὶ
450 783 549 835 -καί¹
587 779 822 850 τρεπταί.
844 818 858 842 ,
907 778 1018 846 είγε
1053 774 1522 846 παραδαινόμεναι
1547 775 1693 825 οἰκο-

137 878 312 947 νομίαι
346 876 638 944 σωτήριοι,
676 874 824 941 έργῳ
854 871 947 924 καί⁸
989 869 1132 938 λόγῳ
1163 866 1454 928 συνοδικῶς
1485 865 1693 933 δογμα-

137 967 405 1032 τίζονταις
434 965 524 1034 Μὴ
556 966 663 1034 γὰρ
709 965 787 1024 εἰς
816 960 1070 1014 τοσοῦτον
1098 959 1285 1028 ψεῦδος
1318 957 1690 1028 προκόψωσιν,

137 1057 266 1110 ὥστε
302 1057 378 1126 μὴ
410 1055 588 1122 λέγειν
619 1053 817 1113 αὐτοὺς
848 1051 1206 1119 πεποιηκέναι
1238 1047 1472 1100 σύνοδον.
1517 1047 1578 1100 Εἰ
1621 1046 1695 1116 μὴ

133 1147 224 1214 τὴν
275 1143 653 1215 μοιχοζευξίαν
714 1144 981 1210 ὀνομάσαι
1041 1139 1354 1207 οἰκονομίαν
1410 1139 1696 1209 ἰσόρροπον

135 1237 329 1302 ἁγίων·
379 1237 428 1287 εἰ
472 1234 547 1304 μὴ
591 1232 989 1298 ἀναθεματίσαι
1013 1230 1139 1292 τοὺς
1180 1229 1254 1300 μὴ
1298 1231 1696 1299 προσιεμένους

134 1326 319 1395 αὑτήν.
359 1324 422 1377 Εἰ
461 1324 516 1376 δὲ
564 1323 778 1391 λέγουσι
806 1321 879 1390 μὴ
913 1319 1314 1389 άναθεματίσαι
1337 1360 1351 1383 ,
1378 1320 1518 1389 ὑπὲρ
1553 1320 1696 1379 τίνος

134 1398 451 1485 ἀνεϐόησάν,
495 1415 622 1476 Τοῖς
658 1413 732 1482 μὴ
761 1411 1070 1482 δεχομένοις
1110 1412 1210 1474 τὰς
1237 1411 1551 1480 οἰκονομίας
1587 1408 1694 1460 τῶν

134 1507 321 1574 ἁγίων,
354 1506 604 1573 ἀνάθεμα
646 1502 822 1570 ἐστως
855 1502 1025 1571 Δῆλον
1050 1501 1157 1571 γὰρ
1186 1502 1292 1567 ὅτι,
1323 1502 1696 1571 ἐνισταμένων

131 1599 288 1650 τινῶν
320 1597 396 1668 μὴ
427 1596 700 1666 δέχεσθαι,
748 1597 780 1666 ή
827 1593 1163 1664 ὲκφὼνησις·
1205 1595 1253 1645 εί
1290 1595 1364 1663 μὴ
1399 1592 1691 1663 μεθύομεν.

132 1690 260 1760 Περὶ
292 1688 448 1750 ποίας
484 1687 540 1739 δὲ
584 1686 897 1748 ὑποθέσεως
946 1686 1113 1756 ἄλλης
1140 1687 1172 1754 ἡ
1199 1684 1489 1748 ἔνστασις,
1531 1685 1563 1756 ἢ
1597 1684 1720 1754 τῆς,

133 1779 533 1850 μοιχοζευξίας;
570 1777 777 1832 Οὐκοῦν
816 1777 1072 1844 ἀσφαλῶς
1117 1777 1287 1846 αὐτῆς
1311 1777 1478 1830 ἕνεκα
1508 1779 1534 1829 ὁ
1561 1778 1692 1829 ἁνα-

130 1870 461 1940 θεματισμός
482 1887 494 1899 ·
526 1868 601 1931 ὼς
634 1867 797 1937 οὔσης
844 1867 985 1919 κατὰ
1014 1867 1111 1928 τὰς
1139 1865 1245 1918 τῶν
1273 1866 1443 1933 ἁγίων
1487 1867 1690 1919 οἰκονο⁶

1798 684 1909 737 sint
1933 680 2149 734 mobilia
2180 693 2243 732 ac
2264 677 2538 731 mutabilia
2563 693 2673 730 non
2701 690 2838 739 esse,
2867 675 2909 729 si
2935 673 3221 729 salutarem
3254 675 3368 728 dis-

1796 773 2173 842 pensationem
2239 783 2362 823 esse
2399 768 2615 837 quando
2669 767 2960 826 violantur,
2991 779 3048 818 re
3089 779 3151 818 ac
3202 764 3371 818 verbo

1797 862 2052 933 synodice
2111 859 2349 915 docent?
2374 858 2490 912 Non
2524 857 2668 911 enim
2693 865 2800 910 tam
2832 855 3176 925 impudenter
3213 869 3366 907 men--

1798 952 2020 1013 tientur,
2050 958 2109 1004 ut
2155 948 2416 1020 synodum
2441 963 2470 1001 a
2492 962 2549 1001 se.
2576 955 2816 1001 coactam
2871 952 3070 1014 negent
3097 962 3108 996 :
3143 942 3184 996 si
3212 941 3368 996 adul-

1799 1043 2028 1097 terinam
2061 1040 2460 1110 copulationem
2493 1038 2646 1092 fateri
2677 1037 2849 1090 nolint
2906 1035 3366 1104 dispensationem

1799 1133 1999 1188 sanctis
2059 1149 2241 1202 parem
2290 1131 2610 1200 appellasse,
2671 1144 2772 1182 nec
2801 1143 2895 1181 eos
2949 1127 3036 1196 qui
3070 1127 3214 1180 illam
3261 1141 3372 1179 non

1799 1222 2068 1290 recipiunt
2083 1222 2607 1276 excommunicasse.
2631 1217 2784 1285 Quod
2803 1218 2847 1272 si
2870 1218 3372 1272 excommunicasse

1797 1297 1996 1384 negant
2028 1331 2041 1366 :
2070 1329 2327 1382 quorsum
2361 1313 2491 1367 illud
2527 1312 2898 1366 exelamarunt
2927 1328 2940 1364 :
2976 1308 3044 1363 lis
3099 1310 3191 1378 qui
3247 1325 3374 1364 san-

1795 1413 2003 1458 ctorum
2029 1405 2460 1474 dispensationes
2489 1420 2600 1458 non
2636 1404 2929 1473 recipiunt,
2956 1403 3242 1458 anathema
3266 1405 3374 1457 sit?

1797 1492 2150 1561 Perspicuum
2169 1503 2254 1549 est
2289 1495 2601 1559 enim,rum
2644 1494 3017 1563 recipereillas
3060 1494 3220 1563 aliqui
3257 1494 3374 1547 nol-

1796 1586 1930 1651 lent,
1966 1587 2092 1641 inde
2119 1595 2301 1640 natam
2330 1600 2450 1640 esse
2481 1585 2836 1650 sanctionem,
2868 1584 2971 1639 nisi
2997 1585 3132 1639 ebrii
3161 1600 3371 1639 sumus.

1797 1677 2045 1744 Quanam
2077 1694 2205 1732 vero
2234 1678 2300 1733 de
2328 1693 2386 1730 re
2414 1677 2516 1730 alia
2566 1675 2795 1745 qumstio
2851 1685 2967 1729 erat
3012 1683 3369 1745 praeterquam

1795 1769 1863 1822 de
1898 1769 2124 1822 adulteri
2185 1767 2616 1837 conjunctione?
2648 1765 2875 1836 Propter
2924 1767 3069 1820 illam
3101 1757 3228 1838 ergo
3278 1783 3374 1821 ex-

1801 1861 2265 1914 communicatio:
2306 1869 2533 1928 ut'quae
2576 1859 2724 1927 juxta
2763 1867 3070 1912 sanctorum
3096 1852 3376 1930 dispensa-

132 1929 270 2028 μίας.
312 1929 516 2014 ιςξιιέι
554 1929 652 2028 μὲν
702 1929 998 2026 ὲιράμιλλος
1029 1958 1243 2022 αὑταῖς,
1279 1929 1335 2009 αἰ
1366 1956 1474 2009 τῶν
1518 1957 1692 2024 ἁγίων

1805 1951 1976 2004 tiones
2008 1951 2147 2004 facta
2181 1959 2346 2004 esset.
2401 1951 2468 2004 Et
2495 1949 2709 2018 quidem
2744 1949 2788 2002 si
2824 1963 3008 2002 earum
3041 1929 3231 2004 similis
3282 1950 3372 2012 sit,

126 2052 432 2119 οἰκονομίαι
465 2049 798 2117 παράνομοι·
835 2049 882 2098 εἰ
910 2047 966 2099 δὲ
993 2047 1042 2100 οἱ
1067 2047 1236 2113 ἅγιοι,
1269 2047 1329 2099 ού
1357 2048 1689 2118 παράνομοι,

125 2145 257 2214 ὅπερ
286 2142 487 2212 ἀληθές
511 2158 525 2173 ·
575 2139 728 2194 αὐτοὶ
759 2138 1263 2208 άνεθεματίσθησαν
1298 2139 1371 2209 μὴ
1403 2141 1693 2208 προσιέμε-

126 2252 200 2288 νοι
235 2234 335 2307 τὴν
393 2231 802 2303 μοιχοζευξίαν·
851 2231 955 2284 κᾶν
1000 2231 1218 2300 τέχναις
1265 2232 1590 2298 σοφίζωνται
1626 2233 1691 2285 τά

126 2327 329 2396 ἐναργῆ
366 2327 546 2393 ἀφανῆ
592 2322 877 2374 δεικνύειν.
919 2322 1058 2374 Ἀλλ’
1102 2324 1380 2393 ἀμήχανον
1422 2324 1692 2392 κρυϐῆναι

122 2416 180 2466 τὸ
205 2415 449 2483 γεγονός.
482 2415 602 2464 ’Ὁτι
635 2411 692 2464 δὲ
724 2411 1094 2481 ἁμετάϐλητοι
1135 2414 1190 2464 αἰ.
1231 2413 1441 2465 ἐντολαὶ
1469 2412 1563 2465 τοῦ
1593 2414 1692 2464 Εὑ-

124 2504 423 2570 αγγελίου,
474 2501 638 2554 ἄκουε
685 2500 780 2553 τοῦ
831 2502 1065 2571 μεγάλου
1101 2501 1378 2554 Βασιλείου
1423 2501 1690 2572 βοῶντος·

123 2595 275 2663 Τάχα
308 2593 537 2644 τονῶσαί
589 2607 688 2660 μου
740 2590 840 2661 τὴν
892 2591 1092 2662 ψυχὴν,
1147 2592 1239 2644 καί
1280 2592 1693 2662 νηπικωτέραν

123 2686 258 2754 πρὸς
287 2685 347 2736 τὸ
376 2681 574 2753 ἐφεξῆς
623 2682 963 2749 καταστῆσαι
991 2685 1017 2734 ὁ
1045 2682 1249 2752 Κύριος
1284 2682 1577 2752 ἠϐουλήθη,
1619 2683 1693 2744 ὼς

123 2774 198 2844 μὴ
226 2772 513 2843 προσέχειν
541 2770 873 2842 ἀνθρώποις,
909 2771 1044 2823 ἀλλὰ
1071 2771 1158 2824 διὰ
1186 2771 1294 2823 τῶν
1324 2772 1694 2839 εύαγγελικὼν

121 2863 351 2914 ἐντολῶν
379 2860 826 2932 καταρτίζεσθαι.
860 2861 924 2914 Αἰ
951 2860 1074 2912 οὔτε
1115 2863 1346 2931 καιροῖς,
1377 2860 1498 2913 οὔτε
1540 2875 1695 2932 περι-

121 2955 380 3006 στάσεσιν
399 2953 495 3004 ὰνθ
506 2952 757 3022 ρωπὶνων
771 2954 1114 3019 πραγμάτων
1129 2953 1691 3022 συμμεταϐάλλονται,

118 3046 236 3098 ἀλλ’
259 3043 360 3117 [αἱ]
383 3045 544 3097 αὑταὶ
569 3045 914 3112 διαμένουσιν
934 3059 951 3077 ο
973 3043 1044 3105 ὡς
1073 3043 1422 3114 προήχθησαν
1453 3045 1560 3096 ἀπὸ
1599 3043 1692 3096 τοῦ

119 3136 387 3204 ἀψευδοῦς
413 3138 505 3188 καὶ
546 3135 812 3206 μακαρίου
847 3135 1113 3202 στόματος
1137 3175 1151 3198 ,
1192 3135 1331 3186 οὕτω
1360 3134 1694 3198 διαιωνίζου-

1793 2039 2008 2108 iujustae
2068 2041 2304 2094 fuerunt-
2336 2049 2650 2094 sanctorum
2705 2038 3139 2108 dispensationes
3176 2058 3189 2094 :
3221 2050 3278 2094 at
3330 2041 3373 2094 si

1792 2132 1962 2186 sancti
2015 2130 2198 2198 injusti
2258 2145 2365 2184 non
2401 2139 2549 2191 sunt,
2578 2131 2651 2184 uti
2706 2144 2893 2183 revera
2941 2145 3050 2183 non
3075 2138 3202 2184 sunt
3232 2147 3247 2195 ;
3278 2146 3372 2184 ex-

1792 2223 2174 2277 communicati
2193 2223 2268 2276 illi
2287 2222 2505 2276 fuerunt
2527 2223 2668 2292 quod
2684 2222 3043 2276 adulterinam
3083 2223 3377 2292 copulatio-

1793 2330 1915 2368 nem
1939 2330 2046 2369 non
2069 2313 2714 2383 recipiant,quantumvis
2735 2312 3027 2367 artiﬁciose
3044 2313 3094 2367 id
3112 2324 3292 2384 agant,
3316 2323 3376 2370 ut

1798 2422 1921 2474 quae
1969 2406 2252 2475 perspicua
2279 2414 2426 2467 sunt,
2481 2405 2712 2460 obscura
2767 2405 3014 2460 reddant.
3059 2404 3166 2460 Sed
3195 2407 3377 2461 occul-

1798 2498 1899 2551 tari
1933 2498 2120 2567 nequit
2141 2498 2282 2567 quod
2317 2496 2516 2551 factum
2545 2506 2647 2550 est.
2707 2494 2824 2550 Jam
2854 2513 2983 2552 vero
3004 2499 3146 2566 quod
3187 2499 3377 2552 immu-

1794 2589 1972 2643 tabilia
2003 2591 2114 2644 sint
2163 2589 2446 2659 Evangelii
2498 2590 2772 2653 mandata,
2817 2590 2943 2644 audi
2981 2589 3236 2646 Basilium
3267 2589 3378 2644 Ma-

1794 2695 1956 2749 gnum
2040 2681 2364 2734 clamantem
2408 2675 2705 2734 :Fortasse
2779 2674 3061 2736 intendere
3137 2681 3375 2736 animam

1794 2785 1992 2834 meam,
2040 2770 2550 2841 vigilantioremque
2583 2771 2638 2824 in
2674 2779 2954 2839 posterum
3009 2769 3235 2826 reddere
3270 2771 3376 2825 Do-

1804 2863 1992 2916 minus
2051 2862 2243 2927 voluit,
2277 2872 2337 2915 ut
2385 2862 2634 2916 homines
2654 2878 2761 2916 non
2823 2863 3087 2928 attendat,
3140 2864 3235 2918 sed
3286 2877 3382 2926 per

1793 2951 2106 3020 evangelica
2148 2951 2400 3005 mandata
2416 2951 2747 3022 perﬁciatur,
2761 2968 2880 3022 quae
2896 2967 3000 3008 nec
3020 2953 3376 3024 temporibus.

1795 3056 1896 3095 nec
1931 3041 2292 3094 humanarum
2319 3057 2499 3097 rerum
2517 3043 2937 3098 circumstantiis
2953 3053 3376 3108 commutantur,

1800 3147 1987 3186 verum
2035 3133 2222 3186 eadem
2247 3144 2587 3203 permanent,
2612 3135 2834 3190 sicutex
2867 3135 3024 3191 beato
3047 3146 3104 3192 et
3132 3137 3355 3192 minime

122 3246 235 3283 σαι.
286 3230 347 3281 Οἱ
379 3229 435 3282 δὲ
458 3229 526 3281 δι’
551 3227 798 3289 ἐναντίας
822 3228 1157 3296 κηρύξαντες
1186 3227 1284 3296 τὴν
1316 3227 1689 3297 μοιχοζευξίαν

1802 3222 1971 3278 fallaci
2020 3239 2116 3278 ore
2161 3225 2501 3294 prodierunt,
2550 3226 2630 3282 sic
2670 3227 2816 3281 omni
2873 3244 2991 3284 aevo
3026 3245 3382 3299 perseveran-

117 3320 438 3389 οίκονομίαν
469 3319 755 3389 σωτήριον,
788 3318 840 3369 τί
866 3317 1045 3388 ἄλλοῆ
1077 3316 1317 3389 τρεπτὰς
1346 3318 1443 3381 τὰς
1467 3319 1690 3382 ἐντολὰς

117 3413 214 3462 τοῦ
248 3410 384 3463 Θεοῦ
427 3409 802 3476 ἀπεφήναντο;
839 3406 916 3476 πῆ
953 3398 1058 3477 μὲν
1091 3406 1585 3476 μεταῦαλλομένας,
1614 3408 1691 3478 πῆ

117 3503 175 3557 δὲ
203 3503 266 3554 οὐ
304 3498 777 3571 μεταϐαλλομένοις
805 3537 820 3561 ,
871 3495 985 3549 ἀλλ’
1017 3495 1344 3567 ἐνεργούσας
1377 3496 1688 3566 ἀτρέπτως·

118 3596 341 3665 καιροῖς
369 3594 425 3646 δέ
455 3609 567 3645 τισι
603 3589 696 3642 καὶ
729 3589 1116 3658 περιστάσεσιν
1148 3588 1545 3658 ἀνθρωπίναις,
1581 3585 1692 3639 ὧσ-

119 3703 231 3756 περ
284 3686 490 3753 ἔφασαν
533 3680 690 3736 αὐτοὶ
725 3680 854 3752 περὶ
883 3680 990 3733 τῶν
1019 3679 1382 3751 κρατούντων,
1419 3678 1691 3748 μεταϐαλ-

115 3777 381 3846 λομὲνας,
413 3776 509 3828 καὶ
541 3759 614 3843 μὴ
643 3773 722 3835 εἰς
749 3771 979 3843 ἀνομίαν
1016 3771 1389 3842 λογιζομένας,
1423 3771 1559 3823 ἀλλὰ
1583 3772 1693 3839 γὰρ

117 3870 216 3920 καὶ
247 3866 503 3919 τοσοῦτον
539 3864 692 3932 ἰσχὺν
725 3862 978 3932 ἐχούσας,
1011 3861 1085 3924 ὡς
1119 3862 1214 3914 καὶ
1244 3861 1370 3923 τοὺς
1413 3862 1487 3930 μὴ
1533 3877 1695 3929 προσ-

119 3960 380 4029 ιεμένους
414 3957 605 4019 αὑτὰς,
636 3955 802 4023 ἤγουν
828 3954 927 4018 τὰς
959 3953 1298 4024 παραϐάσεις
1322 3954 1419 4014 τὰς
1449 3993 1463 4017 ,
1494 3953 1568 4016 ὥς
1594 3971 1695 4020 φα-

118 4070 234 4120 σιν,
275 4047 583 4117 οἰκονομίας
611 4044 720 4096 τῶν
751 4044 946 4114 ἁγίων,
981 4045 1519 4116 άναθεματισμένους
1548 4046 1696 4116 παρὰ

114 4151 185 4220 τῇ
238 4141 537 4213 Ἐκκλησία
566 4134 740 4203 εἴναι;

190 4335 472 4404 Συνῆκται
494 4323 586 4384 οὖν
620 4325 867 4382 ἐντεῦθεν
897 4324 1048 4378 οὐδὲν
1071 4323 1280 4395 ἕτερον,
1305 4324 1336 4394 ἢ
1371 4324 1427 4376 τὸ
1457 4323 1548 4376 τὸν
1569 4324 1698 4376 Θεὸν

113 4424 360 4493 τρεπτὴν
389 4416 528 4474 εἶναι
570 4416 664 4469 καὶ
710 4413 1020 4467 ἀλλοιωτὸν·
1069 4413 1426 4483 ὁμοιουμένου
1482 4414 1576 4465 τοῦ
1616 4413 1701 4464 λέ-

112 4531 316 4582 γοντος
345 4511 425 4582 τῷ
472 4507 660 4577 οἰκείῳ
688 4505 851 4576 λόγῳ,
882 4504 943 4557 τό
988 4520 1047 4556 τε
1086 4503 1415 4572 Εὑαγγέλιον
1451 4505 1700 4574 ἀόριστον

1799 3314 1891 3366 tia.
1941 3312 2142 3368 Contra
2185 3330 2334 3380 vero,
2361 3316 2452 3385 qui
2491 3316 2852 3371 adulterinam
2915 3320 3378 3390 coniunctionem,

1795 3402 2082 3457 salutarem
2107 3404 2560 3474 dispensationem
2575 3421 2696 3462 esse
2711 3406 3014 3462 docuerunt
3035 3426 3048 3464 :
3076 3411 3206 3480 quid
3234 3411 3382 3467 aliud

1797 3495 2002 3562 dicunt,
2058 3512 2218 3565 quam
2281 3498 2556 3553 mutabilia
2616 3513 2739 3554 esse
2801 3500 2898 3556 Dei
2952 3502 3223 3568 mandata,
3261 3519 3384 3574 quae

1797 3602 1946 3642 nunc
2003 3588 2222 3657 quidem
2283 3599 2582 3656 mutentur,
2611 3605 2759 3646 nunc
2812 3592 3035 3647 minime
3077 3604 3380 3661 mutentur,

1799 3678 1897 3732 sed
1941 3677 2350 3733 immutabiliter
2401 3689 2682 3751 agant:et
2724 3683 3000 3738 nonnullis
3051 3686 3383 3755 temporibus

1799 3780 1965 3839 atque
1994 3771 2249 3826 humanis
2274 3772 2723 3840 circumstantiis,
2754 3776 2895 3831 sicut
2917 3775 3018 3847 ipsi
3049 3775 3118 3832 de
3145 3777 3383 3849 impera-

1800 3862 2010 3916 toribus
2061 3863 2316 3918 dixerunt
2372 3874 2672 3931 mutentur,
2696 3876 2754 3922 "et
2786 3869 2855 3922 ad
2882 3868 3221 3938 iniquitatem
3271 3888 3383 3926 non

1803 3951 2143 4021 imputentur
2176 3973 2188 4008 :
2221 3970 2437 4009 rursum
2503 3969 2686 4012 autem
2738 3967 2941 4013 tantam
2973 3958 3078 4013 vim
3123 3960 3383 4030 habeant,

1802 4049 1861 4093 ut
1892 4042 1984 4111 qui
2014 4058 2075 4096 ea
2104 4059 2211 4096 non
2239 4046 2563 4116 suscipiunt,
2599 4049 2703 4103 hoc
2731 4057 2833 4114 est,
2886 4050 3363 4120 transgressiones,

1802 4149 1942 4203 quae,
1974 4144 2033 4188 ut
2069 4135 2170 4204 ipsi
2196 4137 2370 4203 aiunt,
2408 4139 2846 4208 dispensationes
2893 4150 3020 4194 sunt
3050 4148 3382 4205 sanctorum,

1802 4228 2152 4282 anathemate
2184 4229 2510 4284 damnentur
2558 4232 2626 4285 ab
2654 4232 2892 4286 Ecclesia
2919 4231 2944 4286 ἲ

1875 4319 1951 4372 Ex
1987 4319 2071 4373 his
2092 4335 2220 4389 ergo
2256 4321 2544 4376 conﬁcitur
2575 4323 2710 4376 nihil
2749 4324 2895 4379 aliud
2918 4366 2933 4388 ,
2958 4342 3118 4396 quam
3148 4333 3387 4387 mutabi-

1807 4410 1911 4463 lem
1943 4410 2115 4464 Deum
2153 4427 2278 4466 esse
2309 4429 2321 4466 :
2348 4421 2408 4466 ut
2436 4413 2581 4468 dicto
2604 4429 2703 4468 suo
2733 4416 2923 4472 similis
2961 4419 3032 4474 sit
3059 4423 3152 4491 qui
3189 4424 3388 4480 dixerit

1805 4518 1860 4560 et
1888 4505 2236 4577 Evangelium
2269 4506 2587 4562 indifferens
2615 4523 2737 4562 esse
2764 4509 2830 4562 ad
2869 4510 3096 4566 salutem
3128 4522 3185 4568 et
3209 4517 3389 4584 perdi-

113 4607 263 4679 πρός
291 4621 350 4658 τε
381 4599 653 4671 σωτηρίαν
679 4598 773 4649 καὶ
805 4589 1261 4663 ἀπώλειαν.τΑρα
1296 4593 1403 4663 γὰρ
1436 4595 1528 4645 ἐπὶ
1561 4594 1695 4647 πάν-

1802 4595 2163 4651 tionem.Num
2189 4596 2333 4650 enim
2361 4595 2414 4649 in
2440 4598 2696 4651 omnibus
2719 4598 3032 4655 hominibus
3051 4643 3068 4668 ,
3089 4611 3144 4656 et
3189 4601 3244 4656 in
3270 4619 3389 4658 om-

109 4717 230 4753 των
257 4695 581 4765 ἀνθρώπων,
613 4688 704 4742 καὶ
742 4687 835 4739 ἐπὶ
864 4687 1044 4754 πάσης
1071 4685 1287 4754 ἐντολῆς
1312 4685 1696 4755 παραϐάσεως,

117 4785 432 4859 οἰκονομία·
464 4784 498 4856 ἢ
525 4782 582 4835 ἐν
604 4796 713 4833 τισι
747 4777 839 4830 καί
875 4793 1019 4841 τινι;
1050 4775 1158 4828 Καὶ
1191 4775 1273 4837 τίς
1306 4778 1338 4845 ή
1380 4775 1702 4844 ἀποκλήρω-

119 4894 210 4940 σις
246 4877 340 4930 τοῦ
375 4875 466 4930 ἐπί
494 4889 602 4928 τισι
640 4871 738 4942 μὲν
772 4867 865 4923 καί
897 4886 1001 4921 τινι
1030 4863 1190 4930 εἰναι,
1225 4867 1314 4918 ἐπὶ
1343 4865 1398 4918 δέ
1446 4882 1555 4917 τισι
1610 4865 1702 4918 καί

111 4987 232 5021 τινι.
268 4965 519 5034 οὐδαμῶς
545 4983 560 5032 ;
591 4964 700 5016 Καὶ
730 4960 866 5031 πρὸς
891 4959 1053 5012 τίνων
1079 4955 1189 5029 ἆρα
1221 4957 1314 5010 καὶ
1343 4958 1492 5027 παρὰ
1523 4958 1702 5009 πόσων

111 5065 178 5116 τὸ
223 5059 570 5128 οἰκονομεῖν;
610 5055 768 5126 Παρὰ
800 5051 1068 5124 ίεραρχῶν
1103 5051 1299 5121 μόνων,
1322 5049 1354 5119 ἢ
1377 5051 1469 5103 καί
1492 5050 1700 5120 ἱερέων;

114 5148 494 5218 Συνοδικῶςῆ
545 5146 640 5199 καὶ
691 5144 871 5207 ἰδικῶς
925 5143 1197 5207 ἓκαστον;
1240 5140 1350 5194 Καὶ
1384 5142 1433 5192 εί
1472 5141 1563 5192 ἐπὶ
1607 5141 1718 5192 τῶν

117 5241 402 5312 βασιλέων
437 5239 634 5310 μόνων,
661 5236 753 5289 ἐπὶ
786 5236 886 5304 τῆς
922 5234 1167 5305 μοιχείας
1210 5233 1376 5303 μόνης
1399 5272 1414 5296 ,
1448 5232 1480 5302 ἢ
1509 5232 1604 5285 καί
1634 5233 1720 5300 ἐφ’

115 5340 376 5402 ἑκάστης
431 5331 816 5401 παρανομίας;
860 5329 968 5380 Καὶ
1014 5325 1130 5387 πῶς
1175 5325 1266 5377 ἐπὶ
1310 5324 1415 5376 τῶν
1452 5323 1717 5393 βασιλέων

117 5424 518 5497 ὑποχωροῦσιν
564 5425 619 5476 αἰ
658 5422 750 5475 τοῦ
801 5419 936 5473 Θεοῦ
984 5418 1230 5484 ὲντολαί;
1282 5417 1314 5487 ἢ
1372 5419 1607 5480 πάντως,
1641 5418 1715 5481 ὡς

115 5523 230 5590 τῆς
279 5517 554 5588 βασιλείας
595 5513 758 5567 αὐτοῦ
789 5513 939 5572 τέλος
987 5511 1235 5580 ἐχούσης·
1284 5510 1364 5562 ὅτι
1397 5509 1528 5577 μηδὲ
1560 5508 1710 5577 βασι-

113 5614 276 5672 λέως
329 5610 603 5678 ὑποχωρεί
647 5607 833 5675 νόμος,
880 5603 955 5674 μὴ
1007 5602 1196 5670 ἑτέρου
1242 5599 1502 5668 βασιλέως
1546 5601 1708 5653 αὑτὸν

115 5698 558 5766 διαδεχομένου;
631 5694 793 5748 Ἀλλὰ
847 5692 954 5763 γὰρ
1013 5692 1106 5744 καὶ
1156 5689 1312 5743 τοῦτο
1370 5691 1704 5760 άπορητέον·

116 5788 326 5859 ἐπειδὴ
367 5805 530 5858 φησιν
557 5789 584 5840 δ
611 5787 750 5850 θεῖος
793 5784 1137 5846 ’Δπόστολος·
1181 5785 1245 5835 Ol
1294 5781 1529 5849 ἄνδρες,
1562 5783 1705 5852 ἀγα-

117 5877 292 5934 πᾶτε
313 5876 416 5943 τὰς
445 5873 674 5930 ἑαυτῶν
702 5873 1008 5944 γυναῖκας,
1045 5869 1237 5934 καθὼς
1261 5870 1357 5925 καὶ
1393 5873 1424 5924 ὀ
1455 5873 1706 5940 Χριστὸς

1807 4689 1862 4742 ni
1907 4689 2140 4741 mandati
2211 4688 2638 4757 transgressione
2689 4689 3026 4759 dispensatio
3065 4701 3174 4756 est,
3229 4710 3297 4747 an
3331 4696 3385 4749 in

1805 4780 2128 4849 quibusdam
2161 4819 2175 4839 ,
2209 4787 2266 4832 et
2302 4779 2356 4832 in
2377 4779 2558 4848 aliquo
2580 4780 2602 4832 ?
2626 4779 2691 4833 Et
2721 4796 2969 4848 quaenam
3000 4796 3119 4836 sors
3149 4783 3250 4838 ista
3281 4795 3386 4849 est,

1806 4879 1867 4924 ut
1884 4870 1936 4923 in
1958 4871 2276 4939 quibusdam
2295 4870 2368 4925 sit
2385 4878 2438 4924 et
2464 4869 2517 4922 in
2551 4869 2750 4938 aliquo,
2774 4870 2828 4922 in
2858 4870 3126 4940 aliquibus
3143 4881 3197 4928 et
3219 4874 3272 4928 in
3294 4873 3390 4927 ali-

1806 4975 1916 5030 quo
1933 4975 2272 5028 nequaquam
2301 4961 2719 5030 ?Aquibusnam
2739 4976 2868 5031 ergo
2889 5003 2904 5027 ,
2919 4971 3014 5017 eta
3030 4979 3190 5033 quam
3208 4967 3390 5020 multis

1820 5051 1936 5105 haec
1981 5051 2360 5119 dispensatio?
2403 5049 2486 5106 Ab
2548 5051 2786 5120 episopis
2835 5053 2985 5119 solis,
3037 5069 3105 5108 an
3159 5056 3389 5110 etiama

1818 5141 2188 5197 sacerdotibus
2215 5143 2237 5195 ?
2262 5141 2526 5210 Synodice
2570 5157 2637 5195 an
2661 5143 2912 5212 privatim
2965 5148 3291 5217 utrumque?
3325 5146 3392 5202 Et

1818 5234 1863 5287 si
1906 5236 1959 5288 in
1993 5235 2208 5304 regibus
2239 5243 2448 5288 tantum
2474 5274 2488 5298 ,
2519 5250 2587 5287 an
2637 5235 2693 5288 in
2733 5235 3002 5291 adulterio
3040 5238 3157 5292 solo
3186 5237 3300 5293 ian
3332 5240 3388 5294 in

1816 5328 2055 5397 qualibet
2094 5327 2379 5395 iniquitate
2407 5328 2429 5379 ?
2456 5328 2522 5381 Et
2549 5327 2822 5396 quomodo
2843 5327 2897 5381 in
2925 5328 3141 5399 regibus
3173 5342 3392 5387 cessant

1819 5420 1907 5474 Dei
1942 5420 2236 5473 mandata?
2268 5421 2346 5472 An
2377 5420 2599 5474 omnino
2646 5422 2797 5489 quasi
2838 5421 2999 5476 tinem
3035 5421 3234 5479 habeat
3270 5427 3390 5496 ejus

1809 5510 2093 5580 imperium
2136 5528 2150 5563 :
2189 5511 2622 5580 quandoquidem
2671 5528 2772 5567 nec
2821 5513 3164 5583 imperatoris
3213 5529 3391 5574 cessat

1807 5601 1909 5665 lex,
1943 5601 2044 5654 nisi
2079 5602 2371 5670 imperator
2396 5603 2531 5656 alter
2562 5603 2855 5658 succedat?
2885 5604 2992 5659 Sed
3015 5612 3070 5660 et
3111 5606 3214 5662 hoc
3251 5625 3390 5678 quo-

1805 5708 1909 5760 que
1940 5691 2301 5761 indagandum
2331 5702 2412 5747 est
2439 5711 2452 5746 :
2483 5710 2604 5749 cum
2637 5695 2782 5749 dicat
2803 5696 3022 5752 divinus
3063 5696 3384 5767 Apostolus:

1819 5785 1945 5848 Viri,
1972 5784 2170 5852 diligite
2214 5801 2397 5838 uxores
2431 5797 2626 5841 vestras
2665 5789 2798 5840 sicut
2831 5798 2879 5842 et
2921 5789 3158 5844 Christus
3208 5793 3384 5849 dilexit

1817 5876 2124 5941 Ecclesium,
2150 5885 2196 5931 ct
2222 5877 2443 5945 seipsum
2470 5880 2689 5934 tradidit
2707 5897 2800 5949 pro
2817 5898 2900 5945 ca,
2934 5893 2988 5935 ut
3021 5881 3166 5936 illam
3195 5886 3388 5938 sancti-
