3914 6432
555 387 690 450 1079

1738 384 1798 444 S.
1838 381 2232 443 THEODORI
2262 383 2608 444 STUDITA‘I

3657 377 3767 440 1080

550 498 726 565 [itaret
782 496 1042 549 mundam
1064 494 1273 549 lauacro
1298 511 1449 564 aqua:
1477 494 1534 548 in
1570 497 1721 548 verba
1755 509 1773 547 :
1809 504 1866 546 ut
1916 493 2128 546 exhibe-

2264 495 2507 563 ιγάπησε
2554 494 2668 563 τὴν
2706 493 3112 563 Ἑκκλησιάνο
3143 492 3241 546 καί
3285 489 3508 546 ἑαυτὸν
3549 491 3773 560 παρέδω-

552 597 628 644 ret
646 589 755 658 ipse
784 586 883 641 sibi
909 585 1188 657 gloriosam
1224 584 1534 650 Ecclesium,
1580 601 1679 638 non
1707 585 1977 638 habentem
2013 600 2127 637 rna-

553 680 728 736 culam
754 688 848 734 aut
877 696 1086 750 rugam,
1120 687 1213 732 aut
1243 678 1447 748 aliquid
1487 677 1808 747 hujusmodi,
1856 678 1945 731 sed
1969 687 2022 731 ut
2058 677 2126 730 sit

549 785 735 831 sancta
765 784 815 830 et
838 774 1183 829 immaculata
1214 774 1294 840 '°;
1326 774 1616 843 quomodo,
1663 787 1786 842 quae
1812 787 1959 828 nunc
2008 771 2130 841 qui-

552 871 676 926 dem
711 869 1037 926 adulterium
1079 879 1136 925 et
1172 869 1420 925 adulterii
1454 868 1893 939 conjunctionem
1929 867 2129 922 admito

554 971 652 1028 tat,
685 963 803 1018 aliis
832 972 1014 1018 autem
1059 979 1184 1019 mox
1217 963 1555 1035 temporibus
1581 962 1786 1019 similes
1814 963 1946 1018 alias
1977 963 2133 1029 ;sine

554 1056 762 1110 macula
791 1065 847 1110 et
875 1056 994 1112 sine
1038 1071 1168 1126 ruga
1196 1057 1481 1126 persistat,
1514 1071 1578 1111 ac
1600 1070 1709 1110 non
1741 1055 2006 1110 lutulenta
2035 1069 2134 1123 po-

555 1149 663 1202 tius
689 1157 744 1203 et
776 1147 1028 1203 sordibus
1085 1149 1280 1210 obsita.
1318 1148 1464 1218 quod
1506 1148 1687 1203 dicere
1735 1146 2136 1218 perhorresco?

557 1241 816 1297 Decidant
839 1241 953 1296 haec
977 1240 1134 1296 nobis
1154 1242 1278 1296 novi
1308 1239 1678 1309 evangelista,
1704 1254 1764 1293 se
1795 1239 1942 1307 ipsos
1989 1237 2134 1291 enim

557 1332 649 1401 qui
703 1331 829 1385 talia
875 1330 1161 1401 rccipiunt,
1216 1328 1513 1383 Ecclesiam
1572 1326 1662 1380 Dei
1702 1331 1923 1388 vocant,
1961 1332 2015 1376 et
2041 1338 2137 1377 eos

558 1423 652 1495 qui
693 1423 881 1478 eadem
913 1437 1023 1476 non
1055 1422 1310 1492 probant,
1343 1420 1596 1475 Ecclesiae
1647 1415 1987 1471 adversarios
2041 1415 2135 1468 de-

558 1525 812 1571 cernunt.
845 1512 948 1568 Sed
975 1529 1161 1568 revera
1195 1511 1346 1583 juxta
1375 1509 1720 1582 prophetam,
1762 1506 1962 1561 Stultus
1987 1507 2137 1576 fatua

562 1607 820 1676 loquetur,
833 1613 880 1660 et
905 1621 993 1657 cor
1010 1605 1122 1672 ejus
1147 1619 1280 1657 uana
1304 1602 1571 1671 cogitabit,
1597 1609 1653 1651 ut
1675 1599 1910 1668 perﬁciat
1938 1597 2137 1666 iniqui-

563 1707 744 1760 tatem,
773 1707 820 1750 et
844 1697 1125 1767 loquantur
1139 1696 1209 1748 ad
1235 1694 1402 1748 Deum
1435 1691 1797 1762 fraudulenter
1819 1692 1884 1741 ⁸¹.
1906 1689 2140 1742 Pessima

564 1787 748 1856 itaque
774 1787 1000 1842 haeresis
1027 1787 1142 1841 haec
1167 1797 1268 1841 est.
1299 1786 1475 1855 Atque
1508 1783 1640 1839 illud
1673 1782 1968 1838 beatissimi
2001 1781 2144 1848 Apo-

2225 603 2333 640 κεν
2376 587 2527 654 ὑπὲρ
2573 585 2781 654 αὐτῆς,
2817 585 2922 638 ἵνα
2954 584 3147 651 αὐτὴν
3198 582 3421 652 άγιάσῃ
3475 584 3775 650 καθαρίσας

2226 677 2307 743 τῷ
2331 677 2562 746 λουτρῷ
2592 677 2699 730 τοῦ
2728 676 2946 741 ὕδατος
2966 676 3035 728 ὲν
3051 677 3295 744 ῥήματι·
3317 675 3418 727 ἵνα
3441 673 3775 742 παραστήσῃ

2229 770 2426 837 αὐτὴν
2451 768 2642 834 ἐαυτῴ
2666 768 2922 832 ἔνδοξον
2950 767 3065 834 τὴν
3106 767 3500 832 Ἐκκλησίαν.
3520 765 3608 835 μὴ
3633 766 3779 834 £100-

2231 877 2351 914 σαν
2377 860 2603 914 σπῖλον
2635 858 2672 926 ἢ
2696 856 2936 926 ῥυτίδα,
2969 855 3007 924 ἦ
3054 872 3109 908 τι
3160 852 3278 907 τῶν
3311 853 3624 909 τοιούτων
3665 854 3780 907 ἀλλ’

2231 953 2330 1006 ἵνα
2445 951 2584 1022 άγία
2610 951 2706 1004 καί
2736 949 2994 1018 ἄμωμος.
3029 947 3151 1009 Πῶς
3180 941 3289 1016 ἆρα
3313 945 3408 999 νῦν
3441 946 3541 1015 μὲν
3566 943 3660 1016 τὴν
3687 962 3783 1014 μοι·

2234 1046 2386 1115 χείαν
2436 1044 2531 1097 καὶ
2589 1041 2964 1113 μοιχοζευξίαν
3016 1037 3434 1110 προσηκαμένη,
3468 1038 3529 1090 tv
3585 1036 3642 1090 δι
3694 1037 3783 1098 rei;

2239 1133 2400 1204 πέριξ
2448 1133 2658 1203 χρόνοις
2713 1132 2904 1200 ἑτέρας
2956 1128 3312 1198 ὲφαμίλλους,
3371 1127 3695 1196 διαμείναιεν
3735 1124 3787 1177 ἂν

2237 1226 2463 1291 ἄσπιλός
2487 1240 2546 1277 τε
2581 1225 2675 1278 καὶ
2701 1223 3006 1294 ἀρῤύτιὸος,
3037 1222 3150 1274 ἀλλ’
3171 1221 3294 1291 οὐχὶ
3323 1217 3788 1291 βεὸορόορωμένη;

2237 1317 2266 1370 6
2314 1315 2410 1369 καὶ
2461 1315 2670 1385 φρίττω
2715 1313 2907 1381 λέγων.
2953 1310 3390 1381 Διακρινέτωσαν
3436 1309 3571 1379 ἡμῖν
3621 1306 3670 1359 οί
3712 1303 3791 1356 νῦν

2239 1403 2647 1473 εὐαγγελισταί·
2700 1401 2925 1465 ἑαυτοὺς
2976 1403 3085 1472 γὰρ
3134 1399 3336 1463 ταύτας
3384 1399 3791 1468 προσηκάμενοι.

2254 1496 2579 1566 Ἐκκλησίαν
2601 1493 2736 1549 Θεοῦ
2764 1494 3123 1565 ὀνομάζουσιν
3141 1509 3152 1523 ⁸
3185 1491 3499 1553 ἀντιθέτους
3531 1489 3662 1558 αὐτῇ
3690 1486 3793 1550 τοὺς

2246 1592 2321 1661 μὴ
2377 1590 2768 1661 προσιεμένους
2800 1587 2971 1650 αὐτὰς
3021 1585 3418 1653 διακρίναντες.
3459 1581 3600 1636 Ἀλλ’
3631 1581 3796 1642 ὅντως,

2245 1684 2386 1737 κατὰ
2412 1684 2503 1735 τὸν
2546 1681 2932 1752 προφήτην,⁹0
2964 1678 3164 1749 μωρὸς
3207 1676 3374 1746 μωρὰ
3410 1673 3690 1742 λαλήσει.
3716 1673 3798 1725 καί

2248 1777 2286 1844 ἡ
2334 1774 2545 1843 καρδία
2591 1773 2774 1827 αὐτοῦ
2813 1773 3032 1842 μάταια
3068 1770 3315 1837 νοήσει,
3361 1770 3468 1823 τοῦ
3512 1765 3801 1823 συντελεῖν

564 1879 690 1934 stol't
724 1893 987 1948 usurpare
1022 1887 1106 1932 est
1130 1877 1234 1933 hoc
1258 1877 1414 1932 loco:
1451 1877 1617 1932 Miror
1644 1875 1781 1946 quod
1795 1875 1869 1928 sic
1903 1883 2010 1926 tam
2042 1872 2141 1924 cito

2264 1867 2460 1936 ἱνομα,
2508 1867 2607 1919 καί
2665 1865 2877 1919 λαλεῖν
2928 1865 3077 1932 πρὸς
3130 1863 3236 1915 τόν
3295 1861 3446 1915 Θεὸν
3496 1861 3802 1926 πλάνησιν.

565 1971 944 2039 transferimini
974 1968 1039 2024 ab
1055 1985 1114 2023 eo
1131 1969 1219 2040 qui
1251 1983 1336 2023 vos
1359 1968 1559 2022 vocavit
1581 1967 1636 2019 in
1661 1966 1889 2036 gratiam
1919 1962 2142 2028 Christi,

564 2062 619 2115 in
645 2062 793 2115 aliud
833 2061 1172 2132 Evangelium
1197 2077 1214 2115 :
1243 2061 1382 2124 quod
1415 2076 1516 2112 non
1549 2067 1624 2112 est
1663 2059 1828 2120 aliud,
1871 2057 1968 2109 nisi
2025 2063 2144 2108 sunt

565 2151 732 2221 aliqui
760 2153 848 2222 qui
881 2168 967 2206 uos
988 2156 1320 2212 conturbant,
1353 2160 1401 2204 et
1434 2151 1612 2203 volunt
1633 2157 1924 2201 convertere
1965 2147 2145 2201 Evan-

566 2244 760 2313 geliunt
815 2243 1032 2299 Christi.
1080 2243 1183 2298 Sed
1221 2244 1338 2297 licet
1392 2259 1482 2296 nos
1509 2283 1521 2302 ,
1557 2250 1650 2294 aut
1683 2239 1898 2310 angelus
1927 2240 1989 2292 de
2021 2239 2146 2292 caelo

565 2336 878 2407 evangeliset
921 2337 1080 2402 vobis,
1107 2345 1459 2404 prmterquam
1489 2334 1628 2404 quod
1663 2330 2146 2402 euangelizavimus

567 2426 732 2492 vobis,
759 2429 1043 2481 anathema
1081 2428 1149 2481 sit
1178 2427 1243 2480 ”.

2250 1958 2620 2026 Χαλεπωτάτη
2653 1953 2743 2010 οὖν
2767 1957 2978 2027 αἵρεσις
3011 1954 3171 2024 αὕτη,
3205 1954 3300 2007 καὶ
3330 1953 3389 2004 τὸ
3419 1950 3514 2004 τοῦ
3552 1967 3804 2021 μακαριω-

2249 2051 2412 2103 τάτου
2455 2049 2778 2102 Ἀποστόλου
2819 2048 2962 2102 ἔστιν
2997 2045 3229 2100 ἐνταῦθα
3284 2046 3490 2109 λέγειν’
3556 2039 3805 2110 Θαυμάζτλι

2253 2142 2342 2195 ὅτι
2379 2143 2568 2205 οὑτως
2623 2140 2852 2208 ταχέως
2887 2139 3273 2205 μετατίθεσθε
3327 2137 3450 2190 ἀπὸ
3499 2133 3605 2189 τοῦ
3653 2132 3808 2186 καλέ·

2253 2250 2480 2297 σαντος
2538 2230 2693 2302 ὑμᾶς
2748 2235 2817 2286 ἐν
2896 2231 3090 2301 χάριτι
3157 2227 3416 2298 Χριστοῦ
3488 2229 3576 2292 εις
3629 2225 3809 2290 ἕτερον

2248 2325 2658 2396 Εὑαγγέλιονσ
2715 2325 2747 2379 ὃ
2797 2326 2906 2379 οὐκ
2954 2325 3124 2379 ἐστιν
3174 2324 3367 2377 ἄλλο·
3422 2324 3475 2375 εί
3531 2318 3615 2390 μή
3671 2315 3809 2380 τινές

2265 2424 2423 2475 είσιν
2454 2422 2508 2473 οί
2552 2418 2960 2487 ταράσσοντες
2989 2414 3164 2486 ὑμᾶς·
3194 2416 3288 2468 καί
3321 2412 3634 2476 ἐθέλοντες
3657 2421 3791 2477 μετα

567 2523 825 2592 στρέψαι
863 2525 932 2577 τὸ
972 2521 1341 2593 Εὐαγγέλιον
1381 2520 1489 2576 τοῦ
1511 2519 1791 2590 Χριστοῦ.
1825 2519 2012 2574 Ἀλλά
2039 2517 2137 2573 καί
2169 2518 2274 2571 ἐὰν
2293 2515 2462 2586 ἡμεῖς
2522 2516 2692 2570 αὐτοὶ
2755 2515 2794 2584 ἢ
2834 2513 3103 2585 ,ἄγγελος
3123 2513 3195 2578 ἐξ
3216 2509 3480 2581 οὐρανοῦ
3506 2507 3642 2580 ὑμῖν
3663 2509 3815 2575 εὐαγ-

570 2618 868 2691 γελίζηται
907 2619 1044 2685 παρ’
1075 2615 1106 2670 ὃ
1135 2614 1650 2684 εὐηγγελισάμεθα
1689 2611 1854 2681 ὑμῖν,
1891 2610 2162 2679 ἀνάθεμα
2198 2611 2374 2663 ἔστω.

643 2710 1011 2778 Praeterquam
1037 2712 1219 2760 autem
1255 2703 1664 2775 evangelizsvit,
1694 2717 1803 2756 non
1845 2701 2156 2772 Apostolus,

570 2800 666 2857 sed
690 2797 941 2855 Christus
970 2795 1108 2866 ipse,
1154 2795 1549 2867 evangelizavit
1580 2793 1740 2848 nobis
1775 2793 2157 2863 mwchosydo—

571 2891 674 2945 dus
700 2885 929 2943 adulteri
956 2885 1419 2954 conjunctionem,
1455 2900 1524 2939 ex
1554 2899 1659 2954 qua
1684 2883 2013 2938 adulterium
2048 2923 2061 2946 ,
2103 2889 2160 2936 et
2203 2932 2206 2934 ν

572 2979 943 3036 multimodam
977 2976 1045 3032 ad
1083 2975 1469 3031 moechandum
1501 2974 1875 3028 inductionem
1904 3015 1920 3039 ,
1956 2973 2162 3028 saluta-

573 3089 688 3129 rem
718 3085 840 3128 esse
861 3068 1329 3140 dispensationem
1356 3083 1373 3122 :
1405 3076 1459 3121 et
1499 3068 1606 3121 hoc
1635 3067 1721 3120 illa
1763 3067 1963 3135 ubique
1994 3080 2163 3120 evan-

2331 2697 2519 2769 Παρ’δ
2567 2698 2623 2751 δὲ
2661 2695 3077 2766 εὐηγγελίσατο,
3127 2695 3226 2766 οὐχ
3274 2693 3303 2747 6
3353 2691 3817 2759 Ἀπόστολος.ἀλλ⁹

2261 2791 2422 2856 αὐτὸς
2460 2794 2488 2845 6
2521 2790 2776 2863 Χριστὸς,
2807 2790 3206 2862 εὐηγγελίσατο
3237 2791 3270 2860 ή
3301 2789 3672 2859 μοιχοσύνοδος
3727 2788 3814 2858 τὴν

2265 2883 2663 2957 μοιχοζευξίαν,
2701 2883 2759 2950 ἐξ
2793 2878 2921 2955 ἦςή
2961 2881 3198 2953 μοιχεία,
3234 2882 3330 2935 καὶ
3385 2881 3487 2952 τὴν
3534 2881 3664 2954 πρὸς
3708 2881 3817 2942 τοὺς

2267 2976 2637 3047 μοιχωειένους
2696 2976 3050 3045 πολυτρόπως
3113 2974 3421 3044 ἀπαγωγὴν
3451 3016 3465 3039 ,
3531 2974 3819 3044 οἰκονομίαν

2267 3071 2552 3139 σωτήριον.
2589 3070 2697 3122 Καὶ
2722 3068 2881 3121 τοῦτό
2912 3070 3060 3122 ἐστιν
3087 3066 3551 3138 εὐαγγελιζομένη
3581 3067 3818 3120 ἑκάστοτε

573 3166 768 3238 gelisst
796 3162 979 3218 verbis
1008 3160 1276 3229 lactisque
1305 3175 1319 3224 ;
1343 3158 1591 3227 quamvis
1613 3158 1810 3213 callide
1854 3157 2156 3212 dissimulet

2264 3161 2407 3230 ἔργῳ
2427 3161 2518 3212 καὶ
2542 3159 2706 3229 λόγῳ,
2740 3159 2844 3213 κᾶν
2875 3160 3238 3231 προσποιῆται
3261 3159 3492 3228 δολερῶς
3515 3158 3818 3227 ὑπολωῳείν·

575 3265 656 3319 ιιι,
685 3263 968 3325 postquam
1008 3249 1274 3320 plurimos
1304 3247 1585 3318 deceperit
1632 3257 1688 3302 et
1745 3247 2117 3317 illaqueaverit
2147 3286 2162 3310 ,

575 3356 690 3402 tum
720 3343 1029 3414 Corybanta
1059 3353 1218 3394 suum
1257 3353 1448 3394 sursus
1477 3338 1698 3394 exaltet.
1719 3337 1764 3393 Α
1813 3354 1921 3407 qua
1954 3338 2162 3391 utinam

576 3435 745 3489 miser
773 3442 873 3503 ego
907 3431 1094 3501 procul
1120 3429 1342 3500 fugiam,
1368 3439 1424 3483 et
1462 3427 1648 3499 fugere
1676 3444 1793 3493 vos,
1829 3438 1887 3482 ut
1915 3437 2166 3498 peccator

578 3539 696 3587 oro,
729 3523 856 3578 licet
880 3521 1187 3577 auscultare
1224 3521 1358 3574 mihi
1383 3520 1568 3574 nolitis
1595 3522 1608 3574 l
1643 3518 1719 3573 En
1749 3521 1934 3590 igitur.
1974 3520 2163 3584 frater,

577 3631 642 3669 es
671 3613 961 3684 Evangelia
991 3622 1047 3668 et
1092 3613 1374 3682 apostolis,
1408 3612 1660 3666 similiter
1701 3622 1756 3666 et
1786 3627 1849 3666 ex
1889 3611 2163 3677 Patribus,

578 3706 792 3762 ostendi
823 3706 941 3772 tibi,
976 3705 1022 3760 si
1049 3705 1212 3759 modo
1258 3704 1419 3758 [idem
1452 3705 1654 3759 habere
1683 3705 1767 3759 vis
1804 3705 1983 3759 verbis
2009 3705 2158 3759 veri.

583 3798 727 3862 tatis,
755 3798 1237 3869 mtecltosynodum
1267 3811 1459 3851 omnes
1481 3796 1706 3851 heresis
1735 3812 1996 3852 numeros
2052 3799 2168 3851 sine

581 3891 947 3946 controversia
986 3891 1268 3959 explesse,
1331 3891 1398 3943 ab
1449 3887 1720 3943 adulterio
1765 3889 2163 3958 incipientem:

584 3982 798 4038 tametsi
834 3983 1110 4052 paululum
1149 3981 1407 4051 quiddam
1459 3980 1516 4034 in
1550 3981 1732 4035 medio
1758 3981 2075 4045 substraxit,
2101 3996 2167 4035 eo

583 4075 728 4145 quod
764 4074 1118 4128 adulterinam
1162 4083 1373 4127 tantum
1422 4072 1865 4141 conjunctionem
1916 4073 2166 4127 nomina-

584 4170 683 4228 vit.
710 4168 796 4223 vel
823 4167 1001 4237 potius
1052 4166 1382 4236 praedicavit,
1418 4166 1885 4233 dispensationem
1937 4181 2060 4220 esse
2111 4165 2167 4218 in

587 4259 826 4315 Ecclesia
851 4256 974 4314 Dei.
1011 4259 1116 4312 Nec
1139 4273 1270 4313 vero
1318 4258 1516 4312 mirere
1553 4258 1597 4311 si
1630 4273 1731 4311 vox
1767 4272 1875 4310 una
1914 4255 2166 4310 hmresim

589 4352 760 4423 pariat
789 4369 802 4406 :
830 4365 953 4405 cum
977 4350 1266 4404 Dominum
1294 4349 1569 4404 dicentem
1589 4349 1776 4403 audias
1805 4365 1817 4400 :
1849 4348 1963 4402 Iota
1984 4365 2164 4411 unum,

594 4453 687 4497 aut
711 4457 844 4496 unus
876 4457 1011 4509 apex
1059 4457 1163 4495 non
1195 4439 1481 4508 praeteribit
1513 4456 1544 4492 a
1581 4439 1713 4510 lege,
1775 4445 1934 4492 donec
1989 4439 2164 4493 omnia

589 4536 718 4605 ﬁant
767 4533 834 4588 ⁸⁸.

661 4631 728 4684 Et
777 4643 908 4684 cave
978 4626 1183 4681 dicas:
1242 4623 1382 4690 Quid
1436 4640 1573 4694 opus
1627 4634 1712 4681 est
1772 4625 1938 4680 nimis
2010 4624 2170 4678 anxie

591 4723 863 4784 laborare,
900 4728 956 4776 et
983 4734 1080 4789 per
1109 4733 1275 4772 unam
1297 4717 1591 4773 dictionem
1629 4719 1817 4774 doctas
1846 4719 2178 4789 speculatio.

592 4827 692 4867 nes
733 4825 1009 4872 revocare,
1035 4818 1198 4878 atque
1221 4810 1324 4864 hoc
1355 4810 1552 4865 illudve
1581 4811 1926 4875 concludere,
1949 4826 2020 4865 ne
2041 4810 2179 4864 forte

594 4904 862 4975 impingas
931 4903 985 4957 in
1049 4901 1300 4957 haeresim
1373 4902 1860 4958 Gnosimachorum
1896 4943 1910 4966 ,
1967 4904 2034 4958 de
2075 4919 2181 4972 qua

596 4999 712 5052 haec
739 5005 930 5051 auctor
955 4995 1030 5049 ’δε
1051 4994 1402 5050 Gnosimacbi
1432 5006 1579 5062 sunt,
1610 4997 1700 5064 qui
1732 4997 1878 5050 omni
1911 4995 2179 5050 Christia-

594 5104 789 5143 norum
845 5088 1102 5159 agnitioni
1137 5089 1497 5143 adversantur
1522 5128 1536 5154 ,
1560 5072 1571 5084 ’
1595 5100 1654 5143 ιιι
1676 5105 1874 5142 vanum
1913 5097 1969 5143 et
1999 5089 2179 5142 minus

596 5183 964 5238 necessarium
995 5181 1234 5237 laborem
1259 5197 1379 5237 esse
1419 5183 1602 5236 dicant
1635 5198 1848 5247 eorum,
1892 5182 1984 5251 qui
2008 5182 2060 5234 in
2092 5182 2178 5235 di-

594 5274 737 5328 vinis
783 5274 1006 5344 scriptis
1047 5275 1279 5343 aliquam
1313 5275 1606 5342 exquirunt
1635 5274 1919 5327 scientiam
1949 5292 1962 5327 :
2001 5287 2178 5342 neque

596 5366 742 5419 enim
774 5364 942 5420 Deum
969 5367 1115 5422 aliud
1144 5383 1175 5420 a
1215 5365 1538 5420 Christianis
1561 5367 1855 5437 postulare,
1882 5366 1984 5419 nisi
2010 5366 2179 5420 bonas

597 5457 858 5514 actiones.
897 5459 1239 5529 Quapropter
1269 5460 1588 5528 simpliciter
1624 5467 1896 5528 quemque
1927 5458 2182 5512 incedere

598 5549 791 5604 melius
824 5557 926 5615 est,
951 5565 1114 5621 quam
1147 5551 1200 5604 in
1245 5551 1494 5620 dogmate
1535 5551 1909 5622 cognoscendo
1961 5551 2182 5604 multam

600 5655 785 5696 curam
826 5655 1048 5711 ponere.
1098 5643 1180 5697 Ad
1216 5644 1362 5698 hunc
1392 5658 1520 5713 ergo
1560 5644 1778 5697 modum
1817 5642 2187 5698 Gnosimachi.

2269 3250 2354 3302 ἵνα
2400 3250 2537 3318 μετὰ
2591 3251 2688 3322 τὴν
2737 3251 2910 3319 θήραν
2933 3251 3042 3302 τῶν
3068 3251 3480 3321 ἀπατηθέντων,
3509 3249 3598 3302 τὸν
3639 3251 3821 3319 ἑαυτῆς

2267 3339 2589 3411 Κορύϐαντα
2624 3338 2779 3404 αὖθις
2823 3341 3174 3415 ἐπανυψὼσῃ.
3209 3335 3313 3404 Ἦς
3364 3340 3460 3411 τὴν
3511 3343 3699 3410 πεῖραν
3737 3337 3824 3406 φύ-

2267 3449 2417 3503 γοιμι
2455 3433 2553 3503 μὲν
2579 3432 2689 3499 ἐγὼ
2717 3435 2744 3485 6
2772 3432 2957 3495 τάλας·
2996 3437 3184 3502 φυγεῖν
3223 3451 3282 3486 τε
3330 3433 3562 3502 εὔχομαι
3593 3434 3729 3501 ὑμᾶς
3759 3431 3820 3490 ὡς

2266 3525 2590 3594 ἁμαρτωλος
2619 3541 2633 3556 '
2665 3525 2764 3579 κᾶν
2798 3525 2859 3578 οὐ
2897 3524 3172 3594 βούλοισθε
3203 3529 3490 3596 προσέχειν
3538 3541 3622 3594 μοι
3648 3525 3660 3578 !
3710 3523 3822 3575 Ἰδοὺ

2266 3613 2358 3670 οὖν
2397 3615 2525 3685 ἐγὼ,
2557 3617 2772 3685 ἁδελφὲ,
2806 3615 3175 3684 εὐαγγελικῶς
3211 3635 3270 3669 τε
3328 3623 3421 3670 καὶ
3471 3614 3824 3673 ἁποστολικῶς

2267 3708 2403 3778 ὁμοῦ
2424 3725 2481 3760 τε
2516 3709 2612 3760 καί)⁸
2646 3708 2931 3779 Πατρικῶς
2963 3708 3284 3778 παρέστησέι
3310 3725 3416 3775 σοι,
3451 3709 3610 3778 είπερ
3633 3706 3824 3778 βούλοιο

2269 3798 2553 3852 πείθεσθαι
2589 3798 2765 3867 λόγοις
2801 3801 3084 3871 ἀληθείαςσ
3110 3801 3191 3852 ὃτι
3228 3802 3438 3871 αἵρεσιν
3463 3799 3825 3872 ἀναμφιϐόλως

2269 3892 2631 3961 πεπλήρωκεν
2664 3893 2696 3963 ή
2726 3892 3126 3962 μοιχοσύνοδος,
3158 3891 3423 3960 ἁρχθεῖσα
3453 3893 3558 3944 ἀπὸ
3589 3895 3683 3962 τῆς
3719 3907 3823 3959 μοις

2268 3985 2418 4055 χείας
2449 4002 2463 4016 ο
2512 3986 2560 4038 εί
2608 3989 2701 4038 καὶ
2740 3986 2828 4038 διὰ
2878 3987 3043 4054 μέσου
3080 3985 3438 4053 ὑπελώφησεν
3467 3988 3528 4037 ὲκ
3562 3985 3718 4055 μόνου
3748 3980 3827 4034 τοῦ

2269 4078 2553 4146 ὀνομάσαι,
2596 4078 2794 4149 μᾶλλον
2825 4079 2881 4131 δὲ
2913 4078 3146 4150 κηρύξαι
3199 4077 3295 4148 τὴν
3337 4075 3726 4147 μοιχοζευξίαν,
3761 4077 3828 4128 ol-

2270 4171 2532 4238 κονομίαν
2584 4171 2641 4222 ὲν
2696 4172 2762 4240 τῇ
2815 4170 3111 4240 Ἐκκλησία
3141 4169 3233 4223 τοῦ
3269 4167 3400 4221 Θεοῦ
3432 4168 3698 4236 γίνεσθαι.
3729 4168 3827 4220 Καὶ

2274 4263 2348 4330 μὴ
2388 4261 2694 4331 θαυμάσης,
2731 4262 2779 4313 εί
2815 4262 2913 4330 μία
2967 4262 3119 4331 φωνὴ
3156 4262 3331 4313 τίκτει
3370 4261 3601 4330 αἰρεσιν·
3638 4259 3829 4312 ἀκούων

2271 4351 2366 4404 τοῦ
2428 4353 2632 4422 Κυρίου
2684 4353 2937 4417 λέγοντος
2970 4369 2984 4383 ⁶
3021 4352 3183 4406 Ἶῶτα
3215 4351 3285 4406 ἐν
3323 4353 3360 4422 ἣ
3387 4352 3497 4422 μία
3527 4353 3726 4418 κεραιά
3769 4351 3830 4402 σὺ

2267 4445 2353 4514 μὴ
2403 4445 2665 4515 παρέλθῃ
2696 4446 2814 4499 ἀπὸ
2853 4444 2959 4499 τοῦ
3003 4447 3215 4515 νόμου,
3248 4445 3358 4511 ἕως
3407 4444 3486 4499 ἂν
3539 4447 3727 4497 πάντα
3753 4439 3831 4510 γέ·

2270 4557 2460 4606 νηται.

2345 4631 2497 4700 Μηδὲ
2537 4622 2662 4702 δόξῃ
2701 4648 2782 4684 σοι
2812 4631 3018 4700 λέγειν’
3047 4630 3142 4693 Τίς
3172 4630 3330 4703 χρεία
3358 4630 3832 4702 πολυπραγμονεῖν,

2278 4725 2369 4775 καὶ
2411 4725 2496 4776 διὰ
2552 4726 2679 4793 μιᾶς
2717 4724 2914 4802 λέξειας
2957 4725 3339 4795 ἀνασειράζειν
3390 4726 3490 4787 τὰς
3545 4721 3831 4792 γνωστικὰς

2282 4817 2537 4887 Θεωρίας,
2571 4819 2663 4868 καὶ
2687 4817 2942 4885 συνάγειν
2984 4817 3142 4870 τοῦτο
3172 4819 3424 4882 κάκεῖνο;
3460 4817 3544 4870 ἶνα
3582 4817 3654 4888 μὴ
3679 4814 3832 4884 ἐμπέ-

2287 4925 2384 4978 σης
2442 4910 2520 4970 είς
2571 4909 2670 4980 τὴν
2709 4909 3013 4980 λεγομένην
3064 4910 3172 4963 τῶν
3207 4909 3578 4979 Γνωσιμάχων
3621 4909 3833 4977 αἵρεσιν,

2292 4999 2418 5068 περὶ
2445 4994 2513 5069 ἦς
2549 5015 2714 5068 φησιν
2743 5002 2771 5051 6
2802 4999 3134 5069 συγγράφων
3156 5013 3170 5028 ⁶
3208 4999 3245 5051 Γ
3248 5000 3549 5070 νωσιμάχοι
3599 4999 3646 5052 οἱ
3705 4998 3836 5066 πάσῃ

2288 5090 2484 5158 γνώσει
2519 5089 2612 5142 τοῦ
2647 5091 3075 5161 Χριστιανισμοῦ
3103 5090 3546 5156 ἀντιπῖπτοντες,
3585 5093 3640 5143 ἐν
3663 5089 3735 5161 τῷ
3759 5087 3835 5138 λέ·

2289 5191 2404 5250 γειν
2431 5183 2628 5244 αὐτοὺς
2664 5184 2746 5236 ὅτι
2777 5183 3034 5253 περισσόν
3073 5201 3124 5237 τι
3160 5183 3406 5237 ποιοῦσιν
3438 5183 3488 5236 oi
3519 5182 3740 5251 γνώσεις
3765 5196 3833 5230 τι-

2287 5274 2382 5334 νὰς
2428 5271 2783 5342 ἐπιζητοῦντες
2831 5275 2891 5327 ὲν
2915 5276 3035 5336 ταῖς
3062 5273 3233 5337 θείαις
3267 5275 3530 5344 Γραφαῖς’
3570 5275 3712 5328 οὖδέν
3743 5272 3834 5340 γὰρ

2286 5365 2412 5417 ἄλλο
2453 5364 2605 5433 ζητεῖ
2639 5367 2666 5416 6
2704 5364 2837 5427 Θεὸς
2868 5366 3016 5435 παρὰ
3070 5365 3419 5436 Χριστωνοῦ,
3453 5367 3500 5418 εί
3533 5368 3606 5436 μὴ
3632 5366 3835 5436 πράξεις

2285 5455 2476 5516 καλάς.
2528 5455 2754 5522 Ἀγαθὸν
2804 5452 2896 5509 οὖν
2938 5458 3055 5508 ἐστι
3088 5459 3286 5527 μᾶλλον
3327 5458 3703 5528 ἁπλουστέραις
3736 5453 3835 5505 τι·λὰ

2286 5547 2632 5616 πορεύεσθαι,
2672 5549 2762 5600 καὶ
2823 5549 2989 5618 μηδὲν
3036 5549 3211 5618 δόγμα
3243 5549 3548 5616 γνωστικῆς
3596 5562 3834 5617 πραγμα-

2296 5641 2444 5702 τείας
2484 5641 2974 5710 πολυπραγμονεῖν.
3004 5639 3160 5693 Οὓτω
3183 5641 3278 5710 μὲν
3298 5636 3390 5694 οὖν
3418 5642 3467 5693 οἱ
3500 5638 3833 5708 Γνωσιμάχοι.

675 5825 718 5858 ⁸⁸
757 5827 951 5898 Ephes.
993 5846 1047 5892 v,
1078 5826 1295 5883 25-27.
1371 5831 1411 5862 ⁸¹
1441 5829 1543 5884 lsa.
1573 5847 1742 5894 xuii,
1777 5831 1829 5884 6.
1908 5832 1950 5864 δ’
2002 5831 2154 5884 Galat

2264 5873 2266 5888 .
2318 5827 2436 5884 6-8.
2515 5829 2557 5860 ³³
2587 5827 2772 5881 Matth.
2805 5843 2856 5891 γ,
2896 5829 2977 5883 18.
3054 5831 3346 5888 "Damasc.
3375 5832 3445 5888 De
3475 5834 3658 5889 hatres.
