3914 6458
179 412 322 479 1081

1399 416 1932 480 EPISTOLARUM
1970 420 2117 482 LIB.
2159 420 2206 482 ῐ.

3303 420 3441 486 1082

171 532 280 595 Δὸς
302 525 398 584 οὖν
432 527 613 594 αὐτὸς,
637 529 793 602 είπερ
821 529 986 602 ἔχεις,
1016 531 1081 586 ἑκ
1112 530 1272 586 θείων
1300 533 1515 601 φωνῶν,
1555 536 1638 588 ὅτι
1664 536 1745 605 οὐ)

1867 536 2006 592 Doce
2041 552 2171 594 vero
2195 547 2274 602 tu,
2321 535 2364 591 si
2396 545 2568 607 potes,
2591 550 2654 590 ex
2682 536 2881 591 divinis
2912 535 3126 592 Litteris
3188 539 3437 596 heresim

172 623 418 693 αἵρεσις
449 621 542 676 καὶ
572 622 646 693 μή
681 638 772 692 μοι
818 622 1020 693 πλῆθος
1046 623 1291 698 ὲποίσῃς,
1317 627 1452 696 μηδὲ
1493 627 1622 688 τοὺς
1661 645 1752 680 νυ-

172 714 464 784 κταρινοὺς
497 712 770 776 θεοσεϐεῖς
799 699 975 784 αῦχεὶ,
1004 716 1337 782 γνωστικούς
1359 733 1419 770 τε
1452 715 1544 780 οὓς
1574 717 1754 786 λέγεις

171 804 276 858 καὶ
327 800 544 866 ἰδιώτας
600 801 696 856 καὶ
733 802 940 871 φίλους.
998 805 1061 858 El
1089 807 1197 876 γάρ
1230 806 1536 871 θεοσεϐεῖς,
1580 807 1682 863 ποῦ
1715 811 1749 881 ἠ

171 895 498 967 παρρησίας
556 895 664 948 Καὶ
695 897 742 948 si
771 896 1062 964 γνωστικοὶ
1112 898 1228 967 (καὶ
1258 898 1355 969 οὐχ
1399 900 1478 952 ὅτι
1507 901 1604 953 οὐκ
1644 901 1752 953 ιίσὶ

169 987 344 1056 λέγω·
381 985 628 1056 ὁμολογῶ
660 986 768 1057 γὰρ
794 988 1024 1052 πολλοὺς
1049 990 1145 1042 καὶ
1174 991 1314 1060 ὑπὲρ
1343 992 1443 1062 ἐμὲ
1492 992 1586 1045 τὸν
1618 991 1756 1046 ίδιώ-

167 1093 299 1148 τηνο
316 1077 434 1130 ἀλλ’
452 1077 610 1148 είπερ
637 1077 844 1131 ιθουσιν
865 1077 1168 1148 ἀλήθειαν),
1200 1079 1414 1145 δείξωσι
1440 1082 1755 1150 γνωπικῶς

168 1168 233 1234 ἐξ
257 1168 432 1237 αὐτῆς
459 1167 556 1237 τῆς
583 1167 866 1237 ἀληθείας,
895 1169 989 1221 καὶ
1017 1170 1124 1241 μὴν
1151 1170 1246 1224 καὶ
1283 1173 1348 1226 ὲκ
1375 1172 1754 1242 παραδειγμά-

165 1275 310 1319 των.
349 1257 409 1324 ἐξ
436 1258 788 1328 ἁρμοζόντων
824 1258 901 1320 δὲ,
927 1259 1064 1313 ἀλλά
1091 1261 1166 1331 μὴ
1199 1262 1258 1327 ἐξ
1281 1263 1630 1333 ἀσυμϐάτων,
1660 1265 1754 1318 καὶ

169 1348 519 1402 ὑπεναντίων
571 1351 637 1419 τῇ
669 1347 899 1420 ἀληθείᾳ
953 1351 1047 1404 καὶ
1084 1353 1199 1415 τοῖς
1236 1353 1615 1418 ἀποστολικοίς
1661 1359 1753 1408 καὶ

174 1438 481 1507 Πατρικοίς
510 1437 719 1491 κανόσι.
773 1437 882 1490 Καὶ
914 1440 964 1492 εί
994 1440 1139 1509 φίλοι
1167 1441 1309 1494 κατὰ
1335 1440 1487 1506 Θεὸν,
1519 1443 1634 1506 πῶς
1687 1444 1750 1514 τῇ

165 1526 437 1598 κοινωνίᾳ
465 1526 572 1580 τῶν
595 1528 918 1597 ἑτεροδόξων
940 1531 1316 1595 κοινωνοῦντες
1336 1549 1350 1595 ;
1377 1533 1452 1586 Οὐ
1478 1533 1585 1603 γὰρ
1606 1533 1752 1601 φίλοι

166 1619 219 1670 οἱ
242 1617 480 1670 τοιοῦτοι
506 1617 751 1687 ἀληθινοὶ
774 1618 866 1672 καὶ
888 1620 1090 1673 πιστοί.
1128 1620 1367 1691 Πρόσεχε
1392 1617 1505 1686 οὖν,
1530 1623 1749 1689 ἁδελφὲ,

166 1709 224 1762 τί
265 1711 295 1763 ὁ
330 1707 474 1772 θεῖος
501 1708 779 1772 Βασίλειος
809 1710 956 1779 λέγει
986 1710 1123 1782 πρὸς
1151 1711 1276 1775 τοὺς
1297 1713 1356 1765 ιν
1388 1712 1584 1784 πλήθει
1634 1712 1754 1782 κρί-

163 1816 367 1863 νοντας
391 1800 490 1870 τὴν
513 1799 792 1869 ἀλήθειαν.

1859 642 1968 682 non
2025 642 2146 684 esse
2187 636 2286 683 :et
2317 643 2385 682 ne
2417 627 2548 682 mihi
2580 625 2982 683 multitudinem
3024 628 3282 696 obiicias,
3340 644 3445 685 nec

1862 727 2161 772 nocturnos
2192 715 2286 770 Dei
2324 716 2560 771 cultores
2601 716 2793 786 jactes,
2843 717 3138 786 doctosque
3159 733 3294 786 quos
3335 721 3442 783 ais.

1854 817 1909 863 et
1935 809 2159 864 amicos.
2195 808 2330 863 Nam
2360 808 2402 862 si
2432 807 2598 862 Deum
2622 808 2828 873 colunt,
2861 807 2951 862 ubi
2977 809 3236 879 loquendi
3266 811 3438 867 liber-

1853 899 1982 954 tas?
2021 901 2083 953 Et
2109 940 2124 964 ,
2161 899 2205 954 si
2259 899 2426 964 docti,
2475 914 2651 967 neque
2702 913 2801 969 ego
2841 898 3055 953 inficior
3107 901 3242 955 tales
3269 915 3432 956 esse:

1856 991 2054 1046 multos
2101 993 2246 1047 enim
2282 992 2548 1047 confiteor
2575 1009 2662 1048 me
2715 993 2966 1064 imperito
3010 994 3318 1052 doctiores:
3347 997 3443 1051 sed

1855 1083 1900 1138 si
1931 1084 2208 1138 veritatem
2241 1092 2447 1150 tenent,
2479 1085 2713 1139 scienter
2761 1086 3053 1141 ostendant
3101 1101 3166 1142 ex
3203 1087 3317 1157 ipsa
3347 1101 3447 1143 ve-

1857 1175 2037 1236 ritate,
2072 1185 2236 1246 atque
2262 1177 2398 1231 adeo
2444 1177 2513 1232 ab
2541 1177 2823 1248 exemplis,
2864 1178 3007 1248 aptis
3041 1177 3182 1242 dico,
3212 1179 3307 1234 sed
3325 1195 3439 1234 non

1855 1281 1919 1320 ex
1967 1267 2179 1332 alienis,
2214 1269 2612 1338 contrariisque
2643 1269 2878 1336 veritati,
2905 1277 2962 1324 et
2999 1270 3313 1340 apostolicis
3335 1287 3434 1342 pa-

1856 1358 2135 1426 ternisque
2165 1357 2486 1413 canonibus.
2520 1357 2604 1424 Et,
2643 1359 2686 1414 si
2719 1359 2886 1414 amici
2910 1361 3209 1415 secundum
3244 1361 3438 1424 Deum,

1854 1433 2128 1514 quomodo
2187 1449 2569 1504 hereticorum
2621 1450 2994 1504 communioni
3059 1453 3442 1521 participant?

1852 1539 2038 1609 Neque
2063 1541 2208 1594 enim
2233 1549 2359 1595 sunt
2383 1542 2517 1596 tales
2549 1541 2707 1595 amici
2736 1542 2846 1596 veri
2878 1549 2934 1596 et
2964 1541 3173 1598 ﬁdeles.
3205 1540 3442 1599 Attende

1854 1631 2057 1699 itaque,
2101 1631 2268 1686 frater
2302 1671 2316 1694 ,
2352 1633 2478 1702 quid
2513 1632 2730 1688 divinus
2785 1633 3015 1688 Basilius
3045 1634 3167 1705 (24)
3207 1636 3353 1695 dicat
3382 1637 3437 1691 in

1856 1737 1952 1777 eos
1987 1723 2080 1793 qui
2111 1724 2393 1778 veritatem
2426 1724 2726 1778 metiuntur
2755 1739 2819 1779 ex
2851 1725 3219 1783 multitudine.

252 1892 313 1943 ὐ
352 1893 430 1962 μὴ
464 1890 694 1960 τολμῶν,
725 1892 880 1960 φησὶ,
918 1890 1101 1943 δοῦναι
1134 1890 1288 1958 λόγον
1321 1894 1420 1964 τῆς
1453 1897 1745 1965 προκειμέ.

1926 1899 2028 1964 Qui
2059 1899 2126 1954 de
2160 1898 2333 1969 posita
2360 1901 2662 1968 quaestione
2684 1938 2700 1964 ,
2739 1899 2833 1965 ait,
2895 1900 3158 1956 rationem
3209 1903 3438 1960 reddere

163 1997 268 2052 νης
311 1981 614 2054 ζητήσεως.
662 1981 795 2053 μηδὲ
826 1981 1075 2054 εὐπορῶν
1126 1983 1476 2050 ἀποδείξεως,
1535 1989 1629 2041 καὶ
1661 1989 1748 2044 διὰ

161 2073 329 2126 τοῦτο
363 2072 726 2140 καταφεύγων
758 2076 837 2137 είς
865 2073 1090 2142 πλῆθος,
1126 2075 1381 2144 ὁμολογεῖ
1407 2077 1504 2148 τὴν
1554 2075 1748 2151 ἧτταν,

161 2163 240 2228 ὡς
280 2162 437 2217 οὐδὲν
471 2162 609 2233 ἔχων
660 2164 974 2235 παρρησίας
999 2167 1232 2233 ἐφόδιον.
1261 2167 1369 2222 Kal
1387 2171 1518 2238 μεθ’
1541 2170 1712 2240 ἕτερα
1731 2190 1745 2203 ·

163 2254 415 2320 Δειξάτω
456 2272 546 2325 μοι
571 2256 766 2319 κάλλος
800 2255 1057 2325 ἀληθείας
1092 2258 1195 2311 κᾶν
1223 2255 1327 2322 είς,
1354 2262 1448 2314 καὶ⁵
1487 2261 1750 2333 σύντομος

163 2348 334 2410 εὐθὺς
370 2348 404 2416 ﬁ
438 2346 629 2402 πειθώ.
670 2347 878 2417 Πλῆθος
911 2347 967 2400 δὲ
997 2349 1164 2420 χωρὶς
1197 2351 1522 2419 ἀποδείξεως
1556 2354 1748 2408 αὐθεν-

161 2435 317 2502 τοῦν,
365 2437 602 2507 φοϐῆσαι
654 2436 754 2506 μὲν
808 2437 1011 2502 ίκανὺν,
1070 2442 1254 2495 πεῖσαι
1287 2441 1345 2496 δὲ
1391 2443 1648 2514 οὐδαμοῦ.
1678 2447 1748 2499 Ἢ

162 2527 336 2582 πόσαι
365 2526 624 2598 μυριάδες
653 2527 902 2580 πείσουσί
933 2545 1001 2598 με
1037 2529 1134 2602 τὴν
1162 2531 1374 2603 ἡμέραν
1402 2533 1572 2589 νύκτα
1596 2537 1748 2608 νομί-

165 2637 284 2682 σαι,
321 2619 356 2690 ἢ
387 2616 451 2672 τδ
503 2617 738 2690 χαλκοῦν
787 2620 1030 2692 νόμισμα
1082 2622 1320 2692 χρυσοῦν
1370 2624 1593 2687 εἰδέναι,
1653 2627 1746 2680 καὶ

161 2709 312 2763 οὕτω
359 2707 639 2778 δέχεσθαι,
689 2710 722 2781 ἢ
774 2711 1094 2780 προσίεσθαι
1127 2712 1450 2786 δηλητήριον
1481 2717 1746 2789 πρόδηλον

164 2802 288 2854 ἀντὶ
333 2799 672 2867 καταλλήλου
731 2801 969 2872 τροφῆς;
1010 2799 1141 2856 Εἶτα
1174 2805 1379 2875 γηΐνων
1431 2806 1530 2876 μὲν
1585 2809 1746 2862 ἕνεκα

168 2892 519 2962 πραγμάτων
548 2890 650 2944 οὐκ
688 2891 1122 2963 αίδεσθησόμεθα
1147 2894 1352 2965 πλῆθος
1373 2895 1740 2967 ψευδομένων

165 2984 439 3056 οὐρανίων
467 2985 524 3038 δὲ
553 2985 716 3056 χάριν
736 2987 1022 3058 δογμάτων
1043 2989 1304 3059 νεύμασιν
1333 2994 1743 3061 ἀναποδείκτεις

165 3074 539 3143 ἀκολουθήσω
570 3074 678 3129 τῶν
711 3077 879 3131 πάλαι
911 3080 1001 3134 καὶ
1027 3080 1306 3152 πρόπαλαι
1349 3085 1487 3154 μετὰ
1542 3086 1740 3158 πολλῆς

170 3166 517 3239 συμφωνίας,
545 3168 641 3221 καὶ
671 3168 772 3239 τῆς
799 3170 907 3223 τῶν
945 3171 1114 3240 ἀγίων
1145 3175 1377 3242 Γραφῶν
1417 3179 1740 3248 μαρτυρίας,

168 3257 586 3331 παραδοθέντων
643 3261 1056 3332 ἀναχωρήσαςς
1114 3264 1226 3318 Ούκ
1278 3267 1591 3339 ἠκούσαμεν
1649 3270 1743 3324 τοῦ

169 3352 382 3422 Κυρίου
411 3349 682 3417 λέγοντος·
729 3353 949 3406 Πολλοὶ
980 3356 1216 3421 κλητοί,
1263 3357 1450 3426 όλάγω
1481 3358 1549 3411 δὲ
1586 3360 1746 3414 ἐκλε-

168 3445 302 3498 κτοί
316 3461 336 3510 ;
363 3443 474 3496 Καὶ
500 3443 672 3498 πάλιν
700 3458 714 3473 ⁸
751 3443 942 3512 Στενὴ
967 3446 1062 3499 καί
1091 3449 1448 3519 τεθλιμμένη
1475 3451 1513 3518 ἡ
1542 3451 1681 3518 ὁδὸς
1704 3454 1742 3521 ἡ

167 3535 495 3604 ἀπάγουσα
525 3537 612 3601 είς
657 3534 774 3604 τὴν
804 3533 976 3602 ζωὴν.
1007 3533 1102 3591 καί
1134 3539 1327 3608 ὀλίγοι
1373 3541 1534 3594 εἰσιν
1557 3547 1612 3597 οι
1643 3548 1744 3599 εὐ-

162 3629 491 3697 ρίσκοντες
522 3627 753 3694 αὐτήν;
780 3627 876 3689 Τίς
900 3627 996 3681 οὖν
1037 3630 1147 3684 τῶν
1175 3625 1233 3684 εὖ
1269 3631 1610 3702 φρονούντων
1646 3636 1746 3689 οὐκ

169 3719 388 3791 εὔχεται
417 3718 524 3772 τῶν
560 3719 754 3786 ὀλίγων
780 3714 920 3773 εἷναι
946 3721 1053 3774 τῶν
1082 3722 1168 3776 διὰ
1193 3723 1291 3793 τῆς
1321 3726 1514 3796 στενῆς
1545 3728 1739 3781 εἰσιόν-

167 3827 275 3863 των
308 3811 390 3872 είς
426 3809 721 3879 σωτηράν,
754 3808 786 3878 ἢ
831 3809 938 3862 τῶν
969 3812 1176 3865 πολλῶν
1209 3813 1318 3865 τῶν
1349 3813 1438 3869 διὰ
1479 3816 1576 3885 τῆς
1600 3817 1746 3870 ’πλα-

167 3903 317 3963 τείας
346 3904 428 3965 είς
456 3901 733 3955 ἀπώλειαν
761 3901 1088 3974 ὠθουμένων
1113 3923 1127 3972 ;
1157 3890 1254 3968 Τίς
1298 3907 1344 3959 δ’
1372 3908 1472 3960 οὐκ
1517 3907 1585 3961 ἂν
1644 3912 1744 3964 ἐπ-

168 3994 259 4048 εθύ
269 4010 466 4066 μησεν,
495 3992 702 4046 είκατά
721 3991 812 4044 τὸν
835 3996 1024 4064 καιρὸν
1048 3993 1238 4066 ἔτυχεν
1257 3997 1322 4050 ἂν
1341 3997 1440 4067 τῆς
1465 3998 1744 4070 ἀθλήσεως

168 4085 259 4139 τοῦ
297 4086 574 4156 μακαρίου
609 4083 901 4152 Στεφάνου,
933 4086 1032 4153 τῆς
1083 4088 1290 4141 ἐκείνου
1332 4091 1550 4160 μερίδος
1596 4093 1745 4160 γενέ-

169 4178 292 4231 σθαι
348 4176 443 4229 τοῦ
502 4178 665 4247 μόνου
718 4177 828 4238 τοῖς
874 4175 1042 4241 λίθοις
1073 4178 1425 4249 βαλλομένου,
1455 4179 1548 4234 τοῦ
1577 4185 1741 4235 πᾶσιν

168 4271 246 4333 είς
275 4268 493 4336 γέλωτα
526 4266 910 4338 προκειμένου,
945 4269 978 4338 ἢ
1028 4269 1136 4321 τῶν
1175 4270 1388 4324 πολλῶν
1425 4272 1530 4326 τῶν
1568 4273 1743 4342 οἰομέ-

169 4376 273 4411 νων
321 4356 383 4410 τδ
442 4357 755 4423 ἀξιόπιστον
782 4356 928 4424 ἔχειν
968 4360 1029 4410 ὲκ
1073 4358 1170 4428 τῆς
1216 4360 1390 4428 κακῆς
1416 4360 1738 4423 αὐθεντίαςς

169 4444 260 4512 Εἷς
299 4448 602 4518 εὐδοκιμῶν
636 4448 715 4510 είς
745 4445 805 4500 τὸ
849 4448 1000 4501 Θείον
1051 4453 1441 4522 προτιμότερος
1479 4452 1616 4522 ὑπὲρ
1649 4470 1741 4522 μυ,-

172 4541 362 4610 ριάδας
416 4539 673 4608 αὐθαδείᾳ
727 4540 1150 4609 σεμνυνομένας.
1210 4541 1296 4603 Ὠς
1346 4543 1437 4594 καὶ
1495 4542 1587 4595 ἐπὶ
1641 4544 1739 4611 τῆς

171 4635 417 4697 Παλαιάς
450 4632 725 4702 Διαθήκης
757 4632 1104 4703 εὑρίσκομεν,
1135 4637 1193 4687 ὲν
1318 4633 1571 4703 ’χιλιάδες
1629 4633 1741 4685 ἔπι-

171 4744 302 4782 πτον
343 4723 439 4778 τοῦ
470 4723 600 4778 λαοῦ
656 4723 900 4793 θεηλάτῳ
935 4724 1140 4795 πληγῇ·
1166 4727 1360 4793 Μόνος
1417 4723 1485 4778 δὲ
1537 4724 1743 4790 Φινεὲς

169 4820 338 4886 ἔστη,
368 4817 468 4872 καί
493 4814 837 4881 ἐξιλάσατσ
867 4816 965 4870 καὶ
987 4817 1295 4871 ἐκόπασεν
1316 4819 1352 4885 ἠ
1378 4817 1646 4885 θραῦσις.
1680 4817 1743 4868 Εἰ

170 4912 224 4965 δὲ
263 4905 422 4963 εἶπεν
466 4909 694 4972 ἐκεῖνος·
745 4909 871 4973 Πῶς
895 4909 1148 4979 τολμήσω
1178 4911 1313 4979 πρὸς
1337 4912 1404 4963 τὰ
1439 4908 1743 4978 συμφώνως

172 5002 275 5054 ὑπὸ
321 5000 595 5054 τοσούτων
628 5001 928 5070 γινόμενα;
975 5000 1093 5062 πῶς
1148 4999 1403 5063 ἐναντίως
1457 4999 1743 5067 ὑπόθωμαι

170 5095 346 5163 ψῆφον
410 5093 520 5148 τῶν
560 5092 732 5155 οὕτως
783 5093 1083 5163 κρινάντων
1137 5089 1276 5163 ζῇν;
1319 5091 1430 5145 οὔτ’
1464 5091 1529 5145 ἂν
1581 5089 1742 5153 αὐτὸς

171 5186 515 5256 ἠρίστευσεν,
565 5184 680 5237 οὔτ’
711 5185 778 5237 ἂν
827 5186 888 5237 τὸ
931 5192 1100 5237 κακον
1149 5185 1396 5254 ἔστησεν,
1442 5183 1641 5237 οὔτ’ἀν
1692 5183 1740 5236 oi

173 5275 346 5328 λοιποὶ
409 5273 784 5346 διεσώθησαν,
845 5273 957 5327 οὔτ’
1005 5274 1070 5328 ἂν
1130 5276 1260 5337 Θεὸς
1287 5275 1384 5344 τὴν
1455 5275 1741 5344 εὐμένειαν

177 5367 487 5438 ἐχαρίσατο.
559 5363 739 5418 Καλδν
804 5359 936 5427 οὖν,
992 5363 1151 5418 καλὸν
1184 5405 1199 5430 ,
1261 5368 1353 5416 καὶ
1397 5363 1458 5415 τὸ
1508 5365 1601 5417 ἕνα
1665 5364 1742 5416 δι-

178 5459 342 5520 καίως
397 5453 872 5528 παρρησιάζεσθαι
899 5495 914 5520 ,
971 5453 1066 5507 καὶ
1094 5455 1192 5525 τὴν
1217 5453 1324 5507 τῶν
1355 5454 1562 5508 πολλῶν
1603 5473 1743 5525 συμ-

1852 2006 1962 2045 non
1989 1991 2172 2054 audet,
2212 1999 2267 2044 et
2295 1991 2380 2046 cui
2409 2005 2520 2043 non
2551 1991 2793 2061 suppetit
2828 1991 3222 2047 demonstratio
3241 2033 3255 2057 ,
3281 1993 3438 2048 ideo-

1857 2096 1964 2151 que
2008 2080 2314 2151 perfugium
2346 2081 2509 2134 habet
2561 2080 2614 2134 in
2646 2081 2990 2136 multitudine
3016 2098 3031 2146 ;
3059 2083 3103 2138 is
3128 2098 3187 2138 se
3229 2084 3433 2139 victum

1851 2171 2069 2236 fatetur,
2103 2177 2163 2225 ut
2199 2171 2289 2240 qui
2323 2171 2532 2224 nullum
2565 2171 2760 2227 habeat
2790 2171 3000 2227 fiduciae
3029 2174 3430 2242 adiumentum.

1850 2264 1917 2318 Et
1947 2275 2060 2330 post
2095 2265 2205 2317 alia
2237 2279 2255 2318 :
2285 2260 2548 2318 Ostendat
2585 2263 2715 2316 mihi
2759 2263 2846 2318 vel
2881 2279 3020 2318 unus
3071 2263 3434 2334 pulchritudi-

1849 2369 1974 2408 nem
2005 2353 2266 2418 veritatis,
2297 2360 2352 2407 et
2388 2359 2634 2422 prompta
2659 2367 2780 2408 mox
2821 2353 2927 2407 erit
2955 2356 3255 2423 persuasio.
3290 2355 3432 2410 Mul-

1850 2445 2023 2500 titudo
2047 2455 2229 2500 autem
2259 2445 2379 2499 sine
2429 2444 2895 2500 demonstratione
2917 2447 3296 2502 auctoritatem
3325 2449 3430 2504 sibi

1847 2537 2152 2600 vindicans,
2180 2544 2386 2590 terrere
2427 2535 2644 2605 quidem
2681 2545 2903 2605 potest,
2945 2538 3270 2606 persuadere
3319 2555 3428 2595 non

1845 2635 2048 2698 potest.
2099 2626 2209 2680 Aut
2238 2635 2370 2696 quot
2411 2626 2694 2680 hominum
2741 2626 3167 2696 myriadestnihi
3198 2643 3428 2696 persua-

1845 2717 2030 2782 deant,
2061 2725 2121 2770 ιιι
2146 2715 2292 2771 diem
2323 2725 2546 2770 noctem
2590 2723 2806 2786 putem,
2839 2715 2925 2769 vel
2957 2724 3013 2770 ut
3039 2731 3241 2772 aereum
3270 2731 3431 2772 num-

1846 2820 1992 2860 mum
2039 2821 2139 2875 pro
2192 2820 2359 2860 aureo
2390 2805 2616 2860 habeam
2647 2814 2703 2861 et
2735 2805 2998 2877 accipiam
3033 2843 3048 2868 ,
3083 2807 3164 2862 vel
3218 2817 3428 2862 certum

1845 2909 2115 2950 venenum
2135 2895 2380 2950 hauriam
2421 2911 2518 2967 pro
2547 2895 2670 2951 cibo
2699 2898 3041 2966 congruenti?
3077 2897 3216 2969 Ergo
3256 2907 3432 2954 terre-

1843 2999 2038 3038 narum
2075 2985 2294 3055 quidem
2323 2999 2502 3039 rerum
2521 3000 2679 3040 causa
2702 2986 3102 3042 multitudinem
3119 2987 3253 3042 nihil
3277 3003 3434 3045 vero-

1844 3076 1942 3131 bor
1994 3078 2040 3132 si
2099 3078 2441 3142 mentiatur;
2483 3078 2537 3132 in
2576 3078 2888 3134 caelestibus
2951 3091 3132 3134 autem
3195 3081 3429 3138 decretis

1844 3167 2145 3238 simplicem
2176 3168 2380 3239 absque
2435 3169 2895 3224 demonstratione
2937 3181 3131 3225 nutum
3171 3185 3368 3242 sequar
3403 3189 3420 3240 ;

1848 3261 1917 3315 ab
1946 3262 2014 3316 iis
2048 3261 2310 3316 recedens
2336 3276 2457 3330 qua:
2479 3260 2589 3330 jam
2621 3260 2746 3314 olim
2807 3276 3001 3332 magno
3036 3276 3311 3318 consensu
3354 3278 3420 3318 ex

1847 3351 2153 3406 divinorum
2200 3352 2528 3420 scriptorum
2564 3352 2875 3408 testimonio
2929 3353 3125 3409 tradita
3165 3355 3428 3410 fuerunt?

1847 3440 1965 3498 Non
2027 3443 2332 3497 audivimus
2378 3443 2668 3497 Dominum
2702 3444 3011 3500 dicentem:
3043 3444 3202 3500 Multi
3235 3449 3426 3513 vocati,

1846 3533 2002 3601 pauci
2032 3549 2148 3586 vero
2178 3534 2327 3586 electi
2354 3534 2421 3586 ".
2448 3531 2512 3588 Et
2545 3534 2740 3588 iterttm
2775 3553 2790 3588 :
2824 3539 3060 3605 Angusta
3085 3547 3132 3592 et
3165 3548 3315 3593 arcta
3348 3551 3425 3594 est

1845 3625 1929 3677 via
1973 3639 2087 3693 qna:
2117 3625 2258 3677 ducit
2301 3626 2370 3678 ad
2399 3627 2564 3679 vitam
2588 3644 2606 3682 :
2629 3636 2676 3679 et
2711 3629 2865 3695 pauci
2899 3638 3018 3681 sunt
3043 3631 3132 3700 qui
3158 3631 3426 3686 inveniunt

1845 3731 1963 3768 eam
1995 3715 2083 3769 "?
2113 3713 2246 3782 Quis
2273 3731 2402 3788 ergo
2434 3733 2579 3772 sanae
2604 3718 2804 3772 mentis
2833 3735 2943 3774 non
2961 3720 3165 3776 mavult
3190 3736 3254 3777 ex
3289 3738 3427 3792 pau-

1844 3807 1922 3861 cis
1989 3822 2132 3873 esse,
2168 3808 2260 3877 qui
2311 3825 2408 3878 per
2455 3819 2736 3880 angustam
2771 3812 3045 3865 introeant
3079 3812 3133 3866 in
3172 3813 3424 3880 salutem,

1844 3915 2004 3969 quam
2032 3915 2096 3953 ex
2123 3900 2306 3954 multis
2333 3900 2424 3972 qui
2459 3917 2555 3972 per
2581 3902 2744 3956 latam
2787 3905 3034 3958 ferantur
3059 3904 3126 3959 ad
3162 3907 3426 3975 perditio-

1844 4006 1968 4045 nem
2004 3991 2161 4046 ?Aut
2189 3993 2310 4061 quis
2348 4008 2457 4047 non
2494 3993 2662 4063 magis
2683 4003 2946 4063 Optasset,
2979 3994 3025 4050 si
3061 4005 3304 4065 tempore
3334 3999 3425 4054 illo

1844 4082 2066 4137 vixisset
2098 4099 2206 4152 quo
2240 4083 2430 4138 beatus
2479 4083 2790 4154 Stephanus
2845 4095 3121 4141 certamen
3172 4088 3334 4155 obiit,
3369 4088 3422 4143 in

1844 4175 1988 4230 illius
2017 4186 2169 4245 parte
2209 4177 2420 4231 censeri
2447 4178 2538 4246 qui
2581 4177 2729 4232 solus
2776 4177 3050 4247 lapidibus
3109 4180 3420 4249 petebatur,

1842 4268 1933 4337 qui
2007 4268 2250 4322 omnium
2306 4268 2541 4322 ludibrio
2575 4269 2854 4339 expositus
2908 4280 3055 4336 erat,
3090 4285 3254 4340 quam
3281 4272 3424 4327 inter

1843 4361 2043 4414 multos
2106 4361 2224 4414 illos
2277 4360 2366 4430 qui
2420 4370 2642 4431 propter
2705 4361 2963 4430 injustam
3014 4363 3418 4426 auctoritatem,

1844 4452 2186 4507 verisimilem
2217 4468 2435 4506 causam
2475 4453 2721 4506 obtinere
2746 4452 3103 4508 videbantur?
3127 4453 3304 4510 Pluris
3337 4465 3421 4512 est

1844 4558 1985 4596 unus
2015 4543 2126 4596 Deo
2158 4543 2398 4611 placens,
2431 4557 2594 4611 quam
2631 4541 2899 4613 myriades
2931 4559 3051 4598 sese
3099 4554 3419 4616 arroganter

1839 4633 2181 4702 jactantium.
2200 4631 2669 4698 Quemadmodum
2695 4643 2750 4687 et
2776 4648 2840 4687 ex
2863 4631 3044 4689 Veteri
3068 4633 3417 4692 Testamento

1843 4723 2127 4790 discimus,
2151 4739 2274 4777 cum
2319 4723 2484 4777 millia
2525 4725 2696 4778 multa
2722 4739 2752 4779 e
2779 4725 2978 4795 populo
3025 4725 3178 4795 plaga
3209 4726 3416 4783 caelesti

1840 4815 2120 4877 caderent,
2158 4815 2224 4868 Et
2261 4813 2477 4868 Phineas
2521 4813 2662 4867 solus
2712 4816 2881 4878 stetit,
2917 4814 3188 4886 Deumque
3231 4817 3419 4890 placa-

1844 4908 1937 4972 vit,
1966 4915 2014 4960 et
2067 4907 2283 4960 cessavit
2332 4906 2602 4976 quassatio
2633 4906 2702 4960 ".
2764 4905 2920 4972 Quod
2961 4908 3005 4961 si
3037 4907 3261 4962 dixisset
3287 4908 3414 4964 ille:

1847 4997 1949 5062 Qui
2007 4998 2179 5053 ausim
2225 5013 2325 5069 ego
2377 4999 2635 5053 adversus
2696 5013 2757 5053 ea
2788 5014 2910 5068 quae
2974 5009 3082 5054 tam
3115 4999 3268 5054 multi
3309 5017 3418 5055 uno

1845 5104 2118 5144 consensu
2177 5089 2381 5144 faciunt
2413 5089 2554 5158 ?qui
2585 5088 2826 5158 refrager
2875 5089 2942 5145 iis
2984 5091 3074 5160 qui
3107 5091 3186 5145 sic
3237 5092 3418 5148 vivere

1845 5181 2206 5236 decreverunt
2235 5182 2258 5234 ?
2290 5196 2392 5235 nec
2420 5180 2695 5252 egregium
2731 5181 2944 5237 facinus
2990 5182 3254 5238 edidisset
3278 5184 3415 5255 ipse,

1847 5286 1948 5325 nec
1993 5270 2320 5325 inhibuisset
2348 5271 2572 5334 malum,
2629 5286 2805 5340 neque
2837 5274 3038 5327 servati
3070 5274 3250 5328 ueteri
3283 5274 3418 5329 fuis-

1847 5373 1989 5425 sent,
2022 5379 2197 5432 neque
2232 5361 2372 5417 Deus
2399 5363 2834 5418 benevolentiam
2883 5379 3036 5417 suam
3091 5364 3418 5435 impertiviso

1847 5463 1951 5510 set.
1989 5451 2264 5523 Optimum
2291 5468 2442 5524 ergo,
2485 5453 2776 5524 optimum,
2807 5455 2890 5509 vel
2922 5470 3090 5510 unum
3143 5455 3420 5512 hominem

244 5599 290 5630 ⁸⁵
320 5598 508 5652 Matth.
543 5612 630 5661 xx,
697 5595 782 5650 lli.
874 5595 919 5626 “
945 5594 1137 5650 Matth.
1189 5611 1284 5658 vn,
1322 5592 1404 5648 Η.
1482 5593 1526 5624 ⁸⁷
1572 5591 1740 5647 Num.
1783 5609 1905 5656 xxv,
1937 5593 2004 5661 7,
2045 5591 2290 5658 Psal.cv,
2318 5592 2405 5646 50.

1684 5706 1915 5763 NOTAE.

249 5801 357 5875 (τι)
388 5801 489 5854 Alii
533 5799 878 5875 Theodoreto
905 5804 1170 5868 tribuunt,
1204 5805 1295 5858 alii
1338 5803 1597 5860 Eutherio
1629 5801 1941 5875 Tyanorum
1979 5801 2256 5871 episcopo.
2283 5800 2490 5856 Videsis
2513 5797 2840 5856 Garnerium
2881 5803 2931 5855 in
2968 5801 3220 5858 Auctario
3251 5803 3418 5862 Theo-

183 5871 362 5938 doreti,
384 5887 507 5940 pag.
542 5873 668 5926 698.
