3914 6438
522 372 659 435 1083

1701 378 1761 439 S.
1802 379 2198 441 THEODORI
2232 378 2577 439 STUDlT/E

3619 379 3737 441 1084

513 486 638 554 jure
664 485 882 551 audere,
915 494 968 538 et
1006 484 1261 553 injustam
1289 486 1580 541 multorum
1610 490 1955 543 concordiam
1976 491 2084 545 dis-

2192 491 2392 558 φωνίαν
2444 490 2623 543 ἀδικον
2670 487 2915 540 λύεσθαι.
2955 488 3119 543 Ἀλλά
3169 490 3233 543 σὺ
3269 490 3367 559 μὲν
3404 506 3733 561 προτιμητον,

517 572 751 627 solvere.
781 570 858 625 Tn
891 587 1038 635 vero,
1065 572 1107 626 si
1141 573 1350 627 videtur
1377 615 1391 636 ,
1426 584 1641 629 servato
1672 575 1785 631 Noe
1843 580 2092 633 submer-

517 677 631 717 sam
661 662 1064 718 multitudinem
1103 672 1414 732 antepone:
1458 666 1587 719 mibi
1634 676 1810 722 autem
1842 671 2092 739 permitte

518 764 577 810 ut
613 770 736 810 cum
776 755 961 825 paucis
1007 754 1075 809 ad
1122 767 1301 809 arcam
1333 758 1638 812 convolem.
1672 758 1735 812 Et
1763 776 2003 825 rursum,
2047 762 2091 817 si

522 847 721 915 placet,
780 849 1014 921 adjunge
1062 858 1115 904 te
1170 849 1499 904 multitudini
1560 850 1917 905 Sodomorum
1952 867 2091 921 :ego

516 954 645 990 vero
690 954 811 992 cum
844 940 943 995 Lot
991 941 1176 1006 abibo,
1201 942 1450 1011 quamvis
1495 942 1642 995 solus
1682 943 1851 996 turbae
1885 943 2093 996 utiliter

525 1045 585 1082 se
616 1030 903 1086 subducat.
945 1031 1235 1088 Enimvero
1268 1034 1400 1087 mibi
1430 1034 1591 1089 etiam
1626 1033 1918 1088 reverenda
1952 1033 2091 1086 mul-

517 1120 709 1185 titudo,
752 1137 860 1176 non
902 1123 1311 1192 inquisitionem
1355 1122 1583 1193 fugiens,
1617 1123 1710 1177 sed
1744 1122 2089 1176 demonstra-

516 1211 715 1266 tionem
750 1214 997 1281 pmbens
1022 1230 1036 1265 :
1063 1229 1168 1267 non
1195 1228 1377 1267 amare
1407 1214 1701 1277 ulciscens,
1736 1212 1831 1266 sed
1863 1220 2087 1281 paterne

515 1302 833 1373 castigans:
880 1319 988 1359 non
1038 1306 1277 1359 novitate
1338 1306 1576 1375 gaudens
1609 1344 1623 1367 ,
1669 1304 1763 1358 sed
1808 1312 2086 1373 paternam

517 1394 759 1450 retinens
804 1394 1194 1450 haereditatem.
1240 1395 1542 1461 Quamnam
1598 1409 1728 1449 vero
1788 1393 2085 1448 multitudi-

515 1503 640 1542 nem
676 1488 807 1542 milii
842 1488 1102 1557 praedicas
1121 1488 1143 1542 ?
1160 1487 1440 1542 blanditiis
1461 1494 1517 1541 et
1540 1486 1855 1541 muneribus
1884 1486 2090 1539 condu-

515 1578 704 1633 ctam?
738 1578 1007 1648 imperitia
1064 1588 1121 1633 et
1181 1578 1486 1649 ignorantia
1551 1577 1797 1647 captam?
1850 1586 1999 1631 metu
2034 1585 2089 1631 et

515 1680 724 1726 terrore
773 1672 1289 1741 prostratam?qu:e
1326 1671 1546 1724 brevem
1594 1670 1803 1737 peccati
1865 1683 2082 1724 usuram

516 1770 736 1815 acterna:
775 1762 899 1816 vitae
928 1760 1213 1830 praetulit?
1244 1760 1387 1828 quod
1417 1759 1569 1813 multi
1608 1767 1793 1829 aperte
1845 1756 2085 1813 confessi

2193 582 2240 633 εἰ
2273 581 2436 645 δοκεῖ,
2464 580 2558 632 τοῦ
2588 577 2893 650 σωζομένου
2925 579 3047 632 Νῶε
3076 580 3136 632 τὸ
3165 580 3497 651 ὑποϐρύχιον
3536 584 3735 652 πλῆθος·

2191 669 2314 738 ἐμοὶ
2357 667 2415 720 δὲ
2464 666 2819 737 συγχώρησον
2869 668 2981 730 τοῖς
3026 667 3229 736 ὀλίγοις
3256 672 3323 740 τῇ
3352 671 3573 741 κιϐωτῷ
3597 688 3738 740 προσ·

2191 762 2436 831 δραμεῖν.
2472 762 2577 812 Καὶ
2621 762 2803 823 πάλιν,
2848 763 2897 813 εἰ
2948 761 3150 830 βούλει,
3190 762 3350 827 τάξον
3403 764 3593 818 σαυτὸν
3620 766 3739 833 μετά

2191 852 2297 904 τῶν
2322 852 2530 903 πολλῶν
2562 853 2619 902 ἐν
2648 852 2924 919 Σοδόμοις*
2956 852 3067 920 ἐγὼ
3089 852 3144 905 δὲ
3180 854 3483 907 συνοδέυσω
3506 855 3582 924 τῷ
3612 854 3738 913 Λὼτ,

2192 941 2293 994 κᾶν
2328 942 2483 1012 μόνος
2512 940 2618 993 τῶν
2646 942 2819 1012 ὄχλων
2849 944 3235 1013 συμφερόντως
3259 943 3582 1015 χωρίζηται.
3611 946 3740 1015 Πλὴν

2191 1034 2314 1103 ἐμοὶ
2360 1036 2455 1087 καὶ
2486 1034 2688 1103 πλῆθος
2720 1035 3023 1104 αἰδέσιμον,
3058 1037 3116 1088 οὐ
3142 1035 3203 1088 τὸ
3233 1036 3439 1105 φεῦγον
3493 1036 3741 1100 ἐξέτασιν,

2191 1125 2324 1178 ἀλλά
2357 1126 2418 1177 τὸ
2463 1126 2698 1194 παρέχον
2729 1125 3022 1189 ἀπόδειξινο
3057 1126 3115 1179 οὐ
3153 1125 3213 1181 τὸ
3242 1126 3456 1197 πικρῶς
3493 1126 3744 1196 ἀμυνόμε-

2189 1230 2298 1278 νον,
2335 1212 2471 1266 ἀλλά
2499 1214 2561 1266 τὸ
2590 1212 2869 1283 πατρικῶς
2914 1213 3292 1284 διορθούμενον
3325 1231 3339 1245 ·
3374 1216 3438 1268 οὑ
3484 1216 3547 1268 τὸ
3571 1219 3743 1285 χαῖρον

2191 1302 2536 1373 καινοτομίᾳ,
2556 1302 2693 1357 ἀλλά
2720 1303 2779 1355 τὸ
2796 1303 3065 1371 φυλάσσον
3091 1304 3351 1375 πατρῴαν
3373 1305 3743 1375 κληρονομίαν.

2189 1392 2345 1444 Ποῖον
2368 1392 2423 1444 δέ
2479 1409 2569 1461 μοι
2608 1394 2700 1445 καὶ
2735 1392 2933 1461 πλῆθος
2963 1392 3175 1460 λέγεις
3208 1394 3269 1446 τὸ
3303 1395 3575 1464 μισθωθὲν
3608 1396 3747 1449 κολα-

2189 1482 2315 1553 κείᾳ
2344 1483 2437 1535 καὶ
2464 1482 2655 1551 δώροις
2680 1500 2694 1549 ;
2726 1482 2787 1535 τὸ
2826 1482 3031 1537 κλαπὲν
3055 1484 3266 1555 ἀμαθίᾳ
3294 1502 3354 1537 τε
3395 1488 3491 1540 καὶ
3528 1487 3743 1557 ἀγνοίας

2186 1573 2248 1625 τὸ
2282 1574 2569 1636 πεπτωκὸς
2597 1573 2767 1643 δειλίᾳ
2794 1574 2890 1627 καὶ
2920 1575 3065 1644 φόόῳ
3094 1592 3107 1640 ;
3130 1575 3192 1629 τὺ
3220 1578 3569 1647 προτιμῆσαν
3592 1580 3748 1648 apd:-

2188 1680 2377 1732 καιρον
2420 1664 2692 1734 ἁμαρτίας
2742 1664 3040 1718 ἀπόλαυσιν
3083 1664 3185 1733 τῆς
3233 1665 3453 1719 αἰωνίου
3513 1666 3686 1734 ζωῆςς
3715 1667 3745 1719 ἀ

2190 1751 2373 1805 πολλοὶ
2404 1753 2651 1821 φανερῶς
2695 1753 3071 1824 ὡμολόγησαν.
3102 1755 3304 1823 Πλήθει
3326 1757 3385 1808 τὸ
3410 1755 3603 1824 ψεῦδος
3631 1772 3745 1823 κρα-

515 1856 664 1902 sunt.
713 1846 1053 1903 Multitudine
1096 1848 1435 1902 mendacium
1488 1846 1771 1902 defendis?
1804 1847 1931 1901 hinc
1961 1846 2086 1900 mali

2192 1844 2401 1908 τύνεις;
2445 1845 2650 1909 ἔδειξας
2698 1845 2792 1900 τοῦ
2838 1845 3013 1899 δεινοῦ
3042 1848 3141 1916 τὴν
3170 1848 3439 1903 ἐπίτασιν.
3473 1848 3621 1919 Ὀσῳ
3648 1847 3745 1915 γὰρ

513 1937 621 1990 vim
647 1936 928 1991 declarasti
950 1955 963 2003 ;
983 1952 1090 2007 quo
1115 1937 1260 1991 enim
1292 1937 1357 1991 ad
1382 1936 1563 2007 plures
1584 1936 1781 1991 malum
1800 1936 2083 2007 pertingit,

516 2032 665 2078 tanto
703 2025 875 2093 major
904 2033 988 2079 est
1011 2024 1307 2079 calamitas.

586 2117 659 2170 De
692 2115 777 2171 his
804 2131 932 2187 ergo
961 2116 1017 2170 in
1049 2117 1194 2171 hunc
1230 2116 1470 2170 modum.
1493 2114 1729 2172 Caeteras
1752 2124 1931 2171 autem
1962 2125 2083 2173 tuas

514 2207 914 2278 propositiones
974 2208 1224 2277 persequi
1256 2222 1720 2277 supervacaneum
1751 2208 1910 2271 foret,
1943 2208 2083 2263 dile-

514 2306 622 2358 cte,
664 2306 773 2350 tum
808 2296 931 2365 quia
963 2296 1180 2350 modum
1220 2297 1460 2366 epistola:
1492 2298 1778 2364 excedunt,
1814 2310 1927 2353 tum
1954 2301 2078 2368 quia

516 2396 665 2441 recto
700 2402 863 2442 sensu
921 2388 1062 2442 dicta
1110 2388 1499 2459 accipientibus
1556 2390 1711 2445 obvia
1758 2399 1921 2445 erunt
1958 2406 2080 2460 quae

516 2479 791 2533 dicuntur.

912 2594 1102 2650 XLIX.
1122 2625 1194 2635 —
1246 2597 1532 2650 Naucratio
1561 2598 1690 2657 ﬁlio.

2186 1932 2404 1997 πλείους
2448 1935 2505 1987 ὲν
2547 1933 2625 2004 τῷ
2647 1932 2827 2005 κακῷ,
2864 1934 3103 2006 τοσούτῳ
3151 1936 3354 2007 μείζων
3384 1937 3418 2007 ἠ
3478 1936 3741 2007 συμφορά.

2255 2112 2410 2168 Οὕτω
2439 2114 2537 2185 μὲν
2563 2114 2628 2185 δὴ
2656 2114 2849 2170 ταῦτα.
2900 2114 3057 2170 ’ἰέναι
3089 2116 3147 2170 δὲ
3179 2117 3274 2170 ἐπὶ
3310 2118 3413 2180 τὰς
3444 2118 3635 2189 ἑτέρας
3658 2133 3745 2169 σου

2186 2203 2499 2273 προτάσεις,
2529 2203 2805 2272 παρέλκον
2828 2204 2896 2256 ἂν
2935 2205 3042 2274 εἰη,
3075 2203 3350 2274 ἀγαπητὲ,
3379 2204 3469 2257 διὰ
3495 2204 3555 2256 τὸ
3578 2202 3744 2255 ἐκϐαίη

2187 2310 2297 2347 νειν
2343 2293 2438 2346 τοῦ
2491 2295 2688 2364 μέτρου
2722 2294 2821 2362 τῆς
2852 2295 3159 2364 ἐπιστολῆς.
3197 2296 3290 2349 καὶ
3334 2295 3509 2357 ἄλλως
3540 2295 3621 2347 ὅτι
3643 2294 3745 2354 τοῖς

2188 2386 2525 2457 εὐαισθήτως
2562 2386 2875 2457 δεχομένοις
2900 2389 3022 2451 τοὺς
3050 2387 3239 2456 λόγους
3264 2387 3615 2459 εὐαπάντητα
3644 2382 3745 2438 εἷεν

2193 2480 2265 2533 τὰ
2289 2480 2583 2549 λεγόμενα.

2536 2591 2669 2647 ΜΘ’.
2704 2620 2772 2632 -—
2795 2592 3145 2660 Ναυκρατίῳ
3164 2592 3375 2660 τέκνῳ.
3400 2590 3583 2665 [σκε’.]

516 2704 590 2754 Ad
625 2705 925 2769 eloquentis
949 2708 1166 2758 studium
1198 2708 1436 2757 hortatur.
1461 2708 1584 2757 Tum
1610 2709 1797 2770 aliquot
1821 2708 2124 2757 Studitarum
2148 2707 2379 2770 virtutem
2426 2705 2754 2770 commendat.
2783 2704 2990 2770 Demum
3016 2703 3285 2765 respondet
3306 2704 3599 2754 ouibusdam
3617 2707 3743 2754 inter

1260 2773 1443 2833 rogatis
1463 2770 1524 2818 de
1545 2764 1885 2820 Communione
1911 2784 2018 2819 cum
2039 2773 2300 2819 haereticis.
2329 2769 2527 2831 (Barou.
2553 2780 2631 2814 au.
2655 2766 2767 2825 809,
2793 2778 2844 2814 n.
2872 2764 2974 2826 Η.)

584 2871 729 2926 Dicis
775 2888 921 2927 nunc
976 2872 1111 2927 mibi
1165 2881 1219 2927 et
1265 2873 1558 2928 identidem
1583 2875 1715 2929 alias
1753 2873 2080 2944 exposuisti,

2252 2871 2468 2943 Φθέγγῃ
2527 2870 2622 2922 καὶ
2668 2866 2926 2939 διήγησαί
2965 2884 3055 2938 μοι
3093 2866 3375 2929 ἑκάστοτε,
3417 2866 3606 2921 τέκνον
3655 2884 3749 2937 μου

516 2964 588 3019 fili
619 2964 691 3019 mi
721 2964 1202 3029 desideratissime,
1233 2979 1342 3017 non
1372 2965 1627 3033 quiddam
1663 2965 1996 3035 Superfluum
2029 2972 2084 3018 et

2192 2963 2576 3034 περιπόθητον,
2638 2961 2789 3014 οὐδέν
2837 2978 2888 3015 τι
2930 2961 3183 3030 περιττὸν
3233 2960 3327 3013 καὶ
3370 2959 3744 3029 εἰκαιομυθές·

518 3056 679 3111 inane
744 3057 911 3121 dictu,
972 3057 1067 3112 sed
1114 3066 1478 3127 opportunum
1506 3069 1560 3111 et
1608 3058 1982 3122 conveniens,
2030 3064 2086 3111 et

2192 3050 2299 3104 ἀλλ’
2327 3051 2584 3119 εὔκαιρον
2632 3050 2724 3102 καὶ
2777 3048 3084 3119 πρεπῶδες,
3118 3048 3211 3101 καὶ
3263 3048 3431 3120 φέρον
3461 3052 3543 3111 εἰς
3571 3050 3749 3118 δνησιν

520 3148 664 3217 quod
692 3148 757 3202 ad
814 3148 1099 3203 utilitatem
1147 3149 1313 3202 animi
1354 3148 1621 3210 conferat,
1663 3150 1801 3203 sicut
1852 3158 1907 3202 et
1939 3163 2087 3202 nunc

516 3240 666 3295 facis.
701 3238 808 3310 Ego
831 3254 959 3294 vero
996 3241 1310 3311 gravitatem
1344 3249 1487 3295 tuam
1517 3240 1761 3301 laudans,
1792 3239 2087 3307 amplector

514 3330 676 3384 etiam
708 3330 983 3384 meliorem
1006 3332 1200 3402 stylum
1230 3341 1380 3385 tuum
1406 3345 1591 3399 :quem
1615 3332 1904 3401 plurimum
1929 3346 2089 3384 orna-

516 3421 618 3485 bis,
648 3422 691 3475 si
724 3421 1083 3491 grammatica:
1116 3422 1319 3476 scholia
1345 3422 1530 3489 legere
1562 3422 1823 3491 potueris.
1860 3421 2088 3491 Oportet

514 3513 659 3567 enim
701 3522 758 3567 ut
806 3512 1019 3568 dicendi
1068 3513 1374 3567 facultatem
1433 3529 1696 3583 usumque
1729 3514 1970 3568 obtineat
1997 3514 2087 3583 qui

516 3614 716 3661 rectam
765 3605 1069 3661 doctrinam
1120 3605 1395 3669 defendit,
1432 3614 1486 3659 et
1538 3614 1745 3659 certare
1802 3605 1910 3658 vult
1962 3620 2086 3658 cum

518 3713 679 3767 prave
719 3698 1098 3753 sentientibus.
1132 3697 1265 3751 Nam
1294 3714 1417 3752 cum
1456 3713 1708 3769 magnum
1739 3698 1871 3767 quid
1896 3712 1961 3751 ex
1987 3698 2088 3751 hac

516 3790 707 3845 notitia
737 3805 795 3844 se
823 3798 1101 3848 assecutos
1132 3791 1233 3844 rati
1275 3791 1593 3861 glorientur,
1640 3792 1764 3845 dum
1811 3790 2087 3844 oblectant

523 3899 620 3938 eos
660 3883 857 3952 quibus
886 3884 1141 3953 pruriunt
1175 3900 1335 3937 aures
1370 3902 1385 3939 :
1418 3892 1845 3939 consentaneum
1876 3891 1959 3937 est
1992 3897 2085 3936 eos

514 3972 605 4038 qui
640 3982 785 4027 recta
816 3972 1076 4037 sentiunt,
1116 3988 1219 4025 nec
1248 3974 1515 4027 sermonis
1560 3973 1767 4027 viribus
1800 3971 2085 4026 destitutos

516 4077 637 4116 esse
674 4103 688 4127 ,
726 4069 784 4115 ut
838 4062 1109 4117 minantes
1167 4062 1404 4132 ipsorum
1458 4062 1653 4117 arietes
1699 4063 1972 4129 dejiciant.
2009 4062 2085 4115 lta

519 4152 647 4204 mihi
672 4152 847 4221 placet
875 4166 939 4206 ea
966 4152 1019 4205 in
1048 4166 1107 4206 re
1150 4152 1457 4206 confirmari
1509 4160 1582 4213 te,
1614 4152 1707 4205 fili.
1739 4152 1968 4206 Prorsus
1992 4168 2087 4205 au-

518 4250 625 4295 tem
663 4241 805 4309 quod
867 4242 921 4294 in
958 4251 1008 4295 te
1049 4242 1244 4311 cupio,
1299 4257 1406 4295 non
1472 4242 1677 4310 pariter
1706 4242 1759 4295 in
1788 4242 2034 4310 quolibet
2069 4260 2081 4295 :

520 4340 798 4401 propterea
825 4330 966 4400 quod
990 4330 1126 4385 alius
1158 4331 1315 4386 aliter
1331 4348 1388 4385 se
1413 4332 1606 4397 habet,
1640 4332 1803 4400 idque
1842 4332 2082 4401 expedit.

524 4422 815 4476 Dormiisse
861 4437 1022 4491 porro
1055 4422 1192 4476 dicis
1245 4421 1439 4477 fratres
1492 4423 1801 4493 Philippum
1832 4434 1885 4478 et
1910 4426 2087 4478 Philo—

522 4528 670 4567 nem.
713 4512 777 4566 Et
823 4511 979 4578 bene,
1012 4514 1154 4581 quod
1186 4523 1415 4581 uterque
1451 4514 1595 4567 bono
1628 4515 1752 4568 fine.
1782 4514 1899 4568 Non
1939 4515 2087 4584 quod

2186 3141 2382 3210 ψυχῆς.
2416 3140 2605 3210 ὥσπερ
2635 3141 2729 3193 καὶ
2757 3140 2827 3192 τά
2865 3137 2982 3193 νῦν.
3027 3139 3167 3207 Ἐγὼ
3199 3139 3257 3194 δέ
3292 3156 3386 3192 σου
3432 3140 3496 3193 τὸ
3541 3138 3750 3192 εὔτονον

2190 3230 2449 3293 ἐπαινῶν,
2474 3230 2814 3300 ἀποδέχομαι
2836 3230 2929 3282 καί
2949 3228 3047 3299 τὴν
3072 3229 3487 3299 προκόπτουσαν
3506 3227 3749 3293 διάλεξιν

2190 3320 2254 3390 ἣν
2283 3320 2364 3371 ὅτι
2406 3316 2640 3386 μάλιστα
2685 3316 2932 3374 καλυνείς
2956 3356 2971 3380 ,
3008 3317 3103 3369 ὲάν
3128 3315 3199 3369 τὰ
3236 3316 3336 3384 τῆς
3370 3315 3751 3388 γραμματικῆς

2190 3410 2373 3479 σχόλια
2417 3407 2655 3478 δυνηθῇς
2696 3406 2931 3461 ἐπιέναι.
2970 3408 3063 3459 Δεῖ
3096 3406 3205 3475 γάρ
3249 3407 3343 3459 καὶ
3383 3406 3483 3475 τῆς
3524 3408 3582 3459 ὲν
3619 3406 3750 3475 λόγῳ

2187 3502 2466 3571 δυνάμεως
2509 3502 2603 3554 καὶ
2640 3502 2833 3570 πείρας
2860 3499 3109 3569 μετέχειν
3136 3497 3227 3551 τὸν
3262 3496 3573 3569 ὀρθοδοξίας
3631 3498 3751 3550 άντ-

2188 3592 2468 3662 εχόμενον,
2500 3593 2595 3644 καὶ
2612 3589 2994 3659 ἀντιφέρεσθαι
3019 3591 3130 3651 τοῖς
3153 3588 3462 3653 κακοδόξοις
3497 3590 3749 3659 βουλόμε-

2188 3701 2298 3737 νον.
2343 3683 2560 3752 Ἐπειδὴ
2590 3683 2697 3753 γάρ
2722 3685 2917 3736 ἐκεῖνοι
2948 3684 3016 3754 τῇ
3044 3681 3291 3735 ἐντεῦθεν
3320 3682 3524 3753 εἰδήσει
3546 3681 3745 3736 δοκοῦν-

2188 3775 2281 3837 τές
2303 3792 2357 3828 τι
2386 3776 2529 3845 μέγα
2550 3774 2715 3844 ἔχειν,
2736 3773 3221 3845 κατακομπάζουσι
3246 3776 3373 3837 τοὺς
3395 3774 3749 3844 κνηθομένους

2186 3868 2284 3930 τὰς
2312 3868 2482 3931 ἀκοὰς
2514 3866 2934 3935 γαργαλίζοντες
2955 3882 2969 3897 ⁸
3003 3866 3287 3920 κάλλιστον
3306 3869 3418 3929 τοῖς
3448 3867 3748 3937 ὀρθόφροσι,

2192 3957 2324 4029 μηδὲ
2348 3959 2414 4028 τῇ
2443 3956 2535 4011 τοῦ
2558 3957 2715 4023 λόγου
2750 3956 2895 4026 ἰσχύϊ
2920 3956 3152 4021 ὲλλιπῶς
3176 3958 3339 4026 ἐχειν,
3361 3957 3459 4009 καί
3493 3956 3749 4010 καταὸάλ-

2187 4049 2299 4102 λειν
2346 4047 2526 4103 αὐτῶν
2578 4048 2678 4110 τὰς
2733 4049 3054 4112 εὖθυϐόλους
3103 4047 3399 4110 ἑλεπόλεις.
3452 4046 3609 4101 Οὕτω
3666 4062 3749 4117 μοι

2189 4140 2341 4209 φίλον
2384 4139 2749 4211 δυναμοῦσθαί
2785 4156 2866 4205 σε,
2896 4140 3101 4193 τέκνον.
3138 4140 3212 4192 Οὐ
3243 4138 3461 4203 πάντως
3490 4138 3548 4192 δὲ
3591 4139 3619 4191 δ
3665 4137 3749 4190 ἐπὶ

2191 4234 2275 4285 σοὶ
2331 4232 2610 4302 βούλομαι,
2666 4231 2761 4286 καὶ
2791 4232 2885 4285 ἐπὶ
2918 4231 3135 4294 παντός·
3174 4229 3263 4283 διὰ
3289 4230 3351 4283 τὸ
3383 4228 3544 4283 ἀλλον
3590 4229 3748 4292 άλλως

2190 4322 2333 4393 ἔχειν
2381 4324 2525 4376 κατὰ
2576 4323 2687 4387 ἕξιν
2717 4338 2730 4353 ·
2766 4323 2860 4377 καὶ
2919 4320 3238 4393 συμφέρειν.
3298 4320 3638 4390 Κεκοίμηται
3672 4320 3748 4385 δὲ,

2189 4412 2347 4484 ἔφης,
2382 4415 2411 4466 ό
2461 4413 2688 4480 ἀδελφὸς
2738 4414 3032 4478 Φίλιππος,
3072 4412 3169 4466 καὶ
3214 4412 3408 4465 Φίλων.
3458 4412 3567 4465 Καὶ
3610 4407 3746 4478 εὖγε,

2188 4506 2315 4574 εὖγε
2338 4521 2353 4536 ·
2382 4506 2465 4559 ὅτι
2507 4506 2806 4576 ἀμφότεροι
2830 4505 2972 4560 τέλει
3006 4505 3215 4574 ἀγαθῷ.
3250 4505 3364 4575 Οὐχ
3406 4504 3491 4558 ὅτι
3516 4504 3584 4558 τά
3620 4520 3746 4570 προς

519 4622 581 4660 ea
616 4620 735 4675 quas
768 4613 892 4659 ante
926 4604 1108 4669 finem,
1142 4605 1520 4674 vituperanda.
1576 4606 1862 4671 Quomodo
1913 4606 2080 4673 enim,

2192 4599 2366 4652 τέλεια
2411 4597 2587 4667 ψεκτά
2629 4598 2772 4668 (πῶς
2821 4600 2928 4668 γὰρ
2982 4598 3030 4650 οἰ
3079 4596 3445 4667 ἀπειπάμενοι
3475 4596 3657 4667 κόσμῳ
3688 4594 3747 4664 [Γ.

520 4713 642 4751 cum
692 4697 1095 4750 renuntiassent
1122 4697 1343 4762 mundo,
1378 4706 1430 4751 et
1478 4699 1652 4763 earni,
1690 4707 1744 4753 et
1772 4699 2023 4769 sanguini
2064 4717 2079 4765 ;

519 4798 569 4843 et
607 4802 773 4842 suave
800 4786 901 4841 sibi
931 4787 1252 4841 obedientiae
1294 4789 1480 4859 jngum
1517 4789 1956 4858 imposuissent?
1990 4791 2083 4845 sed

518 4876 641 4945 quia
673 4884 995 4946 postremam
1036 4876 1427 4931 beatitudinem
1467 4879 1646 4947 adepti
1689 4886 1819 4933 sunt
1865 4888 2089 4949 propter

520 4968 804 5021 Dominum
835 4968 1265 5036 persecutionem
1296 4970 1461 5037 passi,
1489 4969 1670 5024 afllicti
1692 5011 1706 5035 ,
1738 4979 1793 5024 et
1832 4971 1887 5024 in
1918 4987 2091 5041 angu-

520 5059 650 5113 stias
675 5057 894 5111 redacti.
930 5058 1105 5126 Atque
1142 5058 1227 5112 his
1264 5060 1446 5114 nullus
1488 5070 1570 5115 est
1603 5062 1695 5130 qui
1729 5063 2086 5127 contradicat,

521 5156 714 5216 praeter
741 5161 833 5201 eos
858 5147 949 5216 qui
982 5149 1330 5217 Evangelium
1370 5160 1813 5220 contempserunt
1844 5153 2075 5207 infames

523 5232 825 5291 Maacbiani.
869 5236 933 5291 Et
973 5238 1116 5306 quod
1147 5240 1215 5293 ad
1266 5238 1547 5293 Philonem
1594 5242 1810 5309 quidem
1874 5244 2087 5304 attinet,

2189 4684 2417 4758 κόσμον]
2452 4686 2628 4756 σάρκα
2657 4687 2751 4740 καὶ
2776 4681 2934 4756 αἷμα,
2981 4686 3076 4739 καὶ
3104 4685 3280 4755 εὐαφῆ
3332 4686 3433 4756 τὴν
3482 4687 3581 4755 τῆς
3628 4684 3752 4737 ὑπο-

2186 4781 2362 4850 ταγῆς
2404 4780 2658 4850 ζεύγληνε
2688 4781 2898 4843 ἑαυτοῖς
2946 4778 3351 4849 ὑποθέμενοις),
3385 4779 3502 4833 ἀλλ’
3534 4780 3614 4833 ὅτι
3663 4777 3751 4830 τοῦ

2188 4873 2492 4942 ἀκροτάτου
2530 4870 2881 4942 μακαρισμοῦ
2935 4870 3268 4941 τετυχήκασι
3317 4870 3407 4925 διὰ
3437 4869 3639 4942 Κύριον
3665 4869 3750 4920 δε-

2190 4965 2499 5033 διωγμένοι,
2551 4962 2877 5033 θλιϐόμενοι,
2929 4964 3025 5017 καὶ
3080 4961 3595 5033 στενοχωρούμενοι.
3652 4960 3753 5013 Καὶ

2195 5056 2329 5128 προς
2355 5055 2526 5109 ταῦτα
2569 5054 2744 5119 οὐδεὶς
2777 5056 2804 5106 ό
2837 5054 3152 5123 ἀντιλέγων,
3193 5054 3227 5126 ἦ
3254 5054 3303 5107 οἰ
3329 5054 3391 5107 τὸ
3430 5051 3749 5121 Εὑαγγέλιον

2192 5148 2518 5217 ὴθετηκότες
2559 5146 2863 5217 δυσώνυμοι
2894 5147 3228 5217 Μοιχειανοί.
3259 5146 3369 5201 Καὶ
3411 5144 3492 5216 τῷ
3534 5144 3633 5215 μὲν
3661 5144 3750 5196 Φί-

2186 5239 2314 5292 λωνι
2343 5239 2494 5306 φίλον
2533 5238 2692 5307 μέχρι
2721 5237 2871 5291 τοῦδε
2917 5238 3113 5307 στῆσαι
3149 5236 3242 5291 τὸν
3294 5237 3516 5291 ἔπαινον
3544 5254 3559 5269 ·
3585 5235 3653 5290 τά
3699 5234 3753 5287 δὲ

526 5330 631 5382 bne
668 5344 835 5397 usque
865 5328 1079 5383 laudem
1132 5331 1251 5399 ejus
1291 5331 1545 5399 prosequi
1594 5333 1816 5401 placuit.
1875 5333 2086 5405 Egregii

2192 5330 2282 5381 τοῦ
2339 5329 2503 5382 καλοῦ
2534 5330 2820 5393 Φιλίππου,
2858 5328 3030 5382 πολλὰ
3074 5326 3499 5399 κατορθώματα,
3532 5328 3569 5381 ἀ
3602 5326 3754 5386 αὐτὸς

521 5435 649 5474 vero
687 5417 921 5488 Philippi
954 5420 1119 5473 multa
1145 5432 1273 5475 sunt
1300 5422 1552 5490 praeclara
1582 5422 1841 5489 facinora,
1877 5441 1997 5493 qua:
2033 5435 2086 5479 tu

2193 5421 2611 5492 προκατέλεξας.
2648 5421 2789 5487 Ἐγὼ
2822 5422 2898 5483 δὲ,
2947 5423 3084 5489 πρδς
3131 5425 3241 5485 τοῖς
3275 5421 3605 5493 εἰρημένοις,
3668 5420 3755 5474 καὶ

522 5510 637 5579 ipse
676 5510 1054 5579 percensuisti.
1116 5510 1227 5580 Ego
1256 5527 1383 5565 vero
1410 5551 1424 5575 ,
1466 5520 1657 5581 printer
1688 5514 1771 5568 illa
1800 5531 1917 5584 quae
1950 5516 2086 5569 dicta

2196 5515 2256 5565 τὸ
2301 5514 2574 5567 ἄπλαστον
2630 5512 2795 5565 αὐτοῦ
2846 5514 2939 5565 καὶ
2985 5514 3241 5584 ἀκέραιον
3278 5512 3562 5582 θαυμάζω,
3615 5513 3675 5565 τό
3701 5530 3754 5563 τε

523 5606 650 5651 sunt
683 5636 698 5661 ,
730 5598 1129 5668 simplicitatem
1161 5602 1277 5673 ejus
1320 5610 1370 5654 et
1422 5600 1787 5657 innocentiam
1827 5604 2086 5668 demiror,

2196 5606 2485 5674 ἀόργητον,
2522 5607 2616 5657 καὶ
2662 5606 3054 5673 ἀμνησίκακον,
3095 5604 3504 5675 φιλοσύμπαθές
3552 5622 3612 5658 τε
3669 5605 3756 5658 καὶ

523 5690 664 5759 quod
700 5690 792 5744 ira:
838 5692 1075 5752 nescius,
1129 5694 1270 5761 quod
1323 5710 1429 5748 non
1480 5710 1688 5749 memor
1741 5696 2085 5765 injuriarum,

2197 5696 2537 5765 φιλάδελφον,
2566 5695 2789 5765 εὐήκοόν
2822 5712 2880 5747 τε
2919 5698 3010 5749 καὶ
3043 5696 3390 5767 ἀνολίγωρον,
3424 5694 3520 5749 καὶ
3574 5696 3753 5747 συντό-

527 5781 859 5850 compatiens
882 5789 934 5835 et
964 5796 1149 5837 amans
1183 5782 1425 5850 fratrum,
1464 5784 1865 5855 obtemperans,
1900 5792 1953 5840 ct
1987 5801 2086 5841 ne-

2202 5802 2317 5855 μως
2370 5787 2563 5850 εἰπεῖν,
2603 5785 2828 5849 ἀπαθὲς,
2860 5786 2916 5853 ἐξ
2962 5780 3021 5841 οὗ
3077 5787 3171 5841 καὶ
3224 5786 3285 5841 τὸ
3341 5788 3754 5851 εὐκατάνυκτον,
