  <div class='ocr_page' id='page_1' title='image "/cluster/home/n/w/nwhite01/storage/ocr_20150623/99/ien.35556001661347/554.png"; bbox 0 0 3914 6454; ppageno 0'>
   <div class='ocr_carea' id='block_1_1' title="bbox 178 413 329 476">
    <p class='ocr_par' dir='ltr' id='par_1_1' title="bbox 178 413 329 476">
     <span class='ocr_line' id='line_1_1' title="bbox 178 413 329 476; baseline 0.026 -3"><span class='ocrx_word' id='word_1_1' title='bbox 178 413 199 473; x_wconf 83' lang='lat'><em>1</em></span> <span class='ocrx_word' id='word_1_2' title='bbox 215 415 329 476; x_wconf 86' lang='lat'><strong>089</strong></span> 
     </span>
    </p>
   </div>
   <div class='ocr_carea' id='block_1_2' title="bbox 1414 430 2222 500">
    <p class='ocr_par' dir='ltr' id='par_1_2' title="bbox 1414 430 2222 500">
     <span class='ocr_line' id='line_1_2' title="bbox 1414 430 2222 500; baseline 0.015 -12"><span class='ocrx_word' id='word_1_3' title='bbox 1414 430 1946 495; x_wconf 66' lang='lat' dir='ltr'><strong>EPISTOIARUM</strong></span> <span class='ocrx_word' id='word_1_4' title='bbox 1985 440 2128 500; x_wconf 83' lang='lat' dir='ltr'><strong>LIB.</strong></span> <span class='ocrx_word' id='word_1_5' title='bbox 2174 443 2222 500; x_wconf 83' lang='grc' dir='ltr'>Ι.</span> 
     </span>
    </p>
   </div>
   <div class='ocr_carea' id='block_1_3' title="bbox 169 526 1735 613">
    <p class='ocr_par' dir='ltr' id='par_1_3' title="bbox 169 526 1735 609">
     <span class='ocr_line' id='line_1_3' title="bbox 169 526 1735 609; baseline 0.008 -29"><span class='ocrx_word' id='word_1_6' title='bbox 169 526 636 594; x_wconf 62' lang='grc' dir='ltr'>ψευδοσύλλογον·</span> <span class='ocrx_word' id='word_1_7' title='bbox 662 531 992 598; x_wconf 81' lang='grc' dir='ltr'><strong>μνημονεύει</strong></span> <span class='ocrx_word' id='word_1_8' title='bbox 1023 531 1078 587; x_wconf 77' lang='grc' dir='ltr'>δὲ</span> <span class='ocrx_word' id='word_1_9' title='bbox 1104 534 1194 587; x_wconf 76' lang='grc' dir='ltr'>τὸν</span> <span class='ocrx_word' id='word_1_10' title='bbox 1216 537 1272 587; x_wconf 82' lang='grc' dir='ltr'>ὲν</span> <span class='ocrx_word' id='word_1_11' title='bbox 1300 537 1436 608; x_wconf 79' lang='grc' dir='ltr'>αὐτῇ</span> <span class='ocrx_word' id='word_1_12' title='bbox 1462 538 1735 609; x_wconf 82' lang='grc' dir='ltr'>εὑρεθέντι</span> 
     </span>
    </p>
   </div>
   <div class='ocr_carea' id='block_1_4' title="bbox 1840 526 2923 613">
    <p class='ocr_par' dir='ltr' id='par_1_4' title="bbox 1860 547 2923 613">
     <span class='ocr_line' id='line_1_4' title="bbox 1860 547 2923 613; baseline 0.013 -17"><span class='ocrx_word' id='word_1_13' title='bbox 1860 560 1965 613; x_wconf 87' lang='lat' dir='ltr'><strong>qne</strong></span> <span class='ocrx_word' id='word_1_14' title='bbox 2025 548 2171 601; x_wconf 87' lang='lat' dir='ltr'><strong>illam</strong></span> <span class='ocrx_word' id='word_1_15' title='bbox 2230 547 2423 603; x_wconf 78' lang='lat' dir='ltr'><strong>falsum</strong></span> <span class='ocrx_word' id='word_1_16' title='bbox 2482 553 2923 609; x_wconf 75' lang='lat' dir='ltr'><strong>conventiculum</strong></span> 
     </span>
    </p>
   </div>
   <div class='ocr_carea' id='block_1_5' title="bbox 3311 455 3444 522">
    <p class='ocr_par' dir='ltr' id='par_1_5' title="bbox 3311 455 3444 522">
     <span class='ocr_line' id='line_1_5' title="bbox 3311 455 3444 522; baseline 0.038 -5"><span class='ocrx_word' id='word_1_17' title='bbox 3311 455 3444 522; x_wconf 82' lang='grc'>1090</span> 
     </span>
    </p>
   </div>
   <div class='ocr_carea' id='block_1_6' title="bbox 2981 573 3440 621">
    <p class='ocr_par' dir='ltr' id='par_1_6' title="bbox 2981 573 3440 621">
     <span class='ocr_line' id='line_1_6' title="bbox 2981 573 3440 621; baseline 0.024 -11"><span class='ocrx_word' id='word_1_18' title='bbox 2981 573 2995 610; x_wconf 69' lang='lat'><strong><em>2</em></strong></span> <span class='ocrx_word' id='word_1_19' title='bbox 3053 573 3440 621; x_wconf 83' lang='lat' dir='ltr'><strong>commemoret</strong></span> 
     </span>
    </p>
   </div>
   <div class='ocr_carea' id='block_1_7' title="bbox 173 619 1735 718">
    <p class='ocr_par' dir='ltr' id='par_1_7' title="bbox 173 619 1735 700">
     <span class='ocr_line' id='line_1_7' title="bbox 173 619 1735 700; baseline 0.008 -29"><span class='ocrx_word' id='word_1_20' title='bbox 173 619 589 690; x_wconf 82' lang='grc' dir='ltr'>μητροπολίτην</span> <span class='ocrx_word' id='word_1_21' title='bbox 632 620 798 674; x_wconf 82' lang='grc' dir='ltr'>αὐτοῦ</span> <span class='ocrx_word' id='word_1_22' title='bbox 837 638 849 649; x_wconf 84' lang='lat'><strong>&#39;</strong></span> <span class='ocrx_word' id='word_1_23' title='bbox 882 623 948 677; x_wconf 85' lang='grc' dir='ltr'>ὲκ</span> <span class='ocrx_word' id='word_1_24' title='bbox 993 625 1086 677; x_wconf 89' lang='grc' dir='ltr'><strong>τοῦ</strong></span> <span class='ocrx_word' id='word_1_25' title='bbox 1121 628 1492 700; x_wconf 76' lang='grc' dir='ltr'>πρεσϐυτέρου</span> <span class='ocrx_word' id='word_1_26' title='bbox 1517 630 1612 683; x_wconf 88' lang='grc' dir='ltr'><strong>τοῦ</strong></span> <span class='ocrx_word' id='word_1_27' title='bbox 1639 634 1735 684; x_wconf 74' lang='grc' dir='ltr'>ἐπιι</span> 
     </span>
    </p>
   </div>
   <div class='ocr_carea' id='block_1_8' title="bbox 1840 619 3438 718">
    <p class='ocr_par' dir='ltr' id='par_1_8' title="bbox 1860 641 3438 718">
     <span class='ocr_line' id='line_1_8' title="bbox 1860 641 3438 718; baseline 0.013 -28"><span class='ocrx_word' id='word_1_28' title='bbox 1860 647 2041 693; x_wconf 90' lang='lat' dir='ltr'><strong>autem</strong></span> <span class='ocrx_word' id='word_1_29' title='bbox 2065 641 2543 709; x_wconf 91' lang='lat' dir='ltr'><strong>metropolitanum</strong></span> <span class='ocrx_word' id='word_1_30' title='bbox 2565 644 2659 713; x_wconf 86' lang='lat' dir='ltr'><strong>qui</strong></span> <span class='ocrx_word' id='word_1_31' title='bbox 2681 646 2736 700; x_wconf 91' lang='lat' dir='ltr'><strong>in</strong></span> <span class='ocrx_word' id='word_1_32' title='bbox 2757 662 2820 701; x_wconf 88' lang='lat' dir='ltr'><strong>ea</strong></span> <span class='ocrx_word' id='word_1_33' title='bbox 2846 648 3099 705; x_wconf 85' lang='lat' dir='ltr'><strong>inventus</strong></span> <span class='ocrx_word' id='word_1_34' title='bbox 3120 662 3222 718; x_wconf 88' lang='lat' dir='ltr'><strong>est,</strong></span> <span class='ocrx_word' id='word_1_35' title='bbox 3257 665 3438 712; x_wconf 90' lang='lat' dir='ltr'><strong>utrum</strong></span> 
     </span>
    </p>
   </div>
   <div class='ocr_carea' id='block_1_9' title="bbox 172 712 1758 791">
    <p class='ocr_par' dir='ltr' id='par_1_9' title="bbox 172 712 1758 791">
     <span class='ocr_line' id='line_1_9' title="bbox 172 712 1758 791; baseline 0.006 -27"><span class='ocrx_word' id='word_1_36' title='bbox 172 713 391 765; x_wconf 86' lang='grc' dir='ltr'>σκόπου</span> <span class='ocrx_word' id='word_1_37' title='bbox 421 712 830 781; x_wconf 81' lang='grc' dir='ltr'>ὀρθοδοξοῦντος</span> <span class='ocrx_word' id='word_1_38' title='bbox 857 716 908 768; x_wconf 79' lang='grc' dir='ltr'><strong>εί</strong></span> <span class='ocrx_word' id='word_1_39' title='bbox 951 719 1056 786; x_wconf 81' lang='grc' dir='ltr'>χρὴ</span> <span class='ocrx_word' id='word_1_40' title='bbox 1096 723 1376 772; x_wconf 82' lang='grc' dir='ltr'>κοινωνεῖν</span> <span class='ocrx_word' id='word_1_41' title='bbox 1399 738 1414 751; x_wconf 89' lang='grc'><strong>·</strong></span> <span class='ocrx_word' id='word_1_42' title='bbox 1449 722 1758 791; x_wconf 73' lang='grc' dir='ltr'><strong>ἀπεκρίθην</strong></span> 
     </span>
    </p>
   </div>
   <div class='ocr_carea' id='block_1_10' title="bbox 169 804 1757 882">
    <p class='ocr_par' dir='ltr' id='par_1_10' title="bbox 169 804 1757 882">
     <span class='ocr_line' id='line_1_10' title="bbox 169 804 1757 882; baseline 0.006 -25"><span class='ocrx_word' id='word_1_43' title='bbox 169 805 271 857; x_wconf 71' lang='grc' dir='ltr'>καὶ</span> <span class='ocrx_word' id='word_1_44' title='bbox 315 805 384 855; x_wconf 84' lang='grc' dir='ltr'>δι’</span> <span class='ocrx_word' id='word_1_45' title='bbox 415 804 619 873; x_wconf 80' lang='grc' dir='ltr'>ἐτέρων</span> <span class='ocrx_word' id='word_1_46' title='bbox 671 805 778 859; x_wconf 83' lang='grc' dir='ltr'><strong>τῶν</strong></span> <span class='ocrx_word' id='word_1_47' title='bbox 822 809 959 878; x_wconf 69' lang='grc' dir='ltr'>πρὸς</span> <span class='ocrx_word' id='word_1_48' title='bbox 997 811 1214 863; x_wconf 83' lang='grc' dir='ltr'>Εὑόδιον</span> <span class='ocrx_word' id='word_1_49' title='bbox 1260 815 1642 882; x_wconf 79' lang='grc' dir='ltr'><strong>γραμμάτων,</strong></span> <span class='ocrx_word' id='word_1_50' title='bbox 1675 815 1757 867; x_wconf 81' lang='grc' dir='ltr'>ὅτι</span> 
     </span>
    </p>
   </div>
   <div class='ocr_carea' id='block_1_11' title="bbox 167 893 1756 976">
    <p class='ocr_par' dir='ltr' id='par_1_11' title="bbox 167 893 1756 976">
     <span class='ocr_line' id='line_1_11' title="bbox 167 893 1756 976; baseline 0.008 -28"><span class='ocrx_word' id='word_1_51' title='bbox 167 893 303 958; x_wconf 75' lang='grc' dir='ltr'>Ναὶ,</span> <span class='ocrx_word' id='word_1_52' title='bbox 338 897 650 964; x_wconf 75' lang='grc' dir='ltr'><strong>οἰκονομίας</strong></span> <span class='ocrx_word' id='word_1_53' title='bbox 699 898 888 968; x_wconf 80' lang='grc' dir='ltr'>χάριν·</span> <span class='ocrx_word' id='word_1_54' title='bbox 925 901 1086 968; x_wconf 84' lang='grc' dir='ltr'>μόνον</span> <span class='ocrx_word' id='word_1_55' title='bbox 1121 903 1194 972; x_wconf 82' lang='grc' dir='ltr'>μὴ</span> <span class='ocrx_word' id='word_1_56' title='bbox 1223 903 1756 976; x_wconf 86' lang='grc' dir='ltr'>συλλειτουργοῦντος</span> 
     </span>
    </p>
   </div>
   <div class='ocr_carea' id='block_1_12' title="bbox 166 987 1755 1068">
    <p class='ocr_par' dir='ltr' id='par_1_12' title="bbox 166 987 1755 1068">
     <span class='ocr_line' id='line_1_12' title="bbox 166 987 1755 1068; baseline 0.008 -29"><span class='ocrx_word' id='word_1_57' title='bbox 166 987 344 1040; x_wconf 80' lang='grc' dir='ltr'>αὑτοῦ</span> <span class='ocrx_word' id='word_1_58' title='bbox 375 989 692 1058; x_wconf 85' lang='grc' dir='ltr'>αίρετικοίς.</span> <span class='ocrx_word' id='word_1_59' title='bbox 718 990 815 1051; x_wconf 78' lang='grc' dir='ltr'><strong>Εἰς</strong></span> <span class='ocrx_word' id='word_1_60' title='bbox 840 992 992 1044; x_wconf 74' lang='grc' dir='ltr'>οὐδὲν</span> <span class='ocrx_word' id='word_1_61' title='bbox 1019 995 1128 1061; x_wconf 84' lang='grc' dir='ltr'>γάρ</span> <span class='ocrx_word' id='word_1_62' title='bbox 1167 995 1304 1058; x_wconf 79' lang='grc' dir='ltr'>ἐστι,</span> <span class='ocrx_word' id='word_1_63' title='bbox 1338 1001 1755 1068; x_wconf 87' lang='grc' dir='ltr'>μνημονευομέ-</span> 
     </span>
    </p>
   </div>
   <div class='ocr_carea' id='block_1_13' title="bbox 165 1078 1751 1154">
    <p class='ocr_par' dir='ltr' id='par_1_13' title="bbox 165 1078 1751 1154">
     <span class='ocr_line' id='line_1_13' title="bbox 165 1078 1751 1154; baseline 0.009 -25"><span class='ocrx_word' id='word_1_64' title='bbox 165 1095 268 1130; x_wconf 90' lang='grc' dir='ltr'><strong>νου</strong></span> <span class='ocrx_word' id='word_1_65' title='bbox 317 1078 414 1130; x_wconf 87' lang='grc' dir='ltr'><strong>τοῦ</strong></span> <span class='ocrx_word' id='word_1_66' title='bbox 480 1080 781 1133; x_wconf 77' lang='grc' dir='ltr'><strong>ἐπισκόπου</strong></span> <span class='ocrx_word' id='word_1_67' title='bbox 833 1082 1114 1154; x_wconf 77' lang='grc' dir='ltr'>όρθοδόξου</span> <span class='ocrx_word' id='word_1_68' title='bbox 1160 1086 1330 1150; x_wconf 74' lang='grc' dir='ltr'>ὄντος,</span> <span class='ocrx_word' id='word_1_69' title='bbox 1381 1088 1482 1141; x_wconf 83' lang='grc' dir='ltr'>κᾶν</span> <span class='ocrx_word' id='word_1_70' title='bbox 1541 1091 1751 1144; x_wconf 78' lang='grc' dir='ltr'>ἐκείνου</span> 
     </span>
    </p>
   </div>
   <div class='ocr_carea' id='block_1_14' title="bbox 165 1168 1753 1252">
    <p class='ocr_par' dir='ltr' id='par_1_14' title="bbox 165 1168 1753 1252">
     <span class='ocr_line' id='line_1_14' title="bbox 165 1168 1753 1252; baseline 0.008 -31"><span class='ocrx_word' id='word_1_71' title='bbox 165 1168 327 1238; x_wconf 80' lang='grc' dir='ltr'>φόϐῳ</span> <span class='ocrx_word' id='word_1_72' title='bbox 367 1170 645 1239; x_wconf 69' lang='grc' dir='ltr'>αἱρετικὸν</span> <span class='ocrx_word' id='word_1_73' title='bbox 674 1173 1038 1242; x_wconf 78' lang='grc' dir='ltr'>ἀναφέροντος</span> <span class='ocrx_word' id='word_1_74' title='bbox 1064 1176 1154 1229; x_wconf 86' lang='grc' dir='ltr'>τὸν</span> <span class='ocrx_word' id='word_1_75' title='bbox 1185 1179 1384 1231; x_wconf 74' lang='grc' dir='ltr'>οἰκεῖον</span> <span class='ocrx_word' id='word_1_76' title='bbox 1419 1182 1753 1252; x_wconf 75' lang='grc' dir='ltr'>μητροπολί-</span> 
     </span>
    </p>
   </div>
   <div class='ocr_carea' id='block_1_15' title="bbox 162 1257 1750 1341">
    <p class='ocr_par' dir='ltr' id='par_1_15' title="bbox 162 1257 1750 1341">
     <span class='ocr_line' id='line_1_15' title="bbox 162 1257 1750 1341; baseline 0.009 -31"><span class='ocrx_word' id='word_1_77' title='bbox 162 1273 291 1327; x_wconf 85' lang='grc' dir='ltr'>την.</span> <span class='ocrx_word' id='word_1_78' title='bbox 332 1257 441 1310; x_wconf 89' lang='grc' dir='ltr'>Τοῦ</span> <span class='ocrx_word' id='word_1_79' title='bbox 491 1259 736 1314; x_wconf 91' lang='grc' dir='ltr'>τοιούτου</span> <span class='ocrx_word' id='word_1_80' title='bbox 775 1264 1148 1335; x_wconf 76' lang='grc' dir='ltr'>πρεσϐυτέρου</span> <span class='ocrx_word' id='word_1_81' title='bbox 1191 1269 1285 1320; x_wconf 74' lang='grc' dir='ltr'>καὶ</span> <span class='ocrx_word' id='word_1_82' title='bbox 1333 1271 1415 1331; x_wconf 85' lang='grc' dir='ltr'><strong>εἰς</strong></span> <span class='ocrx_word' id='word_1_83' title='bbox 1451 1272 1750 1341; x_wconf 75' lang='grc' dir='ltr'>παννυχίδα</span> 
     </span>
    </p>
   </div>
   <div class='ocr_carea' id='block_1_16' title="bbox 162 1349 1748 1434">
    <p class='ocr_par' dir='ltr' id='par_1_16' title="bbox 162 1349 1748 1434">
     <span class='ocr_line' id='line_1_16' title="bbox 162 1349 1748 1434; baseline 0.009 -32"><span class='ocrx_word' id='word_1_84' title='bbox 162 1349 652 1421; x_wconf 84' lang='grc' dir='ltr'>προσκαλουμένου</span> <span class='ocrx_word' id='word_1_85' title='bbox 677 1393 693 1415; x_wconf 91' lang='grc'><strong>,</strong></span> <span class='ocrx_word' id='word_1_86' title='bbox 727 1355 895 1407; x_wconf 79' lang='grc' dir='ltr'>ἰτέον·</span> <span class='ocrx_word' id='word_1_87' title='bbox 929 1359 1022 1408; x_wconf 73' lang='grc' dir='ltr'><strong>καὶ</strong></span> <span class='ocrx_word' id='word_1_88' title='bbox 1061 1359 1401 1429; x_wconf 76' lang='grc' dir='ltr'>Ἐκκλησίαν,</span> <span class='ocrx_word' id='word_1_89' title='bbox 1417 1362 1550 1434; x_wconf 80' lang='grc' dir='ltr'>παρ’</span> <span class='ocrx_word' id='word_1_90' title='bbox 1583 1365 1748 1417; x_wconf 80' lang='grc' dir='ltr'>αὑτοῦ</span> 
     </span>
    </p>
   </div>
   <div class='ocr_carea' id='block_1_17' title="bbox 159 1440 1744 1523">
    <p class='ocr_par' dir='ltr' id='par_1_17' title="bbox 159 1440 1744 1523">
     <span class='ocr_line' id='line_1_17' title="bbox 159 1440 1744 1523; baseline 0.012 -32"><span class='ocrx_word' id='word_1_91' title='bbox 159 1440 464 1511; x_wconf 79' lang='grc' dir='ltr'>δεδομένην</span> <span class='ocrx_word' id='word_1_92' title='bbox 489 1443 756 1512; x_wconf 61' lang='grc' dir='ltr'>ληπτέον</span> <span class='ocrx_word' id='word_1_93' title='bbox 801 1448 890 1500; x_wconf 77' lang='grc' dir='ltr'><strong>καὶ</strong></span> <span class='ocrx_word' id='word_1_94' title='bbox 917 1449 997 1511; x_wconf 85' lang='grc' dir='ltr'><strong>είς</strong></span> <span class='ocrx_word' id='word_1_95' title='bbox 1035 1450 1203 1520; x_wconf 82' lang='grc' dir='ltr'>αὐτὴν</span> <span class='ocrx_word' id='word_1_96' title='bbox 1238 1453 1535 1523; x_wconf 73' lang='grc' dir='ltr'>ἐρχομένου</span> <span class='ocrx_word' id='word_1_97' title='bbox 1576 1456 1744 1510; x_wconf 87' lang='grc' dir='ltr'>αὑτοῦ</span> 
     </span>
    </p>
   </div>
   <div class='ocr_carea' id='block_1_18' title="bbox 159 1531 1746 1615">
    <p class='ocr_par' dir='ltr' id='par_1_18' title="bbox 159 1531 1746 1615">
     <span class='ocr_line' id='line_1_18' title="bbox 159 1531 1746 1615; baseline 0.011 -32"><span class='ocrx_word' id='word_1_98' title='bbox 159 1531 578 1604; x_wconf 76' lang='grc' dir='ltr'>λειτουργῆσαι,</span> <span class='ocrx_word' id='word_1_99' title='bbox 631 1540 1062 1610; x_wconf 80' lang='grc' dir='ltr'>παραχωρητέον</span> <span class='ocrx_word' id='word_1_100' title='bbox 1094 1558 1110 1572; x_wconf 88' lang='grc'><strong>·</strong></span> <span class='ocrx_word' id='word_1_101' title='bbox 1161 1544 1326 1612; x_wconf 76' lang='grc' dir='ltr'>ἣκαὶ</span> <span class='ocrx_word' id='word_1_102' title='bbox 1377 1547 1746 1615; x_wconf 85' lang='grc' dir='ltr'>μνημονεῦσαι</span> 
     </span>
    </p>
   </div>
   <div class='ocr_carea' id='block_1_19' title="bbox 160 1624 1746 1706">
    <p class='ocr_par' dir='ltr' id='par_1_19' title="bbox 160 1624 1746 1706">
     <span class='ocr_line' id='line_1_19' title="bbox 160 1624 1746 1706; baseline 0.011 -31"><span class='ocrx_word' id='word_1_103' title='bbox 160 1624 381 1694; x_wconf 81' lang='grc' dir='ltr'>νεκρὸν,</span> <span class='ocrx_word' id='word_1_104' title='bbox 412 1627 694 1695; x_wconf 79' lang='grc' dir='ltr'>όρθόδοξον</span> <span class='ocrx_word' id='word_1_105' title='bbox 723 1632 927 1700; x_wconf 87' lang='grc' dir='ltr'>μέντοι,</span> <span class='ocrx_word' id='word_1_106' title='bbox 959 1637 1340 1706; x_wconf 85' lang='grc' dir='ltr'>συγχωρητέον</span> <span class='ocrx_word' id='word_1_107' title='bbox 1367 1655 1380 1668; x_wconf 76' lang='grc' dir='ltr'><strong>ο</strong></span> <span class='ocrx_word' id='word_1_108' title='bbox 1435 1641 1528 1690; x_wconf 69' lang='grc' dir='ltr'>καὶ</span> <span class='ocrx_word' id='word_1_109' title='bbox 1558 1641 1615 1691; x_wconf 80' lang='grc' dir='ltr'>ὲν</span> <span class='ocrx_word' id='word_1_110' title='bbox 1647 1641 1746 1692; x_wconf 83' lang='grc' dir='ltr'>αύ-</span> 
     </span>
    </p>
   </div>
   <div class='ocr_carea' id='block_1_20' title="bbox 157 1715 1743 1789">
    <p class='ocr_par' dir='ltr' id='par_1_20' title="bbox 157 1715 1743 1789">
     <span class='ocr_line' id='line_1_20' title="bbox 157 1715 1743 1789; baseline 0.012 -22"><span class='ocrx_word' id='word_1_111' title='bbox 157 1718 225 1785; x_wconf 77' lang='grc' dir='ltr'>τῇ</span> <span class='ocrx_word' id='word_1_112' title='bbox 256 1715 591 1789; x_wconf 83' lang='grc' dir='ltr'>λειτουργεῖν</span> <span class='ocrx_word' id='word_1_113' title='bbox 632 1721 725 1775; x_wconf 77' lang='grc' dir='ltr'>τὸν</span> <span class='ocrx_word' id='word_1_114' title='bbox 784 1722 1040 1785; x_wconf 82' lang='grc' dir='ltr'>λαϐόντα,</span> <span class='ocrx_word' id='word_1_115' title='bbox 1078 1727 1229 1779; x_wconf 79' lang='grc' dir='ltr'>οὐδὲν</span> <span class='ocrx_word' id='word_1_116' title='bbox 1269 1729 1560 1785; x_wconf 90' lang='grc' dir='ltr'>κωλυτέον.</span> <span class='ocrx_word' id='word_1_117' title='bbox 1596 1731 1656 1784; x_wconf 83' lang='grc' dir='ltr'><strong>ΕΞ</strong></span> <span class='ocrx_word' id='word_1_118' title='bbox 1687 1733 1743 1786; x_wconf 85' lang='grc' dir='ltr'>δὲ</span> 
     </span>
    </p>
   </div>
   <div class='ocr_carea' id='block_1_21' title="bbox 156 1808 1740 1897">
    <p class='ocr_par' dir='ltr' id='par_1_21' title="bbox 156 1808 1740 1897">
     <span class='ocr_line' id='line_1_21' title="bbox 156 1808 1740 1897; baseline 0.013 -39"><span class='ocrx_word' id='word_1_119' title='bbox 156 1808 444 1877; x_wconf 73' lang='grc' dir='ltr'>αἱρετικὸν</span> <span class='ocrx_word' id='word_1_120' title='bbox 473 1812 734 1883; x_wconf 76' lang='grc' dir='ltr'>ἀναφέρει</span> <span class='ocrx_word' id='word_1_121' title='bbox 763 1815 892 1867; x_wconf 78' lang='grc' dir='ltr'>ὄντα</span> <span class='ocrx_word' id='word_1_122' title='bbox 932 1815 1252 1884; x_wconf 78' lang='grc' dir='ltr'>ἐπίσκοπον,</span> <span class='ocrx_word' id='word_1_123' title='bbox 1293 1821 1396 1874; x_wconf 75' lang='grc' dir='ltr'>κᾶν</span> <span class='ocrx_word' id='word_1_124' title='bbox 1435 1825 1740 1897; x_wconf 81' lang='grc' dir='ltr'>μακαρίζῃ,</span> 
     </span>
    </p>
   </div>
   <div class='ocr_carea' id='block_1_22' title="bbox 1861 730 3440 811">
    <p class='ocr_par' dir='ltr' id='par_1_22' title="bbox 1861 730 3440 811">
     <span class='ocr_line' id='line_1_22' title="bbox 1861 730 3440 811; baseline 0.014 -29"><span class='ocrx_word' id='word_1_125' title='bbox 1861 743 1888 781; x_wconf 86' lang='lat' dir='ltr'><strong>a</strong></span> <span class='ocrx_word' id='word_1_126' title='bbox 1921 730 2241 801; x_wconf 73' lang='lat' dir='ltr'><strong>presbytero</strong></span> <span class='ocrx_word' id='word_1_127' title='bbox 2275 733 2514 803; x_wconf 82' lang='lat' dir='ltr'><strong>episcOpi</strong></span> <span class='ocrx_word' id='word_1_128' title='bbox 2547 736 2833 792; x_wconf 82' lang='lat' dir='ltr'><strong>orthodoxi</strong></span> <span class='ocrx_word' id='word_1_129' title='bbox 2888 741 3136 811; x_wconf 90' lang='lat' dir='ltr'><strong>accipere</strong></span> <span class='ocrx_word' id='word_1_130' title='bbox 3191 761 3440 803; x_wconf 87' lang='lat' dir='ltr'><strong>commu-</strong></span> 
     </span>
    </p>
   </div>
   <div class='ocr_carea' id='block_1_23' title="bbox 1858 817 3440 893">
    <p class='ocr_par' dir='ltr' id='par_1_23' title="bbox 1858 817 3440 893">
     <span class='ocr_line' id='line_1_23' title="bbox 1858 817 3440 893; baseline 0.014 -23"><span class='ocrx_word' id='word_1_131' title='bbox 1858 817 2078 872; x_wconf 84' lang='lat' dir='ltr'><strong>nionem</strong></span> <span class='ocrx_word' id='word_1_132' title='bbox 2119 821 2413 888; x_wconf 84' lang='lat' dir='ltr'><strong>oporteat?</strong></span> <span class='ocrx_word' id='word_1_133' title='bbox 2437 838 2533 892; x_wconf 85' lang='lat' dir='ltr'><strong>per</strong></span> <span class='ocrx_word' id='word_1_134' title='bbox 2553 824 2684 880; x_wconf 85' lang='lat' dir='ltr'><strong>alias</strong></span> <span class='ocrx_word' id='word_1_135' title='bbox 2714 827 2780 880; x_wconf 89' lang='lat' dir='ltr'><strong>ad</strong></span> <span class='ocrx_word' id='word_1_136' title='bbox 2810 826 3070 883; x_wconf 84' lang='lat' dir='ltr'><strong>Evodium</strong></span> <span class='ocrx_word' id='word_1_137' title='bbox 3111 832 3317 889; x_wconf 81' lang='lat' dir='ltr'><strong>litteras</strong></span> <span class='ocrx_word' id='word_1_138' title='bbox 3350 854 3440 893; x_wconf 90' lang='lat' dir='ltr'><strong>re-</strong></span> 
     </span>
    </p>
   </div>
   <div class='ocr_carea' id='block_1_24' title="bbox 1857 911 3434 997">
    <p class='ocr_par' dir='ltr' id='par_1_24' title="bbox 1857 911 3434 997">
     <span class='ocr_line' id='line_1_24' title="bbox 1857 911 3434 997; baseline 0.014 -35"><span class='ocrx_word' id='word_1_139' title='bbox 1857 911 2072 979; x_wconf 88' lang='lat' dir='ltr'><strong>spondi,</strong></span> <span class='ocrx_word' id='word_1_140' title='bbox 2097 914 2614 970; x_wconf 79' lang='lat' dir='ltr'><strong>communicandum</strong></span> <span class='ocrx_word' id='word_1_141' title='bbox 2646 932 2766 972; x_wconf 87' lang='lat' dir='ltr'><strong>esse</strong></span> <span class='ocrx_word' id='word_1_142' title='bbox 2798 919 3219 989; x_wconf 80' lang='lat' dir='ltr'><strong>dispensationis</strong></span> <span class='ocrx_word' id='word_1_143' title='bbox 3242 929 3434 997; x_wconf 86' lang='lat' dir='ltr'><strong>gratia,</strong></span> 
     </span>
    </p>
   </div>
   <div class='ocr_carea' id='block_1_25' title="bbox 1855 1001 3432 1076">
    <p class='ocr_par' dir='ltr' id='par_1_25' title="bbox 1855 1001 3432 1076">
     <span class='ocr_line' id='line_1_25' title="bbox 1855 1001 3432 1076; baseline 0.014 -23"><span class='ocrx_word' id='word_1_144' title='bbox 1855 1001 2149 1058; x_wconf 87' lang='lat' dir='ltr'><strong>dummodo</strong></span> <span class='ocrx_word' id='word_1_145' title='bbox 2183 1005 2312 1074; x_wconf 90' lang='lat' dir='ltr'><strong>ipsis</strong></span> <span class='ocrx_word' id='word_1_146' title='bbox 2355 1021 2477 1061; x_wconf 92' lang='lat' dir='ltr'><strong>cum</strong></span> <span class='ocrx_word' id='word_1_147' title='bbox 2511 1008 2782 1064; x_wconf 59' lang='lat' dir='ltr'><strong>haereticis</strong></span> <span class='ocrx_word' id='word_1_148' title='bbox 2818 1025 2926 1065; x_wconf 91' lang='lat' dir='ltr'><strong>non</strong></span> <span class='ocrx_word' id='word_1_149' title='bbox 2975 1016 3260 1072; x_wconf 83' lang='lat' dir='ltr'><strong>sacriﬁcet.</strong></span> <span class='ocrx_word' id='word_1_150' title='bbox 3293 1022 3432 1076; x_wconf 84' lang='lat' dir='ltr'><strong>Cum</strong></span> 
     </span>
    </p>
   </div>
   <div class='ocr_carea' id='block_1_26' title="bbox 1854 1093 3429 1178">
    <p class='ocr_par' dir='ltr' id='par_1_26' title="bbox 1854 1093 3429 1178">
     <span class='ocr_line' id='line_1_26' title="bbox 1854 1093 3429 1178; baseline 0.014 -34"><span class='ocrx_word' id='word_1_151' title='bbox 1854 1093 2000 1146; x_wconf 91' lang='lat' dir='ltr'><strong>enim</strong></span> <span class='ocrx_word' id='word_1_152' title='bbox 2040 1095 2331 1165; x_wconf 86' lang='lat' dir='ltr'><strong>episcopus</strong></span> <span class='ocrx_word' id='word_1_153' title='bbox 2359 1098 2450 1167; x_wconf 90' lang='lat' dir='ltr'><strong>qui</strong></span> <span class='ocrx_word' id='word_1_154' title='bbox 2485 1111 2949 1156; x_wconf 89' lang='lat' dir='ltr'><strong>commemoratur</strong></span> <span class='ocrx_word' id='word_1_155' title='bbox 2971 1105 3044 1158; x_wconf 85' lang='lat' dir='ltr'><strong>sit</strong></span> <span class='ocrx_word' id='word_1_156' title='bbox 3066 1108 3429 1178; x_wconf 78' lang='lat' dir='ltr'><strong>orthodoxus,</strong></span> 
     </span>
    </p>
   </div>
   <div class='ocr_carea' id='block_1_27' title="bbox 1854 1185 3430 1258">
    <p class='ocr_par' dir='ltr' id='par_1_27' title="bbox 1854 1185 3430 1258">
     <span class='ocr_line' id='line_1_27' title="bbox 1854 1185 3430 1258; baseline 0.013 -21"><span class='ocrx_word' id='word_1_157' title='bbox 1854 1199 1954 1253; x_wconf 89' lang='lat' dir='ltr'><strong>pro</strong></span> <span class='ocrx_word' id='word_1_158' title='bbox 1987 1185 2158 1242; x_wconf 90' lang='lat' dir='ltr'><strong>nihilo</strong></span> <span class='ocrx_word' id='word_1_159' title='bbox 2182 1199 2263 1243; x_wconf 91' lang='lat' dir='ltr'><strong>est</strong></span> <span class='ocrx_word' id='word_1_160' title='bbox 2295 1191 2439 1258; x_wconf 91' lang='lat' dir='ltr'><strong>quod</strong></span> <span class='ocrx_word' id='word_1_161' title='bbox 2471 1191 2615 1246; x_wconf 92' lang='lat' dir='ltr'><strong>illius</strong></span> <span class='ocrx_word' id='word_1_162' title='bbox 2645 1202 2814 1256; x_wconf 92' lang='lat' dir='ltr'><strong>metu,</strong></span> <span class='ocrx_word' id='word_1_163' title='bbox 2841 1195 3156 1252; x_wconf 73' lang='lat' dir='ltr'><strong>baereticum</strong></span> <span class='ocrx_word' id='word_1_164' title='bbox 3187 1216 3430 1257; x_wconf 86' lang='lat' dir='ltr'><strong>comme-</strong></span> 
     </span>
    </p>
   </div>
   <div class='ocr_carea' id='block_1_28' title="bbox 1853 1278 3428 1358">
    <p class='ocr_par' dir='ltr' id='par_1_28' title="bbox 1853 1278 3428 1358">
     <span class='ocr_line' id='line_1_28' title="bbox 1853 1278 3428 1358; baseline 0.01 -30"><span class='ocrx_word' id='word_1_165' title='bbox 1853 1285 2030 1329; x_wconf 90' lang='lat' dir='ltr'><strong>moret</strong></span> <span class='ocrx_word' id='word_1_166' title='bbox 2053 1278 2530 1346; x_wconf 83' lang='lat' dir='ltr'><strong>metropolitanum</strong></span> <span class='ocrx_word' id='word_1_167' title='bbox 2551 1296 2730 1335; x_wconf 90' lang='lat' dir='ltr'><strong>suum.</strong></span> <span class='ocrx_word' id='word_1_168' title='bbox 2763 1281 3079 1351; x_wconf 87' lang='lat' dir='ltr'><strong>llujusmodi</strong></span> <span class='ocrx_word' id='word_1_169' title='bbox 3111 1289 3428 1358; x_wconf 82' lang='lat' dir='ltr'><strong>presbytero</strong></span> 
     </span>
    </p>
   </div>
   <div class='ocr_carea' id='block_1_29' title="bbox 1852 1368 3430 1444">
    <p class='ocr_par' dir='ltr' id='par_1_29' title="bbox 1852 1368 3430 1444">
     <span class='ocr_line' id='line_1_29' title="bbox 1852 1368 3430 1444; baseline 0.01 -22"><span class='ocrx_word' id='word_1_170' title='bbox 1852 1375 1909 1422; x_wconf 88' lang='lat' dir='ltr'><strong>et</strong></span> <span class='ocrx_word' id='word_1_171' title='bbox 1937 1368 2004 1422; x_wconf 86' lang='lat' dir='ltr'><strong>ad</strong></span> <span class='ocrx_word' id='word_1_172' title='bbox 2054 1370 2394 1440; x_wconf 79' lang='lat' dir='ltr'><strong>pervigilium</strong></span> <span class='ocrx_word' id='word_1_173' title='bbox 2426 1382 2674 1435; x_wconf 86' lang='lat' dir='ltr'><strong>vocante,</strong></span> <span class='ocrx_word' id='word_1_174' title='bbox 2712 1377 2953 1430; x_wconf 88' lang='lat' dir='ltr'><strong>eundum</strong></span> <span class='ocrx_word' id='word_1_175' title='bbox 3006 1387 3088 1433; x_wconf 89' lang='lat' dir='ltr'><strong>est</strong></span> <span class='ocrx_word' id='word_1_176' title='bbox 3119 1395 3133 1444; x_wconf 90' lang='lat'><strong>;</strong></span> <span class='ocrx_word' id='word_1_177' title='bbox 3165 1389 3219 1436; x_wconf 91' lang='lat' dir='ltr'><strong>et</strong></span> <span class='ocrx_word' id='word_1_178' title='bbox 3242 1382 3430 1438; x_wconf 87' lang='lat' dir='ltr'><strong>Eccle-</strong></span> 
     </span>
    </p>
   </div>
   <div class='ocr_carea' id='block_1_30' title="bbox 1850 1457 3429 1531">
    <p class='ocr_par' dir='ltr' id='par_1_30' title="bbox 1850 1457 3429 1531">
     <span class='ocr_line' id='line_1_30' title="bbox 1850 1457 3429 1531; baseline 0.008 -20"><span class='ocrx_word' id='word_1_179' title='bbox 1850 1457 1984 1511; x_wconf 87' lang='lat' dir='ltr'><strong>siam</strong></span> <span class='ocrx_word' id='word_1_180' title='bbox 2017 1458 2316 1527; x_wconf 68' lang='lat' dir='ltr'><strong>praabente,</strong></span> <span class='ocrx_word' id='word_1_181' title='bbox 2361 1461 2674 1531; x_wconf 85' lang='lat' dir='ltr'><strong>accipienda</strong></span> <span class='ocrx_word' id='word_1_182' title='bbox 2706 1473 2790 1518; x_wconf 89' lang='lat' dir='ltr'><strong>est</strong></span> <span class='ocrx_word' id='word_1_183' title='bbox 2823 1480 2836 1528; x_wconf 91' lang='lat'><strong>;</strong></span> <span class='ocrx_word' id='word_1_184' title='bbox 2882 1473 2938 1518; x_wconf 88' lang='lat' dir='ltr'><strong>et</strong></span> <span class='ocrx_word' id='word_1_185' title='bbox 2970 1467 3036 1520; x_wconf 91' lang='lat' dir='ltr'><strong>ad</strong></span> <span class='ocrx_word' id='word_1_186' title='bbox 3072 1467 3218 1522; x_wconf 84' lang='lat' dir='ltr'><strong>illam</strong></span> <span class='ocrx_word' id='word_1_187' title='bbox 3251 1481 3310 1523; x_wconf 91' lang='lat' dir='ltr'><strong>ut</strong></span> <span class='ocrx_word' id='word_1_188' title='bbox 3337 1487 3429 1526; x_wconf 87' lang='lat' dir='ltr'><strong>sa-</strong></span> 
     </span>
    </p>
   </div>
   <div class='ocr_carea' id='block_1_31' title="bbox 1849 1549 3427 1623">
    <p class='ocr_par' dir='ltr' id='par_1_31' title="bbox 1849 1549 3427 1623">
     <span class='ocr_line' id='line_1_31' title="bbox 1849 1549 3427 1623; baseline 0.01 -21"><span class='ocrx_word' id='word_1_189' title='bbox 1849 1549 2056 1604; x_wconf 83' lang='lat' dir='ltr'><strong>criﬁcet</strong></span> <span class='ocrx_word' id='word_1_190' title='bbox 2100 1551 2375 1617; x_wconf 83' lang='lat' dir='ltr'><strong>veniente,</strong></span> <span class='ocrx_word' id='word_1_191' title='bbox 2410 1553 2837 1622; x_wconf 86' lang='lat' dir='ltr'><strong>permittendum</strong></span> <span class='ocrx_word' id='word_1_192' title='bbox 2885 1567 2987 1612; x_wconf 89' lang='lat' dir='ltr'><strong>est.</strong></span> <span class='ocrx_word' id='word_1_193' title='bbox 3021 1558 3332 1623; x_wconf 80' lang='lat' dir='ltr'><strong>Quinetiam</strong></span> <span class='ocrx_word' id='word_1_194' title='bbox 3365 1572 3427 1618; x_wconf 85' lang='lat' dir='ltr'><strong>ut</strong></span> 
     </span>
    </p>
   </div>
   <div class='ocr_carea' id='block_1_32' title="bbox 1847 1646 3422 1718">
    <p class='ocr_par' dir='ltr' id='par_1_32' title="bbox 1847 1646 3422 1718">
     <span class='ocr_line' id='line_1_32' title="bbox 1847 1646 3422 1718; baseline 0.009 -24"><span class='ocrx_word' id='word_1_195' title='bbox 1847 1649 2122 1694; x_wconf 89' lang='lat' dir='ltr'><strong>mortuum</strong></span> <span class='ocrx_word' id='word_1_196' title='bbox 2144 1655 2531 1698; x_wconf 85' lang='lat' dir='ltr'><strong>commemoret</strong></span> <span class='ocrx_word' id='word_1_197' title='bbox 2553 1646 2847 1701; x_wconf 86' lang='lat' dir='ltr'><strong>dummodo</strong></span> <span class='ocrx_word' id='word_1_198' title='bbox 2873 1649 3259 1718; x_wconf 82' lang='lat' dir='ltr'><strong>orthodoxum,</strong></span> <span class='ocrx_word' id='word_1_199' title='bbox 3289 1668 3422 1707; x_wconf 85' lang='lat' dir='ltr'><strong>eon-</strong></span> 
     </span>
    </p>
   </div>
   <div class='ocr_carea' id='block_1_33' title="bbox 1845 1729 3420 1811">
    <p class='ocr_par' dir='ltr' id='par_1_33' title="bbox 1845 1729 3420 1811">
     <span class='ocr_line' id='line_1_33' title="bbox 1845 1729 3420 1811; baseline 0.01 -29"><span class='ocrx_word' id='word_1_200' title='bbox 1845 1729 2148 1784; x_wconf 89' lang='lat' dir='ltr'><strong>cedendum</strong></span> <span class='ocrx_word' id='word_1_201' title='bbox 2196 1741 2280 1786; x_wconf 90' lang='lat' dir='ltr'><strong>est</strong></span> <span class='ocrx_word' id='word_1_202' title='bbox 2311 1749 2324 1784; x_wconf 90' lang='lat'>:</span> <span class='ocrx_word' id='word_1_203' title='bbox 2355 1742 2412 1786; x_wconf 90' lang='lat' dir='ltr'><strong>et</strong></span> <span class='ocrx_word' id='word_1_204' title='bbox 2465 1733 2519 1786; x_wconf 89' lang='lat' dir='ltr'><strong>in</strong></span> <span class='ocrx_word' id='word_1_205' title='bbox 2561 1749 2624 1788; x_wconf 89' lang='lat' dir='ltr'><strong>ea</strong></span> <span class='ocrx_word' id='word_1_206' title='bbox 2667 1736 2976 1792; x_wconf 81' lang='lat' dir='ltr'><strong>sacriﬁcare</strong></span> <span class='ocrx_word' id='word_1_207' title='bbox 3055 1740 3147 1808; x_wconf 87' lang='lat' dir='ltr'><strong>qui</strong></span> <span class='ocrx_word' id='word_1_208' title='bbox 3189 1745 3420 1811; x_wconf 87' lang='lat' dir='ltr'><strong>accepit,</strong></span> 
     </span>
    </p>
   </div>
   <div class='ocr_carea' id='block_1_34' title="bbox 1845 1820 3426 1891">
    <p class='ocr_par' dir='ltr' id='par_1_34' title="bbox 1845 1820 3426 1891">
     <span class='ocr_line' id='line_1_34' title="bbox 1845 1820 3426 1891; baseline 0.008 -17"><span class='ocrx_word' id='word_1_209' title='bbox 1845 1820 2067 1877; x_wconf 87' lang='lat' dir='ltr'><strong>minime</strong></span> <span class='ocrx_word' id='word_1_210' title='bbox 2115 1824 2539 1891; x_wconf 85' lang='lat' dir='ltr'><strong>prohibendum.</strong></span> <span class='ocrx_word' id='word_1_211' title='bbox 2573 1825 2628 1879; x_wconf 92' lang='lat' dir='ltr'><strong>Si</strong></span> <span class='ocrx_word' id='word_1_212' title='bbox 2667 1841 2798 1880; x_wconf 86' lang='lat' dir='ltr'><strong>vero</strong></span> <span class='ocrx_word' id='word_1_213' title='bbox 2836 1827 3155 1884; x_wconf 67' lang='lat' dir='ltr'><strong>haereticum</strong></span> <span class='ocrx_word' id='word_1_214' title='bbox 3184 1847 3426 1887; x_wconf 83' lang='lat' dir='ltr'><strong>comme-</strong></span> 
     </span>
    </p>
   </div>
   <div class='ocr_carea' id='block_1_35' title="bbox 157 1875 1735 1994">
    <p class='ocr_par' dir='ltr' id='par_1_35' title="bbox 157 1875 1735 1982">
     <span class='ocr_line' id='line_1_35' title="bbox 157 1875 1735 1982; baseline 0.012 -32"><span class='ocrx_word' id='word_1_215' title='bbox 157 1875 266 1951; x_wconf 59' lang='grc' dir='ltr'><strong>κάν</strong></span> <span class='ocrx_word' id='word_1_216' title='bbox 309 1875 601 1973; x_wconf 59' lang='grc' dir='ltr'>όρθοδοξῇ,</span> <span class='ocrx_word' id='word_1_217' title='bbox 639 1875 741 1974; x_wconf 78' lang='grc' dir='ltr'>τῆς</span> <span class='ocrx_word' id='word_1_218' title='bbox 772 1907 870 1976; x_wconf 82' lang='grc' dir='ltr'>μὲν</span> <span class='ocrx_word' id='word_1_219' title='bbox 902 1906 1056 1971; x_wconf 83' lang='grc' dir='ltr'>θείας</span> <span class='ocrx_word' id='word_1_220' title='bbox 1091 1875 1377 1976; x_wconf 80' lang='grc' dir='ltr'>κοινωνίας</span> <span class='ocrx_word' id='word_1_221' title='bbox 1423 1875 1735 1982; x_wconf 43' lang='grc' dir='ltr'>ἀφεκτέονι,</span> 
     </span>
    </p>
   </div>
   <div class='ocr_carea' id='block_1_36' title="bbox 1840 1875 3428 1994">
    <p class='ocr_par' dir='ltr' id='par_1_36' title="bbox 1846 1915 3428 1994">
     <span class='ocr_line' id='line_1_36' title="bbox 1846 1915 3428 1994; baseline 0.008 -28"><span class='ocrx_word' id='word_1_222' title='bbox 1846 1923 2020 1968; x_wconf 89' lang='lat' dir='ltr'><strong>moret</strong></span> <span class='ocrx_word' id='word_1_223' title='bbox 2043 1915 2382 1984; x_wconf 87' lang='lat' dir='ltr'><strong>episcopum,</strong></span> <span class='ocrx_word' id='word_1_224' title='bbox 2411 1918 2658 1985; x_wconf 88' lang='lat' dir='ltr'><strong>quamvis</strong></span> <span class='ocrx_word' id='word_1_225' title='bbox 2682 1918 2902 1974; x_wconf 89' lang='lat' dir='ltr'><strong>beatum</strong></span> <span class='ocrx_word' id='word_1_226' title='bbox 2936 1921 3216 1989; x_wconf 79' lang='lat' dir='ltr'><strong>praedicet,</strong></span> <span class='ocrx_word' id='word_1_227' title='bbox 3237 1940 3428 1994; x_wconf 87' lang='lat' dir='ltr'><strong>quam-</strong></span> 
     </span>
    </p>
   </div>
   <div class='ocr_carea' id='block_1_37' title="bbox 154 1989 1735 2084">
    <p class='ocr_par' dir='ltr' id='par_1_37' title="bbox 154 1989 1735 2084">
     <span class='ocr_line' id='line_1_37' title="bbox 154 1989 1735 2084; baseline 0.013 -44"><span class='ocrx_word' id='word_1_228' title='bbox 154 1989 256 2058; x_wconf 84' lang='grc' dir='ltr'>τῆς</span> <span class='ocrx_word' id='word_1_229' title='bbox 308 1990 369 2043; x_wconf 82' lang='grc' dir='ltr'>δὲ</span> <span class='ocrx_word' id='word_1_230' title='bbox 403 1994 594 2084; x_wconf 65' lang='grc' dir='ltr'>κοινῆς</span> <span class='ocrx_word' id='word_1_231' title='bbox 625 1997 925 2066; x_wconf 79' lang='grc' dir='ltr'>τραπέζης,</span> <span class='ocrx_word' id='word_1_232' title='bbox 961 2001 1046 2051; x_wconf 73' lang='grc' dir='ltr'><strong>ἐπ’</strong></span> <span class='ocrx_word' id='word_1_233' title='bbox 1087 2001 1154 2054; x_wconf 84' lang='grc' dir='ltr'>ἂν</span> <span class='ocrx_word' id='word_1_234' title='bbox 1211 2004 1326 2056; x_wconf 80' lang='grc' dir='ltr'>ἐκεῖ</span> <span class='ocrx_word' id='word_1_235' title='bbox 1381 2005 1488 2057; x_wconf 75' lang='grc' dir='ltr'>δέοι</span> <span class='ocrx_word' id='word_1_236' title='bbox 1537 2023 1735 2077; x_wconf 85' lang='grc' dir='ltr'>μνημο-</span> 
     </span>
    </p>
   </div>
   <div class='ocr_carea' id='block_1_38' title="bbox 1840 1989 3425 2084">
    <p class='ocr_par' dir='ltr' id='par_1_38' title="bbox 1841 2006 3425 2084">
     <span class='ocr_line' id='line_1_38' title="bbox 1841 2006 3425 2084; baseline 0.006 -24"><span class='ocrx_word' id='word_1_237' title='bbox 1841 2006 1923 2060; x_wconf 90' lang='lat' dir='ltr'><strong>vis</strong></span> <span class='ocrx_word' id='word_1_238' title='bbox 1952 2018 2097 2062; x_wconf 90' lang='lat' dir='ltr'><strong>recte</strong></span> <span class='ocrx_word' id='word_1_239' title='bbox 2138 2008 2336 2062; x_wconf 82' lang='lat' dir='ltr'><strong>sentiat</strong></span> <span class='ocrx_word' id='word_1_240' title='bbox 2370 2026 2380 2060; x_wconf 94' lang='lat'>:</span> <span class='ocrx_word' id='word_1_241' title='bbox 2418 2009 2646 2063; x_wconf 88' lang='lat' dir='ltr'><strong>adivina</strong></span> <span class='ocrx_word' id='word_1_242' title='bbox 2681 2012 3064 2067; x_wconf 88' lang='lat' dir='ltr'><strong>communione</strong></span> <span class='ocrx_word' id='word_1_243' title='bbox 3086 2014 3272 2084; x_wconf 85' lang='lat' dir='ltr'><strong>utique</strong></span> <span class='ocrx_word' id='word_1_244' title='bbox 3297 2016 3425 2070; x_wconf 85' lang='lat' dir='ltr'><strong>abs-</strong></span> 
     </span>
    </p>
   </div>
   <div class='ocr_carea' id='block_1_39' title="bbox 164 2078 1735 2170">
    <p class='ocr_par' dir='ltr' id='par_1_39' title="bbox 164 2078 1735 2162">
     <span class='ocr_line' id='line_1_39' title="bbox 164 2078 1735 2162; baseline 0.011 -28"><span class='ocrx_word' id='word_1_245' title='bbox 164 2081 371 2135; x_wconf 86' lang='grc' dir='ltr'>νεύειν.</span> <span class='ocrx_word' id='word_1_246' title='bbox 403 2078 529 2137; x_wconf 84' lang='grc' dir='ltr'>’Ὧδε</span> <span class='ocrx_word' id='word_1_247' title='bbox 557 2086 774 2140; x_wconf 87' lang='grc' dir='ltr'>δεκτέον</span> <span class='ocrx_word' id='word_1_248' title='bbox 803 2090 945 2160; x_wconf 84' lang='grc' dir='ltr'>τάχα</span> <span class='ocrx_word' id='word_1_249' title='bbox 970 2092 1063 2145; x_wconf 77' lang='grc' dir='ltr'>καὶ</span> <span class='ocrx_word' id='word_1_250' title='bbox 1086 2094 1412 2162; x_wconf 78' lang='grc' dir='ltr'>εὐλογοῦντα</span> <span class='ocrx_word' id='word_1_251' title='bbox 1458 2098 1617 2151; x_wconf 77' lang='grc' dir='ltr'>αὑτὸν</span> <span class='ocrx_word' id='word_1_252' title='bbox 1649 2100 1735 2152; x_wconf 69' lang='grc' dir='ltr'>καὶ</span> 
     </span>
    </p>
   </div>
   <div class='ocr_carea' id='block_1_40' title="bbox 1840 2078 3426 2170">
    <p class='ocr_par' dir='ltr' id='par_1_40' title="bbox 1844 2097 3426 2170">
     <span class='ocr_line' id='line_1_40' title="bbox 1844 2097 3426 2170; baseline 0.006 -19"><span class='ocrx_word' id='word_1_253' title='bbox 1844 2097 2130 2152; x_wconf 80' lang='lat' dir='ltr'><strong>tinendum</strong></span> <span class='ocrx_word' id='word_1_254' title='bbox 2181 2107 2284 2164; x_wconf 88' lang='lat' dir='ltr'><strong>est,</strong></span> <span class='ocrx_word' id='word_1_255' title='bbox 2341 2099 2450 2152; x_wconf 92' lang='lat' dir='ltr'><strong>imo</strong></span> <span class='ocrx_word' id='word_1_256' title='bbox 2478 2107 2535 2153; x_wconf 91' lang='lat' dir='ltr'><strong>et</strong></span> <span class='ocrx_word' id='word_1_257' title='bbox 2570 2115 2599 2153; x_wconf 90' lang='lat' dir='ltr'><strong>a</strong></span> <span class='ocrx_word' id='word_1_258' title='bbox 2637 2115 2825 2156; x_wconf 89' lang='lat' dir='ltr'><strong>mensa</strong></span> <span class='ocrx_word' id='word_1_259' title='bbox 2865 2103 3166 2170; x_wconf 89' lang='lat' dir='ltr'><strong>communi,</strong></span> <span class='ocrx_word' id='word_1_260' title='bbox 3220 2105 3265 2160; x_wconf 88' lang='lat' dir='ltr'><strong>si</strong></span> <span class='ocrx_word' id='word_1_261' title='bbox 3316 2105 3426 2160; x_wconf 91' lang='lat' dir='ltr'><strong>illic</strong></span> 
     </span>
    </p>
   </div>
   <div class='ocr_carea' id='block_1_41' title="bbox 156 2171 1741 2256">
    <p class='ocr_par' dir='ltr' id='par_1_41' title="bbox 156 2171 1741 2256">
     <span class='ocr_line' id='line_1_41' title="bbox 156 2171 1741 2256; baseline 0.009 -34"><span class='ocrx_word' id='word_1_262' title='bbox 156 2171 549 2241; x_wconf 74' lang='grc' dir='ltr'>ωμψὰλλοντα</span> <span class='ocrx_word' id='word_1_263' title='bbox 577 2191 592 2206; x_wconf 86' lang='grc'><strong>·</strong></span> <span class='ocrx_word' id='word_1_264' title='bbox 624 2176 828 2247; x_wconf 79' lang='grc' dir='ltr'>ἐάνπερ</span> <span class='ocrx_word' id='word_1_265' title='bbox 870 2181 1007 2251; x_wconf 83' lang='grc' dir='ltr'>μήτε</span> <span class='ocrx_word' id='word_1_266' title='bbox 1066 2183 1409 2254; x_wconf 82' lang='grc' dir='ltr'>αἱρετικῷ,ἢ</span> <span class='ocrx_word' id='word_1_267' title='bbox 1446 2185 1524 2255; x_wconf 82' lang='grc' dir='ltr'><strong>τῷ</strong></span> <span class='ocrx_word' id='word_1_268' title='bbox 1558 2187 1741 2256; x_wconf 82' lang='grc' dir='ltr'>οἰκείῳ</span> 
     </span>
    </p>
   </div>
   <div class='ocr_carea' id='block_1_42' title="bbox 154 2264 1739 2347">
    <p class='ocr_par' dir='ltr' id='par_1_42' title="bbox 154 2264 1739 2347">
     <span class='ocr_line' id='line_1_42' title="bbox 154 2264 1739 2347; baseline 0.011 -32"><span class='ocrx_word' id='word_1_269' title='bbox 154 2264 465 2336; x_wconf 80' lang='grc' dir='ltr'>ὲπισκόπῳ,</span> <span class='ocrx_word' id='word_1_270' title='bbox 499 2267 608 2320; x_wconf 85' lang='grc' dir='ltr'>εῐτε</span> <span class='ocrx_word' id='word_1_271' title='bbox 641 2268 747 2321; x_wconf 84' lang='grc' dir='ltr'>τινὶ</span> <span class='ocrx_word' id='word_1_272' title='bbox 774 2269 940 2341; x_wconf 71' lang='grc' dir='ltr'>ἄλλῳ,</span> <span class='ocrx_word' id='word_1_273' title='bbox 973 2279 1334 2347; x_wconf 79' lang='grc' dir='ltr'>συνιερουργῇ</span> <span class='ocrx_word' id='word_1_274' title='bbox 1364 2292 1377 2306; x_wconf 79' lang='grc'><em>’</em></span> <span class='ocrx_word' id='word_1_275' title='bbox 1401 2277 1431 2346; x_wconf 80' lang='grc' dir='ltr'>ἢ</span> <span class='ocrx_word' id='word_1_276' title='bbox 1460 2279 1516 2330; x_wconf 80' lang='grc' dir='ltr'><strong>έν</strong></span> <span class='ocrx_word' id='word_1_277' title='bbox 1543 2279 1739 2346; x_wconf 85' lang='grc' dir='ltr'>γνώσει</span> 
     </span>
    </p>
   </div>
   <div class='ocr_carea' id='block_1_43' title="bbox 154 2355 1734 2442">
    <p class='ocr_par' dir='ltr' id='par_1_43' title="bbox 154 2355 1734 2442">
     <span class='ocr_line' id='line_1_43' title="bbox 154 2355 1734 2442; baseline 0.011 -35"><span class='ocrx_word' id='word_1_278' title='bbox 154 2355 449 2424; x_wconf 88' lang='grc' dir='ltr'>μεταδίδοι.</span> <span class='ocrx_word' id='word_1_279' title='bbox 488 2358 552 2410; x_wconf 80' lang='lat' dir='ltr'><strong>Et</strong></span> <span class='ocrx_word' id='word_1_280' title='bbox 605 2357 774 2413; x_wconf 73' lang='grc' dir='ltr'>ἐσθίει</span> <span class='ocrx_word' id='word_1_281' title='bbox 807 2377 891 2422; x_wconf 88' lang='grc' dir='ltr'><strong>τις</strong></span> <span class='ocrx_word' id='word_1_282' title='bbox 930 2363 1068 2432; x_wconf 82' lang='grc' dir='ltr'><strong>μετά</strong></span> <span class='ocrx_word' id='word_1_283' title='bbox 1115 2367 1209 2418; x_wconf 87' lang='grc' dir='ltr'><strong>τοῦ</strong></span> <span class='ocrx_word' id='word_1_284' title='bbox 1259 2368 1669 2437; x_wconf 77' lang='grc' dir='ltr'>μοιχοζεύκτου,</span> <span class='ocrx_word' id='word_1_285' title='bbox 1701 2371 1734 2442; x_wconf 85' lang='grc' dir='ltr'>ἢ</span> 
     </span>
    </p>
   </div>
   <div class='ocr_carea' id='block_1_44' title="bbox 155 2449 1735 2535">
    <p class='ocr_par' dir='ltr' id='par_1_44' title="bbox 155 2449 1735 2535">
     <span class='ocr_line' id='line_1_44' title="bbox 155 2449 1735 2535; baseline 0.011 -35"><span class='ocrx_word' id='word_1_286' title='bbox 155 2449 280 2519; x_wconf 84' lang='grc' dir='ltr'>μεθ’</span> <span class='ocrx_word' id='word_1_287' title='bbox 310 2450 500 2519; x_wconf 79' lang='grc' dir='ltr'>ἐτέρου</span> <span class='ocrx_word' id='word_1_288' title='bbox 561 2452 840 2522; x_wconf 86' lang='grc' dir='ltr'>αίρετικοῦ</span> <span class='ocrx_word' id='word_1_289' title='bbox 893 2455 1242 2528; x_wconf 76' lang='grc' dir='ltr'>ἀδιαφόρως,</span> <span class='ocrx_word' id='word_1_290' title='bbox 1301 2461 1605 2529; x_wconf 84' lang='grc' dir='ltr'>φυλακτέον</span> <span class='ocrx_word' id='word_1_291' title='bbox 1660 2464 1735 2535; x_wconf 87' lang='grc' dir='ltr'>μὴ</span> 
     </span>
    </p>
   </div>
   <div class='ocr_carea' id='block_1_45' title="bbox 151 2540 1736 2624">
    <p class='ocr_par' dir='ltr' id='par_1_45' title="bbox 151 2540 1736 2624">
     <span class='ocr_line' id='line_1_45' title="bbox 151 2540 1736 2624; baseline 0.012 -34"><span class='ocrx_word' id='word_1_292' title='bbox 151 2540 541 2594; x_wconf 78' lang='grc' dir='ltr'>συνεστιᾶσθαι</span> <span class='ocrx_word' id='word_1_293' title='bbox 573 2545 684 2607; x_wconf 81' lang='grc' dir='ltr'>τοῖς</span> <span class='ocrx_word' id='word_1_294' title='bbox 711 2543 996 2609; x_wconf 84' lang='grc' dir='ltr'>τοιούτοις,</span> <span class='ocrx_word' id='word_1_295' title='bbox 1026 2547 1130 2600; x_wconf 82' lang='grc' dir='ltr'><strong>κάν</strong></span> <span class='ocrx_word' id='word_1_296' title='bbox 1156 2549 1553 2620; x_wconf 86' lang='grc' dir='ltr'>ύποκρίνωνται</span> <span class='ocrx_word' id='word_1_297' title='bbox 1577 2555 1736 2624; x_wconf 83' lang='grc' dir='ltr'>ὀρθο-</span> 
     </span>
    </p>
   </div>
   <div class='ocr_carea' id='block_1_46' title="bbox 149 2631 1735 2713">
    <p class='ocr_par' dir='ltr' id='par_1_46' title="bbox 149 2631 1735 2713">
     <span class='ocr_line' id='line_1_46' title="bbox 149 2631 1735 2713; baseline 0.009 -26"><span class='ocrx_word' id='word_1_298' title='bbox 149 2631 348 2697; x_wconf 77' lang='grc' dir='ltr'>δοξεῖν.</span> <span class='ocrx_word' id='word_1_299' title='bbox 389 2635 466 2687; x_wconf 77' lang='grc' dir='ltr'><strong>Οὐ</strong></span> <span class='ocrx_word' id='word_1_300' title='bbox 493 2635 602 2707; x_wconf 85' lang='grc' dir='ltr'><strong>γάρ</strong></span> <span class='ocrx_word' id='word_1_301' title='bbox 635 2636 972 2704; x_wconf 83' lang='grc' dir='ltr'>φυλάσσουσι</span> <span class='ocrx_word' id='word_1_302' title='bbox 997 2639 1057 2692; x_wconf 85' lang='grc' dir='ltr'><strong>τὸ</strong></span> <span class='ocrx_word' id='word_1_303' title='bbox 1089 2642 1420 2713; x_wconf 83' lang='grc' dir='ltr'>πρόσταγμα</span> <span class='ocrx_word' id='word_1_304' title='bbox 1440 2646 1532 2698; x_wconf 80' lang='grc' dir='ltr'><strong>τοῦ</strong></span> <span class='ocrx_word' id='word_1_305' title='bbox 1575 2648 1735 2702; x_wconf 65' lang='grc' dir='ltr'>Ἀποσ</span> 
     </span>
    </p>
   </div>
   <div class='ocr_carea' id='block_1_47' title="bbox 152 2725 1723 2803">
    <p class='ocr_par' dir='ltr' id='par_1_47' title="bbox 152 2725 1723 2803">
     <span class='ocr_line' id='line_1_47' title="bbox 152 2725 1723 2803; baseline 0.011 -27"><span class='ocrx_word' id='word_1_306' title='bbox 152 2725 365 2786; x_wconf 78' lang='grc' dir='ltr'>στόλου,</span> <span class='ocrx_word' id='word_1_307' title='bbox 391 2725 520 2792; x_wconf 84' lang='grc' dir='ltr'>Τοῖς</span> <span class='ocrx_word' id='word_1_308' title='bbox 541 2728 845 2796; x_wconf 78' lang='grc' dir='ltr'>τοιούτοις,</span> <span class='ocrx_word' id='word_1_309' title='bbox 875 2729 1145 2800; x_wconf 87' lang='grc' dir='ltr'>λέγοντος,</span> <span class='ocrx_word' id='word_1_310' title='bbox 1171 2735 1326 2803; x_wconf 80' lang='grc' dir='ltr'>μηδὲ</span> <span class='ocrx_word' id='word_1_311' title='bbox 1349 2741 1723 2794; x_wconf 76' lang='grc' dir='ltr'>συνεσθίειν.</span> 
     </span>
    </p>
   </div>
   <div class='ocr_carea' id='block_1_48' title="bbox 151 2816 1736 2899">
    <p class='ocr_par' dir='ltr' id='par_1_48' title="bbox 151 2816 1736 2899">
     <span class='ocr_line' id='line_1_48' title="bbox 151 2816 1736 2899; baseline 0.012 -29"><span class='ocrx_word' id='word_1_312' title='bbox 151 2816 344 2878; x_wconf 75' lang='grc' dir='ltr'>ιῖλέον,</span> <span class='ocrx_word' id='word_1_313' title='bbox 383 2817 480 2871; x_wconf 85' lang='grc' dir='ltr'>οὐκ</span> <span class='ocrx_word' id='word_1_314' title='bbox 509 2819 891 2893; x_wconf 79' lang='grc' dir='ltr'>ἐξερευνητέον</span> <span class='ocrx_word' id='word_1_315' title='bbox 921 2825 954 2896; x_wconf 76' lang='grc' dir='ltr'>ἢ</span> <span class='ocrx_word' id='word_1_316' title='bbox 993 2825 1131 2896; x_wconf 87' lang='grc' dir='ltr'>μετὰ</span> <span class='ocrx_word' id='word_1_317' title='bbox 1155 2828 1251 2881; x_wconf 89' lang='grc' dir='ltr'><strong>τοῦ</strong></span> <span class='ocrx_word' id='word_1_318' title='bbox 1295 2834 1736 2899; x_wconf 82' lang='grc' dir='ltr'>συνεστιαθέντος</span> 
     </span>
    </p>
   </div>
   <div class='ocr_carea' id='block_1_49' title="bbox 153 2909 1736 2996">
    <p class='ocr_par' dir='ltr' id='par_1_49' title="bbox 153 2909 1736 2996">
     <span class='ocr_line' id='line_1_49' title="bbox 153 2909 1736 2996; baseline 0.01 -32"><span class='ocrx_word' id='word_1_319' title='bbox 153 2909 227 2979; x_wconf 84' lang='grc' dir='ltr'>τῷ</span> <span class='ocrx_word' id='word_1_320' title='bbox 277 2909 579 2982; x_wconf 77' lang='grc' dir='ltr'>αίρετικῷο</span> <span class='ocrx_word' id='word_1_321' title='bbox 637 2913 759 2967; x_wconf 83' lang='grc' dir='ltr'>δσδε</span> <span class='ocrx_word' id='word_1_322' title='bbox 812 2917 1142 2990; x_wconf 82' lang='grc' dir='ltr'>συνεστιάθη</span> <span class='ocrx_word' id='word_1_323' title='bbox 1194 2919 1398 2990; x_wconf 80' lang='grc' dir='ltr'>ζητεῖν,</span> <span class='ocrx_word' id='word_1_324' title='bbox 1449 2925 1544 2978; x_wconf 78' lang='grc' dir='ltr'>καὶ</span> <span class='ocrx_word' id='word_1_325' title='bbox 1598 2927 1736 2996; x_wconf 86' lang='grc' dir='ltr'><strong>μετά</strong></span> 
     </span>
    </p>
   </div>
   <div class='ocr_carea' id='block_1_50' title="bbox 148 3000 1732 3085">
    <p class='ocr_par' dir='ltr' id='par_1_50' title="bbox 148 3000 1732 3085">
     <span class='ocr_line' id='line_1_50' title="bbox 148 3000 1732 3085; baseline 0.011 -32"><span class='ocrx_word' id='word_1_326' title='bbox 148 3000 303 3054; x_wconf 84' lang='grc' dir='ltr'>τοῦδε</span> <span class='ocrx_word' id='word_1_327' title='bbox 360 3001 587 3073; x_wconf 78' lang='grc' dir='ltr'>ἕτερος·</span> <span class='ocrx_word' id='word_1_328' title='bbox 625 3005 922 3061; x_wconf 85' lang='grc' dir='ltr'>κάντεῦθεν</span> <span class='ocrx_word' id='word_1_329' title='bbox 972 3011 1359 3082; x_wconf 79' lang='grc' dir='ltr'>ἀνασειράξειν</span> <span class='ocrx_word' id='word_1_330' title='bbox 1410 3017 1501 3069; x_wconf 82' lang='grc' dir='ltr'>τὸν</span> <span class='ocrx_word' id='word_1_331' title='bbox 1553 3016 1732 3085; x_wconf 88' lang='grc' dir='ltr'>λόγον,</span> 
     </span>
    </p>
   </div>
   <div class='ocr_carea' id='block_1_51' title="bbox 150 3093 1730 3180">
    <p class='ocr_par' dir='ltr' id='par_1_51' title="bbox 150 3093 1730 3180">
     <span class='ocr_line' id='line_1_51' title="bbox 150 3093 1730 3180; baseline 0.013 -36"><span class='ocrx_word' id='word_1_332' title='bbox 150 3095 242 3146; x_wconf 76' lang='grc' dir='ltr'>καὶ</span> <span class='ocrx_word' id='word_1_333' title='bbox 287 3093 628 3162; x_wconf 83' lang='grc' dir='ltr'>ἀφίστασθαι</span> <span class='ocrx_word' id='word_1_334' title='bbox 683 3097 924 3152; x_wconf 82' lang='grc' dir='ltr'>πάντων.</span> <span class='ocrx_word' id='word_1_335' title='bbox 965 3100 1374 3174; x_wconf 84' lang='grc' dir='ltr'>Ἐθελόγνωμον</span> <span class='ocrx_word' id='word_1_336' title='bbox 1406 3107 1465 3160; x_wconf 82' lang='grc' dir='ltr'>τὸ</span> <span class='ocrx_word' id='word_1_337' title='bbox 1517 3109 1730 3180; x_wconf 85' lang='grc' dir='ltr'>χρῆμα,</span> 
     </span>
    </p>
   </div>
   <div class='ocr_carea' id='block_1_52' title="bbox 1839 2192 3424 2264">
    <p class='ocr_par' dir='ltr' id='par_1_52' title="bbox 1839 2192 3424 2264">
     <span class='ocr_line' id='line_1_52' title="bbox 1839 2192 3424 2264; baseline 0.008 -22"><span class='ocrx_word' id='word_1_338' title='bbox 1839 2203 2055 2258; x_wconf 87' lang='lat' dir='ltr'><strong>quoque</strong></span> <span class='ocrx_word' id='word_1_339' title='bbox 2103 2192 2612 2246; x_wconf 87' lang='lat' dir='ltr'><strong>commemorandus</strong></span> <span class='ocrx_word' id='word_1_340' title='bbox 2667 2193 2756 2247; x_wconf 93' lang='lat' dir='ltr'><strong>sit.</strong></span> <span class='ocrx_word' id='word_1_341' title='bbox 2812 2193 2888 2248; x_wconf 91' lang='lat' dir='ltr'><strong>Ita</strong></span> <span class='ocrx_word' id='word_1_342' title='bbox 2940 2195 3285 2264; x_wconf 80' lang='lat' dir='ltr'><strong>recipiendus</strong></span> <span class='ocrx_word' id='word_1_343' title='bbox 3336 2199 3424 2254; x_wconf 91' lang='lat' dir='ltr'><strong>ille</strong></span> 
     </span>
    </p>
   </div>
   <div class='ocr_carea' id='block_1_53' title="bbox 1840 2280 3422 2355">
    <p class='ocr_par' dir='ltr' id='par_1_53' title="bbox 1840 2280 3422 2355">
     <span class='ocr_line' id='line_1_53' title="bbox 1840 2280 3422 2355; baseline 0.006 -21"><span class='ocrx_word' id='word_1_344' title='bbox 1840 2280 2067 2337; x_wconf 77' lang='lat' dir='ltr'><strong>fortasse</strong></span> <span class='ocrx_word' id='word_1_345' title='bbox 2099 2283 2163 2337; x_wconf 89' lang='lat' dir='ltr'><strong>ad</strong></span> <span class='ocrx_word' id='word_1_346' title='bbox 2194 2283 2624 2339; x_wconf 87' lang='lat' dir='ltr'><strong>benedictionem</strong></span> <span class='ocrx_word' id='word_1_347' title='bbox 2650 2293 2704 2339; x_wconf 89' lang='lat' dir='ltr'><strong>et</strong></span> <span class='ocrx_word' id='word_1_348' title='bbox 2733 2284 2798 2340; x_wconf 91' lang='lat' dir='ltr'><strong>ad</strong></span> <span class='ocrx_word' id='word_1_349' title='bbox 2823 2286 3198 2355; x_wconf 87' lang='lat' dir='ltr'><strong>psalmodiam,</strong></span> <span class='ocrx_word' id='word_1_350' title='bbox 3226 2289 3269 2343; x_wconf 88' lang='lat' dir='ltr'><strong>si</strong></span> <span class='ocrx_word' id='word_1_351' title='bbox 3298 2304 3422 2343; x_wconf 88' lang='lat' dir='ltr'><strong>cum</strong></span> 
     </span>
    </p>
   </div>
   <div class='ocr_carea' id='block_1_54' title="bbox 1841 2372 3423 2444">
    <p class='ocr_par' dir='ltr' id='par_1_54' title="bbox 1841 2372 3423 2444">
     <span class='ocr_line' id='line_1_54' title="bbox 1841 2372 3423 2444; baseline 0.004 -19"><span class='ocrx_word' id='word_1_352' title='bbox 1841 2372 2100 2428; x_wconf 83' lang='lat' dir='ltr'><strong>haeretico</strong></span> <span class='ocrx_word' id='word_1_353' title='bbox 2131 2374 2407 2444; x_wconf 88' lang='lat' dir='ltr'><strong>episcopo,</strong></span> <span class='ocrx_word' id='word_1_354' title='bbox 2439 2375 2555 2430; x_wconf 84' lang='lat' dir='ltr'><strong>sive</strong></span> <span class='ocrx_word' id='word_1_355' title='bbox 2587 2389 2710 2440; x_wconf 91' lang='lat' dir='ltr'><strong>suo,</strong></span> <span class='ocrx_word' id='word_1_356' title='bbox 2757 2377 2872 2430; x_wconf 88' lang='lat' dir='ltr'><strong>sive</strong></span> <span class='ocrx_word' id='word_1_357' title='bbox 2895 2377 3090 2442; x_wconf 87' lang='lat' dir='ltr'><strong>altero,</strong></span> <span class='ocrx_word' id='word_1_358' title='bbox 3115 2392 3225 2432; x_wconf 91' lang='lat' dir='ltr'><strong>non</strong></span> <span class='ocrx_word' id='word_1_359' title='bbox 3257 2380 3423 2432; x_wconf 89' lang='lat' dir='ltr'><strong>sacri-</strong></span> 
     </span>
    </p>
   </div>
   <div class='ocr_carea' id='block_1_55' title="bbox 1839 2466 3424 2539">
    <p class='ocr_par' dir='ltr' id='par_1_55' title="bbox 1839 2466 3424 2539">
     <span class='ocr_line' id='line_1_55' title="bbox 1839 2466 3424 2539; baseline 0.002 -19"><span class='ocrx_word' id='word_1_360' title='bbox 1839 2466 1984 2531; x_wconf 85' lang='lat' dir='ltr'><strong>ﬁcet,</strong></span> <span class='ocrx_word' id='word_1_361' title='bbox 2017 2482 2120 2522; x_wconf 90' lang='lat' dir='ltr'><strong>nec</strong></span> <span class='ocrx_word' id='word_1_362' title='bbox 2142 2467 2216 2520; x_wconf 90' lang='lat' dir='ltr'><strong>illi</strong></span> <span class='ocrx_word' id='word_1_363' title='bbox 2242 2468 2420 2522; x_wconf 92' lang='lat' dir='ltr'><strong>sciens</strong></span> <span class='ocrx_word' id='word_1_364' title='bbox 2461 2468 2773 2522; x_wconf 86' lang='lat' dir='ltr'><strong>distribuat.</strong></span> <span class='ocrx_word' id='word_1_365' title='bbox 2803 2468 2860 2523; x_wconf 91' lang='lat' dir='ltr'><strong>Si</strong></span> <span class='ocrx_word' id='word_1_366' title='bbox 2887 2468 3011 2538; x_wconf 83' lang='lat' dir='ltr'><strong>quis</strong></span> <span class='ocrx_word' id='word_1_367' title='bbox 3036 2469 3216 2524; x_wconf 87' lang='lat' dir='ltr'><strong>cibum</strong></span> <span class='ocrx_word' id='word_1_368' title='bbox 3241 2471 3424 2539; x_wconf 88' lang='lat' dir='ltr'><strong>capiat</strong></span> 
     </span>
    </p>
   </div>
   <div class='ocr_carea' id='block_1_56' title="bbox 1839 2559 3422 2631">
    <p class='ocr_par' dir='ltr' id='par_1_56' title="bbox 1839 2559 3422 2631">
     <span class='ocr_line' id='line_1_56' title="bbox 1839 2559 3422 2631; baseline 0.003 -20"><span class='ocrx_word' id='word_1_369' title='bbox 1839 2572 1963 2612; x_wconf 90' lang='lat' dir='ltr'><strong>cum</strong></span> <span class='ocrx_word' id='word_1_370' title='bbox 2027 2559 2256 2613; x_wconf 90' lang='lat' dir='ltr'><strong>adulteri</strong></span> <span class='ocrx_word' id='word_1_371' title='bbox 2314 2560 2646 2630; x_wconf 89' lang='lat' dir='ltr'><strong>copulatore,</strong></span> <span class='ocrx_word' id='word_1_372' title='bbox 2703 2568 2796 2614; x_wconf 88' lang='lat' dir='ltr'><strong>aut</strong></span> <span class='ocrx_word' id='word_1_373' title='bbox 2865 2575 2988 2615; x_wconf 91' lang='lat' dir='ltr'><strong>cum</strong></span> <span class='ocrx_word' id='word_1_374' title='bbox 3045 2560 3153 2615; x_wconf 86' lang='lat' dir='ltr'><strong>alio</strong></span> <span class='ocrx_word' id='word_1_375' title='bbox 3227 2562 3422 2631; x_wconf 88' lang='lat' dir='ltr'><strong>quovis</strong></span> 
     </span>
    </p>
   </div>
   <div class='ocr_carea' id='block_1_57' title="bbox 1838 2650 3422 2708">
    <p class='ocr_par' dir='ltr' id='par_1_57' title="bbox 1838 2650 3422 2708">
     <span class='ocr_line' id='line_1_57' title="bbox 1838 2650 3422 2708; baseline 0.002 -4"><span class='ocrx_word' id='word_1_376' title='bbox 1838 2651 2096 2705; x_wconf 71' lang='lat' dir='ltr'><strong>ha=retieo</strong></span> <span class='ocrx_word' id='word_1_377' title='bbox 2127 2650 2501 2706; x_wconf 80' lang='lat' dir='ltr'><strong>indiﬂ&#39;ercnter</strong></span> <span class='ocrx_word' id='word_1_378' title='bbox 2527 2669 2543 2706; x_wconf 85' lang='lat'><strong>:</strong></span> <span class='ocrx_word' id='word_1_379' title='bbox 2574 2652 2878 2707; x_wconf 89' lang='lat' dir='ltr'><strong>cavendum</strong></span> <span class='ocrx_word' id='word_1_380' title='bbox 2922 2661 3006 2708; x_wconf 88' lang='lat' dir='ltr'><strong>est</strong></span> <span class='ocrx_word' id='word_1_381' title='bbox 3035 2667 3104 2707; x_wconf 90' lang='lat' dir='ltr'><strong>ne</strong></span> <span class='ocrx_word' id='word_1_382' title='bbox 3137 2667 3261 2707; x_wconf 90' lang='lat' dir='ltr'><strong>cum</strong></span> <span class='ocrx_word' id='word_1_383' title='bbox 3295 2653 3422 2708; x_wconf 81' lang='lat' dir='ltr'><strong>tali-</strong></span> 
     </span>
    </p>
   </div>
   <div class='ocr_carea' id='block_1_58' title="bbox 1837 2739 3419 2812">
    <p class='ocr_par' dir='ltr' id='par_1_58' title="bbox 1837 2739 3419 2812">
     <span class='ocr_line' id='line_1_58' title="bbox 1837 2739 3419 2812; baseline 0.002 -19"><span class='ocrx_word' id='word_1_384' title='bbox 1837 2739 1940 2794; x_wconf 85' lang='lat' dir='ltr'><strong>bus</strong></span> <span class='ocrx_word' id='word_1_385' title='bbox 1991 2740 2327 2803; x_wconf 88' lang='lat' dir='ltr'><strong>comedatur,</strong></span> <span class='ocrx_word' id='word_1_386' title='bbox 2366 2739 2493 2794; x_wconf 90' lang='lat' dir='ltr'><strong>licet</strong></span> <span class='ocrx_word' id='word_1_387' title='bbox 2521 2749 2667 2794; x_wconf 90' lang='lat' dir='ltr'><strong>recte</strong></span> <span class='ocrx_word' id='word_1_388' title='bbox 2705 2740 2910 2796; x_wconf 90' lang='lat' dir='ltr'><strong>sentire</strong></span> <span class='ocrx_word' id='word_1_389' title='bbox 2953 2756 3014 2795; x_wconf 87' lang='lat' dir='ltr'><strong>se</strong></span> <span class='ocrx_word' id='word_1_390' title='bbox 3052 2741 3275 2812; x_wconf 82' lang='lat' dir='ltr'><strong>ﬁngant.</strong></span> <span class='ocrx_word' id='word_1_391' title='bbox 3299 2741 3419 2796; x_wconf 84' lang='lat' dir='ltr'><strong>Non</strong></span> 
     </span>
    </p>
   </div>
   <div class='ocr_carea' id='block_1_59' title="bbox 1835 2830 3421 2902">
    <p class='ocr_par' dir='ltr' id='par_1_59' title="bbox 1835 2830 3421 2902">
     <span class='ocr_line' id='line_1_59' title="bbox 1835 2830 3421 2902; baseline 0.003 -18"><span class='ocrx_word' id='word_1_392' title='bbox 1835 2831 1982 2884; x_wconf 89' lang='lat' dir='ltr'><strong>enim</strong></span> <span class='ocrx_word' id='word_1_393' title='bbox 2017 2831 2309 2885; x_wconf 85' lang='lat' dir='ltr'><strong>observant</strong></span> <span class='ocrx_word' id='word_1_394' title='bbox 2358 2839 2691 2901; x_wconf 64' lang='lat' dir='ltr'><strong>praeceptum</strong></span> <span class='ocrx_word' id='word_1_395' title='bbox 2723 2831 2968 2902; x_wconf 82' lang='lat' dir='ltr'><strong>Apostoli</strong></span> <span class='ocrx_word' id='word_1_396' title='bbox 3005 2849 3018 2886; x_wconf 90' lang='lat'><strong>:</strong></span> <span class='ocrx_word' id='word_1_397' title='bbox 3057 2830 3187 2888; x_wconf 83' lang='lat' dir='ltr'><strong>Cum</strong></span> <span class='ocrx_word' id='word_1_398' title='bbox 3229 2832 3421 2901; x_wconf 78' lang='lat' dir='ltr'><strong>hujus-</strong></span> 
     </span>
    </p>
   </div>
   <div class='ocr_carea' id='block_1_60' title="bbox 1835 2920 3413 2988">
    <p class='ocr_par' dir='ltr' id='par_1_60' title="bbox 1835 2920 3413 2988">
     <span class='ocr_line' id='line_1_60' title="bbox 1835 2920 3413 2988; baseline 0.002 -14"><span class='ocrx_word' id='word_1_399' title='bbox 1835 2920 1978 2974; x_wconf 79' lang='lat' dir='ltr'><strong>modi</strong></span> <span class='ocrx_word' id='word_1_400' title='bbox 2002 2936 2091 2973; x_wconf 86' lang='lat' dir='ltr'><strong>nec</strong></span> <span class='ocrx_word' id='word_1_401' title='bbox 2125 2921 2294 2974; x_wconf 84' lang='lat' dir='ltr'><strong>cibum</strong></span> <span class='ocrx_word' id='word_1_402' title='bbox 2335 2938 2538 2974; x_wconf 80' lang='lat' dir='ltr'><strong>sumere</strong></span> <span class='ocrx_word' id='word_1_403' title='bbox 2561 2922 2602 2952; x_wconf 85' lang='grc'><strong>⁶¹</strong></span> <span class='ocrx_word' id='word_1_404' title='bbox 2639 2924 2930 2977; x_wconf 86' lang='lat' dir='ltr'><strong>monentis.</strong></span> <span class='ocrx_word' id='word_1_405' title='bbox 2977 2922 3270 2988; x_wconf 71' lang='lat' dir='ltr'><strong>Caeterum,</strong></span> <span class='ocrx_word' id='word_1_406' title='bbox 3303 2939 3413 2977; x_wconf 85' lang='lat' dir='ltr'><strong>non</strong></span> 
     </span>
    </p>
   </div>
   <div class='ocr_carea' id='block_1_61' title="bbox 1835 3011 3418 3085">
    <p class='ocr_par' dir='ltr' id='par_1_61' title="bbox 1835 3011 3418 3085">
     <span class='ocr_line' id='line_1_61' title="bbox 1835 3011 3418 3085; baseline 0.004 -21"><span class='ocrx_word' id='word_1_407' title='bbox 1835 3011 2068 3081; x_wconf 87' lang='lat' dir='ltr'><strong>amplius</strong></span> <span class='ocrx_word' id='word_1_408' title='bbox 2098 3012 2422 3078; x_wconf 77' lang='lat' dir='ltr'><strong>investigare</strong></span> <span class='ocrx_word' id='word_1_409' title='bbox 2449 3021 2683 3082; x_wconf 85' lang='lat' dir='ltr'><strong>oportet,</strong></span> <span class='ocrx_word' id='word_1_410' title='bbox 2706 3022 2800 3068; x_wconf 87' lang='lat' dir='ltr'><strong>aut</strong></span> <span class='ocrx_word' id='word_1_411' title='bbox 2823 3015 3131 3085; x_wconf 78' lang='lat' dir='ltr'><strong>exquirere,</strong></span> <span class='ocrx_word' id='word_1_412' title='bbox 3163 3024 3344 3068; x_wconf 90' lang='lat' dir='ltr'><strong>utrum</strong></span> <span class='ocrx_word' id='word_1_413' title='bbox 3371 3016 3418 3070; x_wconf 89' lang='lat' dir='ltr'><strong>is</strong></span> 
     </span>
    </p>
   </div>
   <div class='ocr_carea' id='block_1_62' title="bbox 1837 3102 3414 3172">
    <p class='ocr_par' dir='ltr' id='par_1_62' title="bbox 1837 3102 3414 3172">
     <span class='ocr_line' id='line_1_62' title="bbox 1837 3102 3414 3172; baseline 0.001 -14"><span class='ocrx_word' id='word_1_414' title='bbox 1837 3102 2139 3159; x_wconf 87' lang='lat' dir='ltr'><strong>comederit</strong></span> <span class='ocrx_word' id='word_1_415' title='bbox 2187 3117 2312 3156; x_wconf 86' lang='lat' dir='ltr'><strong>cum</strong></span> <span class='ocrx_word' id='word_1_416' title='bbox 2341 3117 2407 3157; x_wconf 90' lang='lat' dir='ltr'><strong>eo</strong></span> <span class='ocrx_word' id='word_1_417' title='bbox 2441 3104 2687 3172; x_wconf 89' lang='lat' dir='ltr'><strong>quicum</strong></span> <span class='ocrx_word' id='word_1_418' title='bbox 2734 3104 2991 3159; x_wconf 63' lang='lat' dir='ltr'><strong>hmretico</strong></span> <span class='ocrx_word' id='word_1_419' title='bbox 3038 3105 3219 3160; x_wconf 89' lang='lat' dir='ltr'><strong>cibum</strong></span> <span class='ocrx_word' id='word_1_420' title='bbox 3264 3122 3414 3160; x_wconf 87' lang='lat' dir='ltr'><strong>sum-</strong></span> 
     </span>
    </p>
   </div>
   <div class='ocr_carea' id='block_1_63' title="bbox 152 3184 1735 3269">
    <p class='ocr_par' dir='ltr' id='par_1_63' title="bbox 152 3184 1725 3269">
     <span class='ocr_line' id='line_1_63' title="bbox 152 3184 1725 3269; baseline 0.013 -35"><span class='ocrx_word' id='word_1_421' title='bbox 152 3186 242 3236; x_wconf 79' lang='grc' dir='ltr'><strong>καὶ</strong></span> <span class='ocrx_word' id='word_1_422' title='bbox 273 3185 336 3237; x_wconf 83' lang='grc' dir='ltr'><strong>ού</strong></span> <span class='ocrx_word' id='word_1_423' title='bbox 373 3184 486 3239; x_wconf 85' lang='grc' dir='ltr'><strong>τῶν</strong></span> <span class='ocrx_word' id='word_1_424' title='bbox 514 3187 709 3255; x_wconf 82' lang='grc' dir='ltr'>ἁγίων.</span> <span class='ocrx_word' id='word_1_425' title='bbox 731 3190 920 3259; x_wconf 77' lang='grc' dir='ltr'>Μέχρι</span> <span class='ocrx_word' id='word_1_426' title='bbox 948 3188 1058 3263; x_wconf 75' lang='grc' dir='ltr'><strong>γάρ</strong></span> <span class='ocrx_word' id='word_1_427' title='bbox 1088 3196 1325 3260; x_wconf 84' lang='grc' dir='ltr'>τούτου,</span> <span class='ocrx_word' id='word_1_428' title='bbox 1352 3201 1505 3267; x_wconf 72' lang='grc' dir='ltr'>φησι,</span> <span class='ocrx_word' id='word_1_429' title='bbox 1525 3199 1725 3269; x_wconf 82' lang='grc' dir='ltr'>στῆθι,</span> 
     </span>
    </p>
   </div>
   <div class='ocr_carea' id='block_1_64' title="bbox 1840 3184 3418 3269">
    <p class='ocr_par' dir='ltr' id='par_1_64' title="bbox 1840 3195 3418 3266">
     <span class='ocr_line' id='line_1_64' title="bbox 1840 3195 3418 3266; baseline -0.001 -15"><span class='ocrx_word' id='word_1_430' title='bbox 1840 3197 2020 3266; x_wconf 87' lang='lat' dir='ltr'><strong>pserit,</strong></span> <span class='ocrx_word' id='word_1_431' title='bbox 2058 3206 2112 3250; x_wconf 92' lang='lat' dir='ltr'><strong>et</strong></span> <span class='ocrx_word' id='word_1_432' title='bbox 2156 3210 2279 3249; x_wconf 90' lang='lat' dir='ltr'><strong>cum</strong></span> <span class='ocrx_word' id='word_1_433' title='bbox 2330 3195 2423 3249; x_wconf 92' lang='lat' dir='ltr'><strong>illo</strong></span> <span class='ocrx_word' id='word_1_434' title='bbox 2464 3195 2601 3249; x_wconf 90' lang='lat' dir='ltr'><strong>alter</strong></span> <span class='ocrx_word' id='word_1_435' title='bbox 2634 3213 2647 3249; x_wconf 90' lang='lat'>:</span> <span class='ocrx_word' id='word_1_436' title='bbox 2698 3207 2860 3265; x_wconf 88' lang='lat' dir='ltr'><strong>atque</strong></span> <span class='ocrx_word' id='word_1_437' title='bbox 2904 3195 2976 3250; x_wconf 88' lang='lat' dir='ltr'><strong>ita</strong></span> <span class='ocrx_word' id='word_1_438' title='bbox 3011 3197 3176 3250; x_wconf 88' lang='lat' dir='ltr'><strong>alium</strong></span> <span class='ocrx_word' id='word_1_439' title='bbox 3216 3211 3282 3252; x_wconf 82' lang='lat' dir='ltr'><strong>ex</strong></span> <span class='ocrx_word' id='word_1_440' title='bbox 3310 3196 3418 3251; x_wconf 90' lang='lat' dir='ltr'><strong>alio</strong></span> 
     </span>
    </p>
   </div>
   <div class='ocr_carea' id='block_1_65' title="bbox 148 3274 1731 3356">
    <p class='ocr_par' dir='ltr' id='par_1_65' title="bbox 148 3274 1731 3356">
     <span class='ocr_line' id='line_1_65' title="bbox 148 3274 1731 3356; baseline 0.009 -28"><span class='ocrx_word' id='word_1_441' title='bbox 148 3274 245 3329; x_wconf 75' lang='grc' dir='ltr'><strong>καί</strong></span> <span class='ocrx_word' id='word_1_442' title='bbox 309 3278 425 3345; x_wconf 87' lang='grc' dir='ltr'>οὐχ</span> <span class='ocrx_word' id='word_1_443' title='bbox 474 3277 814 3349; x_wconf 76' lang='grc' dir='ltr'>ὑπερϐήσῃ.</span> <span class='ocrx_word' id='word_1_444' title='bbox 843 3281 937 3352; x_wconf 82' lang='grc' dir='ltr'><strong>Μὴ</strong></span> <span class='ocrx_word' id='word_1_445' title='bbox 991 3282 1102 3355; x_wconf 84' lang='grc' dir='ltr'>γὰρ</span> <span class='ocrx_word' id='word_1_446' title='bbox 1158 3285 1260 3338; x_wconf 84' lang='grc' dir='ltr'>οὐκ</span> <span class='ocrx_word' id='word_1_447' title='bbox 1301 3286 1524 3356; x_wconf 76' lang='grc' dir='ltr'>ᾔδεισαν</span> <span class='ocrx_word' id='word_1_448' title='bbox 1556 3288 1731 3343; x_wconf 86' lang='grc' dir='ltr'>ταῦτα</span> 
     </span>
    </p>
   </div>
   <div class='ocr_carea' id='block_1_66' title="bbox 150 3367 1728 3451">
    <p class='ocr_par' dir='ltr' id='par_1_66' title="bbox 150 3367 1728 3451">
     <span class='ocr_line' id='line_1_66' title="bbox 150 3367 1728 3451; baseline 0.011 -33"><span class='ocrx_word' id='word_1_449' title='bbox 150 3367 441 3439; x_wconf 77' lang='grc' dir='ltr'>ὲξερευνᾷν</span> <span class='ocrx_word' id='word_1_450' title='bbox 485 3370 581 3423; x_wconf 77' lang='grc' dir='ltr'>καὶ</span> <span class='ocrx_word' id='word_1_451' title='bbox 619 3371 1034 3440; x_wconf 84' lang='grc' dir='ltr'>διαγγέλλεσθαι</span> <span class='ocrx_word' id='word_1_452' title='bbox 1097 3377 1272 3448; x_wconf 60' lang='lat' dir='ltr'><strong>mihi;</strong></span> <span class='ocrx_word' id='word_1_453' title='bbox 1315 3378 1429 3431; x_wconf 86' lang='grc' dir='ltr'>ἀλλ’</span> <span class='ocrx_word' id='word_1_454' title='bbox 1457 3380 1728 3451; x_wconf 79' lang='grc' dir='ltr'>οὐδαμῶς.</span> 
     </span>
    </p>
   </div>
   <div class='ocr_carea' id='block_1_67' title="bbox 150 3454 1731 3538">
    <p class='ocr_par' dir='ltr' id='par_1_67' title="bbox 150 3454 1731 3538">
     <span class='ocr_line' id='line_1_67' title="bbox 150 3454 1731 3538; baseline 0.011 -28"><span class='ocrx_word' id='word_1_455' title='bbox 150 3459 239 3511; x_wconf 74' lang='grc' dir='ltr'>Διὸ</span> <span class='ocrx_word' id='word_1_456' title='bbox 278 3459 382 3512; x_wconf 86' lang='grc' dir='ltr'><strong>ούκ</strong></span> <span class='ocrx_word' id='word_1_457' title='bbox 414 3460 605 3514; x_wconf 71' lang='grc' dir='ltr'>ἐσθλὸν</span> <span class='ocrx_word' id='word_1_458' title='bbox 647 3464 996 3532; x_wconf 78' lang='grc' dir='ltr'>μεταϐαίνειν</span> <span class='ocrx_word' id='word_1_459' title='bbox 1043 3454 1169 3538; x_wconf 83' lang='grc' dir='ltr'>ὅρια</span> <span class='ocrx_word' id='word_1_460' title='bbox 1198 3469 1233 3523; x_wconf 79' lang='grc' dir='ltr'><strong>ἃ</strong></span> <span class='ocrx_word' id='word_1_461' title='bbox 1263 3469 1446 3523; x_wconf 73' lang='grc' dir='ltr'>ἔθεντο</span> <span class='ocrx_word' id='word_1_462' title='bbox 1473 3473 1522 3524; x_wconf 80' lang='lat' dir='ltr'><strong>oi</strong></span> <span class='ocrx_word' id='word_1_463' title='bbox 1555 3473 1731 3527; x_wconf 80' lang='grc' dir='ltr'>Πατέ-</span> 
     </span>
    </p>
   </div>
   <div class='ocr_carea' id='block_1_68' title="bbox 151 3547 1730 3631">
    <p class='ocr_par' dir='ltr' id='par_1_68' title="bbox 151 3547 1730 3631">
     <span class='ocr_line' id='line_1_68' title="bbox 151 3547 1730 3631; baseline 0.011 -31"><span class='ocrx_word' id='word_1_464' title='bbox 151 3565 241 3619; x_wconf 82' lang='grc' dir='ltr'><strong>ρες</strong></span> <span class='ocrx_word' id='word_1_465' title='bbox 271 3551 600 3620; x_wconf 79' lang='grc' dir='ltr'>ἡμῶν.Μεθ’</span> <span class='ocrx_word' id='word_1_466' title='bbox 625 3547 688 3607; x_wconf 83' lang='grc' dir='ltr'><strong>οῦ</strong></span> <span class='ocrx_word' id='word_1_467' title='bbox 705 3555 762 3607; x_wconf 86' lang='grc' dir='ltr'>δὲ</span> <span class='ocrx_word' id='word_1_468' title='bbox 788 3555 886 3608; x_wconf 88' lang='grc' dir='ltr'><strong>ούκ</strong></span> <span class='ocrx_word' id='word_1_469' title='bbox 909 3557 1182 3626; x_wconf 79' lang='grc' dir='ltr'>ἐσθίομεν.</span> <span class='ocrx_word' id='word_1_470' title='bbox 1208 3559 1329 3612; x_wconf 78' lang='grc' dir='ltr'>οὐδὲ</span> <span class='ocrx_word' id='word_1_471' title='bbox 1351 3562 1523 3631; x_wconf 81' lang='grc' dir='ltr'>δῶρον</span> <span class='ocrx_word' id='word_1_472' title='bbox 1537 3562 1730 3617; x_wconf 88' lang='grc' dir='ltr'>τούτου</span> 
     </span>
    </p>
   </div>
   <div class='ocr_carea' id='block_1_69' title="bbox 146 3641 1728 3726">
    <p class='ocr_par' dir='ltr' id='par_1_69' title="bbox 146 3641 1728 3726">
     <span class='ocr_line' id='line_1_69' title="bbox 146 3641 1728 3726; baseline 0.014 -34"><span class='ocrx_word' id='word_1_473' title='bbox 146 3641 367 3695; x_wconf 77' lang='grc' dir='ltr'>δεκτέον</span> <span class='ocrx_word' id='word_1_474' title='bbox 396 3660 410 3672; x_wconf 89' lang='grc'><strong>·</strong></span> <span class='ocrx_word' id='word_1_475' title='bbox 443 3644 602 3714; x_wconf 82' lang='grc' dir='ltr'>εἴπερ</span> <span class='ocrx_word' id='word_1_476' title='bbox 633 3645 923 3716; x_wconf 74' lang='grc' dir='ltr'>διδαχθεὶς,</span> <span class='ocrx_word' id='word_1_477' title='bbox 963 3647 1120 3714; x_wconf 67' lang='lat' dir='ltr'><strong>ama</strong></span> <span class='ocrx_word' id='word_1_478' title='bbox 1156 3652 1250 3703; x_wconf 77' lang='grc' dir='ltr'>καὶ</span> <span class='ocrx_word' id='word_1_479' title='bbox 1271 3651 1351 3715; x_wconf 76' lang='grc' dir='ltr'>δὶς</span> <span class='ocrx_word' id='word_1_480' title='bbox 1382 3653 1728 3726; x_wconf 79' lang='grc' dir='ltr'>ἀδιαφοροίη,</span> 
     </span>
    </p>
   </div>
   <div class='ocr_carea' id='block_1_70' title="bbox 149 3732 1734 3816">
    <p class='ocr_par' dir='ltr' id='par_1_70' title="bbox 149 3732 1734 3816">
     <span class='ocr_line' id='line_1_70' title="bbox 149 3732 1734 3816; baseline 0.011 -32"><span class='ocrx_word' id='word_1_481' title='bbox 149 3732 242 3784; x_wconf 74' lang='grc' dir='ltr'>καὶ</span> <span class='ocrx_word' id='word_1_482' title='bbox 263 3735 324 3785; x_wconf 80' lang='grc' dir='ltr'><strong>ού</strong></span> <span class='ocrx_word' id='word_1_483' title='bbox 359 3735 610 3789; x_wconf 86' lang='grc' dir='ltr'>πείθεται</span> <span class='ocrx_word' id='word_1_484' title='bbox 641 3738 792 3806; x_wconf 83' lang='grc' dir='ltr'>ἡμῖν.</span> <span class='ocrx_word' id='word_1_485' title='bbox 830 3740 944 3792; x_wconf 83' lang='grc' dir='ltr'><strong>Ούκ</strong></span> <span class='ocrx_word' id='word_1_486' title='bbox 973 3737 1091 3794; x_wconf 78' lang='grc' dir='ltr'>οῖδα</span> <span class='ocrx_word' id='word_1_487' title='bbox 1121 3745 1168 3795; x_wconf 91' lang='grc' dir='ltr'><strong>εί</strong></span> <span class='ocrx_word' id='word_1_488' title='bbox 1196 3742 1271 3814; x_wconf 81' lang='grc' dir='ltr'>μὴ</span> <span class='ocrx_word' id='word_1_489' title='bbox 1310 3747 1461 3816; x_wconf 79' lang='grc' dir='ltr'><strong>παρά</strong></span> <span class='ocrx_word' id='word_1_490' title='bbox 1483 3747 1592 3799; x_wconf 85' lang='grc' dir='ltr'>τῶν</span> <span class='ocrx_word' id='word_1_491' title='bbox 1633 3766 1734 3816; x_wconf 75' lang='grc' dir='ltr'>φυ-</span> 
     </span>
    </p>
   </div>
   <div class='ocr_carea' id='block_1_71' title="bbox 147 3821 1730 3906">
    <p class='ocr_par' dir='ltr' id='par_1_71' title="bbox 147 3821 1730 3906">
     <span class='ocr_line' id='line_1_71' title="bbox 147 3821 1730 3906; baseline 0.01 -32"><span class='ocrx_word' id='word_1_492' title='bbox 147 3821 330 3876; x_wconf 80' lang='grc' dir='ltr'>λάκων</span> <span class='ocrx_word' id='word_1_493' title='bbox 357 3825 456 3887; x_wconf 75' lang='grc' dir='ltr'>τὰς</span> <span class='ocrx_word' id='word_1_494' title='bbox 486 3826 585 3895; x_wconf 79' lang='grc' dir='ltr'>οὐχ</span> <span class='ocrx_word' id='word_1_495' title='bbox 619 3826 694 3889; x_wconf 86' lang='grc' dir='ltr'>ὡς</span> <span class='ocrx_word' id='word_1_496' title='bbox 732 3829 1006 3896; x_wconf 85' lang='grc' dir='ltr'>εὐλογίας,</span> <span class='ocrx_word' id='word_1_497' title='bbox 1038 3832 1154 3884; x_wconf 82' lang='grc' dir='ltr'>ἀλλ’</span> <span class='ocrx_word' id='word_1_498' title='bbox 1183 3833 1258 3896; x_wconf 87' lang='grc' dir='ltr'>ὠς</span> <span class='ocrx_word' id='word_1_499' title='bbox 1290 3835 1480 3903; x_wconf 86' lang='grc' dir='ltr'>χρείας</span> <span class='ocrx_word' id='word_1_500' title='bbox 1511 3836 1730 3906; x_wconf 75' lang='grc' dir='ltr'>λαμϐά-</span> 
     </span>
    </p>
   </div>
   <div class='ocr_carea' id='block_1_72' title="bbox 147 3914 1731 3997">
    <p class='ocr_par' dir='ltr' id='par_1_72' title="bbox 147 3914 1731 3997">
     <span class='ocr_line' id='line_1_72' title="bbox 147 3914 1731 3997; baseline 0.01 -32"><span class='ocrx_word' id='word_1_501' title='bbox 147 3931 259 3967; x_wconf 88' lang='grc' dir='ltr'>νειν</span> <span class='ocrx_word' id='word_1_502' title='bbox 285 3930 300 3945; x_wconf 82' lang='grc'>⁶</span> <span class='ocrx_word' id='word_1_503' title='bbox 333 3914 366 3985; x_wconf 84' lang='grc' dir='ltr'>ἦ</span> <span class='ocrx_word' id='word_1_504' title='bbox 407 3918 719 3987; x_wconf 80' lang='grc' dir='ltr'>οἰκονομίας</span> <span class='ocrx_word' id='word_1_505' title='bbox 745 3921 952 3985; x_wconf 74' lang='grc' dir='ltr'>ἕνεκεν,</span> <span class='ocrx_word' id='word_1_506' title='bbox 982 3924 1073 3976; x_wconf 73' lang='grc' dir='ltr'>καὶ</span> <span class='ocrx_word' id='word_1_507' title='bbox 1112 3925 1181 3977; x_wconf 69' lang='grc' dir='ltr'><strong>τὰ</strong></span> <span class='ocrx_word' id='word_1_508' title='bbox 1215 3927 1364 3997; x_wconf 83' lang='grc' dir='ltr'>παρὰ</span> <span class='ocrx_word' id='word_1_509' title='bbox 1397 3927 1505 3980; x_wconf 81' lang='grc' dir='ltr'><strong>τῶν</strong></span> <span class='ocrx_word' id='word_1_510' title='bbox 1557 3929 1731 3993; x_wconf 77' lang='grc' dir='ltr'>ἄλλων</span> 
     </span>
    </p>
   </div>
   <div class='ocr_carea' id='block_1_73' title="bbox 147 4008 1730 4089">
    <p class='ocr_par' dir='ltr' id='par_1_73' title="bbox 147 4008 1730 4089">
     <span class='ocr_line' id='line_1_73' title="bbox 147 4008 1730 4089; baseline 0.011 -32"><span class='ocrx_word' id='word_1_511' title='bbox 147 4008 458 4074; x_wconf 72' lang='grc' dir='ltr'>φευγόντων</span> <span class='ocrx_word' id='word_1_512' title='bbox 479 4009 660 4077; x_wconf 86' lang='grc' dir='ltr'>μέντοι</span> <span class='ocrx_word' id='word_1_513' title='bbox 688 4013 750 4064; x_wconf 81' lang='grc' dir='ltr'>τὸ</span> <span class='ocrx_word' id='word_1_514' title='bbox 773 4015 1155 4068; x_wconf 86' lang='grc' dir='ltr'>συνεστιᾶσθαι</span> <span class='ocrx_word' id='word_1_515' title='bbox 1183 4019 1480 4087; x_wconf 79' lang='grc' dir='ltr'>αἱρετικοῖς</span> <span class='ocrx_word' id='word_1_516' title='bbox 1505 4021 1730 4089; x_wconf 80' lang='grc' dir='ltr'>ἀδιαφό-</span> 
     </span>
    </p>
   </div>
   <div class='ocr_carea' id='block_1_74' title="bbox 153 4097 1728 4181">
    <p class='ocr_par' dir='ltr' id='par_1_74' title="bbox 153 4097 1728 4181">
     <span class='ocr_line' id='line_1_74' title="bbox 153 4097 1728 4181; baseline 0.011 -31"><span class='ocrx_word' id='word_1_517' title='bbox 153 4115 253 4166; x_wconf 82' lang='grc' dir='ltr'><strong>ρως</strong></span> <span class='ocrx_word' id='word_1_518' title='bbox 290 4117 303 4130; x_wconf 86' lang='grc'><strong>·</strong></span> <span class='ocrx_word' id='word_1_519' title='bbox 332 4100 433 4152; x_wconf 71' lang='grc' dir='ltr'>οὐκ</span> <span class='ocrx_word' id='word_1_520' title='bbox 462 4097 578 4154; x_wconf 75' lang='grc' dir='ltr'>οἶδα</span> <span class='ocrx_word' id='word_1_521' title='bbox 624 4104 671 4155; x_wconf 88' lang='grc' dir='ltr'><strong>εἰ</strong></span> <span class='ocrx_word' id='word_1_522' title='bbox 700 4103 775 4174; x_wconf 87' lang='grc' dir='ltr'>μὴ</span> <span class='ocrx_word' id='word_1_523' title='bbox 810 4105 950 4180; x_wconf 84' lang='grc' dir='ltr'>τύχῃ</span> <span class='ocrx_word' id='word_1_524' title='bbox 987 4107 1127 4160; x_wconf 76' lang='grc' dir='ltr'>κατὰ</span> <span class='ocrx_word' id='word_1_525' title='bbox 1159 4111 1480 4181; x_wconf 84' lang='grc' dir='ltr'>περίστασιν</span> <span class='ocrx_word' id='word_1_526' title='bbox 1525 4115 1618 4166; x_wconf 77' lang='grc' dir='ltr'>καὶ</span> <span class='ocrx_word' id='word_1_527' title='bbox 1646 4114 1728 4166; x_wconf 89' lang='grc' dir='ltr'>δέ-</span> 
     </span>
    </p>
   </div>
   <div class='ocr_carea' id='block_1_75' title="bbox 149 4190 1731 4270">
    <p class='ocr_par' dir='ltr' id='par_1_75' title="bbox 149 4190 1731 4270">
     <span class='ocr_line' id='line_1_75' title="bbox 149 4190 1731 4270; baseline 0.011 -28"><span class='ocrx_word' id='word_1_528' title='bbox 149 4190 342 4255; x_wconf 81' lang='grc' dir='ltr'>ξασθαι</span> <span class='ocrx_word' id='word_1_529' title='bbox 382 4192 475 4245; x_wconf 61' lang='grc' dir='ltr'><strong>καλ⁵</strong></span> <span class='ocrx_word' id='word_1_530' title='bbox 508 4196 925 4266; x_wconf 84' lang='grc' dir='ltr'>συνεστιαθῆναι</span> <span class='ocrx_word' id='word_1_531' title='bbox 963 4200 1055 4252; x_wconf 78' lang='grc' dir='ltr'><strong>καὶ</strong></span> <span class='ocrx_word' id='word_1_532' title='bbox 1075 4197 1274 4256; x_wconf 82' lang='grc' dir='ltr'>τοῖσδε.</span> <span class='ocrx_word' id='word_1_533' title='bbox 1309 4203 1502 4257; x_wconf 85' lang='grc' dir='ltr'>Δοῦναι</span> <span class='ocrx_word' id='word_1_534' title='bbox 1539 4206 1594 4258; x_wconf 84' lang='grc' dir='ltr'>δὲ</span> <span class='ocrx_word' id='word_1_535' title='bbox 1621 4209 1731 4270; x_wconf 81' lang='grc' dir='ltr'>τοῖς</span> 
     </span>
    </p>
   </div>
   <div class='ocr_carea' id='block_1_76' title="bbox 148 4281 1730 4364">
    <p class='ocr_par' dir='ltr' id='par_1_76' title="bbox 148 4281 1730 4364">
     <span class='ocr_line' id='line_1_76' title="bbox 148 4281 1730 4364; baseline 0.01 -33"><span class='ocrx_word' id='word_1_536' title='bbox 148 4281 409 4345; x_wconf 76' lang='grc' dir='ltr'>τοιούτοις</span> <span class='ocrx_word' id='word_1_537' title='bbox 438 4283 533 4336; x_wconf 71' lang='grc' dir='ltr'>καὶ</span> <span class='ocrx_word' id='word_1_538' title='bbox 559 4286 670 4346; x_wconf 80' lang='grc' dir='ltr'>τοῖς</span> <span class='ocrx_word' id='word_1_539' title='bbox 700 4286 894 4355; x_wconf 77' lang='grc' dir='ltr'>φύλαξι</span> <span class='ocrx_word' id='word_1_540' title='bbox 921 4287 1118 4359; x_wconf 83' lang='grc' dir='ltr'>βρῶμα</span> <span class='ocrx_word' id='word_1_541' title='bbox 1148 4293 1240 4343; x_wconf 71' lang='grc' dir='ltr'>καὶ</span> <span class='ocrx_word' id='word_1_542' title='bbox 1263 4291 1413 4361; x_wconf 88' lang='grc' dir='ltr'>πόμα</span> <span class='ocrx_word' id='word_1_543' title='bbox 1436 4294 1494 4345; x_wconf 83' lang='grc' dir='ltr'>οὺ</span> <span class='ocrx_word' id='word_1_544' title='bbox 1520 4294 1730 4364; x_wconf 82' lang='grc' dir='ltr'>διακρι-</span> 
     </span>
    </p>
   </div>
   <div class='ocr_carea' id='block_1_77' title="bbox 148 4372 1730 4455">
    <p class='ocr_par' dir='ltr' id='par_1_77' title="bbox 148 4372 1730 4455">
     <span class='ocr_line' id='line_1_77' title="bbox 148 4372 1730 4455; baseline 0.01 -32"><span class='ocrx_word' id='word_1_545' title='bbox 148 4373 289 4426; x_wconf 86' lang='grc' dir='ltr'>τέον·</span> <span class='ocrx_word' id='word_1_546' title='bbox 315 4372 397 4425; x_wconf 83' lang='grc' dir='ltr'>ὅτι</span> <span class='ocrx_word' id='word_1_547' title='bbox 431 4375 523 4427; x_wconf 70' lang='grc' dir='ltr'>καὶ</span> <span class='ocrx_word' id='word_1_548' title='bbox 555 4379 720 4441; x_wconf 72' lang='grc' dir='ltr'>παντὶ</span> <span class='ocrx_word' id='word_1_549' title='bbox 756 4377 1027 4449; x_wconf 81' lang='grc' dir='ltr'>ἀνθρώπῳ</span> <span class='ocrx_word' id='word_1_550' title='bbox 1064 4381 1403 4450; x_wconf 85' lang='grc' dir='ltr'>μεταδοτέον.</span> <span class='ocrx_word' id='word_1_551' title='bbox 1434 4384 1527 4448; x_wconf 71' lang='grc' dir='ltr'><strong>Εἰς</strong></span> <span class='ocrx_word' id='word_1_552' title='bbox 1549 4386 1604 4438; x_wconf 87' lang='grc' dir='ltr'>δὲ</span> <span class='ocrx_word' id='word_1_553' title='bbox 1630 4388 1730 4455; x_wconf 80' lang='grc' dir='ltr'>τὴν</span> 
     </span>
    </p>
   </div>
   <div class='ocr_carea' id='block_1_78' title="bbox 160 4464 1727 4548">
    <p class='ocr_par' dir='ltr' id='par_1_78' title="bbox 160 4464 1727 4548">
     <span class='ocr_line' id='line_1_78' title="bbox 160 4464 1727 4548; baseline 0.009 -31"><span class='ocrx_word' id='word_1_554' title='bbox 160 4464 490 4535; x_wconf 80' lang='grc' dir='ltr'>Ἐκκλησίαν</span> <span class='ocrx_word' id='word_1_555' title='bbox 537 4466 631 4520; x_wconf 88' lang='grc' dir='ltr'><strong>τοῦ</strong></span> <span class='ocrx_word' id='word_1_556' title='bbox 672 4468 878 4539; x_wconf 84' lang='grc' dir='ltr'>Κυρίου</span> <span class='ocrx_word' id='word_1_557' title='bbox 924 4471 1182 4545; x_wconf 85' lang='grc' dir='ltr'>Γρηγορᾶ</span> <span class='ocrx_word' id='word_1_558' title='bbox 1213 4472 1307 4527; x_wconf 88' lang='grc' dir='ltr'><strong>τοῦ</strong></span> <span class='ocrx_word' id='word_1_559' title='bbox 1343 4476 1534 4529; x_wconf 89' lang='grc' dir='ltr'>τέκνου</span> <span class='ocrx_word' id='word_1_560' title='bbox 1570 4479 1727 4548; x_wconf 83' lang='grc' dir='ltr'>ἡμῶν</span> 
     </span>
    </p>
   </div>
   <div class='ocr_carea' id='block_1_79' title="bbox 1835 3287 3409 3353">
    <p class='ocr_par' dir='ltr' id='par_1_79' title="bbox 1835 3287 3409 3353">
     <span class='ocr_line' id='line_1_79' title="bbox 1835 3287 3409 3353; baseline -0.001 -9"><span class='ocrx_word' id='word_1_561' title='bbox 1835 3303 2143 3344; x_wconf 91' lang='lat' dir='ltr'><strong>sermonem</strong></span> <span class='ocrx_word' id='word_1_562' title='bbox 2187 3297 2431 3353; x_wconf 85' lang='lat' dir='ltr'><strong>nectere,</strong></span> <span class='ocrx_word' id='word_1_563' title='bbox 2463 3297 2517 3340; x_wconf 90' lang='lat' dir='ltr'><strong>ct</strong></span> <span class='ocrx_word' id='word_1_564' title='bbox 2550 3287 2618 3341; x_wconf 89' lang='lat' dir='ltr'><strong>ab</strong></span> <span class='ocrx_word' id='word_1_565' title='bbox 2658 3288 2913 3342; x_wconf 89' lang='lat' dir='ltr'><strong>omnibus</strong></span> <span class='ocrx_word' id='word_1_566' title='bbox 2942 3288 3244 3344; x_wconf 85' lang='lat' dir='ltr'><strong>abstinere.</strong></span> <span class='ocrx_word' id='word_1_567' title='bbox 3273 3287 3409 3343; x_wconf 87' lang='lat' dir='ltr'><strong>Pro-</strong></span> 
     </span>
    </p>
   </div>
   <div class='ocr_carea' id='block_1_80' title="bbox 1833 3376 3419 3446">
    <p class='ocr_par' dir='ltr' id='par_1_80' title="bbox 1833 3376 3419 3446">
     <span class='ocr_line' id='line_1_80' title="bbox 1833 3376 3419 3446; baseline 0.001 -17"><span class='ocrx_word' id='word_1_568' title='bbox 1833 3377 1966 3446; x_wconf 76' lang='lat' dir='ltr'><strong>priae</strong></span> <span class='ocrx_word' id='word_1_569' title='bbox 1997 3377 2098 3431; x_wconf 88' lang='lat' dir='ltr'><strong>hoc</strong></span> <span class='ocrx_word' id='word_1_570' title='bbox 2143 3376 2434 3430; x_wconf 89' lang='lat' dir='ltr'><strong>voluntatis</strong></span> <span class='ocrx_word' id='word_1_571' title='bbox 2465 3385 2568 3440; x_wconf 89' lang='lat' dir='ltr'><strong>est,</strong></span> <span class='ocrx_word' id='word_1_572' title='bbox 2602 3385 2657 3430; x_wconf 90' lang='lat' dir='ltr'><strong>et</strong></span> <span class='ocrx_word' id='word_1_573' title='bbox 2699 3392 2807 3430; x_wconf 90' lang='lat' dir='ltr'><strong>non</strong></span> <span class='ocrx_word' id='word_1_574' title='bbox 2849 3385 3163 3431; x_wconf 89' lang='lat' dir='ltr'><strong>sanctorum</strong></span> <span class='ocrx_word' id='word_1_575' title='bbox 3201 3394 3214 3430; x_wconf 90' lang='lat'><strong>:</strong></span> <span class='ocrx_word' id='word_1_576' title='bbox 3251 3377 3419 3446; x_wconf 83' lang='lat' dir='ltr'><strong>Usque</strong></span> 
     </span>
    </p>
   </div>
   <div class='ocr_carea' id='block_1_81' title="bbox 1833 3468 3435 3538">
    <p class='ocr_par' dir='ltr' id='par_1_81' title="bbox 1833 3468 3435 3538">
     <span class='ocr_line' id='line_1_81' title="bbox 1833 3468 3435 3538; baseline -0.001 -16"><span class='ocrx_word' id='word_1_577' title='bbox 1833 3471 1952 3534; x_wconf 85' lang='lat' dir='ltr'><strong>huc,</strong></span> <span class='ocrx_word' id='word_1_578' title='bbox 2005 3469 2201 3538; x_wconf 89' lang='lat' dir='ltr'><strong>inquit,</strong></span> <span class='ocrx_word' id='word_1_579' title='bbox 2255 3470 2448 3531; x_wconf 70' lang='lat' dir='ltr'><strong>venies,</strong></span> <span class='ocrx_word' id='word_1_580' title='bbox 2493 3478 2541 3520; x_wconf 86' lang='lat' dir='ltr'><strong>et</strong></span> <span class='ocrx_word' id='word_1_581' title='bbox 2601 3484 2701 3520; x_wconf 84' lang='lat' dir='ltr'><strong>non</strong></span> <span class='ocrx_word' id='word_1_582' title='bbox 2764 3469 3008 3537; x_wconf 78' lang='lat' dir='ltr'><strong>procedes</strong></span> <span class='ocrx_word' id='word_1_583' title='bbox 3067 3468 3296 3535; x_wconf 81' lang='lat' dir='ltr'><strong>amplius</strong></span> <span class='ocrx_word' id='word_1_584' title='bbox 3347 3470 3435 3521; x_wconf 83' lang='lat'><strong>“.-</strong></span> 
     </span>
    </p>
   </div>
   <div class='ocr_carea' id='block_1_82' title="bbox 1833 3557 3422 3629">
    <p class='ocr_par' dir='ltr' id='par_1_82' title="bbox 1833 3557 3422 3629">
     <span class='ocr_line' id='line_1_82' title="bbox 1833 3557 3422 3629; baseline -0.002 -13"><span class='ocrx_word' id='word_1_585' title='bbox 1833 3560 2027 3616; x_wconf 89' lang='lat' dir='ltr'><strong>Utrum</strong></span> <span class='ocrx_word' id='word_1_586' title='bbox 2054 3562 2198 3615; x_wconf 90' lang='lat' dir='ltr'><strong>enim</strong></span> <span class='ocrx_word' id='word_1_587' title='bbox 2225 3561 2342 3615; x_wconf 60' lang='lat' dir='ltr'><strong>hsec</strong></span> <span class='ocrx_word' id='word_1_588' title='bbox 2361 3561 2433 3614; x_wconf 94' lang='lat' dir='ltr'><strong>illi</strong></span> <span class='ocrx_word' id='word_1_589' title='bbox 2466 3560 2793 3629; x_wconf 87' lang='lat' dir='ltr'><strong>investigare</strong></span> <span class='ocrx_word' id='word_1_590' title='bbox 2857 3557 3169 3613; x_wconf 86' lang='lat' dir='ltr'><strong>nescierunt</strong></span> <span class='ocrx_word' id='word_1_591' title='bbox 3189 3568 3242 3613; x_wconf 89' lang='lat' dir='ltr'><strong>et</strong></span> <span class='ocrx_word' id='word_1_592' title='bbox 3260 3559 3422 3613; x_wconf 82' lang='lat' dir='ltr'><strong>nobis</strong></span> 
     </span>
    </p>
   </div>
   <div class='ocr_carea' id='block_1_83' title="bbox 1834 3648 3420 3720">
    <p class='ocr_par' dir='ltr' id='par_1_83' title="bbox 1834 3648 3420 3720">
     <span class='ocr_line' id='line_1_83' title="bbox 1834 3648 3420 3720; baseline -0.001 -15"><span class='ocrx_word' id='word_1_593' title='bbox 1834 3651 2209 3705; x_wconf 88' lang='lat' dir='ltr'><strong>denuntiare?</strong></span> <span class='ocrx_word' id='word_1_594' title='bbox 2243 3648 2617 3720; x_wconf 86' lang='lat' dir='ltr'><strong>Nequaquam.</strong></span> <span class='ocrx_word' id='word_1_595' title='bbox 2665 3649 2846 3715; x_wconf 82' lang='lat' dir='ltr'><strong>Quare</strong></span> <span class='ocrx_word' id='word_1_596' title='bbox 2895 3657 3116 3719; x_wconf 71' lang='lat' dir='ltr'><strong>praestat</strong></span> <span class='ocrx_word' id='word_1_597' title='bbox 3154 3649 3420 3704; x_wconf 83' lang='lat' dir='ltr'><strong>terminos</strong></span> 
     </span>
    </p>
   </div>
   <div class='ocr_carea' id='block_1_84' title="bbox 1835 3740 3412 3811">
    <p class='ocr_par' dir='ltr' id='par_1_84' title="bbox 1835 3740 3412 3811">
     <span class='ocr_line' id='line_1_84' title="bbox 1835 3740 3412 3811; baseline 0 -16"><span class='ocrx_word' id='word_1_598' title='bbox 1835 3757 1943 3795; x_wconf 90' lang='lat' dir='ltr'><strong>non</strong></span> <span class='ocrx_word' id='word_1_599' title='bbox 1970 3741 2268 3811; x_wconf 81' lang='lat' dir='ltr'><strong>transgredi</strong></span> <span class='ocrx_word' id='word_1_600' title='bbox 2295 3756 2431 3810; x_wconf 90' lang='lat' dir='ltr'><strong>quos</strong></span> <span class='ocrx_word' id='word_1_601' title='bbox 2454 3751 2757 3810; x_wconf 86' lang='lat' dir='ltr'><strong>posuerunt</strong></span> <span class='ocrx_word' id='word_1_602' title='bbox 2784 3740 2972 3794; x_wconf 83' lang='lat' dir='ltr'><strong>Patres</strong></span> <span class='ocrx_word' id='word_1_603' title='bbox 2991 3741 3162 3794; x_wconf 90' lang='lat' dir='ltr'><strong>nostri</strong></span> <span class='ocrx_word' id='word_1_604' title='bbox 3189 3741 3235 3772; x_wconf 80' lang='lat'>”</span> <span class='ocrx_word' id='word_1_605' title='bbox 3275 3741 3412 3795; x_wconf 83' lang='lat' dir='ltr'><strong>Cum</strong></span> 
     </span>
    </p>
   </div>
   <div class='ocr_carea' id='block_1_85' title="bbox 1833 3832 3413 3902">
    <p class='ocr_par' dir='ltr' id='par_1_85' title="bbox 1833 3832 3413 3902">
     <span class='ocr_line' id='line_1_85' title="bbox 1833 3832 3413 3902; baseline 0.001 -15"><span class='ocrx_word' id='word_1_606' title='bbox 1833 3848 1942 3902; x_wconf 93' lang='lat' dir='ltr'><strong>quo</strong></span> <span class='ocrx_word' id='word_1_607' title='bbox 1971 3849 2078 3886; x_wconf 91' lang='lat' dir='ltr'><strong>non</strong></span> <span class='ocrx_word' id='word_1_608' title='bbox 2105 3833 2336 3896; x_wconf 84' lang='lat' dir='ltr'><strong>edimus,</strong></span> <span class='ocrx_word' id='word_1_609' title='bbox 2371 3847 2472 3886; x_wconf 90' lang='lat' dir='ltr'><strong>nec</strong></span> <span class='ocrx_word' id='word_1_610' title='bbox 2493 3846 2691 3885; x_wconf 88' lang='lat' dir='ltr'><strong>munus</strong></span> <span class='ocrx_word' id='word_1_611' title='bbox 2725 3832 2842 3900; x_wconf 86' lang='lat' dir='ltr'><strong>ejus</strong></span> <span class='ocrx_word' id='word_1_612' title='bbox 2863 3833 3240 3901; x_wconf 88' lang='lat' dir='ltr'><strong>accipiendum</strong></span> <span class='ocrx_word' id='word_1_613' title='bbox 3265 3842 3369 3891; x_wconf 89' lang='lat' dir='ltr'><strong>est.</strong></span> <span class='ocrx_word' id='word_1_614' title='bbox 3398 3851 3413 3894; x_wconf 90' lang='lat'><strong>;</strong></span> 
     </span>
    </p>
   </div>
   <div class='ocr_carea' id='block_1_86' title="bbox 1834 3924 3416 3994">
    <p class='ocr_par' dir='ltr' id='par_1_86' title="bbox 1834 3924 3416 3994">
     <span class='ocr_line' id='line_1_86' title="bbox 1834 3924 3416 3994; baseline 0 -15"><span class='ocrx_word' id='word_1_615' title='bbox 1834 3925 1876 3980; x_wconf 89' lang='lat' dir='ltr'><strong>si</strong></span> <span class='ocrx_word' id='word_1_616' title='bbox 1917 3925 2084 3978; x_wconf 88' lang='lat' dir='ltr'><strong>semel</strong></span> <span class='ocrx_word' id='word_1_617' title='bbox 2132 3925 2434 3992; x_wconf 86' lang='lat' dir='ltr'><strong>iterumque</strong></span> <span class='ocrx_word' id='word_1_618' title='bbox 2482 3924 2794 3976; x_wconf 89' lang='lat' dir='ltr'><strong>admonitus</strong></span> <span class='ocrx_word' id='word_1_619' title='bbox 2843 3933 3181 3988; x_wconf 87' lang='lat' dir='ltr'><strong>contemnat,</strong></span> <span class='ocrx_word' id='word_1_620' title='bbox 3234 3940 3416 3994; x_wconf 87' lang='lat' dir='ltr'><strong>neque</strong></span> 
     </span>
    </p>
   </div>
   <div class='ocr_carea' id='block_1_87' title="bbox 1833 4013 3418 4084">
    <p class='ocr_par' dir='ltr' id='par_1_87' title="bbox 1833 4013 3418 4084">
     <span class='ocr_line' id='line_1_87' title="bbox 1833 4013 3418 4084; baseline -0.002 -13"><span class='ocrx_word' id='word_1_621' title='bbox 1833 4018 1991 4071; x_wconf 90' lang='lat' dir='ltr'><strong>nobis</strong></span> <span class='ocrx_word' id='word_1_622' title='bbox 2023 4016 2385 4084; x_wconf 86' lang='lat' dir='ltr'><strong>obtemperet.</strong></span> <span class='ocrx_word' id='word_1_623' title='bbox 2416 4014 2523 4067; x_wconf 77' lang='lat' dir='ltr'><strong>Nisi</strong></span> <span class='ocrx_word' id='word_1_624' title='bbox 2561 4015 2699 4067; x_wconf 82' lang='lat' dir='ltr'><strong>forte</strong></span> <span class='ocrx_word' id='word_1_625' title='bbox 2727 4029 2756 4066; x_wconf 91' lang='lat' dir='ltr'><strong>a</strong></span> <span class='ocrx_word' id='word_1_626' title='bbox 2787 4013 3130 4078; x_wconf 88' lang='lat' dir='ltr'><strong>custodibus,</strong></span> <span class='ocrx_word' id='word_1_627' title='bbox 3177 4030 3286 4069; x_wconf 89' lang='lat' dir='ltr'><strong>non</strong></span> <span class='ocrx_word' id='word_1_628' title='bbox 3318 4030 3418 4068; x_wconf 83' lang='lat' dir='ltr'><strong>ve-</strong></span> 
     </span>
    </p>
   </div>
   <div class='ocr_carea' id='block_1_88' title="bbox 1832 4105 3413 4179">
    <p class='ocr_par' dir='ltr' id='par_1_88' title="bbox 1832 4105 3413 4179">
     <span class='ocr_line' id='line_1_88' title="bbox 1832 4105 3413 4179; baseline -0.003 -15"><span class='ocrx_word' id='word_1_629' title='bbox 1832 4111 1913 4164; x_wconf 92' lang='lat' dir='ltr'><strong>lut</strong></span> <span class='ocrx_word' id='word_1_630' title='bbox 1940 4109 2203 4179; x_wconf 82' lang='lat' dir='ltr'><strong>eulogias,</strong></span> <span class='ocrx_word' id='word_1_631' title='bbox 2237 4107 2333 4160; x_wconf 87' lang='lat' dir='ltr'><strong>sed</strong></span> <span class='ocrx_word' id='word_1_632' title='bbox 2379 4107 2528 4160; x_wconf 88' lang='lat' dir='ltr'><strong>velut</strong></span> <span class='ocrx_word' id='word_1_633' title='bbox 2566 4105 2905 4159; x_wconf 87' lang='lat' dir='ltr'><strong>necessarios</strong></span> <span class='ocrx_word' id='word_1_634' title='bbox 2945 4121 3094 4169; x_wconf 90' lang='lat' dir='ltr'><strong>usus,</strong></span> <span class='ocrx_word' id='word_1_635' title='bbox 3118 4107 3364 4177; x_wconf 87' lang='lat' dir='ltr'><strong>accipere</strong></span> <span class='ocrx_word' id='word_1_636' title='bbox 3400 4125 3413 4160; x_wconf 92' lang='lat'>:</span> 
     </span>
    </p>
   </div>
   <div class='ocr_carea' id='block_1_89' title="bbox 1832 4195 3415 4269">
    <p class='ocr_par' dir='ltr' id='par_1_89' title="bbox 1832 4195 3415 4269">
     <span class='ocr_line' id='line_1_89' title="bbox 1832 4195 3415 4269; baseline -0.001 -15"><span class='ocrx_word' id='word_1_637' title='bbox 1832 4211 1924 4254; x_wconf 89' lang='lat' dir='ltr'><strong>aut</strong></span> <span class='ocrx_word' id='word_1_638' title='bbox 1979 4197 2401 4269; x_wconf 85' lang='lat' dir='ltr'><strong>dispensationis</strong></span> <span class='ocrx_word' id='word_1_639' title='bbox 2453 4197 2644 4267; x_wconf 87' lang='lat' dir='ltr'><strong>gratia,</strong></span> <span class='ocrx_word' id='word_1_640' title='bbox 2684 4195 2844 4248; x_wconf 88' lang='lat' dir='ltr'><strong>etiam</strong></span> <span class='ocrx_word' id='word_1_641' title='bbox 2892 4198 2958 4250; x_wconf 87' lang='lat' dir='ltr'><strong>ab</strong></span> <span class='ocrx_word' id='word_1_642' title='bbox 2985 4197 3126 4259; x_wconf 91' lang='lat' dir='ltr'><strong>aliis,</strong></span> <span class='ocrx_word' id='word_1_643' title='bbox 3160 4198 3255 4252; x_wconf 86' lang='lat' dir='ltr'><strong>sed</strong></span> <span class='ocrx_word' id='word_1_644' title='bbox 3323 4198 3415 4267; x_wconf 85' lang='lat' dir='ltr'><strong>qui</strong></span> 
     </span>
    </p>
   </div>
   <div class='ocr_carea' id='block_1_90' title="bbox 1833 4287 3414 4359">
    <p class='ocr_par' dir='ltr' id='par_1_90' title="bbox 1833 4287 3414 4359">
     <span class='ocr_line' id='line_1_90' title="bbox 1833 4287 3414 4359; baseline -0.003 -14"><span class='ocrx_word' id='word_1_645' title='bbox 1833 4307 1955 4346; x_wconf 90' lang='lat' dir='ltr'><strong>eum</strong></span> <span class='ocrx_word' id='word_1_646' title='bbox 1993 4290 2264 4345; x_wconf 75' lang='lat' dir='ltr'><strong>haereticis</strong></span> <span class='ocrx_word' id='word_1_647' title='bbox 2295 4288 2604 4358; x_wconf 89' lang='lat' dir='ltr'><strong>promiscue</strong></span> <span class='ocrx_word' id='word_1_648' title='bbox 2649 4288 2926 4341; x_wconf 82' lang='lat' dir='ltr'><strong>convivari</strong></span> <span class='ocrx_word' id='word_1_649' title='bbox 2968 4287 3275 4359; x_wconf 76' lang='lat' dir='ltr'><strong>refugiant:</strong></span> <span class='ocrx_word' id='word_1_650' title='bbox 3308 4288 3414 4342; x_wconf 86' lang='lat' dir='ltr'><strong>nisi</strong></span> 
     </span>
    </p>
   </div>
   <div class='ocr_carea' id='block_1_91' title="bbox 1833 4379 3418 4450">
    <p class='ocr_par' dir='ltr' id='par_1_91' title="bbox 1833 4379 3418 4450">
     <span class='ocr_line' id='line_1_91' title="bbox 1833 4379 3418 4450; baseline -0.003 -13"><span class='ocrx_word' id='word_1_651' title='bbox 1833 4384 1974 4437; x_wconf 77' lang='lat' dir='ltr'><strong>forte</strong></span> <span class='ocrx_word' id='word_1_652' title='bbox 1997 4381 2274 4450; x_wconf 89' lang='lat' dir='ltr'><strong>contingat</strong></span> <span class='ocrx_word' id='word_1_653' title='bbox 2298 4395 2361 4434; x_wconf 86' lang='lat' dir='ltr'><strong>ex</strong></span> <span class='ocrx_word' id='word_1_654' title='bbox 2397 4379 2710 4433; x_wconf 85' lang='lat' dir='ltr'><strong>necessaria</strong></span> <span class='ocrx_word' id='word_1_655' title='bbox 2738 4379 3147 4433; x_wconf 82' lang='lat' dir='ltr'><strong>circumstantia</strong></span> <span class='ocrx_word' id='word_1_656' title='bbox 3172 4389 3225 4433; x_wconf 92' lang='lat' dir='ltr'><strong>et</strong></span> <span class='ocrx_word' id='word_1_657' title='bbox 3251 4382 3418 4434; x_wconf 84' lang='lat' dir='ltr'><strong>susei-</strong></span> 
     </span>
    </p>
   </div>
   <div class='ocr_carea' id='block_1_92' title="bbox 1833 4470 3410 4542">
    <p class='ocr_par' dir='ltr' id='par_1_92' title="bbox 1833 4470 3410 4542">
     <span class='ocr_line' id='line_1_92' title="bbox 1833 4470 3410 4542; baseline -0.001 -15"><span class='ocrx_word' id='word_1_658' title='bbox 1833 4487 1964 4542; x_wconf 91' lang='lat' dir='ltr'><strong>pere</strong></span> <span class='ocrx_word' id='word_1_659' title='bbox 1999 4480 2056 4526; x_wconf 91' lang='lat' dir='ltr'><strong>et</strong></span> <span class='ocrx_word' id='word_1_660' title='bbox 2075 4471 2355 4526; x_wconf 87' lang='lat' dir='ltr'><strong>convivari</strong></span> <span class='ocrx_word' id='word_1_661' title='bbox 2386 4485 2509 4524; x_wconf 90' lang='lat' dir='ltr'><strong>cum</strong></span> <span class='ocrx_word' id='word_1_662' title='bbox 2539 4470 2710 4524; x_wconf 90' lang='lat' dir='ltr'><strong>hisee.</strong></span> <span class='ocrx_word' id='word_1_663' title='bbox 2744 4470 2879 4525; x_wconf 89' lang='lat' dir='ltr'><strong>Dare</strong></span> <span class='ocrx_word' id='word_1_664' title='bbox 2902 4479 3083 4524; x_wconf 87' lang='lat' dir='ltr'><strong>autem</strong></span> <span class='ocrx_word' id='word_1_665' title='bbox 3109 4481 3162 4524; x_wconf 91' lang='lat' dir='ltr'><strong>et</strong></span> <span class='ocrx_word' id='word_1_666' title='bbox 3193 4471 3410 4534; x_wconf 90' lang='lat' dir='ltr'><strong>talibus,</strong></span> 
     </span>
    </p>
   </div>
   <div class='ocr_carea' id='block_1_93' title="bbox 150 4538 1735 4639">
    <p class='ocr_par' dir='ltr' id='par_1_93' title="bbox 150 4538 1724 4639">
     <span class='ocr_line' id='line_1_93' title="bbox 150 4538 1724 4639; baseline 0.011 -33"><span class='ocrx_word' id='word_1_667' title='bbox 150 4557 203 4607; x_wconf 74' lang='grc' dir='ltr'>οὗ</span> <span class='ocrx_word' id='word_1_668' title='bbox 239 4555 425 4626; x_wconf 76' lang='grc' dir='ltr'>τολμῶ</span> <span class='ocrx_word' id='word_1_669' title='bbox 472 4558 649 4611; x_wconf 71' lang='grc' dir='ltr'>εἰπεῖν</span> <span class='ocrx_word' id='word_1_670' title='bbox 698 4538 1080 4632; x_wconf 62' lang='grc' dir='ltr'>λειτουργῆσαι</span> <span class='ocrx_word' id='word_1_671' title='bbox 1111 4538 1502 4636; x_wconf 25' lang='grc' dir='ltr'>Ἷπρεσόύτερον</span> <span class='ocrx_word' id='word_1_672' title='bbox 1526 4538 1681 4639; x_wconf 56' lang='grc' dir='ltr'>ἡμων</span> <span class='ocrx_word' id='word_1_673' title='bbox 1713 4587 1724 4600; x_wconf 90' lang='grc'><strong>·</strong></span> 
     </span>
    </p>
   </div>
   <div class='ocr_carea' id='block_1_94' title="bbox 1840 4538 3412 4639">
    <p class='ocr_par' dir='ltr' id='par_1_94' title="bbox 1840 4538 3412 4631">
     <span class='ocr_line' id='line_1_94' title="bbox 1840 4538 3412 4631; baseline -0.001 -12"><span class='ocrx_word' id='word_1_674' title='bbox 1840 4538 1888 4619; x_wconf 76' lang='lat' dir='ltr'><strong>et</strong></span> <span class='ocrx_word' id='word_1_675' title='bbox 1919 4564 2238 4618; x_wconf 87' lang='lat' dir='ltr'><strong>custodibus</strong></span> <span class='ocrx_word' id='word_1_676' title='bbox 2262 4562 2441 4616; x_wconf 91' lang='lat' dir='ltr'><strong>cibum</strong></span> <span class='ocrx_word' id='word_1_677' title='bbox 2467 4577 2530 4616; x_wconf 90' lang='lat' dir='ltr'><strong>ac</strong></span> <span class='ocrx_word' id='word_1_678' title='bbox 2550 4571 2734 4631; x_wconf 86' lang='lat' dir='ltr'><strong>potum</strong></span> <span class='ocrx_word' id='word_1_679' title='bbox 2762 4564 2880 4618; x_wconf 89' lang='lat' dir='ltr'><strong>sine</strong></span> <span class='ocrx_word' id='word_1_680' title='bbox 2901 4564 3217 4618; x_wconf 87' lang='lat' dir='ltr'><strong>discrimine</strong></span> <span class='ocrx_word' id='word_1_681' title='bbox 3250 4565 3370 4617; x_wconf 90' lang='lat' dir='ltr'><strong>licet</strong></span> <span class='ocrx_word' id='word_1_682' title='bbox 3396 4582 3412 4617; x_wconf 88' lang='lat'>:</span> 
     </span>
    </p>
   </div>
   <div class='ocr_carea' id='block_1_95' title="bbox 149 4643 1728 4727">
    <p class='ocr_par' dir='ltr' id='par_1_95' title="bbox 149 4643 1728 4727">
     <span class='ocr_line' id='line_1_95' title="bbox 149 4643 1728 4727; baseline 0.011 -31"><span class='ocrx_word' id='word_1_683' title='bbox 149 4643 232 4698; x_wconf 78' lang='grc' dir='ltr'>διὰ</span> <span class='ocrx_word' id='word_1_684' title='bbox 285 4646 347 4698; x_wconf 84' lang='grc' dir='ltr'>τὸ</span> <span class='ocrx_word' id='word_1_685' title='bbox 391 4646 531 4716; x_wconf 89' lang='grc' dir='ltr'><strong>μετά</strong></span> <span class='ocrx_word' id='word_1_686' title='bbox 563 4648 662 4719; x_wconf 78' lang='grc' dir='ltr'>τὴν</span> <span class='ocrx_word' id='word_1_687' title='bbox 697 4651 1073 4721; x_wconf 82' lang='grc' dir='ltr'>μοιχοσύνοδον</span> <span class='ocrx_word' id='word_1_688' title='bbox 1102 4654 1548 4727; x_wconf 82' lang='grc' dir='ltr'>ἐνθρονιασθῆναι</span> <span class='ocrx_word' id='word_1_689' title='bbox 1585 4697 1600 4721; x_wconf 91' lang='grc'><strong>,</strong></span> <span class='ocrx_word' id='word_1_690' title='bbox 1633 4661 1728 4713; x_wconf 79' lang='grc' dir='ltr'>καὶ</span> 
     </span>
    </p>
   </div>
   <div class='ocr_carea' id='block_1_96' title="bbox 153 4737 1720 4820">
    <p class='ocr_par' dir='ltr' id='par_1_96' title="bbox 153 4737 1720 4820">
     <span class='ocr_line' id='line_1_96' title="bbox 153 4737 1720 4820; baseline 0.01 -32"><span class='ocrx_word' id='word_1_691' title='bbox 153 4737 252 4790; x_wconf 79' lang='grc' dir='ltr'>ὑπὸ</span> <span class='ocrx_word' id='word_1_692' title='bbox 270 4737 365 4791; x_wconf 87' lang='grc' dir='ltr'><strong>τοῦ</strong></span> <span class='ocrx_word' id='word_1_693' title='bbox 402 4740 947 4813; x_wconf 80' lang='grc' dir='ltr'>συλλειτουργοῦντος</span> <span class='ocrx_word' id='word_1_694' title='bbox 981 4746 1073 4797; x_wconf 82' lang='grc' dir='ltr'>καὶ</span> <span class='ocrx_word' id='word_1_695' title='bbox 1122 4747 1720 4820; x_wconf 85' lang='grc' dir='ltr'>συλλειτουργήσαντος</span> 
     </span>
    </p>
   </div>
   <div class='ocr_carea' id='block_1_97' title="bbox 151 4827 1725 4914">
    <p class='ocr_par' dir='ltr' id='par_1_97' title="bbox 151 4827 1725 4914">
     <span class='ocr_line' id='line_1_97' title="bbox 151 4827 1725 4914; baseline 0.01 -35"><span class='ocrx_word' id='word_1_696' title='bbox 151 4827 225 4895; x_wconf 81' lang='grc' dir='ltr'>τῷ</span> <span class='ocrx_word' id='word_1_697' title='bbox 262 4831 642 4906; x_wconf 76' lang='grc' dir='ltr'>μοιχοζεύκτῃ.</span> <span class='ocrx_word' id='word_1_698' title='bbox 673 4834 761 4887; x_wconf 87' lang='grc' dir='ltr'>διὰ</span> <span class='ocrx_word' id='word_1_699' title='bbox 789 4834 882 4888; x_wconf 91' lang='grc' dir='ltr'><strong>τοῦ</strong></span> <span class='ocrx_word' id='word_1_700' title='bbox 919 4840 1419 4909; x_wconf 82' lang='grc' dir='ltr'>πρωτομοιχειανοῦ</span> <span class='ocrx_word' id='word_1_701' title='bbox 1455 4842 1725 4914; x_wconf 79' lang='grc' dir='ltr'>καθιερω-</span> 
     </span>
    </p>
   </div>
   <div class='ocr_carea' id='block_1_98' title="bbox 153 4917 327 4991">
    <p class='ocr_par' dir='ltr' id='par_1_98' title="bbox 153 4917 327 4991">
     <span class='ocr_line' id='line_1_98' title="bbox 153 4917 327 4991; baseline 0.017 -21"><span class='ocrx_word' id='word_1_702' title='bbox 153 4917 327 4991; x_wconf 65' lang='grc' dir='ltr'>θῆναι.</span> 
     </span>
    </p>
   </div>
   <div class='ocr_carea' id='block_1_99' title="bbox 571 5235 1299 5312">
    <p class='ocr_par' dir='ltr' id='par_1_99' title="bbox 571 5235 1299 5312">
     <span class='ocr_line' id='line_1_99' title="bbox 571 5235 1299 5312; baseline 0.01 -25"><span class='ocrx_word' id='word_1_703' title='bbox 571 5235 637 5287; x_wconf 86' lang='grc' dir='ltr'>Ν.</span> <span class='ocrx_word' id='word_1_704' title='bbox 681 5265 748 5276; x_wconf 85' lang='lat'><strong>-—-</strong></span> <span class='ocrx_word' id='word_1_705' title='bbox 785 5236 866 5302; x_wconf 80' lang='grc' dir='ltr'><strong>Τῷ</strong></span> <span class='ocrx_word' id='word_1_706' title='bbox 896 5238 1072 5303; x_wconf 75' lang='grc' dir='ltr'>αὐτῷ.</span> <span class='ocrx_word' id='word_1_707' title='bbox 1106 5238 1299 5312; x_wconf 83' lang='grc' dir='ltr'>[σκη⁹.]</span> 
     </span>
    </p>
   </div>
   <div class='ocr_carea' id='block_1_100' title="bbox 1831 4651 3411 4722">
    <p class='ocr_par' dir='ltr' id='par_1_100' title="bbox 1831 4651 3411 4722">
     <span class='ocr_line' id='line_1_100' title="bbox 1831 4651 3411 4722; baseline -0.001 -17"><span class='ocrx_word' id='word_1_708' title='bbox 1831 4651 2273 4722; x_wconf 87' lang='lat' dir='ltr'><strong>quandoquidem</strong></span> <span class='ocrx_word' id='word_1_709' title='bbox 2313 4651 2460 4704; x_wconf 91' lang='lat' dir='ltr'><strong>omni</strong></span> <span class='ocrx_word' id='word_1_710' title='bbox 2495 4651 2700 4704; x_wconf 88' lang='lat' dir='ltr'><strong>homini</strong></span> <span class='ocrx_word' id='word_1_711' title='bbox 2749 4652 3168 4721; x_wconf 89' lang='lat' dir='ltr'><strong>impertiendum</strong></span> <span class='ocrx_word' id='word_1_712' title='bbox 3199 4659 3301 4706; x_wconf 89' lang='lat' dir='ltr'><strong>est.</strong></span> <span class='ocrx_word' id='word_1_713' title='bbox 3354 4652 3411 4704; x_wconf 87' lang='lat' dir='ltr'><strong>In</strong></span> 
     </span>
    </p>
   </div>
   <div class='ocr_carea' id='block_1_101' title="bbox 1830 4741 3410 4812">
    <p class='ocr_par' dir='ltr' id='par_1_101' title="bbox 1830 4741 3410 4812">
     <span class='ocr_line' id='line_1_101' title="bbox 1830 4741 3410 4812; baseline -0.001 -16"><span class='ocrx_word' id='word_1_714' title='bbox 1830 4743 2070 4797; x_wconf 89' lang='lat' dir='ltr'><strong>Ecclesia</strong></span> <span class='ocrx_word' id='word_1_715' title='bbox 2103 4757 2266 4812; x_wconf 92' lang='lat' dir='ltr'><strong>porro</strong></span> <span class='ocrx_word' id='word_1_716' title='bbox 2297 4742 2502 4796; x_wconf 90' lang='lat' dir='ltr'><strong>domini</strong></span> <span class='ocrx_word' id='word_1_717' title='bbox 2550 4741 2802 4812; x_wconf 71' lang='lat' dir='ltr'><strong>Gregora&#39;:</strong></span> <span class='ocrx_word' id='word_1_718' title='bbox 2833 4743 2924 4796; x_wconf 84' lang='lat' dir='ltr'><strong>lilii</strong></span> <span class='ocrx_word' id='word_1_719' title='bbox 2952 4742 3124 4795; x_wconf 87' lang='lat' dir='ltr'><strong>nostri</strong></span> <span class='ocrx_word' id='word_1_720' title='bbox 3157 4751 3219 4796; x_wconf 92' lang='lat' dir='ltr'><strong>ut</strong></span> <span class='ocrx_word' id='word_1_721' title='bbox 3242 4743 3410 4797; x_wconf 82' lang='lat' dir='ltr'><strong>sacri-</strong></span> 
     </span>
    </p>
   </div>
   <div class='ocr_carea' id='block_1_102' title="bbox 1829 4833 3413 4903">
    <p class='ocr_par' dir='ltr' id='par_1_102' title="bbox 1829 4833 3413 4903">
     <span class='ocr_line' id='line_1_102' title="bbox 1829 4833 3413 4903; baseline -0.001 -16"><span class='ocrx_word' id='word_1_722' title='bbox 1829 4833 1953 4887; x_wconf 87' lang='lat' dir='ltr'><strong>ﬁcet</strong></span> <span class='ocrx_word' id='word_1_723' title='bbox 2001 4833 2286 4903; x_wconf 82' lang='lat' dir='ltr'><strong>presbyter</strong></span> <span class='ocrx_word' id='word_1_724' title='bbox 2336 4842 2526 4887; x_wconf 89' lang='lat' dir='ltr'><strong>noster</strong></span> <span class='ocrx_word' id='word_1_725' title='bbox 2571 4834 2752 4888; x_wconf 89' lang='lat' dir='ltr'><strong>dicere</strong></span> <span class='ocrx_word' id='word_1_726' title='bbox 2783 4849 2894 4888; x_wconf 90' lang='lat' dir='ltr'><strong>non</strong></span> <span class='ocrx_word' id='word_1_727' title='bbox 2928 4834 3138 4888; x_wconf 89' lang='lat' dir='ltr'><strong>audeo:</strong></span> <span class='ocrx_word' id='word_1_728' title='bbox 3176 4848 3242 4888; x_wconf 90' lang='lat' dir='ltr'><strong>eo</strong></span> <span class='ocrx_word' id='word_1_729' title='bbox 3264 4834 3413 4903; x_wconf 87' lang='lat' dir='ltr'><strong>quod</strong></span> 
     </span>
    </p>
   </div>
   <div class='ocr_carea' id='block_1_103' title="bbox 1829 4925 3411 4996">
    <p class='ocr_par' dir='ltr' id='par_1_103' title="bbox 1829 4925 3411 4996">
     <span class='ocr_line' id='line_1_103' title="bbox 1829 4925 3411 4996; baseline -0.001 -16"><span class='ocrx_word' id='word_1_730' title='bbox 1829 4933 1954 4995; x_wconf 89' lang='lat' dir='ltr'><strong>post</strong></span> <span class='ocrx_word' id='word_1_731' title='bbox 1987 4925 2474 4996; x_wconf 71' lang='lat' dir='ltr'><strong>mmchosynodum</strong></span> <span class='ocrx_word' id='word_1_732' title='bbox 2516 4925 2762 4980; x_wconf 85' lang='lat' dir='ltr'><strong>dedicata</strong></span> <span class='ocrx_word' id='word_1_733' title='bbox 2803 4935 2886 4979; x_wconf 88' lang='lat' dir='ltr'><strong>est</strong></span> <span class='ocrx_word' id='word_1_734' title='bbox 2929 4927 2996 4980; x_wconf 88' lang='lat' dir='ltr'><strong>ab</strong></span> <span class='ocrx_word' id='word_1_735' title='bbox 3029 4941 3095 4980; x_wconf 89' lang='lat' dir='ltr'><strong>eo</strong></span> <span class='ocrx_word' id='word_1_736' title='bbox 3116 4926 3206 4995; x_wconf 88' lang='lat' dir='ltr'><strong>qui</strong></span> <span class='ocrx_word' id='word_1_737' title='bbox 3240 4927 3411 4980; x_wconf 82' lang='lat' dir='ltr'><strong>sacri-</strong></span> 
     </span>
    </p>
   </div>
   <div class='ocr_carea' id='block_1_104' title="bbox 1832 5017 3408 5088">
    <p class='ocr_par' dir='ltr' id='par_1_104' title="bbox 1832 5017 3408 5088">
     <span class='ocr_line' id='line_1_104' title="bbox 1832 5017 3408 5088; baseline -0.001 -17"><span class='ocrx_word' id='word_1_738' title='bbox 1832 5017 2013 5072; x_wconf 83' lang='lat' dir='ltr'><strong>ﬁcavit</strong></span> <span class='ocrx_word' id='word_1_739' title='bbox 2033 5033 2156 5071; x_wconf 91' lang='lat' dir='ltr'><strong>eum</strong></span> <span class='ocrx_word' id='word_1_740' title='bbox 2171 5017 2398 5071; x_wconf 87' lang='lat' dir='ltr'><strong>adulteri</strong></span> <span class='ocrx_word' id='word_1_741' title='bbox 2422 5019 2756 5087; x_wconf 89' lang='lat' dir='ltr'><strong>copulatore,</strong></span> <span class='ocrx_word' id='word_1_742' title='bbox 2771 5033 2865 5088; x_wconf 87' lang='lat' dir='ltr'><strong>per</strong></span> <span class='ocrx_word' id='word_1_743' title='bbox 2881 5018 3408 5087; x_wconf 75' lang='lat' dir='ltr'><strong>protomoechiannm</strong></span> 
     </span>
    </p>
   </div>
   <div class='ocr_carea' id='block_1_105' title="bbox 1833 5119 2193 5168">
    <p class='ocr_par' dir='ltr' id='par_1_105' title="bbox 1833 5119 2193 5168">
     <span class='ocr_line' id='line_1_105' title="bbox 1833 5119 2193 5168; baseline 0.008 -3"><span class='ocrx_word' id='word_1_744' title='bbox 1833 5119 2172 5166; x_wconf 87' lang='lat' dir='ltr'><strong>consecrata.</strong></span> <span class='ocrx_word' id='word_1_745' title='bbox 2187 5162 2193 5168; x_wconf 92' lang='lat'><strong>.</strong></span> 
     </span>
    </p>
   </div>
   <div class='ocr_carea' id='block_1_106' title="bbox 2396 5242 2813 5316">
    <p class='ocr_par' dir='ltr' id='par_1_106' title="bbox 2396 5242 2813 5316">
     <span class='ocr_line' id='line_1_106' title="bbox 2396 5242 2813 5316; baseline 0.007 -19"><span class='ocrx_word' id='word_1_746' title='bbox 2499 5273 2568 5282; x_wconf 95' lang='lat'><strong><em>—</em></strong></span> <span class='ocrx_word' id='word_1_747' title='bbox 2604 5244 2813 5300; x_wconf 80' lang='lat' dir='ltr'><strong>Eidem.</strong></span> 
     </span>
    </p>
   </div>
   <div class='ocr_carea' id='block_1_107' title="bbox 1636 5382 1975 5448">
    <p class='ocr_par' dir='ltr' id='par_1_107' title="bbox 1636 5382 1975 5448">
     <span class='ocr_line' id='line_1_107' title="bbox 1636 5382 1975 5448; baseline 0 -16"><span class='ocrx_word' id='word_1_748' title='bbox 1636 5383 1710 5433; x_wconf 91' lang='lat' dir='ltr'><strong>De</strong></span> <span class='ocrx_word' id='word_1_749' title='bbox 1736 5382 1975 5448; x_wconf 81' lang='lat' dir='ltr'><strong>Digatnis.</strong></span> 
     </span>
    </p>
   </div>
   <div class='ocr_carea' id='block_1_108' title="bbox 217 5474 1716 5557">
    <p class='ocr_par' dir='ltr' id='par_1_108' title="bbox 217 5474 1716 5557">
     <span class='ocr_line' id='line_1_108' title="bbox 217 5474 1716 5557; baseline 0.007 -28"><span class='ocrx_word' id='word_1_750' title='bbox 217 5477 428 5548; x_wconf 75' lang='grc' dir='ltr'>Θερμδς</span> <span class='ocrx_word' id='word_1_751' title='bbox 459 5474 529 5541; x_wconf 81' lang='grc' dir='ltr'><strong>εί,</strong></span> <span class='ocrx_word' id='word_1_752' title='bbox 561 5478 749 5532; x_wconf 83' lang='grc' dir='ltr'>τέκνον</span> <span class='ocrx_word' id='word_1_753' title='bbox 787 5482 1144 5552; x_wconf 69' lang='grc' dir='ltr'>ἠγαπημένον</span> <span class='ocrx_word' id='word_1_754' title='bbox 1165 5524 1179 5547; x_wconf 91' lang='grc'><strong>,</strong></span> <span class='ocrx_word' id='word_1_755' title='bbox 1217 5502 1281 5537; x_wconf 89' lang='grc' dir='ltr'><strong>πε</strong></span> <span class='ocrx_word' id='word_1_756' title='bbox 1294 5487 1345 5553; x_wconf 81' lang='grc' dir='ltr'><strong>ρί</strong></span> <span class='ocrx_word' id='word_1_757' title='bbox 1380 5482 1474 5537; x_wconf 86' lang='grc' dir='ltr'><strong>τοῦ</strong></span> <span class='ocrx_word' id='word_1_758' title='bbox 1504 5487 1716 5557; x_wconf 80' lang='grc' dir='ltr'>ἐρωτᾷν</span> 
     </span>
    </p>
   </div>
   <div class='ocr_carea' id='block_1_109' title="bbox 157 5569 1719 5647">
    <p class='ocr_par' dir='ltr' id='par_1_109' title="bbox 157 5569 1719 5647">
     <span class='ocr_line' id='line_1_109' title="bbox 157 5569 1719 5647; baseline 0.008 -29"><span class='ocrx_word' id='word_1_759' title='bbox 157 5569 240 5620; x_wconf 78' lang='grc' dir='ltr'>καὶ</span> <span class='ocrx_word' id='word_1_760' title='bbox 272 5569 565 5638; x_wconf 82' lang='grc' dir='ltr'>μανθάνειν</span> <span class='ocrx_word' id='word_1_761' title='bbox 594 5570 663 5623; x_wconf 90' lang='grc' dir='ltr'><strong>τά</strong></span> <span class='ocrx_word' id='word_1_762' title='bbox 693 5572 940 5642; x_wconf 85' lang='grc' dir='ltr'>χρήσιμα</span> <span class='ocrx_word' id='word_1_763' title='bbox 968 5591 980 5603; x_wconf 76' lang='grc' dir='ltr'><strong>ο</strong></span> <span class='ocrx_word' id='word_1_764' title='bbox 1010 5576 1104 5626; x_wconf 68' lang='grc' dir='ltr'>καὶ</span> <span class='ocrx_word' id='word_1_765' title='bbox 1131 5575 1189 5628; x_wconf 79' lang='grc' dir='ltr'><strong>τὺ</strong></span> <span class='ocrx_word' id='word_1_766' title='bbox 1223 5578 1318 5645; x_wconf 82' lang='grc' dir='ltr'>μὲν</span> <span class='ocrx_word' id='word_1_767' title='bbox 1347 5577 1536 5647; x_wconf 81' lang='grc' dir='ltr'>χρῆμα</span> <span class='ocrx_word' id='word_1_768' title='bbox 1561 5580 1719 5631; x_wconf 81' lang='grc' dir='ltr'>ὲπαι-</span> 
     </span>
    </p>
   </div>
   <div class='ocr_carea' id='block_1_110' title="bbox 158 5660 1716 5738">
    <p class='ocr_par' dir='ltr' id='par_1_110' title="bbox 158 5660 1716 5738">
     <span class='ocr_line' id='line_1_110' title="bbox 158 5660 1716 5738; baseline 0.007 -29"><span class='ocrx_word' id='word_1_769' title='bbox 158 5660 295 5711; x_wconf 83' lang='grc' dir='ltr'>νετόν</span> <span class='ocrx_word' id='word_1_770' title='bbox 321 5675 333 5689; x_wconf 76' lang='grc' dir='ltr'><strong>ο</strong></span> <span class='ocrx_word' id='word_1_771' title='bbox 370 5661 470 5730; x_wconf 85' lang='grc' dir='ltr'><strong>ούχ</strong></span> <span class='ocrx_word' id='word_1_772' title='bbox 506 5660 692 5726; x_wconf 82' lang='grc' dir='ltr'>ίκανδς</span> <span class='ocrx_word' id='word_1_773' title='bbox 746 5663 801 5716; x_wconf 83' lang='grc' dir='ltr'>δὲ</span> <span class='ocrx_word' id='word_1_774' title='bbox 846 5661 957 5730; x_wconf 81' lang='grc' dir='ltr'><strong>ἐγὼ</strong></span> <span class='ocrx_word' id='word_1_775' title='bbox 1005 5663 1152 5716; x_wconf 87' lang='grc' dir='ltr'>λύειν</span> <span class='ocrx_word' id='word_1_776' title='bbox 1189 5667 1287 5728; x_wconf 77' lang='grc' dir='ltr'>τὰς</span> <span class='ocrx_word' id='word_1_777' title='bbox 1318 5668 1552 5738; x_wconf 79' lang='grc' dir='ltr'>ἀπορίας</span> <span class='ocrx_word' id='word_1_778' title='bbox 1583 5685 1677 5720; x_wconf 86' lang='grc' dir='ltr'><strong>σου</strong></span> <span class='ocrx_word' id='word_1_779' title='bbox 1702 5685 1716 5701; x_wconf 76' lang='grc' dir='ltr'><strong>ο</strong></span> 
     </span>
    </p>
   </div>
   <div class='ocr_carea' id='block_1_111' title="bbox 219 5836 1304 5901">
    <p class='ocr_par' dir='ltr' id='par_1_111' title="bbox 219 5836 1304 5901">
     <span class='ocr_line' id='line_1_111' title="bbox 219 5836 1304 5901; baseline 0.004 -9"><span class='ocrx_word' id='word_1_780' title='bbox 219 5836 259 5868; x_wconf 86' lang='grc'><strong>⁶¹</strong></span> <span class='ocrx_word' id='word_1_781' title='bbox 295 5837 315 5892; x_wconf 88' lang='lat' dir='ltr'><strong>l</strong></span> <span class='ocrx_word' id='word_1_782' title='bbox 347 5838 472 5894; x_wconf 88' lang='lat' dir='ltr'><strong>Cor.</strong></span> <span class='ocrx_word' id='word_1_783' title='bbox 507 5856 559 5901; x_wconf 89' lang='lat' dir='ltr'><strong>v,</strong></span> <span class='ocrx_word' id='word_1_784' title='bbox 590 5839 674 5893; x_wconf 80' lang='grc' dir='ltr'>Η.</span> <span class='ocrx_word' id='word_1_785' title='bbox 752 5840 796 5871; x_wconf 85' lang='grc'><strong>⁶¹</strong></span> <span class='ocrx_word' id='word_1_786' title='bbox 841 5840 941 5894; x_wconf 85' lang='lat' dir='ltr'><strong>Job</strong></span> <span class='ocrx_word' id='word_1_787' title='bbox 971 5858 1191 5900; x_wconf 70' lang='lat' dir='ltr'><strong>xxxviii,</strong></span> <span class='ocrx_word' id='word_1_788' title='bbox 1218 5842 1304 5897; x_wconf 79' lang='grc' dir='ltr'>Η.</span> 
     </span>
    </p>
   </div>
   <div class='ocr_carea' id='block_1_112' title="bbox 1896 5485 3407 5556">
    <p class='ocr_par' dir='ltr' id='par_1_112' title="bbox 1896 5485 3407 5556">
     <span class='ocr_line' id='line_1_112' title="bbox 1896 5485 3407 5556; baseline -0.001 -14"><span class='ocrx_word' id='word_1_789' title='bbox 1896 5489 2092 5553; x_wconf 85' lang='lat' dir='ltr'><strong>Ardes,</strong></span> <span class='ocrx_word' id='word_1_790' title='bbox 2131 5488 2202 5542; x_wconf 82' lang='lat' dir='ltr'><strong>ﬁli</strong></span> <span class='ocrx_word' id='word_1_791' title='bbox 2253 5488 2595 5553; x_wconf 86' lang='lat' dir='ltr'><strong>charissime,</strong></span> <span class='ocrx_word' id='word_1_792' title='bbox 2633 5487 2810 5542; x_wconf 85' lang='lat' dir='ltr'><strong>studio</strong></span> <span class='ocrx_word' id='word_1_793' title='bbox 2852 5485 3206 5556; x_wconf 88' lang='lat' dir='ltr'><strong>percontandi</strong></span> <span class='ocrx_word' id='word_1_794' title='bbox 3234 5495 3289 5540; x_wconf 92' lang='lat' dir='ltr'><strong>et</strong></span> <span class='ocrx_word' id='word_1_795' title='bbox 3325 5486 3407 5541; x_wconf 87' lang='lat' dir='ltr'><strong>di-</strong></span> 
     </span>
    </p>
   </div>
   <div class='ocr_carea' id='block_1_113' title="bbox 1827 5577 3398 5650">
    <p class='ocr_par' dir='ltr' id='par_1_113' title="bbox 1827 5577 3398 5650">
     <span class='ocr_line' id='line_1_113' title="bbox 1827 5577 3398 5650; baseline -0.003 -16"><span class='ocrx_word' id='word_1_796' title='bbox 1827 5580 2012 5637; x_wconf 88' lang='lat' dir='ltr'><strong>scendi</strong></span> <span class='ocrx_word' id='word_1_797' title='bbox 2061 5596 2180 5650; x_wconf 65' lang='lat' dir='ltr'><strong>quae</strong></span> <span class='ocrx_word' id='word_1_798' title='bbox 2216 5581 2364 5634; x_wconf 91' lang='lat' dir='ltr'><strong>utilia</strong></span> <span class='ocrx_word' id='word_1_799' title='bbox 2405 5590 2535 5634; x_wconf 92' lang='lat' dir='ltr'><strong>sunt</strong></span> <span class='ocrx_word' id='word_1_800' title='bbox 2572 5599 2585 5633; x_wconf 89' lang='lat'><strong>:</strong></span> <span class='ocrx_word' id='word_1_801' title='bbox 2620 5589 2780 5648; x_wconf 89' lang='lat' dir='ltr'><strong>atque</strong></span> <span class='ocrx_word' id='word_1_802' title='bbox 2811 5579 2863 5633; x_wconf 89' lang='lat' dir='ltr'><strong>id</strong></span> <span class='ocrx_word' id='word_1_803' title='bbox 2907 5588 3054 5632; x_wconf 83' lang='lat' dir='ltr'><strong>certe</strong></span> <span class='ocrx_word' id='word_1_804' title='bbox 3080 5577 3350 5632; x_wconf 90' lang='lat' dir='ltr'><strong>laudabile</strong></span> <span class='ocrx_word' id='word_1_805' title='bbox 3386 5595 3398 5629; x_wconf 85' lang='lat'><strong>:</strong></span> 
     </span>
    </p>
   </div>
   <div class='ocr_carea' id='block_1_114' title="bbox 1827 5670 3402 5743">
    <p class='ocr_par' dir='ltr' id='par_1_114' title="bbox 1827 5670 3402 5743">
     <span class='ocr_line' id='line_1_114' title="bbox 1827 5670 3402 5743; baseline -0.001 -19"><span class='ocrx_word' id='word_1_806' title='bbox 1827 5688 2016 5726; x_wconf 83' lang='lat' dir='ltr'><strong>verum</strong></span> <span class='ocrx_word' id='word_1_807' title='bbox 2075 5686 2175 5743; x_wconf 82' lang='lat' dir='ltr'><strong>ego</strong></span> <span class='ocrx_word' id='word_1_808' title='bbox 2229 5671 2504 5728; x_wconf 87' lang='lat' dir='ltr'><strong>solvendis</strong></span> <span class='ocrx_word' id='word_1_809' title='bbox 2550 5671 2937 5742; x_wconf 71' lang='lat' dir='ltr'><strong>quaestionibus</strong></span> <span class='ocrx_word' id='word_1_810' title='bbox 2979 5670 3092 5726; x_wconf 89' lang='lat' dir='ltr'><strong>suis</strong></span> <span class='ocrx_word' id='word_1_811' title='bbox 3145 5686 3245 5740; x_wconf 86' lang='lat' dir='ltr'><strong>par</strong></span> <span class='ocrx_word' id='word_1_812' title='bbox 3291 5684 3402 5724; x_wconf 88' lang='lat' dir='ltr'><strong>non</strong></span> 
     </span>
    </p>
   </div>
   <div class='ocr_carea' id='block_1_115' title="bbox 1382 5842 1893 5914">
    <p class='ocr_par' dir='ltr' id='par_1_115' title="bbox 1382 5842 1893 5914">
     <span class='ocr_line' id='line_1_115' title="bbox 1382 5842 1893 5914; baseline 0.014 -18"><span class='ocrx_word' id='word_1_813' title='bbox 1382 5843 1425 5876; x_wconf 77' lang='grc'><strong>⁸³</strong></span> <span class='ocrx_word' id='word_1_814' title='bbox 1456 5842 1618 5901; x_wconf 77' lang='lat' dir='ltr'><strong>Prov.</strong></span> <span class='ocrx_word' id='word_1_815' title='bbox 1645 5862 1777 5914; x_wconf 77' lang='lat' dir='ltr'><strong>xxii,</strong></span> <span class='ocrx_word' id='word_1_816' title='bbox 1804 5848 1893 5903; x_wconf 72' lang='lat'><strong>‘28.</strong></span> 
     </span>
    </p>
   </div>
  </div>
