3914 6438
521 388 649 453 1091

1697 390 1754 447 S.
1787 380 2178 445 THEODORI
2220 381 2564 441 STUDITJZ

3610 376 3745 440 1092

513 521 634 561 sum
666 522 681 569 ;
713 502 1018 561 communis
1046 512 1225 559 tamen
1265 512 1504 572 qumstus
1535 500 1712 555 studio
1750 496 2077 552 conferenda

2186 492 2327 561 ὅμως
2360 492 2447 544 διὰ
2475 491 2534 543 τὸ
2564 491 2716 560 κοινῇ
2746 489 3028 559 συμφέρον
3061 485 3401 540 εἰσενεκτέον
3434 484 3531 537 καὶ
3560 486 3654 537 νῦν
3681 491 3745 541 τά

510 598 812 651 etiamnum
849 611 969 665 quae
1016 610 1325 664 possumus.
1378 594 1616 659 Quaestio
1643 602 1731 646 tua
1755 593 1821 646 de
1847 588 2083 660 Digamis

516 687 618 741 fuit
646 706 661 753 ;
687 686 828 757 quod
851 687 918 741 de
944 701 1135 740 eorum
1163 686 1545 754 conjunctione
1566 684 1869 737 dubitatum
1899 678 2082 742 fuerit,

515 780 838 835 coronarine
893 779 1033 833 sicut
1083 778 1387 847 monagami
1435 778 1691 840 debeant,
1749 775 1987 830 annon?
2031 780 2087 828 et

514 888 750 943 quonam
792 881 971 942 pacto,
1022 871 1065 925 si
1095 871 1312 939 quidem
1346 870 1449 924 hoc
1499 869 1613 931 ﬁat,
1659 869 2082 936 conjnugantur,

517 961 798 1017 sacerdote
837 961 955 1014 illos
989 959 1211 1013 minime
1251 960 1539 1028 copulantc
1567 976 1578 1010 :
1617 957 1814 1010 famam
1848 970 1991 1018 esse,
2019 952 2087 1007 ab

518 1050 669 1119 impii
707 1048 1049 1104 Constantini
1079 1047 1414 1117 temporibus
1461 1045 1760 1100 obtinuisse
1789 1053 2086 1099 consuetu-

517 1141 699 1194 dinem
730 1140 972 1209 digamos
1001 1138 1319 1203 coronandi,
1353 1153 1417 1192 ex
1459 1137 1652 1207 triplici
1688 1137 1806 1205 ejus
1836 1133 2086 1203 conjugio

519 1242 695 1285 natam
721 1248 735 1295 ;
763 1246 883 1284 cum
915 1230 1162 1299 superior
1194 1238 1319 1283 ante
1347 1228 1494 1282 illum
1533 1227 1791 1282 memoria
1824 1241 1934 1280 non
1964 1224 2085 1279 fue-

519 1324 613 1376 rit.
659 1322 766 1393 Ego
807 1336 958 1384 vero,
1005 1323 1134 1390 quin
1192 1320 1501 1375 verisimilis
1555 1335 1618 1373 ea
1659 1319 1799 1373 fama
1841 1319 1930 1381 sit,
1975 1333 2085 1371 non

520 1428 789 1483 repugno.
839 1411 1106 1467 Caeterum
1131 1413 1332 1467 debent
1359 1412 1607 1466 veritatis
1630 1410 1858 1466 studiosi
1887 1425 1997 1463 non
2021 1424 2086 1463 ex

521 1512 726 1557 temere
760 1502 971 1573 vulgata
1023 1502 1183 1568 fama,
1212 1517 1391 1572 neque
1416 1518 1481 1557 ex
1513 1502 1753 1556 humana
1796 1510 2089 1555 consuetu-

517 1593 661 1655 dine,
712 1608 890 1647 rerum
916 1592 1072 1646 ﬁdem
1098 1593 1341 1662 accipere
1376 1610 1390 1657 ;
1419 1591 1515 1646 sed
1540 1607 1607 1646 ex
1633 1591 1763 1660 ipsis
1786 1591 1954 1645 sacris
1977 1589 2089 1644 Lit-

522 1682 651 1737 teris
674 1691 728 1737 et
763 1692 981 1751 paterna
1018 1690 1179 1750 atque
1214 1682 1476 1737 canonica
1504 1682 1813 1737 traditione.
1848 1681 2089 1751 Digamia

518 1788 647 1843 ergo
700 1773 962 1841 permissa
1010 1772 1157 1827 haud
1203 1771 1367 1827 dubie
1413 1772 1569 1827 fuita
1597 1783 1784 1828 sancto
1810 1773 2085 1842 Apostolo,

516 1871 572 1917 et
595 1878 692 1931 per
722 1862 899 1932 ipsum
922 1879 952 1917 a
987 1862 1222 1918 Christo.
1260 1861 1454 1919 Verum
1491 1864 1607 1918 haec
1635 1864 1718 1917 lex
1762 1878 1867 1917 non
1895 1873 1997 1929 est,
2027 1872 2089 1918 ut

518 1951 815 2023 Gregorius
836 1952 1141 2025 Theologus
1168 1954 1263 2021 ait,
1282 1954 1376 2009 sed
1407 1954 1737 2025 indulgentia
1762 1971 1774 2007 ι
1803 1954 2087 2025 indulgen-

520 2045 593 2098 tia
612 2053 792 2099 autem
820 2060 1159 2115 nequaquam
1190 2049 1243 2101 in
1269 2061 1335 2101 eo
1361 2046 1602 2100 cernitur
1620 2046 1762 2115 quod
1786 2048 2103 2117 reprehen--

519 2135 672 2191 sione
688 2144 743 2189 et
770 2136 925 2206 culpa
954 2147 1135 2191 careat
1158 2155 1170 2191 :
1191 2136 1283 2206 qui
1307 2137 1451 2192 enim
1476 2145 1532 2191 et
1557 2152 1717 2206 quam
1741 2138 1809 2192 ob
1825 2154 2041 2193 causam
2065 2138 2088 2191 ?

518 2227 613 2281 sed
668 2226 757 2281 ubi
822 2228 1212 2295 succumbitur,
1262 2244 1523 2297 noxmque
1573 2228 1733 2283 aliine
1782 2239 1886 2294 est,
1939 2230 2086 2301 quod

518 2319 713 2388 agitur.
747 2317 860 2372 Hoc
885 2318 1032 2373 enim
1061 2318 1237 2388 ipsum
1272 2319 1489 2374 divinus
1527 2320 1819 2389 Apostolus
1848 2320 2086 2375 insinua-

520 2408 619 2472 vit,
648 2423 769 2461 cum
795 2408 1039 2464 diceret:
1071 2409 1128 2464 Si
1149 2427 1204 2464 se
1230 2426 1330 2463 non
1360 2413 1646 2476 continent,
1688 2412 1965 2466 nubant“.
1998 2412 2087 2466 ln-

519 2499 854 2555 continentia
900 2500 1102 2570 quippe
1148 2518 1268 2571 quae
1309 2501 1638 2557 fortitudinis
1682 2506 1847 2559 robur
1884 2505 2083 2567 amisit,

519 2590 676 2645 victae
725 2600 1115 2660 prostrataeque
1158 2601 1242 2647 est
1272 2603 1498 2649 natura.
1545 2593 1639 2649 His
1670 2596 1896 2664 permoti
1919 2596 2085 2649 divini

517 2674 706 2732 Patres
756 2678 998 2750 digamos
1030 2681 1207 2751 poenis
1251 2683 1621 2752 subjecerunt,
1666 2686 1719 2737 in
1771 2685 2083 2739 Laodicensi

519 2769 739 2837 quidem
771 2771 961 2840 synodi
1003 2772 1284 2828 indeﬁnite
1306 2774 1374 2835 “,
1403 2789 1527 2828 cum
1563 2775 1791 2829 dicunt:
1824 2776 1894 2831 Ut
1920 2791 2084 2845 parvo

522 2868 767 2928 tempore
812 2871 1003 2916 exacto
1035 2872 1227 2918 vacent
1276 2865 1615 2921 orationibus
1645 2876 1699 2920 et
1733 2866 1953 2935 jejuniis
1990 2883 2001 2919 :
2032 2875 2086 2921 et

520 2950 819 3004 secundum
874 2952 1263 3023 indulgentiam
1319 2957 1756 3011 communionem
1809 2958 1959 3012 reddi
2004 2959 2085 3013 eis

520 3037 896 3097 decrevimus:
942 3059 1186 3124 magnus.
1211 3061 1341 3100 vero
1369 3045 1597 3102 Basilius
1639 3049 1861 3103 deﬁnite
1888 3050 1950 3103 “.
1995 3050 2087 3103 Sic

519 3132 665 3186 enim
691 3133 767 3186 ait
793 3152 808 3187 :
844 3133 920 3190 De
952 3136 1196 3206 trigamis
1242 3147 1295 3192 et
1324 3138 1614 3210 polygamis
1643 3142 1893 3195 eumdem
1920 3155 2082 3194 cano-
2111 3179 2154 3240 Ε

520 3238 644 3277 nem
675 3224 1003 3280 deﬁnierunt
1031 3227 1237 3293 Patres,
1270 3230 1527 3285 nimirum
1562 3247 1721 3299 quem
1745 3231 1800 3284 in
1831 3231 2083 3300 digamis,

519 3318 871 3385 proportione
896 3335 1129 3376 :annum
1160 3323 1304 3378 enim
1334 3326 1387 3379 in
1426 3326 1654 3397 digamis
1684 3344 1697 3380 :
1731 3327 1783 3379 in
1812 3326 1929 3380 aliis
1958 3341 2087 3381 vero

519 3409 657 3465 duos
702 3426 893 3466 annos.
950 3412 1103 3468 Patet
1133 3414 1296 3486 igitur
1340 3433 1404 3471 ex
1457 3419 1521 3472 iis
1568 3434 1688 3487 quae
1739 3418 1880 3473 dicta
1938 3430 2085 3487 sunt,

518 3500 766 3570 digamiae
794 3512 1045 3573 tanquam
1062 3506 1308 3561 obnoxia:
1329 3508 1638 3578 impositam
1660 3525 1874 3579 pmnam
1896 3510 2085 3566 fuisse.

520 3590 811 3661 Propterea
856 3595 1000 3649 enim
1036 3606 1090 3651 et
1127 3599 1298 3653 sancti
1346 3599 1528 3655 Patres
1575 3602 1763 3673 synodi
1802 3604 2087 3659 Neocaasa-

518 3682 715 3737 riensis
744 3684 787 3715 °"
835 3686 1146 3757 presbytero
1195 3690 1611 3760 interdixerunt,
1664 3710 1731 3748 ne
1784 3695 1836 3748 in
1888 3696 2086 3765 digami

522 3773 728 3845 nuptiis
756 3776 1025 3847 epuletur.

591 4034 727 4087 Cum
762 4035 930 4095 enim,
962 4035 1237 4105 inquiunt,
1274 4038 1590 4106 pmnilentia
1621 4040 1867 4108 digamus
1906 4050 2081 4111 egeat,

514 4128 638 4195 quis
685 4130 786 4182 erit
823 4130 1103 4199 presbyter
1132 4132 1223 4199 qui
1272 4148 1369 4199 per
1406 4134 1713 4187 convivium
1754 4150 2080 4188 consensum

519 4219 757 4288 praebeat
806 4220 1001 4275 talibus
1048 4221 1291 4290 nuptiis?
1332 4222 1471 4287 Quid
1522 4239 1650 4293 ergo
1690 4239 1753 4277 ex
1802 4226 1885 4279 his
1937 4226 2082 4279 aliud

518 4311 826 4365 necessario
848 4311 1148 4375 conﬁcitur,
1180 4330 1338 4383 quam
1364 4316 1566 4383 primas
1596 4317 1812 4385 quidem
1845 4320 2080 4387 nuptias,

517 4407 577 4453 ut
606 4415 728 4469 quae
750 4403 965 4470 proprie
994 4403 1080 4456 lex
1109 4403 1237 4468 sint,
1271 4405 1465 4459 merito
1491 4407 1740 4460 coronari
1778 4423 1807 4460 a
1835 4410 2084 4462 sacerdo-

2186 582 2327 635 κατὰ
2364 580 2611 651 δύναμιν.
2655 581 2719 634 Ἢ
2748 580 3015 650 ἐρώτησίς
3041 597 3133 632 σου
3172 579 3301 647 περὶ
3323 579 3434 629 τῶν
3463 578 3708 647 διγάμων
3732 596 3744 606 ·

2185 676 2266 728 ὅτι
2316 674 2832 745 ἀμφισϐητούμενόν
2864 675 2979 740 ὶστι
3015 673 3143 742 περὶ
3174 672 3274 741 τῆς
3312 673 3606 738 συναφείας
3652 672 3747 723 αὖ·

2184 765 2313 829 τῶν,
2342 762 2452 835 ἄρα
2493 762 2884 833 στεφανοῦσθαι
2911 764 3106 826 αὐτοὺς
3130 802 3143 826 ,
3169 762 3245 823 ὡς
3277 762 3369 814 ἐπὶ
3390 762 3499 815 τῶν
3524 762 3751 832 μονογά-

2190 873 2337 926 μων,
2364 855 2397 923 ἢ
2457 855 2573 925 μή;
2612 854 2705 906 καὶ
2746 854 2891 920 πῶς,
2952 854 3045 907 ἐὰν
3098 852 3255 904 τοῦτο
3304 854 3630 923 γενήσεται,
3666 852 3751 919 εἴη

2188 946 2477 1011 συνάφεια,
2531 946 2604 1016 μὴ
2644 945 2747 998 ὑπὸ
2774 945 2866 997 τοῦ
2904 944 3095 1015 ἱερέως
3130 945 3512 1013 ζευγνυμένων
3537 944 3749 1003 αὐτῶνς

2185 1038 2268 1090 ὅτι
2331 1037 2556 1105 φέρεται
2613 1036 2768 1104 λόγος
2820 1036 2926 1091 ἀπὸ
2977 1036 3084 1089 τῶν
3134 1035 3359 1105 ἡμερῶν
3388 1033 3482 1086 τοῦ
3528 1034 3752 1096 ἀσεϐοῦς

2187 1128 2595 1182 Κωνσταντίνου
2629 1128 2903 1197 κρατῆσαι
2941 1126 3042 1196 τὴν
3088 1128 3374 1196 συνήθειαν
3405 1125 3500 1178 τοῦ
3535 1128 3754 1197 διγαμιο

2186 1217 2282 1271 κοῦ
2323 1216 2761 1288 στεφανώματος,
2781 1220 2845 1271 ἐκ
2873 1215 2966 1270 τοῦ
2993 1218 3111 1270 κατ’
3131 1217 3292 1271 αὐτὸν
3314 1218 3751 1287 τριγαμήματος’

2188 1296 2317 1363 ἐπεῖ
2350 1311 2424 1380 μὴ
2464 1305 2601 1362 εἶναι
2636 1312 2695 1363 ὲν
2724 1313 2842 1373 τοῖς
2868 1310 2986 1379 ’πρὸ
3032 1309 3199 1362 αὐτοῦ
3231 1309 3465 1379 χρόνοις.
3522 1309 3661 1377 Ἐγὼ
3700 1310 3754 1363 δὲ

2188 1400 2332 1472 ἔχειν
2358 1401 2453 1471 μὲν
2478 1402 2569 1455 τὸν
2598 1401 2751 1469 λόγον
2781 1402 2842 1457 τὸ
2866 1401 3057 1454 πιστὸν
3081 1401 3331 1454 ἐντεῦθεν
3361 1402 3461 1455 οὐκ
3503 1403 3756 1457 ἀποδοκι-

2192 1490 2369 1559 μάζω.
2399 1493 2489 1544 Δεῖ
2520 1492 2575 1543 δὲ
2616 1493 2763 1561 ὅμως
2794 1493 2902 1554 τοῖς
2932 1491 3185 1561 ἀληθείας
3232 1492 3490 1563 ἐρασταῖς
3517 1533 3531 1556 ,
3567 1493 3638 1562 μὴ
3693 1495 3755 1544 ὲκ

2190 1581 2381 1648 φορᾶς,
2431 1580 2506 1642 ὡς
2548 1580 2722 1649 ἔτυχε,
2758 1580 3010 1649 λόγου,ἦ
3071 1581 3361 1648 συνηθείας
3410 1581 3756 1652 ἀνθρωπίνης

2190 1672 2509 1726 πιστοῦσθαι
2533 1672 2600 1725 τὰ
2630 1672 2929 1741 πράγματα
2951 1688 2964 1701 '
2982 1671 3168 1735 ἁλλ’ὲξ
3194 1673 3361 1742 αὐτῆς
3388 1675 3487 1742 τῆς
3504 1673 3756 1725 θεοπνεύ-

2195 1780 2319 1816 στου
2359 1764 2600 1833 Γραφῆς,
2630 1764 2718 1815 καὶ
2753 1762 2853 1831 τῆς
2874 1762 3151 1831 Πατρικῆς
3175 1762 3267 1815 καὶ
3298 1764 3588 1831 κανονικῆς
3614 1763 3759 1815 ἐκδό-

2122 1829 2161 1884 B
2191 1870 2345 1917 σεως.
2361 1854 2426 1906 Ἠ
2445 1855 2541 1923 μὲν
2558 1850 2648 1907 οὖν
2664 1854 2786 1920 διγα
2796 1853 2890 1922 μία
2909 1851 3366 1923 παρακεχώρηται
3389 1852 3631 1921 δηλονότι
3654 1854 3757 1906 ὑπὸ

2189 1943 2280 1998 τοῦ
2315 1944 2460 2016 ἱεροῦ
2500 1946 2845 2011 Ἀποστόλου,
2878 1946 2971 1997 καὶ
3000 1945 3065 1997 δι’
3096 1944 3258 1996 αὐτοῦ
3292 1947 3441 2014 παρὰ
3468 1945 3703 2014 Χριστοῦ
3737 1961 3750 1974 ·

2195 2036 2257 2089 οὐ
2318 2038 2425 2106 μὴν
2480 2036 2663 2107 νόμος,
2695 2036 2882 2105 ὥσπερ
2916 2038 2943 2089 ὁ
2973 2035 3237 2102 Θεολὸγος
3274 2037 3310 2087 Γ
3317 2034 3595 2105 ρηγορίος,
3623 2035 3756 2089 ἀλλά

2191 2127 2536 2200 συγχώρησις
2571 2145 2585 2159 ο
2648 2126 2995 2198 συγχώρησις
3047 2128 3104 2180 δὲ
3160 2129 3258 2180 οὐκ
3315 2128 3407 2180 ἐπὶ
3466 2128 3753 2196 ἀμέμπτου

2187 2223 2279 2275 καὶ
2336 2223 2633 2275 ἁπταίστου
2695 2220 2888 2286 γένοιτ’
2918 2219 2981 2271 ἄν
3018 2236 3031 2248 ·
3093 2220 3207 2282 πῶς
3259 2220 3388 2289 γὰρ,
3436 2222 3531 2272 καὶ
3568 2220 3751 2282 διατί;

2186 2314 2299 2367 ἀλλ’
2329 2314 2420 2367 ἐπὶ
2444 2313 2614 2383 ἥττης
2646 2312 2791 2374 τινὸς
2826 2312 2919 2363 καὶ
2972 2311 3249 2381 ἁλωσίμου
3282 2311 3581 2382 δράματος.
3618 2312 3756 2364 Αὐτὸ

2186 2406 2295 2475 γάρ
2342 2404 2500 2458 τοῦτο
2542 2405 2570 2457 ό
2602 2404 2742 2467 θεῖος
2780 2403 3101 2465 Ἀπόστολος
3154 2403 3376 2472 ᾐνίξατο
3441 2401 3654 2454 εἰπών·
3686 2405 3757 2456 Εἰ

2187 2499 2297 2551 οὐκ
2345 2497 2820 2565 ἐγκρατεύονται,
2860 2491 3326 2563 γαμησάτωσαν.
3363 2493 3425 2545 Ἡ
3478 2492 3537 2546 δὲ
3584 2495 3755 2565 ἀκρα-

2189 2589 2277 2642 σία
2317 2588 2375 2641 τὸ
2404 2588 2601 2657 κράτος
2629 2588 2722 2655 τῆς
2771 2587 3018 2657 ἀνδρείας
3062 2585 3398 2649 ἀπολέσασα,
3426 2585 3599 2655 ἥττης
3642 2586 3755 2638 ἐστὶ

2186 2682 2281 2732 καὶ
2322 2677 2692 2742 ἀποπτώσεως
2744 2676 2988 2745 ἔκγονον.
3028 2674 3308 2728 Ἐντεῦθεν
3341 2676 3675 2746 ὁρμηθέντες
3706 2676 3755 2727 οἱ

2188 2769 2318 2822 θεῖοι
2377 2769 2641 2838 Πατέρες,
2701 2767 2965 2837 ἐπιτιμίῳ
3015 2766 3284 2818 ὑπέϐαλον
3314 2767 3438 2828 τοὺς
3464 2766 3757 2836 διγάμους,

2186 2863 2234 2914 οἱ
2287 2862 2385 2929 μὲν
2424 2861 2521 2929 τῆς
2563 2863 2619 2911 ὲν
2649 2859 2939 2927 Λαοδικείᾳ.
2980 2858 3197 2910 σύνοδον
3232 2857 3527 2927 ἀορίστως,
3550 2856 3638 2909 διά
3666 2853 3757 2908 τοῦ

2186 2954 2358 3004 εἰπεῖν
2386 2968 2399 2982 ο
2450 2952 2661 3017 Ὀλίγον
2704 2950 2897 3018 χρόνου
2928 2947 3289 3019 παρελθόντος
3328 2948 3423 2998 καὶ
3458 2945 3759 3014 σχολάσαν-

2184 3060 2282 3105 τας
2311 3044 2366 3093 ἐν
2395 3044 2514 3102 ταῖς
2544 3043 2879 3109 προσευχαῖς
2906 3040 2999 3092 καὶ
3027 3039 3322 3108 νηστείαις,
3346 3039 3489 3089 κατὰ
3513 3036 3757 3105 συγγνώ-

2190 3150 2297 3203 μην
2330 3130 2675 3183 ἀποδίδοσθαι
2707 3131 2892 3192 αὑτοίς
2922 3130 3021 3198 τὴν
3062 3131 3346 3183 κοινωνίαν
3378 3128 3661 3198 ὡρίσαμεν
3691 3144 3704 3157 ·
3731 3128 3759 3179 ό

2187 3224 2244 3275 δὲ
2284 3223 2451 3291 μέγας
2484 3222 2758 3283 Βασίλειος
2781 3222 3119 3291 ὡρισμένως.
3147 3221 3285 3291 Φησῖ
3307 3222 3412 3291 γάρ
3435 3235 3449 3248 ·
3488 3221 3625 3289 Περὶ
3646 3237 3759 3288 τρι-

2187 3314 2380 3383 γάμων
2422 3312 2515 3365 καὶ
2543 3312 2869 3382 πολυγάμων
2902 3313 2993 3366 τὸν
3034 3313 3196 3365 αὐτὸν
3242 3312 3448 3381 ὥρισαν
3480 3311 3682 3363 κανόνα
3709 3310 3759 3362 οἱ

2188 3404 2453 3474 Πατέρες,
2485 3404 2725 3474 δηλονότι
2754 3403 2818 3456 ὃν
2868 3404 2961 3456 καὶ
3000 3406 3092 3456 ἐπὶ
3122 3403 3233 3455 τῶν
3272 3403 3542 3471 διγάμων,
3576 3402 3758 3454 ἀναλό⁴

2187 3514 2299 3565 γως
2328 3513 2341 3526 ·
2371 3496 2618 3549 ἐνιαυτὸν
2660 3496 2757 3565 μὲν
2786 3496 2892 3565 γὰρ
2929 3498 3020 3548 ἐπὶ
3058 3497 3164 3548 τῶν
3195 3496 3441 3563 διγάμων
3468 3512 3480 3524 ·
3518 3494 3666 3546 ἄλλοι
3698 3494 3755 3546 δὲ

2186 3590 2279 3643 δύο
2301 3590 2415 3659 ἐτη.
2442 3589 2719 3642 Δέδεικται
2753 3590 2929 3640 τοίνυν
2960 3590 3021 3640 ὲκ
3047 3588 3154 3640 τῶν
3198 3587 3491 3657 ῥηθέντων,
3534 3586 3611 3649 ὡς
3655 3586 3756 3639 ὑπὸ

2185 3682 2245 3733 τὸ
2273 3681 2531 3733 πταιστὸν
2565 3682 2819 3747 γεγονυῖα
2865 3683 2896 3749 ἡ
2933 3678 3163 3748 διγαμία
3208 3679 3421 3748 εἰλήιρει
3469 3679 3532 3730 τὸ
3580 3679 3759 3731 ἐπιτίι-

2188 3788 2327 3840 μιον.
2356 3772 2451 3822 Διὰ
2498 3771 2656 3822 τοῦτο
2710 3770 2818 3839 γὰρ
2866 3771 2956 3821 καὶ
3005 3772 3051 3821 οἱ
3097 3770 3197 3837 τῆς
3246 3771 3303 3821 ἐν
3352 3771 3759 3841 Νεοκαισαρείᾳ⁴

2187 3860 2404 3912 συνόδου
2436 3859 2580 3925 ἅγιοι
2616 3860 2860 3929 Πατὲρες
2897 3858 3165 3929 άπεῖρξαν
3197 3858 3407 3911 καὶτοῦ
3441 3860 3759 3930 ἐστιαθῆναι

2189 3950 2564 4020 πρεσϐύτερον
2591 3952 2669 4011 εἰς
2703 3948 3060 4016 διγαμοῦντος
3094 3950 3292 4017 γάμον.

2256 4043 2540 4108 Λέγοντες,
2561 4041 2712 4092 Ἐπεὶ
2735 4042 3021 4109 μετάνοιαν
3050 4040 3328 4102 αἰτοῦντος
3353 4040 3442 4092 τοῦ
3468 4040 3762 4111 διγαμοῦν-

2181 4150 2291 4197 τος,
2331 4133 2412 4196 τίς
2446 4132 2599 4184 ἔσται
2638 4135 2665 4184 ό
2698 4131 3066 4202 πρεσϐύτερος
3110 4132 3137 4183 ὁ
3176 4132 3263 4183 διὰ
3306 4133 3402 4200 τῆς
3465 4134 3760 4195 ἑστιάσεως

2186 4205 2715 4293 συγέατατιθέμενος
2737 4226 2847 4287 τοῖς
2864 4225 3096 4293 γάμοιςς
3134 4224 3197 4274 Τί
3232 4223 3324 4276 οὖν
3357 4225 3415 4274 τὸ
3449 4242 3757 4294 συμπεραι-

2185 4320 2407 4387 νόμενον
2465 4317 2523 4380 ἐξ
2572 4318 2913 4383 ἁναγκαίου;
2953 4316 3073 4366 Ὅτι
3102 4317 3128 4367 ό
3163 4316 3258 4384 μὲν
3306 4316 3523 4384 πρῶτος
3561 4316 3754 4383 γάμος,

2191 4410 2265 4472 ὼς
2312 4410 2514 4477 κυρίως
2562 4408 2636 4459 ὣν
2697 4408 2881 4475 νόμος.
2950 4406 3175 4467 εἰκότως
3223 4407 3597 4471 ἐστεφάνωται
3660 4407 3759 4457 ὑπὸ

516 4491 595 4544 tio
621 4493 770 4546 velut
799 4492 1027 4546 intactas
1071 4501 1127 4547 ct
1158 4494 1551 4560 immaculatas,
1587 4507 1837 4566 tanquam
1879 4514 1909 4551 a
1947 4499 2071 4551 libi-

2186 4500 2281 4567 τῆς
2351 4499 2669 4567 ἱερωσύνης,
2732 4498 2806 4555 ώς
2863 4497 3159 4561 άνέπαφος,
3225 4496 3299 4556 ώς
3356 4497 3626 4565 άρῤυπος,
3686 4496 3758 4556 ὡς

514 4580 657 4633 (linis
698 4589 826 4633 nota
876 4580 1184 4637 immunes:
1214 4593 1375 4652 atque
1418 4587 1487 4640 ob
1535 4588 1674 4640 hanc
1715 4603 1929 4640 causam
1976 4604 2072 4641 ceu

515 4672 723 4741 peccati
753 4673 1004 4727 victrices
1044 4677 1332 4729 coronari?
1366 4676 1442 4730 Ex
1471 4694 1579 4746 quo
1617 4680 1863 4747 sequitur
1892 4688 1947 4733 et
1990 4695 2076 4733 sa-

513 4779 728 4817 crorum
761 4765 1122 4834 participatio,
1157 4768 1382 4836 ejusque
1409 4770 1498 4838 qui
1534 4772 1833 4835 coronavit,
1883 4782 1938 4827 et
1978 4788 2075 4826 cu-

508 4856 814 4926 juscunque
864 4858 1090 4913 alterius
1129 4861 1461 4926 sacerdotis,
1519 4863 1573 4916 in
1627 4865 1823 4918 talibus
1869 4864 2074 4933 nuptiis

510 4948 854 5000 comessatio.
919 4946 1388 5013 Quemadmodum
1442 4952 1494 5005 in
1525 4953 1669 5007 Cana
1699 4954 1926 5008 Galilzcze
1968 4955 2072 5009 Do-

512 5035 692 5089 minus
737 5047 791 5091 et
825 5037 967 5091 Deus
1012 5050 1196 5093 noster
1236 5044 1504 5109 prandere
1548 5044 1798 5114 dignatus
1835 5054 1939 5108 est,
1978 5061 2073 5115 per

512 5144 669 5181 suum
710 5129 837 5183 illud
882 5132 1188 5185 convivium
1217 5134 1477 5202 nuptialia
1517 5137 1742 5205 prandia
1771 5137 1950 5189 omnia
1978 5138 2071 5190 bc-

513 5216 792 5271 nediecns.
840 5218 981 5282 Quin
1014 5232 1068 5273 et
1108 5223 1405 5276 coronariae
1450 5224 1813 5291 impositionis
1847 5226 2075 5279 benedi-

512 5307 749 5360 ctionem
789 5310 1115 5379 anticipans,
1146 5329 1207 5365 ea
1244 5314 1479 5381 primum
1508 5330 1791 5383 parentem
1826 5328 2075 5371 nostrum

510 5398 677 5451 Adam
722 5399 1003 5469 impertiit.
1044 5402 1360 5467 Quomodo?
1385 5405 1451 5459 Et
1493 5409 1686 5460 creavit
1735 5409 1869 5462 Deus
1908 5411 2076 5462 homi-

514 5507 628 5542 nem
663 5506 681 5543 :
711 5492 779 5543 ad
815 5494 1097 5562 imaginem
1137 5495 1232 5549 Dei
1258 5499 1455 5550 creavit
1503 5500 1672 5561 illum,
1709 5502 1995 5554 masculum
2025 5512 2072 5555 et

510 5583 756 5650 feminam
789 5589 983 5639 creavit
1015 5604 1098 5640 eos
1128 5588 1531 5659 :benediazitqne
1556 5593 1663 5644 illis
1693 5593 1851 5657 Deus,
1877 5603 1925 5647 et
1950 5596 2027 5646 ait
2050 5611 2069 5648 .'

510 5670 757 5739 Crescite,
803 5688 851 5729 et
908 5680 1355 5749 multiplicamini,
1403 5693 1451 5735 et
1504 5684 1698 5751 replete
1748 5695 1962 5748 terram,
2019 5696 2067 5739 et

579 5784 622 5815 "‘
650 5784 667 5839 l
700 5784 822 5842 Cor.
853 5804 946 5856 vn,
977 5791 1028 5845 9.
1104 5792 1148 5822 “
1174 5791 1337 5847 Laod.
1380 5809 1500 5848 can.
1537 5796 1585 5851 1.

1662 5796 1707 5828 ⁶⁶
1727 5796 1782 5849 ln
1808 5795 1978 5866 Epist.
2006 5799 2071 5852 ad
2098 5800 2439 5869 Amphiloch.
2466 5817 2587 5855 can.
2622 5802 2673 5857 ’i.

2182 4590 2454 4650 ἀνάλωτος
2485 4587 2728 4658 πορνικῷ
2762 4587 2944 4649 πάθει,
2976 4589 3069 4639 καὶ
3102 4586 3190 4639 δια
3233 4586 3388 4638 τοῦτο
3428 4587 3503 4648 ὡς
3535 4589 3759 4655 νικητὴς

2180 4682 2279 4749 τῆς
2310 4680 2582 4749 ἁμαρτίας
2626 4680 3090 4747 κατεστεμμένος.
3134 4672 3314 4746 Ἐφηῖ)
3363 4678 3559 4733 ἕπεται
3593 4682 3625 4748 ἡ
3653 4679 3759 4730 τῶν

2180 4777 2536 4845 άγιασμάτων
2588 4775 2894 4844 μετάληψις
2919 4816 2932 4839 ,
2961 4777 3110 4844 καὶὴ
3160 4774 3250 4827 τοῦ
3290 4774 3756 4841 στεψανώσαντος,

2180 4869 2271 4920 καὶ
2322 4867 2520 4928 παντὸς
2564 4867 2723 4919 ἄλλου
2778 4865 3152 4935 ἱερατικοῦ,ὲν
3205 4865 3282 4935 τῷ
3326 4864 3554 4933 τοιούτῳ
3598 4866 3761 4933 γάμῳ

2179 4959 2436 5020 ἑστίασις.
2472 4958 2627 5011 Καθᾶ
2656 4960 2745 5012 καὶ
2778 4962 2805 5011 ὀ
2832 4958 3035 5027 Κύριος
3062 4959 3154 5011 καὶ
3179 4958 3310 5021 Θεὸς
3343 4959 3499 5027 ἡμῶν
3524 4962 3581 5012 ἐν
3606 4962 3759 5028 Κανᾷ

2180 5051 2278 5118 τῆς
2330 5049 2614 5109 Γαλιλαίας
2667 5050 2902 5115 ἠξίωσεν
2945 5050 3256 5119 ἀριστῆσαι,
3283 5050 3371 5102 διὰ
3424 5050 3525 5119 τῆς
3580 5053 3759 5103 ἐκεῖσε

2181 5140 2475 5202 ἑστιάσεως
2532 5142 2703 5192 πάντα
2727 5140 2788 5212 [Γ.
2825 5143 2932 5192 πᾶν
2963 5139 3043 5209 τὸ]
3088 5141 3323 5208 γαμικὸν
3368 5142 3592 5209 ἄριστον
3627 5160 3760 5195 κατ-

2182 5233 2686 5299 ευλογήσας.Ἀλλὰ
2738 5233 2953 5301 καὶτῆς
3012 5234 3337 5301 στεςανικῆς
3380 5235 3633 5303 άρμογῆς
3665 5236 3759 5287 αὺ-

2178 5324 2268 5386 τδς
2326 5323 2614 5393 προλαϐὼν
2663 5324 2760 5394 τὴν
2811 5324 3058 5389 εὐλογίαν
3092 5325 3242 5377 ἔθετο
3277 5325 3369 5377 ἐπὶ
3396 5328 3488 5376 τοῦ
3525 5327 3761 5395 ἀρχιπάς

2172 5432 2325 5483 τορος
2358 5416 2720 5485 ἡμιῦνἈδάμ⁹
2754 5415 2901 5479 1:66;;
2941 5418 3049 5469 Kal
3083 5416 3376 5483 ἐποίησεν
3414 5420 3446 5468 ό
3476 5419 3623 5484 Θεὸς
3653 5419 3759 5471 τὸν

2169 5506 2855 5574 ἅνθρωπον·κατ⁹εἰκόνα
2878 5508 3025 5560 Θεοῦ
3046 5508 3337 5572 ἐποίησεν
3353 5509 3759 5578 αὺτὸν-,ἄρσεν

2168 5600 2262 5652 καὶ
2281 5600 2435 5666 θῆλυ
2451 5601 2740 5667 ἐποίησεν
2756 5602 2997 5666 αὐτούς·
3019 5602 3112 5654 καὶ
3133 5601 3471 5669 εὐλόγησεν
3483 5601 3706 5665 αὐτοὺς
3728 5604 3758 5654 ό

2167 5690 2548 5761 Θεός,.1έγων·
2567 5692 3033 5757 Αὺξάνεσθε,καὶ
3065 5693 3466 5759 πληθύνεσθε,
3487 5693 3583 5747 καὶ
3601 5696 3755 5761 πλη-

2749 5804 2792 5834 δ”
2819 5802 2954 5857 Can.
2983 5803 3026 5857 7.
