3914 6506
151 473 269 536 1093

1351 477 1878 538 EPISTOLARUM
1924 478 2071 537 LIB.
2107 479 2151 535 Ι.

3229 463 3364 528 1094

134 581 354 650 ρώσατε
376 577 488 644 τὴν
505 578 641 647 γῆν,
661 581 759 634 καὶ
789 583 1293 650 κατακυριεύσατε
1316 583 1521 650 αὐτῆς.
1549 583 1697 652 Αὕτη

1828 583 2148 636 'ominamini
2185 582 2299 650 ejus
2318 581 2384 634 ⁸⁸.
2432 578 2557 634 Haec
2597 578 2759 650 igitur
2808 577 3117 632 benedictio
3156 576 3366 643 copulae

144 671 227 725 οὖν
268 673 299 741 ἡ
330 671 550 739 εὐλογία
578 672 680 741 τῆς
709 676 950 745 γαμικῆς
998 676 1311 744 συναφείας,
1349 677 1444 744 ἀφ’
1464 671 1531 747 ἧς
1596 678 1698 729 πᾶν

144 781 207 816 σα
257 761 560 831 εύλογιστία
619 767 991 834 μονογαμικῆς
1041 767 1344 831 συζεύξεως
1373 784 1386 798 ·
1426 770 1548 822 ἐπεὶ
1608 770 1702 821 καὶ

145 855 440 924 μονόγαμος
509 853 700 924 Ἀδάμ.
750 856 1136 927 Ἐπιτηρητέον
1183 858 1238 911 δὲ
1262 858 1343 912 ὅτί
1383 861 1478 912 καὶ
1505 862 1537 927 ἡ
1583 876 1703 911 στεο

142 944 334 1014 φανικὴ
398 944 685 1016 ἐπίκλησις
751 945 959 998 ἐκεῖθεν
1065 947 1359 1018 ὥρμηται·
1423 949 1520 1018 τὴν
1606 947 1702 1001 τοῦ

145 1033 352 1104 πρώτου
422 1033 710 1105 ἀνθρώπου
767 1033 1089 1098 διάπλασιν,
1150 1037 1243 1088 καὶ
1299 1035 1434 1106 πρὸς
1484 1036 1582 1106 τὴν
1640 1039 1704 1090 ὲκ

143 1127 374 1196 πλευρᾶς
404 1127 566 1181 αὑτοῦ
607 1127 842 1195 γυναῖκα
873 1127 1121 1193 σύζευξιν
1155 1128 1701 1197 ὐπομνηματίζουσα.

155 1217 213 1270 ὐ
257 1217 312 1270 δὲ
354 1215 609 1286 δεύτερος
648 1217 844 1286 γάμος,
904 1219 951 1268 εἰ
996 1217 1090 1269 καὶ
1128 1217 1565 1288 συγκεχώρηται,
1589 1218 1703 1271 ἀλλ’

144 1307 540 1376 ὲπιτετίμηται.
569 1306 693 1369 Πῶς
737 1305 844 1376 γὰρ
890 1305 955 1358 ἂν
986 1306 1076 1358 καὶ
1107 1308 1495 1376 στεφανώσεως
1533 1308 1702 1373 ἄξιος,

145 1393 390 1467 ἡττηθεὶς
413 1435 427 1460 ,
468 1394 579 1446 ἀλλ’
617 1395 675 1446 ού
710 1395 972 1464 νικήσας;
1014 1394 1097 1457 τίς
1130 1395 1186 1447 δὲ
1225 1396 1319 1448 καὶ
1365 1397 1392 1447 ὁ
1427 1395 1705 1464 στεφανώ-

146 1505 249 1538 σων
285 1483 474 1536 τοῦτον
516 1483 907 1555 πρεσϐύτερος,
937 1484 995 1548 ὃς
1024 1486 1244 1538 καὶτοῦ
1291 1486 1478 1549 ἁπλῶς
1520 1488 1705 1538 ἑστια-

146 1577 296 1643 θῆναι
320 1577 376 1627 ὲν
403 1573 480 1645 τῷ
510 1575 804 1628 κατάὑτδν
834 1577 1040 1647 ἀρίστῳ
1059 1577 1343 1648 Πατρικῶς
1368 1577 1701 1642 κεκώλυται;

148 1667 258 1728 πῶς
297 1666 352 1718 δὲ
394 1667 488 1719 καὶ
525 1666 739 1735 μεθέξει
767 1670 866 1738 τῆς
914 1668 1064 1730 Θείας
1091 1669 1436 1734 κοινωνίας,ὁ
1471 1670 1537 1721 δι’
1571 1669 1704 1723 αὐτὸ

143 1757 298 1810 τοῦτο
344 1758 629 1829 είργμένος
663 1759 840 1829 χρόνῳ
880 1761 959 1813 ἐνὶ
1010 1762 1104 1813 καὶ
1141 1761 1259 1812 δυσὶ
1292 1760 1400 1813 τῶν
1432 1761 1706 1829 ἁγιασμά-

143 1869 280 1917 τωνς
325 1851 469 1916 τίνος
511 1853 567 1905 δὲ
610 1853 643 1922 ἢ
679 1853 796 1917 οἵας
832 1856 928 1925 τῆς
973 1855 1350 1926 εύλογιστικῆς
1400 1858 1708 1928 προσευχῆς

144 1940 431 2010 γινομένης
460 1943 551 1994 ἐπὶ
574 1942 676 2011 τῆς
699 1943 995 2012 συναφείας
1020 1945 1208 2011 αὐτοῦ,
1253 1947 1326 2016 μὴ
1353 1945 1518 2015 οὔσης
1543 1948 1709 2019 ἄλλης

147 2032 297 2102 παρὰ
327 2034 426 2101 τὴν
455 2034 584 2102 μίαν
608 2035 703 2104 τῆς
735 2040 1110 2107 μονογαμικῆς
1154 2039 1245 2090 καὶ
1290 2039 1547 2109 πρώτηςς
1577 2042 1711 2093 Συν-

148 2123 312 2193 ἧκται
343 2120 433 2178 οὖν
475 2128 539 2179 ὲκ
582 2127 799 2181 πάντων
834 2128 1126 2199 Γραφικῶς
1169 2147 1227 2182 τε
1275 2132 1367 2182 καὶ
1402 2131 1710 2201 Πατρικῶς,

146 2216 412 2286 ἀμέτοχον
461 2213 604 2271 εἶναι
648 2219 1069 2291 στεφανώματος
1102 2223 1198 2292 τὴν
1240 2222 1671 2294 δευτερογαμίαν
1696 2241 1708 2253 ·

145 2307 230 2361 διὰ
283 2309 441 2361 τοῦτο
476 2310 597 2363 οὐδὲ
631 2311 736 2363 ὑπὸ
776 2312 869 2365 τοῦ
909 2313 1097 2383 ἱερέως
1139 2314 1514 2385 ζευγνυμένην
1539 2331 1552 2344 ·
1581 2315 1715 2369 ἀλλὰ

151 2399 254 2467 μὴν
306 2400 425 2452 οὐδὲ
474 2403 950 2471 παραδεδομένηνο
991 2404 1112 2457 τότε
1146 2405 1202 2458 δὲ
1257 2407 1714 2477 προσδεχομένην,

148 2490 385 2559 ὁπηνίκα
414 2490 498 2560 εἴη
529 2490 804 2562 πλήρωσις
831 2493 923 2546 τοῦ
950 2496 1195 2548 ὁπωσοῦν
1224 2497 1364 2550 κατὰ
1383 2499 1483 2566 τὴν
1515 2499 1718 2568 ἱερατι-

150 2579 247 2647 κὴν
303 2578 626 2646 δοκιμασίαν
689 2581 934 2644 δοθέντος
990 2585 1306 2654 ὲπιτιμίου’
1343 2586 1463 2656 μεθ’
1486 2587 1555 2655 ἣν
1605 2585 1718 2651 ’ἐξει

150 2665 207 2734 ιι.
234 2665 399 2737 ἕξειν]
437 2669 531 2719 καὶ
564 2669 671 2722 τῶν
705 2670 862 2723 θείων
904 2672 1092 2742 δώρων
1143 2674 1242 2745 τὴν
1289 2674 1590 2745 μετάληψιν
1631 2677 1719 2728 ὲνο

148 2757 338 2810 τεῦθεν
385 2759 812 2829 εύλογουμένους
844 2764 1076 2829 αὐτοὺς,
1113 2766 1275 2819 οἱονεὶ
1300 2767 1373 2830 ὡς
1400 2769 1492 2821 ἐπὶ
1526 2785 1719 2837 στεφαι

149 2849 400 2917 νώματος
427 2867 440 2880 ³
474 2854 616 2906 κατὰ
661 2854 916 2926 δεύτερον
965 2857 1142 2925 λόγον,
1178 2859 1315 2927 μετὰ
1351 2860 1718 2932 συγχώρησιν.

153 2942 386 3009 Εὐλογία
439 2945 543 3011 γὰρ
593 2943 652 2996 τὸ
697 2944 892 3014 δῶρον,
924 2947 1225 3016 τηνικαῦτα
1272 2949 1364 3001 καὶ
1427 2950 1720 3018 συναφείας

150 3033 301 3102 παρὰ
324 3032 418 3085 τοῦ
465 3034 654 3104 ἱερέως
697 3037 894 3106 δεῖγμα
925 3053 938 3066 ⁸
977 3038 1164 3092 ἔκτοτε
1213 3039 1286 3111 μὴ
1336 3042 1720 3111 κεκωλυμένου

150 3119 299 3190 αὑτῴ
347 3122 728 3176 συνεστιᾶσθαι
785 3128 898 3188 τοῖς
955 3126 1352 3198 διγαμήσασινο
1387 3129 1461 3193 ὡς
1492 3130 1722 3182 ἐπὶτῶν

1801 675 2084 742 nuptialis,
2135 689 2199 728 ex
2245 687 2350 742 qua
2398 671 2705 726 benedictio
2753 669 2930 724 omnis
2977 667 3365 736 monogamicae

1802 765 2232 833 coniunctionis;
2269 778 2619 833 monogamus
2655 761 2919 831 siquidem
2951 759 3140 814 Adam.
3166 758 3370 812 Obser-

1801 857 2037 910 vandum
2069 872 2198 910 vero
2247 869 2331 910 εει
2369 856 2495 909 inde
2527 869 2742 924 quoque
2777 862 2950 906 ortam
2988 867 3108 905 esse
3139 867 3368 905 corona-

1801 948 1940 1002 riam
1991 947 2416 1009 invocationem,
2469 962 2588 1015 qua:
2639 945 2798 1016 primi
2850 944 3085 997 hominis
3134 944 3368 997 creatio-

1803 1055 1952 1104 nem,
1987 1039 2341 1109 ejusdemque
2371 1054 2493 1092 cum
2525 1037 2752 1091 muliere
2783 1052 2846 1090 ex
2882 1036 3026 1089 illius
3052 1045 3203 1088 costa
3237 1050 3368 1103 pro-

1804 1131 1964 1185 ducta
2029 1131 2472 1199 coniunctionem
2540 1135 2917 1197 repraesentat.
2977 1127 3048 1180 At
3113 1125 3370 1180 secundae

1804 1223 2008 1292 nuptize
2062 1222 2275 1276 tametsi
2332 1220 2742 1290 permittuntur,
2803 1235 2962 1289 poena
3013 1217 3367 1287 castigantur.

1805 1312 2086 1378 Quomodo
2117 1312 2259 1367 enim
2305 1313 2656 1367 coronatione
2701 1311 2877 1380 digna:
2923 1318 3068 1371 sunt".
3097 1324 3218 1377 qua:
3256 1323 3366 1361 non

1804 1405 2050 1468 vincunt,
2092 1405 2184 1458 sed
2213 1405 2526 1458 vincuntur.
2580 1401 2713 1468 Quis
2745 1418 2907 1471 porro
2955 1403 3235 1470 presbyter
3275 1415 3369 1453 eas

1805 1505 2051 1560 coronet,
2099 1510 2222 1549 cum
2259 1495 2344 1549 vel
2378 1495 2430 1547 in
2472 1509 2657 1547 earum
2692 1492 2933 1563 prandiis
2960 1491 3168 1561 epulari
3207 1506 3235 1544 a
3271 1490 3372 1544 Pa-

1807 1587 1982 1641 tribus
2011 1587 2403 1656 prohibeatur?
2428 1586 2530 1652 Qui
2560 1602 2691 1640 vero
2734 1585 2934 1640 divinae
2970 1582 3371 1638 communionis

1809 1680 2079 1748 particeps
2102 1679 2192 1743 sit,
2217 1679 2308 1746 qui
2330 1679 2432 1731 hoc
2453 1678 2672 1732 nomine
2699 1692 2807 1730 uno
2831 1686 2994 1743 atque
3019 1674 3192 1728 altero
3224 1688 3371 1726 anno

1810 1786 1840 1824 a
1875 1772 2042 1825 sacris
2071 1771 2322 1824 arcetur?
2360 1770 2468 1823 Aut
2495 1784 2742 1838 quaenam
2768 1767 3008 1837 qualisve
3033 1764 3372 1820 benedictio-

1811 1863 1895 1916 nis
1914 1862 2154 1932 precatio
2185 1862 2240 1915 in
2274 1877 2460 1916 earum
2485 1860 2876 1929 conjunctione
2902 1866 3216 1928 usurpetur,
3248 1871 3372 1910 eum

1812 1954 1912 2007 alia
1961 1954 2108 2007 nulla
2156 1953 2226 2006 sit
2278 1961 2474 2022 praeter
2518 1968 2637 2005 eam
2697 1966 2818 2020 quae
2876 1951 2929 2004 in
2987 1950 3178 2019 primis
3219 1958 3272 2001 et
3319 1947 3373 1999 in

1811 2043 2201 2113 monogamicis
2259 2042 2578 2096 adhibetur?
2626 2041 2917 2095 Ostensum
2968 2056 3096 2110 ergo
3151 2053 3376 2108 prorsus

1811 2144 1895 2189 est
1931 2151 1994 2187 ex
2022 2150 2295 2188 sacrarum
2321 2133 2644 2187 Litterarum
2670 2132 3001 2200 Patrumque
3027 2130 3373 2192 auctoritate,

1811 2231 2062 2294 expertes
2093 2238 2306 2278 corona:
2332 2222 2598 2278 secundas
2629 2223 2846 2292 nuptias
2872 2238 3010 2282 esse.
3043 2231 3097 2275 et
3125 2231 3377 2291 promer-

1813 2331 1874 2370 ea
1939 2331 2008 2370 ne
2067 2331 2096 2369 a
2148 2315 2430 2369 sacerdote
2478 2315 2696 2383 quidem
2742 2313 3005 2381 copulari.
3063 2311 3379 2376 Quinetiam

1813 2421 1993 2476 neque
2020 2405 2316 2461 extraditas
2347 2405 2466 2459 illas
2501 2405 2688 2470 fuisse,
2731 2404 2824 2459 sed
2872 2413 2984 2458 tum
3031 2405 3248 2458 demum
3293 2403 3385 2456 ad—

1815 2497 2028 2560 missas,
2084 2511 2206 2550 cum
2265 2497 2477 2562 expleta
2536 2493 2700 2549 fuerit
2747 2495 3089 2548 sacerdotum
3150 2494 3382 2547 arbitrio

1817 2588 2060 2657 iniuncta
2089 2587 2410 2655 pmnitentia
2441 2603 2453 2638 :
2486 2593 2770 2655 postquam
2830 2594 2885 2638 et
2917 2585 3226 2638 divinorum
3262 2599 3378 2636 mu-

1818 2692 2010 2732 nerum
2045 2676 2513 2745 participationem
2557 2676 2827 2739 obtinent,
2879 2675 3113 2742 indeque
3153 2673 3383 2727 benedi-

1819 2779 2016 2825 cuntur
2033 2771 2180 2824 velut
2197 2770 2249 2823 in
2275 2768 2645 2832 coronatione,
2664 2767 2922 2822 inferiore
2943 2766 3175 2835 quodam
3197 2765 3382 2827 modo,

1823 2872 1943 2932 post
1993 2862 2404 2932 indulgentiam.
2453 2860 2769 2914 Benedictio
2818 2859 2963 2914 enim
3015 2866 3099 2912 est
3157 2871 3384 2918 munus,

1824 2964 1936 3008 tum
1970 2954 2130 3008 etiam
2160 2963 2214 3007 et
2259 2952 2533 3021 specimen
2580 2951 2980 3020 coniunctionis
3019 2965 3117 3019 per
3147 2947 3388 3001 sacerdo-

1824 3055 1953 3111 tem,
1987 3046 2129 3115 quod
2160 3062 2224 3098 ex
2255 3060 2321 3100 eo
2349 3052 2593 3114 tempore
2623 3059 2729 3097 non
2756 3044 3113 3114 prohibeatur
3142 3058 3262 3096 cum
3300 3043 3388 3104 iis,

1824 3137 1916 3206 qui
1956 3137 2021 3190 ad
2056 3138 2324 3190 secundas
2360 3135 2577 3204 nuptias
2620 3137 2934 3197 convolant,
2971 3134 3248 3196 convesci,
3279 3146 3391 3187 non

155 3213 502 3308 μονογάμων.
541 3215 829 3308 Καὶγοῦτω
853 3218 1002 3289 νόμῳ
1038 3222 1273 3290 ὁρμᾶται
1329 3222 1723 3293 συγχωρητικῷ

1829 3243 1989 3281 secus
2024 3236 2185 3294 atque
2214 3241 2335 3279 cum
2364 3224 2725 3294 monogamis.
2767 3225 2943 3291 Atque
2971 3224 3075 3276 hoc
3115 3223 3277 3275 modo
3310 3222 3394 3275 di-

152 3304 183 3371 η
238 3303 473 3373 διγαμία
504 3346 519 3371 ,
550 3307 692 3361 κατὰ
742 3309 832 3361 τὸν
893 3311 1245 3363 Ἀπόστολονο
1271 3314 1616 3380 γινώσκουσα
1659 3316 1728 3368 τὰ

151 3393 432 3465 δευτερεῖα
489 3396 632 3466 ἔχειν
679 3399 778 3467 τῆς
831 3402 1200 3470 μονογαμίαςο
1255 3405 1347 3454 καὶ
1393 3404 1468 3472 μὴ
1520 3403 1730 3472 ἀλόγως

152 3488 250 3553 τῆς
280 3483 506 3555 πρώτης
532 3486 866 3558 ἐπιζητοῦσα
893 3488 962 3542 τὰ
991 3490 1338 3561 δικαιώματα
1361 3531 1376 3556 ,
1405 3491 1548 3562 ἅπερ
1599 3509 1731 3562 προο

154 3577 467 3648 απήλαυκε.

223 3669 400 3737 Φαίης
429 3667 475 3720 δ’
498 3667 561 3722 ἄν
579 3685 594 3700 ·
626 3670 735 3725 Καὶ
760 3669 877 3734 πῶς
902 3671 1128 3726 ἔλθωσιν
1157 3673 1250 3727 ἐπὶ
1274 3675 1371 3746 τὴν
1395 3677 1690 3746 συνάφειαι)
1715 3696 1729 3744 ;

157 3758 286 3817 Τοῖς
321 3757 688 3827 ἀνθρωπίνοις
735 3761 1070 3831 καθήκουσιν
1100 3763 1290 3836 ὥσπερ
1323 3768 1414 3819 καὶ
1453 3769 1502 3820 oi.
1545 3770 1734 3838 τρίγα-

162 3867 250 3916 μοι
292 3851 390 3901 καὶ
418 3850 725 3920 πολύγαμοι
756 3869 772 3885 ο
797 3853 941 3907 οὕτω
973 3854 1080 3925 γὰρ
1107 3857 1367 3934 κέκληται
1397 3861 1429 3929 ή
1472 3861 1608 3930 μετὰ
1638 3862 1735 3932 τὴν

157 3941 354 4012 τρίτην
396 3942 528 4012 πρὸς
558 3943 667 3996 τῶν
698 3944 976 4015 Πατέρων.
1011 3949 1080 4000 Ἢ
1112 3950 1602 4018 στεφανούσθωσαν
1635 3955 1736 4006 κόι-

160 4040 358 4091 κεῖνοι.
406 4034 548 4088 Ἀλλ’
581 4035 750 4098 ὅντως
781 4040 814 4107 ἡ
866 4039 1006 4106 ἄγαν
1055 4041 1298 4104 διάλυσις
1332 4043 1438 4094 τῶν
1473 4045 1734 4110 κανόνων,

167 4127 374 4195 μᾶλλον
447 4127 504 4180 δὲ
590 4127 684 4180 τοῦ
758 4128 1131 4198 Εὐαγγελίου,
1189 4134 1247 4184 ού
1313 4134 1578 4204 διγάμους
1647 4138 1738 4190 νῦν

166 4220 262 4270 καὶ
350 4219 695 4291 τριγάμους,
762 4220 894 4274 ἀλλὰ
955 4224 1048 4274 καὶ
1115 4225 1339 4292 μοιχοὺς
1435 4228 1737 4294 στεφανοῦ-

167 4310 293 4362 σθαι
367 4311 472 4363 ὑπὸ
539 4313 647 4365 τῶν
712 4313 903 4383 ἱερέων
948 4314 1390 4383 πεποίηκεν·ὡς
1454 4319 1549 4371 καὶ
1613 4321 1738 4383 τοὺς

166 4404 229 4468 τῇ
260 4401 473 4474 ,ἀντοχῇ
508 4399 602 4452 τοῦ
624 4399 773 4453 θείου
805 4401 968 4469 νόμου
1009 4402 1082 4472 μὴ
1142 4406 1198 4456 ὲν
1239 4405 1411 4476 τούτῳ
1451 4424 1738 4477 συναιρου-

172 4493 373 4560 μένους
425 4491 717 4556 διώκουσα,
756 4494 851 4545 καὶ
908 4495 1399 4563 ἀναθεματίζουσα,
1463 4498 1534 4560 ὡς
1584 4501 1738 4553 ἁλλο-

1831 3321 2006 3391 gamia
2040 3322 2156 3390 lege
2198 3320 2367 3373 utitur
2423 3317 2792 3388 indulgentia,
2833 3317 2984 3385 iuxta
3031 3314 3392 3384 Apostolum:

1830 3426 2129 3482 agnoscens
2155 3409 2418 3463 secundas
2445 3423 2504 3462 se
2533 3423 2563 3461 a
2592 3407 2930 3476 monogamia
2961 3415 3141 3475 partes
3171 3413 3392 3458 tenere:

1830 3520 1932 3558 nec
1971 3501 2238 3557 immerito
2291 3514 2543 3570 quaerens
2589 3498 2882 3567 primarum
2919 3497 3064 3566 jura,
3121 3511 3242 3564 quae
3283 3494 3396 3564 iam

1832 3606 1958 3650 ante
1991 3594 2251 3665 percepit.

1903 3690 2125 3754 Quaeres
2181 3685 2412 3739 forsitan
2461 3681 2734 3752 quomodo
2785 3694 2914 3750 ergo
2970 3678 3395 3746 coniungantur.

1836 3777 2098 3832 Humanis
2133 3774 2321 3829 ofﬁciis
2359 3775 2498 3828 sicut
2543 3782 2599 3826 et
2644 3770 2853 3840 trigami
2890 3778 2944 3822 et
2974 3768 3243 3838 polygami
3276 3784 3287 3818 :
3321 3765 3400 3818 sie

1837 3873 1982 3928 enim
2014 3871 2203 3924 Patres
2231 3875 2428 3921 vocant
2463 3879 2556 3918 eos
2585 3864 2676 3932 qui
2701 3862 2837 3916 ultra
2862 3860 3052 3914 tertias
3081 3857 3400 3926 procedunt.

1836 3968 1944 4018 Aut
1979 3969 2128 4015 certe
2171 3966 2500 4013 coronentur
2547 3956 2708 4008 etiam
2759 3953 2866 4006 isti.
2911 3951 3202 4004 Enimvero
3235 3963 3403 4002 cano-

1839 4071 1969 4112 num
1995 4052 2284 4107 immodica
2316 4046 2622 4108 subversio,
2654 4045 2740 4100 vel
2763 4044 2944 4115 potius
2972 4039 3269 4111 Evangelii,
3296 4054 3406 4091 non

1839 4151 2080 4221 digamos
2105 4161 2254 4199 nunc
2277 4152 2329 4197 et
2363 4142 2634 4212 trigamos,
2667 4138 2760 4193 sed
2805 4146 2859 4191 et
2887 4135 3130 4190 mmchos
3159 4131 3406 4187 coronari

1840 4240 1970 4295 fecit
1996 4253 2026 4290 a
2055 4233 2426 4290 sacerdotibus
2460 4250 2472 4283 :
2501 4245 2621 4298 quae
2659 4238 2714 4282 et
2752 4228 2870 4280 illos
2911 4224 3280 4296 persequitur,
3313 4223 3405 4291 qui

1841 4345 1940 4401 pro
1963 4330 2078 4398 lege
2102 4326 2281 4379 divina
2311 4328 2632 4392 pugnantes,
2665 4319 2975 4373 consentire
3001 4318 3054 4370 in
3083 4331 3148 4370 eo
3178 4315 3403 4369 nolunt:

1843 4430 1896 4475 et
1925 4419 2292 4478 anathemate,
2326 4415 2471 4466 velut
2499 4427 2529 4464 a
2567 4410 2785 4464 Christo
2811 4409 3037 4472 alienos,
3067 4407 3289 4461 damnat
3315 4422 3410 4459 eos

1844 4512 1934 4582 qui
1962 4526 2059 4580 pro
2088 4509 2205 4576 eius
2235 4505 2488 4560 mandato
2515 4518 2578 4557 ac
2611 4503 2838 4556 veritate
2871 4500 3177 4569 insurgunt.
3211 4497 3412 4552 Obstu-

168 4584 357 4650 τρίους
419 4583 675 4653 Χριστοῦ,
713 4585 835 4647 τοὺς
881 4585 1018 4654 ὑπὲρ
1068 4573 1292 4656 ¹ἐντολῆς
1340 4587 1434 4639 καὶ
1484 4587 1725 4657 ἀληθείας

1846 4618 2036 4674 pesces
2080 4615 2244 4669 super
2274 4599 2399 4660 hoc,
2443 4595 2641 4650 cmlum
2672 4613 2685 4647 :
2715 4608 2910 4662 supera
2953 4592 3176 4646 deosum
3203 4590 3412 4658 iustitia

173 4677 342 4729 αὑτοῦ
392 4677 800 4748 ἐνισταμένους.
835 4679 1121 4750 Ἐκστηθι,
1154 4684 1369 4753 ούρανὲ,
1401 4684 1494 4735 ἐπὶ
1517 4684 1692 4752 τούτῳ
1729 4701 1742 4715 ·

173 4771 242 4821 τὰ
276 4770 390 4822 ἄνω
417 4771 585 4833 κάτω,
618 4773 649 4841 ἡ
681 4771 992 4842 δικαιοσύνη
1027 4775 1249 4843 ἀνομία,
1281 4776 1340 4827 τὸ
1374 4775 1488 4844 φῶς
1514 4776 1702 4837 σκότος
1730 4816 1744 4837 ,

176 4864 233 4930 ἐξ
267 4858 344 4916 ὧν
372 4867 419 4917 οἱ
447 4865 756 4935 Μοιχειανοὶ
786 4865 1004 4934 λέγουσι
1035 4869 1128 4919 καὶ
1157 4868 1474 4938 πράττουσι,
1508 4869 1749 4923 δείκνυν-

175 4971 289 5008 ται.
321 4955 494 5008 Τοῦτο
521 4960 634 5019 τοῖς
659 4959 878 5024 τυφλοῖς
907 4959 998 5009 καὶ
1029 4961 1233 5026 κωφοῖς
1263 4961 1404 5012 κατὰ
1423 4959 1619 5031 ψυχὴν,
1655 4962 1750 5012 καὶ

181 5047 432 5098 ἐντεῦθεν
457 5047 550 5099 τοῦ
594 5047 966 5118 Ἀντιχρίστου
992 5048 1058 5101 τὰ
1091 5050 1337 5118 πρόλαϐα
1370 5053 1618 5119 φέρουσι.
1639 5053 1744 5104 Τά-

187 5155 260 5206 χα
289 5139 334 5191 δ’
366 5139 433 5192 ἂν
469 5140 686 5196 κάκεῖνο
730 5140 908 5202 εἴποις
932 5156 946 5169 '
988 5142 1049 5194 Ei
1080 5141 1139 5193 τὸ
1188 5141 1245 5194 ἓν
1284 5143 1447 5211 μέρος
1486 5143 1568 5212 εἴη
1605 5161 1748 5208 παρ-

188 5228 340 5281 θένον
367 5271 380 5295 ,
420 5232 536 5294 πῶς
573 5232 788 5298 λέγουσί
818 5249 980 5295 τινες,
1012 5233 1085 5295 ὡς
1133 5233 1192 5285 τὸ
1244 5235 1341 5301 μὲν
1395 5235 1753 5302 στεφανοῦται

189 5322 246 5372 ὲν
280 5325 342 5392 τῇ
372 5323 604 5392 κεφαλῆ,
642 5324 703 5375 τὸ
740 5324 796 5376 δὲ
835 5324 942 5376 ἀπὸ
967 5326 1145 5392 γάμου
1166 5366 1179 5387 ,
1209 5327 1263 5376 ἐν
1293 5326 1370 5395 τῷ
1400 5326 1535 5395 ώμῳ
1558 5366 1571 5389 ,
1604 5344 1756 5378 νενο⁹

196 5411 362 5481 μένης
395 5414 494 5482 τῆς
525 5417 857 5482 στεφανικῆς
881 5413 1041 5482 εύχῆς
1077 5430 1090 5474 ;
1120 5414 1224 5465 Καί
1252 5432 1338 5482 μοι
1368 5415 1502 5484 πρὸς
1533 5417 1602 5484 τῇ
1636 5416 1757 5466 ἀτο-

197 5503 316 5572 πίᾳ,
347 5504 425 5556 ἔτι
483 5506 581 5558 καὶ
616 5505 822 5572 γελοῖον
853 5505 1119 5572 φαίνεται.
1159 5505 1391 5556 Διδόσθω
1420 5506 1526 5575 γὰρ
1560 5523 1754 5576 τριγα-

209 5597 347 5660 μεῖν·
377 5598 471 5647 καὶ
505 5595 608 5646 ποῦ
656 5595 838 5664 τεθείη
866 5598 893 5648 ὁ
922 5597 1217 5663 στέφανοςς
1250 5597 1306 5647 ὲν
1337 5598 1401 5662 τῇ
1435 5598 1596 5666 χειρὶ,
1622 5599 1653 5666 ἢ
1683 5599 1760 5659 εἰς

200 5686 262 5734 τὸ
289 5687 412 5751 γόνυ
441 5704 457 5753 ;
489 5689 603 5756 εῖγε
644 5690 738 5741 καὶ
767 5691 798 5758 ὴ
830 5689 1123 5758 γημαμένη
1156 5683 1266 5740 εἷεν
1293 5689 1400 5739 ἀπὸ
1431 5690 1679 5757 χηρείαςν
1704 5691 1759 5740 ὲν

203 5777 280 5845 τῷ
310 5778 436 5848 ὤμῳ
479 5783 567 5833 τὸν
602 5783 862 5850 στέφανον
899 5782 1128 5848 δέξεται.
1161 5782 1367 5834 "Aram
1396 5780 1584 5831 ταῦτα.

285 5891 323 5920 ’³
342 5894 474 5946 Gen.
505 5910 540 5955 1,
569 5878 670 5947 ‘27..

1847 4692 2124 4761 iniquitas,
2153 4690 2242 4742 lux
2271 4687 2531 4749 tenebrae,
2572 4699 2638 4736 ex
2665 4683 2730 4736 iis
2765 4681 2885 4751 qua:
2911 4681 3196 4736 Mmchiani
3224 4681 3416 4733 dicunt

1849 4795 1902 4838 et
1925 4791 2111 4852 agunt,
2150 4794 2270 4833 esse
2300 4776 2745 4845 comprobantur.
2780 4774 2905 4828 Haec
2935 4773 3094 4826 cazcis
3136 4781 3191 4825 et
3233 4782 3416 4823 mente

1850 4875 2040 4943 captis,
2066 4881 2226 4938 atque
2250 4867 2371 4923 ideo
2401 4865 2719 4919 Antichristi
2752 4863 3052 4932 primordia
3081 4860 3414 4930 gerentibus.

1853 4967 2059 5020 Forsan
2103 4973 2158 5016 et
2193 4962 2295 5015 hoc
2343 4960 2532 5014 dices:
2567 4958 2624 5011 Si
2655 4957 2875 5026 quidem
2907 4970 3031 5024 pars
3068 4955 3238 5007 altera
3268 4954 3418 5020 virgo

1851 5057 1940 5119 sit,
1991 5060 2304 5116 coronatur,
2343 5056 2404 5104 ut
2435 5048 2680 5102 nonnulli
2719 5047 2928 5106 dicunt,
2965 5045 3081 5099 lucc
3113 5043 3326 5112 quidem
3361 5042 3413 5094 in

1852 5145 2062 5213 capite;
2098 5143 2266 5194 altera
2306 5155 2432 5193 vero
2460 5153 2577 5206 qua:
2604 5135 2809 5204 nuptiis
2836 5135 2948 5202 iam
2989 5132 3272 5202 perfuncta
3313 5140 3416 5192 cst,

1856 5238 1908 5289 in
1941 5236 2186 5298 humero,
2222 5233 2350 5286 dum
2383 5229 2665 5284 coronaria
2693 5228 2932 5297 precatio
2965 5225 3257 5294 peragitur.
3290 5223 3421 5278 Mihi

1859 5343 1988 5380 vero
2035 5341 2142 5378 non
2188 5323 2362 5376 solum
2414 5321 2732 5380 absurdum,
2785 5318 2879 5372 sed
2926 5317 3216 5371 ridiculum
3260 5316 3424 5368 ctiam

1862 5419 1965 5472 hoc
1995 5416 2227 5470 videtur.
2277 5412 2489 5466 Etenim
2528 5412 2749 5464 tertium
2798 5407 3027 5461 nubenti
3075 5407 3294 5460 ubinam
3329 5422 3424 5473 po-

1865 5519 2024 5562 netur
2052 5503 2286 5559 corona?
2327 5503 2378 5555 in
2412 5517 2593 5559 manu,
2642 5515 2709 5551 an
2742 5498 2808 5551 ad
2849 5497 3025 5567 genu?
3053 5511 3174 5549 cum
3212 5511 3273 5548 ea
3305 5511 3425 5563 quae

1864 5601 2021 5653 vidua
2060 5597 2237 5658 nubit,
2279 5594 2332 5647 in
2377 5594 2607 5647 humero
2648 5599 2958 5645 coronetur.
3010 5588 3254 5644 Absurda
3299 5597 3427 5641 sunt

1867 5694 1962 5746 ista
1999 5702 2241 5761 prorsus.
