3914 6458
511 374 651 440 1095

1697 380 1756 441 S.
1800 378 2189 441 THEODORI
2222 376 2567 446 STUDlTaE

3626 379 3743 447 1096

575 484 711 553 Quis
752 500 884 541 vero
917 499 1174 541 coronam
1218 485 1495 557 imponet?
1532 496 1587 544 et
1625 491 1898 560 quomodo
1943 492 2085 547 indi--

2258 494 2354 559 Τίς
2380 470 2455 549 δὲ
2506 497 2535 550 ό
2586 494 2907 563 στεφανῶνς
2942 494 3037 548 καὶ
3078 494 3196 557 πῶς
3235 494 3268 565 ὴ
3302 492 3592 564 ἀμέριστος
3627 494 3743 565 εὐχὴ

508 579 625 635 visa
680 578 994 635 benedictio
1044 578 1359 635 dividetur?
1388 596 1513 650 pars
1567 582 1776 649 altera,
1828 595 1889 639 ut
1946 584 2083 640 labis

507 682 707 739 expers
737 667 1065 738 victrixque,
1112 670 1505 737 benedicetur,
1545 672 1716 728 altera
1762 690 1873 729 non
1922 675 2086 731 item?

506 759 757 817 Ridicula
786 775 897 825 res,
934 771 990 817 et
1017 778 1139 833 quae
1172 762 1285 818 ﬁeri
1326 765 1478 820 nullo
1508 767 1671 823 modo
1707 768 1898 838 possit.
1933 769 2085 836 Quo-

507 854 672 909 modo
710 869 818 910 una
861 855 1305 910 communionem
1346 848 1598 928 accipiet,
1640 861 1807 916 altera
1842 862 2083 932 privabi-

509 954 620 1010 tur,
659 948 863 1017 quippe
892 963 1013 1017 quae
1058 948 1436 1018 pmnitentiam
1479 953 1825 1023 agat?Quod
1872 955 1917 1010 si
1960 971 2083 1027 pars

506 1035 611 1092 ista
633 1036 716 1092 vir
730 1038 825 1102 sit,
854 1039 1129 1093 virautem
1155 1047 1318 1109 caput
1345 1041 1607 1105 mulieris,
1631 1053 1685 1099 et
1705 1054 1887 1114 partes
1913 1046 2084 1101 ambae

508 1129 563 1182 in
596 1144 767 1183 unum
796 1144 996 1200 corpus
1021 1130 1392 1196 adhaerentes;
1429 1134 1777 1205 participabit
1814 1138 2081 1207 reliquum

480 1230 481 1233 ‘
506 1236 724 1291 corpus,
753 1230 918 1291 caput
944 1230 1127 1278 autem
1166 1227 1547 1294 nequaquam?
1580 1225 1865 1283 Dividetur
1893 1228 2084 1285 confe-

506 1312 634 1366 stim
688 1313 835 1383 quod
888 1329 1198 1371 connexum
1250 1326 1374 1383 est,
1428 1318 1497 1374 ab
1548 1318 1668 1390 ipso
1715 1320 1809 1390 qui
1865 1325 2086 1393 copulat

507 1403 820 1471 sacerdote;
859 1406 963 1461 hoc
986 1408 1214 1478 quidem
1262 1424 1329 1464 ex
1362 1411 1740 1475 concessione,
1790 1413 1833 1467 si
1863 1414 2082 1483 quidem

509 1492 671 1548 detur
704 1503 765 1549 ut
790 1495 842 1550 id
874 1494 1069 1563 faciat;
1106 1508 1272 1567 caput
1300 1500 1449 1554 enim
1476 1500 1711 1571 finisque
1740 1503 2083 1571 conjunctio-

509 1583 596 1638 nis
618 1578 703 1639 est
729 1595 978 1641 sanctum
1011 1596 1066 1642 et
1092 1589 1315 1643 unicum
1344 1604 1545 1659 corpus
1577 1605 1641 1647 ac
1669 1593 1889 1663 sanguis
1919 1592 2082 1646 Chri-

508 1673 625 1728 sti?
655 1684 749 1729 aut
786 1677 1058 1732 ambobus
1088 1678 1398 1748 impertiet;
1432 1679 1537 1735 Sed
1575 1681 1854 1738 mittamus
1892 1683 2081 1753 loqua-

506 1765 754 1822 citatem.
799 1768 917 1823 Erit
960 1769 1106 1824 enim
1156 1770 1259 1825 iste
1305 1771 1596 1827 manifesto
1641 1789 1751 1828 non
1804 1776 2078 1838 sacerdos,

507 1856 603 1912 sed
665 1858 972 1914 divinarum
1034 1862 1486 1916 constitutionum
1549 1873 1960 1934 transgressor,
2021 1881 2085 1921 ac

512 1947 742 2019 proinde
770 1948 889 2020 ipso
925 1951 1222 2020 privandus
1249 1952 1593 2019 sacerdotio;
1625 1962 1685 2008 ut
1725 1955 1812 2009 cui
1844 1970 1915 2010 ne
1950 1972 2088 2026 epu-

510 2039 608 2095 lari
652 2040 873 2111 quidem
923 2042 981 2096 in
1032 2043 1233 2098 talibus
1275 2043 1483 2112 nuptiis
1539 2044 1727 2109 liceat,
1774 2046 1976 2101 nedum
2030 2056 2091 2102 ut

506 2141 721 2187 tantum
754 2133 936 2189 scelus
971 2134 1295 2189 committat.
1330 2134 1469 2201 Quid
1502 2150 1652 2206 ergo,
1688 2138 1859 2204 dices,
1888 2139 2090 2194 amittit

510 2239 638 2295 pars
685 2224 964 2297 virginalis
1022 2225 1305 2283 victricem
1366 2243 1627 2283 coronam
1678 2245 1804 2285 cum
1858 2230 2088 2286 benedi-

508 2316 731 2383 ctione;
774 2333 841 2373 ac
871 2332 982 2374 non
1025 2318 1232 2374 evincit
1273 2320 1453 2389 potius
1491 2335 1619 2391 pars
1660 2337 1771 2376 non
1815 2322 1983 2388 victa,
2028 2331 2090 2378 ut

508 2407 673 2463 simul
712 2408 1090 2477 benedicatur,
1128 2411 1291 2465 simul
1316 2424 1632 2479 coronetur,
1661 2422 1717 2469 et
1743 2414 2088 2469 communio-

511 2512 638 2552 nem
669 2497 832 2553 simul
864 2499 1099 2569 aceipiat
1127 2515 1254 2569 pars
1280 2500 1447 2556 altera
1473 2516 1570 2571 per
1595 2502 1887 2573 digamiam
1914 2502 2090 2558 victa?

511 2588 570 2645 Si
600 2589 676 2645 ita
710 2598 879 2655 esset,
922 2591 1194 2648 sancitum
1227 2607 1361 2647 sane
1391 2591 1587 2649 fuisset
1616 2593 1837 2649 Patrum
1864 2595 2091 2651 canoni-

512 2681 618 2738 bus
647 2699 661 2738 :
687 2682 786 2739 sed
815 2682 1112 2740 discrimen
1135 2684 1348 2740 nullum
1377 2684 1580 2742 factum
1609 2696 1714 2743 est.
1748 2686 1904 2754 Quod
1926 2686 2090 2759 igitur

512 2771 735 2829 Patrum
778 2774 1093 2831 testimonio
1118 2774 1362 2832 decisum
1408 2790 1519 2831 non
1562 2785 1779 2832 estnec
1818 2777 2090 2833 constitu-

513 2874 654 2931 tum,
697 2864 877 2921 inanis
923 2868 1247 2939 arrogantiae
1276 2877 1362 2925 est
1408 2869 1459 2924 id
1493 2869 1757 2941 cogitare,
1803 2879 1860 2925 et
1882 2870 2086 2937 dicere,

513 2964 571 3012 et
609 2956 809 3012 facere.
853 2955 965 3030 Ego
990 2974 1122 3015 vero
1164 2960 1247 3016 sic
1292 2959 1491 3026 sentio,
1521 2960 1643 3032 jure
1686 2970 1896 3032 partem
1925 2960 2091 3033 virgi-

514 3048 694 3103 nalem
723 3050 1084 3121 monogamia:
1123 3052 1231 3107 ritu
1263 3052 1497 3122 privari;
1532 3062 1592 3109 ut
1634 3053 1720 3108 cui
1743 3053 1964 3123 liquerit
1992 3069 2090 3124 per

2189 586 2584 658 μερισθήσεται
2614 604 2629 653 ;
2665 588 2897 657 θάτερον
2923 587 3031 639 τῶν
3063 585 3267 657 μερῶν,
3301 584 3377 647 ὡς
3406 584 3742 654 ἀκηλίδωτον,

2184 677 2279 729 καὶ
2329 676 2590 743 νικῆσαν,
2623 675 3016 746 εὑλογούμενον
3047 691 3062 706 ’
3100 675 3331 744 θάτερον
3380 674 3438 728 δὲ
3498 674 3573 743 μή
3604 690 3620 739 ;
3650 674 3745 727 τῶν

2184 764 2411 834 γελοίων
2446 767 2538 820 καὶ
2580 765 2903 835 ἀμηχάνων.
2943 763 3068 826 Πῶς
3092 762 3154 817 τδ
3186 763 3287 831 μὲν
3317 762 3375 817 ἒν
3425 762 3640 832 μεθέξει
3663 766 3747 833 τῆς

2185 858 2499 922 κοινωνίας,
2540 858 2602 911 τὺ
2622 858 2677 912 δὲ
2711 858 2899 929 ἕτερον
2933 854 2995 909 οὕ
3024 873 3037 886 ·
3067 856 3300 926 ἐπείπερ
3328 856 3385 908 ὲν
3419 855 3745 925 ὲπιτιμίοιςς

2183 943 2297 1012 εἴγε
2322 947 2420 997 καὶ
2455 946 2538 1017 εἴη
2562 945 2719 999 τοῦτο
2749 948 2779 999 ὁ
2815 946 2955 1016 ἀνήρ
2978 960 2992 978 ο
3016 944 3155 1015 ἀνὴρ
3210 943 3422 1015 κεφαλὴ
3469 945 3744 1013 γυναικός⁴

2184 1038 2278 1090 καὶ
2309 1039 2386 1100 είς
2412 1036 2469 1090 ἓν
2491 1037 2651 1107 σῶμα
2680 1036 2851 1107 ἄμφω
2876 1037 2947 1090 τά
2978 1035 3311 1090 συνελθόντα
3337 1050 3351 1064 ’
3389 1035 3749 1105 μεταλήψεται

2183 1128 2245 1182 τὸ
2263 1128 2446 1181 λοιπὸν
2477 1129 2655 1198 σῶμαο
2686 1130 2719 1199 ἡ
2748 1129 2955 1201 κεφαλὴ
2986 1129 3042 1183 δὲ
3075 1127 3169 1193 οὓς
3192 1124 3540 1197 τμηθήσεται
3562 1127 3622 1178 τὺ
3639 1127 3750 1188 ζευ-

2185 1221 2310 1291 χθὲν
2333 1223 2493 1287 εὐθὺς
2522 1222 2612 1275 ὑπ’
2641 1222 2803 1276 αὐτοῦ
2832 1221 2924 1275 τοῦ
2953 1221 3317 1283 συνάπτοντος
3347 1218 3542 1290 ἱερέως
3568 1235 3583 1250 ο
3607 1218 3753 1271 τοῦτό

2182 1329 2247 1381 γε
2282 1312 2424 1365 κατὰ
2461 1311 2828 1382 συγχώρησιν.
2856 1311 3099 1374 δοθέντος
3132 1310 3291 1381 τυχὸν
3335 1312 3511 1363 ποιεῖν
3577 1309 3753 1362 αὐτόν·

2184 1404 2476 1472 κεφάλαιον
2501 1404 2611 1476 γὰρ
2637 1406 2727 1458 καὶ
2749 1404 2898 1468 τέλος
2920 1384 3275 1475 τῆς’ξεύξεως
3293 1404 3355 1455 τὸ
3378 1402 3537 1470 ἅγιον
3568 1403 3661 1455 καὶ
3681 1402 3758 1455 ἑν·

2186 1500 2323 1550 ιαίον
2370 1496 2529 1565 σῶμα
2574 1498 2667 1550 καὶ
2707 1489 2846 1566 αἷμα
2872 1494 3425 1565 Χριστοῦ·ἢάμφοῖν
3473 1493 3756 1565 μεταδοίης

2185 1588 2294 1642 Καί
2312 1605 2374 1657 γε
2393 1588 2786 1658 ἀπηλλάγμεθα
2804 1588 3340 1658 ἀδο).εσχίας.Ἔσται
3356 1587 3466 1656 γάρ
3489 1587 3759 1657 ἀριδήλως

2183 1682 2212 1735 ὁ
2235 1680 2473 1743 τοιοῦτος
2496 1680 2592 1750 οὐχ
2624 1680 2822 1751 ἱερεὺς,
2862 1679 2997 1732 ἀλλὰ
3050 1678 3380 1749 πάραΰάτης
3434 1679 3548 1731 τῶν
3605 1678 3759 1731 θείων

2185 1770 2498 1836 διατάξεων,
2537 1772 2631 1825 καὶ
2660 1771 2748 1825 διὰ
2782 1770 2940 1824 τοῦτο
2970 1770 3067 1823 καὶ
3089 1770 3191 1839 τῆς
3220 1769 3530 1837 ἱερωσύνης
3554 1768 3762 1821 ἔκπτω-

2187 1878 2276 1925 τος
2297 1878 2309 1891 ·
2339 1861 2499 1914 ὁπότε
2522 1861 2642 1914 οὐδὲ
2664 1861 2980 1930 ἑστιαθῆναι
3013 1860 3093 1931 τῷ
3128 1859 3357 1930 τοιούτῳ
3382 1859 3553 1930 γάμῳ
3587 1874 3762 1927 παρα-

2188 1951 2523 2023 κεχώρηται,
2587 1953 2685 2023 οὐχ
2735 1953 2819 2006 ὅτι
2873 1951 3129 2006 τοσοῦτον
3178 1952 3474 2021 ἀνομῆσαι.
3537 1952 3605 2004 Τί
3638 1947 3761 2013 οὖν,

2188 2044 2375 2115 φαίης,
2400 2043 2664 2097 ἀπόλλυσι
2692 2043 2752 2097 τὸ
2783 2042 3113 2114 παρθενικδν
3146 2042 3314 2113 μέρος
3344 2041 3437 2094 τὸν
3482 2041 3763 2113 νικητικὸν

2190 2137 2452 2207 στέφανον
2499 2137 2596 2189 σὺν
2644 2138 2710 2207 τῇ
2744 2135 3075 2206 εὐλογιστία,
3103 2136 3197 2188 καὶ
3242 2135 3343 2188 οὐκ
3372 2135 3571 2205 ἐκνικᾷ
3595 2134 3659 2188 τὸ
3691 2134 3762 2203 μὴ

2187 2228 2419 2300 ἡττηθὲν
2452 2228 2671 2298 μᾶλλον,
2706 2228 3033 2298 συλλογῆσαι
3058 2227 3152 2280 καὶ
3194 2226 3634 2293 συστεφανῶσαι,
3672 2225 3765 2279 καὶ

2189 2318 2535 2390 συμμεθέξαι
2557 2319 2659 2389 τῆς
2684 2317 2995 2382 κοινωνίας,
3028 2314 3205 2386 ἑαυτῷ
3236 2316 3297 2369 τδ
3342 2314 3650 2384 ἡττημένον
3683 2315 3766 2367 διὰ

2185 2412 2286 2481 τῆς
2317 2411 2577 2481 διγαμίας
2603 2410 2771 2480 μέρος
2796 2426 2811 2475 ;
2838 2410 2898 2462 El
2920 2404 2990 2479 ἦν
3023 2408 3203 2471 τοῦτο,
3239 2405 3496 2476 ὲτυπὼθη
3520 2405 3589 2459 ἂν
3612 2406 3763 2477 παρὰ

2186 2501 2295 2555 τῶν
2330 2500 2617 2571 Πατρικῶν
2646 2501 2887 2553 κανόνων
2912 2514 2926 2529 ·
2958 2499 3074 2554 ἀλλ’
3101 2500 3202 2552 οὐκ
3250 2498 3495 2567 ἐγεγόνει
3528 2515 3616 2561 τις
3649 2498 3764 2551 δια⁸

2190 2593 2353 2665 φορά.
2393 2594 2458 2646 Ὀ
2489 2592 2545 2645 δὲ
2572 2592 2677 2646 ὑπὸ
2704 2592 2985 2662 Πατρικῆς
3036 2591 3343 2661 μαρτυρίας
3389 2585 3523 2663 ρ.ὴῇ
3550 2590 3764 2654 διακρι-

2189 2685 2280 2741 θὲν
2324 2684 2419 2739 καὶ
2467 2684 2857 2749 ὑποτυπωθὲν,
2890 2682 3250 2752 κενεμϐατείν
3295 2684 3414 2735 ἔστι
3441 2683 3540 2735 καὶ
3570 2682 3767 2735 ἐννοεῖν

2189 2779 2283 2833 καὶ
2310 2776 2488 2846 λέγειν
2515 2778 2609 2830 καί¹
2639 2780 2922 2847 πράττειν.
2977 2774 3120 2843 Ἐγὼ
3151 2774 3207 2828 δὲ
3239 2774 3417 2828 ἐκεῖνό
3450 2792 3598 2845 φημι
3629 2791 3644 2804 ·
3686 2774 3767 2828 δτι

2189 2868 2415 2929 εἰκότως
2462 2867 2529 2920 ἂν
2575 2864 2636 2919 τὸ
2681 2863 3019 2935 παρθενικδν
3070 2865 3238 2935 μέρος
3268 2864 3644 2934 ἀποτυγχάνει
3671 2864 3769 2933 τῆς

2192 2957 2573 3031 μονογαμικῆς
2623 2955 2976 3026 παραδόσεως
3004 2970 3019 2983 ·
3048 2954 3182 3031 ἐξὸν
3215 2955 3324 3025 γὰρ
3363 2954 3432 3007 δι’
3463 2954 3770 3024 ὁμοταγοῖκ

2189 3028 2491 3105 ἀπόνασθαι
2532 3028 2747 3119 ταύτης
2777 3065 2791 3078 °
2833 3047 3020 3119 ἐπειδὴ
3082 3028 3326 3119 καθαρὸν
3377 3046 3605 3117 καθαρῷ
3643 3064 3769 3100 συν-

514 3135 764 3206 ejusdem
787 3138 997 3193 ordinis
1019 3149 1332 3195 consortem
1357 3141 1451 3195 illo
1476 3140 1583 3196 frui
1611 3159 1626 3196 :
1653 3142 2088 3213 quandoquidem

2194 3140 2419 3201 απτέον.
2448 3141 2543 3193 καὶ
2599 3137 2873 3209 παρθένον
2929 3136 3209 3209 παρθένῳ,
3245 3138 3339 3190 καὶ
3392 3137 3631 3190 νικῶντα
3690 3135 3772 3204 τῷ

516 3242 715 3296 purum
761 3243 906 3299 puro
933 3228 1089 3302 jungi
1132 3230 1310 3296 decet.
1361 3239 1419 3287 et
1466 3230 1737 3303 virginem
1775 3232 1994 3305 virgini,
2036 3243 2094 3288 et

516 3319 781 3374 victorem
832 3321 1048 3375 victori.
1102 3320 1313 3377 Decidit
1362 3332 1544 3378 autem
1587 3323 1680 3394 qui
1729 3338 1840 3379 non
1892 3323 2092 3397 virgini

515 3412 761 3483 copulari
804 3413 998 3479 voluit,
1053 3421 1109 3468 et
1155 3414 1478 3485 virginalem
1509 3415 1737 3486 gloriam
1782 3431 1845 3471 ea
1882 3416 2093 3471 ratione

515 3505 918 3559 dehonestare?
943 3520 1103 3574 quam
1134 3521 1204 3559 ne
1238 3505 1429 3559 habuit
1449 3505 1666 3574 quidem
1700 3505 1946 3571 fortasse,
1976 3514 2089 3571 aut,

516 3612 640 3650 cum
674 3594 922 3659 haberet,
961 3592 1159 3651 vitioso
1191 3611 1318 3666 erga
1345 3596 1621 3667 digamum
1648 3597 1845 3653 affectu
1871 3612 2092 3668 quoquo

517 3687 681 3741 modo
709 3687 1000 3757 depressit.
1030 3686 1213 3753 Quare
1256 3703 1366 3743 non
1398 3690 1560 3743 modo
1606 3704 1713 3743 non
1744 3691 1959 3756 evehet,
1996 3691 2092 3748 sed

517 3779 692 3849 ipsum
724 3794 943 3849 quoque
984 3780 1255 3849 deprimet
1301 3779 1369 3834 ad
1407 3795 1621 3849 pmnam
1658 3781 1827 3850 partis
1870 3783 2092 3852 nuptias

518 3872 790 3927 iterantis.
838 3873 961 3928 Haec
996 3888 1026 3927 a
1074 3888 1159 3927 me
1206 3888 1304 3943 pro
1349 3872 1556 3929 viribus
1596 3883 1812 3945 reperta
1863 3886 1919 3931 et
1947 3876 2092 3931 dicta

519 3974 667 4027 sunt,
715 3965 787 4019 fili
832 3964 1067 4037 egregie.
1101 3963 1257 4032 Quod
1293 3966 1336 4020 si
1391 3966 1489 4020 tibi
1518 3966 1602 4020 vel
1653 3967 1805 4021 alteri
1850 3967 2090 4038 cuipiam

520 4057 703 4112 verius
726 4057 872 4112 aliud
904 4057 1171 4122 videatur,
1198 4057 1360 4111 modo
1390 4073 1457 4111 ex
1489 4056 1768 4128 Scriptura
1802 4068 2010 4114 tantum
2038 4070 2094 4116 et

517 4162 583 4201 ex
622 4157 847 4216 paterna
882 4158 1043 4216 atque
1072 4146 1333 4201 canonica
1370 4148 1689 4215 traditione;
1718 4152 2094 4207 consentiente

517 4255 643 4293 cum
677 4240 762 4293 bis
791 4241 1001 4311 privata
1028 4256 1148 4310 qua:
1174 4240 1398 4295 accedat
1434 4240 1601 4293 animi
1637 4241 2047 4298 ratiocinatione
2076 4263 2090 4299 :

518 4330 692 4400 parati
726 4339 783 4386 et
828 4345 927 4385 nos
974 4345 1164 4385 sumus
1191 4330 1421 4400 pedibus
1455 4332 1629 4400 sequi,
1669 4342 1725 4386 et
1762 4334 1937 4388 aliena
1970 4335 2093 4391 luce

518 4424 799 4488 illustrari,
832 4423 971 4479 lucis
1004 4422 1108 4493 ipsi
1141 4438 1331 4477 revera
1367 4437 1530 4491 quam
1566 4426 1798 4481 maxime
1841 4438 2087 4499 egentes.

1104 4535 1189 4590 LI.
1214 4564 1281 4575 —-
1302 4536 1508 4591 Eidem.

2194 3232 2416 3288 νικῶντι
2445 3248 2462 3264 ο
2498 3232 2797 3286 ἀποπίπτει
2828 3228 2886 3283 δέ
2945 3246 3029 3292 τις
3083 3228 3157 3300 μὴ
3207 3228 3465 3300 παρθένῳ
3509 3227 3771 3298 ἐθελήσας
3802 3288 3803 3291 η

2195 3323 2535 3394 ωναφθῆναι
2568 3340 2581 3355 ·
2634 3322 2934 3376 κάντεῦθεν
2991 3321 3251 3401 ἀτιμάζοι
3310 3322 3373 3373 τὸ
3436 3319 3773 3389 παρθενικδν

2194 3416 2355 3479 κλέος
2380 3431 2395 3445 θ
2426 3414 2456 3468 ὃ
2478 3414 2621 3486 μηδὲ
2648 3408 2763 3484 εῑχε
2789 3412 2949 3483 τυχόν
2980 3428 2994 3443 σ
3037 3413 3070 3483 ἢ
3102 3412 3199 3465 καὶ
3227 3411 3389 3481 ἔχων,
3421 3414 3489 3480 τῇ
3519 3428 3772 3482 προσπα-

2193 3506 2391 3578 θητικῇ
2423 3505 2606 3576 σχέσει
2639 3503 2734 3557 τοῦ
2775 3500 3134 3572 διγαμοῦντος
3178 3501 3301 3554 καθ’
3326 3499 3537 3553 οἱονοῦν
3568 3502 3772 3571 τρόπον

2193 3597 2478 3652 κατέϐαλε.
2504 3598 2631 3651 Κάκ
2651 3594 2843 3650 τούτου
2866 3593 2930 3647 οὐ
2968 3590 3169 3663 μᾶλλον
3208 3591 3415 3657 ἀνάξει,
3467 3591 3602 3645 ἀλλά
3636 3608 3769 3643 κατ-

2198 3687 2319 3751 άξει
2343 3687 2508 3741 αὐτὸν
2536 3688 2618 3750 είς
2642 3686 2704 3739 τὸ
2730 3683 3007 3756 ἐπιτίμιον
3035 3681 3131 3736 τοῦ
3154 3680 3515 3750 διγαμοῦντος
3550 3680 3769 3750 μέρους.

2194 3779 2380 3832 Ταῦτά
2408 3795 2500 3848 μοι
2528 3777 2670 3832 κατά
2690 3776 2751 3830 τὺ
2774 3775 3002 3829 δυνατὸν
3030 3774 3258 3847 εὓρηται
3286 3772 3379 3825 καὶ
3406 3771 3661 3824 λέλεκται
3688 3813 3702 3835 ,
3727 3763 3771 3821 ὦ

2194 3870 2295 3922 παῖ
2338 3868 2487 3924 καλέ.
2520 3870 2580 3922 Εἰ
2632 3868 2690 3921 δέ
2740 3883 2822 3919 σοι
2868 3866 3072 3936 ἑτέρως
3102 3865 3244 3935 ἔχειν
3273 3864 3423 3917 δοκεῖ
3454 3862 3711 3932 τάληθὲς,
3738 3860 3770 3929 ἦ

2191 3977 2298 4014 τινι
2342 3960 2504 4031 ἄλλῳ,
2539 3959 2699 4028 μόνον
2750 3961 2813 4012 ἐκ
2872 3958 3152 4029 Γραφικῆς
3204 3956 3296 4011 καὶ
3350 3957 3634 4026 Ιίατρικῆς
3676 3955 3767 4006 καὶ

2193 4057 2483 4126 κανονικῆς
2530 4051 2959 4122 παραστάσεως,
2998 4049 3378 4118 συνεπομένης
3425 4046 3641 4111 τούτοις
3678 4046 3770 4098 καὶ

2191 4157 2292 4227 τῆς
2316 4149 2528 4206 οἴκοθεν
2558 4140 2995 4214 διανοηματικῆς
3021 4139 3317 4201 ἐπιδόσεως
3342 4156 3357 4168 °
3387 4140 3486 4192 καὶ
3517 4141 3677 4209 ἡμεῖς
3709 4153 3771 4205 γε

2194 4240 2571 4315 ποδηγηθῆναι
2603 4236 2836 4303 ἕτοιμοι,
2858 4232 2951 4286 καὶ
2973 4230 3354 4301 ἑλλαμιρθῆναι
3377 4230 3649 4301 πρόθυμοι
3675 4229 3774 4298 τῆς

2193 4339 2322 4412 παρ’
2353 4336 2527 4398 ἄλλων
2549 4331 2855 4405 δᾳδουχίας,
2885 4329 3087 4392 ἐνδεεῖς
3114 4325 3293 4399 φωτὸς
3324 4325 3666 4397 ὑπάρχοντες
3695 4326 3774 4378 δτι

2198 4431 2457 4507 μάλιστα.

2692 4531 2983 4598 ΝΑ’.-Τῷ
3005 4530 3186 4597 αὐτῷ.
3212 4527 3417 4604 [σκθκ]

516 4652 863 4705 Confessorum
887 4654 1094 4715 aliquot,
1117 4651 1165 4700 in
1194 4651 1359 4719 primis
1388 4654 1635 4719 Eutlivmii
1668 4655 1871 4719 abbatis,
1888 4642 2031 4710 fidem
2070 4668 2125 4712 et
2166 4657 2506 4716 constantiam,
2543 4653 2788 4719 sim_ulque
2828 4649 3210 4719 maenianorum
3237 4645 3482 4719 saevitiam
3524 4647 3768 4710 exponit:

1034 4721 1136 4763 tum
1164 4710 1427 4777 propositae
1447 4710 1779 4768 de'bomicidii
1805 4710 1962 4782 prinis
1987 4710 2251 4785 quaestioni
2268 4710 2561 4783 respondet.
2592 4710 2790 4779 (Barbn.
2815 4728 2896 4765 an.
2929 4712 3041 4771 809,
3070 4724 3120 4761 n.
3146 4710 3249 4773 44.)

590 4821 716 4877 Tria
752 4822 867 4878 haec
908 4821 962 4875 in
1009 4838 1095 4877 me
1123 4822 1427 4878 effecerunt
1453 4824 1646 4878 litterae
1678 4834 1804 4891 tuae,
1842 4827 1915 4882 fili
1948 4829 2089 4885 desi-

2269 4826 2408 4897 Τρία
2432 4825 2606 4879 ταῦτα
2639 4823 2885 4877 πέπονθα
2928 4821 2987 4873 ὲν
3019 4820 3131 4881 τοῖς
3190 4816 3429 4888 παροῦσί
3469 4833 3568 4884 σου
3596 4819 3781 4891 γράμ-

520 4916 708 4971 derate
739 4933 752 4968 :
781 4914 942 4969 simul
983 4914 1129 4970 enim
1180 4915 1457 4986 obstupui,
1506 4916 1808 4973 admiratus
1851 4935 1994 4985 sum,
2041 4932 2097 4976 et

519 5007 739 5063 cantavi
770 5027 782 5062 :
812 5008 1048 5078 primum
1078 5017 1304 5079 pr0pter
1347 5008 1565 5079 impios,
1605 5010 1835 5066 alterum
1873 5022 2096 5083 propter

522 5101 661 5171 pios,
703 5100 924 5155 tertium
960 5108 1188 5171 propter
1216 5099 1386 5155 Deum
1414 5100 1506 5171 qui
1536 5103 1852 5158 corroborat
1880 5120 1974 5160 eos
2003 5104 2097 5174 qui

525 5192 583 5247 in
620 5192 740 5263 ejus
773 5192 890 5264 lege
928 5192 1257 5247 innituntur.
1287 5190 1353 5246 Et
1376 5192 1443 5248 de
1474 5209 1629 5248 sacro
1661 5194 1882 5264 quidem
1920 5197 2096 5251 Atha-

522 5284 679 5340 nasio
739 5300 863 5341 meo
886 5286 953 5353 “’,
999 5285 1231 5355 ejusque
1276 5284 1441 5340 sociis
1481 5285 1982 5354 desideratissimis,
2029 5304 2095 5344 ac

522 5376 592 5431 de
627 5373 922 5430 fortissimo
968 5375 1097 5429 item
1144 5390 1267 5431 meo
1302 5373 1623 5441 Theososto,
1679 5385 1735 5432 et
1764 5378 1831 5433 de
1861 5389 2099 5448 septem-

525 5467 703 5524 decim
751 5467 871 5537 ejus
914 5467 1153 5523 strenuis
1192 5468 1503 5534 comitibus,
1552 5484 1677 5524 cum
1716 5470 1846 5525 satis
1892 5470 2097 5525 dictum

2206 4936 2364 4991 μασι,
2396 4916 2632 4992 ποθητδν
2655 4913 2844 4968 τέκνον
2861 4928 2874 4941 '
2903 4908 3041 4982 ὁμοῦ
3062 4926 3122 4962 τε
3150 4907 3463 4977 ἐξεπλάγην
3484 4947 3501 4973 ,
3530 4908 3778 4979 ἠγάσθην

2201 5028 2261 5065 τε
2284 5048 2300 5075 ,
2336 5008 2433 5063 καὶ
2457 5004 2597 5080 ᾖσα·
2627 5005 2687 5058 τδ
2719 5005 2818 5075 μὲν
2838 5002 2928 5057 διὰ
2948 5002 3074 5065 τοὺς
3098 5000 3454 5071 παρανόμους
3475 5016 3490 5031 ’
3526 5002 3587 5055 τὸ
3614 5002 3669 5054 δὲ
3690 5000 3779 5053 διὰ

2207 5102 2334 5165 τοὺς
2364 5101 2659 5169 εὑνόμου;’
2693 5097 2756 5151 τὸ
2782 5096 2969 5165 τρίτον
3000 5094 3089 5147 διὰ
3118 5093 3213 5146 τδν
3263 5089 3610 5162 δυναμοῦντά
3645 5094 3781 5146 Θεὸν

2202 5195 2328 5258 τοὺς
2365 5195 2422 5245 ὲν
2447 5191 2524 5262 τῷ
2561 5191 2713 5260 νόμῳ
2750 5186 2916 5241 αὐτοῦ
2972 5184 3446 5257 ὲπερειδομένους.
3498 5185 3613 5238 Καὶ
3654 5186 3782 5256 περὶ

2203 5287 2302 5358 μὲν
2330 5283 2425 5338 τοῦ
2453 5284 2598 5353 ίεροῦ
2634 5299 2735 5353 μου
2788 5280 3131 5343 Ἀθανασίου,
3185 5278 3281 5331 καὶ
3325 5277 3439 5330 τῶν
3487 5278 3585 5331 σὺν
3627 5276 3782 5347 αὺτῷ

2200 5366 2577 5449 τριποθήτωνο
2646 5374 2728 5427 ἔτι
2791 5372 2897 5443 μὴν
2936 5371 3032 5425 καὶ
3077 5369 3173 5424 τοῦ
3226 5368 3637 5440 ἀνδρικωτάτου
3674 5377 3781 5440 μου

2202 5469 2539 5531 Θεοσὼστου,
2584 5467 2686 5536 τῆς
2727 5483 2786 5519 τε
2818 5463 2982 5518 αὐτοῦ
3016 5462 3599 5525 δυοπεντεκαιδεκάδος
3655 5462 3779 5515 θεο-

525 5562 597 5615 sit
637 5560 689 5613 in
726 5562 863 5615 meis
907 5561 973 5615 ad
1007 5560 1126 5614 illos
1164 5560 1427 5631 epistolis,
1462 5562 1823 5617 omittendum
1872 5572 1955 5617 est
1996 5563 2089 5617 hoc

2207 5560 2430 5623 σθενοῦς
2463 5558 2709 5621 συνοδίας
2730 5575 2745 5589 ο
2787 5558 2860 5620 ὡς
2884 5559 2941 5609 ὲν
2962 5557 3075 5619 τοῖς
3102 5554 3238 5621 πρὸς
3289 5552 3489 5615 αὐτούς
3518 5570 3611 5622 μοι
3639 5571 3782 5621 γρα-

526 5651 648 5707 loco
680 5671 693 5707 :
725 5652 975 5723 quamvis
1004 5652 1243 5723 longiore
1276 5653 1422 5724 digni
1465 5654 1574 5709 sint
1599 5654 1848 5709 oratione
1892 5668 1954 5708 ac
1984 5653 2101 5707 lau-

526 5744 722 5811 dibus;
770 5745 861 5816 qui
910 5745 1171 5801 divinitus
1229 5762 1291 5801 ac
1336 5747 1546 5801 fortiter
1601 5747 1974 5813 deccrtarunt,
2037 5758 2093 5802 et

599 5838 643 5868 ⁶⁹
673 5839 801 5893 Vide
830 5854 1011 5907 supra,
1039 5839 1198 5907 epist.
1236 5840 1301 5893 45
1328 5849 1378 5893 et
1408 5839 1494 5893 48.

2208 5657 2385 5724 φεῖσιν
2415 5651 2599 5706 ἱκανοῦ
2640 5651 2814 5716 ὄντος,
2838 5649 3026 5702 ὲατέον
3061 5645 3298 5700 ἐνταῦθα
3326 5644 3510 5714 λέγειν
3531 5660 3543 5673 ’
3582 5648 3631 5697 εἰ
3684 5650 3783 5698 καὶ

2197 5749 2280 5802 ὅτι
2304 5745 2567 5800 πλειόνων
2604 5744 2804 5798 δέοιντο
2832 5741 3007 5812 λόγων
3068 5742 3158 5794 καὶ
3186 5737 3456 5793 ἐπαίνωνο
3490 5736 3654 5802 θείως
3684 5739 3785 5793 καὶ
