3914 6442
100 388 243 452 1097

1327 386 1862 449 EPISTOLARUM
1907 388 2052 448 LIB.
2106 388 2156 446 Ι.

3233 381 3368 449 1098

96 501 414 572 ἀθλητικῶς
443 501 889 570 διηγωνισμένοι,
938 502 1030 554 καὶ
1066 503 1146 554 ἔτι
1206 502 1685 571 ἐναγωνιζόμενοι.

1799 516 1944 556 nunc
1987 511 2205 570 quoque
2259 497 2558 552 decertant.
2619 494 2724 550 Sed
2785 493 2944 549 venio
2991 494 3056 548 ad
3106 498 3370 549 sermonis

110 593 246 648 Ἐπὶ
279 593 338 646 δὲ
369 594 460 646 τὸν
491 593 771 660 κολοφῶνα
801 591 894 646 τοῦ
930 592 1090 660 λόγου
1130 593 1280 664 μέτει
1290 612 1368 663 μι.
1403 594 1499 656 Τίς
1537 592 1679 646 οῦτω

101 686 319 755 ἀκήκοε
353 683 541 754 σχεδὸν
566 684 856 754 παράνομα
903 685 998 738 καὶ
1025 685 1233 737 έκτοπα
1261 686 1585 752 Χριστιανὸς
1605 726 1619 750 ,
1651 685 1688 739 ἃ

107 774 218 828 ὑπὸ
247 774 359 827 τῶν
378 772 712 843 δυσωνύμων
737 773 1080 842 Μοιχειανῶν
1111 773 1428 842 γεγένηται,
1451 771 1685 842 λεγομέ-

96 884 213 919 νων
249 865 352 936 μὲν
388 865 682 935 ίεραρχῶν,
734 864 906 918 ὄντων
962 864 1020 918 δὲ
1070 865 1301 934 ἀνιέρων
1351 863 1457 916 ὑπὸ
1504 862 1687 934 πάσης

95 957 476 1027 ἁποστολικῆς
501 957 596 1010 καὶ
620 956 902 1028 Πατρικῆς
942 959 1146 1027 φωνῆς,
1179 958 1272 1009 καὶ
1309 957 1437 1011 ἄνευ
1467 957 1567 1028 τῆς
1604 959 1686 1010 αἱ·

98 1050 351 1119 ρέσεωςξ
405 1047 640 1102 Τύπτων
670 1045 813 1100 οὕτω
845 1047 930 1110 τίς
985 1047 1215 1115 τέτυφεν
1244 1045 1552 1118 ἀνθρώπων
1572 1087 1588 1110 ,
1622 1048 1685 1100 ού

96 1141 249 1209 λέγω
286 1138 652 1210 Χριστιανικὴ
677 1139 817 1208 χεὶρ,
837 1136 976 1192 ἀλλὰ
1002 1135 1312 1209 βαρϐαρική
1333 1151 1347 1167 ⁶
1372 1137 1452 1201 δὶς
1471 1137 1689 1192 ἑκατον-

94 1237 232 1290 τάσι
263 1235 404 1306 πρὸς
431 1233 696 1304 ἑξήκοντα
730 1231 824 1284 καὶ
878 1229 939 1296 ἓξ
987 1230 1292 1301 μαστίγων,
1325 1225 1445 1284 εἷτα
1485 1233 1602 1302 μετ’
1627 1231 1689 1284 ού

97 1328 270 1391 πολὺ,
299 1327 382 1389 δὶς
406 1325 501 1380 δύο
528 1323 854 1378 ἐκατοντάσι
872 1321 1181 1394 βουνεύρων
1210 1323 1303 1376 ἐπὶ
1330 1324 1439 1377 τῶν
1465 1323 1649 1378 νώτων
1672 1342 1685 1355 ·

93 1420 175 1485 ὡς
195 1422 228 1474 ό
244 1418 496 1488 γενναίός
523 1434 586 1486 γε
602 1416 1060 1488 άρχιεπὶσκοπος,
1085 1416 1290 1487 μᾶλλον
1317 1417 1375 1470 δὲ
1406 1416 1688 1488 ἀλλοτριο-

95 1514 415 1574 επίσκοπος
454 1507 888 1580 Θεσσαλονίκης,
932 1509 1029 1561 καὶ
1068 1509 1130 1561 ού
1167 1507 1278 1562 τῶν
1306 1508 1578 1577 ἀγελαίων
1605 1526 1688 1562 τι-

96 1604 189 1671 νὰ,
211 1603 355 1658 ἀλλά
380 1601 712 1674 μονάζοντα,
741 1603 838 1657 καὶ¹
865 1601 1054 1657 τοῦτον
1071 1602 1396 1673 ἡγούμενον,
1418 1604 1515 1656 καὶ
1546 1603 1692 1673 μάλα

95 1698 192 1752 τὸν
217 1695 642 1759 εύλαὸέστατον,
675 1693 916 1765 τοῦνομα
961 1694 1256 1766 Εύθύμιον,
1278 1694 1369 1748 τὸν
1411 1694 1510 1766 τῆς
1531 1695 1687 1748 εὐθυ-

100 1790 243 1860 μίας
275 1788 450 1852 ὖντως
477 1786 802 1858 φερώνυμον
830 1803 844 1852 ;
887 1786 1112 1857 Ἑξέστη
1141 1788 1234 1840 ἐπὶ
1262 1789 1437 1858 τούτῳ
1475 1789 1503 1840 ὁ
1531 1788 1692 1858 ούρα-

98 1881 192 1943 νός
215 1897 230 1911 ο
271 1879 372 1933 καὶ
404 1877 602 1950 ἔφριξα
621 1879 731 1948 ἐγὼ
757 1881 786 1930 ὀ
805 1878 981 1942 ’τάλας
1008 1896 1021 1911 ο
1054 1876 1210 1948 οἶμαι
1239 1877 1298 1932 δὲ
1337 1880 1433 1932 καὶ
1471 1880 1581 1942 πᾶς
1605 1897 1689 1944 τις

97 1966 212 2020 τῶν
247 1964 557 2037 ἀνθρώπων
585 1965 684 2038 τὴν
714 1967 949 2038 φυσικὴν
972 1968 1288 2039 ἡμερότητα
1315 1986 1374 2022 τε
1399 1969 1493 2023 καὶ
1533 1969 1689 2040 ἐλεη-

103 2058 356 2128 μοσύνην
387 2058 546 2128 ἔχων,
579 2061 675 2114 καὶ
703 2060 940 2115 ἀκούων.
988 2063 1084 2124 Ὃς
1108 2062 1190 2125 εἰς
1237 2061 1407 2115 τύπον
1446 2062 1688 2134 Χριστοῦ

98 2149 341 2218 ὀφείλων
374 2150 607 2216 κεῖσθαι,
641 2153 736 2207 καὶ
790 2152 1128 2223 τυπτόμενος
1181 2153 1257 2225 μὴ
1301 2155 1686 2226 ἀντιτύπτειν),

101 2245 198 2296 καὶ
229 2242 339 2296 τῶν
363 2244 571 2313 θηρίων
599 2245 879 2316 ὠμότερος
930 2248 1186 2315 γέγονεν,
1215 2247 1278 2301 οὗ
1315 2249 1371 2302 τί
1405 2267 1506 2304 που
1547 2251 1690 2320 ἴχνος

104 2336 503 2405 Χριστιανικδν
536 2337 742 2407 φέρων,
772 2336 972 2390 πολλοῦ
997 2353 1061 2406 γε
1086 2339 1262 2392 εἰπεῖν
1283 2339 1616 2410 ίεραρχικόν.

167 2429 279 2481 Καὶ
304 2428 446 2498 ὑπὲρ
467 2428 611 2488 τίνος
629 2429 657 2480 ό
683 2427 892 2498 δαρμός
907 2445 920 2493 ;
937 2428 1022 2482 ἵνα
1035 2427 1125 2482 τὸν
1142 2429 1234 2482 τοῦ
1253 2431 1493 2500 Χριστοῦ
1519 2431 1689 2501 ἀθλη-

103 2520 203 2588 τὴν
231 2519 406 2591 πείσῃ
430 2518 724 2573 συνθέσθαι
758 2520 1057 2592 ἀναφέρειν
1090 2521 1255 2574 αὐτὸν
1289 2522 1366 2584 ὡς
1401 2524 1687 2594 ἱεράρχην.

118 2614 258 2666 ’Λὶϊ
277 2614 323 2666 ὦ
346 2614 447 2683 τῆς
472 2613 852 2682 γενναιότητος
865 2614 959 2664 καὶ
983 2612 1375 2684 κραταιότητος
1391 2613 1484 2666 τοῦ
1516 2615 1691 2684 μάκα-

110 2723 201 2774 ρος
227 2707 242 2758 ι
273 2704 435 2758 Οῦτω
462 2705 572 2774 γὰρ
599 2703 808 2757 δίκαιον
838 2707 1041 2758 εἰπεῖν’
1079 2703 1162 2756 ὃτι
1197 2707 1290 2759 καὶ
1320 2707 1458 2776 μετὰ
1491 2710 1688 2762 τοσαύ-

104 2815 202 2861 τας
225 2797 553 2866 πληγάςκαὶ
575 2797 806 2867 αἵματος
822 2798 977 2867 ἁγίου
1001 2799 1178 2869 ῥύσιν,
1210 2800 1286 2863 ὼς
1316 2801 1689 2870 φοινίσσεσθαι

104 2891 172 2942 τὰ
193 2889 458 2959 πέλματα
490 2888 599 2941 τῶν
631 2890 808 2942 ποδῶν
860 2890 971 2944 τῶν
1007 2893 1184 2945 ἐκεῖσε
1251 2893 1556 2964 παρόντων,
1594 2897 1690 2950 καὶ

105 2979 274 3034 οἱονεὶ
309 2977 727 3049 πηλοποιεῖσθαι
781 2980 844 3033 τὸ
896 2982 1206 3053 πορφύρεον
1237 2985 1472 3055 κονίαμα
1504 2987 1584 3050 είς
1614 2990 1690 3040 oi-

108 3072 351 3142 κοδομὴν
400 3071 501 3141 τῆς
545 3071 641 3126 τοῦ
688 3072 823 3126 Θεοῦ
865 3073 1196 3142 Ἐκκλησίας
1223 3092 1237 3107 ο
1302 3078 1554 3147 κείμενος
1588 3079 1688 3149 ἤδη

111 3165 288 3236 βραχὺ
315 3164 521 3227 ἄπνους
543 3167 637 3218 καὶ
653 3164 1013 3237 ἇφωνοςλκαὶ
1049 3168 1346 3240 ἐρωτηθεὶς
1378 3171 1529 3239 παρὰ
1583 3171 1690 3225 τῶν

112 3256 396 3310 κολαστῶν
433 3257 797 3328 μνημονεύειν
825 3259 919 3314 τὸν
949 3261 1214 3330 τύραννόν
1243 3278 1406 3331 φημι,
1450 3262 1567 3313 ἀλλ’
1593 3263 1692 3314 ούκ

109 3351 550 3432 ἀρχιεπίσκοπον
570 3365 583 3382 ο
621 3352 720 3417 Οὐ,
766 3354 931 3422 φησὶν
955 3356 982 3406 ὁ
1013 3356 1284 3426 μακάριος
1308 3371 1322 3386 ο
1354 3357 1496 3409 οὕτω
1529 3354 1692 3427 μέχρι

112 3443 349 3496 θανάτου
387 3441 575 3514 σχεδὸν
603 3444 666 3495 ού
698 3445 1058 3517 παρατρέψας
1088 3447 1179 3499 τὸν
1211 3447 1334 3501 νοῦν
1357 3466 1370 3478 ⁸
1400 3449 1460 3501 ού
1493 3467 1696 3520 παρεκ-

113 3533 302 3596 κλίνας
327 3549 382 3585 τι
407 3533 516 3585 τῶν
537 3533 836 3603 ὀρθοδοξως
862 3537 1220 3605 ἐγνωσμένων
1268 3539 1437 3608 αὐτῷ.
1485 3540 1695 3613 Μικροῦ

111 3624 174 3694 δὴ
207 3623 538 3694 παρέδραμέ
573 3641 639 3694 με
669 3625 962 3692 ἀναγκαῖόν
991 3643 1073 3678 τι·
1107 3627 1189 3678 ὅτι
1225 3630 1374 3682 καὶὸ
1426 3631 1554 3694 ναὸς
1601 3634 1695 3686 τοῦ

113 3717 248 3770 Θεοῦ
311 3717 651 3787 πραιτώριον
706 3718 899 3785 γέγονε
952 3719 1263 3774 Πιλατικόν.
1324 3723 1534 3777 Ἐκείσε
1589 3725 1698 3796 γὰρ

114 3811 273 3881 ἔφης,
314 3809 433 3878 ἦτοι
463 3810 542 3871 εἰς
563 3809 654 3861 τὸν
683 3807 976 3876 λεγόμενον
1010 3809 1104 3862 τοῦ
1153 3813 1205 3864 Ἀ
1219 3814 1520 3883 ρχαγγέλου
1556 3816 1698 3887 ἱερὸν

114 3903 276 3972 δόμον
312 3899 583 3968 τετύφθαι
634 3899 726 3952 τόν
760 3902 1044 3971 μάρτυρα·
1082 3903 1141 3957 ὃν
1176 3908 1222 3955 οἱ
1269 3905 1369 3974 μὲν
1399 3907 1697 3975 Ιάτὶθασσοι

115 3994 347 4063 τιμωροὶ
374 3992 564 4046 εἴασαν
589 3992 850 4062 ήμιθανῆ’
876 3994 960 4056 τὶς
977 3995 1033 4048 δὲ
1050 3995 1492 4068 Χριστομίμητος
1517 3998 1698 4051 λαϐὼν

116 4089 206 4138 ἐπὶ
235 4085 330 4136 τὸν
363 4084 496 4138 ἴδιον
534 4078 714 4137 οἷκον⁶
760 4085 856 4138 καὶ
889 4088 1011 4152 ταῖς
1056 4088 1426 4159 ἁμορῤαγίαις
1477 4092 1569 4144 καὶ
1614 4092 1700 4158 ξε-

120 4179 485 4250 σμοσαρκίαις
527 4179 887 4250 προσπλάσας
918 4179 1108 4234 κώδιον
1141 4182 1305 4254 ἁρνοῦ
1329 4185 1700 4253 ἀρτισφαγοῦς

117 4275 476 4346 ἐζωοπύρησε
523 4274 616 4328 τὸν
660 4273 863 4342 ἄνδραο
905 4272 1101 4345 μικρὸν
1144 4273 1200 4326 δὲ
1234 4279 1328 4327 καὶ
1359 4276 1497 4329 κατὰ
1527 4276 1700 4347 βραχῦ

118 4367 485 4441 ἁναρρώσας,
535 4366 887 4432 ἐξαπέστειλε
936 4365 1109 4436 λάθρα
1165 4367 1253 4420 διὰ
1285 4367 1381 4436 τὴν
1431 4367 1702 4421 καλοῦσαν

119 4461 372 4529 ἐντολήν·
405 4460 740 4526 πεφευγότος
793 4457 887 4510 τοῦ
951 4457 1202 4519 θανέντος
1235 4457 1338 4527 ἤδη
1380 4460 1474 4511 καὶ
1519 4477 1700 4528 παρα-

119 4553 283 4617 δόξως
310 4549 695 4621 ἑξεγερθέντος
726 4551 805 4612 εἰς
827 4551 1028 4619 στήλην
1045 4550 1354 4621 ὀρθοδοξίας
1383 4553 1477 4603 καὶ
1508 4552 1704 4622 Θρίαμ-

121 4644 208 4696 6ον
234 4644 347 4697 τῶν
382 4640 713 4705 κακοδόξων.
745 4639 808 4692 Τί
851 4639 1059 4693 τούτων
1098 4640 1490 4709 άσεὸέστὲρονς
1518 4641 1599 4703 τίς
1641 4641 1697 4694 δὲ

124 4738 272 4807 παρὰ
299 4734 597 4803 ὀρθοόόξων
621 4735 700 4796 εἰς
745 4732 1025 4802 αἱρετικὸν
1090 4733 1314 4788 τοιαῦτα
1371 4735 1696 4806 πέπραχεν;

298 4829 387 4884 ἵνα
411 4829 549 4896 φανῇ
570 4825 866 4880 κάντεῦθεν
890 4825 1066 4878 αὐτῶν
1091 4827 1250 4898 ἡλίκη
1277 4830 1308 4897 ἡ
1341 4829 1565 4882 ἀσέϐεια
1593 4829 1700 4880 τῶν

127 4919 749 4991 Μοιχειανιζόντων,κα“ι
773 4920 856 4983 τίς
877 4919 1018 4982 τίνος
1047 4918 1317 4989 μαθητὴς,
1340 4921 1572 4990 Χριστοῦ
1607 4922 1705 4991 μὲν

126 5016 151 5065 ό
176 5013 517 5084 τυπτόμενος
540 5011 659 5065 κατ’
699 5011 862 5065 αὑτὸν
897 5011 993 5064 καὶ
1038 5012 1242 5081 φέρων,
1298 5013 1548 5066 διαϐόλου
1591 5014 1646 5066 δὲ
1677 5015 1704 5066 ό

125 5109 363 5162 τύπτων.
387 5105 544 5159 Οὕτω
579 5105 838 5174 ίεράρχης
869 5105 963 5158 καὶ
990 5104 1142 5157 ἔνθεν
1163 5106 1416 5174 ἐκφοϐεῖν
1448 5107 1708 5177 βουλόμε-

127 5216 233 5263 νος,
259 5201 356 5252 καὶ
388 5197 620 5251 ἐκδικῶν
651 5198 719 5249 τὰ
768 5197 888 5248 κατ’
923 5197 1104 5250 αὐτόν.
1142 5192 1217 5250 Οῦ
1249 5198 1580 5266 ρυσΟείημεν
1607 5201 1704 5266 τῆς

133 5290 371 5360 μερίδος,
406 5288 624 5355 ἁδελφὲ,
657 5288 752 5340 τοῦ
781 5287 839 5340 δὲ
889 5288 1110 5360 πρώτου
1167 5289 1358 5359 εἴημεν
1414 5293 1512 5343 σὺν
1537 5293 1703 5343 πᾶσιν

131 5380 404 5433 εὖσεῆέσι,
428 5379 535 5431 Καὶ
566 5378 664 5443 ἴδε,
709 5377 906 5449 Κύριε,
939 5379 1134 5449 Κύριε,
1175 5380 1274 5450 τὴν
1303 5383 1544 5433 κάκωσιν
1571 5381 1702 5434 ταύ-

133 5489 245 5538 την,
272 5471 370 5525 καὶ
399 5474 584 5538 φεῖσαι
617 5468 709 5523 τοῦ
737 5469 869 5522 λαοῦ
910 5487 1004 5524 σου
1031 5489 1043 5502 ·
1083 5471 1433 5540 πρυτανέυων
1474 5476 1702 5545 εἰρήνην

131 5563 444 5633 ὀρθοδοξίας
471 5565 539 5632 τῇ
565 5563 686 5616 καθ’
717 5565 867 5633 ἡμᾶς
895 5563 1210 5634 Ἐκκλησία.
1238 5565 1404 5617 Οὐδὲν
1435 5566 1543 5636 γὰρ
1573 5570 1704 5635 ἡμῖν

136 5657 309 5723 λέγειν
337 5657 466 5711 ἄλλο
500 5656 635 5724 πρὸς
657 5657 725 5709 τὰ
759 5657 1004 5726 παρόντα
1031 5673 1042 5684 ’
1095 5658 1232 5725 μετὰ
1276 5658 1367 5710 τοῦ
1411 5661 1499 5710 καὶ
1532 5659 1703 5710 πάντα

136 5749 318 5818 φέρειν
357 5750 502 5819 Mm;
530 5748 671 5818 ὑπὲρ
695 5748 788 5801 τοῦ
815 5749 1079 5818 ὀνόματος
1114 5750 1299 5803 αὑτοῦ.

445 5935 714 5995 Pareat.
764 5935 880 5994 Ca.
933 5932 1134 5992 XCIX.

1716 1936 1763 1995 B

1735 4699 1782 4757 D

1785 593 2167 663 colophonem.
2197 589 2331 655 Quis
2365 603 2602 659 unquam
2634 588 2770 642 adeo
2817 586 3002 657 iniqua
3053 594 3108 641 et
3135 587 3367 646 absurda

1786 685 2132 742 Christianus
2177 683 2410 747 audivit,
2448 698 2511 738 ac
2556 690 2708 754 gesta
2749 689 2879 736 sunt
2917 696 2946 735 a
2976 679 3203 734 nefariis
3235 678 3370 736 Μωο

1786 777 2022 842 chianis,
2066 777 2290 833 nomine
2322 776 2622 847 episcopis.
2672 789 2731 830 re
2766 785 2949 828 autem
2980 772 3262 842 sacrilegis
3302 787 3366 826 ex

1787 870 1936 926 omni
1989 871 2362 942 apostolorum
2407 877 2463 923 et
2509 867 2730 922 Patrum
2771 866 3106 930 testimonio,
3151 864 3367 919 etiamsi

1789 963 2041 1019 haeresim
2082 960 2360 1032 excipias?
2410 958 2700 1014 Hominem
2746 957 3044 1013 verberans
3086 955 3208 1025 quis
3260 971 3367 1008 un-

1788 1068 1950 1123 quam
1991 1052 2072 1108 sic
2099 1052 2338 1108 cecidit:
2367 1066 2476 1105 non
2517 1049 2830 1105 Christiana
2868 1048 3237 1106 dico'manus,
3271 1044 3364 1101 sed

1789 1144 1952 1198 etiam
1979 1143 2295 1208 barbarica;
2341 1141 2425 1196 bis
2469 1149 2691 1196 centum
2721 1139 3003 1210 sexaginta
3045 1152 3141 1192 sex
3173 1136 3370 1191 verbe-

1789 1250 1934 1293 rum.
1981 1249 2046 1289 ac
2087 1248 2197 1288 non
2253 1233 2427 1288 multo
2478 1243 2623 1300 post,
2677 1229 2765 1285 bis
2821 1229 3071 1284 ducentis
3121 1228 3368 1282 boiarum

1788 1327 1992 1382 ictibus
2017 1327 2073 1381 in
2094 1326 2354 1380 humeros
2387 1322 2642 1378 inﬂictis?
2671 1331 2747 1376 ut.
2771 1335 3068 1394 generosus
3099 1319 3369 1385 archiepi-

1788 1434 2009 1489 scopus,
2057 1434 2154 1474 seu
2198 1416 2379 1488 potius
2419 1415 2900 1485 allotriepiscopus
2938 1410 3366 1473 Thessalonicae,

1788 1528 1899 1568 non
1929 1512 2238 1584 gregarium
2259 1510 2597 1582 quempiam,
2630 1508 2727 1564 sed
2751 1505 3106 1571 monachum,
3134 1517 3370 1572 eumque

1789 1603 2170 1674 praepositum,
2230 1611 2285 1656 et
2327 1601 2552 1672 quidem
2607 1597 3100 1671 religiosissimum,
3162 1593 3368 1665 Euthy-

1791 1697 1984 1759 mium,
2015 1694 2194 1751 securi
2217 1694 2459 1764 rectique
2482 1691 2672 1756 animi,
2695 1705 2886 1747 revera
2913 1687 3122 1743 nomini
3144 1701 3371 1756 respon-

1789 1788 2048 1846 dentem?
2099 1786 2330 1856 Expavit
2371 1787 2570 1842 caelum
2617 1784 2726 1838 hoc
2775 1780 3090 1852 spectaculo
3124 1796 3136 1832 :
3171 1785 3227 1832 et
3270 1792 3373 1848 ego

1790 1883 1960 1938 miser
1983 1877 2214 1936 audiens
2245 1878 2526 1943 inhorrui;
2559 1886 2616 1932 et
2653 1889 2895 1938 mecum,
2927 1872 3146 1943 opinor.
3179 1886 3374 1925 omnes

1790 1974 1991 2046 quibus
2029 1971 2227 2041 aliquis
2275 1985 2470 2025 sensus
2511 1977 2596 2025 est
2633 1964 2994 2022 humanitatis
3055 1973 3111 2018 et
3163 1961 3373 2017 miseri-

1791 2064 2014 2120 cordiae.
2047 2061 2222 2128 Quem
2251 2060 2317 2116 ad
2347 2059 2552 2115 Christi
2580 2055 2895 2123 exemplum
2922 2051 3177 2122 componi
3208 2067 3375 2120 opor-

1793 2158 1962 2222 tebat,
1995 2163 2051 2210 et
2084 2168 2406 2224 percussum
2438 2166 2549 2206 non
2585 2155 2975 2220 repercutere;
3011 2145 3058 2199 is
3083 2144 3374 2198 immanior

1792 2249 1923 2304 feris
1952 2246 2193 2302 exstitit:
2217 2243 2425 2299 nullum
2457 2238 2756 2296 Christiani
2788 2235 3076 2308 vestigium
3104 2235 3371 2297 retinens,

1793 2341 1995 2396 nedum
2021 2338 2287 2410 episcopi.

1862 2436 1928 2491 Et
1955 2435 2311 2506 quamobrem
2359 2433 2475 2487 bare
2511 2429 2827 2486 dilaniatio?
2852 2428 2923 2484 Ut
2951 2427 3156 2484 Christi
3198 2427 3371 2482 athle-

1791 2538 1900 2582 tam
1941 2543 2008 2584 eo
2053 2528 2320 2597 impellat,
2355 2537 2411 2582 ut
2453 2527 2631 2596 ipsum
2683 2531 3079 2577 commemoret
3113 2529 3371 2589 tanquam

1791 2620 2136 2690 episcopum,
2169 2618 2298 2683 Sed,
2342 2634 2374 2674 ο
2408 2618 2602 2672 fortem
2629 2624 2794 2684 atque
2829 2612 3094 2667 invictum
3123 2612 3370 2665 animum

1792 2714 1970 2769 beati!
2032 2714 2112 2768 sic
2162 2713 2308 2767 enim
2359 2711 2506 2779 loqui
2557 2722 2774 2778 aequum
2804 2714 2888 2760 est
2919 2722 2931 2758 :
2962 2704 3092 2774 quia
3129 2713 3251 2774 post
3296 2713 3374 2756 tot

1793 2805 1976 2878 plagas
2008 2811 2324 2873 tantamque
2363 2799 2573 2873 profusi
2617 2798 2762 2855 sacri
2810 2795 3091 2869 sanguinis
3138 2794 3370 2865 copiam,

1794 2907 1854 2952 ut
1901 2896 2242 2968 tingerentur
2303 2893 2599 2949 astantium
2658 2890 2907 2961 vestigia,
2964 2896 3020 2942 et
3069 2888 3124 2942 in
3185 2887 3374 2940 limum

1791 2986 2192 3056 quodammodo
2217 2989 2598 3040 concresceret
2625 2995 2936 3053 purpureus
2972 2979 3064 3034 ille
3097 2978 3277 3049 pulvis
3307 2978 3374 3031 ad

1793 3077 2208 3134 aediﬁcationem
2246 3076 2506 3131 Ecclesize
2523 3073 2662 3139 Dei;
2714 3087 2840 3127 cum
2873 3073 2951 3127 sic
2988 3072 3198 3141 jaceret
3237 3086 3376 3142 pene

1794 3171 2061 3226 exanimis
2089 3181 2144 3225 et
2172 3169 2426 3240 elinguis,
2459 3167 2834 3236 instarentque
2861 3173 3099 3220 tortores
3127 3172 3188 3217 ut
3220 3177 3375 3218 com-

1718 3288 1760 3348 (Σ
1797 3271 2121 3318 memoraret
2179 3272 2466 3329 tyrannum
2516 3258 2772 3323 dixerim,
2828 3272 2940 3312 non
2997 3256 3376 3325 archiepisco-

1796 3373 1956 3428 pum;
1991 3356 2238 3424 minime,
2264 3355 2338 3409 ait
2370 3356 2566 3409 beatus
2597 3375 2606 3408 ;
2640 3367 2707 3407 eo
2728 3351 2892 3406 modo
2915 3365 3086 3420 prOpe
3111 3365 3280 3419 usque
3309 3350 3376 3401 ad

1798 3459 2028 3505 mortem
2065 3463 2420 3519 perseverans
2452 3445 2718 3500 immobili
2762 3444 2947 3498 animo
2980 3442 3194 3512 ﬁxoque
3223 3441 3276 3496 in
3313 3442 3380 3494 iis

1797 3557 1919 3611 qua:
1957 3550 2104 3595 recte
2136 3541 2303 3594 semel
2349 3540 2687 3597 decreverat.
2724 3537 2873 3592 Pene
2911 3535 3200 3590 omiseram
3236 3538 3378 3604 quod

1801 3635 1852 3688 in
1885 3633 2073 3703 primis
2103 3632 2512 3688 observandum
2554 3649 2565 3683 :
2597 3630 2861 3699 templum
2893 3627 3072 3699 ipsum
3103 3626 3200 3681 Dei
3241 3643 3381 3696 pra!-

1803 3727 2000 3781 torium
2029 3725 2229 3781 factum
2254 3724 2426 3779 fuisse
2467 3722 2752 3778 Pilaticum
2783 3741 2796 3775 :
2826 3721 2900 3776 ibi
2932 3720 3102 3783 enim,
3137 3720 3241 3775 hoc
3273 3731 3377 3781 est.

1801 3821 1854 3872 in
1897 3833 2049 3873 sacra
2088 3833 2248 3887 quam
2281 3824 2479 3871 vocant
2508 3815 2832 3885 Archangeli
2863 3813 3001 3879 aede,
3031 3814 3379 3868 verberatum

1802 3917 2094 3979 martyrem
2144 3907 2314 3962 fuisse
2369 3906 2470 3969 ais.
2522 3921 2685 3976 quem
2741 3903 3113 3975 implacabiles
3163 3905 3379 3975 quidem

1801 4003 2087 4057 eamilices
2135 4001 2547 4056 semimortuum
2592 3999 2971 4069 reliquerunt:
3004 3995 3204 4053 Christi
3255 4013 3383 4052 vero

1805 4097 2046 4150 imitator
2073 4095 2294 4165 quidem
2327 4094 2379 4147 in
2416 4093 2636 4148 domum
2665 4107 2818 4147 suam
2846 4106 2971 4145 eum
3007 4091 3252 4160 recepit:
3284 4091 3383 4146 ad-

1806 4201 2061 4258 motaque
2121 4190 2185 4242 ad
2237 4185 2526 4241 detinentis
2581 4184 2792 4238 cruoris
2843 4183 3143 4251 laceraeque
3201 4184 3384 4238 carnis

1805 4283 1991 4354 plagas
2039 4294 2233 4335 recens
2264 4278 2493 4348 jugulati
2535 4276 2658 4346 agni
2690 4275 2967 4345 pellicula,
3007 4275 3184 4330 virum
3233 4275 3382 4330 refo-

1807 4374 2012 4428 cillavit
2036 4390 2050 4436 ;
2083 4371 2396 4440 viribusque
2422 4369 2680 4440 paulatim
2709 4367 3047 4423 conﬁrmatis
3075 4369 3212 4422 clam
3247 4370 3385 4422 emi-

1807 4465 1896 4528 sit,
1929 4471 2195 4519 evocante
2243 4462 2518 4516 mandato.
2562 4460 2637 4514 lta
2665 4460 2841 4515 evasit
2869 4460 2960 4530 qui
2997 4460 3107 4529 jam
3137 4470 3383 4515 mortuus

1809 4568 1944 4619 erat,
2002 4565 2056 4610 et
2111 4554 2434 4608 mirabiliter
2500 4552 2696 4608 revixit
2753 4552 2821 4607 ad
2882 4553 3200 4607 orthodoxa:
3260 4552 3380 4607 fidei

1811 4646 2118 4716 praasidium
2172 4644 2615 4712 triumphumque
2660 4643 2728 4697 de
2773 4643 3066 4698 haereticis.
3106 4642 3249 4708 Quid
3299 4644 3387 4696 his

1812 4740 2034 4808 impium
2092 4737 2262 4807 magis
2317 4751 2439 4790 esse
2493 4735 2703 4804 possit?
2747 4735 2882 4801 Quis
2935 4735 3278 4790 orthodoan
3332 4736 3386 4788 in

1814 4831 2132 4884 luereticum
2159 4828 2285 4882 talia
2321 4843 2555 4897 unquam
2586 4828 2867 4882 exercuit?
2895 4827 3001 4883 Sed
3032 4838 3091 4882 ut
3132 4829 3260 4882 hinc
3289 4843 3386 4896 ap-

1813 4930 2029 4991 pareret
2051 4928 2251 4990 quanta
2291 4919 2360 4972 sit
2402 4917 2833 4974 Mcechianorum
2866 4919 3138 4988 impietas,
3183 4927 3232 4971 et
3265 4917 3389 4986 quis

1811 5013 1966 5081 cujus
2008 5011 2079 5066 sit
2110 5010 2451 5080 discipulus:
2484 5008 2687 5064 Christi
2734 5009 2993 5064 nimirum
3038 5009 3082 5063 is
3125 5011 3214 5079 qui
3262 5024 3389 5062 vero

1812 5105 1963 5164 bera,
2018 5112 2077 5156 ut
2121 5101 2391 5163 Christus.
2433 5101 2675 5170 pertulit,
2722 5101 2921 5156 diaboli
2968 5109 3148 5155 autem
3203 5101 3247 5156 is
3294 5102 3387 5170 qui

1812 5194 2140 5249 verberavit.
2176 5189 2266 5247 Sic
2293 5193 2578 5263 episcopos
2605 5193 2730 5247 inde
2753 5193 2917 5248 etiam
2946 5202 3222 5247 exterrere
3253 5195 3388 5255 vult,

1809 5300 1978 5354 seque
2018 5286 2195 5354 ipsum
2230 5283 2438 5337 ulcisci.
2477 5283 2607 5351 Ejus
2639 5291 2825 5351 partes
2869 5281 3160 5352 fugiamus,
3200 5280 3389 5341 frater,

1810 5377 1978 5445 priori
2027 5391 2148 5429 cum
2207 5375 2465 5430 omnibus
2527 5373 2631 5440 piis
2690 5372 3053 5427 adhaerentes.
3113 5371 3177 5424 Et
3245 5371 3388 5430 vide.

1812 5471 2058 5532 Domine,
2092 5470 2338 5533 Domine,
2387 5469 2730 5522 vexationem
2777 5469 2957 5529 istam,
3006 5477 3061 5520 et
3108 5481 3268 5536 parce
3295 5482 3392 5535 po-

1813 5565 1938 5635 pulo
1966 5575 2060 5618 tuo
2091 5581 2103 5615 :
2139 5571 2303 5617 recta:
2335 5562 2456 5617 ﬁdei
2493 5577 2680 5631 pacem
2717 5561 2772 5614 in
2819 5559 3068 5614 Ecclesia
3101 5574 3219 5628 qua:
3252 5560 3393 5626 apud

1812 5674 1911 5711 nos
1953 5669 2034 5710 est
2078 5672 2176 5726 pro
2225 5665 2314 5709 tua
2355 5663 2623 5725 potestate
2669 5652 3019 5707 confirmans.
3055 5652 3200 5704 Nihil
3248 5651 3392 5706 enim

1810 5751 1953 5804 aliud
1976 5751 2157 5805 dicere
2193 5763 2484 5817 possumus
2514 5747 2659 5800 circa
2684 5760 2747 5799 ea
2771 5761 2889 5814 qiue
2909 5745 3252 5815 impendent,
3281 5743 3388 5795 nisi

1814 5839 1959 5907 quod
2013 5839 2192 5892 omnia
2219 5838 2454 5892 libenter
2478 5850 2573 5901 pro
2605 5836 2725 5905 ejus
2753 5835 2972 5889 nomine
3005 5832 3364 5900 perferemus.

2946 5929 3021 5987 35
