3914 6440
536 371 665 435 1099

1713 372 1774 431 S.
1816 370 2215 436 THEODORI
2244 372 2589 433 STUDITAZ

3652 372 3768 435 1100

600 483 681 535 Tu
726 494 876 544 vero,
923 479 1016 543 illi,
1051 478 1391 543 charissime,
1448 479 1661 533 tametsi
1704 480 1830 534 alibi
1867 482 2103 536 custodi-

2280 483 2350 534 Σὺ
2378 482 2455 547 δὲ,
2475 476 2520 534 ὦ
2550 482 2742 536 τέκνον
2775 500 2876 552 μου
2893 482 3268 552 ἠγαπημένον,
3300 482 3347 534 εί
3373 481 3465 535 καὶ
3494 498 3771 553 μετεφρου-

534 573 626 636 ris,
690 582 750 627 ut
806 572 1041 637 indicas,
1100 570 1471 642 gaudc:quia
1523 572 1705 640 plures
1755 571 1849 625 tibi
1898 587 2113 626 corona:

534 672 814 721 texuntur.
852 662 918 718 Et
944 678 1254 732 quanquam
1284 662 1544 737 Leontius
1570 661 1870 732 discipulus
1895 663 2023 717 olim
2043 664 2109 726 7°,

535 771 682 811 nunc
710 766 958 826 negator,
995 755 1101 809 illis
1134 755 1319 825 praesit
1350 754 1505 821 locis,
1554 755 1605 808 in
1639 756 1838 824 quibus
1871 756 2115 810 inclusus

537 850 772 913 teneris;
804 850 941 904 nihil
972 850 1173 904 mirere
1209 867 1223 904 :
1254 850 1357 905 hoc
1390 849 1535 904 enim
1566 858 1778 918 tempus
1816 859 1898 904 est
1927 849 2114 919 longa-

536 942 802 997 nimitatis
854 941 968 1007 Dei,
1030 952 1089 996 ut
1138 950 1536 1013 cognoscantur
1595 941 1773 1006 electi,
1821 951 1876 996 et
1930 950 2115 1012 regnet

539 1033 682 1089 [llius
712 1033 910 1089 Tabeel
949 1036 1003 1087 in
1035 1033 1313 1089 Bethleem
1338 1034 1404 1087 τί.
1436 1034 1514 1088 De
1548 1048 1615 1088 eo
1645 1042 1828 1088 autem
1859 1034 1949 1103 qui
1982 1047 2115 1088 con-

539 1122 718 1181 fessus
749 1134 913 1181 estet
940 1141 1156 1196 pmnam
1190 1126 1503 1195 postulavit,
1540 1135 1685 1185 recte
1715 1127 1948 1197 irrogata
1986 1136 2069 1181 est
2101 1142 2113 1177 :

541 1217 749 1287 tibique
781 1218 1077 1281 assentior,
1115 1218 1222 1287 qui-
1239 1217 1439 1272 dixeris
1483 1219 1553 1283 ei,
1590 1219 1634 1273 si
1677 1219 1814 1273 nolit
1849 1218 1919 1273 ob
1946 1219 2116 1273 inter-

540 1308 713 1364 fectos
745 1308 932 1364 hostes
957 1324 1175 1379 poenam
1205 1310 1410 1374 subire,
1447 1325 1551 1366 nec
1577 1311 1644 1365 ab
1667 1311 1964 1366 occidendo
1992 1311 2116 1365 abs-

541 1401 713 1455 tineat
752 1417 766 1453 :
801 1410 854 1455 et
888 1416 989 1455 nos
1030 1401 1249 1470 quidem
1286 1410 1437 1456 extra
1491 1402 1758 1472 judicium
1802 1419 2009 1459 sumus.
2059 1402 2117 1456 Si

542 1508 675 1549 vero
708 1492 967 1549 Ecclesiae
996 1495 1302 1549 canonibus
1348 1494 1505 1549 subdi
1543 1496 1714 1560 malit,
1763 1496 1992 1549 duorum
2038 1495 2118 1548 al-

543 1596 720 1640 terum
757 1585 856 1654 ipsi
894 1585 1202 1656 eligendum
1252 1595 1363 1652 est;
1413 1596 1473 1641 ut
1514 1600 1606 1640 aut
1655 1587 1814 1641 laude
1856 1586 2119 1641 adiciatur

540 1679 687 1747 quod
716 1675 1079 1743 interfecerit,
1103 1687 1199 1733 aut
1236 1680 1353 1733 sine
1394 1693 1553 1747 poma
1586 1692 1697 1732 non
1738 1688 1975 1732 maneat.
2010 1675 2117 1730 Nc-

542 1786 650 1840 que
683 1777 863 1821 tamen
899 1766 1100 1821 idcirco
1127 1767 1279 1837 prius
1315 1768 1712 1837 repudiandum
1741 1776 1843 1829 est,
1870 1766 2116 1821 laudibus

548 1860 694 1915 enim
722 1859 869 1929 digni
899 1865 1047 1921 sunt,
1080 1866 1139 1912 ut
1161 1858 1236 1912 ait
1257 1859 1471 1914 divinus
1496 1859 1653 1915 Pater
1679 1860 1804 1914 :sed
1835 1859 2115 1913 subeunda

545 1962 631 2007 est
649 1952 815 2005 etiam
842 1950 948 2004 illis
969 1965 1130 2020 poena
1156 1968 1168 2003 :
1189 1950 1625 2020 quandoquidem
1650 1960 1704 2004 et
1726 1950 1815 2002 Dei
1844 1957 2118 2019 spectator

544 2044 674 2099 olim
712 2042 897 2097 Moses
919 2050 1299 2108 revertentem
1327 2057 1357 2095 a
1384 2042 1526 2096 bello
1552 2041 1966 2096 Madianitarum
1994 2057 2116 2095 cum

546 2137 773 2192 victoria
850 2134 1110 2206 populum
1173 2134 1334 2189 Israel
1397 2144 1605 2205 septem
1674 2134 1864 2189 diebus
1926 2136 2119 2191 castris

546 2230 800 2295 exclusit,
831 2244 860 2282 a
887 2229 996 2282 Deo
1026 2228 1170 2282 haud
1199 2227 1364 2282 dubie
1401 2236 1700 2297 permotus,
1742 2226 1819 2281 sic
1850 2226 2075 2295 loquens
2104 2245 2116 2281 :

546 2320 727 2377 Omnis
755 2321 844 2391 qui
888 2319 1136 2408 oc'ciderit
1176 2320 1458 2380 hominem,
1500 2320 1578 2371 vel
1604 2319 1829 2371 occisum
1873 2318 2119 2389 tetigerit,

548 2411 859 2464 lustrabitur
892 2409 977 2463 die
1014 2410 1168 2462 tertio
1217 2417 1264 2461 et
1306 2408 1550 2475 septimo,
1594 2424 1682 2460 vos
1719 2416 1765 2459 et
1811 2409 1989 2474 pra’da
2033 2424 2121 2461 ve-

546 2511 658 2556 stra
681 2501 750 2553 "'.
791 2498 947 2554 Unde
989 2499 1260 2552 excitatus
1300 2512 1419 2551 mea
1446 2496 1663 2566 quidem
1706 2496 1977 2549 sententia
2003 2508 2122 2549 ma—

549 2610 691 2665 gnus
724 2592 1043 2653 Basilius",
1083 2590 1169 2644 vel
1198 2589 1377 2659 potius
1406 2604 1435 2642 a
1478 2588 1587 2642 Deo
1626 2587 1857 2653 aﬂlatus,
1901 2587 2122 2643 triennii

548 2698 769 2756 ptenam
831 2682 1056 2753 irrogat,
1105 2689 1160 2734 et
1214 2680 1372 2735 docet
1424 2680 1885 2749 quemadmodum
1937 2680 1983 2733 is
2028 2679 2123 2748 qui

548 2778 755 2847 irrogat
782 2772 1081 2843 dispenset.
1109 2771 1444 2843 Contingens
1471 2772 1674 2842 quippe
1704 2779 1759 2826 et
1786 2786 1895 2826 non
1928 2785 2122 2826 neces-

549 2867 714 2931 saria,
748 2882 846 2935 pro
880 2865 959 2920 rei
995 2864 1259 2934 subjectae
1291 2865 1471 2927 modo,
1510 2864 1695 2918 talium
1726 2864 1985 2933 irrogatio
2018 2872 2119 2917 est.

554 2958 686 3014 Vale
731 2958 785 3013 in
846 2957 1099 3022 Domino,
1154 2957 1225 3010 ﬁli
1284 2956 1355 3010 mi
1415 2956 1815 3020 desiderabilis,
1882 2970 1981 3025 pro
2037 2968 2123 3009 mc

549 3058 807 3121 peccator
885 3049 1214 3119 deprecans,
1253 3057 1307 3103 et
1352 3063 1450 3117 pro
1477 3064 1541 3104 eo
1571 3047 1663 3116 qui
1698 3058 1748 3101 te
1790 3062 1895 3101 una
1929 3048 2125 3101 salutat

549 3143 751 3199 dilecto
773 3142 885 3198 tilio
914 3157 1057 3209 meo,
1095 3142 1262 3197 fratre
1291 3149 1474 3195 autem
1503 3151 1616 3204 tuo,
1649 3139 1930 3210 Gregorio.

961 3344 1071 3398 LII.
1102 3372 1170 3386 —
1192 3342 1436 3412 Philippo
1461 3344 1706 3397 diacono.

2216 575 2385 644 ρήθης
2419 574 2823 646 έτέρωθι,καθά
2852 576 3154 644 ὲσήμανας,
3176 577 3333 645 χαῖρε
3360 590 3377 605 ·
3407 574 3489 627 ὅτι
3518 576 3567 627 oi
3596 577 3772 643 στέφα·

2214 666 2293 719 νςί
2326 683 2419 719 σου
2449 668 2663 730 πλείους
2720 667 3035 720 πλέκονται.
3070 666 3178 719 Καὶ
3222 668 3271 718 εί
3332 667 3423 719 καὶ
3486 667 3727 729 Λεόντιος
3750 669 3775 719 6

2215 758 2346 812 ποτὲ
2383 760 2661 828 μαθητὴς,
2708 758 2804 811 νῦν
2852 759 2908 811 δὲ
2955 757 3222 828 ἁρνητὴς,
3260 756 3651 826 ἡγουμενεύσει
3679 758 3773 809 τῶν

2216 852 2273 902 ἐν
2296 848 2378 915 οἷς
2409 848 2459 904 εἷ
2485 851 2872 921 κεκλεισμένας
2893 891 2907 915 ,
2941 849 3015 920 μὴ
3055 849 3339 918 θαυμάσῃς
3359 865 3371 877 ·
3409 848 3601 917 καιρὸς
3632 852 3658 900 ὀ
3682 865 3774 900 πα·

2220 941 2327 1013 ρὼν
2355 942 2742 1011 μακροθυμίας
2768 941 2922 1003 Θεοῦ,
2945 942 3038 993 καὶ
3071 942 3220 1003 ὅπως
3243 942 3292 991 oi
3320 940 3534 1008 δόκιμοι
3558 941 3775 1008 φανῶσι,

2218 1035 2310 1087 καὶ
2339 1033 2423 1086 ἵνα
2448 1034 2584 1104 ἄρξῃ
2607 1036 2635 1086 6
2666 1035 2776 1096 υίὸς
2810 1033 3023 1103 Ταϐεὴλ
3065 1033 3164 1102 τῆς
3218 1032 3491 1103 Βηθλεέμ.
3525 1032 3659 1101 Περὶ
3694 1031 3778 1085 τοῦ

2219 1124 2678 1195 ὲξαγορεύσαντος
2702 1125 2792 1178 καὶ
2824 1124 3191 1194 αἰτησαμένου
3206 1124 3267 1176 τὸ
3282 1123 3583 1193 ἐπιτίμιον,
3616 1124 3779 1185 καλῶς

2219 1215 2429 1269 δέδοται
2456 1232 2471 1247 ·
2508 1216 2761 1285 σύμφημι
2785 1216 2843 1268 δέ
2874 1233 2955 1268 σοι
3002 1215 3208 1268 είπόντι
3252 1214 3421 1284 αὐτῷ,
3479 1216 3530 1267 εἰ
3562 1216 3637 1284 μὴ
3666 1214 3779 1267 δού-

2218 1307 2362 1361 λοιτο
2408 1307 2853 1376 ἐπιτιμιάζεσθαι
2903 1310 2960 1359 ὲν
3009 1306 3087 1377 τῷ
3131 1307 3341 1360 κτένειν
3376 1306 3631 1376 ἐχθροὺς,
3662 1306 3783 1377 μηδὲ

2218 1400 2539 1471 ἀφιστάσθω
2566 1398 2663 1452 τοῦ
2688 1399 2897 1453 κτένειν
2922 1415 2935 1429 ⁸
2965 1399 3057 1451 καὶ
3082 1399 3243 1468 ἡμεῖς
3262 1415 3327 1467 γε
3361 1399 3467 1463 ἔξω
3504 1399 3778 1468 κρίματος.

2219 1492 2282 1545 El
2318 1491 2373 1545 δὲ
2402 1492 2577 1544 ἕλοιτο
2606 1491 2930 1544 ὑποπίπτειν
2974 1492 3086 1553 τοῖς
3140 1493 3240 1561 τῆς
3279 1490 3607 1559 Ἐκκλησίας
3635 1490 3783 1542 κανό-

2220 1601 2325 1648 σιν,
2349 1582 2409 1635 ἒν
2440 1586 2554 1636 τοῖν
2609 1583 2752 1635 δυοῖν
2801 1582 3019 1653 αἱρετὸν
3053 1583 3242 1653 αὐτῷ’
3267 1582 3299 1653 ἢ
3328 1582 3573 1635 κτενόντι
3620 1584 3781 1634 ἐπιτι-

2223 1674 2450 1746 μᾶσθαι,
2480 1675 2513 1746 ἢ
2546 1675 2620 1746 μὴ
2648 1676 2829 1746 μένειν
2848 1674 3267 1744 ἀνεπιτίμητον.
3316 1675 3427 1728 Καὶ
3445 1675 3507 1726 οὐ
3524 1674 3613 1727 διά
3642 1673 3784 1726 τοῦτο

2218 1770 2277 1819 τὸ
2312 1767 2525 1838 πρῶτον
2581 1766 2894 1837 διαϐλητέον
2928 1784 2941 1797 ο
2975 1768 3212 1821 ἐπαίνων
3266 1768 3373 1837 γὰρ
3418 1768 3593 1833 ἄξιοι·
3635 1767 3708 1830 ὡς
3760 1767 3785 1818 6

2220 1860 2359 1923 θεῖός
2385 1876 2517 1929 φησι
2535 1861 2725 1929 Πατήρ
2748 1875 2760 1888 ’
2812 1860 2948 1913 ἀλλὰ
2992 1861 3226 1927 ληπτέον
3257 1862 3441 1921 αὐτοῖς
3470 1860 3571 1912 καλ⁸
3593 1860 3654 1913 τὸ
3682 1862 3784 1911 ἐπι-

2218 1955 2399 2024 τίμιον
2426 1973 2438 1987 ο
2464 1955 2587 2008 ὲπεὶ
2611 1954 2705 2009 καὶ
2732 1953 2901 2009 πάλαι
2944 1953 3152 2023 Μωσῆς
3174 1957 3202 2007 6
3237 1954 3475 2021 θεόπτης
3532 1953 3785 2022 ὑποστρέ-

2219 2044 2398 2114 ψαντα
2440 2044 2530 2097 τὸν
2595 2042 2808 2113 Ἰσραὴλ
2853 2045 2917 2095 ὲκ
2968 2042 3061 2095 τοῦ
3124 2043 3266 2096 κατὰ
3307 2042 3417 2096 τῶν
3450 2043 3785 2096 Μαδιανιτων

2221 2135 2457 2203 πολέμου
2485 2134 2621 2204 μετά
2650 2136 2828 2205 νίκης,
2862 2135 3109 2205 ἀφορίζει
3156 2134 3262 2199 ἔξω
3300 2136 3400 2205 τῆς
3444 2134 3785 2205 παρεμϐολῆς

2222 2228 2359 2289 ἑπτὰ
2387 2230 2625 2297 ἡμέρας,
2674 2230 2739 2281 ὲκ
2787 2227 2925 2281 Θεοῦ
2950 2227 3195 2297 δηλονότι
3245 2228 3595 2299 κινούμενος,
3628 2228 3787 2294 λέγιοεν

2221 2317 2414 2382 οὕτως·
2439 2316 2609 2384 Πᾶςό
2630 2317 2861 2372 ἀνελὼν
2892 2318 3125 2386 ψυχὴν,
3158 2318 3252 2371 καὶ
3305 2319 3649 2387 ἁπτόμενος
3696 2316 3787 2370 ut";

2221 2410 2611 2479 τετρωμένου,
2664 2410 3095 2478 ἁγνισθήσεται
3143 2408 3218 2478 τῇ
3252 2409 3441 2479 ἡμέρᾳ
3484 2409 3563 2477 τῇ
3613 2410 3785 2477 τρίτην

2223 2502 2321 2555 καὶ
2347 2500 2421 2569 τῇ
2451 2502 2642 2569 ἡμέρα
2658 2500 2731 2570 τῇ
2755 2501 2998 2571 ἐϐδόμῃ,
3022 2501 3193 2570 ὑμεῖς
3225 2502 3326 2554 καὶ
3359 2501 3397 2567 ἡ
3417 2501 3787 2570 αἱχμιιλωσίτι

2224 2592 2410 2661 ὑμῶν.
2452 2594 2615 2646 Ὅθεν
2652 2611 2741 2663 μοι
2772 2594 2920 2647 δοκεῖ
2950 2595 2978 2645 6
3023 2594 3197 2663 μέγας
3239 2593 3519 2656 Βασίλειος
3545 2594 3787 2662 ἀερορμηο

2226 2685 2358 2750 θεὶς,
2390 2684 2588 2754 μᾶλλον
2615 2684 2669 2736 δὲ
2707 2684 3109 2747 θεοπνευσθεὶς,
3133 2684 3319 2737 δίδωσι
3346 2683 3407 2735 τὸ
3427 2684 3529 2753 τῆς
3559 2684 3788 2751 τριετίας

2226 2775 2524 2846 ἐπιτίμιον,
2552 2776 2645 2827 καὶ
2672 2773 2745 2836 ὡς
2774 2774 2840 2827 ἂν
2873 2775 3206 2845 οἰκονομήση
3236 2776 3264 2827 6
3316 2774 3516 2837 διδούς.
3561 2773 3788 2840 Ἐνδεχο-

2228 2866 2363 2937 μένη
2387 2863 2496 2934 γὰρ
2521 2863 2614 2917 καὶ
2659 2864 2758 2923 οὐκ
2780 2865 3089 2933 ἀναγκαίως
3120 2865 3259 2918 κατὰ
3288 2865 3349 2917 τὸ
3382 2865 3638 2936 κείμενον
3666 2867 3789 2917 πᾶνα

2225 2975 2334 3021 τως
2363 2960 2396 3027 ή
2431 2956 2540 3009 τῶν
2574 2956 2833 3011 τοιούτων
2859 2958 3027 3022 δόσις.
3070 2957 3323 3031 Ἔρρωσο
3364 2959 3423 3011 ὲν
3474 2958 3687 3031 Κυρίῳ,
3716 2956 3789 3008 υἰέ

2230 3064 2331 3118 μου
2366 3047 2590 3117 ποθητὲ,
2623 3048 2916 3119 εὐχόμενος
2964 3049 3093 3119 περὶ
3117 3048 3252 3120 ἐμοῦ
3299 3048 3394 3103 τοῦ
3446 3046 3788 3119 ἀμαρτωλοῦ,

2147 3168 2190 3228 C
2226 3140 2319 3191 καὶ
2343 3137 2439 3191 τοῦ
2492 3140 3106 3211 συμπροσαγορεύοντός
3162 3158 3221 3194 σε
3272 3141 3559 3213 ἀγαπητοῦ
3609 3141 3788 3194 τέκνου

2226 3246 2348 3298 μου,
2389 3228 2482 3282 σοῦ
2517 3230 2572 3283 δὲ
2596 3230 2849 3298 ἀδελφοῦ,
2877 3232 3200 3303 Γρηγορίου.

2502 3340 2612 3394 NB.
2648 3372 2717 3382 —
2734 3342 3008 3407 Φιλίππῳ
3024 3344 3304 3410 Διακόνῳ.
3330 3342 3479 3417 [σν¹.]

553 3462 627 3511 ne
660 3466 774 3511 νοιο
793 3459 995 3522 puclla,
1025 3471 1136 3522 qua)
1156 3471 1336 3519 sponso
1361 3464 1631 3521 aegrotante
1657 3457 2231 3567 voveratlsetnzgtuﬁm
2253 3454 2681 3567 Christgt)‘,.'etiamsl
2700 3465 2915 3521 aegrotus
2933 3460 3322 3523 convalesceret,
3348 3471 3538 3526 postea,
3582 3466 3660 3515 ubi
3679 3478 3786 3516 con-

1825 3532 1864 3567 'a
1891 3532 1920 3567 u
1968 3556 1980 3567 .
2075 3532 2133 3567 ns
2176 3531 2272 3566 tum
2296 3532 2372 3566 mu
2448 3531 2518 3567 '1.

1825 3531 1980 3578 πειυιι,
2015 3531 2272 3567 consulum
2296 3531 2518 3568 ιηυιανιῐ.

627 3630 744 3684 Noli
777 3629 1111 3692 existimare,
1147 3629 1229 3683 vir
1258 3638 1463 3690 sancte,
1499 3641 1584 3680 me
1617 3626 1814 3679 ostium
1846 3626 2123 3694 pmniten-

553 3722 644 3775 tiae
674 3719 963 3783 claudere;
993 3717 1416 3773 Novatianorum
1444 3717 1589 3770 enim
1620 3717 1672 3770 id
1702 3716 1980 3786 proprium
2002 3726 2120 3781 est;

556 3812 652 3867 sed
685 3812 831 3865 nolle
866 3809 1072 3880 peccati
1104 3810 1302 3864 ostium
1338 3808 1547 3877 aperire
1571 3806 1894 3862 volentibus.
1925 3805 2123 3860 Annon

554 3903 701 3958 enim
765 3901 1033 3972 ejusmodi
1094 3909 1178 3954 est
1234 3902 1377 3969 quod
1426 3899 1700 3969 prioribus
1763 3898 1959 3952 litteris
2012 3897 2126 3951 tuis

555 3992 850 4049 indicasti?
876 3993 1113 4063 puellam
1133 4006 1253 4061 quae
1281 4004 1466 4045 vetum
1499 3999 1743 4055 voverat,
1772 4005 1851 4052 se,
1879 3988 2125 4058 quamvis

557 4098 795 4154 sponsus
834 4082 1266 4143 convalesceret,
1307 4079 1527 4137 Christo
1556 4089 1853 4150 nupturam
1883 4096 1898 4133 :
1927 4076 2125 4132 deinde

556 4183 843 4245 postquam
873 4187 905 4222 e
954 4170 1146 4225 morbo
1178 4169 1267 4224 ille
1296 4177 1382 4225 est
1427 4179 1725 4233 recreatus,
1768 4183 1894 4225 cum
1938 4181 2025 4229 eo,
2058 4165 2125 4220 ad

558 4260 877 4333 posterioris
928 4259 1116 4329 sponsi
1162 4267 1559 4328 contemptum,
1593 4258 1837 4327 copulari
1869 4258 2024 4323 velle,
2071 4266 2125 4312 et

554 4353 855 4407 remedium
886 4352 953 4406 ad
978 4351 1030 4406 id
1058 4365 1324 4420 quarere.
1348 4348 1675 4404 Rectissime
1707 4350 1872 4419 igitur
1898 4363 2124 4417 respou-

554 4447 737 4499 dimus
770 4443 902 4507 tibi;
936 4458 1039 4497 nec
1068 4443 1224 4496 aliter
1251 4441 1568 4511 responderi
1604 4449 1781 4511 potest
1803 4441 1873 4495 ab
1908 4454 1994 4503 eo,
2032 4439 2124 4507 qui

554 4552 619 4592 ea
662 4551 784 4605 qua:
824 4532 893 4589 ad
932 4530 1103 4587 Deum
1144 4542 1416 4603 spectant,
1457 4533 1776 4589 hontinibus
1808 4542 2121 4603 anteponat.

555 4628 689 4694 Quis
734 4626 884 4681 enim
929 4625 980 4680 ei
1024 4640 1243 4695 pinnam
1298 4626 1521 4696 irreget,
1576 4626 1668 4696 qui
1705 4627 1971 4691 nondum,
2015 4626 2123 4684 nisi

554 4719 856 4782 voluntate,
903 4715 1184 4786 peccavit?
1224 4716 1333 4769 Aut
1372 4716 1494 4785 quis
1534 4715 1777 4771 medicus
1817 4725 1944 4771 ante
1980 4732 2126 4770 mor-

555 4811 684 4865 bum
715 4808 1054 4863 curationem
1090 4808 1382 4874 adhibeat;
1407 4823 1472 4863 ac
1501 4824 1611 4863 non
1643 4808 1823 4879 potius
1866 4825 1897 4863 a
1936 4808 2125 4864 morbo

2294 3626 2384 3695 Μὴ
2412 3626 2524 3679 οἴου
2560 3642 2647 3695 με,
2684 3618 2727 3678 ὦ
2759 3624 2868 3696 ἱερὲ
2902 3625 3056 3699 ἄνερ,
3087 3624 3289 3680 κλείειν
3337 3629 3643 3701 τὴνοπύλην
3694 3632 3787 3700 τῆς

2227 3717 2553 3785 μετανοίας·
2614 3717 2975 3771 Ναυατιανῶν
3036 3716 3146 3789 γὰρ
3197 3718 3258 3772 τὸ
3294 3718 3484 3789 ἔργονο
3533 3723 3667 3777 ἀλλὰ
3713 3723 3785 3793 μὴ

2227 3807 2512 3878 βούλεσθαι
2540 3809 2782 3877 ἀνοίγειν
2809 3809 2979 3881 θύραν
3006 3811 3105 3881 τῆς
3150 3811 3427 3883 ἁμαρτίας
3465 3818 3577 3878 τοῖς
3610 3815 3787 3887 βουλο-

2226 3901 2431 3971 μένοις.
2476 3902 2546 3953 Ἢ
2579 3901 2687 3971 γὰρ
2713 3902 2833 3972 οὐχὶ
2880 3902 3122 3957 τοιοῦτον
3173 3904 3310 3974 ὅπερ
3343 3904 3432 3959 διά
3464 3906 3574 3961 τῶν
3600 3906 3783 3978 προτέ-

2226 4008 2334 4062 ρων
2388 4008 2485 4045 σου
2511 3993 2857 4063 γραμμάτων
2899 3994 3245 4065 δεδήλωκας;
3304 3996 3364 4048 τὸ
3418 3997 3519 4068 τὴν
3576 3999 3783 4053 νεάνιδα

2224 4082 2527 4155 εύξαμένην
2553 4085 2737 4155 εὐχὴν,
2795 4088 2842 4139 εἰ
2894 4087 2988 4141 καὶ
3020 4088 3400 4161 ἀναῤῥωσθείη
3433 4092 3461 4142 6
3516 4097 3781 4162 μνήστωρ,

2224 4176 2602 4246 νυμφευθῆναι
2646 4178 2869 4249 Χριστῷ
2903 4194 2918 4207 ⁸
2949 4175 3070 4234 εἷτα
3095 4181 3284 4254 ἐπειδὴ
3316 4183 3620 4251 ἀνέσφηλεν
3650 4188 3785 4239 έκεῖ-

2224 4285 2335 4332 νος,
2372 4268 2665 4322 ἐθέλουσαν
2708 4269 2857 4341 αὐτῷ
2884 4272 3243 4344 συναφθῆναι,
3276 4274 3366 4328 ἐπ’
3414 4276 3665 4348 ἀθετήσει
3693 4276 3784 4330 τοῦ

2223 4359 2508 4429 δευτέρου,
2539 4361 2730 4430 ζητεῖν
2773 4363 2910 4433 πρὸς
2932 4364 3091 4417 τοῦτο
3118 4366 3278 4436 ταμα.
3304 4366 3584 4421 Κάλλιστα
3616 4368 3786 4422 τοίνυν

2226 4450 2609 4521 ἀπεκρίθημέν
2635 4468 2751 4505 σοι·
2781 4454 2878 4507 καὶ
2909 4454 3007 4525 οὐχ
3036 4448 3149 4508 οἶόν
3181 4473 3240 4510 τε
3268 4457 3446 4520 ἄλλως
3481 4458 3784 4512 ἀποδιδόναι

2223 4539 2399 4608 λόγον,
2428 4541 2517 4594 τὸν
2549 4540 2853 4612 ἀνθρώπων
2880 4544 2950 4600 τὰ
2980 4543 3116 4598 Θεοῦ
3150 4548 3537 4619 προκρίνοντα.
3564 4547 3657 4611 Τίς
3684 4546 3785 4617 γὰρ

2226 4630 2293 4684 ἂν
2317 4632 2411 4684 καὶ
2438 4631 2552 4703 δοίη
2583 4633 2859 4703 ἐπιτίμιον
2888 4634 2966 4705 τῷ
3009 4634 3175 4707 μήπω
3238 4640 3605 4711 ἡμαρτηκότι,
3655 4639 3787 4709 πλὴν

2225 4721 2320 4774 τοῦ
2362 4721 2688 4791 βούλεσθαι;
2724 4726 2793 4779 Ἥ
2822 4727 2903 4790 τίς
2941 4728 3125 4799 ἰατρὸς
3161 4730 3266 4802 πρὸ
3301 4732 3459 4786 νόσου
3510 4736 3679 4803 porci.
3701 4734 3786 4785 καὶ

2225 4813 2348 4881 οὐχὶ
2384 4813 2586 4884 μᾶλλον
2626 4815 2803 4886 εἴργει
2838 4816 2915 4888 μὴ
2976 4819 3299 4891 νοσηλεῦσαι
3339 4821 3433 4875 τὸν
3498 4824 3590 4875 ἐπὶ
3638 4821 3786 4875 τοῦτο

554 4907 741 4958 arceat
788 4914 912 4953 eum
955 4898 1047 4967 qui
1097 4912 1164 4952 eo
1203 4912 1365 4952 ruere
1412 4898 1701 4953 videbatur
1721 4898 1802 4953 ⁷δῖ
1841 4897 2119 4953 Medicina:

2228 4903 2494 4970 ῥέποντα;
2528 4906 2635 4958 Καί
2665 4921 2729 4973 γε
2766 4907 3008 4977 ἰατρείας
3035 4910 3182 4979 ὄρος,
3210 4910 3243 4981 ἢ
3292 4910 3391 4981 τὴν
3449 4911 3786 4981 ὑπάρχουσαν

557 4993 824 5064 siquidem
874 5006 1075 5047 munus
1120 4999 1226 5054 est,
1274 4997 1369 5044 aut
1418 5003 1742 5059 praesentem
1792 5003 2119 5043 conservare

557 5086 867 5149 sanitatem,
894 5095 991 5140 aut
1022 5083 1301 5138 absentem
1342 5096 1616 5136 revocare.
1653 5081 1961 5135 Absurdum
1996 5094 2124 5135 vero

557 5186 660 5244 est,
686 5178 926 5247 ignosce,
952 5176 1202 5230 morbum
1232 5172 1324 5242 qui
1350 5188 1459 5227 non
1499 5176 1588 5236 sit,
1621 5172 1716 5227 sed
1748 5172 1929 5226 animo
1953 5171 2125 5242 tinga-

560 5280 669 5335 tur,
710 5279 965 5340 tanquam
997 5268 1041 5324 si
1092 5283 1284 5323 revera
1326 5275 1494 5334 esset,
1522 5282 1714 5321 curare
1744 5284 1756 5319 :
1789 5281 1891 5321 nec
1930 5265 2125 5321 tnedici

558 5360 613 5415 id
642 5376 800 5431 opus,
827 5360 922 5415 sed
945 5359 1299 5425 cadaverarii,
1329 5360 1385 5412 in
1414 5363 1661 5412 morbum
1692 5359 1868 5428 ipsum
1898 5358 1951 5412 id
1979 5358 2125 5427 quod

561 5452 748 5507 morbo
777 5452 1035 5506 intactum
1059 5450 1239 5505 adhuc
1260 5459 1345 5505 est
1370 5448 1647 5518 impellere
1671 5449 1963 5503 molientis.
1992 5448 2120 5503 Tale

560 5556 781 5611 prorsus
818 5542 1011 5612 puellae
1036 5541 1314 5613 negotium
1353 5538 1653 5594 existimes.
1694 5537 1937 5594 Necdum
1970 5538 2110 5606 dico,

629 5722 673 5752 ⁷⁰
698 5719 828 5793 ωε
850 5734 1041 5793 supra,
1072 5719 1413 5793 epist.43ret
1438 5721 1600 5793 infra,
1637 5722 1732 5775 lib.
1760 5737 1823 5793 ll,
1852 5721 2015 5790 epist.
2044 5720 2104 5775 51

2224 5722 2254 5753 ’³
2282 5722 2387 5780 lsa.
2424 5740 2523 5793 vn,
2558 5723 2611 5779 6.

562 5790 931 5861 Ampliilocb.,
956 5806 1079 5847 can.
1110 5792 1165 5858 8,
1200 5792 1295 5857 11,
1332 5792 1414 5847 l3.
1492 5794 1536 5824 ⁷⁵
1559 5791 1724 5849 Conc.
1756 5792 1921 5848 Ncoc.
1950 5807 2072 5849 can.
2132 5792 2187 5847 4.

2229 4993 2441 5060 ὑγίειαν
2467 4994 2853 5065 περιφυλάξαι,
2881 4997 2913 5068 ἢ
2939 5000 3038 5070 τὴν
3065 5000 3313 5054 ἀποῦσαν
3338 5001 3784 5061 ἀνακαλέσασθαι.

2233 5085 2463 5153 Ἀλογον
2492 5087 2569 5152 δὲ,
2602 5087 2901 5157 σύγγνωθι,
2936 5090 2999 5144 τὸ
3037 5091 3111 5161 μὴ
3158 5091 3258 5162 ἠδη
3309 5092 3617 5163 παροῦσαν,
3661 5092 3787 5148 ἀλλά

2235 5174 2643 5247 μελετωμένην,
2675 5179 2944 5249 ίατρεύειν
2972 5181 3048 5244 ὡς
3100 5176 3293 5254 οὖσαν·
3337 5182 3400 5235 οὐ
3433 5184 3544 5254 γὰρ
3594 5181 3783 5252 ἰατροῦ,

2233 5264 2372 5320 ἀλλὰ
2400 5268 2787 5336 πτωματιστοῦ
2819 5270 2882 5323 τὸ
2906 5270 3111 5341 δρᾶμα,
3141 5252 3524 5341 ὑφελκομένουή
3560 5288 3786 5341 προσεμ-

2237 5357 2480 5427 παρῆναι
2511 5359 2591 5422 είς
2619 5361 2789 5425 πάθος
2835 5361 2965 5415 αὐτὸ
3021 5363 3081 5415 τὸ
3134 5362 3213 5416 ἔτι
3257 5363 3493 5425 ἀπαθές.
3545 5360 3786 5415 Τοιοῦτον

2226 5450 2338 5502 οἵου
2370 5451 2463 5504 καὶ
2492 5452 2677 5522 τὸτῆς
2729 5455 2942 5517 παιδός.
3003 5456 3115 5510 Kal.
3156 5452 3307 5508 οὔπω
3353 5454 3520 5523 λέγω,
3576 5455 3657 5508 ὅτι
3705 5453 3786 5505 καὶ

2223 5543 2283 5595 τὸ
2334 5544 2543 5611 ἀγαθόν
2573 5562 2625 5599 τι
2665 5546 3035 5619 ἐνθυμηθῆναὶ
3067 5565 3189 5603 τινα
3210 5586 3225 5614 ,
3269 5548 3343 5620 μὴ
3367 5548 3528 5602 τοῦτο
3563 5548 3646 5613 είς
3696 5543 3784 5599 πέ-

2729 5726 2772 5757 ⁷³
2792 5722 2952 5781 Num.
2983 5740 3132 5797 xm,
3180 5726 3266 5783 15.
3365 5729 3409 5762 ⁷³
3431 5727 3492 5784 ln
3525 5726 3690 5800 Epist.
3718 5726 3776 5780 τά
