3914 6478
170 451 314 515 1101

1403 445 1945 510 EPlSTOLARUM
1974 443 2122 502 LIB.
2169 440 2218 500 Ῑ.

3304 439 3437 503 1102

165 585 274 635 ρας
330 567 558 634 ἄγοντα.
592 566 812 635 ὑφέξειν
869 567 1065 638 κρῖμα,
1094 563 1238 619 καθὰ
1261 565 1288 616 ὁ
1320 563 1460 628 θεῖος
1489 564 1763 626 Βασίλειος

1870 559 2030 613 etiam
2070 572 2218 622 eum,
2262 556 2353 624 qui
2388 555 2515 609 boni
2562 555 2764 625 aliquid
2797 555 3067 626 cogitarit,
3112 555 3155 611 si
3191 559 3258 610 ad
3301 557 3436 610 effe-

158 659 484 729 διωρίσατο.

257 829 527 884 Ἐνταῦθα
574 830 630 882 δὲ
657 831 817 884 οἱονεὶ
847 831 938 884 καὶ
989 831 1149 900 ἔργον
1179 829 1456 901 προῦθηκε
1510 830 1570 882 τὸ
1632 829 1756 899 βου-

164 923 364 976 λευθέν
390 925 477 977 διὰ
497 923 599 992 τῆς
614 925 886 994 αἰτήσεως
899 925 991 976 καὶ
1011 923 1164 984 θείας
1200 923 1526 988 συντάξεως.
1542 923 1752 976 Φείδοι-

168 1016 270 1068 σθε
327 1017 442 1081 οῦν,
478 1010 523 1070 ὦ
553 1015 888 1086 φιλούμενοι,
933 1017 1004 1070 τὰ
1029 1017 1256 1070 τοιαῦτα
1289 1016 1508 1081 παίζειν
1545 1032 1558 1046 ⁸
1587 1015 1755 1070 ἀκού-

165 1127 328 1173 οντες
353 1109 446 1162 τοῦ
476 1109 728 1178 λέγοντος
756 1127 769 1140 ·
813 1110 1067 1179 Ἀγαθὸν
1089 1110 1176 1179 μὴ
1200 1110 1513 1174 εὔξασθαι,
1571 1108 1610 1177 ἢ
1653 1109 1753 1163 εὔ-

165 1201 399 1266 ξασθαι
434 1201 529 1254 καὶ
552 1202 639 1270 μὴ
673 1201 1024 1258 ἀποδοῦναι.
1054 1232 1123 1242 ——
1161 1202 1310 1270 Οὐχὶ
1335 1204 1525 1272 μένον
1579 1201 1756 1272 ἔμενέ

163 1311 295 1358 σοι,
323 1295 491 1364 φησί;
546 1295 606 1347 Τί
633 1293 721 1347 ὅτι
753 1294 994 1362 ἐψεύσω
1028 1293 1111 1359 τῷ
1140 1294 1439 1363 Πνεύματι
1469 1292 1549 1359 τῷ
1573 1294 1754 1363 ἀγίῳ;

164 1387 287 1439 Καὶ
315 1385 376 1436 τὸ
411 1382 538 1452 ἐξῆς
563 1385 797 1455 πάρειμι
831 1384 918 1436 διά
945 1383 1006 1436 τὸ
1040 1383 1346 1454 δύσφημον.
1377 1385 1485 1438 Καὶ
1539 1383 1639 1454 οὐχ
1670 1383 1754 1436 ὅτι

162 1477 668 1547 καταφρονητικῶς
697 1476 805 1547 ἔχω
835 1477 934 1547 τῆς
964 1477 1152 1539 παιδός
1184 1493 1199 1508 ⁸
1234 1477 1488 1546 φείδομαι
1518 1478 1626 1548 γὰρ
1655 1478 1754 1530 αὐ-

163 1570 297 1638 τῆς,
334 1570 409 1631 ώς
440 1571 540 1638 τῆς
570 1568 742 1638 κόρης
777 1585 880 1638 μου
912 1567 1007 1621 τοῦ
1048 1567 1328 1639 ὀφθαλμοῦ
1351 1584 1365 1598 ·
1396 1570 1488 1622 καὶ
1531 1569 1597 1622 δι’
1626 1570 1754 1621 ἐαυ-

163 1661 274 1730 τὴν
304 1660 603 1729 ἐφιεμένην
641 1661 705 1712 ἐκ
735 1659 832 1729 τῆς
858 1659 1137 1721 εὐτελείας
1170 1677 1270 1730 μου
1304 1659 1704 1731 θεραπεύεσθαι
1737 1678 1751 1691 ·

164 1752 271 1804 καὶ
309 1752 401 1804 διὰ
436 1751 535 1822 τὴν
577 1752 774 1822 κυρίαν
804 1751 904 1823 τὴν
952 1752 1188 1822 μητέρα,
1224 1753 1292 1823 ἢν
1331 1753 1474 1807 σέϐω
1509 1754 1602 1808 καὶ
1657 1771 1756 1807 πε-

167 1847 377 1914 ριέπω,
408 1843 484 1906 ὡς
511 1842 611 1916 τὴν
640 1844 780 1914 ἐμὴν
811 1845 962 1898 ὁσίαν
996 1845 1211 1915 μητέρα
1231 1862 1244 1876 ο
1302 1844 1437 1898 ἀλλὰ
1489 1847 1550 1898 τὸ
1583 1847 1754 1916 κρῖμα

1864 663 2013 709 ctum
2069 669 2180 706 non
2234 652 2534 721 perducat,
2588 651 2799 720 judicio
2843 666 3036 720 ptenas
3091 650 3434 713 subiturum,

1861 744 2319 817 quemadmodum
2358 758 2387 796 a
2421 743 2605 797 divino
2630 741 2829 797 Basilio
2859 749 2943 796 est
2969 741 3278 796 definitum.

1936 837 2036 890 llic
2093 850 2226 889 vero
2274 835 2437 888 etiam
2498 847 2635 902 opus
2685 833 3087 900 quodammodo
3137 834 3435 901 processit,

1865 929 2229 984 deliberatum
2279 941 2376 996 per
2404 925 2824 996 postulationem
2872 926 3226 994 divinumque
3273 941 3437 994 spon-

1864 1022 2096 1076 sionem.
2130 1020 2342 1075 Parcite
2387 1019 2574 1089 igitur,
2622 1017 2982 1084 dilectissimi,
3029 1019 3083 1071 in
3137 1019 3297 1072 rebus
3341 1019 3443 1072 bu-

1861 1114 2100 1186 jusmodi
2137 1115 2327 1169 ludere
2357 1131 2370 1166 :
2401 1112 2688 1167 audientes
2720 1112 2870 1165 illum
2907 1114 3001 1182 qui
3037 1113 3171 1167 dicit
3204 1132 3215 1166 :
3251 1111 3440 1166 Melius

1865 1216 1940 1261 est
1972 1223 2075 1259 non
2104 1221 2304 1267 vovere,
2338 1221 2497 1274 quam
2536 1213 2648 1273 post
2678 1212 2853 1256 votum
2883 1204 3143 1270 promissu
3186 1220 3286 1256 non
3323 1205 3441 1256 red-

1862 1303 1983 1355 dere
2034 1301 2099 1353 ”.
2131 1328 2198 1339 —-—
2233 1296 2421 1350 Nonne
2473 1312 2691 1348 manens
2744 1295 2837 1348 tibi
2889 1295 3171 1360 manebat,
3232 1295 3444 1363 inquit?

1863 1408 2026 1463 quare
2059 1393 2304 1445 mentitus
2335 1405 2386 1442 es
2414 1387 2638 1456 Spiritui
2663 1386 2946 1440 sancto”?
2979 1385 3042 1440 Et
3076 1387 3219 1455 quod
3255 1387 3440 1454 sequi-

1864 1491 1971 1549 tur,
2011 1481 2258 1536 horroris
2297 1493 2458 1533 causa
2500 1477 2874 1547 praetermitto.
2920 1475 3107 1544 Neque
3153 1477 3266 1530 haec
3297 1475 3440 1536 dico,

1863 1573 2009 1644 quod
2041 1572 2278 1643 puellam
2307 1584 2600 1640 asperner;
2633 1583 2798 1638 parco
2831 1567 2976 1622 enim
3010 1567 3105 1632 illi,
3137 1577 3194 1621 ut
3225 1567 3441 1636 pupilla:

1863 1667 2006 1723 oculi
2057 1666 2163 1720 mei
2199 1684 2212 1720 :
2248 1674 2364 1718 tum
2397 1665 2568 1732 ipsrus
2607 1677 2790 1726 causa,
2823 1677 2947 1716 cum
2990 1678 3019 1715 a
3065 1662 3441 1716 mediocritate

1862 1774 1982 1812 mea
2016 1765 2239 1825 exoptet
2273 1753 2598 1819 remedium,
2632 1763 2744 1808 tum
2785 1753 3025 1806 Dominm
3059 1753 3248 1806 matris
3277 1768 3438 1822 quam

1863 1866 2097 1907 veneror
2123 1858 2178 1904 et
2207 1848 2327 1903 colo
2354 1858 2610 1916 tanquam
2652 1855 2894 1900 sanctam
2936 1855 3166 1900 matrem
3211 1861 3387 1899 meam
3425 1866 3436 1897 :

162 1934 466 2001 δεδοικὼς,
512 1934 877 2005 ὃπαρασταίη
909 1934 967 1986 ἐν
1021 1935 1204 2005 ἡμέρα
1267 1935 1502 2005 κρίσεως
1552 1937 1763 2006 ἑκάστῳ

1870 1943 1962 1996 sed
1992 1939 2256 2011 judicium
2301 1938 2687 2001 reformidans,
2723 1937 2864 2006 quod
2916 1937 2971 1990 in
3007 1938 3094 1991 die
3122 1937 3306 2007 judicii
3355 1953 3442 2006 pa-

164 2029 252 2100 τῷ
300 2046 360 2082 τε
385 2028 660 2100 ἐρωτῶντι
725 2029 820 2080 καὶ
872 2027 950 2098 τῷ
1019 2027 1434 2098 ἀποκρινομένῳ
1486 2029 1602 2090 ’ὡς
1670 2030 1763 2081 ἐκ-

1870 2042 2042 2086 ratum
2072 2041 2155 2086 est
2187 2031 2482 2100 unicuique
2506 2040 2560 2084 et
2589 2029 2948 2101 interroganti
2974 2038 3028 2084 et
3052 2030 3438 2099 respondenti;

167 2121 442 2191 φευκτέον
478 2121 643 2191 μέχρι
673 2120 766 2172 καὶ
796 2118 966 2190 ἀργοῦ
1022 2118 1118 2172 τοῦ
1180 2120 1438 2189 τυχόντος
1495 2123 1763 2192 ῥήματος,

177 2215 260 2286 μὴ
311 2213 508 2267 δώσειν
538 2213 684 2284 ἡμᾶς
714 2211 872 2279 λόγον
905 2211 984 2282 τῷ
1013 2211 1296 2282 ἀδεκάστῳ
1319 2216 1507 2284 κριτῇ.
1554 2214 1616 2266 Et
1663 2214 1762 2284 μὲν

165 2302 268 2358 οὖν
300 2305 470 2374 μήπω
500 2303 754 2366 ἔζευκται
784 2303 816 2370 ἡ
851 2302 1030 2365 νεᾶνις
1056 2342 1070 2365 ,
1113 2305 1143 2356 ό
1185 2303 1348 2366 αὐτὸς
1389 2304 1519 2372 ἡμῖν
1576 2304 1757 2372 λόγος,

167 2397 270 2450 καὶ
293 2396 397 2449 ούκ
431 2395 592 2456 ἄλλος
637 2392 879 2447 ἐναντίον
909 2392 1046 2446 Θεοῦ
1083 2396 1177 2447 καὶ
1207 2393 1509 2465 ἀνθρώπων
1542 2412 1556 2426 ν
1580 2395 1637 2448 ὂν
1667 2397 1760 2448 καὶ

170 2492 322 2560 ὑμᾶς
352 2486 701 2542 εὐλαϐεῖσθαι
730 2485 928 2556 χρεών.
979 2486 1042 2538 Εἰ
1077 2486 1135 2538 δὲ
1206 2487 1588 2552 συνέζευκται,
1649 2488 1753 2558 φεῦ

169 2581 273 2652 τῆς
305 2580 447 2650 ἐμῆς
478 2579 858 2650 ταλαιπωρίας
890 2578 904 2632 ι
936 2576 1234 2649 δηλωτέον,
1269 2580 1364 2631 καὶ
1412 2581 1534 2634 τότε
1586 2579 1757 2634 δώσο-

1860 2126 2005 2195 quod
2055 2139 2157 2178 nec
2201 2123 2581 2194 subterfugere
2625 2123 2774 2186 licet,
2822 2123 3113 2191 quominus
3163 2137 3333 2192 usque
3373 2125 3440 2178 ad

1860 2220 2140 2290 quodlibet
2193 2219 2420 2274 verbum
2480 2218 2716 2272 otiosum
2786 2218 3054 2272 rationem
3122 2218 3440 2289 incorrupto

1857 2313 2029 2382 judici
2065 2313 2448 2367 reddamus".
2483 2311 2686 2375 Quare,
2734 2311 2778 2365 si
2824 2311 3003 2380 puella
3042 2311 3286 2364 nondum
3327 2327 3440 2364 ma-

1863 2401 2122 2456 trimonio
2155 2411 2237 2457 est
2261 2402 2576 2471 conjuncta,
2619 2402 2724 2455 boc
2761 2402 2938 2471 ipsum
2973 2401 3205 2456 dicimus
3241 2411 3295 2456 ct
3327 2417 3439 2455 non

1865 2495 2013 2549 aliud
2053 2509 2237 2548 coram
2272 2494 2382 2547 Deo
2429 2504 2483 2546 ct
2517 2493 2853 2560 hominibus,
2890 2493 3033 2562 quod
3070 2502 3124 2548 et
3167 2509 3264 2548 vos
3299 2493 3439 2563 ωηυί

1863 2586 2109 2656 bonique
2150 2585 2440 2640 consulere
2490 2594 2726 2654 oportet.
2781 2583 2876 2638 Sin
2927 2594 3107 2639 autem
3152 2584 3264 2654 jam
3304 2599 3440 2638 ροη-

175 2691 278 2744 μεν
313 2673 377 2725 τὸ
408 2671 685 2741 ἐπιτίμιον
714 2688 728 2701 ’
763 2670 918 2724 οὐδὲν
941 2671 1050 2740 γὰρ
1084 2669 1461 2742 ἀθεράπευτον
1509 2676 1621 2737 τοῖς
1679 2677 1760 2728 ία-

1870 2681 2048 2747 iuncta
2087 2685 2192 2742 est,
2247 2694 2281 2732 ο
2333 2677 2710 2732 infelicitatem
2759 2681 2969 2732 meam!
3021 2677 3439 2747 significandum

172 2768 338 2837 θῆναι
369 2766 735 2836 βουλομένοις.

175 2967 303 3023 NI".
333 2999 403 3008 —
423 2969 707 3040 Στεφάνῳ
735 2971 1120 3039 ἀναγνώστῃ,
1152 2971 1249 3025 καὶ
1285 2971 1410 3037 τοῖς
1433 2971 1554 3023 σὺν
1575 2968 1753 3036 αὐτῷ.

879 3063 1062 3136 [σνθ’.]

1865 2779 1968 2830 cst.
2001 2778 2055 2823 et
2085 2778 2214 2823 tunc
2244 2784 2459 2837 poenam
2507 2770 2858 2840 iujungemus
2891 2788 2903 2820 :
2937 2769 3074 2823 nihil
3115 2770 3261 2824 enim
3295 2771 3442 2824 insa-

1872 2862 2054 2915 nabile
2085 2871 2168 2915 est
2206 2861 2272 2916 iis
2295 2860 2389 2930 qui
2423 2862 2602 2915 sanari
2635 2863 2845 2918 volunt.

1976 2973 2104 3031 LIII.
2138 3008 2206 3018 —
2235 2975 2501 3046 Stephano
2542 2977 2742 3041 lectori,
2777 2986 2826 3030 et
2857 2978 2924 3029 iis
2954 2979 3038 3030 cui
3079 2994 3195 3030 cum
3223 2978 3334 3032 illo.

927 3177 1024 3228 Cur
1045 3191 1069 3224 a
1095 3175 1281 3226 Tarasii
1304 3178 1647 3225 communione
1673 3174 1982 3225 abstinuerit.
2017 3175 2217 3235 (Baron.
2245 3187 2324 3223 an.
2349 3173 2459 3233 809,
2488 3188 2537 3221 η.
2572 3175 2672 3235 43.)

252 3289 569 3358 Γράμματα
596 3285 866 3356 ἐδεξάμην
918 3285 1019 3356 τῆς
1081 3285 1336 3354 θεοζήλου
1371 3286 1592 3355 ἀγάπης
1631 3301 1724 3337 σου
1749 3297 1763 3311 ⁸

1941 3284 2137 3352 Accepi
2187 3283 2396 3338 litteras
2431 3283 2598 3336 Deum
2639 3282 2946 3337 :emulantis
2979 3282 3264 3340 charitatis
3298 3294 3400 3339 tuae
3429 3304 3440 3338 :

175 3385 248 3454 τῇ
287 3383 387 3452 μὲν
412 3381 693 3450 ἐπιγραφῇ
726 3379 785 3444 ἐξ
817 3378 934 3441 ἐνὸς
959 3417 975 3443 ,
1007 3380 1073 3448 τῇ
1105 3377 1161 3430 δὲ
1190 3377 1418 3446 δυνάμει
1467 3379 1531 3428 ἐκ
1581 3376 1766 3443 διαφό-

179 3491 297 3546 ρων
328 3471 640 3541 προσώπων
687 3469 1088 3539 ἐπεσταλμένα.
1149 3471 1273 3524 Εἴτε
1322 3469 1452 3537 γοῦν
1503 3469 1561 3535 ἐξ
1624 3469 1762 3531 ἐνὸς,

180 3569 298 3620 εἴτε
337 3567 404 3618 ἐκ
436 3563 717 3630 πλειόνων,
769 3561 1052 3632 ὀφειλέτης
1102 3563 1214 3630 εἰμὶ
1274 3559 1591 3631 ἐρωτηθεὶς,
1644 3556 1767 3611 καθ’

179 3662 310 3714 ὅσον
335 3653 449 3711 οἷόν
480 3675 538 3710 τε
566 3659 631 3727 τῇ
683 3656 895 3726 ἀμαθίᾳ
929 3672 1059 3724 μου,
1096 3653 1375 3721 ἀξιόλογον
1403 3651 1503 3722 τὴν
1536 3651 1768 3721 ἀπόκρι-

185 3769 276 3806 σιν
307 3750 631 3805 ἁποδοῦναι.
683 3749 886 3802 Ἐκεῖνο
922 3747 979 3800 δέ
1015 3763 1106 3817 μοι
1139 3746 1376 3816 πρῶτον,
1407 3746 1487 3797 ὅτι
1522 3737 1597 3797 ὧν
1627 3760 1763 3796 κατ-

181 3843 476 3914 επᾳδόμην
541 3841 694 3912 παρὰ
739 3840 838 3911 τῆς
894 3839 1277 3909 πολυυμνήτου
1337 3836 1582 3906 γλώττης
1648 3853 1766 3899 σου,

182 3939 336 4004 ξένος
371 3937 485 4006 ἐγὼ
517 3936 756 3991 ἐπαίνων
786 3933 1112 4005 ἁμαρτωλὸς
1148 3934 1432 4004 ὑπάρχων,
1471 3933 1564 3986 καὶ
1594 3931 1766 3996 ἀκατέ

179 4034 429 4106 ὀρθωτον
483 4032 574 4084 τὸν
602 4031 716 4102 βίον
748 4029 1109 4100 κεκτημένος.
1139 4027 1276 4081 Είδέ
1314 4045 1367 4080 τι
1397 4027 1608 4096 γέγονε,
1631 4025 1767 4079 Θεοῦ

179 4129 242 4180 τὸ
271 4125 468 4194 δῶρον,
492 4123 580 4178 διὰ
634 4124 732 4194 μὲν
759 4126 859 4193 τῆς
924 4121 1019 4174 τοῦ
1073 4119 1436 4190 γεννήσαντάς
1488 4136 1555 4188 με
1609 4116 1771 4170 πνεύ-

183 4236 315 4289 ματι
351 4216 568 4288 [ἰατρὸς
603 4216 1028 4287 κεχαρισμένον,
1086 4213 1155 4267 δι’
1189 4212 1344 4283 ὑμῶν
1380 4211 1437 4264 δὲ
1501 4210 1610 4262 τῶν
1670 4210 1768 4279 τῆς

182 4310 473 4373 εύσεὸείας
504 4309 751 4381 ἐραστῶν
783 4309 1061 4378 ἱκετηρίας
1092 4307 1226 4378 πρὸς
1284 4307 1345 4358 τὸ
1407 4304 1534 4374 ἑξῆς
1592 4303 1766 4373 φυλα-

181 4404 523 4475 χθησόμενον
561 4402 902 4471 ἀπήμαντον.
952 4399 1214 4468 Δεύτερον
1246 4398 1346 4450 οὐκ
1370 4391 1465 4450 οἷδ’
1496 4398 1646 4458 ὅπως
1673 4394 1770 4463 τὴν

184 4495 486 4567 ἐξηγορίαν
517 4494 818 4564 ποιήσομαι
842 4509 856 4524 ο
886 4491 963 4562 μὴ
994 4490 1261 4561 εὐκρινῶς
1289 4487 1656 4559 προαχθείσης
1672 4487 1770 4556 τῆς

185 4589 458 4650 πεύσεως.
496 4585 676 4648 Ὀλως
738 4584 798 4636 τὸ
845 4582 1177 4653 ζητούμενον
1215 4582 1294 4643 είς
1352 4573 1640 4650 Ταράσιον’
1678 4578 1770 4630 τὸν

182 4678 681 4752 πατριαρχήσαντα
725 4675 1112 4746 περιΐστασθαι
1143 4673 1588 4742 ὑπολελόγισμαι.
1623 4671 1764 4737 Ἐγὼ

187 4773 287 4842 μὲν
314 4769 412 4826 οὖν
464 4771 558 4824 καὶ
617 4767 858 4822 ἔκπαλαι
919 4767 1048 4836 περὶ
1099 4763 1194 4818 τοῦ
1241 4763 1606 4833 προταθέντος
1667 4763 1768 4813 οὐκ

183 4861 408 4933 ἀμελῶς
437 4861 616 4930 ἔσχον,
645 4858 818 4912 πολλὰ
872 4856 1206 4935 συστραφεὶς
1274 4858 1332 4908 ὲν
1373 4853 1617 4924 ἐμαυτῷ,
1674 4851 1770 4904 καὶ

185 4955 584 5025 ἀναθεωρήσας
613 4952 721 5004 τῶν
761 4951 1108 5021 πραγμάτων
1175 4948 1274 5012 τὰς
1336 4948 1611 5010 ἐκὸάσεις.
1659 4947 1769 4998 Καὶ

193 5065 378 5118 μεντοι
411 5046 505 5100 καὶ
537 5045 666 5108 τοὺς
693 5044 833 5118 ὑπὲρ
863 5042 958 5096 τοῦ
1020 5041 1186 5096 καλοῦ
1217 5041 1624 5110 ἐνισταμένους,
1677 5038 1769 5091 καὶ

187 5141 401 5202 πολλοῖς
421 5138 632 5210 χρόνοις
657 5136 1135 5208 τληπαθήσαντας,
1159 5137 1214 5187 ἐν
1233 5135 1440 5204 ἐπαίνῳ
1465 5135 1559 5186 καὶ
1581 5132 1770 5184 ἀποδο-

188 5235 285 5304 χῆς
301 5232 446 5301 λόγῳ
464 5231 574 5301 ἔχω
600 5247 613 5260 ·
629 5231 689 5283 οὑ
712 5231 817 5300 μὴν
838 5230 1207 5294 παντάπασιν,
1238 5226 1314 5290 ὡς
1337 5225 1592 5295 δηλώσων
1619 5224 1769 5294 ἔρχο⁹

193 5346 310 5398 μαι,
334 5326 503 5380 καὶτὸ
520 5321 1228 5396 κτήσασθαιὸμογνώμονας
1242 5319 1488 5388 ἐφίεμαι.
1517 5316 1639 5380 Πῶς
1658 5317 1766 5385 γὰρ

190 5418 273 5483 οὖ,
306 5415 660 5488 τηλικούτους
704 5413 990 5484 ἀνδρικοὺς
1031 5412 1117 5464 ἐπ’
1148 5410 1400 5480 εὐσεϐείᾳ
1421 5449 1434 5475 ,
1469 5406 1718 5476 δεδειγμέ
1748 5435 1772 5446 -

192 5529 312 5574 νους
339 5527 353 5576 ;

271 5603 435 5658 Ἀλλὰ
464 5601 605 5672 μετὰ
631 5599 728 5654 τοῦ
758 5602 857 5671 τῆς
885 5600 1145 5671 ἀληθείας
1173 5598 1335 5665 λόγου
1362 5639 1374 5661 ,
1411 5596 1505 5650 καὶ
1549 5594 1648 5663 τῆς
1687 5593 1773 5644 ἐν·

192 5695 488 5765 δεχομένης
533 5693 628 5746 καλ⁵
677 5692 1060 5763 προσηκούσης
1107 5691 1409 5760 δυνάμεως.
1467 5683 1774 5755 Τοιγαροῦν

195 5783 294 5843 ὧδε
338 5787 542 5858 φαίημι
576 5805 591 5819 ο
642 5787 708 5840 Τί
743 5787 803 5838 τὸ
845 5786 941 5856 τὴν
979 5785 1245 5855 διαφορὰν
1305 5783 1440 5853 πρὸς
1498 5779 1772 5849 Ταράσιον

266 5899 313 5930 ⁷⁵
334 5898 516 5954 Eccle.
545 5917 592 5963 ν,
629 5901 682 5954 4.
758 5901 942 5953 "Act.
984 5916 1034 5964 v,
1065 5899 1116 5963 5,
1150 5897 1202 5950 4.
1282 5897 1321 5928 ⁷⁷
1349 5894 1537 5950 Matth.
1573 5911 1669 5962 xu,
1711 5893 1801 5948 '56.

1794 4646 1846 4705 D

1868 3375 2226 3443 inscriptione
2274 3374 2494 3444 quidem
2558 3385 2815 3444 tanquam
2866 3376 2934 3429 ab
2983 3390 3124 3442 uno;
3176 3379 3444 3430 sententia

1869 3481 2003 3520 vero
2032 3475 2290 3532 tanquam
2318 3481 2347 3518 a
2371 3466 2606 3520 diversis
2633 3467 2852 3520 missas.
2883 3464 3008 3520 Sive
3033 3467 3196 3537 igitur
3217 3467 3285 3520 ab
3310 3485 3441 3530 uno,

1867 3558 1983 3612 sive
2019 3572 2050 3609 a
2094 3556 2373 3626 pluribus,
2406 3557 2577 3610 debeo
2613 3557 3004 3627 interrogatus,
3044 3558 3226 3627 quoad
3272 3559 3442 3626 impc—

1869 3651 1993 3704 ritia
2052 3659 2443 3720 mea-potest,
2509 3650 3065 3719 congruentissimum
3121 3666 3443 3720 responsum

1867 3740 2017 3794 dare.
2049 3739 2294 3794 Primum
2327 3755 2455 3809 ergo
2482 3739 2681 3809 quibus
2726 3755 2812 3794 me
2854 3741 3209 3795 celeberrima
3260 3743 3444 3812 lingua

1871 3842 1961 3885 tua
2007 3831 2260 3885 laudibus
2294 3832 2598 3895 exornavit,
2647 3831 2715 3884 ab
2762 3830 2829 3884 iis
2871 3846 2970 3901 ego
3005 3831 3162 3901 longe
3206 3844 3447 3887 remotus

1869 3939 2012 3986 sum,
2063 3938 2188 3976 cum
2223 3931 2476 3991 peccator
2509 3922 2635 3987 sim,
2692 3931 2749 3976 et
2799 3922 2965 3975 vitam
3016 3936 3172 3990 agam
3222 3923 3447 3975 minime

1871 4016 2216 4071 laudabilem.
2254 4016 2310 4069 Si
2345 4015 2473 4086 quid
2519 4025 2701 4069 autem
2735 4015 2790 4068 in
2829 4030 2914 4069 me
2956 4025 3060 4080 est,
3095 4015 3197 4070 hoc
3230 4016 3321 4070 Dei
3354 4017 3450 4071 do-

1871 4125 2002 4162 num
2039 4119 2144 4173 est,
2181 4109 2304 4177 ejus
2333 4108 2425 4177 qui
2460 4123 2547 4161 me
2594 4106 2791 4176 spiritu
2840 4107 3029 4179 genuit
3058 4105 3235 4162 Patris
3272 4109 3445 4177 preci-

1871 4201 1974 4254 bus
2009 4200 2297 4265 tributum,
2327 4199 2474 4269 quod
2520 4209 2576 4253 et
2613 4199 2808 4254 vestris
2839 4199 2931 4268 qui
2969 4200 3222 4268 pietatem
3266 4201 3447 4253 colitis

1871 4292 2364 4362 supplicationibus
2393 4293 2661 4363 integrum
2692 4292 2956 4362 deinceps
2985 4293 3443 4347 conservandum.

1872 4385 2078 4440 Deinde
2141 4401 2250 4454 quo
2299 4394 2456 4455 pacto
2534 4385 2892 4453 respondeam
2940 4386 3147 4450 nescio,
3216 4387 3449 4440 interro-

1873 4479 2086 4550 gatioue
2119 4479 2262 4533 haud
2311 4479 2444 4532 satis
2488 4487 2673 4546 aperte
2705 4478 2996 4547 explicata.
3027 4476 3262 4535 Omnino
3298 4496 3446 4550 quac-

1874 4574 2106 4626 stionem
2143 4572 2209 4625 ad
2261 4567 2550 4624 Tarasium
2605 4571 2734 4624 olim
2768 4571 3133 4641 patriarcbam
3174 4573 3450 4641 pertinere

1871 4666 2102 4735 conjeei.
2145 4662 2415 4733 Equidem
2465 4664 2566 4718 bac
2616 4663 2682 4718 de
2718 4678 2777 4717 re
2809 4665 3084 4734 pr0posita
3122 4664 3445 4733 jamdudum

1869 4773 1977 4813 non
2011 4759 2131 4812 sine
2163 4771 2295 4811 cura
2345 4757 2448 4821 fui,
2497 4756 2670 4810 multa
2717 4771 2928 4811 mecum
2982 4757 3166 4811 animo
3198 4772 3446 4819 versans,

1869 4859 1924 4904 et
1957 4850 2049 4920 qui
2081 4848 2302 4905 futurus
2355 4860 2498 4905 esset
2548 4865 2734 4904 rerum
2783 4858 3016 4904 eventus
3064 4849 3445 4903 considerans.

1871 4943 2004 4996 Nam
2053 4957 2150 4997 eos
2176 4949 2344 5008 certe,
2379 4943 2472 5011 qui
2511 4957 2612 5013 pro
2668 4952 2819 4997 recto
2845 4942 3218 5008 decertarunt,
3268 4949 3322 4995 et
3352 4941 3447 4995 diu

1871 5036 2054 5107 gravia
2087 5035 2331 5105 perpessi
2364 5045 2513 5099 sunt,
2556 5050 2890 5105 magnopere
2921 5035 3086 5089 laudo
3121 5041 3176 5089 et
3207 5035 3447 5104 comple-

1871 5136 2178 5180 ctorznou
2233 5136 2417 5180 tamen
2479 5142 2893 5197 usquequaque,
2949 5137 3007 5180 ut
3068 5142 3192 5181 mox
3249 5127 3446 5189 dicam,

1871 5216 2279 5271 consentientes
2304 5231 2400 5271 eos
2425 5216 2627 5271 habere
2648 5217 2832 5270 velim.
2857 5216 3055 5282 Quidni
3081 5225 3264 5269 autem
3283 5216 3305 5268 ?
3325 5229 3448 5268 cum

1873 5312 2010 5361 adeo
2041 5317 2293 5362 strenuos
2319 5323 2378 5363 se
2408 5323 2506 5377 pro
2534 5309 2738 5377 pietate
2766 5307 3120 5376 praebuerint.

1947 5595 2051 5651 Sed
2086 5605 2265 5652 tamen
2305 5612 2426 5653 cum
2463 5599 2706 5654 veritatis
2739 5601 2928 5662 verbo,
2955 5607 3010 5654 et
3033 5607 3307 5668 quatenus
3335 5597 3452 5650 fieri

1875 5689 1998 5743 licet
2031 5699 2084 5744 et
2114 5691 2389 5745 convenit.
2421 5689 2491 5744 Ut
2529 5705 2658 5762 ergo
2682 5690 2746 5744 ad
2776 5705 2891 5744 rem
2925 5691 3167 5751 veniam,
3205 5704 3451 5759 quaenam

1875 5799 2040 5839 causa
2064 5781 2165 5837 fuit
2193 5798 2287 5837 cur
2320 5799 2348 5836 a
2382 5781 2606 5837 Tarasio
2637 5781 3103 5838 dissenserimus?
3134 5781 3327 5836 Fides?
3356 5783 3446 5833 At-
