3914 6440
513 367 647 431 1103

1687 363 1748 420 S.
1783 358 2176 420 THEODORI
2216 358 2561 419 STUDITIE

3612 354 3739 417 1104

508 483 600 549 qui
633 480 810 550 palam
839 478 1054 550 quidem
1083 476 1425 533 orthodoxus
1446 484 1581 540 erat,
1614 489 1799 529 sacras
1829 472 2067 544 synodos

2189 469 2356 523 τοιοῦν
2388 470 2521 540 ἡμῖν
2564 468 2705 540 [βοά.
2759 465 2884 537 Reg.
2928 466 3119 538 ὑμῖν];
3169 466 3401 532 Πίστις;
3458 467 3573 520 Kal
3628 467 3748 520 ὅσον

509 572 861 641 sequebatur,
902 578 958 625 et
998 584 1122 625 cum
1158 568 1279 623 aliis
1312 565 1638 637 patriarchis
1679 562 2077 622 consentiebat,

510 671 564 716 et
609 661 903 716 maximum
957 669 1116 715 antea
1160 674 1258 728 pro
1306 658 1410 713 lide
1466 666 1748 713 certamen
1802 654 2082 710 sustinue-

512 762 710 807 rat.....
731 752 1005 807 Eorumne
1036 750 1128 820 qui
1161 751 1229 805 ab
1266 749 1460 804 haeresi
1508 748 1925 803 revertebantur
1954 760 2080 801 sus-

512 842 728 913 ceptio?
776 841 847 896 At
875 856 985 895 non
1012 841 1083 896 ab
1116 841 1207 895 illo
1233 839 1349 895 haec
1376 838 1613 910 ptimum
1646 838 1894 893 instituta
1917 854 1932 892 :
1955 852 2079 892 cum

513 949 543 988 a
585 935 789 990 sanctis
825 933 1080 991 Patribus
1116 932 1314 1002 triplici
1360 931 1524 986 modo
1556 930 1797 1000 suscepti
1843 928 2077 991 fuerint,

512 1027 596 1081 vel
644 1025 871 1095 repetito
910 1025 1201 1095 baptismo,
1248 1032 1309 1077 ut
1359 1022 1660 1093 Pepuzeni;
1707 1021 1793 1076 vel
1828 1036 1927 1092 pro
1972 1019 2079 1075 olei

513 1119 854 1183 unctionem,
882 1125 943 1171 ut
985 1115 1204 1181 Ariani;
1252 1114 1338 1169 vel
1383 1130 1481 1185 per
1522 1112 1754 1185 propria:
1792 1112 2080 1168 sententia

514 1209 955 1276 detestationem,
985 1216 1045 1263 ut
1075 1206 1415 1262 Nestoriani.

585 1470 670 1525 An
697 1468 966 1525 ordinatio
994 1484 1092 1541 per
1110 1470 1419 1540 pecuniam,
1446 1481 1567 1538 qua:
1591 1467 1648 1523 in
1678 1467 2077 1539 depositionem

517 1554 827 1616 necessario
879 1559 1158 1615 incurrit?
1213 1556 1308 1614 Na:
1357 1558 1412 1614 id
1450 1572 1675 1629 prorsus
1730 1572 1919 1613 verum
1948 1565 2074 1612 est:

517 1660 647 1705 tunc
674 1651 818 1706 enim
849 1660 1094 1722 pastores
1118 1649 1222 1706 visi
1258 1658 1387 1705 sunt
1432 1649 1548 1720 lupi
1589 1664 1837 1719 rapaces,
1885 1648 2074 1702 altaria

513 1738 709 1794 effossa
760 1750 907 1807 sunt,
977 1740 1176 1796 divina:
1231 1741 1473 1811 reliquire
1523 1740 1795 1796 dedecore
1843 1740 2074 1804 affectae,

2184 563 2248 615 ἐκ
2274 561 2369 615 τοῦ
2400 558 2734 631 προφανοῦς,
2776 558 3077 629 όρθόδοξος,
3107 560 3228 620 ταῖς
3277 574 3339 610 τε
3391 557 3580 624 ἁγίαις
3629 575 3751 611 συνο

2183 653 2320 715 όεοις
2344 647 2748 723 ἠκολουθηκὼς,
2776 650 2869 701 καὶ
2897 648 3276 719 ὁμοφρονήσας
3303 648 3415 709 τοῖς
3449 647 3632 710 ἄλλοις
3654 663 3754 702 πα·

2180 743 2506 813 τριάρχαις·
2568 741 2976 811 ἀγωνισάμενος
3038 739 3275 807 μάλιστα
3317 737 3460 808 ὑπὲρ
3514 739 3749 802 πίστεως

2180 832 2241 887 τὸ
2268 834 2551 905 πρότερον.
2600 832 2664 886 Ἢ
2714 831 2823 884 τῶν
2868 828 2926 893 ἐξ
2973 827 3243 898 αἱρέσεως
3294 828 3751 897 ὑποστρεψάντων

2182 923 2495 995 παραδοχῆς
2517 922 2625 977 Καὶ
2648 922 2745 991 οὑχ
2781 921 2873 974 ὑπ’
2903 918 3070 975 αὑτοῦ
3090 918 3553 989 καινοτομηθεῖσα
3578 934 3593 949 ’
3625 936 3755 987 προς

2180 1016 2288 1086 γὰρ
2310 1015 2419 1069 τῶν
2448 1016 2621 1083 ἁγίων
2665 1012 2924 1083 Πατέρων
2988 1011 3196 1083 τριχῶς
3250 1009 3713 1079 παραδεχομένων
3739 1024 3751 1037 ·

2180 1106 2213 1175 ἢ
2254 1104 2342 1159 διὰ
2378 1101 2835 1173 άναὸαπτισμοῦ,
2870 1099 2947 1163 ὡς
3004 1101 3038 1171 ἡ
3091 1099 3201 1153 τῶν
3264 1097 3666 1167 Πεπουςηνῶν·
3727 1096 3757 1162 ἢ

2177 1196 2267 1250 διὰ
2308 1194 2542 1267 κρίσεως
2589 1194 2784 1266 μύρου,
2814 1192 2890 1255 ὡς
2952 1192 2986 1263 ἡ
3034 1190 3145 1244 τῶν
3209 1188 3549 1260 ’Δρειανῶνο
3610 1188 3639 1256 ἢ
3691 1184 3757 1240 δι’

2177 1284 2623 1357 ἀναθεματισμοῦ
2662 1286 2763 1357 τῆς
2788 1284 3003 1347 οίκείας
3055 1281 3251 1354 δόξης,
3286 1280 3363 1345 ὡς
3414 1280 3447 1350 ἠ
3479 1279 3596 1335 τῶν
3653 1280 3759 1333 Νε-

2180 1377 2498 1447 στοριανῶν.

2260 1469 2323 1522 Ἦ
2358 1470 2416 1522 ὲν
2450 1468 2690 1543 χρήμασι
2742 1467 3071 1540 χειροτονία,
3108 1467 3231 1537 ἥτις
3266 1466 3572 1521 ὑποπίπτει
3624 1466 3759 1520 κατὰ

2177 1560 2236 1614 τὸ
2265 1561 2558 1629 ἀναγκαῖον
2584 1560 2894 1632 καθαιρέσει
2918 1575 2934 1625 ;
2964 1560 3093 1627 Nal,
3126 1557 3433 1628 πανάληθες
3456 1574 3471 1588 ·
3506 1560 3604 1611 καὶ
3634 1558 3760 1625 γοῦν

2177 1650 2478 1721 τηνικαῦτα
2523 1651 2783 1722 ποιμένες
2824 1649 2979 1705 λύκοι
3027 1650 3217 1721 βαρεῖς
3265 1647 3532 1719 ὤφθησαν
3562 1667 3577 1680 ο
3629 1665 3759 1703 κατ-

2178 1742 2426 1815 εσκάφθη
2478 1743 2841 1817 θυσιαστήρια
2868 1760 2885 1778 ο
2914 1743 3168 1815 ἠτιμώθη
3199 1741 3317 1796 θεῖα
3342 1791 3356 1798 ,
3374 1741 3611 1812 λείψανα
3637 1756 3653 1770 ·
3682 1742 3760 1811 βί-

516 1829 651 1884 sacri
688 1830 809 1884 libri
839 1832 1036 1887 exusti.
1069 1830 1209 1897 Quid
1240 1832 1437 1903 plura?
1468 1832 1586 1903 ipsa
1632 1831 1837 1889 Christi
1876 1833 2072 1904 imago.

2189 1834 2293 1889 ὅλοι
2327 1811 2467 1908 ίεραὶ
2510 1811 2950 1908 δνεπρήσθησαν.
2988 1811 3053 1889 Τί
3085 1811 3248 1888 πλέον
3284 1833 3471 1905 ;αὑτὴ
3519 1836 3554 1904 ἡ
3600 1835 3762 1887 εἰκὼν

516 1931 715 1991 preter
747 1921 879 1977 alias
934 1922 1324 1985 sanctissimas.
1370 1924 1764 1980 contumeliose
1814 1924 1998 1979 habita
2026 1935 2081 1980 et.

515 2013 850 2070 conculcata.
882 2013 950 2075 Ει
981 2013 1102 2084 quis
1122 2015 1272 2071 brevi
1306 2018 1554 2071 oratione
1589 2018 1875 2087 complecti
1893 2027 2078 2088 queat,

516 2120 636 2175 qua:
666 2105 881 2176 longam
932 2106 1302 2162 narrationem
1357 2108 1697 2179 requirunt?
1742 2109 1882 2176 Quid
1933 2111 2080 2181 quod

517 2210 683 2268 porro
715 2213 952 2269 sequens
980 2200 1290 2270 patriarcha
1316 2218 1380 2257 ex
1412 2204 1657 2259 saeculari
1684 2205 1752 2259 ad
1789 2204 2080 2277 episcopa-

518 2290 623 2344 lem
662 2290 984 2360 dignitatem
1031 2303 1256 2361 repente
1306 2304 1617 2363 provectus,
1684 2294 1916 2351 idoneus
1966 2312 2079 2351 non

517 2378 621 2433 fuit
641 2379 733 2448 qui
761 2395 859 2450 pro
889 2380 1087 2450 spiritu
1120 2391 1384 2451 quantum
1417 2384 1547 2438 satis
1583 2396 1701 2440 erat
1738 2386 2083 2442 decertaret?

517 2470 647 2524 Inde
675 2472 928 2526 scandala
959 2489 972 2525 :
1012 2472 1138 2528 inde
1164 2474 1253 2528 illa
1286 2490 1407 2545 qua:
1449 2476 1561 2546 jam
1597 2491 1697 2532 nos
1726 2479 2080 2543 conturbant,

517 2560 780 2630 originem
838 2573 1213 2631 sumpserunt.
1255 2562 1361 2618 Vos
1416 2564 1599 2635 itaque
1652 2582 1761 2636 quo
1799 2568 1921 2623 sitis
1956 2584 2081 2639 erga

519 2654 667 2709 illum
696 2655 896 2719 animo,
939 2655 1188 2710 novistis.
1217 2655 1327 2710 Nos
1373 2672 1523 2721 vero,
1559 2668 1617 2711 ut
1668 2659 1945 2729 sigillatim
1985 2677 2080 2717 eos

517 2743 608 2810 qui
650 2746 878 2813 pecunia
917 2744 1148 2799 ordinati
1201 2744 1439 2808 fuerant,
1486 2745 1840 2800 audiebamus
1886 2754 1954 2801 ab
1992 2748 2082 2800 illo

518 2850 625 2888 non
657 2835 870 2889 admitti
906 2835 973 2890 ad
1011 2836 1474 2901 communionem,
1519 2853 1829 2908 quanquam
1864 2854 1974 2894 non
2008 2841 2082 2895 ita

516 2927 946 2993 existimabatur,
977 2928 1310 2983 conveniens
1348 2943 1468 2983 esse
1493 2929 1751 2985 duximus
1782 2931 1930 3001 pacis
1970 2942 2083 2987 stu-

516 3020 609 3074 dio
670 3020 1018 3075 concordiam
1074 3036 1200 3075 cum
1246 3036 1313 3076 eo
1358 3023 1639 3078 retinere:
1695 3024 1961 3094 siquidem
2015 3025 2082 3080 ad

2178 1925 2274 1979 τοῦ
2331 1925 2569 1997 Χριστοῦ
2608 1926 2748 1998 πρὸς
2798 1926 2989 1989 ἄλλαις
3044 1924 3412 1988 σεπτοτάταις
3471 1923 3760 1993 ὲνύὸριστο

2174 2019 2275 2071 καὶ
2301 2017 2737 2088 κατεπεπάτητο.
2766 2018 2874 2072 Καὶ
2904 2016 2989 2080 τίς
3021 2015 3088 2070 ἂν
3115 2017 3174 2070 ὲν
3203 2014 3371 2085 ὀλίγῳ
3401 2013 3669 2078 διεξέλθοι
3697 2014 3761 2065 τά

2184 2112 2403 2179 μακρᾶς
2430 2108 2670 2178 ἱστορίας
2703 2106 2970 2178 δεόμενα;
3015 2105 3176 2159 Ἀλλά
3207 2105 3259 2157 τί
3294 2105 3378 2158 ὅτι
3405 2107 3434 2158 ό
3460 2105 3760 2174 με’τέπειτα

2181 2201 2443 2271 πρόεδρος
2466 2198 2531 2253 ὲκ
2564 2199 2664 2269 τῆς
2709 2199 2983 2270 κοσμικῆς
3008 2196 3141 2268 ὕλης
3173 2196 3370 2252 θᾶττον
3414 2200 3498 2260 εἰς
3550 2198 3616 2250 τὸ
3667 2196 3764 2265 τῆς

2184 2289 2464 2362 ίεραρχίας
2494 2288 2709 2359 ἀξίωμα
2744 2288 2973 2360 προϐάς,
3006 2288 3105 2361 οὑχ
3125 2281 3237 2352 οἷός
3262 2305 3321 2342 τε
3351 2287 3580 2356 γέγονεν
3604 2288 3766 2360 ὑπερ

2186 2381 2429 2452 μαχῆσαι
2509 2380 2709 2445 ίκανῶς
2759 2378 2855 2435 τοῦ
2925 2379 3279 2451 πνεύματοςς
3352 2378 3643 2435 Ἐντεῦθεν
3697 2386 3761 2435 τά

2183 2473 2477 2534 σκάνδαλω
2535 2472 2743 2526 ἐκεῖθεν
2767 2472 2864 2525 καὶ
2899 2473 2969 2525 τὰ
2996 2473 3099 2545 ἤδη
3128 2473 3470 2544 ταράττοντα
3535 2475 3641 2545 τὴν
3675 2478 3760 2528 al-

2182 2564 2300 2617 τίαν
2327 2564 2563 2635 εἴληφεν.
2580 2564 2769 2635 Ὑμεῖς
2793 2564 2892 2634 μὲν
2915 2560 3033 2629 οῦν,
3048 2566 3273 2629 ὃπωςτὰ
3294 2567 3431 2638 πρὸς
3448 2568 3612 2621 αὑτὸν
3623 2569 3767 2640 Exut-

2181 2670 2261 2719 τε,
2290 2655 2424 2707 ῐστε.
2442 2655 2629 2725 Ἡμεῖς
2656 2653 2935 2725 δὲ,ὲπειδὴ
2948 2656 3009 2709 ὲν
3024 2655 3100 2727 τῷ
3114 2657 3276 2727 μέρει
3303 2657 3411 2711 τῶν
3436 2658 3495 2711 ὲν
3523 2660 3767 2728 χρήμασι

2182 2745 2665 2816 χειροτονηθέντων
2692 2746 2967 2818 ἠκούομεν
2983 2748 3112 2818 παρ’
3137 2748 3302 2801 αὑτοῦ
3331 2750 3409 2819 μὴ
3439 2750 3765 2819 προσίεσθαι

2182 2836 2380 2901 αὑτοὺς
2407 2838 2488 2902 είς
2507 2839 2810 2907 κοινωνίαν,
2840 2838 2941 2893 κᾶν
2953 2839 3049 2910 οὑχ
3077 2839 3249 2903 οὑτως
3275 2840 3558 2893 ὑπενοεῖτο
3577 2880 3592 2903 ,
3630 2858 3767 2908 συμ-

2186 2930 2349 3000 φέρον
2378 2931 2701 3001 ἡγησάμεθα
2731 2931 2823 2985 διὰ
2843 2931 2901 2983 τὸ
2930 2930 3025 3001 τῆς
3056 2932 3279 3003 εἰρήνης
3310 2931 3474 2985 καλὸν
3506 2933 3608 3003 τὴν
3634 2936 3767 3004 πρὸς

2183 3023 2346 3077 αὑτὸν
2382 3025 2634 3093 ὁμόνοιαν
2669 3041 2683 3057 ο
2741 3022 2976 3091 ἐπείπερ
3039 3022 3175 3093 φησὶ
3227 3023 3322 3076 καὶ
3384 3025 3414 3077 ό
3464 3023 3762 3094 Θεολόγοςι

519 3109 681 3174 hanc,
710 3112 888 3180 quoad
917 3112 1059 3176 licet,
1099 3113 1551 3181 propendendum
1587 3124 1691 3178 est,
1739 3125 1799 3171 ut
1827 3117 2083 3171 etTheo-

2189 3116 2330 3179 Ἕως
2358 3116 2497 3181 ἐξὸν,
2530 3115 2850 3170 ἀποκλιτέον
2887 3116 3021 3187 πρὸς
3048 3116 3275 3188 ταύτην.
3302 3118 3416 3171 Καὶ
3443 3113 3505 3172 οῦ
3563 3119 3627 3172 τὸ
3677 3120 3767 3171 λυ-

517 3202 672 3274 logus
720 3203 799 3258 ait
822 3202 901 3270 ⁷⁸;
937 3218 1001 3257 ac
1040 3204 1135 3259 ubi
1175 3203 1495 3259 offensionis
1548 3206 1787 3276 suspicio
1827 3217 1932 3274 est,
1967 3224 2084 3262 mc-

517 3287 622 3344 lius
650 3298 735 3343 est
784 3289 1039 3343 assentiri
1096 3306 1258 3360 quam
1317 3293 1656 3362 pertinacem
1703 3311 1847 3351 esse.
1898 3296 2085 3368 Neque

517 3394 649 3435 vero
696 3380 797 3450 ipsi
838 3396 934 3437 vos
980 3382 1047 3437 de
1108 3383 1446 3440 conscientia
1505 3396 1683 3442 vestra
1739 3389 2083 3459 depcllimus.

522 3472 737 3543 Vosque
763 3470 1001 3529 vicissim
1043 3474 1095 3529 id
1133 3491 1164 3530 a
1195 3476 1356 3532 nobis
1389 3477 1443 3531 in
1465 3493 1523 3534 re
1551 3479 1693 3535 haud
1732 3483 1950 3551 penitus
1974 3500 2086 3539 ma-

520 3562 721 3617 nifesta
746 3578 820 3619 nc
857 3563 1093 3635 exigite:
1131 3566 1574 3637 quandoquidem
1621 3578 1676 3624 et
1726 3587 1979 3641 persona,
2032 3583 2089 3629 et

518 3666 758 3727 tempus,
799 3665 853 3711 et
888 3659 1219 3727 experientia
1253 3661 1546 3717 conciliare
1586 3664 1721 3719 solet
1749 3680 1866 3729 eos,
1897 3667 1987 3735 qui
2019 3668 2086 3722 dc

520 3750 712 3804 iisdem
746 3750 907 3805 rebus
936 3766 1045 3806 non
1068 3752 1258 3806 eadem
1290 3754 1615 3809 sentiebant.

589 3840 697 3896 Sed
741 3857 1000 3912 quorsum
1051 3842 1148 3897 ista
1184 3843 1249 3898 ad
1303 3844 1543 3899 divinum
1606 3846 1934 3902 Germamnn
1993 3865 2085 3913 re,-

518 3931 725 4001 gressio
752 3932 775 3984 ’ί
806 3940 864 3985 ut
892 3932 1016 3986 inde
1043 3947 1267 4001 prorsus
1313 3934 1583 3989 ordinatio
1607 3948 1903 4005 repetatur.
1945 3938 2083 4005 Quid

517 4024 686 4090 enim,
714 4024 780 4078 de
812 4024 986 4079 tribus
1015 4024 1103 4092 qui
1163 4024 1436 4094 intcrjccti
1500 4026 1719 4082 fuerunt
1765 4029 2034 4085 haereticis
2061 4032 2084 4083 ?

519 4115 773 4169 nullusne
825 4124 929 4180 est,
956 4115 1047 4184 qui
1096 4113 1165 4167 ab
1196 4114 1303 4168 illis
1327 4116 1607 4172 ordinatus
1637 4134 1743 4172 non
1771 4118 1955 4181 fuerit,
1990 4130 2085 4174 aut

517 4208 587 4262 ab
619 4208 685 4262 iis
712 4222 852 4277 quos
899 4206 976 4261 illi
1009 4207 1351 4272 ordinarant,
1380 4210 1693 4264 transmissa
1720 4226 1882 4280 porro
1911 4228 2083 4283 usque

518 4297 587 4352 ad
621 4296 903 4352 Tarasium
936 4299 1319 4354 ordinatione?
1357 4298 1529 4363 Quam
1573 4302 1728 4356 multi
1772 4317 1836 4356 ex
1870 4303 2084 4359 oriente

519 4396 576 4442 et
602 4387 889 4443 occidente
915 4398 971 4443 et
998 4390 1252 4458 aquilone
1276 4400 1331 4445 et
1357 4390 1491 4444 mari
1522 4403 1787 4447 venerunt
1817 4393 1910 4448 illo
1943 4404 2083 4449 tem-

2192 3208 2328 3261 ποῦν
2369 3207 2615 3274 ὑπόνοια,
2674 3208 2878 3278 βέλτιον
2922 3211 3021 3278 τῆς
3054 3209 3345 3274 αὐθαδείας
3396 3213 3430 3282 ἡ
3484 3216 3765 3282 συγκατάο

2189 3301 2358 3365 θεσις.
2389 3302 2501 3357 Kal
2525 3301 2651 3355 οὔτε
2680 3304 2843 3373 ἡμεῖς
2872 3303 3213 3375 καθέλκομεν
3246 3305 3390 3375 ὑμᾶς
3437 3306 3537 3375 τῆς
3591 3324 3771 3361 συνει.

2186 3392 2395 3463 δήσεως
2427 3408 2443 3424 ⁸
2478 3394 2601 3465 μηδ’
2625 3395 2784 3447 αὐτοὶ
2810 3394 3135 3466 ἀπαιτοίητε
3159 3397 3308 3467 ἡμᾶς
3337 3396 3438 3467 τῆς
3462 3398 3524 3451 οὑ
3550 3416 3767 3470 προςα-

2188 3485 2312 3549 νοῦς
2348 3488 2478 3556 ἡμῖν
2526 3486 2875 3556 διαγνώσεως
2898 3504 2917 3525 οη
2946 3489 3133 3559 ἐπειδὴ
3181 3492 3276 3543 καὶ
3320 3492 3615 3561 πρόσωπον
3675 3495 3771 3547 καὶ

2188 3578 2378 3648 χρόνος
2408 3580 2501 3633 καὶ
2534 3584 2699 3651 πεῖρα
2724 3580 3065 3635 διαλλάττειν
3102 3584 3245 3635 ποιεῖ
3269 3584 3396 3648 τοὺς
3433 3585 3509 3655 μὴ
3536 3586 3633 3639 ἐπὶ
3656 3588 3770 3640 τῶν

2186 3670 2367 3724 αὑτῶν
2392 3671 2652 3737 ὡσαύτως
2682 3672 3013 3739 φθάσαντας.

2268 3849 2428 3903 Ἀλλὰ
2453 3851 2535 3915 τίς
2560 3854 2588 3906 ὁ
2620 3852 2757 3924 πρὸς
2784 3854 2877 3907 τὸν
2904 3854 3045 3910 θεῖον
3074 3857 3353 3929 Γερμανδν
3386 3864 3766 3938 άναποδισμδς

2186 3940 2281 3995 καὶ
2306 3942 2364 3995 τὸ
2393 3944 2600 3996 ἐκεῖθεν
2631 3947 2695 3999 ὲκ
2717 3946 2917 4012 παντὸς
2944 3949 3128 4019 ζητεῖν
3153 3951 3254 4023 τὴν
3280 3958 3619 4026 χειροτονίαν
3650 3976 3667 4024 ς
3701 3963 3768 4015 τί

2184 4033 2293 4105 γάρ
2314 4036 2467 4089 καὶοὶ
2483 4038 2539 4090 δν
2557 4040 2705 4109 μέσῳ
2728 4042 2875 4111 τρεῖς
2895 4043 3189 4113 αἱρετίκοίς
3216 4048 3317 4101 οὑκ
3334 4048 3449 4103 ἔστι
3479 4069 3563 4115 τις
3583 4055 3661 4123 μὴ
3680 4044 3771 4108 ὑπ’

2183 4125 2363 4177 αὑτῶν
2392 4130 2809 4201 χειροτονηθεὶς,
2844 4131 2875 4203 ἢ
2904 4134 3086 4187 ἐκτῶν
3102 4135 3238 4206 πρὸς
3255 4139 3435 4193 αὑτῶν
3460 4159 3772 4215 χειροτονη-

2186 4215 2406 4284 θέντων,
2452 4221 2591 4275 κατὰ
2622 4223 2843 4278 κάθοδον
2876 4228 3036 4297 μέχρι
3068 4229 3344 4299 Ταρασίου
3395 4234 3773 4309 ἀμειϐομένης

2186 4310 2283 4379 τῆς
2314 4314 2679 4382 χειροτονίας;
2714 4317 2875 4369 Πόσοι
2906 4318 2970 4382 ἐξ
2999 4322 3280 4376 ἀνατολῶν
3312 4324 3405 4375 καὶ
3430 4324 3655 4397 δυσμῶν
3672 4334 3770 4385 καὶ

2190 4400 2361 4471 βορρᾶ
2392 4403 2487 4457 καὶ
2512 4404 2783 4473 θαλάσσης
2812 4407 3013 4477 ἤκασιν
3063 4411 3122 4464 ἐν
3148 4412 3226 4483 τῷ
3257 4413 3486 4483 μεταξὺ,
3522 4419 3620 4471 καὶ
3647 4437 3773 4473 συν-

521 4480 666 4549 poris
687 4480 885 4550 spatio,
921 4488 1283 4550 susceptoque
1336 4483 1640 4537 sacerdotio
1694 4483 1951 4540 Ecclesia:
1980 4501 2083 4540 no—

2189 4495 2437 4563 ήφοησαν
2473 4494 2561 4548 διὰ
2621 4500 2902 4562 κοινωνίας
2951 4503 3017 4572 τῇ
3080 4480 3208 4556 καθί
3259 4480 3409 4576 ἡμᾶς
3472 4508 3773 4586 Ἐκκλησία

521 4580 646 4630 stra:
698 4584 792 4642 per
852 4571 1293 4627 communionem
1346 4572 1625 4641 conjuncti
1686 4572 1960 4629 luerunt?
2020 4575 2085 4630 Et

519 4655 685 4731 quam
711 4663 869 4717 multi
930 4662 1051 4718 sine
1095 4663 1325 4733 pecunia
1384 4663 1618 4718 ordinati
1679 4673 1792 4718 tum
1842 4666 2083 4733 fuerunt,

520 4754 971 4822 ordinarunlque,
1004 4753 1251 4822 quamvis
1282 4752 1463 4807 forent
1492 4754 1732 4809 hmretici
1760 4756 1782 4809 ?
1815 4756 1906 4810 Dei
1928 4759 2089 4813 unius

520 4856 605 4903 est
633 4847 749 4901 haec
775 4846 958 4901 omnia
1008 4862 1193 4910 nosse,
1231 4862 1339 4899 non
1413 4858 1593 4902 autem
1654 4849 1892 4903 hominis
1944 4850 2089 4905 allir-

520 4952 1045 5007 marezomnesque
1103 4946 1389 5007 propterea
1473 4938 1746 5008 depositos
1817 4942 2087 4998 arbitrari.

522 5028 629 5083 Sed
684 5028 941 5097 quoniam
994 5028 1245 5084 homines
1302 5046 1511 5095 sumus,
1567 5031 1846 5086 hominum
1916 5050 2090 5100 more,

522 5132 728 5189 qumso,
787 5134 875 5173 res
912 5119 1305 5189 inspiciamus:
1341 5136 1408 5175 eo
1442 5121 1589 5190 quod
1638 5122 1802 5177 homo
1855 5124 2085 5189 vultum,

525 5212 667 5267 Deus
697 5228 826 5267 vero
853 5228 949 5267 cor
979 5214 1219 5267 intuetur
1249 5214 1327 5267 "z
1364 5229 1427 5269 ac
1460 5215 1800 5270 solummodo
1845 5216 2091 5287 exigatur

521 5304 634 5357 oris
687 5303 978 5367 confessio,
1016 5304 1235 5373 quando
1279 5321 1397 5359 eam
1446 5306 1663 5360 mentiri
1702 5321 1811 5361 non
1875 5308 2085 5376 liquet:

522 5393 818 5447 secundum
844 5407 1004 5463 quam
1040 5403 1095 5449 et
1121 5392 1373 5450 Tarasius
1404 5396 1797 5451 ordinationem
1818 5398 2088 5466 suscepit:

520 5484 591 5537 oh
622 5499 783 5553 quam
823 5494 877 5539 et
926 5485 1026 5540 viri
1080 5485 1364 5556 diligentes
1422 5502 1485 5541 ac
1536 5486 1772 5557 religiosi
1822 5489 1914 5557 qui
1970 5500 2083 5543 tum

521 5582 697 5636 erant,
748 5583 801 5627 et
832 5573 1054 5629 Tarasio
1085 5590 1143 5630 se
1170 5576 1573 5645 conjunxerunt
1605 5587 1659 5631 et
1704 5594 1826 5631 cum
1859 5594 1922 5631 eo
1949 5594 2082 5634 con-

522 5670 807 5714 senserunt
841 5679 853 5715 :
888 5671 941 5715 et
982 5674 1204 5733 repente
1251 5674 1370 5733 pust
1408 5665 1667 5736 synodum
1697 5666 2080 5723 discessionem

602 5794 822 5871 "Grcg.
862 5801 1015 5870 N32,,
1042 5814 1181 5859 orat.
1214 5805 1298 5869 l-l,
1337 5822 1457 5875 pag.
1490 5805 1615 5861 923.
1696 5807 1738 5839 τ⁹
1767 5806 1781 5861 Ι
1812 5804 1941 5876 Reg.
1980 5825 2086 5875 xw,
2122 5812 2173 5866 7.

2195 4586 2490 4655 ίερωμένοι
2518 4604 2532 4653 ;
2563 4589 2675 4642 Καὶ
2702 4589 2815 4643 ὅσοι
2849 4592 2979 4647 ἄνευ
3036 4598 3333 4667 χρημάτων
3384 4606 3643 4673 τηνικάδε
3679 4627 3772 4662 κε·-

2192 4678 2615 4749 χειροτόνηνται,
2643 4683 2737 4735 καὶ
2767 4689 3265 4758 κεχειροτονήκασι,
3303 4691 3406 4746 κᾶν
3476 4697 3729 4768 ᾐρέτιξον
3755 4720 3769 4767 ;

2196 4768 2379 4821 Ταῦτα
2406 4770 2585 4825 πάντα
2613 4771 2749 4826 Θεοῦ
2786 4774 2947 4844 μόνου
2973 4778 3285 4849 γινώσκειν,
3306 4785 3402 4837 καὶ
3430 4786 3532 4841 οὑκ
3564 4790 3773 4864 ἀνθρὼ-

2197 4872 2300 4907 που
2325 4855 2786 4915 διαϐεϐαιοῦσθαι.
2822 4863 2932 4915 Kal
2965 4863 3054 4918 διὰ
3083 4867 3243 4921 τοῦτο
3268 4869 3485 4936 πάντας
3519 4855 3771 4951 καθῃρη-

2204 4947 2400 5015 μένους
2426 4948 2849 5019 ὑπολαμϐάνειν.
2887 4950 3028 5008 ‘AD.’
3054 4958 3179 5011 ἐπεὶ
3206 4960 3490 5033 ἄνθρωποι
3520 5007 3534 5031 ,
3566 4947 3774 5031 ὡςνάν-

2197 5038 2425 5108 θρωποι,
2457 5044 2782 5113 παρακαλῶ,
2823 5048 2890 5100 τὰ
2926 5049 3235 5120 πράγματα
3261 5055 3578 5125 κατίδωμεν
3598 5077 3611 5090 ·
3638 5060 3771 5115 διότι

2194 5129 2477 5224 ἄνθρωπος
2508 5135 2591 5197 είς
2623 5138 2934 5206 πρόσωπον,
2976 5141 3107 5204 Θεὸς
3131 5144 3187 5195 δὲ
3248 5147 3329 5209 είς
3377 5149 3613 5218 καρδίαν
3648 5156 3771 5224 δρᾷ,

2197 5220 2361 5291 καὶὴ
2412 5223 2500 5277 διὰ
2560 5227 2831 5298 στόματος
2880 5234 3142 5303 ὁμολογία
3191 5237 3352 5307 μόνον
3407 5220 3771 5309 ἁπαιτείσθω,

2198 5313 2357 5381 ἡνίκα
2388 5316 2454 5369 ἂν
2486 5317 2559 5388 μὴ
2594 5322 2891 5391 προφανῶς
2942 5325 3298 5397 διαψεὺδηται
3322 5345 3337 5360 ο
3372 5329 3499 5383 καθ’
3555 5334 3625 5402 ἢν
3681 5338 3774 5387 καὶ

2202 5404 2473 5475 Ταράσιος
2503 5411 2601 5481 τὴν
2637 5417 2972 5483 χειροτονίαν
3000 5418 3214 5485 ἐδέξατο
3236 5436 3249 5449 ·
3287 5416 3425 5495 ἐφ’ᾖ
3449 5424 3546 5475 καὶ
3577 5428 3627 5478 οἱ
3650 5428 3772 5479 τότε

2189 5497 2428 5569 ζηλωταὶ
2462 5506 2553 5557 καὶ
2583 5506 2849 5577 ἀκριϐεῖς,
2881 5512 2974 5563 καὶ
3028 5512 3287 5582 συνῆλθον
3336 5515 3601 5586 Ταρασίῳ
3625 5557 3640 5579 ,
3676 5522 3773 5572 καὶ

2186 5590 2619 5663 ὠμογνωμόνουν
2639 5613 2652 5626 ·
2692 5598 2786 5651 καὶ
2816 5600 3007 5653 θᾶττον
3040 5604 3176 5671 μετὰ
3202 5605 3302 5673 τὴν
3340 5606 3561 5659 σύνοδον
3592 5608 3771 5679 διηνέ-

2186 5680 2392 5750 χθησαν
2429 5684 2562 5753 πρὸς
2590 5689 2654 5756 τῇ
2715 5689 2991 5760 παραδοχῆ
3031 5694 3148 5744 κατ’
3179 5695 3378 5757 αὑτοὺς
3550 5698 3611 5750 ἐν
3634 5699 3768 5768 χρή-
