3914 6510
168 510 306 574 1105

167 642 302 694 μασι
340 619 672 690 χειῳτονίας
693 636 706 650 ο

160 715 325 767 τοῦτὸ
345 731 406 778 γε
431 712 574 764 οὕτω
603 712 784 783 δοκοίη
821 709 880 765 εὖ
915 712 1057 781 ἔχειν
1104 713 1194 764 καὶ
1249 713 1376 783 ὑμῖν
1409 729 1422 740 ·
1454 714 1546 764 καὶ
1600 712 1738 781 πρὸς

158 804 226 858 τὸ
261 803 386 872 ἑξῆς
421 801 768 871 βαδιούμεθα.
801 801 986 854 Ταῦτα
1017 801 1124 869 γὰρ
1172 802 1265 854 καὶ
1301 802 1408 854 ἀπὸ
1461 803 1736 871 Ταρασίου

162 895 335 966 μέχρι
371 895 463 947 τοῦ
496 893 654 963 δεῦρο
682 895 1026 964 λεχθήσεται.
1059 894 1124 947 Τί
1154 896 1210 948 δὲ
1231 895 1290 947 τὸ
1319 895 1695 964 συμπέρασμα
1721 911 1734 956 ;

158 988 238 1040 Τὸ
265 987 374 1039 ἀπὸ
409 986 607 1048 παντὸς
642 986 834 1055 ίερέως
872 986 1229 1055 ἀδιαϐλήτου,
1268 986 1407 1038 κατά
1436 985 1528 1038 τὸν
1554 985 1741 1038 Θεολό-

157 1097 258 1146 γον
287 1080 380 1132 καὶ
402 1078 807 1150 Χρυσόστομον,
846 1078 1116 1147 μετέχειν.
1154 1079 1210 1132 ’0
1240 1079 1344 1146 μὲν
1373 1079 1500 1149 γὰρ,
1533 1077 1696 1148 φησίν
1721 1095 1734 1109 ο

162 1173 349 1226 Ἔστω
397 1188 479 1224 σοι
516 1172 621 1234 πᾶς
651 1170 962 1234 ἀξιόπιστος
995 1172 1074 1232 εἰς
1113 1166 1213 1238 τὴν
1247 1170 1540 1240 κάθαρσιν,
1577 1169 1736 1238 μόνον

156 1263 303 1315 ἔστω
364 1279 448 1325 τις
510 1262 618 1315 τῶν
679 1260 966 1335 ἐγκρίτων,
1019 1260 1114 1315 καὶ
1162 1259 1236 1331 μὴ
1293 1261 1570 1330 προδήλως
1616 1276 1740 1312 κατ-

155 1355 538 1423 εγνωσμένων,
560 1354 696 1423 μηδὲ
726 1354 834 1405 τῶν
851 1352 948 1422 τῆς
970 1352 1203 1415 πίστεως
1219 1351 1534 1422 ἀλλοτρίων.
1574 1352 1632 1404 '0
1652 1350 1732 1413 δὲ,

157 1445 563 1516 ιιεριεργὰζου,
593 1445 1038 1515 πολυπραγμόνει
1061 1461 1074 1474 ·
1133 1444 1193 1496 οὐ
1256 1425 1364 1514 γάρ
1400 1443 1734 1513 ἀκίνδυνοςὴ

153 1536 510 1601 ἁνεξέταστος
543 1537 819 1591 κοινωνία.
857 1537 993 1608 Περὶ
1024 1535 1130 1607 γὰρ
1164 1534 1418 1605 μεγάλων
1470 1538 1498 1588 ό
1557 1535 1736 1589 κίνδυ-

156 1646 271 1692 νος.

239 1890 662 1963 Ἐκζητήσωμεν
716 1893 894 1946 τοίνυν
948 1894 1042 1946 καὶ
1113 1893 1732 1963 πολυπραγμονήσωμεν

1390 509 1930 569 EPISTOLARUM
1967 510 2111 568 LIB.
2144 509 2193 567 Ι.

755 619 850 673 καὶ
876 618 943 671 δι’
976 618 1108 673 ἄλλα
1136 619 1261 671 τινὰ
1283 619 1594 689 ζητήματα.
1638 620 1734 672 Ἂν

1843 619 2109 682 fecerunt,
2141 617 2209 671 ob
2245 622 2576 684 susceptam,
2616 625 2674 669 ut
2732 614 2864 683 ipsis
2899 613 3075 668 visum
3107 627 3211 683 est,
3250 632 3414 685 pecu-

3282 513 3412 575 1106

1841 710 2068 764 niariam
2095 708 2515 769 ordinationem,
2544 716 2598 761 et
2630 705 2760 761 alias
2783 707 3041 776 quasdam
3065 709 3412 776 quaestiones.

1843 801 1898 854 Si
1933 803 2037 856 hoc
2063 800 2218 855 vobis
2261 799 2450 866 etiam,
2489 809 2635 857 recte
2687 798 2888 852 habere
2933 798 3218 854 videatur:
3250 800 3317 854 ad
3351 813 3416 854 ea

1840 909 1960 963 quas
1997 900 2298 962 sequuntur
2324 905 2631 961 pergamus.
2670 888 2928 944 Dicentur
2958 889 3106 943 enim
3140 900 3274 945 ctea
3296 908 3417 960 qlia:

1841 992 1964 1055 post
1997 985 2278 1038 'l‘arasium
2309 984 2418 1037 huc
2447 998 2637 1052 usque.
2666 980 2806 1047 Quid
2834 991 3012 1037 autem
3036 999 3106 1037 ex
3145 984 3229 1038 his
3263 984 3415 1038 colli-

1839 1077 2020 1147 gitur?
2049 1077 2119 1132 Ut
2147 1095 2176 1130 a
2207 1091 2534 1146 quocunque
2566 1077 2847 1131 sacerdote
2879 1076 2969 1145 qui
2988 1076 3414 1146 reprehensione

1839 1179 2013 1236 vacet,
2046 1184 2110 1224 ex
2141 1167 2403 1238 Theologi
2426 1177 2481 1222 et
2506 1167 2876 1238 Chrysostomi
2928 1167 3220 1232 sententia,
3265 1183 3334 1221 ne
3365 1177 3416 1221 te

1840 1276 2116 1332 segreges.
2148 1260 2284 1314 Nam
2333 1260 2422 1314 ille
2474 1259 2694 1328 quidem
2729 1259 2806 1312 ait
2838 1276 2848 1310 :
2901 1258 3139 1324 Quilibet
3177 1259 3270 1313 tibi
3300 1260 3416 1313 ido-

1839 1359 1975 1407 neus
2002 1361 2120 1407 esto
2139 1352 2205 1406 ad
2233 1352 2634 1422 purgationem,
2667 1351 2965 1406 dummodo
2997 1351 3069 1405 sit
3114 1366 3180 1404 ex
3215 1351 3414 1420 probo-

1839 1461 1958 1501 rum
1991 1460 2242 1510 numero,
2270 1459 2380 1499 non
2411 1460 2476 1499 ex
2502 1445 2774 1499 damnatis
2800 1443 3112 1509 manifesto,
3140 1461 3320 1513 neque
3351 1461 3414 1499 ex

1839 1537 1906 1591 iis
1935 1536 2026 1604 qui
2057 1552 2086 1589 a
2116 1535 2222 1589 fide
2251 1545 2380 1590 sunt
2409 1535 2596 1589 alieni.
2640 1534 2738 1590 Hic
2767 1549 2898 1589 vero
2935 1535 3050 1588 ait:
3101 1533 3319 1606 Satage,
3360 1544 3416 1590 et

1836 1625 1996 1679 anxie
2018 1619 2272 1693 inquire:
2308 1639 2415 1678 non
2449 1625 2593 1676 enim
2646 1623 2889 1692 periculo
2935 1633 3092 1679 vacat
3141 1641 3262 1694 qua:
3297 1627 3415 1679 sine

1841 1716 2197 1786 inquisitione
2257 1715 2317 1770 ﬁt
2362 1716 2699 1771 communio.
2753 1715 2826 1771 De
2873 1731 2931 1771 re
2971 1717 3173 1787 quippe
3220 1733 3412 1789 magna

1837 1809 2164 1879 periculum.

1908 1900 2297 1969 Investigemus
2349 1916 2479 1971 ergo
2530 1909 2585 1955 et
2641 1900 2872 1955 sollicite
2917 1900 3090 1955 simus
3129 1915 3253 1956 cum
3303 1916 3413 1971 quo

152 1984 284 2053 παρ’
319 1958 708 2051 οὒίόφείλομεν
747 1983 1078 2050 κοινωνῆσαι
1114 1998 1129 2012 ·
1167 1984 1215 2035 εί
1253 1958 1352 2052 την
1379 1958 1568 2034 ⁷πίστιν
1601 1958 1733 2051 ὁμο-

1843 1991 1997 2045 nobis
2019 1991 2531 2045 communicandum
2583 1990 2671 2054 sit,
2701 2005 2830 2042 num
2857 1999 3061 2044 rectam
3096 1989 3254 2044 fidem
3285 2008 3412 2060 pro-

150 2069 343 2139 λογοίη
368 2069 556 2140 ὀρθὴν,
589 2071 638 2121 εἰ
670 2069 744 2140 μὴ
769 2071 1015 2140 χρήμασι
1059 2071 1499 2142 κεχειροτόνηται
1527 2087 1540 2102 ·
1583 2073 1631 2123 εί
1658 2073 1730 2141 μή

151 2178 204 2214 τι
260 2160 393 2214 ἄλλο
429 2160 549 2213 τῶν·
589 2161 732 2214 κατά
783 2161 876 2214 τὸν
913 2161 1027 2231 βίον
1055 2163 1221 2214 αὑτοῦ
1274 2161 1733 2232 ὑποπτευομένων

152 2253 247 2306 καὶ
277 2252 640 2321 ἡκουσμένων
672 2250 983 2321 σφαλερῶν,
1013 2250 1236 2322 ἀληθές.
1266 2253 1328 2305 El.
1387 2252 1442 2304 δὲ
1495 2252 1578 2305 ὃτι
1635 2248 1734 2321 τὴν

152 2346 498 2415 χειροτονίαν
550 2346 933 2416 καταγομένην
965 2345 1077 2416 ἔχει
1111 2346 1220 2398 ἀπὸ
1244 2344 1338 2398 τοῦ
1367 2345 1562 2410 δεῖνος,
1622 2346 1732 2397 εἴτε

152 2435 213 2500 ἐξ
265 2434 569 2506 αίρετικοῦ,
606 2437 717 2489 εἴτε
744 2438 808 2488 ὲκ
836 2437 1466 2507 χρηματοχειροτονήτου
1492 2452 1505 2465 ο
1571 2435 1736 2498 αὐτὸς

148 2528 206 2582 δὲ
237 2527 365 2582 οὔτε
421 2529 719 2599 αίρετικδς,
754 2528 878 2581 οὔτε
923 2531 980 2582 ὲν
1022 2528 1224 2598 γνώσει
1278 2531 1344 2582 ὲκ
1391 2528 1735 2599 χρηματολή-

153 2637 314 2682 πτου,
345 2620 447 2673 εἴτ’
493 2620 586 2674 οὖν
635 2618 989 2690 Σιμωνιανοῦ,
1024 2621 1534 2690 κεχειροτονημένος
1560 2635 1573 2650 ·
1605 2622 1734 2689 ὁμο-

151 2713 340 2783 λογοίη
370 2715 412 2765 δ’
448 2714 600 2783 ὅμως
623 2714 723 2783 τὴν
752 2715 930 2766 πᾶσαν
964 2713 1243 2784 ἀλήθειαν,
1302 2713 1402 2783 τήν
1443 2729 1502 2765 τε
1550 2713 1735 2766 πίστιν

152 2803 446 2870 φυλάττειν
476 2804 568 2856 καὶ
595 2805 719 2866 τοὺς
753 2804 984 2868 κανόνας
1006 2803 1434 2875 ἀπαρατρὼτους
1463 2821 1478 2837 ο
1505 2805 1632 2870 τούς
1665 2823 1726 2858 τε

152 2895 278 2948 κατ’
333 2895 630 2966 ἀμφότερα
653 2895 1218 2968 παρατετραμμένους
1250 2894 1689 2966 ἀποϐαλλόμενος
1716 2914 1730 2928 ο

152 2987 333 3051 οὐδεὶς
372 2989 503 3056 ἡμῖν
530 2986 684 3054 λόγος
710 2986 922 3056 ἀποχῆς
975 2987 1110 3057 πρὸς
1134 2987 1315 3040 αὐτόν.
1385 2988 1733 3056 ’Δκατάγνω-

156 3092 280 3138 στος
327 3075 493 3144 γὰρό
528 3074 768 3138 τοιοῦτος
827 3073 966 3128 κατά
1030 3076 1155 3138 τοὺς
1218 3075 1733 3145 προδεδηλωμένους

154 3167 369 3234 ἁγίους,
408 3167 503 3218 καὶ
543 3165 607 3218 δι’
635 3163 816 3218 αὐτῶν
864 3165 1006 3218 κατὰ
1051 3165 1283 3228 πάντας.
1341 3163 1500 3218 Οὕτω
1554 3166 1734 3217 τοίνυν

150 3261 246 3312 καὶ
288 3258 678 3326 κοινωνοῦμεν,
722 3259 818 3311 καὶ
842 3257 969 3327 ὑμῖν
997 3257 1167 3310 ταυτὸ
1199 3260 1371 3310 ποιεῖν
1427 3255 1732 3327 συμϐεϐου-

152 3350 396 3421 λεύμεθα
431 3350 589 3423 [Κεὶς.
627 3350 748 3405 cod.
797 3352 845 3404 εί
897 3351 997 3404 οὐκ
1026 3349 1391 3419 ἀκουσόμεθα,
1423 3351 1468 3403 si
1508 3366 1609 3402 non
1639 3367 1736 3402 au-

152 3442 326 3515 ditis
367 3443 524 3497 Ἐπεὶ⁸
543 3445 591 3496 εί
623 3443 1009 3514 περισσότερον
1039 3441 1386 3513 διηρεύνηται
1407 3441 1712 3513 ,ἀποκρούε

154 3550 242 3588 ται
270 3534 397 3604 μὲν,
433 3533 510 3595 ὡς
557 3532 848 3598 δέδεικται,
879 3533 948 3586 τὰ
974 3532 1081 3586 τῶν
1113 3533 1369 3604 Πατέρων
1422 3531 1738 3602 παραγγέλ-

159 3644 306 3696 ματα
339 3643 352 3656 ·
392 3625 718 3696 έκλιμπάνει
754 3625 811 3679 δὲ
857 3624 1108 3679 τοσοῦτον
1155 3624 1216 3677 τὸ
1280 3625 1379 3695 τῆς
1437 3624 1737 3694 ἱερωσύνης

154 3719 351 3790 δῶρον,
381 3717 469 3787 ἐφ’
497 3710 615 3785 ᾦτὸ
632 3717 950 3789 Χριστιανοὶ
984 3715 1266 3769 καλεῖσθαι
1298 3715 1494 3785 ἔχομεν
1516 3729 1530 3745 ο
1559 3714 1634 3778 ὼς
1657 3715 1737 3778 είς

158 3809 380 3880 ἐθνικὴν
411 3809 560 3879 ἡμᾶς
608 3809 938 3877 μεταπεσεῖν
981 3806 1238 3878 λατρείαν
1267 3820 1280 3834 °
1314 3806 1450 3875 ὅπερ
1509 3805 1731 3860 ἄτοπον.

158 3900 302 3971 Πρὸς
332 3899 395 3951 τό
421 3915 484 3967 γε
517 3899 613 3952 καὶ
642 3898 1127 3970 ἀκριϐευομένους,
1154 3894 1296 3950 οὕτω
1327 3896 1463 3966 μηδὲ
1485 3899 1542 3949 ὲν
1575 3895 1736 3949 Δύσει

157 3991 252 4045 καὶ
288 3989 551 4061 Ἀνατολῇ
579 3989 948 4059 ἀφικομένους
982 3988 1257 4056 εὑρίσκειν
1279 3987 1339 4040 τὸ
1363 3987 1698 4058 ζητούμενον
1719 4025 1734 4052 ,

157 4081 541 4154 ἀναδρομάδην
571 4080 1019 4153 καθαιρουμένων
1051 4080 1269 4134 πάντων
1286 4079 1374 4132 διὰ
1422 4079 1522 4150 τῆς
1568 4080 1736 4151 ἀλλη-

158 4176 354 4245 λούχου
415 4174 951 4245 συλλειτουργήσεως
978 4187 992 4202 ο
1074 4171 1262 4241 ἐπειδὴ
1311 4170 1604 4242 προφανῶς
1658 4171 1736 4241 τῷ

171 4267 464 4340 Ῥωμαίων
493 4265 742 4337 προέδρῳ
776 4267 865 4318 ἐπὶ
894 4265 1168 4336 Ταρασίου
1201 4265 1626 4334 συνιεράτευσαν
1680 4267 1730 4317 οἱ

160 4363 222 4415 ὲκ
251 4360 426 4413 τῶνδε
444 4359 852 4430 ἁποκρισιάριοι
868 4357 1266 4420 ἀποσταλέντες
1287 4372 1301 4388 ο
1326 4355 1578 4410 κάκείνου
1595 4356 1736 4426 τάχα

161 4457 269 4518 τοῖς
288 4451 394 4523 τῆς
436 4449 605 4522 Ἐῴας
632 4466 649 4484 ο
667 4451 762 4504 καὶ
790 4450 995 4521 φροῦδα
1017 4448 1262 4504 ἐντεῦθεν
1283 4450 1352 4503 τὰ
1379 4449 1478 4518 τῆς
1509 4448 1736 4519 ἱερωσύ-

161 4566 254 4617 νης
286 4562 300 4576 ·
330 4545 359 4600 ὃ
388 4542 876 4616 ἀπαγορεύσαντες
930 4541 1168 4608 πάντως,
1215 4539 1623 4610 καταδεξόμεθα
1677 4542 1735 4592 έν

161 4639 234 4708 τῷ
287 4634 683 4708 προειρημένῳ
732 4633 874 4688 κατά
935 4633 1065 4697 τοὺς
1115 4631 1300 4701 ἁγίους
1360 4632 1545 4702 μέτρῳ
1602 4631 1733 4700 στῆ-
1759 4634 1812 4692 D

170 4748 379 4873 “Kron
411 4816 584 4871 πολλὰ
613 4814 814 4886 συνέϐη
848 4814 945 4868 καὶ
979 4812 1267 4883 συμϐαίνει
1293 4812 1519 4866 τοιαῦτα
1550 4828 1732 4881 παρα-

164 4915 434 4982 πτώματα
464 4911 524 4962 ξν
546 4911 612 4980 τῇ
646 4907 948 4978 Ἐκκλησία
973 4921 986 4934 ·
1011 4905 1047 4959 ἀ
1067 4905 1242 4968 οὐδεὶς
1264 4905 1372 4956 τῶν
1425 4903 1596 4971 ἁγίων
1643 4901 1734 4955 εὓ-

168 5019 324 5073 ρηται
360 4999 507 5054 οὕτω
531 4999 886 5071 διερευνήσας
906 5014 918 5026 ⁸
952 4998 1034 5051 ὅτι
1060 4995 1200 5067 μηδὲ
1227 4989 1338 5048 οἷόν
1361 5011 1442 5059 τε,
1472 4993 1597 5047 οὕτε
1628 4993 1736 5065 μὴν

164 5093 429 5148 ἐκδέδωκε
463 5091 752 5160 φυλάττειν
783 5090 952 5160 ἡμᾶς.
986 5089 1140 5158 Ἔχει
1192 5087 1290 5157 μὲν
1340 5085 1494 5139 ταῦθ’
1539 5083 1733 5147 οὕτως.

165 5188 299 5256 Περὶ
331 5185 391 5236 δὲ
415 5183 511 5236 τοῦ
545 5182 1005 5254 προύργιαίτερον
1040 5181 1174 5250 ἡμῖν
1196 5176 1337 5233 εἶναι
1389 5177 1487 5244 τῆς
1551 5193 1738 5247 μοιχοο

165 5276 408 5347 κυρώτου
437 5273 656 5327 συνόδου
688 5275 786 5344 τὴν
810 5271 932 5326 καθ’
964 5272 1112 5342 ἡμᾶς
1155 5268 1303 5342 [c0d.
1365 5267 1500 5338 Reg.
1548 5269 1690 5337 ὑμᾶς
1718 5265 1735 5339 ]

166 5371 414 5424 ἔνστασιν
450 5407 465 5433 ,
523 5367 849 5437 τεθαύμακα
934 5365 1176 5427 ἀκούσας
1218 5379 1230 5394 ·
1295 5362 1550 5416 τοσοῦτον
1627 5361 1736 5430 γὰρ

168 5462 559 5534 προτιμοτέρα,
587 5461 713 5514 ὅσον
744 5457 1107 5528 ἀποστολικῆς
1138 5455 1376 5526 φωνῆςὴ
1460 5454 1733 5524 Κυριακὴ.

235 5642 347 5696 Καὶ
375 5640 528 5694 οὔπω
556 5639 698 5706 λέγω
724 5638 805 5691 ὄτι
830 5637 1099 5706 Ταράσιος
1121 5634 1218 5687 οὐκ
1242 5631 1502 5704 ἐκήρυξεν
1527 5632 1582 5684 ἐν
1609 5631 1741 5701 χρή-

174 5753 300 5805 μασι
331 5733 774 5805 χειροτονεῖσθαι.
823 5730 983 5784 ’Λλλά
1014 5729 1107 5784 καὶ
1137 5730 1262 5791 τοὺς
1306 5725 1579 5788 τοιούτους
1609 5728 1741 5794 όμο-

171 5826 340 5894 λογῶν
375 5825 450 5895 μὴ
477 5822 729 5893 δέχεσθαι
764 5822 906 5875 κατά
937 5821 996 5874 τὸ
1028 5819 1328 5891 προφανές·
1359 5812 1459 5871 ὧδε
1487 5818 1540 5870 δὲ
1570 5817 1743 5886 δόγμα

174 5917 310 5969 κατά
333 5931 387 5970 τε
426 5914 515 5968 τοῦ
550 5911 908 5982 Εὑαγγελίου,
947 5911 1038 5966 τοῦ
1087 5928 1144 5964 τε
1177 5910 1508 5981 Προδρόμου,
1547 5908 1654 5962 τῶν
1684 5925 1739 5960 τε

1838 2079 2094 2145 fiteatur;
2127 2096 2256 2133 num
2281 2079 2510 2149 pecunia
2543 2079 2613 2133 sit
2635 2081 2918 2133 ordinatus
2945 2099 2957 2144 ;
2989 2081 3231 2150 nunquid
3265 2082 3413 2136 aliud

1836 2186 2046 2235 eorum,
2079 2187 2199 2240 quae
2231 2171 2382 2224 illum
2415 2169 2468 2222 in
2533 2170 2640 2224 vita
2675 2171 3018 2225 commisisse
3056 2173 3138 2225 vel
3179 2173 3416 2242 suspicio

1837 2265 1920 2318 vel
1948 2263 2087 2317 fama
2133 2271 2238 2325 est,
2285 2277 2476 2318 verum
2504 2263 2593 2317 sit.
2627 2260 2682 2315 Si
2731 2271 2910 2315 autem
2957 2263 3084 2331 quia
3121 2264 3414 2319 deductam

1838 2351 2000 2405 habet
2023 2351 2424 2405 ordinationem
2458 2351 2526 2405 ab
2555 2350 2737 2420 aliquo
2767 2351 3026 2405 hatretieo
3057 2369 3153 2407 seu
3193 2369 3288 2423 per
3318 2371 3412 2423 pe-

1836 2440 2054 2495 cuniam
2084 2441 2334 2495 ordinato
2362 2457 2376 2503 ;
2411 2456 2536 2495 eum
2566 2440 2684 2510 ipse
2716 2441 2938 2494 interim
2978 2457 3080 2496 nec
3125 2442 3416 2515 haereticus

1837 2531 2036 2596 sit,nec
2057 2531 2238 2586 sciens
2261 2533 2543 2587 ordinatus
2559 2534 2627 2587 ab
2649 2534 2869 2588 homine
2895 2536 3411 2605 pecuniacorrupto,

1837 2623 1889 2676 id
1917 2633 2001 2678 est
2032 2621 2375 2678 Simoniaco:
2407 2640 2624 2680 omnem
2655 2634 2835 2680 autem
2869 2627 3222 2682 veritatemet
3255 2628 3412 2682 fidem

1838 2723 1893 2767 et
1922 2727 2162 2768 canones
2194 2715 2431 2769 illibatos
2464 2731 2682 2770 servare
2721 2719 3060 2785 profiteatur,
3101 2727 3154 2772 et
3200 2732 3295 2772 eos
3321 2719 3411 2786 qui

1837 2805 2096 2860 alterutro
2127 2805 2421 2860 deﬂectunt
2455 2807 2678 2876 rejicere
2727 2826 2737 2860 :
2787 2810 2936 2863 nulla
2967 2810 3121 2864 nobis
3172 2811 3307 2864 ratio
3334 2821 3418 2865 est

1836 2895 1904 2949 ab
1942 2895 2034 2950 illo
2056 2896 2392 2951 discedendi.
2415 2897 2462 2950 ls
2481 2897 2623 2950 enim
2647 2897 2952 2968 inculpatus
2973 2910 3078 2964 est,
3104 2900 3256 2971 juxta
3290 2916 3416 2955 san-

1836 2992 1953 3036 ctos
1982 2983 2144 3036 modo
2178 2983 2444 3048 laudatos,
2473 2994 2530 3038 et
2557 3001 2652 3053 per
2683 2985 2803 3040 illos
2833 2989 2989 3057 juxta
3013 2990 3258 3043 omnium
3291 3006 3415 3044 seu-

1846 3072 2098 3128 tentiam.
2140 3073 2230 3129 Sic
2259 3091 2387 3146 ergo
2419 3084 2473 3129 et
2524 3091 2625 3131 nos
2655 3081 3144 3143 communicantes,
3175 3089 3232 3135 et
3264 3084 3417 3136 vobis

1837 3170 1896 3214 ut
1927 3161 2067 3215 idem
2097 3161 2308 3216 faciatis
2336 3174 2589 3219 auctores
2610 3180 2818 3221 sumus.
2853 3168 3092 3237 Alioqui,
3115 3169 3161 3223 si
3185 3171 3419 3240 amplius

1766 3291 1806 3349 Ο
1843 3252 2168 3321 inquiratur,
2199 3256 2587 3325 exploduntur,
2621 3266 2680 3311 ut
2706 3257 3138 3313 demonstratum
3177 3269 3284 3326 est,
3318 3261 3419 3314 l’a-

1843 3351 1984 3397 trum
2012 3346 2234 3410 monita,
2259 3355 2314 3401 et
2358 3347 2570 3401 irritum
2617 3347 2676 3402 fit
2705 3349 2918 3419 ingens
2948 3350 3078 3405 illud
3128 3352 3418 3405 sacerdotii

1843 3450 2066 3499 munus,
2101 3453 2196 3506 per
2218 3438 2362 3508 quod
2408 3438 2847 3496 Christianorum
2911 3457 3110 3496 nomen
3164 3443 3421 3513 ιιάψιεοίο

1844 3540 2004 3578 mur:
2042 3535 2099 3579 ut
2153 3527 2220 3581 ad
2258 3529 2512 3584 ethnicos
2545 3530 2682 3584 ritus
2730 3531 2911 3586 delabi
2970 3547 3072 3586 nos
3116 3542 3369 3601 Oporteat
3403 3552 3417 3587 :

1839 3617 1984 3686 quod
2014 3628 2098 3674 est
2139 3619 2455 3677 absurdum.
2499 3623 2865 3694 Prwterquam
2911 3627 3057 3695 quod
3115 3627 3189 3681 ita
3239 3627 3421 3697 inqui-

1841 3719 2046 3776 rentes,
2081 3722 2137 3767 et
2166 3714 2234 3767 ad
2263 3715 2603 3770 occidentem
2660 3728 2823 3787 atque
2871 3720 2937 3773 ad
2973 3719 3237 3774 orientem
3294 3737 3420 3790 pro-

1840 3801 2033 3870 gressi,
2077 3818 2345 3872 nusquam
2388 3806 2671 3875 reperiunt
2701 3808 2846 3876 quod
2871 3818 3140 3877 quaerunt,
3163 3811 3419 3864 omnibus

1841 3909 2059 3949 sursum
2120 3911 2307 3950 versus
2369 3896 2658 3966 depositis,
2715 3909 2936 3970 propter
2985 3910 3230 3955 mutuam
3272 3902 3416 3956 inter

1840 3986 1987 4057 ipsos
2025 4003 2302 4044 sacrorum
2346 3992 2706 4046 societatem:
2743 3993 3189 4063 quandoquidem
3232 3997 3408 4049 mani-

1839 4076 2038 4132 festum
2073 4092 2175 4144 est,
2235 4080 2444 4135 Tarasii
2485 4082 2820 4151 temporibus
2862 4083 3242 4153 apocrisiarios
3287 4085 3416 4140 hinc

1840 4171 2038 4225 missos
2063 4187 2212 4228 sacra
2241 4173 2514 4243 peregisse
2550 4188 2677 4229 eum
2731 4175 3286 4244 Romano.antistite,
3328 4191 3414 4233 at-

1838 4274 1943 4329 que
1968 4260 2130 4331 hujus
2159 4260 2391 4318 fortasse
2410 4279 2535 4317 cum
2569 4266 2924 4321 orientalibus
2948 4285 2960 4320 :
3005 4268 3236 4338 indeque
3261 4285 3412 4324 cassa

1839 4361 1922 4407 est
1959 4353 2138 4407 omnis
2170 4355 2307 4408 ratio
2338 4355 2626 4410 sacerdOtii
2655 4373 2667 4410 :
2698 4358 2843 4426 quod
2877 4359 3104 4413 omnino
3140 4375 3405 4429 respuen-

1842 4453 1945 4509 tes,
1980 4444 2034 4498 in
2061 4446 2320 4515 praedicta
2361 4449 2666 4503 secundum
2696 4459 2918 4506 sanctos
2947 4450 3062 4522 lege
3109 4462 3254 4507 stare
3299 4468 3413 4506 am-

1840 4534 2160 4605 plectemur.

1908 4809 2045 4874 Quia
2103 4807 2289 4863 multae
2325 4809 2675 4881 contigerunt
2727 4816 3164 4883 continguntque
3221 4808 3414 4881 hujus-

1838 4900 1983 4954 modi
2023 4899 2354 4958 oﬂ'ensiones
2400 4903 2451 4956 in
2485 4903 2747 4967 Ecclesia,
2777 4919 2913 4972 quas
2960 4904 3142 4958 nullus
3172 4920 3410 4974 unquam

1837 4998 2152 5046 sanctorum
2182 4991 2256 5045 ita
2319 4993 2536 5049 curiose
2585 4993 2871 5064 indagasse
2935 4994 3172 5064 legitur:
3223 5010 3288 5050 ac
3343 5011 3412 5048 ne

1841 5079 1954 5135 fieri
1985 5082 2203 5151 quidem
2237 5082 2287 5138 id
2325 5083 2533 5153 possit:
2570 5100 2738 5154 quare
2780 5100 2881 5139 nec
2923 5086 3083 5140 nobis
3111 5086 3412 5141 observan-

1839 5172 1967 5227 dum
2023 5173 2381 5229 tradiderunt.
2417 5177 2592 5245 Atque
2620 5177 2737 5231 haec
2789 5178 2842 5230 in
2879 5179 3023 5232 hunc
3053 5179 3293 5234 modum.
3337 5181 3414 5236 De

1841 5264 1943 5319 hac
1960 5279 2089 5319 vero
2113 5266 2467 5321 contentione
2497 5278 2707 5331 nostra,
2734 5267 2878 5337 quod
2902 5269 3084 5323 utilior
3105 5271 3262 5324 nobis
3302 5287 3411 5325 non

1841 5358 1910 5412 sit
1937 5374 2099 5428 quam
2131 5360 2368 5431 synodus
2409 5375 2530 5430 qua:
2559 5361 2791 5415 moechis
2817 5362 3211 5430 patrocinatur,
3247 5363 3412 5416 miru-

1843 5460 1928 5504 tus
1983 5466 2103 5505 sum
2133 5466 2257 5506 cum
2285 5452 2464 5506 audivi
2489 5471 2503 5506 :
2541 5461 2692 5506 tanto
2720 5453 2864 5506 enim
2915 5453 3005 5507 illa
3029 5453 3409 5522 praestabilior,

1841 5551 2044 5612 quanto
2077 5543 2288 5598 Domini
2317 5560 2412 5598 vox
2453 5545 2801 5614 apostolicam
2837 5544 3128 5599 antecedit.

1913 5633 2098 5703 Neque
2124 5634 2178 5689 id
2206 5643 2415 5689 tantum
2453 5635 2605 5700 dico,
2633 5652 2740 5689 non
2769 5635 3001 5689 edixisse
3033 5634 3319 5688 Tarasium
3355 5645 3415 5689 ut

1844 5740 1939 5796 per
1965 5725 2255 5795 pecuniam
2287 5727 2553 5781 ordinatio
2583 5726 2732 5780 fieret
2767 5745 2780 5780 ι
2812 5725 2905 5780 sed
2933 5725 3232 5793 professum
3290 5738 3412 5778 esse

1846 5832 1904 5871 se
1940 5816 2074 5870 tales
2104 5831 2211 5870 non
2241 5817 2510 5886 recipere,
2551 5816 2691 5870 sicut
2717 5817 2891 5884 palam
2913 5823 3016 5869 est.
3052 5812 3205 5868 Nune
3230 5825 3410 5868 autem

1845 5907 2040 5979 dogma
2075 5908 2331 5964 adversus
2362 5907 2708 5979 Evangelium
2734 5917 2786 5962 et
2817 5907 3210 5963 Prrecursorem
3239 5915 3294 5962 et
3320 5920 3430 5960 (ιο-ν
