3914 6454
509 424 644 486 1107
1696 422 1756 478 S.
1796 421 2187 480 TIIEODORI
2231 419 2574 479 STUDlT/E
3633 418 3753 483 1108

503 556 697 602 nones,
734 532 990 607 synodice
1028 550 1123 603 per
1171 532 1425 587 adulterii
1471 532 1803 602 copulatoris
1852 548 2048 603 suscep

2209 536 2444 600 εανόνων,
2477 534 2768 597 συνοδικῶς
2798 534 2884 588 διά
2909 533 3006 603 τῆς
3040 533 3135 588 τοῦ
3174 534 3562 606 μοιχοζεύκτου
3589 555 3755 610 παρα-

508 630 708 684 tionem
773 622 1170 695 promulgatum
1234 630 1343 684 est,
1396 622 1574 675 scelus
1620 620 2054 690 dispensationeu

2210 626 2353 696 Ξοχῆς
2380 625 2780 697 ὲκπεφὼνηται,
2818 625 3070 695 βεϐαιοῦν
3110 628 3208 699 τὴν
3252 630 3600 699 παρανομίαν
3630 633 3756 685 οἱκο-

503 737 626 775 esse
683 717 953 779 sanciens,
1002 730 1065 768 ac
1120 714 1404 783 episcopos
1464 722 1520 767 et
1574 713 1908 772 sacerdotes,
1960 728 2049 766 cur

2212 716 2408 786 ρομίαν,
2439 716 2566 780 τούς
2594 733 2651 768 τε
2686 718 2944 786 ἱεράρχας
2981 717 3075 771 καὶ
3107 719 3273 789 ἱερεῖς
3301 718 3501 772 ὁπόταν
3537 719 3758 788 βούλων-

506 810 764 871 libuerit,
808 807 1192 861 auctoritatem
1222 804 1276 858 in
1310 818 1554 857 canones
1589 804 1833 858 habere:
1868 819 1961 859 eos
1994 821 2050 874 (ιι

2211 826 2280 861 ται
2315 807 2650 873 ὲξουσιάζειν
2693 809 2800 862 τῶν
2830 810 3097 863 κανόνων·
3141 811 3237 863 καὶ
3280 812 3406 875 τοὺς
3452 812 3527 883 μὴ
3578 814 3757 866 ταυτὸν

505 904 693 958 eadem
728 918 832 954 non
866 899 1128 961 sentiunt,
1159 896 1629 952 anathematizans
1660 905 1714 951 et
1760 896 1893 951 diris
1924 897 2051 951 devc

2213 901 2523 973 ρρονοῦντας
2545 902 2943 971 άναθεματέζον
2967 902 3060 954 καὶ
3078 903 3493 973 ἐκσκορακέζον,
3519 903 3759 976 καθάπερ

506 1007 638 1045 vens
667 1033 680 1055 ,
722 1000 779 1043 ut
808 989 979 1043 scitis.
1028 986 1140 1041 Hoc
1173 987 1661 1041 Iconomachorum
1692 985 1883 1040 haeresi
1912 1026 1925 1049 ,
1987 996 2052 1039 et:

2219 1011 2327 1046 στε.
2376 994 2546 1046 Τοῦτο
2598 994 2822 1059 καὶτῆς
2854 994 3222 1066 Είκονομάχου
3266 996 3554 1065 αἱρέσεως,
3590 998 3639 1049 εί
3680 998 3761 1050 καὶ

506 1084 809 1154 posterius,
849 1091 904 1135 at
928 1097 1037 1134 non
1070 1081 1249 1134 levius
1275 1078 1546 1133 videbitur
1572 1079 1659 1148 pie
1691 1078 2052 1132 consideranti

2214 1086 2466 1155 ἰεύτερον,
2497 1084 2614 1138 ἀλλ’
2644 1085 2744 1138 οὐκ
2771 1084 2991 1139 ἔλαττον
3014 1088 3126 1146 τοῖς
3156 1085 3398 1149 εὐσεϐῶς
3424 1085 3760 1156 ἀναθεωροῦ-

508 1181 610 1234 bus
654 1198 665 1232 :
714 1192 947 1247 quorum
986 1175 1244 1246 precibus
1286 1174 1545 1228 Dominus
1579 1174 1777 1227 malum
1813 1172 2054 1243 depellen

2218 1194 2301 1230 rw.
2340 1170 2441 1230 Ὧν
2473 1178 2501 1230 ὁ
2533 1176 2738 1247 Κύριος
2792 1181 2913 1241 ταῖς
2962 1177 3149 1247 εὐχαῖς
3202 1176 3447 1231 ἐκποδὼν
3496 1177 3558 1231 τὸ
3608 1178 3764 1231 κακὸν

506 1271 795 1341 pristinam
829 1285 1017 1340 pacem
1050 1268 1242 1323 reddat
1276 1267 1530 1321 Ecclesia:
1561 1282 1692 1320 suae.
1728 1266 2052 1334 Praeterquar

2216 1268 2333 1338 ἱρας
2364 1268 2726 1338 πρυτανεύσοι
2764 1270 2988 1339 εἰρήνην
3020 1270 3095 1333 ὠς
3128 1268 3188 1322 τὸ
3220 1270 3481 1340 ἀπαρχῆς
3510 1271 3577 1340 τῇ
3610 1267 3762 1322 αὐτοῦ

506 1364 674 1432 quod,
722 1373 783 1418 ut
826 1361 1089 1431 scripsisti
1120 1401 1135 1425 ,
1186 1361 1417 1414 alterum
1454 1359 1522 1412 ab
1552 1359 1724 1413 altero
1762 1357 2052 1427 pellitur,t

2221 1360 2512 1432 Εκκλησίᾳ.
2537 1361 2684 1431 Πλὴν
2719 1362 2821 1424 ὅτι,
2859 1362 2999 1414 καθά
3030 1361 3333 1432 γέγραφας,
3382 1362 3635 1431 θάτερον,
3675 1361 3767 1413 ὑπὸ

506 1456 605 1510 sibi
633 1457 911 1510 cohzerent
928 1453 1162 1525 cognitio
1184 1462 1237 1506 et
1266 1450 1543 1521 abrogatio
1570 1450 1793 1504 sceleris
1814 1464 1928 1519 quo
1954 1464 2052 1518 pra

2222 1452 2425 1521 πατέρου
2479 1452 2753 1522 βάλλεται,
2789 1454 2879 1507 καὶ
2934 1452 3214 1525 διάλληλος
3264 1457 3297 1526 ή
3341 1454 3644 1521 ἐπίγνωσις
3684 1455 3768 1507 καὶ

510 1558 591 1601 ter
633 1547 805 1615 legem
848 1544 985 1599 facta
1025 1544 1340 1613 conjunctio
1383 1552 1485 1598 est.
1534 1542 1865 1597 Incolumem
1908 1551 1963 1596 et
1998 1557 2056 1611 pr

2232 1541 2352 1605 ύσις
2408 1543 2509 1612 τῆς
2556 1542 2931 1614 ἀνομοδέσμου
2966 1544 3237 1614 πράξεως.
3276 1544 3649 1616 Ἐρῤωμένον,
3683 1542 3771 1596 καὶ

511 1637 811 1692 humilitate
842 1646 1023 1691 nostra
1063 1645 1330 1700 orantem,
1362 1651 1487 1690 cum
1516 1642 1625 1689 tota
1662 1634 1868 1688 familia
1900 1631 2054 1688 Domi

2230 1634 2492 1704 ὐχόμενον
2523 1635 2665 1705 ὑπὲρ
2698 1635 2795 1705 τῆς
2823 1634 3203 1698 ταπεινώσεως
3239 1636 3397 1706 ἡμῶν
3426 1635 3719 1689 πανέστιον
3747 1635 3772 1686 ό

508 1746 613 1785 nus
655 1739 707 1784 te
741 1738 1069 1797 conservet,
1111 1729 1413 1785 amicorum
1455 1730 1629 1802 prime
1654 1770 1667 1791 ,
1715 1737 1770 1784 et
1804 1727 2054 1783 zelantiut

2226 1724 2401 1796 ἱύριός
2432 1742 2489 1777 σε
2511 1725 2876 1795 διαφυλάξοιε,
2906 1726 3074 1797 φίλων
3098 1727 3503 1800 πρώτιστε,καὶ
3526 1725 3772 1797 ζηλωτῶν

509 1823 769 1877 maxime.

2201 1818 2483 1889 κράτιστε.

900 1960 1031 2014 LIV.
1070 1992 1134 2001 —
1167 1961 1332 2016 Amm:
1371 1963 1688 2031 pra’positw.

2551 1954 2676 2009 ΝΣ.
2713 1986 2778 1995 -
2801 1955 2984 2023 Ἀννῃ
3012 1955 3343 2026 ἡγουμένη.
3387 1954 3570 2030 [σοδ¹.]

1623 2079 1809 2129 Laudat
1833 2080 1941 2142 ejus
1962 2081 2198 2141 pietatem
2220 2085 2337 2137 erga
2359 2072 2641 2121 monachos.

580 2184 718 2253 Quid
749 2185 1004 2239 distulisti
1036 2186 1100 2241 ad
1138 2202 1238 2241 nos
1264 2186 1530 2248 scribere,
1562 2200 1627 2240 ac
1659 2184 1729 2240 de
1760 2185 1925 2239 rebus
1968 2198 2096 2239 san-

2271 2177 2336 2230 Τί
2373 2176 2679 2230 ὑπεστείλω
2706 2176 2800 2230 τοῦ
2834 2178 3066 2249 γράφειν
3106 2176 3200 2230 καὶ
3240 2177 3533 2247 γνωρίζειν
3561 2178 3693 2250 ἡμῖν
3714 2179 3776 2233 τά

511 2275 718 2331 ctitatis
761 2284 864 2329 tuae
916 2276 1196 2330 indicare?
1243 2274 1351 2329 Nos
1388 2291 1517 2330 vero
1547 2275 1716 2329 multo
1750 2274 1933 2328 minus
1968 2287 2057 2344 pro

2230 2270 2298 2339 ἧς
2330 2269 2607 2340 ὁσιότητός
2654 2287 2788 2333 σονς
2836 2269 3026 2339 Ἡμεῖς
3058 2269 3115 2323 δὲ
3149 2268 3236 2323 διὰ
3267 2268 3425 2323 τοῦτο
3466 2270 3671 2341 μᾶλλον
3720 2273 3776 2324 οὐ

510 2373 697 2433 pterea
726 2363 1054 2418 desistemus
1080 2403 1093 2426 ,
1139 2364 1337 2433 partim
1376 2364 1595 2434 quidem
1629 2364 1756 2433 quia
1789 2363 1992 2417 humile
2035 2377 2056 2416 ο

2233 2362 2563 2432 ιαλείψομεν.
2610 2362 2682 2414 Τὸ
2728 2362 2826 2431 μὲν
2870 2361 2954 2414 διά
3008 2362 3069 2414 τὸ
3110 2361 3257 2429 ἅπαξ
3306 2364 3451 2433 ἡμᾶς
3485 2364 3695 2428 ἀνοῖξαι
3726 2366 3779 2418 τὸ

513 2467 759 2511 nostrum
802 2458 914 2524 jam
966 2455 1134 2509 semel
1172 2456 1519 2526 aperuimus;
1561 2457 1757 2526 partim
1803 2457 1872 2510 ob
1920 2457 2059 2517 zelut

2234 2455 2452 2509 απεινὸν
2488 2455 2661 2526 στόμα
2685 2472 2700 2486 ο
2735 2455 2797 2507 τὸ
2832 2455 2889 2508 δὲ
2920 2454 3007 2508 διὰ
3035 2456 3127 2508 τὸν
3165 2455 3304 2510 κατά
3332 2458 3465 2510 Θεόν
3499 2474 3595 2510 σου
3625 2458 3779 2530 ζῆλον

514 2554 667 2603 tuum
703 2548 979 2613 divinum,
1010 2557 1064 2602 et
1089 2548 1371 2603 ardentem
1412 2548 1693 2618 pietatem.
1735 2548 1906 2607 Audio
1952 2560 2060 2605 emt

2240 2547 2297 2601 αἱ
2322 2546 2625 2615 πυρίπνουν
2650 2545 2931 2600 ε’ὐσέϐεαν.
2960 2546 3308 2618 Πυνθάνομαι
3335 2547 3443 2617 γάρ
3466 2565 3526 2601 σε
3552 2549 3780 2621 ἄληκτον

515 2649 567 2693 te
601 2638 836 2694 assiduis
867 2654 993 2709 erga
1027 2637 1225 2693 fratres
1264 2648 1482 2694 nostros
1521 2640 1803 2696 beneficiis
1837 2654 1944 2700 non
1980 2642 2061 2705 fat?

2236 2656 2287 2709 κε
2300 2657 2346 2692 ιν
2372 2639 2435 2692 τὸ
2467 2639 2596 2710 περὶ
2632 2638 2761 2702 τοὺς
2786 2638 3049 2710 ἀδελφοὺς
3068 2640 3225 2711 ἡμῶν
3241 2640 3613 2711 εὐποιητικὸν,
3638 2643 3782 2697 ἔνθεν

512 2732 627 2801 gari
656 2776 671 2800 ,
705 2733 811 2787 huc
843 2733 1078 2802 illucque
1109 2732 1534 2797 circumeundo,
1573 2744 1627 2787 et
1656 2735 1876 2788 obvium
1904 2746 2058 2803 quem

2234 2732 2456 2785 ;άκεῖθεν
2488 2730 2871 2804 περιθέουσαν,
2910 2734 3004 2786 καὶ
3039 2733 3272 2787 ἕκαστον
3303 2733 3393 2786 τὸν
3424 2737 3780 2807 παρατυγχά-

513 2840 620 2894 que
641 2812 935 2879 traetando’
958 2826 1401 2895 perhumaniter,
1436 2826 1739 2896 votivisque
1769 2827 1949 2881 verbis
1982 2832 2059 2887 tan

2238 2841 2363 2877 οντα
2394 2823 2748 2898 δεξιουμένην
2781 2824 3199 2896 φιλανθρώπως,
3233 2827 3328 2879 καὶ
3362 2830 3475 2892 τοῖς
3511 2830 3784 2889 εὐκταίοις

513 2933 675 2987 quam
706 2918 909 2973 Christi
948 2918 1259 2972 ministrum
1289 2920 1694 2989 prosequendo.
1728 2918 1772 2975 Ο
1802 2920 2056 2990 pulcherr

2243 2918 2410 2987 ήμασι
2436 2918 2916 2989 παραπέμπουσαν
2941 2918 3016 2982 ὼς
3039 2918 3275 2990 Χριστοῦ
3303 2919 3570 2975 διάκονον.
3604 2923 3669 2975 Ὤ
3691 2923 3782 2992 τῆς

515 3026 658 3066 mam
688 3011 831 3065 hanc
869 3021 1013 3065 tuam
1046 3013 1464 3080 occupationem
1492 3014 1505 3066 !
1538 3028 1571 3066 ο
1602 3011 1916 3082 vigilantem
1947 3013 1997 3065 in
2031 3013 2061 3067 d

2238 3011 2503 3082 enim;
2537 3028 2629 3065 σου
2661 3012 2863 3080 ταύτης
2894 3013 3315 3085 πραγματείαςῐ
3360 3013 3405 3068 ὣ
3450 3016 3550 3085 τῆς
3580 3032 3784 3085 γρηγο-

512 3102 656 3158 vinis
682 3103 846 3157 rebus
877 3118 1087 3157 sacram
1118 3103 1355 3157 animam
1385 3112 1533 3158 tuam
1562 3106 1574 3158 !
1606 3104 1792 3174 Neque
1815 3105 1957 3159 enim
1991 3107 2058 3160 so‘

2242 3105 2407 3171 ούσης
2433 3117 2527 3153 σου
2564 3102 2688 3173 περὶ
2720 3101 2789 3154 τά
2811 3100 2925 3155 θεῖα
2953 3103 3102 3173 ἱερᾶς
3134 3102 3344 3175 ψυχῆςῑ
3373 3104 3448 3157 Οὐ
3480 3103 3591 3174 γὰρ
3621 3106 3786 3174 ὀρφα-

517 3204 645 3250 snnt
681 3196 781 3250 ista
812 3206 864 3250 et
892 3195 1086 3261 unica;
1129 3196 1224 3251 sed
1282 3196 1426 3251 fetus
1460 3197 1686 3252 aliarum
1723 3198 1986 3252 virtutum
2008 3241 2020 3264 ,
2050 3216 2063 3252 ι

2242 3192 2332 3245 ικὰ
2364 3192 2556 3246 ταῦτα.
2600 3194 2990 3263 ’Λποκυήματα
3020 3193 3077 3247 δὲ
3107 3196 3309 3265 ἐτέρων
3347 3194 3583 3266 ἀρετῶν,
3621 3196 3784 3269 ἤγουν

517 3283 865 3339 fecunditatis
888 3293 993 3339 tuae
1021 3285 1322 3354 spiritualis
1350 3287 1693 3357 prepagines.
1715 3287 1983 3353 Quoniam
2003 3304 2063 3343 ne

2236 3283 2575 3355 τροὸλήματα
2632 3283 2733 3354 τῆς
2793 3285 3173 3356 πνευματικῆς
3224 3302 3316 3339 σου
3366 3285 3782 3357 πολυκαρπίας·

516 3372 634 3428 fieri
665 3383 841 3443 potest
869 3384 929 3427 ut
957 3388 1069 3427 non
1099 3373 1238 3428 bene
1267 3374 1432 3440 oleat,
1451 3375 1542 3444 qui
1573 3384 1845 3446 unguenta
1868 3375 2062 3430 circum

2241 3376 2330 3427 πεὶ
2358 3376 2480 3429 οὐδὲ
2509 3370 2619 3429 οἷόν
2646 3392 2707 3429 τε
2748 3376 2824 3448 μὴ
2854 3377 3075 3431 εὐωδεῖν
3104 3377 3196 3430 τὸν
3217 3365 3617 3447 ἐπιφερόμενον
3644 3380 3786 3450 ἀρώ-

516 3467 656 3519 lerat
685 3483 698 3519 :
740 3481 918 3536 neque
947 3475 1006 3520 ut
1040 3481 1148 3520 non
1186 3467 1368 3522 luceat
1401 3469 1493 3536 qui
1536 3467 1709 3522 facem
1738 3476 1933 3538 gestet.
1968 3468 2062 3522 llin

2242 3484 2390 3522 ιατα·
2434 3469 2571 3540 μηδὲ
2629 3469 3034 3541 λαμπαδουχεῖν
3085 3471 3176 3525 τὸν
3216 3470 3554 3541 φωτοφόρον.
3585 3471 3788 3525 Διαδεί-

516 3558 681 3627 igitur
710 3572 1099 3627 usquequaque
1133 3557 1552 3630 dignoscuntur,
1581 3573 1644 3613 ac
1668 3558 2013 3629 potissimum
2045 3559 2059 3613 i

2244 3578 2433 3616 νυνται
2475 3562 2655 3615 τοίνυν
2704 3562 2957 3617 ἐντεῦθεν
3003 3563 3235 3617 πάντοτε
3278 3563 3373 3617 καὶ
3411 3567 3656 3631 πάντως,
3698 3564 3788 3617 καὶ

520 3652 1003 3719 persecutionibus
1034 3666 1134 3721 pro
1164 3650 1421 3716 Christo,
1451 3652 1675 3722 quinam
1710 3652 1823 3706 sint
1850 3652 2066 3708 sanctita

2244 3653 2445 3707 ,άλιστα
2478 3654 2537 3708 ὲν
2562 3656 2675 3717 τοῖς
2700 3654 2839 3726 ὑπὲρ
2864 3654 3101 3726 Χριστοῦ
3130 3655 3410 3725 διωγμοῖς,
3437 3655 3584 3719 τίνες
3617 3656 3667 3708 oi
3694 3655 3790 3725 τῆς

520 3741 588 3795 tis
618 3750 923 3809 amatores,
964 3754 1019 3798 et
1055 3743 1197 3799 beati
1227 3760 1241 3807 ;
1278 3744 1503 3813 quinam
1545 3751 1734 3798 contra
1766 3743 2003 3814 improbi
2054 3760 2066 3797 t

2245 3745 2484 3813 πιότητος
2527 3745 2755 3816 ἐρασταὶ
2786 3746 2881 3798 καὶ
2913 3745 3165 3810 θεόλόιοι,
3194 3745 3289 3798 καὶ
3318 3745 3466 3808 τίνες
3514 3746 3566 3798 oi.
3592 3746 3791 3814 φαυλό-

519 3833 775 3887 bonitatis
805 3845 1057 3904 expertes
1085 3854 1097 3889 :
1142 3837 1494 3905 quantumvis
1525 3835 1784 3891 interiora
1825 3844 1974 3891 recte
2006 3835 2065 3889 ha

2246 3853 2367 3907 ητος
2392 3838 2486 3890 καὶ
2511 3836 2905 3907 ἀμοιράγαθοιο
2935 3837 3037 3892 κᾶν
3057 3836 3135 3907 τῷ
3154 3834 3259 3901 ἔξω
3285 3839 3527 3910 σχήματι
3551 3837 3619 3890 τὰ
3645 3836 3792 3897 ἔνδον

519 3925 669 3994 bere,
701 3936 924 3981 externa
960 3929 1142 3998 specie
1175 3929 1671 3984 assimulent.......

2211 3926 2389 3989 καλῶς
2420 3926 2509 3997 ἔχε
2519 3945 2564 3980 ιν
2594 3928 3082 4001 ὐποπλαττόμενοι.
3094 3968 3129 3983 ..
3152 3930 3251 4000 (1).

962 4061 1071 4119 LV.
1102 4096 1171 4105 ——
1191 4063 1358 4118 lremr
1386 4066 1647 4134 patriciw.

2528 4062 2654 4117 NE'.
2688 4063 2998 4133 -Είρήνῃ
3032 4064 3338 4134 πατρικίῳ.
3378 4061 3578 4141 [σπβ,.]

1331 4180 1394 4230 Ut
1427 4181 1647 4231 scribere
1684 4186 1876 4243 pergat.
1905 4180 2030 4230 Tum
2059 4179 2120 4227 de
2144 4179 2260 4228 ﬁlia:
2284 4177 2452 4228 morbo
2474 4178 2728 4229 dolentem
2754 4178 2960 4228 solatur.

590 4283 783 4339 Philtri
822 4286 1104 4355 cujusdam
1139 4286 1245 4340 vim
1287 4287 1453 4342 habet
1483 4288 1786 4343 litterarum
1811 4288 2102 4344 collocutio

2281 4278 2638 4359 Φιλτροποιόν
2664 4305 2717 4341 τι
2746 4289 2978 4360 πρᾶγμα
3008 4290 3040 4360 ἡ
3069 4290 3434 4363 γραμματικὴ
3464 4294 3796 4365 προσφώνη-

520 4378 773 4433 allectum
808 4379 1137 4448 ingenerans
1162 4380 1215 4433 in
1246 4381 1442 4435 animis
1464 4382 1762 4435 amantium
1798 4399 1809 4435 :
1844 4391 2066 4451 tantoqn

2250 4401 2317 4449 ις,
2354 4382 2539 4453 σχέσιν
2600 4382 2902 4452 ἐμποιοῦσα
2952 4384 3076 4446 ταῖς
3120 4383 3323 4455 ψυχαῖς
3366 4385 3478 4439 τῶν
3513 4386 3792 4458 ἐρώντων.

522 4468 692 4539 magis
723 4509 737 4533 ,
773 4478 982 4538 quanto
1016 4469 1179 4524 fuerit
1219 4476 1485 4525 sermonis
1519 4472 1941 4526 communicatio
1992 4471 2068 4527 fre

2251 4476 2325 4530 Lai.
2360 4474 2611 4529 τοσοῦτον
2640 4474 2796 4547 [Reg.
2830 4476 2952 4531 cod.
2995 4474 3309 4548 τοσαύτην],
3333 4476 3554 4548 ὅσῳπερ
3595 4476 3666 4531 ἃ.»
3702 4478 3797 4531 καὶ

519 4558 774 4627 quentior
805 4600 818 4624 ,
871 4559 1104 4613 latentes
1150 4561 1349 4614 amoris
1394 4560 1658 4615 scintillas
1703 4560 2065 4631 quodammod

2257 4562 2461 4635 υκνάζῃ
2510 4566 2543 4634 ή
2590 4564 2779 4634 ὁμιλία
2803 4582 2816 4595 ·
2866 4564 3031 4617 οἱονεὶ
3071 4564 3519 4620 ἀνασκαλεύουσα
3552 4567 3685 4630 τοὺς
3714 4569 3798 4621 ἐνε

522 4653 903 4713 exsuscitans,
957 4662 1013 4706 et
1058 4667 1307 4722 magnam
1369 4653 1773 4721 conjunctionis
1826 4653 2068 4706 benevol:

2252 4655 2608 4723 ποκειμένους
2637 4655 2936 4724 ἐρωτικοὺς
2961 4654 3282 4726 σπινθῆρας,
3314 4656 3409 4708 καὶ
3450 4655 3655 4728 πολλὴν
3698 4658 3797 4727 τὴν

523 4745 792 4799 ﬂammam
831 4745 1148 4799 incendens.
1210 4744 1397 4799 Simile
1437 4746 1691 4814 quiddam
1734 4755 1784 4800 et
1848 4744 1905 4799 in
1947 4745 2069 4799 nobi

2252 4744 2563 4815 γαπητικὴν
2586 4744 2827 4798 διάθεσιν
2856 4745 3214 4801 άνακαίουσα.
3248 4746 3516 4801 Τοσοῦτόν
3537 4766 3590 4801 τι
3620 4749 3717 4802 καὶ
3739 4750 3798 4801 ὲν

525 4837 824 4891 humilibus
864 4834 1046 4889 effecit
1078 4834 1306 4905 epistola
1347 4836 1628 4891 suavitatis
1658 4845 1796 4900 tuae,
1846 4835 2071 4905 spiritua

2254 4839 2345 4907 μῖν
2377 4840 2489 4900 τοῖς
2515 4839 2788 4901 ταπεινοῖς
2818 4837 3193 4908 ἀπειργάσατο
3221 4839 3254 4909 ή
3287 4839 3550 4912 ἐπιστολὴ
3572 4843 3675 4912 τῆς
3700 4842 3800 4910 ἐμ-

522 4932 627 4985 lem
661 4929 780 4994 ejus
811 4927 1243 4982 benevolentiam
1276 4927 1647 4997 multiplicans
1672 4967 1687 4990 ,
1720 4927 2068 4996 memoriaequ

2254 4931 2438 4994 alsia;
2466 4947 2581 4995 σου,
2616 4930 3101 4987 πολυπλασιάσασα
3144 4932 3244 5003 τὴν
3284 4934 3673 5004 πνευματικὴν
3708 4950 3800 5002 φι-

525 5018 778 5089 igniculis
809 5018 1173 5088 vegetioribus
1224 5018 1489 5073 insidens.
1536 5018 1699 5074 Utere
1740 5019 1919 5089 igitur,
1946 5019 2070 5088 pien

2256 5025 2330 5077 [αν
2359 5023 2549 5090 αὐτῆς,
2567 5023 2662 5074 καὶ
2683 5024 2751 5074 τά
2775 5023 2873 5090 τῆς
2898 5023 3119 5095 μνήμης
3140 5022 3548 5093 ἑμπυρεύματα
3565 5024 3802 5095 ἀκμαιό-

526 5110 734 5164 tissima
766 5110 995 5164 Domina
1020 5152 1035 5175 ,
1085 5111 1189 5165 hoc
1214 5111 1417 5165 amoris
1447 5111 1776 5180 pharmace;
1819 5126 1882 5164 ac
1926 5111 1993 5165 de
2021 5120 2072 5165 tu

2253 5131 2343 5180 ερα
2374 5112 2711 5177 ὲνιζάνουσα.
2739 5111 2871 5183 Χρῶ
2900 5111 3212 5184 τοιγαροῦν,
3245 5111 3645 5183 θεοσεσεστάτη
3682 5116 3799 5169 Κυ-

527 5206 842 5260 valetudine
873 5213 930 5259 et
958 5204 1323 5274 prosperitate
1362 5203 1523 5257 nobis
1552 5201 1816 5271 significa.
1849 5202 2073 5257 Novimu

2258 5204 2445 5275 ἱα,-τῷ
2492 5204 2825 5276 ἀγαπητικῷ
2871 5203 3008 5275 τῷδε
3057 5205 3368 5276 φαρμάκῳ’
3413 5207 3511 5260 καὶ
3564 5204 3804 5277 γνὼριζε

529 5299 674 5352 eiiim
719 5305 988 5367 perpetuo
1043 5298 1310 5351 virentem
1360 5293 1578 5349 virtutis
1632 5303 1735 5349 tua:
1787 5293 2007 5359 florem,
2058 5311 2075 5349 (

2258 5299 2342 5367 μῖν
2382 5296 2449 5350 τὰ
2480 5299 2578 5367 τῆς
2603 5296 2818 5364 εὐεξίας
2850 5298 2946 5351 καὶ
2970 5296 3276 5369 εὐπραξίας
3304 5315 3419 5353 σου.
3452 5299 3648 5369 Ἰσμεν
3692 5297 3804 5367 γάρ

533 5388 752 5459 pietatis
780 5387 1170 5442 abundantiam
1202 5402 1265 5441 ex
1298 5386 1365 5439 iis
1389 5399 1509 5455 qua:
1540 5384 1880 5445 audivimus,
1909 5394 1964 5439 et
1992 5401 2079 5454 qua

2259 5405 2270 5441 z
2295 5389 2415 5441 κατ’
2442 5389 2643 5459 ἀρετήν
2677 5407 2770 5442 σου
2798 5388 3051 5453 ἀειθαλὲς
3073 5391 3164 5445 καὶ
3194 5388 3515 5462 ποριστικὸν
3539 5392 3622 5454 εἰς
3648 5387 3805 5442 εὐσέ-

533 5497 680 5535 nunc
714 5482 878 5535 etiam
912 5480 1167 5535 audimus
1200 5498 1211 5533 :
1253 5489 1309 5533 et
1331 5478 1531 5548 quibus
1562 5493 1661 5531 nos
1695 5477 1797 5547 ipsi
1833 5477 2079 5531 beneficii

2259 5497 2375 5533 ειαν
2397 5480 2458 5552 ἐξ
2484 5474 2558 5532 ὧν
2584 5498 2643 5533 τε
2670 5482 2882 5550 ἁκηκόα
2892 5500 3011 5552 μεν,
3047 5483 3139 5535 καὶ
3170 5481 3336 5535 εἰσέτι
3362 5482 3673 5551 ἀκούομεν’
3706 5479 3805 5533 καὶ

534 5576 713 5631 aercti
758 5591 947 5630 sumus
986 5584 1041 5631 et
1072 5574 1335 5629 allicimur
1377 5572 1713 5627 etiamnum:
1762 5570 1874 5625 sive
1923 5586 2080 5625 vocer

2255 5574 2317 5641 ,φ’
2338 5565 2415 5625 ὧν
2452 5574 2611 5642 ἡμεῖς
2637 5573 2790 5625 αὐτοὶ
2849 5569 2906 5627 εὖ
2942 5573 3292 5647 πεπόνθαμεν
3352 5573 3445 5628 καὶ
3477 5573 3801 5645 πάσχομεν·

2052 5731 2282 5788 ΝΟΤΑΞ.

617 5863 694 5932 (1)
730 5862 940 5918 Desunt
986 5857 1269 5921 nonnulla,
1303 5863 1360 5911 ut
1393 5854 1665 5925 conjicere
1708 5865 1789 5911 est
1818 5868 1880 5909 ex
1919 5853 2094 5925 spatio
2132 5852 2390 5917 vacuo,.in
2429 5854 2560 5925 Reg.
2596 5854 2717 5910 cod.
