3914 6476
160 462 305 524 1109

1367 457 1898 517 EPISTOLARUM
1930 457 2074 515 LIB.
2113 456 2162 516 Ι.

3225 455 3382 518 ’1110

153 580 271 632 εἴτε
318 576 669 646 δανειζομένη
722 574 819 643 τὴν
860 574 1075 643 φωνήνο
1125 571 1233 624 εἴτε
1279 572 1372 625 καὶ
1415 573 1472 638 ἐξ
1519 573 1719 635 οἰκείας

1828 571 2089 625 mutueris
2113 570 2366 632 alienam,
2387 570 2499 623 sive
2517 567 2695 638 lingua
2719 569 2934 639 propria
2949 569 3167 638 loquare
3187 585 3200 632 ;
3223 585 3383 638 quam

152 672 408 741 γλώττης
458 666 833 737 φθεγγομένη’
889 664 965 727 ὡς
1009 666 1170 734 ἡμεῖς
1215 680 1278 730 γε
1319 665 1472 734 ἡδείᾳ
1513 664 1720 733 ταύτην

154 761 363 833 μᾶλλον
390 759 649 827 ἐπαίομεν
678 756 935 820 διαθέσει,
957 756 1015 807 οὺ
1044 754 1184 823 ψιλῷ
1206 755 1322 824 ἤχῳ
1345 755 1718 824 προσέχοντεςο

149 857 251 908 καὶ
280 853 397 921 ἆμα
427 853 599 904 έκεῖνο
627 848 1005 918 γινώσκοντες,
1037 849 1113 910 ώς
1137 847 1310 910 οὐδεὶς
1334 846 1506 910 οὕτως
1531 848 1722 902 εἰκονί-

151 963 268 998 σειε
326 944 522 1014 ψυχὴν,
570 943 646 1004 ὡς
700 943 728 994 ό
763 941 891 1011 παρ’
939 939 1107 1009 αὐτῆς
1151 938 1354 1010 προῖὼν
1392 939 1567 1008 λόγος,
1615 940 1720 995 κᾶν

148 1037 340 1100 ὁποῖός
383 1034 500 1088 ποτ’
532 1033 598 1087 ἂν
637 1031 746 1100 εἰη.
775 1031 910 1102 Περὶ
940 1029 1038 1097 τῆς
1070 1028 1264 1097 κυρίας
1305 1027 1403 1096 τῆς
1451 1028 1719 1100 θυγατρός

152 1147 252 1181 σου
282 1128 367 1181 ὅτι
389 1127 608 1193 γέγονεν
639 1122 781 1176 οὕτω
806 1120 1086 1192 μαθόντες,
1111 1117 1412 1188 ὴνιάθημεν
1433 1136 1446 1150 ·
1475 1118 1637 1189 εὐχὴν
1663 1119 1720 1173 δὲ

150 1219 342 1281 ποίαν,
379 1217 412 1286 ἢ
442 1213 801 1283 ἀπομύρισμα
831 1206 942 1264 οἷον
974 1210 1151 1280 δῶμεν
1180 1210 1493 1280 ἁμαρτωλοὶ
1517 1210 1721 1278 τυγχά-

147 1323 374 1372 νοντες;
399 1305 544 1374 Πλὴν
566 1303 743 1356 ἐκεῖνο
762 1300 991 1353 πέπεισο
1016 1315 1031 1331 ο
1063 1299 1146 1351 ὅτι
1171 1298 1324 1351 οὐδὲν
1355 1297 1629 1368 ἰσχύουσιν
1661 1300 1717 1352 αί

148 1398 403 1452 τοιαῦται
451 1393 781 1466 περιεργίαι,
835 1393 883 1444 εἰ
934 1391 1072 1461 μήγε
1121 1391 1280 1459 ἡμεῖς
1311 1388 1488 1459 δῶμεν
1537 1388 1720 1459 χώραν

148 1486 461 1559 ἀπροσεξίᾳ
487 1485 611 1539 τινί.
655 1484 741 1546 Ὠς
769 1481 877 1551 γάρ
898 1482 995 1550 οὐχ
1022 1476 1132 1534 οἷόν
1163 1497 1220 1533 τε
1248 1479 1411 1532 τόπον
1443 1480 1560 1533 τινὰ
1585 1479 1721 1550 ἡλίῳ

151 1576 663 1650 περιλαμπόμενον,
711 1573 772 1627 τὸ
811 1572 1084 1626 ἀντίθετον
1131 1572 1319 1632 σκότος
1357 1570 1715 1634 εἰσδέξασθαι·

148 1671 328 1731 οὕτως
367 1667 487 1721 οὐδὲ
510 1666 792 1736 ἄνθρωπον
820 1662 948 1732 θείῳ
978 1660 1137 1730 φωτὶ,
1175 1660 1341 1731 ἦγουν
1377 1661 1587 1712 συνέσει
1625 1660 1720 1714 καὶ

152 1763 332 1832 ἀρετῇ
356 1757 786 1827 ἐπερειδόμενον,
819 1754 1013 1807 παθεῖν
1037 1770 1091 1806 τι
1123 1753 1229 1805 τῶν
1263 1750 1464 1804 σκαιῶν
1488 1752 1579 1804 καὶ
1604 1751 1722 1804 δαιο

159 1850 400 1920 μονικῶν
449 1844 935 1918 μαγγανευμάτων.
980 1841 1176 1910 Ἰαθείη
1217 1840 1454 1911 τοίνυνή
1492 1843 1618 1903 παῖς
1661 1842 1719 1892 ὲν

1821 678 1925 717 nos
1967 663 2148 731 utique
2184 662 2343 730 longe
2372 662 2613 716 dulciore
2657 664 2823 715 se’nsu
2872 661 3209 730 excipimus,
3245 659 3385 714 haud

1822 756 1968 811 nudo
1990 771 2125 811 sono
2153 755 2353 809 intenti
2379 771 2393 818 ;
2427 755 2521 808 sed
2551 753 2652 808 hoc
2685 751 2845 806 simul
2873 751 3237 822 intelligentes
3261 791 3275 813 ,
3306 751 3390 804 ni-

1823 847 1900 902 hil
1925 847 2166 900 animum
2191 845 2270 900 sic
2301 845 2633 914 exprimere,
2666 853 2725 898 ut
2751 844 2818 898 ab
2848 857 2913 898 eo
2940 845 3224 913 prodiens,
3257 859 3391 914 qua-

1824 938 2108 1006 liscunque
2149 935 2369 990 tandem
2414 934 2500 988 illa
2533 935 2642 998 sit,
2691 935 2887 988 oratio.
2922 933 2999 988 De
3025 934 3246 989 domina
3281 935 3386 988 filia

1823 1037 1934 1095 tua,
1965 1027 2109 1097 quod
2133 1027 2180 1081 ei
2213 1027 2428 1088 accidit,
2459 1026 2549 1080 ubi
2588 1025 2897 1089 didicimus,
2933 1025 3265 1080 indoluimus
3299 1042 3390 1079 ve-

1824 1119 2152 1173 hementer:
2199 1131 2463 1187 quasnam
2508 1130 2639 1170 vero
2682 1129 2902 1184 preces,
2951 1124 3044 1170 aut
3085 1117 3390 1186 cuiusmodi

1821 1209 2062 1264 lenimen
2106 1208 2482 1278 impertiamus
2523 1221 2625 1260 nos
2663 1207 2756 1276 qui
2798 1215 3111 1276 peccatores
3153 1209 3390 1263 sumus?

1820 1299 2205 1356 Verumtamen
2235 1300 2312 1355 sic
2329 1298 2422 1354 tibi
2443 1298 2790 1369 persuadeas,
2817 1299 3021 1353 nullam
3045 1300 3154 1354 vim
3188 1299 3389 1354 habere

1822 1391 2126 1446 istiusmodi
2173 1389 2468 1452 molestias,
2526 1391 2628 1444 nisi
2675 1390 2879 1444 aditum
2931 1389 3147 1458 ipsimet
3207 1405 3391 1445 socor-

1820 1484 1908 1538 dia
1937 1483 2114 1552 aliqua
2151 1482 2559 1552 patefaciamus.
2593 1481 3064 1548 Quemadmodum
3095 1483 3239 1537 enim
3272 1483 3389 1538 ﬁeri

1821 1572 2052 1641 nequit,
2094 1580 2154 1625 ut
2195 1571 2364 1625 locus
2385 1571 2659 1640 quispiam
2697 1569 2828 1625 solis
2857 1568 3021 1624 radiis
3053 1569 3351 1626 illustratus
3375 1609 3390 1632 .

1822 1662 2122 1716 contrarias
2153 1660 2407 1716 tenebras
2437 1661 2726 1726 admittat,
2789 1660 2867 1714 sic
2905 1675 3080 1729 neque
3117 1661 3279 1717 homo
3310 1663 3393 1717 di-

1821 1751 1948 1804 vino
1972 1751 2179 1804 lumine
2205 1789 2220 1814 ,
2266 1750 2371 1804 hoc
2407 1757 2492 1804 est
2534 1749 2822 1818 prudentia
2871 1756 2924 1803 et
2963 1749 3161 1804 virtute
3197 1751 3394 1822 nixus,

1820 1842 2039 1896 sinistra
2086 1842 2194 1896 ulla
2223 1842 2483 1897 daemonis
2514 1841 2701 1896 fraude
2730 1839 2853 1894 lardi
2884 1851 3082 1910 potest.
3129 1841 3394 1898 Convalc-

155 1942 385 2011 ὀνόματι
414 1939 620 2008 Κυρίου
654 1935 746 1989 τοῦ
791 1931 1183 2004 θεραπεύοντος
1228 1932 1405 1984 πᾶσαν
1435 1931 1587 1986 νόσον
1629 1933 1719 1986 καὶ

1827 1941 1942 1987 seat
1960 1948 2088 2004 ergo
2109 1933 2284 2002 puella
2309 1933 2364 1987 in
2399 1933 2622 1988 nomine
2638 1934 2871 2000 Domini,
2891 1935 2982 2004 qui
3006 1943 3161 1990 sanat
3174 1949 3394 1989 omnem

151 2036 339 2088 πᾶσαν
375 2028 644 2102 μαλακίαν
666 2043 680 2056 ·
712 2026 804 2080 καὶ
831 2025 969 2077 ἔστω
1002 2024 1122 2094 χεὶρ
1147 2021 1280 2075 Θεοῦ
1312 2023 1719 2093 περιιπταμένη

147 2128 244 2179 καὶ
263 2119 662 2184 ἐπισκιάζουσα
683 2118 780 2186 τὴν
803 2116 974 2184 αὐτῆς
993 2113 1254 2184 κεφαλὴν,
1271 2114 1361 2166 καὶ
1377 2112 1718 2167 ἀποσοϐοὖσα

147 2221 334 2271 πᾶσαν
364 2215 641 2283 ἐνέργειαν
671 2207 974 2278 βλαπτικήν
995 2223 1009 2236 ·
1058 2206 1133 2268 ὼς
1175 2204 1240 2258 ἂν
1275 2204 1572 2257 εὐεκτοῦσα
1620 2204 1716 2258 σὺν

151 2309 323 2380 μητρὶ
343 2304 587 2374 θεοφόόῳ
615 2300 836 2370 ἀποδοίη
862 2298 961 2361 τὰς
979 2297 1141 2366 εὑχάς
1163 2296 1331 2366 αὐτῆς
1355 2295 1721 2366 χαριστηρίως

146 2402 226 2471 τῷ
257 2398 472 2470 Κυρίῳ.

145 2535 291 2602 NQ".
327 2561 398 2572 —
433 2529 718 2602 Ἀντωνίῳ
762 2525 1074 2602 ἡγουμένῳ
1098 2524 1228 2602 ,τοῦ
1280 2523 1450 2591 ἁγίου
1472 2523 1719 2602 [ζέερονε

607 2589 704 2650 καὶ
741 2589 862 2662 τοῖς
898 2589 1020 2648 ὸὺν
1043 2593 1225 2659 αὐτῷ.
1329 2589 1337 2591 ⁷
1517 2589 1725 2667 [elisa]

1819 2023 2068 2078 morbum
2091 2031 2149 2078 et
2174 2024 2488 2095 languorem
2515 2039 2733 2081 omnem
2776 2043 2790 2079 :
2838 2035 2893 2082 et
2923 2042 3118 2082 manus
3159 2026 3256 2082 Dei
3285 2027 3394 2081 cir-

1818 2123 2035 2170 cumeat
2079 2123 2241 2185 atque
2283 2117 2571 2172 obumbret
2615 2127 2777 2188 caput
2828 2118 2972 2176 illius
3000 2159 3016 2185 ,
3071 2129 3127 2176 et
3175 2119 3394 2174 noxiam

1821 2204 1932 2260 vim
1964 2219 2182 2259 omnem
2219 2204 2491 2274 depellat;
2537 2214 2618 2272 ut,
2665 2223 2788 2262 cum
2830 2210 2918 2279 pia
2960 2219 3154 2276 matre,
3179 2211 3394 2265 incolu-

1821 2297 1926 2352 mis
1978 2304 2104 2352 vota
2140 2311 2236 2351 sua
2274 2296 2503 2353 Domino
2540 2314 2665 2354 cum
2705 2299 2994 2372 gratiarum
3034 2302 3243 2357 actione
3271 2300 3394 2357 red-

1820 2391 1932 2446 dat.

1828 2527 1959 2587 LVI.
1991 2564 2059 2573 —
2089 2533 2318 2588 Antonio
2362 2533 2855 2657 prwpositowsancti
2895 2533 3083 2599 Petri,
3116 2542 3164 2588 et
3210 2535 3274 2589 iis
3305 2535 3394 2605 qui

2473 2619 2589 2656 cum
2627 2619 2643 2655 ι
2689 2619 2739 2656 ο.

2473 2619 2589 2656 cum
2627 2619 2739 2656 ιιιο.

147 2717 336 2767 Suadet
359 2719 414 2764 ut
437 2724 557 2776 pace
591 2708 824 2760 Ecclesia:
842 2709 938 2770 jam
963 2721 1050 2770 per
1071 2706 1419 2769 imperatorem
1438 2707 1732 2817 consgiltutg,1
1743 2721 1867 2830 illi:
1887 2715 2183 2835 pgttiiarcha,
2210 2711 2741 2776 dictisconditionibus,
2775 2716 3154 2766 eommunlcent.
3187 2715 3392 2777 (Baron.

217 2883 330 2945 Τάς
361 2879 427 2932 ὲκ
457 2877 656 2947 πολλῆς
688 2875 916 2944 συνοχῆς
940 2874 1031 2927 καὶ
1061 2873 1294 2943 θλίψεως
1326 2873 1552 2944 καρδίας
1589 2889 1726 2944 γρα-

151 2977 346 3046 φείσας
398 2971 530 3040 ἡμῖν
588 2966 877 3030 ὲπιστολάς
921 2965 1072 3034 παρά
1119 2965 1217 3034 τῆς
1263 2966 1536 3036 πατρικῆς
1573 2965 1725 3034 ὑμῶν

151 3064 464 3136 ἁγιωσύνης
510 3060 821 3130 δεξάμενοι·
873 3059 994 3110 ὅσον
1032 3056 1504 3126 κατεστενάεαμεν
1551 3057 1603 3110 τί
1647 3057 1719 3109 δεῖ

1825 3069 1999 3116 vestra
2058 3063 2456 3131 accepissemus
2503 3103 2518 3127 ,

1891 2879 2028 2934 Cum
2063 2881 2321 2950 epistolas
2354 2890 2565 2937 vestras
2593 2896 2788 2953 magno
2822 2897 2946 2937 cum
2981 2881 3150 2936 animi
3191 2897 3395 2952 angore

1821 2979 1877 3025 et
1908 2971 2198 3026 afﬂictione
2229 2973 2295 3027 ad
2326 2988 2426 3028 nos
2456 2975 2689 3043 scriptas
2747 2988 2778 3026 a
2823 2982 3051 3042 paterna
3108 2973 3395 3027 sanctitate

2580 3069 2915 3132 quantopere
2967 3061 3409 3133 ingemuerimus

151 3160 244 3212 καὶ
276 3157 482 3224 λέγειν,
511 3151 816 3221 ἀδελφικοῖς
843 3147 1166 3216 σπλάγχνοις
1191 3147 1525 3217 κινούμενοι,
1555 3151 1602 3200 εἰ
1631 3149 1719 3200 καὶ

1825 3152 1948 3222 quid
1972 3152 2160 3208 dicere
2193 3153 2421 3218 attinet,
2473 3151 2724 3208 fraternis
2768 3151 3066 3207 visceribus
3098 3152 3351 3208 commoti
3379 3193 3394 3215 ,

151 3249 365 3313 ἀνάξιοι
390 3245 752 3314 τυγχάνομεν,
785 3240 876 3292 καὶ
906 3241 968 3290 ἐκ
999 3237 1397 3300 ταυτοπαθείας
1430 3239 1530 3303 τὴν
1564 3254 1719 3307 περι-

1825 3242 2036 3296 tametsi
2071 3241 2275 3314 indigni
2311 3243 2515 3307 simus,
2568 3257 2634 3298 ex
2678 3242 2836 3312 parili
2882 3256 3118 3298 mmrore
3151 3241 3393 3297 dolorem

152 3343 379 3410 πόνησιν
414 3336 569 3407 ὑμῶν
607 3328 989 3402 στοχαζόμενοί
1025 3346 1082 3380 τε
1113 3329 1205 3382 καὶ
1234 3327 1721 3396 συνυφιστάμενοι;

151 3435 270 3489 οὐδὲ
300 3433 409 3502 γάρ
438 3430 620 3492 ἄλλοις
644 3427 758 3479 ἔστι
783 3424 1144 3493 γνωρίζεσθαι
1173 3423 1233 3474 τὸ
1257 3419 1533 3489 ὀδυνηρὸν,
1560 3419 1593 3488 ἢ
1615 3421 1724 3481 τοῖς

150 3522 504 3596 όμοιοπαθῶς
534 3521 649 3582 τοῖς
679 3517 859 3577 αὐτοῖς
889 3513 1227 3584 ἐνεχομένοις
1255 3512 1538 3580 λυπηροῖς.
1583 3509 1724 3562 Ἀλλ’

152 3620 205 3670 αἱ
260 3613 526 3686 ἁμαρτίαι
570 3607 726 3679 ἡμῶν
763 3604 1015 3657 τοσοῦτον
1061 3602 1369 3672 ὲπλήθυναν
1403 3601 1459 3652 ὲν
1492 3601 1558 3670 τῇ
1583 3615 1724 3670 παρ-

152 3709 288 3779 ούσῃ
341 3704 507 3774 γενεᾷ
552 3700 653 3768 τῆς
701 3698 945 3766 ἀνομίας,
975 3693 1131 3766 [Cod.
1160 3691 1292 3761 Reg.
1332 3690 1429 3761 τὴν
1469 3689 1722 3761 ἀνομίαν]

151 3797 420 3864 ψυγεὶσης
466 3790 565 3859 τῆς
598 3787 814 3856 ἀγάπης
845 3785 986 3838 κατὰ
1023 3784 1114 3838 τὸν
1160 3781 1254 3835 τοῦ
1280 3781 1487 3851 Κυρίου
1532 3780 1719 3850 λόγον’

153 3891 293 3943 ῶστε
323 3886 453 3948 τοὺς
490 3877 800 3950 ὀφείλοντας
825 3876 1058 3929 διαλύειν
1105 3874 1176 3928 τά
1212 3873 1394 3926 σκῶλα
1429 3873 1521 3925 καλ⁸
1553 3889 1720 3942 προσ-

154 3981 435 4048 κόμματα,
456 3973 679 4032 τούτους
712 3969 780 4021 τὰ
829 3968 918 4020 ἴσα
959 3969 992 4039 ἢ
1024 3968 1160 4036 τάχα
1187 3967 1282 4018 καὶ
1307 3965 1583 4035 δεινότερα
1611 3967 1723 4027 τοῖς

154 4074 208 4125 ὲν
239 4072 358 4131 ταῖς
395 4063 590 4131 ἔξωθεν
625 4060 818 4129 ἀρχαῖς
869 4057 1013 4110 ἔστιν
1051 4055 1183 4126 όρᾷν
1219 4055 1573 4125 πράττοντας.
1622 4057 1720 4105 Δε-

156 4158 444 4231 σμωτήριά
469 4171 624 4223 φατε,
650 4149 972 4217 ἀπαγωγὰς,
1015 4147 1369 4216 ὀνειδισμοὺς,
1423 4145 1717 4213 διωγμοὺς,

153 4256 243 4307 καὶ
267 4249 619 4321 περιστάσεις
648 4243 964 4312 ὑφεστάναι,
995 4239 1088 4295 καὶ
1109 4237 1185 4291 ἔτι
1208 4236 1553 4308 ὑφίστασθαι,
1573 4237 1720 4308 παρὰ

152 4343 255 4394 τῶν
305 4336 653 4399 κρατούντων
689 4332 789 4394 τάς
818 4329 1139 4399 Ἐκκλησίας
1173 4325 1267 4380 τοῦ
1295 4323 1458 4378 Θεοῦ·
1501 4327 1592 4376 καὶ
1625 4325 1720 4395 οὐχ

151 4433 228 4484 ὅτι
258 4398 402 4497 ὑπέρ
432 4421 648 4490 ἐντολῆς
673 4398 1032 4489 ἐνιστάμενοι,
1059 4413 1195 4467 ἀλλά
1226 4415 1319 4465 καὶ
1346 4409 1719 4471 είνέαλωκότες

152 4521 244 4595 ἦτε
301 4522 359 4572 ὲν
408 4513 854 4588 παραπτώμασιν
905 4503 1289 4576 ἀνθρωπίνοις,
1343 4501 1606 4595 οὐδαμῶς
1654 4502 1720 4553 τὰ

152 4591 374 4668 τοιαῦτα
432 4607 721 4662 πανθάνειν
769 4602 887 4666 ὲξδν
937 4596 1004 4670 ἦν
1061 4597 1188 4664 ὑμῖν
1236 4596 1386 4668 παρὰ
1446 4591 1718 4662 ποιμένων

153 4705 282 4758 Θεοῦ
308 4720 324 4735 ·
379 4702 454 4771 μὴ
495 4700 641 4763 ὅτιγε
689 4694 830 4763 ὑπὲρ
872 4687 1129 4757 ἀληθείας
1159 4682 1462 4739 δίαθλοῦσιν
1489 4699 1501 4713 ·
1532 4677 1613 4744 οἷς
1657 4683 1717 4735 τὸ

154 4790 493 4846 ἐπαινεῖσθαι
536 4786 626 4838 καὶ
671 4775 1067 4852 μακαρίζεσθαι
1127 4773 1558 4844 κεχρεώστηται·
1622 4771 1717 4822 καὶ

153 4885 322 4938 ταῦτα
348 4880 429 4951 τῷ
461 4875 730 4948 μοναδικῷ
760 4866 1337 4936 κατακεκοσμημένοις
1366 4861 1718 4931 ἐπαγγέλμα-

154 4992 222 5026 τι.
257 4973 354 5025 Ἐκ
375 4969 483 5021 τῶν
511 4967 686 5036 ἔργων
717 4961 896 5015 αὐτῶν
925 4955 1290 5024 ἐπιγνώσεσθε
1323 4955 1537 5018 αὐτοὺς,
1565 4955 1669 5022 ἐφη
1693 4955 1721 5006 ὁ

156 5061 376 5132 Κύριος.
404 5058 481 5109 Οὐ
514 5055 683 5123 δήπου
711 5050 949 5103 τοιοῦτον
978 5044 1127 5114 παρὰ
1150 5047 1264 5106 τοῖς
1296 5044 1471 5109 ἁγίοις
1498 5041 1721 5112 ὲγνωρί-

157 5153 278 5222 σθη·
337 5144 648 5201 τούναντίον
688 5142 744 5195 δὲ
779 5139 932 5193 αὐτοὶ
973 5136 1172 5207 μᾶλλον
1222 5134 1548 5196 πεπονθότες
1581 5134 1719 5185 ὲδεί-

156 5256 343 5296 κνυντο
359 5234 733 5303 διδασκόμενοι
761 5229 912 5298 παρά
939 5228 1035 5296 τῆς
1059 5223 1424 5292 ἀποστολικῆς
1455 5225 1657 5292 φωνῆς,
1681 5224 1713 5293 ἦ

158 5346 284 5398 φησι
313 5324 445 5394 περὶ
471 5320 563 5375 τοῦ
588 5319 788 5389 Κυρίου
810 5333 822 5346 ·
857 5318 952 5381 Ὃς
975 5314 1432 5381 λοιδορούμενος
1449 5313 1558 5365 οὐκ
1578 5313 1716 5367 άντ-

157 5418 456 5485 ελοιὸὀρευ
476 5411 729 5478 πάσχων
749 5410 862 5461 οὐκ
876 5406 1124 5472 ἠπείλειο
1145 5405 1372 5473 παρεῖχε
1396 5402 1452 5454 δὲ
1477 5404 1717 5471 εὐμενῶς

1827 3337 2066 3388 vestrum
2109 3335 2476 3398 aestimantes,
2529 3342 2690 3403 atque
2739 3350 2844 3388 una
2887 3334 3256 3389 sustinentes?
3285 3332 3397 3388 Nec

1826 3423 1972 3477 enim
2007 3423 2128 3478 aliis
2159 3423 2284 3478 licet
2315 3424 2589 3479 molestias
2619 3424 2890 3479 aestimare
2917 3465 2932 3490 ,
2981 3439 3141 3494 quam
3195 3423 3259 3480 iis
3301 3425 3394 3494 qui

1825 3513 2090 3568 consimili
2113 3513 2310 3568 alIectu
2355 3514 2548 3568 iisdem
2586 3514 2850 3569 molestiis
2881 3525 3175 3582 anguntur.
3209 3513 3394 3567 Enim-

1825 3619 1955 3658 vero
1984 3612 2201 3673 peccata
2232 3615 2413 3660 nostra
2444 3621 2614 3675 usque
2643 3605 2779 3661 adeo
2824 3607 2876 3659 in
2917 3606 3019 3661 hoc
3045 3606 3244 3661 saeculo
3283 3607 3390 3660 ini-

1823 3695 2082 3763 quitatem
2112 3707 2503 3766 exaggcrarunt
2529 3696 2914 3767 refrigescente
2943 3732 2958 3759 ,
2984 3697 3138 3766 juxta
3173 3699 3384 3753 Domini

1823 3785 1984 3839 verba
2013 3785 2080 3852 ⁸ο,
2111 3786 2406 3851 charitate;
2455 3794 2542 3850 ut,
2570 3786 2660 3855 qui
2687 3786 3010 3841 offendicula
3047 3795 3100 3842 et
3137 3789 3392 3843 scandala

1823 3889 2099 3928 removere
2125 3875 2393 3929 debebant
2422 3916 2436 3940 ,
2475 3890 2567 3929 eos
2602 3875 2785 3930 videre
2842 3877 2910 3930 sit
2963 3877 3113 3946 paria
3156 3893 3221 3933 ac
3271 3879 3383 3932 for-

1822 3972 1960 4017 tasse
1992 3963 2231 4033 graviora
2259 3966 2498 4019 externis
2526 3965 2931 4035 magistratibus
2963 3966 3163 4023 facere.
3198 3970 3392 4024 Carce-

1822 4069 1907 4108 res
1929 4055 2131 4118 dicitis,
2160 4056 2370 4120 exsilia,
2404 4057 2623 4126 probra,
2659 4059 3079 4126 persecutiones,
3104 4069 3159 4113 et
3190 4076 3389 4116 aermn-

1819 4161 1918 4199 nas
1951 4147 2274 4201 sustinuisse
2301 4162 2396 4201 vos
2420 4189 2434 4212 ,
2483 4163 2547 4205 ac
2575 4150 2869 4204 etiamnum
2913 4152 3180 4207 sustinere
3219 4153 3286 4208 ab
3327 4155 3391 4208 iis

1819 4238 1908 4306 qui
1956 4238 2229 4294 Ecclesias
2281 4237 2376 4292 Dei
2430 4239 2823 4300 moderantur:
2881 4257 3017 4316 quos
3062 4259 3168 4297 non
3216 4245 3390 4298 solum

1819 4341 1917 4395 pro
1952 4328 2206 4382 mandato
2236 4339 2560 4398 pugnantes,
2595 4330 2688 4385 sed
2717 4347 2786 4386 ne
2814 4331 2857 4386 si
2885 4332 3104 4402 quidem
3137 4334 3391 4388 humanis

1819 4415 2142 4470 criminlbus
2177 4416 2256 4470 rei
2283 4418 2479 4472 essetis
2500 4459 2515 4485 ,
2549 4419 2671 4472 talia
2706 4435 2941 4490 unquam
2984 4437 3014 4475 a
3046 4423 3139 4477 Dei
3167 4425 3393 4494 pastori-

1819 4505 1921 4559 bus
1963 4506 2165 4574 perpeti
2211 4506 2292 4561 fas
2327 4517 2508 4573 esset,
2559 4511 2756 4564 nedum
2796 4526 2894 4581 pro
2923 4513 3148 4568 veritate
3173 4524 3401 4576 certan-.

1823 4603 1903 4649 tes
1927 4635 1941 4658 ,
1978 4597 2174 4664 quibus
2203 4597 2320 4652 laus
2347 4598 2574 4654 debetur
2605 4609 2659 4655 et
2690 4602 2969 4658 beatitudo
2999 4618 3013 4656 ε
3050 4614 3208 4674 atque
3236 4608 3388 4662 insu-

1823 4702 1921 4757 per
1970 4687 2270 4742 monastica
2318 4688 2652 4757 professione
2703 4693 2900 4746 ornati.
2957 4713 2974 4743 ι
3011 4694 3087 4748 Ex
3134 4697 3389 4764 operibus

1823 4792 2011 4831 eorum
2067 4782 2408 4846 cognoscetis
2465 4797 2600 4848 eos,
2633 4802 2651 4834 ι
2713 4784 2790 4837 ait
2833 4785 3094 4841 Dominus
3119 4787 3182 4840 °'.
3235 4788 3387 4842 Haud

1825 4883 1954 4923 sane
1979 4870 2103 4924 talia
2131 4872 2186 4924 in
2211 4873 2414 4927 sanctis
2436 4883 2675 4942 spectata
2709 4884 2835 4929 sunt
2859 4894 2872 4941 ;
2907 4878 3039 4945 quin
3071 4877 3170 4948 ipsi
3205 4889 3388 4934 contra

1826 4961 1933 5028 pati
1973 4962 2147 5030 potius
2177 4963 2275 5018 visi
2310 4972 2438 5018 sunt
2468 5005 2482 5028 ,
2525 4967 2817 5034 apostolica
2851 4984 2983 5023 voce
3014 4971 3188 5024 cdocti
3216 5012 3230 5036 ,
3267 4987 3388 5040 quae

1827 5050 1895 5103 de
1926 5049 2149 5105 Domino
2181 5052 2259 5107 sic
2285 5053 2360 5107 ait
2389 5071 2404 5108 :
2447 5053 2551 5120 Qui
2583 5071 2700 5108 cum
2730 5059 3126 5112 malediceretur
3148 5077 3246 5113 non
3272 5079 3386 5114 ma-

1828 5139 2127 5194 ledicebat:
2178 5157 2296 5195 cum
2349 5153 2619 5212 pateretur
2671 5162 2775 5200 non
2826 5150 3243 5202 comminabatur
3294 5149 3339 5181 "
3371 5192 3385 5214 ,

1827 5229 2101 5297 praebebat
2141 5241 2320 5286 autem
2363 5234 2571 5302 placide
2608 5235 2848 5291 divinam
2896 5239 3166 5292 maxillam
3196 5254 3389 5308 percu-

1827 5315 1980 5371 tienti
2012 5318 2078 5372 ⁸³.
2127 5319 2269 5374 Hinc
2298 5322 2500 5378 Christi
2550 5333 2798 5394 pastores
2831 5327 2941 5382 noti

1823 5412 2077 5482 episcopi.

2986 5346 3000 5382 :
3051 5328 3198 5383 illinc
3227 5329 3388 5383 alieni

158 5502 227 5576 τῷ
279 5506 492 5560 παίοντι
542 5501 637 5555 καὶ
685 5498 780 5570 τὴν
823 5497 971 5550 θείαν
1032 5493 1278 5562 σιαγόνα.
1337 5492 1616 5547 Ἐντεῦθεν
1675 5499 1722 5546 οἱ
1797 5504 2051 5571 ποιμένες
2123 5505 2358 5574 Χριστοῦ
2397 5505 2691 5579 γνώριμοιο
2745 5509 2996 5565 κάκεῖθεν
3030 5512 3078 5566 σί
3121 5510 3393 5586 ἀλλοτριο“

161 5617 469 5656 επισκοποι.

235 5692 396 5746 ἈλἎά
417 5689 474 5739 τί
509 5687 588 5739 δεῖ
630 5686 856 5749 παθεῖνς
897 5681 1034 5737 κατά
1063 5680 1156 5752 τὴν
1186 5678 1532 5749 ἐνσκήψασαν
1562 5681 1619 5734 ἐν
1650 5686 1712 5754 τῇ

1893 5689 1996 5743 Sed
2026 5690 2201 5758 qualia
2237 5691 2342 5760 pati
2377 5706 2598 5748 necesse
2645 5704 2723 5749 est
2751 5695 2772 5747 ?
2800 5695 2868 5751 ob
2917 5694 3251 5768 ingruentem
3293 5697 3391 5752 hac

225 5869 265 5899 '°
301 5870 484 5925 Matth.
521 5884 664 5931 xm,
710 5867 788 5920 l‘l.
866 5867 907 5898 ⁸⁸
939 5867 1131 5922 Matth.
1165 5885 1257 5933 vn,
1293 5870 1374 5923 l0.
1453 5869 1495 5899 ⁸³
1541 5869 1554 5922 l
1591 5868 1714 5922 l’elr

1825 5910 1833 5930 ,
1868 5869 1954 5922 25.
2034 5870 2076 5900 ⁸³
2114 5869 2242 5924 Luc.
2279 5887 2348 5936 γι,
2383 5870 2469 5924 ‘26.
