3914 6438
555 375 692 444 1111

1741 381 1799 439 S.
1831 376 2218 439 THEODOIU
2255 377 2340 436 ST
2349 377 2598 436 UDIT.‘E

3647 372 3774 436 1112

547 497 744 547 misera
771 499 927 544 aetate
957 497 1144 544 nostra
1174 490 1570 560 improbitatem
1598 489 1877 543 hominum
1907 508 1919 542 :
1951 501 2116 557 quam

2222 487 2448 556 ταπεινῇ
2480 485 2636 556 ἡμῶν
2670 484 2831 555 γενεᾷ
2869 483 3168 555 μοχθηρίαν
3205 484 3313 539 τῶν
3344 483 3653 556 ἀνθρώπων
3673 502 3687 516 ·
3715 487 3776 556 ἢν

549 584 662 648 illi,
698 583 921 653 gloriam
953 581 1212 636 ducentes
1236 619 1252 644 ,
1299 582 1462 636 etiam
1490 587 1802 646 ostentant;
1834 579 1978 650 quod
2011 579 2112 632 ini-

548 691 720 744 quum
754 683 842 728 est
873 688 1085 742 aequum
1118 673 1446 727 aestimantes
1471 710 1486 736 ,
1526 671 2010 740 auctoritatemque
2057 680 2114 725 et

549 767 836 836 imperium
860 779 1017 818 suum
1052 765 1118 819 ad
1144 763 1504 834 oppugnanda
1531 762 1626 818 Dei
1657 771 1925 832 praacepta
1953 776 2111 816 exer-

550 867 753 913 centes.
784 856 982 911 Vernm
1017 856 1092 910 illi
1123 873 1243 925 quae
1269 864 1592 927 gesserunt,
1624 870 1849 925 quaeque
1879 864 2074 925 gerunt
2095 893 2110 918 ,

550 947 840 1018 aliquando
868 948 1186 1002 inveniant:
1213 956 1306 1001 aut
1330 947 1541 1001 veniam
1569 946 1747 1015 potius
1769 959 2112 1014 consequan-

550 1051 640 1095 tur
669 1056 701 1094 a
738 1039 932 1095 Judice
966 1039 1302 1109 incorrupto,
1355 1040 1446 1109 qui
1497 1039 1632 1093 nihil
1680 1039 2111 1106 inexploratum,

551 1134 886 1200 inultumque
921 1133 1209 1187 relicturus
1236 1139 1320 1188 est
1349 1132 1404 1184 in
1442 1133 1529 1186 die
1563 1131 1773 1201 judicii.
1813 1132 1921 1185 Vos
1951 1147 2112 1195 vero,

551 1221 745 1275 fratres
772 1220 1076 1275 charissimi
1102 1261 1117 1284 ,
1155 1236 1217 1274 ac
1246 1219 1432 1276 Patres
1461 1221 1896 1276 reverendissimi
1916 1262 1930 1284 ,
1985 1235 2114 1291 gau-

551 1312 674 1366 dete
733 1321 788 1366 et
843 1311 1150 1377 cxsultate,
1203 1311 1458 1381 quoniam
1507 1312 1705 1366 divinae
1761 1311 2113 1366 beatitudinis

550 1403 773 1474 gloriam
837 1403 1126 1474 reportatis
1151 1441 1165 1466 .
1210 1411 1265 1456 et
1307 1401 1508 1457 Christi
1550 1401 1839 1470 opprobria
1881 1401 2114 1471 gloriose

551 1493 866 1564 suscepistis
890 1534 905 1559 ,
941 1494 1153 1564 exiguis
1184 1493 1461 1547 laboribus
1494 1502 1550 1547 et
1591 1492 1846 1548 azrumnis
1885 1493 2114 1546 maxima

552 1594 608 1639 et
638 1583 970 1654 sempiterna
1003 1583 1225 1654 praemia
1250 1591 1667 1652 consequentes.
1722 1582 1789 1636 Et
1816 1582 2068 1652 quoniam
2095 1622 2110 1647 ,

553 1684 611 1729 ut
643 1676 749 1746 jam
781 1681 905 1728 ante
927 1673 1267 1744 scripsimus,
1293 1673 1387 1727 Dei
1415 1673 1605 1742 optimi
1637 1673 1901 1728 beneﬁcio
1929 1674 2116 1728 subla-

553 1776 639 1820 tus
666 1775 748 1819 est
775 1767 841 1828 is,
871 1766 1026 1834 cujus
1048 1780 1209 1819 causa
1240 1763 1524 1818 dissidium
1559 1764 1617 1818 in
1657 1762 1895 1819 Ecclesia
1928 1774 2110 1818 nostra

552 1854 803 1910 exstitit:
832 1853 1027 1909 victrix
1061 1869 1170 1923 pax
1207 1851 1440 1907 obtinuit
1476 1861 1608 1906 nutu
1643 1861 1697 1907 et
1722 1852 2036 1907 auctoritate
2059 1863 2115 1907 et

555 1945 906 2016 benignitate,
937 1943 1128 1998 addam
1158 1951 1212 1996 et
1239 1942 1455 1996 hortatu
1477 1941 1932 2011 triumphatorum
1961 1941 2119 1996 Chri-

553 2039 727 2106 stique
755 2035 1051 2089 amantium
1071 2033 1460 2103 imperatorum
1491 2042 1799 2088 nostrorum
1818 2071 1834 2097 ,
1874 2047 1976 2089 nec
2007 2047 2117 2086 non

553 2142 717 2197 opera
747 2135 802 2181 et
829 2125 1146 2180 defensione
1175 2124 1503 2180 sanctissimi
1541 2125 1864 2194 patriarchae
1909 2125 2113 2191 nostri;

553 2220 637 2276 sic
660 2219 804 2272 enim
845 2217 1103 2287 deinceps
1143 2215 1416 2286 appellare
1465 2223 1696 2285 oportet.
1748 2213 2018 2285 Suscipiat
2064 2226 2120 2271 et

554 2310 825 2364 sanctitas.
839 2317 1016 2362 vestra
1046 2323 1166 2376 qua;
1214 2323 1243 2362 a
1287 2308 1443 2361 nobis
1474 2307 1767 2361 humilibus
1793 2308 1963 2361 multa
1996 2324 2118 2362 cum

554 2400 926 2471 speculatione
961 2407 1016 2453 et
1058 2398 1498 2467 investigatione,
1536 2406 1994 2466 paternarumque
2027 2413 2117 2451 ae-

556 2495 762 2549 tionum
786 2492 1266 2561 contemplatione,
1289 2507 1350 2545 ac
1367 2490 1743 2545 scandalorum
1769 2507 1980 2560 quoque
2001 2507 2120 2560 quae

555 2586 610 2640 in
642 2585 877 2640 Ecclesia
914 2584 1185 2636 interdum
1207 2583 1591 2652 contigerunt,
1627 2581 1922 2649 dijudicata
1946 2591 1999 2635 et
2027 2597 2122 2650 ap-

555 2677 784 2748 probata
817 2675 1038 2729 fuerunt
1081 2690 1094 2726 :
1137 2683 1195 2727 ut
1241 2672 1320 2728 sic
1363 2672 1527 2726 etiam
1564 2670 1619 2724 in
1648 2670 1851 2726 Christi
1883 2671 2119 2727 Ecclesia

554 2785 676 2839 qua:
723 2767 867 2837 apud
913 2781 1014 2821 nos
1054 2775 1174 2831 est,
1227 2780 1327 2834 pax
1378 2763 1472 2818 Dei
1521 2774 1709 2834 regnet
1769 2764 1824 2818 in
1866 2765 2121 2819 cordibus

556 2858 818 2913 omnium.
850 2856 963 2911 Nec
991 2855 1136 2910 enim
1165 2897 1178 2919 ,
1216 2855 1322 2908 nisi
1355 2855 1458 2908 hoc
1502 2853 1732 2909 facimus
1755 2895 1769 2922 ,
1815 2866 2062 2909 sanctum
2091 2871 2122 2910 a

555 2949 667 3002 Deo
691 2946 1048 3016 reputabitur,
1073 2959 1175 3000 nec
1197 2943 1419 2999 victoria
1445 2943 1605 2998 nobis
1631 2945 1736 2998 erit
1760 2962 1771 2997 :
1799 2946 1933 3013 quin
1956 2945 2121 3000 amit-

559 3049 736 3094 temus
765 3037 992 3092 forsitan
1019 3044 1225 3090 rectum
1264 3035 1532 3088 curiosius
1571 3035 1910 3104 inquirentes
1937 3077 1952 3098 ,
1989 3037 2121 3092 illud

557 3132 719 3186 etiam
769 3130 912 3200 quod
955 3129 1219 3184 hactenus
1263 3127 1554 3198 praeteritis
1599 3127 1872 3183 laboribus
1919 3129 2120 3182 bonum
2148 3142 2192 3204 ο

557 3224 853 3295 exegimus.
881 3222 1124 3292 Accipite
1151 3237 1278 3292 ergo
1302 3263 1316 3287 ,
1352 3222 1685 3276 obtestamur
1709 3261 1723 3286 ,
1764 3231 1818 3276 et
1858 3221 2115 3291 suscipite

558 3313 966 3368 sanctissimum
1003 3311 1363 3382 patriarcham
1409 3322 1693 3376 nostrum,
1733 3323 1788 3368 et
1817 3313 2119 3368 communi-

558 3412 699 3468 eate,
753 3403 808 3456 in
838 3402 1034 3472 quibus
1069 3400 1353 3455 manifesta
1388 3416 1497 3455 non
1537 3410 1620 3454 est
1656 3401 1929 3472 iniquitas,
1956 3401 2118 3456 etiam

559 3494 820 3564 episcopo
850 3502 1073 3550 vestro:
1128 3508 1191 3546 ea
1236 3508 1356 3563 qua:
1401 3493 1857 3557 intercesserunt,
1894 3493 2120 3547 Domino

558 3584 936 3654 permittentes
992 3581 1204 3637 censori
1275 3592 1331 3636 et
1394 3583 1786 3637 remuneratori
1853 3583 2118 3637 factorum

559 3677 956 3744 dictorumque.
1001 3674 1082 3728 Ad
1113 3675 1215 3728 hoc
1251 3674 1396 3728 enim
1428 3674 1626 3744 ipsum,
1663 3674 1916 3744 precibus
1946 3675 2118 3730 inter-

560 3767 781 3836 positis,
812 3765 1198 3836 appellavimus
1241 3774 1294 3819 et
1323 3765 1724 3820 sanctissimum
1757 3765 2117 3837 patriarcham

561 3871 849 3924 nostrum,
896 3866 956 3913 ut
1007 3857 1316 3912 liberemini
1365 3873 1463 3912 vos
1496 3873 1710 3928 quoque
1758 3873 1789 3912 a
1829 3859 2118 3925 custodia;

561 3961 724 4020 atque
752 3965 779 4003 a
807 3950 964 4004 vobis
995 3949 1286 4004 constituta
1313 3950 1462 4019 pacis
1492 3950 1636 4003 inter
1667 3965 1762 4005 vos
1793 3959 1993 4005 tessera
2021 3993 2034 4016 ,
2076 3953 2122 4007 si

560 4041 692 4112 quid
714 4040 1098 4095 controversiae
1117 4039 1310 4102 subsit,
1331 4040 1473 4094 illico
1494 4039 1804 4094 decidatur:
1833 4049 1929 4094 aut
1949 4040 1992 4095 si
2017 4041 2122 4096 tale

561 4135 664 4198 sit,
713 4142 770 4188 ut
796 4142 975 4188 vestro
1003 4131 1125 4188 istic
1167 4141 1222 4187 et
1255 4132 1692 4187 reverendissimi
1725 4133 1974 4203 episcopi
1991 4149 2119 4188 con-

562 4239 751 4295 gressu
801 4223 981 4278 curari
1032 4231 1268 4294 nequeat
1315 4239 1329 4276 :
1384 4237 1566 4277 coram
1621 4223 1739 4292 ipso
1786 4223 2123 4279 (acumenico

562 4315 871 4387 patriarcha
917 4315 1092 4372 morbi
1137 4330 1328 4370 omnes
1358 4323 1654 4380 sanentur,
1691 4325 2124 4386 concurrantque

564 4407 814 4462 universa
840 4407 905 4461 ad
934 4408 1084 4481 pacis
1127 4407 1365 4462 laetitiam
1395 4405 1809 4476 concordiaque
1838 4405 2123 4461 sincerita-

565 4506 694 4553 tem.

908 4787 1065 4844 LVII.
1102 4817 1170 4830 —
1210 4787 1427 4844 Platoni
1463 4788 1620 4844 Patri
1656 4805 1774 4844 suo.

2215 577 2312 630 καὶ
2331 576 2407 639 ὡς
2436 575 2659 646 αὔχημα
2689 573 3002 646 ποιούμενοι
3034 574 3383 645 σεμνύνονται
3407 613 3425 641 ,
3455 574 3518 628 τὸ
3546 577 3778 646 παράνο-

2217 686 2313 738 μον
2339 667 2558 738 ἔννομον
2588 666 2943 739 λογιζόμενοι,
2972 667 3092 721 κατ’
3114 667 3462 738 ἐναντιότητα
3487 665 3601 719 τῶν
3624 666 3778 720 θείων

2215 759 2655 829 προσταγμάτων
2677 758 2775 831 τὴν
2805 758 3138 830 προστασίαν
3171 758 3580 828 μετερχόμενοι.
3617 759 3780 812 Ἐκεῖ-

2213 867 2293 904 νοι
2327 851 2424 921 μὲν
2451 846 2544 905 οὖν
2572 851 2608 905 ἃ.
2629 851 2919 922 δεδράκασι
2955 853 3048 904 καὶ
3073 850 3272 920 δρῶσιν
3293 849 3510 922 εὕροιεν
3531 892 3548 916 ,
3584 850 3778 919 μᾶλλον

2213 940 2269 994 δὲ
2323 942 2725 1012 συγχωρηθεῖεν
2778 941 2927 1012 παρὰ
2967 941 3060 995 τοῦ
3100 941 3396 995 ἀδεκάστου
3445 941 3662 1012 κριτοῦ,
3690 941 3778 994 τοῦ

2215 1032 2291 1101 μὴ
2341 1032 2518 1086 ὁτιοῦν
2555 1033 2905 1097 ἀνεξέταστον
2950 1033 3044 1088 καὶ
3085 1033 3375 1095 ἀνεύθυνον
3406 1033 3780 1102 παραδλέπειν

2218 1123 2504 1193 μέλλοντος
2544 1125 2601 1176 ὲν
2635 1124 2817 1195 ἡμέρᾳ
2843 1124 3098 1194 κρίσεως.
3133 1125 3321 1195 Ὑμεῖς
3363 1125 3442 1187 δὲ,
3471 1119 3518 1178 ὦ
3567 1126 3780 1191 ἀδελφοὶ

2214 1212 2552 1282 τιμιώτατοι,
2617 1215 2708 1267 καὶ
2755 1215 2997 1284 Πατέρες
3051 1215 3508 1284 σεϐασμιώτατοι,
3559 1216 3778 1285 χαίρετε

2214 1307 2305 1360 καὶ
2336 1306 2705 1380 εὐφραίνεσθε,
2738 1308 2818 1360 ὅτι
2840 1308 2934 1361 τοῦ
2971 1307 3128 1361 Θείου
3155 1306 3510 1379 μακαρισμοῦ
3537 1307 3600 1361 τὸ
3633 1308 3778 1369 κλέος

2214 1399 2596 1468 ἀπηνέγκασθε
2624 1418 2637 1433 ο
2669 1401 2765 1452 καὶ
2793 1402 2862 1454 τά
2886 1401 2983 1469 τῆς
3005 1401 3226 1472 ἀτιμίας
3255 1400 3348 1454 τοῦ
3374 1401 3618 1471 Χριστοῦ
3648 1400 3776 1454 ὲντίν

2218 1506 2333 1558 μως
2356 1489 2704 1556 ὑπεδέξασθε,
2743 1493 2959 1561 μικροῖς
2991 1491 3180 1554 κόποις
3207 1493 3301 1545 καὶ
3332 1492 3512 1560 ἀγῶσι
3550 1493 3778 1562 μέγιστα

2215 1584 2310 1632 καὶ
2355 1583 2544 1634 αἰώνια
2582 1581 3050 1653 ἀνταμεισόμενοι.
3091 1583 3199 1637 Καὶ
3240 1584 3449 1656 ἐπειδὴ,
3475 1585 3646 1648 ,καθά
3696 1586 3780 1637 καὶ

2215 1674 2698 1743 προγεγράφαμεν,
2737 1674 2955 1745 εὐδοκία
2991 1673 3085 1728 τοῦ
3129 1676 3478 1745 ὑπεραγάθου
3518 1676 3660 1729 Θεοῦ
3697 1680 3780 1729 ὲκ-

2217 1758 2391 1812 ποδὼν
2413 1761 2622 1829 γέγονε,
2654 1763 2719 1814 δι’
2748 1756 2809 1816 οὑ
2833 1765 2862 1832 ἡ
2888 1763 3120 1833 διχόνοια
3148 1765 3206 1817 ὲν
3232 1767 3296 1835 τῇ
3333 1766 3454 1818 καθ’
3485 1768 3637 1836 ἡμᾶς
3669 1768 3781 1821 Ἐκο

2218 1849 2415 1922 κλησίᾳ
2437 1852 2685 1922 ὑπήρχθη
2706 1870 2720 1886 ·
2754 1853 3113 1924 βεόράὸευται
3135 1857 3168 1924 ἡ
3194 1857 3405 1926 είρήνη,
3434 1857 3675 1927 νεύμασι
3697 1861 3783 1912 καὶ

2217 1943 2411 2010 ῥοπαῖς
2457 1943 2548 1994 καὶ
2589 1943 2928 2012 εὑμενείαις·
2960 1944 3253 2015 προσθείην
3285 1945 3330 1998 δ’
3363 1946 3430 1999 ἂν
3467 1948 3562 2000 καὶ
3613 1964 3781 2017 παρα-

2216 2030 2438 2100 κλήσεσι
2465 2032 2568 2085 τῶν
2599 2034 2919 2088 καλλινίκων
2947 2036 3039 2088 καὶ
3063 2036 3417 2106 φιλοχρίστων
3444 2038 3606 2107 ἡμῶν
3637 2038 3780 2107 βασι-

2215 2119 2390 2174 λέων⁸
2453 2123 2706 2193 συνεργία
2755 2141 2813 2176 τε
2870 2126 2962 2177 καὶ
3010 2125 3272 2196 ἀπολογίᾳ
3325 2127 3420 2180 τοῦ
3474 2129 3779 2195 ἀγιωτάτου

2215 2211 2371 2281 ἡμῶν
2405 2215 2766 2284 πατριάρχουο
2791 2214 2871 2267 δεῖ
2889 2216 2993 2287 γάρ
3024 2216 3130 2270 ἀπὸ
3156 2216 3251 2272 τοῦ
3280 2216 3376 2271 νῦν
3408 2218 3552 2272 οὑτω
3577 2221 3776 2272 καλεῖν.

2217 2303 2466 2366 Δεξάσθω
2513 2305 2607 2358 καὶ
2652 2308 2683 2376 ή
2718 2307 2959 2376 ὑμετέρα
2990 2309 3202 2379 ὁσιότης
3240 2310 3306 2363 τά
3343 2312 3656 2383 παρ’ἡμῶν
3679 2315 3781 2367 τῶν

2216 2397 2482 2448 ταπεινῶν
2513 2396 2609 2448 σὺν
2639 2396 2804 2467 πολλῇ
2836 2398 3023 2468 σκέψει
3053 2399 3147 2452 καὶ
3177 2400 3512 2473 διερευνήσει
3541 2404 3779 2457 ἀναθεω-

2223 2487 2374 2556 ρήσει
2404 2504 2461 2539 τε
2491 2488 2598 2540 τῶν
2626 2490 2905 2559 πατρικῶν
2931 2491 3303 2562 ἀναστροφῶν,
3327 2494 3436 2545 τῶν
3461 2512 3520 2547 τε
3550 2495 3667 2548 ἔσθ⁹
3699 2498 3780 2548 ὅτε

2222 2577 2693 2632 ὑποπεπτωκότων
2729 2580 3041 2633 σκανδάλων
3075 2582 3560 2650 ὲκκλησιαστικῶν,
3593 2588 3782 2656 ἐγκρι-

2221 2667 2380 2720 θέντα
2426 2669 2516 2721 καὶ
2566 2670 2961 2740 περαιωθέντα’
3012 2671 3097 2725 ἵνα
3132 2671 3273 2726 οὑτω
3315 2675 3409 2727 καὶ
3453 2676 3511 2728 ἐν
3554 2680 3621 2748 τῇ
3665 2678 3766 2731 καθ

2220 2759 2366 2827 ἡμᾶς
2391 2757 2545 2829 [Reg.
2572 2759 2692 2814 cod.
2721 2761 2886 2833 ὑμᾶς]
2918 2762 3210 2834 Ἐκκλησία
3238 2764 3333 2818 τοῦ
3360 2766 3598 2836 Χριστοῦ
3629 2767 3780 2841 [Κείς.

2221 2849 2343 2904 cod.
2372 2848 2554 2921 Θεοῦ],
2590 2850 2623 2920 ἠ
2674 2852 2860 2922 είρήνη
2894 2852 2987 2905 τοῦ
3021 2853 3155 2906 Θεοῦ
3201 2854 3472 2931 βραδεὺσῃ
3515 2861 3617 2924 τὰς
3648 2880 3782 2934 καρο

2221 2939 2338 3004 δίας
2365 2941 2474 2994 τῶν
2502 2940 2773 2995 ἁπάντων.
2797 2942 2929 2996 Οὐδὲ
2949 2943 3076 3016 γάρ,
3106 2947 3152 2999 εί
3178 2948 3252 3018 μὴ
3281 2949 3437 3002 τοῦτο
3459 2953 3782 3025 πράξοιμεν,

2223 3031 2366 3085 ὅσιον
2390 3031 2466 3101 τῷ
2495 3032 2612 3102 Θεῷ
2637 3032 3047 3105 λογισθήσεται·
3072 3037 3192 3090 οὔτε
3219 3040 3350 3108 ἡμῖν
3377 3043 3526 3104 νῖκος
3557 3047 3786 3114 γενήσε-

2222 3134 2337 3170 ταιο
2367 3120 2818 3192 προσαπόλλυμεν
2841 3122 2896 3176 δὲ
2917 3124 3075 3194 τάχα,
3094 3126 3377 3197 ζητοῦντες
3408 3135 3786 3205 περισσότερον

2223 3209 2282 3262 τὸ
2311 3209 2503 3273 δεξιὸν,
2542 3211 2635 3264 καὶ
2671 3211 2700 3263 δ
2729 3214 2839 3277 τοῖς
2871 3214 3202 3284 προλαϐοῦσι
3237 3217 3427 3282 κόποις
3453 3220 3788 3296 διηνὺκαμεν

2224 3301 2446 3369 ἀγαθόν.
2470 3301 2703 3368 Δέξασθε
2729 3306 3032 3376 τοιγαροῦν,
3061 3309 3505 3378 παρακαλοῦμεν,
3532 3316 3626 3368 καὶ
3655 3319 3788 3370 ἀπο-

2223 3388 2445 3455 δέξασθε
2478 3389 2569 3443 τὸν
2598 3390 2896 3458 ἁγιώτατον
2942 3395 3097 3462 ἡμῶν
3136 3398 3511 3468 πατριάρχην’
3547 3409 3788 3459 κοινωνοί

2222 3499 2281 3534 τε
2315 3482 2524 3547 ἔσεσθε,
2555 3485 2612 3536 ἐν
2645 3478 2725 3548 οἷς
2759 3485 2819 3537 οὑ
2857 3486 3134 3556 προδήλως
3161 3490 3196 3557 ἡ
3227 3491 3562 3562 παρανομία,
3597 3499 3690 3549 καὶ
3715 3499 3789 3566 τῷ

2225 3574 2345 3626 καθ’
2373 3575 2516 3644 ὑμᾶς
2564 3575 2866 3647 ὲπισκόπῳ,
2897 3577 2959 3631 τὸ
2989 3577 3076 3632 διά
3121 3580 3287 3650 μέσου
3327 3589 3788 3659 παραχωροῦντες

2225 3663 2302 3733 τῷ
2332 3664 2518 3735 Κυρίῳ
2546 3665 2622 3736 τῷ
2665 3667 2927 3738 ὲξεταστῇ
2960 3671 3054 3722 καὶ
3081 3670 3317 3744 ἀποδότῃ
3341 3675 3448 3729 τῶν
3477 3681 3786 3746 πρακτέων,

2223 3754 2336 3808 τῶν
2357 3755 2585 3826 ρητέων.
2609 3758 2752 3827 Πρὸς
2773 3757 2930 3812 τοῦτο
2953 3760 3061 3831 γὰρ
3081 3761 3211 3815 αὐτὸ
3230 3763 3407 3834 δεήσει
3428 3770 3785 3838 χρησάμενοι,

2227 3846 2678 3916 παρωρμήσαμεν
2699 3848 2792 3901 καὶ
2819 3849 2911 3903 τὸν
2938 3851 3235 3920 ἁγιώτατον
3264 3855 3420 3926 ἡμῶν
3445 3860 3788 3932 πατριάρχην

2226 3936 2547 3998 ἐπιστεῖλαι,
2580 3935 2655 3999 ὡς
2687 3937 2753 3990 ἂν
2787 3939 3022 4010 ἀφεθῆτε
3050 3942 3143 3996 καὶ
3171 3942 3324 3996 αὐτοὶ
3354 3946 3465 4000 τῶν
3500 3948 3753 4017 φυλακῶν
3773 3968 3784 3982 ·

2227 4029 2447 4099 εἰρήνης
2473 4046 2532 4082 τε
2563 4029 2811 4100 σύνθημα
2838 4033 2974 4104 πρὸς
2997 4032 3258 4105 ἀλλήλους
3279 4040 3664 4110 ποιησάμενον
3693 4045 3790 4096 κάν

2226 4135 2279 4170 τι
2318 4119 2788 4189 ἀμφιδαλλόμενον
2818 4117 2872 4195 ᾖ,
2905 4123 3104 4178 αὐτίκα
3147 4124 3457 4199 διαλυθείηο
3486 4131 3520 4201 ἢ
3558 4133 3788 4195 ἀνιάτως

2227 4209 2347 4279 ἔχον
2385 4211 2472 4265 διὰ
2505 4213 2604 4282 τῆς
2639 4212 2867 4267 ἐνταῦθα
2905 4214 3062 4285 ήμῶν
3103 4234 3164 4270 τε
3214 4219 3425 4274 καὶτοῦ
3458 4227 3788 4295 τιμιωτάτου

2228 4304 2523 4357 ἐπισκόπου
2553 4304 2934 4371 είσελεύσεωςο
2967 4308 3057 4361 ἐπὶ
3090 4311 3363 4382 παρουσίᾳ
3397 4312 3493 4366 τοῦ
3527 4316 3694 4370 αὑτοῦ
3719 4319 3793 4368 οί-

2229 4392 2551 4460 κουμενικοῦ
2581 4393 2914 4464 πατριάρχου
2937 4393 3244 4468 θεραπευθῇ
3273 4397 3340 4450 τά
3362 4398 3790 4472 ἀρρωστήματα,

2149 4489 2200 4549 D
2227 4485 2317 4536 καὶ
2349 4483 2704 4566 συνδράμοιεν
2748 4484 2817 4537 τά
2863 4485 3042 4541 πάντα
3086 4487 3224 4558 πρὸς
3255 4487 3524 4560 θυμηδίαν
3572 4495 3791 4564 εἰρήνης

2233 4579 2323 4632 καὶ
2350 4578 2602 4648 ὁμονοίας
2635 4576 3058 4648 είλικρινότητα.

2517 4782 2639 4839 ΝΖ’.
2669 4815 2738 4826 --
2764 4784 3037 4839 Πλάτωνι
3067 4786 3265 4854 οἰκείῳ
3287 4789 3493 4856 Πατρί.

566 4907 792 4955 Vinctum
816 4904 1097 4951 consolatur
1118 4903 1338 4950 vinctus:
1365 4899 1512 4950 animi
1545 4903 1622 4949 sui
1657 4907 1837 4950 statum
1857 4901 2076 4960 exponit,
2113 4898 2797 4961 przpcipuequantumrapiat
2820 4898 3029 4961 fructum
3056 4911 3117 4947 ex
3164 4897 3485 4948 Eucharistie
3515 4913 3605 4949 usu
3630 4903 3792 4960 quoti-

658 4967 820 5022 diano,
843 4977 993 5031 quem
1017 4963 1665 5031 magnoperencommeudal.
1695 4963 1886 5031 (Exstat
1910 4958 2242 5031 hacepistola
2264 4958 2312 5010 in
2335 4960 2435 5010 M5.
2458 4958 2660 5021 collegii
2685 4961 2841 5009 nostri
2865 4958 3161 5009 Parisiensis
3183 4969 3327 5009 extra
3357 4963 3563 5012 aliarum
3581 4958 3788 5013 seriem:

661 5022 881 5087 tempore
911 5023 1045 5087 prior
1074 5022 1258 5085 iisquae
1293 5022 1416 5073 libro
1436 5024 1651 5073 secundo
1676 5022 2037 5081 centinentur.)

637 5196 777 5262 Quid
815 5196 1012 5251 misero
1039 5195 1192 5258 mihi,
1219 5193 1374 5248 Pater
1402 5203 1605 5256 sancte,
1632 5209 1694 5248 ea
1726 5195 1974 5263 praecipis
1998 5210 2118 5264 quae

569 5290 711 5343 vires
741 5302 887 5341 meas
913 5285 1211 5354 superant?
1239 5284 1346 5354 Ego
1375 5300 1403 5337 a
1434 5294 1485 5337 te
1515 5286 1686 5339 debeo
1711 5286 1970 5341 doctrina:
2001 5286 2121 5339 luce

570 5379 911 5442 collustrari;
947 5387 999 5430 et
1029 5378 1143 5446 ipse
1175 5386 1329 5445 Optas
1379 5391 1406 5428 a
1449 5392 1533 5429 mc
1576 5377 1666 5444 qui
1716 5392 1832 5430 sum
1885 5379 2122 5431 tenebris

570 5469 774 5522 obsitus
803 5467 1037 5528 edoceri,
1071 5477 1124 5519 et
1155 5467 1255 5519 hoc
1292 5465 1474 5534 utique
1511 5482 1593 5519 me
1625 5466 1690 5519 ad
1727 5467 1890 5520 animi
1923 5467 2119 5520 demis-

571 5561 777 5614 sionem
834 5557 1149 5610 informans.
1190 5556 1297 5610 Nec
1338 5574 1468 5609 vero
1517 5557 1641 5624 quid
1690 5558 1864 5611 dicam
1908 5558 2080 5611 habeo
2108 5601 2120 5622 ,

570 5650 712 5720 quod
737 5649 804 5702 sit
831 5648 1055 5715 tempori
1087 5647 1546 5700 acconnnodatnm
1575 5691 1586 5712 ,
1620 5648 1744 5712 nisi,
1777 5664 1861 5701 res
1887 5660 2120 5713 nostras,

572 5745 682 5796 Deo
723 5741 1046 5808 disponente
1073 5781 1084 5802 ,
1142 5738 1379 5806 perbono
1427 5740 1541 5790 loco
1588 5754 1726 5791 esse.
1779 5739 1910 5792 Nam
1953 5742 1995 5794 si
2029 5742 2119 5796 Dei

576 5826 753 5890 arnore
785 5832 1025 5887 nonnulli
1054 5872 1064 5897 ,
1099 5830 1346 5885 abdiCato
1375 5832 1706 5901 magistratu,
1739 5833 1804 5888 ad
1838 5833 2120 5906 longinqua

2296 5192 2410 5243 Ἵνα
2439 5191 2491 5242 τί
2529 5207 2637 5258 μοι,
2675 5191 2854 5261 Πάτερ
2878 5191 3020 5259 ἅγιε,
3051 5192 3128 5262 τῷ
3169 5192 3349 5265 ἀθλίῳ,
3379 5195 3684 5271 ιπιτάσσῃς
3727 5200 3794 5252 τὰ

2229 5285 2367 5353 ὑπὲρ
2417 5284 2543 5352 ὲμέ;
2589 5282 2729 5351 Ἐγὼ
2774 5285 2963 5354 χρείαν
3007 5285 3114 5355 ἔχω
3158 5286 3261 5339 ὑπὸ
3294 5286 3388 5340 σοῦ
3423 5290 3793 5357 φωτίζεσθαι,

2228 5378 2320 5426 καὶ
2353 5375 2511 5438 αὐτὸς
2547 5374 2727 5443 ζητεῖς
2758 5377 2886 5445 παρ’
2915 5376 3049 5445 ἐμοῦ
3095 5377 3187 5431 τοῦ
3231 5379 3619 5448 ὲσκοτισμένου
3668 5401 3793 5436 xz:-

2227 5466 2492 5534 ηχεῖσθαι.
2541 5466 2699 5518 Ἀλλά
2737 5467 2829 5520 καὶ
2863 5467 3021 5520 τοῦτο
3046 5468 3230 5522 τνπῶν
3265 5487 3328 5539 με
3363 5472 3499 5541 πρὸς
3528 5484 3792 5526 ταπεινω-

2233 5575 2331 5609 σιν.
2374 5558 2484 5609 Οὐκ
2512 5553 2625 5610 οἶδα
2646 5558 2702 5610 δὲ
2731 5559 2782 5610 τί
2809 5561 2946 5612 εἴπω
2977 5560 3055 5630 τῷ
3085 5561 3261 5631 καιρῷ
3290 5562 3621 5633 πρόσφορον,
3657 5567 3687 5636 ἦ
3714 5567 3790 5617 ὅτι

2232 5649 2407 5710 καλῶς
2435 5648 2786 5719 ᾡκονόμησεν
2822 5652 2849 5701 ὁ
2877 5652 3005 5714 Θεὸς
3040 5654 3105 5706 τὰ
3143 5653 3262 5704 καθ’
3292 5655 3458 5724 ἡμᾶς.
3495 5655 3557 5708 Εἰ
3586 5657 3690 5726 γάρ
3728 5656 3793 5707 ὲκ

2232 5743 2499 5806 φιλοθεῖας
2524 5745 2665 5806 τινὲς
2695 5743 3082 5809 καταλιπόντες
3109 5747 3206 5812 τὰς
3236 5747 3589 5818 ὑπαρχούσας
3616 5751 3793 5810 αὑτοῖς

2231 5835 2540 5905 ἡγεμονίας,
2579 5839 2794 5908 μακράν
2827 5855 2926 5892 που
2958 5841 3357 5912 ἀποδραμόντες
3395 5842 3468 5912 τῷ
3499 5845 3790 5914 ἡσυχαστι·
