3914 6488
171 472 324 538 1113

1401 474 1937 538 EPISTOLARUM
1972 474 2119 536 LIB.
2162 474 2214 532 Ι.

3295 469 3431 532 1114

169 591 256 660 κῷ
297 590 399 660 βίῳ
444 587 912 660 ἐμακαρίσθησαν.
955 587 1079 653 Πῶς
1116 590 1278 660 ἡμεῖς
1307 592 1356 644 ot
1389 591 1638 644 ταπεινοὶ
1664 588 1751 643 διὰ

1855 585 2116 656 profecti,
2161 584 2270 639 vita
2322 582 2375 637 in
2415 582 2709 638 solitudine
2745 594 2989 653 peracta,
3029 582 3217 638 felices
3245 586 3430 639 existi—

164 682 338 750 νόμον
375 679 510 734 Θεοῦ
535 680 998 752 πεφρουρισμένοι
1036 683 1095 734 ἐν
1123 681 1325 752 ἐξορίᾳ,
1358 683 1459 736 οὐκ
1482 681 1744 750 ἀγαλλια-

165 771 398 842 σώμεθμ
430 773 489 826 ἐν
531 772 742 844 Κυρίῳ,
785 772 946 843 χάριν
969 770 1116 841 αὐτῷ
1145 770 1482 842 λογιζόμενοι
1523 773 1618 825 καὶ
1646 772 1749 826 δω-

165 863 302 933 ρεάν
343 863 626 934 μεγίστην,
658 864 740 917 ὅτι
765 861 1044 933 ὴξιὼμεθα
1069 866 1127 917 ἐν
1159 862 1343 933 μέτρῳ
1368 861 1593 933 τοιούτῳ
1616 879 1748 916 κατ-

161 959 437 1026 αντῆσαι,
482 947 527 1022 ᾧ
553 955 741 1009 πολλοὶ
779 957 1058 1025 ἐφιέμενοι
1097 955 1196 1008 οὐκ
1229 954 1522 1025 ἐπέτυχονς
1563 955 1748 1010 Κάθου

161 1049 255 1118 δὴ,
280 1048 464 1118 Πάτερ
491 1065 594 1118 μου
621 1047 768 1116 ἅγιε,
800 1048 859 1100 ἐν
881 1039 927 1114 ᾧ
953 1046 1104 1117 τόπῳ
1123 1048 1151 1099 ὁ
1172 1045 1324 1109 Θεὸς,
1363 1045 1479 1099 ἀλλ’
1515 1047 1617 1099 οὐκ
1650 1047 1747 1101 ἀν-

163 1143 412 1212 θρωπος,
441 1142 570 1194 εῐσω
601 1140 907 1212 ἐφρούρησέ
938 1156 996 1193 σε
1043 1140 1148 1202 ἓως
1181 1137 1377 1210 καιροῦ
1397 1157 1411 1170 ο
1444 1139 1568 1193 ἐπεὶ
1613 1139 1765 1210 μηδὲ,

164 1235 332 1302 ἴσμεν
357 1232 410 1285 τί
435 1231 656 1303 τέξηται
685 1233 718 1300 ἡ
751 1230 983 1284 ἐπιοῦσα
1005 1245 1020 1261 ο
1065 1229 1175 1282 εἴτε
1210 1229 1404 1294 οὐτως,
1435 1231 1545 1283 εἴτε
1573 1228 1749 1293 ἄλλως

161 1325 282 1392 τῆς
301 1323 561 1393 προνοίας
585 1321 907 1390 κελευούσης
931 1337 945 1352 ·
981 1321 1077 1376 καὶ
1105 1319 1297 1386 δόξαζε
1338 1321 1428 1375 τὸν
1450 1320 1748 1388 δοξάσαντά

164 1431 227 1467 σε
261 1413 491 1483 Κύριον,
520 1412 608 1466 διὰ
627 1408 726 1483 τῆς
755 1413 1098 1483 μαμυρικῆς
1129 1427 1222 1464 σου
1245 1411 1552 1472 ἐνστάσεως
1587 1410 1686 1480 (1).
1730 1447 1744 1463 .

164 1546 176 1560 .
229 1546 245 1560 .
293 1543 309 1560 .
357 1545 372 1560 .
415 1543 431 1558 .
474 1545 490 1562 .
534 1543 550 1559 .
594 1545 607 1560 .
653 1543 666 1558 .
711 1545 726 1559 .
771 1542 786 1558 .
816 1505 906 1557 τὸν
929 1504 1093 1570 ἄρτον
1122 1521 1219 1557 σου
1252 1505 1371 1574 μετ’
1398 1503 1750 1576 εὐχαριστίας

162 1595 259 1649 καὶ
303 1596 500 1666 χαρᾶς,
531 1594 590 1648 δν
632 1594 819 1661 ἔδοξαν
850 1595 900 1648 οί
927 1594 1200 1665 ἄνθρωποι
1235 1595 1433 1668 πικρόν
1463 1613 1545 1649 σοι
1588 1613 1751 1666 προσ·

162 1687 378 1757 φέρειν.
406 1685 572 1740 Οὐπω
594 1701 676 1738 σοι
702 1685 932 1756 δύναμις
958 1684 1117 1755 ἐνιτῷ
1146 1686 1308 1756 γήρει
1327 1700 1342 1714 ·
1369 1685 1554 1740 κόπων
1576 1688 1750 1758 ἀσκη-

162 1780 338 1833 τικῶν
393 1778 892 1850 προηγωνισμένων
944 1793 1027 1830 σοι
1074 1777 1129 1829 ἐν
1176 1779 1243 1847 τῇ
1288 1776 1522 1846 νεότητι,
1569 1777 1750 1848 χάριτι

161 1868 408 1940 Χριστοῦ
443 1868 583 1921 κατά
617 1868 815 1922 πάντα.
843 1863 943 1919 Διά
969 1864 1129 1918 τοῦτο
1158 1864 1464 1937 παρακαλῶ
1487 1865 1579 1919 καὶ
1605 1866 1751 1918 ἀντι-

1847 679 1978 734 mati
2037 684 2210 733 sunt:
2268 674 2546 746 quomodo
2587 688 2688 728 nos
2740 673 3009 741 humiles,
3066 683 3290 744 propter
3335 674 3432 730 Dei

1851 769 2027 841 legem
2059 770 2112 825 in
2139 767 2390 824 custodia
2422 767 2723 835 exsilioque
2756 764 2916 835 positi
2943 803 2958 828 ,
2987 781 3097 820 non
3128 766 3435 822 laetabimur

1849 863 1905 916 in
1937 861 2202 928 Domino,
2245 858 2473 930 gratiam
2511 857 2682 928 ipsius
2723 864 3074 925 reputantes,
3117 856 3434 927 donumque

1847 954 2166 1019 niaximum,
2195 952 2342 1021 quod
2384 949 2532 1021 digni
2569 949 2740 1004 habiti
2767 963 2957 1002 sumus
2977 985 2991 1009 ,
3021 947 3116 1016 qui
3145 962 3207 1002 ea
3236 948 3433 1003 condi-

1851 1046 2002 1100 tione
2027 1057 2308 1107 essemus,
2355 1057 2518 1111 quam
2560 1041 2904 1110 complures,
2931 1054 3053 1093 cum
3079 1036 3393 1094 aﬂectarent
3414 1079 3432 1107 ,

1848 1152 1960 1191 non
1993 1143 2122 1190 sunt
2149 1134 2375 1204 adepti?
2412 1134 2576 1188 Mane
2597 1133 2799 1202 itaque,
2831 1131 2904 1185 mi
2937 1129 3099 1186 Pater
3125 1139 3334 1199 sancte,
3375 1134 3434 1188 in

1849 1241 1917 1283 eo
1961 1242 2072 1296 quo
2101 1235 2158 1281 te
2196 1225 2341 1280 Deus
2363 1264 2378 1289 ,
2412 1241 2523 1280 non
2553 1223 2719 1277 homo
2749 1223 2938 1292 utique
2957 1263 2972 1286 ,
3007 1222 3075 1276 ad
3104 1229 3322 1292 tempus
3346 1223 3435 1276 in-

1854 1319 2020 1374 clusit
2050 1319 2202 1373 loco:
2249 1315 2686 1387 quandoquidem
2740 1314 3046 1385 ignoramus
3092 1314 3219 1384 quid
3251 1330 3437 1384 super-

1847 1420 2070 1464 uentura
2117 1409 2298 1480 pariat
2339 1407 2450 1462 dies
2478 1407 2557 1470 ⁸⁸,
2612 1407 2727 1461 sive
2765 1405 2877 1469 sic,
2921 1406 3038 1460 sive
3084 1405 3262 1470 aliter,
3293 1421 3435 1474 quo-

1847 1517 2066 1572 cunque
2095 1517 2182 1556 res
2207 1544 2222 1568 ,
2257 1499 2601 1571 providentia
2645 1498 2998 1569 praecipiente
3022 1537 3036 1558 .
3072 1505 3289 1551 vertant
3318 1514 3335 1565 ;
3379 1509 3436 1552 et

1849 1590 2139 1646 Dominum
2171 1588 2409 1661 gloriﬁca
2432 1630 2447 1653 ,
2493 1587 2587 1657 qui
2617 1585 2880 1658 gloriﬁcat
2920 1592 2973 1640 te
2998 1585 3044 1618 ⁸⁸
3088 1585 3160 1640 ob
3195 1601 3434 1656 pugnam

1850 1683 1992 1739 hanc
2017 1692 2162 1737 tuam
2195 1681 2457 1751 martyrio
2486 1695 2673 1749 parem
2707 1718 2722 1733 .
2751 1717 2766 1732 .
2813 1717 2826 1732 .
2874 1717 2888 1732 .
2937 1719 2950 1734 .
2991 1715 3005 1731 .
3050 1719 3064 1735 .
3103 1715 3119 1731 .
3167 1719 3179 1731 .
3206 1692 3438 1748 panem-

1853 1783 2006 1831 tnum
2075 1789 2200 1829 cum
2247 1773 2544 1844 gratiarum
2600 1770 2818 1827 actione
2881 1778 2937 1825 et
2975 1769 3213 1841 gaudio,
3271 1783 3433 1839 quem

1849 1867 2176 1922 videbantur
2252 1863 2503 1920 homines
2572 1863 2910 1919 acerbiorem
2960 1863 3061 1917 tibi
3120 1862 3426 1934 assignare.

163 1961 331 2027 ϐολῶ,
364 1961 458 2014 καὶ
489 1958 740 2029 βρώμασι
769 1958 864 2012 καὶ
896 1957 1103 2028 πόμασι
1134 1958 1228 2011 τοῦ
1252 1957 1746 2029 κατατρυχωμένου

1854 1957 2084 2014 Βείεοιω
2138 1958 2233 2013 tibi
2273 1960 2328 2012 in
2388 1966 2674 2014 senectute
2721 1957 2900 2018 vires,
2941 1964 3022 2011 tot
3063 1965 3190 2011 ante
3243 1957 3296 2009 in
3349 1957 3438 2026 ju-

165 2052 425 2122 σώματος
454 2049 973 2121 ἀντιλαμϐάνεσθαι.
1003 2049 1092 2118 Μὴ
1118 2046 1388 2121 παραιτοῦ
1408 2064 1422 2081 ο
1459 2049 1622 2119 ἀρκεῖ
1667 2065 1752 2103 σοι

163 2149 196 2216 ἡ
240 2146 496 2215 μόνωσις,
531 2145 564 2213 ὴ
595 2141 894 2213 κάθειρξις,
923 2142 957 2211 ἡ
980 2140 1206 2212 ἐρημία,
1233 2143 1268 2212 ἡ
1301 2141 1685 2213 ὐποστέρησις,
1717 2144 1751 2213 ἡ

165 2233 443 2302 ἀδυναμία
487 2231 582 2285 τοῦ
636 2233 841 2301 γήρους
891 2228 1029 2299 μετά
1061 2229 1156 2282 καὶ
1185 2229 1504 2294 ἀσθενείας·
1552 2234 1586 2302 ἡ
1625 2231 1754 2302 περὶ

163 2326 320 2394 ἡμᾶς
359 2339 420 2375 τε
448 2323 575 2384 τούς
603 2317 962 2391 ἁμαρτωλοὺς
1002 2319 1096 2371 καὶ
1127 2319 1254 2382 τούς
1283 2320 1481 2384 ἄλλους
1510 2320 1750 2392 φροντίς.

177 2416 272 2469 Ἐν
321 2414 533 2475 τούτοις
586 2410 874 2478 ὑπομένων
917 2409 1217 2481 αὐταρκοῦ,
1264 2410 1619 2482 καθαρότητα
1656 2411 1754 2481 θη-

168 2507 345 2576 ρεύων
374 2505 482 2558 τῶν
512 2501 789 2570 λογισμῶν
815 2500 903 2554 διὰ
941 2501 1041 2570 τῆς
1088 2503 1616 2573 μετεωροπορήσεως
1655 2504 1755 2575 τῆς

163 2601 359 2671 τιμίας
390 2616 485 2652 σου
514 2598 712 2668 ψυχῆς.
745 2596 942 2649 Ἦνίκα
970 2597 1039 2650 τά
1061 2595 1188 2668 ἄρτι
1217 2595 1278 2648 τὸ
1302 2595 1568 2666 ὲρημικδν
1594 2597 1756 2666 πρόσ-

165 2709 338 2756 εστιν,
373 2688 613 2759 εὐχερῶς
646 2689 674 2740 ὁ
703 2687 847 2750 νοῦς,
887 2687 1074 2758 ὥσπερ
1119 2686 1224 2740 ὐπὸ
1256 2686 1494 2755 σωλῆνος
1528 2687 1756 2755 σφιγγόο

171 2799 334 2854 μενον
371 2780 536 2850 ῦδωρ,
569 2777 747 2831 δύνατ’
779 2777 844 2830 ἂν
871 2778 1190 2847 ἀνατρέχειν
1223 2779 1287 2829 ἐκ
1325 2778 1434 2830 τῶν
1473 2777 1753 2846 χαμαιζή-

166 2876 276 2928 λων
308 2873 445 2943 πρὸς
482 2873 552 2924 τὰ
582 2871 897 2940 ἐπουράνια.
930 2868 1099 2923 Τοῦτό
1141 2872 1258 2922 ἐστι
1302 2869 1363 2922 τὸ
1395 2869 1749 2938 ζητούμενον,

166 2967 229 3020 τὸ
293 2964 435 3036 μετά
494 2959 628 3014 Θεοῦ
689 2963 754 3031 τῇ
808 2960 1189 3031 ἀπροσπαθείᾳ
1246 2961 1327 3022 είς
1378 2961 1463 3012 ἀεὶ
1509 2958 1746 3013 ἔσεσθαι.

169 3058 316 3129 Πλὴν
343 3058 392 3109 oi
418 3054 642 3123 πόλεμοι
674 3054 954 3121 στεφάνων
983 3051 1148 3104 αίτιοι
1177 3051 1327 3122 παρᾶ
1353 3051 1460 3104 τῶν
1491 3052 1752 3121 Πατέρων

170 3147 328 3220 ἡμῶν
361 3145 634 3216 ὁρίζονται
655 3161 667 3174 ·
703 3144 844 3196 ὥστε
889 3144 937 3194 εί
986 3142 1080 3195 καὶ
1111 3141 1508 3212 πολεμούμενοι
1542 3142 1754 3196 ἐνιστά-

173 3239 332 3310 μεθα,
361 3237 521 3307 νίκης
549 3233 940 3306 ἀποφερόμεθα
965 3232 1121 3296 κλέος
1145 3233 1285 3286 κατὰ
1314 3230 1408 3285 τοῦ
1442 3232 1750 3303 ἡττημένου

169 3331 443 3386 διαϐόλου.

1853 2057 2014 2104 vente
2056 2049 2382 2115 exantlatis,
2425 2047 2629 2103 ChriSti
2694 2062 2922 2116 prorsus
2974 2044 3266 2112 beneﬁcio,
3309 2044 3437 2101 vita:

1852 2141 2101 2196 ascetieaa
2119 2139 2416 2195 laboribus.
2435 2138 2800 2206 Quamobrem
2837 2137 3067 2191 obsecro
3088 2145 3140 2190 et
3171 2138 3433 2200 obtestor,

1853 2244 1914 2289 ut
1968 2235 2090 2290 cibo
2141 2249 2204 2289 ac
2255 2244 2384 2304 potu
2434 2231 2648 2302 corpori
2712 2229 2978 2285 exhausto
3011 2230 3326 2285 subvenias.
3355 2228 3435 2283 Ne

1854 2338 2095 2379 recusa:
2146 2322 2344 2378 sulﬁeit
2390 2323 2486 2377 tibi
2539 2322 2810 2388 solitudo,
2860 2336 3089 2387 carcer,
3138 2335 3388 2376 secessus
3417 2362 3433 2385 ,

1853 2415 2106 2485 colloquii
2141 2415 2545 2485 inopia,rerum
2571 2414 2814 2468 omnium
2849 2411 3101 2482 penuria,
3148 2411 3436 2466 imbecilli-

1857 2515 1939 2560 tas
1964 2515 2077 2560 tum
2124 2506 2193 2560 ab
2220 2514 2380 2560 astate
2406 2546 2420 2570 ,
2460 2513 2576 2559 tum
2604 2506 2671 2559 ab
2702 2506 3044 2575 aegritudine,
3080 2504 3170 2559 illa
3196 2505 3436 2575 denique

1854 2597 1922 2651 de
1963 2596 2124 2652 nobis
2177 2598 2555 2667 peccatoribus
2609 2596 2843 2666 aliisque
2897 2597 3230 2651 sollicitudo.
3291 2595 3438 2650 Satis

1856 2689 1954 2743 tibi
1983 2689 2054 2744 sit
2086 2689 2187 2744 ista
2214 2690 2486 2744 sustinere
2509 2731 2523 2756 ,
2567 2690 2959 2759 cegitationum
2995 2690 3214 2745 interim
3261 2706 3434 2744 mun-

1854 2779 2043 2832 ditiam
2089 2779 2464 2845 consectanti,
2519 2788 2702 2834 erecta
2756 2779 2823 2834 ad
2880 2780 3194 2833 sublimium
3248 2794 3431 2834 rerum

1854 2871 2370 2940 contemplationem
2443 2872 2659 2943 egregia
2726 2882 2931 2926 mente.
2994 2872 3224 2938 Quando
3282 2887 3432 2927 nunc

1855 2962 2091 3016 solitudo
2141 2964 2335 3028 adest,
2383 2963 2534 3017 nullo
2568 2964 2786 3034 negotio
2817 2979 2974 3020 mens
2997 3005 3011 3029 ,
3065 2965 3238 3018 instar
3276 2979 3432 3033 aqua:

1855 3068 1953 3122 per
1993 3053 2103 3106 vim
2153 3069 2184 3108 e
2234 3053 2412 3106 ﬁstula
2458 3055 2836 3123 erumpentis,
2895 3055 2962 3108 ab
3013 3054 3244 3123 abiectis
3281 3054 3432 3108 humi

1855 3143 2021 3198 rebus
2071 3144 2140 3198 ad
2196 3144 2439 3199 coelestia
2487 3145 2741 3215 prosilire
2785 3153 2986 3215 potest.
3020 3143 3137 3199 Hoc
3179 3143 3310 3200 illud
3349 3153 3435 3198 est

1854 3235 2001 3304 quod
2029 3235 2343 3304 quaerimus,
2381 3245 2443 3290 ut
2474 3251 2599 3291 cum
2630 3237 2742 3291 Deo
2775 3237 2826 3290 in
2859 3245 3184 3308 perpetuum
3216 3237 3387 3291 simus
3413 3277 3429 3300 ,

1771 3317 1814 3379 C
1848 3343 1947 3397 per
1991 3327 2390 3383 immunitatem
2430 3345 2460 3383 a
2486 3329 2633 3386 vitiis
2658 3370 2674 3392 ,
2723 3330 2982 3400 copulati.
3021 3328 3292 3384 Caeterum
3337 3345 3432 3384 co-

171 3437 336 3478 tonas
381 3416 691 3475 dimicando
744 3412 1088 3485 comparari,
1143 3428 1175 3469 a
1227 3411 1481 3467 Patribus
1536 3415 1743 3469 nostris
1815 3417 2086 3472 sancitum
2181 3425 2286 3472 est.
2352 3415 2713 3482 Quamobrem
2767 3419 2857 3484 si,
2911 3419 2997 3474 vel
3055 3419 3226 3489 pressi
3289 3419 3432 3474 bello

171 3522 486 3585 perstamus
510 3551 526 3577 ,
580 3507 823 3563 victoriae
876 3505 1090 3560 laudem
1121 3545 1136 3571 ,
1200 3513 1461 3574 superato
1499 3506 1754 3573 diabolo,
1788 3516 2151 3580 reportamus.

252 3605 400 3675 Ἐγὼ
448 3604 505 3656 δέ
548 3601 872 3672 αἰσχύνομαι
909 3601 1218 3670 ᾑσχημένος
1263 3599 1340 3652 ὢν
1375 3601 1488 3662 τοῖς
1526 3598 1745 3662 πάθεσι,

171 3697 398 3752 τοιαῦτα
427 3695 563 3766 πρὸς
593 3694 655 3746 σὲ
685 3692 774 3744 τὸν
806 3690 1024 3761 Πατέρα
1062 3709 1164 3761 μου
1195 3691 1567 3760 φθεγγόμενος
1587 3707 1601 3722 ο
1631 3680 1747 3743 ἀλλ’

172 3790 531 3858 ἠνάγκασμαι
574 3782 642 3836 δι’
668 3781 914 3850 ὑπακοήν
941 3797 1056 3835 σου.
1087 3780 1265 3834 Καλὸν
1309 3781 1370 3834 τὸ
1393 3779 1619 3850 λυθῆναι
1650 3781 1749 3851 τῆς

175 3881 515 3948 πολυδέσμου
544 3873 938 3947 προσπαθείας,
970 3874 1063 3927 καὶ
1103 3873 1324 3943 δεθῆναι
1359 3872 1440 3944 τῷ
1469 3873 1750 3944 ἀκορέστῳ

177 3972 338 4041 ἔρωτι
368 3967 595 4039 Κυρίου.
624 3965 928 4038 Συμφέρον,
961 3965 1144 4038 Πάτερ
1178 3983 1300 4035 μου,
1327 3964 1388 4017 τδ
1418 3963 1750 4034 ἀποσχέσθαι

175 4062 273 4132 τῆς
303 4061 414 4114 τῶν
441 4058 632 4112 παθῶν
662 4055 948 4122 δυσωδίας,
973 4055 1068 4110 καὶ
1092 4055 1480 4127 ὀσφραίνεσθαι
1519 4053 1619 4123 τῆς
1653 4051 1750 4106 τοῦ

177 4156 489 4224 πνεύματος
513 4150 757 4212 εὐωδίας.
789 4148 1073 4220 Μακάρων
1116 4148 1179 4202 τὸ
1216 4145 1622 4218 κατανυχθῆναι
1666 4147 1752 4197 ἐν·

175 4245 372 4305 ταῦθα,
404 4245 502 4297 καὶ
533 4242 764 4298 κλαῦσαι
802 4240 964 4311 ὑπὲρ.
1007 4282 1022 4297 .
1065 4277 1079 4292 .
1126 4278 1145 4296 .
1185 4282 1200 4295 .
1243 4279 1261 4294 .
1307 4279 1322 4293 .
1363 4278 1380 4294 .
1425 4279 1440 4294 .
1486 4281 1499 4293 .
1541 4277 1556 4294 .
1601 4275 1616 4291 .
1655 4238 1752 4292 καὶ

177 4337 502 4407 ἀγαλλίασις
547 4334 624 4405 τῷ
659 4332 884 4403 τοιούτῳ
917 4334 976 4387 ἐν
1008 4334 1143 4387 πᾶσι
1190 4331 1583 4404 προηγουμένῳ
1624 4368 1640 4384 .
1682 4369 1695 4383 .
1735 4369 1750 4384 .

176 4429 342 4483 Θεοῦ·
367 4428 428 4492 ὃς
456 4427 706 4498 καθάπερ
736 4425 846 4495 πῦρ
870 4425 961 4478 ὅτε
1007 4427 1069 4479 ’ὲν
1109 4427 1175 4496 τῇ
1205 4425 1349 4496 ψυχῇ
1391 4424 1637 4494 γένηται,
1663 4427 1756 4493 ἐγο

179 4520 544 4591 καταφεύγειν
592 4519 802 4585 πέφυκε
855 4519 956 4581 τάς
1012 4516 1259 4580 είσϐολάς
1309 4519 1406 4587 τῆς
1453 4516 1749 4587 ἁμαρτίας.

179 4611 305 4675 Πῶς
347 4612 406 4664 δὲ
440 4611 498 4664 οὐ
547 4609 832 4680 φοϐητέον,
857 4608 916 4662 ὃν
947 4608 1260 4676 φρίττουσιν
1295 4607 1514 4682 ἄγγελοι
1538 4624 1552 4637 °
1590 4603 1650 4662 οὐ
1676 4605 1754 4676 τῷ

180 4704 456 4774 βλέμματι
488 4702 718 4755 δονεῖται
751 4701 981 4771 ήκτίσις
1003 4717 1016 4732 ·
1046 4691 1090 4766 ᾧ
1119 4699 1589 4770 παραστησόμεθα
1616 4700 1754 4754 πάν-

1919 3602 2003 3658 lle
2027 3618 2178 3665 vero,
2204 3602 2290 3658 cui
2321 3602 2645 3673 cupiditates
2676 3603 2966 3673 imperant,
2996 3605 3263 3675 ejusmodi
3286 3609 3428 3677 apud

1851 3703 1904 3748 te
1946 3694 2158 3748 Patrem
2193 3708 2374 3747 meum
2411 3695 2658 3748 oratione
2703 3694 2781 3747 uti
2814 3694 2980 3763 pudet
3013 3713 3028 3748 :
3058 3696 3155 3750 sed
3200 3707 3427 3754 coactus

1851 3783 1973 3846 feci,
1999 3793 2057 3836 ut
2083 3782 2179 3839 tibi
2208 3797 2414 3837 morem
2447 3799 2714 3855 gererem.
2737 3784 3030 3840 Pulchrum
3060 3794 3143 3840 est
3163 3788 3430 3857 cupidita-

1853 3865 1967 3927 tum
2002 3873 2206 3929 absolvi
2246 3873 2503 3937 vinculis.
2539 3883 2595 3929 et
2639 3873 2916 3944 inexpleto
2977 3873 3194 3930 Domini
3244 3893 3430 3934 amore

1851 3968 2171 4039 constringi.
2225 3967 2480 4038 Expedit,
2523 3969 2598 4023 mi
2650 3967 2835 4034 Pater,
2883 3983 2915 4023 a
2968 3975 3111 4025 tetro
3169 3970 3428 4027 vitiorum

1851 4061 2022 4116 odore
2073 4060 2391 4125 abscedere,
2447 4073 2512 4115 ac
2557 4061 2878 4115 suavitatem
2919 4060 3140 4132 spiritus
3188 4063 3428 4117 odorari.

1853 4152 2004 4207 Felix
2036 4152 2383 4222 faustumque
2413 4151 2506 4207 hic
2545 4153 2734 4208 dolore
2761 4153 2948 4224 pungi,
3001 4168 3064 4207 ac
3094 4153 3280 4226 lugere
3308 4171 3431 4225 pro-

1851 4253 1976 4314 pter
2004 4284 2017 4298 .
2041 4286 2084 4298 ..
2107 4283 2121 4297 .
2146 4284 2160 4299 .
2288 4285 2300 4298 .
2324 4283 2336 4300 .
2363 4285 2378 4299 .
2428 4254 2484 4301 et
2521 4244 2650 4300 huic
2681 4245 2993 4311 exsultatio,
3027 4245 3118 4315 qui
3164 4245 3219 4299 in
3247 4247 3429 4301 omni-

1854 4337 1956 4390 bus
2001 4336 2179 4406 primo
2220 4336 2338 4389 loco
2411 4375 2426 4390 .
2506 4375 2522 4390 .
2603 4376 2616 4390 .
2697 4377 2710 4390 .
2774 4336 3014 4389 timorem
3049 4334 3179 4390 Dei:
3226 4336 3428 4406 quippe

1853 4427 1948 4497 qui
1986 4427 2159 4482 instar
2186 4427 2326 4498 ignis
2349 4441 2473 4482 cum
2504 4427 2558 4480 in
2593 4426 2778 4480 animo
2815 4425 2998 4491 fuerit,
3040 4426 3145 4481 hoc
3169 4427 3330 4494 habet
3369 4436 3426 4482 ut

1855 4519 2060 4588 peccati
2115 4520 2377 4588 impetum
2417 4518 2660 4589 eﬂ'ngiat.
2699 4517 2818 4585 Quo
2860 4527 3044 4573 autem
3111 4528 3270 4589 pacto
3314 4535 3426 4576 non

1857 4609 1948 4664 ille
1986 4610 2429 4664 extimescendus
2463 4650 2479 4674 ,
2535 4625 2698 4679 quem
2753 4610 2926 4681 angeli
2974 4619 3216 4680 pavent:
3267 4611 3425 4677 cujus

1856 4701 2104 4755 contuitu
2151 4715 2238 4755 res
2271 4700 2449 4755 omnis
2481 4709 2658 4755 creata
2713 4701 3012 4754 turbatur:
3058 4699 3145 4755 cui
3197 4699 3324 4752 nudi
3370 4708 3425 4752 et

176 4811 267 4857 τες
312 4779 668 4863 γυμνοΓκαὶ
711 4790 1228 4863 τετραχηλισμένοι’
1282 4789 1476 4862 μικρὸν
1530 4789 1753 4861 ὕστερον

1858 4792 1968 4861 apti
2013 4782 2205 4847 omnes
2256 4792 2554 4846 astabimus
2582 4793 2649 4856 “,
2692 4791 2855 4862 paulo
2930 4806 3056 4846 mox
3116 4790 3423 4845 mercedem

178 4883 576 4957 ἀποληψόμεθα
621 4883 730 4937 τῶν
771 4881 1119 4954 βεϐιωμένων
1147 4880 1247 4944 τάς
1280 4879 1575 4952 ἀμείψειςς
1615 4881 1753 4950 Ἐγὼ

1859 4897 2047 4938 eorum
2079 4898 2200 4954 quas
2226 4884 2281 4937 in
2314 4885 2423 4938 vita
2472 4883 2762 4954 egerimus,
2813 4883 3133 4954 accepturi?
3156 4882 3268 4953 Ego
3298 4897 3427 4936 vero

247 5001 297 5034 “
327 4999 493 5055 Prov.
523 5015 686 5064 xxvtt,
717 4999 771 5053 1.
845 4997 892 5030 "
924 4996 945 5051 l
976 4996 1109 5069 Reg.
1141 5011 1201 5063 tl,
1233 4995 1324 5053 50.
1395 4995 1442 5028 “
1475 4993 1612 5050 ﬂeb.
1645 5011 1719 5058 Iv,
1758 4996 1845 5051 15.

1670 5084 1908 5143 ΝΟΤᾸΞ.

247 5181 329 5250 (1)
356 5179 495 5234 Cod.
522 5176 696 5259 vatio.
727 5178 926 5259 655,1.
960 5179 1050 5259 41.
1084 5176 1322 5259 Epistola
1349 5175 1749 5259 aduflatottem,

1854 5177 2180 5259 :Emrptivto;
2203 5180 2260 5259 ἐν
2296 5177 2532 5259 egi-nep}
2568 5177 2661 5259 τοῦ
2693 5178 2900 5259 [Erexit
2919 5178 3023 5259 (a):
3039 5176 3151 5240 οἷος
3173 5180 3237 5232 ἂν
3266 5175 3429 5259 ᾖᾼᾶν.

180 5246 422 5322 quaeest
449 5249 593 5320 apud
623 5248 974 5303 Sirntondutn
1003 5246 1179 5302 lacera
1213 5248 1308 5300 lib.
1344 5263 1383 5308 ι,
1411 5247 1499 5300 57.
1540 5246 1614 5301 lbi
1641 5251 1752 5315 pri-

183 5340 266 5378 ma
302 5322 500 5375 lacuna
532 5321 780 5388 expletur
811 5334 842 5373 a
874 5319 1060 5373 codice
1091 5319 1170 5372 sie
1203 5337 1217 5371 :
1243 5318 1437 5370 ἐσθίων
1468 5317 1560 5368 τὸν
1588 5318 1752 5388 ἄρτον

1854 5248 2088 5332 θρωπος,
2116 5248 2267 5319 παρά
2294 5246 2440 5334 τάοέν
2469 5246 2687 5334 τῇιθείᾳ
2715 5246 2904 5336 Γραφῇ
2937 5246 3162 5334 κείμενα
3187 5246 3426 5318 συμϐου-

1854 5318 2041 5383 λευων,
2083 5319 2190 5372 ἀπὸ
2222 5319 2448 5388 καρδιας
2477 5319 2624 5371 λαΑει
2660 5319 2754 5370 καὶ
2781 5320 3091 5386 ἐνταλματα
3122 5319 3427 5388 ανθρώπων

183 5340 266 5378 nia
305 5337 500 5375 lacuna
532 5337 780 5388 expletur
811 5337 842 5373 a
874 5337 1060 5373 conice
1091 5337 1170 5372 sic
1203 5337 1217 5371 :
1243 5337 1437 5370 εσυιων
1468 5337 1560 5368 τον
1588 5337 1752 5388 αρτον

182 5411 273 5446 σου
300 5390 591 5470 μετ’,ηιιῑιλΔ
611 5390 851 5470 Reliqua:
876 5391 1083 5470 lacunae
1119 5403 1228 5470 non
1249 5389 1610 5470 explentur}
1656 5404 1752 5470 co-

1854 5337 2041 5383 ι.ευων,
2083 5337 2190 5372 απο
2222 5337 2448 5389 καροιας
2477 5337 2624 5371 ΛαΑει
2660 5337 2754 5370 και
2781 5337 3091 5386 ενταλματα
3122 5337 3427 5390 ανυρωπων

1854 5389 2155 5470 διηογεῖταιις
2190 5391 2282 5440 καὶ
2313 5391 2442 5470 περὶ
2467 5388 2882 5470 τῶν-τοιούτων
2903 5389 3055 5470 φέρει»
3084 5391 3152 5442 τά
3176 5389 3271 5470 τοῦ
3298 5391 3429 5460 (inoo

182 5456 538 5517 ilice'mntilo.
567 5456 817 5513 Attamen
848 5459 968 5514 cod.
997 5475 1120 5527 pag.
1150 5458 1218 5512 65
1248 5457 1301 5520 b,
1337 5458 1450 5511 haec
1483 5456 1754 5510 habentur

182 5533 557 5613 supplementa
591 5531 674 5613 _in
718 5539 970 5613 emet-pte
1019 5529 1116 5613 ἐκ⁸
1135 5525 1250 5613 τῆς
1269 5527 1431 5613 ἔρὸς
1461 5525 1752 5613 Πλᾴτωγα

183 5596 300 5655 τὸν
327 5598 549 5655 ἑαυτοῦ
582 5598 813 5666 Πατέρα
867 5596 1218 5664 ἐπιστολῆς·
1269 5597 1378 5658 Τὰς
1410 5596 1754 5665 τεχνολογίαις

186 5672 290 5723 τῶν
319 5671 637 5745 ὐποκλίνειν
685 5685 744 5745 σε
775 5669 874 5745 τῆς
901 5669 1155 5745 ἀληθείας
1195 5665 1551 5745 πειρωμένων
1588 5665 1755 5745 μηδὲν

183 5738 374 5794 meai"
436 5738 636 5802 ἁπλοῦς
690 5743 716 5790 ὁ
775 5735 1176 5806 >.ὀ”(οςο’φησὶν
1227 5738 1332 5806 γάρ
1383 5752 1482 5788 που
1529 5737 1556 5787 ὁ
1604 5735 1754 5802 ἅγιος

1852 5459 2040 5528 στόλου
2089 5457 2287 5528 λέγειν,
2333 5458 2414 5510 ὅτι
2464 5459 2557 5510 ἐὰν
2591 5459 2817 5526 ἅγγελος
2866 5459 2926 5525 ἐξ
2972 5459 3201 5528 οὐρανοῦ
3255 5457 3424 5523 ἐστιν,

1859 5527 2109 5597 ἀνάθεμα
2140 5527 2306 5596 αὐτῷ.
2347 5529 2475 5594 (Sed
2507 5530 2652 5581 enim
2685 5543 2713 5581 a
2739 5529 2919 5583 verbis
2953 5528 3156 5591 ἁπλοῦς
3187 5530 3252 5582 ad
3290 5530 3424 5581 ἀνά-

1862 5597 2009 5665 θεμα
2055 5597 2202 5666 αὐτῷ
2247 5599 2408 5651 verba
2437 5598 2624 5653 eadem
2656 5600 2954 5652 recitantur
2994 5598 3047 5651 in
3078 5600 3195 5652 cod.
3247 5616 3296 5667 p.
3335 5601 3423 5664 65,

1863 5668 2026 5721 etiam
2050 5681 2113 5720 ex
2147 5667 2372 5735 epistola
2399 5668 2464 5719 ad
2499 5669 2762 5736 Ignatium
2791 5669 3006 5735 tilium.)
3040 5698 3108 5708 —-
3134 5675 3265 5723 Anc.
3298 5669 3424 5734 MM,

1865 5737 2117 5790 Bibliutlt.
2146 5753 2261 5790 nov.
2306 5748 2343 5791 ι.
2379 5737 2464 5799 IV,
2492 5754 2542 5806 ιι.
2584 5737 2703 5791 102.

274 5854 336 5912 (')
377 5854 448 5902 En
495 5854 687 5916 Studita
749 5855 965 5916 agnoscit
998 5858 1048 5898 ul
1091 5848 1360 5909 genuinum
1393 5849 1650 5911 Epiphanii
1694 5864 1971 5900 sermonem
2029 5851 2245 5912 aliquem
2297 5853 2357 5900 de
2409 5850 2658 5900 Paschale.
2711 5852 2899 5909 Reapse
2955 5854 2998 5901 in
3055 5866 3282 5902 sermone
3311 5853 3429 5916 Epiv

187 5919 344 5977 phanti
387 5918 450 5966 de
487 5915 724 5966 Paschatc
753 5930 845 5965 non
880 5915 1210 5963 inveniuntur.
