3914 6436
521 389 658 453 1115
1699 395 1756 454 S.
1798 390 2188 451 THEODORI
2228 391 2566 449 STUDlTAZ
3620 389 3740 453 1116

512 501 718 564 infelix,
754 515 875 553 cum
930 502 1067 555 nihil
1105 517 1292 556 eorum
1323 516 1444 572 quae
1501 503 1920 556 commemoravi
1979 501 2080 553 sim
2112 551 2113 556 η

2195 500 2237 552 Ξὲ
2275 504 2302 553 ό
2341 503 2526 566 τάλας,
2554 502 2611 552 ὲν
2635 501 2808 554 οὐδενὶ
2829 497 2903 554 ὧν
2930 495 3084 554 εἷπον
3111 501 3298 554 ἑαυτὸν
3341 499 3747 568 καταλαμϐανὰ

513 598 808 651 assecutus,
846 591 899 642 in
922 606 1133 644 summo
1156 606 1387 645 maerore
1411 591 1578 644 animi
1612 603 1920 645 sanctarum
1951 603 2078 658 pre-

2195 610 2363 656 ιενος,
2404 593 2801 662 σκυθρωπάζω,
2825 595 2921 664 τὴν
2961 594 3068 646 τῶν
3100 594 3270 660 ἁγίων
3298 592 3475 662 εὐχῶν
3508 609 3605 645 σου
3635 594 3743 645 ἑπι-

513 696 634 733 cum
694 690 908 734 tuarum
963 697 1122 750 Opem
1174 682 1429 751 elllagito,
1467 689 1526 735 ut
1578 684 1890 752 aperiantur
1934 681 2076 737 oculi

2195 686 2405 755 ιουρίαν
2436 685 2624 747 αἰτῶν,
2665 686 2744 748 είς
2783 685 3042 749 διάνοιξιν
3085 685 3190 737 τῶν
3220 685 3316 754 τῆς
3343 684 3525 754 ψυχῆς
3557 685 3744 754 ὀφθαλ-

516 771 711 824 inentis
759 786 912 834 meae,
951 781 1011 824 ut
1051 786 1239 825 verum
1267 788 1505 827 amorem
1541 772 1838 842 degustem.
1874 772 1976 827 Sed
1999 781 2081 826 est

519 862 647 913 mihi
681 861 841 914 simul
875 877 998 916 cum
1043 863 1225 916 animo
1253 877 1451 931 corpus
1481 879 1696 932 quoquc
1725 864 2076 927 imbecillum,

520 961 575 1005 ut
600 955 708 1007 scis
741 963 838 1016 ;et
886 955 1016 1023 quid
1063 970 1216 1025 agam
1248 956 1490 1010 incertus
1515 973 1656 1009 sum.
1688 956 1818 1009 Nam
1851 957 1894 1010 si
1921 958 2082 1024 paulo

519 1041 775 1108 majorem
832 1041 1090 1096 adhibere
1141 1051 1396 1096 conatum
1457 1041 1638 1105 velim,
1697 1041 1866 1110 perdo
1917 1041 2081 1094 etiam

517 1134 834 1201 quantulum
881 1135 1076 1189 habeo.
1123 1135 1240 1190 Una
1282 1136 1416 1190 mihi
1452 1135 1755 1189 consolatio
1791 1142 2080 1203 superest;

516 1237 676 1290 quam
713 1232 768 1277 et
797 1223 892 1276 tibi
927 1239 1195 1292 exponam
1223 1240 1443 1278 necesse
1472 1233 1573 1288 est,
1602 1224 1674 1276 mi
1711 1223 1870 1277 Pater
1899 1241 1911 1275 :
1939 1224 2084 1292 quod

521 1328 716 1382 nempe
747 1315 1049 1377 didicerim,
1087 1332 1151 1368 ex
1189 1317 1421 1370 lectione
1462 1326 1516 1370 et
1564 1332 1666 1369 usu
1699 1312 2081 1380 Orientalium,

518 1412 770 1474 oportere
804 1421 898 1460 eos
919 1405 1011 1474 qui
1039 1406 1200 1459 vitam
1237 1406 1291 1459 in
1321 1420 1595 1460 secessum
1625 1413 1811 1474 agunt,
1850 1405 2083 1474 singulis

519 1494 731 1560 diebus,
763 1495 806 1548 si
841 1496 1058 1564 quidem
1103 1496 1216 1549 ﬁeri
1260 1497 1450 1565 possit,
1497 1495 1818 1564 participare
1849 1494 2084 1548 divinam

519 1586 978 1641 communionem.
1016 1587 1172 1642 Hunc
1221 1603 1424 1640 morem
1484 1587 1715 1650 servavi,
1750 1587 1841 1655 qui
1885 1587 2085 1641 misero

518 1675 652 1729 mihi
684 1691 840 1744 opem
874 1676 1071 1740 attulit,
1137 1685 1385 1730 revocata
1415 1676 1744 1745 cogitatione
1785 1692 1816 1730 a
1876 1677 2087 1731 vitiosis

517 1765 683 1818 animi
712 1765 968 1828 motibus,
1001 1777 1221 1835 propter
1244 1766 1370 1820 doni
1403 1767 1793 1835 praestantiam,
1825 1783 1945 1835 qua:
1971 1783 2086 1820 me-

520 1866 630 1910 tum
660 1857 870 1911 incutit.
904 1856 1035 1910 Nam
1060 1858 1187 1926 quid
1219 1859 1415 1927 majus,
1443 1860 1556 1912 sive
1581 1859 1648 1912 ad
1679 1859 1941 1924 laetitiam,
1972 1859 2085 1913 sive

518 1947 583 2000 ad
617 1947 1079 2001 collustrationem
1103 1947 1267 2001 animi
1298 1963 1419 2002 esse
1456 1949 1678 2002 omnino
1697 1957 1872 2016 potest
1901 1950 2082 2002 divina

520 2040 943 2092 communione?
973 2040 1031 2094 In
1059 2041 1280 2094 calicem
1307 2050 1485 2094 autem
1509 2043 1734 2094 vitreum
1760 2042 2084 2110 peculiarem

521 2129 648 2180 vino
673 2127 882 2190 defuso,
918 2143 981 2181 ac
1023 2129 1249 2182 solemni
1304 2130 1598 2196 precationi
1635 2141 1874 2198 peracta,
1909 2147 2084 2199 quan-

520 2235 681 2287 quam
710 2220 960 2290 indignus
982 2220 1105 2274 doni
1125 2236 1346 2290 compos
1365 2220 1452 2274 lio.
1487 2221 1668 2275 indica
1700 2222 1831 2275 mihi
1865 2232 2085 2276 rectene

519 2327 694 2379 agam,
728 2327 796 2364 an
822 2328 996 2366 secus.
1032 2312 1177 2367 Ultra
1219 2351 1234 2367 .
1257 2351 1271 2366 .
1299 2353 1312 2367 .
1335 2353 1348 2366 .
1373 2355 1385 2367 .
1407 2353 1419 2366 .
1449 2313 1648 2368 labores
1671 2318 1938 2385 fructuum
1963 2325 2080 2368 tuo-

520 2415 634 2450 rum
671 2401 1028 2454 manducare;
1063 2402 1246 2455 beatus
1281 2419 1352 2465 es,
1387 2403 1458 2456 mi
1495 2403 1673 2470 Pater,
1728 2414 1775 2458 et
1807 2406 1930 2458 bene
1981 2406 2077 2458 tibi

516 2491 615 2542 erit
633 2489 699 2551 ⁸⁷,
730 2490 821 2558 qui
849 2491 1141 2544 multorum
1176 2492 1334 2546 Pater
1356 2508 1432 2557 es,
1460 2505 1619 2562 atque
1649 2496 1713 2548 ad
1747 2505 1956 2549 tantum
1978 2497 2085 2548 vir-

521 2579 650 2632 tutis
683 2581 907 2649 gradum
939 2582 1259 2649 perduxisti,
1302 2593 1358 2635 ut
1404 2599 1549 2638 nunc
1589 2601 1780 2640 omnes
1821 2588 1873 2639 in
1894 2587 2085 2641 exsilio

521 2677 738 2735 propter
769 2670 899 2738 legis
925 2669 1138 2724 Domini
1166 2673 1476 2727 mandatum
1515 2685 1818 2729 versentur.
1843 2675 1923 2729 Tu
1955 2692 2085 2731 vero

522 2772 620 2824 pro
646 2759 896 2814 omnibus
925 2775 1040 2825 ora,
1074 2769 1129 2815 ut
1152 2778 1369 2817 cursum
1415 2764 1518 2833 ipsi
1541 2775 1942 2821 consumment.

2183 776 2336 847 μῶν·
2386 777 2466 838 εἰς
2515 776 2704 844 γεῦσιν
2749 776 2842 828 τοῦ
2878 777 3030 838 ὄντος
3074 776 3294 846 ἔρωτος.
3333 776 3475 828 Ἀλλ’
3501 777 3620 829 ἐστι
3664 793 3746 845 μοι

2182 872 2277 922 σὺν
2308 871 2374 938 τῇ
2404 869 2547 938 ψυχῇ
2599 870 2692 922 καὶ
2735 869 2794 920 τὸ
2839 870 2994 936 σῶμα
3032 868 3279 933 ἀσθενὲς,
3321 868 3395 930 ὡς
3428 865 3611 929 οἶσθα,
3663 870 3745 920 καὶ

2179 958 2279 1010 οὐκ
2306 953 2400 1010 οἷδ’
2440 958 2467 1009 ὅ
2504 975 2554 1009 τι
2602 959 2895 1027 χρήσομαι.
2930 957 3142 1026 Μικρὸν
3170 957 3277 1026 γὰρ
3317 958 3366 1008 εί
3399 955 3538 1019 δόξω
3575 955 3746 1024 βιάζε-

2182 1049 2326 1111 σθαι,
2357 1047 2576 1100 άπόλλω
2603 1047 2694 1100 καὶ
2715 1048 2850 1118 ὅπερ
2875 1047 3069 1118 μικρὸν
3097 1048 3333 1115 κατέχω.
3371 1045 3519 1100 Μίαν
3549 1045 3747 1112 ταύτην

2183 1135 2526 1205 παρηγορίαν
2565 1135 2774 1205 εὕρηκα
2801 1151 2814 1165 ·
2847 1135 2943 1188 καὶ
2968 1135 3085 1189 δέον
3116 1135 3406 1188 ἀναθέσθαι
3438 1152 3546 1197 σοι,
3573 1135 3746 1203 Πάτερ

2186 1242 2285 1293 μου
2307 1242 2320 1255 ο
2366 1223 2426 1287 ἐξ
2470 1225 2826 1291 ἀναγνώσεως
2860 1225 2954 1278 καὶ
2999 1227 3247 1294 χρήσεως
3272 1225 3380 1278 τῶν
3415 1224 3748 1277 ἀνατολικῶν

2186 1311 2392 1381 μαθὼν,
2418 1312 2480 1364 τὸ
2513 1312 2708 1382 χρῆναι
2736 1314 2862 1372 τοὺς
2889 1313 3262 1385 ἡσυχάζοντας
3293 1315 3341 1366 εί
3367 1313 3598 1366 δυνατὸν
3634 1313 3745 1364 καθ’

2184 1404 2417 1470 ἑκάστην
2447 1403 2878 1470 μεταλαμόάνειν
2911 1403 3008 1472 τῆς
3039 1404 3187 1465 Θείας
3219 1404 3526 1465 κοινωνίας.
3569 1403 3748 1472 Ἐχρῆ-

2187 1493 2366 1562 σάμην
2393 1492 2583 1555 οὕτως,
2611 1494 2703 1546 καὶ
2729 1485 2887 1562 εὗρον
2919 1493 3171 1563 βοήθειαν
3191 1497 3218 1548 ὁ
3239 1495 3421 1557 ἅθλιος
3443 1511 3456 1524 ·
3491 1495 3746 1546 ὑποστελο

2185 1580 2415 1650 λομένης
2447 1580 2547 1650 τῆς
2585 1581 2818 1644 διανοίας
2869 1585 2933 1635 ὲκ
2977 1583 3077 1651 τῆς
3128 1584 3411 1653 ὲμπαθοῦς
3461 1586 3748 1653 κινήσεως,

2185 1675 2273 1726 διὰ
2312 1674 2414 1745 τὴν
2457 1653 2548 1726 τοῦ
2591 1671 2764 1742 δώρου
2809 1673 3045 1742 ἔμφοὸον
3087 1676 3378 1745 ὑπεροχήν.
3410 1677 3526 1728 Καὶ
3561 1677 3617 1728 τί
3652 1676 3750 1744 γὰρ

2193 1764 2374 1836 μεῖξον
2407 1765 2485 1826 είς
2518 1765 2832 1833 ἀγαλλίασιν
2861 1767 2954 1818 καὶ
2979 1766 3258 1835 φωτισμὸν
3290 1767 3374 1833 Et”
3398 1767 3465 1818 ἂν
3489 1770 3557 1836 τῇ
3584 1768 3748 1835 ψυχῇ

2119 1836 2159 1890 Β
2188 1857 2351 1909 πλέον
2383 1857 2482 1926 τῆς
2516 1856 2663 1919 θείας
2693 1857 3009 1923 κοινωνίας;
3055 1859 3140 1911 Ἐν
3173 1858 3415 1927 ποτηρίῳ
3455 1859 3514 1910 δὲ
3557 1858 3752 1926 ὑαλίνῳ

2188 1947 2536 2017 ἀφορισμένῳ
2575 1947 2860 2017 προϐαλὼν
2885 1944 3046 2013 οῐνον,
3077 1949 3171 2001 καὶ
3202 1948 3502 2015 εὐξάμενος
3534 1951 3604 2001 τά
3635 1966 3752 2001 συν-

2189 2040 2316 2110 ήθη,
2358 2040 2568 2109 μετέχω
2592 2041 2619 2091 ὁ
2645 2040 2859 2104 ἀνάξιος
2887 2040 2982 2092 τοῦ
3012 2040 3206 2110 δώρου.
3245 2042 3352 2093 Καὶ
3387 2042 3633 2110 δήλωσόν
3669 2059 3751 2110 μοι

2189 2133 2237 2184 εί
2265 2131 2444 2193 καλῶς
2476 2131 2802 2200 ποιῶ,ἢοΰ.
2843 2131 2988 2200 Πέρα
3031 2170 3046 2184 .
3089 2171 3102 2184 .
3146 2169 3160 2184 .
3205 2172 3219 2185 .
3265 2171 3280 2185 .
3323 2172 3336 2184 .
3381 2170 3396 2186 .
3441 2170 3456 2185 .
3503 2172 3519 2186 .
3561 2171 3577 2187 .
3616 2148 3751 2199 καρ-

2191 2223 2319 2278 πῶν
2347 2239 2462 2278 σου
2491 2223 2810 2292 φάγεσθαι·
2843 2223 3126 2291 μακάριος
3173 2219 3244 2285 εἴ,
3278 2224 3459 2293 Πάτερ
3501 2241 3628 2293 μου,
3660 2224 3750 2276 καὶ

2180 2315 2378 2382 καλῶς
2418 2331 2518 2369 σοι
2556 2315 2748 2379 ἔσται,
2783 2317 2973 2385 Πατὴρ
3002 2315 3349 2385 χρηματίσας
3381 2315 3630 2367 πολλῶν·
3664 2315 3753 2367 καὶ

2181 2413 2260 2474 εἰς
2305 2410 2470 2479 μέσον
2511 2409 2711 2478 ἀρετῆς
2746 2407 2994 2460 τοσοῦτον
3031 2405 3274 2476 ἀγαγὼν,
3314 2408 3456 2460 ὥστε
3493 2406 3662 2460 τανῦν
3699 2409 3752 2459 ὲν

2181 2502 2364 2571 ἐξορίᾳ
2396 2501 2661 2568 ὑπάρχειν
2709 2499 2832 2561 τοὺς
2856 2499 3060 2560 πάντας
3096 2498 3163 2550 δι’
3197 2497 3416 2567 ἐντολὴν
3440 2497 3612 2565 νόμου
3643 2499 3751 2550 Κυο

2185 2593 2325 2661 ρίου.
2387 2590 2526 2641 Ἀλλ’
2571 2588 2872 2659 ὑπερεύχου
2921 2591 3077 2656 πᾶσι,
3122 2587 3407 2642 τελειῶσαι
3446 2590 3632 2651 αὐτοῖς
3667 2587 3756 2642 τὸν

2189 2683 2410 2754 δρόμον.

522 2937 3746 2968 W

1589 3095 2028 3183 BIBAION
2106 3096 2706 3186 ΔΕΥΤΕΡΟΝ·

1083 3277 1187 3332 Ἐκ
1227 3275 1346 3330 τῶν
1375 3277 1671 3346 διαφόρων
1698 3276 1885 3331 αὑτοῦ
1922 3276 2267 3331 ἐπιστολῶν
2297 3277 2521 3349 ἐκλογή
2570 3280 2683 3349 τῆς
2716 3280 2917 3348 τρίτης
2935 3279 3192 3349 ἐξορίας.

1589 3609 1949 3696 LIBER
2032 3605 2684 3696 SECUNDUS.

1439 3797 1521 3850 Ea:
1555 3798 1774 3852 diversis
1804 3798 1918 3868 ejus
1942 3796 2175 3868 epistolis
2211 3795 2449 3852 collectio
2499 3796 2644 3853 tertii
2683 3797 2881 3852 exsilii.

603 3955 644 4009 l.
673 3987 737 3997 —
765 3955 1170 4010 lconomachicw
1197 3957 1412 4024 synodo,
1444 3965 1695 4024 tanquam
1715 3972 1776 4008 ea:
1805 3971 2026 4024 persona

2199 3955 2279 4008 A'.
2297 3983 2367 3995 —
2391 3952 2467 4022 Τῇ
2498 3949 2937 4024 Εἰκονομαχικῇ
2963 3947 3324 4024 συνόδφίὼς
3346 3947 3414 4000 ἐκ
3439 3948 3754 4016 προσάπτοι)

983 4028 1212 4078 onmiunt
1254 4025 1668 4093 prwpositorum.

2586 4019 2827 4075 πάντων
2863 4019 2980 4074 τῶν
3010 4019 3374 4090 ἡγουμένων.

1337 4139 1623 4202 Dogmatica
1643 4141 1704 4188 de
1730 4137 1910 4189 sanctis
1930 4135 2246 4201 imaginibus.
2293 4137 2493 4198 (Barou.
2519 4147 2597 4181 an.
2621 4131 2730 4193 8H,
2757 4147 2805 4181 n.
2831 4131 2933 4193 :56.)

611 4222 816 4277 Divinis
841 4222 1047 4292 legibus
1091 4221 1476 4292 canonicisque
1517 4223 1750 4277 decretis
1797 4223 2119 4298 obsequenﬁ

541 4325 641 4377 tes,
674 4329 793 4382 quae
828 4323 1020 4383 praeter
1043 4313 1281 4382 episcopi
1327 4316 1408 4368 sui
1440 4317 1767 4370 sententiam
1804 4317 1857 4370 in
1891 4317 1956 4370 iis
1977 4332 2098 4385 quae

539 4407 605 4460 ad
659 4405 1077 4460 ecclesiasticam
1144 4406 1484 4476 disciplinam
1540 4411 1833 4475 pertinent,
1891 4410 2095 4463 nedum

539 4511 660 4565 quae
692 4497 756 4549 ad
788 4497 1117 4566 dogmaticas
1148 4498 1476 4564 quaestiones
1509 4498 1801 4560 deducunt,
1847 4500 1982 4552 nihil
2015 4499 2099 4569 agi

539 4588 623 4641 vel
662 4587 768 4642 dici
798 4597 1044 4656 Oportere
1075 4588 1338 4642 deﬁniunt
1369 4604 1382 4652 ;
1410 4604 1533 4643 cum
1555 4591 1621 4643 ab
1652 4591 1975 4644 auctoritate
2005 4605 2100 4644 ve-

541 4688 651 4732 stra
686 4679 854 4733 semel
893 4689 1051 4748 atque
1091 4679 1286 4733 iterum
1322 4681 1388 4735 ad
1435 4682 1558 4734 talia
1590 4697 1690 4735 nos
1719 4682 1952 4735 humiles
1972 4697 2103 4735 evo-

539 4785 824 4834 caremur;
854 4770 967 4823 ausi
1018 4786 1126 4822 non
1159 4770 1375 4834 luimus,
1434 4781 1625 4840 praeter
1653 4789 1714 4826 ea
1740 4789 1858 4840 qua:
1908 4781 2103 4826 statuta

544 4870 670 4914 sunt
696 4870 936 4928 agentes,
961 4862 1220 4915 accedere
1250 4879 1262 4925 ;
1297 4871 1354 4915 ut
1380 4864 1470 4931 qui
1497 4864 1596 4916 sub
1635 4879 1782 4918 sacra
1815 4879 1977 4915 manu
2012 4864 2106 4918 Ni-

545 4951 765 5019 cephori
796 4952 1123 5005 sanctissimi
1178 4953 1502 5022 patriarchze
1536 4954 1718 5007 divino
1747 4953 1950 5021 Spiritu
1974 4968 2104 5006 con-

543 5043 715 5096 stituti
748 5058 954 5095 sumus.
996 5043 1283 5113 Postquam
1326 5055 1504 5098 autem
1547 5046 1762 5114 quidam
1807 5059 1870 5098 ex
1916 5044 2106 5098 ordine

545 5145 734 5189 nostro
792 5137 1086 5203 praepositi,
1137 5137 1288 5205 quasi
1351 5138 1652 5206 periculum
1711 5136 1927 5206 aliquod
1991 5135 2106 5188 l'ac-

547 5228 675 5290 turi,
740 5227 1110 5281 accedendum
1153 5229 1277 5291 sibi,
1343 5239 1398 5283 et
1437 5229 1702 5298 oppositis
1764 5227 2107 5282 sermonibus

548 5321 983 5385 respondendum
1065 5333 1396 5374 censuerunt

549 5409 739 5462 audire
815 5409 1013 5475 liceat,

1457 5338 1468 5373 :
1534 5321 1664 5388 quid
1733 5320 1878 5373 aliud
1952 5320 2106 5372 nobis

1083 5427 1244 5478 quam
1325 5427 1444 5479 quae
1535 5395 1738 5463 humile
1821 5426 1913 5464 cor
1977 5425 2104 5464 nos-

2270 4221 2474 4288 Νόμοις
2506 4217 2668 4279 θείοις
2699 4215 2792 4269 καὶ
2829 4215 3129 4278 κανονικοῖς
3171 4212 3538 4282 θεσπίσμασιν
3565 4211 3753 4280 ἑπόμε·

2200 4326 2302 4375 νοι,
2345 4307 2440 4360 τοῦ
2485 4307 2560 4378 μὴ
2605 4307 2713 4359 δεῖν
2756 4305 2904 4374 παρὰ
2945 4304 3044 4375 τὴν
3080 4303 3174 4356 τοῦ
3218 4302 3418 4356 οἰκείου
3465 4303 3754 4354 ἐπισκόπου

2201 4399 2426 4470 γνώμην
2456 4400 2715 4470 πράττειν
2747 4415 2798 4450 τι
2829 4397 2863 4466 ἢ
2895 4397 3073 4464 λέγειν
3101 4395 3208 4449 τῶν
3239 4397 3337 4448 ὅσα
3370 4396 3448 4456 είς
3478 4394 3758 4462 ἐκκλησια-

2205 4493 2394 4562 στικὴν
2440 4492 2595 4561 φέρει
2627 4489 2901 4555 εὐταξίαν,
2933 4485 3127 4540 πολλοῦ
3163 4502 3224 4554 γε
3255 4486 3428 4538 εἰπεῖν
3458 4486 3538 4546 εἰς
3564 4484 3758 4552 δογμα⁹

2202 4585 2360 4652 τικὴν
2387 4584 2594 4650 ὲξέλκει
2619 4581 2915 4652 συζήτησιν
2932 4597 2946 4610 ο
2977 4579 3164 4632 τούτου
3190 4580 3348 4649 χάριν
3376 4576 3478 4646 τῆς
3499 4576 3763 4645 ὑμετέρας

2205 4675 2452 4740 ἐξουσίας
2485 4674 2646 4747 ἅπαξ
2660 4676 2752 4727 καὶ
2781 4674 2859 4736 δὶς
2881 4672 3253 4742 ὲκκαλεσάσης
3289 4671 3424 4741 πρὸς
3448 4670 3516 4723 τά
3546 4668 3765 4721 τοιαῦτα

2203 4767 2302 4837 τὴν
2332 4766 2452 4819 καθ’
2478 4768 2621 4836 ἡμᾶς
2652 4765 2946 4830 εὐτέλειαν,
2979 4765 3081 4817 οὑκ
3113 4764 3411 4833 ἐτόλμησεν
3446 4763 3552 4828 ἔξω
3583 4779 3631 4813 τι
3661 4760 3766 4812 τῶν

2206 4857 2605 4926 νενομισμένων
2629 4856 2941 4925 πράττουσα
2964 4853 3366 4924 παραγενέσθαι
3390 4871 3403 4883 ·
3440 4853 3515 4914 ὼς
3541 4854 3646 4904 ὑπὸ
3675 4852 3766 4921 τὴν

2207 4951 2355 5020 ἱεράν
2405 4952 2564 5018 χεῖρα
2605 4948 2922 5016 Νικηφόρου
2965 4944 3056 4998 τοῦ
3092 4945 3391 5012 άγιωτάτου
3431 4945 3768 5012 πατριάρχου

2207 5040 2480 5110 πνεύματι
2524 5039 2650 5109 θείῳ
2694 5037 2943 5092 τελοῦσα.
2989 5037 3205 5106 Ἐπειδὴ
3242 5037 3298 5089 δέ
3330 5053 3472 5098 τινες
3506 5035 3615 5087 τῶν
3647 5038 3770 5104 ὁμου

2205 5133 2386 5199 ταγῶν
2417 5134 2548 5199 ἡμῖν
2577 5130 2893 5199 ἡγουμένων
2937 5129 3244 5197 άπόπειράν
3288 5145 3408 5180 τινα
3459 5126 3768 5197 ποιούμενοι

2209 5223 2530 5294 κεκρίκασιν
2556 5221 2866 5289 ἀφικέσθαι,
2895 5220 2976 5282 εἷς
2999 5237 3058 5272 τε
3086 5219 3276 5286 λόγους
3306 5217 3481 5270 ἐλθεῖν
3506 5218 3770 5270 άντιθετι·

2209 5315 2372 5376 κούςο
2409 5315 2460 5366 τί
2507 5313 2631 5367 ἄλλο
2677 5314 2709 5382 ἣ
2747 5314 2927 5364 ἐκεῖνα
2971 5312 3116 5381 ἡμᾶς
3158 5307 3571 5376 άκουτισθῆναι,
3611 5309 3647 5363 ἃ
3690 5307 3770 5371 ἐξ·

2213 5407 2422 5474 ίστησιν
2452 5405 2604 5474 ἡμῶν
2643 5404 2740 5473 τὴν
2771 5401 3030 5472 ταπεινὴν
3062 5401 3325 5472 καρδίαν;
3356 5401 3492 5453 Φασὶ⁵
3519 5399 3629 5469 γὰρ
3677 5404 3770 5467 τὴν

550 5509 690 5552 trum
753 5501 1464 5570 obstupefaciunt?Ferunt
1523 5503 1787 5571 siquidem
1859 5516 2102 5557 conven-

2207 5499 2538 5568 πρόσκλησιν
2580 5492 2713 5548 εἶναι
2763 5495 2854 5547 ἐπὶ
2896 5495 3238 5562 καταστροφῇ
3267 5491 3364 5560 τῆς
3395 5479 3686 5562 ἐν’Νικαίᾳ
3713 5492 3770 5543 τὸ

549 5597 662 5643 tum
707 5591 865 5646 istum
909 5594 975 5646 atl
1015 5595 1348 5650 eversionem
1388 5597 1635 5650 secunda:
1680 5604 1875 5652 sancta:
1914 5595 2098 5665 synodi

627 5790 669 5821 "
701 5788 844 5846 Psal.
875 5808 1075 5860 cxxvn,
1107 5793 1160 5846 ‘2.

2208 5593 2456 5664 δεύτερον
2482 5592 2637 5661 ἁγίας
2664 5591 2875 5645 συνόδου
2900 5605 2911 5616 '
2944 5590 3000 5644 τὸ
3029 5589 3093 5660 δὴ
3125 5589 3413 5660 λεγόμενον
3445 5589 3531 5642 ἐπ’
3559 5586 3772 5658 ἀναιρέ-
