3914 6450
139 423 285 486 1117

1347 437 1873 502 EPISTOLARUM
1913 447 2057 506 LIB.
2091 450 2168 507 Η.

3248 456 3380 523 1118

136 555 230 591 σει
262 539 357 593 τοῦ
384 543 801 610 πρσσκυνεῐσθαι
831 545 928 612 τὴν
955 546 1155 616 σεπτὴν
1181 549 1364 601 εἰκόνα
1388 550 1479 602 τοῦ
1508 552 1708 621 Κυρίου

1819 555 2070 623 Νἰοωηεε,
2105 561 2155 614 id
2187 572 2268 616 est
2317 563 2380 616 ad
2428 564 3110 623 tollendamvenerandam
3165 569 3380 625 Domini

136 633 308 701 ἡμῶν
353 631 524 701 Ἰησοῦ
553 633 806 702 Χριστοῦ,
832 635 931 704 τῆς
963 653 1020 688 τε
1056 637 1336 702 Θεοτόκου,
1370 641 1462 692 καὶ
1498 643 1714 695 πάντων

135 725 283 793 ὁμοῦ
309 726 418 778 τῶν
448 727 636 793 ἁγίων.
663 730 725 780 Ὦ
745 730 825 790 τίς
851 731 1130 799 ὲνηχηθείς
1155 732 1327 786 ταῦτα
1354 735 1413 786 ού
1441 737 1712 800 στενάξειε

137 816 348 884 πικρὸν
382 817 444 870 ἐκ
476 818 671 886 βάθους
717 819 945 888 καρδίας
972 840 983 851 ·
1017 821 1091 884 ὡς
1134 825 1576 894 ἀνατρεπομένης
1611 827 1711 897 ἥδη

138 906 202 956 ἐν
233 903 446 967 τούτοις
465 906 563 974 τῆς
587 907 854 975 σωτηρίου
875 908 1186 977 οἰκονομίας
1211 910 1303 963 τοῦ
1331 913 1533 982 Κυρίου
1558 915 1712 982 ἡμῶν

151 992 334 1060 Ἰησοῦ
357 995 590 1063 Χριστοῦ
611 1013 625 1060 ;
661 997 884 1063 Ἄκουε,
915 999 1151 1066 οὐρανέ,
1175 1001 1275 1053 καί
1302 1003 1586 1068 ἑνωτίζου,
1611 1004 1708 1073 γῆ·

142 1082 328 1149 βοάτω
363 1085 479 1151 μεθ’
507 1085 661 1154 ἡμῶν
698 1089 726 1139 6
770 1090 1282 1157 μεγαλοφωνότατος
1325 1093 1582 1156 Ἠσαῖαςο
1620 1097 1712 1148 καὶ

137 1173 243 1224 ὃσα
277 1174 486 1238 τούτοις
515 1176 883 1247 ἐπιφερόμενα
914 1182 1055 1233 κατά
1087 1183 1385 1252 συνέχειαν.
1414 1186 1628 1238 Μᾶλλον
1655 1187 1712 1239 δὲ

138 1264 214 1316 ἵν’
237 1266 565 1334 οἰκειότερον
590 1267 974 1337 φθεγξώμεθα·
1011 1272 1207 1324 Ἀκουε
1241 1275 1469 1351 ἀνατολὴ
1502 1277 1594 1330 καὶ
1623 1276 1712 1329 δύ⁶

140 1369 252 1416 σις,
289 1354 460 1424 βορρᾶ
489 1373 546 1408 τε
578 1357 668 1409 καὶ
697 1360 730 1427 ἡ
760 1359 902 1412 κατὰ
928 1358 1199 1414 Θάλασσαν
1226 1363 1394 1433 λῆξις,
1421 1367 1479 1417 ὲν
1505 1359 1584 1429 οἷς
1618 1366 1712 1419 νῦν

137 1442 212 1494 τὰ
261 1443 385 1496 καθ’
412 1445 578 1514 ἡμᾶς,
622 1449 713 1500 καί
746 1448 832 1516 ἐφ’
861 1443 942 1513 οἷς
986 1451 1323 1522 συνεδρεύειν
1365 1455 1707 1526 τετόλμηται.

148 1531 352 1599 Ἡμεῖς
392 1534 489 1602 μὲν
528 1531 621 1588 οὖν
668 1537 716 1588 oi
758 1537 1050 1608 ἐλάχιστοι,
1089 1542 1233 1595 οἵτε
1274 1546 1711 1615 παραγενόμενοι

137 1626 238 1676 καὶ
268 1625 344 1694 μὴ
376 1628 805 1697 παραγενόμενοι
833 1647 847 1661 ·
886 1631 1219 1703 ἀμφοτέροις
1240 1635 1347 1707 γὰρ
1369 1631 1450 1698 εἷς
1476 1637 1504 1688 ό
1532 1636 1707 1703 λόγος,

135 1713 216 1774 ὡς
259 1714 562 1784 συμψύχοις
603 1714 753 1769 οὖσιν
790 1720 847 1771 ἐν
878 1720 958 1772 ἑνὶ
991 1721 1120 1791 θείῳ
1149 1726 1489 1793 φρονήματι·
1519 1729 1584 1796 τῇ
1619 1727 1709 1778 ὑπ’

133 1805 374 1873 οὐρανὸν
409 1805 704 1879 Ἐκκλησία
733 1810 1020 1879 σύμφωνον
1044 1814 1225 1865 πίστιν
1253 1814 1476 1881 ἄγοντες
1500 1833 1512 1846 ·
1543 1818 1710 1886 ἤγουν

134 1895 480 1964 ἁναστηλοῦν
505 1915 564 1950 τε
603 1901 694 1952 καί
725 1903 1049 1970 προσκυνεῖν
1085 1905 1183 1973 τὴν
1215 1904 1363 1957 θείαν
1397 1907 1581 1959 εἰκόνα
1613 1909 1708 1961 αὑ·
1740 1878 1782 1932 Β

133 1986 234 2038 τοῦ
265 1987 361 2038 τοῦ
406 1988 654 2060 Σωτῆρος
685 1993 839 2060 ήμῶν
873 1993 1046 2062 Ἰησοῦ
1075 1995 1336 2065 Χριστοῦ,
1357 1998 1454 2067 τῆς
1481 2015 1541 2050 τε
1571 2015 1710 2052 παν-

134 2075 306 2143 αγίας
331 2077 548 2147 Μητρὸς
576 2079 761 2144 αὐτοῦ,
793 2081 886 2133 καὶ
913 2082 1220 2138 οὑτινοσοῦν
1241 2085 1347 2138 τῶν
1377 2087 1546 2155 ἁγίων
1564 2105 1577 2117 ·
1613 2088 1709 2157 οὐχ

135 2169 222 2219 ὅτι
255 2167 408 2235 παρὰ
454 2172 517 2239 τῇ
561 2171 620 2222 ὲν
651 2171 854 2241 Νικαίᾳ
893 2172 952 2224 τὸ
977 2173 1225 2245 δεύτερον
1257 2176 1389 2247 ἁγίᾳ
1420 2179 1636 2249 συνόδῳ,
1674 2179 1705 2248 ἢ

133 2256 295 2326 παρὰ
320 2259 383 2326 τῇ
417 2259 521 2327 πρὸ
550 2259 718 2328 αὐτῆς
747 2261 1120 2333 δογματισάσῃ
1153 2265 1421 2332 θειότατα,
1448 2268 1508 2321 τὸ
1534 2269 1710 2336 ἀσφα-

132 2346 227 2409 λὲς
263 2346 408 2415 ἔχειν
435 2347 886 2421 διαϐεϐαιούμεθα
908 2368 921 2382 ·
952 2353 1087 2406 ἀλλά
1127 2354 1234 2422 γὰρ
1267 2355 1361 2407 ἀπ’
1403 2358 1572 2426 αὐτῆς
1609 2357 1708 2427 τῆς

132 2438 448 2506 παρουσίας
477 2437 570 2490 τοῦ
598 2441 801 2510 Κυρίου
829 2442 985 2511 ἡμῶν
1011 2443 1105 2495 καὶ
1137 2443 1293 2509 Θεοῦ,
1327 2447 1618 2515 ἐγγράφως
1651 2465 1708 2501 τε

131 2528 233 2581 καὶ
261 2529 528 2598 ἀγράφως
555 2533 931 2602 ὲρηρεισμένοι
964 2533 1116 2598 ὄντες
1136 2550 1150 2565 ⁶
1185 2536 1438 2604 ἀσφαλῶς
1475 2538 1711 2608 βεϐήκα-

136 2637 242 2688 μεν
272 2622 361 2672 ὲπ’
387 2622 604 2690 ἐκείνην
639 2623 734 2692 τὴν
768 2623 945 2693 ἕδραν,
981 2627 1068 2694 ἐφ’
1097 2620 1130 2700 ᾖ
1177 2644 1340 2696 φησιν
1379 2630 1408 2680 6
1439 2631 1705 2699 Χριστός·

131 2710 223 2763 Σὺ
257 2705 314 2763 εἷ
335 2710 575 2777 Πέτρος,
607 2712 702 2764 καί
736 2712 834 2764 ἐπὶ
869 2714 1051 2781 ταύτῃ
1079 2714 1152 2782 τῇ
1180 2715 1365 2783 πέτρῃ
1397 2717 1708 2786 οἰκοδομή-

132 2818 226 2854 σω
253 2818 375 2868 μου
399 2801 513 2868 τὴν
546 2803 927 2870 Ἐκκλησίαν,
951 2807 1050 2859 καὶ
1081 2806 1266 2860 πύλαι
1291 2807 1439 2874 ᾅδου
1471 2813 1541 2864 οὐ
1570 2827 1708 2864 κατ-

134 2891 747 2961 ισχύσουσιναὺτῆς.
1423 2916 1438 2920 '

207 2983 308 3046 Τίς
331 2984 438 3054 γὰρ
468 2985 560 3037 καὶ¹
594 2985 750 3053 λόγος
783 2987 1095 3059 ὲξευρεθείη
1126 2990 1203 3060 τῷ
1244 2991 1563 3062 ἀντηγορεϊν
1591 2994 1708 3048 ἐλο-

136 3073 292 3143 μένῳ
344 3075 583 3144 τοσούτῳ
635 3076 823 3146 κράτει
856 3077 954 3146 τῆς
979 3079 1266 3149 ἀληθείας;
1304 3083 1365 3133 Εἰ
1394 3083 1497 3149 γὰρ
1524 3083 1711 3151 ὁμολο-

132 3164 422 3234 γουμένως
449 3168 476 3218 6
497 3167 700 3237 Κύριος
721 3169 875 3238 ἡμῶν
914 3171 1114 3240 Ἰησοῦς
1146 3174 1377 3242 Χριστὸς
1408 3176 1463 3227 ἐν
1497 3174 1707 3244 ἀνθρω-
1737 3207 1777 3265 C

133 3259 268 3328 πείᾳ
299 3261 506 3328 μορφῇ,
536 3262 630 3312 καὶ
657 3262 714 3313 ὲν
757 3261 887 3314 εἴδει
912 3262 990 3334 τῷ
1016 3264 1136 3317 καθ’
1159 3267 1307 3334 ἡμᾶς
1340 3260 1517 3319 ὦπται
1539 3284 1552 3297 ·
1578 3268 1708 3336 ἀρα-

135 3355 312 3421 ρότως
366 3353 764 3422 περιγράφεται
812 3371 873 3407 τε
904 3355 998 3409 καὶ
1025 3357 1348 3422 είκονίζεται
1380 3359 1503 3412 καθ’
1533 3363 1710 3430 ἡμᾶςο

133 3445 182 3493 εἰ
213 3442 309 3492 καὶ
333 3440 486 3510 μένει
516 3445 580 3512 τῇ
605 3442 724 3513 θείᾳ
762 3448 942 3515 μορφῇ
987 3448 1015 3499 6
1047 3446 1208 3510 αὐτὸς
1255 3450 1667 3522 ἁπερίγραπτος
1695 3469 1708 3484 ·

133 3531 376 3602 ἐπείπερ
411 3532 530 3586 ἐστί
570 3533 793 3604 μεσίτης
820 3535 953 3588 Θεοῦ
981 3537 1073 3590 καὶ
1089 3537 1410 3608 ἀνθρώπων
1437 3542 1710 3612 ἑκατέρων

133 3624 248 3676 τῶν
276 3623 493 3692 φύσεων
525 3626 583 3691 ἐξ
608 3620 682 3680 ὧν
711 3625 828 3679 ἐστι
854 3628 922 3681 τά
971 3629 1239 3699 ἰδιώματα
1288 3633 1544 3703 ἀλώὅητα
1593 3637 1708 3689 δια-

135 3716 354 3778 σώζων.
395 3716 457 3768 Εἰ
504 3717 561 3769 δὲ
609 3719 681 3788 μὴ
739 3720 1152 3789 περιγράφοιτο,
1187 3723 1430 3778 ἀπόλωλε
1455 3727 1516 3778 τὸ
1569 3723 1706 3781 εἶναι

135 3806 452 3875 ἅνθρωπος,
478 3808 675 3862 πολλοῦ
694 3827 754 3878 γε
790 3813 985 3877 εἰπεῖν,
1021 3813 1246 3884 μεσίτης
1272 3854 1286 3878 ,
1321 3815 1409 3868 διὰ
1438 3817 1535 3886 τῆς
1557 3818 1710 3870 ἀναιο

138 3899 350 3967 ρέσεως
381 3899 472 3952 τοῦ
504 3903 878 3974 περιγραπτοῦ
939 3908 1445 3976 συναναιρουμένων
1489 3909 1708 3963 πάντων

135 3991 249 4042 τῶν
274 3992 610 4062 ὀμοστοίχων
645 3995 970 4066 ἰδιωμάτων.
1003 3999 1065 4051 Εἰ
1088 4001 1196 4070 γὰρ
1220 4000 1281 4051 οὐ
1311 4002 1704 4071 περιγραπτὸς,

135 4082 250 4135 οὗθ’
278 4083 452 4146 ἁπτός
475 4101 490 4116 ο
523 4087 572 4136 εἰ
603 4085 660 4138 δὲ
708 4088 899 4155 ἁπτὸς,
933 4089 1071 4160 ὁμοῦ
1112 4092 1206 4144 καὶ
1241 4091 1556 4161 ψηλαφητός
1578 4110 1593 4126 ’
1625 4090 1707 4157 οἷς

136 4176 388 4242 ἀντερεῖν
414 4176 714 4244 ἠλιθιῶδες.
746 4180 1007 4250 Σώματος
1029 4181 1137 4251 γὰρ
1166 4180 1340 4235 ταῦτα
1377 4182 1472 4235 τοῦ
1508 4185 1619 4254 ἀφῇ
1646 4201 1706 4237 τε

135 4268 230 4318 καὶ
260 4268 424 4337 χροιᾷ
448 4268 868 4335 ὑποπίπτοντος.
903 4274 1026 4338 Πῶς
1050 4275 1170 4345 οὐχὶ
1200 4277 1295 4329 καὶ⁴
1330 4279 1707 4347 περιγραπτὸς

137 4360 193 4425 ἐξ
221 4355 284 4414 οὗ
317 4359 414 4412 καὶ
441 4361 714 4430 παθητός;
746 4364 806 4416 Εἰ
832 4364 888 4416 δὲ
921 4368 1298 4436 περιγραπτὸς
1320 4368 1414 4421 καὶ
1441 4369 1704 4440 παθητὸς,

137 4454 358 4516 πάντως
389 4454 483 4506 καὶ
519 4457 893 4525 προσκυνητὸς
939 4457 1136 4530 δηλαδὴ
1190 4460 1313 4514 καθ’
1341 4461 1408 4530 ἢν
1440 4463 1705 4532 περιγρά-

1816 651 1986 704 nostri
2016 652 2142 706 Jesu
2165 652 2363 707 Christi
2395 663 2447 707 et
2480 655 2719 724 Deipara:
2774 669 3192 728 sanctorumque
3221 663 3379 715 simul

1813 741 2053 795 omnium
2080 744 2325 813 imaginis
2346 746 2711 799 adorationem
2742 749 3020 803 constitui.
3046 750 3106 802 Et
3130 753 3378 819 quisnam

1813 830 1930 884 haec
1958 831 2200 895 audiens,
2233 849 2296 886 ex
2329 834 2437 887 imo
2454 845 2670 902 pectore
2702 852 2808 890 non
2833 852 3016 891 amare
3040 839 3375 906 ingemiscat,

1813 926 2065 987 tanquam
2083 920 2191 987 jam
2222 936 2406 974 eversa
2438 937 2531 990 per
2559 923 2674 977 hazc
2697 925 2914 979 salutari
2946 927 3246 981 oeconomia
3274 927 3378 980 Do-

1812 1009 1940 1062 mini
1967 1011 2138 1065 nostri
2180 1011 2306 1066 Jesu
2357 1011 2558 1066 Christi
2587 1015 2608 1067 ?
2639 1016 2799 1081 Audi,
2845 1018 3049 1081 calum,
3083 1027 3130 1071 et
3162 1017 3379 1070 auribus

1818 1099 2042 1166 percipe,
2073 1109 2212 1152 terra
2240 1099 2308 1165 ⁸⁸,
2353 1111 2409 1155 et
2433 1117 2552 1171 qua:
2580 1111 2902 1172 sequuntur,
2949 1105 3234 1158 nobiscum
3284 1120 3380 1158 ex-

1811 1190 2006 1244 clamet
2049 1191 2381 1246 clarissimus
2416 1193 2582 1248 Isaias
2627 1212 2640 1248 :
2690 1204 2786 1248 aut
2821 1196 3026 1262 potius,
3073 1205 3127 1249 et
3158 1196 3378 1264 preprie

1812 1281 2004 1350 magis,
2035 1282 2398 1337 exclamcmus
2426 1302 2438 1336 :
2461 1283 2621 1348 Audi,
2644 1285 2846 1350 oriens,
2871 1287 3146 1349 occidens,
3174 1287 3375 1356 aquilo,

1811 1379 1866 1424 et
1891 1373 2044 1440 plaga
2072 1387 2190 1439 quae
2226 1372 2290 1425 ad
2340 1387 2487 1426 mare
2517 1382 2618 1438 est,
2654 1390 2762 1442 quo
2809 1391 2955 1429 nunc
2999 1376 3229 1430 redacta:
3269 1376 3378 1429 sint

1810 1477 1899 1515 res
1926 1472 2143 1526 nostrae,
2172 1472 2226 1517 et
2259 1479 2364 1531 qua
2398 1464 2465 1518 de
2502 1479 2559 1518 re
2590 1474 2918 1519 conventum
2959 1466 3047 1520 isti
3085 1482 3246 1534 agere
3265 1482 3373 1520 non

1811 1551 2185 1606 reformident.
2225 1551 2335 1607 Nos
2359 1554 2539 1623 itaque
2568 1556 2809 1609 omnium
2843 1557 3074 1621 minimi,
3118 1557 3207 1625 qui
3236 1572 3375 1624 prae-

1810 1655 2013 1710 sentes,
2046 1647 2245 1715 quique
2292 1647 2585 1710 absentes;
2623 1647 2868 1715 utrisque
2920 1647 3066 1700 enim
3105 1647 3246 1700 idem
3291 1655 3375 1700 est

1810 1752 2010 1801 sermo,
2055 1747 2306 1805 tanquam
2341 1737 2612 1791 unanimis
2641 1736 2693 1790 in
2727 1751 2836 1790 uno
2865 1737 3162 1805 eodemque
3194 1738 3374 1791 divino

1810 1845 1972 1883 sensu
2001 1846 2016 1896 ;
2049 1842 2342 1883 consonam
2371 1828 2636 1882 universae
2653 1828 2753 1881 sub
2782 1827 2916 1882 cwlo
2945 1826 3194 1882 Ecclesiae
3216 1828 3374 1881 fidem

1813 1930 2082 1984 tenentes,
2110 1920 2348 1974 divinam
2382 1919 2678 1972 Salvatoris
2716 1919 2883 1972 nostri
2905 1918 3030 1972 Jesu
3059 1918 3285 1982 Christi,
3322 1928 3376 1972 et

1813 2014 2164 2069 sanctissimae
2196 2012 2379 2066 Matris
2411 2014 2549 2081 ejus,
2573 2019 2629 2066 et
2659 2012 3029 2079 cujuscunque
3063 2019 3372 2064 sanctorum

1812 2105 2101 2174 imaginem
2130 2105 2335 2174 erigere
2363 2114 2418 2158 et
2451 2104 2676 2157 adorare
2706 2122 2719 2156 ε
2748 2118 2851 2156 non
2880 2103 3053 2156 solum
3091 2117 3152 2155 ex
3185 2109 3372 2155 sancta

1811 2194 2027 2248 Nicama
2064 2193 2299 2248 secunda
2332 2192 2558 2262 synodo,
2591 2192 2852 2255 alterave,
2895 2205 3014 2258 qua:
3069 2198 3194 2243 ante
3226 2189 3372 2242 illam

1810 2285 2147 2340 divinissime
2202 2284 2403 2347 docuit,
2438 2297 2691 2336 securum
2724 2289 2779 2334 et
2837 2289 3010 2333 tutum
3063 2294 3184 2333 esse
3228 2278 3370 2332 afliro

1811 2391 2044 2438 mamns,
2101 2373 2193 2427 sed
2235 2372 2302 2426 ab
2350 2373 2579 2441 ipsamet
2627 2370 2912 2439 praesentia
2945 2367 3156 2421 Domini
3205 2370 3371 2421 nostri

1809 2483 1873 2522 ac
1912 2467 2026 2531 Dei,
2069 2475 2174 2519 tam
2223 2463 2425 2531 scripto
2474 2477 2635 2530 quam
2666 2460 2781 2514 sine
2801 2459 3004 2528 scripto
3051 2459 3257 2512 fundati
3288 2474 3373 2511 se-

1810 2575 1938 2614 cure
1982 2573 2143 2626 supra
2179 2555 2358 2610 sedem
2412 2553 2554 2606 illam
2581 2551 2947 2612 consistimus.
2989 2551 3054 2604 de
3086 2565 3188 2619 qua
3219 2549 3374 2603 Chri-

1809 2659 1925 2704 stus
1947 2649 2052 2700 ait:
2088 2647 2166 2700 Tu
2188 2663 2238 2699 es
2263 2645 2487 2698 Petrus:
2518 2652 2566 2696 et
2617 2659 2774 2710 super
2805 2642 2939 2693 hanc
2990 2650 3196 2709 petram
3238 2640 3372 2692 aedi-

1808 2740 1973 2809 ﬁcabo
1997 2737 2285 2791 Ecclesium
2320 2751 2509 2798 meam,
2539 2742 2587 2787 et
2613 2743 2777 2803 parte:
2807 2732 2963 2802 inferi
2989 2747 3089 2784 non
3118 2730 3372 2800 prwvale-

1809 2831 1932 2883 bunt
1961 2829 2207 2882 adversus
2231 2841 2347 2878 eam
2371 2825 2437 2875 ⁸³.

1879 2986 2137 3050 Quanam
2160 2980 2303 3034 enim
2337 2978 2557 3049 reperiri
2597 2978 2767 3048 possit
2794 2975 2986 3041 oratio,
3008 2975 3052 3030 si
3091 2974 3214 3044 quis
3249 2983 3371 3028 tan-

1810 3086 1924 3130 tum
1963 3073 2208 3128 veritatis
2260 3073 2424 3126 robur
2474 3069 2896 3139 impugnandum
2926 3068 3027 3122 sibi
3061 3065 3373 3136 proponat?

1811 3166 1943 3220 Nam
1971 3167 2012 3220 si
2033 3165 2306 3219 communi
2333 3162 2575 3216 omnium
2594 3175 2862 3214 consensu
2889 3158 3146 3210 Dominus
3186 3166 3371 3210 noster

1810 3258 1970 3312 Jesus
1999 3257 2250 3310 Christus
2281 3255 2336 3307 in
2365 3254 2600 3307 humana
2619 3251 2788 3304 forma
2808 3259 2860 3304 et
2887 3252 2938 3303 in
2969 3249 3152 3317 specie
3187 3259 3369 3301 nostra

1809 3354 1960 3406 visus
1991 3359 2094 3414 est,
2144 3354 2502 3416 congruenter
2541 3343 2784 3413 profecto
2823 3341 3284 3396 circumscribitur
3315 3350 3370 3392 et

1810 3445 2042 3514 imagine
2066 3440 2392 3510 exprimitur
2439 3453 2591 3492 more
2641 3445 2853 3499 nostro,
2900 3435 3147 3504 quamvis
3201 3431 3369 3485 incir-

1809 3535 2168 3602 cumscriptus
2223 3532 2339 3601 ipse
2370 3536 2586 3584 maneat
2640 3526 2938 3581 secundum
2970 3525 3206 3578 divinam
3256 3522 3370 3574 for-

1807 3642 1987 3681 mam:
2029 3624 2226 3692 quippe
2279 3621 2368 3690 qui
2417 3630 2501 3674 est
2550 3618 2808 3672 mediator
2847 3616 2940 3669 Dei
2975 3624 3029 3667 et
3086 3613 3366 3667 hominum

1810 3715 2093 3783 utriusque
2126 3721 2334 3766 natura:
2357 3725 2461 3778 qua
2490 3716 2701 3762 constat
2729 3706 3086 3775 proprietates
3131 3704 3367 3772 integras

1806 3820 2158 3864 conservans.
2217 3802 2370 3868 Quod
2399 3801 2444 3855 si
2469 3814 2574 3853 non
2609 3797 3168 3858 circumscriberetur,
3205 3797 3368 3849 homo

1807 3913 1927 3954 esse
1972 3898 2265 3960 desineret,
2299 3909 2363 3949 ac
2413 3893 2585 3946 multo
2615 3890 2785 3960 magis
2834 3889 3116 3951 mediator,
3144 3887 3368 3941 sublatis

1808 4007 1914 4047 una
1979 4005 2102 4044 cum
2158 3982 2680 4052 circumscriptionis
2747 3980 3049 4049 privatione
3115 3977 3369 4031 omnibus

1805 4083 2047 4153 ejusdem
2075 4078 2279 4133 ordinis
2305 4073 2742 4146 proprietatibus.
2805 4070 3014 4124 Etenim
3046 4070 3089 4124 si
3132 4070 3366 4123 circum-

1806 4174 2099 4244 scriptitius
2152 4186 2263 4226 non
2321 4178 2435 4233 est,
2474 4183 2576 4222 nec
2623 4165 2768 4234 tangi
2830 4172 3047 4232 potest:
3083 4161 3166 4216 sin
3221 4163 3366 4230 tangi

1805 4277 2003 4338 potest,
2033 4265 2219 4333 utique
2266 4270 2323 4316 et
2345 4259 2666 4315 contrectari
2706 4275 2720 4311 :
2768 4257 2964 4325 quibus
2988 4269 3118 4309 sane
3151 4263 3368 4308 contra-

1806 4362 1986 4415 dicere
2013 4357 2234 4411 stultum
2277 4360 2461 4407 esset:
2496 4348 2742 4419 corporis
2795 4347 2940 4401 enim
2990 4347 3105 4400 hate
3149 4345 3368 4414 propria

1808 4457 1936 4505 sunt
1966 4445 2110 4517 quod
2143 4444 2243 4499 sub
2291 4449 2492 4496 tactum
2521 4440 2865 4506 coloremque
2897 4436 3061 4490 cadit.
3091 4434 3370 4499 Quomodo

138 4562 297 4612 φεται
337 4535 505 4598 ἰδέαν.
549 4546 636 4609 Ὠς
667 4546 742 4616 μὴ
768 4549 1096 4620 σχιζομένης
1121 4525 1220 4621 τῆς
1244 4525 1401 4621 δόξης
1433 4525 1528 4606 τοῦ
1555 4525 1707 4624 τέῥω-

1811 4555 1919 4595 non
1976 4533 2486 4602 circumscriptitius
2529 4529 2745 4599 quando
2776 4537 2832 4582 et
2871 4527 3180 4597 passibilis?
3214 4525 3366 4591 Quod

136 4636 374 4691 τοτύπου
405 4639 465 4690 ὲν
494 4637 572 4707 τῷ
601 4638 941 4712 παραγώγῳ,
996 4642 1136 4695 κατὰ
1185 4644 1279 4696 τὸν
1330 4645 1504 4713 μέγαν
1546 4645 1708 4698 Βασί-

135 4729 278 4782 λειον
306 4745 323 4761 ·
362 4729 395 4799 ἠ
429 4730 538 4798 γὰρ
591 4731 691 4799 τῆς
716 4732 923 4797 εἰκόνος
953 4734 1085 4804 τιμὴ
1115 4736 1205 4787 ἐπὶ
1242 4734 1303 4788 τὸ
1353 4736 1707 4805 πρωτότυπον

135 4820 406 4873 διαϐαίνει
428 4837 443 4851 ·
479 4821 723 4891 δηλονότι
754 4824 1084 4888 οὑτινοσοῦν,
1146 4825 1257 4877 εἴτε
1306 4826 1563 4896 φυσικῆς,
1597 4827 1707 4880 εἴτε

135 4911 408 4981 τεχνητῆς
430 4928 444 4943 ·
480 4912 606 4966 ἐπεὶ
653 4915 746 4968 καί¹
770 4916 862 4968 ἐπὶ
892 4915 988 4970 τοῦ
1013 4916 1186 4970 τύπου
1209 4916 1302 4969 τοῦ
1330 4917 1512 4985 τιμίου
1542 4933 1706 4968 σταυ-

137 5002 230 5072 ροῦ
261 5003 324 5055 τὸ
351 5003 483 5056 αὐτὸ
515 5003 783 5077 θεώρημα
832 5007 1070 5076 νοητέον.
1101 5009 1179 5077 Τῇ
1210 5008 1318 5079 γὰρ
1340 5011 1705 5079 προσκυνήσει

134 5096 226 5147 τοῦ
254 5095 434 5148 τύπου
457 5112 471 5126 ·
497 5102 999 5168 συμπροσκυνεῖται
1031 5100 1092 5152 τὸ
1129 5097 1388 5164 ζωοποιδν
1419 5100 1573 5166 ξύλον
1593 5116 1604 5129 ·
1631 5098 1708 5162 ὠς

135 5185 227 5238 καὶ
255 5185 501 5254 ἔμπαλιν
550 5190 614 5258 τῇ
649 5189 927 5257 ἀναιρέσει
980 5190 1413 5260 συναναιρεῖσθαι
1470 5189 1617 5243 ἔστιν
1645 5189 1706 5254 ἐξ

136 5279 462 5344 ἀναγκαίου.
499 5280 568 5330 Ἢ
593 5279 768 5349 οὐχὶή
797 5281 1058 5349 ὁμολογία
1085 5282 1177 5335 τοῦ
1211 5282 1405 5346 τύπου,
1447 5281 1706 5351 ὁμολογία

138 5367 256 5418 ἐστὶ
283 5366 380 5419 τοῦ
415 5368 681 5429 ζωοποιοῦ
717 5369 984 5440 σταυροῦ;
1017 5371 1206 5444 ὥσπερ
1233 5372 1325 5426 οὖν
1356 5373 1450 5425 καλ⁸
1485 5372 1707 5443 ηᾶρνη-

141 5475 219 5521 σις
279 5460 405 5512 καθ’
461 5462 720 5530 ὁμοίωσιν
752 5463 1142 5533 ἀντιστροφῆς.
1177 5465 1250 5515 Τὸ
1303 5464 1564 5531 ἀνάλογον
1615 5458 1708 5516 οὖν

140 5549 371 5618 ληπτέον
394 5551 487 5603 ὲπί
517 5569 577 5604 τε
620 5553 718 5622 τῆς
767 5553 975 5616 εἰκόνος
1021 5553 1261 5622 Χριστοῦ
1295 5555 1390 5606 καὶ
1440 5554 1603 5608 αὐτοῦ
1642 5555 1707 5624 δὴ

142 5640 398 5710 Χριστοῦ,
435 5641 600 5696 παντὶ
639 5643 717 5713 τῷ
749 5644 1000 5698 συνιόντι.
1040 5646 1147 5698 Καὶ
1176 5643 1328 5699 οὕπω
1359 5645 1547 5715 καιρὸς
1579 5645 1705 5712 δογ-

211 5835 254 5866 "
291 5835 388 5889 lsa.
432 5853 470 5898 ι,
496 5836 550 5891 2.
628 5838 877 5894 "Matth.
909 5857 1017 5905 xvi,
1058 5841 1143 5894 18.

1811 4633 1854 4687 si
1877 4625 2384 4695 circumscriptitius
2405 4630 2460 4675 et
2487 4620 2774 4690 passibilis,
2804 4618 3024 4671 omnino
3061 4617 3218 4670 etiam
3242 4617 3368 4668 ado-

1810 4721 2032 4783 randus,
2064 4717 2357 4773 secundum
2404 4729 2521 4768 eam
2560 4712 2815 4764 nimirum
2871 4709 3096 4762 formam
3125 4723 3227 4776 qua
3259 4708 3367 4760 eir-

1810 4811 2193 4871 cumscribitur
2227 4826 2238 4862 :
2274 4823 2395 4862 cum
2427 4803 2694 4876 prototypi
2748 4801 2935 4872 gloria,
2974 4801 3113 4854 sicut
3143 4813 3371 4867 magnus

1809 4905 2037 4960 Basilius
2065 4903 2242 4964 docet,
2270 4900 2322 4953 in
2353 4895 2720 4951 similitudinis
2758 4890 3104 4959 expressione
3147 4889 3370 4942 minime

1813 4999 2086 5054 dividatur
2109 5013 2122 5048 :
2159 4996 2332 5049 honor
2359 4990 2623 5059 siquidem
2663 4985 2911 5055 imaginis
2935 4984 3000 5038 ad
3028 4991 3369 5054 prototypum

1816 5091 2031 5155 transit,
2059 5099 2397 5157 quaecunque
2431 5081 2574 5136 haud
2622 5079 2783 5134 dubie
2813 5077 2901 5130 illa
2931 5076 3020 5139 sit,
3064 5075 3178 5128 sive
3209 5082 3370 5126 natu-

1815 5187 1962 5248 ralis,
1998 5185 2114 5238 sive
2154 5188 2268 5233 arte
2299 5177 2475 5230 facta:
2521 5169 2957 5242 quandoquidem
3005 5178 3058 5220 et
3107 5167 3159 5219 in
3206 5181 3368 5219 vene-

1813 5277 1998 5332 randae
2024 5273 2197 5328 crucis
2233 5283 2356 5339 typo
2386 5267 2526 5320 idem
2557 5264 2778 5320 eﬂ‘atum
2811 5263 2988 5316 locum
3019 5261 3198 5313 habet.
3232 5259 3368 5312 Cum

1814 5369 1924 5440 typi
1952 5367 2097 5420 enim
2127 5347 2441 5416 adoratione
2488 5355 2758 5409 viviiicum
2789 5353 2945 5406 simul
2990 5351 3191 5421 lignum
3230 5349 3367 5402 adu-

1812 5438 1998 5513 ratur:
2037 5455 2177 5507 sicut
2213 5460 2261 5504 et
2299 5449 2418 5503 vice
2464 5461 2639 5509 versa,
2665 5460 2726 5497 ea
2783 5442 3013 5498 sublata.
3056 5440 3214 5494 simul
3256 5438 3368 5492 tolli

1809 5564 2034 5604 necesse
2068 5557 2169 5600 est.
2220 5543 2406 5596 Nonne
2464 5539 2571 5609 typi
2624 5535 2914 5599 confessio,
2973 5531 3243 5587 confessio
3285 5538 3371 5582 est

1810 5640 2034 5693 viviﬁca:
2073 5633 2299 5690 crucis?
2350 5631 2646 5698 eodemque
2714 5626 2875 5681 modo
2929 5623 3162 5696 negatio,
3214 5622 3367 5692 juxta
