3914 6434
544 396 685 461 1119

1728 403 1786 459 S-
1819 402 2211 463 THEODORI
2249 404 2597 464 STUDITJ‘I

3655 406 3785 472 1120

537 510 913 568 conversionis
966 511 1392 565 similitudinem.
1435 509 1538 564 Par
1569 512 1730 581 igitur
1765 514 2009 583 analogia
2048 513 2101 566 in

2210 515 2443 585 ματικῆς
2480 514 2863 579 ἐξαπλώσεως,
2899 516 3195 585 πειθούσης
3214 518 3307 571 καὶ
3344 516 3438 571 τδν
3472 518 3622 586 ἄγαν
3656 520 3788 589 ἀμυ-

537 603 769 673 imagine
812 597 1016 655 Christi
1046 611 1101 655 et
1144 600 1362 655 Christo
1386 602 1502 670 ipso
1548 604 1810 659 sumenda
1847 614 1931 658 est
1955 605 2101 658 omni

537 703 682 748 recte
712 692 1076 747 ratiocinanti.
1115 690 1220 745 Sed
1251 692 1492 745 nondum
1518 704 1603 747 est
1639 700 1854 763 tempus
1885 695 2105 764 dogma-

539 786 658 838 tice
704 784 1137 852 explanationis,
1172 798 1293 852 quae
1363 784 1447 837 vel
1519 785 1762 838 obscura:
1814 786 2102 839 admodum

537 873 739 927 mentis
780 872 985 925 homini
1040 871 1197 926 facile
1254 874 1579 942 persuadeat
1625 874 1873 927 attollere
1916 875 2105 927 oculos

535 971 590 1016 ct
618 962 896 1031 suspicere
926 963 989 1016 ad
1032 964 1380 1032 splendorem
1439 964 1703 1018 veritatis.
1740 964 1866 1018 Haec
1896 974 2102 1027 nostra,

535 1053 659 1107 licet
685 1064 999 1122 peccatores
1019 1054 1211 1117 simus,
1242 1055 1373 1109 fides
1386 1064 1493 1119 est;
1524 1055 1641 1109 haec
1666 1055 1950 1109 humilium
1974 1071 2105 1124 apo-

535 1147 722 1200 stolica
775 1148 1048 1203 confessio
1069 1158 1252 1203 nostra
1283 1167 1295 1203 :
1332 1151 1447 1205 haec
1485 1151 1831 1205 minimorum
1876 1167 1905 1204 a
1932 1150 2105 1204 Patri—

534 1235 638 1290 bus
664 1237 858 1291 tradita
888 1238 1076 1308 religio
1110 1249 1317 1294 nostra.
1344 1240 1549 1296 Praeter
1579 1242 1739 1307 hanc,
1784 1258 1891 1295 non
1928 1243 2102 1298 solum

533 1328 579 1382 si
614 1330 736 1397 quis
762 1337 858 1383 aut
902 1330 945 1384 si
977 1347 1081 1400 qua
1127 1347 1191 1386 ex
1223 1333 1307 1386 his
1333 1334 1426 1403 qui
1474 1348 1622 1387 nunc
1677 1341 1805 1387 sunt
1850 1334 1935 1387 vel
1975 1333 2103 1387 olim

533 1418 776 1482 fuerunt.
806 1422 902 1476 sed
956 1438 1136 1491 neque
1169 1425 1213 1479 si
1257 1423 1478 1489 Petrus,‘
1534 1435 1587 1479 et
1623 1423 1820 1478 Paulus
1854 1424 2107 1494 (dicimus

531 1512 677 1564 enim
709 1527 828 1580 qua:
857 1513 1078 1567 evenire
1110 1525 1385 1584 nequeunt
1418 1515 1574 1583 quasi
1602 1514 1821 1567 evenire
1848 1514 2102 1583 possint),

532 1618 709 1673 neque
739 1604 781 1657 si
810 1621 875 1658 ex
897 1606 1047 1661 caelis
1078 1607 1210 1675 ipsis
1230 1608 1410 1662 veniat
1433 1607 1701 1677 quispiam
1725 1606 1871 1660 aliud
1901 1605 2104 1660 docens

531 1703 588 1748 et
645 1697 1051 1767 evangelizans,
1086 1698 1234 1752 illum
1271 1698 1327 1751 in
1365 1697 1803 1753 communionem
1862 1698 2105 1767 recipere

527 1803 835 1858 possmnus,
876 1799 935 1844 ut
982 1791 1077 1860 qui
1116 1806 1301 1845 sanam
1336 1791 1458 1845 fidei
1491 1786 1794 1846 doctrinam
1840 1807 1951 1845 non
2014 1808 2104 1846 se-

2203 607 2425 677 δρόνουν
2495 608 2783 661 ἀνανεύειν
2835 609 3081 672 εὐπετῶς
3136 608 3272 679 πρὸς
3312 610 3411 673 τὰς
3448 611 3637 679 αὐγὰς
3688 612 3783 680 τῆς

2202 700 2479 769 ἀληθείας.
2509 700 2654 771 Αὕτη
2678 704 2710 770 ἡ
2735 702 3064 770 εὐαγγελικὴ
3086 701 3245 770 ἡμῶν
3270 702 3455 765 πίστις
3471 701 3587 755 τῶν
3604 704 3781 771 άμαρ·

2201 792 2385 843 τωλῶν
2409 808 2420 821 ·
2450 791 2587 861 αῦτη
2619 794 2651 860 ἡ
2687 792 3022 862 ἀποστολικὴ
3049 792 3206 862 ἡμῶν
3254 792 3521 861 ὁμολογία
3554 792 3665 844 τῶν
3690 794 3779 844 εῦ-

2201 882 2402 934 τελὼν·
2440 884 2489 935 εί
2520 882 2566 934 δ’
2586 878 2704 945 οὖν,
2728 885 2761 953 ἡ
2805 883 3288 954 πατροπαράδοτος
3320 883 3480 954 ήμῶν
3510 883 3778 953 θρησκεία

2201 972 2310 1026 τῶν
2359 973 2676 1042 ἐλαχίστων.
2740 974 2897 1045 Παρὰ
2932 974 3158 1043 ταύτην.
3201 975 3299 1043 οὐχ
3353 976 3437 1027 ὅτι
3481 976 3510 1027 6
3545 976 3634 1038 τίς
3664 975 3773 1043 δεῆ

2200 1062 2282 1124 τίς
2304 1064 2361 1116 δε
2390 1063 2499 1116 τῶν
2521 1062 2616 1115 νῦν
2646 1063 2679 1133 ἢ
2713 1064 2823 1117 τῶν
2853 1066 3047 1129 πάλαι,
3079 1065 3194 1118 ἀλλ’
3228 1066 3340 1118 οὐδ’
3370 1066 3418 1118 εί
3455 1066 3665 1135 Πέτρος·
3691 1066 3776 1117 καὶ

2205 1151 2413 1216 Παῦλος
2433 1169 2447 1183 ·
2481 1155 2709 1222 εἴπομεν
2739 1154 2848 1224 γὰρ
2870 1156 3163 1208 άνένδεκτα
3192 1155 3267 1218 ὡς
3291 1154 3647 1225 ἐνδεχόμενα·
3674 1155 3774 1209 οὐδ’

2205 1243 2270 1296 ἂν
2309 1242 2369 1307 ἐξ
2416 1243 2601 1296 αὐτῶν
2662 1243 2772 1313 ἥκῃ
2822 1242 2931 1295 τῶν
2990 1242 3237 1313 οὐρανῶν
3283 1243 3638 1312 δογματίζων
3693 1243 3779 1295 καὶ

2203 1335 2720 1406 εὐαγγελιζόμενος·
2748 1337 3037 1407 δυνάμεθα
3096 1337 3260 1391 αὐτὸν
3312 1337 3575 1391 κοινωνὸν
3623 1352 3784 1407 προσ-

2204 1424 2463 1495 ήκασθαι,
2479 1426 2554 1490 ὼς
2569 1428 2644 1497 μὴ
2663 1427 2983 1498 στοιχοῦντα
3001 1432 3068 1499 τῇ
3088 1428 3408 1500 ὑγιαινούσῃ
3425 1429 3526 1499 τῆς
3551 1430 3783 1489 πίστεως

2202 1514 2541 1585 διδασκαλίᾳ.
2576 1517 2686 1570 Καὶ
2720 1500 2858 1587 πρὸς
2886 1517 3061 1571 ταῦτα
3082 1519 3180 1572 ὅτι
3210 1518 3275 1571 ἂν
3304 1517 3438 1588 δοκῇ
3468 1521 3535 1589 τῇ
3568 1517 3783 1586 ἐξουσίᾳ

2204 1608 2379 1675 ὑμῶν.
2421 1608 2613 1679 ἑτοίμη
2673 1610 2707 1680 ἡ
2757 1610 3087 1673 ταπείνωσις
3135 1609 3294 1681 ἡμῶν
3350 1611 3516 1681 μέχρι
3553 1610 3783 1664 θανάτου

2205 1699 2525 1769 ὑποστῆναι,
2550 1700 2583 1771 ἢ
2614 1700 2871 1771 ἐξάρνους
2897 1703 3047 1771 ἡμᾶς
3074 1700 3328 1769 γενέσθαι
3369 1700 3473 1771 τῆς
3528 1698 3783 1768 τοιαύτης

2204 1792 2362 1861 ἡμῶν
2384 1792 2713 1861 εἰλικρινοῦς
2739 1793 3052 1862 ὁμολογίας.

526 1889 745 1949 quatur.
772 1880 998 1935 Demum
1025 1882 1287 1952 quidquid
1307 1883 1437 1937 libet
1475 1884 1727 1953 potestati
1762 1892 1975 1947 vestrae,
2009 1890 2196 1953 parata
2253 1892 2338 1938 est
2379 1882 2656 1938 humilitas
2722 1893 2909 1939 nostra
2946 1896 3119 1956 usque
3152 1884 3219 1940 ad
3258 1893 3491 1941 mortem
3545 1882 3757 1954 perpeti

526 1975 725 2045 potius,
776 1989 939 2044 quam
970 1984 1030 2029 ut
1062 1986 1351 2046 negatores
1380 1978 1551 2031 simus
1617 1975 1844 2030 sincera:
1875 1976 2104 2046 hujusce
2130 1984 2331 2030 nostra
2362 1973 2747 2030 confessionis.

785 2088 855 2143 ll.
878 2121 947 2131 -—
969 2090 1316 2145 Monasticam
1356 2094 1517 2146 vitam
1547 2094 1841 2164 agentibus.

2682 2091 2759 2145 B'.
2796 2118 2869 2131 -—
2919 2088 3313 2152 Μονὰζουσιν.
3345 2091 3503 2165 [σθ⁸.,]

894 2206 970 2256 De
996 2205 1288 2269 quibusdam
1309 2205 1591 2271 praepositis
1620 2205 1706 2269 qui
1734 2209 1781 2256 in
1803 2219 1948 2255 causa
1967 2203 2233 2267 imaginum
2259 2205 2521 2268 segniores
2542 2203 2756 2254 fuerant.
2786 2204 2988 2265 (Baron.
3010 2218 3090 2255 an.
3109 2205 3221 2266 8H,
3239 2218 3287 2254 ιι.
3313 2206 3421 2267 ει.)

595 2311 653 2367 In
686 2314 791 2368 hoc
817 2313 1077 2382 temporis
1109 2314 1357 2376 articulo,
1390 2328 1514 2367 cum
1562 2310 2004 2382 persecutionem
2041 2307 2094 2360 in
2131 2312 2169 2366 Β

526 2403 759 2475 imagine
786 2419 880 2457 sua
908 2402 1158 2457 Christus
1184 2404 1386 2473 patitur
1421 2422 1433 2456 :
1464 2418 1575 2457 non
1605 2402 1782 2457 solum
1805 2402 1896 2471 qui
1925 2399 2097 2471 digni-

527 2504 634 2550 tate
680 2504 735 2549 et
766 2495 990 2549 scientia
1035 2495 1315 2565 praecellit,
1355 2503 1565 2550 certare
1626 2494 1673 2549 is
1722 2494 1908 2559 debet,
1936 2502 2099 2547 recte

527 2587 651 2641 fidei
701 2588 1003 2641 deelrinam
1041 2586 1325 2656 proferens
1357 2595 1414 2642 et
1464 2587 1675 2642 caeteris
1711 2586 1971 2650 tradens;
2002 2584 2099 2639 sed

527 2688 584 2731 et
606 2677 904 2745 discipulus
934 2693 1150 2747 quoque
1176 2678 1291 2747 ipse
1321 2678 1569 2732 fiduciam
1602 2692 1840 2740 sumere,
1873 2684 1928 2730 et
1958 2675 2100 2729 veri-

531 2773 693 2818 tatem
721 2765 985 2833 intrepida
1016 2780 1081 2818 ac
1132 2765 1300 2819 libera
1337 2780 1467 2820 voce
1514 2765 1775 2833 profiteri.
1818 2762 1937 2818 Non
1979 2777 2099 2817 mea

528 2855 797 2910 sunthaec
819 2858 1002 2918 verba,
1036 2856 1127 2926 qui
1156 2864 1409 2925 peccator
1437 2874 1577 2921 sum,
1612 2857 1706 2912 sed
1727 2856 1895 2911 divini
1928 2856 2099 2926 Chry-

527 2948 777 3011 sostomi,
809 2948 1056 3016 quinimo
1087 2957 1142 3003 et
1195 2949 1421 3003 aliorum
1484 2951 1725 3003 Patrum.
1784 2948 1942 3016 Quod
1972 2965 2101 3005 vero

532 3037 742 3091 Domini
776 3039 1045 3108 praepositi
1070 3040 1137 3095 ab
1166 3040 1491 3110 imperatore
1518 3042 1721 3096 detenti
1756 3042 1858 3096 hoc
1880 3042 2101 3097 minime

529 3129 922 3198 praestiterunt,
962 3133 1209 3201 quamvis
1264 3134 1542 3204 dignitatis
1571 3135 1739 3203 gradu
1772 3144 1827 3190 et
1854 3135 2100 3190 doctrina

530 3220 788 3275 omnibus
812 3221 976 3290 hujus
1006 3239 1116 3277 ora;
1145 3225 1449 3294 praepositis
1480 3228 1756 3281 anteirent
1781 3244 1795 3293 ;
1826 3236 1881 3282 at
1910 3237 2098 3282 contra

530 3311 715 3382 potius
741 3314 1141 3376 conticuerunt,
1180 3331 1356 3386 neque
1396 3317 1446 3372 id
1488 3318 1684 3384 solum,
1713 3320 1857 3388 quod
1891 3337 1946 3375 re
1983 3322 2099 3390 ipsa

531 3420 694 3476 grave
724 3414 845 3461 est:
900 3407 993 3461 sed
1030 3407 1391 3480 chirographo
1437 3412 1600 3466 etiam
1646 3428 1769 3478 suo,
1812 3428 1871 3469 se
1920 3430 2099 3485 neque

528 3510 918 3567 congressuros
988 3508 1197 3564 mutuo,
1251 3516 1429 3571 neque
1490 3502 1748 3557 docturos
1808 3505 2099 3562 confirma-

530 3596 697 3642 runt:
734 3588 787 3643 id
813 3604 941 3643 vero
964 3597 1045 3643 est
1072 3591 1299 3659 prodere
1331 3593 1704 3661 veritatem,et
1726 3598 2097 3667 praefecturam

531 3680 822 3750 ahnegare,
866 3690 921 3735 et
954 3682 1199 3738 subditos
1230 3684 1337 3739 sibi
1384 3696 1547 3755 atque
1585 3688 1724 3744 adeo
1770 3673 2006 3759 teqtiales
2045 3699 2099 3746 et

530 3772 712 3825 socios
764 3772 1103 3829 subvertere.
1158 3776 1401 3844 Apostoli
1456 3778 1622 3843 enim,
1666 3794 1845 3834 cuma
1896 3780 2099 3837 Judaais

532 3860 913 3916 denuntiatum
972 3862 1078 3917 illis
1112 3875 1277 3930 esset,
1336 3882 1406 3920 ne
1456 3868 1714 3924 docerent
1766 3871 1819 3924 in
1879 3874 2100 3929 nomine

530 3949 758 4016 Christi,
792 3952 876 4006 his
911 3954 1089 4009 verbis
1138 3957 1581 4026 responderunt:
1626 3960 1890 4028 Judicate,
1934 3964 1980 4017 si
2001 3964 2098 4033 ju-

528 4053 670 4096 stum
696 4055 770 4097 est
824 4045 877 4098 in
912 4056 1186 4115 conspectu
1217 4047 1313 4102 Dei
1357 4065 1443 4104 vos
1489 4053 1663 4118 potius
1698 4055 1887 4108 audire
1939 4072 2099 4126 quam

532 4134 701 4188 Deum
741 4145 972 4189 nostrum
996 4137 1065 4191 “.
1103 4136 1166 4193 Et
1190 4155 1420 4196 rursus:
1473 4142 1694 4198 Obedire
1740 4156 1946 4213 oportet
1991 4148 2100 4203 Deo

531 4225 701 4295 magis
727 4242 884 4295 quam
910 4227 1206 4283 hominibus
1234 4232 1300 4285 ".
1333 4230 1457 4288 Haec
1476 4242 1531 4289 et
1558 4236 1750 4291 similia
1774 4238 1894 4294 illos
1917 4240 2101 4297 dicere

530 4318 836 4383 oportebat,
867 4325 927 4371 ut
972 4333 1070 4387 per
1110 4334 1207 4375 eos
1253 4322 1646 4393 glorificaretur
1689 4327 1832 4387 Deus
1886 4340 1939 4388 et
1969 4335 2103 4389 redi-

531 4404 758 4458 ticareut
802 4406 1137 4464 orthodoxos
1180 4426 1195 4463 :
1236 4419 1296 4465 ut
1326 4416 1657 4473 monasteria
1687 4420 2098 4489 confirmarent,

532 4503 591 4548 ct
637 4494 1013 4551 confortarent
1065 4514 1161 4553 eos
1188 4502 1280 4570 qui
1331 4502 1384 4556 in
1430 4504 1635 4561 exsiliis
1666 4509 1961 4576 patiuntur.
1995 4513 2102 4569 Sed

531 4584 688 4654 quid,
719 4586 862 4654 quod
900 4587 1073 4655 pluris
1102 4589 1330 4647 facimus
1355 4598 1683 4653 monasteria
1707 4617 1867 4669 quam
1892 4601 2060 4659 Deum
2084 4623 2099 4670 ;

532 4684 589 4730 ct
616 4676 782 4746 pluris
817 4681 1103 4736 commoda
1133 4698 1254 4752 qua:
1290 4685 1417 4741 inde
1448 4690 1713 4759 capimus,
1754 4709 1914 4763 quam
1958 4700 2101 4755 mala

526 4784 651 4837 qua:
685 4770 811 4825 boni
858 4787 1021 4828 causa
1072 4777 1451 4835 sustinemus?
1488 4782 1718 4839 Ubinam
1776 4798 1863 4844 est
1915 4790 2096 4846 illud:

536 4858 807 4929 Loquebar
836 4863 890 4915 in
912 4876 1184 4935 conspectu
1207 4885 1408 4941 regum,
1455 4883 1501 4927 et
1520 4891 1622 4928 non
1651 4880 2006 4949 confundebar
2031 4885 2099 4940 ".

2281 2307 2370 2359 ‘Ev
2400 2305 2477 2375 τῷ
2511 2305 2691 2377 καιρῷ
2723 2308 2923 2377 τούτῳ,
2949 2308 3007 2358 ἐν
3029 2299 3074 2373 ᾧ
3099 2308 3129 2359 ό
3152 2307 3386 2374 Χριστὸς
3405 2307 3673 2362 διώκεται
3702 2310 3785 2361 διὰ

2204 2397 2304 2468 τῆς
2331 2398 2539 2461 εἰκόνος
2572 2397 2740 2452 αὑτοῦ
2768 2413 2782 2427 ⁸
2814 2398 2877 2451 οὐ
2907 2398 3066 2468 μόνον
3089 2400 3139 2451 εί
3168 2398 3359 2469 βαθμῷ
3398 2416 3484 2463 τις
3514 2402 3615 2464 καὶ
3645 2402 3783 2469 γνὼ-

2207 2504 2289 2541 σει
2336 2488 2582 2558 προέχων
2629 2488 2802 2554 ἐστὶν,
2845 2488 3052 2558 ὀφείλει
3111 2488 3555 2557 διαγωνίζεσθαι,
3611 2493 3784 2546 λαλῶν

2206 2582 2299 2633 καὶ
2333 2579 2599 2634 διδάσκων
2622 2583 2714 2633 τὸν
2770 2581 2871 2651 τῆς
2919 2581 3249 2653 όρθοδοξίας
3277 2582 3438 2650 λόγον
3464 2598 3480 2613 ·
3514 2585 3658 2638 ἀλλὰ
3680 2585 3783 2654 γάρ

2205 2672 2300 2725 καὶ
2331 2673 2380 2725 εί
2415 2672 2657 2743 μαθητοῦ
2678 2674 2831 2740 τάξιν
2858 2675 3071 2744 ἐπέχων
3102 2676 3209 2745 εἴη,
3256 2680 3525 2746 χρεωστεῖ
3564 2680 3784 2749 παῖ,ρη-

2207 2762 2487 2827 σιάζεσθαι
2510 2765 2608 2836 τὴν
2639 2766 2917 2835 ἀλήθειαν,
2973 2766 3069 2819 καὶ
3121 2765 3627 2838 ἐλευθεροστομεῖν.
3671 2770 3784 2823 Οὐκ

2208 2854 2338 2925 ἐμὸς
2365 2858 2393 2909 ό
2422 2857 2576 2925 λόγος
2600 2858 2693 2911 τοῦ
2722 2856 3072 2927 ἁμαρτωλοῦ,
3099 2857 3235 2913 ἀλλὰ
3260 2858 3354 2911 τοῦ
3392 2860 3543 2913 θείου
3567 2862 3780 2931 Χρυσος

2209 2948 2410 3018 στόμου
2444 2964 2457 2980 ·
2492 2951 2583 3002 ἐπὶ
2615 2952 2705 3002 καὶ
2729 2949 2905 3003 ἄλλων
2932 2949 3216 3022 Πατάρων.
3236 2952 3313 3006 Τὸ
3335 2953 3391 3006 δὲ
3407 2954 3539 3016 τοὺς
3560 2946 3783 3024 κυρίους

2206 3039 2330 3100 τοὺς
2351 3039 2693 3107 ἡγουμένους
2714 3038 3101 3110 κρατηθέντας
3130 3042 3235 3095 ὑπὸ
3258 3041 3355 3095 τοῦ
3381 3041 3678 3112 βασιλέως,
3710 3043 3784 3113 μὴ

2205 3129 2275 3183 τά
2303 3130 2672 3201 προειρημένα
2696 3131 2902 3203 πράξαι
2924 3147 2938 3163 ·
2974 3134 3175 3205 καίπερ
3206 3134 3365 3196 ὄντας
3393 3134 3487 3187 καί⁵
3510 3134 3570 3187 ὲν
3588 3135 3798 3206 βαθμῷ⁶

2207 3222 2299 3276 καὶ
2330 3221 2528 3290 γνώσει
2573 3223 2726 3295 παρὰ
2753 3227 2962 3292 πάντας
3007 3228 3137 3291 τοὺς
3184 3226 3634 3298 καθηγουμένους
3685 3232 3783 3299 τῆς

2206 3318 2310 3385 γῆς
2334 3315 2567 3386 ταύτης’
2594 3319 2903 3373 τούναντίον
2936 3319 2992 3374 δὲ
3024 3319 3227 3389 μᾶλλον
3254 3323 3553 3393 σιωπῆσαι.
3579 3322 3695 3376 Καὶ
3720 3322 3781 3375 οὐ

2204 3407 2365 3461 τοῦτο
2391 3410 2573 3478 μόνον,
2601 3410 2807 3481 καίπερ
2831 3411 2890 3465 ὃν
2916 3410 3116 3465 δεινόν’
3149 3410 3289 3466 ἀλλὰ
3344 3414 3440 3467 καὶ
3485 3414 3782 3485 χειρόγρα-

2208 3516 2308 3566 φον
2334 3500 2582 3571 ποιῆσαι,
2620 3502 2759 3574 μήτε
2804 3503 2886 3566 είς
2939 3502 3205 3574 ἀλλήλους
3230 3503 3611 3575 συνέρχεσθαι,
3642 3507 3781 3575 μήτε

2206 3589 2478 3644 διδάσκειν
2501 3607 2513 3621 ·
2560 3590 2719 3646 τοῦτό
2775 3593 2891 3645 ἔστι
2926 3593 3190 3665 προδοσία
3223 3592 3322 3663 τῆς
3352 3594 3633 3664 ἀληθείας.
3689 3597 3783 3650 καὶ

2127 3664 2169 3721 C
2202 3678 2428 3750 ἄρνησις
2484 3680 2587 3751 τῆς
2623 3664 2980 3752 προστασίας,
3036 3682 3150 3737 καὶ’
3175 3681 3472 3746 κατάλυσις
3499 3682 3613 3736 τῶν
3650 3684 3783 3737 ὑπο-

2200 3770 2496 3835 τακτικῶν,
2532 3771 2654 3825 ἐπεὶ
2706 3772 2803 3825 καὶ
2847 3772 2958 3826 τῶν
3015 3772 3327 3843 ὁμοταγῶν.
3380 3774 3446 3828 Οί
3490 3774 3781 3830 ἀπόστολοι

2203 3862 2677 3933 παραγγελθέντες
2734 3864 2838 3918 ὑπὸ
2881 3863 2993 3918 τῶν
3062 3865 3332 3919 Ἰουδαίων
3370 3866 3449 3937 μὴ
3506 3866 3781 3923 διδάσκειν

2201 3955 2293 4007 ἐπὶ
2318 3953 2396 4025 τῷ
2426 3954 2653 4026 ὀνόματι
2682 3955 2778 4009 τοῦ
2806 3955 3069 4029 Χριστοῦ,
3125 3957 3254 4012 τάδε
3309 3960 3477 4029 φασίν
3499 3975 3515 3992 ·
3578 3961 3780 4031 ’Υμεῖς

2201 4047 2463 4116 κρίνατε,
2514 4050 2564 4102 εί
2615 4046 2849 4102 δίκαιόν
2873 4048 3049 4103 ἐστιν
3097 4049 3267 4121 ὑμῶν
3310 4051 3578 4117 ἀκούειν.
3603 4053 3645 4123 ἢ
3677 4053 3781 4107 τοῦ

2203 4139 2352 4194 Θεοῦ
2374 4137 2562 4207 ἡμῶν.
2588 4140 2699 4193 Καὶ⁸
2729 4140 2891 4195 πάλιν
2914 4156 2930 4172 ·
2964 4142 3314 4212 Πειθαρχεῖν
3344 4142 3444 4198 δεῖ
3480 4144 3604 4211 Θεῷ
3623 4144 3779 4215 μᾶλ-

2201 4235 2319 4286 λον
2372 4232 2412 4301 ἢ
2448 4232 2802 4302 ἀνθρώποις.
2859 4232 3097 4288 Τοιαῦτα
3146 4236 3245 4291 καὶ
3290 4237 3569 4308 παρόμοια
3614 4240 3781 4308 ἐχρῆν

2204 4323 2431 4392 λαλῆσαι
2467 4326 2690 4399 αὐτοῖς)
2715 4325 2804 4379 ἵνα
2830 4324 3091 4398 ἐδοξάσθη
3117 4328 3146 4381 ό
3183 4328 3315 4392 Θεδς
3343 4329 3410 4383 δι’
3444 4328 3662 4383 αὐτῶνσ
3696 4329 3780 4382 ἵνα

2202 4413 2553 4485 ᾠκοδόμησαν
2572 4416 2696 4478 τοὺς
2717 4414 3033 4485 όρθοδόξους
3052 4431 3068 4447 ’
3098 4417 3189 4472 ίνα
3219 4418 3516 4489 ιστήριξαν
3540 4420 3610 4473 τά
3642 4436 3775 4490 μον-

2204 4508 2473 4575 αστήρια·
2552 4507 2640 4561 ἵνα
2696 4508 3117 4579 ὲνεδυνάμωσαν
3179 4512 3307 4574 τοὺς
3364 4511 3677 4581 πάσχοντας
3723 4513 3780 4566 ὲν

2201 4596 2461 4667 ὲξορίαις.
2506 4598 2666 4651 Ἀλλὰ
2684 4598 2737 4651 τί
2766 4599 2848 4653 ὅτι
2874 4601 3271 4673 προτιμώμεθα
3300 4602 3501 4673 μᾶλλον
3541 4603 3681 4659 Θεοῦ
3714 4608 3779 4661 τὰ

2205 4692 2544 4763 μοναστήρια
2563 4708 2577 4724 ⁸
2606 4692 2701 4746 καὶ
2728 4693 2828 4763 τῆς
2860 4694 2999 4766 ὑπὲρ
3019 4693 3117 4749 τοῦ
3146 4695 3355 4763 ἀγαθοῦ
3398 4697 3777 4763 κακοπαθείας

2200 4786 2300 4858 τὴν
2336 4784 2587 4839 ἐντεῦθεν
2617 4787 2956 4853 εὐπάθειανς
2988 4786 3102 4842 Ποῦ
3150 4790 3269 4842 ἐστι
3310 4788 3374 4842 τό
3400 4804 3416 4820 ·
3477 4788 3777 4845 ’Βλάιουν

2201 4879 2482 4934 ἐναντίον
2526 4880 2858 4947 βασιλέων,
2912 4880 3011 4936 καί
3072 4882 3186 4936 οὐκ
3234 4880 3643 4951 ᾐσχυνόμην;
3668 4882 3772 4937 Ποῦ

534 4946 600 5002 Et
633 4951 805 5008 illud:
841 4953 971 5009 Ecce
1009 4956 1154 5012 labia
1184 4976 1300 5015 mea
1352 4979 1452 5016 non
1491 4946 1803 5033 prohibebo:
1852 4972 2095 5041 Domine,

2205 4973 2316 5025 ἐστι
2341 4972 2422 5035 τὸ,
2440 4970 2598 5025 Ἰδοὺ
2626 4971 2698 5025 τὰ
2724 4973 2899 5042 χείλη
2914 4989 3038 5041 μου
3053 4974 3126 5027 οὺ
3140 4971 3228 5042 μὴ
3244 4946 3510 5027 antibat.)
3537 4946 3556 5005 ί
3576 4976 3770 5044 Κύριε.

532 5051 591 5095 tu
612 5044 756 5098 scisti
784 5047 847 5100 ".
882 5047 983 5103 Ubi
1018 5050 1186 5120 gloria
1219 5064 1275 5108 et
1315 5054 1575 5112 fortitudo
1624 5061 1833 5118 ordinis
1884 5070 2101 5123 nostri?

2205 5062 2283 5118 σὺ
2310 5063 2517 5132 ἔγνως.
2560 5063 2672 5116 Ποῦ
2717 5065 2833 5117 ἐστι
2880 5065 2943 5117 τὸ
2972 5062 3126 5128 κλέος
3150 5067 3245 5119 καὶ
3276 5065 3309 5136 ή
3344 5064 3498 5135 ίσχὺς
3537 5067 3636 5120 τοῦ
3656 5067 3771 5120 καθ’

531 5134 776 5200 Quonam
799 5147 956 5207 pacto
984 5140 1126 5196 beati
1158 5143 1327 5199 Sabas
1364 5157 1420 5201 et
1458 5148 1815 5220 Theodosius,
1851 5173 1974 5215 cum
2000 5163 2104 5216 im-

532 5226 676 5295 piam
708 5226 957 5283 hzeresim
990 5240 1119 5287 tunc
1160 5238 1420 5304 temporis
1459 5239 1756 5309 imperator
1783 5246 2101 5307 Anastasius

2200 5152 2347 5222 ἡμᾶς
2376 5154 2688 5224 τάγματος;
2724 5153 2847 5219 Πῶς
2874 5154 3054 5218 Σάϐας
3106 5156 3203 5209 καὶ
3255 5154 3543 5220 Θεοδόσιος
3572 5159 3623 5211 ot
3667 5175 3769 5228 μα-

2198 5244 2408 5315 κάριοιο
2462 5244 2525 5298 τὸ
2585 5245 2892 5314 τηνικαῦτα
2935 5247 3291 5302 Ἀναστασίου
3348 5246 3445 5302 τοῦ
3507 5248 3773 5319 βασιλέως

531 5315 976 5383 amplecteretur,
1026 5322 1443 5380 insurrexerunt
1478 5345 1575 5399 pro
1617 5330 1721 5387 ﬁde
1765 5336 1963 5391 acriter
1998 5356 2101 5409 pu-

2205 5336 2480 5389 δυσσεϐεἰν
2514 5337 2771 5407 ἑλομένου
2797 5354 2809 5367 σ
2874 5337 3232 5409 διανέστησαν
3286 5315 3518 5409 θερμῶς
3557 5358 3773 5413 προμα-

530 5411 798 5470 gnantes:
834 5412 946 5460 tum
986 5423 1081 5463 eos
1118 5412 1209 5479 qui
1253 5430 1537 5485 perperam
1573 5421 1628 5473 in
1678 5422 1918 5480 Ecclesia
1960 5444 2097 5484 sen-

532 5490 739 5547 tiebant
815 5503 1356 5567 excommunicando,
1421 5519 1532 5562 tum
1585 5512 1651 5566 ad
1717 5514 2095 5585 imperatorem

532 5581 708 5651 ipsum
738 5589 1044 5657 scribendo,
1078 5610 1135 5648 se
1167 5607 1393 5652 mortem
1426 5603 1602 5668 potius
1634 5581 1887 5674 oppetere
1937 5626 2093 5678 para-

532 5680 615 5727 tos
644 5690 801 5743 quant
836 5688 893 5732 ut
920 5681 986 5735 de
1026 5687 1337 5742 constitutis
1367 5690 1565 5759 aliquid
1604 5695 1994 5751 immutarem?
2032 5699 2094 5753 Et

2202 5426 2425 5497 χοῦντες
2455 5427 2553 5497 τῆς
2580 5424 2815 5492 πίστεως
2840 5446 2853 5459 ·
2885 5429 3043 5483 τοῦτο
3087 5429 3208 5501 μὲν,
3244 5429 3363 5500 μεθ⁹
3394 5421 3472 5482 ὧν
3500 5430 3772 5503 ἀνεθεμά-

2202 5534 2359 5570 τισαν
2403 5520 2528 5581 τοὺς
2570 5519 2897 5583 κακοδόξους
2935 5523 2994 5573 ἑν
3025 5524 3091 5592 τῇ
3127 5520 3461 5592 Ἐκκλησία·
3500 5524 3666 5578 τοῦτο
3695 5525 3769 5589 δὲ,

2203 5610 2259 5661 ἐν
2293 5603 2374 5673 οἷς
2405 5609 2720 5663 ἐπέστειλαν
2761 5609 2838 5682 τῷ
2873 5611 3116 5680 βασιλεῖ’
3144 5611 3648 5684 διαμαρτυράμενοι
3675 5615 3769 5669 θά-

2201 5716 2357 5752 νατον
2392 5699 2627 5763 ἑλέσθαι,
2667 5701 2777 5769 ἦτι
2830 5703 3187 5775 μετακινῆσαι
3219 5702 3324 5759 τῶν
3364 5702 3766 5775 καθεστώτωνς

610 5788 654 5820 νο
682 5789 798 5845 Act.
840 5810 909 5858 ty,
950 5796 1029 5851 19.
1108 5800 1146 5831 θ’
1183 5801 1299 5857 Act.
1332 5822 1381 5871 γ,
1415 5807 1500 5861 :29.
1577 5807 1761 5865 “Psal
1810 5814 2099 5877 cxvtn,46.
2176 5816 2219 5847 ”
2244 5814 2383 5871 Psal.
2418 5833 2596 5883 xxxix,
2634 5818 2715 5871 l0.
