  <div class='ocr_page' id='page_1' title='image "/cluster/home/n/w/nwhite01/storage/ocr_20150623/99/ien.35556001661347/570.png"; bbox 0 0 3914 6504; ppageno 0'>
   <div class='ocr_carea' id='block_1_1' title="bbox 159 473 290 536">
    <p class='ocr_par' dir='ltr' id='par_1_1' title="bbox 159 473 290 536">
     <span class='ocr_line' id='line_1_1' title="bbox 159 473 290 536; baseline 0.023 -3"><span class='ocrx_word' id='word_1_1' title='bbox 159 473 290 536; x_wconf 71' lang='lat'><strong>1121</strong></span> 
     </span>
    </p>
   </div>
   <div class='ocr_carea' id='block_1_2' title="bbox 1347 483 2188 543">
    <p class='ocr_par' dir='ltr' id='par_1_2' title="bbox 1347 483 2188 543">
     <span class='ocr_line' id='line_1_2' title="bbox 1347 483 2188 543; baseline 0 -1"><span class='ocrx_word' id='word_1_2' title='bbox 1347 483 1886 543; x_wconf 68' lang='lat' dir='ltr'><strong>EPISTULARUM</strong></span> <span class='ocrx_word' id='word_1_3' title='bbox 1913 485 2061 542; x_wconf 89' lang='lat' dir='ltr'>LIB.</span> <span class='ocrx_word' id='word_1_4' title='bbox 2106 486 2188 542; x_wconf 89' lang='lat' dir='ltr'><strong>II.</strong></span> 
     </span>
    </p>
   </div>
   <div class='ocr_carea' id='block_1_3' title="bbox 3271 488 3405 548">
    <p class='ocr_par' dir='ltr' id='par_1_3' title="bbox 3271 488 3405 548">
     <span class='ocr_line' id='line_1_3' title="bbox 3271 488 3405 548; baseline -0.015 0"><span class='ocrx_word' id='word_1_5' title='bbox 3271 488 3405 548; x_wconf 74' lang='lat'><strong>119.2</strong></span> 
     </span>
    </p>
   </div>
   <div class='ocr_carea' id='block_1_4' title="bbox 149 590 1733 664">
    <p class='ocr_par' dir='ltr' id='par_1_4' title="bbox 149 590 1725 664">
     <span class='ocr_line' id='line_1_4' title="bbox 149 590 1725 664; baseline 0.003 -24"><span class='ocrx_word' id='word_1_6' title='bbox 149 590 266 642; x_wconf 72' lang='grc' dir='ltr'><strong>Καὶ</strong></span> <span class='ocrx_word' id='word_1_7' title='bbox 289 590 560 656; x_wconf 77' lang='grc' dir='ltr'>λέγουσιν,</span> <span class='ocrx_word' id='word_1_8' title='bbox 597 592 673 652; x_wconf 82' lang='grc' dir='ltr'>ὣς</span> <span class='ocrx_word' id='word_1_9' title='bbox 689 608 875 659; x_wconf 84' lang='grc' dir='ltr'>φασιν,</span> <span class='ocrx_word' id='word_1_10' title='bbox 907 595 956 645; x_wconf 90' lang='grc' dir='ltr'>οἱ</span> <span class='ocrx_word' id='word_1_11' title='bbox 987 594 1165 664; x_wconf 85' lang='grc' dir='ltr'>κύριοι</span> <span class='ocrx_word' id='word_1_12' title='bbox 1182 595 1503 664; x_wconf 78' lang='grc' dir='ltr'>ἡγούμενοι·</span> <span class='ocrx_word' id='word_1_13' title='bbox 1533 596 1725 662; x_wconf 82' lang='grc' dir='ltr'>Ἡμεῖς</span> 
     </span>
    </p>
   </div>
   <div class='ocr_carea' id='block_1_5' title="bbox 1838 590 3406 664">
    <p class='ocr_par' dir='ltr' id='par_1_5' title="bbox 1838 594 3406 664">
     <span class='ocr_line' id='line_1_5' title="bbox 1838 594 3406 664; baseline 0 -18"><span class='ocrx_word' id='word_1_14' title='bbox 1838 594 2041 657; x_wconf 80' lang='lat' dir='ltr'><strong>dicunt,</strong></span> <span class='ocrx_word' id='word_1_15' title='bbox 2073 604 2133 648; x_wconf 91' lang='lat' dir='ltr'><strong>ut</strong></span> <span class='ocrx_word' id='word_1_16' title='bbox 2155 597 2295 649; x_wconf 80' lang='lat' dir='ltr'><strong>fama</strong></span> <span class='ocrx_word' id='word_1_17' title='bbox 2323 605 2428 659; x_wconf 86' lang='lat' dir='ltr'><strong>est,</strong></span> <span class='ocrx_word' id='word_1_18' title='bbox 2459 595 2671 649; x_wconf 81' lang='lat' dir='ltr'><strong>Domini</strong></span> <span class='ocrx_word' id='word_1_19' title='bbox 2697 595 3008 664; x_wconf 64' lang='lat' dir='ltr'><strong>praepositi:</strong></span> <span class='ocrx_word' id='word_1_20' title='bbox 3052 594 3287 660; x_wconf 76' lang='lat' dir='ltr'><strong>Quinam</strong></span> <span class='ocrx_word' id='word_1_21' title='bbox 3311 610 3406 648; x_wconf 84' lang='lat' dir='ltr'><strong>su—</strong></span> 
     </span>
    </p>
   </div>
   <div class='ocr_carea' id='block_1_6' title="bbox 146 679 1723 753">
    <p class='ocr_par' dir='ltr' id='par_1_6' title="bbox 146 679 1723 753">
     <span class='ocr_line' id='line_1_6' title="bbox 146 679 1723 753; baseline 0.005 -22"><span class='ocrx_word' id='word_1_22' title='bbox 146 680 296 743; x_wconf 83' lang='grc' dir='ltr'>τίνες</span> <span class='ocrx_word' id='word_1_23' title='bbox 336 679 535 749; x_wconf 82' lang='grc' dir='ltr'>ἑσμέν;</span> <span class='ocrx_word' id='word_1_24' title='bbox 562 682 779 750; x_wconf 85' lang='grc' dir='ltr'>πρῶτον</span> <span class='ocrx_word' id='word_1_25' title='bbox 809 685 1147 753; x_wconf 81' lang='grc' dir='ltr'><strong>Χριστιανοὶ,</strong></span> <span class='ocrx_word' id='word_1_26' title='bbox 1175 686 1225 738; x_wconf 87' lang='grc' dir='ltr'>οἳ</span> <span class='ocrx_word' id='word_1_27' title='bbox 1262 686 1544 753; x_wconf 71' lang='grc' dir='ltr'><strong>ὀφείλουσι</strong></span> <span class='ocrx_word' id='word_1_28' title='bbox 1580 686 1723 739; x_wconf 80' lang='grc' dir='ltr'>πάν-</span> 
     </span>
    </p>
   </div>
   <div class='ocr_carea' id='block_1_7' title="bbox 149 770 1726 847">
    <p class='ocr_par' dir='ltr' id='par_1_7' title="bbox 149 770 1726 847">
     <span class='ocr_line' id='line_1_7' title="bbox 149 770 1726 847; baseline 0.003 -23"><span class='ocrx_word' id='word_1_29' title='bbox 149 789 262 836; x_wconf 82' lang='grc' dir='ltr'><strong>τως</strong></span> <span class='ocrx_word' id='word_1_30' title='bbox 284 771 408 840; x_wconf 80' lang='grc' dir='ltr'>ἄρτι</span> <span class='ocrx_word' id='word_1_31' title='bbox 433 770 610 825; x_wconf 84' lang='grc' dir='ltr'><strong>λαλεῖν</strong></span> <span class='ocrx_word' id='word_1_32' title='bbox 625 788 639 803; x_wconf 88' lang='grc'><strong>·</strong></span> <span class='ocrx_word' id='word_1_33' title='bbox 663 773 853 827; x_wconf 76' lang='grc' dir='ltr'>ἔπειτα</span> <span class='ocrx_word' id='word_1_34' title='bbox 880 776 1226 846; x_wconf 76' lang='grc' dir='ltr'><strong>μονάζοντες,</strong></span> <span class='ocrx_word' id='word_1_35' title='bbox 1252 779 1300 830; x_wconf 81' lang='grc' dir='ltr'>οἱ</span> <span class='ocrx_word' id='word_1_36' title='bbox 1322 777 1458 847; x_wconf 79' lang='grc' dir='ltr'>μηδὲ</span> <span class='ocrx_word' id='word_1_37' title='bbox 1481 777 1542 829; x_wconf 76' lang='grc' dir='ltr'>τὸ</span> <span class='ocrx_word' id='word_1_38' title='bbox 1564 776 1726 846; x_wconf 75' lang='grc' dir='ltr'>τυχὸν</span> 
     </span>
    </p>
   </div>
   <div class='ocr_carea' id='block_1_8' title="bbox 152 862 1722 942">
    <p class='ocr_par' dir='ltr' id='par_1_8' title="bbox 152 862 1722 942">
     <span class='ocr_line' id='line_1_8' title="bbox 152 862 1722 942; baseline 0.004 -27"><span class='ocrx_word' id='word_1_39' title='bbox 152 862 641 933; x_wconf 67' lang='grc' dir='ltr'>ὑφαρπαζόμενοι·</span> <span class='ocrx_word' id='word_1_40' title='bbox 667 865 740 929; x_wconf 82' lang='grc' dir='ltr'>ὡς</span> <span class='ocrx_word' id='word_1_41' title='bbox 767 867 944 921; x_wconf 81' lang='grc' dir='ltr'><strong>ἄδετοι</strong></span> <span class='ocrx_word' id='word_1_42' title='bbox 963 868 1042 938; x_wconf 87' lang='grc' dir='ltr'>τῷ</span> <span class='ocrx_word' id='word_1_43' title='bbox 1056 869 1250 940; x_wconf 87' lang='grc' dir='ltr'>κόσμῳ</span> <span class='ocrx_word' id='word_1_44' title='bbox 1278 871 1372 923; x_wconf 77' lang='grc' dir='ltr'>καὶ</span> <span class='ocrx_word' id='word_1_45' title='bbox 1399 869 1722 942; x_wconf 75' lang='grc' dir='ltr'>ἀκρὰτητοιο</span> 
     </span>
    </p>
   </div>
   <div class='ocr_carea' id='block_1_9' title="bbox 150 954 1725 1030">
    <p class='ocr_par' dir='ltr' id='par_1_9' title="bbox 150 954 1725 1030">
     <span class='ocr_line' id='line_1_9' title="bbox 150 954 1725 1030; baseline 0.004 -24"><span class='ocrx_word' id='word_1_46' title='bbox 150 954 351 1006; x_wconf 78' lang='grc' dir='ltr'>ἔπειτα</span> <span class='ocrx_word' id='word_1_47' title='bbox 389 957 712 1026; x_wconf 81' lang='grc' dir='ltr'>ἡγούμενοι,</span> <span class='ocrx_word' id='word_1_48' title='bbox 749 959 918 1012; x_wconf 78' lang='grc' dir='ltr'>οἱκαὶ</span> <span class='ocrx_word' id='word_1_49' title='bbox 970 961 1039 1013; x_wconf 82' lang='grc' dir='ltr'><strong>τὰ</strong></span> <span class='ocrx_word' id='word_1_50' title='bbox 1071 960 1180 1013; x_wconf 85' lang='grc' dir='ltr'>τῶν</span> <span class='ocrx_word' id='word_1_51' title='bbox 1215 961 1394 1014; x_wconf 81' lang='grc' dir='ltr'>ἄλλων</span> <span class='ocrx_word' id='word_1_52' title='bbox 1440 962 1725 1030; x_wconf 80' lang='grc' dir='ltr'>προσκόμ-</span> 
     </span>
    </p>
   </div>
   <div class='ocr_carea' id='block_1_10' title="bbox 155 1048 1727 1122">
    <p class='ocr_par' dir='ltr' id='par_1_10' title="bbox 155 1048 1727 1122">
     <span class='ocr_line' id='line_1_10' title="bbox 155 1048 1727 1122; baseline 0.004 -24"><span class='ocrx_word' id='word_1_53' title='bbox 155 1063 306 1114; x_wconf 88' lang='grc' dir='ltr'>ματα</span> <span class='ocrx_word' id='word_1_54' title='bbox 342 1048 699 1113; x_wconf 74' lang='grc' dir='ltr'>ὲκῦἁλλοντες</span> <span class='ocrx_word' id='word_1_55' title='bbox 719 1065 732 1079; x_wconf 90' lang='grc'><strong>·</strong></span> <span class='ocrx_word' id='word_1_56' title='bbox 766 1051 861 1103; x_wconf 78' lang='grc' dir='ltr'>καὶ</span> <span class='ocrx_word' id='word_1_57' title='bbox 888 1053 946 1103; x_wconf 82' lang='grc' dir='ltr'><strong>ὲν</strong></span> <span class='ocrx_word' id='word_1_58' title='bbox 993 1051 1182 1122; x_wconf 76' lang='grc' dir='ltr'>μηδενὶ</span> <span class='ocrx_word' id='word_1_59' title='bbox 1242 1051 1562 1122; x_wconf 74' lang='grc' dir='ltr'><strong>προσκοπήν</strong></span> <span class='ocrx_word' id='word_1_60' title='bbox 1587 1052 1727 1105; x_wconf 87' lang='grc' dir='ltr'>διδό-</span> 
     </span>
    </p>
   </div>
   <div class='ocr_carea' id='block_1_11' title="bbox 151 1141 1726 1213">
    <p class='ocr_par' dir='ltr' id='par_1_11' title="bbox 151 1141 1726 1213">
     <span class='ocr_line' id='line_1_11' title="bbox 151 1141 1726 1213; baseline 0.005 -22"><span class='ocrx_word' id='word_1_61' title='bbox 151 1155 244 1191; x_wconf 90' lang='grc' dir='ltr'>ναι</span> <span class='ocrx_word' id='word_1_62' title='bbox 278 1141 680 1208; x_wconf 81' lang='grc' dir='ltr'>χρεωστοῦντες</span> <span class='ocrx_word' id='word_1_63' title='bbox 699 1143 854 1196; x_wconf 77' lang='grc' dir='ltr'><strong>’Ἵνα</strong></span> <span class='ocrx_word' id='word_1_64' title='bbox 869 1142 978 1212; x_wconf 80' lang='grc' dir='ltr'>μὴ,</span> <span class='ocrx_word' id='word_1_65' title='bbox 1008 1146 1161 1212; x_wconf 80' lang='grc' dir='ltr'>φησὶ,</span> <span class='ocrx_word' id='word_1_66' title='bbox 1189 1143 1438 1213; x_wconf 73' lang='grc' dir='ltr'>μωμηθῇ</span> <span class='ocrx_word' id='word_1_67' title='bbox 1466 1145 1504 1212; x_wconf 81' lang='grc' dir='ltr'><strong><em>ἠ</em></strong></span> <span class='ocrx_word' id='word_1_68' title='bbox 1528 1145 1726 1198; x_wconf 64' lang='lat' dir='ltr'><strong>amato-</strong></span> 
     </span>
    </p>
   </div>
   <div class='ocr_carea' id='block_1_12' title="bbox 149 1231 1727 1306">
    <p class='ocr_par' dir='ltr' id='par_1_12' title="bbox 149 1231 1727 1306">
     <span class='ocr_line' id='line_1_12' title="bbox 149 1231 1727 1306; baseline 0.005 -23"><span class='ocrx_word' id='word_1_69' title='bbox 149 1232 276 1284; x_wconf 72' lang='lat' dir='ltr'><strong>ria.</strong></span> <span class='ocrx_word' id='word_1_70' title='bbox 314 1231 447 1286; x_wconf 82' lang='grc' dir='ltr'>Οῖαν</span> <span class='ocrx_word' id='word_1_71' title='bbox 478 1235 535 1287; x_wconf 85' lang='grc' dir='ltr'>δὲ</span> <span class='ocrx_word' id='word_1_72' title='bbox 581 1234 898 1306; x_wconf 74' lang='grc' dir='ltr'>προσκοπήν</span> <span class='ocrx_word' id='word_1_73' title='bbox 947 1236 1042 1290; x_wconf 78' lang='grc' dir='ltr'>καὶ</span> <span class='ocrx_word' id='word_1_74' title='bbox 1091 1235 1370 1306; x_wconf 86' lang='grc' dir='ltr'>μώμησιν,</span> <span class='ocrx_word' id='word_1_75' title='bbox 1419 1238 1624 1306; x_wconf 81' lang='grc' dir='ltr'>μᾶλλον</span> <span class='ocrx_word' id='word_1_76' title='bbox 1668 1237 1727 1291; x_wconf 81' lang='grc' dir='ltr'>δὲ</span> 
     </span>
    </p>
   </div>
   <div class='ocr_carea' id='block_1_13' title="bbox 151 1325 1725 1398">
    <p class='ocr_par' dir='ltr' id='par_1_13' title="bbox 151 1325 1725 1398">
     <span class='ocr_line' id='line_1_13' title="bbox 151 1325 1725 1398; baseline 0.004 -24"><span class='ocrx_word' id='word_1_77' title='bbox 151 1325 596 1391; x_wconf 78' lang='grc' dir='ltr'>συγκατάῦασιν,</span> <span class='ocrx_word' id='word_1_78' title='bbox 624 1326 714 1378; x_wconf 72' lang='grc' dir='ltr'>διὰ</span> <span class='ocrx_word' id='word_1_79' title='bbox 733 1325 826 1379; x_wconf 82' lang='grc' dir='ltr'>τοῦ</span> <span class='ocrx_word' id='word_1_80' title='bbox 857 1327 1143 1398; x_wconf 82' lang='grc' dir='ltr'>ίδιοχείρου</span> <span class='ocrx_word' id='word_1_81' title='bbox 1174 1328 1354 1382; x_wconf 84' lang='grc' dir='ltr'>αὐτῶν</span> <span class='ocrx_word' id='word_1_82' title='bbox 1386 1329 1646 1398; x_wconf 68' lang='grc' dir='ltr'>διέδωκαν,</span> <span class='ocrx_word' id='word_1_83' title='bbox 1671 1328 1725 1382; x_wconf 87' lang='grc' dir='ltr'><strong>τί</strong></span> 
     </span>
    </p>
   </div>
   <div class='ocr_carea' id='block_1_14' title="bbox 150 1416 1726 1491">
    <p class='ocr_par' dir='ltr' id='par_1_14' title="bbox 150 1416 1726 1491">
     <span class='ocr_line' id='line_1_14' title="bbox 150 1416 1726 1491; baseline 0.003 -21"><span class='ocrx_word' id='word_1_84' title='bbox 150 1416 262 1487; x_wconf 77' lang='grc' dir='ltr'><strong>χρὴ</strong></span> <span class='ocrx_word' id='word_1_85' title='bbox 290 1419 386 1472; x_wconf 83' lang='grc' dir='ltr'><strong>καὶ</strong></span> <span class='ocrx_word' id='word_1_86' title='bbox 409 1417 617 1486; x_wconf 86' lang='grc' dir='ltr'>λέγειν;</span> <span class='ocrx_word' id='word_1_87' title='bbox 648 1417 712 1472; x_wconf 75' lang='lat' dir='ltr'><strong>Et</strong></span> <span class='ocrx_word' id='word_1_88' title='bbox 729 1418 838 1486; x_wconf 86' lang='grc' dir='ltr'>γὰρ</span> <span class='ocrx_word' id='word_1_89' title='bbox 866 1418 1045 1488; x_wconf 82' lang='grc' dir='ltr'>σιωπή</span> <span class='ocrx_word' id='word_1_90' title='bbox 1066 1420 1230 1491; x_wconf 78' lang='grc' dir='ltr'>μέρος</span> <span class='ocrx_word' id='word_1_91' title='bbox 1250 1420 1726 1487; x_wconf 78' lang='grc' dir='ltr'><strong>συγκαταθέσεως·</strong></span> 
     </span>
    </p>
   </div>
   <div class='ocr_carea' id='block_1_15' title="bbox 149 1509 1729 1586">
    <p class='ocr_par' dir='ltr' id='par_1_15' title="bbox 149 1509 1729 1586">
     <span class='ocr_line' id='line_1_15' title="bbox 149 1509 1729 1586; baseline 0.006 -25"><span class='ocrx_word' id='word_1_92' title='bbox 149 1509 213 1560; x_wconf 75' lang='grc' dir='ltr'><strong>τὸ</strong></span> <span class='ocrx_word' id='word_1_93' title='bbox 249 1511 345 1563; x_wconf 61' lang='grc' dir='ltr'><strong>καλ⁵</strong></span> <span class='ocrx_word' id='word_1_94' title='bbox 371 1511 664 1581; x_wconf 74' lang='grc' dir='ltr'><strong>ἐγγράφως</strong></span> <span class='ocrx_word' id='word_1_95' title='bbox 696 1513 869 1582; x_wconf 82' lang='grc' dir='ltr'>αὐτὴν</span> <span class='ocrx_word' id='word_1_96' title='bbox 895 1513 1145 1584; x_wconf 82' lang='grc' dir='ltr'><strong>κυρῶσαι</strong></span> <span class='ocrx_word' id='word_1_97' title='bbox 1191 1515 1284 1568; x_wconf 70' lang='grc' dir='ltr'><strong>ἐπὶ</strong></span> <span class='ocrx_word' id='word_1_98' title='bbox 1310 1514 1410 1585; x_wconf 84' lang='grc' dir='ltr'>τῆς</span> <span class='ocrx_word' id='word_1_99' title='bbox 1441 1515 1570 1586; x_wconf 84' lang='grc' dir='ltr'><strong>ὅλης</strong></span> <span class='ocrx_word' id='word_1_100' title='bbox 1604 1516 1729 1570; x_wconf 82' lang='grc' dir='ltr'><strong>Ἐκ-</strong></span> 
     </span>
    </p>
   </div>
   <div class='ocr_carea' id='block_1_16' title="bbox 153 1601 989 1675">
    <p class='ocr_par' dir='ltr' id='par_1_16' title="bbox 153 1601 989 1675">
     <span class='ocr_line' id='line_1_16' title="bbox 153 1601 989 1675; baseline 0.006 -22"><span class='ocrx_word' id='word_1_101' title='bbox 153 1601 417 1673; x_wconf 86' lang='grc' dir='ltr'>κλησίας,</span> <span class='ocrx_word' id='word_1_102' title='bbox 446 1603 610 1656; x_wconf 79' lang='grc' dir='ltr'>πόσον</span> <span class='ocrx_word' id='word_1_103' title='bbox 627 1601 689 1658; x_wconf 81' lang='grc' dir='ltr'>τὺ</span> <span class='ocrx_word' id='word_1_104' title='bbox 714 1605 989 1675; x_wconf 74' lang='grc' dir='ltr'>χαλιπόνς</span> 
     </span>
    </p>
   </div>
   <div class='ocr_carea' id='block_1_17' title="bbox 224 1781 1729 1860">
    <p class='ocr_par' dir='ltr' id='par_1_17' title="bbox 224 1781 1729 1860">
     <span class='ocr_line' id='line_1_17' title="bbox 224 1781 1729 1860; baseline 0.005 -26"><span class='ocrx_word' id='word_1_105' title='bbox 224 1781 342 1836; x_wconf 81' lang='grc' dir='ltr'><strong>Καὶ</strong></span> <span class='ocrx_word' id='word_1_106' title='bbox 391 1781 596 1850; x_wconf 80' lang='grc' dir='ltr'><strong>λέγετε,</strong></span> <span class='ocrx_word' id='word_1_107' title='bbox 644 1782 727 1836; x_wconf 82' lang='grc' dir='ltr'><strong>ὅτι</strong></span> <span class='ocrx_word' id='word_1_108' title='bbox 759 1784 1020 1854; x_wconf 82' lang='grc' dir='ltr'><strong>κρυπτῶς</strong></span> <span class='ocrx_word' id='word_1_109' title='bbox 1059 1786 1361 1859; x_wconf 79' lang='grc' dir='ltr'>ίερουργῶν</span> <span class='ocrx_word' id='word_1_110' title='bbox 1413 1789 1729 1860; x_wconf 84' lang='grc' dir='ltr'><strong>Νικηφόρον</strong></span> 
     </span>
    </p>
   </div>
   <div class='ocr_carea' id='block_1_18' title="bbox 152 1872 1728 1949">
    <p class='ocr_par' dir='ltr' id='par_1_18' title="bbox 152 1872 1728 1949">
     <span class='ocr_line' id='line_1_18' title="bbox 152 1872 1728 1949; baseline 0.004 -23"><span class='ocrx_word' id='word_1_111' title='bbox 152 1872 222 1945; x_wconf 69' lang='grc' dir='ltr'><strong>[τ.</strong></span> <span class='ocrx_word' id='word_1_112' title='bbox 252 1872 591 1944; x_wconf 81' lang='grc' dir='ltr'>Νικηφόρος]</span> <span class='ocrx_word' id='word_1_113' title='bbox 630 1875 892 1946; x_wconf 85' lang='grc' dir='ltr'><strong>ἀναφέρει</strong></span> <span class='ocrx_word' id='word_1_114' title='bbox 934 1876 996 1929; x_wconf 86' lang='grc' dir='ltr'>τὺ</span> <span class='ocrx_word' id='word_1_115' title='bbox 1037 1877 1212 1949; x_wconf 81' lang='grc' dir='ltr'>λάθρα</span> <span class='ocrx_word' id='word_1_116' title='bbox 1238 1891 1252 1906; x_wconf 85' lang='grc'>⁶</span> <span class='ocrx_word' id='word_1_117' title='bbox 1299 1880 1394 1933; x_wconf 69' lang='grc' dir='ltr'><strong>καὶ</strong></span> <span class='ocrx_word' id='word_1_118' title='bbox 1440 1881 1638 1944; x_wconf 78' lang='grc' dir='ltr'>πάντες</span> <span class='ocrx_word' id='word_1_119' title='bbox 1678 1881 1728 1934; x_wconf 82' lang='lat' dir='ltr'><strong>oi</strong></span> 
     </span>
    </p>
   </div>
   <div class='ocr_carea' id='block_1_19' title="bbox 150 1966 1727 2041">
    <p class='ocr_par' dir='ltr' id='par_1_19' title="bbox 150 1966 1727 2041">
     <span class='ocr_line' id='line_1_19' title="bbox 150 1966 1727 2041; baseline 0.004 -23"><span class='ocrx_word' id='word_1_120' title='bbox 150 1966 488 2034; x_wconf 83' lang='grc' dir='ltr'>πατρίκιοι,</span> <span class='ocrx_word' id='word_1_121' title='bbox 546 1966 634 2018; x_wconf 82' lang='grc' dir='ltr'><strong>ἵνα</strong></span> <span class='ocrx_word' id='word_1_122' title='bbox 684 1967 810 2029; x_wconf 86' lang='grc' dir='ltr'>τοὺς</span> <span class='ocrx_word' id='word_1_123' title='bbox 867 1967 1062 2031; x_wconf 78' lang='grc' dir='ltr'>ἄλλους</span> <span class='ocrx_word' id='word_1_124' title='bbox 1106 1969 1274 2035; x_wconf 79' lang='grc' dir='ltr'>ἐάσω,</span> <span class='ocrx_word' id='word_1_125' title='bbox 1334 1969 1727 2041; x_wconf 80' lang='grc' dir='ltr'>όρθοδοξοῦσιν.</span> 
     </span>
    </p>
   </div>
   <div class='ocr_carea' id='block_1_20' title="bbox 163 2053 1731 2131">
    <p class='ocr_par' dir='ltr' id='par_1_20' title="bbox 163 2053 1731 2131">
     <span class='ocr_line' id='line_1_20' title="bbox 163 2053 1731 2131; baseline 0.004 -21"><span class='ocrx_word' id='word_1_126' title='bbox 163 2055 330 2110; x_wconf 82' lang='grc' dir='ltr'>Ἀλλὰ</span> <span class='ocrx_word' id='word_1_127' title='bbox 373 2053 424 2109; x_wconf 88' lang='grc' dir='ltr'><strong>τί</strong></span> <span class='ocrx_word' id='word_1_128' title='bbox 452 2054 597 2124; x_wconf 81' lang='grc' dir='ltr'>λέγει</span> <span class='ocrx_word' id='word_1_129' title='bbox 625 2058 652 2110; x_wconf 89' lang='grc' dir='ltr'><strong>ό</strong></span> <span class='ocrx_word' id='word_1_130' title='bbox 682 2057 948 2128; x_wconf 84' lang='grc' dir='ltr'>Χριστός·</span> <span class='ocrx_word' id='word_1_131' title='bbox 987 2059 1061 2113; x_wconf 84' lang='lat' dir='ltr'><strong>El</strong></span> <span class='ocrx_word' id='word_1_132' title='bbox 1111 2076 1201 2125; x_wconf 82' lang='grc' dir='ltr'><strong>τις</strong></span> <span class='ocrx_word' id='word_1_133' title='bbox 1252 2061 1610 2131; x_wconf 70' lang='grc' dir='ltr'><strong>ὁμολογήσει</strong></span> <span class='ocrx_word' id='word_1_134' title='bbox 1660 2063 1731 2116; x_wconf 78' lang='grc' dir='ltr'><strong>ἐν</strong></span> 
     </span>
    </p>
   </div>
   <div class='ocr_carea' id='block_1_21' title="bbox 147 2146 1732 2224">
    <p class='ocr_par' dir='ltr' id='par_1_21' title="bbox 147 2146 1732 2224">
     <span class='ocr_line' id='line_1_21' title="bbox 147 2146 1732 2224; baseline 0.006 -25"><span class='ocrx_word' id='word_1_135' title='bbox 147 2146 280 2216; x_wconf 75' lang='grc' dir='ltr'>ἐμοὶ</span> <span class='ocrx_word' id='word_1_136' title='bbox 307 2149 649 2217; x_wconf 74' lang='grc' dir='ltr'>ἔμπροσθεν</span> <span class='ocrx_word' id='word_1_137' title='bbox 673 2147 790 2202; x_wconf 81' lang='grc' dir='ltr'><strong>τῶν</strong></span> <span class='ocrx_word' id='word_1_138' title='bbox 814 2150 1159 2217; x_wconf 64' lang='grc' dir='ltr'>ἀνθρώπων,</span> <span class='ocrx_word' id='word_1_139' title='bbox 1193 2152 1548 2222; x_wconf 75' lang='grc' dir='ltr'><strong>ὁμολογήσω</strong></span> <span class='ocrx_word' id='word_1_140' title='bbox 1571 2154 1732 2224; x_wconf 76' lang='grc' dir='ltr'><strong>κάγὼ</strong></span> 
     </span>
    </p>
   </div>
   <div class='ocr_carea' id='block_1_22' title="bbox 149 2234 1732 2312">
    <p class='ocr_par' dir='ltr' id='par_1_22' title="bbox 149 2234 1732 2312">
     <span class='ocr_line' id='line_1_22' title="bbox 149 2234 1732 2312; baseline 0.009 -26"><span class='ocrx_word' id='word_1_141' title='bbox 149 2234 347 2288; x_wconf 84' lang='grc' dir='ltr'>αὑτὸν</span> <span class='ocrx_word' id='word_1_142' title='bbox 379 2234 722 2303; x_wconf 73' lang='grc' dir='ltr'>ἔμπροσθεν</span> <span class='ocrx_word' id='word_1_143' title='bbox 749 2236 856 2291; x_wconf 86' lang='grc' dir='ltr'>τοῦ</span> <span class='ocrx_word' id='word_1_144' title='bbox 893 2240 1121 2306; x_wconf 84' lang='grc' dir='ltr'><em>Πατρός</em></span> <span class='ocrx_word' id='word_1_145' title='bbox 1153 2258 1273 2308; x_wconf 87' lang='grc' dir='ltr'>μου</span> <span class='ocrx_word' id='word_1_146' title='bbox 1317 2244 1426 2296; x_wconf 81' lang='grc' dir='ltr'>τοῦ</span> <span class='ocrx_word' id='word_1_147' title='bbox 1461 2243 1531 2297; x_wconf 78' lang='grc' dir='ltr'><strong>ἐν</strong></span> <span class='ocrx_word' id='word_1_148' title='bbox 1558 2245 1732 2312; x_wconf 77' lang='grc' dir='ltr'>οιίρα-</span> 
     </span>
    </p>
   </div>
   <div class='ocr_carea' id='block_1_23' title="bbox 148 2323 1726 2406">
    <p class='ocr_par' dir='ltr' id='par_1_23' title="bbox 148 2323 1726 2406">
     <span class='ocr_line' id='line_1_23' title="bbox 148 2323 1726 2406; baseline 0.022 -41"><span class='ocrx_word' id='word_1_149' title='bbox 148 2323 303 2390; x_wconf 77' lang='grc' dir='ltr'>νοῖς,</span> <span class='ocrx_word' id='word_1_150' title='bbox 342 2324 554 2398; x_wconf 84' lang='grc' dir='ltr'>Ὠσπερ</span> <span class='ocrx_word' id='word_1_151' title='bbox 602 2328 696 2380; x_wconf 79' lang='grc' dir='ltr'>καὶ</span> <span class='ocrx_word' id='word_1_152' title='bbox 749 2328 809 2380; x_wconf 83' lang='grc' dir='ltr'><strong>τὸ</strong></span> <span class='ocrx_word' id='word_1_153' title='bbox 859 2329 1098 2382; x_wconf 76' lang='grc' dir='ltr'>ἐναντίον</span> <span class='ocrx_word' id='word_1_154' title='bbox 1146 2331 1239 2384; x_wconf 79' lang='grc' dir='ltr'><strong>ἐπὶ</strong></span> <span class='ocrx_word' id='word_1_155' title='bbox 1286 2333 1384 2402; x_wconf 80' lang='grc' dir='ltr'>τῆς</span> <span class='ocrx_word' id='word_1_156' title='bbox 1417 2335 1726 2406; x_wconf 80' lang='grc' dir='ltr'><strong>ἀρνήσεως·</strong></span> 
     </span>
    </p>
   </div>
   <div class='ocr_carea' id='block_1_24' title="bbox 149 2415 1730 2499">
    <p class='ocr_par' dir='ltr' id='par_1_24' title="bbox 149 2415 1730 2499">
     <span class='ocr_line' id='line_1_24' title="bbox 149 2415 1730 2499; baseline 0.008 -30"><span class='ocrx_word' id='word_1_157' title='bbox 149 2415 256 2471; x_wconf 78' lang='grc' dir='ltr'><strong>κᾶν</strong></span> <span class='ocrx_word' id='word_1_158' title='bbox 283 2419 449 2486; x_wconf 85' lang='grc' dir='ltr'>μόνον</span> <span class='ocrx_word' id='word_1_159' title='bbox 478 2418 539 2471; x_wconf 79' lang='grc' dir='ltr'><strong>τὸ</strong></span> <span class='ocrx_word' id='word_1_160' title='bbox 576 2419 652 2491; x_wconf 83' lang='grc' dir='ltr'><strong>μή</strong></span> <span class='ocrx_word' id='word_1_161' title='bbox 683 2420 1037 2491; x_wconf 80' lang='grc' dir='ltr'>συνέρχεσθαι</span> <span class='ocrx_word' id='word_1_162' title='bbox 1072 2423 1152 2486; x_wconf 85' lang='grc' dir='ltr'><strong>είς</strong></span> <span class='ocrx_word' id='word_1_163' title='bbox 1181 2423 1445 2496; x_wconf 81' lang='grc' dir='ltr'><strong>ἀλλήλους</strong></span> <span class='ocrx_word' id='word_1_164' title='bbox 1469 2427 1730 2499; x_wconf 83' lang='grc' dir='ltr'>ἐποίησαν</span> 
     </span>
    </p>
   </div>
   <div class='ocr_carea' id='block_1_25' title="bbox 149 2507 1730 2586">
    <p class='ocr_par' dir='ltr' id='par_1_25' title="bbox 149 2507 1730 2586">
     <span class='ocr_line' id='line_1_25' title="bbox 149 2507 1730 2586; baseline 0.008 -26"><span class='ocrx_word' id='word_1_165' title='bbox 149 2507 208 2560; x_wconf 82' lang='grc' dir='ltr'>τὸ</span> <span class='ocrx_word' id='word_1_166' title='bbox 237 2509 632 2579; x_wconf 83' lang='grc' dir='ltr'><strong>χειρόγραφον,</strong></span> <span class='ocrx_word' id='word_1_167' title='bbox 665 2510 726 2562; x_wconf 75' lang='grc' dir='ltr'><strong>τὸ</strong></span> <span class='ocrx_word' id='word_1_168' title='bbox 753 2511 884 2564; x_wconf 79' lang='grc' dir='ltr'>αὑτό</span> <span class='ocrx_word' id='word_1_169' title='bbox 917 2513 1053 2566; x_wconf 87' lang='grc' dir='ltr'>ἐστι.</span> <span class='ocrx_word' id='word_1_170' title='bbox 1095 2516 1218 2576; x_wconf 72' lang='grc' dir='ltr'><strong>Πῶς</strong></span> <span class='ocrx_word' id='word_1_171' title='bbox 1252 2518 1359 2586; x_wconf 74' lang='grc' dir='ltr'>γὰρ</span> <span class='ocrx_word' id='word_1_172' title='bbox 1404 2517 1730 2586; x_wconf 73' lang='grc' dir='ltr'>φυλάξουσιν</span> 
     </span>
    </p>
   </div>
   <div class='ocr_carea' id='block_1_26' title="bbox 146 2601 1728 2678">
    <p class='ocr_par' dir='ltr' id='par_1_26' title="bbox 146 2601 1728 2678">
     <span class='ocr_line' id='line_1_26' title="bbox 146 2601 1728 2678; baseline 0.008 -27"><span class='ocrx_word' id='word_1_173' title='bbox 146 2601 174 2652; x_wconf 80' lang='grc' dir='ltr'><strong>ὸ</strong></span> <span class='ocrx_word' id='word_1_174' title='bbox 203 2617 373 2668; x_wconf 80' lang='grc' dir='ltr'>φησιν</span> <span class='ocrx_word' id='word_1_175' title='bbox 400 2602 430 2652; x_wconf 90' lang='grc' dir='ltr'><strong>ό</strong></span> <span class='ocrx_word' id='word_1_176' title='bbox 463 2602 725 2670; x_wconf 84' lang='grc' dir='ltr'>Χριστός·</span> <span class='ocrx_word' id='word_1_177' title='bbox 773 2602 884 2657; x_wconf 84' lang='grc' dir='ltr'><strong>Τόν</strong></span> <span class='ocrx_word' id='word_1_178' title='bbox 909 2605 1239 2674; x_wconf 76' lang='grc' dir='ltr'><strong>ἐρχόμενον</strong></span> <span class='ocrx_word' id='word_1_179' title='bbox 1257 2608 1406 2674; x_wconf 83' lang='grc' dir='ltr'>πρός</span> <span class='ocrx_word' id='word_1_180' title='bbox 1422 2626 1518 2677; x_wconf 80' lang='grc' dir='ltr'><strong>με,</strong></span> <span class='ocrx_word' id='word_1_181' title='bbox 1544 2611 1618 2663; x_wconf 83' lang='grc' dir='ltr'>οὐ</span> <span class='ocrx_word' id='word_1_182' title='bbox 1642 2610 1728 2678; x_wconf 82' lang='grc' dir='ltr'>μὴ</span> 
     </span>
    </p>
   </div>
   <div class='ocr_carea' id='block_1_27' title="bbox 146 2690 1732 2771">
    <p class='ocr_par' dir='ltr' id='par_1_27' title="bbox 146 2690 1732 2771">
     <span class='ocr_line' id='line_1_27' title="bbox 146 2690 1732 2771; baseline 0.008 -28"><span class='ocrx_word' id='word_1_183' title='bbox 146 2690 386 2745; x_wconf 74' lang='grc' dir='ltr'>ἐκϐάλω</span> <span class='ocrx_word' id='word_1_184' title='bbox 407 2692 558 2756; x_wconf 73' lang='grc' dir='ltr'>ἕξως</span> <span class='ocrx_word' id='word_1_185' title='bbox 592 2693 854 2764; x_wconf 85' lang='grc' dir='ltr'>Ἔρχεταί</span> <span class='ocrx_word' id='word_1_186' title='bbox 891 2714 970 2760; x_wconf 78' lang='grc' dir='ltr'><strong>τις</strong></span> <span class='ocrx_word' id='word_1_187' title='bbox 1003 2698 1278 2768; x_wconf 77' lang='grc' dir='ltr'><strong>διερωτῶν</strong></span> <span class='ocrx_word' id='word_1_188' title='bbox 1309 2701 1405 2753; x_wconf 69' lang='grc' dir='ltr'><strong>καὶ</strong></span> <span class='ocrx_word' id='word_1_189' title='bbox 1427 2699 1604 2771; x_wconf 81' lang='grc' dir='ltr'><strong>ζητῶν</strong></span> <span class='ocrx_word' id='word_1_190' title='bbox 1628 2720 1732 2771; x_wconf 90' lang='grc' dir='ltr'>μα-</span> 
     </span>
    </p>
   </div>
   <div class='ocr_carea' id='block_1_28' title="bbox 149 2783 1727 2860">
    <p class='ocr_par' dir='ltr' id='par_1_28' title="bbox 149 2783 1727 2860">
     <span class='ocr_line' id='line_1_28' title="bbox 149 2783 1727 2860; baseline 0.007 -25"><span class='ocrx_word' id='word_1_191' title='bbox 149 2784 264 2836; x_wconf 85' lang='grc' dir='ltr'>θεῖν</span> <span class='ocrx_word' id='word_1_192' title='bbox 309 2783 411 2855; x_wconf 80' lang='grc' dir='ltr'><strong>τήν</strong></span> <span class='ocrx_word' id='word_1_193' title='bbox 458 2783 718 2854; x_wconf 83' lang='grc' dir='ltr'>ἀλήθειαν</span> <span class='ocrx_word' id='word_1_194' title='bbox 738 2805 753 2820; x_wconf 74' lang='grc' dir='ltr'><strong>ο</strong></span> <span class='ocrx_word' id='word_1_195' title='bbox 785 2789 894 2842; x_wconf 73' lang='grc' dir='ltr'>εἴτε</span> <span class='ocrx_word' id='word_1_196' title='bbox 926 2789 1248 2860; x_wconf 80' lang='grc' dir='ltr'>ἡγούμενος,</span> <span class='ocrx_word' id='word_1_197' title='bbox 1279 2793 1388 2844; x_wconf 83' lang='grc' dir='ltr'>εἴτε</span> <span class='ocrx_word' id='word_1_198' title='bbox 1416 2810 1500 2856; x_wconf 90' lang='grc' dir='ltr'><strong>τις</strong></span> <span class='ocrx_word' id='word_1_199' title='bbox 1531 2793 1687 2857; x_wconf 84' lang='grc' dir='ltr'>ἄλλος</span> <span class='ocrx_word' id='word_1_200' title='bbox 1712 2811 1727 2826; x_wconf 77' lang='grc' dir='ltr'><strong><em>ο</em></strong></span> 
     </span>
    </p>
   </div>
   <div class='ocr_carea' id='block_1_29' title="bbox 149 2876 1732 2953">
    <p class='ocr_par' dir='ltr' id='par_1_29' title="bbox 149 2876 1732 2953">
     <span class='ocr_line' id='line_1_29' title="bbox 149 2876 1732 2953; baseline 0.008 -27"><span class='ocrx_word' id='word_1_201' title='bbox 149 2876 199 2926; x_wconf 84' lang='grc' dir='ltr'><strong>τί</strong></span> <span class='ocrx_word' id='word_1_202' title='bbox 231 2876 670 2946; x_wconf 80' lang='grc' dir='ltr'>ἀποκριθήσεται</span> <span class='ocrx_word' id='word_1_203' title='bbox 703 2879 732 2930; x_wconf 89' lang='grc' dir='ltr'><strong>ό</strong></span> <span class='ocrx_word' id='word_1_204' title='bbox 760 2878 1097 2949; x_wconf 82' lang='grc' dir='ltr'>ήγούμενος;</span> <span class='ocrx_word' id='word_1_205' title='bbox 1127 2881 1380 2950; x_wconf 80' lang='grc' dir='ltr'>Δηλονότι</span> <span class='ocrx_word' id='word_1_206' title='bbox 1401 2901 1414 2912; x_wconf 91' lang='grc'><strong>·</strong></span> <span class='ocrx_word' id='word_1_207' title='bbox 1449 2901 1732 2953; x_wconf 81' lang='grc' dir='ltr'>παραγγε-</span> 
     </span>
    </p>
   </div>
   <div class='ocr_carea' id='block_1_30' title="bbox 149 2968 1731 3040">
    <p class='ocr_par' dir='ltr' id='par_1_30' title="bbox 149 2968 1731 3040">
     <span class='ocr_line' id='line_1_30' title="bbox 149 2968 1731 3040; baseline 0.009 -24"><span class='ocrx_word' id='word_1_208' title='bbox 149 2968 268 3021; x_wconf 81' lang='grc' dir='ltr'>λίαν</span> <span class='ocrx_word' id='word_1_209' title='bbox 309 2968 506 3021; x_wconf 73' lang='grc' dir='ltr'>ἔλαϐον</span> <span class='ocrx_word' id='word_1_210' title='bbox 561 2970 634 3040; x_wconf 86' lang='grc' dir='ltr'>μὴ</span> <span class='ocrx_word' id='word_1_211' title='bbox 691 2970 908 3024; x_wconf 85' lang='grc' dir='ltr'>λαλεῖν·</span> <span class='ocrx_word' id='word_1_212' title='bbox 969 2972 1081 3025; x_wconf 73' lang='grc' dir='ltr'>εἴθε</span> <span class='ocrx_word' id='word_1_213' title='bbox 1136 2974 1278 3028; x_wconf 79' lang='grc' dir='ltr'>οὕτω</span> <span class='ocrx_word' id='word_1_214' title='bbox 1335 2976 1526 3040; x_wconf 78' lang='grc' dir='ltr'>μόνονί</span> <span class='ocrx_word' id='word_1_215' title='bbox 1571 2977 1731 3030; x_wconf 80' lang='grc' dir='ltr'>Ἀλλὰ</span> 
     </span>
    </p>
   </div>
   <div class='ocr_carea' id='block_1_31' title="bbox 152 3059 1728 3134">
    <p class='ocr_par' dir='ltr' id='par_1_31' title="bbox 152 3059 1728 3134">
     <span class='ocr_line' id='line_1_31' title="bbox 152 3059 1728 3134; baseline 0.007 -24"><span class='ocrx_word' id='word_1_216' title='bbox 152 3059 288 3127; x_wconf 85' lang='grc' dir='ltr'>μηδὲ</span> <span class='ocrx_word' id='word_1_217' title='bbox 314 3059 660 3124; x_wconf 73' lang='grc' dir='ltr'>εἰσδέξασοαί</span> <span class='ocrx_word' id='word_1_218' title='bbox 693 3079 751 3114; x_wconf 87' lang='grc' dir='ltr'><strong>σε</strong></span> <span class='ocrx_word' id='word_1_219' title='bbox 782 3063 861 3124; x_wconf 82' lang='grc' dir='ltr'><strong>είς</strong></span> <span class='ocrx_word' id='word_1_220' title='bbox 896 3063 956 3114; x_wconf 82' lang='grc' dir='ltr'><strong>τὸ</strong></span> <span class='ocrx_word' id='word_1_221' title='bbox 984 3067 1345 3134; x_wconf 81' lang='grc' dir='ltr'>μοναστήριον</span> <span class='ocrx_word' id='word_1_222' title='bbox 1374 3068 1469 3120; x_wconf 76' lang='grc' dir='ltr'><strong>καὶ</strong></span> <span class='ocrx_word' id='word_1_223' title='bbox 1513 3069 1728 3122; x_wconf 82' lang='grc' dir='ltr'>συναλι-</span> 
     </span>
    </p>
   </div>
   <div class='ocr_carea' id='block_1_32' title="bbox 1827 686 3410 756">
    <p class='ocr_par' dir='ltr' id='par_1_32' title="bbox 1827 686 3410 756">
     <span class='ocr_line' id='line_1_32' title="bbox 1827 686 3410 756; baseline 0.001 -18"><span class='ocrx_word' id='word_1_224' title='bbox 1827 700 1949 738; x_wconf 90' lang='lat' dir='ltr'><strong>mus</strong></span> <span class='ocrx_word' id='word_1_225' title='bbox 1970 686 2381 741; x_wconf 85' lang='lat' dir='ltr'><strong>nos?Primum</strong></span> <span class='ocrx_word' id='word_1_226' title='bbox 2439 687 2755 749; x_wconf 80' lang='lat' dir='ltr'><strong>Christiani,</strong></span> <span class='ocrx_word' id='word_1_227' title='bbox 2836 686 2930 756; x_wconf 92' lang='lat' dir='ltr'><strong>qui</strong></span> <span class='ocrx_word' id='word_1_228' title='bbox 2983 702 3133 741; x_wconf 89' lang='lat' dir='ltr'><strong>nunc</strong></span> <span class='ocrx_word' id='word_1_229' title='bbox 3186 701 3410 755; x_wconf 89' lang='lat' dir='ltr'><strong>prorsus</strong></span> 
     </span>
    </p>
   </div>
   <div class='ocr_carea' id='block_1_33' title="bbox 1828 777 3411 848">
    <p class='ocr_par' dir='ltr' id='par_1_33' title="bbox 1828 777 3411 848">
     <span class='ocr_line' id='line_1_33' title="bbox 1828 777 3411 848; baseline -0.001 -18"><span class='ocrx_word' id='word_1_230' title='bbox 1828 777 1972 847; x_wconf 84' lang='lat' dir='ltr'><strong>loqui</strong></span> <span class='ocrx_word' id='word_1_231' title='bbox 1997 778 2306 836; x_wconf 75' lang='lat' dir='ltr'><strong>debebant:</strong></span> <span class='ocrx_word' id='word_1_232' title='bbox 2344 779 2541 834; x_wconf 86' lang='lat' dir='ltr'><strong>deinde</strong></span> <span class='ocrx_word' id='word_1_233' title='bbox 2582 779 2858 842; x_wconf 86' lang='lat' dir='ltr'><strong>monachi,</strong></span> <span class='ocrx_word' id='word_1_234' title='bbox 2889 794 3028 848; x_wconf 91' lang='lat' dir='ltr'><strong>quos</strong></span> <span class='ocrx_word' id='word_1_235' title='bbox 3065 794 3123 832; x_wconf 91' lang='lat' dir='ltr'><strong>re</strong></span> <span class='ocrx_word' id='word_1_236' title='bbox 3148 778 3295 831; x_wconf 92' lang='lat' dir='ltr'><strong>nulla</strong></span> <span class='ocrx_word' id='word_1_237' title='bbox 3318 777 3411 830; x_wconf 87' lang='lat' dir='ltr'><strong>ab-</strong></span> 
     </span>
    </p>
   </div>
   <div class='ocr_carea' id='block_1_34' title="bbox 1828 867 3410 942">
    <p class='ocr_par' dir='ltr' id='par_1_34' title="bbox 1828 867 3410 942">
     <span class='ocr_line' id='line_1_34' title="bbox 1828 867 3410 942; baseline 0.001 -21"><span class='ocrx_word' id='word_1_238' title='bbox 1828 867 1952 922; x_wconf 88' lang='lat' dir='ltr'><strong>duci</strong></span> <span class='ocrx_word' id='word_1_239' title='bbox 2002 883 2104 923; x_wconf 89' lang='lat' dir='ltr'><strong>nec</strong></span> <span class='ocrx_word' id='word_1_240' title='bbox 2139 869 2312 939; x_wconf 88' lang='lat' dir='ltr'><strong>abripi</strong></span> <span class='ocrx_word' id='word_1_241' title='bbox 2359 885 2459 939; x_wconf 92' lang='lat' dir='ltr'><strong>par</strong></span> <span class='ocrx_word' id='word_1_242' title='bbox 2488 871 2578 932; x_wconf 87' lang='lat' dir='ltr'><strong>sit,</strong></span> <span class='ocrx_word' id='word_1_243' title='bbox 2636 880 2891 942; x_wconf 76' lang='lat' dir='ltr'><strong>tanquam</strong></span> <span class='ocrx_word' id='word_1_244' title='bbox 2929 869 3135 923; x_wconf 90' lang='lat' dir='ltr'><strong>mundo</strong></span> <span class='ocrx_word' id='word_1_245' title='bbox 3181 868 3410 922; x_wconf 88' lang='lat' dir='ltr'><strong>minime</strong></span> 
     </span>
    </p>
   </div>
   <div class='ocr_carea' id='block_1_35' title="bbox 1827 956 3402 1027">
    <p class='ocr_par' dir='ltr' id='par_1_35' title="bbox 1827 956 3402 1027">
     <span class='ocr_line' id='line_1_35' title="bbox 1827 956 3402 1027; baseline 0.002 -19"><span class='ocrx_word' id='word_1_246' title='bbox 1827 956 2078 1013; x_wconf 89' lang='lat' dir='ltr'><strong>astrictos</strong></span> <span class='ocrx_word' id='word_1_247' title='bbox 2108 958 2440 1027; x_wconf 87' lang='lat' dir='ltr'><strong>minimeque</strong></span> <span class='ocrx_word' id='word_1_248' title='bbox 2463 959 2730 1013; x_wconf 79' lang='lat' dir='ltr'><strong>obnoxios</strong></span> <span class='ocrx_word' id='word_1_249' title='bbox 2761 978 2772 1012; x_wconf 90' lang='lat'>:</span> <span class='ocrx_word' id='word_1_250' title='bbox 2812 958 3052 1027; x_wconf 88' lang='lat' dir='ltr'><strong>denique</strong></span> <span class='ocrx_word' id='word_1_251' title='bbox 3099 958 3402 1027; x_wconf 82' lang='lat' dir='ltr'><strong>praepositi,</strong></span> 
     </span>
    </p>
   </div>
   <div class='ocr_carea' id='block_1_36' title="bbox 1828 1046 3410 1115">
    <p class='ocr_par' dir='ltr' id='par_1_36' title="bbox 1828 1046 3410 1115">
     <span class='ocr_line' id='line_1_36' title="bbox 1828 1046 3410 1115; baseline 0.002 -15"><span class='ocrx_word' id='word_1_252' title='bbox 1828 1046 1920 1115; x_wconf 86' lang='lat' dir='ltr'><strong>qui</strong></span> <span class='ocrx_word' id='word_1_253' title='bbox 1958 1057 2013 1101; x_wconf 90' lang='lat' dir='ltr'><strong>et</strong></span> <span class='ocrx_word' id='word_1_254' title='bbox 2059 1048 2290 1104; x_wconf 83' lang='lat' dir='ltr'><strong>aliorum</strong></span> <span class='ocrx_word' id='word_1_255' title='bbox 2321 1049 2573 1103; x_wconf 85' lang='lat' dir='ltr'><strong>scandala</strong></span> <span class='ocrx_word' id='word_1_256' title='bbox 2630 1049 2839 1110; x_wconf 90' lang='lat' dir='ltr'><strong>tollere,</strong></span> <span class='ocrx_word' id='word_1_257' title='bbox 2868 1059 2926 1104; x_wconf 90' lang='lat' dir='ltr'><strong>et</strong></span> <span class='ocrx_word' id='word_1_258' title='bbox 2989 1050 3044 1103; x_wconf 92' lang='lat' dir='ltr'><strong>in</strong></span> <span class='ocrx_word' id='word_1_259' title='bbox 3095 1049 3245 1103; x_wconf 91' lang='lat' dir='ltr'><strong>nullo</strong></span> <span class='ocrx_word' id='word_1_260' title='bbox 3273 1050 3410 1103; x_wconf 87' lang='lat' dir='ltr'><strong>dare</strong></span> 
     </span>
    </p>
   </div>
   <div class='ocr_carea' id='block_1_37' title="bbox 1827 1137 3407 1207">
    <p class='ocr_par' dir='ltr' id='par_1_37' title="bbox 1827 1137 3407 1207">
     <span class='ocr_line' id='line_1_37' title="bbox 1827 1137 3407 1207; baseline 0.001 -17"><span class='ocrx_word' id='word_1_261' title='bbox 1827 1137 2216 1191; x_wconf 79' lang='lat' dir='ltr'><strong>oll‘endiculum</strong></span> <span class='ocrx_word' id='word_1_262' title='bbox 2248 1137 2466 1199; x_wconf 90' lang='lat' dir='ltr'><strong>debent,</strong></span> <span class='ocrx_word' id='word_1_263' title='bbox 2522 1154 2585 1191; x_wconf 83' lang='lat' dir='ltr'><strong>ne</strong></span> <span class='ocrx_word' id='word_1_264' title='bbox 2615 1139 2962 1205; x_wconf 77' lang='lat' dir='ltr'><strong>vituperetur,</strong></span> <span class='ocrx_word' id='word_1_265' title='bbox 2997 1139 3193 1207; x_wconf 89' lang='lat' dir='ltr'><strong>inquit.</strong></span> <span class='ocrx_word' id='word_1_266' title='bbox 3245 1141 3407 1192; x_wconf 83' lang='lat' dir='ltr'><strong>mini-</strong></span> 
     </span>
    </p>
   </div>
   <div class='ocr_carea' id='block_1_38' title="bbox 1827 1230 3410 1300">
    <p class='ocr_par' dir='ltr' id='par_1_38' title="bbox 1827 1230 3410 1300">
     <span class='ocr_line' id='line_1_38' title="bbox 1827 1230 3410 1300; baseline 0.001 -16"><span class='ocrx_word' id='word_1_267' title='bbox 1827 1232 2046 1284; x_wconf 74' lang='lat' dir='ltr'><strong>sterium</strong></span> <span class='ocrx_word' id='word_1_268' title='bbox 2103 1241 2338 1284; x_wconf 74' lang='lat' dir='ltr'><strong>nostrum</strong></span> <span class='ocrx_word' id='word_1_269' title='bbox 2361 1230 2430 1285; x_wconf 75' lang='lat'><strong>“.</strong></span> <span class='ocrx_word' id='word_1_270' title='bbox 2471 1231 2785 1300; x_wconf 87' lang='lat' dir='ltr'><strong>Cujusmodi</strong></span> <span class='ocrx_word' id='word_1_271' title='bbox 2819 1247 2952 1286; x_wconf 85' lang='lat' dir='ltr'><strong>vero</strong></span> <span class='ocrx_word' id='word_1_272' title='bbox 3009 1232 3325 1286; x_wconf 84' lang='lat' dir='ltr'><strong>scandalum</strong></span> <span class='ocrx_word' id='word_1_273' title='bbox 3355 1241 3410 1286; x_wconf 82' lang='lat' dir='ltr'><strong>et</strong></span> 
     </span>
    </p>
   </div>
   <div class='ocr_carea' id='block_1_39' title="bbox 1827 1317 3409 1394">
    <p class='ocr_par' dir='ltr' id='par_1_39' title="bbox 1827 1317 3409 1394">
     <span class='ocr_line' id='line_1_39' title="bbox 1827 1317 3409 1394; baseline 0.002 -19"><span class='ocrx_word' id='word_1_274' title='bbox 1827 1317 2308 1392; x_wconf 73' lang='lat' dir='ltr'><strong>vituperationem,</strong></span> <span class='ocrx_word' id='word_1_275' title='bbox 2357 1339 2452 1379; x_wconf 89' lang='lat' dir='ltr'><strong>seu</strong></span> <span class='ocrx_word' id='word_1_276' title='bbox 2490 1324 2670 1394; x_wconf 90' lang='lat' dir='ltr'><strong>potius</strong></span> <span class='ocrx_word' id='word_1_277' title='bbox 2725 1324 3183 1389; x_wconf 89' lang='lat' dir='ltr'><strong>condescensum,</strong></span> <span class='ocrx_word' id='word_1_278' title='bbox 3217 1324 3409 1378; x_wconf 86' lang='lat' dir='ltr'><strong>chiro-</strong></span> 
     </span>
    </p>
   </div>
   <div class='ocr_carea' id='block_1_40' title="bbox 1829 1409 3408 1483">
    <p class='ocr_par' dir='ltr' id='par_1_40' title="bbox 1829 1409 3408 1483">
     <span class='ocr_line' id='line_1_40' title="bbox 1829 1409 3408 1483; baseline 0.004 -22"><span class='ocrx_word' id='word_1_279' title='bbox 1829 1409 2036 1479; x_wconf 76' lang='lat' dir='ltr'><strong>grapho</strong></span> <span class='ocrx_word' id='word_1_280' title='bbox 2074 1425 2173 1464; x_wconf 88' lang='lat' dir='ltr'><strong>suo</strong></span> <span class='ocrx_word' id='word_1_281' title='bbox 2193 1412 2544 1480; x_wconf 62' lang='lat' dir='ltr'><strong>praebuerint,</strong></span> <span class='ocrx_word' id='word_1_282' title='bbox 2579 1412 2708 1482; x_wconf 93' lang='lat' dir='ltr'><strong>quid</strong></span> <span class='ocrx_word' id='word_1_283' title='bbox 2747 1413 2942 1469; x_wconf 88' lang='lat' dir='ltr'><strong>attinet</strong></span> <span class='ocrx_word' id='word_1_284' title='bbox 2971 1413 3157 1483; x_wconf 85' lang='lat' dir='ltr'><strong>loqui?</strong></span> <span class='ocrx_word' id='word_1_285' title='bbox 3194 1412 3327 1469; x_wconf 85' lang='lat' dir='ltr'><strong>Nam</strong></span> <span class='ocrx_word' id='word_1_286' title='bbox 3362 1413 3408 1468; x_wconf 87' lang='lat' dir='ltr'><strong>si</strong></span> 
     </span>
    </p>
   </div>
   <div class='ocr_carea' id='block_1_41' title="bbox 1829 1503 3410 1577">
    <p class='ocr_par' dir='ltr' id='par_1_41' title="bbox 1829 1503 3410 1577">
     <span class='ocr_line' id='line_1_41' title="bbox 1829 1503 3410 1577; baseline 0.002 -22"><span class='ocrx_word' id='word_1_287' title='bbox 1829 1503 2120 1556; x_wconf 86' lang='lat' dir='ltr'><strong>consensui</strong></span> <span class='ocrx_word' id='word_1_288' title='bbox 2149 1519 2248 1572; x_wconf 91' lang='lat' dir='ltr'><strong>par</strong></span> <span class='ocrx_word' id='word_1_289' title='bbox 2271 1511 2357 1558; x_wconf 91' lang='lat' dir='ltr'><strong>est</strong></span> <span class='ocrx_word' id='word_1_290' title='bbox 2387 1505 2662 1560; x_wconf 88' lang='lat' dir='ltr'><strong>silentium</strong></span> <span class='ocrx_word' id='word_1_291' title='bbox 2693 1524 2707 1559; x_wconf 92' lang='lat'><strong>:</strong></span> <span class='ocrx_word' id='word_1_292' title='bbox 2762 1505 2914 1560; x_wconf 91' lang='lat' dir='ltr'><strong>illum</strong></span> <span class='ocrx_word' id='word_1_293' title='bbox 2968 1506 3150 1577; x_wconf 89' lang='lat' dir='ltr'><strong>ipsum</strong></span> <span class='ocrx_word' id='word_1_294' title='bbox 3203 1507 3410 1577; x_wconf 89' lang='lat' dir='ltr'><strong>scripto</strong></span> 
     </span>
    </p>
   </div>
   <div class='ocr_carea' id='block_1_42' title="bbox 1830 1594 3412 1669">
    <p class='ocr_par' dir='ltr' id='par_1_42' title="bbox 1830 1594 3412 1669">
     <span class='ocr_line' id='line_1_42' title="bbox 1830 1594 3412 1669; baseline 0.003 -21"><span class='ocrx_word' id='word_1_295' title='bbox 1830 1594 1886 1650; x_wconf 88' lang='lat' dir='ltr'><strong>in</strong></span> <span class='ocrx_word' id='word_1_296' title='bbox 1947 1595 2115 1651; x_wconf 89' lang='lat' dir='ltr'><strong>totius</strong></span> <span class='ocrx_word' id='word_1_297' title='bbox 2167 1596 2424 1652; x_wconf 74' lang='lat' dir='ltr'><strong>Ecclesiae</strong></span> <span class='ocrx_word' id='word_1_298' title='bbox 2487 1597 2659 1653; x_wconf 88' lang='lat' dir='ltr'><strong>oculis</strong></span> <span class='ocrx_word' id='word_1_299' title='bbox 2713 1596 2952 1664; x_wconf 80' lang='lat' dir='ltr'><strong>ﬁrmare,</strong></span> <span class='ocrx_word' id='word_1_300' title='bbox 3008 1609 3274 1669; x_wconf 91' lang='lat' dir='ltr'><strong>quantum</strong></span> <span class='ocrx_word' id='word_1_301' title='bbox 3327 1607 3412 1654; x_wconf 88' lang='lat' dir='ltr'><strong>est</strong></span> 
     </span>
    </p>
   </div>
   <div class='ocr_carea' id='block_1_43' title="bbox 1830 1687 2036 1744">
    <p class='ocr_par' dir='ltr' id='par_1_43' title="bbox 1830 1687 2036 1744">
     <span class='ocr_line' id='line_1_43' title="bbox 1830 1687 2036 1744; baseline -0.005 -2"><span class='ocrx_word' id='word_1_302' title='bbox 1830 1687 1986 1744; x_wconf 81' lang='lat' dir='ltr'><strong>nefas</strong></span> <span class='ocrx_word' id='word_1_303' title='bbox 2013 1688 2036 1741; x_wconf 84' lang='lat'><strong>?</strong></span> 
     </span>
    </p>
   </div>
   <div class='ocr_carea' id='block_1_44' title="bbox 1901 1781 3410 1853">
    <p class='ocr_par' dir='ltr' id='par_1_44' title="bbox 1901 1781 3410 1853">
     <span class='ocr_line' id='line_1_44' title="bbox 1901 1781 3410 1853; baseline 0 -19"><span class='ocrx_word' id='word_1_304' title='bbox 1901 1781 1972 1836; x_wconf 86' lang='lat' dir='ltr'><strong>At</strong></span> <span class='ocrx_word' id='word_1_305' title='bbox 2001 1782 2234 1845; x_wconf 89' lang='lat' dir='ltr'><strong>occulte,</strong></span> <span class='ocrx_word' id='word_1_306' title='bbox 2264 1782 2476 1847; x_wconf 88' lang='lat' dir='ltr'><strong>dicitis,</strong></span> <span class='ocrx_word' id='word_1_307' title='bbox 2522 1783 2837 1838; x_wconf 83' lang='lat' dir='ltr'><strong>sacriﬁcans</strong></span> <span class='ocrx_word' id='word_1_308' title='bbox 2879 1782 3224 1853; x_wconf 87' lang='lat' dir='ltr'><strong>Nicephorus</strong></span> <span class='ocrx_word' id='word_1_309' title='bbox 3273 1781 3410 1836; x_wconf 84' lang='lat' dir='ltr'><strong>clam</strong></span> 
     </span>
    </p>
   </div>
   <div class='ocr_carea' id='block_1_45' title="bbox 1831 1873 3412 1944">
    <p class='ocr_par' dir='ltr' id='par_1_45' title="bbox 1831 1873 3412 1944">
     <span class='ocr_line' id='line_1_45' title="bbox 1831 1873 3412 1944; baseline 0.003 -17"><span class='ocrx_word' id='word_1_310' title='bbox 1831 1873 2012 1939; x_wconf 81' lang='lat' dir='ltr'><strong>otl‘ert,</strong></span> <span class='ocrx_word' id='word_1_311' title='bbox 2043 1884 2098 1929; x_wconf 88' lang='lat' dir='ltr'><strong>et</strong></span> <span class='ocrx_word' id='word_1_312' title='bbox 2137 1874 2353 1944; x_wconf 88' lang='lat' dir='ltr'><strong>patricii</strong></span> <span class='ocrx_word' id='word_1_313' title='bbox 2383 1889 2603 1938; x_wconf 86' lang='lat' dir='ltr'><strong>omnes,</strong></span> <span class='ocrx_word' id='word_1_314' title='bbox 2639 1887 2699 1929; x_wconf 90' lang='lat' dir='ltr'><strong>ut</strong></span> <span class='ocrx_word' id='word_1_315' title='bbox 2721 1884 2954 1931; x_wconf 70' lang='lat' dir='ltr'><strong>caeteros</strong></span> <span class='ocrx_word' id='word_1_316' title='bbox 2986 1875 3257 1941; x_wconf 91' lang='lat' dir='ltr'><strong>omittam,</strong></span> <span class='ocrx_word' id='word_1_317' title='bbox 3284 1885 3412 1931; x_wconf 91' lang='lat' dir='ltr'><strong>sunt</strong></span> 
     </span>
    </p>
   </div>
   <div class='ocr_carea' id='block_1_46' title="bbox 1829 1965 3411 2037">
    <p class='ocr_par' dir='ltr' id='par_1_46' title="bbox 1829 1965 3411 2037">
     <span class='ocr_line' id='line_1_46' title="bbox 1829 1965 3411 2037; baseline -0.001 -17"><span class='ocrx_word' id='word_1_318' title='bbox 1829 1967 2142 2022; x_wconf 80' lang='lat' dir='ltr'><strong>orthodoxi.</strong></span> <span class='ocrx_word' id='word_1_319' title='bbox 2177 1965 2380 2021; x_wconf 86' lang='lat' dir='ltr'><strong>Verum</strong></span> <span class='ocrx_word' id='word_1_320' title='bbox 2411 1967 2538 2037; x_wconf 90' lang='lat' dir='ltr'><strong>quid</strong></span> <span class='ocrx_word' id='word_1_321' title='bbox 2569 1968 2643 2021; x_wconf 85' lang='lat' dir='ltr'><strong>ait</strong></span> <span class='ocrx_word' id='word_1_322' title='bbox 2673 1966 2965 2022; x_wconf 88' lang='lat' dir='ltr'><strong>Christus?</strong></span> <span class='ocrx_word' id='word_1_323' title='bbox 2992 1966 3050 2020; x_wconf 88' lang='lat' dir='ltr'><strong>Si</strong></span> <span class='ocrx_word' id='word_1_324' title='bbox 3081 1967 3197 2036; x_wconf 77' lang='lat' dir='ltr'><strong>quis</strong></span> <span class='ocrx_word' id='word_1_325' title='bbox 3250 1967 3411 2036; x_wconf 83' lang='lat' dir='ltr'><strong>conﬁ-</strong></span> 
     </span>
    </p>
   </div>
   <div class='ocr_carea' id='block_1_47' title="bbox 1829 2057 3411 2128">
    <p class='ocr_par' dir='ltr' id='par_1_47' title="bbox 1829 2057 3411 2128">
     <span class='ocr_line' id='line_1_47' title="bbox 1829 2057 3411 2128; baseline 0.001 -19"><span class='ocrx_word' id='word_1_326' title='bbox 1829 2057 2021 2110; x_wconf 84' lang='lat' dir='ltr'><strong>tebitur</strong></span> <span class='ocrx_word' id='word_1_327' title='bbox 2059 2075 2140 2112; x_wconf 85' lang='lat' dir='ltr'><strong>me</strong></span> <span class='ocrx_word' id='word_1_328' title='bbox 2178 2073 2356 2112; x_wconf 89' lang='lat' dir='ltr'><strong>coram</strong></span> <span class='ocrx_word' id='word_1_329' title='bbox 2383 2059 2697 2122; x_wconf 78' lang='lat' dir='ltr'><strong>hominibus,</strong></span> <span class='ocrx_word' id='word_1_330' title='bbox 2759 2057 3036 2126; x_wconf 82' lang='lat' dir='ltr'><strong>conﬁtebor</strong></span> <span class='ocrx_word' id='word_1_331' title='bbox 3079 2067 3127 2111; x_wconf 87' lang='lat' dir='ltr'><strong>et</strong></span> <span class='ocrx_word' id='word_1_332' title='bbox 3170 2074 3262 2128; x_wconf 83' lang='lat' dir='ltr'><strong>ego</strong></span> <span class='ocrx_word' id='word_1_333' title='bbox 3291 2074 3411 2111; x_wconf 85' lang='lat' dir='ltr'><strong>eum</strong></span> 
     </span>
    </p>
   </div>
   <div class='ocr_carea' id='block_1_48' title="bbox 1827 2146 3412 2219">
    <p class='ocr_par' dir='ltr' id='par_1_48' title="bbox 1827 2146 3412 2219">
     <span class='ocr_line' id='line_1_48' title="bbox 1827 2146 3412 2219; baseline -0.001 -18"><span class='ocrx_word' id='word_1_334' title='bbox 1827 2165 2005 2202; x_wconf 85' lang='lat' dir='ltr'><strong>coram</strong></span> <span class='ocrx_word' id='word_1_335' title='bbox 2035 2147 2195 2203; x_wconf 86' lang='lat' dir='ltr'><strong>Patre</strong></span> <span class='ocrx_word' id='word_1_336' title='bbox 2226 2166 2340 2203; x_wconf 89' lang='lat' dir='ltr'><strong>meo</strong></span> <span class='ocrx_word' id='word_1_337' title='bbox 2368 2150 2459 2219; x_wconf 84' lang='lat' dir='ltr'><strong>qui</strong></span> <span class='ocrx_word' id='word_1_338' title='bbox 2493 2150 2548 2202; x_wconf 88' lang='lat' dir='ltr'><strong>in</strong></span> <span class='ocrx_word' id='word_1_339' title='bbox 2577 2149 2717 2203; x_wconf 69' lang='lat' dir='ltr'><strong>uelis</strong></span> <span class='ocrx_word' id='word_1_340' title='bbox 2747 2157 2822 2202; x_wconf 75' lang='lat' dir='ltr'><strong>est</strong></span> <span class='ocrx_word' id='word_1_341' title='bbox 2850 2148 2914 2200; x_wconf 83' lang='lat'><strong>&quot;.</strong></span> <span class='ocrx_word' id='word_1_342' title='bbox 2951 2146 3016 2201; x_wconf 82' lang='lat' dir='ltr'><strong>Et</strong></span> <span class='ocrx_word' id='word_1_343' title='bbox 3051 2162 3079 2201; x_wconf 92' lang='lat' dir='ltr'><strong>e</strong></span> <span class='ocrx_word' id='word_1_344' title='bbox 3108 2157 3297 2201; x_wconf 88' lang='lat' dir='ltr'><strong>contra</strong></span> <span class='ocrx_word' id='word_1_345' title='bbox 3342 2147 3412 2200; x_wconf 81' lang='lat' dir='ltr'><strong>de</strong></span> 
     </span>
    </p>
   </div>
   <div class='ocr_carea' id='block_1_49' title="bbox 1826 2237 3412 2312">
    <p class='ocr_par' dir='ltr' id='par_1_49' title="bbox 1826 2237 3412 2312">
     <span class='ocr_line' id='line_1_49' title="bbox 1826 2237 3412 2312; baseline -0.002 -18"><span class='ocrx_word' id='word_1_346' title='bbox 1826 2240 2136 2311; x_wconf 82' lang='lat' dir='ltr'><strong>negatione.</strong></span> <span class='ocrx_word' id='word_1_347' title='bbox 2169 2240 2487 2312; x_wconf 87' lang='lat' dir='ltr'><strong>Quanquam</strong></span> <span class='ocrx_word' id='word_1_348' title='bbox 2510 2241 2658 2294; x_wconf 91' lang='lat' dir='ltr'><strong>enim</strong></span> <span class='ocrx_word' id='word_1_349' title='bbox 2682 2241 2785 2294; x_wconf 89' lang='lat' dir='ltr'><strong>hoc</strong></span> <span class='ocrx_word' id='word_1_350' title='bbox 2812 2239 2989 2294; x_wconf 90' lang='lat' dir='ltr'><strong>solum</strong></span> <span class='ocrx_word' id='word_1_351' title='bbox 3050 2237 3412 2309; x_wconf 81' lang='lat' dir='ltr'><strong>chirographo</strong></span> 
     </span>
    </p>
   </div>
   <div class='ocr_carea' id='block_1_50' title="bbox 1827 2331 3410 2403">
    <p class='ocr_par' dir='ltr' id='par_1_50' title="bbox 1827 2331 3410 2403">
     <span class='ocr_line' id='line_1_50' title="bbox 1827 2331 3410 2403; baseline -0.003 -16"><span class='ocrx_word' id='word_1_352' title='bbox 1827 2347 1928 2387; x_wconf 88' lang='lat' dir='ltr'><strong>suo</strong></span> <span class='ocrx_word' id='word_1_353' title='bbox 1949 2333 2090 2403; x_wconf 81' lang='lat' dir='ltr'><strong>pacti</strong></span> <span class='ocrx_word' id='word_1_354' title='bbox 2128 2332 2257 2395; x_wconf 85' lang='lat' dir='ltr'><strong>sint,</strong></span> <span class='ocrx_word' id='word_1_355' title='bbox 2296 2350 2353 2387; x_wconf 90' lang='lat' dir='ltr'><strong>se</strong></span> <span class='ocrx_word' id='word_1_356' title='bbox 2392 2344 2582 2388; x_wconf 91' lang='lat' dir='ltr'><strong>mutuo</strong></span> <span class='ocrx_word' id='word_1_357' title='bbox 2635 2348 2745 2387; x_wconf 90' lang='lat' dir='ltr'><strong>non</strong></span> <span class='ocrx_word' id='word_1_358' title='bbox 2789 2347 3229 2402; x_wconf 73' lang='lat' dir='ltr'><strong>congressuros:</strong></span> <span class='ocrx_word' id='word_1_359' title='bbox 3266 2331 3410 2384; x_wconf 84' lang='lat' dir='ltr'><strong>idem</strong></span> 
     </span>
    </p>
   </div>
   <div class='ocr_carea' id='block_1_51' title="bbox 1828 2423 3414 2493">
    <p class='ocr_par' dir='ltr' id='par_1_51' title="bbox 1828 2423 3414 2493">
     <span class='ocr_line' id='line_1_51' title="bbox 1828 2423 3414 2493; baseline 0 -17"><span class='ocrx_word' id='word_1_360' title='bbox 1828 2423 1991 2493; x_wconf 88' lang='lat' dir='ltr'><strong>plane</strong></span> <span class='ocrx_word' id='word_1_361' title='bbox 2042 2431 2150 2478; x_wconf 91' lang='lat' dir='ltr'><strong>est.</strong></span> <span class='ocrx_word' id='word_1_362' title='bbox 2199 2423 2486 2489; x_wconf 88' lang='lat' dir='ltr'><strong>Quomodo</strong></span> <span class='ocrx_word' id='word_1_363' title='bbox 2541 2424 2685 2478; x_wconf 86' lang='lat' dir='ltr'><strong>enim</strong></span> <span class='ocrx_word' id='word_1_364' title='bbox 2745 2423 3116 2478; x_wconf 88' lang='lat' dir='ltr'><strong>observabunt</strong></span> <span class='ocrx_word' id='word_1_365' title='bbox 3153 2423 3296 2491; x_wconf 91' lang='lat' dir='ltr'><strong>quod</strong></span> <span class='ocrx_word' id='word_1_366' title='bbox 3336 2424 3414 2476; x_wconf 90' lang='lat' dir='ltr'><strong>ait</strong></span> 
     </span>
    </p>
   </div>
   <div class='ocr_carea' id='block_1_52' title="bbox 1827 2514 3412 2586">
    <p class='ocr_par' dir='ltr' id='par_1_52' title="bbox 1827 2514 3412 2586">
     <span class='ocr_line' id='line_1_52' title="bbox 1827 2514 3412 2586; baseline -0.001 -18"><span class='ocrx_word' id='word_1_367' title='bbox 1827 2516 2108 2570; x_wconf 87' lang='lat' dir='ltr'><strong>Christus:</strong></span> <span class='ocrx_word' id='word_1_368' title='bbox 2133 2515 2272 2569; x_wconf 85' lang='lat' dir='ltr'><strong>Eum</strong></span> <span class='ocrx_word' id='word_1_369' title='bbox 2301 2517 2389 2586; x_wconf 87' lang='lat' dir='ltr'><strong>qui</strong></span> <span class='ocrx_word' id='word_1_370' title='bbox 2411 2517 2551 2569; x_wconf 82' lang='lat' dir='ltr'><strong>venit</strong></span> <span class='ocrx_word' id='word_1_371' title='bbox 2587 2517 2656 2569; x_wconf 86' lang='lat' dir='ltr'><strong>ad</strong></span> <span class='ocrx_word' id='word_1_372' title='bbox 2681 2532 2761 2569; x_wconf 87' lang='lat' dir='ltr'><strong>me</strong></span> <span class='ocrx_word' id='word_1_373' title='bbox 2785 2531 2887 2568; x_wconf 83' lang='lat' dir='ltr'><strong>nou</strong></span> <span class='ocrx_word' id='word_1_374' title='bbox 2913 2514 3122 2583; x_wconf 81' lang='lat' dir='ltr'><strong>ejiciam</strong></span> <span class='ocrx_word' id='word_1_375' title='bbox 3152 2516 3295 2583; x_wconf 80' lang='lat' dir='ltr'><strong>[oras</strong></span> <span class='ocrx_word' id='word_1_376' title='bbox 3323 2515 3368 2545; x_wconf 81' lang='lat'><strong>&quot;</strong></span> <span class='ocrx_word' id='word_1_377' title='bbox 3386 2514 3412 2566; x_wconf 66' lang='grc' dir='ltr'>’ί</span> 
     </span>
    </p>
   </div>
   <div class='ocr_carea' id='block_1_53' title="bbox 1830 2605 3412 2678">
    <p class='ocr_par' dir='ltr' id='par_1_53' title="bbox 1830 2605 3412 2678">
     <span class='ocr_line' id='line_1_53' title="bbox 1830 2605 3412 2678; baseline -0.003 -16"><span class='ocrx_word' id='word_1_378' title='bbox 1830 2607 2021 2664; x_wconf 81' lang='lat' dir='ltr'><strong>Veniat</strong></span> <span class='ocrx_word' id='word_1_379' title='bbox 2074 2609 2342 2678; x_wconf 86' lang='lat' dir='ltr'><strong>quispiam</strong></span> <span class='ocrx_word' id='word_1_380' title='bbox 2402 2617 2752 2678; x_wconf 89' lang='lat' dir='ltr'><strong>percontans,</strong></span> <span class='ocrx_word' id='word_1_381' title='bbox 2794 2617 2848 2660; x_wconf 93' lang='lat' dir='ltr'><strong>et</strong></span> <span class='ocrx_word' id='word_1_382' title='bbox 2898 2606 3109 2661; x_wconf 87' lang='lat' dir='ltr'><strong>discere</strong></span> <span class='ocrx_word' id='word_1_383' title='bbox 3180 2605 3412 2674; x_wconf 87' lang='lat' dir='ltr'><strong>cupiens</strong></span> 
     </span>
    </p>
   </div>
   <div class='ocr_carea' id='block_1_54' title="bbox 1827 2696 3408 2771">
    <p class='ocr_par' dir='ltr' id='par_1_54' title="bbox 1827 2696 3408 2771">
     <span class='ocr_line' id='line_1_54' title="bbox 1827 2696 3408 2771; baseline -0.004 -16"><span class='ocrx_word' id='word_1_384' title='bbox 1827 2703 2132 2767; x_wconf 88' lang='lat' dir='ltr'><strong>veritatem,</strong></span> <span class='ocrx_word' id='word_1_385' title='bbox 2165 2717 2260 2756; x_wconf 82' lang='lat' dir='ltr'><strong>seu</strong></span> <span class='ocrx_word' id='word_1_386' title='bbox 2296 2701 2621 2771; x_wconf 71' lang='lat' dir='ltr'><strong>prmpositus</strong></span> <span class='ocrx_word' id='word_1_387' title='bbox 2668 2700 2758 2754; x_wconf 92' lang='lat' dir='ltr'><strong>illc</strong></span> <span class='ocrx_word' id='word_1_388' title='bbox 2797 2700 2888 2759; x_wconf 89' lang='lat' dir='ltr'><strong>sit.</strong></span> <span class='ocrx_word' id='word_1_389' title='bbox 2925 2713 3021 2753; x_wconf 87' lang='lat' dir='ltr'><strong>seu</strong></span> <span class='ocrx_word' id='word_1_390' title='bbox 3056 2697 3180 2767; x_wconf 88' lang='lat' dir='ltr'><strong>quis</strong></span> <span class='ocrx_word' id='word_1_391' title='bbox 3230 2696 3369 2750; x_wconf 90' lang='lat' dir='ltr'><strong>alius</strong></span> <span class='ocrx_word' id='word_1_392' title='bbox 3395 2736 3408 2748; x_wconf 93' lang='lat'><strong>.</strong></span> 
     </span>
    </p>
   </div>
   <div class='ocr_carea' id='block_1_55' title="bbox 1828 2793 3408 2866">
    <p class='ocr_par' dir='ltr' id='par_1_55' title="bbox 1828 2793 3408 2866">
     <span class='ocr_line' id='line_1_55' title="bbox 1828 2793 3408 2866; baseline -0.003 -18"><span class='ocrx_word' id='word_1_393' title='bbox 1828 2797 1957 2866; x_wconf 89' lang='lat' dir='ltr'><strong>quid</strong></span> <span class='ocrx_word' id='word_1_394' title='bbox 2008 2795 2360 2865; x_wconf 87' lang='lat' dir='ltr'><strong>respondebit</strong></span> <span class='ocrx_word' id='word_1_395' title='bbox 2404 2793 2774 2864; x_wconf 68' lang='lat' dir='ltr'><strong>prrepositus?</strong></span> <span class='ocrx_word' id='word_1_396' title='bbox 2831 2793 3148 2847; x_wconf 83' lang='lat' dir='ltr'><strong>Mandatum</strong></span> <span class='ocrx_word' id='word_1_397' title='bbox 3189 2805 3408 2859; x_wconf 88' lang='lat' dir='ltr'><strong>nempe,</strong></span> 
     </span>
    </p>
   </div>
   <div class='ocr_carea' id='block_1_56' title="bbox 1829 2881 3408 2956">
    <p class='ocr_par' dir='ltr' id='par_1_56' title="bbox 1829 2881 3408 2956">
     <span class='ocr_line' id='line_1_56' title="bbox 1829 2881 3408 2956; baseline -0.006 -14"><span class='ocrx_word' id='word_1_398' title='bbox 1829 2889 1991 2949; x_wconf 89' lang='lat' dir='ltr'><strong>dicet,</strong></span> <span class='ocrx_word' id='word_1_399' title='bbox 2016 2888 2202 2956; x_wconf 81' lang='lat' dir='ltr'><strong>accepi</strong></span> <span class='ocrx_word' id='word_1_400' title='bbox 2251 2903 2320 2941; x_wconf 87' lang='lat' dir='ltr'><strong>ne</strong></span> <span class='ocrx_word' id='word_1_401' title='bbox 2376 2888 2588 2955; x_wconf 90' lang='lat' dir='ltr'><strong>loquar.</strong></span> <span class='ocrx_word' id='word_1_402' title='bbox 2624 2884 2802 2954; x_wconf 85' lang='lat' dir='ltr'><strong>Atque</strong></span> <span class='ocrx_word' id='word_1_403' title='bbox 2839 2885 3048 2938; x_wconf 88' lang='lat' dir='ltr'><strong>utinam</strong></span> <span class='ocrx_word' id='word_1_404' title='bbox 3086 2883 3137 2936; x_wconf 94' lang='lat' dir='ltr'><strong>id</strong></span> <span class='ocrx_word' id='word_1_405' title='bbox 3180 2881 3354 2936; x_wconf 87' lang='lat' dir='ltr'><strong>solum</strong></span> <span class='ocrx_word' id='word_1_406' title='bbox 3393 2881 3408 2933; x_wconf 83' lang='lat'><strong>1</strong></span> 
     </span>
    </p>
   </div>
   <div class='ocr_carea' id='block_1_57' title="bbox 1831 2974 3409 3043">
    <p class='ocr_par' dir='ltr' id='par_1_57' title="bbox 1831 2974 3409 3043">
     <span class='ocr_line' id='line_1_57' title="bbox 1831 2974 3409 3043; baseline -0.011 -3"><span class='ocrx_word' id='word_1_407' title='bbox 1831 2985 1926 3039; x_wconf 90' lang='lat' dir='ltr'><strong>sed</strong></span> <span class='ocrx_word' id='word_1_408' title='bbox 1953 2984 2009 3038; x_wconf 84' lang='lat' dir='ltr'><strong>ut</strong></span> <span class='ocrx_word' id='word_1_409' title='bbox 2033 2997 2136 3037; x_wconf 89' lang='lat' dir='ltr'><strong>nec</strong></span> <span class='ocrx_word' id='word_1_410' title='bbox 2164 2989 2216 3034; x_wconf 90' lang='lat' dir='ltr'><strong>te</strong></span> <span class='ocrx_word' id='word_1_411' title='bbox 2251 2976 2584 3032; x_wconf 77' lang='lat' dir='ltr'><strong>monasterio</strong></span> <span class='ocrx_word' id='word_1_412' title='bbox 2616 2975 2735 3043; x_wconf 91' lang='lat' dir='ltr'><strong>ipso</strong></span> <span class='ocrx_word' id='word_1_413' title='bbox 2767 2974 3057 3043; x_wconf 79' lang='lat' dir='ltr'><strong>excipiam,</strong></span> <span class='ocrx_word' id='word_1_414' title='bbox 3088 2987 3193 3027; x_wconf 90' lang='lat' dir='ltr'><strong>nec</strong></span> <span class='ocrx_word' id='word_1_415' title='bbox 3229 2982 3409 3026; x_wconf 89' lang='lat' dir='ltr'><strong>tecum</strong></span> 
     </span>
    </p>
   </div>
   <div class='ocr_carea' id='block_1_58' title="bbox 1831 3062 3412 3136">
    <p class='ocr_par' dir='ltr' id='par_1_58' title="bbox 1831 3062 3412 3136">
     <span class='ocr_line' id='line_1_58' title="bbox 1831 3062 3412 3136; baseline -0.014 -1"><span class='ocrx_word' id='word_1_416' title='bbox 1831 3094 2039 3135; x_wconf 84' lang='lat' dir='ltr'><strong>vescar.</strong></span> <span class='ocrx_word' id='word_1_417' title='bbox 2066 3075 2318 3130; x_wconf 88' lang='lat' dir='ltr'><strong>Christus</strong></span> <span class='ocrx_word' id='word_1_418' title='bbox 2347 3071 2499 3134; x_wconf 87' lang='lat' dir='ltr'><strong>dicit,</strong></span> <span class='ocrx_word' id='word_1_419' title='bbox 2559 3067 2772 3136; x_wconf 88' lang='lat' dir='ltr'><strong>suscipe</strong></span> <span class='ocrx_word' id='word_1_420' title='bbox 2809 3076 2864 3121; x_wconf 92' lang='lat' dir='ltr'><strong>et</strong></span> <span class='ocrx_word' id='word_1_421' title='bbox 2924 3068 3057 3121; x_wconf 88' lang='lat' dir='ltr'><strong>doce</strong></span> <span class='ocrx_word' id='word_1_422' title='bbox 3099 3083 3113 3119; x_wconf 92' lang='lat'><strong>:</strong></span> <span class='ocrx_word' id='word_1_423' title='bbox 3172 3063 3321 3129; x_wconf 86' lang='lat' dir='ltr'><strong>Quod</strong></span> <span class='ocrx_word' id='word_1_424' title='bbox 3365 3062 3412 3114; x_wconf 81' lang='lat' dir='ltr'><strong>si</strong></span> 
     </span>
    </p>
   </div>
   <div class='ocr_carea' id='block_1_59' title="bbox 151 3151 1733 3232">
    <p class='ocr_par' dir='ltr' id='par_1_59' title="bbox 151 3151 1732 3227">
     <span class='ocr_line' id='line_1_59' title="bbox 151 3151 1732 3227; baseline 0.011 -27"><span class='ocrx_word' id='word_1_425' title='bbox 151 3151 374 3220; x_wconf 78' lang='grc' dir='ltr'>σθῆναι.</span> <span class='ocrx_word' id='word_1_426' title='bbox 428 3151 486 3204; x_wconf 86' lang='grc' dir='ltr'>Ὀ</span> <span class='ocrx_word' id='word_1_427' title='bbox 519 3153 760 3227; x_wconf 31' lang='grc' dir='ltr'>Χριστὸς,</span> <span class='ocrx_word' id='word_1_428' title='bbox 786 3154 932 3222; x_wconf 83' lang='grc' dir='ltr'>λέγει</span> <span class='ocrx_word' id='word_1_429' title='bbox 954 3171 967 3185; x_wconf 75' lang='grc' dir='ltr'><strong>ο</strong></span> <span class='ocrx_word' id='word_1_430' title='bbox 1009 3156 1156 3220; x_wconf 81' lang='grc' dir='ltr'>δέξαι</span> <span class='ocrx_word' id='word_1_431' title='bbox 1190 3162 1283 3211; x_wconf 77' lang='grc' dir='ltr'><strong>καὶ</strong></span> <span class='ocrx_word' id='word_1_432' title='bbox 1314 3160 1551 3225; x_wconf 57' lang='grc' dir='ltr'>δίδαξον</span> <span class='ocrx_word' id='word_1_433' title='bbox 1590 3164 1732 3217; x_wconf 78' lang='grc' dir='ltr'><strong>Ἐὰν</strong></span> 
     </span>
    </p>
   </div>
   <div class='ocr_carea' id='block_1_60' title="bbox 1838 3151 3408 3232">
    <p class='ocr_par' dir='ltr' id='par_1_60' title="bbox 1838 3155 3408 3232">
     <span class='ocr_line' id='line_1_60' title="bbox 1838 3155 3408 3232; baseline -0.011 -7"><span class='ocrx_word' id='word_1_434' title='bbox 1838 3169 2147 3227; x_wconf 76' lang='lat' dir='ltr'><strong>subtraxerit</strong></span> <span class='ocrx_word' id='word_1_435' title='bbox 2175 3182 2250 3231; x_wconf 79' lang='lat' dir='ltr'><strong>se;</strong></span> <span class='ocrx_word' id='word_1_436' title='bbox 2308 3164 2523 3232; x_wconf 88' lang='lat' dir='ltr'><strong>inquit,</strong></span> <span class='ocrx_word' id='word_1_437' title='bbox 2560 3177 2662 3213; x_wconf 84' lang='lat' dir='ltr'><strong>non</strong></span> <span class='ocrx_word' id='word_1_438' title='bbox 2711 3159 2934 3230; x_wconf 82' lang='lat' dir='ltr'><strong>placebit</strong></span> <span class='ocrx_word' id='word_1_439' title='bbox 2960 3159 3153 3211; x_wconf 77' lang='lat' dir='ltr'><strong>auimte</strong></span> <span class='ocrx_word' id='word_1_440' title='bbox 3185 3172 3314 3209; x_wconf 77' lang='lat' dir='ltr'><strong>mete</strong></span> <span class='ocrx_word' id='word_1_441' title='bbox 3342 3155 3408 3207; x_wconf 76' lang='grc'><strong>³⁷.</strong></span> 
     </span>
    </p>
   </div>
   <div class='ocr_carea' id='block_1_61' title="bbox 149 3245 1733 3350">
    <p class='ocr_par' dir='ltr' id='par_1_61' title="bbox 149 3245 1731 3326">
     <span class='ocr_line' id='line_1_61' title="bbox 149 3245 1731 3326; baseline 0.006 -29"><span class='ocrx_word' id='word_1_442' title='bbox 149 3245 262 3313; x_wconf 77' lang='grc' dir='ltr'><strong>τὰρ</strong></span> <span class='ocrx_word' id='word_1_443' title='bbox 295 3246 660 3313; x_wconf 69' lang='grc' dir='ltr'>ὐποστείλῃ,</span> <span class='ocrx_word' id='word_1_444' title='bbox 709 3248 895 3316; x_wconf 63' lang='grc' dir='ltr'>φησιν,</span> <span class='ocrx_word' id='word_1_445' title='bbox 930 3251 1040 3302; x_wconf 82' lang='grc' dir='ltr'>οὐκ</span> <span class='ocrx_word' id='word_1_446' title='bbox 1073 3250 1314 3305; x_wconf 74' lang='grc' dir='ltr'>εὐδοκεῖ</span> <span class='ocrx_word' id='word_1_447' title='bbox 1336 3253 1372 3319; x_wconf 72' lang='grc' dir='ltr'><strong><em>ἡ</em></strong></span> <span class='ocrx_word' id='word_1_448' title='bbox 1404 3255 1575 3324; x_wconf 69' lang='grc' dir='ltr'>ψυχή</span> <span class='ocrx_word' id='word_1_449' title='bbox 1611 3275 1731 3326; x_wconf 82' lang='grc' dir='ltr'><strong>μου</strong></span> 
     </span>
    </p>
   </div>
   <div class='ocr_carea' id='block_1_62' title="bbox 1838 3245 3406 3350">
    <p class='ocr_par' dir='ltr' id='par_1_62' title="bbox 1838 3245 3406 3328">
     <span class='ocr_line' id='line_1_62' title="bbox 1838 3245 3406 3328; baseline -0.014 -9"><span class='ocrx_word' id='word_1_450' title='bbox 1838 3261 2209 3328; x_wconf 78' lang='lat' dir='ltr'><strong>Athiscriplo</strong></span> <span class='ocrx_word' id='word_1_451' title='bbox 2258 3256 2420 3310; x_wconf 85' lang='lat' dir='ltr'><strong>ﬁdem</strong></span> <span class='ocrx_word' id='word_1_452' title='bbox 2466 3252 2903 3312; x_wconf 84' lang='lat' dir='ltr'><strong>obstrinxerunt,</strong></span> <span class='ocrx_word' id='word_1_453' title='bbox 2949 3257 3010 3302; x_wconf 90' lang='lat' dir='ltr'><strong>ut</strong></span> <span class='ocrx_word' id='word_1_454' title='bbox 3057 3245 3406 3316; x_wconf 87' lang='lat' dir='ltr'><strong>imperatoris</strong></span> 
     </span>
    </p>
   </div>
   <div class='ocr_carea' id='block_1_63' title="bbox 151 3335 1733 3415">
    <p class='ocr_par' dir='ltr' id='par_1_63' title="bbox 151 3335 1733 3415">
     <span class='ocr_line' id='line_1_63' title="bbox 151 3335 1733 3415; baseline 0.008 -27"><span class='ocrx_word' id='word_1_455' title='bbox 151 3336 218 3388; x_wconf 79' lang='grc' dir='ltr'><strong>ἐν</strong></span> <span class='ocrx_word' id='word_1_456' title='bbox 246 3335 434 3401; x_wconf 81' lang='grc' dir='ltr'>αὐτῷ.</span> <span class='ocrx_word' id='word_1_457' title='bbox 487 3336 810 3406; x_wconf 71' lang='grc' dir='ltr'>Ἑγγράςρως</span> <span class='ocrx_word' id='word_1_458' title='bbox 843 3339 936 3392; x_wconf 79' lang='grc' dir='ltr'><strong>οὖν</strong></span> <span class='ocrx_word' id='word_1_459' title='bbox 967 3341 1248 3411; x_wconf 80' lang='grc' dir='ltr'>ἐποίησαν,</span> <span class='ocrx_word' id='word_1_460' title='bbox 1294 3344 1380 3397; x_wconf 83' lang='grc' dir='ltr'>ἵνα</span> <span class='ocrx_word' id='word_1_461' title='bbox 1410 3346 1487 3412; x_wconf 84' lang='grc' dir='ltr'>τῷ</span> <span class='ocrx_word' id='word_1_462' title='bbox 1519 3345 1733 3415; x_wconf 78' lang='grc' dir='ltr'>βασιλεῖ</span> 
     </span>
    </p>
   </div>
   <div class='ocr_carea' id='block_1_64' title="bbox 1838 3335 3414 3415">
    <p class='ocr_par' dir='ltr' id='par_1_64' title="bbox 1838 3335 3414 3411">
     <span class='ocr_line' id='line_1_64' title="bbox 1838 3335 3414 3411; baseline -0.014 0"><span class='ocrx_word' id='word_1_463' title='bbox 1838 3357 2054 3411; x_wconf 90' lang='lat' dir='ltr'><strong>decreto</strong></span> <span class='ocrx_word' id='word_1_464' title='bbox 2088 3358 2276 3404; x_wconf 88' lang='lat' dir='ltr'><strong>contra</strong></span> <span class='ocrx_word' id='word_1_465' title='bbox 2303 3346 2578 3401; x_wconf 90' lang='lat' dir='ltr'><strong>Christum</strong></span> <span class='ocrx_word' id='word_1_466' title='bbox 2609 3341 2914 3396; x_wconf 87' lang='lat' dir='ltr'><strong>obedirent.</strong></span> <span class='ocrx_word' id='word_1_467' title='bbox 2955 3339 3082 3392; x_wconf 68' lang='lat' dir='ltr'><strong>Hmc</strong></span> <span class='ocrx_word' id='word_1_468' title='bbox 3118 3345 3266 3402; x_wconf 89' lang='lat' dir='ltr'><strong>sunt,</strong></span> <span class='ocrx_word' id='word_1_469' title='bbox 3300 3335 3414 3390; x_wconf 83' lang='lat' dir='ltr'><strong>fra-</strong></span> 
     </span>
    </p>
   </div>
   <div class='ocr_carea' id='block_1_65' title="bbox 154 3427 1729 3508">
    <p class='ocr_par' dir='ltr' id='par_1_65' title="bbox 154 3427 1729 3508">
     <span class='ocr_line' id='line_1_65' title="bbox 154 3427 1729 3508; baseline 0.009 -28"><span class='ocrx_word' id='word_1_470' title='bbox 154 3427 531 3497; x_wconf 83' lang='grc' dir='ltr'>πειθαρχῶσιν</span> <span class='ocrx_word' id='word_1_471' title='bbox 555 3430 888 3493; x_wconf 83' lang='grc' dir='ltr'>ἁπεναντίας</span> <span class='ocrx_word' id='word_1_472' title='bbox 915 3432 1008 3484; x_wconf 84' lang='grc' dir='ltr'>τοῦ</span> <span class='ocrx_word' id='word_1_473' title='bbox 1037 3434 1552 3503; x_wconf 61' lang='grc' dir='ltr'>ΧριστοῦἽοσσιῦτὰ</span> <span class='ocrx_word' id='word_1_474' title='bbox 1571 3443 1729 3508; x_wconf 84' lang='grc' dir='ltr'>είσιν,</span> 
     </span>
    </p>
   </div>
   <div class='ocr_carea' id='block_1_66' title="bbox 152 3513 1734 3601">
    <p class='ocr_par' dir='ltr' id='par_1_66' title="bbox 152 3513 1734 3601">
     <span class='ocr_line' id='line_1_66' title="bbox 152 3513 1734 3601; baseline 0.009 -30"><span class='ocrx_word' id='word_1_475' title='bbox 152 3513 196 3572; x_wconf 75' lang='grc' dir='ltr'>ὦ</span> <span class='ocrx_word' id='word_1_476' title='bbox 224 3519 450 3588; x_wconf 78' lang='grc' dir='ltr'>ἀδελφοὶ</span> <span class='ocrx_word' id='word_1_477' title='bbox 478 3522 570 3574; x_wconf 72' lang='grc' dir='ltr'><strong>καὶ</strong></span> <span class='ocrx_word' id='word_1_478' title='bbox 605 3522 866 3593; x_wconf 85' lang='grc' dir='ltr'>Πατέρες,</span> <span class='ocrx_word' id='word_1_479' title='bbox 901 3523 936 3576; x_wconf 82' lang='grc' dir='ltr'>ἃ</span> <span class='ocrx_word' id='word_1_480' title='bbox 966 3526 1360 3596; x_wconf 78' lang='grc' dir='ltr'>συνεπίσταμαι</span> <span class='ocrx_word' id='word_1_481' title='bbox 1389 3530 1448 3594; x_wconf 81' lang='grc' dir='ltr'><strong>ἐξ</strong></span> <span class='ocrx_word' id='word_1_482' title='bbox 1478 3531 1734 3601; x_wconf 76' lang='grc' dir='ltr'>ἀληθείας</span> 
     </span>
    </p>
   </div>
   <div class='ocr_carea' id='block_1_67' title="bbox 155 3611 1736 3697">
    <p class='ocr_par' dir='ltr' id='par_1_67' title="bbox 155 3611 1736 3697">
     <span class='ocr_line' id='line_1_67' title="bbox 155 3611 1736 3697; baseline 0.011 -36"><span class='ocrx_word' id='word_1_483' title='bbox 155 3611 522 3680; x_wconf 81' lang='grc' dir='ltr'>πεποιηκέναι</span> <span class='ocrx_word' id='word_1_484' title='bbox 574 3612 791 3675; x_wconf 78' lang='grc' dir='ltr'>αὐτούς.</span> <span class='ocrx_word' id='word_1_485' title='bbox 855 3617 960 3668; x_wconf 80' lang='grc' dir='ltr'>Καὶ</span> <span class='ocrx_word' id='word_1_486' title='bbox 1019 3618 1208 3688; x_wconf 81' lang='grc' dir='ltr'>ἐπειδὴ</span> <span class='ocrx_word' id='word_1_487' title='bbox 1248 3623 1606 3692; x_wconf 79' lang='grc' dir='ltr'>κατεκρίνατέ</span> <span class='ocrx_word' id='word_1_488' title='bbox 1668 3645 1736 3697; x_wconf 88' lang='grc' dir='ltr'><strong>με</strong></span> 
     </span>
    </p>
   </div>
   <div class='ocr_carea' id='block_1_68' title="bbox 155 3704 1736 3794">
    <p class='ocr_par' dir='ltr' id='par_1_68' title="bbox 155 3704 1736 3794">
     <span class='ocr_line' id='line_1_68' title="bbox 155 3704 1736 3794; baseline 0.027 -41"><span class='ocrx_word' id='word_1_489' title='bbox 155 3704 332 3756; x_wconf 83' lang='grc' dir='ltr'>εἰπεῖν</span> <span class='ocrx_word' id='word_1_490' title='bbox 353 3705 416 3756; x_wconf 73' lang='grc' dir='ltr'>τὸ</span> <span class='ocrx_word' id='word_1_491' title='bbox 441 3704 848 3774; x_wconf 79' lang='grc' dir='ltr'>παριστάμενόν</span> <span class='ocrx_word' id='word_1_492' title='bbox 877 3723 965 3775; x_wconf 81' lang='grc' dir='ltr'><strong>μοι</strong></span> <span class='ocrx_word' id='word_1_493' title='bbox 995 3724 1009 3738; x_wconf 82' lang='grc'><strong><em>⁸</em></strong></span> <span class='ocrx_word' id='word_1_494' title='bbox 1048 3710 1343 3779; x_wconf 77' lang='grc' dir='ltr'>ἀνήγγειλα</span> <span class='ocrx_word' id='word_1_495' title='bbox 1374 3715 1468 3767; x_wconf 59' lang='grc' dir='ltr'><strong>ἐπὶ</strong></span> <span class='ocrx_word' id='word_1_496' title='bbox 1495 3719 1736 3794; x_wconf 68' lang='grc' dir='ltr'><strong>μάρτυρι</strong></span> 
     </span>
    </p>
   </div>
   <div class='ocr_carea' id='block_1_69' title="bbox 1837 3429 3411 3511">
    <p class='ocr_par' dir='ltr' id='par_1_69' title="bbox 1837 3429 3411 3511">
     <span class='ocr_line' id='line_1_69' title="bbox 1837 3429 3411 3511; baseline -0.013 -8"><span class='ocrx_word' id='word_1_497' title='bbox 1837 3459 1947 3503; x_wconf 90' lang='lat' dir='ltr'><strong>tres</strong></span> <span class='ocrx_word' id='word_1_498' title='bbox 1974 3461 2036 3499; x_wconf 90' lang='lat' dir='ltr'><strong>ac</strong></span> <span class='ocrx_word' id='word_1_499' title='bbox 2066 3444 2272 3504; x_wconf 88' lang='lat' dir='ltr'><strong>Patres,</strong></span> <span class='ocrx_word' id='word_1_500' title='bbox 2297 3455 2418 3511; x_wconf 71' lang='lat' dir='ltr'><strong>quae</strong></span> <span class='ocrx_word' id='word_1_501' title='bbox 2440 3441 2505 3492; x_wconf 89' lang='lat' dir='ltr'><strong>ab</strong></span> <span class='ocrx_word' id='word_1_502' title='bbox 2531 3437 2610 3491; x_wconf 86' lang='lat' dir='ltr'><strong>eis</strong></span> <span class='ocrx_word' id='word_1_503' title='bbox 2643 3444 2790 3506; x_wconf 78' lang='lat' dir='ltr'><strong>gesta</strong></span> <span class='ocrx_word' id='word_1_504' title='bbox 2840 3449 2939 3504; x_wconf 86' lang='lat' dir='ltr'><strong>pro</strong></span> <span class='ocrx_word' id='word_1_505' title='bbox 2969 3442 3118 3488; x_wconf 88' lang='lat' dir='ltr'><strong>certo</strong></span> <span class='ocrx_word' id='word_1_506' title='bbox 3147 3429 3411 3499; x_wconf 89' lang='lat' dir='ltr'><strong>comperi.</strong></span> 
     </span>
    </p>
   </div>
   <div class='ocr_carea' id='block_1_70' title="bbox 1837 3519 3413 3605">
    <p class='ocr_par' dir='ltr' id='par_1_70' title="bbox 1837 3519 3413 3605">
     <span class='ocr_line' id='line_1_70' title="bbox 1837 3519 3413 3605; baseline -0.015 -10"><span class='ocrx_word' id='word_1_507' title='bbox 1837 3539 1969 3605; x_wconf 77' lang='lat' dir='ltr'><strong>Qua:</strong></span> <span class='ocrx_word' id='word_1_508' title='bbox 1990 3578 2004 3601; x_wconf 91' lang='lat'><strong>,</strong></span> <span class='ocrx_word' id='word_1_509' title='bbox 2037 3535 2293 3604; x_wconf 87' lang='lat' dir='ltr'><strong>quoniam</strong></span> <span class='ocrx_word' id='word_1_510' title='bbox 2327 3533 2510 3586; x_wconf 89' lang='lat' dir='ltr'><strong>dicere</strong></span> <span class='ocrx_word' id='word_1_511' title='bbox 2541 3543 2626 3583; x_wconf 90' lang='lat' dir='ltr'><strong>me</strong></span> <span class='ocrx_word' id='word_1_512' title='bbox 2658 3528 2802 3596; x_wconf 91' lang='lat' dir='ltr'><strong>quod</strong></span> <span class='ocrx_word' id='word_1_513' title='bbox 2875 3525 3074 3579; x_wconf 79' lang='lat' dir='ltr'><strong>scirem</strong></span> <span class='ocrx_word' id='word_1_514' title='bbox 3117 3519 3366 3577; x_wconf 78' lang='lat' dir='ltr'><strong>voluistis</strong></span> <span class='ocrx_word' id='word_1_515' title='bbox 3396 3557 3413 3583; x_wconf 94' lang='lat'><strong>,</strong></span> 
     </span>
    </p>
   </div>
   <div class='ocr_carea' id='block_1_71' title="bbox 1840 3610 3414 3685">
    <p class='ocr_par' dir='ltr' id='par_1_71' title="bbox 1840 3610 3414 3685">
     <span class='ocr_line' id='line_1_71' title="bbox 1840 3610 3414 3685; baseline -0.013 -1"><span class='ocrx_word' id='word_1_516' title='bbox 1840 3646 2021 3685; x_wconf 88' lang='lat' dir='ltr'><strong>coram</strong></span> <span class='ocrx_word' id='word_1_517' title='bbox 2051 3627 2164 3680; x_wconf 89' lang='lat' dir='ltr'><strong>Deo</strong></span> <span class='ocrx_word' id='word_1_518' title='bbox 2207 3632 2345 3678; x_wconf 88' lang='lat' dir='ltr'><strong>teste</strong></span> <span class='ocrx_word' id='word_1_519' title='bbox 2399 3620 2670 3685; x_wconf 81' lang='lat' dir='ltr'><strong>nuntiavi,</strong></span> <span class='ocrx_word' id='word_1_520' title='bbox 2715 3632 3025 3673; x_wconf 86' lang='lat' dir='ltr'><strong>sermonem</strong></span> <span class='ocrx_word' id='word_1_521' title='bbox 3071 3614 3235 3668; x_wconf 85' lang='lat' dir='ltr'><strong>etiam</strong></span> <span class='ocrx_word' id='word_1_522' title='bbox 3276 3610 3414 3664; x_wconf 87' lang='lat' dir='ltr'><strong>arri-</strong></span> 
     </span>
    </p>
   </div>
   <div class='ocr_carea' id='block_1_72' title="bbox 1842 3727 2397 3794">
    <p class='ocr_par' dir='ltr' id='par_1_72' title="bbox 1842 3727 2397 3794">
     <span class='ocr_line' id='line_1_72' title="bbox 1842 3727 2397 3794; baseline -0.022 -15"><span class='ocrx_word' id='word_1_523' title='bbox 1842 3727 1998 3794; x_wconf 87' lang='lat' dir='ltr'><strong>piens</strong></span> <span class='ocrx_word' id='word_1_524' title='bbox 2026 3731 2397 3787; x_wconf 85' lang='lat' dir='ltr'><strong>tanquam.....</strong></span> 
     </span>
    </p>
   </div>
   <div class='ocr_carea' id='block_1_73' title="bbox 155 3793 1733 3883">
    <p class='ocr_par' dir='ltr' id='par_1_73' title="bbox 155 3793 1733 3870">
     <span class='ocr_line' id='line_1_73' title="bbox 155 3793 1733 3870; baseline 0.018 -30"><span class='ocrx_word' id='word_1_525' title='bbox 155 3793 297 3865; x_wconf 77' lang='grc' dir='ltr'>θεῴ,</span> <span class='ocrx_word' id='word_1_526' title='bbox 332 3795 516 3848; x_wconf 75' lang='grc' dir='ltr'>λαϐὼν</span> <span class='ocrx_word' id='word_1_527' title='bbox 541 3798 635 3849; x_wconf 72' lang='grc' dir='ltr'><strong>καὶ</strong></span> <span class='ocrx_word' id='word_1_528' title='bbox 659 3797 816 3865; x_wconf 85' lang='grc' dir='ltr'>λόγον</span> <span class='ocrx_word' id='word_1_529' title='bbox 846 3797 922 3861; x_wconf 84' lang='grc' dir='ltr'>ὼς</span> <span class='ocrx_word' id='word_1_530' title='bbox 968 3797 1180 3870; x_wconf 84' lang='lat' dir='ltr'><strong>[SuppL</strong></span> <span class='ocrx_word' id='word_1_531' title='bbox 1225 3819 1288 3856; x_wconf 82' lang='lat' dir='ltr'><strong>ex</strong></span> <span class='ocrx_word' id='word_1_532' title='bbox 1324 3806 1444 3861; x_wconf 80' lang='lat' dir='ltr'><strong>cod.</strong></span> <span class='ocrx_word' id='word_1_533' title='bbox 1477 3793 1733 3870; x_wconf 80' lang='lat' dir='ltr'><strong>Vaticano</strong></span> 
     </span>
    </p>
   </div>
   <div class='ocr_carea' id='block_1_74' title="bbox 1838 3793 3415 3883">
    <p class='ocr_par' dir='ltr' id='par_1_74' title="bbox 1838 3793 3415 3883">
     <span class='ocr_line' id='line_1_74' title="bbox 1838 3793 3415 3883; baseline -0.01 -18"><span class='ocrx_word' id='word_1_534' title='bbox 1838 3793 1900 3880; x_wconf 59' lang='lat' dir='ltr'><strong>Lb,</strong></span> <span class='ocrx_word' id='word_1_535' title='bbox 1940 3815 1978 3869; x_wconf 80' lang='lat'><strong>1&#39;.</strong></span> <span class='ocrx_word' id='word_1_536' title='bbox 2008 3810 2101 3883; x_wconf 65' lang='lat'><strong>29]</strong></span> <span class='ocrx_word' id='word_1_537' title='bbox 2170 3807 2539 3878; x_wconf 84' lang='grc' dir='ltr'>φυλάσσεσθαι</span> <span class='ocrx_word' id='word_1_538' title='bbox 2583 3805 2906 3875; x_wconf 86' lang='grc' dir='ltr'>μυστήριον,</span> <span class='ocrx_word' id='word_1_539' title='bbox 2966 3801 3140 3868; x_wconf 82' lang='grc' dir='ltr'>φειδοῖ</span> <span class='ocrx_word' id='word_1_540' title='bbox 3168 3797 3260 3852; x_wconf 83' lang='grc' dir='ltr'>τοῦ</span> <span class='ocrx_word' id='word_1_541' title='bbox 3293 3813 3415 3850; x_wconf 69' lang='grc' dir='ltr'>πειο</span> 
     </span>
    </p>
   </div>
   <div class='ocr_carea' id='block_1_75' title="bbox 160 3889 3180 3982">
    <p class='ocr_par' dir='ltr' id='par_1_75' title="bbox 160 3889 3180 3982">
     <span class='ocr_line' id='line_1_75' title="bbox 160 3889 3180 3982; baseline 0.001 -38"><span class='ocrx_word' id='word_1_542' title='bbox 160 3889 373 3962; x_wconf 76' lang='grc' dir='ltr'>ρασμοῦ</span> <span class='ocrx_word' id='word_1_543' title='bbox 401 3906 415 3920; x_wconf 88' lang='grc'><strong>·</strong></span> <span class='ocrx_word' id='word_1_544' title='bbox 448 3891 636 3944; x_wconf 82' lang='grc' dir='ltr'>λοιπὸν</span> <span class='ocrx_word' id='word_1_545' title='bbox 666 3893 824 3963; x_wconf 81' lang='grc' dir='ltr'>ὑμεῖς</span> <span class='ocrx_word' id='word_1_546' title='bbox 854 3891 1117 3958; x_wconf 73' lang='grc' dir='ltr'>σώζοντες</span> <span class='ocrx_word' id='word_1_547' title='bbox 1154 3895 1354 3962; x_wconf 72' lang='grc' dir='ltr'>σώζετε</span> <span class='ocrx_word' id='word_1_548' title='bbox 1394 3902 1494 3965; x_wconf 81' lang='grc' dir='ltr'>τὰς</span> <span class='ocrx_word' id='word_1_549' title='bbox 1531 3906 1739 3964; x_wconf 77' lang='grc' dir='ltr'>ἑαυτῶν</span> <span class='ocrx_word' id='word_1_550' title='bbox 1772 3912 1978 3982; x_wconf 67' lang='grc' dir='ltr'>ψυχὰς,</span> <span class='ocrx_word' id='word_1_551' title='bbox 2005 3907 2286 3977; x_wconf 83' lang='grc' dir='ltr'>εὐχόμενοι</span> <span class='ocrx_word' id='word_1_552' title='bbox 2312 3903 2407 3956; x_wconf 78' lang='grc' dir='ltr'>καὶ</span> <span class='ocrx_word' id='word_1_553' title='bbox 2435 3901 2576 3970; x_wconf 81' lang='grc' dir='ltr'>ὑπὲρ</span> <span class='ocrx_word' id='word_1_554' title='bbox 2608 3897 2740 3968; x_wconf 74' lang='grc' dir='ltr'>ἐμοῦ</span> <span class='ocrx_word' id='word_1_555' title='bbox 2770 3896 2865 3949; x_wconf 77' lang='grc' dir='ltr'>τοῦ</span> <span class='ocrx_word' id='word_1_556' title='bbox 2901 3895 3180 3948; x_wconf 80' lang='grc' dir='ltr'>ταπεινοῦ.</span> 
     </span>
    </p>
   </div>
   <div class='ocr_carea' id='block_1_76' title="bbox 669 4007 1227 4092">
    <p class='ocr_par' dir='ltr' id='par_1_76' title="bbox 669 4007 1227 4092">
     <span class='ocr_line' id='line_1_76' title="bbox 669 4007 1227 4092; baseline 0.009 -32"><span class='ocrx_word' id='word_1_557' title='bbox 669 4007 741 4061; x_wconf 77' lang='grc' dir='ltr'><strong>Γ.</strong></span> <span class='ocrx_word' id='word_1_558' title='bbox 771 4037 839 4046; x_wconf 91' lang='grc'><strong>-</strong></span> <span class='ocrx_word' id='word_1_559' title='bbox 869 4009 1227 4092; x_wconf 70' lang='grc' dir='ltr'><strong>Ἠγουμὲνῳ.</strong></span> 
     </span>
    </p>
   </div>
   <div class='ocr_carea' id='block_1_77' title="bbox 160 4122 1735 4211">
    <p class='ocr_par' dir='ltr' id='par_1_77' title="bbox 160 4122 1735 4211">
     <span class='ocr_line' id='line_1_77' title="bbox 160 4122 1735 4211; baseline 0.013 -41"><span class='ocrx_word' id='word_1_560' title='bbox 160 4123 232 4177; x_wconf 78' lang='grc' dir='ltr'><strong>Δ’,</strong></span> <span class='ocrx_word' id='word_1_561' title='bbox 263 4152 334 4162; x_wconf 91' lang='grc'><strong><em>-</em></strong></span> <span class='ocrx_word' id='word_1_562' title='bbox 361 4122 760 4190; x_wconf 64' lang='grc' dir='ltr'>Θεοφυλάκτῳ</span> <span class='ocrx_word' id='word_1_563' title='bbox 784 4127 1178 4195; x_wconf 76' lang='grc' dir='ltr'>Νικομηδείας</span> <span class='ocrx_word' id='word_1_564' title='bbox 1203 4128 1536 4196; x_wconf 80' lang='grc' dir='ltr'>ἐπισκόπφ.</span> <span class='ocrx_word' id='word_1_565' title='bbox 1586 4135 1735 4211; x_wconf 84' lang='grc' dir='ltr'>[ρε’.]</span> 
     </span>
    </p>
   </div>
   <div class='ocr_carea' id='block_1_78' title="bbox 2383 4011 2899 4082">
    <p class='ocr_par' dir='ltr' id='par_1_78' title="bbox 2383 4011 2899 4082">
     <span class='ocr_line' id='line_1_78' title="bbox 2383 4011 2899 4082; baseline -0.008 -13"><span class='ocrx_word' id='word_1_566' title='bbox 2383 4015 2479 4069; x_wconf 90' lang='lat' dir='ltr'><strong>Ill.</strong></span> <span class='ocrx_word' id='word_1_567' title='bbox 2514 4011 2806 4082; x_wconf 74' lang='lat' dir='ltr'><strong>Prwposito</strong></span> <span class='ocrx_word' id='word_1_568' title='bbox 2829 4011 2899 4065; x_wconf 84' lang='lat'><strong>“.</strong></span> 
     </span>
    </p>
   </div>
   <div class='ocr_carea' id='block_1_79' title="bbox 1983 4125 3244 4201">
    <p class='ocr_par' dir='ltr' id='par_1_79' title="bbox 1983 4125 3244 4201">
     <span class='ocr_line' id='line_1_79' title="bbox 1983 4125 3244 4201; baseline -0.011 -10"><span class='ocrx_word' id='word_1_569' title='bbox 1983 4136 2073 4192; x_wconf 79' lang='grc' dir='ltr'><strong>ιν.</strong></span> <span class='ocrx_word' id='word_1_570' title='bbox 2112 4165 2182 4176; x_wconf 94' lang='lat'><strong>-—</strong></span> <span class='ocrx_word' id='word_1_571' title='bbox 2210 4130 2586 4201; x_wconf 82' lang='lat' dir='ltr'><strong>Theophylacto</strong></span> <span class='ocrx_word' id='word_1_572' title='bbox 2635 4126 2957 4181; x_wconf 74' lang='lat' dir='ltr'><strong>Nicomedia:</strong></span> <span class='ocrx_word' id='word_1_573' title='bbox 2986 4125 3244 4193; x_wconf 75' lang='lat' dir='ltr'><strong>episcopo.</strong></span> 
     </span>
    </p>
   </div>
   <div class='ocr_carea' id='block_1_80' title="bbox 1015 4239 2645 4315">
    <p class='ocr_par' dir='ltr' id='par_1_80' title="bbox 1015 4239 2645 4315">
     <span class='ocr_line' id='line_1_80' title="bbox 1015 4239 2645 4315; baseline 0.006 -25"><span class='ocrx_word' id='word_1_574' title='bbox 1015 4240 1302 4304; x_wconf 78' lang='lat' dir='ltr'><strong>Dogmatica</strong></span> <span class='ocrx_word' id='word_1_575' title='bbox 1323 4245 1387 4293; x_wconf 92' lang='lat' dir='ltr'><strong>de</strong></span> <span class='ocrx_word' id='word_1_576' title='bbox 1409 4249 1590 4296; x_wconf 84' lang='lat' dir='ltr'><strong>sanctis</strong></span> <span class='ocrx_word' id='word_1_577' title='bbox 1609 4250 1925 4312; x_wconf 79' lang='lat' dir='ltr'><strong>imaginibus.</strong></span> <span class='ocrx_word' id='word_1_578' title='bbox 1962 4250 2162 4315; x_wconf 85' lang='lat' dir='ltr'><strong>(Baron.</strong></span> <span class='ocrx_word' id='word_1_579' title='bbox 2195 4261 2274 4297; x_wconf 89' lang='lat' dir='ltr'><strong>an.</strong></span> <span class='ocrx_word' id='word_1_580' title='bbox 2308 4243 2419 4300; x_wconf 87' lang='lat'><strong>816,</strong></span> <span class='ocrx_word' id='word_1_581' title='bbox 2452 4255 2502 4291; x_wconf 82' lang='grc' dir='ltr'><strong>η.</strong></span> <span class='ocrx_word' id='word_1_582' title='bbox 2541 4239 2645 4300; x_wconf 78' lang='grc'><strong>56.)</strong></span> 
     </span>
    </p>
   </div>
   <div class='ocr_carea' id='block_1_81' title="bbox 229 4344 1741 4423">
    <p class='ocr_par' dir='ltr' id='par_1_81' title="bbox 229 4344 1741 4423">
     <span class='ocr_line' id='line_1_81' title="bbox 229 4344 1741 4423; baseline 0.006 -26"><span class='ocrx_word' id='word_1_583' title='bbox 229 4344 452 4398; x_wconf 81' lang='grc' dir='ltr'>Διετίαν</span> <span class='ocrx_word' id='word_1_584' title='bbox 485 4344 604 4412; x_wconf 83' lang='grc' dir='ltr'><strong>ἄγω</strong></span> <span class='ocrx_word' id='word_1_585' title='bbox 637 4346 919 4418; x_wconf 83' lang='grc' dir='ltr'>μεριμνῶν</span> <span class='ocrx_word' id='word_1_586' title='bbox 944 4351 1034 4401; x_wconf 82' lang='grc' dir='ltr'>καὶ</span> <span class='ocrx_word' id='word_1_587' title='bbox 1065 4350 1289 4418; x_wconf 80' lang='grc' dir='ltr'>κάμνων</span> <span class='ocrx_word' id='word_1_588' title='bbox 1316 4354 1427 4414; x_wconf 79' lang='grc' dir='ltr'>τοῖς</span> <span class='ocrx_word' id='word_1_589' title='bbox 1460 4352 1741 4423; x_wconf 85' lang='grc' dir='ltr'>λογισμοῖς</span> 
     </span>
    </p>
   </div>
   <div class='ocr_carea' id='block_1_82' title="bbox 162 4435 1744 4516">
    <p class='ocr_par' dir='ltr' id='par_1_82' title="bbox 162 4435 1744 4516">
     <span class='ocr_line' id='line_1_82' title="bbox 162 4435 1744 4516; baseline 0.008 -30"><span class='ocrx_word' id='word_1_590' title='bbox 162 4439 238 4502; x_wconf 83' lang='grc' dir='ltr'>εἰς</span> <span class='ocrx_word' id='word_1_591' title='bbox 264 4438 330 4491; x_wconf 79' lang='grc' dir='ltr'>τὸ</span> <span class='ocrx_word' id='word_1_592' title='bbox 368 4435 672 4489; x_wconf 79' lang='grc' dir='ltr'>ἐπιστεῖλαί</span> <span class='ocrx_word' id='word_1_593' title='bbox 703 4454 771 4506; x_wconf 87' lang='grc' dir='ltr'><strong>με</strong></span> <span class='ocrx_word' id='word_1_594' title='bbox 803 4440 868 4509; x_wconf 78' lang='grc' dir='ltr'>τῇ</span> <span class='ocrx_word' id='word_1_595' title='bbox 898 4440 1019 4510; x_wconf 76' lang='grc' dir='ltr'>ἱερᾷ</span> <span class='ocrx_word' id='word_1_596' title='bbox 1048 4457 1140 4493; x_wconf 89' lang='grc' dir='ltr'><strong>σου</strong></span> <span class='ocrx_word' id='word_1_597' title='bbox 1173 4445 1385 4512; x_wconf 77' lang='grc' dir='ltr'>κορυφῇ</span> <span class='ocrx_word' id='word_1_598' title='bbox 1411 4459 1426 4472; x_wconf 86' lang='grc'><strong>·</strong></span> <span class='ocrx_word' id='word_1_599' title='bbox 1463 4445 1558 4497; x_wconf 70' lang='grc' dir='ltr'>καὶ</span> <span class='ocrx_word' id='word_1_600' title='bbox 1591 4445 1744 4516; x_wconf 86' lang='grc' dir='ltr'>μόλις</span> 
     </span>
    </p>
   </div>
   <div class='ocr_carea' id='block_1_83' title="bbox 168 4527 1746 4603">
    <p class='ocr_par' dir='ltr' id='par_1_83' title="bbox 168 4527 1746 4603">
     <span class='ocr_line' id='line_1_83' title="bbox 168 4527 1746 4603; baseline 0.004 -18"><span class='ocrx_word' id='word_1_601' title='bbox 168 4532 330 4603; x_wconf 71' lang='grc' dir='ltr'>μέχρι</span> <span class='ocrx_word' id='word_1_602' title='bbox 364 4530 462 4584; x_wconf 82' lang='grc' dir='ltr'>τοῦ</span> <span class='ocrx_word' id='word_1_603' title='bbox 506 4527 600 4582; x_wconf 80' lang='grc' dir='ltr'><strong>νῦν</strong></span> <span class='ocrx_word' id='word_1_604' title='bbox 639 4528 994 4600; x_wconf 80' lang='grc' dir='ltr'>ἐξεπλήρωσὰ</span> <span class='ocrx_word' id='word_1_605' title='bbox 1025 4549 1129 4602; x_wconf 88' lang='grc' dir='ltr'><strong>μου</strong></span> <span class='ocrx_word' id='word_1_606' title='bbox 1161 4535 1188 4584; x_wconf 90' lang='grc' dir='ltr'>ὁ</span> <span class='ocrx_word' id='word_1_607' title='bbox 1217 4535 1470 4599; x_wconf 80' lang='grc' dir='ltr'>ταπεινὸς</span> <span class='ocrx_word' id='word_1_608' title='bbox 1518 4536 1609 4589; x_wconf 80' lang='grc' dir='ltr'>τὸν</span> <span class='ocrx_word' id='word_1_609' title='bbox 1647 4537 1746 4591; x_wconf 86' lang='grc' dir='ltr'>πό-</span> 
     </span>
    </p>
   </div>
   <div class='ocr_carea' id='block_1_84' title="bbox 166 4618 1745 4698">
    <p class='ocr_par' dir='ltr' id='par_1_84' title="bbox 166 4618 1745 4698">
     <span class='ocr_line' id='line_1_84' title="bbox 166 4618 1745 4698; baseline 0.003 -22"><span class='ocrx_word' id='word_1_610' title='bbox 166 4625 273 4680; x_wconf 81' lang='grc' dir='ltr'>θον.</span> <span class='ocrx_word' id='word_1_611' title='bbox 346 4623 488 4676; x_wconf 84' lang='grc' dir='ltr'>Ἀλλ’</span> <span class='ocrx_word' id='word_1_612' title='bbox 529 4618 657 4690; x_wconf 79' lang='grc' dir='ltr'>εὖγε</span> <span class='ocrx_word' id='word_1_613' title='bbox 711 4623 792 4675; x_wconf 79' lang='grc' dir='ltr'>ὅτι</span> <span class='ocrx_word' id='word_1_614' title='bbox 840 4621 1096 4691; x_wconf 75' lang='grc' dir='ltr'>ἀξιοῦμαι</span> <span class='ocrx_word' id='word_1_615' title='bbox 1139 4624 1225 4677; x_wconf 81' lang='grc' dir='ltr'>διὰ</span> <span class='ocrx_word' id='word_1_616' title='bbox 1269 4625 1362 4678; x_wconf 82' lang='grc' dir='ltr'>τοῦ</span> <span class='ocrx_word' id='word_1_617' title='bbox 1416 4627 1745 4698; x_wconf 85' lang='grc' dir='ltr'>γράμματος</span> 
     </span>
    </p>
   </div>
   <div class='ocr_carea' id='block_1_85' title="bbox 165 4713 1745 4790">
    <p class='ocr_par' dir='ltr' id='par_1_85' title="bbox 165 4713 1745 4790">
     <span class='ocr_line' id='line_1_85' title="bbox 165 4713 1745 4790; baseline 0.001 -20"><span class='ocrx_word' id='word_1_618' title='bbox 165 4715 523 4771; x_wconf 70' lang='grc' dir='ltr'>ἀσπάσασθαί</span> <span class='ocrx_word' id='word_1_619' title='bbox 583 4732 642 4768; x_wconf 88' lang='grc' dir='ltr'><strong>σε</strong></span> <span class='ocrx_word' id='word_1_620' title='bbox 692 4715 786 4768; x_wconf 85' lang='grc' dir='ltr'><strong>τὸν</strong></span> <span class='ocrx_word' id='word_1_621' title='bbox 836 4713 968 4785; x_wconf 81' lang='grc' dir='ltr'>ὲμδν</span> <span class='ocrx_word' id='word_1_622' title='bbox 1004 4717 1241 4786; x_wconf 81' lang='grc' dir='ltr'>Πατέρα,</span> <span class='ocrx_word' id='word_1_623' title='bbox 1289 4719 1380 4772; x_wconf 78' lang='grc' dir='ltr'>τὸν</span> <span class='ocrx_word' id='word_1_624' title='bbox 1414 4719 1605 4772; x_wconf 84' lang='grc' dir='ltr'>στύλον</span> <span class='ocrx_word' id='word_1_625' title='bbox 1643 4721 1745 4790; x_wconf 83' lang='grc' dir='ltr'>τῆς</span> 
     </span>
    </p>
   </div>
   <div class='ocr_carea' id='block_1_86' title="bbox 1919 4344 3423 4416">
    <p class='ocr_par' dir='ltr' id='par_1_86' title="bbox 1919 4344 3423 4416">
     <span class='ocr_line' id='line_1_86' title="bbox 1919 4344 3423 4416; baseline -0.008 -4"><span class='ocrx_word' id='word_1_626' title='bbox 1919 4359 2209 4414; x_wconf 90' lang='lat' dir='ltr'><strong>Biennium</strong></span> <span class='ocrx_word' id='word_1_627' title='bbox 2253 4364 2337 4410; x_wconf 89' lang='lat' dir='ltr'><strong>est</strong></span> <span class='ocrx_word' id='word_1_628' title='bbox 2387 4367 2508 4407; x_wconf 89' lang='lat' dir='ltr'><strong>cum</strong></span> <span class='ocrx_word' id='word_1_629' title='bbox 2569 4349 2622 4403; x_wconf 89' lang='lat' dir='ltr'><strong>in</strong></span> <span class='ocrx_word' id='word_1_630' title='bbox 2655 4348 2759 4402; x_wconf 90' lang='lat' dir='ltr'><strong>hac</strong></span> <span class='ocrx_word' id='word_1_631' title='bbox 2821 4362 2950 4401; x_wconf 91' lang='lat' dir='ltr'><strong>cura</strong></span> <span class='ocrx_word' id='word_1_632' title='bbox 3010 4354 3062 4399; x_wconf 86' lang='lat' dir='ltr'><strong>et</strong></span> <span class='ocrx_word' id='word_1_633' title='bbox 3098 4344 3423 4416; x_wconf 77' lang='lat' dir='ltr'><strong>cogitatione</strong></span> 
     </span>
    </p>
   </div>
   <div class='ocr_carea' id='block_1_87' title="bbox 1849 4439 3424 4517">
    <p class='ocr_par' dir='ltr' id='par_1_87' title="bbox 1849 4439 3424 4517">
     <span class='ocr_line' id='line_1_87' title="bbox 1849 4439 3424 4517; baseline -0.01 -9"><span class='ocrx_word' id='word_1_634' title='bbox 1849 4468 2056 4517; x_wconf 88' lang='lat' dir='ltr'><strong>versor,</strong></span> <span class='ocrx_word' id='word_1_635' title='bbox 2093 4459 2153 4504; x_wconf 92' lang='lat' dir='ltr'><strong>ut</strong></span> <span class='ocrx_word' id='word_1_636' title='bbox 2184 4448 2416 4503; x_wconf 90' lang='lat' dir='ltr'><strong>scribam</strong></span> <span class='ocrx_word' id='word_1_637' title='bbox 2469 4442 2538 4497; x_wconf 90' lang='lat' dir='ltr'><strong>ad</strong></span> <span class='ocrx_word' id='word_1_638' title='bbox 2586 4455 2800 4496; x_wconf 87' lang='lat' dir='ltr'><strong>sacrum</strong></span> <span class='ocrx_word' id='word_1_639' title='bbox 2833 4439 3092 4493; x_wconf 82' lang='lat' dir='ltr'><strong>verticem</strong></span> <span class='ocrx_word' id='word_1_640' title='bbox 3144 4447 3329 4492; x_wconf 87' lang='lat' dir='ltr'><strong>tuum:</strong></span> <span class='ocrx_word' id='word_1_641' title='bbox 3362 4453 3424 4492; x_wconf 88' lang='lat' dir='ltr'><strong>ac</strong></span> 
     </span>
    </p>
   </div>
   <div class='ocr_carea' id='block_1_88' title="bbox 1850 4529 3425 4605">
    <p class='ocr_par' dir='ltr' id='par_1_88' title="bbox 1850 4529 3425 4605">
     <span class='ocr_line' id='line_1_88' title="bbox 1850 4529 3425 4605; baseline -0.013 -4"><span class='ocrx_word' id='word_1_642' title='bbox 1850 4548 1940 4602; x_wconf 81' lang='lat' dir='ltr'><strong>vix</strong></span> <span class='ocrx_word' id='word_1_643' title='bbox 1990 4559 2138 4598; x_wconf 92' lang='lat' dir='ltr'><strong>nunc</strong></span> <span class='ocrx_word' id='word_1_644' title='bbox 2182 4540 2400 4596; x_wconf 83' lang='lat' dir='ltr'><strong>tandem</strong></span> <span class='ocrx_word' id='word_1_645' title='bbox 2442 4536 2643 4605; x_wconf 88' lang='lat' dir='ltr'><strong>impleo</strong></span> <span class='ocrx_word' id='word_1_646' title='bbox 2712 4531 3041 4588; x_wconf 88' lang='lat' dir='ltr'><strong>desiderium</strong></span> <span class='ocrx_word' id='word_1_647' title='bbox 3106 4529 3425 4584; x_wconf 89' lang='lat' dir='ltr'><strong>humilitatis</strong></span> 
     </span>
    </p>
   </div>
   <div class='ocr_carea' id='block_1_89' title="bbox 1850 4621 3426 4702">
    <p class='ocr_par' dir='ltr' id='par_1_89' title="bbox 1850 4621 3426 4702">
     <span class='ocr_line' id='line_1_89' title="bbox 1850 4621 3426 4702; baseline -0.012 -8"><span class='ocrx_word' id='word_1_648' title='bbox 1850 4654 2005 4694; x_wconf 82' lang='lat' dir='ltr'><strong>meae.</strong></span> <span class='ocrx_word' id='word_1_649' title='bbox 2038 4636 2144 4690; x_wconf 91' lang='lat' dir='ltr'><strong>Sed</strong></span> <span class='ocrx_word' id='word_1_650' title='bbox 2169 4642 2316 4689; x_wconf 89' lang='lat' dir='ltr'><strong>recte</strong></span> <span class='ocrx_word' id='word_1_651' title='bbox 2347 4631 2491 4702; x_wconf 92' lang='lat' dir='ltr'><strong>quod</strong></span> <span class='ocrx_word' id='word_1_652' title='bbox 2532 4627 2730 4698; x_wconf 79' lang='lat' dir='ltr'><strong>dignus</strong></span> <span class='ocrx_word' id='word_1_653' title='bbox 2771 4624 2994 4688; x_wconf 88' lang='lat' dir='ltr'><strong>habeor,</strong></span> <span class='ocrx_word' id='word_1_654' title='bbox 3025 4622 3117 4691; x_wconf 93' lang='lat' dir='ltr'><strong>qui</strong></span> <span class='ocrx_word' id='word_1_655' title='bbox 3157 4637 3254 4691; x_wconf 84' lang='lat' dir='ltr'><strong>per</strong></span> <span class='ocrx_word' id='word_1_656' title='bbox 3275 4621 3426 4675; x_wconf 88' lang='lat' dir='ltr'><strong>litte-</strong></span> 
     </span>
    </p>
   </div>
   <div class='ocr_carea' id='block_1_90' title="bbox 1851 4713 3426 4783">
    <p class='ocr_par' dir='ltr' id='par_1_90' title="bbox 1851 4713 3426 4783">
     <span class='ocr_line' id='line_1_90' title="bbox 1851 4713 3426 4783; baseline -0.013 0"><span class='ocrx_word' id='word_1_657' title='bbox 1851 4744 1939 4783; x_wconf 86' lang='lat' dir='ltr'><strong>ras</strong></span> <span class='ocrx_word' id='word_1_658' title='bbox 1966 4728 2193 4781; x_wconf 91' lang='lat' dir='ltr'><strong>salutem</strong></span> <span class='ocrx_word' id='word_1_659' title='bbox 2225 4723 2436 4776; x_wconf 85' lang='lat' dir='ltr'><strong>Patrem</strong></span> <span class='ocrx_word' id='word_1_660' title='bbox 2467 4733 2671 4781; x_wconf 89' lang='lat' dir='ltr'><strong>meum,</strong></span> <span class='ocrx_word' id='word_1_661' title='bbox 2704 4716 3013 4772; x_wconf 86' lang='lat' dir='ltr'><strong>columnam</strong></span> <span class='ocrx_word' id='word_1_662' title='bbox 3038 4713 3307 4778; x_wconf 78' lang='lat' dir='ltr'><strong>veritatis,</strong></span> <span class='ocrx_word' id='word_1_663' title='bbox 3339 4727 3426 4764; x_wconf 80' lang='lat' dir='ltr'><strong>re-</strong></span> 
     </span>
    </p>
   </div>
   <div class='ocr_carea' id='block_1_91' title="bbox 167 4795 1733 4879">
    <p class='ocr_par' dir='ltr' id='par_1_91' title="bbox 167 4807 1733 4879">
     <span class='ocr_line' id='line_1_91' title="bbox 167 4807 1733 4879; baseline 0.001 -17"><span class='ocrx_word' id='word_1_664' title='bbox 167 4810 448 4879; x_wconf 77' lang='grc' dir='ltr'>ἀληθείας,</span> <span class='ocrx_word' id='word_1_665' title='bbox 494 4807 555 4860; x_wconf 72' lang='grc' dir='ltr'>τὸ</span> <span class='ocrx_word' id='word_1_666' title='bbox 589 4807 871 4878; x_wconf 82' lang='grc' dir='ltr'>ἑδραίωμα</span> <span class='ocrx_word' id='word_1_667' title='bbox 903 4808 1000 4877; x_wconf 84' lang='grc' dir='ltr'>τῆς</span> <span class='ocrx_word' id='word_1_668' title='bbox 1028 4809 1357 4877; x_wconf 79' lang='grc' dir='ltr'>όρθοδοξίας,</span> <span class='ocrx_word' id='word_1_669' title='bbox 1406 4811 1500 4866; x_wconf 79' lang='grc' dir='ltr'>τὸν</span> <span class='ocrx_word' id='word_1_670' title='bbox 1526 4812 1733 4878; x_wconf 82' lang='grc' dir='ltr'>φύλακα</span> 
     </span>
    </p>
   </div>
   <div class='ocr_carea' id='block_1_92' title="bbox 1838 4795 3424 4879">
    <p class='ocr_par' dir='ltr' id='par_1_92' title="bbox 1846 4801 3424 4875">
     <span class='ocr_line' id='line_1_92' title="bbox 1846 4801 3424 4875; baseline -0.013 0"><span class='ocrx_word' id='word_1_671' title='bbox 1846 4829 1946 4875; x_wconf 68' lang='lat' dir='ltr'><strong>ctaa</strong></span> <span class='ocrx_word' id='word_1_672' title='bbox 1977 4818 2098 4872; x_wconf 84' lang='lat' dir='ltr'><strong>tldei</strong></span> <span class='ocrx_word' id='word_1_673' title='bbox 2129 4814 2560 4873; x_wconf 79' lang='lat' dir='ltr'><strong>fundamentum,</strong></span> <span class='ocrx_word' id='word_1_674' title='bbox 2585 4807 2864 4863; x_wconf 90' lang='lat' dir='ltr'><strong>custodem</strong></span> <span class='ocrx_word' id='word_1_675' title='bbox 2903 4804 3140 4875; x_wconf 87' lang='lat' dir='ltr'><strong>pietatis,</strong></span> <span class='ocrx_word' id='word_1_676' title='bbox 3170 4801 3424 4856; x_wconf 69' lang='lat' dir='ltr'><strong>Ecclesiae</strong></span> 
     </span>
    </p>
   </div>
   <div class='ocr_carea' id='block_1_93' title="bbox 165 4900 1746 4972">
    <p class='ocr_par' dir='ltr' id='par_1_93' title="bbox 165 4900 1746 4972">
     <span class='ocr_line' id='line_1_93' title="bbox 165 4900 1746 4972; baseline 0 -18"><span class='ocrx_word' id='word_1_677' title='bbox 165 4907 260 4972; x_wconf 85' lang='grc' dir='ltr'>τῆς</span> <span class='ocrx_word' id='word_1_678' title='bbox 319 4900 624 4965; x_wconf 75' lang='grc' dir='ltr'>εὐσεϐείας,</span> <span class='ocrx_word' id='word_1_679' title='bbox 676 4901 736 4954; x_wconf 86' lang='grc' dir='ltr'><strong>τὸ</strong></span> <span class='ocrx_word' id='word_1_680' title='bbox 789 4902 1068 4971; x_wconf 83' lang='grc' dir='ltr'>στήριγμα</span> <span class='ocrx_word' id='word_1_681' title='bbox 1111 4901 1211 4969; x_wconf 81' lang='grc' dir='ltr'>τῆς</span> <span class='ocrx_word' id='word_1_682' title='bbox 1273 4902 1620 4972; x_wconf 84' lang='grc' dir='ltr'>Ἐκκλησίας,</span> <span class='ocrx_word' id='word_1_683' title='bbox 1655 4904 1746 4956; x_wconf 81' lang='grc' dir='ltr'>τὸν</span> 
     </span>
    </p>
   </div>
   <div class='ocr_carea' id='block_1_94' title="bbox 168 4993 1746 5066">
    <p class='ocr_par' dir='ltr' id='par_1_94' title="bbox 168 4993 1746 5066">
     <span class='ocr_line' id='line_1_94' title="bbox 168 4993 1746 5066; baseline 0 -18"><span class='ocrx_word' id='word_1_684' title='bbox 168 4996 468 5066; x_wconf 83' lang='grc' dir='ltr'>νικηφόρον</span> <span class='ocrx_word' id='word_1_685' title='bbox 524 4994 710 5064; x_wconf 84' lang='grc' dir='ltr'>ἄνδρα,</span> <span class='ocrx_word' id='word_1_686' title='bbox 762 4993 855 5046; x_wconf 83' lang='grc' dir='ltr'>τὸν</span> <span class='ocrx_word' id='word_1_687' title='bbox 907 4993 1280 5064; x_wconf 75' lang='grc' dir='ltr'>Χριστοφόρον</span> <span class='ocrx_word' id='word_1_688' title='bbox 1329 4995 1612 5065; x_wconf 84' lang='grc' dir='ltr'>ἀρχιερέα,</span> <span class='ocrx_word' id='word_1_689' title='bbox 1655 4996 1746 5048; x_wconf 79' lang='grc' dir='ltr'><strong>τὸν</strong></span> 
     </span>
    </p>
   </div>
   <div class='ocr_carea' id='block_1_95' title="bbox 169 5083 1745 5157">
    <p class='ocr_par' dir='ltr' id='par_1_95' title="bbox 169 5083 1745 5157">
     <span class='ocr_line' id='line_1_95' title="bbox 169 5083 1745 5157; baseline 0.003 -21"><span class='ocrx_word' id='word_1_690' title='bbox 169 5086 463 5153; x_wconf 71' lang='grc' dir='ltr'>ὁμολογίας</span> <span class='ocrx_word' id='word_1_691' title='bbox 510 5083 646 5136; x_wconf 81' lang='grc' dir='ltr'>Θεοῦ</span> <span class='ocrx_word' id='word_1_692' title='bbox 686 5086 958 5154; x_wconf 79' lang='grc' dir='ltr'>μάρτυρα,</span> <span class='ocrx_word' id='word_1_693' title='bbox 1019 5085 1110 5155; x_wconf 82' lang='grc' dir='ltr'><strong>Μὴ</strong></span> <span class='ocrx_word' id='word_1_694' title='bbox 1157 5084 1264 5153; x_wconf 86' lang='grc' dir='ltr'>γὰρ</span> <span class='ocrx_word' id='word_1_695' title='bbox 1321 5086 1382 5138; x_wconf 84' lang='grc' dir='ltr'><strong>οὑ</strong></span> <span class='ocrx_word' id='word_1_696' title='bbox 1443 5087 1745 5157; x_wconf 87' lang='grc' dir='ltr'>μαρτυρίου</span> 
     </span>
    </p>
   </div>
   <div class='ocr_carea' id='block_1_96' title="bbox 174 5175 1743 5247">
    <p class='ocr_par' dir='ltr' id='par_1_96' title="bbox 174 5175 1743 5247">
     <span class='ocr_line' id='line_1_96' title="bbox 174 5175 1743 5247; baseline 0.003 -20"><span class='ocrx_word' id='word_1_697' title='bbox 174 5176 436 5243; x_wconf 55' lang='grc' dir='ltr'>στέφανός</span> <span class='ocrx_word' id='word_1_698' title='bbox 471 5191 592 5238; x_wconf 84' lang='grc' dir='ltr'>σοι;</span> <span class='ocrx_word' id='word_1_699' title='bbox 632 5175 713 5227; x_wconf 79' lang='grc' dir='ltr'>ὅτι</span> <span class='ocrx_word' id='word_1_700' title='bbox 764 5176 852 5228; x_wconf 81' lang='grc' dir='ltr'><strong>διὰ</strong></span> <span class='ocrx_word' id='word_1_701' title='bbox 900 5176 1132 5246; x_wconf 79' lang='grc' dir='ltr'>Χριστὸν</span> <span class='ocrx_word' id='word_1_702' title='bbox 1176 5177 1470 5247; x_wconf 76' lang='grc' dir='ltr'>ἐξόριστος,</span> <span class='ocrx_word' id='word_1_703' title='bbox 1499 5178 1743 5244; x_wconf 74' lang='grc' dir='ltr'>ἄποικος,</span> 
     </span>
    </p>
   </div>
   <div class='ocr_carea' id='block_1_97' title="bbox 173 5264 1748 5337">
    <p class='ocr_par' dir='ltr' id='par_1_97' title="bbox 173 5264 1748 5337">
     <span class='ocr_line' id='line_1_97' title="bbox 173 5264 1748 5337; baseline 0.003 -19"><span class='ocrx_word' id='word_1_704' title='bbox 173 5266 441 5327; x_wconf 81' lang='grc' dir='ltr'>πολύτλας</span> <span class='ocrx_word' id='word_1_705' title='bbox 463 5279 478 5294; x_wconf 89' lang='grc'><strong>·</strong></span> <span class='ocrx_word' id='word_1_706' title='bbox 521 5265 614 5316; x_wconf 82' lang='grc' dir='ltr'><strong>καὶ</strong></span> <span class='ocrx_word' id='word_1_707' title='bbox 647 5264 820 5318; x_wconf 79' lang='grc' dir='ltr'>ταῦτα</span> <span class='ocrx_word' id='word_1_708' title='bbox 850 5267 907 5318; x_wconf 83' lang='grc' dir='ltr'><strong>ὲν</strong></span> <span class='ocrx_word' id='word_1_709' title='bbox 930 5267 1123 5337; x_wconf 81' lang='grc' dir='ltr'>ἁπαλῷ</span> <span class='ocrx_word' id='word_1_710' title='bbox 1154 5266 1230 5337; x_wconf 83' lang='grc' dir='ltr'>τῷ</span> <span class='ocrx_word' id='word_1_711' title='bbox 1269 5268 1485 5334; x_wconf 85' lang='grc' dir='ltr'>σώματι</span> <span class='ocrx_word' id='word_1_712' title='bbox 1527 5269 1651 5321; x_wconf 85' lang='grc' dir='ltr'>ὅσον</span> <span class='ocrx_word' id='word_1_713' title='bbox 1683 5271 1748 5322; x_wconf 83' lang='grc' dir='ltr'>ὲκ</span> 
     </span>
    </p>
   </div>
   <div class='ocr_carea' id='block_1_98' title="bbox 176 5357 1748 5430">
    <p class='ocr_par' dir='ltr' id='par_1_98' title="bbox 176 5357 1748 5430">
     <span class='ocr_line' id='line_1_98' title="bbox 176 5357 1748 5430; baseline 0.003 -20"><span class='ocrx_word' id='word_1_714' title='bbox 176 5358 388 5424; x_wconf 72' lang='grc' dir='ltr'>φύσεως</span> <span class='ocrx_word' id='word_1_715' title='bbox 410 5372 424 5386; x_wconf 89' lang='grc'>·</span> <span class='ocrx_word' id='word_1_716' title='bbox 484 5357 992 5428; x_wconf 82' lang='grc' dir='ltr'>προτετρυχωμένῳ</span> <span class='ocrx_word' id='word_1_717' title='bbox 1035 5360 1089 5412; x_wconf 80' lang='grc' dir='ltr'>δὲ</span> <span class='ocrx_word' id='word_1_718' title='bbox 1119 5360 1180 5424; x_wconf 78' lang='grc' dir='ltr'>ἐξ</span> <span class='ocrx_word' id='word_1_719' title='bbox 1209 5362 1515 5430; x_wconf 83' lang='grc' dir='ltr'>ἀσκητικῆς</span> <span class='ocrx_word' id='word_1_720' title='bbox 1542 5357 1637 5414; x_wconf 82' lang='grc' dir='ltr'>οἷδ’</span> <span class='ocrx_word' id='word_1_721' title='bbox 1667 5362 1748 5414; x_wconf 84' lang='grc' dir='ltr'><strong>ὅτι</strong></span> 
     </span>
    </p>
   </div>
   <div class='ocr_carea' id='block_1_99' title="bbox 1848 4893 3424 4966">
    <p class='ocr_par' dir='ltr' id='par_1_99' title="bbox 1848 4893 3424 4966">
     <span class='ocr_line' id='line_1_99' title="bbox 1848 4893 3424 4966; baseline -0.013 -3"><span class='ocrx_word' id='word_1_722' title='bbox 1848 4911 2273 4966; x_wconf 83' lang='lat' dir='ltr'><strong>ﬁrmamentum,</strong></span> <span class='ocrx_word' id='word_1_723' title='bbox 2305 4903 2565 4956; x_wconf 87' lang='lat' dir='ltr'><strong>victorem</strong></span> <span class='ocrx_word' id='word_1_724' title='bbox 2616 4899 2812 4962; x_wconf 87' lang='lat' dir='ltr'><strong>virum,</strong></span> <span class='ocrx_word' id='word_1_725' title='bbox 2840 4894 3219 4950; x_wconf 85' lang='lat' dir='ltr'><strong>Christil&#39;erum</strong></span> <span class='ocrx_word' id='word_1_726' title='bbox 3243 4893 3424 4962; x_wconf 88' lang='lat' dir='ltr'><strong>ponti-</strong></span> 
     </span>
    </p>
   </div>
   <div class='ocr_carea' id='block_1_100' title="bbox 1849 4981 3422 5061">
    <p class='ocr_par' dir='ltr' id='par_1_100' title="bbox 1849 4981 3422 5061">
     <span class='ocr_line' id='line_1_100' title="bbox 1849 4981 3422 5061; baseline -0.011 -11"><span class='ocrx_word' id='word_1_727' title='bbox 1849 4996 2024 5061; x_wconf 83' lang='lat' dir='ltr'><strong>ﬁcem,</strong></span> <span class='ocrx_word' id='word_1_728' title='bbox 2079 4989 2437 5048; x_wconf 85' lang='lat' dir='ltr'><strong>confessionis</strong></span> <span class='ocrx_word' id='word_1_729' title='bbox 2497 4985 2588 5040; x_wconf 81' lang='lat' dir='ltr'><strong>Dei</strong></span> <span class='ocrx_word' id='word_1_730' title='bbox 2651 4991 2963 5053; x_wconf 88' lang='lat' dir='ltr'><strong>martyrem.</strong></span> <span class='ocrx_word' id='word_1_731' title='bbox 3017 4985 3212 5035; x_wconf 75' lang='lat' dir='ltr'><strong>Annon</strong></span> <span class='ocrx_word' id='word_1_732' title='bbox 3275 4981 3422 5034; x_wconf 82' lang='lat' dir='ltr'><strong>enim</strong></span> 
     </span>
    </p>
   </div>
   <div class='ocr_carea' id='block_1_101' title="bbox 1847 5074 3425 5159">
    <p class='ocr_par' dir='ltr' id='par_1_101' title="bbox 1847 5074 3425 5159">
     <span class='ocr_line' id='line_1_101' title="bbox 1847 5074 3425 5159; baseline -0.013 -15"><span class='ocrx_word' id='word_1_733' title='bbox 1847 5088 2090 5159; x_wconf 80' lang='lat' dir='ltr'><strong>martyrii</strong></span> <span class='ocrx_word' id='word_1_734' title='bbox 2171 5097 2373 5140; x_wconf 88' lang='lat' dir='ltr'><strong>corona</strong></span> <span class='ocrx_word' id='word_1_735' title='bbox 2446 5081 2540 5135; x_wconf 85' lang='lat' dir='ltr'><strong>tibi</strong></span> <span class='ocrx_word' id='word_1_736' title='bbox 2602 5086 2806 5147; x_wconf 63' lang='lat' dir='ltr'><strong>praesto</strong></span> <span class='ocrx_word' id='word_1_737' title='bbox 2875 5075 3007 5130; x_wconf 85' lang='lat' dir='ltr'><strong>est?</strong></span> <span class='ocrx_word' id='word_1_738' title='bbox 3060 5074 3152 5144; x_wconf 92' lang='lat' dir='ltr'><strong>qui</strong></span> <span class='ocrx_word' id='word_1_739' title='bbox 3200 5081 3425 5144; x_wconf 87' lang='lat' dir='ltr'><strong>propter</strong></span> 
     </span>
    </p>
   </div>
   <div class='ocr_carea' id='block_1_102' title="bbox 1845 5170 3422 5241">
    <p class='ocr_par' dir='ltr' id='par_1_102' title="bbox 1845 5170 3422 5241">
     <span class='ocr_line' id='line_1_102' title="bbox 1845 5170 3422 5241; baseline -0.012 -5"><span class='ocrx_word' id='word_1_740' title='bbox 1845 5182 2120 5236; x_wconf 88' lang='lat' dir='ltr'><strong>Christum</strong></span> <span class='ocrx_word' id='word_1_741' title='bbox 2171 5177 2324 5232; x_wconf 76' lang='lat' dir='ltr'><strong>exsul</strong></span> <span class='ocrx_word' id='word_1_742' title='bbox 2365 5183 2420 5228; x_wconf 90' lang='lat' dir='ltr'><strong>et</strong></span> <span class='ocrx_word' id='word_1_743' title='bbox 2448 5170 2769 5241; x_wconf 80' lang='lat' dir='ltr'><strong>peregrinus</strong></span> <span class='ocrx_word' id='word_1_744' title='bbox 2795 5183 2987 5238; x_wconf 76' lang='lat' dir='ltr'><strong>graves</strong></span> <span class='ocrx_word' id='word_1_745' title='bbox 3014 5181 3286 5220; x_wconf 62' lang='lat' dir='ltr'><strong>aerumnas</strong></span> <span class='ocrx_word' id='word_1_746' title='bbox 3326 5181 3422 5220; x_wconf 89' lang='lat' dir='ltr'><strong>su-</strong></span> 
     </span>
    </p>
   </div>
   <div class='ocr_carea' id='block_1_103' title="bbox 1846 5255 3420 5337">
    <p class='ocr_par' dir='ltr' id='par_1_103' title="bbox 1846 5255 3420 5337">
     <span class='ocr_line' id='line_1_103' title="bbox 1846 5255 3420 5337; baseline -0.012 -12"><span class='ocrx_word' id='word_1_747' title='bbox 1846 5273 2034 5335; x_wconf 87' lang='lat' dir='ltr'><strong>stines,</strong></span> <span class='ocrx_word' id='word_1_748' title='bbox 2060 5269 2221 5337; x_wconf 87' lang='lat' dir='ltr'><strong>idque</strong></span> <span class='ocrx_word' id='word_1_749' title='bbox 2268 5267 2323 5319; x_wconf 91' lang='lat' dir='ltr'><strong>in</strong></span> <span class='ocrx_word' id='word_1_750' title='bbox 2352 5278 2580 5334; x_wconf 88' lang='lat' dir='ltr'><strong>corpore</strong></span> <span class='ocrx_word' id='word_1_751' title='bbox 2621 5265 2739 5316; x_wconf 89' lang='lat' dir='ltr'><strong>tum</strong></span> <span class='ocrx_word' id='word_1_752' title='bbox 2761 5269 2953 5314; x_wconf 88' lang='lat' dir='ltr'><strong>natura</strong></span> <span class='ocrx_word' id='word_1_753' title='bbox 3004 5271 3100 5309; x_wconf 88' lang='lat' dir='ltr'><strong>sua</strong></span> <span class='ocrx_word' id='word_1_754' title='bbox 3127 5255 3420 5316; x_wconf 88' lang='lat' dir='ltr'><strong>imbecillo,</strong></span> 
     </span>
    </p>
   </div>
   <div class='ocr_carea' id='block_1_104' title="bbox 1846 5345 3422 5430">
    <p class='ocr_par' dir='ltr' id='par_1_104' title="bbox 1846 5345 3422 5430">
     <span class='ocr_line' id='line_1_104' title="bbox 1846 5345 3422 5430; baseline -0.011 -15"><span class='ocrx_word' id='word_1_755' title='bbox 1846 5370 1960 5415; x_wconf 90' lang='lat' dir='ltr'><strong>tum</strong></span> <span class='ocrx_word' id='word_1_756' title='bbox 2017 5357 2262 5430; x_wconf 88' lang='lat' dir='ltr'><strong>pristinis</strong></span> <span class='ocrx_word' id='word_1_757' title='bbox 2311 5399 2325 5422; x_wconf 91' lang='lat'><strong>,</strong></span> <span class='ocrx_word' id='word_1_758' title='bbox 2360 5365 2440 5410; x_wconf 90' lang='lat' dir='ltr'><strong>sat</strong></span> <span class='ocrx_word' id='word_1_759' title='bbox 2493 5355 2606 5411; x_wconf 89' lang='lat' dir='ltr'><strong>scio</strong></span> <span class='ocrx_word' id='word_1_760' title='bbox 2633 5395 2648 5420; x_wconf 94' lang='lat'><strong>,</strong></span> <span class='ocrx_word' id='word_1_761' title='bbox 2680 5351 2927 5408; x_wconf 68' lang='lat' dir='ltr'><strong>asceticze</strong></span> <span class='ocrx_word' id='word_1_762' title='bbox 2967 5349 3090 5402; x_wconf 72' lang='lat' dir='ltr'><strong>vita.°</strong></span> <span class='ocrx_word' id='word_1_763' title='bbox 3145 5345 3422 5399; x_wconf 85' lang='lat' dir='ltr'><strong>laboribus</strong></span> 
     </span>
    </p>
   </div>
   <div class='ocr_carea' id='block_1_105' title="bbox 178 5434 1733 5522">
    <p class='ocr_par' dir='ltr' id='par_1_105' title="bbox 178 5449 1733 5522">
     <span class='ocr_line' id='line_1_105' title="bbox 178 5449 1733 5522; baseline 0.002 -21"><span class='ocrx_word' id='word_1_764' title='bbox 178 5450 516 5521; x_wconf 83' lang='grc' dir='ltr'>θεοδρομίας.</span> <span class='ocrx_word' id='word_1_765' title='bbox 554 5449 720 5518; x_wconf 71' lang='grc' dir='ltr'><strong>Αίδχεί</strong></span> <span class='ocrx_word' id='word_1_766' title='bbox 745 5451 802 5500; x_wconf 80' lang='grc' dir='ltr'><strong>ὲν</strong></span> <span class='ocrx_word' id='word_1_767' title='bbox 835 5451 918 5502; x_wconf 72' lang='grc' dir='ltr'><strong>σοὶ</strong></span> <span class='ocrx_word' id='word_1_768' title='bbox 949 5450 1056 5502; x_wconf 85' lang='grc' dir='ltr'>τῶν</span> <span class='ocrx_word' id='word_1_769' title='bbox 1084 5452 1428 5521; x_wconf 81' lang='grc' dir='ltr'>όρθοφρόνων</span> <span class='ocrx_word' id='word_1_770' title='bbox 1457 5453 1486 5503; x_wconf 87' lang='grc' dir='ltr'>ὁ</span> <span class='ocrx_word' id='word_1_771' title='bbox 1513 5453 1690 5522; x_wconf 73' lang='grc' dir='ltr'>χορὸς,</span> <span class='ocrx_word' id='word_1_772' title='bbox 1724 5472 1733 5504; x_wconf 73' lang='grc' dir='ltr'>ι</span> 
     </span>
    </p>
   </div>
   <div class='ocr_carea' id='block_1_106' title="bbox 1838 5434 3423 5522">
    <p class='ocr_par' dir='ltr' id='par_1_106' title="bbox 1839 5434 3423 5505">
     <span class='ocr_line' id='line_1_106' title="bbox 1839 5434 3423 5505; baseline -0.013 1"><span class='ocrx_word' id='word_1_773' title='bbox 1839 5453 2041 5505; x_wconf 86' lang='lat' dir='ltr'><strong>attrito.</strong></span> <span class='ocrx_word' id='word_1_774' title='bbox 2073 5448 2346 5504; x_wconf 84' lang='lat' dir='ltr'><strong>Gloriatur</strong></span> <span class='ocrx_word' id='word_1_775' title='bbox 2379 5447 2431 5498; x_wconf 92' lang='lat' dir='ltr'><strong>in</strong></span> <span class='ocrx_word' id='word_1_776' title='bbox 2473 5453 2523 5499; x_wconf 92' lang='lat' dir='ltr'><strong>te</strong></span> <span class='ocrx_word' id='word_1_777' title='bbox 2548 5443 2976 5497; x_wconf 79' lang='lat' dir='ltr'><strong>orthodoxorum</strong></span> <span class='ocrx_word' id='word_1_778' title='bbox 3016 5438 3240 5498; x_wconf 91' lang='lat' dir='ltr'><strong>chorus,</strong></span> <span class='ocrx_word' id='word_1_779' title='bbox 3269 5434 3423 5487; x_wconf 75' lang='lat' dir='ltr'><strong>ltela-</strong></span> 
     </span>
    </p>
   </div>
   <div class='ocr_carea' id='block_1_107' title="bbox 179 5527 1733 5612">
    <p class='ocr_par' dir='ltr' id='par_1_107' title="bbox 179 5540 1733 5612">
     <span class='ocr_line' id='line_1_107' title="bbox 179 5540 1733 5612; baseline 0.002 -20"><span class='ocrx_word' id='word_1_780' title='bbox 179 5540 271 5609; x_wconf 79' lang='grc' dir='ltr'><strong>τῆς</strong></span> <span class='ocrx_word' id='word_1_781' title='bbox 320 5540 693 5609; x_wconf 80' lang='grc' dir='ltr'>Νικομηδείας</span> <span class='ocrx_word' id='word_1_782' title='bbox 739 5540 913 5610; x_wconf 81' lang='grc' dir='ltr'>χῶρος</span> <span class='ocrx_word' id='word_1_783' title='bbox 947 5541 1145 5611; x_wconf 84' lang='grc' dir='ltr'>χαίρει,</span> <span class='ocrx_word' id='word_1_784' title='bbox 1176 5544 1273 5593; x_wconf 77' lang='grc' dir='ltr'><strong>καὶ</strong></span> <span class='ocrx_word' id='word_1_785' title='bbox 1304 5542 1508 5608; x_wconf 74' lang='grc' dir='ltr'>εὐδοξεῖ</span> <span class='ocrx_word' id='word_1_786' title='bbox 1551 5545 1733 5612; x_wconf 72' lang='grc' dir='ltr'>προῖκα</span> 
     </span>
    </p>
   </div>
   <div class='ocr_carea' id='block_1_108' title="bbox 1838 5527 3423 5612">
    <p class='ocr_par' dir='ltr' id='par_1_108' title="bbox 1847 5527 3423 5600">
     <span class='ocr_line' id='line_1_108' title="bbox 1847 5527 3423 5600; baseline -0.013 -4"><span class='ocrx_word' id='word_1_787' title='bbox 1847 5553 1934 5597; x_wconf 92' lang='lat' dir='ltr'><strong>tur</strong></span> <span class='ocrx_word' id='word_1_788' title='bbox 1965 5539 2439 5595; x_wconf 79' lang='lat' dir='ltr'><strong>Nicomediensum</strong></span> <span class='ocrx_word' id='word_1_789' title='bbox 2462 5537 2676 5600; x_wconf 82' lang='lat' dir='ltr'><strong>civitas,</strong></span> <span class='ocrx_word' id='word_1_790' title='bbox 2709 5544 2763 5588; x_wconf 89' lang='lat' dir='ltr'><strong>et</strong></span> <span class='ocrx_word' id='word_1_791' title='bbox 2788 5530 3082 5600; x_wconf 89' lang='lat' dir='ltr'><strong>triumphat</strong></span> <span class='ocrx_word' id='word_1_792' title='bbox 3121 5527 3267 5580; x_wconf 88' lang='lat' dir='ltr'><strong>orbis</strong></span> <span class='ocrx_word' id='word_1_793' title='bbox 3308 5533 3423 5600; x_wconf 72' lang='lat' dir='ltr'><strong>ter-</strong></span> 
     </span>
    </p>
   </div>
   <div class='ocr_carea' id='block_1_109' title="bbox 183 5615 1733 5702">
    <p class='ocr_par' dir='ltr' id='par_1_109' title="bbox 183 5632 1733 5702">
     <span class='ocr_line' id='line_1_109' title="bbox 183 5632 1733 5702; baseline -0.002 -18"><span class='ocrx_word' id='word_1_794' title='bbox 183 5632 615 5702; x_wconf 75' lang='grc' dir='ltr'>προϐαλλόμενός</span> <span class='ocrx_word' id='word_1_795' title='bbox 653 5649 712 5684; x_wconf 90' lang='grc' dir='ltr'><strong>σε</strong></span> <span class='ocrx_word' id='word_1_796' title='bbox 746 5635 811 5701; x_wconf 83' lang='grc' dir='ltr'><strong>τῇ</strong></span> <span class='ocrx_word' id='word_1_797' title='bbox 867 5632 958 5683; x_wconf 78' lang='grc' dir='ltr'>ὑπ’</span> <span class='ocrx_word' id='word_1_798' title='bbox 990 5632 1216 5700; x_wconf 80' lang='grc' dir='ltr'>οὐρανόν</span> <span class='ocrx_word' id='word_1_799' title='bbox 1250 5650 1264 5662; x_wconf 78' lang='grc' dir='ltr'><strong>ο</strong></span> <span class='ocrx_word' id='word_1_800' title='bbox 1320 5633 1733 5702; x_wconf 64' lang='grc' dir='ltr'>ἀποσεισάμενος</span> 
     </span>
    </p>
   </div>
   <div class='ocr_carea' id='block_1_110' title="bbox 1838 5615 3423 5702">
    <p class='ocr_par' dir='ltr' id='par_1_110' title="bbox 1849 5615 3423 5690">
     <span class='ocr_line' id='line_1_110' title="bbox 1849 5615 3423 5690; baseline -0.013 -6"><span class='ocrx_word' id='word_1_801' title='bbox 1849 5645 2029 5684; x_wconf 90' lang='lat' dir='ltr'><strong>rarum</strong></span> <span class='ocrx_word' id='word_1_802' title='bbox 2093 5637 2144 5681; x_wconf 89' lang='lat' dir='ltr'><strong>te</strong></span> <span class='ocrx_word' id='word_1_803' title='bbox 2201 5633 2527 5690; x_wconf 86' lang='lat' dir='ltr'><strong>ostentans;</strong></span> <span class='ocrx_word' id='word_1_804' title='bbox 2602 5630 2656 5676; x_wconf 88' lang='lat' dir='ltr'><strong>et</strong></span> <span class='ocrx_word' id='word_1_805' title='bbox 2723 5630 2905 5675; x_wconf 87' lang='lat' dir='ltr'><strong>vetera</strong></span> <span class='ocrx_word' id='word_1_806' title='bbox 2968 5617 3096 5671; x_wconf 90' lang='lat' dir='ltr'><strong>olim</strong></span> <span class='ocrx_word' id='word_1_807' title='bbox 3139 5615 3423 5667; x_wconf 83' lang='lat' dir='ltr'><strong>decantata</strong></span> 
     </span>
    </p>
   </div>
   <div class='ocr_carea' id='block_1_111' title="bbox 183 5704 1733 5793">
    <p class='ocr_par' dir='ltr' id='par_1_111' title="bbox 183 5722 1733 5793">
     <span class='ocr_line' id='line_1_111' title="bbox 183 5722 1733 5793; baseline 0.003 -20"><span class='ocrx_word' id='word_1_808' title='bbox 183 5726 242 5776; x_wconf 74' lang='grc' dir='ltr'>τὰ</span> <span class='ocrx_word' id='word_1_809' title='bbox 265 5723 435 5776; x_wconf 71' lang='grc' dir='ltr'>παλαι</span> <span class='ocrx_word' id='word_1_810' title='bbox 459 5722 834 5792; x_wconf 68' lang='grc' dir='ltr'>θρυλλούμενα</span> <span class='ocrx_word' id='word_1_811' title='bbox 853 5726 916 5775; x_wconf 81' lang='grc' dir='ltr'><strong>ἐκ</strong></span> <span class='ocrx_word' id='word_1_812' title='bbox 937 5723 1044 5775; x_wconf 82' lang='grc' dir='ltr'>τῶν</span> <span class='ocrx_word' id='word_1_813' title='bbox 1069 5724 1248 5775; x_wconf 75' lang='grc' dir='ltr'>ἐκεῖσε</span> <span class='ocrx_word' id='word_1_814' title='bbox 1276 5725 1733 5793; x_wconf 58' lang='grc' dir='ltr'>προεδρευσέιντωη</span> 
     </span>
    </p>
   </div>
   <div class='ocr_carea' id='block_1_112' title="bbox 1838 5704 3426 5793">
    <p class='ocr_par' dir='ltr' id='par_1_112' title="bbox 1845 5704 3426 5793">
     <span class='ocr_line' id='line_1_112' title="bbox 1845 5704 3426 5793; baseline -0.011 -19"><span class='ocrx_word' id='word_1_815' title='bbox 1845 5721 2138 5793; x_wconf 71' lang='lat' dir='ltr'><strong>praesidum</strong></span> <span class='ocrx_word' id='word_1_816' title='bbox 2180 5735 2402 5774; x_wconf 90' lang='lat' dir='ltr'><strong>suorum</strong></span> <span class='ocrx_word' id='word_1_817' title='bbox 2454 5718 2649 5787; x_wconf 89' lang='lat' dir='ltr'><strong>probra</strong></span> <span class='ocrx_word' id='word_1_818' title='bbox 2676 5713 2971 5784; x_wconf 86' lang='lat' dir='ltr'><strong>depellens.</strong></span> <span class='ocrx_word' id='word_1_819' title='bbox 3009 5711 3086 5763; x_wconf 79' lang='lat' dir='ltr'><strong>Ac</strong></span> <span class='ocrx_word' id='word_1_820' title='bbox 3131 5707 3173 5762; x_wconf 85' lang='lat' dir='ltr'><strong>si</strong></span> <span class='ocrx_word' id='word_1_821' title='bbox 3207 5704 3426 5776; x_wconf 88' lang='lat' dir='ltr'><strong>pr0prie</strong></span> 
     </span>
    </p>
   </div>
   <div class='ocr_carea' id='block_1_113' title="bbox 236 5859 1733 5943">
    <p class='ocr_par' dir='ltr' id='par_1_113' title="bbox 236 5877 1733 5943">
     <span class='ocr_line' id='line_1_113' title="bbox 236 5877 1733 5943; baseline 0.001 -13"><span class='ocrx_word' id='word_1_822' title='bbox 236 5881 324 5933; x_wconf 75' lang='lat' dir='ltr'><strong>“ll</strong></span> <span class='ocrx_word' id='word_1_823' title='bbox 348 5880 632 5943; x_wconf 74' lang='lat' dir='ltr'><strong>C0r.vt,5.</strong></span> <span class='ocrx_word' id='word_1_824' title='bbox 741 5877 786 5908; x_wconf 80' lang='lat'>”</span> <span class='ocrx_word' id='word_1_825' title='bbox 822 5878 1010 5934; x_wconf 81' lang='lat' dir='ltr'><strong>Matth.</strong></span> <span class='ocrx_word' id='word_1_826' title='bbox 1041 5899 1093 5941; x_wconf 75' lang='grc' dir='ltr'>χ,</span> <span class='ocrx_word' id='word_1_827' title='bbox 1130 5883 1216 5937; x_wconf 66' lang='grc' dir='ltr'><strong>ὅὲ.</strong></span> <span class='ocrx_word' id='word_1_828' title='bbox 1330 5883 1373 5914; x_wconf 73' lang='grc'><strong>’⁸</strong></span> <span class='ocrx_word' id='word_1_829' title='bbox 1399 5882 1645 5943; x_wconf 74' lang='lat' dir='ltr'><strong>Joan.vl,</strong></span> <span class='ocrx_word' id='word_1_830' title='bbox 1725 5881 1733 5932; x_wconf 74' lang='grc'>2</span> 
     </span>
    </p>
   </div>
   <div class='ocr_carea' id='block_1_114' title="bbox 1838 5859 3421 5943">
    <p class='ocr_par' dir='ltr' id='par_1_114' title="bbox 1888 5859 3421 5939">
     <span class='ocr_line' id='line_1_114' title="bbox 1888 5859 3421 5939; baseline -0.014 -8"><span class='ocrx_word' id='word_1_831' title='bbox 1888 5880 1930 5910; x_wconf 67' lang='grc'><strong>9⁷</strong></span> <span class='ocrx_word' id='word_1_832' title='bbox 1995 5877 2157 5930; x_wconf 85' lang='lat' dir='ltr'><strong>Hebr.</strong></span> <span class='ocrx_word' id='word_1_833' title='bbox 2189 5874 2350 5938; x_wconf 75' lang='lat' dir='ltr'><strong>x,38.</strong></span> <span class='ocrx_word' id='word_1_834' title='bbox 2429 5873 2472 5905; x_wconf 84' lang='grc'><strong>’⁸</strong></span> <span class='ocrx_word' id='word_1_835' title='bbox 2501 5871 2733 5927; x_wconf 85' lang='lat' dir='ltr'><strong>Tantum</strong></span> <span class='ocrx_word' id='word_1_836' title='bbox 2784 5868 2950 5939; x_wconf 78' lang='lat' dir='ltr'><strong>hujus</strong></span> <span class='ocrx_word' id='word_1_837' title='bbox 3000 5865 3161 5936; x_wconf 87' lang='lat' dir='ltr'><strong>epist.</strong></span> <span class='ocrx_word' id='word_1_838' title='bbox 3209 5859 3421 5921; x_wconf 88' lang='lat' dir='ltr'><strong>titulus,</strong></span> 
     </span>
    </p>
   </div>
   <div class='ocr_carea' id='block_1_115' title="bbox 191 5948 1081 6017">
    <p class='ocr_par' dir='ltr' id='par_1_115' title="bbox 191 5948 1081 6017">
     <span class='ocr_line' id='line_1_115' title="bbox 191 5948 1081 6017; baseline 0.006 -17"><span class='ocrx_word' id='word_1_839' title='bbox 191 5948 333 6017; x_wconf 79' lang='lat' dir='ltr'><strong>isque</strong></span> <span class='ocrx_word' id='word_1_840' title='bbox 365 5953 610 6013; x_wconf 88' lang='lat' dir='ltr'><strong>mutilus,</strong></span> <span class='ocrx_word' id='word_1_841' title='bbox 644 5955 794 6014; x_wconf 80' lang='lat' dir='ltr'><strong>extat</strong></span> <span class='ocrx_word' id='word_1_842' title='bbox 844 5955 896 6004; x_wconf 91' lang='lat' dir='ltr'><strong>in</strong></span> <span class='ocrx_word' id='word_1_843' title='bbox 950 5962 1081 6006; x_wconf 72' lang='lat' dir='ltr'><strong>mss.</strong></span> 
     </span>
    </p>
   </div>
  </div>
