3914 6436
546 386 682 450 1123

1727 394 1787 453 S.
1828 394 2220 455 THEODORI
2252 398 2600 460 ΞΤΠΒΙΤίΕ

3660 397 3782 459 11ἳ4

539 500 710 570 magis
734 497 1063 568 loquendum
1094 510 1198 564 est,
1227 501 1461 555 exsultat
1496 517 1675 556 ammo
1700 515 1919 557 sanctus
1948 503 2116 558 Tarac

2237 510 2414 580 lvsi6r;.
2587 510 2643 563 δέ
2692 528 2744 563 τι
2794 510 3119 581 οἰκειότερον
3169 509 3249 561 δεῖ
3302 508 3506 574 φάναι·
3557 505 3783 575 θυμηδιᾷ

537 592 673 655 sius,
713 608 777 646 ex
811 592 961 646 caula
1003 608 1273 661 manuque
1296 610 1392 647 sua
1449 596 1599 664 prius
1632 612 1811 661 ovem,
1851 607 1960 650 tum
2014 614 2101 666 pa‘

2212 603 2485 673 Ταρὰσιος
2510 605 2538 655 0
2574 606 2632 655 ὲν
2661 605 2856 672 ἁγίοις,
2890 606 2953 656 ἐκ
2980 604 3078 673 τῆς
3108 601 3272 656 αὑτοῦ
3304 602 3475 669 αὐλῆς
3495 602 3595 653 καὶ
3619 600 3785 670 latr)»;

538 694 737 737 storem
794 683 1050 754 inclytum
1120 684 1311 738 videns
1371 686 1768 755 depugnautem
1825 688 2005 750 modo,
2059 696 2113 740 et

2237 695 2482 765 πρόϐατον
2534 697 2685 764 πρὶν,
2743 695 2934 748 ἔπειτα
2981 696 3215 763 ποιμένα
3266 691 3599 763 περιϐόητον
3629 691 3783 761 ὀρῶν,

537 773 835 827 discrimen
859 789 1021 827 onme
1051 785 1325 843 petentem
1362 791 1458 844 pro
1507 776 1609 829 [ide
1640 778 1942 832 orthodoxa
1973 796 1983 829 :
2017 779 2109 847 qui

2237 788 2377 840 τανῦν
2410 786 2809 863 ἀγωνιζόμενον
2838 786 2931 839 καὶ
2971 782 3456 856 προκινδυνεύοντα
3516 782 3667 852 ὑπὲρ
3704 782 3783 851 ορ-

538 865 681 932 quod
738 863 790 916 iu
820 879 877 917 se
922 875 1058 929 erat,
1091 880 1186 935 per
1214 868 1477 937 synodum
1509 868 1600 921 Dei
1661 869 1827 939 gratia
1889 871 2115 925 contulit

541 954 878 1024 temporibus
915 955 1195 1027 Augustae,
1245 974 1364 1027 quae
1403 960 1552 1029 pacis
1595 976 1897 1029 cognomen
1950 963 2117 1030 gessit

543 1054 598 1098 et
633 1060 819 1113 pacem
870 1046 1039 1112 dedit,
1081 1047 1153 1099 ita
1221 1057 1281 1101 ut
1335 1066 1420 1103 rcs
1458 1051 1587 1118 ipsae
1623 1050 1937 1103 nominibus
1993 1061 2117 1118 apte

543 1145 929 1205 congruerent.
958 1136 1157 1190 Verum
1187 1137 1274 1191 illa
1308 1140 1524 1208 quidem
1577 1140 1656 1193 sic
1683 1139 1902 1193 fuerunt
1930 1158 1945 1193 :
1979 1157 2117 1210 prte-

545 1228 719 1280 seutia
749 1242 879 1280 vero
916 1242 1102 1281 amara
1146 1237 1202 1282 et
1238 1230 1501 1284 luctuosa.
1548 1228 1650 1296 Qui
1708 1232 1854 1285 enim
1906 1230 2117 1285 aliter?

545 1318 806 1373 altaribus
847 1320 1242 1385 exterminatis,
1297 1324 1505 1377 eversis
1575 1325 1841 1390 ecclesiis,
1907 1340 2122 1379 sursum

546 1411 798 1464 deorsum
839 1413 1017 1466 omnia
1050 1413 1308 1467 miscente
1343 1414 1553 1476 lneresi,
1582 1425 1636 1469 et
1665 1415 1941 1470 Christum
1991 1432 2115 1470 cum

548 1514 719 1556 matre
755 1511 809 1557 et
840 1505 1011 1559 servis
1049 1504 1161 1559 suis
1207 1516 1586 1575 persequente.
1622 1510 1704 1561 An
1758 1524 1886 1562 vero
1930 1524 2120 1579 perse-

2216 878 2457 944 θοδοξίας
2478 898 2492 912 ·
2590 880 2973 949 σννεισήνεγκε
3024 877 3092 929 τὰ
3124 878 3254 946 παρ’
3279 872 3472 927 ἑαυτοῦ
3500 875 3785 935 συνοδικῶς

2216 973 2398 1043 χάριτι
2433 972 2565 1023 Θεοῦ
2596 973 2653 1023 ἐν
2685 972 2920 1041 ἡμέραις
2953 968 3238 1030 Βασιλείας
3268 966 3537 1036 είρηνωνύ
3550 984 3657 1035 μου
3706 966 3787 1018 καὶ

2219 1063 2601 1133 εἰρηνοδώρουο
2630 1061 2704 1123 ὡς
2729 1062 3051 1130 συνδραμεῖν
3074 1058 3407 1128 φερωνύμως
3428 1060 3546 1119 τοῖς
3569 1058 3787 1125 ὀνόμασι

2220 1154 2287 1205 τὰ
2317 1154 2639 1221 πράγματα.
2682 1151 2821 1204 Ἀλλ’
2858 1154 3042 1203 ἐκεῖνα
3079 1150 3176 1219 μὲν
3205 1146 3449 1201 τοιαῦτα.
3489 1147 3574 1200 Τά
3616 1147 3671 1199 δὲ
3706 1147 3789 1199 νῦν

2222 1244 2396 1312 πικρά
2427 1260 2485 1296 τε
2520 1244 2615 1296 καὶ
2643 1241 2908 1295 ἐπώδυνα.
2943 1242 3064 1304 Πῶς
3095 1240 3202 1310 γὰρ
3238 1238 3331 1304 οὖς
3390 1238 3790 1310 θυσιαστηρίων

2225 1334 2662 1403 ἀφανιζομένων,
2712 1331 3015 1401 ἐκκλησιῶν
3062 1331 3447 1401 πορθουμένων
3474 1368 3491 1391 ,
3552 1327 3792 1382 ἄνωάαὶ

2226 1428 2373 1479 κάτω
2402 1424 2655 1493 κυκώσης
2682 1425 2779 1492 τῆς
2802 1424 3087 1494 αἱρέσεως,
3114 1426 3206 1475 καὶ
3225 1421 3464 1493 Χριστὸν
3494 1421 3791 1489 διωκούσης

2226 1520 2323 1570 σὺν
2358 1518 2525 1588 μητρὶ
2555 1517 2647 1570 καὶ
2679 1516 3030 1585 θεράπουσιν.
3060 1515 3129 1566 Ἢ
3168 1514 3276 1583 γάρ
3308 1512 3404 1581 οὐχ
3434 1505 3589 1565 οὗτοι
3622 1512 3792 1564 δεδιω-

552 1595 828 1648 cutionem
886 1596 1026 1663 passi
1064 1611 1172 1649 non
1225 1606 1394 1661 sunt,
1457 1598 1679 1667 deiectis
1735 1609 1789 1654 et
1848 1603 2127 1670 prostratis

2237 1612 2439 1679 γμένοι,
2497 1609 2606 1661 τῶν
2660 1609 2831 1677 ἁγίων
2867 1607 3088 1659 εἰκόνων
3143 1605 3318 1659 αὐτῶν
3371 1604 3792 1673 πορθουμένων;

548 1683 749 1737 sanctis
798 1683 1035 1752 ipsorum
1070 1685 1390 1756 imaginibus
1420 1687 1442 1739 ?
1495 1686 1634 1742 Num
1666 1704 1813 1757 ergo,
1851 1690 1895 1744 si
1928 1690 2123 1745 viviﬁci

2237 1705 2290 1757 Ei.
2332 1702 2405 1773 μὴ
2440 1704 2543 1778 ἄρα
2573 1701 2666 1754 καὶ
2711 1699 2803 1752 τοῦ
2834 1698 3007 1752 τύπου
3032 1697 3126 1751 τοῦ
3157 1695 3422 1761 ζωοποιοῦ
3465 1695 3630 1761 ξύλου
3658 1697 3793 1762 ἀφα-

551 1771 679 1841 ligni
714 1782 870 1842 typus
916 1774 1215 1837 abolentur,
1279 1776 1545 1831 sublatam
1581 1794 1612 1833 e
1666 1780 1846 1835 medio
1910 1797 2127 1836 erucem

2237 1771 2533 1860 v:§op.évob,
2594 1791 2742 1857 λέγοι
2800 1806 2882 1852 τις
2968 1788 3060 1839 τὸν
3115 1783 3347 1856 σταυρὸν
3413 1785 3493 1854 μὴ
3559 1784 3796 1837 ἐκποδὼν

551 1864 674 1931 quis
712 1865 916 1934 neget?
954 1866 1108 1931 Quod
1153 1868 1196 1921 si
1233 1866 1286 1920 in
1323 1875 1447 1938 typo
1484 1869 1590 1924 dici
1639 1869 1742 1925 hoc
1791 1872 1940 1927 nullo
1968 1873 2127 1926 modo

2237 1859 2518 1951 γενέσθαις
2551 1882 2612 1933 El
2645 1880 2703 1934 δὲ
2755 1880 2849 1932 ἐπὶ
2884 1878 3034 1931 τοῦδε
3067 1880 3166 1948 οὐχ
3211 1876 3383 1938 οὕτως
3411 1875 3596 1928 δοτέον
3621 1892 3635 1907 ⁸
3688 1874 3796 1934 πῶς

554 1964 776 2023 potest,
825 1971 922 2010 cur
953 1973 1063 2012 non
1102 1958 1247 2013 idem
1280 1960 1442 2014 etiam
1482 1961 1537 2015 in
1557 1962 1796 2053 imagine
1852 1962 2130 2018 fatendum

2237 1974 2352 2045 οὐχὶ
2386 1974 2478 2025 καὶ
2507 1972 2600 2025 ἐπὶ
2622 1971 2721 2041 τῆς
2750 1971 2955 2033 εἰκόνος
2984 1968 3453 2037 σνγκαταθετέονς
3505 1966 3672 2020 εἰκὼν
3698 1966 3798 2033 γὰρ

554 2046 671 2101 sit?
705 2046 975 2116 siquidem
1033 2058 1087 2103 et
1130 2060 1286 2121 typus
1325 2051 1441 2121 ipse
1501 2046 1680 2123 imago
1746 2062 1850 2119 est,
1903 2069 1968 2109 ac
2014 2054 2134 2110 vice

557 2154 713 2193 versa
772 2142 1006 2195 recurrit
1058 2143 1251 2197 oratio.
1282 2144 1350 2198 At
1395 2134 1643 2213 q'uisnam
1671 2158 1768 2214 ego
1822 2161 1940 2200 sum
1972 2147 2136 2205 miser

2229 2066 2324 2119 καὶ
2372 2067 2400 2117 ὁ
2428 2063 2628 2127 τύπος’
2688 2062 2765 2126 ὡς
2819 2061 3086 2116 ἀνάπαλιν
3146 2060 3494 2130 ἀντιστρέφει
3544 2060 3575 2112 0
3626 2058 3795 2124 λόγος.

2242 2154 2401 2208 Ἀλλά
2456 2155 2539 2217 τίς
2584 2155 2698 2225 είμι
2731 2155 2760 2207 0
2796 2154 2961 2216 τάλας
3010 2153 3105 2207 καὶ
3157 2152 3419 2223 ἀμύητος,
3462 2150 3599 2221 Θείῳ
3634 2148 3802 2218 Πατρὶ

555 2241 611 2286 et
658 2248 938 2288 sacrorum
999 2235 1310 2304 imperitus,
1350 2237 1438 2305 qui
1515 2236 1631 2289 haec
1688 2235 1871 2289 divino
1898 2235 2043 2290 Patri
2082 2244 2136 2290 et

2237 2246 2327 2299 καὶ
2348 2245 2650 2316 διδασκάλῳ
2667 2245 2980 2312 αἰτιολογῶν
3007 2243 3211 2310 ταῦτα;
3237 2244 3308 2297 Σὺ
3338 2243 3488 2313 ἡμᾶς
3508 2242 3797 2300 διδάσκοις,

554 2324 813 2392 magistro
897 2324 1248 2380 edisseram?
1294 2326 1373 2379 Ttt
1418 2326 1534 2395 ipse
1598 2342 1716 2390 nos,
1768 2327 2129 2393 sanctissime,

556 2414 879 2484 perfectiora
914 2417 1048 2471 doce
1070 2456 1085 2481 ,
1128 2427 1189 2471 ut
1228 2417 1424 2472 divinis
1458 2418 1697 2472 imbutus
1726 2437 1739 2473 :
1768 2428 1823 2472 tu
1854 2418 2013 2473 factis
2046 2419 2132 2472 in-

555 2516 706 2560 strue
740 2508 806 2561 ad
840 2507 1054 2562 fortiter
1085 2507 1364 2563 ferendam
1398 2519 1722 2578 prtesent'em
1773 2525 1869 2564 seu
1897 2511 2129 2579 castiga-

556 2596 784 2661 tionem,
821 2614 917 2653 seu
951 2599 1324 2668 probationem
1374 2618 1387 2654 :
1449 2615 1676 2669 quorum
1712 2601 1839 2654 illud
1898 2601 2048 2671 prius
2077 2602 2130 2654 in

557 2705 657 2743 nos
688 2690 915 2759 quadrat
948 2701 1172 2760 propter
1229 2700 1450 2761 peccata
1487 2710 1497 2744 :
1533 2693 1807 2761 posterius
1840 2694 1971 2747 inte
2004 2706 2129 2762 pro-

558 2792 676 2851 pter
711 2782 947 2835 divinam
1010 2782 1328 2837 charitalem
1375 2782 1610 2837 Christi:
1651 2799 1812 2853 quem
1867 2794 1923 2839 tu
1975 2800 2131 2841 orare

559 2889 625 2927 ne
648 2888 826 2928 cesses
854 2884 912 2927 ut
942 2874 1235 2943 impietatis
1280 2876 1526 2929 umbram
1573 2876 1850 2941 discutiat,
1895 2886 1945 2931 et
1988 2892 2135 2932 sere-

559 2980 631 3020 no
682 2965 986 3035 tranquillae
1037 2966 1160 3021 lidei
1209 2967 1448 3023 diluculo
1497 2969 1783 3025 celerrime
1840 2979 2131 3041 permutet.

1052 3084 1190 3138 V.—
1232 3086 1523 3143 Naucratio
1553 3088 1687 3158 ﬁlia.

2233 2331 2279 2391 ὦ
2321 2338 2600 2407 ἱερώτατε,
2634 2336 2701 2389 τὰ
2733 2334 3034 2407 τελεώτερα
3055 2335 3130 2398 ὠς
3156 2334 3455 2404 Οεομύητος
3480 2350 3498 2363 ο
3532 2334 3631 2385 καὶ
3662 2332 3802 2401 ἔργῳ

2235 2429 2509 2491 παιδεύοις
2540 2428 2727 2498 φέρειν
2756 2429 3038 2497 καρτερῶς
3092 2426 3191 2497 τὴν
3235 2424 3331 2477 νῦν
3362 2425 3476 2477 εἴτε
3529 2423 3801 2483 παιδείαν,

2234 2522 2345 2573 εἴτε
2372 2520 2696 2590 δοκιμασίαν
2720 2535 2734 2549 ο
2766 2519 2828 2571 τὸ
2861 2520 3077 2589 πρῶτον
3110 2517 3199 2584 ἐφ’
3228 2517 3360 2586 ἡμῖν
3386 2514 3473 2567 διά
3498 2513 3599 2575 τὰς
3624 2515 3802 2581 ἀμαρο

2232 2613 2353 2675 τίας
2379 2630 2394 2645 ο
2443 2613 2503 2665 τὸ
2546 2611 2796 2682 δεύτερον
2844 2610 2938 2662 ἐπὶ
2991 2608 3094 2671 σοὶ,
3138 2608 3226 2661 διὰ
3265 2606 3364 2678 τὴν
3400 2605 3549 2659 θείαν
3584 2604 3804 2671 ἀγάπην

2235 2703 2472 2774 Χριστοῦ
2496 2718 2509 2732 °
2539 2696 2585 2770 ᾧ
2620 2702 2922 2756 λιτανεύειν
2978 2700 3053 2771 μὴ
3103 2699 3369 2762 ἑλλείποις
3411 2698 3679 2768 ἐκτρέψαι
3710 2697 3804 2765 τὴν

2237 2793 2339 2862 τῆς
2371 2792 2628 2858 ἀσεϐείας
2658 2792 2816 2849 σκιὰν
2840 2794 2919 2857 είς
2952 2791 3164 2865 πρωῖαν
3190 2789 3473 2861 εἰρηνικῆς
3496 2785 3804 2858 ὀρθοδοξίας

2237 2886 2490 2958 τάχιστα.

2611 3086 2687 3142 Ε’.
2721 3116 2792 3127 --
2818 3085 3169 3155 Ναυκρατίφ
3191 3085 3401 3147 τέκνῳ.
3423 3080 3595 3155 [ριε¹.]

652 3200 888 3253 Τὴεόύωἰ
918 3205 1143 3255 monachi
1165 3208 1475 3270 martyrium.
1510 3209 1586 3259 De
1611 3208 1902 3271 quibusdam
1925 3208 2072 3269 lapsis
2097 3207 2321 3268 querela.
2345 3205 2573 3258 Hortatio
2592 3208 2652 3257 ad
2676 3206 3016 3257 constantiam.
3046 3207 3245 3268 (Baron.
3272 3218 3349 3255 an.
3376 3203 3486 3264 8H,
3512 3217 3563 3254 ιι.
3594 3206 3699 3268 55.)

630 3305 867 3363 Nuntius
896 3325 1059 3379 supra
1090 3311 1367 3377 nuntium,
1403 3323 1459 3369 et
1487 3328 1668 3368 sermo
1718 3328 1882 3382 supra
1926 3328 2134 3368 sermo-
2168 3319 2211 3379 ς.

562 3412 709 3452 nem.
748 3398 889 3464 Quid
938 3400 1134 3464 dicam,
1194 3411 1288 3456 aut
1332 3404 1462 3472 quid
1503 3404 1747 3473 loquar?
1777 3402 1949 3469 Quem
2007 3420 2135 3458 seu—

564 3505 685 3543 sum
725 3492 892 3545 miser
926 3494 1138 3563 capiam
1195 3493 1251 3546 in
1297 3494 1363 3548 iis
1413 3510 1534 3565 qua:
1584 3494 1939 3551 acciderunt?
1994 3493 2139 3549 Gau-

566 3581 716 3636 dium
741 3583 875 3636 mihi
911 3592 964 3637 et
994 3585 1167 3648 dolor,
1196 3585 1444 3655 jubilatio
1473 3597 1528 3641 et
1566 3586 1761 3641 luctus.
1798 3586 1858 3640 In
1886 3585 2140 3639 affectum

566 3675 798 3728 duorum
854 3676 1033 3732 medio
1061 3679 1270 3747 positus
1308 3695 1450 3744 sum,
1488 3694 1588 3734 nec
1630 3688 1867 3734 statuere
1896 3692 2138 3747 possum,

567 3768 634 3821 ad
672 3777 853 3821 utrum
882 3784 967 3822 me
1026 3780 1367 3825 convertam.
1401 3770 1787 3825 Verumtamen
1822 3767 1992 3822 vincit
2050 3766 2142 3836 qui

570 3857 825 3911 Satanam
854 3859 983 3913 vicit
1029 3871 1084 3915 et
1137 3862 1414 3931 principes
1442 3869 1498 3914 et
1556 3869 1791 3915 tortores
1834 3858 1999 3927 hujus
2034 3873 2141 3911 sa:-

569 3949 700 4003 culi.
728 3948 882 4004 Morti
926 3966 1025 4021 pro
1078 3950 1304 4005 Christo
1353 3951 1513 4005 datus
1551 3960 1635 4006 est
1701 3949 1906 4005 Christi
1969 3964 2142 4019 agnus

570 4039 794 4109 ﬂagellis
825 4042 1098 4107 concisus,
1120 4041 1423 4097 Thaddteus
1448 4043 1492 4074 ”
1523 4057 1704 4097 ramus
1729 4057 1905 4106 meus,
1932 4042 2139 4096 viscera

571 4148 691 4186 mea
716 4172 730 4196 ,
770 4132 912 4187 tilius
971 4134 1295 4189 obedientite
1323 4173 1338 4198 ,
1388 4134 1639 4190 surculus
1694 4134 1911 4204 pietatis
1939 4173 1953 4197 ,
1991 4132 2140 4203 Apoc

570 4226 693 4279 stoli
719 4225 1084 4296 cognominis.
1137 4226 1405 4281 Gaudium
1430 4227 1777 4293 immensum,
1809 4225 2144 4281 incredibilis

570 4316 777 4383 laetitia,
808 4334 919 4373 non
960 4319 1097 4373 mihi
1154 4328 1364 4374 tantum
1422 4320 1644 4390 pusillo,
1700 4320 1796 4375 sed
1831 4329 1885 4374 et
1924 4318 2143 4391 Angelis

572 4410 777 4478 pariter
864 4420 921 4466 et
1022 4411 1361 4467 hominibus.
1421 4410 1590 4476 Quam
1626 4413 1966 4483 magniﬁcam
2025 4422 2144 4466 sunt

570 4517 729 4570 opera
762 4510 872 4563 tua,
910 4502 1132 4556 Domine
1163 4504 1213 4557 ιι
1266 4505 1410 4572 quod
1442 4520 1590 4558 nunc
1636 4505 1799 4559 etiam
1849 4504 1907 4557 in
1954 4504 2141 4558 humili

2326 3314 2580 3383 ’Δγγελία
2612 3315 2698 3367 ἐπ’
2723 3313 2953 3383 ἀγγελίᾳ
2974 3330 2988 3344 ·
3037 3311 3193 3380 λόγος
3221 3312 3313 3365 ἐπὶ
3360 3310 3525 3381 λόγῳ.
3550 3312 3617 3364 Τί
3649 3311 3809 3370 εἴπω,

2238 3406 2333 3459 καὶ
2358 3406 2411 3459 τί
2439 3404 2686 3476 λαλήσω;
2711 3404 2828 3467 πῶς
2859 3402 3088 3458 διατεθῶ
3108 3406 3136 3456 0
3155 3402 3323 3467 τάλας
3348 3404 3441 3455 ἐπὶ
3501 3404 3619 3464 τοῖς
3661 3416 3812 3469 γεγε-

2239 3496 2523 3565 νημένοιςς
2566 3495 2724 3566 Χαρά
2751 3510 2841 3565 μοι
2866 3494 2960 3546 καὶ
2988 3492 3152 3564 λύπη·
3184 3492 3367 3553 ἄνεσις
3398 3492 3491 3544 καὶ
3534 3489 3814 3543 ἀποκλαύ-

2243 3608 2350 3653 σις.
2378 3590 2465 3642 Ἐν
2496 3588 2801 3659 μεταιχμίῳ
2826 3587 2921 3641 δύο
2950 3586 3136 3640 παθῶν
3154 3584 3564 3654 ἀπειλημμένος
3585 3583 3807 3650 γέγονα·

2242 3684 2336 3737 καὶ
2364 3684 2465 3736 οὐκ
2489 3682 2599 3753 ἔχω
2650 3681 2878 3751 πότερον
2906 3680 3203 3750 αἱρήσομαι
3229 3676 3429 3745 λέγειν.
3463 3674 3660 3742 Ὅμως
3688 3673 3815 3741 νικᾷ

2240 3778 2268 3829 0
2326 3775 2553 3845 νικήσας
2608 3773 2698 3827 τὸν
2746 3772 3025 3836 Σατανᾶν,
3082 3770 3174 3824 καὶ
3232 3770 3357 3829 τοὺς
3402 3768 3675 3837 ἄρχοντας
3724 3766 3815 3818 καὶ

2241 3867 2508 3929 κολαστὰς
2544 3864 2637 3919 τοῦ
2668 3864 2861 3927 αἰῶνος
2887 3862 3063 3916 τοῦδε.
3116 3859 3457 3929 Ἐθανατώίὶη
3492 3858 3635 3928 ὑπὲρ
3673 3858 3813 3927 Χρι-

2242 3957 2368 4012 στοῦ
2396 3959 2455 4011 τὸ
2485 3956 2670 4027 ἀρνίον
2695 3954 2789 4009 τοῦ
2820 3952 3054 4026 Χριστοῦ
3086 3952 3539 4022 μαστιγούμενον,
3554 3950 3815 4010 Θαδδαῖος

2239 4053 2267 4104 ὀ
2312 4050 2443 4119 ὲμὸς
2472 4048 2671 4121 ὅρπηξ,
2699 4048 2759 4102 τὺ
2804 4047 2937 4118 ἐμὸν
2974 4045 3300 4115 σπλάγχνον,
3346 4044 3376 4096 0
3425 4044 3543 4106 υἱὸς
3576 4041 3678 4111 τῆς
3711 4043 3817 4094 ὑπ-

2240 4140 2433 4211 ακοῆς,
2461 4140 2523 4193 τὸ
2554 4139 2802 4209 στέλεχος
2832 4137 2929 4207 τῆς
2962 4134 3267 4197 εὐσεϐείας,
3290 4134 3320 4187 0
3350 4131 3442 4186 τοῦ
3485 4130 3815 4184 ’Δποστόλου

2242 4234 2577 4303 συνώνυμος.
2624 4232 2989 4293 ’Δϐἀστακτος
3019 4230 3053 4299 ἡ
3106 4228 3273 4299 χαρά,
3320 4224 3736 4295 ἀνυπέρϐλητος
3782 4224 3815 4290 ὴ

2242 4323 2571 4397 εὐφροσύνη,
2613 4324 2715 4377 οὐκ
2753 4322 2880 4392 ἐμοὶ
2923 4318 3002 4390 τῷ
3051 4316 3294 4387 ταπεινῷ
3326 4316 3506 4387 μόνον,
3537 4313 3677 4366 ἀλλὰ
3724 4314 3820 4365 καὶ

2242 4418 2496 4487 ἀγγέλοις
2520 4416 2615 4470 καὶ
2638 4413 2968 4485 ἀνθρώποις.
3010 4409 3108 4476 Ὠς
3133 4408 3507 4479 ἐμεγαλύνθη
3556 4406 3628 4458 τὰ
3674 4404 3821 4473 ἔργα

2243 4524 2382 4571 σου,
2409 4504 2626 4573 Κύριεί
2652 4504 2734 4557 ὅτι
2763 4502 2857 4555 καὶ
2884 4501 2978 4555 νῦν
3005 4501 3061 4553 ὲν
3104 4502 3170 4570 τῇ
3199 4499 3426 4566 ταπεινῇ
3454 4496 3617 4565 γενεᾷ
3642 4494 3817 4563 ταύτῃ

569 4595 917 4665 generatione
949 4597 1051 4651 ista
1084 4597 1460 4667 incorruptum
1502 4598 1743 4655 veritatis
1786 4608 1895 4653 tua:
1948 4607 2136 4653 testem

2250 4599 2501 4669 μάρτυρα
2523 4594 2620 4664 τῆς
2651 4591 2909 4665 ἀληθείας
2932 4607 3025 4645 σου
3048 4591 3482 4661 ἀπαράγραπτον
3503 4586 3816 4653 ἀνέδειξας·

570 4685 913 4756 produxisti:
955 4695 1011 4741 et
1048 4687 1196 4741 hunc
1229 4703 1339 4741 non
1383 4703 1449 4741 ex
1498 4688 1874 4756 sapientibus,
1898 4696 1994 4743 aut
2040 4702 2136 4742 no-

2247 4692 2342 4745 καὶ
2364 4688 2552 4743 τοῦτον
2582 4686 2685 4741 οὐκ
2707 4687 2774 4740 ὲκ
2799 4684 2907 4738 τῶν
2941 4685 3121 4754 σοφῶν
3155 4684 3250 4737 καὶ
3289 4680 3529 4750 εὐγενῶν
3554 4680 3651 4733 τοῦ
3691 4679 3817 4750 τῇδε

569 4776 768 4831 bilibus
797 4775 961 4846 hujus
1010 4777 1218 4842 mundi,
1267 4778 1363 4832 sed
1417 4793 1449 4834 e
1492 4778 1650 4848 plane
1698 4778 1935 4835 diversis
1999 4797 2013 4835 :
2084 4789 2136 4834 ut

2240 4780 2470 4851 κόσμου,
2498 4776 2614 4833 ἀλλ’
2642 4777 2707 4830 ἐκ
2734 4775 2844 4829 τῶν
2872 4774 3129 4837 ἐναντίως
3162 4773 3412 4843 ἑχόντων·
3435 4772 3523 4825 ἵνα
3551 4771 3817 4841 πληρωθῇ

570 4868 813 4938 Apostoli
861 4883 1043 4923 sermo
1104 4869 1466 4937 compleretur
1499 4888 1512 4922 ε
1546 4868 1808 4942 Ignobitia
1860 4872 2041 4925 mundi
2094 4882 2136 4925 et

2239 4877 2269 4929 0
2314 4874 2471 4942 λόγος
2508 4870 2604 4925 τοῦ
2655 4868 2976 4925 Ἀποστόλου
3009 4884 3023 4899 ’
3059 4869 3163 4931 ὅτι,
3223 4865 3300 4919 Τὰ
3349 4861 3540 4932 ἀγενῆ
3599 4862 3700 4915 καὶ
3746 4860 3820 4912 τὰ

572 4962 983 5031 contemptibilia
1012 4960 1164 5030 elegit
1194 4961 1356 5026 Deus,
1404 4971 1452 5015 et
1478 4979 1539 5015 ea
1562 4978 1678 5032 qua:
1711 4980 1810 5017 non
1839 4973 2051 5028 sunt,ut
2081 4981 2136 5018 ea

2240 4962 2680 5033 ἐξουθενημένα
2700 4960 3040 5025 ἐξελέξατο,
3072 4957 3170 5011 καί
3194 4954 3267 5009 τὰ
3288 4954 3374 5023 μὴ
3398 4954 3545 5008 ὄντα
3565 4969 3577 4981 ⁸
3612 4954 3819 5030 13-11,")

576 5069 695 5123 qua:
723 5064 844 5107 sunt
867 5054 1158 5108 destrueret
1185 5054 1225 5106 ⁸.
1251 5052 1314 5107 Et
1344 5069 1581 5122 quonam
1601 5055 1734 5109 mihi
1762 5056 1964 5119 abiisti,
1988 5056 2144 5111 beate

573 5145 701 5199 fili?
761 5146 855 5200 ubi
912 5153 1018 5199 tam
1049 5148 1159 5202 cito
1213 5146 1483 5201 exaltatus
1514 5162 1574 5201 es
1608 5150 1663 5200 in
1706 5157 2004 5218 martyrum
2062 5148 2145 5201 al-

573 5240 703 5292 bum
763 5240 1033 5309 ascriptus
1063 5241 1086 5293 ?
1120 5239 1163 5294 Ο
1196 5250 1398 5294 sortem
1425 5249 1571 5293 tuam
1598 5242 1611 5293 ί
1650 5255 1682 5294 o
1731 5241 2147 5310 generositatem

575 5334 752 5387 tuaml
779 5346 812 5387 ο
844 5332 1084 5401 prudens
1119 5333 1409 5387 consilium
1441 5339 1592 5386 tuum
1622 5334 1636 5386 ι
1664 5332 1786 5388 Uno
1819 5334 1905 5387 die
1936 5334 2149 5388 infinita

574 5425 771 5480 saecula
827 5425 1184 5493 promeruisti
1252 5442 1264 5478 :
1352 5440 1450 5495 per
1501 5426 1838 5480 cruciatuum
1884 5433 2153 5481 tormenta

575 5517 1007 5586 inexplicabilem
1063 5518 1299 5572 laetitiam
1332 5518 1558 5588 adeptus
1610 5535 1669 5573 es
1730 5536 1742 5572 :
1821 5529 2040 5573 centum
2095 5527 2150 5572 et

579 5606 795 5677 triginta
833 5608 1121 5663 verberum
1158 5608 1416 5680 suffragio
1451 5610 1664 5679 plenam
1707 5610 1907 5665 laboris
1946 5625 2156 5665 merce-

652 5811 696 5841 ’³
749 5808 883 5863 Vide
933 5807 1074 5863 infra
1137 5810 1298 5880 epist.
1348 5810 1436 5865 Ἡ.

2244 5064 2393 5117 ὄντα
2443 5060 2813 5129 καταργήσῃ.
2857 5057 2968 5111 Ποῦ
3020 5073 3109 5127 μοι
3148 5055 3413 5124 ἀπέστης,
3444 5047 3491 5106 ὧ
3545 5052 3820 5123 μακάριον

2245 5154 2464 5219 τέκνον;
2519 5150 2623 5204 ποῦ
2658 5149 2851 5204 θᾶττον
2884 5146 3251 5219 ὑπερυψώθης
3302 5145 3540 5216 μάρτυσι
3592 5141 3819 5211 συναρί-

2247 5247 2401 5317 Θμιος
2429 5242 2699 5313 γεγονὼς;
2736 5244 2801 5296 Ὠ
2832 5242 2931 5311 τῆς
2960 5240 3243 5310 ὲπιτνχίας
3274 5255 3366 5291 σου
3393 5239 3404 5291 !
3442 5236 3488 5289 ὣ
3516 5236 3621 5305 τῆς
3659 5235 3819 5301 εὐγε-

2245 5339 2392 5401 νείας
2423 5338 2548 5391 σουί
2596 5336 2643 5389 ὣ
2696 5336 2797 5407 τῆς
2848 5332 3132 5396 εὐϐουλίας
3188 5333 3311 5383 σουι
3351 5329 3439 5383 Ἐν
3480 5329 3670 5399 ἡμέρᾳ
3718 5325 3819 5395 μιᾷ

2246 5430 2541 5501 ἐκέρδησας
2563 5424 3073 5498 ἀπείρονςθαίῶνας
3109 5425 3165 5477 ὲν
3199 5422 3377 5482 ἀνίαις
3405 5419 3819 5488 βασανιστικαῖς

2246 5522 2462 5590 ἐκτήσω
2481 5520 2579 5583 τὰς
2606 5517 3005 5586 ἀνεκλαλήτους
3041 5510 3381 5583 εὐφροσύνας
3406 5523 3421 5537 ⁸
3488 5512 3548 5562 ὲν
3579 5506 3816 5577 πληγαῖς

2246 5609 2440 5665 ἑκατὸν
2496 5607 2633 5678 πρὸς
2697 5605 2989 5676 τριάκοντα
3045 5601 3274 5672 εἴληφας
3322 5597 3413 5652 τὸν
3462 5596 3672 5650 τέλειον
3714 5596 3815 5663 τῆς

1517 5812 1530 5842 ¹
1574 5810 1773 5867 Psalm.
1806 5826 1911 5876 xei,
1944 5810 1998 5866 6.
2075 5810 2139 5863 Ἰ
2172 5808 2298 5864 Cor.
2334 5824 2370 5875 I,
2403 5806 2494 5861 ‘28.
