3914 6444
169 392 310 457 1125

1369 408 1905 472 EPISTOLARUM
1955 414 2101 474 LIB.
2145 415 2228 475 II-

3276 423 3410 487 1126

159 505 427 573 ἐργασίας
455 505 645 575 μισθὸν
673 509 770 562 σὺν
802 510 1040 582 μάρτυσι
1069 516 1220 588 παρὰ
1254 519 1355 589 τῆς
1382 523 1544 590 ἁγίας
1573 525 1720 594 Τριάι

1840 527 1962 581 dem
1994 543 2024 582 a
2055 540 2241 584 sancta
2296 529 2562 586 Trinitate
2596 545 2720 586 eum
2770 535 3100 607 martyribus
3131 540 3410 606 accepisti.

161 594 278 655 δος.
315 594 483 664 Εῖπερ
523 596 549 647 ὁ
578 595 677 664 μὲν
706 601 803 668 τῆς
833 601 1182 672 τελειότητος,
1217 611 1244 660 6
1271 609 1327 661 δὲ
1372 611 1470 681 τῆς
1509 613 1736 683 Τριὰδος

162 683 445 751 ἀναλογῶν
476 687 623 738 ἐστιν
643 688 893 760 ἀριθμός*
919 693 1002 745 ἵνα
1031 694 1132 759 κάξ
1157 698 1321 751 αὐτοῦ
1345 700 1438 752 τοῦ
1459 702 1732 772 κολασμοῦ

161 789 259 824 σου
294 775 635 842 παραδείξειε
667 779 796 842 Θεὸς
833 782 892 833 τὸ
925 786 1260 854 μεγαλοφυές
1310 807 1423 844 σου.
1486 793 1558 844 Τὸ
1598 788 1736 862 αἷμά

160 879 280 927 σου,
319 865 487 933 μύρον
513 883 524 896 ⁸
555 868 616 920 τὸ
648 869 896 940 λείψανόν
927 891 1043 942 σου,
1069 879 1343 948 ἁγιασμοῦ
1381 885 1734 951 μεταδοτικὸν

155 959 271 1019 τοῖς
304 958 557 1025 ψαύουσι.

230 1051 435 1120 Δέομαί
490 1072 606 1120 σου,
665 1057 783 1123 ἆγιε
834 1059 927 1113 τοῦ
985 1062 1119 1116 Θεοῦ
1158 1064 1409 1130 Θαδδαῖε,
1464 1070 1731 1140 πρέσϐευε

155 1143 301 1212 ὑπὲρ
331 1145 462 1214 ἐμοῦ
483 1148 573 1199 τοῦ
598 1148 818 1214 ἀναξίου
845 1152 1032 1208 δούλου
1059 1172 1154 1208 σου
1181 1173 1195 1188 ο
1225 1159 1288 1210 οὐ
1318 1161 1427 1228 γὰρ
1456 1162 1640 1231 τολμῶ
1671 1181 1730 1215 σε

155 1235 386 1287 καλέσαι
435 1238 642 1293 τέκνον.
689 1241 898 1311 Ὁρᾶτε,
958 1245 1178 1314 ἀδελφοί
1228 1267 1351 1319 μου,
1401 1252 1454 1304 τί
1503 1255 1728 1320 γέγονε·

154 1329 309 1380 ποῖον
342 1328 614 1400 θησαυρὸν
636 1335 728 1386 καὶ
756 1336 913 1404 μέλος
947 1340 1313 1411 ἐκεκτήμεθα.
1355 1347 1540 1415 Ἀρκεῖ
1567 1349 1645 1410 εΓς
1671 1366 1728 1401 τε

152 1421 291 1474 Θεοῦ
321 1422 476 1486 δόξαν
506 1425 600 1477 καὶ
637 1427 904 1497 ἡμέτερον
933 1430 1214 1503 καύχημα,
1250 1436 1383 1506 ὁμοῦ
1413 1455 1471 1490 τε
1503 1440 1597 1492 καί⁵
1629 1441 1729 1508 τῆς

150 1513 284 1582 ὅλης
351 1514 673 1586 Ἐκκλησίας
728 1524 1094 1590 χαρμόσυνον,
1145 1529 1174 1577 6
1229 1528 1438 1596 μάρτυς
1491 1530 1727 1601 Χριστοῦ

150 1602 435 1667 Θαδδαῖος.
482 1607 546 1658 Τί
596 1607 800 1676 τάλλα;
839 1613 1144 1681 Ἔσονται,
1175 1619 1360 1686 φησὶν,
1409 1623 1464 1673 oi
1512 1622 1727 1689 πρῶτοι

147 1695 424 1763 ἔσχατοι,
481 1697 575 1750 καὶ
617 1702 671 1752 οὶ
706 1701 955 1770 ἔσχατοι
987 1706 1224 1772 πρῶτοι.
1260 1707 1428 1762 Τοῦτο
1479 1712 1574 1765 ἐπὶ
1629 1714 1724 1767 τοῦ

161 1785 424 1839 Ἰακώϐου
475 1793 617 1859 φημὶ
645 1792 736 1843 καὶ
767 1794 1070 1848 Λουκιανοῦ
1098 1813 1111 1827 ·
1140 1798 1234 1850 τοῦ
1273 1800 1371 1868 μὲν
1393 1803 1728 1874 ὲναθλήσαν-

1838 617 2105 674 Nimirum
2153 621 2242 676 ille
2289 621 2660 691 perfectionis,
2731 625 2819 680 hic
2854 625 3136 683 Trinitatis
3177 631 3412 698 speciem

1836 727 2097 767 numerus
2126 723 2478 782 repraesentat
2511 732 2525 780 ;
2553 726 2609 770 ut
2640 717 2720 770 vel
2778 733 2844 772 ex
2887 719 3002 788 ipso
3034 722 3295 790 supplicio
3319 731 3412 776 tuo

1836 803 2001 856 animi
2062 804 2136 857 toi
2183 806 2610 874 magnitudinem
2666 808 2805 863 Deus
2861 813 3127 867 ostendat.
3183 813 3412 885 Sanguis

1836 903 1994 957 tuus,
2040 907 2371 964 unguentum
2405 915 2420 955 :
2454 900 2698 970 reliquias
2755 910 2861 956 tua:
2893 942 2909 970 ,
2965 906 3412 963 sanctiﬁcationis

1836 989 2178 1056 tangentibus
2222 974 2558 1059 largitrices.

1903 1075 2011 1129 Oro
2065 1088 2138 1143 te,
2193 1089 2380 1134 sancte
2458 1080 2550 1136 Dei
2612 1084 2906 1153 Thaddaae,
2957 1087 3231 1144 intercede
3309 1105 3409 1160 pro

1833 1180 1919 1219 me
1976 1166 2195 1237 indigno
2251 1169 2455 1224 famulo
2516 1181 2644 1237 tuo;
2710 1191 2888 1245 neque
2943 1179 3087 1232 enim
3136 1180 3310 1235 audeo
3356 1191 3410 1236 te

1839 1255 2006 1310 filium
2057 1260 2352 1328 appellare.
2404 1262 2630 1328 Videtis,
2681 1265 2893 1332 fratres,
2952 1270 3080 1338 quid
3128 1272 3408 1337 acciderit,

1830 1347 2052 1415 qualem
2125 1351 2482 1418 thesaurum,
2537 1366 2593 1410 et
2646 1357 2804 1425 quale
2860 1360 3161 1415 membrum
3232 1364 3409 1432 possi-

1828 1439 2077 1494 deamus.
2150 1440 2363 1497 Sufﬁcit
2424 1446 2489 1498 ad
2544 1445 2636 1499 Dei
2711 1449 2982 1518 gloriam,
3042 1451 3108 1506 ad
3167 1461 3410 1507 ostenta-

1833 1531 2036 1585 tionem
2095 1543 2360 1599 nostram,
2428 1538 2492 1590 ad
2550 1539 2804 1595 Ecclesia
2871 1543 3038 1598 totius
3095 1547 3408 1600 exsultatio-

1827 1637 1950 1676 nem
2005 1623 2210 1679 Christi
2281 1638 2487 1699 martyr
2569 1630 2898 1688 Thaddaeus.
2977 1635 3117 1701 Quid
3163 1641 3408 1694 caetera?

1827 1713 2016 1778 Erunt,
2060 1716 2255 1785 inquit,
2287 1720 2446 1786 primi
2477 1722 2762 1789 novissimi,
2796 1734 2844 1778 et
2866 1727 3129 1781 novissimi
3169 1731 3328 1797 primi
3363 1733 3404 1784 ³.

1830 1803 1943 1858 lloc
1971 1806 2036 1859 de
2065 1803 2271 1861 Jacobo
2307 1809 2536 1863 dixerim
2571 1821 2625 1866 et
2666 1813 2909 1870 Luciano
2949 1833 2961 1868 :
2994 1832 3228 1886 quorum
3272 1821 3411 1875 alter

145 1889 238 1934 τος
263 1886 278 1900 ⁶
315 1874 400 1945 εἴη
429 1877 520 1928 καὶ
551 1880 941 1950 εναθλήσοντος
979 1885 1140 1955 μέχρι
1169 1889 1352 1952 τέλους
1375 1906 1389 1920 ο
1419 1892 1516 1943 σὺν
1547 1869 1720 1964 Atropo-

1831 1899 2047 1968 quidem
2071 1900 2392 1967 decertavit,
2425 1913 2480 1958 et
2529 1905 2737 1960 utinam
2798 1923 2971 1978 usque
2999 1911 3068 1964 ad
3110 1909 3272 1965 ﬁnem
3311 1912 3411 1967 de-

145 1961 256 2033 θέῳ
297 1966 393 2017 καὶ
428 1967 737 2038 Βησαρίωνι
784 1969 941 2043 [Reg.
1003 1975 1124 2028 cod.
1180 1976 1472 2048 Βισαρίωνι
1504 1979 1557 2051 ]!
1615 1961 1721 2035 Τοῦ

142 2055 203 2106 δὲ
249 2059 391 2111 κατὰ
423 2059 522 2123 τὰς
563 2061 839 2133 ἁμαρτίας
871 2082 973 2134 μου
1020 2070 1431 2139 ναυαγήσαντος
1464 2075 1559 2127 σὺν
1611 2079 1724 2140 τοῖς

142 2149 489 2217 ὁμοτρόποις.
529 2152 592 2203 Ὢ
628 2154 742 2216 πῶς
796 2154 988 2208 ἔπεσον
1016 2157 1074 2208 ἐν
1110 2160 1264 2230 μέσῳ
1313 2167 1617 2236 φωστήρων
1671 2171 1719 2221 οί

141 2241 442 2294 οίκτιστοιί
491 2243 844 2298 Ἐπελάθοντο
877 2247 971 2300 τοῦ
1003 2251 1288 2321 εἰρηκότος
1316 2255 1424 2325 ἄρα
1453 2273 1468 2288 ⁸
1492 2258 1587 2326 Μὴ
1617 2277 1721 2327 φο-

141 2331 365 2398 ϐηθῆτε
417 2335 534 2388 ἀπὸ
590 2334 709 2389 τῶν
757 2339 1214 2396 ὰποκτενόντων
1260 2346 1327 2399 τὸ
1383 2346 1574 2417 σῶμα.
1628 2351 1721 2419 Μὴ

140 2425 250 2494 γὰρ
283 2426 345 2476 οὐ
400 2428 778 2498 κατεμέτρησε
833 2433 893 2485 τὸ
926 2432 1148 2491 δυνατὸν
1189 2440 1217 2491 6
1253 2439 1411 2508 μόνος
1455 2441 1721 2515 δυνάστης

141 2518 234 2568 καὶ
267 2518 520 2588 δυναμῶν
563 2524 688 2585 τοὺς
739 2524 1132 2597 ἀσθενοῦντας;
1188 2535 1299 2589 Kal.
1344 2539 1392 2590 οί
1443 2540 1721 2610 μάρτυρες

137 2610 391 2676 ἐγγύθεν.
452 2615 542 2684 Μὴ
606 2616 714 2687 γὰρ
771 2621 870 2674 οὐκ
933 2622 1320 2696 ἐξαιρούμενος
1365 2631 1424 2695 ἐξ
1474 2633 1720 2702 ἀνάγκης

137 2704 262 2766 τοὺς
334 2703 413 2758 ἔτι
477 2708 552 2778 μὴ
609 2710 893 2780 ἰσχύοντας
948 2720 1012 2787 τῇ
1076 2718 1274 2786 φύσει,
1339 2723 1399 2775 οὑ
1461 2727 1526 2794 τῇ
1583 2742 1717 2796 προ-

139 2795 336 2863 θέσει;
385 2801 494 2854 Καὶ
547 2805 581 2855 d
617 2804 849 2873 μάρτυς
902 2807 1158 2874 Θαδδαῖος
1214 2813 1284 2866 ἐν
1332 2816 1567 2883 οὐρανῷ
1619 2795 1719 2872 ἐτι-

137 2891 303 2956 στός.

204 2985 296 3053 Μὴ
328 2984 391 3057 δὴ
418 2981 531 3052 οῦν,
564 2989 784 3058 ἀδελφοί
805 3009 929 3062 μου,
953 2995 1304 3066 πτοηθῶμεν,
1331 3001 1467 3071 μηδὲ
1491 3001 1718 3072 ἔμφοϐοι

136 3078 432 3147 γενοίμεθα
468 3084 534 3151 τῇ
575 3082 682 3135 τῶν
725 3087 1044 3155 ἡττημένων
1075 3091 1320 3145 πτώσει·
1374 3095 1452 3156 ὡς
1499 3097 1579 3150 ὅτι
1625 3100 1719 3150 καὶ

137 3172 297 3239 ἡμεῖς
353 3175 452 3243 οὐχ
504 3175 802 3247 ύποίσομεν
855 3179 953 3242 τὰς
1006 3182 1242 3253 πληγάς.
1298 3187 1529 3257 Οἵσομεν
1580 3191 1789 3286 Θεσῦς

136 3259 383 3333 δυνάμει,
445 3268 538 3318 καὶ
593 3268 987 3341 διαϐησόμεθα,
1047 3274 1152 3329 κᾶν
1197 3276 1328 3348 πῦρ,
1382 3281 1485 3332 κᾶν
1542 3283 1713 3351 ξίφος.

137 3352 264 3416 Θεὸς
297 3355 327 3406 6
357 3356 772 3426 προηγούμενος
796 3362 889 3414 καὶ
920 3366 1400 3438 προσκαλούμενος
1451 3371 1716 3426 εἰσελθεῖν

136 3445 282 3512 ἡμᾶς
321 3447 403 3510 εἰς
440 3447 539 3519 τὴν
565 3451 988 3525 ἐπηγγελμένην
1018 3458 1150 3528 ἡμῖν
1189 3460 1488 3530 βασιλείαν,
1525 3464 1600 3528 ὠς
1627 3466 1717 3519 τὸν

146 3536 364 3608 Ἰσραὴλ
419 3543 499 3603 εἰς
548 3542 650 3610 τὴν
677 3544 779 3613 γῆν
813 3547 913 3612 τῆς
942 3550 1296 3618 ἐπαγγελίας.
1350 3556 1462 3607 Οὐκ
1503 3557 1616 3609 τστε
1664 3559 1716 3611 τί

134 3630 470 3684 πεπόνθασιν
490 3633 539 3684 οἰ
560 3634 682 3687 τότε
704 3638 1132 3704 ἀναστατοῦντες
1159 3643 1248 3697 τὸν
1272 3645 1418 3713 λαὸν,
1443 3645 1713 3717 λέγοντες·

133 3721 206 3773 Ού
237 3720 581 3792 δυνησόμεθα
613 3727 862 3797 διαϐῆναι
883 3747 898 3762 ο
954 3733 1036 3786 ὃτι
1086 3735 1204 3788 ἐκεῖ
1233 3738 1412 3801 πόλεις
1442 3743 1716 3813 τειχήρεις

132 3814 234 3879 ἕως
265 3816 362 3870 τοῦ
393 3818 644 3887 οὐρανοῦ,
677 3823 772 3874 καὶ⁹
801 3823 1057 3891 γίγαντες
1102 3828 1160 3881 ἐν
1199 3823 1281 3892 οἷς
1322 3831 1351 3882 6
1393 3832 1572 3887 Ἐνάκ.
1604 3835 1714 3888 Καὶ

129 3907 180 3958 τί
209 3909 273 3962 τὸ
300 3911 529 3977 γεγονός
548 3929 562 3977 ;
581 3913 704 3981 οὐχὶ
729 3915 817 3968 διὰ
840 3916 998 3970 τοῦτο
1019 3919 1173 3973 αὐτοὶ
1199 3922 1300 3990 μὲν
1324 3941 1397 3977 πυ
1409 3927 1710 3997 ρίκαυστοι·

129 3999 156 4048 6
187 3999 243 4051 δὲ
279 4002 591 4072 γογγυστὴς
623 4003 752 4068 λαὸς
787 4006 931 4071 ἅπας
949 4007 1139 4064 ὤλετο·
1164 4006 1323 4068 ὦντὰ
1346 4017 1493 4072 κῶλα
1517 4021 1713 4076 ἔπεσεν

129 4089 184 4140 ἐν
215 4094 282 4161 τῇ
310 4092 540 4161 ὲρήμῳ;
589 4095 677 4164 Μή
736 4112 820 4160 τις
851 4098 1093 4164 τοιοῦτος
1134 4105 1446 4177 ἀναστάτης
1474 4126 1486 4138 ·
1524 4111 1596 4181 μή
1629 4129 1714 4176 τις

128 4181 412 4254 ὀλίγωροςο
440 4187 513 4256 μή
538 4203 619 4250 τις
641 4186 915 4254 δύσελπις.
938 4192 1318 4266 Διαόησόμεθα
1333 4195 1450 4268 οὖν,
1467 4200 1709 4273 ἀδελφοὶ,

127 4271 502 4345 διαϐησόμεθα
538 4278 612 4341 ὼς
635 4279 815 4334 mea
845 4282 1008 4352 λέγω,
1044 4289 1137 4340 καὶ
1175 4290 1381 4360 Ἰησοῦς
1407 4293 1503 4347 τοῦ
1527 4271 1708 4365 Ναυῆ,

125 4368 170 4418 οἰ
199 4367 299 4435 τῆς
329 4370 666 4437 ἐπαγγελίας
697 4373 1050 4446 κληρονόμοι.
1081 4381 1247 4451 Τείχη
1278 4384 1412 4454 ήμῖν
1456 4404 1710 4442 κατασει-

129 4457 420 4528 σθήσονται
482 4464 668 4533 νοητὰ,
726 4465 802 4529 ὡς
862 4471 1165 4540 τηνικαῦτα
1217 4476 1285 4527 τὰ
1356 4477 1709 4550 Ἱεριχούντια

1830 2001 2114 2058 certasset,
2170 2009 2294 2048 cum
2381 1995 2659 2052 Dorotheo
2721 2007 2776 2053 et
2844 2000 3205 2058 Bessarione!
3276 2006 3411 2061 alter

1829 2093 2053 2153 propter
2095 2095 2315 2154 peccata
2392 2103 2514 2141 mea
2583 2090 2925 2162 naufragium
2973 2094 3102 2149 fecit
3151 2111 3276 2150 cum
3324 2098 3410 2152 sui

1828 2175 2120 2231 similibus.
2151 2177 2486 2248 Oquomodo
2527 2182 2844 2238 ceciderunt
2893 2186 2946 2238 in
3016 2188 3198 2242 medio
3245 2189 3410 2243 lumi-

1827 2285 1960 2323 num
1990 2270 2237 2326 infelices
2269 2273 2281 2324 ι
2317 2271 2480 2327 Obliti
2514 2273 2659 2329 illius
2697 2277 2788 2344 qui
2821 2275 2994 2334 dixit:
3031 2278 3206 2333 Nolite
3227 2281 3411 2334 timere

1827 2376 1912 2413 eos
1933 2362 2022 2430 qui
2046 2363 2286 2415 occidunt
2309 2380 2495 2433 corpus
2511 2364 2552 2418 ⁸.
2585 2367 2781 2421 Annon
2802 2367 2949 2421 enim
2982 2369 3126 2424 vires
3153 2379 3208 2424 et
3237 2369 3409 2424 facul-

1829 2461 1990 2507 tatem
2013 2453 2292 2510 dimensus
2320 2464 2424 2522 est,
2447 2458 2536 2523 qui
2559 2458 2707 2512 solus
2731 2468 2928 2528 potens
2956 2469 3059 2526 est,
3088 2471 3143 2515 et
3167 2462 3410 2517 infirmos

1826 2544 2187 2601 confortans?
2233 2547 2304 2599 At
2373 2556 2542 2602 testes
2581 2550 2782 2604 adsunt
2822 2551 2890 2605 de
2946 2554 3268 2624 propinquo.
3300 2555 3411 2609 An-

1825 2649 1935 2689 non
1969 2651 2063 2691 eos
2086 2638 2250 2706 eripit
2293 2639 2361 2693 de
2409 2640 2760 2696 tribulatione
2807 2643 2900 2711 qui
2965 2644 3108 2700 vires
3166 2647 3408 2702 nondum

1825 2727 2028 2783 habent
2050 2739 2242 2784 natura
2293 2746 2402 2784 non
2434 2733 2716 2789 voluntate
2746 2734 2768 2787 ?
2797 2736 2862 2788 At
2901 2736 3048 2790 testis
3085 2736 3408 2794 Thaddaeus

1824 2822 1880 2874 in
1901 2822 2029 2877 caelo
2065 2823 2239 2892 ﬁdelis
2261 2825 2283 2855 ⁸
2314 2863 2330 2880 .

1894 3001 1972 3058 Ne
2002 3003 2166 3074 igitur
2197 3013 2525 3068 terreamur,
2570 3004 2789 3070 fratres,
2838 3021 3016 3076 neque
3069 3008 3251 3064 animo
3280 3025 3407 3064 con-

1825 3103 2136 3148 sternemur
2185 3096 2255 3150 ob
2285 3095 2494 3151 cladem
2529 3111 2717 3150 eorum
2748 3097 2841 3166 qui
2877 3098 3013 3168 lapsi
3071 3108 3221 3163 sunt,
3251 3102 3404 3170 quasi

1824 3186 2008 3257 plagas
2039 3197 2094 3241 et
2119 3187 2224 3257 ipsi
2254 3188 2499 3258 perferre
2553 3205 2663 3243 non
2711 3191 3005 3259 possimus.
3062 3191 3406 3250 Perferemus

1819 3277 1914 3332 Dei
1954 3279 2177 3344 virtute,
2217 3288 2272 3333 et
2319 3281 2696 3334 transiliemus
2750 3283 3000 3350 quamvis
3062 3299 3161 3352 per
3195 3284 3400 3354 ignem,

1818 3371 2067 3438 quamvis
2095 3386 2192 3440 per
2224 3371 2483 3441 gladium.
2529 3371 2674 3427 Deus
2704 3383 2788 3428 est
2817 3374 2908 3443 qui
2969 3389 3071 3429 nos
3133 3376 3306 3441 ducit,
3347 3386 3404 3431 et

1818 3463 2010 3518 imitat
2040 3473 2100 3517 ut
2129 3465 2463 3534 promissum
2518 3466 2674 3521 nobis
2726 3482 2951 3536 regnum
2995 3467 3286 3535 intremus,
3325 3471 3399 3525 si—

1818 3556 2103 3611 cntlsrael
2141 3565 2342 3611 terram
2405 3558 2802 3626 promissionis.
2851 3558 3084 3614 Nescitis
3142 3563 3271 3630 quid
3337 3563 3401 3618 iis

1818 3650 2155 3720 contigerit,
2202 3649 2294 3719 qui
2357 3650 2616 3720 populum
2684 3659 2816 3704 tunc
2869 3651 3278 3718 subvertebant,
3315 3654 3400 3708 di-

1819 3751 2010 3797 centes
2041 3759 2053 3794 :
2082 3741 2203 3795 Non
2267 3742 2572 3812 poterimus
2614 3755 2937 3812 penetrare,
2971 3745 3225 3813 quoniam
3289 3748 3401 3802 illic

1817 3832 1978 3886 urbes
2008 3847 2178 3900 usque
2225 3831 2282 3884 in
2327 3832 2530 3886 caelum
2555 3842 2796 3889 muratas
2838 3833 3075 3889 vidimus
3096 3877 3109 3900 ,
3137 3845 3191 3889 et
3218 3836 3399 3908 gigan-

1816 3932 1918 3983 tes.
1960 3923 2104 3976 inter
2122 3937 2262 3992 quos
2295 3923 2490 3978 Enac‘
2516 3961 2531 3976 .
2568 3923 2711 3989 Quid
2762 3924 2960 3979 deinde
2989 3935 3239 3980 secutum
3276 3930 3400 3982 est?

1813 4009 2005 4067 Nonne
2035 4013 2105 4068 ob
2144 4029 2262 4068 eam
2294 4029 2515 4069 causam
2540 4015 2663 4086 igne
2690 4016 2939 4071 succensi
2969 4025 3116 4082 sunt,
3148 4025 3204 4073 et
3249 4036 3400 4074 mur—

1815 4115 2060 4161 murator
2089 4107 2325 4177 populus
2356 4107 2650 4162 universus
2680 4108 2907 4171 interiit,
2939 4119 2995 4163 et
3025 4104 3276 4165 'membra
3310 4129 3402 4166 eo-

1814 4216 1936 4254 rum
1963 4199 2278 4255 ceciderunt
2313 4201 2366 4254 in
2394 4199 2691 4254 solitudine
2717 4199 2740 4252 ?
2787 4199 2978 4254 Nullus
3013 4201 3082 4255 sit
3108 4202 3399 4271 hujusmo-

1812 4292 1869 4348 di
1912 4294 2287 4363 perturbator,
2342 4293 2526 4348 nullus
2573 4303 2939 4364 contemptor,
2998 4294 3179 4348 nullus
3205 4297 3402 4366 despe-

1811 4386 2114 4442 rabundus.
2142 4386 2632 4458 Transgrediemur
2646 4387 2876 4441 omnino
2906 4429 2919 4453 ,
2945 4386 3167 4452 fratres,
3205 4399 3391 4444 trans-

1812 4478 2141 4550 grediemur,
2202 4479 2342 4534 sicut
2396 4478 2582 4544 Caleh,
2647 4480 2889 4549 inquam,
2948 4488 3003 4534 et
3044 4478 3206 4535 Jesus
3259 4481 3400 4537 filius

125 4552 387 4621 σάλπιγγι
423 4555 800 4625 εὐχαριστίας,
832 4561 895 4631 ήν
921 4558 1052 4635 ᾖσεν
1078 4567 1106 4618 6
1130 4567 1399 4638 μακάριος
1419 4571 1699 4640 Θαδδαῖος,

1828 4573 1976 4639 iave,
2011 4574 2386 4644 promissionis
2448 4575 2715 4630 baercdes.
2783 4573 3056 4630 Corruent
3106 4585 3234 4632 ante
3295 4594 3398 4634 nos

122 4644 296 4712 ψάλας
323 4647 390 4698 ὲκ
429 4646 677 4717 βαλϐῖδος
705 4652 812 4706 τῶν
851 4653 1026 4708 πόνων
1057 4673 1070 4687 ’
1110 4660 1270 4729 Αὕτη
1315 4663 1353 4729 ἡ
1406 4664 1596 4733 ἡμέρα
1626 4667 1705 4735 ἢν

1828 4666 2118 4736 ίρίτίιυειεε
2153 4665 2313 4730 muri,
2361 4666 2503 4721 sicut
2558 4675 2673 4720 tum
2719 4664 3092 4720 Jerichuntini
3149 4667 3214 4720 ad
3271 4685 3396 4739 gra~

121 4735 415 4806 ἐποίησεν
443 4742 476 4793 ό
503 4742 741 4809 Κύριος.
791 4743 946 4798 Οὕτω
983 4752 1307 4819 παρακαλῶ,
1348 4752 1522 4820 οὕτως
1552 4759 1704 4812 ἀντι-

1828 4735 2006 4813 ,iarum
2074 4759 2304 4814 actionis
2357 4759 2692 4814 huccinam"
2725 4799 2740 4824 ,
2795 4773 2901 4828 qua
2955 4758 3155 4814 cecinit
3207 4759 3398 4816 beatus

123 4825 260 4880 6ολῶ
295 4846 310 4860 ο
363 4830 545 4900 ’Υπὲρ
602 4835 863 4901 Χριστοῦ
897 4837 1028 4908 γὰρ.
1078 4844 1234 4912 φησὶ,
1268 4849 1700 4920 πρεσϐεύομεν,

1828 4851 2115 4906 l'haddaeus
2143 4866 2208 4905 ex
2235 4851 2354 4921 ipsa
2401 4850 2645 4904 laborum
2699 4825 2846 4904 meta
2877 4865 3175 4918 personans
3220 4869 3232 4904 :
3272 4851 3396 4906 Ηιεε

120 4920 194 4987 ὡς
226 4923 340 4977 τοῦ
387 4925 535 4979 Θεοῦ
568 4929 1066 4997 παρακαλοῦντος
1110 4932 1186 4986 δι’
1213 4934 1403 5005 ἡμῶν.
1455 4941 1700 5011 Δεόμεθα

1828 4944 1918 4997 fies
1949 4959 2108 5013 quam
2139 4920 2270 5014 fecit
2291 4942 2546 4995 Dominus
2569 4942 2617 4995 ⁸.
2675 4941 2767 4996 Sic
2797 4957 2893 4996 oro
2918 4983 2933 5007 ,
2969 4942 3049 4996 sic
3113 4943 3389 4997 obtestor:

125 5015 193 5086 μὴ
215 5015 604 5088 δειλανδρῆσαι
634 5020 773 5091 πρὸς
808 5023 900 5076 τὸν
939 5024 1079 5096 ὑπὲρ
1110 5026 1277 5080 αὐτοῦ
1307 5030 1402 5083 καὶ
1429 5032 1525 5086 σὺν
1552 5035 1701 5108 αὐτῷ

1828 5036 1912 5090 Dro
1941 5035 2148 5090 Christo
2174 5037 2347 5098 enim,
2389 5036 2486 5098 ait,
2521 5035 2785 5105 legatione
2817 5035 3108 5105 fungimur,
3136 5045 3392 5105 tanquam

123 5110 371 5178 θάνατον,
406 5115 500 5168 ἐὰν
524 5115 641 5187 δέῃ.
678 5118 820 5188 Πρὸς
848 5119 1052 5185 πάντας
1088 5124 1120 5193 ἡ
1149 5124 1404 5199 ἐπιστολή
1437 5144 1451 5159 ·
1485 5129 1590 5183 κᾶν
1619 5132 1701 5194 εἰς

1828 5125 1913 5179 )eo
1936 5126 2240 5179 exhortante
2269 5142 2360 5193 per
2381 5141 2471 5178 nos
2506 5127 2527 5156 ’
2560 5164 2575 5178 .
2612 5123 2982 5180 Obsecramus
3025 5139 3096 5178 ne
3133 5125 3389 5179 reformi-

122 5205 410 5274 πρόσωπόν
431 5223 548 5271 σου,
577 5209 765 5264 τέκνον
791 5212 1014 5280 ἀγαθόν.
1037 5216 1128 5269 Διὸ
1156 5217 1252 5270 καὶ
1275 5219 1486 5284 πάντας
1521 5223 1700 5277 ἀσπά-

1828 5215 1945 5270 letis
1978 5223 2211 5269 mortem
2262 5216 2458 5284 ipsam,
2501 5214 2548 5270 si
2603 5229 2744 5286 opus
2767 5215 2858 5282 sit,
2899 5230 2999 5285 pro
3050 5214 3142 5270 illo
3174 5225 3228 5269 et
3264 5232 3388 5270 cum

122 5293 303 5365 ζομαι,
339 5299 436 5352 καὶ
483 5301 620 5353 πᾶσι
661 5305 944 5376 συγχαίρω
977 5307 1036 5360 ὲν
1077 5311 1192 5373 τοῖς
1223 5311 1535 5382 παθήμασι.
1588 5315 1697 5367 Kal.

1828 5309 1895 5364 llo
1925 5310 2229 5364 sustinere.
2262 5308 2340 5363 Ad
2395 5324 2586 5364 omnes
2689 5307 2808 5363 haec
2858 5307 3109 5378 epistola,
3176 5310 3389 5363 tametsi

121 5385 194 5449 τίς
225 5389 378 5456 ἄξιος
405 5391 904 5466 ἁνταναπληρῶσαι
941 5399 1009 5452 τὰ
1045 5401 1398 5474 ὑστερήματα
1445 5405 1554 5459 τῶν
1588 5407 1700 5460 θλί-

1828 5404 1870 5459 id
1935 5411 1989 5458 te
2059 5403 2394 5469 inscribitur,
2446 5404 2518 5457 fili
2566 5403 2791 5474 optime.
2857 5401 3152 5474 Propterea
3199 5418 3390 5458 omnes

122 5477 260 5545 ψεων
294 5481 392 5535 τοῦ
422 5484 658 5554 Χριστοῦ
684 5488 742 5541 ἐν
774 5491 841 5560 τῇ
870 5494 1031 5561 σαρκὶ
1069 5495 1271 5562 αὑτοῦ;
1321 5498 1431 5550 Kal.
1459 5500 1579 5553 ούαλ⁴
1618 5499 1697 5569 τῷ

1828 5499 1982 5552 .aluto
2032 5506 2088 5552 et
2119 5497 2378 5551 omnibus
2409 5495 2653 5565 gratulor
2712 5496 2767 5549 in
2820 5495 3096 5550 a'rumnis.
3149 5494 3216 5548 Et
3265 5496 3389 5565 quis

123 5568 325 5644 ἐξάρνῳ
352 5576 449 5628 καὶ
480 5578 844 5643 ἐκκεκλικότι,
876 5582 977 5635 κᾶν
1006 5583 1235 5651 θάνατος
1262 5603 1277 5617 ·
1313 5591 1395 5642 ὃτι
1420 5590 1448 5640 6
1479 5568 1698 5654 αἰώνιος

1828 5592 2003 5662 lignus
2068 5591 2170 5646 erit
2222 5591 2522 5659 adimplere
2569 5606 2630 5643 ea
2679 5606 2798 5658 qua:
2825 5589 3023 5642 desunt
3073 5590 3386 5657 passionum

124 5659 342 5730 θάνατος
383 5673 646 5739 ποιμανεῖ
704 5672 887 5741 αὑτὸν,
947 5676 1057 5729 Καὶ
1119 5684 1700 5750 κατακυριεύσουσιν

1828 5659 2010 5737 Ihristi
2036 5682 2088 5735 in
2115 5697 2278 5736 carne
2311 5697 2405 5735 sua
2443 5681 2484 5711 ¹⁰
2515 5682 2537 5734 ?
2566 5680 2631 5734 Et
2657 5697 2734 5735 WB
2769 5679 2987 5749 neganti
3011 5688 3104 5733 aut
3137 5692 3387 5732 succum-

189 5779 438 5870 lﬂMa’ttb.
468 5804 587 5870 Exi,
653 5788 740 5844 16.
817 5791 1088 5870 [Μιιιιίι.
1118 5795 1294 5870 73,23.
1372 5798 1392 5828 ⁸
1436 5799 1550 5853 Pal.
1600 5817 1720 5856 LXX?

1828 5816 1862 5870 ι,
1913 5800 2002 5856 38.
2081 5802 2101 5831 ⁸
2151 5799 2309 5856 Deut.
2344 5815 2417 5867 Ix,
2463 5800 2549 5863 12,
2627 5800 2646 5828 ’⁷
2680 5797 2863 5853 .losnc.
2903 5793 3093 5859 \'I,20.
3189 5797 3209 5827 ⁸
3237 5791 3380 5846 Psal.

129 5862 282 5918 C‘XVII.
315 5856 407 5910 24.
468 5858 510 5912 ll
548 5860 674 5915 Cor.
728 5880 781 5924 v,
814 5863 903 5918 20.
1012 5867 1055 5897 ⁸ο
1106 5856 1316 5923 Coloss.
1355 5885 1392 5934 ι,
1424 5871 1513 5925 24.
