3914 6436
507 361 646 429 1127

1697 372 1759 435 S.
1787 372 2183 435 THEODORI
2226 372 2579 434 STUDITAE

3652 369 3776 432 “23

488 480 663 543 bentt,
724 477 854 534 licet.
911 494 1060 535 mors
1118 479 1432 552 impendeat
1463 497 1479 536 :
1514 482 1640 552 quia
1694 498 1844 539 mors
1891 494 2093 540 interna

2213 488 2386 541 κὺτοῦ
2439 489 2492 540 οι
2541 482 2737 549 εὐθεῖς
2783 483 2850 536 τὸ
2880 482 3048 550 πρωΐ.
3081 482 3283 553 Εἰρήνη
3321 481 3451 552 ὑμῖν
3501 482 3774 551 Χριστοῦ,

416 566 421 570 ’
489 571 751 640 depascet
796 586 920 626 eum
956 586 970 625 :
1007 581 1057 627 et
1096 574 1510 628 dontinabuntur
1538 575 1652 644 ejus
1687 577 1815 629 recti
1849 577 1906 629 in
1954 593 2075 631 ma-

2218 578 2378 649 ρέιτος
2402 618 2418 642 ,
2453 576 2607 646 ἰσχύς

495 663 733 717 tutino“
791 702 805 717 .
860 662 971 720 Pax
1035 665 1193 720 vobis
1236 664 1465 729 Christi,
1525 666 1713 733 robur,
1767 666 2031 727 fortitudo
2067 706 2084 730 ,

2648 617 2665 641 ,
2698 573 3048 645 παράκλησις
3076 589 3089 604 ο
3132 574 3605 645 προσευχομένοις
3656 576 3779 646 περὶ

2186 672 2404 725 πάντων
2438 668 2702 738 ἀδελφῶν,
2735 667 2832 720 καὶ
2888 666 3029 738 ὑπὲρ
3065 665 3201 737 ἐμοῦ
3226 702 3246 731 ,
3313 666 3402 720 ἵνα
3454 668 3774 737 πληρωτὴς,

492 756 797 811 consolatio
817 771 914 826 pro
943 755 1206 812 fratribus
1257 757 1550 824 universis,
1590 767 1646 813 et
1669 774 1766 829 pro
1789 775 1877 814 me
1916 775 2083 813 oran-

2213 757 2263 817 ὃν
2288 760 2551 825 νουθετῶ,
2573 759 2716 813 ἐλέει
2762 756 2900 812 Θεοῦ
2939 756 3115 827 φανῶ.
3144 756 3209 812 Οί
3250 757 3351 813 σὺν
3390 758 3521 827 ἐμοὶ
3561 757 3778 827 ἀδελφοὶ

493 847 666 910 tibus.
724 858 783 903 ut
810 848 877 904 ad
908 864 1032 919 qua:
1110 850 1326 912 hortor.
1385 849 1503 921 ipse
1529 850 1782 922 impleam
1829 851 1921 907 Dei
1976 851 2085 906 mi-

2213 855 2542 920 ισπάζονται.

493 938 823 993 sericordia.

494 1039 648 1086 sunt.

778 1124 941 1181 Vl.-—
968 1125 1285 1198 Presbytero
1314 1127 1405 1197 qui
1432 1127 1838 1198 subscripserat.

902 939 1156 995 Salutant
1218 956 1318 996 vos
1402 940 1602 998 fratres
1685 943 1778 1012 qui
1867 957 2084 998 mecum

2407 1124 2500 1195 ς’.
2529 1153 2598 1164 -
2626 1120 3017 1193 Haeanth
3044 1119 3496 1192 omnum-arti.
3587 1117 3778 1191 [ρμδ.]

1829 1223 1905 1274 De
1930 1224 2113 1274 sanctis
2138 1220 2455 1285 imaginibus.

564 1327 709 1394 Quid
746 1341 905 1398 passa
954 1326 1262 1383 reverentia
1308 1334 1403 1382 tua
1432 1334 1518 1381 est
1554 1325 1610 1381 in
1664 1326 1774 1383 hoc
1841 1328 2092 1383 subscri-

498 1419 705 1491 ptionis
732 1419 1017 1490 naufragio
1038 1419 1132 1474 ?et
1155 1428 1496 1489 quantopere
1550 1418 1761 1489 lapsum
1785 1418 2049 1475 dellevisti
2070 1423 2095 1475 ?

500 1513 717 1585 Lapsus
746 1513 895 1571 enim
943 1528 1135 1568 revera
1163 1521 1249 1568 est
1303 1521 1507 1568 sanctae
1569 1511 1772 1568 Christi
1840 1513 2091 1586 imaginis

502 1608 751 1669 violatio.
789 1607 877 1663 vel
916 1622 1081 1663 manu
1114 1616 1351 1662 tantum.
1390 1606 1471 1661 Ex
1492 1605 1678 1661 libello
1707 1606 2086 1671 tuointellexi,

502 1715 539 1755 ο
569 1700 654 1755 vir
682 1697 822 1765 Dei,
864 1708 922 1754 et
982 1699 1398 1754 commiseratus
1433 1705 1490 1753 et
1546 1709 1884 1769 conquestus
1928 1714 2087 1766 sum,

502 1799 560 1847 et
604 1790 779 1847 vicem
808 1799 957 1846 tuam
1006 1790 1178 1855 dolui,
1212 1789 1600 1845 miserabiliter
1624 1791 1863 1859 eiulans.
1928 1800 1985 1845 et
2033 1800 2092 1846 ut

505 1887 785 1943 hominem
818 1887 977 1943 decet
1006 1886 1246 1943 fraterne
1292 1894 1587 1941 amantem.
1646 1883 1861 1938 Etenim
1914 1898 2093 1937 sumus

504 1978 722 2031 inuicem
746 1977 979 2031 membra
1002 1976 1067 2032 ⁸⁸.
1083 1975 1184 2031 Et:
1208 1974 1326 2030 Sive
1345 1976 1550 2045 patitur
1576 1991 1740 2028 unum
1769 1973 2088 2040 membrum,

506 2074 736 2142 compati
769 2071 953 2127 debent
991 2072 1172 2126 omnia
1201 2071 1435 2126 membra
1467 2073 1597 2142 (vox
1651 2079 1737 2125 est
1782 2068 2049 2139 Apostoli)
2077 2110 2092 2132 ,

506 2164 614 2219 sive
645 2164 906 2235 gloriatur
957 2180 1118 2218 unum
1168 2163 1478 2227 membrum,
1514 2162 1771 2234 gaudium
1812 2163 1882 2215 ad
1915 2163 2094 2215 omnia

510 2250 786 2321 pertinet“
814 2292 828 2306 .
884 2248 994 2305 Sed
1057 2264 1093 2304 ο
1141 2248 1508 2304 calamitatem
1543 2249 1557 2301 l
1600 2245 1817 2317 spoliati
1858 2261 2050 2302 sumus
2079 2287 2092 2311 ,

510 2341 704 2405 territi,
725 2355 926 2412 pavore
964 2339 1223 2411 perculsi,
1261 2340 1355 2394 ubi
1401 2339 1551 2394 nulla
1607 2338 1829 2409 pavoris
1854 2379 1869 2403 ,
1948 2336 2096 2391 nulla

510 2447 675 2486 causa
708 2429 938 2485 terroris
967 2428 1073 2484 fuit
1101 2447 1113 2483 :
1145 2428 1416 2499 siquidem
1466 2428 1731 2499 legimus:
1764 2428 1843 2482 Ne
1897 2437 2100 2481 terrea-

512 2524 648 2578 mini
679 2524 855 2577 abhis
907 2522 999 2589 qui
1050 2521 1297 2574 occidunt
1351 2535 1581 2588 corpus,
1635 2520 1874 2573 animam
1922 2529 2099 2572 autent

517 2632 620 2670 non
646 2622 858 2683 possunt
893 2612 1083 2668 (crdere
1112 2613 1178 2666 ".
1212 2609 1490 2677 Quorsum
1510 2625 1599 2665 me
1630 2609 1814 2681 igitur,
1846 2611 1937 2679 qui
1980 2623 2099 2662 sum

512 2705 581 2760 ad
608 2704 811 2759 nullam
837 2717 951 2757 rem
983 2701 1158 2768 utilis,
1204 2716 1459 2756 sermone
1488 2700 1801 2770 compellas,
1830 2715 1863 2753 ο
1885 2698 2101 2754 amice?

515 2797 647 2864 Quae
666 2796 798 2851 mihi
827 2793 1083 2850 medendi
1106 2793 1187 2848 vis
1210 2801 1313 2857 est,
1329 2808 1452 2847 cum
1488 2792 1588 2847 sim
1620 2807 1651 2845 a
1670 2791 1908 2862 peccatis
1937 2804 2099 2860 aeger.

519 2902 620 2943 nec
669 2901 737 2942 ex
810 2901 1000 2941 eorum
1056 2900 1287 2939 numero
1338 2883 1537 2953 quibus
1583 2883 1768 2937 talium
1812 2881 2100 2937 vulnerum

2270 1320 2397 1381 Οἴον
2429 1321 2701 1377 πέπονθεν
2735 1321 2770 1392 ἡ
2797 1337 2847 1373 τι
2857 1318 3047 1391 μιότης
3073 1334 3168 1371 σου
3205 1316 3264 1369 ἐν
3291 1313 3370 1386 τῷ
3409 1312 3663 1383 ναυαγίῳ
3688 1311 3781 1381 τῆς

2200 1417 2563 1490 ὑπογραφῆς;
2629 1413 2727 1469 καὶ
2777 1411 2974 1466 ὁπόσον
3029 1407 3363 1463 ἀπεκλαύσω
3420 1406 3485 1459 τὸ
3547 1404 3779 1474 πτῶμα;

2200 1510 2409 1581 Πτῶμα
2438 1507 2548 1578 γάρ
2573 1506 2720 1558 ἐστιν
2743 1503 2820 1566 ὡς
2855 1500 3071 1571 ἀληθῶς
3097 1501 3131 1567 ή
3161 1498 3303 1554 κατὰ
3326 1500 3425 1568 τῆς
3451 1495 3622 1565 ἁγίας
3647 1493 3782 1547 είκοί⁴

2198 1620 2288 1664 νος
2344 1597 2440 1654 τοῦ
2475 1592 2713 1667 Χριστοῦ
2767 1592 3011 1657 ἐκτασις,
3060 1590 3157 1644 καὶ
3200 1589 3362 1659 μόνον
3416 1587 3523 1657 τῆς
3580 1585 3778 1656 χειρός.

2195 1693 2408 1761 Ἐγνων
2441 1685 2530 1744 διὰ
2548 1686 2642 1742 τοῦ
2672 1685 2959 1741 πιττακίου
2994 1700 3110 1747 σου,
3137 1675 3183 1734 ὦ
3208 1679 3465 1751 ἄνθρωπε
3492 1678 3591 1731 τοῦ
3628 1675 3781 1740 Θεοῦ,

2193 1786 2289 1839 καὶ
2326 1779 2711 1855 συμπέπονθα,
2740 1778 2834 1833 καὶ
2858 1774 3274 1838 συνεποτνίασα,
3313 1771 3410 1827 καὶ
3441 1770 3778 1842 συνήλγησα.

2196 1875 2418 1946 σχέτλια
2473 1870 2868 1941 φθεγξάμενος,
2929 1866 3025 1920 καὶ
3082 1860 3171 1917 οἷα
3220 1862 3368 1925 είκδς
3419 1859 3666 1931 ἁρμόζει
3715 1857 3784 1926 τῷ

2195 1967 2532 2039 φιλαδέλφως
2560 1964 2757 2034 ἔχοντι.
2783 1961 2892 2015 Καὶ
2922 1958 3034 2028 γὰρ
3060 1957 3215 2027 μέλη
3249 1953 3541 2019 ἀλλήλων
3578 1950 3782 2021 ἐσμέν.

2197 2059 2307 2115 Καί
2333 2075 2346 2088 ·
2382 2057 2517 2111 Ειτε
2546 2054 2767 2122 πάσχει
2795 2050 2866 2106 ἓν
2884 2050 3092 2121 μέλος,
3119 2044 3516 2116 συμπάσχειν
3555 2044 3785 2113 ὀφείλει

2198 2152 2396 2206 πάντα
2449 2147 2524 2200 τὰ
2553 2145 2738 2214 μέληο
2791 2140 2964 2213 (φωνή
3021 2139 3170 2191 ἐστιν
3220 2134 3614 2204 ἀποστολική)·
3658 2131 3787 2186 Εἴτε

2198 2239 2502 2318 δοξάζεται
2550 2236 2621 2291 ἐν
2665 2234 2875 2305 μέλος,
2920 2234 2958 2301 ἠ
3006 2230 3161 2301 χαρὰ
3190 2228 3288 2280 ἐπὶ
3321 2224 3537 2280 πᾶσιν.
3582 2222 3788 2318 ὣ

2196 2337 2294 2407 τῆς
2345 2314 2647 2402 ἐπηρείαςί
2676 2324 3049 2396 ἐσυλήθημεν,
3099 2318 3473 2407 ἐπτοήθημεν,
3507 2314 3787 2385 ἐφοϐήθη-

2203 2406 2325 2498 μεν,
2379 2426 2439 2478 ἐν
2478 2418 2560 2487 οἷς
2605 2420 2666 2475 οὐ
2713 2416 3001 2488 φοϐητέον,
3031 2413 3140 2468 οὐδ’
3170 2406 3236 2465 αὖ
3272 2409 3537 2479 πτοητὲον
3563 2423 3580 2436 ·
3640 2408 3787 2475 εἴπερ

2201 2513 2652 2585 ἀναγινώσκομεν
2687 2510 2771 2577 τὸ,
2801 2510 2898 2576 Μὴ
2952 2504 3254 2576 φοϐηθῆτε
3295 2500 3413 2556 ἀπὸ
3468 2499 3593 2553 τῶν
3645 2501 3787 2553 ἀπο-

2202 2609 2535 2663 κτεινόντων
2555 2604 2620 2657 τὸ
2649 2602 2841 2670 σῶμα,
2864 2600 2978 2666 τὴν
3000 2596 3069 2649 δὲ
3092 2593 3306 2663 ψυχὴν
3322 2592 3407 2661 μὴ
3434 2591 3790 2659 δυναμένοιο*

2202 2700 2491 2757 λαϐέσθαι
2514 2693 2578 2769 υ.
2600 2688 2941 2765 βλαῦἐσθαι].
2960 2688 3024 2740 Τί
3047 2683 3143 2740 οῦν
3174 2684 3310 2757 πρός
3338 2701 3404 2753 με
3430 2682 3524 2735 τον
3550 2683 3786 2752 ἀχρεῖον,

2204 2790 2249 2849 ὦ
2280 2792 2426 2862 φίλε,
2458 2789 2766 2859 ἀνήνεγκας
2799 2782 2890 2835 τὸν
2914 2780 3109 2849 λόγον;
3144 2777 3241 2838 Τίς
3260 2774 3371 2844 ἐγὼ
3388 2773 3528 2845 πρὸς
3548 2772 3789 2841 ἰατρείαν

2203 2889 2232 2941 ὁ
2292 2884 2465 2938 νοσῶν
2522 2883 2581 2935 ἐν
2640 2875 2975 2948 ἁμαρτίαις·
3035 2873 3128 2925 καὶ
3180 2870 3242 2924 οῦ
3298 2869 3408 2922 τῶν
3444 2868 3516 2920 τὰ
3563 2864 3790 2919 τοιαῦτα

520 2978 840 3036 concredita
867 2978 1078 3034 curatio
1106 2978 1177 3032 sit
1205 2978 1229 3031 ?
1254 2975 1372 3031 Non
1398 2977 1543 3031 enim
1572 2975 1717 3030 Deus
1770 2973 2105 3029 confusionis

2213 2973 2657 3045 πεπιστευμένων
2692 2968 2873 3024 ἰᾶσθαι
2907 2963 3329 3035 συντρίμματας
3374 2960 3527 3013 Ἐπεὶ
3558 2956 3637 3065 μὴ
3665 2959 3788 3066 ata-

519 3082 605 3128 est
631 3089 645 3127 :
672 3088 793 3142 quae
818 3071 1165 3142 presbyteros
1184 3068 1418 3123 attinent
1433 3069 1546 3121 sive
1564 3067 1895 3126 sacerdotes,
1915 3081 2105 3119 emen-

520 3164 682 3220 dandi
712 3164 801 3234 jus
833 3178 897 3217 ac
927 3162 1155 3217 sanandi
1186 3159 1457 3231 episcOpis
1483 3158 1756 3213 attribuit.
1788 3158 1926 3224 Quid
1957 3175 1984 3212 a
2016 3176 2105 3212 mo.

523 3270 587 3310 ea
617 3254 796 3325 poscis
836 3254 1036 3324 quibus
1061 3268 1180 3309 sum
1217 3252 1434 3322 impar?
1461 3248 1579 3304 Non
1644 3250 1789 3304 licet.
1837 3250 1906 3305 At
1963 3250 2108 3304 istud

526 3346 744 3402 interim
779 3356 888 3401 tum
920 3345 1083 3402 dandi
1105 3344 1316 3400 consilii
1365 3359 1547 3407 causa,
1582 3352 1691 3397 tum
1720 3342 2111 3397 benevolentiae

526 3438 915 3508 significanda,
959 3452 1193 3509 suggero
1216 3451 1281 3491 ac
1323 3436 1468 3495 dico.
1498 3450 1566 3490 ne
1602 3426 1666 3489 tc'
1687 3434 1954 3489 dimittam
1992 3448 2111 3486 om—

528 3533 662 3587 nino
691 3546 723 3586 a
779 3544 1042 3601 responso
1070 3543 1324 3583 vacuum.
1358 3525 1541 3581 Bonus
1571 3537 1655 3581 est
1687 3526 1831 3581 Deus
1861 3527 1951 3595 qni
2003 3540 2110 3579 non

530 3621 647 3675 vult.
676 3630 907 3675 mortem
940 3618 1197 3683 hominis,
1246 3618 1340 3671 sed
1389 3626 1445 3670 ut
1483 3616 1654 3686 magis
1683 3626 2030 3671 convertatur
2058 3627 2112 3669 et

530 3714 679 3768 vivat
703 3713 750 3745 "
836 3710 891 3764 Si
920 3711 1083 3782 igitur
1120 3725 1186 3763 ex
1212 3708 1397 3763 animo
1457 3707 1778 3778 ptenitentia
1809 3716 1911 3773 est,
1945 3708 2113 3761 sacris

537 3819 757 3875 operam
789 3802 920 3857 dare
942 3802 1167 3857 omnino
1215 3802 1407 3856 desine
1438 3818 1449 3855 :
1480 3800 1583 3857 nisi
1614 3800 1755 3855 forte
1802 3800 2112 3856 necessaria

537 3912 700 3951 causa
737 3895 1159 3956 interveniente.
1204 3903 1391 3949 sancta
1436 3894 1715 3949 nonnullis
1764 3894 2112 3964 imperticris.

536 3988 624 4043 Fit
666 3988 812 4041 enim
842 3987 1115 4041 interdum
1147 4002 1210 4040 ex
1244 3987 1572 4042 necessitate
1598 4001 1660 4040 ac
1691 3984 2029 4050 (limenltate,
2054 3993 2116 4039 ut

538 4096 568 4132 a
598 4078 776 4147 seipse
804 4076 925 4146 quis
942 4075 1172 4147 accipiat
1196 4084 1413 4147 pmpter
1442 4074 1691 4130 lmresim
1711 4075 2111 4131 declinandam.

538 4170 673 4234 Quae
699 4171 859 4239 igitur
893 4168 1214 4240 praestitisti,
1245 4168 1359 4223 sive
1383 4182 1413 4221 a
1444 4176 1496 4221 te
1546 4167 1685 4236 ipso,
1716 4167 1830 4222 sive
1862 4167 2118 4226 inductus

540 4261 609 4314 ab
630 4260 757 4323 alio,
789 4259 1002 4330 egregia
1051 4266 1181 4314 sunt
1208 4265 1265 4313 et
1293 4257 1453 4330 digna
1497 4258 1656 4312 laude
1687 4259 1755 4313 ad
1791 4257 2116 4313 ﬂectendum

2216 3071 2333 3138 ξίας
2363 3070 2392 3121 ὁ
2424 3065 2558 3129 Θεός
2592 3079 2606 3093 ο
2632 3063 2701 3116 τὰ
2730 3060 2838 3114 τῶν
2892 3055 3301 3128 πρεσϐυτέρων,
3351 3052 3521 3121 ἧγουν
3575 3047 3789 3117 ἱερέων,

2215 3162 2535 3221 ἐπισκόποις
2583 3158 2883 3224 ἀπένειμεν
2935 3146 3271 3219 ἐπανορθοῦν
3301 3146 3396 3199 καὶ
3428 3143 3637 3197 ἰᾶσθαι.
3672 3139 3792 3200 Πῶς

2217 3254 2346 3322 παρ’
2380 3249 2514 3321 ἐμοῦ
2545 3244 2860 3316 ἐπιζητοίης
2913 3241 2982 3297 τὰ
3027 3240 3167 3310 ὑπὲρ
3207 3237 3344 3307 ἐμέ;
3389 3236 3504 3288 Οὐκ
3537 3232 3789 3302 ἐγχωρεῖ.

2216 3344 2388 3399 Τοῦτο
2405 3342 2461 3396 δέ
2488 3358 2552 3392 συ
2562 3333 2966 3408 μὸουλευτικῶς
2990 3332 3089 3385 καὶ
3117 3327 3474 3399 ἁγαπητικῶς
3496 3324 3793 3391 {metit}qu

2218 3441 2310 3494 καὶ
2340 3437 2484 3505 λέγω
2517 3450 2530 3464 ·
2557 3432 2644 3485 ἵνα
2674 3431 2749 3501 μή
2790 3444 2849 3480 σε
2886 3425 3263 3495 ⁸ιίιναιπόκριτον
3297 3420 3443 3473 ἐάσω
3486 3417 3686 3485 πάντη.
3738 3414 3793 3464 '0

2216 3529 2349 3591 Θεὸς
2381 3503 2585 3594 ἀγαθός
2617 3523 2767 3574 ἐστιν
2797 3517 2858 3571 οῦ
2891 3514 3061 3568 θέλων
3085 3513 3177 3565 τὸν
3208 3511 3435 3564 θάνατον
3463 3506 3559 3559 τοῦ
3589 3503 3796 3573 ἀνθρὼ-

2220 3638 2343 3683 πον,
2371 3618 2446 3681 ὡς
2483 3617 2542 3669 τὸ
2568 3609 2859 3684 ἐπιτρέψαι
2883 3607 2975 3661 καὶ
3012 3607 3110 3676 ζῇν
3143 3598 3325 3656 αΰτόν.
3367 3600 3430 3652 Εἰ
3460 3594 3558 3652 οὖν
3586 3598 3647 3649 ἐν
3676 3596 3796 3665 ἁλη-

2220 3712 2342 3783 θείᾳ
2367 3712 2400 3780 ἡ
2433 3707 2695 3779 μετάνοια
2718 3720 2732 3736 ο
2768 3701 2923 3772 στῆθι
2949 3700 3046 3771 τῆς
3080 3694 3391 3768 ἱερουργίας
3425 3692 3792 3745 παντάπασιν·

2218 3808 2321 3859 οὐκ
2369 3799 2487 3857 οἶδα
2531 3802 2579 3854 εί
2617 3800 2689 3870 μὴ
2718 3796 2860 3851 κατὰ
2892 3794 3136 3864 ἀνάγκην
3166 3790 3264 3860 τὴν
3294 3784 3600 3840 ἐνεστῶσαν
3630 3798 3794 3853 μετα·

2220 3899 2363 3969 δοίης
2390 3894 2502 3948 τισὶ
2533 3892 2643 3946 τῶν
2684 3888 3065 3958 ἁγιασμὰτων.
3093 3884 3249 3935 Ἔστι
3277 3880 3384 3949 γὰρ
3439 3875 3500 3969 ἐξ
3556 3876 3796 3969 ἀνάγκης

2221 3964 2597 4059 καὶνὰπορίας,
2620 3983 2715 4037 καὶ
2742 3981 2835 4050 ἀφ’
2865 3976 3061 4033 ἐαυτοῦ
3083 3971 3406 4047 μεταλαόεῖν
3433 3968 3525 4020 τὸν
3545 3964 3794 4035 τυχόντα,

2223 4087 2311 4141 διὰ
2344 4086 2405 4138 τὸ
2438 4081 2670 4152 φευκτὸν
2702 4077 2800 4147 τῆς
2847 4072 3129 4144 αἱρέσεως.
3164 4069 3306 4119 Ὅσα
3356 4058 3452 4115 οὖν
3512 4060 3794 4152 ἐποίησας,

2223 4180 2331 4232 εἴτε
2378 4150 2510 4242 παρ’
2540 4169 2755 4231 ἑαυτοῦ,
2788 4167 2898 4219 εἴτε
2943 4164 3037 4217 καὶ
3068 4160 3204 4231 πρὸς
3236 4157 3394 4213 ἄλλον
3449 4150 3794 4221 ἐπιτραπεὶς,

2226 4268 2366 4322 καλὰ
2409 4241 2508 4335 μέν
2538 4263 2633 4316 καὶ
2662 4257 2917 4314 ἐπαινετὰ
2956 4257 3038 4316 είς
3089 4250 3224 4304 Θεοῦ
3272 4246 3595 4316 ἐπίκαμψιν.
3637 4241 3797 4294 Οὐδὲν

545 4350 736 4405 Deum.
772 4351 842 4405 At
866 4351 1015 4405 nulla
1047 4365 1135 4405 res
1157 4350 1382 4405 omnino
1434 4359 1613 4420 potest
1642 4349 1855 4404 veniam
1879 4350 2008 4405 dare
2039 4350 2107 4403 rei

2224 4361 2279 4413 δὲ
2308 4359 2368 4411 τὸ
2400 4332 2628 4411 καθόλου
2658 4351 2956 4420 δυνάμενον
2980 4344 3141 4398 λῦσαι
3169 4341 3268 4411 τῆς
3308 4335 3622 4409 ἱερουργίας
3648 4351 3661 4365 ·
3696 4332 3797 4384 κΞν

545 4459 713 4499 sacrae
740 4442 1024 4509 faciendae,
1057 4443 1144 4498 vel
1178 4442 1222 4497 si
1278 4457 1309 4495 a
1338 4457 1664 4512 quocunque
1718 4442 1958 4496 antistite
1998 4442 2121 4495 data

548 4535 798 4589 videatur
829 4552 843 4589 :
877 4534 1041 4606 idque
1071 4534 1200 4589 dum
1231 4535 1473 4591 Ecclesia
1496 4536 1593 4590 Dei
1618 4550 1752 4605 pace
1774 4534 2120 4604 perfruatur:

545 4642 654 4695 quo
686 4636 932 4696 tempore
982 4625 1224 4697 synodali
1252 4626 1477 4696 judicio,
1512 4635 1572 4681 ut
1604 4642 1700 4697 par
1746 4634 1852 4691 est,
1889 4642 2009 4695 qua:
2054 4626 2124 4680 ad

547 4718 747 4775 similia
773 4727 1025 4789 spectant
1064 4719 1302 4789 negotia,
1333 4734 1431 4789 per
1474 4734 1712 4775 canones
1768 4720 2081 4775 sancientur
2106 4762 2120 4777 .

548 4810 735 4865 divino
783 4818 898 4864 tum
927 4809 1133 4864 calculo
1167 4809 1495 4864 sententiam
1530 4810 1935 4865 corroborante.
1969 4808 2124 4875 Quod

550 4904 597 4958 si
624 4902 847 4965 dixeris,
882 4901 1029 4957 Inter
1056 4902 1508 4957 subscribendum
1541 4902 1834 4957 exclamavi
1896 4903 2123 4957 adorare

551 5009 639 5049 me
667 5002 884 5049 sanctas
912 4993 1175 5065 imagines
1206 5010 1223 5053 :
1250 4994 1489 5063 ignosce.
1520 4993 1709 5057 frater,
1758 5003 1815 5049 et
1863 4978 2072 5048 'Pilatns
2108 5034 2122 5055 ,

552 5084 685 5138 dum
715 5093 995 5153 expertem
1029 5099 1088 5138 se
1114 5084 1312 5139 Christi
1338 5084 1505 5139 caedis
1533 5100 1627 5138 ore
1662 5084 1884 5150 faceret,
1911 5087 2125 5139 calamo

552 5187 743 5228 necem
772 5174 1130 5230 confirmavit.
1161 5175 1288 5231 Haec
1320 5175 1418 5230 tibi
1459 5186 1641 5231 nostra
1670 5177 1902 5231 tenuitas
1926 5217 1940 5239 ,
2005 5188 2124 5231 tan-

552 5281 718 5334 quam
765 5274 1044 5336 spectante
1067 5265 1195 5321 Deo.
1235 5266 1304 5321 At
1345 5282 1550 5336 preces,
1588 5283 1791 5337 quaeso,
1824 5268 1989 5323 funde
2030 5284 2125 5336 pro

556 5372 677 5411 mea
710 5357 903 5424 salute,
928 5357 983 5411 in
1008 5358 1328 5427 paenitentia
1353 5373 1418 5413 ac
1447 5358 1633 5413 dolore
1663 5360 1826 5413 animi
1859 5359 1957 5412 tui.
1986 5359 2127 5412 Con-

556 5450 731 5503 solare
761 5464 872 5514 eos,
907 5464 1043 5518 quos
1076 5465 1105 5503 a
1141 5458 1191 5503 te
1214 5449 1456 5519 conspici
1513 5450 1613 5513 ais,
1656 5461 1873 5505 sanctos
1938 5452 2124 5505 Patres

556 5556 709 5595 meos
746 5557 813 5596 ex
851 5540 1152 5611 episcopis,
1198 5551 1252 5595 et
1279 5541 1410 5611 jube
1450 5541 1659 5596 salvere
1682 5552 1931 5611 tauquam
1978 5557 2006 5595 a
2039 5557 2124 5596 me

558 5632 869 5688 miserabili.

632 5745 673 5775 “
709 5743 851 5799 Psal.
888 5760 1074 5809 xum,
1105 5744 1191 5799 15.

1273 5744 1313 5776 ¹¹
1348 5744 1671 5818 dogmatica.

564 5829 754 5878 xxxm,
810 5817 890 5869 ll.

2226 4452 2286 4517 ἐξ
2311 4445 2693 4519 οίουδηποτοῦν
2721 4439 3025 4513 ἀρχιερέως
3052 4435 3252 4503 δόξειεν
3275 4427 3413 4484 εἶναι
3440 4444 3454 4458 ·
3500 4427 3597 4480 καὶ
3645 4422 3799 4477 τοῦτο

2226 4548 2329 4610 ἕως
2356 4544 2576 4613 εἰρήνης
2603 4543 2701 4610 τῆς
2719 4536 2814 4591 τοῦ
2844 4532 2978 4587 Θεοῦ
3007 4527 3351 4597 Ἐκκλησίαςε
3373 4525 3430 4577 ἐν
3448 4514 3799 4595 τηνικαῦτα

2227 4609 2422 4708 κρίσει-
2459 4609 2711 4701 συνοδικῇ
2755 4628 2829 4691 ὡς
2870 4625 2987 4687 δέον
3026 4623 3133 4675 πᾶν
3175 4616 3353 4672 ὁτιοῦν
3386 4615 3496 4668 τῶν
3510 4609 3798 4708 -τολιούτιον

2225 4700 2821 4794 κῶονισθήσεταιδιαὶ
2844 4716 3025 4788 κρίσιν
3050 4713 3161 4777 ’ἐξει
3191 4709 3480 4779 Θεόψηφον.
3510 4705 3572 4757 Et
3596 4700 3797 4794 Etsi-cc.

2225 4821 2305 4873 ὃτι
2360 4814 2695 4884 ὑπογράφων
2730 4807 2959 4879 ἔκραζον
3012 4802 3333 4875 προσκυνεῖν
3374 4814 3440 4866 με
3494 4794 3594 4856 sit;
3645 4790 3800 4858 ἁγίας

2226 4912 2460 4971 εἰκόνας·
2488 4883 2783 4973 σύγγνωθι,
2806 4897 3024 4965 ἀδελφέ,
3048 4895 3141 4948 καὶ
3175 4891 3429 4953 Πιλᾶτος,
3462 4886 3543 4954 τῷ
3571 4883 3797 4973 στόματι

2226 5000 2418 5054 ἁθωῶν
2468 4971 2657 5050 ἐαυτὸν
2701 4993 2802 5062 τῆς
2862 4988 3077 5058 σφαγῆς
3137 4979 3395 5052 Χριστοῦ,
3448 4976 3528 5047 τῷ
3573 4971 3798 5039 καλάμῳ

2226 5093 2423 5163 ἐκύρου
2459 5089 2550 5141 τὸν
2570 5087 2819 5140 θάνατον.
2847 5078 3033 5135 Ταῦτά
3060 5094 3142 5130 σοι
3174 5072 3300 5143 παρ’
3322 5070 3459 5142 ἐμοῦ
3488 5068 3586 5121 τοῦ
3613 5080 3797 5155 taxat:

2227 5154 2439 5242 νοῦ’ὠς
2477 5175 2709 5229 ἐνώπιον
2751 5168 2909 5224 Θεοῦ.
2948 5164 3108 5219 Ἀλλὰ
3154 5162 3347 5230 δέομαι
3398 5154 3592 5226 μνείαν
3647 5154 3796 5242 ποιοῦ

2226 5274 2368 5343 ὑπὲρ
2394 5239 2533 5340 ἐμῆς
2568 5261 2941 5336 σωτηρίας,ὲν
2970 5260 3035 5329 τῇ
3061 5253 3319 5327 μετανοίᾳ
3344 5249 3447 5345 τῆς
3470 5239 3798 5345 συνθλίιξεοξς

2228 5337 2348 5418 σουί
2389 5337 2834 5432 ῐίροσαγορεῦσαί
2868 5370 2929 5406 τε
2976 5344 3358 5419 παρακλήθητι
3385 5341 3482 5432 οὓς
3507 5337 3795 5432 ἔφης-ὀρᾷν

2228 5457 2413 5524 ἁγίους
2448 5451 2697 5521 Πατέρας
2733 5465 2832 5519 μου
2868 5447 2925 5497 ἐν
2951 5439 3291 5500 ἐπισκόποις,
3323 5434 3399 5497 ὡς
3431 5431 3493 5496 ἐξ
3533 5428 3665 5501 ἐμοῦ
3708 5428 3795 5477 τοῦ

2227 5546 2466 5618 οἰκτροῦ.

1765 5745 1809 5777 ¹³
1837 5745 2037 5815 Ephes.
2070 5760 2107 5798 ti

2213 5745 2285 5799 i5.
2366 5744 2407 5777 '*
2443 5742 2458 5796 Ι
2490 5743 2612 5798 Cor.
2646 5756 2743 5806 xu,
2782 5736 2873 5793 26.
2953 5732 2995 5765 ¹⁵
3033 5730 3223 5787 Matth.
3260 5726 3314 5794 ι’,
3344 5729 3435 5785 98.
3513 5727 3558 5759 ¹⁸
3596 5722 3783 5781 Ezech-
