  <div class='ocr_page' id='page_1' title='image "/cluster/home/n/w/nwhite01/storage/ocr_20150623/99/ien.35556001661347/574.png"; bbox 0 0 3914 6488; ppageno 0'>
   <div class='ocr_carea' id='block_1_1' title="bbox 181 435 322 502">
    <p class='ocr_par' dir='ltr' id='par_1_1' title="bbox 181 435 322 502">
     <span class='ocr_line' id='line_1_1' title="bbox 181 435 322 502; baseline 0.035 -4"><span class='ocrx_word' id='word_1_1' title='bbox 181 435 322 502; x_wconf 77' lang='grc'><strong>1129</strong></span> 
     </span>
    </p>
   </div>
   <div class='ocr_carea' id='block_1_2' title="bbox 503 554 1472 630">
    <p class='ocr_par' dir='ltr' id='par_1_2' title="bbox 503 554 1472 630">
     <span class='ocr_line' id='line_1_2' title="bbox 503 554 1472 630; baseline 0.004 -23"><span class='ocrx_word' id='word_1_2' title='bbox 503 554 580 608; x_wconf 85' lang='grc' dir='ltr'><strong>Ζ’.</strong></span> <span class='ocrx_word' id='word_1_3' title='bbox 635 554 969 623; x_wconf 78' lang='grc' dir='ltr'>-Ἶωάννῃ</span> <span class='ocrx_word' id='word_1_4' title='bbox 1005 556 1212 626; x_wconf 73' lang='grc' dir='ltr'>τέκνῳ.</span> <span class='ocrx_word' id='word_1_5' title='bbox 1269 557 1472 630; x_wconf 77' lang='grc' dir='ltr'>[ρμη’.1</span> 
     </span>
    </p>
   </div>
   <div class='ocr_carea' id='block_1_3' title="bbox 1367 447 2208 507">
    <p class='ocr_par' dir='ltr' id='par_1_3' title="bbox 1367 447 2208 507">
     <span class='ocr_line' id='line_1_3' title="bbox 1367 447 2208 507; baseline 0 -1"><span class='ocrx_word' id='word_1_6' title='bbox 1367 447 1903 507; x_wconf 77' lang='lat' dir='ltr'><strong>EPISTOLARUM</strong></span> <span class='ocrx_word' id='word_1_7' title='bbox 1941 448 2084 506; x_wconf 82' lang='lat' dir='ltr'><strong>LIB.</strong></span> <span class='ocrx_word' id='word_1_8' title='bbox 2126 447 2208 506; x_wconf 89' lang='lat' dir='ltr'><strong>II.</strong></span> 
     </span>
    </p>
   </div>
   <div class='ocr_carea' id='block_1_4' title="bbox 3302 442 3433 505">
    <p class='ocr_par' dir='ltr' id='par_1_4' title="bbox 3302 442 3433 505">
     <span class='ocr_line' id='line_1_4' title="bbox 3302 442 3433 505; baseline 0 0"><span class='ocrx_word' id='word_1_9' title='bbox 3302 442 3433 505; x_wconf 78' lang='lat'><strong>“30</strong></span> 
     </span>
    </p>
   </div>
   <div class='ocr_carea' id='block_1_5' title="bbox 2332 555 2910 625">
    <p class='ocr_par' dir='ltr' id='par_1_5' title="bbox 2332 555 2910 625">
     <span class='ocr_line' id='line_1_5' title="bbox 2332 555 2910 625; baseline 0.002 -15"><span class='ocrx_word' id='word_1_10' title='bbox 2332 555 2439 611; x_wconf 72' lang='lat' dir='ltr'><strong>VII.</strong></span> <span class='ocrx_word' id='word_1_11' title='bbox 2472 585 2534 596; x_wconf 91' lang='lat'><strong>——</strong></span> <span class='ocrx_word' id='word_1_12' title='bbox 2559 555 2753 610; x_wconf 75' lang='lat' dir='ltr'><strong>Joanm‘</strong></span> <span class='ocrx_word' id='word_1_13' title='bbox 2779 556 2910 625; x_wconf 76' lang='lat' dir='ltr'><strong>lilio.</strong></span> 
     </span>
    </p>
   </div>
   <div class='ocr_carea' id='block_1_6' title="bbox 1518 666 2145 730">
    <p class='ocr_par' dir='ltr' id='par_1_6' title="bbox 1518 666 2145 730">
     <span class='ocr_line' id='line_1_6' title="bbox 1518 666 2145 730; baseline -0.002 -14"><span class='ocrx_word' id='word_1_14' title='bbox 1518 669 1798 730; x_wconf 76' lang='lat' dir='ltr'><strong>Respondet</strong></span> <span class='ocrx_word' id='word_1_15' title='bbox 1829 669 1887 716; x_wconf 91' lang='lat' dir='ltr'><strong>ad</strong></span> <span class='ocrx_word' id='word_1_16' title='bbox 1922 666 2145 729; x_wconf 71' lang='lat' dir='ltr'><strong>quaesita.</strong></span> 
     </span>
    </p>
   </div>
   <div class='ocr_carea' id='block_1_7' title="bbox 243 766 1761 844">
    <p class='ocr_par' dir='ltr' id='par_1_7' title="bbox 243 771 1754 844">
     <span class='ocr_line' id='line_1_7' title="bbox 243 771 1754 844; baseline -0.003 -16"><span class='ocrx_word' id='word_1_17' title='bbox 243 774 507 844; x_wconf 76' lang='grc' dir='ltr'>Ἤδομαι,</span> <span class='ocrx_word' id='word_1_18' title='bbox 558 772 747 826; x_wconf 79' lang='grc' dir='ltr'>τέκνον</span> <span class='ocrx_word' id='word_1_19' title='bbox 790 772 885 825; x_wconf 73' lang='grc' dir='ltr'><strong>καὶ</strong></span> <span class='ocrx_word' id='word_1_20' title='bbox 933 771 1151 843; x_wconf 82' lang='grc' dir='ltr'>ἀδελφὲ,</span> <span class='ocrx_word' id='word_1_21' title='bbox 1184 776 1242 826; x_wconf 85' lang='grc' dir='ltr'>ὲν</span> <span class='ocrx_word' id='word_1_22' title='bbox 1291 775 1409 836; x_wconf 79' lang='grc' dir='ltr'>ταῖς</span> <span class='ocrx_word' id='word_1_23' title='bbox 1440 773 1754 830; x_wconf 78' lang='grc' dir='ltr'><strong>ἐπιστολαῖς</strong></span> 
     </span>
    </p>
   </div>
   <div class='ocr_carea' id='block_1_8' title="bbox 1850 766 3430 844">
    <p class='ocr_par' dir='ltr' id='par_1_8' title="bbox 1931 766 3430 837">
     <span class='ocr_line' id='line_1_8' title="bbox 1931 766 3430 837; baseline -0.001 -13"><span class='ocrx_word' id='word_1_24' title='bbox 1931 770 2202 836; x_wconf 84' lang='lat' dir='ltr'><strong>Delector,</strong></span> <span class='ocrx_word' id='word_1_25' title='bbox 2237 769 2309 824; x_wconf 83' lang='lat' dir='ltr'><strong>fili</strong></span> <span class='ocrx_word' id='word_1_26' title='bbox 2336 782 2399 823; x_wconf 91' lang='lat' dir='ltr'><strong>ac</strong></span> <span class='ocrx_word' id='word_1_27' title='bbox 2425 766 2612 833; x_wconf 92' lang='lat' dir='ltr'><strong>frater,</strong></span> <span class='ocrx_word' id='word_1_28' title='bbox 2639 767 2835 821; x_wconf 90' lang='lat' dir='ltr'><strong>litteris</strong></span> <span class='ocrx_word' id='word_1_29' title='bbox 2885 767 3025 820; x_wconf 87' lang='lat' dir='ltr'><strong>tuis:</strong></span> <span class='ocrx_word' id='word_1_30' title='bbox 3051 767 3193 837; x_wconf 89' lang='lat' dir='ltr'><strong>quod</strong></span> <span class='ocrx_word' id='word_1_31' title='bbox 3217 779 3272 822; x_wconf 91' lang='lat' dir='ltr'><strong>et</strong></span> <span class='ocrx_word' id='word_1_32' title='bbox 3309 785 3430 822; x_wconf 78' lang='lat' dir='ltr'><strong>eou-</strong></span> 
     </span>
    </p>
   </div>
   <div class='ocr_carea' id='block_1_9' title="bbox 168 861 1746 934">
    <p class='ocr_par' dir='ltr' id='par_1_9' title="bbox 168 861 1746 934">
     <span class='ocr_line' id='line_1_9' title="bbox 168 861 1746 934; baseline -0.003 -15"><span class='ocrx_word' id='word_1_33' title='bbox 168 881 289 919; x_wconf 86' lang='grc' dir='ltr'>σου·</span> <span class='ocrx_word' id='word_1_34' title='bbox 320 865 402 919; x_wconf 80' lang='grc' dir='ltr'>ὅτι</span> <span class='ocrx_word' id='word_1_35' title='bbox 436 862 558 917; x_wconf 82' lang='grc' dir='ltr'>καθ’</span> <span class='ocrx_word' id='word_1_36' title='bbox 586 863 780 934; x_wconf 78' lang='grc' dir='ltr'>εἱρμὸν</span> <span class='ocrx_word' id='word_1_37' title='bbox 816 862 1088 933; x_wconf 74' lang='grc' dir='ltr'>ἔρχονται,</span> <span class='ocrx_word' id='word_1_38' title='bbox 1118 865 1219 924; x_wconf 64' lang='grc' dir='ltr'>καὶ</span> <span class='ocrx_word' id='word_1_39' title='bbox 1239 864 1330 917; x_wconf 79' lang='grc' dir='ltr'><strong>τὸν</strong></span> <span class='ocrx_word' id='word_1_40' title='bbox 1388 863 1486 933; x_wconf 88' lang='grc' dir='ltr'><strong>τῆς</strong></span> <span class='ocrx_word' id='word_1_41' title='bbox 1521 861 1746 915; x_wconf 87' lang='grc' dir='ltr'>πολυλο-</span> 
     </span>
    </p>
   </div>
   <div class='ocr_carea' id='block_1_10' title="bbox 163 952 1747 1025">
    <p class='ocr_par' dir='ltr' id='par_1_10' title="bbox 163 952 1747 1025">
     <span class='ocr_line' id='line_1_10' title="bbox 163 952 1747 1025; baseline -0.001 -17"><span class='ocrx_word' id='word_1_42' title='bbox 163 959 300 1024; x_wconf 84' lang='grc' dir='ltr'>γίας</span> <span class='ocrx_word' id='word_1_43' title='bbox 329 955 662 1025; x_wconf 85' lang='grc' dir='ltr'>ναυτιασμδν</span> <span class='ocrx_word' id='word_1_44' title='bbox 686 954 1100 1010; x_wconf 87' lang='grc' dir='ltr'>ἀπαναίνονται.</span> <span class='ocrx_word' id='word_1_45' title='bbox 1145 956 1256 1008; x_wconf 74' lang='grc' dir='ltr'><strong>Καὶ</strong></span> <span class='ocrx_word' id='word_1_46' title='bbox 1288 954 1396 1025; x_wconf 84' lang='grc' dir='ltr'>γὰρ</span> <span class='ocrx_word' id='word_1_47' title='bbox 1452 952 1747 1022; x_wconf 80' lang='grc' dir='ltr'><strong>ἐπιστολῆς</strong></span> 
     </span>
    </p>
   </div>
   <div class='ocr_carea' id='block_1_11' title="bbox 161 1043 1744 1118">
    <p class='ocr_par' dir='ltr' id='par_1_11' title="bbox 161 1043 1744 1118">
     <span class='ocr_line' id='line_1_11' title="bbox 161 1043 1744 1118; baseline -0.002 -18"><span class='ocrx_word' id='word_1_48' title='bbox 161 1047 364 1118; x_wconf 80' lang='grc' dir='ltr'>ἀρετὴ,</span> <span class='ocrx_word' id='word_1_49' title='bbox 397 1047 558 1110; x_wconf 80' lang='grc' dir='ltr'>εὐθὺς</span> <span class='ocrx_word' id='word_1_50' title='bbox 581 1049 679 1116; x_wconf 87' lang='grc' dir='ltr'><strong>τῆς</strong></span> <span class='ocrx_word' id='word_1_51' title='bbox 708 1046 1078 1117; x_wconf 72' lang='grc' dir='ltr'><strong>προκειμένης</strong></span> <span class='ocrx_word' id='word_1_52' title='bbox 1115 1045 1422 1108; x_wconf 77' lang='grc' dir='ltr'>ὑποθέσεως</span> <span class='ocrx_word' id='word_1_53' title='bbox 1451 1043 1744 1107; x_wconf 73' lang='grc' dir='ltr'>ἅπτεσθαι,</span> 
     </span>
    </p>
   </div>
   <div class='ocr_carea' id='block_1_12' title="bbox 162 1136 1744 1207">
    <p class='ocr_par' dir='ltr' id='par_1_12' title="bbox 162 1136 1744 1207">
     <span class='ocr_line' id='line_1_12' title="bbox 162 1136 1744 1207; baseline -0.001 -17"><span class='ocrx_word' id='word_1_54' title='bbox 162 1139 264 1191; x_wconf 74' lang='grc' dir='ltr'><strong>καὶ</strong></span> <span class='ocrx_word' id='word_1_55' title='bbox 294 1137 536 1191; x_wconf 89' lang='grc' dir='ltr'>τοσαῦτα</span> <span class='ocrx_word' id='word_1_56' title='bbox 564 1137 746 1206; x_wconf 83' lang='grc' dir='ltr'>λέγειν</span> <span class='ocrx_word' id='word_1_57' title='bbox 787 1138 922 1192; x_wconf 74' lang='lat' dir='ltr'><strong>am</strong></span> <span class='ocrx_word' id='word_1_58' title='bbox 957 1139 1264 1205; x_wconf 74' lang='grc' dir='ltr'>ἐπάναγκες</span> <span class='ocrx_word' id='word_1_59' title='bbox 1293 1153 1306 1166; x_wconf 72' lang='grc' dir='ltr'><strong><em>ο</em></strong></span> <span class='ocrx_word' id='word_1_60' title='bbox 1331 1136 1468 1190; x_wconf 87' lang='grc' dir='ltr'>ἀλλὰ</span> <span class='ocrx_word' id='word_1_61' title='bbox 1499 1136 1573 1207; x_wconf 83' lang='grc' dir='ltr'>μὴ</span> <span class='ocrx_word' id='word_1_62' title='bbox 1621 1137 1744 1191; x_wconf 83' lang='grc' dir='ltr'>ὲπι-</span> 
     </span>
    </p>
   </div>
   <div class='ocr_carea' id='block_1_13' title="bbox 161 1222 1741 1297">
    <p class='ocr_par' dir='ltr' id='par_1_13' title="bbox 161 1222 1741 1297">
     <span class='ocr_line' id='line_1_13' title="bbox 161 1222 1741 1297; baseline 0.001 -20"><span class='ocrx_word' id='word_1_63' title='bbox 161 1225 391 1280; x_wconf 75' lang='grc' dir='ltr'>κυκλεῖν</span> <span class='ocrx_word' id='word_1_64' title='bbox 421 1227 487 1280; x_wconf 81' lang='grc' dir='ltr'><strong>τὰ</strong></span> <span class='ocrx_word' id='word_1_65' title='bbox 517 1227 616 1297; x_wconf 81' lang='grc' dir='ltr'><strong>οὐχ</strong></span> <span class='ocrx_word' id='word_1_66' title='bbox 643 1225 840 1289; x_wconf 78' lang='grc' dir='ltr'>οὕτως.</span> <span class='ocrx_word' id='word_1_67' title='bbox 872 1222 1016 1282; x_wconf 77' lang='grc' dir='ltr'>Εῐεν.</span> <span class='ocrx_word' id='word_1_68' title='bbox 1051 1226 1186 1296; x_wconf 69' lang='grc' dir='ltr'>Περὶ</span> <span class='ocrx_word' id='word_1_69' title='bbox 1211 1222 1285 1279; x_wconf 82' lang='grc' dir='ltr'>ὧν</span> <span class='ocrx_word' id='word_1_70' title='bbox 1314 1225 1607 1296; x_wconf 76' lang='grc' dir='ltr'><strong>ἠρώτησας</strong></span> <span class='ocrx_word' id='word_1_71' title='bbox 1634 1267 1647 1290; x_wconf 83' lang='grc'><strong>,</strong></span> <span class='ocrx_word' id='word_1_72' title='bbox 1680 1226 1741 1278; x_wconf 83' lang='grc' dir='ltr'><strong>ού</strong></span> 
     </span>
    </p>
   </div>
   <div class='ocr_carea' id='block_1_14' title="bbox 159 1316 1742 1388">
    <p class='ocr_par' dir='ltr' id='par_1_14' title="bbox 159 1316 1742 1388">
     <span class='ocr_line' id='line_1_14' title="bbox 159 1316 1742 1388; baseline 0.001 -20"><span class='ocrx_word' id='word_1_73' title='bbox 159 1316 262 1369; x_wconf 85' lang='grc' dir='ltr'><strong>τοῦ</strong></span> <span class='ocrx_word' id='word_1_74' title='bbox 316 1317 587 1388; x_wconf 78' lang='grc' dir='ltr'><strong>παρόντος</strong></span> <span class='ocrx_word' id='word_1_75' title='bbox 618 1317 813 1388; x_wconf 81' lang='grc' dir='ltr'>καιροῦ</span> <span class='ocrx_word' id='word_1_76' title='bbox 841 1317 910 1370; x_wconf 77' lang='grc' dir='ltr'><strong>τά</strong></span> <span class='ocrx_word' id='word_1_77' title='bbox 934 1317 1115 1371; x_wconf 82' lang='grc' dir='ltr'>τοιάδε</span> <span class='ocrx_word' id='word_1_78' title='bbox 1150 1317 1536 1386; x_wconf 80' lang='grc' dir='ltr'>φιλοπευστεῖν</span> <span class='ocrx_word' id='word_1_79' title='bbox 1569 1334 1584 1350; x_wconf 79' lang='grc' dir='ltr'><strong>ο</strong></span> <span class='ocrx_word' id='word_1_80' title='bbox 1617 1318 1742 1371; x_wconf 87' lang='grc' dir='ltr'>οῦτε</span> 
     </span>
    </p>
   </div>
   <div class='ocr_carea' id='block_1_15' title="bbox 160 1402 1744 1481">
    <p class='ocr_par' dir='ltr' id='par_1_15' title="bbox 160 1402 1744 1481">
     <span class='ocr_line' id='line_1_15' title="bbox 160 1402 1744 1481; baseline 0 -19"><span class='ocrx_word' id='word_1_81' title='bbox 160 1410 483 1478; x_wconf 75' lang='grc' dir='ltr'>πρδςήμῶν</span> <span class='ocrx_word' id='word_1_82' title='bbox 515 1409 772 1478; x_wconf 77' lang='grc' dir='ltr'>μυεῖσθαι</span> <span class='ocrx_word' id='word_1_83' title='bbox 805 1425 884 1473; x_wconf 90' lang='grc' dir='ltr'><strong>σε,</strong></span> <span class='ocrx_word' id='word_1_84' title='bbox 917 1402 961 1462; x_wconf 82' lang='grc' dir='ltr'>ὧ</span> <span class='ocrx_word' id='word_1_85' title='bbox 1005 1408 1136 1462; x_wconf 71' lang='grc' dir='ltr'>καλὲ</span> <span class='ocrx_word' id='word_1_86' title='bbox 1172 1411 1300 1462; x_wconf 81' lang='grc' dir='ltr'><strong>παῖ·</strong></span> <span class='ocrx_word' id='word_1_87' title='bbox 1358 1409 1548 1481; x_wconf 78' lang='grc' dir='ltr'>ἐπειδὴ</span> <span class='ocrx_word' id='word_1_88' title='bbox 1603 1408 1744 1479; x_wconf 82' lang='grc' dir='ltr'><strong>μετά</strong></span> 
     </span>
    </p>
   </div>
   <div class='ocr_carea' id='block_1_16' title="bbox 159 1498 1740 1570">
    <p class='ocr_par' dir='ltr' id='par_1_16' title="bbox 159 1498 1740 1570">
     <span class='ocr_line' id='line_1_16' title="bbox 159 1498 1740 1570; baseline 0.002 -20"><span class='ocrx_word' id='word_1_89' title='bbox 159 1499 274 1550; x_wconf 82' lang='grc' dir='ltr'>τῶν</span> <span class='ocrx_word' id='word_1_90' title='bbox 307 1498 481 1553; x_wconf 81' lang='grc' dir='ltr'>ἀλλων</span> <span class='ocrx_word' id='word_1_91' title='bbox 506 1501 602 1552; x_wconf 72' lang='grc' dir='ltr'><strong>καὶ</strong></span> <span class='ocrx_word' id='word_1_92' title='bbox 633 1499 879 1570; x_wconf 81' lang='grc' dir='ltr'><strong>ἀμύητος</strong></span> <span class='ocrx_word' id='word_1_93' title='bbox 902 1499 1014 1568; x_wconf 73' lang='grc' dir='ltr'><strong>ἐγὼ</strong></span> <span class='ocrx_word' id='word_1_94' title='bbox 1061 1501 1170 1552; x_wconf 84' lang='grc' dir='ltr'><strong>τῶν</strong></span> <span class='ocrx_word' id='word_1_95' title='bbox 1222 1501 1582 1569; x_wconf 80' lang='grc' dir='ltr'>δυσεφίκτων.</span> <span class='ocrx_word' id='word_1_96' title='bbox 1651 1501 1740 1564; x_wconf 81' lang='grc' dir='ltr'>Ὦς</span> 
     </span>
    </p>
   </div>
   <div class='ocr_carea' id='block_1_17' title="bbox 157 1589 1740 1662">
    <p class='ocr_par' dir='ltr' id='par_1_17' title="bbox 157 1589 1740 1662">
     <span class='ocr_line' id='line_1_17' title="bbox 157 1589 1740 1662; baseline 0.001 -20"><span class='ocrx_word' id='word_1_97' title='bbox 157 1589 206 1642; x_wconf 79' lang='grc' dir='ltr'>δ’</span> <span class='ocrx_word' id='word_1_98' title='bbox 265 1590 332 1643; x_wconf 81' lang='grc' dir='ltr'>ἂν</span> <span class='ocrx_word' id='word_1_99' title='bbox 365 1591 440 1660; x_wconf 79' lang='grc' dir='ltr'>μὴ</span> <span class='ocrx_word' id='word_1_100' title='bbox 501 1590 890 1660; x_wconf 70' lang='grc' dir='ltr'>παραλυπῆσαι</span> <span class='ocrx_word' id='word_1_101' title='bbox 943 1592 1011 1662; x_wconf 78' lang='grc' dir='ltr'>τῇ</span> <span class='ocrx_word' id='word_1_102' title='bbox 1073 1592 1323 1662; x_wconf 73' lang='grc' dir='ltr'>ἀφασίαο</span> <span class='ocrx_word' id='word_1_103' title='bbox 1373 1594 1547 1645; x_wconf 73' lang='grc' dir='ltr'>ἐκεῖνο</span> <span class='ocrx_word' id='word_1_104' title='bbox 1597 1592 1740 1660; x_wconf 81' lang='grc' dir='ltr'>λέγω</span> 
     </span>
    </p>
   </div>
   <div class='ocr_carea' id='block_1_18' title="bbox 157 1679 1738 1754">
    <p class='ocr_par' dir='ltr' id='par_1_18' title="bbox 157 1679 1738 1754">
     <span class='ocr_line' id='line_1_18' title="bbox 157 1679 1738 1754; baseline 0.003 -23"><span class='ocrx_word' id='word_1_105' title='bbox 157 1681 295 1749; x_wconf 71' lang='grc' dir='ltr'>περὶ</span> <span class='ocrx_word' id='word_1_106' title='bbox 326 1679 422 1733; x_wconf 87' lang='grc' dir='ltr'><strong>τοῦ</strong></span> <span class='ocrx_word' id='word_1_107' title='bbox 453 1680 673 1751; x_wconf 78' lang='grc' dir='ltr'>πρώτου</span> <span class='ocrx_word' id='word_1_108' title='bbox 691 1697 706 1711; x_wconf 82' lang='lat'><strong><em>°</em></strong></span> <span class='ocrx_word' id='word_1_109' title='bbox 735 1682 815 1735; x_wconf 83' lang='grc' dir='ltr'>ὅτι</span> <span class='ocrx_word' id='word_1_110' title='bbox 832 1681 1006 1745; x_wconf 80' lang='grc' dir='ltr'>οὐδείς</span> <span class='ocrx_word' id='word_1_111' title='bbox 1023 1700 1110 1735; x_wconf 90' lang='grc' dir='ltr'><strong>πω</strong></span> <span class='ocrx_word' id='word_1_112' title='bbox 1130 1682 1240 1736; x_wconf 77' lang='grc' dir='ltr'><strong>τῶν</strong></span> <span class='ocrx_word' id='word_1_113' title='bbox 1262 1682 1438 1737; x_wconf 77' lang='grc' dir='ltr'>ἄλλων</span> <span class='ocrx_word' id='word_1_114' title='bbox 1462 1683 1738 1754; x_wconf 74' lang='grc' dir='ltr'>θεοφόρων</span> 
     </span>
    </p>
   </div>
   <div class='ocr_carea' id='block_1_19' title="bbox 159 1770 1734 1844">
    <p class='ocr_par' dir='ltr' id='par_1_19' title="bbox 159 1770 1734 1844">
     <span class='ocr_line' id='line_1_19' title="bbox 159 1770 1734 1844; baseline 0.002 -19"><span class='ocrx_word' id='word_1_115' title='bbox 159 1770 430 1839; x_wconf 80' lang='grc' dir='ltr'>Πατὲρων</span> <span class='ocrx_word' id='word_1_116' title='bbox 465 1770 722 1826; x_wconf 78' lang='grc' dir='ltr'>ὲλεύκανε</span> <span class='ocrx_word' id='word_1_117' title='bbox 759 1773 821 1826; x_wconf 78' lang='grc' dir='ltr'>τὸ</span> <span class='ocrx_word' id='word_1_118' title='bbox 855 1772 1150 1844; x_wconf 76' lang='grc' dir='ltr'>πρόϐλημα</span> <span class='ocrx_word' id='word_1_119' title='bbox 1180 1773 1354 1835; x_wconf 76' lang='grc' dir='ltr'>οὕτως</span> <span class='ocrx_word' id='word_1_120' title='bbox 1382 1774 1457 1838; x_wconf 87' lang='grc' dir='ltr'>ὼς</span> <span class='ocrx_word' id='word_1_121' title='bbox 1510 1775 1538 1828; x_wconf 83' lang='grc' dir='ltr'><strong>ό</strong></span> <span class='ocrx_word' id='word_1_122' title='bbox 1587 1776 1734 1829; x_wconf 85' lang='grc' dir='ltr'>Νυσ-</span> 
     </span>
    </p>
   </div>
   <div class='ocr_carea' id='block_1_20' title="bbox 157 1861 1736 1937">
    <p class='ocr_par' dir='ltr' id='par_1_20' title="bbox 157 1861 1736 1937">
     <span class='ocr_line' id='line_1_20' title="bbox 157 1861 1736 1937; baseline 0.006 -25"><span class='ocrx_word' id='word_1_123' title='bbox 157 1861 292 1923; x_wconf 82' lang='grc' dir='ltr'>σεὺς</span> <span class='ocrx_word' id='word_1_124' title='bbox 330 1861 653 1932; x_wconf 79' lang='grc' dir='ltr'>Γρηγόριος.</span> <span class='ocrx_word' id='word_1_125' title='bbox 699 1863 1084 1935; x_wconf 80' lang='grc' dir='ltr'>Ἀρκεσθῶμεν</span> <span class='ocrx_word' id='word_1_126' title='bbox 1115 1865 1209 1919; x_wconf 85' lang='grc' dir='ltr'><strong>οῦν</strong></span> <span class='ocrx_word' id='word_1_127' title='bbox 1236 1869 1302 1937; x_wconf 81' lang='grc' dir='ltr'>τῇ</span> <span class='ocrx_word' id='word_1_128' title='bbox 1333 1867 1430 1920; x_wconf 88' lang='grc' dir='ltr'><strong>τοῦ</strong></span> <span class='ocrx_word' id='word_1_129' title='bbox 1487 1867 1736 1937; x_wconf 89' lang='grc' dir='ltr'>πνεύμα-</span> 
     </span>
    </p>
   </div>
   <div class='ocr_carea' id='block_1_21' title="bbox 154 1951 1732 2028">
    <p class='ocr_par' dir='ltr' id='par_1_21' title="bbox 154 1951 1732 2028">
     <span class='ocr_line' id='line_1_21' title="bbox 154 1951 1732 2028; baseline 0.006 -25"><span class='ocrx_word' id='word_1_130' title='bbox 154 1968 254 2013; x_wconf 81' lang='grc' dir='ltr'><strong>τος</strong></span> <span class='ocrx_word' id='word_1_131' title='bbox 281 1951 488 2023; x_wconf 69' lang='grc' dir='ltr'>θεωρία</span> <span class='ocrx_word' id='word_1_132' title='bbox 519 1954 577 2006; x_wconf 81' lang='grc' dir='ltr'>ὲν</span> <span class='ocrx_word' id='word_1_133' title='bbox 605 1954 892 2028; x_wconf 74' lang='grc' dir='ltr'>ἀνηγμένη</span> <span class='ocrx_word' id='word_1_134' title='bbox 925 1954 1130 2027; x_wconf 70' lang='grc' dir='ltr'>θεωρία</span> <span class='ocrx_word' id='word_1_135' title='bbox 1157 1956 1321 2024; x_wconf 79' lang='grc' dir='ltr'>ἄγαν.</span> <span class='ocrx_word' id='word_1_136' title='bbox 1360 1957 1434 2010; x_wconf 84' lang='grc' dir='ltr'>Τὸ</span> <span class='ocrx_word' id='word_1_137' title='bbox 1462 1958 1570 2028; x_wconf 79' lang='grc' dir='ltr'><strong>γὰρ</strong></span> <span class='ocrx_word' id='word_1_138' title='bbox 1631 1960 1732 2012; x_wconf 72' lang='grc' dir='ltr'><strong>ἑπ-</strong></span> 
     </span>
    </p>
   </div>
   <div class='ocr_carea' id='block_1_22' title="bbox 161 2043 1731 2120">
    <p class='ocr_par' dir='ltr' id='par_1_22' title="bbox 161 2043 1731 2120">
     <span class='ocr_line' id='line_1_22' title="bbox 161 2043 1731 2120; baseline 0.006 -26"><span class='ocrx_word' id='word_1_139' title='bbox 161 2043 360 2096; x_wconf 71' lang='grc' dir='ltr'>ἑκεινα</span> <span class='ocrx_word' id='word_1_140' title='bbox 389 2044 660 2115; x_wconf 77' lang='grc' dir='ltr'>Γαδείρων</span> <span class='ocrx_word' id='word_1_141' title='bbox 686 2046 748 2101; x_wconf 82' lang='grc' dir='ltr'>οὐ</span> <span class='ocrx_word' id='word_1_142' title='bbox 780 2046 1016 2116; x_wconf 86' lang='grc' dir='ltr'>περατόν</span> <span class='ocrx_word' id='word_1_143' title='bbox 1047 2063 1060 2077; x_wconf 78' lang='grc' dir='ltr'><strong>ο</strong></span> <span class='ocrx_word' id='word_1_144' title='bbox 1088 2051 1163 2111; x_wconf 86' lang='grc' dir='ltr'>ὼς</span> <span class='ocrx_word' id='word_1_145' title='bbox 1195 2048 1224 2100; x_wconf 90' lang='grc' dir='ltr'><strong>ό</strong></span> <span class='ocrx_word' id='word_1_146' title='bbox 1277 2048 1454 2117; x_wconf 81' lang='grc' dir='ltr'><strong>λόγος.</strong></span> <span class='ocrx_word' id='word_1_147' title='bbox 1516 2052 1651 2120; x_wconf 75' lang='grc' dir='ltr'>Περὶ</span> <span class='ocrx_word' id='word_1_148' title='bbox 1674 2051 1731 2104; x_wconf 84' lang='grc' dir='ltr'>δὲ</span> 
     </span>
    </p>
   </div>
   <div class='ocr_carea' id='block_1_23' title="bbox 1859 857 3433 930">
    <p class='ocr_par' dir='ltr' id='par_1_23' title="bbox 1859 857 3433 930">
     <span class='ocr_line' id='line_1_23' title="bbox 1859 857 3433 930; baseline 0 -17"><span class='ocrx_word' id='word_1_149' title='bbox 1859 864 2024 915; x_wconf 68' lang='lat' dir='ltr'><strong>tineae</strong></span> <span class='ocrx_word' id='word_1_150' title='bbox 2061 860 2431 930; x_wconf 88' lang='lat' dir='ltr'><strong>perferuntur,</strong></span> <span class='ocrx_word' id='word_1_151' title='bbox 2471 865 2527 911; x_wconf 92' lang='lat' dir='ltr'><strong>et</strong></span> <span class='ocrx_word' id='word_1_152' title='bbox 2572 857 2896 926; x_wconf 90' lang='lat' dir='ltr'><strong>multiloquii</strong></span> <span class='ocrx_word' id='word_1_153' title='bbox 2927 857 3204 912; x_wconf 88' lang='lat' dir='ltr'><strong>fastidium</strong></span> <span class='ocrx_word' id='word_1_154' title='bbox 3238 861 3433 915; x_wconf 86' lang='lat' dir='ltr'><strong>vitant.</strong></span> 
     </span>
    </p>
   </div>
   <div class='ocr_carea' id='block_1_24' title="bbox 1857 950 3434 1021">
    <p class='ocr_par' dir='ltr' id='par_1_24' title="bbox 1857 950 3434 1021">
     <span class='ocr_line' id='line_1_24' title="bbox 1857 950 3434 1021; baseline -0.001 -15"><span class='ocrx_word' id='word_1_155' title='bbox 1857 951 1979 1006; x_wconf 63' lang='lat' dir='ltr'><strong>Haec</strong></span> <span class='ocrx_word' id='word_1_156' title='bbox 2006 952 2152 1006; x_wconf 91' lang='lat' dir='ltr'><strong>enim</strong></span> <span class='ocrx_word' id='word_1_157' title='bbox 2193 951 2437 1021; x_wconf 68' lang='lat' dir='ltr'><strong>epistola:</strong></span> <span class='ocrx_word' id='word_1_158' title='bbox 2487 951 2605 1004; x_wconf 87' lang='lat' dir='ltr'><strong>laus</strong></span> <span class='ocrx_word' id='word_1_159' title='bbox 2646 950 2862 1019; x_wconf 86' lang='lat' dir='ltr'><strong>propria</strong></span> <span class='ocrx_word' id='word_1_160' title='bbox 2910 956 3016 1014; x_wconf 89' lang='lat' dir='ltr'><strong>est,</strong></span> <span class='ocrx_word' id='word_1_161' title='bbox 3047 956 3106 1002; x_wconf 92' lang='lat' dir='ltr'><strong>ut</strong></span> <span class='ocrx_word' id='word_1_162' title='bbox 3160 951 3345 1004; x_wconf 88' lang='lat' dir='ltr'><strong>statim</strong></span> <span class='ocrx_word' id='word_1_163' title='bbox 3405 969 3434 1004; x_wconf 87' lang='lat' dir='ltr'><strong>a</strong></span> 
     </span>
    </p>
   </div>
   <div class='ocr_carea' id='block_1_25' title="bbox 1853 1043 3437 1116">
    <p class='ocr_par' dir='ltr' id='par_1_25' title="bbox 1853 1043 3437 1116">
     <span class='ocr_line' id='line_1_25' title="bbox 1853 1043 3437 1116; baseline 0.001 -17"><span class='ocrx_word' id='word_1_164' title='bbox 1853 1045 2129 1114; x_wconf 89' lang='lat' dir='ltr'><strong>proposito</strong></span> <span class='ocrx_word' id='word_1_165' title='bbox 2156 1053 2478 1116; x_wconf 88' lang='lat' dir='ltr'><strong>argumento</strong></span> <span class='ocrx_word' id='word_1_166' title='bbox 2505 1044 2718 1098; x_wconf 89' lang='lat' dir='ltr'><strong>initium</strong></span> <span class='ocrx_word' id='word_1_167' title='bbox 2751 1043 2968 1098; x_wconf 89' lang='lat' dir='ltr'><strong>dicendi</strong></span> <span class='ocrx_word' id='word_1_168' title='bbox 3009 1043 3174 1097; x_wconf 89' lang='lat' dir='ltr'><strong>faciat</strong></span> <span class='ocrx_word' id='word_1_169' title='bbox 3198 1083 3214 1105; x_wconf 85' lang='lat'><strong>,</strong></span> <span class='ocrx_word' id='word_1_170' title='bbox 3262 1059 3437 1114; x_wconf 86' lang='lat' dir='ltr'><strong>eaque</strong></span> 
     </span>
    </p>
   </div>
   <div class='ocr_carea' id='block_1_26' title="bbox 1851 1134 3434 1205">
    <p class='ocr_par' dir='ltr' id='par_1_26' title="bbox 1851 1134 3434 1205">
     <span class='ocr_line' id='line_1_26' title="bbox 1851 1134 3434 1205; baseline -0.001 -16"><span class='ocrx_word' id='word_1_171' title='bbox 1851 1134 1994 1190; x_wconf 86' lang='lat' dir='ltr'><strong>dicat</strong></span> <span class='ocrx_word' id='word_1_172' title='bbox 2036 1151 2158 1205; x_wconf 75' lang='lat' dir='ltr'><strong>qua:</strong></span> <span class='ocrx_word' id='word_1_173' title='bbox 2189 1149 2412 1190; x_wconf 88' lang='lat' dir='ltr'><strong>necesse</strong></span> <span class='ocrx_word' id='word_1_174' title='bbox 2441 1142 2526 1190; x_wconf 89' lang='lat' dir='ltr'><strong>est</strong></span> <span class='ocrx_word' id='word_1_175' title='bbox 2568 1177 2582 1200; x_wconf 92' lang='lat'><strong>,</strong></span> <span class='ocrx_word' id='word_1_176' title='bbox 2623 1150 2723 1190; x_wconf 88' lang='lat' dir='ltr'><strong>nec</strong></span> <span class='ocrx_word' id='word_1_177' title='bbox 2780 1151 2842 1190; x_wconf 88' lang='lat' dir='ltr'><strong>ea</strong></span> <span class='ocrx_word' id='word_1_178' title='bbox 2901 1136 3140 1189; x_wconf 78' lang='lat' dir='ltr'><strong>revolvat</strong></span> <span class='ocrx_word' id='word_1_179' title='bbox 3158 1152 3280 1204; x_wconf 74' lang='lat' dir='ltr'><strong>qua:</strong></span> <span class='ocrx_word' id='word_1_180' title='bbox 3322 1152 3434 1189; x_wconf 86' lang='lat' dir='ltr'><strong>non</strong></span> 
     </span>
    </p>
   </div>
   <div class='ocr_carea' id='block_1_27' title="bbox 1852 1225 3436 1296">
    <p class='ocr_par' dir='ltr' id='par_1_27' title="bbox 1852 1225 3436 1296">
     <span class='ocr_line' id='line_1_27' title="bbox 1852 1225 3436 1296; baseline 0.001 -17"><span class='ocrx_word' id='word_1_181' title='bbox 1852 1236 1980 1280; x_wconf 92' lang='lat' dir='ltr'><strong>sunt</strong></span> <span class='ocrx_word' id='word_1_182' title='bbox 2001 1225 2290 1296; x_wconf 86' lang='lat' dir='ltr'><strong>ejusmodi.</strong></span> <span class='ocrx_word' id='word_1_183' title='bbox 2349 1225 2431 1280; x_wconf 86' lang='lat' dir='ltr'><strong>Ad</strong></span> <span class='ocrx_word' id='word_1_184' title='bbox 2461 1226 2564 1280; x_wconf 89' lang='lat' dir='ltr'><strong>alia</strong></span> <span class='ocrx_word' id='word_1_185' title='bbox 2618 1241 2780 1295; x_wconf 90' lang='lat' dir='ltr'><strong>porro</strong></span> <span class='ocrx_word' id='word_1_186' title='bbox 2821 1240 3130 1296; x_wconf 90' lang='lat' dir='ltr'><strong>pergamus.</strong></span> <span class='ocrx_word' id='word_1_187' title='bbox 3183 1225 3258 1280; x_wconf 86' lang='lat' dir='ltr'><strong>De</strong></span> <span class='ocrx_word' id='word_1_188' title='bbox 3309 1227 3436 1295; x_wconf 83' lang='lat' dir='ltr'><strong>qui-</strong></span> 
     </span>
    </p>
   </div>
   <div class='ocr_carea' id='block_1_28' title="bbox 1849 1317 3434 1389">
    <p class='ocr_par' dir='ltr' id='par_1_28' title="bbox 1849 1317 3434 1389">
     <span class='ocr_line' id='line_1_28' title="bbox 1849 1317 3434 1389; baseline 0 -17"><span class='ocrx_word' id='word_1_189' title='bbox 1849 1317 1953 1372; x_wconf 88' lang='lat' dir='ltr'><strong>bus</strong></span> <span class='ocrx_word' id='word_1_190' title='bbox 1985 1317 2352 1389; x_wconf 77' lang='lat' dir='ltr'><strong>interrogasti,</strong></span> <span class='ocrx_word' id='word_1_191' title='bbox 2400 1332 2579 1387; x_wconf 91' lang='lat' dir='ltr'><strong>neque</strong></span> <span class='ocrx_word' id='word_1_192' title='bbox 2649 1327 2732 1372; x_wconf 86' lang='lat' dir='ltr'><strong>est</strong></span> <span class='ocrx_word' id='word_1_193' title='bbox 2779 1317 2942 1387; x_wconf 85' lang='lat' dir='ltr'><strong>hujus</strong></span> <span class='ocrx_word' id='word_1_194' title='bbox 2993 1318 3253 1388; x_wconf 88' lang='lat' dir='ltr'><strong>temporis</strong></span> <span class='ocrx_word' id='word_1_195' title='bbox 3307 1318 3434 1372; x_wconf 88' lang='lat' dir='ltr'><strong>talia</strong></span> 
     </span>
    </p>
   </div>
   <div class='ocr_carea' id='block_1_29' title="bbox 1847 1410 3435 1481">
    <p class='ocr_par' dir='ltr' id='par_1_29' title="bbox 1847 1410 3435 1481">
     <span class='ocr_line' id='line_1_29' title="bbox 1847 1410 3435 1481; baseline 0 -17"><span class='ocrx_word' id='word_1_196' title='bbox 1847 1410 2132 1476; x_wconf 90' lang='lat' dir='ltr'><strong>sciscitari,</strong></span> <span class='ocrx_word' id='word_1_197' title='bbox 2176 1426 2279 1465; x_wconf 91' lang='lat' dir='ltr'><strong>nec</strong></span> <span class='ocrx_word' id='word_1_198' title='bbox 2313 1417 2623 1465; x_wconf 86' lang='lat' dir='ltr'><strong>nostrarum</strong></span> <span class='ocrx_word' id='word_1_199' title='bbox 2667 1410 2866 1465; x_wconf 90' lang='lat' dir='ltr'><strong>virium</strong></span> <span class='ocrx_word' id='word_1_200' title='bbox 2911 1410 3142 1464; x_wconf 88' lang='lat' dir='ltr'><strong>edocere</strong></span> <span class='ocrx_word' id='word_1_201' title='bbox 3191 1419 3270 1475; x_wconf 92' lang='lat' dir='ltr'><strong>te,</strong></span> <span class='ocrx_word' id='word_1_202' title='bbox 3299 1426 3435 1481; x_wconf 89' lang='lat' dir='ltr'><strong>puer</strong></span> 
     </span>
    </p>
   </div>
   <div class='ocr_carea' id='block_1_30' title="bbox 1851 1501 3433 1572">
    <p class='ocr_par' dir='ltr' id='par_1_30' title="bbox 1851 1501 3433 1572">
     <span class='ocr_line' id='line_1_30' title="bbox 1851 1501 3433 1572; baseline 0.002 -18"><span class='ocrx_word' id='word_1_203' title='bbox 1851 1501 2060 1571; x_wconf 81' lang='lat' dir='ltr'><strong>Optime</strong></span> <span class='ocrx_word' id='word_1_204' title='bbox 2095 1519 2109 1555; x_wconf 90' lang='lat'><strong>:</strong></span> <span class='ocrx_word' id='word_1_205' title='bbox 2150 1501 2588 1571; x_wconf 85' lang='lat' dir='ltr'><strong>quandoquidem</strong></span> <span class='ocrx_word' id='word_1_206' title='bbox 2638 1543 2652 1568; x_wconf 91' lang='lat'><strong>,</strong></span> <span class='ocrx_word' id='word_1_207' title='bbox 2695 1509 2894 1572; x_wconf 69' lang='lat' dir='ltr'><strong>praeter</strong></span> <span class='ocrx_word' id='word_1_208' title='bbox 2923 1501 3048 1566; x_wconf 87' lang='lat' dir='ltr'><strong>alia,</strong></span> <span class='ocrx_word' id='word_1_209' title='bbox 3103 1503 3258 1556; x_wconf 89' lang='lat' dir='ltr'><strong>rudis</strong></span> <span class='ocrx_word' id='word_1_210' title='bbox 3311 1518 3433 1556; x_wconf 90' lang='lat' dir='ltr'><strong>sum</strong></span> 
     </span>
    </p>
   </div>
   <div class='ocr_carea' id='block_1_31' title="bbox 1844 1591 3433 1663">
    <p class='ocr_par' dir='ltr' id='par_1_31' title="bbox 1844 1591 3433 1663">
     <span class='ocr_line' id='line_1_31' title="bbox 1844 1591 3433 1663; baseline 0 -15"><span class='ocrx_word' id='word_1_211' title='bbox 1844 1601 1902 1648; x_wconf 86' lang='lat' dir='ltr'><strong>et</strong></span> <span class='ocrx_word' id='word_1_212' title='bbox 1928 1592 2212 1663; x_wconf 87' lang='lat' dir='ltr'><strong>imperitus</strong></span> <span class='ocrx_word' id='word_1_213' title='bbox 2269 1592 2322 1647; x_wconf 91' lang='lat' dir='ltr'><strong>in</strong></span> <span class='ocrx_word' id='word_1_214' title='bbox 2364 1592 2433 1648; x_wconf 88' lang='lat' dir='ltr'><strong>iis</strong></span> <span class='ocrx_word' id='word_1_215' title='bbox 2479 1609 2601 1662; x_wconf 73' lang='lat' dir='ltr'><strong>qua:</strong></span> <span class='ocrx_word' id='word_1_216' title='bbox 2650 1601 2778 1648; x_wconf 92' lang='lat' dir='ltr'><strong>sunt</strong></span> <span class='ocrx_word' id='word_1_217' title='bbox 2829 1601 2990 1662; x_wconf 88' lang='lat' dir='ltr'><strong>captu</strong></span> <span class='ocrx_word' id='word_1_218' title='bbox 3029 1591 3288 1650; x_wconf 82' lang='lat' dir='ltr'><strong>diﬂicilia.</strong></span> <span class='ocrx_word' id='word_1_219' title='bbox 3352 1594 3433 1648; x_wconf 86' lang='lat' dir='ltr'><strong>Ne</strong></span> 
     </span>
    </p>
   </div>
   <div class='ocr_carea' id='block_1_32' title="bbox 1844 1683 3432 1750">
    <p class='ocr_par' dir='ltr' id='par_1_32' title="bbox 1844 1683 3432 1750">
     <span class='ocr_line' id='line_1_32' title="bbox 1844 1683 3432 1750; baseline 0.001 -12"><span class='ocrx_word' id='word_1_220' title='bbox 1844 1698 1975 1740; x_wconf 85' lang='lat' dir='ltr'><strong>vero</strong></span> <span class='ocrx_word' id='word_1_221' title='bbox 2031 1684 2334 1738; x_wconf 87' lang='lat' dir='ltr'><strong>molestiam</strong></span> <span class='ocrx_word' id='word_1_222' title='bbox 2391 1692 2573 1739; x_wconf 89' lang='lat' dir='ltr'><strong>nostra</strong></span> <span class='ocrx_word' id='word_1_223' title='bbox 2613 1683 2710 1739; x_wconf 88' lang='lat' dir='ltr'><strong>tibi</strong></span> <span class='ocrx_word' id='word_1_224' title='bbox 2740 1684 3082 1739; x_wconf 80' lang='lat' dir='ltr'><strong>taciturnitas</strong></span> <span class='ocrx_word' id='word_1_225' title='bbox 3113 1685 3325 1750; x_wconf 74' lang='lat' dir='ltr'><strong>afferat,</strong></span> <span class='ocrx_word' id='word_1_226' title='bbox 3362 1685 3432 1740; x_wconf 93' lang='lat' dir='ltr'><strong>de</strong></span> 
     </span>
    </p>
   </div>
   <div class='ocr_carea' id='block_1_33' title="bbox 1843 1775 3429 1845">
    <p class='ocr_par' dir='ltr' id='par_1_33' title="bbox 1843 1775 3429 1845">
     <span class='ocr_line' id='line_1_33' title="bbox 1843 1775 3429 1845; baseline 0.002 -16"><span class='ocrx_word' id='word_1_227' title='bbox 1843 1775 2022 1845; x_wconf 88' lang='lat' dir='ltr'><strong>priore</strong></span> <span class='ocrx_word' id='word_1_228' title='bbox 2055 1776 2135 1831; x_wconf 91' lang='lat' dir='ltr'><strong>sic</strong></span> <span class='ocrx_word' id='word_1_229' title='bbox 2162 1785 2381 1832; x_wconf 89' lang='lat' dir='ltr'><strong>statuo:</strong></span> <span class='ocrx_word' id='word_1_230' title='bbox 2412 1791 2442 1830; x_wconf 90' lang='lat' dir='ltr'><strong>a</strong></span> <span class='ocrx_word' id='word_1_231' title='bbox 2471 1777 2690 1832; x_wconf 82' lang='lat' dir='ltr'><strong>nemine</strong></span> <span class='ocrx_word' id='word_1_232' title='bbox 2728 1785 3053 1832; x_wconf 75' lang='lat' dir='ltr'><strong>cazterorum</strong></span> <span class='ocrx_word' id='word_1_233' title='bbox 3115 1778 3429 1832; x_wconf 90' lang='lat' dir='ltr'><strong>divinorum</strong></span> 
     </span>
    </p>
   </div>
   <div class='ocr_carea' id='block_1_34' title="bbox 1843 1868 3432 1939">
    <p class='ocr_par' dir='ltr' id='par_1_34' title="bbox 1843 1868 3432 1939">
     <span class='ocr_line' id='line_1_34' title="bbox 1843 1868 3432 1939; baseline -0.001 -15"><span class='ocrx_word' id='word_1_234' title='bbox 1843 1869 2066 1924; x_wconf 85' lang='lat' dir='ltr'><strong>Patrum</strong></span> <span class='ocrx_word' id='word_1_235' title='bbox 2097 1869 2421 1922; x_wconf 86' lang='lat' dir='ltr'><strong>illustratam</strong></span> <span class='ocrx_word' id='word_1_236' title='bbox 2464 1868 2607 1922; x_wconf 86' lang='lat' dir='ltr'><strong>hanc</strong></span> <span class='ocrx_word' id='word_1_237' title='bbox 2640 1869 2998 1939; x_wconf 66' lang='lat' dir='ltr'><strong>quaestionem</strong></span> <span class='ocrx_word' id='word_1_238' title='bbox 3046 1883 3168 1923; x_wconf 88' lang='lat' dir='ltr'><strong>esse</strong></span> <span class='ocrx_word' id='word_1_239' title='bbox 3201 1870 3432 1939; x_wconf 87' lang='lat' dir='ltr'><strong>perinde</strong></span> 
     </span>
    </p>
   </div>
   <div class='ocr_carea' id='block_1_35' title="bbox 1842 1959 3432 2032">
    <p class='ocr_par' dir='ltr' id='par_1_35' title="bbox 1842 1959 3432 2032">
     <span class='ocr_line' id='line_1_35' title="bbox 1842 1959 3432 2032; baseline -0.002 -15"><span class='ocrx_word' id='word_1_240' title='bbox 1842 1971 2004 2032; x_wconf 87' lang='lat' dir='ltr'><strong>atque</strong></span> <span class='ocrx_word' id='word_1_241' title='bbox 2032 1976 2062 2015; x_wconf 88' lang='lat' dir='ltr'><strong>a</strong></span> <span class='ocrx_word' id='word_1_242' title='bbox 2104 1959 2367 2031; x_wconf 79' lang='lat' dir='ltr'><strong>Gregorio</strong></span> <span class='ocrx_word' id='word_1_243' title='bbox 2396 1959 2658 2032; x_wconf 83' lang='lat' dir='ltr'><strong>Nysseno.</strong></span> <span class='ocrx_word' id='word_1_244' title='bbox 2693 1959 2836 2014; x_wconf 85' lang='lat' dir='ltr'><strong>Satis</strong></span> <span class='ocrx_word' id='word_1_245' title='bbox 2863 1959 3029 2030; x_wconf 78' lang='lat' dir='ltr'><strong>igitur</strong></span> <span class='ocrx_word' id='word_1_246' title='bbox 3083 1960 3244 2015; x_wconf 88' lang='lat' dir='ltr'><strong>nobis</strong></span> <span class='ocrx_word' id='word_1_247' title='bbox 3271 1961 3343 2014; x_wconf 91' lang='lat' dir='ltr'><strong>sit</strong></span> <span class='ocrx_word' id='word_1_248' title='bbox 3370 1976 3432 2014; x_wconf 88' lang='lat' dir='ltr'><strong>ea</strong></span> 
     </span>
    </p>
   </div>
   <div class='ocr_carea' id='block_1_36' title="bbox 1844 2049 3432 2127">
    <p class='ocr_par' dir='ltr' id='par_1_36' title="bbox 1844 2049 3432 2127">
     <span class='ocr_line' id='line_1_36' title="bbox 1844 2049 3432 2127; baseline -0.005 -16"><span class='ocrx_word' id='word_1_249' title='bbox 1844 2056 2040 2127; x_wconf 86' lang='lat' dir='ltr'><strong>spiritu</strong></span> <span class='ocrx_word' id='word_1_250' title='bbox 2080 2053 2435 2124; x_wconf 89' lang='lat' dir='ltr'><strong>contemplari</strong></span> <span class='ocrx_word' id='word_1_251' title='bbox 2463 2093 2478 2119; x_wconf 90' lang='lat'><strong>,</strong></span> <span class='ocrx_word' id='word_1_252' title='bbox 2520 2051 2788 2123; x_wconf 86' lang='lat' dir='ltr'><strong>patefacta</strong></span> <span class='ocrx_word' id='word_1_253' title='bbox 2843 2050 3043 2120; x_wconf 82' lang='lat' dir='ltr'><strong>Oppido</strong></span> <span class='ocrx_word' id='word_1_254' title='bbox 3073 2049 3140 2105; x_wconf 89' lang='lat' dir='ltr'><strong>ad</strong></span> <span class='ocrx_word' id='word_1_255' title='bbox 3179 2059 3432 2104; x_wconf 90' lang='lat' dir='ltr'><strong>eontem-</strong></span> 
     </span>
    </p>
   </div>
   <div class='ocr_carea' id='block_1_37' title="bbox 151 2124 1761 2217">
    <p class='ocr_par' dir='ltr' id='par_1_37' title="bbox 151 2133 1742 2211">
     <span class='ocr_line' id='line_1_37' title="bbox 151 2133 1742 2211; baseline 0.006 -26"><span class='ocrx_word' id='word_1_256' title='bbox 151 2133 254 2186; x_wconf 85' lang='grc' dir='ltr'><strong>τοῦ</strong></span> <span class='ocrx_word' id='word_1_257' title='bbox 281 2133 538 2206; x_wconf 66' lang='grc' dir='ltr'>δευτέρου</span> <span class='ocrx_word' id='word_1_258' title='bbox 554 2151 569 2166; x_wconf 69' lang='grc' dir='ltr'><strong>ο</strong></span> <span class='ocrx_word' id='word_1_259' title='bbox 597 2135 650 2188; x_wconf 91' lang='grc' dir='ltr'>Ὀ</span> <span class='ocrx_word' id='word_1_260' title='bbox 672 2136 983 2190; x_wconf 77' lang='grc' dir='ltr'>συνιὼνὲν</span> <span class='ocrx_word' id='word_1_261' title='bbox 999 2137 1079 2203; x_wconf 81' lang='grc' dir='ltr'>τῷ</span> <span class='ocrx_word' id='word_1_262' title='bbox 1096 2137 1278 2207; x_wconf 82' lang='grc' dir='ltr'>καιρῷ</span> <span class='ocrx_word' id='word_1_263' title='bbox 1292 2138 1499 2203; x_wconf 80' lang='grc' dir='ltr'><strong>ἐκείνῳ</strong></span> <span class='ocrx_word' id='word_1_264' title='bbox 1519 2141 1742 2211; x_wconf 77' lang='grc' dir='ltr'>σιωπήο</span> 
     </span>
    </p>
   </div>
   <div class='ocr_carea' id='block_1_38' title="bbox 1850 2124 3431 2217">
    <p class='ocr_par' dir='ltr' id='par_1_38' title="bbox 1850 2124 3431 2217">
     <span class='ocr_line' id='line_1_38' title="bbox 1850 2124 3431 2217; baseline -0.005 -17"><span class='ocrx_word' id='word_1_265' title='bbox 1850 2124 2104 2217; x_wconf 86' lang='lat' dir='ltr'><strong>plandum</strong></span> <span class='ocrx_word' id='word_1_266' title='bbox 2150 2146 2258 2200; x_wconf 91' lang='lat' dir='ltr'><strong>via.</strong></span> <span class='ocrx_word' id='word_1_267' title='bbox 2291 2144 2424 2199; x_wconf 86' lang='lat' dir='ltr'><strong>Nam</strong></span> <span class='ocrx_word' id='word_1_268' title='bbox 2449 2154 2571 2214; x_wconf 74' lang='lat' dir='ltr'><strong>qua:</strong></span> <span class='ocrx_word' id='word_1_269' title='bbox 2603 2142 2746 2197; x_wconf 88' lang='lat' dir='ltr'><strong>ultra</strong></span> <span class='ocrx_word' id='word_1_270' title='bbox 2775 2141 2978 2204; x_wconf 88' lang='lat' dir='ltr'><strong>Gades,</strong></span> <span class='ocrx_word' id='word_1_271' title='bbox 3019 2141 3295 2197; x_wconf 87' lang='lat' dir='ltr'><strong>inaccessa</strong></span> <span class='ocrx_word' id='word_1_272' title='bbox 3323 2150 3431 2194; x_wconf 83' lang='lat' dir='ltr'><strong>:-ut</strong></span> 
     </span>
    </p>
   </div>
   <div class='ocr_carea' id='block_1_39' title="bbox 153 2224 1738 2303">
    <p class='ocr_par' dir='ltr' id='par_1_39' title="bbox 153 2224 1738 2303">
     <span class='ocr_line' id='line_1_39' title="bbox 153 2224 1738 2303; baseline 0.007 -28"><span class='ocrx_word' id='word_1_273' title='bbox 153 2239 355 2277; x_wconf 81' lang='grc' dir='ltr'>σεται·</span> <span class='ocrx_word' id='word_1_274' title='bbox 380 2224 470 2278; x_wconf 85' lang='grc' dir='ltr'>ὅτι</span> <span class='ocrx_word' id='word_1_275' title='bbox 501 2226 705 2294; x_wconf 84' lang='grc' dir='ltr'>καιρὸς</span> <span class='ocrx_word' id='word_1_276' title='bbox 740 2229 1001 2296; x_wconf 82' lang='grc' dir='ltr'>πονηρός</span> <span class='ocrx_word' id='word_1_277' title='bbox 1037 2229 1211 2283; x_wconf 81' lang='grc' dir='ltr'>ἐστιν</span> <span class='ocrx_word' id='word_1_278' title='bbox 1240 2245 1255 2260; x_wconf 79' lang='grc' dir='ltr'><strong>ο</strong></span> <span class='ocrx_word' id='word_1_279' title='bbox 1328 2230 1389 2283; x_wconf 81' lang='grc' dir='ltr'>οὐ</span> <span class='ocrx_word' id='word_1_280' title='bbox 1442 2231 1590 2285; x_wconf 86' lang='grc' dir='ltr'>δοκεῖ</span> <span class='ocrx_word' id='word_1_281' title='bbox 1645 2242 1738 2303; x_wconf 86' lang='grc' dir='ltr'><strong>μοι</strong></span> 
     </span>
    </p>
   </div>
   <div class='ocr_carea' id='block_1_40' title="bbox 153 2314 1740 2393">
    <p class='ocr_par' dir='ltr' id='par_1_40' title="bbox 153 2314 1740 2393">
     <span class='ocr_line' id='line_1_40' title="bbox 153 2314 1740 2393; baseline 0.008 -26"><span class='ocrx_word' id='word_1_282' title='bbox 153 2314 451 2383; x_wconf 79' lang='grc' dir='ltr'>καμπύλον</span> <span class='ocrx_word' id='word_1_283' title='bbox 478 2317 574 2369; x_wconf 74' lang='grc' dir='ltr'><strong>καὶ</strong></span> <span class='ocrx_word' id='word_1_284' title='bbox 605 2318 819 2370; x_wconf 80' lang='grc' dir='ltr'>σκολιὸν</span> <span class='ocrx_word' id='word_1_285' title='bbox 845 2314 1006 2373; x_wconf 80' lang='grc' dir='ltr'>εἶναι.</span> <span class='ocrx_word' id='word_1_286' title='bbox 1039 2320 1246 2391; x_wconf 75' lang='grc' dir='ltr'>Καιρδς</span> <span class='ocrx_word' id='word_1_287' title='bbox 1278 2323 1386 2393; x_wconf 82' lang='grc' dir='ltr'>γὰρ</span> <span class='ocrx_word' id='word_1_288' title='bbox 1413 2323 1511 2376; x_wconf 81' lang='grc' dir='ltr'><strong>τοῦ</strong></span> <span class='ocrx_word' id='word_1_289' title='bbox 1559 2324 1740 2378; x_wconf 83' lang='grc' dir='ltr'>λαλεῖν</span> 
     </span>
    </p>
   </div>
   <div class='ocr_carea' id='block_1_41' title="bbox 153 2406 1741 2486">
    <p class='ocr_par' dir='ltr' id='par_1_41' title="bbox 153 2406 1741 2486">
     <span class='ocr_line' id='line_1_41' title="bbox 153 2406 1741 2486; baseline 0.008 -27"><span class='ocrx_word' id='word_1_290' title='bbox 153 2407 309 2476; x_wconf 75' lang='grc' dir='ltr'>ἡμᾶς</span> <span class='ocrx_word' id='word_1_291' title='bbox 347 2406 634 2477; x_wconf 84' lang='grc' dir='ltr'>διώρισται</span> <span class='ocrx_word' id='word_1_292' title='bbox 666 2408 772 2461; x_wconf 85' lang='grc' dir='ltr'><strong>ὑπὸ</strong></span> <span class='ocrx_word' id='word_1_293' title='bbox 807 2409 906 2478; x_wconf 88' lang='grc' dir='ltr'><strong>τῆς</strong></span> <span class='ocrx_word' id='word_1_294' title='bbox 935 2409 1296 2465; x_wconf 88' lang='grc' dir='ltr'>θεοπνεύστου</span> <span class='ocrx_word' id='word_1_295' title='bbox 1340 2413 1589 2486; x_wconf 79' lang='grc' dir='ltr'>Γραφῆς,</span> <span class='ocrx_word' id='word_1_296' title='bbox 1647 2417 1741 2471; x_wconf 73' lang='grc' dir='ltr'>καὶ</span> 
     </span>
    </p>
   </div>
   <div class='ocr_carea' id='block_1_42' title="bbox 153 2496 1744 2575">
    <p class='ocr_par' dir='ltr' id='par_1_42' title="bbox 153 2496 1744 2575">
     <span class='ocr_line' id='line_1_42' title="bbox 153 2496 1744 2575; baseline 0.008 -28"><span class='ocrx_word' id='word_1_297' title='bbox 153 2496 356 2566; x_wconf 74' lang='grc' dir='ltr'>καιρὸς</span> <span class='ocrx_word' id='word_1_298' title='bbox 385 2496 618 2566; x_wconf 83' lang='grc' dir='ltr'><strong>σιωπῆς,</strong></span> <span class='ocrx_word' id='word_1_299' title='bbox 643 2498 785 2552; x_wconf 83' lang='grc' dir='ltr'>κατά</span> <span class='ocrx_word' id='word_1_300' title='bbox 816 2498 916 2570; x_wconf 78' lang='grc' dir='ltr'>τὴν</span> <span class='ocrx_word' id='word_1_301' title='bbox 947 2499 1349 2558; x_wconf 73' lang='grc' dir='ltr'>ἐπιϐάλλουσαν</span> <span class='ocrx_word' id='word_1_302' title='bbox 1369 2504 1582 2575; x_wconf 81' lang='grc' dir='ltr'>χρείαν,</span> <span class='ocrx_word' id='word_1_303' title='bbox 1616 2523 1744 2560; x_wconf 84' lang='grc' dir='ltr'>σκο-</span> 
     </span>
    </p>
   </div>
   <div class='ocr_carea' id='block_1_43' title="bbox 157 2587 1740 2672">
    <p class='ocr_par' dir='ltr' id='par_1_43' title="bbox 157 2587 1740 2672">
     <span class='ocr_line' id='line_1_43' title="bbox 157 2587 1740 2672; baseline 0.009 -32"><span class='ocrx_word' id='word_1_304' title='bbox 157 2587 414 2642; x_wconf 79' lang='grc' dir='ltr'>πούντων</span> <span class='ocrx_word' id='word_1_305' title='bbox 441 2589 602 2660; x_wconf 64' lang='grc' dir='ltr'><strong>⁴ἡμῶν</strong></span> <span class='ocrx_word' id='word_1_306' title='bbox 629 2592 724 2644; x_wconf 79' lang='grc' dir='ltr'><strong>καὶ</strong></span> <span class='ocrx_word' id='word_1_307' title='bbox 751 2593 1180 2663; x_wconf 85' lang='grc' dir='ltr'>οίκονομούντων</span> <span class='ocrx_word' id='word_1_308' title='bbox 1206 2597 1298 2651; x_wconf 84' lang='grc' dir='ltr'>τὸν</span> <span class='ocrx_word' id='word_1_309' title='bbox 1312 2598 1470 2667; x_wconf 87' lang='grc' dir='ltr'>λόγον</span> <span class='ocrx_word' id='word_1_310' title='bbox 1485 2599 1587 2671; x_wconf 89' lang='grc' dir='ltr'><strong>τῆς</strong></span> <span class='ocrx_word' id='word_1_311' title='bbox 1606 2600 1740 2672; x_wconf 84' lang='grc' dir='ltr'>ἀλη-</span> 
     </span>
    </p>
   </div>
   <div class='ocr_carea' id='block_1_44' title="bbox 153 2680 1741 2763">
    <p class='ocr_par' dir='ltr' id='par_1_44' title="bbox 153 2680 1741 2763">
     <span class='ocr_line' id='line_1_44' title="bbox 153 2680 1741 2763; baseline 0.009 -30"><span class='ocrx_word' id='word_1_312' title='bbox 153 2680 336 2744; x_wconf 82' lang='grc' dir='ltr'>θείας.</span> <span class='ocrx_word' id='word_1_313' title='bbox 398 2681 468 2735; x_wconf 81' lang='grc' dir='ltr'><strong>Ἠ</strong></span> <span class='ocrx_word' id='word_1_314' title='bbox 514 2683 622 2755; x_wconf 88' lang='grc' dir='ltr'><strong>γάρ</strong></span> <span class='ocrx_word' id='word_1_315' title='bbox 651 2684 776 2755; x_wconf 74' lang='grc' dir='ltr'><strong>οὐχὶ</strong></span> <span class='ocrx_word' id='word_1_316' title='bbox 809 2685 882 2758; x_wconf 83' lang='grc' dir='ltr'>μὴ</span> <span class='ocrx_word' id='word_1_317' title='bbox 912 2686 1132 2757; x_wconf 80' lang='grc' dir='ltr'>βάλλειν</span> <span class='ocrx_word' id='word_1_318' title='bbox 1160 2692 1274 2753; x_wconf 89' lang='grc' dir='ltr'>τοῖς</span> <span class='ocrx_word' id='word_1_319' title='bbox 1302 2693 1430 2745; x_wconf 83' lang='grc' dir='ltr'>κυσὶ</span> <span class='ocrx_word' id='word_1_320' title='bbox 1461 2693 1527 2746; x_wconf 87' lang='grc' dir='ltr'><strong>τά</strong></span> <span class='ocrx_word' id='word_1_321' title='bbox 1587 2693 1741 2763; x_wconf 73' lang='grc' dir='ltr'>ἅγια,</span> 
     </span>
    </p>
   </div>
   <div class='ocr_carea' id='block_1_45' title="bbox 157 2770 1741 2852">
    <p class='ocr_par' dir='ltr' id='par_1_45' title="bbox 157 2770 1741 2852">
     <span class='ocr_line' id='line_1_45' title="bbox 157 2770 1741 2852; baseline 0.009 -31"><span class='ocrx_word' id='word_1_322' title='bbox 157 2771 302 2840; x_wconf 77' lang='grc' dir='ltr'>μήτε</span> <span class='ocrx_word' id='word_1_323' title='bbox 340 2770 556 2842; x_wconf 77' lang='grc' dir='ltr'>ῥίπτειν</span> <span class='ocrx_word' id='word_1_324' title='bbox 583 2774 708 2837; x_wconf 83' lang='grc' dir='ltr'>τοὺς</span> <span class='ocrx_word' id='word_1_325' title='bbox 738 2776 1086 2846; x_wconf 78' lang='grc' dir='ltr'>μαργαρίτας</span> <span class='ocrx_word' id='word_1_326' title='bbox 1109 2777 1417 2849; x_wconf 74' lang='grc' dir='ltr'>ἔμπροσθεν</span> <span class='ocrx_word' id='word_1_327' title='bbox 1464 2780 1573 2835; x_wconf 87' lang='grc' dir='ltr'>τῶν</span> <span class='ocrx_word' id='word_1_328' title='bbox 1629 2781 1741 2852; x_wconf 85' lang='grc' dir='ltr'>χοί-</span> 
     </span>
    </p>
   </div>
   <div class='ocr_carea' id='block_1_46' title="bbox 157 2864 1745 2946">
    <p class='ocr_par' dir='ltr' id='par_1_46' title="bbox 157 2864 1745 2946">
     <span class='ocr_line' id='line_1_46' title="bbox 157 2864 1745 2946; baseline 0.009 -32"><span class='ocrx_word' id='word_1_329' title='bbox 157 2879 272 2931; x_wconf 87' lang='grc' dir='ltr'>ρων</span> <span class='ocrx_word' id='word_1_330' title='bbox 303 2864 804 2937; x_wconf 80' lang='grc' dir='ltr'>προστετάγμεθα;</span> <span class='ocrx_word' id='word_1_331' title='bbox 837 2869 1028 2940; x_wconf 77' lang='grc' dir='ltr'>’Ᾱθρει</span> <span class='ocrx_word' id='word_1_332' title='bbox 1073 2871 1198 2935; x_wconf 73' lang='grc' dir='ltr'>τοὺς</span> <span class='ocrx_word' id='word_1_333' title='bbox 1254 2872 1552 2946; x_wconf 80' lang='grc' dir='ltr'>θεοφόρους</span> <span class='ocrx_word' id='word_1_334' title='bbox 1580 2891 1594 2907; x_wconf 78' lang='grc'><strong><em>⁸</em></strong></span> <span class='ocrx_word' id='word_1_335' title='bbox 1648 2879 1745 2929; x_wconf 67' lang='grc' dir='ltr'><strong>καὶ</strong></span> 
     </span>
    </p>
   </div>
   <div class='ocr_carea' id='block_1_47' title="bbox 155 2956 1744 3040">
    <p class='ocr_par' dir='ltr' id='par_1_47' title="bbox 155 2956 1744 3040">
     <span class='ocr_line' id='line_1_47' title="bbox 155 2956 1744 3040; baseline 0.01 -34"><span class='ocrx_word' id='word_1_336' title='bbox 155 2957 286 3019; x_wconf 80' lang='grc' dir='ltr'>τοὺς</span> <span class='ocrx_word' id='word_1_337' title='bbox 313 2956 372 3009; x_wconf 70' lang='grc' dir='ltr'>δὲ</span> <span class='ocrx_word' id='word_1_338' title='bbox 405 2956 686 3028; x_wconf 80' lang='grc' dir='ltr'>εὑρήσεις,</span> <span class='ocrx_word' id='word_1_339' title='bbox 717 2963 793 3031; x_wconf 80' lang='grc' dir='ltr'>πῇ</span> <span class='ocrx_word' id='word_1_340' title='bbox 823 2961 922 3031; x_wconf 78' lang='grc' dir='ltr'>μὲν</span> <span class='ocrx_word' id='word_1_341' title='bbox 944 2963 1050 3016; x_wconf 73' lang='grc' dir='ltr'>ὑπὸ</span> <span class='ocrx_word' id='word_1_342' title='bbox 1080 2964 1172 3017; x_wconf 83' lang='grc' dir='ltr'>τὸν</span> <span class='ocrx_word' id='word_1_343' title='bbox 1203 2965 1385 3036; x_wconf 84' lang='grc' dir='ltr'>μόδιον</span> <span class='ocrx_word' id='word_1_344' title='bbox 1408 2968 1505 3038; x_wconf 88' lang='grc' dir='ltr'><strong>τῆς</strong></span> <span class='ocrx_word' id='word_1_345' title='bbox 1532 2969 1744 3040; x_wconf 80' lang='grc' dir='ltr'>σιωπῆς</span> 
     </span>
    </p>
   </div>
   <div class='ocr_carea' id='block_1_48' title="bbox 154 3047 1741 3128">
    <p class='ocr_par' dir='ltr' id='par_1_48' title="bbox 154 3047 1741 3128">
     <span class='ocr_line' id='line_1_48' title="bbox 154 3047 1741 3128; baseline 0.011 -30"><span class='ocrx_word' id='word_1_346' title='bbox 154 3047 253 3099; x_wconf 81' lang='grc' dir='ltr'>τὸν</span> <span class='ocrx_word' id='word_1_347' title='bbox 281 3048 445 3115; x_wconf 85' lang='grc' dir='ltr'>λόγον</span> <span class='ocrx_word' id='word_1_348' title='bbox 475 3050 746 3116; x_wconf 84' lang='grc' dir='ltr'>τιθέντας.</span> <span class='ocrx_word' id='word_1_349' title='bbox 781 3052 982 3106; x_wconf 82' lang='grc' dir='ltr'>ὁπόταν</span> <span class='ocrx_word' id='word_1_350' title='bbox 1020 3055 1336 3121; x_wconf 80' lang='grc' dir='ltr'>ἀλυσιτελὲς</span> <span class='ocrx_word' id='word_1_351' title='bbox 1393 3059 1456 3112; x_wconf 83' lang='grc' dir='ltr'>τὸ</span> <span class='ocrx_word' id='word_1_352' title='bbox 1516 3060 1696 3128; x_wconf 78' lang='grc' dir='ltr'>λέγειν</span> <span class='ocrx_word' id='word_1_353' title='bbox 1727 3104 1741 3127; x_wconf 90' lang='grc'><strong>,</strong></span> 
     </span>
    </p>
   </div>
   <div class='ocr_carea' id='block_1_49' title="bbox 159 3139 1747 3222">
    <p class='ocr_par' dir='ltr' id='par_1_49' title="bbox 159 3139 1747 3222">
     <span class='ocr_line' id='line_1_49' title="bbox 159 3139 1747 3222; baseline 0.009 -31"><span class='ocrx_word' id='word_1_354' title='bbox 159 3139 370 3207; x_wconf 73' lang='grc' dir='ltr'>μᾶλὶον</span> <span class='ocrx_word' id='word_1_355' title='bbox 390 3139 446 3192; x_wconf 71' lang='grc' dir='ltr'>δὲ</span> <span class='ocrx_word' id='word_1_356' title='bbox 477 3141 570 3194; x_wconf 74' lang='grc' dir='ltr'>καὶ</span> <span class='ocrx_word' id='word_1_357' title='bbox 597 3141 889 3214; x_wconf 79' lang='grc' dir='ltr'>ζημιῶδες.</span> <span class='ocrx_word' id='word_1_358' title='bbox 925 3147 1005 3217; x_wconf 81' lang='grc' dir='ltr'><strong>[Ιῇ</strong></span> <span class='ocrx_word' id='word_1_359' title='bbox 1038 3147 1115 3208; x_wconf 84' lang='grc' dir='ltr'>δὲ,</span> <span class='ocrx_word' id='word_1_360' title='bbox 1147 3149 1240 3201; x_wconf 76' lang='grc' dir='ltr'><strong>ἐπὶ</strong></span> <span class='ocrx_word' id='word_1_361' title='bbox 1270 3149 1370 3219; x_wconf 89' lang='grc' dir='ltr'><strong>τῆς</strong></span> <span class='ocrx_word' id='word_1_362' title='bbox 1399 3149 1620 3222; x_wconf 81' lang='grc' dir='ltr'>λυχνίας</span> <span class='ocrx_word' id='word_1_363' title='bbox 1651 3155 1747 3206; x_wconf 81' lang='grc' dir='ltr'>αύ-</span> 
     </span>
    </p>
   </div>
   <div class='ocr_carea' id='block_1_50' title="bbox 153 3231 1747 3313">
    <p class='ocr_par' dir='ltr' id='par_1_50' title="bbox 153 3231 1747 3313">
     <span class='ocr_line' id='line_1_50' title="bbox 153 3231 1747 3313; baseline 0.008 -27"><span class='ocrx_word' id='word_1_364' title='bbox 153 3232 248 3286; x_wconf 71' lang='grc' dir='ltr'>τὶν</span> <span class='ocrx_word' id='word_1_365' title='bbox 275 3231 528 3296; x_wconf 81' lang='grc' dir='ltr'>ἀνιέντας</span> <span class='ocrx_word' id='word_1_366' title='bbox 545 3232 704 3306; x_wconf 80' lang='lat' dir='ltr'><strong>[Reg.</strong></span> <span class='ocrx_word' id='word_1_367' title='bbox 725 3237 850 3291; x_wconf 90' lang='lat' dir='ltr'><strong>cod.</strong></span> <span class='ocrx_word' id='word_1_368' title='bbox 880 3237 1179 3312; x_wconf 74' lang='grc' dir='ltr'>ἀνιόνταςῙ,</span> <span class='ocrx_word' id='word_1_369' title='bbox 1203 3243 1437 3312; x_wconf 79' lang='grc' dir='ltr'>ὁπηνίκα</span> <span class='ocrx_word' id='word_1_370' title='bbox 1469 3243 1747 3313; x_wconf 66' lang='grc' dir='ltr'>εῦκαςιπος</span> 
     </span>
    </p>
   </div>
   <div class='ocr_carea' id='block_1_51' title="bbox 155 3323 1747 3409">
    <p class='ocr_par' dir='ltr' id='par_1_51' title="bbox 155 3323 1747 3409">
     <span class='ocr_line' id='line_1_51' title="bbox 155 3323 1747 3409; baseline 0.011 -33"><span class='ocrx_word' id='word_1_371' title='bbox 155 3325 188 3393; x_wconf 83' lang='grc' dir='ltr'>ἡ</span> <span class='ocrx_word' id='word_1_372' title='bbox 224 3323 409 3396; x_wconf 79' lang='grc' dir='ltr'>σπορὰ</span> <span class='ocrx_word' id='word_1_373' title='bbox 462 3325 558 3380; x_wconf 80' lang='grc' dir='ltr'><strong>καὶ</strong></span> <span class='ocrx_word' id='word_1_374' title='bbox 582 3326 642 3378; x_wconf 84' lang='grc' dir='ltr'>οὐ</span> <span class='ocrx_word' id='word_1_375' title='bbox 670 3327 972 3398; x_wconf 83' lang='grc' dir='ltr'>πετρώδης.</span> <span class='ocrx_word' id='word_1_376' title='bbox 1007 3331 1258 3386; x_wconf 82' lang='grc' dir='ltr'>Τοσαῦτά</span> <span class='ocrx_word' id='word_1_377' title='bbox 1289 3353 1378 3404; x_wconf 88' lang='grc' dir='ltr'><strong>μοι</strong></span> <span class='ocrx_word' id='word_1_378' title='bbox 1410 3337 1747 3409; x_wconf 81' lang='grc' dir='ltr'>συνεώρατιι</span> 
     </span>
    </p>
   </div>
   <div class='ocr_carea' id='block_1_52' title="bbox 1840 2231 3428 2309">
    <p class='ocr_par' dir='ltr' id='par_1_52' title="bbox 1840 2231 3428 2309">
     <span class='ocr_line' id='line_1_52' title="bbox 1840 2231 3428 2309; baseline -0.006 -15"><span class='ocrx_word' id='word_1_379' title='bbox 1840 2249 1926 2295; x_wconf 92' lang='lat' dir='ltr'><strong>est</strong></span> <span class='ocrx_word' id='word_1_380' title='bbox 1960 2239 2014 2294; x_wconf 92' lang='lat' dir='ltr'><strong>in</strong></span> <span class='ocrx_word' id='word_1_381' title='bbox 2065 2237 2379 2309; x_wconf 90' lang='lat' dir='ltr'><strong>proverbio.</strong></span> <span class='ocrx_word' id='word_1_382' title='bbox 2418 2235 2494 2291; x_wconf 91' lang='lat' dir='ltr'><strong>De</strong></span> <span class='ocrx_word' id='word_1_383' title='bbox 2533 2235 2710 2289; x_wconf 89' lang='lat' dir='ltr'><strong>altero</strong></span> <span class='ocrx_word' id='word_1_384' title='bbox 2751 2249 2885 2287; x_wconf 91' lang='lat' dir='ltr'><strong>vero</strong></span> <span class='ocrx_word' id='word_1_385' title='bbox 2907 2233 3130 2302; x_wconf 83' lang='lat' dir='ltr'><strong>capite:</strong></span> <span class='ocrx_word' id='word_1_386' title='bbox 3186 2231 3428 2286; x_wconf 79' lang='lat' dir='ltr'><strong>Prudens</strong></span> 
     </span>
    </p>
   </div>
   <div class='ocr_carea' id='block_1_53' title="bbox 1839 2323 3426 2401">
    <p class='ocr_par' dir='ltr' id='par_1_53' title="bbox 1839 2323 3426 2401">
     <span class='ocr_line' id='line_1_53' title="bbox 1839 2323 3426 2401; baseline -0.007 -15"><span class='ocrx_word' id='word_1_387' title='bbox 1839 2333 1894 2386; x_wconf 88' lang='lat' dir='ltr'><strong>in</strong></span> <span class='ocrx_word' id='word_1_388' title='bbox 1931 2342 2158 2401; x_wconf 83' lang='lat' dir='ltr'><strong>tempore</strong></span> <span class='ocrx_word' id='word_1_389' title='bbox 2189 2330 2281 2383; x_wconf 87' lang='lat' dir='ltr'><strong>illo</strong></span> <span class='ocrx_word' id='word_1_390' title='bbox 2311 2327 2522 2390; x_wconf 76' lang='lat' dir='ltr'><strong>tacebit,</strong></span> <span class='ocrx_word' id='word_1_391' title='bbox 2561 2326 2687 2396; x_wconf 85' lang='lat' dir='ltr'><strong>quia</strong></span> <span class='ocrx_word' id='word_1_392' title='bbox 2746 2333 2950 2393; x_wconf 86' lang='lat' dir='ltr'><strong>tempus</strong></span> <span class='ocrx_word' id='word_1_393' title='bbox 3004 2323 3204 2377; x_wconf 85' lang='lat' dir='ltr'><strong>malum</strong></span> <span class='ocrx_word' id='word_1_394' title='bbox 3231 2332 3307 2377; x_wconf 90' lang='lat' dir='ltr'><strong>est</strong></span> <span class='ocrx_word' id='word_1_395' title='bbox 3339 2323 3382 2354; x_wconf 84' lang='lat'><strong>&quot;’</strong></span> <span class='ocrx_word' id='word_1_396' title='bbox 3409 2340 3426 2388; x_wconf 83' lang='lat'><strong>;</strong></span> 
     </span>
    </p>
   </div>
   <div class='ocr_carea' id='block_1_54' title="bbox 1840 2416 3423 2488">
    <p class='ocr_par' dir='ltr' id='par_1_54' title="bbox 1840 2416 3423 2488">
     <span class='ocr_line' id='line_1_54' title="bbox 1840 2416 3423 2488; baseline -0.008 -9"><span class='ocrx_word' id='word_1_397' title='bbox 1840 2441 1950 2479; x_wconf 85' lang='lat' dir='ltr'><strong>non</strong></span> <span class='ocrx_word' id='word_1_398' title='bbox 1977 2423 2111 2479; x_wconf 86' lang='lat' dir='ltr'><strong>mihi</strong></span> <span class='ocrx_word' id='word_1_399' title='bbox 2135 2421 2353 2476; x_wconf 89' lang='lat' dir='ltr'><strong>videtur</strong></span> <span class='ocrx_word' id='word_1_400' title='bbox 2392 2427 2488 2474; x_wconf 91' lang='lat' dir='ltr'><strong>aut</strong></span> <span class='ocrx_word' id='word_1_401' title='bbox 2513 2432 2677 2488; x_wconf 87' lang='lat' dir='ltr'><strong>prave</strong></span> <span class='ocrx_word' id='word_1_402' title='bbox 2699 2416 2927 2480; x_wconf 91' lang='lat' dir='ltr'><strong>dictum,</strong></span> <span class='ocrx_word' id='word_1_403' title='bbox 2949 2425 3044 2469; x_wconf 90' lang='lat' dir='ltr'><strong>aut</strong></span> <span class='ocrx_word' id='word_1_404' title='bbox 3067 2423 3423 2485; x_wconf 68' lang='lat' dir='ltr'><strong>praepostere.</strong></span> 
     </span>
    </p>
   </div>
   <div class='ocr_carea' id='block_1_55' title="bbox 1840 2501 3423 2584">
    <p class='ocr_par' dir='ltr' id='par_1_55' title="bbox 1840 2501 3423 2584">
     <span class='ocr_line' id='line_1_55' title="bbox 1840 2501 3423 2584; baseline -0.008 -15"><span class='ocrx_word' id='word_1_405' title='bbox 1840 2515 2080 2584; x_wconf 86' lang='lat' dir='ltr'><strong>Tempus</strong></span> <span class='ocrx_word' id='word_1_406' title='bbox 2104 2510 2250 2568; x_wconf 91' lang='lat' dir='ltr'><strong>enim</strong></span> <span class='ocrx_word' id='word_1_407' title='bbox 2291 2507 2544 2579; x_wconf 89' lang='lat' dir='ltr'><strong>loquendi</strong></span> <span class='ocrx_word' id='word_1_408' title='bbox 2585 2505 2744 2560; x_wconf 90' lang='lat' dir='ltr'><strong>nobis</strong></span> <span class='ocrx_word' id='word_1_409' title='bbox 2769 2521 2800 2560; x_wconf 90' lang='lat' dir='ltr'><strong>a</strong></span> <span class='ocrx_word' id='word_1_410' title='bbox 2833 2503 3116 2574; x_wconf 85' lang='lat' dir='ltr'><strong>Scriptura</strong></span> <span class='ocrx_word' id='word_1_411' title='bbox 3145 2501 3423 2557; x_wconf 87' lang='lat' dir='ltr'><strong>divinitus</strong></span> 
     </span>
    </p>
   </div>
   <div class='ocr_carea' id='block_1_56' title="bbox 1842 2595 3429 2677">
    <p class='ocr_par' dir='ltr' id='par_1_56' title="bbox 1842 2595 3429 2677">
     <span class='ocr_line' id='line_1_56' title="bbox 1842 2595 3429 2677; baseline -0.009 -14"><span class='ocrx_word' id='word_1_412' title='bbox 1842 2609 2105 2677; x_wconf 82' lang='lat' dir='ltr'><strong>inspirata</strong></span> <span class='ocrx_word' id='word_1_413' title='bbox 2171 2602 2454 2660; x_wconf 83' lang='lat' dir='ltr'><strong>deﬁnitum</strong></span> <span class='ocrx_word' id='word_1_414' title='bbox 2492 2607 2577 2655; x_wconf 89' lang='lat' dir='ltr'><strong>est</strong></span> <span class='ocrx_word' id='word_1_415' title='bbox 2626 2598 2692 2663; x_wconf 77' lang='lat'><strong>“,</strong></span> <span class='ocrx_word' id='word_1_416' title='bbox 2732 2601 2798 2653; x_wconf 69' lang='lat' dir='ltr'><strong>et&#39;</strong></span> <span class='ocrx_word' id='word_1_417' title='bbox 2847 2606 3071 2668; x_wconf 85' lang='lat' dir='ltr'><strong>tempus</strong></span> <span class='ocrx_word' id='word_1_418' title='bbox 3099 2595 3335 2660; x_wconf 85' lang='lat' dir='ltr'><strong>tacendi,</strong></span> <span class='ocrx_word' id='word_1_419' title='bbox 3369 2604 3429 2649; x_wconf 90' lang='lat' dir='ltr'><strong>ut</strong></span> 
     </span>
    </p>
   </div>
   <div class='ocr_carea' id='block_1_57' title="bbox 1842 2686 3427 2771">
    <p class='ocr_par' dir='ltr' id='par_1_57' title="bbox 1842 2686 3427 2771">
     <span class='ocr_line' id='line_1_57' title="bbox 1842 2686 3427 2771; baseline -0.009 -17"><span class='ocrx_word' id='word_1_420' title='bbox 1842 2697 2016 2771; x_wconf 90' lang='lat' dir='ltr'><strong>poscit</strong></span> <span class='ocrx_word' id='word_1_421' title='bbox 2051 2711 2202 2761; x_wconf 89' lang='lat' dir='ltr'><strong>usus,</strong></span> <span class='ocrx_word' id='word_1_422' title='bbox 2243 2692 2404 2749; x_wconf 93' lang='lat' dir='ltr'><strong>nobis</strong></span> <span class='ocrx_word' id='word_1_423' title='bbox 2436 2689 2866 2761; x_wconf 84' lang='lat' dir='ltr'><strong>explorantibus,</strong></span> <span class='ocrx_word' id='word_1_424' title='bbox 2894 2704 2958 2744; x_wconf 88' lang='lat' dir='ltr'><strong>ac</strong></span> <span class='ocrx_word' id='word_1_425' title='bbox 2979 2686 3427 2759; x_wconf 85' lang='lat' dir='ltr'><strong>dispensantibus</strong></span> 
     </span>
    </p>
   </div>
   <div class='ocr_carea' id='block_1_58' title="bbox 1843 2779 3427 2845">
    <p class='ocr_par' dir='ltr' id='par_1_58' title="bbox 1843 2779 3427 2845">
     <span class='ocr_line' id='line_1_58' title="bbox 1843 2779 3427 2845; baseline -0.008 -1"><span class='ocrx_word' id='word_1_426' title='bbox 1843 2790 2068 2845; x_wconf 83' lang='lat' dir='ltr'><strong>verbum</strong></span> <span class='ocrx_word' id='word_1_427' title='bbox 2112 2784 2375 2842; x_wconf 84' lang='lat' dir='ltr'><strong>veritatis.</strong></span> <span class='ocrx_word' id='word_1_428' title='bbox 2407 2783 2606 2837; x_wconf 84' lang='lat' dir='ltr'><strong>Annon</strong></span> <span class='ocrx_word' id='word_1_429' title='bbox 2633 2780 2777 2836; x_wconf 86' lang='lat' dir='ltr'><strong>enim</strong></span> <span class='ocrx_word' id='word_1_430' title='bbox 2819 2795 2922 2835; x_wconf 91' lang='lat' dir='ltr'><strong>nec</strong></span> <span class='ocrx_word' id='word_1_431' title='bbox 2958 2779 3088 2834; x_wconf 88' lang='lat' dir='ltr'><strong>dare</strong></span> <span class='ocrx_word' id='word_1_432' title='bbox 3120 2787 3307 2832; x_wconf 81' lang='lat' dir='ltr'><strong>sancta</strong></span> <span class='ocrx_word' id='word_1_433' title='bbox 3336 2792 3427 2832; x_wconf 84' lang='lat' dir='ltr'><strong>ca-</strong></span> 
     </span>
    </p>
   </div>
   <div class='ocr_carea' id='block_1_59' title="bbox 1842 2869 3426 2946">
    <p class='ocr_par' dir='ltr' id='par_1_59' title="bbox 1842 2869 3426 2946">
     <span class='ocr_line' id='line_1_59' title="bbox 1842 2869 3426 2946; baseline -0.009 -8"><span class='ocrx_word' id='word_1_434' title='bbox 1842 2883 2026 2945; x_wconf 88' lang='lat' dir='ltr'><strong>nibus,</strong></span> <span class='ocrx_word' id='word_1_435' title='bbox 2067 2894 2171 2936; x_wconf 88' lang='lat' dir='ltr'><strong>nec</strong></span> <span class='ocrx_word' id='word_1_436' title='bbox 2210 2879 2426 2933; x_wconf 87' lang='lat' dir='ltr'><strong>mittere</strong></span> <span class='ocrx_word' id='word_1_437' title='bbox 2480 2873 2802 2946; x_wconf 84' lang='lat' dir='ltr'><strong>margaritas</strong></span> <span class='ocrx_word' id='word_1_438' title='bbox 2849 2882 2976 2926; x_wconf 89' lang='lat' dir='ltr'><strong>ante</strong></span> <span class='ocrx_word' id='word_1_439' title='bbox 3031 2886 3226 2942; x_wconf 84' lang='lat' dir='ltr'><strong>porcos</strong></span> <span class='ocrx_word' id='word_1_440' title='bbox 3260 2869 3426 2940; x_wconf 81' lang='lat' dir='ltr'><strong>jube-</strong></span> 
     </span>
    </p>
   </div>
   <div class='ocr_carea' id='block_1_60' title="bbox 1845 2961 3426 3033">
    <p class='ocr_par' dir='ltr' id='par_1_60' title="bbox 1845 2961 3426 3033">
     <span class='ocr_line' id='line_1_60' title="bbox 1845 2961 3426 3033; baseline -0.009 -2"><span class='ocrx_word' id='word_1_441' title='bbox 1845 2991 1968 3031; x_wconf 88' lang='lat' dir='ltr'><strong>mur</strong></span> <span class='ocrx_word' id='word_1_442' title='bbox 2004 2972 2091 3026; x_wconf 79' lang='lat'><strong>&quot;?</strong></span> <span class='ocrx_word' id='word_1_443' title='bbox 2123 2971 2352 3026; x_wconf 90' lang='lat' dir='ltr'><strong>Sanctos</strong></span> <span class='ocrx_word' id='word_1_444' title='bbox 2403 2967 2549 3026; x_wconf 86' lang='lat' dir='ltr'><strong>viros</strong></span> <span class='ocrx_word' id='word_1_445' title='bbox 2575 2967 2828 3021; x_wconf 87' lang='lat' dir='ltr'><strong>intuere:</strong></span> <span class='ocrx_word' id='word_1_446' title='bbox 2858 2964 2955 3018; x_wconf 89' lang='lat' dir='ltr'><strong>hos</strong></span> <span class='ocrx_word' id='word_1_447' title='bbox 2982 2961 3229 3033; x_wconf 88' lang='lat' dir='ltr'><strong>profecto</strong></span> <span class='ocrx_word' id='word_1_448' title='bbox 3261 2962 3426 3017; x_wconf 84' lang='lat' dir='ltr'><strong>intel-</strong></span> 
     </span>
    </p>
   </div>
   <div class='ocr_carea' id='block_1_61' title="bbox 1847 3054 3424 3136">
    <p class='ocr_par' dir='ltr' id='par_1_61' title="bbox 1847 3054 3424 3136">
     <span class='ocr_line' id='line_1_61' title="bbox 1847 3054 3424 3136; baseline -0.006 -19"><span class='ocrx_word' id='word_1_449' title='bbox 1847 3065 1980 3136; x_wconf 85' lang='lat' dir='ltr'><strong>liges</strong></span> <span class='ocrx_word' id='word_1_450' title='bbox 2031 3076 2178 3117; x_wconf 91' lang='lat' dir='ltr'><strong>nunc</strong></span> <span class='ocrx_word' id='word_1_451' title='bbox 2231 3059 2448 3130; x_wconf 89' lang='lat' dir='ltr'><strong>quidem</strong></span> <span class='ocrx_word' id='word_1_452' title='bbox 2502 3056 2604 3113; x_wconf 88' lang='lat' dir='ltr'><strong>sub</strong></span> <span class='ocrx_word' id='word_1_453' title='bbox 2637 3055 2837 3110; x_wconf 88' lang='lat' dir='ltr'><strong>silentii</strong></span> <span class='ocrx_word' id='word_1_454' title='bbox 2868 3054 3049 3109; x_wconf 87' lang='lat' dir='ltr'><strong>modio</strong></span> <span class='ocrx_word' id='word_1_455' title='bbox 3112 3067 3424 3108; x_wconf 87' lang='lat' dir='ltr'><strong>sermonem</strong></span> 
     </span>
    </p>
   </div>
   <div class='ocr_carea' id='block_1_62' title="bbox 1847 3145 3427 3228">
    <p class='ocr_par' dir='ltr' id='par_1_62' title="bbox 1847 3145 3427 3228">
     <span class='ocr_line' id='line_1_62' title="bbox 1847 3145 3427 3228; baseline -0.009 -17"><span class='ocrx_word' id='word_1_456' title='bbox 1847 3170 2072 3228; x_wconf 90' lang='lat' dir='ltr'><strong>ponere,</strong></span> <span class='ocrx_word' id='word_1_457' title='bbox 2122 3168 2246 3209; x_wconf 91' lang='lat' dir='ltr'><strong>cum</strong></span> <span class='ocrx_word' id='word_1_458' title='bbox 2277 3150 2422 3222; x_wconf 91' lang='lat' dir='ltr'><strong>loqui</strong></span> <span class='ocrx_word' id='word_1_459' title='bbox 2460 3162 2860 3219; x_wconf 88' lang='lat' dir='ltr'><strong>supervacuum</strong></span> <span class='ocrx_word' id='word_1_460' title='bbox 2893 3155 2997 3211; x_wconf 88' lang='lat' dir='ltr'><strong>est,</strong></span> <span class='ocrx_word' id='word_1_461' title='bbox 3049 3145 3163 3199; x_wconf 90' lang='lat' dir='ltr'><strong>imo</strong></span> <span class='ocrx_word' id='word_1_462' title='bbox 3184 3153 3240 3198; x_wconf 90' lang='lat' dir='ltr'><strong>et</strong></span> <span class='ocrx_word' id='word_1_463' title='bbox 3271 3145 3427 3200; x_wconf 84' lang='lat' dir='ltr'><strong>dam-</strong></span> 
     </span>
    </p>
   </div>
   <div class='ocr_carea' id='block_1_63' title="bbox 1849 3237 3426 3310">
    <p class='ocr_par' dir='ltr' id='par_1_63' title="bbox 1849 3237 3426 3310">
     <span class='ocr_line' id='line_1_63' title="bbox 1849 3237 3426 3310; baseline -0.006 -8"><span class='ocrx_word' id='word_1_464' title='bbox 1849 3262 2080 3304; x_wconf 91' lang='lat' dir='ltr'><strong>nosum:</strong></span> <span class='ocrx_word' id='word_1_465' title='bbox 2113 3259 2262 3299; x_wconf 91' lang='lat' dir='ltr'><strong>nunc</strong></span> <span class='ocrx_word' id='word_1_466' title='bbox 2321 3256 2460 3296; x_wconf 89' lang='lat' dir='ltr'><strong>vero</strong></span> <span class='ocrx_word' id='word_1_467' title='bbox 2507 3254 2673 3310; x_wconf 88' lang='lat' dir='ltr'><strong>super</strong></span> <span class='ocrx_word' id='word_1_468' title='bbox 2715 3237 3102 3292; x_wconf 88' lang='lat' dir='ltr'><strong>candelabrum</strong></span> <span class='ocrx_word' id='word_1_469' title='bbox 3155 3237 3426 3296; x_wconf 84' lang='lat' dir='ltr'><strong>attollere.</strong></span> 
     </span>
    </p>
   </div>
   <div class='ocr_carea' id='block_1_64' title="bbox 1849 3330 3426 3410">
    <p class='ocr_par' dir='ltr' id='par_1_64' title="bbox 1849 3330 3426 3410">
     <span class='ocr_line' id='line_1_64' title="bbox 1849 3330 3426 3410; baseline -0.008 -14"><span class='ocrx_word' id='word_1_470' title='bbox 1849 3357 1974 3396; x_wconf 91' lang='lat' dir='ltr'><strong>cum</strong></span> <span class='ocrx_word' id='word_1_471' title='bbox 2006 3354 2155 3410; x_wconf 85' lang='lat' dir='ltr'><strong>spem</strong></span> <span class='ocrx_word' id='word_1_472' title='bbox 2188 3345 2484 3407; x_wconf 82' lang='lat' dir='ltr'><strong>proventus</strong></span> <span class='ocrx_word' id='word_1_473' title='bbox 2522 3331 2783 3389; x_wconf 88' lang='lat' dir='ltr'><strong>sementis</strong></span> <span class='ocrx_word' id='word_1_474' title='bbox 2814 3331 2997 3396; x_wconf 85' lang='lat' dir='ltr'><strong>habet,</strong></span> <span class='ocrx_word' id='word_1_475' title='bbox 3033 3346 3137 3385; x_wconf 89' lang='lat' dir='ltr'><strong>nec</strong></span> <span class='ocrx_word' id='word_1_476' title='bbox 3187 3330 3426 3400; x_wconf 87' lang='lat' dir='ltr'><strong>lapidosa</strong></span> 
     </span>
    </p>
   </div>
   <div class='ocr_carea' id='block_1_65' title="bbox 155 3418 1761 3514">
    <p class='ocr_par' dir='ltr' id='par_1_65' title="bbox 155 3418 1750 3514">
     <span class='ocr_line' id='line_1_65' title="bbox 155 3418 1750 3514; baseline 0.011 -46"><span class='ocrx_word' id='word_1_477' title='bbox 155 3418 215 3514; x_wconf 55' lang='lat' dir='ltr'><strong>tv</strong></span> <span class='ocrx_word' id='word_1_478' title='bbox 348 3420 637 3514; x_wconf 78' lang='grc' dir='ltr'>προτάσει.</span> <span class='ocrx_word' id='word_1_479' title='bbox 675 3420 1037 3495; x_wconf 78' lang='grc' dir='ltr'>Ἐξευρίσκων</span> <span class='ocrx_word' id='word_1_480' title='bbox 1067 3427 1123 3480; x_wconf 75' lang='grc' dir='ltr'>δὲ</span> <span class='ocrx_word' id='word_1_481' title='bbox 1158 3430 1307 3500; x_wconf 87' lang='grc' dir='ltr'><strong>παρά</strong></span> <span class='ocrx_word' id='word_1_482' title='bbox 1338 3432 1565 3484; x_wconf 82' lang='grc' dir='ltr'>σεαυτοῦ</span> <span class='ocrx_word' id='word_1_483' title='bbox 1592 3434 1623 3502; x_wconf 81' lang='grc' dir='ltr'>ἢ</span> <span class='ocrx_word' id='word_1_484' title='bbox 1657 3437 1750 3488; x_wconf 69' lang='grc' dir='ltr'><strong>καὶ</strong></span> 
     </span>
    </p>
   </div>
   <div class='ocr_carea' id='block_1_66' title="bbox 1850 3418 3429 3514">
    <p class='ocr_par' dir='ltr' id='par_1_66' title="bbox 1853 3422 3429 3498">
     <span class='ocr_line' id='line_1_66' title="bbox 1853 3422 3429 3498; baseline -0.008 -9"><span class='ocrx_word' id='word_1_485' title='bbox 1853 3444 1960 3489; x_wconf 87' lang='lat' dir='ltr'><strong>est.</strong></span> <span class='ocrx_word' id='word_1_486' title='bbox 1997 3430 2122 3486; x_wconf 64' lang='lat' dir='ltr'><strong>Haec</strong></span> <span class='ocrx_word' id='word_1_487' title='bbox 2163 3437 2291 3484; x_wconf 92' lang='lat' dir='ltr'><strong>sunt</strong></span> <span class='ocrx_word' id='word_1_488' title='bbox 2314 3443 2434 3498; x_wconf 76' lang='lat' dir='ltr'><strong>qua:</strong></span> <span class='ocrx_word' id='word_1_489' title='bbox 2466 3427 2521 3480; x_wconf 91' lang='lat' dir='ltr'><strong>in</strong></span> <span class='ocrx_word' id='word_1_490' title='bbox 2559 3424 2842 3497; x_wconf 87' lang='lat' dir='ltr'><strong>proposita</strong></span> <span class='ocrx_word' id='word_1_491' title='bbox 2873 3422 3174 3493; x_wconf 58' lang='lat' dir='ltr'><strong>quastione</strong></span> <span class='ocrx_word' id='word_1_492' title='bbox 3215 3423 3429 3477; x_wconf 88' lang='lat' dir='ltr'><strong>animus</strong></span> 
     </span>
    </p>
   </div>
   <div class='ocr_carea' id='block_1_67' title="bbox 157 3508 1761 3593">
    <p class='ocr_par' dir='ltr' id='par_1_67' title="bbox 157 3508 1738 3593">
     <span class='ocr_line' id='line_1_67' title="bbox 157 3508 1738 3593; baseline 0.014 -33"><span class='ocrx_word' id='word_1_493' title='bbox 157 3508 248 3577; x_wconf 69' lang='grc' dir='ltr'><strong>ὑφ’</strong></span> <span class='ocrx_word' id='word_1_494' title='bbox 277 3509 370 3562; x_wconf 72' lang='grc' dir='ltr'><strong>ἑτέ</strong></span> <span class='ocrx_word' id='word_1_495' title='bbox 379 3526 488 3579; x_wconf 89' lang='grc' dir='ltr'><strong>ρων</strong></span> <span class='ocrx_word' id='word_1_496' title='bbox 502 3511 568 3565; x_wconf 73' lang='grc' dir='ltr'><strong>τὰ</strong></span> <span class='ocrx_word' id='word_1_497' title='bbox 582 3512 947 3585; x_wconf 83' lang='grc' dir='ltr'>δοκιμώτερα·</span> <span class='ocrx_word' id='word_1_498' title='bbox 976 3517 1052 3588; x_wconf 81' lang='grc' dir='ltr'>μὴ</span> <span class='ocrx_word' id='word_1_499' title='bbox 1069 3518 1236 3590; x_wconf 74' lang='grc' dir='ltr'>φθονή</span> <span class='ocrx_word' id='word_1_500' title='bbox 1246 3538 1395 3586; x_wconf 82' lang='grc' dir='ltr'>σειας</span> <span class='ocrx_word' id='word_1_501' title='bbox 1415 3525 1738 3593; x_wconf 84' lang='grc' dir='ltr'>μεταδοῦναι</span> 
     </span>
    </p>
   </div>
   <div class='ocr_carea' id='block_1_68' title="bbox 1850 3508 3429 3593">
    <p class='ocr_par' dir='ltr' id='par_1_68' title="bbox 1850 3513 3429 3586">
     <span class='ocr_line' id='line_1_68' title="bbox 1850 3513 3429 3586; baseline -0.011 -5"><span class='ocrx_word' id='word_1_502' title='bbox 1850 3530 2105 3583; x_wconf 87' lang='lat' dir='ltr'><strong>intuetur.</strong></span> <span class='ocrx_word' id='word_1_503' title='bbox 2140 3519 2197 3573; x_wconf 92' lang='lat' dir='ltr'><strong>Si</strong></span> <span class='ocrx_word' id='word_1_504' title='bbox 2230 3513 2313 3571; x_wconf 87' lang='lat' dir='ltr'><strong>vel</strong></span> <span class='ocrx_word' id='word_1_505' title='bbox 2345 3531 2443 3586; x_wconf 87' lang='lat' dir='ltr'><strong>per</strong></span> <span class='ocrx_word' id='word_1_506' title='bbox 2475 3515 2688 3585; x_wconf 87' lang='lat' dir='ltr'><strong>teipse,</strong></span> <span class='ocrx_word' id='word_1_507' title='bbox 2718 3513 2803 3567; x_wconf 88' lang='lat' dir='ltr'><strong>vel</strong></span> <span class='ocrx_word' id='word_1_508' title='bbox 2858 3513 3087 3567; x_wconf 87' lang='lat' dir='ltr'><strong>aliorum</strong></span> <span class='ocrx_word' id='word_1_509' title='bbox 3134 3527 3237 3582; x_wconf 85' lang='lat' dir='ltr'><strong>ope</strong></span> <span class='ocrx_word' id='word_1_510' title='bbox 3280 3527 3429 3567; x_wconf 89' lang='lat' dir='ltr'><strong>com-</strong></span> 
     </span>
    </p>
   </div>
   <div class='ocr_carea' id='block_1_69' title="bbox 157 3599 1749 3689">
    <p class='ocr_par' dir='ltr' id='par_1_69' title="bbox 157 3599 1749 3689">
     <span class='ocr_line' id='line_1_69' title="bbox 157 3599 1749 3689; baseline 0.017 -39"><span class='ocrx_word' id='word_1_511' title='bbox 157 3599 284 3667; x_wconf 73' lang='grc' dir='ltr'>ἐμοὶ</span> <span class='ocrx_word' id='word_1_512' title='bbox 314 3601 395 3671; x_wconf 83' lang='grc' dir='ltr'>τῷ</span> <span class='ocrx_word' id='word_1_513' title='bbox 425 3600 504 3672; x_wconf 83' lang='grc' dir='ltr'>σῷ</span> <span class='ocrx_word' id='word_1_514' title='bbox 521 3603 690 3675; x_wconf 76' lang='grc' dir='ltr'>πατρὶ</span> <span class='ocrx_word' id='word_1_515' title='bbox 725 3605 821 3659; x_wconf 72' lang='grc' dir='ltr'><strong>καὶ</strong></span> <span class='ocrx_word' id='word_1_516' title='bbox 850 3606 1085 3679; x_wconf 80' lang='grc' dir='ltr'>ἀδελφῷ,</span> <span class='ocrx_word' id='word_1_517' title='bbox 1117 3611 1288 3665; x_wconf 75' lang='grc' dir='ltr'>ἐνδεεῖ</span> <span class='ocrx_word' id='word_1_518' title='bbox 1315 3615 1424 3668; x_wconf 86' lang='grc' dir='ltr'>τῶν</span> <span class='ocrx_word' id='word_1_519' title='bbox 1458 3620 1749 3689; x_wconf 81' lang='grc' dir='ltr'>νοημάτων</span> 
     </span>
    </p>
   </div>
   <div class='ocr_carea' id='block_1_70' title="bbox 160 3691 1749 3780">
    <p class='ocr_par' dir='ltr' id='par_1_70' title="bbox 160 3691 1749 3780">
     <span class='ocr_line' id='line_1_70' title="bbox 160 3691 1749 3780; baseline 0.014 -37"><span class='ocrx_word' id='word_1_520' title='bbox 160 3691 496 3763; x_wconf 77' lang='grc' dir='ltr'>ὑπάρχοντι.</span> <span class='ocrx_word' id='word_1_521' title='bbox 539 3695 815 3766; x_wconf 74' lang='grc' dir='ltr'>Ἐρῤωσο,</span> <span class='ocrx_word' id='word_1_522' title='bbox 871 3698 1103 3754; x_wconf 84' lang='grc' dir='ltr'>πλεῖστά</span> <span class='ocrx_word' id='word_1_523' title='bbox 1163 3720 1256 3773; x_wconf 88' lang='grc' dir='ltr'><strong>μοι</strong></span> <span class='ocrx_word' id='word_1_524' title='bbox 1290 3709 1749 3780; x_wconf 85' lang='grc' dir='ltr'>ποοσευχόμενος.</span> 
     </span>
    </p>
   </div>
   <div class='ocr_carea' id='block_1_71' title="bbox 164 3971 1740 4064">
    <p class='ocr_par' dir='ltr' id='par_1_71' title="bbox 164 3971 1740 4064">
     <span class='ocr_line' id='line_1_71' title="bbox 164 3971 1740 4064; baseline 0.015 -39"><span class='ocrx_word' id='word_1_525' title='bbox 164 3971 243 4026; x_wconf 84' lang='lat' dir='ltr'><strong>H‘.</strong></span> <span class='ocrx_word' id='word_1_526' title='bbox 269 4003 341 4015; x_wconf 90' lang='lat'><strong>—--</strong></span> <span class='ocrx_word' id='word_1_527' title='bbox 365 3975 666 4045; x_wconf 77' lang='grc' dir='ltr'>Θεόδωρος</span> <span class='ocrx_word' id='word_1_528' title='bbox 689 3979 914 4049; x_wconf 75' lang='grc' dir='ltr'>πάσαις</span> <span class='ocrx_word' id='word_1_529' title='bbox 963 3985 1092 4052; x_wconf 77' lang='grc' dir='ltr'>ταῖς</span> <span class='ocrx_word' id='word_1_530' title='bbox 1144 3989 1555 4061; x_wconf 68' lang='grc' dir='ltr'>ἀδελφόεησιν</span> <span class='ocrx_word' id='word_1_531' title='bbox 1609 3997 1740 4064; x_wconf 82' lang='grc' dir='ltr'>ἤτοι</span> 
     </span>
    </p>
   </div>
   <div class='ocr_carea' id='block_1_72' title="bbox 230 4064 1740 4152">
    <p class='ocr_par' dir='ltr' id='par_1_72' title="bbox 230 4064 1740 4152">
     <span class='ocr_line' id='line_1_72' title="bbox 230 4064 1740 4152; baseline 0.015 -34"><span class='ocrx_word' id='word_1_532' title='bbox 230 4064 556 4133; x_wconf 75' lang='grc' dir='ltr'>συνοδίαις</span> <span class='ocrx_word' id='word_1_533' title='bbox 608 4069 739 4136; x_wconf 81' lang='grc' dir='ltr'>ταῖς</span> <span class='ocrx_word' id='word_1_534' title='bbox 795 4077 1111 4144; x_wconf 79' lang='grc' dir='ltr'>πανταχοῦ</span> <span class='ocrx_word' id='word_1_535' title='bbox 1157 4078 1255 4135; x_wconf 80' lang='grc' dir='ltr'>διὰ</span> <span class='ocrx_word' id='word_1_536' title='bbox 1312 4084 1570 4152; x_wconf 84' lang='grc' dir='ltr'>Χριστὸν</span> <span class='ocrx_word' id='word_1_537' title='bbox 1623 4087 1740 4141; x_wconf 83' lang='grc' dir='ltr'>διε-</span> 
     </span>
    </p>
   </div>
   <div class='ocr_carea' id='block_1_73' title="bbox 229 4161 1737 4244">
    <p class='ocr_par' dir='ltr' id='par_1_73' title="bbox 229 4161 1737 4244">
     <span class='ocr_line' id='line_1_73' title="bbox 229 4161 1737 4244; baseline 0.015 -32"><span class='ocrx_word' id='word_1_538' title='bbox 229 4161 636 4230; x_wconf 78' lang='grc' dir='ltr'>σπαρμέναις,</span> <span class='ocrx_word' id='word_1_539' title='bbox 673 4162 796 4217; x_wconf 86' lang='grc' dir='ltr'>σὺν</span> <span class='ocrx_word' id='word_1_540' title='bbox 815 4166 940 4234; x_wconf 82' lang='grc' dir='ltr'>τοῖς</span> <span class='ocrx_word' id='word_1_541' title='bbox 963 4168 1032 4222; x_wconf 85' lang='grc' dir='ltr'>ὲν</span> <span class='ocrx_word' id='word_1_542' title='bbox 1069 4175 1374 4242; x_wconf 76' lang='grc' dir='ltr'>φυλακαῖς</span> <span class='ocrx_word' id='word_1_543' title='bbox 1417 4194 1480 4230; x_wconf 85' lang='grc' dir='ltr'><strong>τε</strong></span> <span class='ocrx_word' id='word_1_544' title='bbox 1510 4179 1606 4232; x_wconf 81' lang='grc' dir='ltr'><strong>καὶ</strong></span> <span class='ocrx_word' id='word_1_545' title='bbox 1639 4180 1737 4244; x_wconf 82' lang='grc' dir='ltr'><strong>ἐξ·</strong></span> 
     </span>
    </p>
   </div>
   <div class='ocr_carea' id='block_1_74' title="bbox 230 4251 1643 4343">
    <p class='ocr_par' dir='ltr' id='par_1_74' title="bbox 230 4251 1643 4343">
     <span class='ocr_line' id='line_1_74' title="bbox 230 4251 1643 4343; baseline 0.016 -40"><span class='ocrx_word' id='word_1_546' title='bbox 230 4251 425 4318; x_wconf 84' lang='grc' dir='ltr'>οριαις</span> <span class='ocrx_word' id='word_1_547' title='bbox 452 4254 896 4326; x_wconf 81' lang='grc' dir='ltr'>κρατουμένοις,</span> <span class='ocrx_word' id='word_1_548' title='bbox 916 4260 985 4314; x_wconf 85' lang='grc' dir='ltr'>ἐν</span> <span class='ocrx_word' id='word_1_549' title='bbox 1004 4265 1200 4332; x_wconf 84' lang='grc' dir='ltr'>Κυρίῳ</span> <span class='ocrx_word' id='word_1_550' title='bbox 1213 4268 1464 4337; x_wconf 78' lang='grc' dir='ltr'>χαίρειν.</span> <span class='ocrx_word' id='word_1_551' title='bbox 1494 4269 1643 4343; x_wconf 80' lang='grc' dir='ltr'>[ρν¹.]</span> 
     </span>
    </p>
   </div>
   <div class='ocr_carea' id='block_1_75' title="bbox 1851 3601 3430 3686">
    <p class='ocr_par' dir='ltr' id='par_1_75' title="bbox 1851 3601 3430 3686">
     <span class='ocr_line' id='line_1_75' title="bbox 1851 3601 3430 3686; baseline -0.01 -16"><span class='ocrx_word' id='word_1_552' title='bbox 1851 3613 2056 3686; x_wconf 89' lang='lat' dir='ltr'><strong>pcreris</strong></span> <span class='ocrx_word' id='word_1_553' title='bbox 2081 3624 2202 3680; x_wconf 70' lang='lat' dir='ltr'><strong>quae</strong></span> <span class='ocrx_word' id='word_1_554' title='bbox 2228 3606 2399 3677; x_wconf 88' lang='lat' dir='ltr'><strong>magis</strong></span> <span class='ocrx_word' id='word_1_555' title='bbox 2429 3603 2747 3672; x_wconf 81' lang='lat' dir='ltr'><strong>probentur,</strong></span> <span class='ocrx_word' id='word_1_556' title='bbox 2776 3601 2860 3657; x_wconf 88' lang='lat' dir='ltr'><strong>fac</strong></span> <span class='ocrx_word' id='word_1_557' title='bbox 2899 3616 2986 3656; x_wconf 90' lang='lat' dir='ltr'><strong>me</strong></span> <span class='ocrx_word' id='word_1_558' title='bbox 3017 3603 3335 3672; x_wconf 86' lang='lat' dir='ltr'><strong>participem</strong></span> <span class='ocrx_word' id='word_1_559' title='bbox 3361 3601 3430 3654; x_wconf 88' lang='lat' dir='ltr'><strong>li-</strong></span> 
     </span>
    </p>
   </div>
   <div class='ocr_carea' id='block_1_76' title="bbox 1849 3691 3427 3770">
    <p class='ocr_par' dir='ltr' id='par_1_76' title="bbox 1849 3691 3427 3770">
     <span class='ocr_line' id='line_1_76' title="bbox 1849 3691 3427 3770; baseline -0.01 -12"><span class='ocrx_word' id='word_1_560' title='bbox 1849 3705 2005 3768; x_wconf 86' lang='lat' dir='ltr'><strong>bens,</strong></span> <span class='ocrx_word' id='word_1_561' title='bbox 2053 3708 2259 3770; x_wconf 89' lang='lat' dir='ltr'><strong>patrem</strong></span> <span class='ocrx_word' id='word_1_562' title='bbox 2315 3693 2587 3756; x_wconf 84' lang='lat' dir='ltr'><strong>videlicet,</strong></span> <span class='ocrx_word' id='word_1_563' title='bbox 2620 3691 2952 3761; x_wconf 81' lang='lat' dir='ltr'><strong>fratremque</strong></span> <span class='ocrx_word' id='word_1_564' title='bbox 2995 3698 3185 3754; x_wconf 89' lang='lat' dir='ltr'><strong>tuum,</strong></span> <span class='ocrx_word' id='word_1_565' title='bbox 3216 3691 3427 3744; x_wconf 85' lang='lat' dir='ltr'><strong>consilii</strong></span> 
     </span>
    </p>
   </div>
   <div class='ocr_carea' id='block_1_77' title="bbox 1849 3782 3428 3861">
    <p class='ocr_par' dir='ltr' id='par_1_77' title="bbox 1849 3782 3428 3861">
     <span class='ocr_line' id='line_1_77' title="bbox 1849 3782 3428 3861; baseline -0.008 -15"><span class='ocrx_word' id='word_1_566' title='bbox 1849 3795 1902 3847; x_wconf 91' lang='lat' dir='ltr'><strong>in</strong></span> <span class='ocrx_word' id='word_1_567' title='bbox 1950 3789 2142 3861; x_wconf 87' lang='lat' dir='ltr'><strong>primis</strong></span> <span class='ocrx_word' id='word_1_568' title='bbox 2201 3794 2480 3858; x_wconf 83' lang='lat' dir='ltr'><strong>egentem.</strong></span> <span class='ocrx_word' id='word_1_569' title='bbox 2528 3782 2679 3848; x_wconf 84' lang='lat' dir='ltr'><strong>Vale,</strong></span> <span class='ocrx_word' id='word_1_570' title='bbox 2735 3798 2800 3838; x_wconf 86' lang='lat' dir='ltr'><strong>ac</strong></span> <span class='ocrx_word' id='word_1_571' title='bbox 2861 3783 3154 3854; x_wconf 85' lang='lat' dir='ltr'><strong>plurimum</strong></span> <span class='ocrx_word' id='word_1_572' title='bbox 3188 3796 3287 3854; x_wconf 87' lang='lat' dir='ltr'><strong>pro</strong></span> <span class='ocrx_word' id='word_1_573' title='bbox 3343 3797 3428 3835; x_wconf 66' lang='lat' dir='ltr'><strong>unc</strong></span> 
     </span>
    </p>
   </div>
   <div class='ocr_carea' id='block_1_78' title="bbox 1849 3895 2101 3953">
    <p class='ocr_par' dir='ltr' id='par_1_78' title="bbox 1849 3895 2101 3953">
     <span class='ocr_line' id='line_1_78' title="bbox 1849 3895 2101 3953; baseline -0.012 -17"><span class='ocrx_word' id='word_1_574' title='bbox 1849 3895 2101 3953; x_wconf 84' lang='lat' dir='ltr'><strong>precare.</strong></span> 
     </span>
    </p>
   </div>
   <div class='ocr_carea' id='block_1_79' title="bbox 1849 3987 3427 4059">
    <p class='ocr_par' dir='ltr' id='par_1_79' title="bbox 1849 3987 3427 4059">
     <span class='ocr_line' id='line_1_79' title="bbox 1849 3987 3427 4059; baseline -0.005 -8"><span class='ocrx_word' id='word_1_575' title='bbox 1849 3997 1982 4052; x_wconf 76' lang='lat' dir='ltr'><strong>Vill.</strong></span> <span class='ocrx_word' id='word_1_576' title='bbox 2019 4025 2086 4037; x_wconf 92' lang='lat'><strong>—</strong></span> <span class='ocrx_word' id='word_1_577' title='bbox 2119 3994 2410 4049; x_wconf 83' lang='lat' dir='ltr'><strong>Theodorus</strong></span> <span class='ocrx_word' id='word_1_578' title='bbox 2437 3990 2673 4045; x_wconf 80' lang='lat' dir='ltr'><strong>omnibus</strong></span> <span class='ocrx_word' id='word_1_579' title='bbox 2721 3989 2906 4059; x_wconf 78' lang='lat' dir='ltr'><strong>ubique</strong></span> <span class='ocrx_word' id='word_1_580' title='bbox 2926 3998 3138 4058; x_wconf 84' lang='lat' dir='ltr'><strong>propter</strong></span> <span class='ocrx_word' id='word_1_581' title='bbox 3166 3987 3427 4045; x_wconf 76' lang='lat' dir='ltr'><strong>Christum</strong></span> 
     </span>
    </p>
   </div>
   <div class='ocr_carea' id='block_1_80' title="bbox 1915 4081 3429 4158">
    <p class='ocr_par' dir='ltr' id='par_1_80' title="bbox 1915 4081 3429 4158">
     <span class='ocr_line' id='line_1_80' title="bbox 1915 4081 3429 4158; baseline -0.004 -16"><span class='ocrx_word' id='word_1_582' title='bbox 1915 4087 2162 4158; x_wconf 74' lang='lat' dir='ltr'><strong>dispersis</strong></span> <span class='ocrx_word' id='word_1_583' title='bbox 2177 4084 2453 4157; x_wconf 72' lang='lat' dir='ltr'><strong>fratribus,</strong></span> <span class='ocrx_word' id='word_1_584' title='bbox 2472 4094 2521 4138; x_wconf 86' lang='lat' dir='ltr'><strong>et</strong></span> <span class='ocrx_word' id='word_1_585' title='bbox 2538 4082 2604 4136; x_wconf 88' lang='lat' dir='ltr'><strong>iis</strong></span> <span class='ocrx_word' id='word_1_586' title='bbox 2630 4082 2719 4153; x_wconf 83' lang='lat' dir='ltr'><strong>qui</strong></span> <span class='ocrx_word' id='word_1_587' title='bbox 2753 4081 2810 4134; x_wconf 83' lang='lat' dir='ltr'><strong>in</strong></span> <span class='ocrx_word' id='word_1_588' title='bbox 2832 4081 3125 4136; x_wconf 82' lang='lat' dir='ltr'><strong>carceribus</strong></span> <span class='ocrx_word' id='word_1_589' title='bbox 3149 4091 3197 4135; x_wconf 87' lang='lat' dir='ltr'><strong>et</strong></span> <span class='ocrx_word' id='word_1_590' title='bbox 3229 4083 3429 4136; x_wconf 71' lang='lat' dir='ltr'><strong>exsiliis</strong></span> 
     </span>
    </p>
   </div>
   <div class='ocr_carea' id='block_1_81' title="bbox 1914 4174 2913 4245">
    <p class='ocr_par' dir='ltr' id='par_1_81' title="bbox 1914 4174 2913 4245">
     <span class='ocr_line' id='line_1_81' title="bbox 1914 4174 2913 4245; baseline -0.009 -10"><span class='ocrx_word' id='word_1_591' title='bbox 1914 4182 2231 4245; x_wconf 82' lang='lat' dir='ltr'><strong>detinentur,</strong></span> <span class='ocrx_word' id='word_1_592' title='bbox 2256 4181 2313 4233; x_wconf 81' lang='lat' dir='ltr'><strong>in</strong></span> <span class='ocrx_word' id='word_1_593' title='bbox 2335 4177 2560 4234; x_wconf 83' lang='lat' dir='ltr'><strong>Domino</strong></span> <span class='ocrx_word' id='word_1_594' title='bbox 2591 4175 2816 4231; x_wconf 81' lang='lat' dir='ltr'><strong>salutem</strong></span> <span class='ocrx_word' id='word_1_595' title='bbox 2847 4174 2913 4227; x_wconf 79' lang='lat'><strong>“.</strong></span> 
     </span>
    </p>
   </div>
   <div class='ocr_carea' id='block_1_82' title="bbox 1083 4372 2680 4445">
    <p class='ocr_par' dir='ltr' id='par_1_82' title="bbox 1083 4372 2680 4445">
     <span class='ocr_line' id='line_1_82' title="bbox 1083 4372 2680 4445; baseline -0.003 -20"><span class='ocrx_word' id='word_1_596' title='bbox 1083 4376 1372 4440; x_wconf 88' lang='lat' dir='ltr'><strong>Dogmatica</strong></span> <span class='ocrx_word' id='word_1_597' title='bbox 1396 4380 1459 4430; x_wconf 91' lang='lat' dir='ltr'><strong>de</strong></span> <span class='ocrx_word' id='word_1_598' title='bbox 1482 4382 1666 4432; x_wconf 87' lang='lat' dir='ltr'><strong>sanctis</strong></span> <span class='ocrx_word' id='word_1_599' title='bbox 1694 4377 2010 4445; x_wconf 80' lang='lat' dir='ltr'><strong>imaginibus.</strong></span> <span class='ocrx_word' id='word_1_600' title='bbox 2040 4377 2239 4432; x_wconf 85' lang='lat' dir='ltr'><strong>(Baron.</strong></span> <span class='ocrx_word' id='word_1_601' title='bbox 2263 4387 2346 4423; x_wconf 79' lang='lat' dir='ltr'><strong>an.</strong></span> <span class='ocrx_word' id='word_1_602' title='bbox 2368 4373 2480 4434; x_wconf 73' lang='lat' dir='ltr'><strong>8H,</strong></span> <span class='ocrx_word' id='word_1_603' title='bbox 2501 4386 2548 4421; x_wconf 92' lang='lat' dir='ltr'><strong>n.</strong></span> <span class='ocrx_word' id='word_1_604' title='bbox 2576 4372 2680 4435; x_wconf 74' lang='grc'><strong>45.)</strong></span> 
     </span>
    </p>
   </div>
   <div class='ocr_carea' id='block_1_83' title="bbox 231 4446 1740 4535">
    <p class='ocr_par' dir='ltr' id='par_1_83' title="bbox 231 4446 1740 4535">
     <span class='ocr_line' id='line_1_83' title="bbox 231 4446 1740 4535; baseline 0.014 -35"><span class='ocrx_word' id='word_1_605' title='bbox 231 4446 411 4518; x_wconf 80' lang='grc' dir='ltr'>Χάρις</span> <span class='ocrx_word' id='word_1_606' title='bbox 435 4450 579 4520; x_wconf 80' lang='grc' dir='ltr'>ὑμῖν</span> <span class='ocrx_word' id='word_1_607' title='bbox 636 4453 736 4510; x_wconf 77' lang='grc' dir='ltr'>καί</span> <span class='ocrx_word' id='word_1_608' title='bbox 801 4456 1032 4527; x_wconf 70' lang='grc' dir='ltr'>εἰρήνη,</span> <span class='ocrx_word' id='word_1_609' title='bbox 1087 4461 1463 4529; x_wconf 84' lang='grc' dir='ltr'>ἀποστολικῶς</span> <span class='ocrx_word' id='word_1_610' title='bbox 1517 4469 1693 4520; x_wconf 81' lang='grc' dir='ltr'>εἰπεῖν</span> <span class='ocrx_word' id='word_1_611' title='bbox 1723 4508 1740 4535; x_wconf 90' lang='grc'><strong>,</strong></span> 
     </span>
    </p>
   </div>
   <div class='ocr_carea' id='block_1_84' title="bbox 161 4536 1740 4628">
    <p class='ocr_par' dir='ltr' id='par_1_84' title="bbox 161 4536 1740 4628">
     <span class='ocr_line' id='line_1_84' title="bbox 161 4536 1740 4628; baseline 0.016 -38"><span class='ocrx_word' id='word_1_612' title='bbox 161 4536 279 4592; x_wconf 70' lang='grc' dir='ltr'>ἀπὸ</span> <span class='ocrx_word' id='word_1_613' title='bbox 309 4539 462 4595; x_wconf 80' lang='grc' dir='ltr'>Θεοῦ</span> <span class='ocrx_word' id='word_1_614' title='bbox 498 4544 728 4613; x_wconf 78' lang='grc' dir='ltr'>Πατρός</span> <span class='ocrx_word' id='word_1_615' title='bbox 752 4546 924 4616; x_wconf 73' lang='grc' dir='ltr'>ἡμῶν</span> <span class='ocrx_word' id='word_1_616' title='bbox 962 4552 1064 4605; x_wconf 76' lang='grc' dir='ltr'><strong>καὶ</strong></span> <span class='ocrx_word' id='word_1_617' title='bbox 1110 4555 1335 4623; x_wconf 84' lang='grc' dir='ltr'>Κυρίου</span> <span class='ocrx_word' id='word_1_618' title='bbox 1380 4558 1584 4626; x_wconf 82' lang='grc' dir='ltr'>Ἰησοῦ</span> <span class='ocrx_word' id='word_1_619' title='bbox 1605 4562 1740 4628; x_wconf 85' lang='grc' dir='ltr'>Χρι-</span> 
     </span>
    </p>
   </div>
   <div class='ocr_carea' id='block_1_85' title="bbox 160 4630 1743 4715">
    <p class='ocr_par' dir='ltr' id='par_1_85' title="bbox 160 4630 1743 4715">
     <span class='ocr_line' id='line_1_85' title="bbox 160 4630 1743 4715; baseline 0.013 -31"><span class='ocrx_word' id='word_1_620' title='bbox 160 4630 337 4696; x_wconf 83' lang='grc' dir='ltr'>στοῦ,</span> <span class='ocrx_word' id='word_1_621' title='bbox 367 4633 470 4702; x_wconf 82' lang='grc' dir='ltr'><strong>τῆς</strong></span> <span class='ocrx_word' id='word_1_622' title='bbox 525 4633 738 4701; x_wconf 72' lang='grc' dir='ltr'>ἐλπίδος</span> <span class='ocrx_word' id='word_1_623' title='bbox 767 4639 926 4708; x_wconf 74' lang='grc' dir='ltr'>ἡμῶν</span> <span class='ocrx_word' id='word_1_624' title='bbox 954 4657 969 4672; x_wconf 90' lang='grc'><strong>·</strong></span> <span class='ocrx_word' id='word_1_625' title='bbox 999 4643 1140 4715; x_wconf 77' lang='grc' dir='ltr'>ὑπὲρ</span> <span class='ocrx_word' id='word_1_626' title='bbox 1168 4641 1228 4701; x_wconf 79' lang='grc' dir='ltr'><strong>οῦ</strong></span> <span class='ocrx_word' id='word_1_627' title='bbox 1259 4649 1353 4701; x_wconf 77' lang='grc' dir='ltr'><strong>καὶ</strong></span> <span class='ocrx_word' id='word_1_628' title='bbox 1381 4649 1448 4702; x_wconf 87' lang='grc' dir='ltr'><strong>δι’</strong></span> <span class='ocrx_word' id='word_1_629' title='bbox 1476 4650 1535 4702; x_wconf 83' lang='grc' dir='ltr'><strong>δν</strong></span> <span class='ocrx_word' id='word_1_630' title='bbox 1567 4651 1596 4703; x_wconf 83' lang='grc' dir='ltr'><strong>ό</strong></span> <span class='ocrx_word' id='word_1_631' title='bbox 1617 4652 1743 4704; x_wconf 86' lang='grc' dir='ltr'><strong>διω⁹</strong></span> 
     </span>
    </p>
   </div>
   <div class='ocr_carea' id='block_1_86' title="bbox 1917 4455 3432 4529">
    <p class='ocr_par' dir='ltr' id='par_1_86' title="bbox 1917 4455 3432 4529">
     <span class='ocr_line' id='line_1_86' title="bbox 1917 4455 3432 4529; baseline -0.007 -11"><span class='ocrx_word' id='word_1_632' title='bbox 1917 4462 2099 4518; x_wconf 85' lang='lat' dir='ltr'><strong>Gratia</strong></span> <span class='ocrx_word' id='word_1_633' title='bbox 2135 4461 2275 4516; x_wconf 77' lang='lat' dir='ltr'><strong>vobis</strong></span> <span class='ocrx_word' id='word_1_634' title='bbox 2303 4469 2352 4513; x_wconf 85' lang='lat' dir='ltr'><strong>et</strong></span> <span class='ocrx_word' id='word_1_635' title='bbox 2375 4476 2501 4528; x_wconf 72' lang='lat' dir='ltr'><strong>pax,</strong></span> <span class='ocrx_word' id='word_1_636' title='bbox 2527 4467 2588 4513; x_wconf 93' lang='lat' dir='ltr'><strong>ut</strong></span> <span class='ocrx_word' id='word_1_637' title='bbox 2613 4456 2856 4529; x_wconf 81' lang='lat' dir='ltr'><strong>Apostoli</strong></span> <span class='ocrx_word' id='word_1_638' title='bbox 2885 4455 3068 4511; x_wconf 83' lang='lat' dir='ltr'><strong>verbis</strong></span> <span class='ocrx_word' id='word_1_639' title='bbox 3092 4463 3237 4520; x_wconf 84' lang='lat' dir='ltr'><strong>utar,</strong></span> <span class='ocrx_word' id='word_1_640' title='bbox 3265 4471 3297 4508; x_wconf 84' lang='grc' dir='ltr'><strong>ιι</strong></span> <span class='ocrx_word' id='word_1_641' title='bbox 3323 4455 3432 4507; x_wconf 81' lang='lat' dir='ltr'><strong>Deo</strong></span> 
     </span>
    </p>
   </div>
   <div class='ocr_carea' id='block_1_87' title="bbox 1849 4546 3426 4617">
    <p class='ocr_par' dir='ltr' id='par_1_87' title="bbox 1849 4546 3426 4617">
     <span class='ocr_line' id='line_1_87' title="bbox 1849 4546 3426 4617; baseline -0.004 -9"><span class='ocrx_word' id='word_1_642' title='bbox 1849 4554 2010 4608; x_wconf 86' lang='lat' dir='ltr'><strong>Patre</strong></span> <span class='ocrx_word' id='word_1_643' title='bbox 2027 4559 2224 4617; x_wconf 84' lang='lat' dir='ltr'><strong>nostro,</strong></span> <span class='ocrx_word' id='word_1_644' title='bbox 2257 4560 2305 4605; x_wconf 89' lang='lat' dir='ltr'><strong>et</strong></span> <span class='ocrx_word' id='word_1_645' title='bbox 2345 4548 2566 4604; x_wconf 83' lang='lat' dir='ltr'><strong>Domino</strong></span> <span class='ocrx_word' id='word_1_646' title='bbox 2592 4547 2716 4602; x_wconf 83' lang='lat' dir='ltr'><strong>Jesu</strong></span> <span class='ocrx_word' id='word_1_647' title='bbox 2738 4546 2946 4601; x_wconf 82' lang='lat' dir='ltr'><strong>Christo</strong></span> <span class='ocrx_word' id='word_1_648' title='bbox 2967 4546 3038 4613; x_wconf 83' lang='lat'><strong>“,</strong></span> <span class='ocrx_word' id='word_1_649' title='bbox 3063 4546 3154 4616; x_wconf 87' lang='lat' dir='ltr'><strong>qui</strong></span> <span class='ocrx_word' id='word_1_650' title='bbox 3187 4554 3274 4600; x_wconf 91' lang='lat' dir='ltr'><strong>est</strong></span> <span class='ocrx_word' id='word_1_651' title='bbox 3299 4560 3426 4616; x_wconf 89' lang='lat' dir='ltr'><strong>spes</strong></span> 
     </span>
    </p>
   </div>
   <div class='ocr_carea' id='block_1_88' title="bbox 1847 4638 3426 4715">
    <p class='ocr_par' dir='ltr' id='par_1_88' title="bbox 1847 4638 3426 4715">
     <span class='ocr_line' id='line_1_88' title="bbox 1847 4638 3426 4715; baseline -0.005 -16"><span class='ocrx_word' id='word_1_652' title='bbox 1847 4656 2054 4710; x_wconf 90' lang='lat' dir='ltr'><strong>nostra,</strong></span> <span class='ocrx_word' id='word_1_653' title='bbox 2092 4660 2191 4715; x_wconf 92' lang='lat' dir='ltr'><strong>pro</strong></span> <span class='ocrx_word' id='word_1_654' title='bbox 2216 4657 2326 4714; x_wconf 92' lang='lat' dir='ltr'><strong>quo</strong></span> <span class='ocrx_word' id='word_1_655' title='bbox 2355 4651 2410 4697; x_wconf 93' lang='lat' dir='ltr'><strong>et</strong></span> <span class='ocrx_word' id='word_1_656' title='bbox 2435 4650 2659 4712; x_wconf 89' lang='lat' dir='ltr'><strong>propter</strong></span> <span class='ocrx_word' id='word_1_657' title='bbox 2688 4655 2852 4710; x_wconf 90' lang='lat' dir='ltr'><strong>quem</strong></span> <span class='ocrx_word' id='word_1_658' title='bbox 2883 4638 3213 4710; x_wconf 85' lang='lat' dir='ltr'><strong>persecutio,</strong></span> <span class='ocrx_word' id='word_1_659' title='bbox 3243 4639 3426 4693; x_wconf 90' lang='lat' dir='ltr'><strong>tribu-</strong></span> 
     </span>
    </p>
   </div>
   <div class='ocr_carea' id='block_1_89' title="bbox 161 4723 1761 4838">
    <p class='ocr_par' dir='ltr' id='par_1_89' title="bbox 161 4723 1739 4838">
     <span class='ocr_line' id='line_1_89' title="bbox 161 4723 1739 4838; baseline 0.008 -63"><span class='ocrx_word' id='word_1_660' title='bbox 161 4723 323 4838; x_wconf 51' lang='grc' dir='ltr'>γμὶζς,</span> <span class='ocrx_word' id='word_1_661' title='bbox 353 4725 388 4795; x_wconf 74' lang='grc' dir='ltr'><strong>ἡ</strong></span> <span class='ocrx_word' id='word_1_662' title='bbox 410 4723 598 4838; x_wconf 59' lang='grc' dir='ltr'><strong>¹θλίψις</strong></span> <span class='ocrx_word' id='word_1_663' title='bbox 619 4729 713 4838; x_wconf 61' lang='grc' dir='ltr'><strong>καὶ</strong></span> <span class='ocrx_word' id='word_1_664' title='bbox 735 4730 776 4838; x_wconf 26' lang='grc' dir='ltr'><strong>ἡκ</strong></span> <span class='ocrx_word' id='word_1_665' title='bbox 803 4737 1157 4838; x_wconf 48' lang='grc' dir='ltr'>στενογωρία,</span> <span class='ocrx_word' id='word_1_666' title='bbox 1192 4740 1228 4809; x_wconf 72' lang='grc' dir='ltr'><strong>η</strong></span> <span class='ocrx_word' id='word_1_667' title='bbox 1254 4741 1459 4812; x_wconf 70' lang='grc' dir='ltr'>ἐρημία</span> <span class='ocrx_word' id='word_1_668' title='bbox 1490 4744 1585 4796; x_wconf 73' lang='grc' dir='ltr'><strong>καὶ</strong></span> <span class='ocrx_word' id='word_1_669' title='bbox 1604 4760 1739 4812; x_wconf 82' lang='grc' dir='ltr'>φυγ-</span> 
     </span>
    </p>
   </div>
   <div class='ocr_carea' id='block_1_90' title="bbox 1850 4723 3425 4838">
    <p class='ocr_par' dir='ltr' id='par_1_90' title="bbox 1850 4732 3425 4806">
     <span class='ocr_line' id='line_1_90' title="bbox 1850 4732 3425 4806; baseline -0.003 -17"><span class='ocrx_word' id='word_1_670' title='bbox 1850 4736 1994 4798; x_wconf 87' lang='lat' dir='ltr'><strong>latio,</strong></span> <span class='ocrx_word' id='word_1_671' title='bbox 2019 4736 2287 4806; x_wconf 88' lang='lat' dir='ltr'><strong>angustia,</strong></span> <span class='ocrx_word' id='word_1_672' title='bbox 2313 4733 2571 4798; x_wconf 89' lang='lat' dir='ltr'><strong>solitudo,</strong></span> <span class='ocrx_word' id='word_1_673' title='bbox 2585 4732 2856 4794; x_wconf 81' lang='lat' dir='ltr'><strong>exsilium,</strong></span> <span class='ocrx_word' id='word_1_674' title='bbox 2882 4746 3128 4788; x_wconf 84' lang='lat' dir='ltr'><strong>carceres</strong></span> <span class='ocrx_word' id='word_1_675' title='bbox 3152 4739 3206 4785; x_wconf 88' lang='lat' dir='ltr'><strong>et</strong></span> <span class='ocrx_word' id='word_1_676' title='bbox 3230 4745 3425 4799; x_wconf 68' lang='lat' dir='ltr'><strong>poenae,</strong></span> 
     </span>
    </p>
   </div>
   <div class='ocr_carea' id='block_1_91' title="bbox 161 4812 1740 4904">
    <p class='ocr_par' dir='ltr' id='par_1_91' title="bbox 161 4812 1740 4904">
     <span class='ocr_line' id='line_1_91' title="bbox 161 4812 1740 4904; baseline 0.015 -40"><span class='ocrx_word' id='word_1_677' title='bbox 161 4812 333 4879; x_wconf 80' lang='grc' dir='ltr'>αδεια,</span> <span class='ocrx_word' id='word_1_678' title='bbox 367 4814 427 4868; x_wconf 88' lang='grc' dir='ltr'><strong>αί</strong></span> <span class='ocrx_word' id='word_1_679' title='bbox 456 4817 672 4884; x_wconf 76' lang='grc' dir='ltr'>είρκταὶ</span> <span class='ocrx_word' id='word_1_680' title='bbox 691 4821 784 4872; x_wconf 73' lang='grc' dir='ltr'><strong>καὶ</strong></span> <span class='ocrx_word' id='word_1_681' title='bbox 804 4826 986 4877; x_wconf 73' lang='grc' dir='ltr'>ποιναὶ</span> <span class='ocrx_word' id='word_1_682' title='bbox 1003 4828 1097 4878; x_wconf 73' lang='grc' dir='ltr'>καὶ</span> <span class='ocrx_word' id='word_1_683' title='bbox 1118 4828 1218 4882; x_wconf 85' lang='grc' dir='ltr'>ὅσα</span> <span class='ocrx_word' id='word_1_684' title='bbox 1239 4829 1372 4882; x_wconf 77' lang='grc' dir='ltr'>ἄλλα</span> <span class='ocrx_word' id='word_1_685' title='bbox 1394 4831 1740 4904; x_wconf 80' lang='grc' dir='ltr'>καθεκάστην</span> 
     </span>
    </p>
   </div>
   <div class='ocr_carea' id='block_1_92' title="bbox 163 4907 1738 4992">
    <p class='ocr_par' dir='ltr' id='par_1_92' title="bbox 163 4907 1738 4992">
     <span class='ocr_line' id='line_1_92' title="bbox 163 4907 1738 4992; baseline 0.016 -37"><span class='ocrx_word' id='word_1_686' title='bbox 163 4907 235 4969; x_wconf 82' lang='grc' dir='ltr'><strong>είς</strong></span> <span class='ocrx_word' id='word_1_687' title='bbox 259 4907 644 4980; x_wconf 86' lang='grc' dir='ltr'>ταλαιπωρίαν</span> <span class='ocrx_word' id='word_1_688' title='bbox 662 4911 1030 4984; x_wconf 83' lang='grc' dir='ltr'>ύπαντήματα</span> <span class='ocrx_word' id='word_1_689' title='bbox 1045 4919 1138 4973; x_wconf 77' lang='grc' dir='ltr'><strong>καὶ</strong></span> <span class='ocrx_word' id='word_1_690' title='bbox 1154 4938 1217 4972; x_wconf 91' lang='grc' dir='ltr'><strong>συ</strong></span> <span class='ocrx_word' id='word_1_691' title='bbox 1225 4921 1511 4992; x_wconf 79' lang='grc' dir='ltr'>μόάματα.</span> <span class='ocrx_word' id='word_1_692' title='bbox 1534 4925 1738 4980; x_wconf 81' lang='grc' dir='ltr'>Τούτου</span> 
     </span>
    </p>
   </div>
   <div class='ocr_carea' id='block_1_93' title="bbox 164 4999 1738 5086">
    <p class='ocr_par' dir='ltr' id='par_1_93' title="bbox 164 4999 1738 5086">
     <span class='ocr_line' id='line_1_93' title="bbox 164 4999 1738 5086; baseline 0.015 -37"><span class='ocrx_word' id='word_1_693' title='bbox 164 4999 343 5067; x_wconf 78' lang='grc' dir='ltr'>χάριν,</span> <span class='ocrx_word' id='word_1_694' title='bbox 374 4999 598 5070; x_wconf 84' lang='grc' dir='ltr'>ἀδελφοί</span> <span class='ocrx_word' id='word_1_695' title='bbox 635 5020 739 5073; x_wconf 86' lang='grc' dir='ltr'><strong>μου</strong></span> <span class='ocrx_word' id='word_1_696' title='bbox 769 5005 1066 5077; x_wconf 79' lang='grc' dir='ltr'>ἀγαπητοὶ,</span> <span class='ocrx_word' id='word_1_697' title='bbox 1091 5012 1190 5082; x_wconf 86' lang='grc' dir='ltr'><strong>τῆς</strong></span> <span class='ocrx_word' id='word_1_698' title='bbox 1235 5014 1574 5086; x_wconf 73' lang='grc' dir='ltr'>ἀπολείψεως</span> <span class='ocrx_word' id='word_1_699' title='bbox 1643 5018 1738 5073; x_wconf 86' lang='grc' dir='ltr'><strong>τοῦ</strong></span> 
     </span>
    </p>
   </div>
   <div class='ocr_carea' id='block_1_94' title="bbox 165 5089 1739 5172">
    <p class='ocr_par' dir='ltr' id='par_1_94' title="bbox 165 5089 1739 5172">
     <span class='ocr_line' id='line_1_94' title="bbox 165 5089 1739 5172; baseline 0.014 -32"><span class='ocrx_word' id='word_1_700' title='bbox 165 5089 424 5143; x_wconf 80' lang='grc' dir='ltr'>ταπεινοῦ</span> <span class='ocrx_word' id='word_1_701' title='bbox 481 5093 639 5163; x_wconf 77' lang='grc' dir='ltr'>ἡμῶν</span> <span class='ocrx_word' id='word_1_702' title='bbox 670 5095 964 5167; x_wconf 86' lang='grc' dir='ltr'>προσώπου</span> <span class='ocrx_word' id='word_1_703' title='bbox 1019 5104 1377 5172; x_wconf 83' lang='grc' dir='ltr'>παραμυθίαν</span> <span class='ocrx_word' id='word_1_704' title='bbox 1438 5108 1562 5161; x_wconf 87' lang='grc' dir='ltr'><strong>τινά</strong></span> <span class='ocrx_word' id='word_1_705' title='bbox 1615 5109 1739 5161; x_wconf 78' lang='grc' dir='ltr'>ὲπι-</span> 
     </span>
    </p>
   </div>
   <div class='ocr_carea' id='block_1_95' title="bbox 166 5179 1739 5269">
    <p class='ocr_par' dir='ltr' id='par_1_95' title="bbox 166 5179 1739 5269">
     <span class='ocr_line' id='line_1_95' title="bbox 166 5179 1739 5269; baseline 0.015 -40"><span class='ocrx_word' id='word_1_706' title='bbox 166 5179 519 5269; x_wconf 68' lang='grc' dir='ltr'>νοησάμενοι,</span> <span class='ocrx_word' id='word_1_707' title='bbox 551 5184 844 5254; x_wconf 86' lang='grc' dir='ltr'>στέλλομεν</span> <span class='ocrx_word' id='word_1_708' title='bbox 878 5187 1008 5257; x_wconf 84' lang='grc' dir='ltr'>ὑμῖν</span> <span class='ocrx_word' id='word_1_709' title='bbox 1054 5190 1151 5261; x_wconf 79' lang='grc' dir='ltr'>τὴν</span> <span class='ocrx_word' id='word_1_710' title='bbox 1179 5193 1470 5266; x_wconf 78' lang='grc' dir='ltr'>ἐπιστολὴν</span> <span class='ocrx_word' id='word_1_711' title='bbox 1512 5197 1739 5269; x_wconf 85' lang='grc' dir='ltr'>ταύτην,</span> 
     </span>
    </p>
   </div>
   <div class='ocr_carea' id='block_1_96' title="bbox 167 5268 1742 5351">
    <p class='ocr_par' dir='ltr' id='par_1_96' title="bbox 167 5268 1742 5351">
     <span class='ocr_line' id='line_1_96' title="bbox 167 5268 1742 5351; baseline 0.013 -34"><span class='ocrx_word' id='word_1_712' title='bbox 167 5268 544 5339; x_wconf 79' lang='grc' dir='ltr'>γνωρίζοντες,</span> <span class='ocrx_word' id='word_1_713' title='bbox 590 5271 666 5335; x_wconf 85' lang='grc' dir='ltr'>ὡς</span> <span class='ocrx_word' id='word_1_714' title='bbox 700 5273 1065 5340; x_wconf 86' lang='grc' dir='ltr'>ἀδιαλείπτως</span> <span class='ocrx_word' id='word_1_715' title='bbox 1095 5280 1286 5348; x_wconf 82' lang='grc' dir='ltr'>μνείαν</span> <span class='ocrx_word' id='word_1_716' title='bbox 1341 5282 1499 5351; x_wconf 81' lang='grc' dir='ltr'>ἡμῶν</span> <span class='ocrx_word' id='word_1_717' title='bbox 1556 5268 1742 5339; x_wconf 80' lang='grc' dir='ltr'>ποιού-</span> 
     </span>
    </p>
   </div>
   <div class='ocr_carea' id='block_1_97' title="bbox 172 5358 1744 5440">
    <p class='ocr_par' dir='ltr' id='par_1_97' title="bbox 172 5358 1744 5440">
     <span class='ocr_line' id='line_1_97' title="bbox 172 5358 1744 5440; baseline 0.012 -32"><span class='ocrx_word' id='word_1_718' title='bbox 172 5358 306 5424; x_wconf 77' lang='grc' dir='ltr'>μεθα</span> <span class='ocrx_word' id='word_1_719' title='bbox 354 5360 414 5412; x_wconf 80' lang='grc' dir='ltr'>ἐν</span> <span class='ocrx_word' id='word_1_720' title='bbox 451 5361 568 5424; x_wconf 88' lang='grc' dir='ltr'>ταῖς</span> <span class='ocrx_word' id='word_1_721' title='bbox 601 5366 887 5427; x_wconf 87' lang='grc' dir='ltr'>ταπειναῖς</span> <span class='ocrx_word' id='word_1_722' title='bbox 915 5365 1071 5435; x_wconf 75' lang='grc' dir='ltr'>ἡμῶν</span> <span class='ocrx_word' id='word_1_723' title='bbox 1103 5373 1457 5440; x_wconf 86' lang='grc' dir='ltr'>προσευχαῖς,</span> <span class='ocrx_word' id='word_1_724' title='bbox 1489 5371 1585 5425; x_wconf 71' lang='grc' dir='ltr'>ἕνα</span> <span class='ocrx_word' id='word_1_725' title='bbox 1619 5373 1744 5426; x_wconf 77' lang='grc' dir='ltr'><strong>ἕκα-</strong></span> 
     </span>
    </p>
   </div>
   <div class='ocr_carea' id='block_1_98' title="bbox 172 5452 1740 5534">
    <p class='ocr_par' dir='ltr' id='par_1_98' title="bbox 172 5452 1740 5534">
     <span class='ocr_line' id='line_1_98' title="bbox 172 5452 1740 5534; baseline 0.013 -35"><span class='ocrx_word' id='word_1_726' title='bbox 172 5465 294 5501; x_wconf 86' lang='grc' dir='ltr'>στον</span> <span class='ocrx_word' id='word_1_727' title='bbox 355 5452 759 5518; x_wconf 82' lang='grc' dir='ltr'>ἀναπολοῦντες</span> <span class='ocrx_word' id='word_1_728' title='bbox 823 5457 918 5511; x_wconf 75' lang='grc' dir='ltr'>καὶ</span> <span class='ocrx_word' id='word_1_729' title='bbox 977 5459 1449 5531; x_wconf 77' lang='grc' dir='ltr'>ἀναλογιζόμενοι,</span> <span class='ocrx_word' id='word_1_730' title='bbox 1512 5465 1740 5534; x_wconf 81' lang='grc' dir='ltr'>δάκρυσι</span> 
     </span>
    </p>
   </div>
   <div class='ocr_carea' id='block_1_99' title="bbox 169 5541 1741 5621">
    <p class='ocr_par' dir='ltr' id='par_1_99' title="bbox 169 5541 1741 5621">
     <span class='ocr_line' id='line_1_99' title="bbox 169 5541 1741 5621; baseline 0.013 -31"><span class='ocrx_word' id='word_1_731' title='bbox 169 5541 258 5591; x_wconf 76' lang='grc' dir='ltr'><strong>καὶ</strong></span> <span class='ocrx_word' id='word_1_732' title='bbox 284 5547 613 5612; x_wconf 84' lang='grc' dir='ltr'>στεναγμοῖς</span> <span class='ocrx_word' id='word_1_733' title='bbox 637 5545 886 5616; x_wconf 83' lang='grc' dir='ltr'>αίροντες</span> <span class='ocrx_word' id='word_1_734' title='bbox 911 5551 1106 5621; x_wconf 78' lang='grc' dir='ltr'>χεῖρας</span> <span class='ocrx_word' id='word_1_735' title='bbox 1133 5554 1212 5614; x_wconf 87' lang='grc' dir='ltr'><strong>είς</strong></span> <span class='ocrx_word' id='word_1_736' title='bbox 1241 5553 1373 5606; x_wconf 85' lang='grc' dir='ltr'>Θεόν</span> <span class='ocrx_word' id='word_1_737' title='bbox 1395 5573 1408 5585; x_wconf 73' lang='grc' dir='ltr'><strong>ο</strong></span> <span class='ocrx_word' id='word_1_738' title='bbox 1445 5557 1531 5609; x_wconf 82' lang='grc' dir='ltr'>ἵνα</span> <span class='ocrx_word' id='word_1_739' title='bbox 1556 5557 1741 5621; x_wconf 85' lang='grc' dir='ltr'>καθὼς</span> 
     </span>
    </p>
   </div>
   <div class='ocr_carea' id='block_1_100' title="bbox 173 5631 1731 5714">
    <p class='ocr_par' dir='ltr' id='par_1_100' title="bbox 173 5631 1731 5714">
     <span class='ocr_line' id='line_1_100' title="bbox 173 5631 1731 5714; baseline 0.013 -32"><span class='ocrx_word' id='word_1_740' title='bbox 173 5631 562 5702; x_wconf 79' lang='grc' dir='ltr'>ὑπεδυσάμεθα</span> <span class='ocrx_word' id='word_1_741' title='bbox 595 5636 721 5699; x_wconf 83' lang='grc' dir='ltr'>τοὺς</span> <span class='ocrx_word' id='word_1_742' title='bbox 754 5637 893 5708; x_wconf 84' lang='grc' dir='ltr'>ὑπὲρ</span> <span class='ocrx_word' id='word_1_743' title='bbox 927 5639 1184 5710; x_wconf 83' lang='grc' dir='ltr'>ἀληθείας</span> <span class='ocrx_word' id='word_1_744' title='bbox 1219 5643 1461 5714; x_wconf 81' lang='grc' dir='ltr'>ἀγῶνας,</span> <span class='ocrx_word' id='word_1_745' title='bbox 1494 5649 1589 5700; x_wconf 76' lang='grc' dir='ltr'><strong>καὶ</strong></span> <span class='ocrx_word' id='word_1_746' title='bbox 1643 5649 1731 5713; x_wconf 79' lang='grc' dir='ltr'><strong>ἐξ·</strong></span> 
     </span>
    </p>
   </div>
   <div class='ocr_carea' id='block_1_101' title="bbox 242 5786 672 5850">
    <p class='ocr_par' dir='ltr' id='par_1_101' title="bbox 242 5786 672 5850">
     <span class='ocr_line' id='line_1_101' title="bbox 242 5786 672 5850; baseline 0.009 -10"><span class='ocrx_word' id='word_1_747' title='bbox 242 5786 281 5816; x_wconf 84' lang='grc'><strong>¹⁷</strong></span> <span class='ocrx_word' id='word_1_748' title='bbox 313 5786 475 5842; x_wconf 79' lang='lat' dir='ltr'><strong>Amos</strong></span> <span class='ocrx_word' id='word_1_749' title='bbox 497 5805 549 5850; x_wconf 89' lang='lat' dir='ltr'><strong>v,</strong></span> <span class='ocrx_word' id='word_1_750' title='bbox 585 5789 672 5845; x_wconf 76' lang='grc'><strong>15.</strong></span> 
     </span>
    </p>
   </div>
   <div class='ocr_carea' id='block_1_102' title="bbox 177 5854 680 5928">
    <p class='ocr_par' dir='ltr' id='par_1_102' title="bbox 177 5854 680 5928">
     <span class='ocr_line' id='line_1_102' title="bbox 177 5854 680 5928; baseline 0.014 -22"><span class='ocrx_word' id='word_1_751' title='bbox 177 5854 222 5884; x_wconf 81' lang='grc'><strong>’⁸</strong></span> <span class='ocrx_word' id='word_1_752' title='bbox 259 5855 487 5928; x_wconf 81' lang='lat' dir='ltr'><strong>Philipp.</strong></span> <span class='ocrx_word' id='word_1_753' title='bbox 527 5876 586 5923; x_wconf 86' lang='lat' dir='ltr'><strong>Il,</strong></span> <span class='ocrx_word' id='word_1_754' title='bbox 626 5861 680 5914; x_wconf 75' lang='grc'>2.</span> 
     </span>
    </p>
   </div>
   <div class='ocr_carea' id='block_1_103' title="bbox 494 5952 1186 6014">
    <p class='ocr_par' dir='ltr' id='par_1_103' title="bbox 494 5952 1186 6014">
     <span class='ocr_line' id='line_1_103' title="bbox 494 5952 1186 6014; baseline 0.009 -6"><span class='ocrx_word' id='word_1_755' title='bbox 494 5952 766 6012; x_wconf 77' lang='grc' dir='ltr'>ΡΑτιιοι.</span> <span class='ocrx_word' id='word_1_756' title='bbox 818 5954 931 6012; x_wconf 80' lang='lat' dir='ltr'><strong>Gn.</strong></span> <span class='ocrx_word' id='word_1_757' title='bbox 981 5955 1186 6014; x_wconf 73' lang='lat' dir='ltr'><strong>XCIX.</strong></span> 
     </span>
    </p>
   </div>
   <div class='ocr_carea' id='block_1_104' title="bbox 789 5793 1254 5865">
    <p class='ocr_par' dir='ltr' id='par_1_104' title="bbox 789 5793 1254 5865">
     <span class='ocr_line' id='line_1_104' title="bbox 789 5793 1254 5865; baseline 0.017 -18"><span class='ocrx_word' id='word_1_758' title='bbox 789 5793 830 5824; x_wconf 81' lang='grc'><strong>¹⁸</strong></span> <span class='ocrx_word' id='word_1_759' title='bbox 856 5793 1033 5852; x_wconf 86' lang='lat' dir='ltr'><strong>Ecelc.</strong></span> <span class='ocrx_word' id='word_1_760' title='bbox 1069 5813 1145 5865; x_wconf 85' lang='grc' dir='ltr'>ιιι,</span> <span class='ocrx_word' id='word_1_761' title='bbox 1203 5803 1254 5855; x_wconf 88' lang='lat'><strong>7.</strong></span> 
     </span>
    </p>
   </div>
   <div class='ocr_carea' id='block_1_105' title="bbox 1367 5801 1864 5872">
    <p class='ocr_par' dir='ltr' id='par_1_105' title="bbox 1367 5801 1864 5872">
     <span class='ocr_line' id='line_1_105' title="bbox 1367 5801 1864 5872; baseline 0.004 -16"><span class='ocrx_word' id='word_1_762' title='bbox 1367 5803 1408 5833; x_wconf 83' lang='lat'>&quot;</span> <span class='ocrx_word' id='word_1_763' title='bbox 1448 5801 1636 5858; x_wconf 79' lang='lat' dir='ltr'><strong>Matth.</strong></span> <span class='ocrx_word' id='word_1_764' title='bbox 1681 5821 1774 5872; x_wconf 84' lang='lat' dir='ltr'><strong>vn,</strong></span> <span class='ocrx_word' id='word_1_765' title='bbox 1813 5805 1864 5858; x_wconf 74' lang='grc' dir='ltr'><strong>(ἰ.</strong></span> 
     </span>
    </p>
   </div>
   <div class='ocr_carea' id='block_1_106' title="bbox 1840 4823 3424 4899">
    <p class='ocr_par' dir='ltr' id='par_1_106' title="bbox 1840 4823 3424 4899">
     <span class='ocr_line' id='line_1_106' title="bbox 1840 4823 3424 4899; baseline -0.006 -14"><span class='ocrx_word' id='word_1_766' title='bbox 1840 4840 1892 4885; x_wconf 89' lang='lat' dir='ltr'><strong>et</strong></span> <span class='ocrx_word' id='word_1_767' title='bbox 1925 4838 2193 4899; x_wconf 87' lang='lat' dir='ltr'><strong>quotquot</strong></span> <span class='ocrx_word' id='word_1_768' title='bbox 2221 4828 2324 4882; x_wconf 87' lang='lat' dir='ltr'><strong>alia</strong></span> <span class='ocrx_word' id='word_1_769' title='bbox 2354 4827 2408 4880; x_wconf 92' lang='lat' dir='ltr'><strong>in</strong></span> <span class='ocrx_word' id='word_1_770' title='bbox 2432 4826 2548 4881; x_wconf 89' lang='lat' dir='ltr'><strong>dies</strong></span> <span class='ocrx_word' id='word_1_771' title='bbox 2576 4824 2642 4879; x_wconf 87' lang='lat' dir='ltr'><strong>ad</strong></span> <span class='ocrx_word' id='word_1_772' title='bbox 2671 4825 2952 4881; x_wconf 87' lang='lat' dir='ltr'><strong>cumulum</strong></span> <span class='ocrx_word' id='word_1_773' title='bbox 2984 4823 3310 4878; x_wconf 85' lang='lat' dir='ltr'><strong>calamitatis</strong></span> <span class='ocrx_word' id='word_1_774' title='bbox 3337 4824 3424 4876; x_wconf 85' lang='lat' dir='ltr'><strong>in-</strong></span> 
     </span>
    </p>
   </div>
   <div class='ocr_carea' id='block_1_107' title="bbox 1840 4913 3425 4985">
    <p class='ocr_par' dir='ltr' id='par_1_107' title="bbox 1840 4913 3425 4985">
     <span class='ocr_line' id='line_1_107' title="bbox 1840 4913 3425 4985; baseline -0.004 -11"><span class='ocrx_word' id='word_1_775' title='bbox 1840 4920 2028 4974; x_wconf 89' lang='lat' dir='ltr'><strong>cidunt</strong></span> <span class='ocrx_word' id='word_1_776' title='bbox 2055 4927 2111 4972; x_wconf 90' lang='lat' dir='ltr'><strong>et</strong></span> <span class='ocrx_word' id='word_1_777' title='bbox 2139 4924 2460 4972; x_wconf 90' lang='lat' dir='ltr'><strong>occurrunt.</strong></span> <span class='ocrx_word' id='word_1_778' title='bbox 2494 4913 2666 4984; x_wconf 82' lang='lat' dir='ltr'><strong>Hujus</strong></span> <span class='ocrx_word' id='word_1_779' title='bbox 2714 4914 2790 4969; x_wconf 91' lang='lat' dir='ltr'><strong>rei</strong></span> <span class='ocrx_word' id='word_1_780' title='bbox 2821 4914 2990 4985; x_wconf 87' lang='lat' dir='ltr'><strong>gratia</strong></span> <span class='ocrx_word' id='word_1_781' title='bbox 3011 4953 3027 4979; x_wconf 88' lang='lat'><strong>,</strong></span> <span class='ocrx_word' id='word_1_782' title='bbox 3065 4914 3262 4969; x_wconf 91' lang='lat' dir='ltr'><strong>fratres</strong></span> <span class='ocrx_word' id='word_1_783' title='bbox 3291 4914 3425 4968; x_wconf 85' lang='lat' dir='ltr'><strong>cha-</strong></span> 
     </span>
    </p>
   </div>
   <div class='ocr_carea' id='block_1_108' title="bbox 1842 5005 3424 5072">
    <p class='ocr_par' dir='ltr' id='par_1_108' title="bbox 1842 5005 3424 5072">
     <span class='ocr_line' id='line_1_108' title="bbox 1842 5005 3424 5072; baseline -0.003 -8"><span class='ocrx_word' id='word_1_784' title='bbox 1842 5009 2043 5072; x_wconf 83' lang='lat' dir='ltr'><strong>rissmi,</strong></span> <span class='ocrx_word' id='word_1_785' title='bbox 2078 5007 2338 5063; x_wconf 63' lang='lat' dir='ltr'><strong>absentia:</strong></span> <span class='ocrx_word' id='word_1_786' title='bbox 2363 5005 2586 5061; x_wconf 86' lang='lat' dir='ltr'><strong>humilis</strong></span> <span class='ocrx_word' id='word_1_787' title='bbox 2616 5005 2774 5061; x_wconf 86' lang='lat' dir='ltr'><strong>faciei</strong></span> <span class='ocrx_word' id='word_1_788' title='bbox 2806 5016 3009 5061; x_wconf 68' lang='lat' dir='ltr'><strong>nostra:</strong></span> <span class='ocrx_word' id='word_1_789' title='bbox 3036 5007 3289 5060; x_wconf 89' lang='lat' dir='ltr'><strong>solatium</strong></span> <span class='ocrx_word' id='word_1_790' title='bbox 3321 5007 3424 5060; x_wconf 88' lang='lat' dir='ltr'><strong>ali-</strong></span> 
     </span>
    </p>
   </div>
   <div class='ocr_carea' id='block_1_109' title="bbox 1840 5095 3420 5170">
    <p class='ocr_par' dir='ltr' id='par_1_109' title="bbox 1840 5095 3420 5170">
     <span class='ocr_line' id='line_1_109' title="bbox 1840 5095 3420 5170; baseline -0.003 -17"><span class='ocrx_word' id='word_1_791' title='bbox 1840 5099 1984 5170; x_wconf 84' lang='lat' dir='ltr'><strong>quod</strong></span> <span class='ocrx_word' id='word_1_792' title='bbox 2003 5096 2395 5168; x_wconf 78' lang='lat' dir='ltr'><strong>excogitantes,</strong></span> <span class='ocrx_word' id='word_1_793' title='bbox 2427 5096 2570 5150; x_wconf 87' lang='lat' dir='ltr'><strong>hanc</strong></span> <span class='ocrx_word' id='word_1_794' title='bbox 2589 5095 2656 5148; x_wconf 91' lang='lat' dir='ltr'><strong>ad</strong></span> <span class='ocrx_word' id='word_1_795' title='bbox 2688 5111 2784 5150; x_wconf 91' lang='lat' dir='ltr'><strong>vos</strong></span> <span class='ocrx_word' id='word_1_796' title='bbox 2807 5095 3097 5164; x_wconf 89' lang='lat' dir='ltr'><strong>epistolam</strong></span> <span class='ocrx_word' id='word_1_797' title='bbox 3134 5095 3420 5156; x_wconf 85' lang='lat' dir='ltr'><strong>mittimus.</strong></span> 
     </span>
    </p>
   </div>
   <div class='ocr_carea' id='block_1_110' title="bbox 1839 5187 3425 5257">
    <p class='ocr_par' dir='ltr' id='par_1_110' title="bbox 1839 5187 3425 5257">
     <span class='ocr_line' id='line_1_110' title="bbox 1839 5187 3425 5257; baseline -0.007 -12"><span class='ocrx_word' id='word_1_798' title='bbox 1839 5200 2040 5245; x_wconf 90' lang='lat' dir='ltr'><strong>uotum</strong></span> <span class='ocrx_word' id='word_1_799' title='bbox 2082 5190 2351 5243; x_wconf 86' lang='lat' dir='ltr'><strong>facientes</strong></span> <span class='ocrx_word' id='word_1_800' title='bbox 2384 5188 2533 5257; x_wconf 88' lang='lat' dir='ltr'><strong>quod</strong></span> <span class='ocrx_word' id='word_1_801' title='bbox 2584 5187 2702 5243; x_wconf 88' lang='lat' dir='ltr'><strong>siue</strong></span> <span class='ocrx_word' id='word_1_802' title='bbox 2754 5187 3166 5242; x_wconf 88' lang='lat' dir='ltr'><strong>intermissione</strong></span> <span class='ocrx_word' id='word_1_803' title='bbox 3221 5203 3425 5241; x_wconf 83' lang='lat' dir='ltr'><strong>memn-</strong></span> 
     </span>
    </p>
   </div>
   <div class='ocr_carea' id='block_1_111' title="bbox 1845 5279 3422 5338">
    <p class='ocr_par' dir='ltr' id='par_1_111' title="bbox 1845 5279 3422 5338">
     <span class='ocr_line' id='line_1_111' title="bbox 1845 5279 3422 5338; baseline -0.004 -1"><span class='ocrx_word' id='word_1_804' title='bbox 1845 5286 1975 5338; x_wconf 89' lang='lat' dir='ltr'><strong>riam</strong></span> <span class='ocrx_word' id='word_1_805' title='bbox 1999 5282 2163 5335; x_wconf 89' lang='lat' dir='ltr'><strong>vestri</strong></span> <span class='ocrx_word' id='word_1_806' title='bbox 2207 5280 2435 5334; x_wconf 84' lang='lat' dir='ltr'><strong>facimus</strong></span> <span class='ocrx_word' id='word_1_807' title='bbox 2495 5279 2549 5332; x_wconf 92' lang='lat' dir='ltr'><strong>in</strong></span> <span class='ocrx_word' id='word_1_808' title='bbox 2601 5279 2896 5333; x_wconf 89' lang='lat' dir='ltr'><strong>humilibus</strong></span> <span class='ocrx_word' id='word_1_809' title='bbox 2947 5279 3292 5334; x_wconf 89' lang='lat' dir='ltr'><strong>orationibus</strong></span> <span class='ocrx_word' id='word_1_810' title='bbox 3322 5295 3422 5333; x_wconf 83' lang='lat' dir='ltr'><strong>no-</strong></span> 
     </span>
    </p>
   </div>
   <div class='ocr_carea' id='block_1_112' title="bbox 1843 5370 3427 5439">
    <p class='ocr_par' dir='ltr' id='par_1_112' title="bbox 1843 5370 3427 5439">
     <span class='ocr_line' id='line_1_112' title="bbox 1843 5370 3427 5439; baseline -0.001 -13"><span class='ocrx_word' id='word_1_811' title='bbox 1843 5374 2044 5436; x_wconf 83' lang='lat' dir='ltr'><strong>stris“,</strong></span> <span class='ocrx_word' id='word_1_812' title='bbox 2108 5385 2556 5439; x_wconf 89' lang='lat' dir='ltr'><strong>unumquemque</strong></span> <span class='ocrx_word' id='word_1_813' title='bbox 2607 5372 2792 5425; x_wconf 90' lang='lat' dir='ltr'><strong>animo</strong></span> <span class='ocrx_word' id='word_1_814' title='bbox 2830 5370 3136 5425; x_wconf 87' lang='lat' dir='ltr'><strong>recolentes</strong></span> <span class='ocrx_word' id='word_1_815' title='bbox 3174 5386 3236 5425; x_wconf 90' lang='lat' dir='ltr'><strong>ac</strong></span> <span class='ocrx_word' id='word_1_816' title='bbox 3275 5387 3427 5426; x_wconf 82' lang='lat' dir='ltr'><strong>com-</strong></span> 
     </span>
    </p>
   </div>
   <div class='ocr_carea' id='block_1_113' title="bbox 1845 5460 3422 5532">
    <p class='ocr_par' dir='ltr' id='par_1_113' title="bbox 1845 5460 3422 5532">
     <span class='ocr_line' id='line_1_113' title="bbox 1845 5460 3422 5532; baseline -0.004 -14"><span class='ocrx_word' id='word_1_817' title='bbox 1845 5473 2234 5526; x_wconf 87' lang='lat' dir='ltr'><strong>memorantes,</strong></span> <span class='ocrx_word' id='word_1_818' title='bbox 2286 5477 2412 5517; x_wconf 90' lang='lat' dir='ltr'><strong>cum</strong></span> <span class='ocrx_word' id='word_1_819' title='bbox 2447 5461 2702 5532; x_wconf 81' lang='lat' dir='ltr'><strong>lacrymis</strong></span> <span class='ocrx_word' id='word_1_820' title='bbox 2742 5477 2805 5515; x_wconf 88' lang='lat' dir='ltr'><strong>ac</strong></span> <span class='ocrx_word' id='word_1_821' title='bbox 2855 5461 3147 5532; x_wconf 88' lang='lat' dir='ltr'><strong>gemitibus</strong></span> <span class='ocrx_word' id='word_1_822' title='bbox 3179 5460 3422 5514; x_wconf 82' lang='lat' dir='ltr'><strong>levantes</strong></span> 
     </span>
    </p>
   </div>
   <div class='ocr_carea' id='block_1_114' title="bbox 1845 5549 3417 5622">
    <p class='ocr_par' dir='ltr' id='par_1_114' title="bbox 1845 5549 3417 5622">
     <span class='ocr_line' id='line_1_114' title="bbox 1845 5549 3417 5622; baseline -0.005 -12"><span class='ocrx_word' id='word_1_823' title='bbox 1845 5573 2040 5611; x_wconf 86' lang='lat' dir='ltr'><strong>manus</strong></span> <span class='ocrx_word' id='word_1_824' title='bbox 2078 5557 2145 5611; x_wconf 87' lang='lat' dir='ltr'><strong>ad</strong></span> <span class='ocrx_word' id='word_1_825' title='bbox 2182 5555 2393 5609; x_wconf 87' lang='lat' dir='ltr'><strong>Deum:</strong></span> <span class='ocrx_word' id='word_1_826' title='bbox 2426 5562 2485 5608; x_wconf 93' lang='lat' dir='ltr'><strong>ut</strong></span> <span class='ocrx_word' id='word_1_827' title='bbox 2526 5555 2671 5608; x_wconf 90' lang='lat' dir='ltr'><strong>sicut</strong></span> <span class='ocrx_word' id='word_1_828' title='bbox 2708 5562 2988 5608; x_wconf 88' lang='lat' dir='ltr'><strong>certamen</strong></span> <span class='ocrx_word' id='word_1_829' title='bbox 3036 5567 3136 5622; x_wconf 88' lang='lat' dir='ltr'><strong>pro</strong></span> <span class='ocrx_word' id='word_1_830' title='bbox 3195 5549 3417 5605; x_wconf 86' lang='lat' dir='ltr'><strong>veritate</strong></span> 
     </span>
    </p>
   </div>
   <div class='ocr_carea' id='block_1_115' title="bbox 1844 5643 3418 5718">
    <p class='ocr_par' dir='ltr' id='par_1_115' title="bbox 1844 5643 3418 5718">
     <span class='ocr_line' id='line_1_115' title="bbox 1844 5643 3418 5718; baseline -0.006 -14"><span class='ocrx_word' id='word_1_831' title='bbox 1844 5649 2209 5718; x_wconf 75' lang='lat' dir='ltr'><strong>suscepimus,</strong></span> <span class='ocrx_word' id='word_1_832' title='bbox 2247 5646 2383 5702; x_wconf 90' lang='lat' dir='ltr'><strong>etin</strong></span> <span class='ocrx_word' id='word_1_833' title='bbox 2415 5661 2522 5700; x_wconf 88' lang='lat' dir='ltr'><strong>uno</strong></span> <span class='ocrx_word' id='word_1_834' title='bbox 2561 5645 2756 5715; x_wconf 91' lang='lat' dir='ltr'><strong>spiritu</strong></span> <span class='ocrx_word' id='word_1_835' title='bbox 2796 5655 2850 5699; x_wconf 90' lang='lat' dir='ltr'><strong>et</strong></span> <span class='ocrx_word' id='word_1_836' title='bbox 2901 5643 3080 5700; x_wconf 83' lang='lat' dir='ltr'><strong>anima</strong></span> <span class='ocrx_word' id='word_1_837' title='bbox 3113 5658 3251 5706; x_wconf 89' lang='lat' dir='ltr'><strong>una,</strong></span> <span class='ocrx_word' id='word_1_838' title='bbox 3297 5650 3418 5695; x_wconf 82' lang='lat' dir='ltr'><strong>tan-</strong></span> 
     </span>
    </p>
   </div>
   <div class='ocr_carea' id='block_1_116' title="bbox 1943 5794 3421 5862">
    <p class='ocr_par' dir='ltr' id='par_1_116' title="bbox 1943 5794 3421 5862">
     <span class='ocr_line' id='line_1_116' title="bbox 1943 5794 3421 5862; baseline -0.009 -4"><span class='ocrx_word' id='word_1_839' title='bbox 1943 5806 1984 5834; x_wconf 82' lang='grc'>²⁰</span> <span class='ocrx_word' id='word_1_840' title='bbox 2034 5800 2396 5857; x_wconf 78' lang='lat' dir='ltr'><strong>Catechctica.</strong></span> <span class='ocrx_word' id='word_1_841' title='bbox 2511 5801 2549 5830; x_wconf 80' lang='grc'><strong>²¹</strong></span> <span class='ocrx_word' id='word_1_842' title='bbox 2602 5799 2768 5853; x_wconf 68' lang='lat' dir='ltr'><strong>Galat,</strong></span> <span class='ocrx_word' id='word_1_843' title='bbox 2801 5817 2835 5861; x_wconf 80' lang='grc' dir='ltr'><strong>ι,</strong></span> <span class='ocrx_word' id='word_1_844' title='bbox 2869 5801 2920 5853; x_wconf 80' lang='grc'>5.</span> <span class='ocrx_word' id='word_1_845' title='bbox 2997 5797 3041 5828; x_wconf 81' lang='grc'>¹¹</span> <span class='ocrx_word' id='word_1_846' title='bbox 3097 5795 3250 5851; x_wconf 82' lang='lat' dir='ltr'><strong>Rom.</strong></span> <span class='ocrx_word' id='word_1_847' title='bbox 3283 5809 3324 5862; x_wconf 84' lang='lat' dir='ltr'><strong>I,</strong></span> <span class='ocrx_word' id='word_1_848' title='bbox 3362 5794 3421 5853; x_wconf 86' lang='lat'><strong>9.</strong></span> 
     </span>
    </p>
   </div>
   <div class='ocr_carea' id='block_1_117' title="bbox 2947 5963 3023 6020">
    <p class='ocr_par' dir='ltr' id='par_1_117' title="bbox 2947 5963 3023 6020">
     <span class='ocr_line' id='line_1_117' title="bbox 2947 5963 3023 6020; baseline 0 0"><span class='ocrx_word' id='word_1_849' title='bbox 2947 5963 3023 6020; x_wconf 85' lang='lat'><strong>36</strong></span> 
     </span>
    </p>
   </div>
  </div>
