3914 6440
516 365 651 433 1131

1703 370 1766 434 8.
1795 369 2188 432 THEODORI
2219 369 2568 431 ΞΤΠΒΙΤίΕ

3629 368 3769 432 1132

503 493 668 549 quam
696 491 762 531 ex
792 475 920 531 nido
959 490 988 531 a
1017 475 1188 533 sacris
1234 477 1436 533 nostris
1479 481 1760 537 asceteriis
1810 483 2081 552 processi-

2186 483 2528 554 εληλύθαμεν
2556 482 2615 533 ἐν
2648 479 2729 533 ἑνὶ
2752 479 3026 551 πνεύματι
3056 478 3151 535 καὶ
3173 481 3271 551 μιᾷ
3289 480 3459 551 ψυχῇ,
3485 482 3560 546 ὡς
3581 483 3647 535 ὲκ
3670 501 3771 537 xa-

507 588 631 628 mus
658 590 672 638 ;
705 572 778 626 ita
813 586 985 641 usque
1014 570 1079 625 ad
1115 570 1301 635 linem,
1326 571 1540 626 Domini
1573 572 1797 638 virtute,
1832 588 2088 643 perseve-

506 680 715 729 remus,
754 664 1006 719 eamdem
1030 663 1455 726 lidem,eamdem
1483 666 1791 719 charitatem
1820 666 2084 731 habentes,

508 757 784 810 unanimes
809 795 823 820 ,
856 755 1091 824 idipsum
1148 755 1426 808 sentientes
1455 755 1500 787 "
1534 763 1591 809 et
1619 756 1862 810 veritatis
1891 755 2088 827 dogma

506 849 832 913 retinentes,
856 846 998 917 quod
1022 846 1400 901 annuntiatum
1418 856 1592 912 esl,et
1622 848 1941 917 inscriptum
1965 863 2091 902 ocu-

509 940 573 995 lis
602 950 659 994 et
686 938 911 995 auribus
950 938 1005 992 in
1030 939 1180 993 omni
1210 949 1460 994 creatura
1500 956 1621 1009 quae
1652 941 1755 995 sub
1786 941 1925 995 ccelo
1954 950 2038 995 est
2070 958 2083 993 :

511 1032 741 1086 adorare
770 1030 997 1101 quidem
1026 1029 1242 1084 Patrem
1287 1040 1341 1085 et
1370 1029 1565 1085 Filium
1595 1040 1651 1086 et
1672 1030 1933 1101 Spiritum
1962 1047 2088 1087 san-

505 1134 675 1186 ctum,
693 1122 1059 1177 venerandam
1082 1131 1137 1176 et
1163 1122 1374 1177 beatam
1393 1121 1739 1189 Trinitatem,
1765 1123 1907 1177 sicut
1940 1125 2090 1178 theo-

506 1217 662 1287 logia:
684 1216 822 1270 ratio
848 1216 1009 1270 docet
1038 1214 1324 1269 :conlileri
1347 1223 1528 1268 autem
1551 1230 1719 1268 unum
1742 1228 1772 1269 e
1797 1214 2085 1281 Trinitate,

506 1311 702 1365 Filium
721 1325 784 1364 ac
817 1308 1055 1363 Verbum
1088 1307 1206 1371 Dei,
1228 1318 1284 1362 et
1313 1306 1603 1362 Dominum
1628 1316 1872 1363 nostrum
1899 1308 2085 1363 Jesum

505 1400 806 1467 Christum,
840 1402 1083 1470 seipsum
1120 1399 1431 1456 exinanisse
1457 1399 1524 1465 “,
1561 1400 1814 1469 servique
1845 1398 2079 1454 formam

507 1492 806 1561 accepisse,
846 1500 903 1545 et
934 1491 989 1545 in
1043 1490 1458 1545 similitudinem
1512 1490 1796 1545 hominum
1848 1489 2081 1557 factum,

506 1581 561 1635 in
593 1581 766 1635 forma
787 1591 972 1635 nostra
995 1581 1199 1652 efﬁngi,
1221 1580 1607 1650 elformarique
1623 1581 1871 1650 corporis
1894 1580 2084 1650 figura,

505 1678 772 1738 quatenus
807 1669 948 1724 idem
982 1669 1258 1740 perfectus
1305 1670 1449 1725 Deus
1500 1669 1771 1739 simulque
1815 1680 1872 1727 et
1922 1672 2088 1726 homo

505 1771 588 1815 est
618 1777 633 1813 :
666 1760 743 1815 sic
796 1761 939 1815 inter
990 1760 1564 1830 circumscriptionem
1620 1763 1918 1816 secundum
1961 1776 2085 1828 nos,

504 1865 737 1918 quorum
764 1848 993 1904 formam
1026 1851 1348 1920 assumpsit,
1379 1850 1714 1915 consistens,
1733 1850 2091 1921 quemadmo—
2118 1832 2164 1891 Β

505 1942 636 1995 dum
664 1941 733 1996 ab
760 1956 823 1995 ea
854 1956 950 2010 per
977 1941 1173 1995 divina:
1207 1950 1415 1995 natura:
1455 1942 2087 2013 incomprehensibilita—

507 2039 617 2085 tem
658 2041 898 2087 remotus
923 2042 1027 2087 est.
1055 2032 1176 2086 Non
1202 2034 1342 2085 enim
1400 2033 1614 2103 utique,
1650 2034 1728 2088 ait
1777 2033 2087 2105 Scriptura,

506 2122 717 2193 angelos
745 2124 1083 2191 apprehendit
1116 2124 1468 2195 (quanquam
1497 2133 1553 2178 et
1602 2125 1707 2178 illis
1746 2124 1922 2197 efﬁngi
1960 2141 2092 2179 con-

505 2212 675 2275 venit,
704 2224 763 2267 ut
799 2212 1053 2267 viderunt
1100 2213 1299 2282 quibus
1335 2214 1519 2268 videre
1548 2228 1579 2267 a
1612 2214 1823 2284 Spiritu
1864 2230 2092 2271 conces-

506 2317 626 2356 sum
667 2303 796 2372 est),
852 2302 941 2355 sed
984 2318 1157 2356 semen
1182 2303 1404 2356 Abrahae
1444 2304 1786 2373 apprehendit
1818 2306 1885 2360 ’⁸.
1933 2305 2090 2359 Unde

504 2396 748 2465 oportuit
770 2410 894 2449 eum
927 2411 1025 2464 per
1055 2396 1237 2449 omnia
1268 2395 1530 2451 fratribus
1552 2396 1858 2451 assimilari.
1892 2396 2086 2452 Dicant

505 2501 635 2558 ergo
663 2487 1091 2552 Christomachi,
1123 2488 1399 2559 quomodo
1426 2497 1606 2557 potest
1635 2504 1824 2543 semen
1854 2488 2087 2544 Abrahae

521 2595 632 2634 non
664 2579 844 2651 eﬂingi
872 2580 1005 2634 ?aut
1038 2595 1227 2634 rursus
1262 2580 1535 2649 quomodo
1568 2596 1666 2649 per
1685 2581 1867 2634 omnia
1893 2581 2087 2636 similis

506 2672 665 2726 nobis
712 2672 839 2736 erit,
894 2687 1125 2740 quorum
1155 2670 1322 2725 frater
1374 2678 1618 2734 vocatur,
1654 2670 1699 2723 si
1742 2670 2088 2725 circumscri-

507 2763 716 2833 ptionis
765 2763 1177 2833 proprietatem,
1213 2770 1377 2833 prout
1404 2762 1458 2815 in
1505 2763 1665 2817 nobis
1699 2772 1800 2829 est,
1831 2762 1921 2832 qui
1967 2763 2085 2833 eius

503 2853 702 2908 fratres
732 2868 945 2916 sumus,
983 2868 1093 2907 non
1127 2853 1430 2922 sumpsisse
1478 2851 1930 2907 demonstretur?
1962 2851 2084 2906 Non

507 2945 674 3016 igitur
699 2944 886 3009 frater,
912 2960 1015 3000 nec
1064 2945 1255 2999 similis
1281 2943 1436 2999 nobis
1465 2953 1587 3010 est;
1620 2959 1683 2999 ac
1714 2944 1944 3014 proinde
1974 2959 2078 2999 nec

512 3038 700 3092 homo.
732 3037 809 3092 Ita
845 3037 1187 3093 concluditur
1216 3052 1280 3091 ex
1316 3052 1381 3090 eo
1411 3036 1555 3105 quod
1585 3044 1782 3107 negant
1805 3036 2083 3090 Christum

2190 572 2310 635 λιᾶς
2345 573 2457 625 ἀπὸ
2490 571 2597 624 τῶν
2634 570 2797 642 ίερῶν
2835 571 2994 641 ήμῶν
3028 572 3380 641 ἀσκητηρίων
3406 588 3419 600 ·
3450 571 3596 624 οὓτω
3656 573 3770 626 δια-

2190 666 2467 736 μείνωμεν
2502 666 2666 736 μέχρι
2700 664 2910 727 τέλους,
2934 663 3161 734 δυνάμει
3193 663 3422 733 Κυρίου,
3448 664 3547 735 τὴν
3600 665 3771 735 αὐτὴν

2188 758 2371 812 πίστιν
2403 760 2642 827 ἔχοντες,
2684 757 2800 826 τὴν
2848 755 3046 822 αὐτὴν
3110 754 3370 825 ἀγάπην,
3427 755 3767 825 σύμψυχοι,

2185 848 2246 901 τὸ
2276 849 2334 900 ἒν
2369 848 2716 919 φρονοῦντες,
2768 848 2864 901 καὶ
2895 846 3226 917 κρατοῦντες
3254 846 3433 915 δόγμα
3473 847 3574 915 τῆς
3636 849 3769 918 ἀλη-

2188 939 2358 1007 θείας,
2391 940 2453 993 τὸ
2482 939 2776 1010 κηρυχθὲν,
2803 939 2893 992 καὶ
2914 938 3190 1008 ἐγγραφὲν
3223 938 3319 992 καὶ
3345 937 3464 1005 dxi/at
3489 940 3583 991 καὶ
3610 939 3766 1009 ἀκοῇ,

2188 1029 2247 1080 ὲν
2274 1029 2425 1101 πάσῃ
2445 1031 2508 1099 τῇ
2540 1030 2716 1081 κτίσει
2748 1028 2852 1080 ὑπὸ
2877 1028 2968 1080 τὸν
2991 1027 3222 1097 οὐρανόν
3255 1042 3266 1055 ·
3311 1030 3651 1097 προσκυνεῖν
3676 1029 3771 1097 μὲν

2186 1116 2279 1175 οῦν
2329 1120 2546 1191 Πατέρα
2578 1120 2671 1173 καὶ
2701 1120 2826 1173 Υίῦν
2857 1119 2952 1171 καὶ
2978 1118 3204 1187 Πνεῦμα
3236 1119 3295 1171 τὸ
3324 1119 3501 1185 ἅγιον,
3548 1118 3651 1188 τὴν
3679 1134 3771 1171 πο-

2186 1212 2494 1283 λυύμνητον
2526 1213 2620 1266 καὶ
2639 1211 2916 1282 μακαρίαν
2947 1211 3153 1282 Τριάδα
3206 1211 3348 1264 κατά
3405 1210 3497 1263 τὸν
3531 1210 3636 1280 τῆς
3660 1209 3772 1263 θεο-

2186 1304 2371 1374 λογίας
2405 1305 2560 1371 λόγον
2583 1320 2601 1338 ο
2636 1304 2915 1374 ὁμολογεῖν
2956 1305 3013 1357 δὲ
3065 1304 3155 1356 τὸν
3224 1303 3324 1357 ἕνα
3360 1302 3460 1372 τῆς
3515 1303 3767 1373 Τριάδος,

2185 1396 2277 1450 τὸν
2307 1395 2433 1449 Υίὺν
2463 1396 2559 1449 καὶ
2589 1395 2761 1463 Λόγον
2802 1395 2896 1448 τοῦ
2928 1394 3088 1461 Θεοῦ,
3118 1394 3325 1466 Κύριον
3354 1394 3412 1446 δὲ
3440 1395 3605 1464 ήμῶν
3666 1395 3769 1463 Ἰη-

2188 1486 2315 1541 σοῦν
2342 1487 2598 1555 Χριστὸν,
2632 1486 2820 1539 ἑαυτὸν
2844 1486 3233 1550 κεκενωκέναι,
3260 1486 3447 1540 δούλου
3512 1502 3575 1538 τε
3634 1502 3769 1554 μορ⁹

2187 1578 2295 1649 φὴν
2325 1576 2683 1643 ἀναλαϐόντα,
2719 1578 2775 1629 ὲν
2796 1575 3104 1646 ὁμοιώματι
3133 1593 3192 1629 τε
3244 1576 3555 1647 ἀνθρώπων
3611 1593 3773 1644 γεγο-

2186 1669 2337 1734 νότα,
2372 1669 2430 1721 ὲν
2463 1668 2592 1721 εἴδει
2620 1667 2697 1739 τῷ
2732 1668 2855 1721 καθ’
2886 1669 3033 1737 ἡμᾶς
3063 1666 3446 1734 είκονίζεσθαι,
3485 1684 3770 1738 χαρακτη-

2191 1758 2435 1830 ρίζεσθαι
2465 1758 2776 1829 χαρακτῆρι
2796 1757 3068 1826 σώματος,
3098 1758 3287 1811 καθότι
3317 1759 3343 1810 ὁ
3369 1758 3533 1820 αὐτὸς
3568 1758 3771 1821 τέλειος

2192 1851 2345 1915 Θεὸς,
2379 1848 2513 1921 όμοῦ
2540 1867 2601 1903 τε
2630 1850 2722 1903 καὶ
2764 1849 3049 1920 ἄνθρωπος
3110 1833 3479 1919 ἐχρημάτισεν
3516 1847 3771 1901 τοσοῦτον

2191 1943 2540 2014 περιγραφῆς
2586 1943 2715 1995 εἴσω
2745 1943 3038 2011 γενόμενος
3084 1942 3208 1995 καθ’
3241 1942 3408 2011 ἡμᾶς,
3435 1934 3511 1995 ὧν
3546 1942 3646 1993 καὶ
3674 1940 3770 2010 τὴν

2190 2035 2353 2105 φύσιν
2383 2035 2606 2105 εἴληφεν
2628 2052 2643 2067 ·
2674 2036 2797 2088 ὅσον
2831 2035 3033 2106 ταύτης
3085 2033 3164 2102 τῷ
3208 2034 3617 2105 ἀπεριγράπτῳ
3674 2033 3771 2103 τῆς

2191 2128 2343 2192 Θείας
2376 2126 2590 2197 φύσεως
2623 2125 2944 2197 ἀνῴκισται.
2980 2128 3060 2179 Οὐ
3086 2124 3217 2194 γὰρ,
3269 2125 3443 2195 δήπου
3507 2126 3655 2179 κατά
3704 2126 3773 2179 τὰ

2189 2219 2368 2288 λόγια,
2396 2217 2669 2288 ἀγγέλων
2717 2217 3214 2286 ἐπιλαμϐάνεται·
3273 2218 3434 2286 εἴπερ
3494 2218 3773 2280 κάκείνοις

2186 2310 2250 2363 τὸ
2278 2310 2641 2375 είκονίζεσθαι
2664 2325 2678 2339 ·
2712 2310 2785 2372 ὡς
2803 2303 2983 2362 ὦπται
3008 2312 3120 2372 τοῖς
3153 2309 3439 2378 βλέπουσιν
3466 2310 3575 2363 ὑπὸ
3604 2309 3772 2362 Πνεύ-

2191 2420 2361 2474 ματος
2386 2420 2399 2435 ο
2433 2401 2597 2456 ἀλλὰ
2623 2400 2968 2469 σπέρματος
3009 2400 3253 2469 Ἀϐραὰμ
3274 2400 3767 2471 ἐπιλαμϐάνεται.

2190 2495 2352 2549 Ὅθεν
2376 2494 2571 2564 ὤφειλε
2601 2494 2745 2547 κατά
2771 2494 2950 2547 πάντα
2978 2495 3089 2555 τοῖς
3120 2493 3374 2562 ἀδελφοῖς
3405 2494 3767 2565 ὁμοιωθῆναι.

2188 2585 2514 2641 Είπάτωσαν
2563 2583 2656 2652 οὖν
2706 2586 2755 2637 οἱ
2807 2583 3199 2655 Χριστομάχοι,
3259 2583 3377 2648 πῶς
3437 2578 3552 2637 οἷόν
3604 2602 3665 2637 τε
3712 2585 3771 2638 τὸ

2198 2674 2558 2744 ’Δὸραμιαῖον
2582 2674 2806 2743 σπέρμα
2843 2673 2918 2743 μὴ
2942 2670 3303 2735 είκονίζεσθαι
3330 2687 3346 2735 ;
3383 2670 3499 2733 πῶς
3535 2670 3580 2723 δ’
3613 2669 3764 2741 αὑτῷ

2184 2762 2300 2829 ἕξει
2332 2764 2392 2817 τὺ
2416 2762 2558 2816 κατά
2582 2746 2766 2816 ῗιάντα
2794 2763 2980 2831 ὅμοιον
3014 2757 3167 2832 ἡμῖν,
3197 2755 3274 2813 ὧν
3298 2761 3530 2830 ἀδελφὸς
3566 2762 3765 2832 κέκλη-

2184 2873 2311 2910 ταιο
2352 2855 2513 2926 εῐπερ
2543 2854 2603 2907 ού
2634 2854 2695 2907 τὸ
2717 2856 3062 2927 περιγραφῆς
3092 2852 3287 2924 ίδίωμα
3321 2852 3445 2907 καθ’
3465 2855 3614 2926 ἡμᾶς
3642 2856 3768 2918 τοὺς

2186 2949 2455 3019 ἀδελφοὺς
2486 2946 2652 3002 αὐτοῦ
2683 2945 2922 3018 εἰληφὼς
2951 2946 3226 3000 δείκνυται
3250 2963 3265 3012 ;
3291 2946 3505 3000 Οὐκοῦν
3529 2947 3761 3017 ἀδελφὸς

2185 3043 2297 3097 οὐδ’
2324 3042 2386 3095 ού
2412 3042 2519 3113 μὴν
2549 3041 2733 3111 ὅμοιος
2762 3040 2895 3110 ἡμῖν
2914 3053 2931 3069 ⁸
2975 3038 3064 3092 διὰ
3086 3037 3243 3091 τοῦτο
3272 3038 3393 3092 οὐδὲ
3446 3039 3758 3109 ἄνθρωπος.

502 3142 604 3199 per
635 3128 926 3199 imaginem
956 3128 1187 3197 exprimi
1222 3142 1373 3180 more
1409 3136 1618 3181 nostro.
1660 3126 1739 3179 lta
1770 3125 1847 3178 illi
1879 3126 2081 3179 saluta-

2187 3133 2345 3186 Οὕτω
2389 3132 2659 3200 συνῆκται
2686 3132 2751 3184 ὲκ
2783 3129 2877 3182 τοῦ
2908 3130 2984 3200 μὴ
3036 3128 3219 3196 λέγειν
3274 3129 3473 3193 αὐτοὺς
3524 3131 3764 3200 Χριστὸν

506 3236 621 3275 rem
660 3219 1020 3277 (economiam
1046 3219 1335 3274 destruunt
1368 3235 1382 3272 :
1418 3218 1642 3289 perinde
1673 3232 1736 3271 ac
1769 3215 2080 3281 Manichaei,

503 3315 875 3370 Valentiniani
904 3355 920 3379 ,
948 3324 1004 3369 et
1057 3312 1440 3369 Marcionistaz.
1472 3312 1713 3379 Quorum
1744 3313 2086 3368 communio-

504 3423 629 3463 nem
659 3407 1461 3480 lugiamus,fratrcs,tanquam
1496 3406 1768 3477 serpentis
1809 3421 2084 3460 venenum

503 3516 613 3557 non
644 3516 842 3571 corpus
873 3500 1172 3562 infuscans,
1207 3508 1264 3556 ut
1299 3499 1535 3569 quodam
1574 3498 1695 3554 loco
1732 3498 1809 3554 ait
1841 3498 2085 3553 Theolo-

504 3609 625 3666 gus,
658 3593 754 3648 sed
777 3592 973 3647 anima:
994 3591 1207 3645 intima.

572 3768 684 3823 Nos
705 3768 1017 3838 apostolicae
1043 3777 1097 3823 et
1118 3765 1410 3821 universali
1436 3766 1693 3821 Ecclesia:
1732 3765 2085 3821 consentien-

504 3864 633 3933 tes(
669 3862 787 3916 haec
820 3861 966 3915 enim
1018 3859 1314 3931 Byzantina
1371 3868 1711 3931 segmentum
1746 3867 1829 3914 est
1861 3860 2080 3914 haereti-

503 3970 648 4018 cum,
670 3953 756 4008 cui
780 3954 1021 4007 solemne
1041 3962 1125 4007 est
1147 3962 1200 4006 et
1223 3953 1290 4007 ab
1316 3952 1435 4007 aliis
1454 3952 1768 4023 frequenter
1792 3952 2036 4007 abscindi
2061 3953 2078 4022 )

505 4043 791 4098 Dominum
821 4053 1067 4098 nostrum
1088 4042 1275 4097 Jesum
1302 4043 1581 4098 Christum
1606 4044 1874 4113 corporali
1906 4044 2077 4114 figura

502 4136 845 4207 depingimus
875 4153 889 4190 :
927 4135 1066 4191 serie
1096 4151 1308 4190 sursum
1339 4136 1405 4190 ab
1433 4136 1551 4205 ipso
1582 4136 1702 4205 ejus
1735 4135 1968 4191 adventu
2013 4153 2081 4191 ex

502 4230 800 4300 apostolico
838 4229 979 4285 facto
1006 4230 1254 4295 deducta,
1276 4229 1564 4300 imaginem
1595 4244 1659 4285 ex
1680 4229 1911 4300 imagine
1938 4229 2083 4285 deri-

502 4331 715 4388 vantes,
754 4323 1209 4393 quemadmodum
1242 4332 1297 4377 et
1330 4322 1555 4378 vivificae
1594 4322 1771 4377 crucis
1799 4340 1811 4377 :
1851 4337 1959 4375 non
1985 4338 2080 4376 au-

506 4422 612 4468 tem
652 4422 713 4468 ut
749 4413 891 4468 hanc
921 4414 1143 4485 quidem
1177 4413 1546 4484 exprimamus
1585 4428 1707 4481 qua:
1749 4412 1953 4467 Christi
1985 4428 2077 4466 ar-

2189 3225 2314 3279 καθ’
2352 3225 2501 3295 ἡμᾶς
2526 3222 2890 3288 είκονίζεσθαι
2915 3239 2929 3252 ’
2961 3222 3057 3275 καὶ
3083 3220 3258 3285 οὕτως
3287 3224 3764 3286 ἁποσκευάζονται

2187 3317 2287 3388 τὴν
2314 3316 2581 3385 σωτήριον
2607 3314 2921 3384 οἰκονομίαν
2951 3330 2964 3343 ·
3003 3312 3201 3383 ἐπίσης
3256 3313 3366 3366 τῶν
3418 3315 3762 3383 Μανιχαίων,

2186 3406 2553 3463 υύαλεντίνων
2580 3423 2639 3459 τε
2700 3406 2797 3459 καὶ
2848 3403 3304 3476 Μαρκιωνιστῶν·
3362 3397 3438 3458 ὦν
3495 3406 3764 3476 φύγοιμεν

2183 3499 2283 3570 τὴν
2318 3497 2622 3561 κοινωνίαν,
2654 3494 2897 3566 ἀδελφοὶ,
2944 3493 3018 3557 ὡς
3047 3494 3123 3547 ίδν
3162 3493 3362 3561 ὄφεως,
3389 3494 3755 3565 μελαίνευσαν

2184 3591 2247 3644 οὐ
2284 3589 2465 3659 σῶμα,
2492 3587 2569 3653 ὥς
2597 3587 2700 3642 πού
2760 3603 2926 3658 φησιν
2954 3588 2983 3641 ό
3015 3585 3308 3656 Θεολόγος·
3339 3584 3477 3639 ἀλλά
3522 3586 3589 3640 τὰ
3620 3586 3761 3657 βάθη

2182 3683 2284 3754 τῆς
2306 3682 2504 3752 ψυχῆςο

2254 3775 2332 3845 Τῇ
2356 3773 2691 3844 ἁποστολικῇ
2721 3772 2777 3826 δὲ
2813 3770 2906 3824 καὶ
2935 3770 3029 3825 ὑπ’
3082 3770 3312 3843 οὐρανὸν
3349 3770 3651 3844 Ἐκκλησία
3694 3772 3763 3825 τὰ

2184 3868 2276 3921 ἴσα
2307 3864 2629 3937 φρονοῦντες
2653 3882 2667 3896 ·
2696 3864 2835 3935 αὕτη
2863 3864 2972 3935 γὰρ
3003 3865 3037 3935 ἡ
3066 3863 3395 3927 Βυζαντιαία
3438 3864 3635 3935 τμῆμα
3676 3866 3761 3918 al—

2184 3957 2418 4031 ρετικὸν,
2450 3956 2525 4020 ὠς
2552 3956 2781 4010 εἰθισται
2810 3956 2949 4027 αὐτῇ
2976 3953 3256 4025 πολλαχῶς
3285 3954 3394 4009 τῶν
3422 3956 3602 4010 ἄλλων
3627 3957 3762 4010 ἀπο-

2184 4047 2462 4120 σχίζεσθαι
2494 4065 2507 4078 ’
2562 4047 2900 4117 εἰκονίζομεν
2928 4047 3019 4100 τὸν
3071 4047 3274 4117 Κύριον
3329 4047 3487 4118 ἡμῶν
3549 4048 3761 4118 Ἰησοῦν

2181 4140 2415 4212 Χριστὸν
2445 4139 2741 4210 σωματικῷ
2779 4139 3112 4211 χαρακτῆρι,
3147 4139 3326 4211 είρμῷ
3371 4139 3449 4210 τῷ
3494 4142 3762 4196 ἀνέκαθεν

2181 4232 2277 4286 ἀπ’
2305 4231 2475 4301 αὐτῆς
2518 4232 2617 4302 τῆς
2675 4232 3000 4297 ἐπιφανείας
3060 4230 3225 4284 αὑτοῦ
3280 4231 3338 4298 ἐξ
3392 4232 3763 4304 ἀποστολικῆς

2182 4323 2431 4395 πράξεως
2468 4322 2827 4394 παρηγμένῳ,
2861 4323 2918 4389 ἐξ
2964 4321 3171 4385 είκόνος
3234 4322 3417 4375 εἰκόνα
3476 4325 3760 4394 μεταγρά-

2183 4432 2398 4485 φοντες,
2426 4415 2678 4484 καθάπερ
2708 4415 2804 4466 καὶ
2862 4412 2957 4467 τοῦ
3002 4412 3274 4477 ζωοποιοῦ
3322 4415 3559 4486 σταυροῦ
3595 4433 3608 4447 ·
3664 4418 3759 4471 καὶ

504 4516 716 4561 matura
743 4515 829 4561 est
865 4506 1129 4561 adversus
1175 4505 1486 4570 diabolum,
1528 4504 1704 4574 ipsum
1742 4514 1923 4558 autem
1964 4520 2076 4559 non

2186 4508 2260 4580 μὴ
2308 4506 2401 4559 τὸν
2455 4506 2555 4575 μὲν
2625 4504 2960 4569 τυποῦντες,
3017 4505 3075 4569 ὃς
3126 4506 3275 4559 ἐστιν
3302 4506 3465 4559 ὅπλον
3513 4508 3757 4579 Χριστοῦ

504 4600 871 4671 exprimamus
889 4599 980 4670 qui
1010 4600 1242 4669 armiger
1277 4605 1361 4652 est
1390 4606 1445 4651 et
1474 4596 1795 4651 interfector
1833 4597 2067 4652 Satanae.

502 4690 607 4758 Qui
632 4691 779 4745 enim
826 4689 1042 4760 depingi
1078 4700 1241 4759 queat
1291 4697 1565 4741 armatura
1604 4687 1795 4742 victrix
1831 4704 1894 4742 ac
1925 4703 2073 4753 vera,

503 4799 625 4854 quae
650 4792 916 4837 armatum
944 4798 1160 4853 quoque
1189 4782 1364 4852 ipsum
1420 4781 1592 4835 oculis
1622 4796 1729 4834 non
1764 4781 2021 4850 subjiciat
2053 4780 2076 4833 ?

501 4875 805 4931 Adoramus
819 4873 1013 4929 deinde
1047 4884 1286 4928 sanctam
1317 4872 1435 4942 ejus
1472 4873 1782 4943 imaginem,
1816 4882 2073 4941 tanquam

503 4982 818 5036 expressum
859 4965 912 5020 in
974 4981 1039 5020 ea
1096 4963 1374 5019 Christum
1414 4964 1722 5017 adorantes.
1773 4964 2076 5033 Expressus

503 5061 651 5113 enim
684 5067 737 5113 et
764 5057 1083 5113 ell'ormatus
1106 5072 1175 5111 ex
1204 5064 1359 5110 utero
1390 5054 1591 5125 prodiit
1621 5054 1859 5124 Deiparae
1882 5056 2074 5110 matris

502 5167 617 5207 sua:
646 5168 658 5203 :
688 5151 772 5204 sin
799 5149 1002 5214 minus,
1033 5150 1339 5204 abortivum
1364 5148 1619 5217 quiddam
1651 5155 1705 5201 ct
1733 5163 1841 5200 non
1874 5148 2081 5201 forma-.

503 5251 593 5296 tus
625 5241 788 5294 homo
817 5240 938 5302 fuit,
973 5256 1006 5293 ο
1058 5240 1397 5294 theomachi!
1441 5238 1591 5304 Quod
1625 5239 1665 5291 si
1703 5239 2072 5294 conformatus

499 5330 683 5385 infans
708 5330 907 5399 prodit,
938 5339 997 5385 ut
1029 5346 1214 5385 verum
1251 5340 1357 5395 est,
1388 5330 1454 5383 de
1482 5344 1588 5397 quo
1616 5329 1751 5382 dixit
1777 5329 2068 5398 propheta:

501 5419 665 5475 Omne
686 5420 1029 5474 masculinum
1048 5420 1358 5488 adaperiens
1376 5419 1579 5472 vulvam
1603 5428 1842 5471 sanctum
1863 5418 1967 5471 Deo
1986 5436 2072 5471 vo-

501 5513 710 5565 cabitur
737 5514 816 5578 ";
847 5528 1069 5567 necesse
1099 5529 1321 5582 prorsus
1352 5522 1435 5566 est
1488 5522 1546 5565 ut
1584 5512 1811 5581 exprimi
1874 5522 2068 5565 natura

499 5616 597 5656 sua
624 5603 795 5672 possit
816 5612 869 5656 et
899 5602 1097 5673 ellingi.
1129 5602 1310 5666 Sardi,
1346 5604 1555 5667 audite;
1594 5603 1737 5663 cwci,
1760 5602 1975 5668 aspicite
2007 5603 2071 5653 ³⁷.

505 5693 623 5751 Una
654 5696 705 5749 in
736 5708 794 5751 re
816 5698 1077 5751 duntaxat
1130 5695 1424 5749 novitatem
1459 5694 1511 5746 in
1568 5692 1788 5747 Christo
1826 5691 2073 5761 agnosci-

573 5826 620 5857 “
649 5824 845 5896 Philip.
878 5828 930 5880 '7.
1006 5830 1051 5861 “
1092 5826 1259 5882 Hebr.
1313 5844 1371 5890 ll,
1410 5827 1494 5880 16.
1572 5828 1617 5858 ’⁸
1661 5828 1829 5881 Exod.
1888 5841 2007 5889 xm,
2034 5826 2067 5878 2

2190 5841 2275 5880 uc.
2302 5841 2359 5889 ιι,
2394 5826 2480 5880 15.

2184 4600 2324 4653 κατᾶ
2363 4597 2457 4651 τοῦ
2488 4597 2732 4652 διαϐόλου
2755 4614 2768 4627 ·
2791 4598 2881 4651 τὸν
2905 4597 2962 4650 δὲ
2988 4599 3089 4652 ούκ
3122 4599 3504 4663 είκονίζοντες,
3532 4600 3592 4663 ὅς
3610 4604 3757 4654 ἐστιν

2181 4691 2409 4761 ὁπλίτης
2451 4691 2546 4744 καὶ
2584 4688 2913 4760 καθαιρὲτης
2950 4690 3045 4743 τοῦ
3102 4691 3335 4744 Σατανᾶ.
3390 4690 3500 4745 Ποῦ
3528 4694 3639 4764 γὰρ
3692 4692 3756 4745 ἀν

2182 4781 2486 4852 ὲγγραφείη
2510 4780 2672 4833 ὅπλον
2698 4781 2975 4850 νικητικὸν
3002 4780 3094 4833 καὶ
3111 4780 3334 4849 ἀληθὲς,
3370 4782 3445 4851 μὴ
3486 4783 3580 4837 τὸν
3605 4784 3757 4837 ὁπλί-

2180 4890 2284 4944 την
2337 4872 2459 4943 ἐχον
2509 4874 2600 4926 ὑπ’
2631 4874 2755 4943 ὄψιν
2798 4872 3184 4942 δεικνύμενον;
3218 4869 3347 4925 Εἶτα
3375 4874 3470 4926 καὶ
3512 4893 3756 4946 προσκυη

2180 4966 2377 5035 νοῦμεν
2401 4965 2567 5019 αὑτοῦ
2592 4965 2691 5034 τὴν
2731 4965 2892 5034 ἁγίαν
2922 4965 3129 5030 είκόνα,
3156 4965 3232 5027 ὡς
3282 4965 3341 5017 ἐν
3396 4964 3535 5036 αὐτῇ
3582 4984 3752 5039 προσ-

2176 5056 2464 5119 κυνοῦντες
2488 5056 2579 5108 τὸν
2605 5056 3034 5125 ὲξεικονισμένον
3052 5054 3286 5122 Χριστόν
3305 5095 3319 5109 .
3352 5056 3753 5128 Ἐξεικθνισμέ-

2176 5169 2264 5213 νος
2294 5150 2403 5220 γὰρ
2430 5150 2699 5221 προῆλθεν
2731 5151 2794 5202 ἐκ
2825 5150 3031 5212 κοιλίας
3065 5150 3272 5220 μητρὸς
3302 5150 3469 5204 αὐτοῦ
3506 5152 3604 5220 τῆς
3623 5154 3753 5205 Θεο-

2174 5244 2330 5295 τόκου
2359 5260 2371 5272 ·
2404 5244 2451 5294 εί
2477 5242 2529 5293 δὲ
2568 5242 2641 5313 μὴ
2665 5282 2678 5305 ,
2704 5242 3094 5312 ἀμϐλωθρίδιόν
3132 5259 3184 5294 τι
3238 5244 3331 5295 καὶ
3360 5246 3419 5295 οὐ
3450 5260 3751 5315 μεμορφωο

2182 5332 2341 5401 μένος
2370 5333 2673 5403 ἄνθρωπος,
2705 5326 2748 5385 ὦ
2780 5332 3034 5401 θεομάχοι
3067 5336 3077 5385 !
3112 5335 3173 5385 Ei
3234 5334 3291 5385 δὲ
3315 5334 3751 5404 ὲξεικονισμένον

2176 5423 2237 5475 τὸ
2264 5423 2460 5491 βρέφος
2492 5424 2757 5493 πρόεισιν,
2794 5422 2981 5492 ὥσπερ
3006 5423 3199 5493 ἀληθές
3232 5440 3250 5455 ο
3299 5423 3427 5493 περὶ
3468 5418 3528 5477 οῦ
3586 5443 3750 5495 φησιν

2180 5511 2207 5561 ὁ
2239 5510 2525 5578 προφήτης
2561 5525 2573 5538 ο
2607 5508 2735 5561 Πᾶν
2764 5509 2952 5575 ἄρσεν
2982 5509 3285 5577 διανοῖγον
3311 5509 3548 5578 μήτραν
3578 5510 3751 5579 ἄγοιεν

2180 5598 2261 5662 τῷ
2292 5595 2412 5661 Θεῷ
2444 5596 2811 5663 κληθήσεται
2838 5613 2852 5627 σ
2886 5599 3035 5649 πᾶσα
3081 5598 3292 5666 ἀνάγκη
3338 5597 3433 5650 καὶ
3491 5598 3749 5663 ἐξεικονί-

2183 5690 2369 5753 ζεσθαι
2420 5690 2681 5757 πέφυκεν.
2709 5692 2771 5741 Οἱ
2803 5690 3009 5757 κωφοὶ,
3040 5691 3360 5755 ἀκούσατε,
3392 5688 3492 5742 καὶ
3554 5693 3611 5744 οἱ
3649 5707 3747 5743 τυ-

2556 5826 2599 5856 ¹⁷
2634 5824 2734 5877 lsa.
2788 5840 2916 5888 xui,
2944 5822 3029 5876 18.
