3914 6504
207 435 228 495 Ῑ
249 438 350 501 133
1399 437 1781 494 ΕΡΙΞΤΟΙΛ]

1886 437 1932 493 Μ
1970 437 2116 496 LIB.
2161 437 2241 492 Il.
3325 438 3462 502 113‘.

199 545 752 618 φ.λο),ἐμϐ.ιέψατεο
786 545 842 597 ἐν
880 546 960 597 ἐν)⁵
1011 547 1226 614 μονονὴ
1261 545 1386 596 καθ’
1423 547 1573 615 ἡμᾶς
1600 563 1779 598 καινο-

1886 561 2022 608 mus,
2056 546 2200 614 quod
2241 545 2361 598 sine
2386 544 2595 598 semine
2628 545 2680 598 in
2712 544 2946 615 Virginis
2991 556 3146 600 utero
3168 561 3464 618 conceptus

198 644 365 712 τομία
392 643 484 692 ἐπί
522 637 759 707 Χριστοῦ
791 654 803 666 '
839 638 1064 690 ὄτιᾶνευ
1099 637 1307 706 σπορᾶς
1343 637 1698 706 συνείληπται
1722 636 1780 686 ἐν

1887 634 1975 700 sit,
1993 644 2044 688 et
2068 635 2184 688 sine
2214 635 2568 703 corruptione
2590 645 2884 705 prognatus
2908 656 2919 689 :
2941 639 3142 706 quippe
3167 639 3256 705 qui
3279 656 3464 706 pecca«

202 735 394 801 μήτρᾳ
427 729 732 798 Παρθένου,
766 730 872 782 καὶ
899 730 1020 797 δίχα
1062 727 1268 797 φθορᾶς
1295 727 1620 796 γεγέννηται
1651 743 1663 756 ·
1691 744 1784 778 κα-

199 824 318 876 θότι
350 823 492 875 οὐδὲ
524 823 818 891 ἁμαρτίαν
865 822 1121 886 ἐποίησε
1155 807 1452 889 γραφικῶς
1477 836 1488 847 ’
1525 817 1665 873 οὐδὲ
1682 818 1781 869 δό-

197 917 310 976 λος
349 913 561 980 εὑρέθη
607 913 676 965 ἐν
723 908 802 974 τῷ
861 910 1112 978 στόματι
1170 907 1378 962 αὑτοῦ.
1435 907 1516 959 Τὰ
1560 907 1605 958 δ’
1648 906 1783 960 ἄλλα

197 999 379 1051 πάντα
429 997 547 1050 καθ’
576 998 726 1066 ἡμᾶς
759 1014 773 1027 ο
820 998 1023 1065 ἔφαγεν
1059 1012 1072 1025 ·
1110 995 1232 1048 ἐπιε
1258 1013 1272 1028 ο
1299 995 1644 1064 διεπνεύσθη·
1680 995 1782 1065 11G-

200 1087 368 1158 ξησεν
391 1107 404 1121 ο
437 1091 686 1144 ἐδάδισεν
711 1106 724 1119 ο
763 1088 990 1159 ἵδρωσεν
1016 1105 1032 1120 ο
1056 1089 1351 1141 ἐκοπίασεν
1380 1105 1393 1119 ·
1424 1087 1744 1160 ἐσταυρώθη
1765 1104 1778 1116 ο

196 1180 480 1233 ἀπέθανε(
511 1180 634 1244 κᾶν,
669 1178 743 1241 ὡς
767 1179 919 1241 Θεὸς,
963 1180 1263 1250 τριήμερος
1292 1179 1609 1248 ἐγήγερται,
1645 1178 1782 1248 ἔχων

200 1272 300 1326 καὶ
352 1271 492 1341 μετά
519 1271 616 1340 τὴν
643 1271 942 1324 ἀνάστασιν
975 1272 1074 1340 τὴν
1123 1271 1568 1341 ἐξεικονισμένην
1623 1271 1782 1340 ἡμῶν

205 1363 428 1434 μορφὴν
453 1361 746 1416 θεωθεῖσαν
774 1365 867 1417 καὶ
887 1363 1344 1431 ἀφθαρτισθείσαν
1365 1365 1429 1415 ἐν
1446 1363 1592 1432 αὑτῴ
1617 1378 1630 1392 ⁸
1652 1363 1752 1416 καθ
1769 1364 1782 1382 ’

201 1457 270 1526 ἢν
307 1457 405 1509 καὶ
429 1456 622 1527 ἐθεάθη
684 1459 794 1521 τοῖς
825 1456 1165 1520 ἀποστόλοις,
1212 1456 1307 1508 καὶ
1365 1455 1639 1523 συνέφαγε
1689 1456 1782 1506 καὶ

199 1551 460 1602 συνέπιεν
500 1550 897 1620 ἐγηγερμένος,
921 1549 1015 1602 καὶ
1059 1547 1385 1619 ἐψηλαφήοη
1416 1548 1520 1601 ὑπὸ
1565 1548 1734 1617 Θωμᾶ
1766 1565 1776 1576 ·

198 1641 382 1708 λέγων
407 1643 520 1702 τοῖς
550 1641 717 1693 πᾶσιν
739 1640 1151 1709 ὑποτοπήσασιν
1179 1639 1338 1692 αὐτὸν
1363 1638 1578 1708 πνεῦμα
1605 1634 1744 1692 εἶναι
1763 1656 1778 1670 ·

207 1730 627 1800 Ψηλαφήσατέ
649 1747 728 1800 με
751 1731 847 1784 καὶ
870 1731 1049 1796 ἴδετε,
1070 1731 1158 1785 ὅτι
1187 1730 1423 1800 πνεῦμα
1456 1729 1654 1796 σάρκα
1682 1730 1782 1783 καὶ

200 1821 390 1874 ὀστέα
421 1822 531 1875 οὐκ
555 1821 702 1889 ἕχει,
735 1821 929 1887 καθὼς
969 1821 1072 1890 ἐμὲ
1101 1821 1366 1889 θεωρεῖτε
1393 1821 1630 1890 ἔχοντα.
1671 1820 1779 1873 Οὖ-

201 1930 280 1966 τω
312 1915 408 1966 καὶ
457 1913 738 1984 ἀνελήφθη
768 1914 826 1966 ἐν
854 1913 982 1983 δόξῃ
1017 1929 1032 1943 ο
1077 1913 1339 1976 ὡσαύτως
1389 1919 1483 1966 καὶ
1542 1914 1662 1984 ἥξει
1723 1915 1782 1966 ἐν
1816 1905 1856 1960 Β

203 2008 391 2076 μορφῇ
423 2008 490 2076 τῇ
550 2005 688 2074 αὐτῇ
735 2004 830 2058 τοῦ
883 2005 1004 2058 καθ’
1047 2006 1196 2074 ἡμᾶς
1251 2003 1422 2066 εἴδους
1455 2019 1467 2032 ·
1496 2003 1554 2055 ὃν
1597 2003 1787 2072 ὄψεται

200 2100 357 2152 πᾶσα
401 2096 537 2167 σὰρξ
585 2097 692 2151 ἀπ’
732 2095 990 2166 οὐρανοῦ
1023 2097 1151 2164 μετ’
1178 2095 1448 2165 ἀγγέλων
1480 2093 1788 2161 δυνάμεως

196 2189 390 2244 αὐτοῦ
421 2188 651 2256 ένπυρί
678 2186 928 2256 φλογὸς,
987 2187 1240 2239 διδόντα
1299 2185 1613 2251 ἐκδίκησιν
1663 2185 1788 2250 τοῖς

195 2281 284 2351 μὴ
310 2281 503 2335 εἰδόσι
534 2281 702 2344 Θεὸν,
735 2279 831 2333 καὶ
862 2279 986 2346 τοῖς
1013 2280 1096 2348 μὴ
1136 2279 1524 2333 ὑπακούσασι
1549 2278 1625 2342 τῷ
1671 2277 1785 2332 Et?-

198 2374 462 2443 αγγελίῳ
513 2371 722 2434 αὑτοῦ,
793 2371 972 2434 καθὼς
1026 2371 1371 2441 γέγραπται’
1437 2369 1555 2440 μεθ’
1615 2363 1691 2424 ὦν
1735 2372 1784 2423 οί

202 2465 621 2536 σταυρώσαντες
650 2465 812 2519 αὑτὸν
849 2464 1092 2518 Ἰουδαῖοι
1119 2464 1396 2533 κόψονται,
1446 2465 1540 2516 καὶ
1597 2463 1649 2515 οἱ
1708 2463 1782 2531 μὴ

199 2558 524 2626 ἀνεχόμενοι
589 2555 752 2608 αὐτὸν
817 2554 1101 2618 είκονίζειν
1151 2553 1535 2623 Εἰκονομάχοι.
1596 2552 1784 2606 Ταῦτά

200 2649 376 2710 ἐστιν,
412 2647 653 2715 ἀδελφοὶ,
677 2647 744 2699 τά
765 2645 1095 2714 εὐαγγελικά
1124 2646 1479 2715 κηρύγματα·
1503 2645 1677 2697 ταῦτα
1710 2645 1781 2696 τὰ

203 2740 546 2796 ἀποστολικά
584 2739 908 2808 διδάγματα.
933 2739 996 2792 Ol
1035 2739 1092 2791 δέ
1137 2737 1400 2791 τάναντία
1430 2737 1776 2807 φρονοῦντες,

202 2835 282 2897 είς
317 2833 506 2904 ἕτερον
538 2831 943 2900 Εὑαγγέλιον,δ
991 2833 1092 2884 οὐκ
1151 2830 1298 2884 ἔστιν
1347 2830 1493 2896 ἀλλο,
1543 2830 1778 2902 πειρῶν-

201 2941 294 2978 ται
327 2923 702 2993 μεταστρέψαι
749 2921 841 2974 τὸν
892 2921 1020 2974 λαὸν
1064 2919 1159 2974 τοῦ
1207 2921 1366 2984 Θεοῦ,
1414 2922 1780 2993 προφέροντες

202 3014 337 3067 νόθα
389 3013 800 3083 συγγράμματα
824 3025 839 3042 ⁸
867 3013 932 3065 ἐκ
952 3010 1162 3074 κοιλίας
1193 3009 1521 3079 φωνοῦντες,
1557 3011 1650 3063 καὶ
1680 3011 1780 3063 οὐκ

202 3106 314 3161 ἀπὸ
341 3105 612 3175 στόματος
652 3104 882 3175 Κυρίου.
915 3102 1088 3157 Είωθε
1130 3102 1238 3172 γὰρ
1270 3103 1357 3155 ἀεὶ⁷
1411 3103 1487 3172 τῷ
1523 3101 1654 3172 σίτῳ
1708 3101 1778 3153 τὰ

202 3199 424 3264 ζιζάνια
452 3196 950 3270 παρασπείρεσθαι,
986 3196 1080 3250 καὶ
1106 3198 1170 3267 τῇ
1202 3195 1429 3268 ἀληθεία
1488 3194 1549 3247 τὸ
1582 3193 1776 3262 ψεῦδος

203 3288 628 3359 παρατίθεσθαι.
673 3288 823 3341 Ἐπεὶ
854 3287 970 3352 πῶς
995 3288 1091 3340 καὶ
1113 3288 1309 3358 φανείη
1329 3285 1557 3357 ἀλήθεια
1586 3287 1661 3356 μὴ
1685 3287 1772 3338 ἀνα

201 3380 448 3447 τιλογίαν
476 3378 714 3449 ἐχουσας
791 3379 965 3432 Ἀλλὰ
999 3379 1096 3432 καὶ
1129 3377 1238 3432 ἐὰν
1296 3379 1490 3446 ἡμεῖς,
1554 3377 1718 3444 φησὶν
1751 3377 1778 3428 ό

214 3473 560 3536 Ἀπὸστολος,
588 3471 625 3540 ἢ
657 3471 912 3540 ἄγγελος
936 3471 1006 3535 ἐξ
1039 3471 1302 3539 οὐρανοῦ
1334 3469 1778 3539 εὐαγγελίζηται

1887 738 1994 777 tum
2024 741 2124 777 non
2149 726 2289 795 fecit,
2350 741 2440 777 nec
2470 727 2708 792 inventus
2734 737 2805 780 est
2837 727 2985 781 dolus
3017 731 3071 780 in
3103 745 3190 781 ore
3227 730 3346 796 ejus
3395 731 3463 784 ³⁸.

1884 818 2092 872 Caetera
2117 828 2296 871 autem
2320 819 2503 871 omnia
2533 835 2686 873 more.
2717 829 2926 884 nostro,
2946 821 3076 885 edit,
3095 821 3229 874 bibit
3259 863 3273 885 ,
3305 822 3469 890 spiri-

1887 919 1999 963 tum
2031 909 2223 976 duxit,
2273 909 2465 971 crevit,
2525 911 2856 976 ambulavit,
2911 912 3148 976 sudavit,
3184 913 3465 974 laboravit,

1890 1001 2182 1056 cruciﬁxus
2227 1011 2348 1064 est,
2390 1012 2639 1056 mortuus
2684 1013 2767 1056 est
2798 1023 2808 1056 :
2842 1007 2966 1070 etsi,
3002 1015 3059 1058 ut
3097 1006 3274 1069 Deus,
3313 1007 3471 1058 tertio

1885 1091 1972 1145 die
2004 1093 2346 1158 resurrexit,
2381 1093 2590 1148 habens
2621 1095 2782 1146 etiam
2835 1104 2956 1163 post
3011 1096 3468 1150 resurrectionem

1884 1197 2198 1251 expressam
2235 1183 2462 1238 formam
2493 1195 2734 1239 nostram
2789 1185 2899 1254 jam
2939 1186 3238 1240 deiﬁcatam
3275 1196 3329 1241 et
3366 1189 3470 1242 im-

1885 1276 2166 1329 mortalem
2196 1276 2249 1329 in
2281 1277 2399 1346 ipso
2427 1277 2622 1331 factam
2661 1279 2991 1333 :secundum
3036 1295 3197 1347 quam
3234 1289 3288 1334 et
3319 1281 3470 1335 visus

1883 1375 1967 1418 est
1997 1365 2065 1418 ab
2095 1365 2371 1434 apostolis,
2399 1375 2454 1420 et
2489 1383 2610 1420 cum
2640 1367 2745 1421 illis
2784 1368 2916 1431 cdit,
2949 1368 3122 1432 bibit,
3171 1370 3466 1425 redivivus.

1883 1467 1937 1510 et
1969 1473 1999 1511 a
2023 1457 2231 1512 Thoma
2257 1469 2626 1514 contrectatus
2649 1471 2732 1515 est
2761 1479 2772 1514 :
2807 1462 3058 1516 omnibus
3086 1463 3176 1531 qui
3197 1479 3319 1516 eum
3348 1478 3471 1518 esse

1885 1552 2130 1619 spiritum
2154 1553 2603 1623 suspicabantur,
2623 1555 2840 1610 dicens:
2867 1554 3089 1625 Palpate
3112 1574 3191 1610 me
3213 1568 3259 1610 et
3278 1558 3468 1621 videte,

1884 1643 2007 1710 quia
2028 1643 2245 1710 spiritus
2267 1659 2480 1697 carnem
2499 1654 2546 1697 ct
2572 1660 2686 1698 ossa
2708 1662 2808 1699 non
2833 1641 3003 1710 habet,
3026 1648 3158 1700 sicut
3177 1649 3361 1702 videtis
3382 1665 3464 1702 me

1883 1732 2074 1786 habere
2095 1731 2260 1787 ".Sic
2293 1742 2348 1788 et
2372 1744 2683 1804 assumptus
2703 1745 2785 1790 est
2808 1737 2859 1789 in
2884 1737 3049 1807 gloria
3077 1755 3089 1790 :
3115 1739 3191 1792 sic
3211 1748 3264 1792 et
3282 1740 3460 1794 veniet

1887 1824 1937 1879 in
1969 1825 2141 1880 forma
2161 1828 2350 1881 eadem
2373 1828 2572 1897 speciei
2597 1837 2796 1883 nostrae
2823 1847 2837 1882 :
2869 1845 3029 1898 quem
3059 1830 3261 1884 videbit
3283 1832 3461 1884 omnis

1886 1933 2014 1974 caro
2038 1920 2102 1972 de
2133 1919 2176 1950 ³ο
2213 1919 2362 1984 caelo,
2390 1936 2507 1973 cum
2546 1921 2746 1989 angelis
2771 1902 2979 1974 virtutis
3003 1923 3135 1990 ejus,
3166 1925 3220 1975 in
3252 1924 3471 1991 ﬂamma

1886 2008 2042 2077 ignis,
2074 2007 2360 2062 vindictam
2391 2009 2605 2063 dantem
2635 2009 2698 2062 iis
2734 2012 2822 2078 qui
2852 2027 2952 2062 non
2998 2021 3247 2064 noverunt
3279 2011 3470 2076 Deum,

1887 2108 1933 2151 et
1951 2099 2040 2168 qui
2063 2099 2347 2169 Evangelia
2369 2100 2482 2168 ejus
2504 2117 2604 2152 non
2624 2101 2925 2154 obedicrunt
2951 2101 3018 2165 ³⁰,
3041 2103 3183 2156 sicut
3205 2102 3470 2171 scriptum

1885 2197 1970 2242 est
1994 2206 2006 2241 :
2030 2204 2152 2243 cum
2183 2190 2380 2259 quibus
2406 2191 2661 2261 plangent
2703 2200 2758 2244 et
2792 2192 2883 2260 qui
2932 2192 3319 2246 crueiﬁseru’nt
3342 2207 3469 2247 eum

1883 2279 2074 2344 Judaei,
2106 2289 2162 2334 et
2187 2281 2280 2349 qui
2300 2282 2420 2351 ejus
2446 2280 2674 2351 eliigiem
2696 2280 2808 2335 lieri
2837 2296 2943 2336 non
2969 2281 3151 2337 lerunt
3183 2281 3470 2336 lconoma-

1884 2370 1993 2422 chi.
2033 2368 2158 2425 llaec
2195 2379 2300 2435 est,
2340 2373 2556 2435 fratres,
2603 2371 2913 2441 evangelica
2954 2373 3268 2440 przedicatio
3304 2391 3318 2426 :
3354 2371 3469 2427 haec

1885 2469 2013 2513 sunt
2031 2461 2321 2530 apostolica
2341 2461 2689 2515 documenta.
2711 2460 2811 2527 Qui
2829 2477 2960 2516 vero
2982 2471 3171 2517 contra
3191 2464 3466 2527 sentiunt,

1883 2552 1948 2605 ad
1975 2551 2121 2604 aliud
2150 2550 2501 2622 Evangelium
2521 2552 2587 2617 ³¹,
2611 2553 2756 2622 quod
2788 2553 3009 2623 quidem
3041 2570 3147 2609 non
3180 2555 3328 2610 aliud
3360 2564 3466 2619 est,

1883 2643 1978 2697 Dei
2010 2644 2272 2714 populum
2310 2643 2596 2699 traducere
2616 2655 2904 2712 conantur,
2925 2645 3233 2700 adulterina
3262 2646 3466 2714 scripta

1883 2731 2244 2800 proferentes,
2267 2746 2332 2785 ex
2354 2739 2544 2785 ventre
2568 2732 2876 2801 loquentes,
2905 2744 2960 2787 et
2991 2749 3096 2787 non
3134 2747 3198 2786 ex
3233 2748 3328 2787 ore
3362 2733 3470 2788 Do-

1882 2822 2038 2875 mini.
2077 2823 2265 2878 Solent
2294 2838 2510 2893 semper
2550 2838 2678 2877 cum
2719 2823 2898 2879 tritico
2933 2824 3141 2878 zizania
3187 2826 3464 2898 seminari,

1879 2923 1933 2968 et
1971 2915 2181 2968 veritati
2207 2915 2548 2970 mendacium
2587 2915 2818 2986 aspergi.
2853 2916 3138 2981 Quomodo
3175 2918 3319 2971 enim
3373 2935 3466 2972 ve-

1881 3007 2012 3059 ritas
2037 3006 2326 3070 elucescat,
2372 3005 2416 3059 si
2458 3006 2940 3060 contradictionem
2992 3007 3192 3060 nullam
3233 3009 3470 3062 habeat?

1880 3095 1984 3148 Sed
2012 3096 2128 3148 licet
2158 3110 2268 3160 nos,
2305 3095 2477 3165 inquit
2503 3094 2813 3164 Apostolus,
2844 3104 2936 3148 aut
2980 3096 3200 3166 angelus
3240 3098 3302 3149 de
3341 3099 3467 3150 caelo

1878 3187 2193 3256 evangelizet
2241 3188 2408 3250 vobis,
2454 3195 2642 3257 prteter
2692 3203 2852 3256 quam
2898 3193 3033 3257 quod
3088 3188 3468 3256 evangelisavi-

1884 3295 1997 3332 mus
2020 3279 2180 3344 vobis,
2222 3280 2505 3332 anathema
2540 3279 2644 3331 sit:
2670 3279 2802 3332 sicut
2832 3279 3203 3348 prwdiximus,
3241 3289 3288 3331 et
3331 3296 3466 3332 nunc

1884 3375 2071 3427 iterum
2097 3372 2250 3423 dico:
2281 3369 2337 3424 Si
2358 3371 2472 3440 quis
2493 3369 2632 3422 vobis
2671 3369 2980 3440 evangelizet
3015 3380 3202 3438 praeter
3253 3371 3308 3423 id
3330 3371 3467 3440 quod

1887 3463 2184 3530 accepistis,
2212 3464 2495 3515 anathema
2527 3462 2594 3514 sit
2627 3460 2693 3515 ”.

204 3564 352 3634 ὑμῖν
378 3563 517 3631 παρ’
543 3562 574 3616 ὃ
607 3562 1118 3632 εὐηγγελισάμεθα
1146 3561 1306 3631 ὑμῖν,
1337 3561 1603 3631 ἀνάθεμα
1627 3561 1782 3614 ἔστω
1806 3573 1819 3588 ·
1857 3558 1938 3622 ὡς
1984 3554 2446 3624 προειρήκαμεν,
2476 3552 2582 3608 καί
2613 3553 2748 3620 ἄρτι
2807 3551 2995 3605 πάλιν
3017 3549 3174 3620 λέγω
3199 3566 3214 3580 ·
3274 3549 3348 3603 El
3377 3566 3466 3613 τις

204 3649 639 3721 εὐαγγελίζεται
690 3648 846 3718 ὑμᾶς
880 3650 1014 3717 παρ’
1041 3650 1073 3703 ὃ
1102 3649 1484 3717 παρελάϐετε,
1527 3647 1794 3716 ἀνάθεμα
1831 3644 1987 3698 ἕστω

279 3742 417 3814 Περὶ
438 3743 496 3795 δὲ
526 3741 626 3812 τῆς
656 3739 944 3805 Θεοτόκου,
983 3740 1016 3810 ἢ
1070 3739 1380 3794 οὑτινοσοῦν
1434 3740 1542 3794 τῶν
1582 3739 1781 3807 ἁγίων,

202 3837 286 3888 ὃτι
322 3834 698 3899 είκονίζονται,
729 3834 989 3903 περισσόν
1009 3831 1099 3903 μοί
1124 3834 1241 3886 ἐστι
1278 3833 1340 3886 τὸ
1363 3833 1596 3903 γράφειν
1622 3833 1776 3902 ὑμῖν.

216 3925 456 3978 Ἦλξθιον
487 3925 596 3994 γὰρ
627 3925 906 3978 ὁντιναοῦν
935 3924 1227 3995 ἄνθρωπον
1257 3924 1425 3994 φαίην
1488 3924 1563 3995 μὴ
1608 3941 1780 3994 χαρα-

204 4015 586 4086 κτηρίζεσθαι.
633 4016 772 4070 Ἀλλ’
803 4018 854 4070 οἱ
906 4016 1138 4088 Χριστὸν
1162 4017 1580 4087 ἀπαναινόμενοι
1626 4034 1781 4087 περι.

205 4107 538 4178 γράφεσθαι,
589 4107 650 4171 ὃς
712 4110 859 4162 ἐστιν
900 4110 933 4178 ἡ
983 4107 1193 4179 κεφαλὴ
1251 4107 1344 4162 τοῦ
1394 4109 1638 4178 σώματος
1681 4109 1781 4178 τῆς

218 4197 572 4267 Ἐκκλησίας,
601 4199 994 4267 συμπεριελεῖν
1042 4199 1225 4262 ἔδοξαν
1252 4200 1345 4252 καὶ
1372 4198 1440 4251 τά
1477 4200 1614 4270 μέλη
1643 4201 1780 4270 Χρι-

208 4287 338 4341 στοῦ
373 4289 450 4358 μὴ
481 4287 840 4352 είκονίζεσθαι
866 4303 880 4319 ο
913 4288 1069 4360 εἴπερ
1098 4289 1270 4358 σῶμα
1299 4289 1559 4358 Χριστοῦ
1609 4290 1781 4359 ἡμεῖς

208 4381 456 4446 πάντες,
475 4379 573 4433 καί
592 4379 748 4449 μέλη
777 4380 846 4433 ἐκ
868 4381 1108 4450 μέρους.
1147 4382 1410 4452 Ἔλεγχος
1433 4382 1540 4450 γάρ
1572 4383 1780 4446 αὐτοῖς,

1954 3736 2029 3792 De
2057 3737 2282 3807 Deipara
2311 3745 2491 3790 autem
2518 3745 2573 3790 et
2600 3750 2923 3805 unoquoque
2950 3743 3260 3788 sanctorum
3286 3773 3299 3796 ,
3319 3731 3466 3803 quod

1881 3843 2068 3883 eorum
2119 3828 2380 3899 imagines
2427 3827 2816 3890 eﬂ'ormantur,
2869 3826 3356 3896 supervacaneum’
3380 3832 3466 3880 est

1883 3922 2014 3975 mihi
2038 3922 2274 3976 scribere
2302 3921 2475 3976 vobis.
2501 3920 2736 3975 Stultum
2763 3920 2960 3989 quippe
2993 3919 3218 3973 dixerim
3240 3960 3253 3982 ,
3272 3935 3464 3988 quem-

1881 4029 2097 4082 cunque
2165 4014 2440 4066 hominem
2492 4027 2600 4067 non
2656 4011 2992 4082 ligurari.At
3036 4011 3128 4080 qui
3185 4009 3465 4065 Christum

1883 4107 2253 4161 circumscribi
2284 4115 2501 4177 negant,
2548 4107 2640 4176 qui
2673 4112 2756 4160 est
2796 4115 2958 4174 caput
2996 4103 3239 4173 corporis
3282 4103 3469 4157 Eccle-

1883 4199 2012 4262 siae;
2046 4198 2247 4252 inlerre
2288 4213 2395 4252 una
2421 4198 2724 4261 voluerunt,
2761 4197 3002 4250 membra
3031 4195 3217 4249 itidem
3260 4193 3464 4248 Christi

1883 4306 1991 4344 non
2019 4289 2194 4360 eﬂingi
2224 4307 2236 4342 :
2265 4289 2528 4359 siquidem
2557 4305 2742 4356 corpus
2766 4287 2957 4342 Christi
2982 4305 3074 4341 nos
3127 4305 3307 4341 sumus
3349 4305 3465 4340 om-

1884 4397 1990 4444 nes,
2019 4389 2068 4435 et
2087 4381 2316 4434 membra
2347 4396 2411 4434 ex
2450 4389 2598 4448 parte
2626 4379 2690 4432 ³³.
2722 4378 2966 4448 Ipsorum
3000 4389 3181 4433 autem
3213 4378 3469 4432 confuta-

211 4471 429 4541 μητέρα
488 4470 588 4539 μὲν
634 4468 769 4522 Θεοῦ
804 4469 1165 4533 είκονίζεσθαι
1251 4471 1312 4522 οὐ
1348 4469 1454 4542 μὴν
1483 4470 1574 4523 τὸν
1605 4470 1662 4537 ἐξ
1691 4472 1781 4525 αὑ-

1888 4471 1966 4524 tio
1994 4479 2097 4534 est,
2135 4479 2360 4524 matrem
2385 4470 2602 4539 quidem
2629 4468 2723 4522 Dei
2746 4468 2944 4539 eﬂingi,
2991 4484 3090 4522 nec
3131 4477 3308 4522 tamen
3341 4484 3464 4522 eum

208 4563 308 4632 τῆς
329 4561 615 4632 τεχθέντα,
643 4561 734 4614 καὶ
761 4562 899 4632 αὐτῇ
935 4563 1240 4632 ὑπομάζιον
1268 4563 1522 4630 ὀφθέντα,
1560 4564 1655 4615 καὶ
1684 4563 1784 4617 ὅσα

207 4654 306 4723 τῆς
355 4655 678 4724 σωματικῆς
726 4652 894 4708 αὐτοῦ
951 4654 1256 4723 παρουσίας
1320 4655 1653 4707 ὑπείκονταο
1746 4655 1779 4726 ἢ

210 4745 373 4797 πάλιν
392 4744 519 4807 τοὺς
536 4745 807 4807 αὐτόπτας
835 4745 931 4797 καὶ
956 4745 1232 4815 ὑπηρέτας
1265 4747 1778 4817 στηλογραφεῖσθαι·

208 4838 301 4890 τὸν
334 4835 392 4888 δέ
413 4837 826 4907 ὑπηρετηθέντα
858 4838 950 4889 καὶ
975 4840 1485 4910 συναναστραφέντα
1515 4838 1588 4909 μὴ
1614 4857 1782 4910 χαρα-

211 4925 588 4996 κτηρίξεσθαι.
626 4928 734 4980 Καὶ
777 4927 1047 4981 Ἰουδαίων
1073 4928 1288 5000 χείρους
1318 4930 1656 4983 δείκνυνται·
1700 4931 1782 4983 ὃτι

210 5017 330 5068 οὐδὲ
363 5015 629 5081 Μωσέως,
676 5016 864 5068 οὐδἐῖ
910 5034 1054 5081 τινος
1109 5019 1268 5072 ἄλλου
1330 5019 1437 5072 τῶν
1486 5019 1783 5090 προφητῶν

211 5106 397 5159 εἰκόνα
432 5107 783 5176 προσίενται·
821 5109 1196 5178 προσιεμένων
1245 5110 1469 5162 ἐκείνων
1521 5111 1626 5164 τῶν
1679 5111 1784 5181 πρὸ

211 5199 306 5266 τῆς
335 5197 584 5267 χάριτος,
621 5199 697 5260 ὡς
740 5200 978 5268 νομικῶν
1019 5203 1112 5253 καὶ
1137 5202 1198 5254 οὐ
1225 5202 1585 5272 Χριστιανῶν.
1616 5204 1677 5256 Ol
1727 5203 1784 5256 δέ

212 5291 466 5344 τοσοῦτον
488 5291 895 5360 ἀνοηταίνουσιν
928 5294 1002 5359 ὡς
1032 5299 1124 5348 καὶ
1150 5297 1364 5359 ἑαυτοῖς
1387 5297 1479 5348 καὶ
1514 5296 1785 5360 Ἰουδαίοις

218 5383 487 5452 μάχεσθαι
517 5399 531 5413 ⁸
576 5385 669 5436 καὶ
704 5384 844 5454 μήτε
883 5385 1175 5450 Ἰουδαίους
1203 5382 1343 5440 εἶναι
1383 5388 1776 5457 νομοφύλακας

219 5476 352 5544 μήτε
378 5475 760 5544 Χριστιανοὺς,
801 5476 900 5529 οὐκ
933 5477 1386 5546 είδογραφοῦντας
1412 5479 1502 5530 τὸν
1531 5479 1784 5548 Χριστὸν,

203 5563 269 5639 ,δν
293 5567 641 5636 προσήκαντο
668 5566 955 5640 ἄνθρωπον
973 5569 1256 5638 γεγονότα.
1274 5570 1428 5640 Φωνὴ
1458 5571 1668 5641 Πέτρου
1693 5568 1788 5622 τοῦ

225 5766 372 5890 2⁷⁸⁸1
414 5771 559 5828 Petr.
595 5773 768 5840 11,22.
846 5776 890 5808 ’ν
913 5772 1045 5828 Luc.
1081 5790 1226 5839 xxiv,
1282 5772 1371 5828 39.

1889 4563 1980 4632 qui
2006 4578 2072 4616 ex
2098 4577 2161 4616 ea
2191 4571 2354 4616 natus
2386 4569 2470 4615 est
2497 4602 2511 4626 ,
2548 4561 2642 4630 qui
2685 4560 2804 4629 ejus
2846 4559 3107 4613 uberibus
3137 4559 3384 4622 adhmsit,
3409 4566 3466 4611 et

1889 4670 2225 4726 quascunque
2248 4654 2350 4708 alia
2377 4654 2519 4708 illius
2567 4656 2619 4706 in
2651 4667 2876 4722 corpore
2927 4653 3215 4706 adventum
3277 4661 3464 4706 secuta

1890 4758 2060 4805 sunt:
2102 4757 2196 4802 aut
2253 4762 2468 4802 rursum
2492 4747 2733 4802 oculatos
2777 4754 2942 4799 testes
2991 4760 3053 4798 ac
3086 4743 3315 4798 famulos
3353 4753 3465 4798 sta-

1893 4840 1998 4891 tuis
2036 4838 2264 4908 exprimi
2308 4855 2321 4902 ;
2371 4837 2545 4908 ipsum
2577 4853 2703 4891 vero
2727 4837 2816 4891 cui
2865 4837 3194 4898 serviebant,
3226 4845 3284 4889 et
3331 4851 3464 4904 quo-

1889 4944 2011 4981 cum
2053 4929 2409 4982 versabantur
2439 4969 2452 4992 ,
2519 4943 2626 4981 non
2655 4927 2907 4996 exprimi.
2957 4928 3022 4981 Et
3068 4925 3271 4981 Judaais
3303 4927 3463 4994 plane

1885 5018 2182 5074 deteriores
2208 5035 2266 5075 se
2300 5020 2631 5074 ostendunt:
2667 5019 2790 5088 quia
2831 5033 2932 5072 nec
2969 5017 3180 5088 Moysis,
3204 5033 3304 5072 nec
3331 5019 3464 5072 alte-

1886 5109 2000 5162 rius
2043 5110 2344 5180 cujuspiam
2385 5125 2415 5164 e
2450 5109 2729 5180 prophetis
2793 5107 3075 5179 imaginem
3147 5109 3461 5177 recipiunt:

1885 5199 2297 5254 admittentibus
2338 5200 2443 5254 illis
2493 5215 2588 5254 eos
2625 5200 2718 5269 qui
2770 5209 2895 5253 ante
2941 5199 3168 5270 gratiam
3218 5199 3457 5264 fuerant,

1887 5307 1986 5345 ceu
2037 5293 2170 5364 legis
2221 5293 2479 5358 cultores,
2512 5301 2566 5348 et
2615 5307 2724 5346 non
2781 5291 3146 5346 Christianos.
3189 5291 3280 5345 Isti
3334 5307 3464 5345 vero

1891 5401 1956 5438 eo
2001 5386 2259 5440 vecordes
2299 5395 2457 5450 sunt,
2509 5395 2566 5440 ιιι
2627 5400 2812 5440 secum
2855 5385 2956 5454 ipsi
2991 5393 3046 5438 et
3085 5399 3208 5437 cum
3263 5383 3464 5438 ludatis

1894 5486 2136 5547 pugnent
2168 5497 2179 5530 :
2214 5487 2274 5531 ut
2304 5492 2480 5547 neque
2501 5477 2671 5531 Judzei
2706 5477 2811 5530 sint
2839 5476 2970 5546 legis
2987 5477 3259 5539 custodes,
3286 5490 3464 5542 neque

1895 5569 2189 5622 Christiani
2213 5588 2224 5623 :
2244 5569 2333 5638 qui
2355 5567 2554 5622 Christi
2580 5567 2804 5639 eﬂigiem
2831 5568 3054 5637 exprimi
3077 5569 3274 5632 nolint,
3300 5583 3462 5637 quem

1464 5773 1509 5806 ”
1534 5771 1726 5828 Thess.
1760 5789 1774 5827 ι

1965 5771 2006 5802 ³³
2043 5769 2216 5826 Galat.
2253 5785 2291 5840 ι,
2325 5769 2376 5824 7.
2454 5771 2498 5802 ³³
2540 5769 2714 5824 Galat.
2758 5783 2876 5836 vin,
2923 5770 2973 5825 9.
3050 5767 3146 5824 ⁸³1
3181 5768 3306 5823 Cor.
3365 5783 3462 5833 xu,
