3914 6466
517 370 658 435 1135

1696 372 1756 430 S.
1792 368 2181 429 THEODORI
2211 367 2556 429 STUDlT/E

3609 367 3745 432 1136

518 477 791 530 hominem
816 474 1015 529 factum
1055 485 1374 546 agnoscunt.
1407 475 1548 529 Petri
1594 474 1823 545 apostoli
1861 490 1964 527 vox
1996 482 2071 526 cst

2180 472 2476 524 ἀποστόλου
2521 471 2668 524 ἐστὶν
2721 471 2779 524 ἐν
2838 471 3047 544 ἰστορία
3107 473 3406 544 μαρτυρίου
3450 474 3542 528 τοῦ
3595 478 3746 544 ἁγίου

517 568 569 620 in
613 569 834 621 historia
879 569 1118 638 martyrii
1149 570 1318 622 sancti
1341 568 1605 623 Pancratii
1641 586 1697 622 τι
1731 567 1828 621 Fili
1858 567 2082 636 Joseph,

514 655 649 710 aller
684 656 969 726 imaginem
1022 655 1231 710 Domini
1267 657 1434 711 nostri
1470 656 1595 711 Jesu
1647 657 1881 721 Christi,
1910 657 2084 711 etim-

515 747 688 814 prime
721 747 862 800 illam
905 750 957 802 in
1000 748 1273 819 pyrgisco,
1314 757 1375 802 ut
1406 758 1633 804 cernant
1656 749 1842 818 populi
1870 749 2081 818 qualem

515 837 741 891 formam
763 839 1171 908 assumpseritF
1176 840 1297 893 ilius
1322 840 1410 893 Dei
1445 857 1457 892 :
1482 848 1538 893 ut
1565 840 1811 894 videntes
1853 840 2084 908 amplius

515 929 756 991 credant,
792 928 978 983 formae
1026 939 1206 999 typum
1251 931 1520 984 intuentes
1567 940 1622 984 et
1669 931 2084 985 reminiscantur

515 1032 700 1071 eorum
736 1034 858 1087 qua:
900 1034 997 1087 per
1027 1034 1126 1072 nos
1163 1020 1240 1074 eis
1293 1021 1608 1073 annuntiata
1659 1021 1868 1075 sunt“.
1900 1040 1918 1072 ι
1970 1022 2081 1074 Vox

514 1107 660 1160 Pauli
693 1118 770 1162 est
813 1129 835 1167 ι,
858 1109 901 1163 0
944 1111 1193 1163 insensati
1225 1110 1428 1166 Galata:
1453 1113 1473 1164 !
1503 1112 1616 1180 quis
1662 1127 1748 1165 vos
1805 1113 2081 1182 fascinavit

513 1213 613 1249 non
643 1199 846 1252 obedire
869 1201 1076 1252 veritati
1107 1217 1126 1264 ;
1151 1210 1270 1254 ante
1291 1218 1508 1270 quorum
1526 1201 1699 1254 oculos
1734 1201 1882 1254 Jesus
1925 1201 2078 1255 Chri-

510 1297 618 1342 stus
657 1291 989 1357 praescriptus
1003 1300 1076 1343 est
1107 1292 1161 1343 in
1180 1293 1315 1343 vobis
1342 1291 1620 1359 cruciﬁxus
1645 1291 1726 1343 u?
1747 1289 1858 1345 Vox
1901 1291 2078 1346 Basilii

511 1381 685 1449 magni
726 1390 844 1433 est:
875 1399 892 1432 ι
930 1380 1274 1451 Exprimatur
1307 1383 1362 1434 in
1385 1382 1561 1435 tabula
1591 1382 1904 1436 certaminis
1944 1399 2080 1452 prae-

511 1487 598 1526 ses
646 1472 895 1527 Christus
942 1475 1006 1526 ³⁶.
1049 1493 1068 1526 ι
1099 1475 1185 1528 -Ει
1223 1475 1418 1528 iterum
1473 1491 1538 1527 ει
1589 1474 1808 1544 lmagini
1863 1475 2078 1528 habitus

510 1561 683 1616 honor
715 1563 780 1616 ad
826 1563 1099 1632 exemplar
1135 1565 1325 1617 transit
1363 1563 1428 1617 ".
1461 1581 1478 1614 ι
1515 1563 1617 1617 Tot
1655 1563 1846 1633 palmis
1895 1564 2075 1633 inclyti

508 1653 790 1706 Athanasii
816 1670 914 1708 vox
930 1663 1046 1708 cst:
1078 1673 1096 1705 ι
1128 1654 1256 1720 Nos,
1275 1655 1367 1724 qui
1386 1653 1570 1708 fideles
1590 1670 1797 1717 sumus,
1815 1655 2075 1725 imagines

506 1760 614 1798 non
645 1745 927 1798 adoramus
963 1755 1216 1813 tanquam
1244 1747 1394 1808 deos,
1428 1746 1569 1814 quod
1609 1745 1782 1800 Graeci
1814 1746 2020 1800 faciunt
2059 1764 2071 1799 :

2186 564 2557 634 Παγκρατίον.
2599 583 2616 614 ι
2654 564 2855 618 Τέκνον
2897 565 3111 635 Ἰωσὴφ,
3136 565 3384 633 ἐξένεγκε
3416 567 3516 638 τὴν
3567 571 3749 624 εἰκόνα

2130 670 2136 679 ’
2183 654 2276 707 τοῦ
2325 656 2528 725 Κυρίου
2559 654 2713 724 ἡμῶν
2753 655 2926 724 Ἰησοῦ
2957 655 3196 724 Χριστοῦ
3230 670 3243 684 ·
3292 657 3387 710 καὶ
3429 658 3750 715 ὲντύπωσον

2184 746 2352 815 αὐτὴν
2400 747 2458 799 ἐν
2496 745 2571 815 τῷ
2603 747 2926 816 πυργίσκῳ’
2966 747 3052 799 ἵνα
3096 747 3309 800 εἴδωσιν
3337 749 3385 800 οἰ
3423 748 3546 801 λαοὶ
3591 753 3748 805 ποίαν

2185 837 2398 906 μορφὴν
2429 837 2617 890 Ιἐλαϐεν
2645 841 2672 892 ὁ
2721 838 2845 902 Υἱὸς
2876 838 2969 892 τοῦ
3025 839 3159 892 Θεοῦ
3189 854 3203 869 ’
3254 839 3339 892 ἵνα
3392 840 3597 904 ἰδόντες
3659 845 3748 896 ἐπὶ

2183 927 2344 979 πλέον
2373 928 2750 994 πιστεύσωσιν,
2782 929 3016 998 ὁρῶντες
3061 929 3152 982 τὸν
3183 929 3355 983 τύπον
3379 931 3479 1000 τῆς
3507 933 3743 1002 μορφῆς,

2181 1018 2274 1070 καὶ
2313 1019 2623 1089 ὑπόμνησιν
2649 1019 2969 1089 λαμϐάνωσι
3016 1020 3126 1074 τῶν
3167 1020 3299 1092 παρ’
3326 1023 3486 1091 ἡμῶν
3516 1025 3599 1086 εἰς
3652 1025 3744 1076 a5-

2179 1109 2305 1172 τοὺς
2332 1110 2730 1179 κηρυχθέντων.
2751 1129 2768 1161 ι
2803 1110 2962 1181 Φωνὴ
2988 1111 3199 1164 Παύλου
3246 1113 3393 1164 ἐστίν
3416 1129 3429 1142 ·
3462 1108 3539 1166 Ὦ
3561 1114 3740 1179 ἀνόη-

2179 1216 2270 1253 τοι
2317 1201 2604 1264 Γαλάται,
2657 1203 2750 1268 τίς
2776 1201 2932 1270 ὑμᾶς
2961 1202 3257 1270 ἐϐάσκηνε
3291 1202 3635 1271 τῇιίληθείᾳ
3659 1201 3740 1273 μὴ

2179 1291 2503 1357 πείθεσθαι,
2534 1286 2626 1358 οἷς
2663 1293 2787 1345 κατ’
2812 1292 3156 1362 ὀφθαλμοὺς
3204 1294 3443 1361 Ἰησοῦς
3491 1296 3742 1362 Χριστὸς

2178 1380 2517 1451 προεγράφη
2535 1382 2604 1435 ἐν
2619 1382 2760 1451 ὑμῖν
2786 1383 3267 1452 ἐσταυρωμένος;
3285 1387 3438 1456 Φωνὴ
3461 1386 3748 1439 Βασιλείοιι

2176 1471 2271 1525 τοῦ
2324 1473 2560 1541 μεγάλου
2590 1474 2758 1526 ἐστίν·
2801 1491 2821 1524 ι
2863 1475 3252 1544 Ἐγγραφέσθω
3284 1475 3362 1544 τῷ
3403 1474 3597 1528 πίνακι
3653 1478 3742 1528 καὶ

2175 1565 2204 1616 ό
2235 1565 2342 1617 τῶν
2368 1565 2762 1633 παλαισμάτων
2790 1565 3416 1637 ἀγωνοθέτηςΧριστός.
3457 1584 3480 1617 ›
3511 1568 3624 1620 Καὶ
3652 1563 3743 1620 αῦ-

2177 1653 2280 1718 θις’
2319 1672 2338 1706 ι
2388 1653 2450 1708 Ἥ
2488 1655 2580 1724 τῆς
2608 1655 2818 1718 εἰκόνος
2847 1655 2981 1726 τιμὴ
3015 1656 3106 1708 ὲπί
3128 1657 3190 1709 τὸ
3227 1657 3592 1727 πρωτότυπον
3634 1659 3742 1711 διας

2175 1742 2373 1798 ϐαίνει.
2415 1764 2433 1798 ι
2461 1747 2615 1815 Φωνὴ
2657 1746 2984 1800 Ἀθανασίου
3034 1746 3128 1800 τοῦ
3181 1747 3488 1801 πολυάθλου
3544 1749 3694 1802 ἐστίν
3723 1766 3741 1779 ο

505 1836 646 1890 absit
675 1854 688 1889 :
721 1835 815 1890 sed
839 1835 1091 1889 affectum
1117 1836 1489 1890 tantummodo
1513 1846 1564 1890 et
1587 1836 1867 1891 cbarilatis
1881 1848 2071 1893 nostra

2185 1855 2204 1888 ι
2239 1838 2347 1906 Οὐχ
2377 1837 2454 1899 ώς
2499 1837 2653 1900 θεοὺς
2681 1837 2780 1899 τὰς
2827 1836 3044 1900 εἰκόνας
3093 1837 3509 1907 προσκυνοῦμεν
3546 1841 3596 1892 οἰ
3651 1858 3739 1891 πι-

508 1928 742 1982 studium
775 1943 900 1999 erga
930 1928 1153 1997 ﬁguram
1200 1944 1448 1998 persona:
1496 1945 1593 1998 per
1637 1929 1926 2000 imaginem
1981 1945 2078 1984 ex-

506 2036 708 2091 pressa:
732 2021 1067 2075 declaramus
1093 2022 1156 2074 ³³.
1191 2039 1209 2072 ι
1247 2019 1360 2074 Vox
1385 2020 1754 2090 Chrysostomi
1780 2029 1862 2075 est
1891 2040 1904 2078 :
1927 2040 1945 2072 ι
1967 2019 2078 2090 Ego

506 2129 576 2170 ex
629 2130 750 2168 cera
809 2115 981 2168 fusam
1034 2115 1206 2168 amavi
1260 2115 1524 2184 picturam
1557 2153 1572 2178 ,
1643 2114 1866 2183 pietatis
1949 2129 2078 2185 ergo

505 2206 700 2261 factam
737 2208 778 2238 ³⁸
833 2206 952 2260 Vidi
1015 2207 1159 2261 enim
1212 2207 1457 2276 angelum
1498 2206 1552 2258 in
1603 2205 1834 2275 imagine
1893 2206 2076 2274 c0pias

503 2301 850 2355 barbarorum
876 2308 1182 2355 versantem
1210 2299 1262 2352 in
1295 2299 1497 2370 fugam,
1525 2299 1633 2352 vidi
1657 2299 1920 2368 protritas
1957 2299 2078 2352 bar-

502 2392 660 2446 baras
687 2401 903 2462 gentes,
954 2401 1007 2444 et
1037 2390 1291 2444 Davidem
1319 2407 1445 2445 vera
1474 2405 1606 2444 voce
1647 2390 2028 2444 concinentem
2057 2404 2070 2438 :

501 2480 742 2546 Domine,
777 2483 832 2533 in
862 2482 1072 2534 civitate
1119 2491 1208 2534 tua
1250 2481 1530 2550 imaginem
1574 2481 1808 2548 ipsorum
1835 2482 1904 2533 ad
1935 2480 2074 2533 nihi-

505 2572 613 2624 lum
639 2573 838 2642 rediges
863 2572 927 2625 ⁸ο.
960 2591 976 2623 ι
1009 2571 1161 2636 Quod
1201 2572 1251 2624 in
1286 2572 1559 2626 Christum
1578 2573 1681 2627 hoc
1721 2580 1985 2640 tempore,
2021 2579 2077 2626 et

503 2664 558 2718 in
589 2662 868 2732 Deiparam
915 2677 978 2716 ac
1016 2670 1252 2724 sanctos,
1303 2662 1508 2716 faciunt
1562 2662 1976 2717 lcononomachi
2004 2681 2016 2716 :
2043 2678 2076 2717 ο

502 2772 615 2810 rem
673 2757 861 2810 auditu
899 2754 1225 2810 horrendam
1253 2756 1263 2807 l
1294 2765 1511 2809 sanctas
1557 2755 1771 2809 illorum
1812 2755 2075 2825 imagines

501 2847 785 2901 abolendo.
839 2847 1017 2915 Atque
1060 2856 1120 2900 ut
1170 2855 1395 2899 caeteras
1445 2845 1673 2898 aliorum
1728 2847 2076 2900 auctoritates

503 2938 910 3008 praetermittam
952 2953 966 3002 ;
1017 2936 1201 2990 multa:
1243 2936 1388 2989 enim
1417 2944 1751 3005 suppetunt;
1798 2938 1842 2992 si
1906 2952 2071 2993 unam

502 3028 773 3098 adiecero,
797 3027 863 3082 ad
892 3026 1037 3081 aliud
1063 3026 1366 3080 orationem
1387 3034 1720 3083 convertam.

571 3199 688 3254 Vox
721 3208 803 3256 est
826 3198 1131 3254 divinorum
1161 3195 1384 3252 Patrum
1407 3196 1499 3266 qui
1518 3206 1684 3252 sextae
1713 3205 1917 3252 sanctae
1943 3212 2069 3267 syn—

496 3293 608 3347 ‘odo
666 3291 935 3345 aﬂuerunt
980 3308 994 3344 :
1053 3310 1071 3343 ι
1126 3289 1183 3342 In
1235 3289 1556 3359 quibusdam
1636 3289 2071 3343 venerandarum

504 3383 798 3453 imaginum
834 3380 1098 3451 picturis,
1149 3395 1321 3451 agnus
1362 3380 1455 3448 qui
1503 3378 1856 3433 Praecursoris
1900 3379 2070 3450 digito

503 3482 842 3529 monstratur
868 3472 1210 3540 exprimitur,
1239 3470 1330 3540 qui
1362 3471 1415 3524 in
1439 3471 1621 3541 gratiae
1645 3479 1826 3540 typum
1857 3485 2070 3524 assum-

503 3574 628 3636 ptus
663 3575 789 3619 est:
829 3565 1037 3633 Agnum
1069 3578 1257 3616 verum
1304 3561 1457 3616 nobis
1496 3578 1592 3631 per
1631 3562 1802 3632 legem
1842 3562 2068 3615 demon-

504 3665 685 3709 strans
710 3653 990 3709 Christum
1029 3651 1199 3706 Deum
1230 3661 1498 3706 nostrum.
1531 3651 1639 3706 Nos
1678 3653 1840 3722 igitur
1868 3651 2067 3724 ﬁguras

503 3755 718 3801 veteres
748 3756 910 3814 atque
941 3745 1182 3805 umbras,
1225 3752 1478 3812 tanquam
1524 3744 1767 3798 veritatis
1807 3753 1961 3799 notas
2006 3761 2069 3799 ac

503 3839 657 3909 signa
715 3836 970 3892 Ecclesiae
1014 3836 1208 3889 tradita
1252 3835 1696 3904 complectentes,
1746 3836 1976 3905 gratiam
2014 3846 2069 3891 et

501 3930 787 3986 veritatem
814 3927 1218 3997 anteponimus,
1243 3941 1403 3994 quam
1431 3936 1489 3979 ut
1516 3925 1646 3995 legis
1673 3926 2065 3995 plenitudinem

502 4023 833 4090 accepimus.
878 4019 1065 4088 Itaque
1095 4029 1154 4073 ut
1188 4018 1238 4071 id
1282 4017 1425 4086 quod
1471 4018 1771 4087 perfectum
1810 4027 1916 4084 est,
1948 4034 2066 4073 om-

2180 1929 2314 1989 στοί,
2343 1928 2418 1997 μὴ
2440 1927 2672 1993 γένοιτο,
2703 1926 2891 1998 ὥσπερ
2913 1928 2964 1980 οἰ
2992 1928 3275 1997 Ἓλληνες.
3310 1929 3472 1982 Ἀλλὰ
3487 1929 3588 1997 τὴν
3617 1931 3740 2000 σχέ-

2179 2033 2263 2070 σιν
2288 2016 2469 2082 μόνον,
2498 2019 2592 2068 καὶ
2623 2016 2715 2069 τὸν
2737 2017 2898 2069 πόθον
2927 2020 3021 2087 τῆς
3053 2020 3084 2086 ἡ
3095 2017 3209 2087 μῶν
3239 2018 3460 2088 ἀγάπης
3491 2019 3629 2087 πρὸς
3654 2020 3743 2074 τὸν

2175 2107 2499 2178 χαρακτῆρα
2550 2107 2643 2159 τοῦ
2668 2107 2957 2177 προσώπου
3014 2107 3114 2175 τῆς
3163 2108 3367 2172 εἰκόνος
3415 2110 3746 2178 ἐμφανίζον-

2174 2213 2284 2258 τες.
2326 2215 2344 2246 ι
2378 2196 2532 2267 Φωνὴ
2562 2195 2652 2249 τοῦ
2683 2196 3065 2266 Χρυσοστόμου
3100 2196 3272 2249 ἐστίν’
3312 2215 3332 2250 1
3371 2197 3513 2266 Ἐγὼ
3540 2199 3745 2270 καίτὴν

2175 2288 2477 2358 κηρόχυτον
2506 2287 2769 2358 ἠγάπησα
2822 2288 3062 2358 γραφὴν,
3083 2287 3364 2353 εὐσεϐείας
3411 2289 3602 2344 ἕνεκεν
3645 2307 3745 2344 πε-

2175 2381 2560 2451 πληρωμένην.
2593 2374 2745 2434 Εἰδον
2765 2378 2873 2450 γὰρ
2903 2380 3132 2447 ἄγγελον
3151 2381 3208 2434 ἐν
3237 2381 3403 2435 εἰκόνι
3445 2380 3747 2436 ἐλαύνοντα

2176 2471 2466 2542 βαρϐάρων
2500 2471 2661 2541 στίφη
2694 2488 2708 2502 ·
2733 2467 2876 2524 εἶδον
2908 2470 3222 2542 πατούμενα
3261 2471 3553 2542 βαρϐάρων
3576 2471 3744 2540 φῦλα,

2173 2564 2269 2616 καὶ
2299 2564 2391 2618 τόν
2417 2562 2580 2617 Δαυῒδ
2605 2560 2936 2633 ἀληθεύοντα
2957 2579 2970 2592 ·
2989 2565 3183 2630 Κύριε,
3222 2563 3292 2616 ἐν
3318 2560 3391 2630 τῇ
3424 2563 3598 2617 πόλει
3626 2582 3745 2620 σου

2173 2653 2288 2722 τὴν
2313 2656 2517 2709 εἰκόνα
2559 2652 2758 2708 αὐτῶν
2806 2653 3250 2720 ἐξουδενώσεις.
3296 2673 3316 2707 ›
3351 2652 3532 2727 Ὅπερ
3562 2657 3617 2710 οἱ
3664 2660 3746 2721 εἰς

2173 2744 2406 2812 Χριστὸν
2436 2744 2530 2798 νῦν
2562 2745 3054 2818 Εἰκονομαχοῦντες
3071 2748 3148 2809 εἰς
3171 2762 3231 2799 τε
3252 2743 3351 2815 τὴν
3367 2746 3631 2802 Θεοτόκον
3651 2749 3742 2801 καὶ

2173 2837 2296 2900 τοὺς
2325 2837 2514 2905 ἁγίους
2544 2838 2887 2909 ἐργάζονται,
2908 2840 2952 2892 ὣ
2978 2838 3071 2891 τοῦ
3103 2836 3336 2908 φοϐεραῦ
3366 2840 3738 2909 ἀκούσματοςί

2171 2927 2272 2992 τὰς
2295 2928 2460 2996 ἁγίας
2491 2929 2667 2983 αὐτῶν
2686 2930 2902 2992 εἰκόνας
2930 2927 3378 2992 εἰξουδενοῦντες.
3401 2931 3512 2983 Καὶ
3536 2932 3625 2984 ἱνα
3645 2933 3744 2994 τὰς

2174 3017 2281 3070 τῶν
2325 3018 2499 3072 ἀλλων
2556 3019 2737 3086 φωνὰς
2787 3017 3147 3089 παραδράμωο
3202 3017 3393 3072 πολλαί
3446 3020 3565 3090 γάρ
3606 3021 3736 3073 εἰσι.

2097 3153 2139 3210 C
2172 3107 2316 3160 Μίαν
2364 3105 2639 3176 προσθεὶς,
2678 3106 2763 3160 ἐπ’
2818 3105 2945 3159 ἁλλο
2971 3106 3225 3177 τρέψοιμι
3251 3107 3344 3160 τὸν
3369 3108 3548 3177 λόγον.

2241 3199 2394 3269 Φωνὴ
2421 3199 2529 3251 τῶν
2556 3199 2654 3269 τῆς
2679 3199 2846 3270 ἕκτης
2874 3199 3036 3267 ἁγίας
3076 3201 3296 3255 συνόδου
3325 3202 3598 3272 θεοφόρων
3627 3204 3741 3255 ﬂa-

2170 3289 2343 3359 τέρων
2381 3291 2562 3344 ἐστίν·
2610 3309 2628 3341 ι
2663 3292 2759 3344 Ἕν
2788 3307 2898 3345 τισι
2933 3292 3040 3345 τῶν
3071 3293 3283 3346 σεπτῶν
3331 3294 3555 3347 εἰκόνων
3594 3310 3738 3362 γρα-

2172 3382 2300 3449 φαῖς
2327 3379 2494 3450 ἀμνὸς
2524 3380 2770 3453 δακτύλῳ
2795 3381 2888 3436 τοῦ
2925 3382 3235 3454 Προδρόμου
3259 3382 3611 3453 δεικνύμενος
3641 3385 3738 3451 εγ·

2168 3471 2497 3541 χαράττεται
2519 3487 2534 3502 ο
2585 3472 2644 3535 ὃς
2695 3474 2772 3535 εἰς
2811 3472 2977 3527 τύπον
3006 3473 3326 3544 παρελήφθη
3359 3473 3457 3542 τῆς
3490 3476 3736 3544 χάριτος,

2168 3564 2258 3616 τὸν
2306 3564 2558 3634 ἀληθινὸν
2604 3567 2736 3635 ἡμῖν
2770 3565 2858 3619 διὰ
2886 3566 3049 3636 νόμου
3085 3566 3506 3636 προῦποφαίνων
3540 3568 3736 3634 ἀμνὸν,

2167 3653 2402 3723 Χριστὸν
2432 3653 2524 3706 τὸν
2563 3654 2694 3706 Θεὸν
2740 3654 2915 3723 ἡμῶν.
2943 3654 3081 3717 Τοὺς
3108 3650 3200 3706 οῦν
3239 3654 3502 3716 παλαιοὺς
3533 3653 3741 3717 τύπους

2169 3746 2264 3796 καὶ
2292 3744 2388 3806 τὰς
2421 3744 2598 3804 σκιὰς,
2619 3743 2694 3804 ὡς
2719 3743 2819 3811 τῆς
2842 3743 3100 3812 ἀληθείας
3127 3743 3372 3813 σύμϐολά
3401 3760 3460 3795 τε
3483 3745 3580 3797 καί
3607 3762 3742 3814 προ-

2168 3834 2497 3904 χαράγματα
2523 3836 2587 3903 τῇ
2625 3832 2922 3902 Ἐκκλησία
2951 3833 3416 3903 παραδεδομένους
3448 3851 3739 3889 κατασπα-

2167 3923 2407 3994 ζόμενοι,
2457 3923 2554 3993 τὴν
2599 3922 2757 3992 χάριν
2787 3923 3142 3992 προτιμῶμεν
3180 3923 3274 3976 καί⁵
3321 3923 3421 3994 τὴν
3455 3923 3738 3995 ἀλήθειαν,

2165 4016 2240 4077 ώς
2268 4013 2536 4083 πλήρωμα
2566 4014 2730 4082 νόμου
2753 4013 2953 4082 ταύτην
2983 4012 3390 4082 ὑποδεξάμενοι.
3427 4012 3516 4076 Ὠς
3543 4015 3609 4068 ἂν
3645 4012 3742 4069 οὖν

501 4114 654 4167 nium
684 4113 845 4166 etiam
893 4110 1066 4165 oculis
1116 4109 1440 4177 subjiciatur
1477 4109 1530 4163 in
1570 4109 1832 4178 picturis;
1873 4111 2064 4164 statui-

2173 4105 2223 4158 τὸ
2247 4104 2449 4158 τέλειον
2481 4104 2582 4156 κάν
2605 4106 2723 4167 ταῖς
2752 4104 3223 4175 χρωματουργίαις
3251 4105 3307 4157 ἐν
3333 4106 3451 4168 ταίς
3480 4105 3742 4160 ἁπάντων

493 4217 626 4258 mus
665 4210 724 4256 ut.
761 4200 985 4270 posthac
1023 4199 1219 4252 veteris
1255 4197 1375 4268 agni
1423 4198 1563 4262 loco,
1605 4198 1790 4267 Agnus
1837 4198 1923 4252 ille
1971 4199 2063 4268 qui

2173 4197 2348 4265 ὂψεσιν
2380 4196 2793 4268 ύπογράφηται·
2824 4196 2914 4249 τὸν
2944 4194 3039 4249 τοῦ
3069 4195 3313 4267 αἴροντος
3335 4197 3437 4266 τὴν
3461 4197 3744 4267 ἁμαρτίαν

503 4291 642 4344 tollit
689 4297 968 4358 peccatum
1017 4286 1237 4350 mundi,
1299 4287 1534 4340 humana
1585 4286 1756 4340 forma
1802 4287 1964 4341 etiam
2007 4289 2062 4342 in

2173 4287 2258 4340 τοῦ
2287 4287 2490 4357 κόσμου
2517 4287 2689 4358 ἀμνοῦ
2719 4285 2952 4358 Χριστοῦ
2980 4286 3073 4341 τοῦ
3107 4285 3240 4340 Θεοῦ
3274 4287 3452 4357 ἡμῶν,
3484 4289 3628 4341 κατὰ
3648 4287 3741 4339 τὸν

501 4383 830 4453 imaginibus
878 4382 1150 4452 erigatur;
1202 4386 1263 4432 ut
1292 4391 1390 4448 per
1431 4378 1629 4448 ipsum.
1681 4379 2060 4434 celsitudinem

2173 4378 2498 4449 ἀνθρώπινον
2524 4378 2846 4448 χαρακτῆρα
2871 4392 2886 4409 ο
2924 4378 3018 4430 καὶ
3044 4377 3101 4430 ὲν
3132 4380 3250 4440 ταῖς
3276 4378 3478 4430 εἰκόσιν
3501 4377 3612 4430 ἀπὸ
3641 4377 3739 4431 τοῦ

502 4472 826 4527 humilitatis
860 4471 952 4525 Dei
989 4469 1147 4525 Verbi
1188 4469 1708 4538 comprehendentes
1746 4471 1947 4535 animo,
1994 4471 2061 4525 ad

2173 4469 2265 4522 νῦν
2309 4469 2429 4522 ἀντὶ
2463 4469 2556 4520 τοῦ
2591 4467 2820 4531 παλαιοῦ
2873 4470 3044 4537 ἀμνοῦ
3087 4466 3518 4536 ἀναστηλοῦσθαι
3556 4467 3742 4536 ὁρίζο-

502 4563 823 4619 memoriam
862 4561 1290 4618 conversationis
1331 4561 1491 4615 etiam
1545 4561 1600 4614 in
1643 4576 1805 4615 carne
1842 4570 1896 4615 et
1934 4576 2060 4615 cru-

501 4655 675 4708 ciatus
750 4653 944 4722 ipsius,
985 4667 1049 4706 ac
1086 4651 1378 4706 salutifera:
1423 4652 1632 4715 mortis,
1671 4652 1813 4705 unde
1859 4650 2059 4704 mundo

501 4745 638 4800 facta
670 4743 971 4813 redemptio
1003 4753 1107 4806 est,
1156 4742 1565 4796 deducamur“.
1604 4759 1624 4791 ι
1678 4741 1772 4795 His
1802 4757 1928 4811 ergo
1974 4740 2059 4794 in-

501 4835 691 4889 structi
739 4832 1088 4896 testimoniis,
1134 4831 1460 4894 charissimi,
1493 4845 1614 4884 cum
1651 4830 1735 4883 illa
1770 4840 1971 4896 nostra,
2005 4838 2061 4885 et

501 4927 569 4980 ab
601 4925 716 4995 ipsa
747 4924 978 4978 veritate
1017 4923 1242 4977 minime
1284 4921 1450 4975 dubia
1479 4920 1961 4983 demonstratione,
2001 4930 2060 4975 ut

500 5033 664 5086 supra
697 5017 1124 5071 demonstratum
1155 5023 1260 5077 est,
1305 5013 1541 5082 Vigilate,
1570 5013 1816 5075 obsecro,
1846 5021 1980 5065 state
2006 5013 2060 5065 in

499 5109 602 5176 [ide
641 5125 659 5162 :
704 5108 924 5161 viriliter
971 5107 1128 5174 agite,
1176 5113 1223 5157 et
1276 5103 1702 5173 confortamini”
1745 5121 1758 5157 :
1808 5105 1861 5156 in
1917 5103 2060 5156 nullo

503 5198 802 5256 terreamini
832 5197 895 5249 ab
922 5197 1237 5250 adversariis
1262 5195 1328 5258 “,
1361 5210 1535 5263 neque
1563 5209 1594 5247 a
1625 5193 1770 5247 falsis
1802 5193 2060 5248 fratribus

501 5288 591 5355 qui
640 5288 846 5341 seducti
886 5286 1128 5348 fuerunt,
1181 5293 1235 5338 et
1277 5285 1329 5337 in
1376 5285 1616 5337 fraudem
1665 5284 1908 5337 inducti:
1943 5300 2057 5353 qua:

2167 4576 2283 4628 μεν.
2329 4559 2407 4611 Δι’
2439 4558 2605 4610 αὐτοῦ
2636 4558 2696 4611 τὸ
2739 4559 2838 4627 τῆς
2871 4556 3246 4618 ταπεινώσεως
3291 4556 3420 4625 ὕψος
3462 4556 3559 4608 τοῦ
3597 4557 3733 4610 Θεοῦ

2163 4649 2335 4716 Λόγου
2370 4646 2754 4710 κατανοοῦντες
2775 4664 2787 4679 ·
2823 4647 2918 4700 καὶ
2947 4646 3082 4717 πρὸς
3109 4647 3330 4717 μνήμην
3359 4645 3458 4714 τῆς
3481 4647 3539 4700 ὲν
3566 4649 3734 4716 σαρκὶ

2163 4738 2458 4804 πολιτείας,
2489 4739 2581 4793 τοῦ
2631 4756 2689 4793 τε
2737 4738 2944 4802 πάθους
2989 4736 3178 4802 αὐτοῦ,
3204 4739 3296 4790 καὶ
3327 4737 3421 4789 τοῦ
3458 4739 3732 4808 σωτηρίου

2164 4829 2394 4884 θανάτου
2433 4830 2955 4900 χειραγωγούμενοι,
2983 4829 3077 4883 καὶ
3105 4828 3206 4896 τῆς
3233 4825 3489 4882 ἐντεῦθεν
3510 4831 3733 4900 γινομέ-

2163 4941 2261 4992 νης
2301 4922 2377 4988 τῷ
2413 4924 2602 4992 κόσμῳ
2639 4921 3091 4993 ἀπολυτρώσεως.
3124 4919 3340 4982 Ταύτας
3369 4915 3464 4973 οὖν
3494 4919 3731 4991 ἔχοντες,

2163 5015 2458 5085 ἀγαπητοὶ,
2490 5013 2589 5075 τὰς
2620 5014 2944 5084 μαρτυρίας,
2972 5012 3108 5082 μετά
3127 5013 3229 5081 τῆς
3250 5012 3464 5065 οῐκοθεν
3485 5013 3582 5066 καὶ
3605 5014 3732 5083 παρ’

2162 5103 2328 5172 αὐτῆς
2353 5106 2448 5172 τῆς
2471 5103 2724 5173 ἀληθείας
2749 5103 3148 5172 ἀναμφιλέκτου
3174 5101 3526 5167 ἀποδείξεως.
3549 5102 3731 5164 καθὼς

2162 5195 2665 5264 προαποδέδεικται,
2693 5194 3012 5265 παρακαλῶ,
3039 5203 3065 5246 Ι
3085 5192 3390 5261 ρηγορεῖτε
3413 5208 3426 5220 ·
3475 5192 3730 5257 στήκετε

2161 5285 2231 5336 ἐν
2257 5283 2330 5351 τῇ
2357 5286 2589 5338 πίστει·
2621 5283 2983 5352 ἀνδρίζεσθε,
3008 5283 3420 5351 κραταιοῦσθε,
3449 5282 3534 5350 μὴ
3581 5298 3730 5336 πτυ-

500 5378 608 5433 iilis
649 5388 722 5431 est
765 5395 923 5432 causa
966 5377 1287 5446 perditionis,
1343 5375 1483 5428 nobis
1532 5384 1705 5428 autem
1750 5375 1976 5429 salutis:
2009 5384 2055 5427 et

2173 5377 2396 5444 οόμενοι
2427 5376 2494 5428 ὲν
2514 5376 2721 5445 μηδενί
2751 5377 2870 5432 ὑπὸ
2899 5375 3018 5429 τῶν
3042 5374 3484 5444 ἀντικειμένων,
3515 5373 3639 5443 μηδ’
3662 5369 3728 5427 αὗ

570 5559 611 5588 ³⁵
653 5556 778 5610 Haec
815 5555 927 5625 ipsa
981 5553 1298 5625 testimonia
1329 5551 1513 5625 retulit
1539 5552 1590 5603 in
1624 5551 2027 5625 R_e_l'ul.r_Po_em.
2054 5553 2214 5625 Icon,
2238 5569 2420 5625 supra,
2446 5570 2500 5623 p.
2533 5555 2653 5613 154,
2690 5553 2768 5607 Ex
2802 5554 2916 5608 Vita
2959 5553 3015 5608 S.
3049 5549 3554 5625 PancratiiLExstat
3590 5548 3726 5625 apud

498 5619 849 5681 Bollandumf
909 5624 1143 5677 "Calat.
1174 5639 1252 5683 ιιι,
1285 5624 1340 5693 1;
1408 5623 1450 5652 ³⁸
1477 5621 1623 5673 hom.
1660 5622 1719 5693 l8
1738 5626 1790 5672 in
1812 5623 1866 5675 S.
1894 5622 2172 5675 Barlaam.
2203 5624 2243 5654 ³⁷
2273 5619 2345 5675 De
2369 5619 2569 5691 Spiritu
2594 5635 2774 5676 sancto
2818 5641 2866 5677 c.
2899 5625 2982 5688 18,
3009 5640 3063 5693 p.
3099 5623 3216 5677 l89.
3263 5623 3307 5652 “
3327 5621 3409 5693 Exi
3431 5619 3728 5693 Gamalam!

497 5697 828 5756 Antiochum,
856 5705 1045 5763 quaest.
1065 5695 1150 5764 59.
1176 5763 1195 5764 7
1224 5690 1380 5764 ἔξει
1409 5706 1569 5764 scrin.
1599 5691 1736 5764 lube
1765 5695 1978 5748 diversis
2009 5697 2276 5764 utriusque
2308 5688 2534 5749 Testam.
2569 5696 2715 5750 locis.
2790 5694 2990 5749 “Psal.
3012 5688 3184 5762 lxx",
3208 5693 3298 5751 20.
3375 5689 3415 5721 ⁵⁸
3457 5690 3596 5746 (an.
3638 5688 3724 5741 8i-

493 5767 537 5802 ⁸³
581 5767 596 5819 l
628 5768 751 5820 Cor.
787 5759 894 5829 xw,
930 5765 1016 5817 15.
1093 5763 1135 5795 ⁴³
1174 5763 1370 5829 Philip.
1406 5779 1444 5826 ι,
1479 5759 1568 5824 28,
1600 5761 1686 5815 50.
