3914 6528
157 522 281 585 H37

1369 513 1906 574 EPISTOLARUM
1938 512 2007 572 Ll
2021 513 2086 572 Β.
2123 511 2205 572 II.

3256 514 3392 580 1138

150 636 248 687 ὑπὸ
303 632 412 684 τῶν
478 630 976 684 ὑποσκελισθέντων
1027 628 1122 684 καὶ
1180 627 1710 700 φρεναπατηθέντων

1835 640 1905 677 ioc
1934 640 1966 677 a
1998 624 2138 687 Deo;
2169 625 2312 680 sicut
2337 624 2602 695 scriptum
2632 635 2717 681 est
2747 641 2762 681 :
2800 626 2939 691 Quia
2970 628 3112 682 vobis
3139 629 3392 686 donatum

143 721 553 792 ψευδαδέλφων·
605 720 776 784 ἠτις
827 719 1021 781 ἐστὶν,
1061 715 1266 781 αὐτοῖς
1305 714 1420 785 μὲν
1463 713 1720 779 ἔνδειξις

146 814 463 879 ἀπωλείας,
509 811 654 881 ἡμῖν
713 811 781 864 δὲ
829 811 1160 879 σωτηρίας·
1211 809 1315 862 καὶ
1368 808 1545 863 τοῦτο
1601 807 1720 860 ἀπὸ

151 905 313 968 Θεοῦ,
350 903 496 957 καθὰ
524 905 870 973 γέγραπται·
901 901 1026 954 Ὅτι
1051 900 1196 970 ὑμῖν
1225 899 1384 972 [Reg.
1419 900 1542 955 cod.
1564 897 1720 971 ἡμῖν]

146 989 427 1062 ἐχαρίσθη
455 991 572 1047 ἀπὸ
605 991 754 1046 Θεοῦ
783 990 849 1044 τὸ
880 990 1036 1058 ὑπὲρ
1065 989 1173 1044 τοῦ
1199 989 1480 1057 Χριστοῦ,
1512 990 1585 1043 οὑ
1616 990 1723 1058 μό·

149 1102 254 1138 νον
291 1084 358 1137 τὸ
393 1086 480 1148 εὶς
515 1081 703 1136 αὑτὸν
745 1080 1074 1146 πιστεύειν,
1121 1081 1281 1134 ἀλλὰ
1325 1080 1424 1134 καὶ
1462 1080 1527 1133 τὸ
1569 1079 1724 1147 ὑπὲρ

145 1175 328 1228 αὑτοῦ
366 1171 630 1241 πάσχειν
654 1188 671 1204 ·
710 1172 819 1225 τὸν
845 1169 1034 1225 αὐτὸν
1063 1167 1264 1238 ἀγῶνα
1295 1167 1565 1236 ἔχοντες,
1595 1161 1726 1221 οῖον

149 1265 331 1319 elders
371 1265 441 1317 ἐν
467 1263 595 1317 ἐιιοι
630 1261 710 1331 τῷ
756 1259 1088 1331 ἁμαρτωλῷ,
1136 1258 1234 1313 καὶ
1267 1259 1414 1313 ’νῦν
1451 1259 1723 1313 ἀκούετε.

151 1355 664 1424 Συμφρονοῦντες,
719 1349 1215 1421 συμψυχοῦντες,
1272 1349 1726 1416 συναθλοῦντες

146 1446 223 1515 τῇ
257 1447 454 1500 πίστει
482 1445 588 1500 τοῦ
616 1445 991 1514 Εὑαγγελίου
1013 1459 1028 1475 ·
1054 1443 1206 1514 μετὰ
1235 1443 1426 1512 φόϐου
1465 1443 1564 1496 καὶ
1592 1443 1726 1510 τρό-

143 1557 263 1608 μου
306 1539 420 1603 τὴν
463 1535 695 1592 ἑαυτῶν
734 1537 1038 1603 σωτηρίαν
1086 1533 1568 1604 κατεργαζόμενοι
1591 1549 1606 1564 ·
1640 1533 1728 1587 ἵνα

152 1631 363 1684 ἀκούων
392 1631 457 1682 τὰ
484 1630 612 1699 περὶ
646 1627 800 1697 ὑμῶν
829 1627 1003 1698 χαίρω
1041 1629 1070 1681 ό
1103 1626 1446 1698 ἁμαρτωλός.
1491 1625 1727 1679 Βλέπετε

149 1723 242 1774 τὸν
265 1721 512 1774 Σατανᾶν
533 1737 549 1753 ·
585 1718 812 1788 βλέπετε
842 1719 939 1790 τὴν
967 1718 1282 1792 παρρησίαν
1303 1736 1318 1752 ·
1350 1721 1512 1790 ὁρᾶτε
1540 1719 1614 1790 μή
1644 1734 1729 1781 τις

151 1815 210 1867 ἐν
237 1830 343 1866 τινι
375 1812 783 1883 ωραπικράνοι
828 1812 921 1864 τὸν
966 1811 1119 1865 Θεόν.
1180 1812 1239 1865 '0
1282 1811 1392 1883 γὰρ
1441 1811 1656 1882 δράκων
1700 1814 1728 1866 ό

155 1905 347 1974 μέγας,
386 1902 709 1973 πολύτεκνός
749 1903 869 1956 ἐστι
900 1903 993 1956 καὶ
1029 1901 1378 1970 πολύπειρος.
1408 1902 1599 1956 Ἔνθεν
1637 1903 1727 1957 διὰ

1820 726 1895 770 est
1918 734 1950 769 a
1977 715 2085 771 Deo
2113 733 2208 786 pro
2239 715 2469 780 Christo,
2502 734 2604 770 non
2629 717 2798 772 solum
2829 727 2886 771 ut
2914 719 2970 772 in
2997 736 3115 773 eum
3145 723 3392 785 credatis,

1819 806 1909 860 sed
1959 817 2017 860 ut
2071 809 2232 861 etiam
2281 825 2377 876 pro
2421 807 2513 861 illo
2563 809 2846 876 patiamini
2883 824 2902 862 :
2940 809 3076 862 idem
3130 820 3397 864 certamen

1820 896 2084 961 habentes,
2111 896 2266 965 quale
2295 897 2499 950 vidistis
2553 898 2607 949 in
2647 912 2763 956 me.
2795 904 3103 966 peccatore,
3159 907 3209 950 et
3263 914 3399 951 nunc

1822 989 2022 1043 auditis
2065 1004 2083 1043 :
2142 989 2278 1043 idem
2321 990 2623 1051 sentientes,
2668 989 2965 1053 unanimes,
3013 988 3398 1044 collaborantes

1821 1079 1944 1147 ﬁdei
1986 1077 2263 1150 Evangelii
2295 1093 2314 1132 :
2355 1095 2474 1132 cum
2521 1088 2660 1132 metu
2694 1089 2743 1132 et
2777 1088 3002 1134 tremore
3046 1080 3272 1135 salutem
3314 1097 3400 1135 oe-

1823 1181 1993 1223 stram
2021 1179 2298 1239 operantes
2321 1169 2368 1201 “
2395 1187 2410 1223 :
2447 1179 2507 1224 ut
2533 1185 2634 1240 ego
2671 1179 2924 1241 peccator
2958 1171 3242 1240 gaudeam,
3269 1187 3397 1225 cum

1824 1261 1991 1315 audio
2014 1260 2082 1316 de
2111 1261 2290 1316 vobis.
2317 1260 2509 1316 Videte
2535 1261 2792 1316 Satanam
2821 1280 2834 1316 :
2869 1262 3048 1317 videte
3076 1261 3397 1317 audaciam:

1824 1353 2005 1407 videte
2053 1368 2123 1408 ne
2179 1355 2304 1423 quis
2354 1354 2409 1408 in
2439 1354 2550 1408 ullo
2598 1354 2768 1408 Deum
2799 1353 2994 1409 irritet.
3047 1354 3219 1410 Draco
3249 1354 3397 1408 enim

1826 1458 2078 1513 magnus,
2108 1445 2260 1498 vafer
2283 1453 2338 1499 et
2363 1444 2595 1500 callidus
2614 1444 2670 1499 in
2700 1445 2876 1500 varias
2895 1454 3082 1515 partes
3108 1459 3168 1500 se
3195 1452 3397 1500 versat.

1827 1530 1931 1587 Ubi
1956 1547 2053 1601 per
2083 1532 2243 1588 ﬁdem
2278 1532 2552 1602 perimere
2577 1548 2687 1587 non
2716 1541 2916 1602 potest.
2940 1532 3049 1586 illic
3070 1547 3167 1602 per
3190 1531 3400 1600 lapsum

1831 1622 2083 1676 eamdem
2151 1623 2452 1692 perniciem
2492 1622 2653 1677 nobis
2685 1621 2819 1692 ipsis
2849 1621 3048 1676 allerre
3090 1621 3273 1677 studet
3303 1634 3401 1691 per

1831 1713 2003 1784 legem
2057 1714 2265 1784 peccati
2315 1722 2714 1785 repugnantem
2772 1713 2874 1784 legi
2924 1713 3125 1769 mentis
3173 1721 3399 1768 nostra.

1833 1803 2016 1875 Rugit,
2046 1805 2244 1874 quaerit
2277 1806 2419 1859 sicut
2449 1805 2535 1859 leo
2563 1820 2727 1874 quem
2762 1805 2956 1874 rapiat,
2989 1804 3188 1870 titillat,
3222 1804 3402 1876 ignem

1831 1897 2103 1962 accendit,
2149 1895 2488 1952 inﬂammare
2527 1896 2676 1968 cupit
2718 1897 2914 1952 animae
2941 1897 3186 1952 domum.
3223 1896 3404 1951 Habe-

152 1996 387 2058 πίστεως
437 1995 534 2064 οὐχ
585 1993 830 2065 εὑρίσκει
879 1995 1100 2048 ὀλέσαι·
1146 1995 1354 2048 ἐκεῖθεν
1404 1995 1592 2065 τρέχει
1636 1995 1725 2048 διὰ

1835 2004 1957 2044 mus
1989 2005 2020 2043 a
2057 1988 2168 2044 Deo
2195 1989 2340 2044 unde
2365 1989 2514 2044 illum
2544 1990 2936 2053 disturbemus,
2968 2003 3166 2057 aquam
3188 1989 3401 2058 capitis,

159 2085 599 2156 παραπτώματος
622 2085 684 2138 τὸ
708 2085 842 2139 αὐτὸ
871 2084 1041 2140 κακὸν
1065 2085 1482 2158 ἀπεργάσασθαι
1505 2086 1564 2143 ὲν
1590 2087 1725 2156 ἡμῖν

153 2177 338 2238 αὐτοῖς
382 2175 471 2230 διὰ
511 2173 606 2228 τοῦ
637 2176 1189 2248 ἁντιστρατευομένου
1220 2177 1383 2248 νόμου
1417 2178 1514 2248 τῆς
1544 2180 1727 2249 ἁμαρ.

150 2267 271 2330 τίας
306 2266 383 2336 τῷ
409 2267 556 2338 νόμῳ
587 2266 679 2320 τοῦ
704 2269 823 2330 νοὸς
847 2269 1022 2338 ἡμῶν.
1052 2269 1350 2340 Βρυχᾶται,
1380 2272 1630 2342 ἐπιτηρεῖ
1649 2271 1727 2334 ὡς

153 2359 291 2412 λέων
326 2360 600 2429 ἀρπᾶσαι,
631 2359 977 2430 γαργαλίζει·
1003 2359 1112 2432 πῦρ
1139 2360 1402 2415 ἀνάπτει·
1438 2362 1727 2434 ὲμπιπρᾷν

145 2449 407 2519 ὀρέγεται
438 2449 528 2502 τὸν
560 2446 707 2503 οἷκον
746 2451 845 2520 τῆς
876 2450 1073 2521 ψυχῆς.
1110 2450 1348 2522 Ἐχομεν
1394 2454 1458 2507 ὲκ
1484 2453 1619 2507 Θεοῦ
1660 2455 1728 2509 τὰ

151 2538 516 2608 καθαιρετικὰ
561 2539 724 2592 αὐτοῦ
759 2540 1102 2611 ἀμυντήρια·
1135 2540 1278 2611 ὕδωρ
1316 2544 1577 2614 κεφαλῆς,
1618 2561 1729 2614 πη-

149 2630 254 2700 γὴν
314 2629 603 2700 δακρύων·
644 2631 900 2697 δεήσεις·
941 2633 1270 2701 προσευχάς.
1315 2634 1440 2688 Ἐπὶ
1482 2636 1646 2690 πᾶσιν
1701 2638 1729 2689 ό

152 2720 298 2782 θεῖος
336 2719 502 2787 φόϐος
537 2719 772 2790 σιδηρῶν
799 2720 893 2773 καὶ
925 2719 1177 2791 καθηλῶν
1202 2722 1302 2785 τὰς
1341 2723 1551 2794 σάρκας
1573 2725 1728 2794 ήμῶν

152 2809 316 2864 ἔστω.
351 2807 616 2880 Μηδαμωῗι
645 2807 835 2876 φθόνος
863 2809 1168 2874 αὖλιξέσθω
1188 2827 1204 2842 ·
1239 2811 1363 2882 μηδ’
1388 2808 1453 2867 αὖ
1477 2812 1623 2885 ἔρις·
1654 2818 1729 2886 μὴ

153 2903 263 2971 μὴν
292 2899 569 2964 κενοδοξία
589 2916 604 2930 ·
635 2899 772 2972 μήτε
799 2917 851 2953 τι
880 2900 986 2954 τῶν
1011 2900 1191 2972 ἔργων
1212 2901 1306 2956 τοῦ
1333 2903 1556 2967 σκότους
1579 2921 1594 2935 ·
1628 2906 1732 2969 ἕως

151 2992 240 3044 ὅτε
269 2990 565 3060 ἀκροϐολεῖ
606 2989 673 3043 τὰ
707 2990 854 3062 πάθη
880 2991 1257 3063 ὲκκρουόσθω·
1286 2993 1372 3046 ἵνα
1403 2995 1475 3065 μὴ
1504 2997 1730 3048 εἰσοικι-

153 3081 360 3134 σθὲντα
403 3080 498 3134 καὶ
542 3081 904 3151 φαρμάξαντα
942 3083 1042 3152 τὴν
1089 3080 1266 3152 ψυχὴν
1309 3083 1732 3138 δυσαπάλλακτα

151 3173 402 3241 γένηται.
463 3170 518 3224 '0
568 3170 994 3241 ἀγωνιζόμενος
1053 3173 1252 3228 πάντα
1295 3175 1728 3244 ἐγκρατεύεται.

153 3262 362 3328 Οὕτως
390 3261 646 3331 τρέχετε,
672 3262 771 3316 ἵνα
792 3262 1195 3332 καταλάϐητε·
1227 3265 1479 3320 ὑπείκετε
1505 3269 1552 3320 οι
1579 3268 1732 3339 taxat-

149 3370 230 3407 τοι
282 3326 710 3424 τοῑςνπρώτοις.
739 3356 822 3408 Οὐ
860 3354 968 3423 γάρ
1002 3326 1172 3410 ἐστιν
1211 3326 1674 3427 ἀκαταστασίας
1700 3363 1733 3414 ό
1762 3326 1804 3382 C

153 3441 324 3508 Θεὸς,
363 3442 504 3496 ἀλλ’
523 3442 787 3511 εἰρήνης.
831 3445 1108 3514 ’Δγαπᾶτε
1154 3447 1349 3512 θεῖκῶς
1380 3452 1428 3502 οἱ
1464 3453 1735 3523 προηγού-

151 3551 309 3602 μενοι
339 3533 468 3598 τοὺς
499 3535 818 3604 ἑπομένους·
839 3538 933 3590 καὶ
968 3539 1044 3610 μὴ
1079 3539 1138 3607 ἐξ
1166 3541 1500 3608 αύθεντείας,
1532 3544 1646 3597 ἀλλ’
1677 3547 1736 3613 ἐξ

152 3624 364 3694 ἀρετῆς
396 3623 491 3677 καὶ
530 3623 871 3696 ἀγαθότητος
913 3629 1234 3700 ἀπαιτοίητε
1263 3632 1322 3684 τὺ
1351 3631 1734 3698 ὑποτακτικὸν,

150 3715 247 3768 καὶ
270 3714 536 3786 ὑπήκοον.
559 3714 652 3786 Μὴ
673 3717 973 3786 χωρίζεσθε
1000 3719 1096 3772 ἀπ’
1126 3721 1390 3794 ἀλλήλων,
1418 3723 1739 3793 ἀμείὸοντες

156 3805 394 3870 πολλοὺς
440 3805 690 3876 πρώτους
721 3805 786 3879 [ί.
818 3808 1063 3882 τόπους],
1107 3813 1201 3865 καὶ
1251 3814 1488 3884 οὐδαμοῦ
1541 3833 1736 3888 χρησι-

156 3897 448 3965 μεύοντες.
481 3896 709 3967 Μάρκον
741 3897 834 3951 τὸν
861 3899 1254 3972 εύαγγελιστὴν
1278 3903 1374 3972 οὐχ
1401 3904 1575 3959 εἵλετο
1601 3923 1738 3976 συμ-

157 3986 503 4056 παραλαόεῖν
536 3988 768 4055 Παῦλος,
793 3990 869 4054 ὡς
893 3990 1222 4062 γέγραπται,
1249 3994 1336 4048 διὰ
1362 3997 1421 4049 τὸ
1452 3999 1525 4068 μὴ
1553 3973 1738 4052 συνελ-

157 4076 293 4139 θεῖν.
328 4077 444 4133 ἀλλ’
479 4079 615 4133 οῐκοι
649 4081 984 4153 ἀναστρέψαι
1009 4085 1069 4135 τὸ
1098 4085 1380 4156 πρότερον.
1417 4089 1573 4159 Πόσῳ
1604 4091 1736 4160 μᾶλ-

156 4169 250 4222 λον
280 4172 444 4241 ἡμεῖς
463 4173 748 4241 -όφειλέται
772 4175 942 4246 ἐσμὲν
966 4177 1245 4247 στέργεινς
1279 4178 1571 4247 ’Ἕκαστος
1599 4183 1669 4237 ἐν
1690 4177 1738 4250 ᾧ

155 4259 414 4328 ἐκλήθη,
437 4261 710 4331 ἀδελφοὶ,
745 4265 815 4318 ἐν
844 4268 1028 4332 τούτῳ
1053 4267 1299 4337 μενέτω.
1333 4272 1739 4342 Καθαρίζωμεν

149 4350 436 4418 ἑαυτοὺς,
466 4353 787 4423 ἀγαπητοὶ,
836 4357 927 4412 ἀεὶ
974 4358 1093 4412 ἀπὸ
1139 4362 1368 4428 παντὸς
1413 4365 1736 4433 μολυσμοῦ

149 4442 390 4510 σαρκός
416 4445 514 4496 και
542 4446 882 4514 πνεύματος
899 4462 914 4476 ·
944 4447 1363 4518 ἐπιτελοῦντες
1392 4454 1738 4524 ἁγιωσύνην

148 4535 224 4588 ἐν
254 4537 426 4604 φόϐῳ
453 4537 601 4591 Θεοῦ
663 4539 773 4606 Τὰς
809 4543 1174 4608 παραδόσεις
1209 4545 1492 4612 κρατεῖτε,
1520 4547 1594 4614 ἀς
1620 4549 1736 4603 ἐδι-

151 4624 421 4718 δάχθητε
446 4642 461 4656 ·
498 4631 803 4718 Ϋκατηχεττε
836 4631 1130 4702 ἀλλήλους·
1165 4635 1472 4706 ὑπόμνησιν
1518 4639 1730 4708 λαμὸάο
1766 4663 1812 4718 D
1838 4641 2113 4696 Christum

149 4731 276 4769 νετε
309 4716 401 4769 ἀεὶ
424 4717 519 4770 τοῦ
551 4719 803 4774 θανάτου.
834 4720 1074 4792 Εὔχεσθε
1103 4721 1217 4792 οὖν,
1250 4729 1572 4796 παρακαλῶ,
1597 4731 1737 4801 ὑπὲρ

153 4805 401 4860 πάντων.
450 4809 773 4879 Εὑλογεῖτε
819 4813 962 4879 τοὺς
996 4813 1324 4884 διώκοντας
1350 4819 1504 4888 ὑμᾶς
1524 4837 1538 4852 ·
1563 4823 1740 4877 εὐλο-

149 4897 337 4965 γεῖτε,
365 4898 466 4951 καὶ
495 4899 584 4968 μὴ
622 4902 960 4970 καταρᾶσθε
983 4921 996 4933 ·
1032 4909 1449 4980 περιερχόμενοι
1479 4913 1544 4964 ἑκ
1573 4913 1738 4967 τόπου

148 4991 234 5054 εἰς
265 4991 458 5054 τόπον,
494 4992 900 5064 ὑστερούμενοι,
930 4995 1258 5068 θλιϐόμενοι,
1287 5005 1738 5074 κακουχούμενοι·

151 5085 211 5135 ὲν
249 5081 520 5154 ἐρημίαις
559 5087 653 5137 καὶ
693 5086 843 5155 ὄρεσι
882 5088 1261 5159 πλανώμενοι·
1307 5094 1339 5163 ἢ
1377 5095 1516 5165 τάχα
1549 5097 1642 5149 καὶ
1679 5098 1738 5150 ὲν

149 5174 321 5237 ὀπαῖς
350 5175 452 5244 τῆς
483 5177 586 5246 γῆς
613 5179 937 5243 εἰσδύοντες.
973 5184 1199 5253 Δύχείτε
1237 5187 1318 5240 ὅτι
1350 5188 1440 5243 διὰ
1480 5190 1738 5261 Χριστὸν,

149 5267 236 5319 δτι
265 5265 427 5336 ὑμῶν
451 5267 552 5321 οὐκ
576 5268 724 5334 ἄξιος
749 5272 777 5324 ό
805 5273 1025 5343 κόσμος.
1061 5277 1375 5347 Ἐνέγκατε,
1395 5281 1584 5335 τεκνία
1611 5301 1734 5352 μου,

151 5357 368 5421 τεκνία,
419 5359 676 5427 ἐνέγκατε
737 5367 950 5435 μικρὸν,
992 5369 1088 5421 καὶ
1128 5369 1408 5425 ἐλεύσεται
1461 5374 1666 5444 Κύριος
1709 5378 1738 5428 ό

155 5447 576 5518 στεφανοδότης,
635 5453 663 5502 ό
713 5451 1146 5524 μισθαποδότης·
1191 5451 1251 5510 οὗ
1304 5461 1737 5533 συγκληρονόμοι

153 5538 490 5608 γεγενῆσθαι
552 5543 977 5614 ὲπητγὲλμεθα·
1025 5546 1210 5616 Εἴπερ
1269 5551 1735 5623 συμπάσχομεν,

153 5627 259 5682 ἵνα
304 5632 404 5684 καὶ
431 5632 946 5706 συνδοξασθῶμεν
966 5655 979 5669 ·
1014 5640 1106 5692 ἐπὶ
1137 5642 1271 5694 πᾶσι
1312 5648 1738 5716 προσευχόμενοι

1837 2081 2199 2151 lacrymarum
2234 2080 2465 2148 fontem,
2501 2082 2950 2152 supplicationes,
2990 2081 3286 2136 orationes.
3321 2078 3406 2134 Sit

1834 2171 1889 2225 in
1923 2171 2179 2227 omnibus
2210 2172 2371 2226 timor
2408 2171 2523 2238 Dei,
2564 2172 2656 2241 qui
2706 2187 2926 2226 carnem
2968 2177 3208 2226 nostram
3241 2169 3404 2224 robo-

1834 2270 1917 2315 ret
1945 2270 2003 2316 et
2034 2261 2289 2333 conligat.
2335 2259 2612 2332 Nusquam
2647 2261 2849 2317 invidia
2877 2261 3104 2325 habitet,
3136 2276 3240 2317 nec
3270 2275 3406 2315 con-

1835 2354 2027 2418 tentio,
2059 2370 2162 2410 nec
2190 2356 2371 2410 inanis
2397 2357 2587 2426 gloria,
2612 2371 2715 2411 nec
2740 2357 3035 2426 quidquam
3059 2356 3126 2411 de
3147 2355 3405 2425 cperibus

1835 2445 2185 2500 tenebrarum
2231 2463 2244 2500 :
2292 2447 2420 2502 dum
2475 2448 2654 2502 adhuc
2701 2457 2988 2518 emergunt
3040 2455 3096 2502 et
3153 2447 3407 2501 oriuntur

1833 2537 2296 2605 perturbationes,
2344 2547 2673 2593 arceantur:
2716 2553 2787 2594 ne
2830 2551 3116 2608 pOStquam
3154 2537 3406 2593 admissas

1836 2628 2063 2693 fuerint,
2101 2631 2449 2699 animamque
2479 2630 2791 2697 infecerint,
2821 2631 3094 2688 dilIicilius
3125 2630 3406 2700 erpellan-

1835 2727 1943 2774 tur.
1970 2718 2074 2784 Qui
2099 2719 2155 2773 in
2176 2736 2342 2790 agone
2360 2721 2644 2784 contendit,
2669 2721 2733 2774 alt
2756 2723 2995 2776 omnibus
3019 2738 3073 2776 se
3095 2721 3321 2774 abstinet
3336 2718 3403 2774 “.

1835 2808 1922 2864 Sic
1951 2811 2164 2873 currite,
2197 2821 2256 2864 ut
2286 2812 2732 2880 comprehendatis
2745 2811 2792 2845 “
2825 2830 2839 2866 :
2876 2813 3052 2867 cedite
3113 2810 3392 2868 novissimi

1837 2903 2050 2970 primis.
2091 2901 2210 2956 Non
2237 2904 2376 2956 enim
2399 2913 2472 2957 est
2498 2905 2833 2958 dissensionis
2862 2903 3022 2969 Deus,
3056 2905 3146 2958 sed
3172 2903 3320 2974 pacis
3334 2903 3402 2959 ".

1841 2993 2074 3066 Diligite,
2107 2995 2248 3049 sicut
2274 2995 2443 3075 Deus,
2473 2996 2748 3075 praepositi
2775 2997 3060 3052 subditos:
3104 3005 3161 3051 et
3189 3012 3296 3052 nou
3337 3011 3407 3053 ex

1837 3089 2182 3156 auctoritate,
2222 3090 2316 3144 sed
2341 3105 2404 3144 ex
2434 3072 2635 3145 virtute
2657 3100 2712 3145 et
2740 3090 2983 3146 bonitate
3009 3091 3405 3161 subjectionem

1837 3181 2064 3252 exigatis
2091 3190 2146 3235 et
2170 3181 2558 3236 obedientiam.
2588 3181 2665 3236 Ne
2693 3182 3024 3252 separamini
3055 3185 3122 3236 ab
3146 3182 3405 3245 invicem,

1839 3274 1954 3326 loca
2009 3272 2179 3326 multa
2237 3281 2536 3336 mutantes,
2593 3282 2649 3328 et
2703 3289 2972 3343 nusquam
3034 3273 3404 3344 proﬁcientes.

1839 3365 2078 3419 Marcum
2113 3365 2502 3434 evangelistam
2534 3379 2720 3421 secum
2761 3380 3041 3420 assumere
3067 3365 3240 3420 noluit
3269 3364 3407 3420 Pau-

1837 3457 1940 3521 lus;
1986 3456 2131 3512 sicut
2161 3457 2429 3528 scriptum
2463 3454 2632 3523 est",
2678 3471 2744 3512 eo
2788 3457 2934 3527 quod
2977 3472 3087 3512 non
3122 3459 3254 3513 isset
3279 3472 3402 3514 cum

1836 3547 1924 3611 iis,
1958 3549 2052 3603 sed
2083 3549 2230 3603 domi
2266 3549 2418 3619 prius
2447 3550 2820 3606 remansisset.
2851 3549 3067 3616 Quanto
3094 3551 3263 3622 magis
3304 3564 3409 3607 nos

1837 3640 2183 3707 acquiescere
2218 3640 2524 3694 debemus?
2567 3641 2928 3710 Unusquisque
2967 3642 3022 3693 in
3052 3657 3154 3711 quo
3192 3651 3407 3696 vocatus

1837 3739 1934 3792 est,
1976 3732 2189 3800 fratres,
2247 3731 2303 3784 in
2343 3731 2439 3784 hoc
2488 3733 2881 3800 permaneat".
2929 3733 3238 3788 Mundemus
3290 3751 3404 3797 nos.

1837 3821 2036 3886 dilecti,
2071 3838 2274 3892 semper
2317 3822 2381 3876 ab
2411 3825 2554 3876 omni
2588 3824 2981 3893 inquinamento
3009 3825 3186 3878 carnis
3218 3834 3266 3878 et
3300 3826 3409 3894 spi-

1837 3914 1992 3975 ritus,
2023 3913 2344 3982 perﬁcientes
2389 3914 2863 3983 sanctiﬁcationem
2904 3916 2958 3968 in
3004 3916 3188 3968 timore
3227 3915 3383 3970 Dei”

1841 4002 2028 4058 Tenete
2063 4006 2376 4057 traditiones
2411 4022 2542 4074 quas
2581 4006 2835 4059 didicistis
2851 4007 2893 4037 “
2928 4023 2941 4058 :
2975 4005 3226 4060 ittstruite
3269 4007 3410 4060 invi-

1839 4111 1990 4160 cem,
2047 4103 2280 4150 mortem
2338 4110 2558 4159 semper
2611 4098 2923 4166 recogitate.
2972 4095 3133 4152 Orate
3185 4097 3404 4166 itaque-

1838 4187 2104 4249 obsecro.
2162 4202 2261 4256 pro
2312 4187 2590 4242 omnibus.
2639 4187 2937 4242 Benedicite
2985 4192 3408 4260 persequentibus

1839 4292 1926 4330 vos
1954 4291 1973 4329 :
2019 4277 2336 4341 benedicite,
2400 4286 2448 4331 et
2508 4277 2668 4331 nolite
2723 4276 3032 4330 maledicere
3052 4279 3094 4309 ⁵¹
3125 4295 3138 4331 :
3175 4277 3409 4332 circum-

1839 4376 2035 4421 euntes
2078 4367 2296 4422 deloco
2340 4367 2394 4421 in
2440 4367 2642 4432 locum,
2687 4377 2932 4439 egentes,
2980 4368 3288 4439 angustiati,
3329 4367 3411 4422 ai-

1839 4457 1968 4513 ﬂieti
1993 4458 2060 4521 ⁸³,
2096 4457 2148 4509 in
2180 4457 2412 4513 desertis
2445 4467 2502 4512 et
2528 4458 2805 4512 montibus
2833 4468 3104 4521 errantes,
3130 4458 3309 4512 forsan
3349 4469 3408 4515 et

1839 4563 2104 4604 cavernas
2131 4558 2291 4606 terra:
2319 4549 2611 4603 intrantes.
2654 4549 2974 4604 Gloriamini
3015 4551 3141 4618 quia
3185 4559 3409 4620 propter

2166 4658 2180 4695 :
2231 4639 2357 4710 quia
2411 4640 2566 4695 vobis
2617 4640 2815 4710 dignus
2861 4655 2973 4695 non
3015 4652 3099 4695 est
3144 4643 3405 4696 mundus.

1838 4731 2139 4793 Sustinete,
2172 4730 2326 4784 ﬁlioli
2371 4732 2479 4786 mei
2516 4749 2528 4785 :
2565 4729 2737 4798 ﬁlioli,
2777 4732 3045 4788 sustinete
3086 4733 3402 4789 modicum:

1837 4832 1892 4877 et
1921 4822 2107 4876 veniet
2152 4821 2413 4876 Dominus
2452 4838 2666 4877 corona:
2695 4825 2870 4890 dator,
2916 4833 2972 4879 et
3009 4826 3278 4880 mercedis
3320 4842 3407 4883 re-

1839 4911 2075 4966 tributor
2105 4930 2119 4965 :
2156 4912 2313 4980 cujus
2353 4926 2454 4964 nos
2486 4913 2799 4969 cohaeredes
2828 4916 2943 4969 fore
2974 4917 3131 4971 nobis
3171 4917 3405 4988 promis-

1839 5018 1960 5057 sum
1993 5011 2115 5057 est:
2148 5001 2205 5057 Si
2245 5011 2421 5056 tamen
2468 5008 2834 5072 compatimur,
2879 5018 2933 5060 ut
2971 5018 3020 5062 et
3048 5010 3409 5079 congloriﬁce-

1846 5093 2048 5156 mur”,
2086 5094 2141 5148 in
2185 5095 2442 5148 omnibus
2464 5105 2826 5166 orantes,pro
2865 5113 2952 5153 me
2978 5099 3145 5153 etiam
3187 5102 3406 5161 misero.

1847 5196 1906 5241 ut
1936 5185 2292 5240 conﬁrmetur
2327 5202 2422 5240 cor
2452 5203 2634 5243 meum
2673 5190 2740 5245 ad
2779 5193 3103 5260 perferenda
3135 5210 3306 5266 usque
3339 5197 3410 5252 ad

1848 5287 2080 5332 mortem
2109 5293 2174 5332 ea
2203 5294 2323 5347 quae
2355 5280 2512 5334 nobis
2555 5281 2874 5352 inﬂiguntur
2900 5302 2914 5338 :
2946 5293 3008 5341 ut
3048 5302 3156 5343 non
3186 5289 3407 5358 repellat

1850 5383 1937 5422 me
1964 5367 2212 5422 Christus
2233 5377 2453 5438 propter
2478 5371 2853 5444 indignitatem
2879 5391 3052 5431 meam
3081 5395 3097 5433 :
3124 5387 3185 5434 ut
3207 5379 3410 5436 liberer

1847 5475 1878 5512 a
1912 5459 2052 5512 malo
2089 5472 2187 5528 per
2224 5459 2406 5514 omnia
2449 5477 2856 5534 usquequaque.
2888 5465 3044 5524 Nunc
3072 5470 3218 5536 vivo,
3271 5472 3410 5527 dile-

1839 5549 2088 5615 ctissimi,
2121 5548 2250 5604 dum
2274 5552 2431 5605 statis
2464 5551 2520 5607 in
2552 5553 2796 5610 Domino.
2824 5556 2950 5622 Qua:
2969 5569 3044 5614 est
3066 5562 3206 5616 enim
3233 5572 3412 5618 nostra

1840 5657 1975 5710 spes,
2009 5648 2104 5692 aut
2140 5640 2414 5709 gaudium,
2451 5652 2542 5695 aut
2574 5660 2760 5698 corona
2799 5647 3079 5717 gloriae”?
3109 5650 3296 5705 Nonne
3325 5670 3412 5707 vos

230 5784 293 5871 ις.
321 5783 514 5871 ςὴίιίρ.
547 5810 610 5854 ιι,
643 5793 734 5871 ιε.
762 5797 915 5871 __“_l
944 5799 1067 5854 Cor.
1106 5817 1178 5866 nt,
1212 5802 1303 5856 ‘25.
1383 5805 1427 5836 ⁸⁵
1466 5806 1598 5860 ibid.
1632 5809 1722 5862 24-

1835 5811 1844 5840 ν
1887 5799 2061 5871 lCor.
2089 5815 2196 5861 xw,
2222 5802 2308 5856 55.
2388 5797 2431 5832 ⁸⁸
2471 5803 2583 5857 Act.
2623 5821 2709 5869 xv,
2749 5809 2836 5862 58.
2916 5808 2999 5863 ⁸νί
3029 5810 3153 5865 Cur.
3188 5827 3283 5871 vn.
3318 5811 3411 5870 24.

251 5852 476 5942 l-IHCorf
505 5852 606 5927 VII,
638 5866 684 5919 l.
759 5867 803 5899 ³¹
846 5852 1301 5936 Τίιεεείιι-,Ἶῖῖ-
1331 5874 1374 5905 "
1415 5852 1722 5942 ιιὶἐίίιῗχῖιῖ

1890 5852 2150 5925 ἰεἠυιπ.
2186 5852 2382 5936 itu—[37.
2460 5852 2709 5930 mea]
2737 5852 2848 5942 GI.)
2889 5880 2970 5933 Π.

161 5937 226 5981 ιι.
273 5927 350 5978 l9.

3080 5882 3124 5912 "
3166 5881 3181 5933 l
3217 5882 3411 5942 Thess.
