3914 6484
548 416 679 484 H39

1727 430 1784 489 S.
1818 426 2206 489 THEODORI
2238 426 2581 486 8¹1ἭῡῐΤ.-Ε

3633 420 3765 485 1140

538 535 659 588 estis
697 543 809 588 tum
851 534 904 588 iu
946 529 1069 598 hoc,
1104 545 1213 589 tum
1246 535 1299 589 in
1332 535 1515 591 futuro
1546 540 1780 593 saeculo?
1810 538 1917 593 Vos
1950 539 2095 593 enim

2209 538 2291 590 καὶ
2322 537 2463 607 ὑπὲρ
2492 536 2624 605 ἐμοῦ
2650 534 2743 588 τοῦ
2773 533 2956 587 ἀθλίου
2982 551 2993 565 ·
3029 533 3116 586 ἵνα
3145 551 3245 603 μου
3277 534 3555 605 στερεωθῇ
3584 537 3617 605 ἡ
3644 555 3764 606 καρ.

537 636 591 680 et
620 626 876 679 solatium
908 627 1209 690 charitatis,
1244 637 1297 682 et
1325 629 1622 684 consolatio
1648 646 1766 685 mea
1797 633 1947 686 estis.
1976 630 2099 700 Ipse

535 724 708 767 autent
738 713 878 767 Deus
905 716 1048 783 pacis
1075 715 1366 784 sanctiﬁcat
1393 733 1479 769 vos
1506 733 1599 785 per
1633 717 1807 770 omnia
1830 731 1849 770 :
1879 726 1934 769 ut
1964 718 2097 769 inte-

535 822 625 874 ger
654 807 868 874 spiritus
908 816 1091 870 vester,
1122 818 1171 861 et
1200 810 1404 874 anima,
1441 819 1488 862 et
1526 825 1709 878 corpus
1747 810 1859 862 sine
1887 809 2096 878 querela

534 899 853 952 servetur“.
899 898 1098 953 Fidelis
1146 898 1286 954 Deus
1315 910 1523 965 noster,
1556 899 1770 963 fratres,
1802 899 1894 967 qui
1922 907 1979 953 et
2020 899 2099 952 fa-

532 988 660 1042 ciet.
710 987 953 1044 Salutate
974 992 1190 1045 invicem
1238 992 1293 1045 in
1314 991 1489 1045 osculo
1537 993 1795 1046 sancta".
1839 991 2100 1046 Salutatio

534 1090 678 1136 mea,
721 1077 942 1133 humilis
973 1079 1245 1135 Theodori
1284 1082 1349 1136 ad
1378 1084 1558 1136 omnia
1596 1083 1836 1137 membra
1872 1098 1991 1137 mea
2031 1100 2093 1138 ex

534 1165 693 1221 labiis
731 1171 909 1224 cordis
956 1173 1086 1225 mei.
1137 1171 1388 1226 Salutant
1436 1188 1533 1227 vos
1573 1174 1665 1243 qui
1710 1188 1922 1228 mecum
1970 1184 2096 1229 sunt

538 1257 750 1313 fratres.
785 1261 968 1316 Gratia
1004 1278 1125 1317 cum
1157 1264 1348 1333 spiritu
1380 1276 1581 1319 vestro.
1614 1266 1804 1319 Amen.
1944 1256 1948 1259 ’

2198 628 2286 681 δία
2324 629 2564 695 ἐνεγκεῖν
2593 626 2755 698 μέχρι
2788 625 3020 678 θανάτου
3042 624 3110 677 τὰ
3139 626 3454 695 ὲνπαγόμενα
3484 628 3621 696 ἡμῖν
3641 644 3655 655 ο
3688 630 3768 682 ἵνα

2204 720 2276 789 μή
2316 736 2383 784 με
2410 717 2694 788 ἀπώσηται
2742 717 2974 787 Χριστὸς
3023 716 3110 769 διά
3149 717 3247 787 τὴν
3274 716 3608 787 ἀναξιότητά
3636 735 3765 787 μου·

2201 808 2288 861 ἵνα
2315 807 2493 877 ῥυσθῶ
2516 808 2621 859 ἀπὸ
2649 806 2740 859 τοῦ
2771 805 3008 877 πονηροῦ
3035 807 3124 858 διὰ
3147 804 3346 868 παντὸς
3369 807 3427 857 ὲν
3454 806 3621 857 παντὶ
3648 808 3770 875 τρό-

2202 916 2308 969 πῳ.
2334 900 2445 953 Νῦν
2471 900 2567 963 ζῶ,
2591 900 2885 970 ἀγαπητοὶ,
2912 899 3003 951 ὲάν
3032 899 3189 964 ὑμεῖς
3220 899 3446 967 στήκετε
3474 898 3532 949 ἐν
3560 898 3766 967 Κυρίῳ.

2207 992 2303 1056 Τίς
2337 991 2446 1058 γὰρ
2478 989 2645 1057 ἡμῶν
2674 990 2864 1053 ἐλπίς,
2902 989 2939 1057 ἣ
2971 988 3187 1058 lupam")
3222 989 3522 1057 στέφανος
3547 991 3771 1057 καυχή·

2201 1098 2383 1146 σεως;
2417 1082 2552 1135 ἀλλ’
2589 1081 2723 1151 οὐχὶ
2760 1082 2927 1149 ὑμεῖς
2955 1085 3047 1133 καλ⁵
3077 1082 3134 1132 ὲν
3164 1080 3240 1149 τῷ
3267 1079 3361 1133 νῦν
3382 1082 3562 1144 αίῶνι,
3597 1082 3692 1134 καὶ
3715 1084 3771 1133 ἐν

2202 1172 2277 1243 τῷ
2310 1173 2581 1243 μέλλοντι;
2613 1176 2721 1238 ναὶ,
2746 1173 2900 1241 ὑμεῖς
2924 1173 3032 1242 γὰρ
3050 1172 3143 1225 καὶ
3166 1172 3513 1241 παραμύθιον
3530 1175 3768 1243 ἀγάπης,

2204 1266 2298 1319 καὶ
2326 1264 2671 1334 παράκλησίς
2705 1280 2827 1334 μου.
2855 1265 3047 1328 Αὐτὸς
3076 1263 3143 1316 δὲ
3162 1267 3194 1317 d
3226 1266 3367 1330 Θεὸς
3398 1265 3507 1331 τῆς
3532 1264 3772 1333 εἰρήνης

533 1349 775 1417 ἁγιάσαι
803 1351 959 1420 ὑμᾶς
988 1343 1310 1423 ὃλοτελεῑς,
1337 1358 1435 1411 καὶ
1475 1360 1813 1426 ὀλόκληρον
1855 1357 2022 1427 ὑμῶν
2080 1357 2146 1411 τὸ
2184 1359 2438 1427 πνεῦμα,
2492 1359 2589 1411 καὶ
2617 1359 2654 1425 ἡ
2713 1360 2905 1428 ψυχὴ,
2975 1360 3069 1412 καὶ
3121 1359 3187 1418 τό
3246 1358 3413 1427 σῶμα
3459 1358 3772 1428 ἀμέμπτως

534 1444 831 1510 τηρηθείη.
862 1446 1057 1510 Πιστὸς
1088 1450 1115 1501 6
1143 1449 1272 1512 Θεὸς
1300 1450 1455 1519 ἡμῶν
1478 1466 1492 1481 ο
1528 1452 1586 1515 ὃς
1616 1452 1711 1505 καὶ
1755 1454 1989 1521 ποιήσει,
2029 1452 2263 1522 ἀδελφοί.
2309 1452 2685 1506 Ἀσπάσασθε
2744 1451 3055 1517 ἀλλήλους
3094 1451 3162 1505 ἐν
3187 1452 3473 1520 φιλήματι
3508 1452 3674 1517 ἁγίῳ.
3716 1452 3773 1506 ’0

535 1532 822 1605 ἀσπασμός
853 1555 953 1606 μου
981 1538 1074 1591 τοῦ
1099 1542 1353 1594 ταπεινοῦ
1377 1541 1652 1613 Θεοδώρου
1679 1544 1814 1613 πρὸς
1839 1543 2015 1596 πάντα
2064 1543 2135 1596 τά
2198 1544 2336 1614 μέλη
2384 1562 2484 1612 μου
2533 1542 2641 1595 ἀπὸ
2692 1541 2913 1612 χειλέων
2967 1561 3068 1613 μου
3114 1543 3362 1614 καρδίας.
3391 1544 3772 1609 Ἀσπάζονται,

538 1628 682 1697 ὑμᾶς
716 1631 764 1683 οἱ
800 1631 919 1699 μετ’
947 1631 1083 1701 ἐμοῦ
1104 1633 1341 1700 ἀδελφοί.
1380 1634 1446 1687 Ἦ
1471 1634 1629 1704 χάρις
1662 1635 1799 1701 μετά
1823 1635 1915 1688 τοῦ
1943 1634 2252 1705 πνεύματος
2284 1635 2457 1702 ὑμῶν.
2497 1635 2689 1704 Ἀμήν.

728 1773 822 1829 ΙΧ.
856 1805 925 1817 -—
960 1774 1186 1846 Josepho
1222 1777 1383 1847 fratri
1409 1789 1457 1832 et
1492 1780 1897 1847 archiepiscopo.

2220 1781 2295 1834 ϐ’.
2329 1810 2396 1821 -
2419 1778 2633 1850 Ἰωσὴφ
2663 1776 2903 1847 ἀδελφῷ
2934 1778 3031 1833 καὶ
3064 1779 3532 1849 ἁρχιεπισκόπῳ.
3556 1780 3743 1853 [ρνα’.]

1327 1894 1655 1955 Quorumdam
1677 1897 2123 1959 praevaricationem
2145 1900 2314 1948 deflet.
2362 1898 2561 1959 (Baron.
2594 1912 2672 1947 an.
2697 1898 2804 1959 815,
2831 1911 2878 1946 ιι.
2913 1897 3015 1960 11.)

612 1998 841 2068 Semper
866 2000 999 2054 mihi
1030 2002 1265 2071 Optabile
1308 2004 1548 2059 scribere
1578 2007 1852 2061 sanctitati
1884 2017 2006 2071 tute,
2041 2023 2104 2061 ac
2135 2019 2176 2073 Β

538 2100 690 2145 tanto
737 2092 929 2162 magis,
982 2102 1187 2161 quanto
1230 2094 1403 2148 exsilii
1450 2096 1618 2150 nostri
1675 2097 1914 2166 longiora
1973 2108 2101 2153 sunt

538 2183 816 2238 intervalla
852 2201 864 2238 :
900 2184 1026 2239 facit
1056 2185 1199 2239 enim
1230 2195 1289 2240 ut
1316 2188 1538 2256 propius
1589 2188 1989 2257 quodammodo
2013 2206 2103 2243 ve-

534 2277 680 2330 niam
712 2277 764 2329 in
800 2276 1164 2330 venerabilem
1221 2288 1571 2347 conspectum
1623 2290 1795 2345 tuum,
1848 2290 1902 2335 et
1953 2281 2101 2335 leva-

536 2383 661 2422 men
693 2367 850 2421 afl'ert
880 2368 996 2437 ipsa
1030 2369 1105 2422 tui
1134 2368 1461 2424 allocutione
1496 2388 1509 2423 :
1548 2371 1692 2439 quod
1719 2381 1775 2425 et
1802 2387 1945 2425 nunc
1965 2388 2102 2442 quo-

537 2474 643 2527 que
671 2459 866 2513 accidit
894 2460 1127 2528 graviter
1158 2460 1407 2514 maerenti
1432 2460 1500 2514 ob
1526 2461 1789 2530 proditam
1818 2477 1848 2516 a
1878 2464 2104 2532 quibus-

535 2547 659 2601 dam
687 2549 991 2618 prapositis
1020 2551 1326 2605 veritatem.
1360 2550 1428 2605 Ut
1457 2552 1600 2606 enim
1624 2552 1734 2622 jam
1784 2554 1934 2609 novit
1979 2570 2105 2610 san-

536 2641 696 2695 ctitas
744 2653 855 2707 tua,
903 2654 1059 2697 vetus
1106 2643 1193 2696 illa
1224 2645 1488 2711 custodia,
1538 2645 1825 2715 Iosephus,
1862 2647 2101 2717 inquam,

536 2731 769 2786 adulteri
800 2733 1101 2802 copulator,
1147 2733 1540 2798 Photinodites,
1581 2734 1946 2803 Heracleotes,
1996 2739 2105 2794 Me-

536 2822 790 2888 diciotes,
830 2823 1112 2895 Mylianus,
1154 2825 1617 2895 Hypolichniotes,
1651 2828 1943 2892 Gulasates,
1969 2842 2044 2895 et,
2071 2848 2103 2885 o

536 2926 818 2986 peccatum
846 2934 1027 2973 meum
1051 2920 1063 2973 Ξ
1087 2920 1246 2973 etiam
1271 2920 1668 2986 Phlubutenus,
1700 2924 1865 2977 stulta
1894 2924 2103 2994 simpli-

537 3010 699 3065 citate
742 3020 954 3080 captus,
1011 3013 1254 3067 unanimi
1312 3030 1600 3081 consensu,
1648 3017 2111 3086 dispensationem

536 3104 743 3161 Scilicet
800 3116 1224 3177 propugnantes,
1265 3108 1474 3178 abrepti
1509 3110 1577 3164 ab
1611 3125 1677 3165 eo
1709 3108 1800 3179 qui
1851 3111 1975 3165 talia
2009 3126 2107 3179 pa-

540 3202 682 3249 trare
716 3196 853 3250 solet
898 3197 1159 3267 Josepho,
1188 3210 1307 3268 post
1343 3198 1596 3255 Satanam
1641 3202 1907 3265 abierunt,
1941 3202 2106 3256 semel

536 3296 700 3356 atque
748 3288 944 3342 iterum
992 3302 1115 3343 eum
1156 3290 1337 3359 impiis
1360 3292 1843 3346 communicantes.
1891 3292 2006 3358 Qua
2040 3292 2108 3347 de

2286 2006 2439 2076 Ἐμοὶ
2469 2006 2530 2058 τὸ
2570 2005 2906 2059 ἐπιστέλλειν
2958 2008 3023 2077 τῇ
3081 1989 3359 2077 ἁγιωσύνῃ
3404 2022 3499 2059 σου
3545 2006 3776 2059 πάντοτε

2202 2097 2435 2166 ποθητόν
2455 2112 2468 2126 ·
2512 2098 2606 2151 καὶ
2636 2097 2887 2151 τοσοῦτον
2915 2098 3045 2150 ὅσον
3078 2099 3169 2151 καὶ
3196 2097 3256 2151 τὸ
3287 2099 3388 2168 τῆς
3417 2099 3775 2170 περιορίσεως

2200 2189 2475 2259 διάστημα
2516 2190 2851 2260 μακρότερον
2877 2206 2889 2221 ·
2937 2190 3104 2258 ἔγγὺς
3138 2191 3246 2259 γάρ
3281 2207 3349 2260 με
3388 2194 3538 2244 ποιεῖ
3580 2190 3677 2244 τοῦ
3702 2208 3779 2243 τι-

2206 2280 2329 2349 μίου
2357 2279 2651 2348 προσώπου
2696 2297 2787 2333 σου
2814 2297 2827 2311 ·
2859 2281 2953 2335 καὶ
2992 2280 3273 2352 ῥᾳστώνην
3304 2283 3529 2352 ἐμποιεῖ
3556 2283 3647 2337 διὰ
3682 2284 3778 2353 τῆς

2203 2375 2644 2442 προσφωνήσεως
2663 2387 2678 2403 ο
2711 2367 2799 2425 οἶα
2829 2374 2923 2426 καὶ
2954 2371 3048 2425 νῦν
3077 2372 3340 2444 λυπηρῶς
3357 2375 3701 2444 διακειμένῳ
3723 2376 3780 2427 ὲν

2202 2466 2268 2534 τῇ
2319 2464 2425 2517 τῶν
2476 2482 2637 2518 τινων
2686 2464 3005 2534 ἡγουμένων
3057 2466 3317 2536 προδοσίᾳ
3363 2466 3460 2535 τῆς
3498 2466 3777 2535 ἀληθείας.

2206 2554 2322 2608 Ἵνα
2349 2556 2456 2625 γὰρ
2481 2550 2587 2607 οἵδέ
2618 2571 2711 2607 σου
2749 2556 2781 2624 ἡ
2810 2554 3043 2625 ὁσιότης,
3073 2556 3155 2609 ὅτι
3186 2558 3219 2626 ὴ
3253 2556 3419 2609 πάλαι
3449 2558 3776 2611 κουστωδίαο

2205 2645 2347 2713 λέγω
2377 2645 2442 2715 δὴ
2479 2646 2676 2715 Ἰωσὴφ
2702 2647 2729 2698 6
2762 2645 3173 2716 μοιχοζεύκτης,
3207 2647 3235 2699 6
3276 2647 3726 2718 Φωτεινουδίτης,
3753 2651 3780 2701 6

2217 2733 2645 2806 Ἡρακλειώτης,
2670 2737 2697 2789 6
2716 2734 3089 2807 Μηδικιώτης,
3124 2738 3153 2788 6
3175 2737 3466 2803 Μυλιανδς,
3500 2742 3530 2792 6
3572 2740 3782 2794 ’Υπολι-

2206 2825 2461 2897 χνιώτης,
2483 2828 2512 2880 6
2531 2827 2880 2897 Γουλαιάτης,
2913 2826 3047 2878 ἀλλά
3080 2824 3180 2894 φεῦ
3214 2826 3313 2896 τῆς
3338 2829 3619 2899 ἁμαρτίας
3648 2829 3775 2900 μουι

2205 2919 2287 2972 ὅτι
2336 2918 2432 2971 καὶ
2475 2920 2504 2971 6
2548 2919 2945 2989 Φλουσουτηνὸς
2983 2916 3137 2990 [863.
3180 2919 3302 2974 cod.
3340 2918 3778 2992 Φ).ου6ουτινδς],

2208 3009 2530 3079 συλληφθεὶς
2576 3009 2635 3074 ἐξ
2662 3011 2889 3078 ἄφρονος
2919 3009 3223 3080 ἁπλότητος
3246 3026 3259 3041 °
3295 3011 3665 3082 ὁμοθυμαδὸν,
3694 3030 3781 3082 μι-

2207 3100 2339 3169 κρὸν
2395 3101 2678 3162 ὲνστάντες
2732 3100 2891 3170 δῆθεν
2954 3102 3297 3172 οἰκονομίας,
3365 3104 3781 3173 ὑφορμηθέντες

2209 3191 2357 3260 παρά
2393 3190 2488 3242 τοῦ
2532 3191 2783 3254 εἰωθότος
2828 3192 3261 3262 κατεργάζεσθαι
3292 3193 3362 3245 τά
3389 3193 3619 3247 τοιαῦτα
3670 3195 3780 3249 Ἰω-

2210 3281 2341 3352 σὴφ,
2366 3280 2739 3352 ἐξετράπησαν
2766 3284 2940 3337 ὀπίσω
2964 3283 3057 3337 τοῦ
3093 3285 3325 3347 Σατανᾶ,
3352 3288 3781 3355 κοινωνήσαντες

538 3387 702 3427 causa
737 3372 1000 3427 benevole
1024 3374 1254 3439 dimissi,
1294 3375 1348 3428 in
1379 3389 1617 3429 errorem
1646 3391 1803 3430 suum
1831 3376 2105 3431 instabiles

2209 3371 2356 3436 ἅπαξ
2382 3374 2475 3425 καὶ
2505 3373 2585 3437 δὶς
2617 3376 2729 3437 τοῖς
2755 3374 3029 3428 ἀσεϐέσιν.
3066 3374 3153 3427 Ἐν
3180 3367 3225 3442 ᾧ
3253 3376 3345 3428 καὶ
3371 3377 3619 3446 εὐμενῶς
3649 3380 3781 3431 ἀποο

542 3463 843 3533 impellunt.
904 3463 1230 3531 Quinetiam,
1266 3476 1323 3520 ut
1349 3478 1588 3537 apparet,
1616 3467 1864 3522 Nicaznus
1891 3483 2105 3537 quoque

539 3552 595 3606 in
628 3552 837 3606 ruinam
860 3554 1069 3623 positus
1099 3563 1181 3609 est
1210 3554 1611 3625 episcoporum.
1641 3555 1919 3611 Revocant
1958 3557 2104 3611 enim

539 3645 608 3698 ab
639 3645 867 3711 exsiliis,
902 3654 959 3701 ut
1016 3646 1137 3701 talia
1174 3645 1394 3701 faciant.
1448 3648 1516 3701 Et
1570 3648 1673 3702 nisi
1721 3662 1822 3702 nos
1879 3647 2107 3703 fulciens

541 3735 833 3803 praeveniat
886 3751 1078 3789 manus
1124 3736 1241 3801 Dei,
1274 3736 1513 3807 perimus
1554 3747 1608 3793 et
1636 3753 1735 3791 nos
1763 3738 1853 3807 qui
1904 3738 2105 3793 residui

539 3841 748 3879 sumus.
780 3825 919 3891 Quid
950 3842 1077 3894 ergo
1102 3828 1346 3896 estquod
1365 3829 1628 3882 etiterunt
1661 3830 1713 3881 in
1744 3844 1843 3882 nos
1875 3829 2106 3883 humiles

539 3936 662 3973 cum
688 3920 876 3989 paucis
894 3920 1014 3973 aliis
1040 3920 1356 3974 incumbere
1382 3918 1558 3973 fabula
1585 3919 1797 3974 videtur
1817 3920 1838 3973 ?
1865 3919 2105 3990 Exsurge

540 4013 739 4080 itaque,
771 4011 850 4065 vir
876 4010 991 4076 Dei,
1014 4018 1269 4079 tanquam
1316 4010 1558 4079 pontifex
1590 4011 1788 4065 Christi
1820 4012 1930 4065 veri
1956 4012 2107 4081 prin-

538 4106 676 4176 cipis
704 4116 1004 4176 pastorum,
1029 4116 1287 4175 tantoque
1320 4105 1639 4175 impensius,
1676 4114 1877 4175 quanto
1896 4106 2106 4161 caeteris

537 4198 793 4253 omnibus
870 4198 1241 4268 superemines
1308 4197 1543 4252 culmine
1614 4196 1930 4262 sacerdotii,
1996 4211 2105 4251 uno

538 4291 780 4359 dempto,
806 4290 895 4360 qui
923 4290 976 4343 in
999 4290 1182 4343 abdito
1214 4289 1486 4343 detinetur
1520 4304 1533 4339 :
1575 4288 1822 4357 Cleri/ica
1857 4290 2021 4343 Deum
2050 4292 2105 4344 in

539 4400 752 4453 corpore
782 4392 869 4436 tuo
903 4392 951 4437 et
980 4384 1034 4436 in
1056 4383 1246 4450 spiritu
1275 4390 1364 4434 tuo
1390 4382 1456 4435 ⁸⁸.
1506 4380 1621 4435 Νοιι
1672 4382 1886 4451 penitus
1917 4383 1970 4436 in
2019 4384 2103 4436 in-

540 4476 656 4530 sula
716 4475 1042 4545 relinqueris
1076 4494 1091 4529 -.
1126 4475 1364 4530 exerceri
1422 4474 1643 4529 forsitan
1684 4483 1739 4530 et
1788 4476 1997 4545 probari
2029 4485 2102 4542 te,

540 4565 683 4620 sicut
713 4576 886 4627 antea,
918 4575 1147 4633 Oportet,
1182 4573 1241 4618 ut
1271 4580 1524 4619 coronam
1555 4567 1679 4620 inde
1724 4566 1931 4621 referas
1981 4567 2105 4620 illu-

539 4658 812 4712 striorem.
843 4656 953 4709 Heu
976 4659 988 4709 !
1011 4658 1113 4709 heu
1137 4661 1148 4709 ι
1170 4657 1352 4719 frater,
1375 4657 1429 4709 in
1445 4672 1563 4725 quae
1582 4665 1821 4725 tempora
1847 4657 2102 4712 reservati

539 4747 767 4802 sumus?
787 4747 891 4802 Sed
921 4747 1088 4817 gratia
1121 4755 1295 4801 tamen
1334 4746 1381 4800 ei
1413 4747 1504 4815 qui
1540 4747 1834 4801 reservavit
1866 4765 1880 4800 :
1915 4746 1981 4802 Et
2011 4748 2106 4801 hoc

540 4856 573 4891 a
604 4839 731 4901 Deo,
781 4838 857 4892 ait
907 4836 1218 4906 Apostolus,
1252 4839 1399 4907 quia
1431 4838 1574 4891 nobis
1614 4839 1864 4891 donatum
1896 4848 1968 4891 est
2012 4855 2105 4907 pro

539 4928 765 4992 Christo,
793 4943 895 4980 non
918 4927 1085 4979 solum
1130 4935 1185 4979 ut
1215 4927 1269 4979 in
1295 4942 1413 4979 eum
1451 4928 1742 4991 credamus,
1803 4928 1891 4980 sed
1946 4930 2106 4980 etiam

540 5027 595 5069 ut
626 5034 718 5084 pru
749 5018 840 5069 illo
862 5017 1133 5085 patiamur
1160 5017 1227 5069 ⁸⁸.
1285 5015 1403 5071 Non
1429 5016 1673 5086 despexit
1714 5017 1974 5071 Dominus
2003 5018 2107 5071 hu-

540 5105 818 5159 militatem
862 5114 1106 5159 nostram
1156 5105 1211 5159 in
1247 5106 1314 5160 iis
1363 5121 1483 5175 qua:
1530 5116 1933 5161 antecesserunt
1968 5125 1979 5159 :
2013 5106 2107 5161 sed

542 5214 717 5267 neque
740 5213 904 5262 nunc,
928 5212 1106 5266 spero,
1132 5198 1390 5267 despiciet
1419 5200 1771 5253 reverentiam
1806 5210 1981 5252 tuam:
2010 5200 2104 5253 sed

542 5288 685 5341 sicut
718 5296 868 5350 tunc,
902 5287 974 5340 ita
1009 5296 1063 5341 et
1101 5303 1245 5342 nunc
1297 5288 1725 5358 magnificabitur
1764 5289 2012 5343 Christus
2051 5290 2103 5341 in

542 5394 766 5447 corpore
799 5388 910 5443 tuo,
944 5377 1145 5433 faciens
1184 5395 1345 5448 supra
1402 5380 1618 5434 modum
1682 5379 2103 5433 misericordiam

543 5486 694 5523 suam
724 5470 791 5524 ad
816 5471 1184 5524 ostensionem
1230 5471 1445 5525 virtutis
1488 5478 1612 5524 tuae.
1668 5469 1979 5539 Propterea,
2026 5470 2106 5523 vir

541 5570 749 5625 sancte,
794 5570 847 5615 et
876 5562 1007 5615 mihi
1047 5576 1259 5630 quoque
1284 5562 1493 5631 porrige
1521 5577 1736 5615 manum
1758 5563 2104 5617 intercessio-

543 5651 649 5714 nis,
683 5663 740 5704 ut
792 5652 1079 5707 contirmer
1130 5662 1183 5706 et
1247 5668 1406 5706 eruar
1455 5653 1521 5706 ab
1590 5655 1870 5724 ingruente
1932 5655 2110 5708 hieme

616 5830 659 5862 "
699 5830 717 5884 Ι
759 5828 947 5883 Thess.
982 5846 1032 5894 ν,
1074 5829 1162 5883 25.
1240 5830 1281 5861 ⁸⁷
1328 5828 1367 5883 ll
1399 5829 1525 5885 Cor.
1568 5847 1683 5894 xm,
1732 5830 1812 5883 12.

1921 5830 1964 5862 °“
1996 5829 2013 5883 Ι
2047 5829 2170 5883 Cor.
2204 5844 2276 5892 γι,
2305 5829 2392 5881 20.

2210 3466 2479 3531 λυθέντες,
2513 3467 2823 3519 ἀλίσκουσιν
2868 3467 2938 3519 -ὲν
2983 3465 3060 3536 τῷ
3106 3466 3288 3537 οἰκείῳ
3346 3471 3606 3537 πτώματι
3656 3470 3781 3529 τοὺς

2211 3556 2593 3626 ἀστηρίκτους.
2629 3556 2768 3609 Ἀλλ’
2794 3554 2868 3609 ὼε
2911 3554 3076 3617 ἔοικε,
3107 3556 3202 3608 καὶ
3245 3556 3273 3607 6
3300 3556 3397 3625 τῆς
3427 3557 3667 3619 Νικαίας
3701 3559 3780 3620 είς

2211 3647 2411 3716 πτῶμα
2461 3651 2635 3700 κεῖται
2681 3644 2789 3698 τῶν
2834 3646 3168 3699 ἐπισκόπων.
3208 3646 3634 3700 Ἀνακαλοῦνται
3672 3648 3779 3719 γὰρ

2212 3739 2336 3799 τοὺς
2362 3739 2418 3789 ὲν
2448 3734 2683 3805 ὲξορίαις
2712 3734 2845 3805 πρὸς
2871 3734 2931 3787 τὸ
2962 3733 3029 3787 τὰ
3053 3736 3213 3804 ὅμοια
3234 3736 3455 3806 πρᾶξαι.
3483 3739 3596 3791 Καὶ
3626 3742 3675 3791 εἰ
3704 3741 3777 3810 μὴ

2212 3827 2562 3895 προφθάσειὴ
2583 3826 2704 3901 χεὶρ
2723 3824 2816 3877 τοῦ
2833 3823 2967 3878 Θεοῦ
2990 3826 3367 3895 ὑπερείδουσα,
3386 3827 3661 3901 ὀλλύμεθα
3683 3830 3778 3882 καὶ

2209 3918 2260 3969 οἱ
2293 3900 2728 3986 ὑπολειφθέντες.
2747 3916 2812 3969 Τί
2839 3912 2931 3970 οῦν
2956 3918 3102 3970 ἐστιν
3123 3918 3204 3970 ὅτι
3239 3920 3331 3970 καὶ
3353 3900 3635 3986 πάλιν,ῶς
3658 3922 3782 3989 φαί-

2212 4023 2381 4073 νεται,
2409 4010 2488 4068 εἰς
2519 4008 2663 4076 ἡμᾶς
2685 4007 2805 4069 τοὺς
2829 4008 3117 4070 ταπεινοὺς
3142 4007 3484 4077 περιίσταται
3511 4011 3573 4063 τὸ
3594 4010 3779 4080 δρᾶμα

2212 4100 2310 4151 σὺν
2343 4098 2573 4166 ὀλίγοιςς
2613 4098 2844 4151 Ἀνάστα
2864 4092 2977 4160 οῦν,
3005 4092 3050 4150 ὦ
3077 4098 3350 4169 ἄνθρωπε,
3378 4100 3474 4153 τοῦ
3497 4102 3637 4154 Θεοῦ
3658 4119 3672 4135 ·
3704 4103 3780 4166 ὡς

2210 4190 2499 4261 ἀρχιερεὺς
2536 4187 2631 4243 τοῦ
2670 4188 2905 4259 Χριστοῦ
2933 4188 3027 4241 τοῦ
3055 4189 3308 4261 ἀληθινοῦ
3346 4192 3739 4261 ἀρχιποιμένος
3760 4206 3776 4221 '

2212 4282 2305 4334 καὶ
2338 4281 2590 4334 τοσοῦτον
2618 4282 2738 4334 ὅσον
2779 4280 2885 4332 τῶν
2914 4275 3167 4334 ἁπάντων
3201 4275 3251 4333 εῐ
3280 4282 3562 4351 ὑπερέχων
3587 4286 3657 4353 τῇ
3690 4299 3782 4336 κε·

2213 4374 2394 4441 φαλίδι
2434 4374 2534 4443 τῆς
2575 4372 2898 4443 ἱερωσύνης,
2926 4371 3064 4441 πλὴν
3089 4372 3182 4424 τοῦ
3210 4374 3327 4435 ἑνὸς
3351 4374 3407 4425 ἐν
3439 4374 3779 4444 παραϐύστῳ

2212 4466 2489 4535 κειμένου.
2522 4465 2791 4527 Δόξασυν
2848 4465 2923 4532 δὴ
2968 4465 3076 4518 τὸν
3120 4465 3268 4519 Θεὸν
3309 4465 3377 4517 ἐν
3420 4463 3502 4529 τῷ
3548 4466 3781 4531 σώματί

2210 4572 2327 4609 σου
2350 4556 2447 4608 καὶ
2479 4555 2547 4608 ἐν
2572 4554 2652 4619 τῷ
2678 4556 2970 4624 πνεύματί
2996 4572 3110 4609 σου
3134 4572 3148 4587 ο
3181 4556 3242 4608 οὐ
3280 4554 3499 4617 πάντως
3524 4556 3779 4629 ἀφεθήσῃ

2210 4651 2267 4700 ὲν
2287 4650 2351 4716 τῇ
2372 4650 2547 4717 νήσῳο
2572 4649 2733 4717 τυχὸν
2763 4647 3121 4718 πειρασθῆναι
3144 4664 3201 4700 σε
3222 4647 3302 4699 δεῖ
3323 4648 3463 4701 κατά
3488 4650 3560 4704 τά
3586 4651 3776 4704 πάλαιο

2131 4718 2183 4776 D
2211 4738 2297 4791 ἵνα
2323 4739 2417 4791 καὶ
2444 4739 2766 4809 στεφανίτης
2794 4738 3077 4793 κάνταῦθα
3103 4738 3480 4810 λαμπρότερος
3502 4759 3607 4812 χρη
3618 4743 3781 4811 ματί-

2208 4845 2340 4892 σοις.
2370 4828 2437 4880 Ai
2461 4868 2475 4893 ,
2502 4829 2561 4882 αἲ
2586 4869 2600 4894 ,
2632 4828 2848 4899 ἀδελφὲ,
2879 4831 2959 4893 εἰς
3006 4830 3147 4893 οἴους
3186 4832 3409 4899 καιροὺς
3449 4832 3780 4904 ὲταμιεῦθη-

2210 4938 2346 4991 μεν;
2399 4920 2559 4974 Ἀλλὰ
2620 4922 2783 4992 χάρις
2823 4922 2971 4991 ὅμως
3026 4920 3103 4990 τῷ
3162 4924 3614 4995 ταμιευσαμένων
3680 4928 3778 4979 καὶ

2206 5012 2383 5066 τοῦτο
2406 5012 2523 5066 ἀπὸ
2547 5012 2713 5077 Θεοῦ,
2739 5013 2904 5082 φησὶν
2932 5014 2959 5065 ὁ
2987 5012 3323 5076 Ἀπόστολος,
3355 5012 3445 5067 ὅτι
3470 5016 3615 5083 ἡμῖν
3644 5017 3778 5085 ἐχα-

2200 5105 2385 5174 ρίσθη
2410 5105 2562 5172 ὑπὲρ
2589 5105 2867 5172 Χριστοῦ,
2894 5105 2966 5158 οὐ
2999 5105 3191 5174 μόνον
3226 5104 3291 5158 τὸ
3325 5108 3413 5171 εὶς
3450 5107 3640 5160 αὑτὸν
3683 5123 3778 5159 πι-

2208 5196 2467 5259 στεύειν,
2510 5195 2669 5249 me
2719 5195 2816 5249 καὶ
2863 5194 2929 5247 τὸ
2976 5194 3126 5263 ὑπὲρ
3154 5194 3342 5250 αὐτοῦ
3385 5197 3669 5265 πάσχειν.
3702 5197 3775 5249 υῦ

2206 5290 2430 5360 παρεῖδε
2464 5290 2663 5360 Κύριος
2692 5291 2789 5358 τὴν
2820 5289 3145 5343 ταπείνωσιν
3173 5289 3328 5359 ἡμῶν
3357 5293 3414 5343 ὲν
3436 5294 3548 5354 τοῖς
3574 5290 3772 5361 προλα-

2208 5378 2395 5433 ϐοῦσιν
2420 5395 2432 5408 ·
2468 5379 2580 5432 ἀλλ’
2608 5380 2728 5432 οὐδὲ
2765 5378 2880 5443 νῦν,
2905 5378 3159 5441 πέποιθα,
3188 5380 3522 5449 ὑπερόψεται
3567 5381 3666 5450 τῆς
3697 5399 3775 5432 τι-

2216 5469 2466 5540 μιότητός
2520 5485 2649 5521 σου·
2703 5469 2815 5521 ἀλλ’
2848 5470 2922 5532 ὼς
2951 5469 3249 5540 τηνικαῦτα
3289 5470 3464 5534 οὕτως
3515 5473 3610 5524 καὶ
3654 5472 3772 5541 ἄρτι

2215 5561 2679 5631 μεγαλυνθήσεται
2713 5562 2945 5630 Χριστὸς
2989 5564 3047 5613 ὲν
3086 5560 3160 5630 τῷ
3198 5560 3407 5629 σώματί
3440 5579 3535 5614 σου
3558 5580 3571 5594 ·
3609 5563 3776 5615 ποιῶν

2210 5655 2673 5726 ὑπερεκπερισσοῦ
2698 5654 2759 5705 τὸ
2788 5653 2932 5715 ἕλεος
2960 5653 3123 5706 αὑτοῦ
3157 5655 3238 5716 εἰς
3273 5653 3498 5719 ἔνδειξιν
3526 5656 3627 5725 τῆς
3652 5658 3775 5726 ἀρε-

2504 5828 2546 5859 "
2578 5826 2809 5899 Philipp.
2853 5828 2997 5895 1,28.
