3914 6496
196 473 330 536 1141

1390 475 1930 536 EPISTOLARUM
1993 477 2139 536 LIB.
2183 475 2269 536 ῙῘ.

3320 468 3456 533 1142

183 593 289 658 τῆς
316 605 430 641 σου.
455 588 545 639 Διὸ
567 586 779 658 ὀρέγοις
809 588 979 658 κάμοὶ
1005 588 1160 660 χεῖρα
1189 590 1611 661 πρεσϐευτικὴν,
1633 591 1764 654 ὄσιε¹

1879 606 2080 644 amara.
2138 590 2254 654 Sta,
2299 597 2351 643 et
2393 588 2686 658 propitium
2732 587 2836 654 fac,
2870 594 2930 641 ut
2987 586 3220 656 procella
3270 586 3326 640 in
3352 601 3453 640 au-

187 677 552 749 στηριχθῆναι
581 677 676 730 καὶ
719 677 958 748 σωθῆναι
987 679 1094 731 ἀπὸ
1120 677 1215 730 τοῦ
1248 677 1540 737 ἐνεστῶτος
1569 675 1771 746 χειμῶ-

183 787 279 833 νος
328 768 549 839 πικροῦ.
583 769 746 836 Στῆθι
796 771 888 821 καὶ
924 770 1163 832 ίλέωσαι,
1193 769 1641 838 μεταστραφῆναι
1671 766 1768 838 τὴν

181 861 479 927 καταιγίδα
505 861 585 924 είς
612 859 786 929 αὔραν
813 860 906 912 τοῦ
941 861 1097 926 ἀγίου
1136 860 1446 930 Πνεύματος
1470 877 1482 891 ·
1521 859 1729 926 γένοιτο
1754 860 1765 911 !

181 955 328 1017 Τοὺς
350 953 611 1022 ἀδελφοὺς
638 953 1016 1023 ἀσπαζόμενος
1043 953 1270 1005 πλεῖστα
1289 969 1303 983 ο
1337 953 1432 1006 καὶ
1461 951 1769 1021 παρακαλῶ

180 1045 288 1097 ὑπε
301 1044 592 1115 ρεύχεσθαί
629 1061 728 1115 μου
751 1047 850 1113 τῆς
870 1042 1270 1107 ταπεινώσεως.
1295 1045 1360 1096 Oi
1385 1043 1482 1096 σὺν
1511 1042 1635 1112 ἐμοί⁵
1657 1043 1770 1104 τοῖς

180 1136 311 1188 ποσί
340 1153 434 1189 σου
469 1135 925 1206 προσπίπτουσιν.

431 1275 488 1331 ι’.
517 1303 585 1314 --
604 1273 957 1342 Ναυκρατίῳ
985 1273 1201 1337 τέκνῳ.
1239 1268 1401 1342 [ρνβθ.

1876 697 1991 734 ram
2038 680 2272 749 Spiritus
2307 681 2476 734 sancti
2536 689 2885 736 convertatur
2921 697 2934 733 :
2973 681 3214 733 utinam!
3248 675 3451 732 Fratri-

1877 773 1978 826 bus
2006 774 2234 826 salutem
2259 773 2544 842 plurimam
2572 774 2713 838 dico,
2745 789 2841 828 eos
2866 773 3178 836 obsecrans,
3213 780 3272 825 ut
3294 782 3454 825 orent

1876 878 1975 932 pro
2000 863 2305 917 humilitate
2339 878 2478 917 mea.
2519 861 2623 929 Qui
2669 879 2883 920 mecum
2911 871 3057 931 sunt,
3087 862 3318 934 pedibus
3347 861 3456 918 tuis

1875 956 1976 1010 adv
1985 955 2260 1009 olvuntur.

2328 1265 2395 1320 Χ.
2427 1295 2499 1307 -
2525 1267 2819 1321 Naucratio
2846 1268 2979 1337 ﬁlio.

178 1440 474 1503 Dogmatica
499 1438 563 1487 de
587 1437 770 1486 sanctis
795 1434 1108 1499 imaginibus.
1149 1433 1225 1485 Ne
1248 1429 2123 1557 quorumdfﬁlggsuagergiligbgnliii;
2144 1429 2229 1554 inii
2252 1445 2264 1480 :
2293 1433 2462 1494 potius
2493 1444 2555 1482 eo
2580 1434 2686 1494 ipso
2712 1434 2996 1483 excitentur
3017 1433 3075 1481 ad
3099 1431 3443 1483 constantiam.

201 1657 204 1661 “
253 1655 476 1727 Πονηρά
508 1655 541 1724 ἡ
571 1652 801 1722 ἀγγελία
822 1651 933 1706 τῶν
956 1650 1304 1723 γραμμάτων
1334 1666 1450 1714 σου,
1478 1642 1522 1701 ὦ
1552 1647 1764 1700 τέκνονι

177 1753 303 1822 ἥτις
360 1747 724 1818 καθαψαμένη
774 1762 877 1816 μου
906 1745 1004 1814 τῆς
1038 1743 1302 1812 ταπεινῆς
1327 1742 1507 1812 ψυχῆς
1537 1739 1615 1810 τῷ
1652 1740 1767 1793 ὄντι

178 1845 447 1916 ώδύνησε,
468 1844 562 1896 καὶ
584 1840 818 1910 δάκρυον
846 1837 1292 1911 προσεκαλέσατο
1321 1835 1616 1906 καρδιακόν
1640 1849 1653 1863 ⁶
1676 1849 1764 1903 μι-

1947 1645 2223 1701 Pessimus
2265 1647 2490 1702 nuntius
2521 1647 2823 1702 litterarum
2871 1657 3109 1715 tuarum,
3143 1665 3176 1706 ο
3209 1650 3282 1706 fili
3312 1650 3445 1722 :qui

1871 1739 2032 1793 simul
2059 1740 2318 1794 humilem
2348 1743 2586 1795 animam
2631 1757 2805 1796 meam
2867 1743 3064 1813 attigit,
3097 1758 3284 1798 revera
3312 1760 3449 1799 con-

1873 1831 2128 1893 tristavit,
2157 1840 2212 1885 et
2240 1832 2420 1889 cordis
2482 1834 2746 1902 lacrymas
2806 1834 3016 1899 elicuit,
3072 1844 3281 1890 tantum
3333 1853 3445 1892 non

179 1935 320 2007 κροῦ
367 1937 499 2000 δεῖν,
528 1931 734 1988 ἀῦπνόν
777 1947 866 2000 μοι
911 1929 1010 1996 τὴν
1046 1927 1216 1980 νύκτα
1249 1924 1370 1978 καθ’
1398 1927 1464 1995 ἢν
1494 1921 1764 1992 ἐδεξάμην

1873 1924 2176 1977 insomnem
2213 1924 2341 1977 inihi
2373 1924 2607 1980 reddens
2639 1935 2855 1982 noctem
2907 1928 3050 2008 illam
3076 1944 3182 1998 qua
3235 1929 3444 1984 litteras

164 2029 276 2093 ﬁni.
329 2027 518 2096 χεῖρας
565 2023 664 2092 τὴν
704 2018 993 2090 ἐπιστολὴν
1045 2017 1412 2088 ἐμποιήσασα.
1449 2014 1618 2067 Τοῦτο
1663 2014 1760 2084 μὲν

177 2119 275 2170 ἐπὶ
309 2115 528 2168 πάντων
569 2112 680 2166 τῶν
710 2108 1193 2180 συμπεπτωκότων
1214 2120 1227 2135 ⁸
1263 2103 1554 2174 ἐξαιρέτως
1597 2102 1653 2156 δὲ
1682 2103 1763 2163 εἰς

177 2210 270 2263 τὸν
315 2208 414 2277 τῆς
459 2202 818 2271 Φλουὸουτῆς.
844 2200 967 2253 Ὀτι
1007 2201 1056 2252 οί
1103 2198 1199 2269 μὲν
1241 2199 1353 2260 τοῖς
1398 2193 1763 2276 προλαϐοῦσιν

178 2304 347 2371 ὃμοια
373 2300 468 2352 καὶ
491 2295 658 2352 τανῦν
688 2290 932 2365 ἔπραξαν
955 2308 967 2322 ·
999 2295 1026 2345 ὁ
1057 2293 1114 2346 δὲ
1146 2291 1251 2344 τῶν
1275 2290 1573 2343 δοκούντων
1601 2287 1762 2341 ἐστά-

177 2413 269 2448 ναι
299 2389 561 2462 ἀσφαλῶς
596 2385 945 2457 ἐγνωρίζετο.
990 2381 1330 2451 Ἐθαύμαζον
1361 2376 1472 2443 οὖν,
1498 2379 1578 2432 ἔτι
1602 2379 1763 2449 ἐστηο

177 2485 357 2539 κότων
391 2479 571 2534 αὐτῶν
592 2516 608 2542 ,
635 2479 718 2530 ὃτι
777 2475 850 2546 μὴ
891 2474 1322 2544 ὁμολογήσαντες
1355 2471 1454 2543 τὴν
1475 2470 1762 2539 ιπροτέραν

177 2577 276 2630 ἐπὶ
336 2571 555 2644 μοιχείᾳ
609 2568 704 2622 καὶ
753 2558 1309 2637 μοιχοξευξίᾳθῆτταν
1374 2561 1576 2626 αὐτῶν,
1637 2561 1763 2612 ἀντ-

175 2665 462 2732 εποιοῦντο
490 2663 580 2714 ἐπὶ
601 2663 666 2732 τῇ
701 2658 1034 2730 προκειμένῃ
1062 2657 1347 2710 ὑποθέσει·
1382 2657 1476 2709 καὶ
1503 2655 1643 2724 τάχα
1671 2654 1765 2706 ὑπ-

176 2762 368 2814 ενόουν
398 2756 505 2827 ἰδίᾳ.
537 2754 632 2806 καὶ
667 2751 786 2805 καθ’
821 2752 1045 2812 ἑαυτοὺς
1071 2749 1171 2819 τὴν
1209 2746 1572 2818 μεταμέλειαν
1603 2746 1764 2814 ἐσχη-

178 2853 374 2906 κέναι·
407 2848 503 2901 καὶ
545 2845 760 2914 ἔχαιρον
805 2844 832 2895 ὁ
863 2839 1115 2902 ταπεινὸς
1161 2837 1254 2892 ἐπὶ
1299 2840 1365 2908 τῇ
1407 2835 1764 2907 ὀρθοποδήσει

176 2920 384 2996 αὐτῶν.
425 2936 563 2990 Ἀλλ’
587 2935 661 2998 ὡς
689 2935 887 2997 ἔοικεν,
920 2934 976 2985 ἐν
1009 2931 1224 2998 σαθροῖς
1253 2930 1352 2997 τὴν
1375 2928 1550 2981 οἰκίαν
1583 2926 1763 2981 αὐτῶν

176 3031 661 3101 οἰκοδομήσαντες,
688 3027 766 3098 τῷ
792 3025 1012 3078 λαίλαπι
1039 3023 1139 3092 τῆς
1168 3021 1586 3094 προσπεσούσης
1616 3020 1765 3090 αἰρέ-

181 3142 344 3188 σεως,
382 3119 708 3174 πεπτώκασι
761 3114 967 3171 πτῶσιν
1000 3114 1096 3185 τὴν
1134 3114 1558 3184 χαλεπωτάτηνο
1602 3113 1764 3166 πάλιν

180 3217 500 3287 οἰκονομίαν
544 3215 791 3284 λέγοντες
832 3212 930 3282 τὴν
971 3210 1228 3276 ἀθέτησιν
1264 3209 1363 3278 τῆς
1394 3207 1673 3278 ἀληθείας.
1701 3208 1762 3258 Ol

1865 2013 2068 2081 accepi.
2105 2011 2281 2082 Atque
2319 2014 2422 2069 hoc
2456 2013 2674 2083 quidem
2711 2016 2954 2071 omnium
2993 2033 3156 2072 causa
3210 2020 3304 2089 qui
3336 2034 3444 2072 una

1864 2104 1998 2174 lapsi
2039 2105 2452 2175 sunt,'maxime
2511 2115 2694 2160 autem
2727 2108 2797 2162 ob
2834 2106 3119 2164 Phlubutaa
3186 2111 3448 2180 praeposi-

1865 2204 2000 2249 tum.
2030 2193 2163 2248 Nam
2194 2197 2335 2264 quod
2359 2197 2424 2250 ad
2453 2197 2588 2252 alios
2637 2199 2850 2264 attinet,
2877 2211 3245 2256 consentanea
3300 2218 3446 2272 prae-

1866 2286 2041 2341 teritis
2100 2298 2329 2358 egerunt
2361 2306 2374 2341 :
2414 2288 2503 2343 hic
2548 2304 2681 2342 vero
2732 2305 2796 2344 ex
2831 2291 2896 2345 iis
2930 2301 3066 2355 erat,
3098 2293 3190 2362 qui
3247 2310 3443 2349 secure

1863 2386 2009 2433 stare
2064 2379 2405 2434 videbantur.
2463 2379 2695 2435 Mirabar
2721 2382 2921 2452 itaque,
2954 2383 3268 2453 priusquam
3314 2400 3443 2439 rue-

1867 2481 1989 2526 rent
2015 2472 2113 2535 illi,
2144 2473 2289 2541 quod
2324 2473 2605 2543 pristinam
2640 2490 2793 2529 suam
2845 2476 2986 2531 circa
3018 2477 3351 2532 adulterium
3385 2490 3442 2532 et

1863 2565 2091 2619 adulteri
2129 2566 2346 2636 nuptias
2389 2566 2652 2638 ignaviam
2704 2569 2930 2624 minime
2983 2580 3360 2639 agnoscentes,
3387 2570 3443 2624 iu

1866 2673 1926 2713 re
1979 2659 2233 2726 praesenti
2280 2660 2480 2729 aliquid
2536 2661 2802 2721 auderent
2832 2681 2845 2716 :
2874 2662 3288 2733 eogitabamque
3322 2663 3442 2719 illos

1865 2749 2114 2816 privatim
2139 2750 2362 2804 forsitan
2387 2752 2602 2821 etapud
2632 2767 2689 2806 se
2718 2754 3037 2822 paenitentia
3053 2762 3222 2808 tactos
3241 2754 3440 2808 fuisse:

1866 2841 1987 2896 ideo
2016 2842 2315 2912 gaudebam
2349 2844 2530 2908 miser,
2565 2845 2720 2914 quasi
2761 2854 2906 2900 recte
2937 2847 3298 2902 ambularent.
3332 2845 3440 2902 Sed

1867 2933 1922 2986 in
1951 2933 2225 2999 marcidis,
2256 2943 2314 2988 ut
2334 2945 2579 3005 apparet,
2617 2936 2839 2990 domum
2870 2952 3025 2991 suam
3056 2938 3383 2993 aadificantes
3425 2958 3440 3000 ;

1867 3025 2185 3096 ingruentes
2242 3025 2513 3082 hatreseos
2561 3029 2798 3093 turbine,
2834 3031 2991 3084 ruina
3040 3032 3275 3101 pessima
3320 3047 3443 3086 cor-

1869 3124 2094 3170 ruerunt
2124 3117 2616 3185 :dispensationem
2641 3119 2838 3174 iterum
2874 3122 3234 3190 appellantes,
3266 3123 3440 3193 ipsam

1866 3209 2110 3263 veritatis
2138 3210 2672 3265 condemnationem.
2711 3211 2786 3265 Illi
2813 3213 2912 3282 ipsi
2944 3213 3034 3282 qui
3064 3214 3319 3268 Ecclesiae
3346 3213 3441 3269 Dei

180 3311 336 3365 αὐτοὶ
383 3308 482 3363 καὶ
523 3307 786 3378 πρότερον
824 3303 1120 3356 σκάνδαλον
1149 3301 1407 3370 γεγόνασι
1434 3303 1497 3370 τῇ
1539 3299 1764 3367 Ἐκκλη-

1872 3301 2129 3356 seandalo
2154 3312 2311 3356 antea
2344 3303 2574 3366 fuerant,
2609 3307 2800 3358 eodem
2832 3321 2978 3360 nunc
3009 3305 3345 3371 relabuntur,
3386 3314 3442 3361 et

184 3404 274 3473 σία
301 3399 400 3455 τοῦ
431 3399 595 3453 Θεοῦο
637 3400 731 3452 καὶ
760 3396 854 3450 νῦν
885 3395 945 3448 τὸ
979 3395 1110 3448 αὐτὸ
1148 3394 1213 3447 δι’
1242 3387 1315 3447 ὧν
1343 3392 1584 3463 ἔπραξαν
1625 3392 1760 3445 πάν-

182 3513 277 3558 τας
308 3491 782 3563 προσκαλούμενοι
820 3490 899 3550 εἰς
925 3487 1224 3542 ἀπώλειαν.
1268 3487 1442 3554 Καίγε
1477 3485 1685 3554 ἐτοιμοι
1713 3484 1760 3536 oi

183 3585 432 3638 πλεῖστοι
487 3584 624 3654 πρὸς
677 3580 775 3652 τὴν
826 3580 918 3632 τοῦ
972 3580 1144 3633 κακοῦ
1207 3578 1496 3650 μετουσίαν
1542 3580 1600 3631 ἐν
1643 3581 1751 3631 ταῖς

183 3677 453 3745 ἀνάγκαις
479 3672 765 3746 ζητοῦντες
807 3672 1048 3743 ἐξευρεῖν
1081 3689 1202 3725 τινα
1246 3672 1551 3742 πρόφασιν·
1592 3671 1660 3724 δι’
1697 3666 1764 3743 ἧς

183 3769 446 3829 ἀθλιπτος
480 3766 571 3819 καὶ
613 3761 990 3832 ἀταλαίπωρος
1022 3763 1206 3824 αὐτοῖς
1249 3764 1276 3814 ὁ
1312 3762 1452 3831 ὑπὲρ
1482 3762 1765 3824 εὐσεϐείας

183 3861 336 3930 ἁγὼν
378 3857 651 3927 ὑπαχθείη
674 3871 687 3884 ⁶
739 3856 1103 3925 ἐκοινώνησαν
1133 3856 1224 3908 ἐπὶ
1262 3857 1328 3925 τῇ
1369 3857 1596 3924 ἀρνήσει
1627 3857 1764 3923 Χρι-

186 3951 336 4014 στου,
377 3950 476 4018 τῆς
504 3947 792 4008 Θεοτόκου,
823 3944 932 3998 τῶν
976 3946 1192 3999 πάντων
1224 3946 1414 4013 ἁγίων.
1454 3944 1623 3998 Τοῦτο
1654 3943 1763 4016 γάρ

185 4047 218 4114 ἠ
247 4044 348 4112 τῆς
375 4041 584 4104 εἰκόνος
628 4036 935 4091 οὑτινοσοῦν
974 4038 1221 4109 ἄρνησις.
1266 4037 1371 4090 Φεῦ
1416 4039 1517 4107 τῆς
1558 4055 1766 4107 συμφο-

189 4135 320 4204 ρᾶςί
368 4131 470 4202 φεῦ
499 4131 598 4200 τῆς
623 4129 868 4196 ἀπάτηςί
905 4128 1086 4198 οίμοιί
1121 4128 1240 4190 πῶς
1267 4127 1622 4198 ἐναρξάμενοι
1653 4144 1765 4180 κα-

184 4226 316 4293 λῶς,
343 4224 696 4295 ἐστράφησαν
724 4220 803 4281 εἰς
837 4220 908 4272 τὰ
935 4221 1145 4285 ὀπίσω;
1182 4220 1363 4290 οῐμοιί
1400 4221 1584 4281 πόσοις
1614 4218 1764 4270 ἔσον-

183 4336 274 4374 ται
297 4315 652 4387 καταστροφή
675 4329 688 4343 ο
718 4313 1013 4382 όμοταγέσι
1044 4312 1137 4365 καὶ
1167 4311 1492 4382 ὑπερέχουσι
1513 4328 1526 4342 ι
1557 4309 1764 4374 λαῖκοίς

182 4429 243 4466 τε
309 4411 406 4466 καὶ
454 4407 734 4479 κληρικοῖς
789 4405 884 4460 καὶ
936 4407 1260 4475 μονασταῖς;
1301 4405 1440 4457 Ἀλλ’
1488 4406 1522 4473 ἡ
1560 4405 1765 4474 ἀρχαία

183 4503 391 4574 πληγὴ,
414 4502 475 4554 τὸ
501 4499 786 4568 ἐγκόλπιον
817 4498 1006 4556 κακόν,
1056 4498 1254 4565 Ἰωσὴφ
1282 4498 1309 4548 ό
1341 4497 1507 4550 πάλαι
1538 4499 1763 4559 εἰκότως

184 4596 408 4666 κληθεὶς
433 4588 859 4663 Μοιχοζεύκτης.
891 4591 1008 4644 νυνὶ
1038 4590 1093 4642 δὲ
1120 4588 1605 4658 Χριστεμπαίκτης
1627 4603 1641 4617 ο
1667 4588 1763 4639 αύ-

181 4652 286 4750 τὸς.
318 4652 515 4755 ὁδηγδς
543 4652 670 4744 ’τοίς
715 4652 813 4750 τῆς
851 4681 1087 4751 ἀρχαίας
1129 4652 1484 4741 κουστωδίας.
1529 4652 1593 4730 Τί
1624 4679 1761 4744 πρὸς
1788 4652 1841 4710 D

183 4779 401 4844 ταῦτα;
431 4773 878 4844 ἐκλυθησόμεθα;
914 4772 1373 4842 καταπεσούμεθα
1399 4790 1414 4838 ;
1448 4772 1765 4841 ἀποκαμού-

188 4874 328 4945 μεθα
376 4871 515 4940 πρὸς
553 4872 650 4941 τὴν
682 4866 919 4938 Χριστοῦ
949 4865 1240 4935 ὁμολογίαν
1285 4864 1420 4933 ὁμοῦ
1455 4867 1548 4917 καὶ
1575 4863 1764 4917 ἔνστα-

186 4983 299 5031 σιν;
326 4963 614 5034 μηδαμῶς,
646 4955 690 5012 ὧ
713 4959 952 5027 ἀδελφοὶ.
988 4957 1269 5025 μηδαμῶς.
1305 4957 1365 5008 Εἰ
1394 4958 1523 5027 γὰρ,
1555 4955 1774 5007 ἀσεϐῶν

185 5056 664 5117 καταπιπτόντων,
695 5055 744 5105 οἰ
778 5052 977 5104 δίκαιοι
999 5048 1226 5119 ἔμφοϐοι
1250 5048 1461 5101 ἔσονται
1482 5064 1494 5076 '
1526 5047 1641 5101 ἀλλ’
1672 5043 1764 5100 οὖν

183 5149 261 5218 τῷ
293 5146 390 5200 τοῦ
425 5144 594 5206 πέλας
625 5140 880 5210 πτώματι
913 5136 1180 5208 ἀσφάλεια
1209 5136 1287 5205 τῷ
1321 5138 1572 5204 ἑστηκότι
1614 5136 1767 5206 μεγί-

191 5257 309 5310 στη.
363 5236 588 5305 Στῶμεν
637 5229 732 5286 οὖν
783 5233 840 5285 ἐν
892 5229 1080 5301 Κυρίῳ
1139 5228 1506 5298 βεϐαιότερον,
1566 5228 1767 5297 μᾶλλον

188 5328 528 5401 παρακα).ὦ’
569 5326 644 5397 μὴ
673 5326 1004 5397 πτυρόμενοι
1033 5324 1090 5374 ἐν
1124 5321 1310 5392 μηδενί
1345 5321 1449 5374 ὑπὸ
1476 5320 1584 5373 τῶν
1617 5324 1765 5373 ἀντι-

191 5422 480 5492 κειμένων.
536 5417 628 5488 Μὴ
685 5416 793 5487 γὰρ
832 5415 1016 5468 ’ἑνεκεν
1049 5412 1159 5466 τῶν
1188 5411 1686 5464 ύποσκελισθέντων
1729 5411 1762 5480 ἡ

190 5511 449 5583 ὁμολογία
473 5509 660 5580 ἡμῶν;
711 5507 744 5576 ἢ
791 5509 856 5576 τῇ
889 5507 1094 5558 τούτων
1142 5503 1329 5555 στάσει
1362 5501 1766 5572 ἐπερειδόμενοι

193 5598 628 5672 ἑστερεούμεθα,
672 5597 759 5648 ἵνα
801 5596 897 5648 καὶ
924 5597 989 5664 τῇ
1025 5594 1261 5646 σκελίσει
1295 5591 1474 5645 αὐτῶν
1507 5609 1766 5646 κατασει-

195 5693 442 5761 σθῶμεν;
477 5691 553 5760 μὴ
575 5689 823 5757 γένοιτοί
859 5685 980 5740 οὔτε
1012 5685 1237 5749 τούτων,
1263 5683 1384 5736 οὕτε
1411 5683 1604 5738 ἄλλωνο
1634 5685 1765 5753 Χρι-

197 5784 311 5845 στὸς
345 5781 504 5852 ἡμῶν
533 5783 560 5832 ὁ
589 5779 855 5848 θεμέλιος,
886 5781 942 5829 ἐν
969 5771 1013 5842 ᾧ
1043 5779 1312 5846 στήκομεν
1340 5791 1353 5806 ο
1386 5777 1442 5826 ἐν
1469 5769 1513 5842 ᾧ
1542 5772 1758 5842 καυχώ-

200 5874 368 5941 μεθα·
410 5873 506 5927 σὺν
539 5870 615 5941 τῷ
650 5869 843 5940 Παύλῳ
877 5868 1152 5937 λέγοντες·
1197 5869 1289 5934 Τίς
1328 5865 1480 5936 ἡμᾶς
1527 5867 1767 5936 χωρίσει

1866 3393 1990 3447 facti
2025 3394 2105 3448 sui
2142 3394 2390 3463 exemplo
2404 3395 2468 3449 ad
2502 3395 2780 3450 interitum
2812 3407 3108 3467 provocant
3134 3397 3437 3454 universos.

1865 3486 1929 3540 Et
1975 3487 2192 3556 quidem
2235 3488 2436 3556 paratis
2463 3488 2681 3558 plurimi
2731 3489 2800 3544 ad
2822 3489 3066 3543 criminis
3097 3489 3436 3554 societatem,

1865 3587 2188 3648 praetextum
2229 3579 2535 3648 quempiam
2567 3580 2622 3634 in
2646 3581 3064 3636 necessitatibus
3084 3581 3328 3651 reperire
3352 3597 3441 3651 ge-

1865 3672 2116 3736 stientes,
2172 3687 2281 3740 quo
2337 3687 2703 3726 aerumnarum
2733 3681 2788 3726 et
2816 3659 3181 3727 calamitatum
3242 3689 3441 3743 expers

1865 3764 1996 3832 ipsis
2024 3763 2239 3831 pietatis
2259 3771 2536 3818 certamen
2558 3764 2814 3818 reddatur
2839 3783 2854 3830 ;
2889 3765 2943 3818 in
2962 3767 3250 3835 negatione
3277 3767 3440 3820 Chri-

1865 3856 1957 3918 sti,
1993 3855 2258 3924 Deiparze.
2315 3865 2628 3910 sanctorum
2682 3857 2947 3921 omnium,
2997 3859 3438 3913 communionem

1864 3945 2124 3999 inierunt.
2161 3945 2272 4000 lloc
2295 3946 2560 4014 siquidem
2597 3955 2682 4000 est
2707 3948 2999 4016 cujuslibet
3059 3949 3308 4020 imaginis
3341 3966 3441 4004 ne-

1865 4038 2026 4109 gatio.
2082 4037 2125 4092 0
2157 4039 2495 4109 perniciem!
2542 4055 2576 4094 ο
2620 4039 2926 4094 fallaciam!
2966 4041 3051 4095 hei
3088 4043 3260 4098 mihi!
3301 4059 3439 4112 quo-

1865 4131 2046 4192 modo.
2096 4146 2219 4185 cum
2249 4141 2396 4186 recte
2444 4132 2762 4201 coepissent,
2795 4143 2940 4188 retro
2973 4136 3224 4189 conversi
3272 4137 3442 4190 sunt?

1866 4222 1954 4276 hei
1989 4221 2154 4276 mihi!
2187 4237 2348 4290 quam
2377 4222 2559 4275 multis
2599 4222 2776 4276 fraudi
2811 4232 2972 4276 erunt
2995 4234 3050 4278 et
3073 4226 3438 4289 subversioni,

1864 4311 2184 4378 aequalibus,
2205 4320 2260 4364 et
2279 4312 2596 4379 majoribus,
2614 4311 3014 4378 laieis,clericis
3050 4325 3105 4368 et
3124 4317 3442 4371 monachis?

1868 4400 2081 4453 Etenim
2113 4403 2397 4470 antiquum
2447 4401 2663 4468 vulnus,
2691 4403 3004 4457 intestinum
3032 4405 3252 4469 malum,
3284 4405 3441 4461 Jose-

1865 4494 2006 4562 phus
2034 4493 2161 4547 olim
2195 4493 2626 4548 Mceehozeuctes
2654 4495 2846 4548 merito
2871 4495 3077 4558 dictus,
3112 4513 3258 4552 nunc
3285 4499 3443 4554 Chri-

1866 4595 2232 4655 stempzectes,
2265 4585 2379 4655 ipse
2428 4585 2538 4639 dux
2570 4584 2672 4639 fuit
2700 4587 2903 4641 veteris
2936 4588 3198 4644 custodiae
3228 4605 3443 4660 [πωρον

1868 4680 2022 4734 situs.
2045 4677 2183 4743 Quid
2209 4679 2276 4732 ad
2310 4679 2460 4733 hazc?
2489 4679 2923 4750 languidioresne
2944 4682 3148 4736 erimus
3165 4684 3190 4735 ?
3222 4683 3441 4754 frange-

1867 4768 2025 4822 mur?
2051 4767 2403 4822 concidemus
2437 4768 2635 4823 animis
2691 4768 2758 4822 ad
2799 4769 3221 4843 confessionem,
3255 4772 3444 4826 defen-

1866 4860 2185 4928 sionemque
2229 4858 2706 4915 Christi?Minime
2746 4861 3008 4930 gentium,
3059 4862 3277 4929 fratres,
3341 4866 3443 4918 Ini-

1865 4951 2034 5004 nime.
2083 4950 2296 5006 Etenim
2328 4952 2395 5015 si,
2447 4953 2831 5008 corruenlibus
2863 4955 3061 5023 impiis,
3100 4955 3230 5024 justi
3293 4968 3441 5012 metu

1867 5044 2234 5114 percelluntur
2261 5061 2276 5110 ;
2305 5053 2359 5098 at
2391 5044 2551 5100 vieini
2591 5045 2773 5114 lapsus
2835 5047 3065 5102 maxima
3113 5057 3197 5103 est
3250 5051 3448 5105 stantis

1867 5137 2152 5191 securitas.
2206 5136 2424 5191 Stemus
2470 5137 2634 5206 igitur
2676 5137 2730 5191 in
2764 5138 2995 5200 Domino
3022 5142 3441 5204 constantiores.

1867 5225 2099 5295 amplius
2132 5226 2394 5290 obtestor,
2447 5241 2549 5280 nec
2595 5226 2650 5280 in
2686 5227 2794 5280 ullo
2834 5229 3114 5283 conterriti
3141 5231 3210 5284 ab
3249 5232 3444 5286 adver-

1873 5317 2050 5373 sariis.
2088 5316 2346 5385 Nunquid
2379 5317 2525 5371 enim
2556 5328 2777 5388 propter
2797 5333 2893 5373 eos
2923 5319 3013 5388 qui
3041 5321 3284 5376 subversi
3316 5336 3446 5378 sunt

1872 5407 2142 5461 confessio
2179 5405 2402 5461 nostra?
2437 5406 2764 5462 autillorum
2803 5409 3093 5464 stabilitate
3142 5412 3253 5466 nixi
3310 5430 3445 5467 con-

1873 5497 2221 5564 sistebamus,
2259 5508 2318 5553 ut
2347 5513 2537 5554 eorum
2566 5516 2781 5570 quoque
2815 5502 2966 5570 lapsu
3020 5505 3399 5558 concutiamur
3424 5508 3447 5559 ?

1872 5590 2058 5645 Absit!
2107 5606 2284 5661 neque
2341 5593 2559 5657 borum,
2589 5608 2766 5663 neque
2810 5593 3064 5648 aliorum.
3097 5593 3445 5650 Fundamen-

1877 5690 1992 5736 tum
2043 5691 2288 5739 nostrnm
2333 5685 2584 5738 Christus
2609 5693 2711 5749 est,
2749 5687 2804 5739 in
2837 5701 2944 5754 quo
2973 5695 3202 5752 stamus,
3236 5687 3289 5740 in
3337 5703 3446 5756 quo

1866 5775 2176 5846 gloriamur,
2212 5792 2334 5828 cum
2366 5777 2528 5832 Paulo
2559 5777 2802 5832 dicentes
2858 5796 2869 5830 :
2905 5776 3032 5841 Quis
3065 5797 3154 5833 nos
3181 5780 3446 5848 separabit

1879 5886 1907 5923 a
1957 5870 2216 5923 charitalc
2249 5869 2342 5924 Dei
2373 5872 2396 5923 ἱ)
2435 5867 2727 5925 Tribulatio
2757 5874 2779 5925 ξ)
2822 5888 2890 5925 an
2936 5873 3226 5941 angustia?
3253 5889 3321 5926 an
3360 5874 3445 5938 [ii-
