3914 6470
504 397 640 461 1143

1691 395 1749 454 S.
1793 391 2185 454 THEODORI
2218 392 2562 454 STUDlTlE

3624 390 3758 456 1M4

496 526 603 563 rues
631 510 654 562 ?
685 525 757 561 an
806 508 1097 578 persecutio
1131 508 1155 561 ?
1207 522 1279 559 an
1310 504 1521 558 nuditas
1549 504 1574 557 Ξ)
1616 520 1687 557 an
1738 503 2027 574 periculum
2056 503 2076 556 ?

2181 502 2296 556 ἀπὸ
2320 500 2431 569 τῆς
2450 501 2689 573 ἀγάπης
2712 501 2817 556 τοῦ
2841 502 3026 566 Θεοῦ;
3049 502 3275 571 θλίψις,
3297 503 3337 572 ἢ
3362 509 3757 575 στενοχωρία,

495 621 566 656 an
614 603 830 673 gladius
868 603 893 656 .’
931 600 1033 657 Sed
1068 602 1205 656 enim
1256 602 1311 655 in
1367 602 1446 655 his
1481 600 1718 654 omnibus
1768 616 2078 670 superamus

494 704 708 763 propter
737 709 854 748 eum
875 694 964 763 qui
995 692 1176 746 dilexit
1200 708 1293 746 nos
1309 692 1449 746 ⁶⁰·⁶¹.
1477 691 1660 760 Itaque
1690 691 1782 761 qui
1802 691 2080 745 accinctus

494 802 595 857 pro
632 786 851 842 Christo
896 800 1008 841 non
1041 784 1358 852 certaverit,
1389 782 1740 840 Christianus
1786 796 1906 838 esse
1969 796 2076 835 non

492 888 694 949 potest.

560 1057 643 1110 Au
680 1070 814 1111 vero
847 1055 1121 1109 incassum
1160 1061 1459 1124 martyrum
1490 1066 1716 1123 agones,
1756 1051 2077 1115 certamina,

493 1146 812 1202 tormenta?
844 1161 913 1200 an
944 1144 1191 1199 eamdem
1223 1144 1511 1199 nobiscum
1546 1158 1771 1198 carnem
1804 1158 1912 1197 non
1955 1157 2079 1213 ges-

494 1238 730 1293 serunt?
762 1238 847 1291 An
889 1236 1056 1291 tantis
1089 1235 1375 1306 suppliciis
1408 1235 1644 1305 subjecti
1676 1234 1921 1289 laborem
1954 1233 2080 1287 nul-

495 1329 607 1383 lum
652 1327 992 1383 senserunt?
1022 1326 1223 1382 Annon
1267 1341 1364 1382 eos
1398 1326 1585 1382 vivere
1614 1326 1870 1390 tatdebat,
1912 1333 1971 1380 ut
2004 1325 2083 1380 ait

493 1419 786 1490 Apostolus
808 1419 899 1471 "?
928 1399 1393 1487 Sed'perennium
1424 1433 1711 1488 pennarum
1751 1427 1923 1484 metu,
1969 1434 2081 1474 coe-

494 1510 829 1578 lestiumque
863 1507 1211 1577 przemiorum
1255 1505 1554 1573 desiderio,
1605 1506 1788 1561 carnis
1825 1516 2079 1571 mortem,

496 1611 558 1654 ut
604 1600 928 1670 prudentes,
983 1614 1146 1669 quam
1200 1607 1463 1653 aeternam
1513 1598 1701 1654 subire
1748 1599 2078 1654 maluerunt.

493 1692 639 1747 Nihil
672 1691 1132 1761 expavescebant,
1164 1690 1393 1745 minime
1418 1690 1601 1745 animo
1646 1690 2079 1746 consternaban-

497 1794 608 1851 tur,
662 1794 717 1839 et
747 1784 930 1839 futura
963 1791 1221 1853 tanquam
1252 1783 1545 1853 praesentia
1580 1771 1930 1849 meditantes,
1967 1782 2077 1838 laeti

2178 594 2217 664 ἣ
2272 594 2467 663 λιμὸς,
2509 596 2548 663 ἢ
2579 595 2854 664 διωγμὸς,
2882 596 2920 663 ἢ
2948 596 3269 665 γυμνότης,
3293 595 3333 666 ἢ
3368 596 3685 663 κίνδυνος,
3720 600 3756 664 ἦ

2176 686 2476 756 μάχαιρα;
2508 687 2616 742 Καί
2643 688 2751 758 γὰρ
2777 688 2845 741 ὲν
2873 689 3103 754 τούτοις
3128 686 3322 743 πᾶσιν
3345 690 3760 759 ὑπερνικῶμεν

2180 779 2278 833 διὰ
2309 780 2414 835 τοῦ
2438 779 2870 851 ἀγαπήσαντος
2900 777 3080 848 ἡμᾶς.
3116 781 3302 845 Οὕτως
3330 782 3360 833 ό
3394 781 3473 851 μὴ
3508 798 3757 853 παρατε-

2180 869 2452 939 ταγμένος
2473 870 2574 922 οὐκ
2596 870 2909 937 ἀγωνιεῖται
2934 869 3076 941 ὑπὲρ
3098 868 3360 941 Χριστοῦ,
3387 871 3510 924 οὐδὲ
3531 870 3761 927 δύναται

2183 962 2507 1031 Χριστιανός
2535 956 2699 1017 εἶναι.

2252 1053 2365 1106 Οὐκ
2398 1053 2518 1123 εἰκῆ
2567 1054 2617 1106 οἰ
2656 1053 2865 1121 ἀγῶνες
2897 1052 3007 1106 τῶν
3044 1052 3361 1125 μαρτύρων,
3392 1052 3463 1107 τὰ
3494 1049 3659 1119 ἆθλα,
3701 1057 3757 1109 αἰ

2182 1141 2437 1211 βάσανοι;
2474 1144 2549 1215 μὴ
2573 1144 2683 1216 γὰρ
2706 1145 2802 1215 οὐχ
2830 1144 3126 1215 όμόσαρκοι
3161 1144 3352 1215 ὴμῶν;
3377 1145 3453 1216 μὴ
3483 1146 3587 1199 οὐκ
3627 1147 3757 1199 biui-

2182 1250 2306 1287 vouv
2358 1236 2652 1298 τοσαύταις
2693 1235 2986 1307 τιμωρίαις
3029 1234 3487 1305 ὑποσαλλόμενοι;
3545 1239 3623 1307 μὴ
3661 1238 3759 1291 οὐκ

2180 1324 2547 1396 ὲξηποροῦντο
2574 1326 2667 1379 καὶ
2707 1326 2803 1379 τοῦ
2850 1328 2976 1398 ζῇν,
3011 1326 3087 1391 ὣς
3133 1344 3298 1398 φησιν
3332 1330 3361 1381 ό
3398 1328 3757 1393 ’Δπόστολῖοςς

2182 1416 2320 1471 ἀλλὰ
2348 1418 2426 1489 τῷ
2457 1420 2607 1489 φόϐῳ
2629 1417 2741 1472 τῶν
2770 1418 3004 1472 αἰωνίων
3035 1418 3335 1484 κολάσεων,
3368 1420 3465 1473 καὶ
3497 1418 3579 1489 τῷ
3610 1419 3760 1488 πόθῳ

2181 1508 2291 1563 τῶν
2311 1509 2577 1580 οὐρανίων
2601 1510 2867 1580 ἀμοιὸὦν,
2885 1510 3088 1563 εἴλοντο
3119 1510 3340 1581 μᾶλλον,
3359 1513 3436 1575 ώς
3462 1510 3757 1583 ἔμφρονες.

2182 1601 2274 1654 τὸν
2311 1601 2407 1672 τῆς
2440 1604 2639 1672 σαρκὸς
2666 1602 2893 1656 θάνατον
2912 1641 2927 1664 ,
2964 1602 3106 1673 ὑπὲρ
3129 1603 3220 1656 τὸν
3249 1601 3468 1656 αἰώνιον
3496 1603 3758 1673 ἧνεγκαν.

2183 1688 2299 1744 Οὐκ
2325 1690 2695 1761 ἑπτοήθησαν-
2714 1691 2776 1745 οὐ
2802 1691 3245 1763 κατεπλάγησαν.
3278 1693 3389 1745 Καὶ
3407 1691 3486 1755 ώς
3514 1694 3762 1764 παρόντα

2182 1780 2250 1835 τὰ
2287 1781 2548 1849 μέλλοντα
2579 1782 3010 1853 φανταζόμενοι,
3039 1784 3183 1854 χαρᾷ
3210 1782 3453 1854 ἐχώρουν
3493 1784 3636 1855 πρὸς
3662 1784 3762 1847 τὰς

495 1885 553 1930 et
597 1875 806 1929 alacres
853 1873 920 1928 ad
968 1882 1237 1928 tormenta
1287 1874 1605 1944 pergebant,
1660 1874 1907 1930 muneris
1956 1874 2076 1929 loco

2186 1848 2487 1941 βασάνους·
2515 1848 2725 1943 δωρεὰς
2763 1848 2993 1943 ἡγοῦντο
3155 1848 3554 1936 ίιιολυαιιιαθείας.⁷
3597 1873 3763 1943 Ἡμῖν

496 1967 772 2021 habebant
833 1964 1065 2035 plurima
1116 1965 1223 2034 pati
1282 1964 1497 2019 :Nobis
1544 1966 1682 2019 enim
1744 1981 1840 2034 pro
1878 1964 2084 2019 Christo

495 2064 756 2109 donatum
789 2064 863 2109 est
893 2071 998 2108 non
1029 2054 1199 2108 solum
1231 2064 1287 2107 ut
1322 2055 1377 2108 in
1406 2071 1524 2108 eum
1558 2055 1832 2109 credamus
1857 2094 1873 2121 ,
1904 2058 1994 2109 sed
2024 2065 2082 2109 ut

496 2149 656 2201 etiam
703 2163 799 2215 pro
847 2146 940 2199 illo
992 2147 1266 2215 patiamur
1286 2145 1353 2199 “.
1406 2145 1476 2199 Et
1524 2145 1651 2199 alibi
1716 2160 1981 2200 rursum:
2016 2145 2083 2199 In

496 2239 662 2291 multo
718 2238 856 2291 enim
913 2237 1265 2305 experimento
1325 2236 1683 2290 tribulationis
1750 2229 2079 2291 abundantia

495 2331 680 2401 gaudii
704 2332 940 2399 ipsorum
962 2330 1062 2401 fuit
1086 2329 1151 2383 “.
1178 2328 1255 2383 Ita
1278 2327 1607 2400 gaudebant,
1632 2329 1705 2383 ita
1732 2328 2076 2397 laetabantur,

494 2438 618 2477 cum
668 2436 768 2492 pro
805 2421 1026 2478 Christo
1070 2431 1395 2493 paterentur
1454 2421 1630 2477 sancti
1676 2436 1890 2476 omnes.
1937 2422 2082 2476 Deli-

498 2514 696 2568 bemus
728 2521 784 2568 et
815 2529 938 2579 nos,
973 2512 1338 2575 dilectissimi,
1376 2511 1702 2568 charitatem
1738 2512 1963 2577 Christi,
1996 2513 2081 2567 in-

494 2610 757 2664 cedamus
809 2622 907 2678 per
956 2614 1278 2662 sanctorum
1332 2605 1559 2674 vestigia
1608 2624 1621 2660 :
1671 2606 1855 2660 saeculi
1908 2606 2074 2674 hujus

494 2700 730 2755 allectus
763 2712 958 2753 omnes
1004 2695 1328 2766 abjiciamus
1359 2713 1373 2749 :
1408 2694 1529 2749 Non
1573 2694 1821 2751 habemus
1850 2697 1933 2750 hic
1964 2714 2076 2751 ma-

498 2801 705 2845 uentem
749 2788 1111 2844 civitatem“.
1162 2784 1411 2857 Superna
1459 2784 1760 2842 Jerusalem
1806 2789 1977 2858 patria
2025 2796 2081 2843 et

496 2882 691 2938 civitas
717 2889 910 2936 nostra
933 2889 1041 2944 est,
1076 2894 1110 2934 o
1140 2878 1243 2932 viri
1281 2885 1538 2947 potentes
1565 2876 1623 2933 in
1655 2877 1887 2948 Spiritu,
1919 2896 1953 2934 ο
1983 2879 2077 2935 lilii

499 2973 617 3035 Dei,
645 2988 758 3027 non
790 2972 939 3026 enim
972 2969 1077 3025 mei
1103 2970 1196 3049 q’ui
1227 2979 1485 3040 peccator
1516 2985 1637 3024 sum
1665 2972 1677 3024 l
1713 2970 1788 3025 Ne
1819 2986 2077 3041 procum-

497 3066 712 3129 bamus,
754 3062 1000 3133 quamvis
1033 3077 1230 3118 omnes
1272 3062 1686 3128 subvertantur,
1725 3063 1871 3132 quod
1913 3065 2074 3120 absit.

499 3158 605 3229 Ipsi
656 3166 859 3219 autem,
908 3166 969 3210 ut
1004 3155 1157 3219 olim,
1197 3170 1227 3208 a
1264 3154 1376 3208 Deo
1413 3154 1750 3208 corroborati
1787 3172 1801 3208 :
1834 3156 1923 3209 vel
1968 3156 2066 3209 soli
2096 3190 2139 3248 ο

497 3250 799 3306 etiamnum
828 3246 1227 3316 depugnemus.
1268 3241 1387 3296 Stat
1415 3257 1445 3296 a
1480 3242 1640 3296 nobis
1669 3240 1833 3308 Deus,
1865 3245 2070 3297 sancti-

496 3351 605 3406 que
631 3350 825 3390 omnes
853 3335 945 3405 qui
976 3349 1213 3404 unquam
1243 3331 1493 3388 fuerunt.
1526 3331 1825 3389 Nobiscum
1855 3331 2072 3401 Oriens,

499 3427 787 3484 nobiscum
830 3426 1097 3482 Occidens
1128 3442 1143 3480 :
1180 3426 1374 3498 exigua
1421 3440 1548 3496 pars
1591 3435 1676 3482 est
1721 3442 1842 3497 quas
1872 3426 1941 3482 ab
1972 3427 2075 3481 Ec-

500 3519 668 3575 clesia
722 3518 977 3574 universa
1019 3532 1143 3573 sese
1197 3517 1436 3588 abrupit,
1485 3526 1543 3573 et
1585 3519 1857 3589 seiunxit,
1909 3519 2074 3589 idque

502 3617 669 3674 metu,
702 3619 756 3664 et
783 3616 1009 3680 pr0pter
1040 3609 1157 3664 hac
1189 3609 1528 3678 temporalia,
1563 3618 1787 3681 propter
1813 3626 2031 3665 carnem
2057 3628 2071 3665 :

497 3716 663 3770 quam
693 3701 1059 3771 postmodum,
1084 3699 1184 3753 nisi
1220 3700 1506 3755 veritatem
1537 3700 1903 3769 defendimus,
1934 3717 2078 3757 sem-

496 3793 731 3863 piternis
779 3793 1000 3864 ignibus
1046 3808 1153 3847 una
1204 3809 1329 3848 cum
1378 3793 1558 3848 anima
1610 3794 1726 3865 ipsa
1772 3795 2072 3850 trademus.

498 3884 890 3950 Exerceamur,
924 3894 1064 3950 esto,
1113 3893 1169 3938 et
1204 3876 1558 3954 ﬂagellemur,
1588 3901 1768 3955 neque
1790 3886 1842 3941 id
1884 3887 2075 3951 semel,

498 3978 593 4029 sed
642 3976 881 4045 saepius:
918 3977 1157 4045 denique
1201 3977 1526 4031 moriamur.
1579 3978 1770 4034 Nonne
1802 3987 1924 4049 post
1963 3980 2079 4034 haec

498 4067 753 4137 gaudium
788 4068 894 4122 erit
928 4067 1230 4132 ineﬂ‘abile,
1260 4084 1362 4123 nos
1392 4070 1656 4124 caelorum
1684 4085 1912 4142 regnum
1943 4085 2078 4126 con-

497 4160 677 4230 sequi,
723 4170 780 4214 et
822 4161 1055 4231 gloriam
1104 4161 1231 4216 inde
1286 4160 1490 4215 referre
1542 4162 1927 4229 immortalem,
1968 4178 2077 4217 non

497 4264 691 4307 contra
722 4252 788 4307 iis
818 4268 943 4322 quas
973 4253 1083 4307 dixi
1116 4253 1322 4317 vitatis,
1364 4263 1658 4324 propterea
1699 4254 1912 4309 irrideri
1952 4271 2082 4325 per-

497 4353 686 4414 petuo,
718 4354 774 4398 et
797 4344 1155 4416 ignominiam
1187 4345 1594 4399 interminatam
1626 4346 1942 4401 sustinere?
1964 4346 2080 4402 Uti-

495 4453 603 4508 que
644 4453 744 4491 vos
773 4452 891 4501 oro,
944 4437 1093 4492 ﬁlioli
1141 4437 1272 4501 mei,
1315 4452 1455 4506 quos
1505 4439 1668 4508 genui
1718 4437 1774 4493 in
1822 4436 2074 4505 Domino,

2185 1964 2294 2033 γὰρ
2322 1961 2614 2033 ἐχαρίσθη
2642 1963 2796 2032 ὑπὲρ
2826 1964 3084 2033 Χριστοῦ
3115 1966 3189 2019 οὑ
3217 1965 3409 2034 μόνον
3438 1966 3511 2019 τὸ
3538 1967 3631 2031 εἰς
3661 1968 3761 2021 αὑ·

2184 2055 2292 2111 τὸν
2318 2056 2647 2122 πιστεύειν,
2675 2057 2838 2112 ἀλλὰ
2867 2057 3053 2111 καὶτὸ
3079 2057 3232 2126 ὑπὲρ
3256 2056 3444 2112 αὑτοῦ
3472 2057 3760 2127 πάσχειν.

2183 2148 2298 2202 Καὶ
2328 2144 2485 2212 αὖθις
2530 2148 2797 2220 ἑτέρωθι·
2834 2147 2933 2202 Ἐν
2958 2149 3069 2219 γὰρ
3117 2148 3322 2218 πολλῇ
3365 2148 3588 2219 δοκιμῇ
3635 2152 3764 2205 θλί-

2183 2242 2341 2308 ψεως
2375 2240 2413 2307 ἡ
2444 2240 2762 2308 περισσεία
2785 2239 2896 2308 τῆς
2930 2238 3119 2309 χαρᾶς
3145 2238 3363 2294 αὐτῶν.
3389 2239 3579 2304 Οὕτως
3614 2241 3764 2311 ἔχαι-

2185 2350 2312 2404 ρον,
2373 2330 2546 2395 οὕτως
2608 2330 2906 2400 ἠγάλλοντο
2967 2331 3106 2403 ὑπὲρ
3159 2331 3395 2402 Χριστοῦ
3458 2333 3766 2400 πάσχοντες

2183 2424 2389 2487 πάντες
2418 2425 2465 2477 οἰ
2505 2423 2673 2492 ἆγιοι.
2711 2421 3046 2493 Γευσώμεθα
3078 2422 3175 2476 καὶ
3219 2424 3402 2492 ἡμεῖς,
3446 2423 3764 2493 ἀγαπητοὶ,

2180 2515 2279 2585 τῆς
2323 2514 2544 2583 ἀγάπης
2590 2512 2867 2585 Χριστοῦ·
2916 2514 3386 2585 περιπατήσωμεν
3443 2514 3504 2565 ἐν
3556 2514 3763 2584 ἴχνεσιν

2182 2606 2385 2673 ἁγίων·
2445 2605 2703 2677 ρήξωμεν
2774 2605 2875 2670 τὰς
2954 2606 3334 2677 προσπαθείας
3392 2605 3490 2658 τοῦ
3564 2605 3765 2668 αἰῶνος

2182 2697 2394 2750 τούτου.
2436 2699 2557 2750 Οὐκ
2596 2699 2817 2766 ἔχομεν
2844 2690 2962 2749 ὦδε
2986 2696 3302 2765 μένουσαν
3335 2695 3555 2748 πόλιν·
3586 2696 3622 2765 ἡ
3656 2694 3766 2749 ἄνω

2194 2785 2549 2859 Ἰερουσαλὴμ
2581 2790 2783 2858 πατρὶς
2821 2788 2917 2841 καὶ
2954 2787 3107 2849 πόλις
3139 2789 3170 2855 ἡ
3181 2784 3298 2855 μῶν
3317 2800 3332 2817 ·
3369 2778 3415 2839 ὧ
3440 2785 3641 2857 ἄνδρες
3675 2788 3767 2839 δυ⁴

2179 2879 2331 2936 νατοὶ
2354 2881 2411 2933 ὲν
2442 2879 2742 2946 Ιινεύματι,
2770 2873 2815 2932 ὧ
2852 2877 3022 2932 τέκνα
3064 2877 3200 2932 Θεοῦ
3220 2895 3234 2910 ·
3266 2880 3328 2932 οὐ
3364 2879 3477 2950 γὰρ
3502 2879 3644 2951 ἐμοῦ
3672 2871 3775 2933 τοῦ

2179 2968 2536 3042 ἁμαρτωλοῦί
2589 2969 2679 3040 Μὴ
2724 2969 3067 3040 ὀκλάσωμεν,
3098 2970 3204 3024 κᾶν
3232 2971 3435 3034 πάντες
3460 2974 3730 3041 τραποίεν

2180 3061 2319 3131 ὅπερ
2352 3060 2427 3131 μὴ
2468 3060 2702 3128 γένοιτο.
2744 3057 2884 3112 Ἀλλ’
2920 3057 3082 3130 ἡμεῖς
3132 3058 3210 3123 ὡς
3257 3059 3428 3113 πάλαι
3478 3061 3585 3114 ὑπὸ
3626 3060 3766 3114 Θεοῦ

2178 3153 2610 3223 δυναμωθέντες,
2668 3152 2763 3207 καί⁸
2817 3152 2886 3206 τὰ
2939 3152 3035 3207 νῦν
3089 3152 3585 3222 μονομαχήσωμεν.
3625 3155 3765 3209 Μεθ’

2177 3243 2338 3316 ἡμῶν
2391 3244 2420 3296 ὁ
2472 3243 2637 3303 Θεός·
2668 3243 2870 3306 πάντες
2919 3244 2967 3297 οἱ
3013 3243 3110 3297 ἀπ’
3160 3242 3355 3306 αἰῶνος
3401 3242 3585 3311 ἅγιοι·
3642 3235 3768 3317 μεθ’

2174 3335 2332 3405 ἡμῶν
2372 3331 2633 3403 Ἀνατολὴ
2663 3332 2759 3386 καὶ
2784 3332 2977 3397 Λύσις·
3022 3331 3195 3403 μικρὰ
3247 3331 3403 3402 μερὶς
3431 3335 3465 3403 ἡ
3516 3334 3770 3406 ἀπορρή-

2177 3427 2315 3494 ξασα
2344 3425 2545 3496 ἑαυτὴν
2573 3423 2683 3479 ἀπὸ
2708 3424 2807 3494 τῆς
2853 3424 2945 3478 ὑπ’
2990 3423 3219 3494 οὐρανὸν
3256 3423 3625 3494 Ἐκκλησίας·
3666 3426 3768 3480 καὶ

2176 3517 2337 3571 τοῦτο
2361 3517 2449 3570 διὰ
2484 3516 2654 3585 φόϐον
2688 3513 2811 3568 ·διὰ
2838 3512 2909 3568 τὰ
2938 3515 3284 3587 πρόσκαιρα·
3309 3514 3399 3569 διὰ
3428 3516 3527 3587 τὴν
3556 3517 3768 3589 σάρκα·

2176 3611 2245 3682 ἡν
2294 3608 2492 3680 μικρὸν
2537 3607 2767 3680 ὕστερον
2812 3605 3212 3679 παραδώσομεν
3244 3607 3324 3679 τῷ
3356 3608 3563 3680 αἰωνίῳ
3624 3611 3765 3679 πυρὶ

2180 3704 2279 3756 σὺν
2319 3703 2388 3772 τῇ
2434 3700 2614 3771 ψυχῇ,
2667 3701 2717 3754 εἱ
2757 3700 2832 3771 μὴ
2878 3700 3269 3771 ἀντισχώμεθα
3318 3700 3419 3770 τῆς
3474 3701 3767 3773 ἀληθείας.

2182 3796 2385 3860 Ἔστω,
2430 3794 2526 3848 καὶ
2576 3792 2998 3866 πειρασθῷμεν·
3060 3795 3156 3849 καὶ
3208 3794 3635 3866 μαστιχθῶμεν·
3668 3797 3770 3850 καὶ

2176 3887 2339 3940 τοῦτο
2386 3885 2676 3949 πολλάκις·
2706 3884 2881 3951 τέλος,
2922 3885 3019 3939 καὶ
3062 3887 3444 3959 ἀποθάνωμεν.
3478 3882 3616 3940 Εἶτα
3660 3892 3764 3944 οὐκ

2179 3978 2297 4031 ἔστι
2345 3978 2490 4049 χαρὰ
2534 3976 2900 4043 ἁνεκλάλητος
2951 3978 3232 4047 δπιτυχείν
3282 3981 3430 4051 ἡμᾶς
3480 3979 3767 4050 βασιλείας

2180 4070 2460 4140 οὐρανῶν·
2492 4069 2791 4124 κάντεῦθεν
2823 4068 3237 4138 ἀπενέγκασθαι
3270 4072 3427 4136 κλέος
3466 4072 3758 4132 ἀθάνατον·

2180 4164 2213 4233 ἢ
2243 4161 2552 4215 τούναντίον
2584 4162 2860 4230 φυγόντας
2907 4162 2977 4217 τὰ
3014 4165 3413 4234 προειρημένα,
3465 4166 3767 4220 κάντεῦθεν

2183 4252 2586 4323 κωμῳδηθῆναι
2637 4253 2799 4323 μέχρι
2841 4253 3064 4318 τέλους·
3106 4253 3202 4307 καί
3244 4255 3506 4326 αἰσχύνην
3536 4257 3765 4325 bicolor.

2180 4344 2575 4415 ἁτελεύτητον;
2607 4344 2964 4416 Ναὶ,δὲομαι,
2995 4345 3184 4400 τεκνία
3217 4362 3339 4416 μου,
3372 4346 3467 4411 οὓς
3491 4350 3766 4420 ἐγέννησα

2183 4443 2241 4494 ὲν
2279 4439 2499 4512 Κυρίῳ·
2524 4437 2620 4502 οὓς
2644 4439 2850 4509 ηὔξησε
2878 4440 3113 4511 Χριστὸς
3139 4442 3198 4494 ὲν
3228 4441 3413 4504 πόνοις
3443 4444 3539 4495 καὶ
3568 4445 3763 4508 κόποις

494 4529 695 4598 quibus
724 4528 1125 4583 incrementum
1163 4528 1313 4583 dedit
1337 4528 1593 4583 Christus
1624 4547 1638 4583 :
1670 4544 1768 4599 per
1799 4544 2075 4586 aerumnas

2181 4532 2242 4585 οὐ
2311 4533 2471 4602 μόνον
2535 4532 2877 4601 ἀσκητικοῖς,
2926 4531 3063 4585 ἀλλὰ
3111 4533 3221 4602 γὰρ
3273 4533 3368 4585 καὶ
3420 4531 3761 4601 ἀθλητικοῖς.

494 4632 550 4675 et
582 4622 799 4675 labores
828 4636 942 4675 non
978 4621 1151 4676 solum
1181 4621 1463 4688 asceticos,
1494 4637 1680 4676 verum
1706 4620 1870 4676 etiam
1901 4622 2074 4677 athle-

495 4713 655 4767 ticos.
713 4713 937 4783 Implete
985 4714 1239 4784 gaudium
1293 4730 1487 4777 meum,
1542 4722 1597 4766 ut
1652 4714 1789 4767 idem
1831 4714 2073 4780 sapiatis,

492 4806 733 4860 eamdem
795 4805 1107 4858 alacritatem
1160 4805 1435 4867 habentes,
1490 4806 1785 4870 unanimes,
1842 4808 2073 4875 idipsum

495 4899 776 4952 sentientes
801 4911 819 4950 :
846 4898 975 4951 nihil
999 4914 1091 4967 per
1121 4898 1524 4961 contentionem,
1557 4913 1719 4967 neque
1746 4913 1838 4964 per
1863 4898 2072 4953 inanem

496 4988 743 5059 gloriam,
777 4990 867 5042 sed
897 4989 1215 5054 humilitate,
1260 4990 1550 5057 superiores
1587 4990 1685 5042 sibi
1730 4990 1946 5043 invicem
1983 5007 2074 5043 ar-

497 5083 752 5135 bitrantes
775 5082 841 5137 ⁶⁶.
878 5082 1334 5151 Apostolicahaec
1358 5084 1563 5136 monita
1591 5099 1604 5135 :
1638 5082 1766 5137 licet
1797 5096 1827 5136 a
1862 5097 1949 5137 me
1975 5082 2071 5136 mi-

498 5190 623 5228 sero
672 5176 726 5228 iu
772 5176 1093 5231 memoriam
1140 5175 1490 5228 reducantur.
1540 5173 1703 5229 Orate
1740 5181 1796 5228 et
1831 5190 1929 5244 pro
1962 5190 2073 5239 me,

498 5268 748 5333 obsecro,
780 5278 841 5323 ut
867 5268 1027 5323 detur
1059 5267 1193 5321 mihi
1229 5265 1515 5331 fortitudo,
1545 5267 1732 5330 robur,
1767 5282 1949 5321 sermo
1977 5282 2075 5337 per

500 5375 615 5424 vos,
648 5360 900 5429 quamvis
925 5360 1107 5415 divina
1145 5358 1316 5429 gratia
1369 5358 1628 5428 indignus
1666 5357 1766 5411 sim
1803 5376 1815 5412 :
1852 5366 1910 5412 ut
1938 5374 2072 5413 una-

502 5451 719 5510 nimiter
758 5453 811 5506 in
839 5467 949 5507 uno
983 5452 1179 5521 spiritu
1221 5448 1552 5524 gloriﬁcetur
1581 5449 1723 5503 Deus
1754 5449 1809 5503 in
1844 5465 2073 5520 corpore

499 5555 551 5598 et
572 5545 765 5614 spiritu
792 5554 1000 5600 nostro.
1031 5543 1179 5597 Mitte
1203 5544 1267 5601 ad
1292 5542 1767 5612 archiepiscopum
1795 5544 2070 5613 egregium

502 5632 839 5707 Dionysium.
885 5636 1067 5691 Saluta
1108 5634 1329 5690 Petrum
1367 5635 1636 5700 abbatem,
1680 5635 1945 5705 lgnatium
1979 5639 2073 5689 ab-

566 5756 678 5826 ’δεξιαί
715 5752 874 5810 Rom.
910 5754 1229 5818 vut,35,36.
1286 5754 1327 5784 "
1356 5753 1395 5807 ll
1429 5751 1554 5809 Cor.
1594 5772 1630 5818 I,
1664 5753 1716 5808 8.
1780 5756 1822 5786 ⁵³
1864 5750 2056 5826 Philip.
2086 5755 2245 5820 1,29.
2304 5757 2350 5788 ⁸³
2380 5754 2419 5808 ll
2445 5753 2567 5811 Cor.
2597 5756 2785 5821 “H.9-

503 5840 560 5891 ll,
587 5825 639 5889 ιι,
669 5826 719 5878 5.

2176 4625 2541 4693 Πληρώσατέ
2584 4643 2699 4695 μου
2750 4623 2866 4693 τὴν
2908 4624 3137 4694 χαράν·
3175 4627 3275 4679 ἵνα
3319 4625 3384 4679 τὸ
3425 4627 3575 4680 αὐτὸ
3613 4646 3762 4696 φρο-

2176 4717 2323 4785 νῆτε
2340 4731 2356 4747 ·
2388 4717 2502 4786 τὴν
2518 4717 2714 4786 αὐτὴν
2736 4717 2979 4787 ἀγάπην
3001 4718 3248 4787 ἔχοντες
3270 4737 3283 4749 ·
3312 4720 3631 4788 σύμψυχοι
3646 4737 3660 4751 ·
3694 4720 3761 4774 τό

2176 4810 2246 4863 ἓν
2282 4812 2683 4881 φρονοῦντες·
2713 4810 2909 4881 μηδὲν
2958 4812 3086 4865 κατ’
3132 4812 3390 4880 ἐρίθειαν
3428 4811 3467 4880 ἢ
3512 4815 3761 4868 κενοδο-

2180 4903 2353 4967 ξίαν·
2437 4904 2599 4959 ἀλλὰ
2660 4903 2734 4972 τῇ
2803 4906 3329 4973 ταπεινοφροσύνῃ
3438 4905 3761 4972 ἀλλήλους

2178 4998 2501 5066 ἡγούμενοι
2528 4996 2934 5065 ὑπερέχοντας
2984 4995 3231 5053 ἑαυτῶν.
3290 4997 3654 5051 ’Ᾱποστολικὰ
3690 4998 3761 5051 τὰ

2180 5088 2615 5160 παραγγέλματα
2634 5105 2647 5119 ·
2677 5088 2781 5142 κᾶν
2801 5088 2931 5159 παρ’
2962 5089 3097 5159 ἐμοῦ
3125 5089 3219 5143 τοῦ
3245 5090 3593 5161 ταλαιπώρου
3626 5093 3759 5146 ὑπο·

2180 5181 2620 5250 μιμνησκόμενα.
2667 5179 3043 5251 Προσεύχεσθε
3070 5182 3165 5235 xal.
3205 5181 3333 5252 τπρί
3367 5181 3528 5252 ἐμοῦ,
3570 5200 3754 5252 παρα-

2178 5270 2354 5325 καλῶ·
2382 5270 2469 5323 ἵνα
2491 5288 2579 5340 μοι
2602 5270 2729 5341 δοθῇ
2755 5271 2926 5341 ἰσχὺς,
2949 5272 3167 5344 κράτος,
3188 5272 3344 5339 λόγος
3358 5272 3423 5325 δι’
3444 5273 3594 5343 ὑμᾶς
3612 5290 3628 5305 ·
3649 5275 3754 5328 κᾶν

2178 5358 2290 5428 ὲγὼ
2325 5360 2542 5424 ἀνάξιος
2568 5358 2718 5423 θείας
2755 5360 2976 5431 χάριτος
2999 5379 3012 5393 ·
3052 5361 3199 5425 ὅπως
3223 5360 3570 5431 ὁμοθυμαδὸν
3589 5364 3647 5416 ὲν
3674 5364 3752 5417 ἑνὶ

2181 5450 2452 5520 πνεύματι
2484 5448 2715 5521 δοξασθῇ
2757 5453 2785 5503 ό
2820 5451 2951 5514 Θεὸς
2981 5453 3039 5504 ἐν
3081 5450 3161 5521 τῷ
3192 5450 3402 5522 σώματι
3438 5454 3536 5508 καὶ
3580 5458 3640 5510 ὲν
3675 5454 3752 5526 τῷ

2180 5544 2453 5613 πνεύματι
2493 5543 2673 5614 ἡμῶν.
2720 5543 2934 5597 Στεῖλον
2959 5546 3037 5608 εἰς
3070 5545 3162 5598 τὸν
3188 5547 3625 5617 ἀρχιεπίσκοπον
3663 5552 3750 5601 τὸν

2182 5636 2341 5688 καλὸν
2370 5635 2663 5689 Διονύσιον.
2701 5637 3149 5707 Προσαγόρευσον
3180 5638 3269 5692 τὸν
3306 5639 3482 5694 ἁεὸᾶν
3513 5642 3747 5713 Πέτρον·

2849 5755 2890 5787 ⁸⁸
2920 5755 3084 5811 llcbr.
3128 5774 3243 5823 xm,
3278 5758 3359 5813 Η.
3440 5760 3483 5791 ⁸⁵
3514 5761 3750 5835 Philipp.
