3914 6518
120 515 257 580 1145

1311 504 1857 568 EPISTOLARUM
1915 508 2064 568 LIB.
2103 509 2186 568 II.

3243 513 3383 582 1146

106 629 201 681 τὸν
244 624 424 680 ἁὸεᾶν
464 621 759 692 Ἰγνάτιονο
809 620 902 673 καὶ
948 621 1041 674 τὸν
1091 617 1269 674 άὸὁᾶν
1319 617 1549 687 Τιθόην·
1603 618 1697 670 καὶ

1810 619 2006 682 batem,
2043 627 2097 672 et
2141 617 2376 672 Tithoen
2420 619 2695 686 abbatem,
2730 632 2785 676 et
2823 621 3053 678 ostende
3096 623 3201 680 illis
3243 627 3386 682 hanc

105 720 389 786 ὑπόδειξον
430 718 614 779 αὐτοῖς
663 715 727 769 τὸ
780 714 1038 785 γράμμα.
1076 713 1200 766 Ἔτι
1248 709 1541 781 έτοιμάζου
1593 709 1692 762 σὺν

101 813 217 873 τοῖς
260 810 470 872 λοιποῖς
504 848 520 870 ,
570 808 666 860 καὶ
713 806 952 876 μάλιστα
983 806 1098 868 τοῖς
1129 802 1649 874 προγεγραμμένοις
1676 817 1690 832 ·

102 903 188 955 ὅτι
249 901 359 955 τῶν
421 899 655 969 ἐγγύθεν
710 899 871 969 ἡμῶν
916 895 1346 965 ὀλισθησάντων,
1395 894 1496 947 ούκ
1544 893 1695 946 ἔστιν

102 995 257 1064 ἡμᾶς
292 991 466 1065 [Ιῖθε.
499 991 626 1046 cod.
661 988 846 1061 ὑμᾶς]
876 988 1107 1056 ὲαθῆναι
1139 985 1231 1040 ὑπ’
1261 985 1442 1039 αὐτῶν
1471 985 1696 1039 ἐκείνων

105 1085 648 1153 ἑνδιαὸαλλομένους.
679 1081 806 1150 Δοίη
855 1080 915 1133 δὲ
963 1076 1175 1150 Κύριος
1223 1075 1436 1139 σθένος,
1471 1074 1697 1146 κράτος,

103 1175 254 1240 νοῦν,
304 1173 609 1242 ὀφθαλμὸν,
668 1173 908 1238 σύνεσιν,
962 1171 1073 1224 πᾶν
1131 1166 1316 1222 ὁτιοῦν
1373 1165 1437 1220 εὖ
1487 1166 1698 1237 πρᾶξαι

104 1267 255 1335 ὑμᾶς
299 1267 380 1328 είς
417 1265 641 1319 ῑπαινον
684 1263 779 1318 καὶ
826 1261 986 1327 δόξαν
1013 1257 1290 1330 Χριστοῦο
1321 1257 1400 1320 είς
1433 1256 1698 1326 καύχημα

103 1359 244 1429 ὲμόν
266 1374 278 1386 ·
313 1358 396 1422 είς
449 1357 606 1420 κλέος
640 1355 794 1425 ὑμῶν
820 1353 1060 1408 αἰώνιον.
1094 1347 1609 1422 Προσαγορεύουσιν
1647 1347 1700 1400 οί

105 1450 362 1513 συνόντες
416 1465 510 1519 μοι
560 1445 929 1517 ἀμφοτέρους.
973 1443 1031 1498 '0
1075 1440 1312 1513 Χριστὸς
1356 1437 1478 1508 μεθ’
1518 1437 1694 1508 ὑμῶν.

116 1538 324 1609 Ἀμήν.

624 1669 731 1724 lA'.
761 1695 835 1707 —
872 1661 958 1731 Τῷ
984 1660 1165 1730 αὐτῷ.
1194 1658 1375 1735 [ρνδἌ]

1797 709 2106 779 epistolam.
2151 708 2325 766 Porro
2367 711 2673 784 accingere,
2725 725 2782 768 et
2832 724 3052 784 paratus
3093 724 3213 771 esto
3258 734 3384 772 eum

1799 801 2036 867 ceteris,
2077 811 2135 857 et
2161 817 2284 857 cum
2317 803 2382 858 iis
2414 804 2648 858 maxime
2678 820 2817 874 quos
2846 806 3042 876 scripsi
3070 821 3088 860 :
3118 809 3382 877 quoniam

1799 908 1924 949 cum
1959 893 2096 964 lapsi
2138 895 2249 948 sint
2284 895 2375 964 qui
2422 895 2580 950 nobis
2612 895 2777 950 vieini
2823 907 3001 963 erant,
3036 899 3153 954 ﬁeri
3195 903 3389 971 nequit

1801 995 1863 1040 ut
1891 987 2264 1057 relinquamur
2311 989 2380 1043 ab
2417 988 2522 1043 illis
2549 988 2679 1058 ipsis
2705 989 2892 1044 delati.
2937 986 3039 1045 Det
3066 1001 3247 1048 autem
3280 995 3388 1048 Do-

1804 1078 1990 1134 minus
2014 1079 2170 1135 vobis
2192 1081 2356 1143 vires,
2383 1083 2567 1147 robur,
2600 1081 2957 1147 intellectum,
2989 1083 3233 1148 oculum,
3259 1100 3391 1153 pru-

1802 1169 2069 1236 dentiam,
2098 1173 2281 1227 omnia
2311 1182 2462 1228 recte
2489 1187 2650 1243 agere
2681 1172 2735 1227 in
2778 1174 3040 1229 honorem
3069 1183 3124 1229 et
3159 1175 3387 1245 gloriam

1801 1261 2030 1328 Christi,
2072 1263 2140 1317 ad
2175 1264 2391 1318 laudem
2432 1280 2609 1318 meam
2653 1273 2711 1319 et
2737 1265 3119 1335 gloriatiouem
3149 1275 3388 1321 vestram

1799 1355 2216 1424 sempiternam.
2268 1357 2519 1412 Salutant
2547 1358 2641 1428 qui
2675 1374 2890 1414 mecum
2931 1368 3062 1414 sunt
3102 1368 3388 1430 utrosque.

1799 1443 2058 1500 Christus
2088 1447 2390 1502 vobiscum.
2424 1450 2621 1504 Amen.

2385 1667 2480 1727 Χῐ.
2509 1701 2582 1712 -
2615 1669 2827 1729 Eidem.

773 1785 852 1836 De
876 1781 1191 1846 quihusdam,
1214 1778 1303 1844 qui
1334 1779 1463 1843 lapsi
1493 1779 1658 1839 erant,
1691 1778 2012 1840 recipiendis.
2059 1781 2256 1844 (Barea.
2286 1797 2365 1834 an.
2405 1785 2517 1844 8|6,
2554 1800 2604 1837 n.
2628 1786 2734 1850 16.)

177 1897 347 1968 Παρὰ
368 1893 707 1969 προσδοκίαν
742 1886 883 1947 εἶδον
912 1891 985 1944 τὰ
1016 1888 1325 1961 γράμματά
1359 1904 1478 1954 σου,
1506 1886 1698 1940 τέκνον

1871 1885 2080 1945 Praeter
2113 1892 2602 1962 exspectationem,
2651 1894 2850 1950 dilecte
2892 1894 2988 1961 ﬁli,
3025 1895 3231 1952 litteras
3269 1907 3390 1956 tuas

103 1990 493 2060 ἠγαπημένον,
545 1987 642 2042 καὶ
687 1987 815 2048 τοὺς
868 1981 1163 2052 ἀδελφούς·
1193 1981 1256 2034 ού
1285 1980 1417 2049 γὰρ,
1449 1978 1526 2041 ῶς
1563 1992 1702 2046 προ-

104 2082 368 2154 έγραψα.
405 2081 644 2149 ἐπέσχες
685 2076 849 2148 μέχρι
896 2072 1302 2143 Σεπτεμϐρίου.
1356 2069 1498 2124 Ἀλλ’
1549 2069 1702 2137 ὅμως

105 2175 466 2245 ἁπεδεξάμην
505 2188 598 2224 σου
637 2170 701 2223 τὸ
746 2165 1054 2239 πρόθυμον,
1091 2165 1155 2218 τὸ
1183 2165 1288 2218 ούκ
1332 2161 1563 2217 άνεκτὺν
1602 2160 1703 2228 τῆς

104 2268 372 2335 ἀγάπης,
427 2261 800 2331 τδδιάπυρον
854 2256 952 2311 τοῦ
998 2256 1206 2322 πόθου,
1257 2254 1319 2307 τὸ
1358 2253 1487 2324 περὶ
1525 2251 1705 2306 πάντα

107 2359 396 2430 φιλόθεον·
427 2353 726 2425 προσθείην
755 2349 800 2404 δ’
833 2348 900 2404 ἂν
942 2350 1038 2402 καὶ
1069 2346 1452 2417 φιλοπάτριον.
1494 2344 1565 2396 Σύ
1598 2358 1701 2410 μου

106 2451 264 2523 χαρὰ
293 2451 390 2503 καὶ
420 2443 779 2517 παραμύθιον
803 2458 818 2473 ο
874 2440 940 2495 σύ
997 2457 1098 2511 μου
1139 2441 1197 2494 ὲν
1247 2438 1437 2510 Κυρίῳ
1473 2439 1532 2490 tv
1567 2436 1702 2488 πᾶσι

107 2547 223 2608 τοῖς
262 2540 532 2602 κινδύνοις
567 2537 663 2591 καὶ
694 2535 941 2605 θλίψεσιν
970 2534 1218 2604 ἒδρασμα
1240 2573 1254 2597 ,
1287 2533 1385 2585 καὶ
1431 2529 1701 2598 στέφανος

109 2639 483 2708 καυχήσεως,
517 2631 658 2703 μετὰ
705 2631 927 2683 πάντων
959 2627 1067 2682 τῶν
1112 2624 1397 2680 συνάθλων
1439 2639 1567 2676 σου·
1609 2621 1705 2676 καὶ

108 2732 222 2802 πρὸ
252 2729 475 2783 πάντων
509 2720 762 2792 ἀδελφῶν
791 2721 951 2793 ἡμῶν
997 2723 1055 2773 ὲν
1087 2715 1312 2791 Χριστῷ
1355 2714 1532 2786 Ἰησοῦ
1553 2755 1568 2780 ,
1609 2714 1706 2768 καὶ

106 2825 348 2877 τέκνων.
381 2818 476 2872 Διὸ
509 2816 604 2869 καὶ
645 2813 845 2884 χαίρω,
887 2810 1128 2880 εὐλογῶν
1172 2809 1264 2861 τὸν
1298 2807 1433 2860 Θεὸν
1460 2804 1554 2859 τοῦ
1588 2806 1704 2858 lla-

106 2915 244 2984 τρός
283 2927 387 2982 μου
409 2925 423 2940 ⁸
468 2909 552 2962 ὅτι
578 2905 783 2976 ύγιάζῃ
812 2904 960 2974 ψυχῇ
995 2903 1094 2956 καὶ
1123 2899 1368 2971 σώματι·
1401 2895 1577 2961 οὕτως
1601 2895 1707 2950 ὑπὸ

109 3003 252 3058 Θεοῦ
281 2994 737 3067 οίκονομηθέντος
767 2989 909 3047 εἷναί
938 3008 999 3045 σε
1038 2992 1238 3060 ἄφετον
1263 2991 1328 3042 ὲκ
1350 2986 1589 3058 δεσμῶν·
1616 2986 1704 3039 ἴνα

109 3095 244 3157 τοὺς
288 3095 350 3145 tv
384 3089 604 3158 δεσμοῖς
649 3086 880 3157 ἁλείφῃς
905 3123 921 3149 ,
953 3083 1082 3146 τοὺς
1112 3080 1426 3151 ἀφεμένους
1470 3077 1706 3132 συνδέων

111 3181 520 3256 ἑπιστηρίζοις.
558 3182 623 3233 '0
659 3180 754 3233 καὶ
786 3179 966 3240 ποιεῖς
993 3191 1178 3246 χαριτι
1206 3171 1444 3245 Χριστοῦ
1465 3209 1482 3236 ,
1523 3187 1705 3240 παρα-

113 3278 328 3342 καλῶν,
362 3273 656 3336 νουθετῶν,
690 3267 1189 3341 παραμυθούμενος
1221 3266 1317 3319 ἕνα
1346 3263 1703 3325 ἓκαστον.Ὠς

112 3368 338 3440 ἀληθῶς
363 3365 498 3420 Θεοῦ
537 3366 845 3432 οἰκονόμος.
888 3359 1094 3430 Δέομαι
1141 3356 1238 3410 οῦν
1272 3356 1404 3409 αὐτὸ
1429 3354 1590 3409 τοῦτο
1631 3354 1708 3425 μὴ

114 3462 383 3516 ὲκκακεϊν
431 3455 763 3530 ἐργάζεσθαί
824 3469 884 3506 σε
943 3453 1022 3518 είς
1079 3451 1238 3516 δόξαν
1293 3447 1571 3520 Χριστοῦ,
1629 3447 1708 3510 είς

116 3554 482 3626 περιποίησιν
533 3552 807 3622 σωτηρίας
850 3564 984 3614 σου,
1030 3550 1110 3611 εἰς
1160 3544 1424 3616 καύχημα
1470 3542 1595 3613 ἐμοὶ
1629 3540 1709 3611 τῷ

117 3646 460 3718 ἠπορημένῳ
487 3646 545 3699 tv
575 3640 835 3696 παντιοῦν
869 3640 1081 3711 ἀγαθῷ.
1131 3638 1300 3709 Πλὴν,
1351 3635 1548 3706 ἁδελφὲ
1573 3674 1589 3698 ,
1627 3635 1709 3689 ὅτι

116 3740 219 3794 οὑκ
254 3740 339 3802 είς
369 3737 527 3790 κενὸν
551 3734 862 3805 ὶδράμομεν
893 3734 989 3786 καὶ
1017 3729 1289 3802 τρέχομεν
1321 3729 1488 3782 πάλαι
1524 3744 1586 3780 τε
1613 3729 1710 3781 καὶ

119 3831 250 3884 νῦνο
299 3828 412 3882 οὐδ’
461 3829 542 3889 είς
591 3824 749 3877 κενὸν
803 3822 1116 3893 κοπιῶμενο
1154 3821 1298 3892 ὑπὲρ
1327 3817 1566 3890 Χριστοῦ
1601 3821 1710 3889 γὰρ

121 3923 216 3975 καὶ
251 3921 345 3974 διὰ
385 3915 620 3989 Χριστὸν
651 3913 792 3985 ὑπὲρ
821 3907 882 3966 οὗ
914 3915 978 3967 τὸ
1018 3913 1276 3982 πάσχειν,
1309 3911 1532 3981 πάσχαο
1569 3910 1711 3980 ὑπὲρ

120 4007 181 4065 οὗ
203 4013 267 4066 τὸ
297 4007 613 4071 λυπεῖσθαι,
631 4006 799 4076 χαρά.
817 4007 859 4056 Ε
866 4005 1001 4074 [nep
1028 4003 1498 4074 συμπάσχομεν,
1521 4003 1709 4073 φησὶν,

122 4108 223 4160 ἵνα
253 4105 354 4158 καί
385 4097 922 4166 σρνδοξασθῶμεν.
952 4095 1262 4168 Λογίζομαι
1307 4098 1420 4164 τὰρ
1466 4095 1556 4148 ὅτι
1600 4095 1710 4147 οὐκ

122 4200 264 4262 ἄξια
317 4197 392 4249 τὰ
438 4191 759 4260 παθήματα
817 4189 926 4242 τοῦ
977 4189 1094 4243 νῦν
1140 4185 1349 4256 καιροῦ
1396 4187 1546 4252 πρὸς
1597 4183 1714 4249 τὴν

120 4289 484 4360 μέλλουσαν
549 4281 739 4347 δόξαν
801 4279 1315 4349 ἀποκαλυφθῆναι
1378 4281 1468 4345 είς
1531 4276 1710 4348 ἡμᾶς.

124 4383 238 4435 Καὶ
277 4377 530 4439 εἰκότως.
587 4373 654 4427 Ἦ
686 4371 797 4442 γὰρ
828 4371 1065 4425 ἐνταῦθα
1101 4369 1382 4438 σύνθλιψις
1407 4407 1423 4434 ,
1455 4369 1713 4421 ὁποιαοῦν

1805 1989 1864 2035 et
1893 1980 2092 2038 fratres
2117 1984 2252 2038 vidi.
2296 1983 2418 2038 Non
2443 1988 2610 2050 etaim,
2639 1995 2698 2040 ut
2723 1995 2882 2042 antea
2905 1990 3258 2058 scripseram,
3291 2007 3392 2046 us-

1806 2089 1916 2144 que
1947 2075 2014 2129 ad
2058 2077 2440 2146 Septembrem
2479 2078 2763 2134 distulisti.
2794 2079 3069 2135 Ceterum
3108 2084 3393 2153 amplexus

1805 2181 1926 2221 sum
1971 2167 2307 2224 alacritatem
2357 2179 2524 2235 tuam,
2567 2172 2890 2227 charitatem
2921 2189 3030 2228 non
3083 2175 3389 2242 remissam,

1804 2259 2005 2313 ardens
2062 2260 2438 2328 desiderium,
2514 2262 2569 2316 in
2623 2264 2883 2318 omnibus
2933 2265 3191 2336 pietatem
3261 2283 3388 2340 erga

1805 2347 2000 2415 Deum,
2042 2351 2350 2408 addiderim
2376 2355 2542 2409 etiam
2581 2371 2707 2426 erga
2742 2365 2979 2426 patrem.
3010 2356 3091 2412 Tu
3123 2359 3306 2414 laetitia
3335 2371 3394 2416 et

1804 2442 2111 2498 consolatio
2140 2459 2262 2498 mea
2294 2463 2306 2498 :
2354 2455 2412 2500 tu
2443 2462 2626 2502 meum
2659 2449 2713 2502 in
2748 2449 3005 2504 omnibus
3040 2452 3300 2520 periculis
3333 2463 3394 2507 et

1805 2532 2255 2591 tribulationibus
2279 2535 2681 2593 ﬁrmamentum
2713 2540 2767 2594 in
2794 2539 3025 2595 Domino
3057 2549 3110 2596 et
3148 2545 3392 2597 exsulta-

1806 2624 1973 2681 tionis
1997 2641 2222 2696 corona,
2257 2644 2383 2685 cum
2414 2633 2778 2686 certaminum
2817 2643 3036 2687 tuorum
3069 2635 3237 2689 sociis
3267 2635 3392 2689 uui-

1805 2718 2001 2784 versis,
2038 2735 2152 2789 pra:
2192 2720 2451 2775 omnibus
2481 2721 2686 2777 nostris
2718 2723 2773 2776 in
2800 2722 3023 2778 Christo
3048 2723 3178 2778 Jesu
3206 2725 3393 2779 fratri-

1805 2807 1909 2863 bus
1941 2819 1999 2864 et
2046 2811 2190 2866 ﬁliis.
2227 2804 2493 2877 Quocirca
2540 2823 2594 2868 et
2640 2813 2799 2868 lmtor
2847 2815 3166 2884 plurimum,
3213 2817 3390 2872 Deum

1807 2899 1983 2957 Patris
2011 2904 2119 2958 mei
2163 2903 2416 2969 laudans,
2462 2906 2607 2974 quod
2652 2908 2839 2960 animo
2887 2915 2942 2962 et
2983 2923 3214 2978 corpore
3245 2919 3393 2966 recte

1805 2993 2003 3049 vales:
2061 2995 2172 3050 Deo
2214 2997 2294 3051 sic
2341 2999 2524 3053 omnia
2597 2998 2941 3069 disponente,
3024 3011 3082 3054 ut
3149 3013 3205 3056 tu
3269 3003 3391 3056 vin-

1807 3084 1948 3140 eulis
2007 3087 2219 3142 solutus
2259 3087 2448 3155 fueris,
2483 3106 2591 3160 quo
2613 3091 2733 3145 illos
2752 3091 2845 3160 qui
2871 3092 2924 3148 in
2981 3092 3214 3146 vinculis
3265 3102 3395 3148 sunt

1807 3177 2080 3243 subleves,
2159 3195 2254 3235 eos
2311 3193 2496 3236 autem
2568 3182 2660 3252 qui
2720 3183 2886 3237 soluti
2964 3193 3095 3237 sunt
3158 3185 3392 3253 conjun-

1808 3269 1984 3340 gendo
2030 3271 2343 3327 conﬁrmes.
2398 3271 2556 3339 Quod
2591 3273 2811 3343 quidem
2862 3272 2995 3328 lacis
3045 3289 3142 3345 per
3190 3274 3396 3330 Christi

1808 3362 2058 3433 gratiam,
2085 3379 2530 3436 unumquemque
2559 3367 2881 3428 adhortans,
2913 3367 3236 3433 admonens,
3265 3383 3402 3423 con-

1808 3454 2029 3522 solans,
2088 3462 2348 3526 tanquam
2400 3473 2567 3512 verus
2621 3457 2716 3512 Dei
2771 3457 3139 3528 dispensator.
3197 3458 3404 3514 Precor

1810 3542 1975 3613 igitur
2032 3561 2105 3600 ne
2148 3548 2338 3601 animo
2386 3547 2612 3603 delicias
2668 3547 2800 3602 illud
2847 3547 3025 3617 ipsum
3073 3549 3284 3618 agendo
3329 3550 3398 3605 ad

1808 3633 2013 3689 Christi
2063 3635 2327 3707 gloriam.
2378 3637 2445 3692 ad
2495 3637 2687 3693 salutis
2737 3645 2843 3693 tua:
2890 3638 3277 3699 assertionem,
3329 3640 3400 3693 ad

1809 3741 2011 3793 meam,
2043 3728 2134 3795 qui
2167 3729 2544 3799 cujuscunque
2578 3729 2709 3784 boni
2741 3744 2862 3783 sum
2901 3728 3081 3799 inops,
3119 3728 3401 3800 gloriatio-

1810 3833 1959 3873 nem.
1993 3817 2259 3884 Tametsi,
2292 3820 2481 3884 frater,
2513 3837 2624 3876 non
2657 3821 2712 3875 in
2743 3836 2978 3876 vacuum
3005 3820 3134 3875 olim
3166 3836 3401 3877 concur-

1810 3912 2005 3974 rimus,
2037 3928 2216 3982 neque
2243 3914 2296 3967 in
2338 3929 2572 3968 vacuum
2614 3914 2963 3980 laboramus;
2998 3915 3265 3984 siquidem
3299 3930 3401 3984 pro

1811 4004 2032 4060 Christo
2079 4013 2136 4059 et
2183 4022 2280 4076 per
2334 4005 2640 4072 Christum,
2697 4021 2797 4077 pro
2843 4022 2954 4076 quo
3000 4006 3205 4075 aliquid
3261 4006 3400 4075 pati,

1812 4099 2013 4168 pascha
2048 4107 2168 4152 est:
2206 4115 2304 4168 pro
2342 4114 2451 4168 quo
2477 4098 2702 4162 tristari,
2737 4098 2945 4154 laetitia.
2981 4097 3040 4153 Si
3069 4098 3226 4153 modo
3257 4115 3400 4151 com-

1813 4190 2081 4258 patimur,
2134 4189 2340 4260 inquit,
2403 4198 2460 4243 ut
2514 4201 2563 4243 el
2616 4190 3086 4260 conglori/icemur.
3139 4190 3401 4245 Existimo

1813 4282 1953 4334 enim
1989 4283 2126 4351 quod
2164 4297 2267 4335 non
2299 4291 2421 4335 sunt
2456 4282 2726 4352 condignae
2772 4283 3039 4350 passiones
3068 4282 3226 4352 hujus
3267 4292 3402 4337 tem-

1814 4374 1958 4442 poris
1989 4373 2058 4424 ad
2088 4373 2580 4443 futuramtgloriam
2611 4389 2727 4443 qua:
2754 4372 3068 4426 revelabitur
3087 4374 3139 4427 iu
3168 4375 3312 4428 nobis
3335 4375 3399 4429 ".

125 4473 369 4542 σκιώδης
395 4470 491 4524 καὶ
513 4465 808 4538 ὀνειρώδης
833 4481 847 4494 ⁸
878 4466 912 4534 ἡ
939 4465 998 4518 δὲ
1024 4466 1202 4517 ἐκεῖσε
1226 4462 1576 4532 ἁντάμειψις,
1601 4462 1705 4531 ζωὴ

1816 4461 1883 4516 Et
1907 4461 2124 4516 merito.
2163 4461 2294 4517 lstic
2318 4463 2464 4516 enim
2494 4462 2717 4516 aﬂlictio
2745 4462 3165 4532 qualiscunque,
3195 4464 3404 4518 umbrae

127 4568 442 4636 ἀπέραντος
478 4561 615 4632 μετὰ
654 4557 813 4627 δόξης
855 4557 1096 4612 αἰωνίου.
1146 4555 1239 4626 Μὴ
1289 4551 1382 4607 οὖν
1417 4557 1705 4622 ἐπαισχυν-

1815 4564 1872 4609 et
1901 4554 2115 4609 somnio
2147 4555 2343 4609 similis
2373 4573 2388 4607 :
2421 4554 2532 4609 illic
2573 4563 2758 4608 autem
2794 4554 3191 4623 compensatio,
3227 4557 3403 4609 inter-

127 4659 338 4728 θῶμεν,
366 4647 652 4719 ὧ,τέκνον,
680 4648 753 4706 τὸ.
776 4647 951 4717 παρὸν
984 4645 1284 4718 μαρτύριον
1307 4661 1321 4675 °
1363 4643 1458 4697 τοῦ
1501 4643 1705 4714 Κυρίου

1811 4647 2021 4702 minata
2054 4645 2166 4701 vita
2206 4663 2331 4703 cum
2367 4646 2538 4719 gloria
2567 4647 2921 4716 sempiterna.
2959 4646 3076 4700 Non
3116 4643 3405 4701 erubesca-

127 4755 238 4823 γάρ
292 4752 436 4803 ὲστι.
473 4744 669 4800 Πολλοὶ
710 4741 1073 4813 ἐπεθύμησαν
1106 4741 1165 4806 ἐξ
1209 4739 1433 4808 ἀγάπης
1473 4736 1705 4808 Χριστοῦ

1814 4755 1931 4793 mus
1947 4754 2093 4812 ergo,
2111 4739 2204 4803 ﬁli,
2218 4755 2460 4810 praesens
2477 4739 2880 4794 testimonium:
2902 4739 3114 4796 Domini
3133 4737 3277 4791 enim
3297 4746 3402 4792 est.

1811 4830 1963 4886 Multi
1983 4847 2094 4901 pm
2126 4831 2327 4886 Christi
2354 4847 2539 4886 amore
2575 4830 2706 4884 illud
2723 4830 2907 4884 videre
2939 4825 3405 4898 optaverunt,sed

1813 4924 1956 4978 nacti
1975 4939 2084 4978 non
2105 4930 2266 4978 sunt:
2291 4939 2391 4977 nos
2417 4929 2599 4977 autem
2621 4921 2772 4992 digni
2810 4920 2979 4974 habiti
3007 4935 3219 4972 sumus.
3242 4917 3408 4984 Quid-

1816 5032 1940 5071 nam
1959 5015 2116 5070 illud?
2133 5031 2230 5086 pro
2248 5016 2366 5086 ipso
2377 5014 3100 5086 pati,vexari,captivilatem
3115 5028 3179 5066 ac
3192 5012 3406 5064 vincula

1818 5107 2372 5170 sustinere,delocoin
2391 5107 2567 5162 locum
2586 5106 2732 5177 pelli,
2747 5114 2840 5159 aut
2855 5103 3097 5159 fortassis
3108 5102 3274 5156 etiam
3295 5118 3414 5156 ver-

1821 5202 2020 5263 berari,
2053 5200 2426 5270 spectaculum
2469 5199 2888 5268 ﬁerietangelis
2932 5195 3406 5250 ethominihus".

126 4842 284 4898 τοῦτο
317 4841 480 4894 ἰδεῖνο
513 4836 630 4891 ἀλλ’
668 4833 770 4886 οὐκ
816 4832 1113 4901 ἐπέτυχον·
1150 4827 1314 4900 ἡμεῖς
1353 4830 1410 4882 δὲ
1439 4826 1712 4897 κατηξιώ-

130 4934 292 5003 μεθα.
327 4929 394 4984 Τί
442 4927 629 4991 τοῦτο;
667 4925 808 4994 ὑπὲρ
857 4920 1022 4974 αὑτοῦ
1065 4923 1336 4991 πάσχειν*
1387 4917 1676 4972 διώκεσθαι

129 5021 635 5097 αἰχμαλωτίζεσθαι
655 5035 668 5048 ⁸
692 5013 1088 5084 φυλακίζεσθαι
1110 5031 1122 5043 ·
1151 5015 1216 5066 ἐκ
1246 5011 1413 5065 τόπου
1436 5014 1516 5073 είς
1545 5010 1709 5064 τόπον

131 5112 575 5189 περιορίζεσθαι·
626 5111 659 5182 ἢ
691 5111 831 5180 τάχα
868 5106 963 5161 καὶ
996 5105 1294 5160 τύπτεσθαι
1315 5121 1328 5136 ο
1360 5104 1588 5173 θέατρον
1626 5104 1712 5172 γί-

132 5211 318 5265 νεσθαι
350 5209 446 5261 καὶ
469 5203 724 5273 ἀγγέλοις
751 5203 845 5254 καὶ
868 5198 1199 5269 ἀνθρώποις.

199 5306 264 5358 El
297 5303 358 5356 δὲ
384 5302 468 5353 ὅτι
498 5297 684 5351 καὶτὸ
711 5295 884 5362 ὄνομα
923 5291 1082 5362 ἡμῶν
1120 5290 1196 5352 ὡς
1247 5289 1486 5358 πονηρὸν
1527 5285 1716 5354 ὲξέὸαο

135 5396 243 5457 λον,
259 5387 761 5461 ἀναθεματίζοντες
782 5385 887 5454 ίδίᾳ
915 5400 976 5436 τε
998 5382 1092 5434 καὶ
1130 5381 1367 5450 δημοσίᾳ
1390 5380 1485 5433 σὺν
1508 5379 1712 5447 ἁγίοις⁹

137 5485 232 5535 οὐκ
269 5482 347 5534 ἔνι
385 5477 568 5548 χαράς
610 5477 712 5529 οὐκ
751 5475 830 5527 ένι
864 5473 1126 5542 σκιρτᾷνς
1167 5466 1321 5534 Οἶδα,
1368 5469 1584 5530 τέκνον,
1630 5469 1720 5520 τὸν

145 5571 495 5645 μακαρισμὸν
549 5569 780 5640 Κυρίου.
842 5565 1067 5627 Τούτοις
1143 5563 1239 5616 καὶ
1295 5562 1455 5624 αὐτὸς
1513 5561 1719 5632 γήθοψ

1899 5292 2054 5358 Quod
2083 5293 2126 5347 si
2153 5302 2206 5347 et
2224 5308 2422 5346 nomen
2441 5299 2688 5345 nostrqu
2708 5290 2990 5358 eiecerunt
3005 5300 3261 5355 tanquam
3293 5301 3410 5340 ma-

1817 5382 1952 5449 lum,
2021 5383 2544 5437 anathematizantes
2609 5379 2856 5450 privatim
2909 5388 2963 5434 et
3018 5378 3233 5448 publice
3281 5392 3406 5431 cum

1820 5472 2027 5525 sanctis
2061 5489 2073 5534 ;
2104 5487 2286 5526 nonne
2316 5471 2570 5542 gaudium
2591 5471 2708 5525 est?
2730 5484 2912 5523 nonne
2945 5468 3071 5521 licet
3096 5466 3413 5520 exsultare?

1819 5563 1954 5618 Novi
1985 5579 2107 5633 ego,
2144 5564 2240 5626 ﬁli,
2273 5563 2670 5618 beatitudinem
2701 5577 2732 5615 a
2766 5560 2996 5614 Domino
3036 5558 3407 5628 pradicatam.

142 5668 340 5736 τέρπου
385 5667 484 5717 σὺν
533 5663 676 5724 ὅλοις
716 5660 946 5721 τέκνοις.
980 5654 1163 5725 Ὑμεῖς
1199 5655 1309 5723 γάρ
1349 5655 1491 5708 ἐστε·
1550 5652 1705 5723 σῶμα

1825 5654 1908 5709 Tu
1945 5671 2163 5725 quoque
2213 5656 2284 5710 ob
2313 5656 2430 5710 lucc
2487 5655 2671 5708 laetare
2707 5677 2720 5707 ς
2763 5654 2934 5723 gaude
2977 5667 3102 5706 cum
3137 5649 3411 5703 universis

147 5759 432 5828 Χριστοῦ,
471 5757 571 5810 καί
597 5754 754 5825 μέλη
795 5752 864 5807 ἐκ
897 5752 1142 5823 μέρους.
1179 5750 1287 5804 Kal
1336 5749 1455 5804 εἶτε
1495 5746 1716 5816 πάσχει

207 5939 248 5968 ⁸⁷
279 5936 436 5994 Rom.
473 5952 592 5998 νιιι,
633 5933 718 5997 17,
760 5932 840 5990 18.
913 5931 954 5961 "
982 5930 1112 5986 Luc.
1145 5929 1323 5990 vt,22.

1829 5748 1993 5802 ﬁliis:
2037 5748 2127 5802 Vos
2165 5749 2302 5802 enim
2352 5749 2473 5802 estis
2514 5764 2697 5815 corpus
2743 5745 2933 5800 Christi
2974 5754 3024 5800 ct
3077 5742 3303 5797 membra
3346 5756 3411 5796 cx
