3934 6446
550 395 685 460 114⁸7

1745 409 1804 469 S.
1837 408 2227 472 THEODORI
2278 412 2625 472 STUDlT/E

3661 406 3792 473 1148

543 524 712 577 parte.
742 509 811 564 Et
856 511 903 563 si
947 514 1072 582 quid
1114 516 1317 583 patitur
1355 534 1517 572 unum
1545 520 1856 584 membrum,
1907 539 2118 590 compa-

2226 521 2286 575 ἓν
2308 522 2519 590 μέλος,
2551 518 2900 591 συμπάσχει
2928 519 3124 574 πάντα
3154 521 3222 573 τὰ
3243 520 3396 588 μέλη
3424 534 3439 550 ·
3469 518 3597 572 οἵτε
3624 517 3793 581 (Solid-

545 603 746 654 tiuntur
780 604 957 654 omnia
1013 606 1244 659 membra
1273 623 1291 661 :
1322 609 1429 663 sive
1467 610 1726 680 gloriatur
1753 628 1915 665 unum
1954 631 2120 667 mem-

544 692 715 755 brum,
778 695 1106 763 congaudent
1150 700 1323 753 omnia
1377 704 1607 756 membra
1648 707 1713 759 ⁶⁹.
1759 706 1975 771 Quaere,
2022 706 2117 771 ait,

544 799 664 852 qua
696 792 921 847 restant,
953 797 1131 853 sputa,
1154 790 1432 859 colaphos,
1457 808 1671 848 crucem
1690 797 1923 866 denique
1955 815 1968 849 :
1999 797 2120 850 dul-

545 886 637 924 ces
694 873 825 926 mihi
857 874 1040 928 clavos
1077 876 1298 944 Christi,
1333 882 1530 949 quibus
1574 886 1808 954 cruciﬁgi
1850 901 1971 940 cum
2004 887 2121 955 ipso

546 961 732 1027 ecquis
758 963 971 1032 eritqui
994 967 1187 1036 dignus
1208 970 1471 1025 habeatur
1497 990 1510 1025 :
1538 989 1729 1029 servus
1746 992 1867 1030 cum
1893 977 2120 1031 Domino

546 1051 732 1107 lancea
760 1056 999 1121 confodi,
1028 1060 1345 1129 sanguinem
1375 1065 1606 1120 miscens
1630 1068 1910 1137 sanguini:
1937 1069 2117 1132 homo,

548 1143 640 1197 Dei
687 1146 966 1201 viventis?
1002 1150 1185 1204 Sancti
1238 1154 1341 1209 hoc
1386 1155 1581 1210 allecto
1617 1158 1785 1227 pleni.
1819 1159 2122 1226 gaudebant

547 1250 670 1288 cum
721 1236 1115 1294 dilaniarentur
1146 1261 1159 1295 :
1193 1245 1498 1313 gestiebant
1526 1263 1648 1300 cum
1696 1249 1936 1302 membra
1964 1264 2117 1305 seca-

548 1336 757 1379 rentur.
792 1330 1026 1383 Advenit
1076 1331 1255 1402 itaque
1302 1345 1357 1390 et
1405 1346 1652 1391 nostrum
1701 1340 1997 1408 gaudium:
2054 1356 2119 1395 ex

550 1426 704 1484 parte
739 1422 929 1475 tentati
982 1421 1181 1477 fuimus
1211 1444 1223 1479 :
1255 1436 1311 1479 et
1344 1428 1546 1481 utinam
1584 1441 1950 1484 consummata
1976 1442 2121 1487 esset

552 1511 800 1574 tentatio,
862 1514 1029 1581 gratia
1068 1526 1121 1568 ct
1152 1517 1483 1589 benignitate
1511 1519 1640 1575 Jesu
1670 1521 1871 1577 Christi
1908 1524 2116 1578 Domini

547 1600 766 1654 nostri!
833 1617 931 1670 per
983 1606 1210 1674 gratiam
1263 1612 1409 1663 enim
1467 1611 1687 1665 victoria
1747 1615 2023 1685 contingat
2062 1616 2118 1669 in

547 1706 874 1760 quocunque
900 1711 914 1747 :
944 1704 1001 1748 ut
1024 1712 1129 1751 non
1157 1697 1414 1767 glorietur
1436 1703 1717 1772 quisquam
1743 1707 1892 1774 quasi
1920 1707 2117 1776 aliquid

548 1797 694 1835 exse
726 1783 925 1839 habeat
956 1788 1096 1840 :’sed
1135 1790 1194 1841 u't
1233 1790 1325 1843 Dei
1361 1791 1790 1849 misericordiam
1820 1797 1873 1850 in
1899 1796 2118 1853 Christo

550 1869 680 1924 Jesu
735 1887 1133 1941 consequamur
1164 1892 1261 1945 per
1294 1879 1461 1932 animi
1504 1881 1889 1938 demissionem
1920 1894 1975 1939 et
2005 1886 2120 1940 clli-

549 1974 731 2016 cacem
752 1963 1155 2019 conﬁdentiam.
1175 1966 1232 2020 Si
1248 1985 1350 2037 qua
1370 1986 1491 2040 ergo
1513 1975 1796 2037 consolatio
1818 1977 1872 2029 in
1892 1976 2119 2040 Christo.

549 2053 595 2106 si
623 2054 759 2121 quod
786 2054 1034 2109 solatium
1079 2058 1371 2124 charitatis,
1400 2064 1445 2115 si
1474 2081 1577 2133 qua
1621 2068 1840 2121 societas
1882 2068 2023 2135 ﬁdei,
2075 2072 2122 2124 si

550 2160 655 2213 qua
675 2146 874 2198 viscera
889 2161 934 2199 et
958 2149 1333 2213 miserationes,
1355 2154 1562 2221 implete
1578 2159 1830 2226 gaudium
1852 2178 2023 2214 meum
2040 2164 2084 2194 ⁷⁰
2104 2181 2119 2230 ;

555 2239 614 2283 ut
655 2246 756 2300 ego
801 2233 965 2287 miser
1007 2250 1131 2289 cum
1182 2238 1443 2305 Apostolo
1497 2243 1886 2299 dicam:Idem
1930 2250 2118 2318 sapite,

552 2323 789 2375 eamdem
874 2326 1183 2380 clraritatem
1255 2330 1527 2394 habentes.
1636 2338 1935 2404 unanimes,
2018 2341 2121 2393 idio

550 2426 699 2474 psum
747 2416 1043 2482 sentientes,
1103 2418 1233 2471 nihil
1262 2437 1353 2487 per
1410 2426 1790 2478 contentionem
1843 2443 2005 2497 neque
2031 2446 2122 2498 per

550 2501 761 2555 inanem
802 2503 1027 2580 gloriam
1054 2507 1119 2570 “,
1173 2508 1407 2565 invicem
1439 2514 1810 2571 adversantes.
1847 2517 2119 2574 Interdum

551 2594 695 2647 enim
732 2594 784 2648 in
814 2595 879 2649 iis
926 2597 1091 2651 etiam
1120 2615 1240 2667 quae
1282 2617 1380 2669 pro
1422 2604 1621 2671 pietate
1661 2618 1922 2676 geruntur
1943 2621 2122 2666 certa-

551 2683 791 2737 minibus
820 2687 1109 2754 aucupatio
1140 2686 1436 2755 primarum
1472 2692 1703 2759 partium
1730 2703 1785 2749 et
1821 2696 2120 2764 pervicacia

551 2774 956 2829 contentionem
989 2777 1222 2846 obrepit.
1264 2777 1371 2833 Vos
1400 2796 1528 2834 vero
1552 2792 1805 2851 tanquam
1844 2788 1931 2840 Dei
1962 2789 2122 2842 mini-

552 2862 691 2929 stri;
728 2881 851 2918 nam
880 2867 937 2920 in
967 2884 1195 2937 persona
1230 2880 1317 2924 tua
1349 2888 1443 2926 eos
1469 2877 1855 2943 comprehendi
1889 2880 2009 2933 volo
2029 2881 2120 2949 qui

553 2962 812 3020 praesunt,
844 2956 1047 3025 quique
1090 2958 1230 3013 hanc
1270 2961 1553 3029 epistolam
1604 2964 1833 3035 legerint
1865 2986 1878 3022 :
1908 2968 2120 3025 Nemini

552 3043 736 3096 dantes
788 3046 953 3099 ullam
994 3050 1342 3117 oﬂ'ensionem,
1398 3064 1454 3107 ut
1504 3056 1853 3111 ministerium
1895 3070 2122 3115 vestrum

554 3146 655 3183 non
677 3132 775 3199 ﬁat
805 3135 1144 3201 vituperabile
1166 3138 1230 3189 ’³.

623 3223 698 3276 De
728 3224 834 3279 illis
858 3236 1037 3280 autem
1078 3246 1214 3298 quos
1263 3232 1453 3288 scribis
1484 3236 1613 3289 mihi
1643 3240 1846 3293 erroris
1870 3240 1952 3295 sui
2005 3257 2123 3310 pte-

553 3310 781 3365 nitentia
818 3314 940 3369 duci
975 3336 987 3369 :
1023 3333 1146 3388 erga
1170 3336 1265 3373 eos
1287 3322 1378 3390 qui
1406 3323 1472 3376 de
1496 3339 1724 3395 corpore
1755 3339 1943 3385 nostro
1973 3342 2121 3398 sunt,

553 3405 749 3459 medici
774 3422 982 3469 sumus.
1008 3412 1255 3478 quamvis
1277 3414 1501 3484 indigni.
1523 3416 1692 3481 Quam
1718 3420 1879 3489 igitur
1908 3438 2123 3491 pamam

554 3494 757 3561 Oresti,
786 3498 877 3567 qui
910 3500 976 3553 ad
1016 3517 1116 3554 nos
1149 3503 1256 3557 huc
1287 3508 1452 3570 venit,
1487 3524 1583 3577 per
1612 3507 1806 3564 fratres
1833 3509 2126 3570 indiximus

555 3589 780 3656 (neque
821 3590 965 3643 enim
999 3595 1294 3648 convenire
1353 3598 1549 3652 multas
1596 3600 1666 3655 ob
1715 3617 1907 3658 causas
1951 3605 2125 3659 visum

555 3689 660 3741 est,
697 3688 753 3732 ut
776 3682 830 3733 in
859 3693 1212 3751 conspectum
1244 3699 1487 3742 nostrum
1520 3691 1958 3767 admitteretur),
1986 3695 2128 3752 hanc

556 3768 804 3819 eamdem
834 3777 889 3821 et
930 3772 1109 3825 caeteri
1137 3774 1434 3843 suscipiant
1464 3795 1477 3831 :
1526 3779 1779 3835 nimirum
1814 3793 1873 3838 ut
1925 3785 2127 3839 sanctis

558 3860 829 3926 mysteriis
882 3877 988 3913 non
1022 3865 1344 3933 participent
1381 3886 1394 3933 ;
1436 3884 1541 3923 una
1567 3886 1690 3925 cum
1716 3874 1837 3928 aliis
1864 3876 2125 3930 observa-

558 3948 817 4004 tionibus.
856 3952 1147 4023 Quousque
1184 3957 1442 4011 tandem?
1478 3976 1652 4029 rogas.
1703 3963 1887 4028 Quoad
1934 3968 2126 4022 ortho-

556 4039 709 4092 done
732 4040 851 4093 ﬁdei
881 4045 1242 4110 tranquillitas
1280 4048 1482 4102 redeat.
1508 4035 1568 4102 Si
1587 4067 1732 4107 mors
1760 4055 2081 4113 interveniat
2108 4098 2124 4123 ,

558 4128 754 4197 inquit,
819 4135 1242 4189 communicent.
1303 4136 1610 4193 Remissum
1675 4143 1783 4198 illis
1839 4156 2122 4214 peccatum

557 4220 903 4273 arbitramur.
959 4224 1113 4286 Quod
1151 4240 1280 4277 vero
1325 4226 1662 4297 signiﬁcasti,
1706 4248 1801 4287 vos
1843 4233 1910 4288 de
1942 4236 2044 4290 hac
2072 4247 2125 4291 et

558 4308 646 4361 illa
679 4325 735 4363 re
767 4310 908 4363 inter
935 4328 1028 4365 vos
1045 4313 1338 4369 dissidere:
1364 4317 1530 4371 tollite
1547 4323 1873 4388 quazstiones
1894 4336 2122 4392 vestras,

562 4410 617 4453 et
654 4410 896 4454 mutuam
940 4418 1125 4471 pacem
1167 4402 1439 4462 habetote.
1480 4408 1596 4463 Non
1636 4411 1775 4466 sicut
1818 4415 1869 4467 hi
1922 4418 2012 4485 qui
2054 4420 2121 4473 ab

2222 612 2372 675 ζεται
2404 613 2472 667 ἐν
2497 613 2702 683 μέλος,
2729 614 3043 684 συγχαίρει
3073 611 3270 667 πάντα
3302 613 3371 665 τὰ
3389 612 3574 679 μέλη.
3608 611 3791 679 Ζήτει,

2222 705 2375 773 φησὶ,
2435 706 2503 757 τὰ
2559 704 2875 773 λειπόμενα,
2932 701 3326 774 ὲμπτύσματα,
3376 698 3788 768 κολαφίσματα,

2219 796 2369 859 τέλος
2393 796 2484 848 τὸν
2516 793 2779 865 σταυρόν
2814 793 2939 854 τοὺς
2964 792 3187 859 γλυκεῖς
3216 808 3307 858 μοι
3334 789 3579 861 Χριστοῦ
3608 790 3788 859 ἥλους·

2219 878 2299 946 οἷς
2323 884 2407 946 τίς
2432 883 2498 936 ἂν
2530 880 2896 950 καταξιωθείη
2941 879 3390 950 συσταυρωθῆναι
3416 894 3428 906 ·
3464 878 3793 947 συλλογιχευ-

2222 972 2379 1042 θῆναι
2405 970 2586 1031 δοῦλος
2617 970 2895 1040 Δεσπότῃ·
2950 969 3103 1039 μίξαι
3143 963 3282 1037 αἷμα
3314 967 3538 1036 αἵματι*
3579 965 3792 1034 ἄνθρω-

2222 1080 2341 1126 πος,
2374 1061 2508 1114 Θεοῦ
2542 1060 2636 1114 τοῦ
2683 1061 2917 1126 ζῶντος;
2946 1059 3184 1131 Τοιαύτη
3212 1058 3450 1112 διαθέσει
3484 1056 3795 1128 χωροῦντες

2219 1152 2271 1205 οί
2300 1152 2445 1217 ἆγιοι
2473 1151 2693 1221 ἔχαιρον
2723 1150 3048 1219 κοπτόμενοι
3068 1150 3285 1220 ’ἥδοντο
3309 1147 3791 1219 μελοτομούμενοι.

2225 1240 2471 1309 Ἐφθασε
2496 1241 2785 1312 τοιγαροῦν
2818 1242 2912 1294 καὶ
2940 1243 2972 1309 ή
3006 1241 3252 1310 ήμετέρα
3282 1239 3425 1309 χαρά
3450 1254 3466 1269 ⁶
3503 1239 3569 1292 ὲκ
3597 1237 3795 1308 μέρους

2220 1330 2622 1401 ἐπειράθημεν’
2673 1332 2786 1399 είγε
2813 1331 2907 1383 καὶ
2938 1331 3336 1401 πειραθείημεν
3358 1329 3578 1382 τέλεον·
3613 1329 3794 1398 χάριτι

2221 1421 2316 1471 καὶ
2345 1420 2729 1491 φιλανθρωπίᾳ
2767 1419 2939 1490 Ἰησοῦ
2967 1420 3205 1490 Χριστοῦ
3235 1418 3330 1472 τοῦ
3365 1418 3578 1489 Κυρίου
3603 1416 3791 1487 ήμῶνηί

2222 1510 2299 1580 Τῇ
2336 1510 2443 1580 γὰρ
2478 1511 2659 1582 χάριτι
2705 1512 2788 1583 εἴη
2824 1511 2888 1564 τὺ
2915 1514 3062 1575 νῖκος
3088 1511 3173 1578 ἐφ’
3201 1509 3404 1581 ὁτῳοῦν
3426 1525 3441 1539 ⁸
3475 1510 3568 1563 ἵνα
3600 1509 3674 1578 μή
3713 1524 3795 1570 τις

2220 1603 2565 1672 καυχήσηται
2590 1603 2802 1656 οίκοθέν
2829 1620 2882 1656 τι
2910 1603 3088 1673 ἔχειν’
3108 1602 3247 1655 ὥστε
3269 1602 3505 1671 ἕλκομεν
3526 1600 3620 1652 τὸν
3647 1599 3796 1650 ελεον

2220 1690 2356 1743 Θεοῦ
2388 1693 2447 1744 ὲν
2481 1692 2701 1763 Χριστῷ
2741 1692 2915 1763 Ἰησοῦ
2939 1733 2954 1757 ,
3009 1692 3099 1746 διὰ
3141 1692 3238 1762 τῆς
3287 1688 3797 1760 ταπεινοφροσύνης

2221 1782 2314 1833 καὶ
2345 1783 2604 1853 ἐνεργοῦς
2634 1784 3032 1854 πεποιθήσεως.
3057 1784 3127 1836 ει
3153 1801 3245 1849 τις
3268 1778 3381 1838 οὖν
3409 1782 3797 1850 παράκλησις

2153 1852 2192 1906 Β
2220 1872 2291 1925 ὲν
2335 1852 2604 1940 Χριστῷ·
2654 1876 2710 1928 sl
2758 1891 2814 1929 τι
2858 1852 3235 1943 παραμύθιον
3281 1872 3561 1941 ἀγάπης·
3621 1873 3678 1926 ει
3708 1888 3796 1937 τις

2222 1964 2501 2017 κοινωνία
2553 1966 2809 2030 πίστεως
2836 1981 2850 1995 ·
2900 1964 2955 2017 εί
3002 1980 3136 2020 τινα
3185 1961 3514 2030 σπλάγχνα
3570 1960 3669 2014 καὶ
3714 1961 3797 2013 οι-

2221 2052 2472 2122 κτιρμοί,
2532 2053 2891 2121 πληρώσατέ
2942 2070 3063 2122 μου
3108 2050 3225 2120 τὴν
3277 2050 3510 2121 χαράν·
3565 2050 3665 2104 σὺν
3718 2048 3797 2118 τῷ

2236 2145 2541 2215 Ἀποστόλῳ
2570 2148 2598 2198 ό
2624 2146 2793 2209 τάλας
2827 2145 3008 2213 λέγειν
3027 2160 3043 2174 θ
3085 2144 3154 2198 Τὸ
3181 2142 3328 2198 αὐτὸ
3370 2141 3643 2211 φρονεῖν,
3681 2140 3796 2209 τὴν

2221 2236 2415 2304 αὐτὴν
2455 2235 2699 2307 ἀγάπην
2735 2238 2980 2305 ἔχοντες
3004 2252 3020 2267 ο
3054 2236 3371 2304 σύμψυχοι
3394 2248 3408 2261 ·
3457 2232 3525 2286 τὸ
3551 2231 3626 2286 ἐν
3652 2247 3795 2301 φροι

2220 2328 2503 2393 νοῦντεςο
2530 2328 2725 2397 μηδὲν
2751 2330 2875 2381 κατ’
2905 2328 3163 2396 ἐριθειιιν
3196 2327 3234 2394 ἢ
3266 2323 3631 2388 κενοδοξίαν
3652 2325 3798 2377 ἀντι-

2222 2418 2550 2487 πράττοντες
2570 2456 2585 2482 ,
2614 2417 2708 2470 καὶ
2733 2416 3241 2487 ἀντικαθιστάμενοι
3268 2414 3543 2484 ἀλλήλοις.
3574 2415 3795 2478 [lignus

2222 2510 2335 2579 γὰρ
2378 2512 2472 2562 καὶ
2504 2510 2591 2561 ἐπ’
2640 2508 2819 2561 αὐτῶν
2847 2507 2957 2560 τῶν
2996 2508 3133 2578 ὑπὲρ
3160 2506 3437 2569 εὐσεϐείας
3467 2503 3702 2574 ἀγώνων
3736 2503 3795 2557 τὸ

2224 2600 2563 2668 φιλόπρωτον
2589 2598 2684 2651 καὶ
2717 2598 3018 2667 φιλόνεικον
3051 2597 3421 2668 παρεισδύειν.
3465 2597 3613 2650 Ἀλλ’
3641 2598 3794 2667 ὑμεῖς

2222 2692 2299 2754 ὡς
2325 2689 2460 2742 Θεοῦ
2494 2689 2731 2743 διάκονοι
2780 2688 3334 2759 (συμπαραλαμϐάνω
3379 2688 3492 2757 γὰρ
3519 2688 3601 2757 τῷ
3630 2703 3796 2757 προσ-

2221 2780 2355 2851 ώπῳ
2399 2798 2493 2834 σου
2526 2781 2651 2843 τοὺς
2681 2780 3045 2851 ὑπερέχοντας
3069 2820 3084 2843 ,
3135 2780 3184 2833 οῖ
3235 2781 3330 2833 καὶ
3373 2781 3665 2848 ἀναγνοῖεν
3702 2780 3795 2851 τὴν

2223 2871 2883 2942 ὲπιστολὴν),Μηδεμίαν
2917 2872 2989 2925 ἐν
3027 2870 3243 2941 μηδενί
3286 2870 3490 2937 δοίητε
3536 2886 3798 2937 ,προσκο-

2222 2964 2369 3032 πὴν,
2402 2963 2501 3017 ἵνα
2521 2963 2606 3032 μὴ
2627 2961 2876 3033 μωμητὴ
2902 2963 2939 3031 ἠ
2969 2946 3245 3016 διακονία
3273 2959 3443 3031 ὑμῶν
3466 2959 3725 3031 γένοιτο.

2302 3226 2438 3295 Περὶ
2469 3219 2543 3280 ὧν
2570 3224 2815 3295 ἔγραψάς
2857 3243 2949 3295 μοι
2986 3226 3046 3280 ὲν
3078 3225 3337 3304 μετανοίᾳ
3357 3225 3645 3293 γεγονέναι
3666 3241 3680 3253 ·
3720 3227 3799 3287 είς

2225 3317 2350 3378 τοὺς
2384 3316 2477 3368 τοῦ
2524 3315 2772 3385 σώματος
2820 3314 2996 3384 ήμῶν,
3029 3317 3077 3367 εἰ
3128 3315 3221 3368 καὶ
3263 3315 3501 3383 ἀνάξιοι,
3548 3317 3669 3370 ἀλλ’
3705 3314 3799 3371 οὖν

2226 3412 2386 3480 ἡμεῖς
2452 3406 2645 3478 ἰατροί.
2705 3409 2769 3460 Ὂ
2819 3406 2997 3460 τοίνυν
3063 3406 3344 3477 ἐδώκαμεν
3397 3409 3676 3479 ἐπιτίμιον
3721 3410 3800 3480 τῷ

2239 3503 2467 3572 Ὀρέστῃ
2492 3500 2699 3553 ἐλθόντι
2732 3498 2962 3552 ἐνταῦθα
2983 3537 2998 3561 ,
3045 3498 3133 3550 διὰ
3162 3499 3353 3568 φωνῆς
3394 3500 3503 3551 τῶν
3553 3501 3799 3569 ἀδελφῶν

2227 3592 2369 3663 (οὐδὲ
2414 3594 2522 3663 γὰρ
2552 3591 2888 3661 κεκρίκαμεν
2922 3584 2980 3642 εὖ
3029 3589 3174 3658 ἔχειν
3216 3590 3608 3659 συνοψισθῆναι
3654 3592 3800 3662 αὐτῷ

2225 3685 2312 3736 διὰ
2335 3684 2507 3737 πολλὰ
2531 3683 2725 3753 αἴτια),
2753 3681 2909 3735 τοῦτο
2956 3683 3134 3752 σχοῖεν
3161 3681 3254 3733 καὶ
3279 3682 3329 3733 οἱ
3354 3681 3561 3735 λοιποί·
3596 3686 3800 3754 ἀμετά-

2227 3791 2356 3845 χους
2416 3768 2557 3827 εἶναι
2606 3774 2715 3827 τῶν
2765 3774 3155 3842 ἁγιασμάτων·
3201 3773 3297 3826 καὶ
3350 3774 3409 3825 ὲν
3451 3777 3568 3837 τοῖς
3616 3776 3799 3840 ἄλλοις

2228 3866 2717 3937 παρατηρήμασιν.
2756 3865 2999 3935 Ἐρωτᾷς
3043 3864 3149 3927 ἕως
3187 3863 3357 3927 πότε;
3407 3863 3512 3925 ἕως
3561 3864 3628 3917 ἂν
3666 3866 3798 3921 ἀνα-

2225 3959 2413 4031 λάμψῃ
2458 3960 2492 4028 ή
2540 3961 2640 4027 τῆς
2689 3956 2995 4029 όρθοδοξίας
3042 3956 3251 4028 αἰθρία.
3296 3955 3389 4017 El,
3423 3957 3595 4040 φησὶ,
3647 3957 3800 4027 τύχοι

2226 4054 2483 4117 θάνατοςς
2501 4049 2966 4104 Κοινωνείτωσαν.
2982 4048 3318 4119 Πιστεύομεν
3339 4048 3800 4119 συγκεχωρῆσθαι

2226 4146 2408 4207 αὐτοῖς
2439 4144 2500 4197 τὸ
2542 4142 2866 4214 ἁμάρτημα.
2915 4141 3133 4211 Ἐπειδὴ
3169 4141 3226 4195 δὲ
3272 4142 3562 4211 γέγραφας
3586 4180 3603 4202 ,
3644 4141 3802 4193 τοῦτο

2226 4235 2445 4288 κάκεῖνο
2467 4233 2801 4287 ἁντιλεκτεῖν
2831 4232 2973 4301 ὑμᾶς
3005 4232 3141 4301 πρὸς
3176 4232 3444 4302 ἀλλήλους
3471 4248 3483 4262 ⁸
3512 4230 3800 4285 διαλύεσθε

2225 4325 2332 4379 τῶν
2358 4324 2762 4395 προὸλημὰτων
2794 4322 2970 4393 ὑμῶν,
3003 4323 3097 4375 καὶ
3122 4323 3437 4393 εἰρηνεύετε
3468 4325 3527 4376 ὲν
3561 4324 3801 4384 ἑαυτοῖς.

2227 4419 2339 4487 Οὐχ
2359 4418 2434 4481 ὼς
2461 4418 2510 4470 οἱ
2536 4416 2595 4480 ἐξ
2624 4416 2889 4485 αἱρέσεως
2922 4414 3362 4485 ἐπιστρέφοντες,
3390 4412 3539 4470 οὗτοι
3566 4415 3797 4468 δεκτέον

560 4490 751 4543 hasresi
770 4501 1180 4559 convertuntur,
1213 4497 1505 4565 recipiendi
1533 4510 1658 4554 sunt
1676 4503 1760 4557 isti
1782 4522 1795 4569 ;
1815 4521 2120 4577 quanquam

2228 4510 2384 4579 είπερ
2414 4510 2574 4562 κάκεῖ
2607 4508 2991 4577 παρατήρησις
3019 4506 3287 4576 διαφορᾶς
3320 4506 3379 4558 ού
3403 4506 3504 4575 τῆς
3529 4506 3803 4577 τυχούσης

558 4592 615 4637 et
653 4582 759 4636 illic
790 4599 1005 4653 quoque
1034 4602 1142 4640 non
1176 4587 1291 4642 leve
1330 4589 1621 4646 discrimen
1651 4605 1730 4649 est
1772 4597 1933 4667 hujus
1961 4601 2026 4654 ad
2059 4602 2117 4654 il-

559 4672 662 4727 lam
696 4690 709 4736 ;
759 4675 850 4729 sed
886 4684 1137 4743 tanquam
1176 4682 1266 4746 qui
1303 4696 1498 4734 nomen
1532 4683 1739 4739 Domini
1780 4688 2120 4759 abnegarint,

559 4765 673 4819 sive
704 4765 766 4818 ad
794 4767 912 4834 ejus
950 4768 1361 4837 abnegationem
1410 4770 1835 4832 Christomachis
1880 4796 2124 4835 comnm-

560 4854 811 4920 nicarint,
844 4872 939 4910 seu
968 4868 1115 4911 metu
1155 4860 1329 4914 adacti
1366 4878 1460 4917 seu
1488 4865 1644 4918 aliam
1677 4868 1746 4920 ob
1774 4885 2012 4924 causam.
2042 4871 2120 4926 Ad

562 4943 723 5012 hujus
740 4947 881 4999 enim
914 4948 1323 5018 abnegationem
1350 4954 1635 5009 manifesto
1656 4962 2128 5017 communicarunt

562 5046 803 5091 sanctam
852 5040 968 5108 ejus
1000 5041 1285 5110 imaginem
1323 5047 1646 5115 negantibus
1684 5066 1698 5103 :
1750 5053 1875 5119 quia
1912 5056 2126 5125 negatio

564 5128 811 5195 imaginis
867 5131 932 5184 ad
986 5140 1325 5203 prototypum
1362 5139 1572 5201 transit,
1622 5149 1681 5194 ut
1731 5142 1971 5197 clamans
2013 5147 2127 5200 cla.

565 5230 677 5274 mat
701 5222 763 5275 ⁷³.
802 5222 905 5275 Nec
930 5224 1085 5278 aliter
1115 5242 1173 5280 se
1205 5243 1292 5281 res
1320 5228 1500 5294 habet,
1533 5234 1742 5286 tametsi
1774 5236 2121 5305 negationem

566 5311 775 5365 elevare
829 5315 1044 5382 quidam
1105 5318 1293 5371 velint.
1332 5319 1385 5372 Si
1433 5336 1560 5391 ergo
1610 5339 1717 5376 non
1770 5326 1922 5394 prius
1983 5337 2129 5382 recte

563 5403 883 5466 sentientes,
906 5422 1008 5460 nec
1035 5409 1315 5463 veritatem
1340 5410 1537 5476 edocti,
1561 5414 1653 5467 sed
1686 5415 1869 5470 divina
1896 5419 2125 5486 quadam

558 5492 895 5559 providentia
925 5496 1163 5553 veritatis
1190 5498 1390 5553 lumine
1411 5502 1656 5557 illustrati
1694 5506 1759 5559 ad
1794 5523 1893 5561 nos
1923 5524 2124 5563 convo-

559 5581 763 5635 lasscnt
796 5604 808 5637 :
848 5585 952 5638 alia
996 5587 1134 5639 ratio
1178 5599 1341 5653 esset,
1381 5607 1481 5645 nec
1526 5601 1729 5649 temere
1781 5612 1876 5650 eos
1914 5599 2121 5653 admitti

562 5685 850 5741 oporteret,
890 5676 990 5729 nisi
1033 5693 1094 5731 ex
1124 5679 1479 5747 plurimorum
1532 5684 1955 5739 orthodoxorum
1994 5704 2122 5741 con-

625 5790 669 5822 ⁶⁹
708 5790 727 5844 Ι
768 5792 890 5847 Cor.
926 5811 1021 5859 xu,
1068 5796 1232 5862 2,26.

1310 5801 1352 5830 το
1394 5800 1623 5870 Philipp.
1664 5802 1878 5869 u,|,2.
1955 5805 1993 5834 τι
2031 5804 2159 5860 nim.
2194 5808 2243 5863 5.
2322 5808 2362 5849 ππ
2398 5806 2442 5861 ιι
2466 5807 2589 5863 Cor.
2626 5813 2774 5876 ",3.

2229 4600 2392 4669 τῆσδε
2428 4600 2561 4668 πρὸς
2589 4598 2746 4668 τήνδε
2772 4613 2787 4627 ⁶
2838 4597 2954 4650 ἀλλ’
3001 4599 3077 4662 ὡς
3115 4599 3485 4669 ἀρνησάμενοι
3529 4599 3593 4652 τὸ
3630 4601 3805 4670 δνομα

2231 4690 2458 4761 Κυρίου,
2484 4690 2602 4760 ήτοι
2644 4689 2738 4742 ἐπὶ
2780 4692 2846 4758 τῇ
2880 4689 3108 4760 ἀρνήσει
3137 4689 3302 4743 αὐτοῦ
3330 4691 3799 4761 κεκοινωνηκότες

2226 4786 2337 4845 τοῖς
2366 4776 2762 4851 Χριστομάχοις
2790 4779 2876 4833 διὰ
2917 4780 3081 4848 φόὸον
3116 4781 3151 4851 ἦ
3194 4798 3316 4833 τινα
3358 4780 3529 4853 ἄλλην
3564 4782 3803 4853 περιπέ-

2229 4889 2400 4925 τειαν.
2436 4868 2562 4923 Ἐπὶ
2584 4870 2691 4941 γὰρ
2726 4872 2791 4940 τῇ
2827 4870 3055 4939 ἀρνήσει
3081 4870 3247 4924 αὐτοῦ
3274 4862 3647 4943 ἐκοινώνησαν
3674 4889 3804 4943 προ-

2229 4963 2405 5033 δήλως
2442 4959 2767 5031 ἠρνημένοις
2798 4961 2895 5029 τὴν
2937 4959 3096 5028 ἁγίαν
3126 4961 3289 5014 αὐτοῦ
3322 4962 3533 5016 εἰκόνα.
3577 4962 3641 5015 Ἡ
3694 4963 3801 5033 γὰρ

2230 5051 2328 5120 τῆς
2358 5050 2562 5113 είκόνος
2593 5050 2819 5119 ἄρνησις
2850 5049 2943 5101 ἐπὶ
2988 5049 3049 5102 τὸ
3087 5050 3446 5120 πρωτότυπον
3487 5050 3797 5114 ἀναϐαίνει,

2234 5142 2309 5205 ὡς
2357 5141 2455 5212 βοᾷ
2497 5142 2526 5193 ό
2575 5140 2731 5210 βοῶν.
2767 5141 2877 5193 Καὶ
2910 5141 3010 5194 οὐκ
3037 5143 3182 5196 ἐστιν
3214 5142 3473 5205 ἀλλοίως’
3518 5144 3622 5198 κᾶν
3658 5161 3800 5206 τινες

2231 5232 2549 5302 σμικρύνειν
2588 5230 2687 5301 τὴν
2713 5230 2938 5304 ἄρνησιν
2981 5232 3273 5303 βούλοιντο.
3311 5236 3375 5287 Ei
3400 5235 3497 5289 οῦν
3528 5237 3608 5308 μὴ
3642 5238 3797 5309 ὀρθο-

2229 5321 2503 5386 δοξοῦντες
2524 5322 2583 5374 τὸ
2614 5322 2904 5393 πρότερον,
2921 5322 3055 5394 μηδὲ
3079 5326 3379 5395 μυηθέντες
3396 5328 3496 5397 τὴν
3515 5328 3794 5399 ἀλήθειαν,

2229 5416 2292 5467 ὲκ
2324 5414 2474 5477 θείας
2505 5414 2765 5485 προνοίας
2783 5416 3147 5483 αύγασθέντες
3163 5418 3393 5489 τάληθὲς
3413 5423 3796 5494 μετεπήδησαν

2228 5507 2308 5569 είς
2364 5507 2534 5576 ἡμᾶς,
2586 5506 2761 5571 ἄλλως
2808 5504 2959 5576 εἶχε*
3012 5509 3296 5574 κάκείνους
3352 5512 3449 5581 οὐχ
3498 5513 3576 5577 ὠς
3644 5514 3795 5584 ἔτυχε

2230 5595 2606 5664 προσδεκτέον,
2634 5598 2683 5649 εί
2716 5597 2790 5666 μὴ
2824 5597 2912 5651 διὰ
2946 5597 3216 5653 πλείστων
3250 5601 3546 5670 ὀρθοδόξων
3574 5620 3795 5673 συμφω-

2230 5688 2435 5757 νήσεως
2460 5705 2473 5717 ·
2508 5689 2579 5751 ὡς
2608 5689 2909 5760 δεδήλωκεν
2953 5694 2981 5745 ὁ
3015 5692 3155 5755 θεῖος
3190 5694 3466 5760 Βασίλειος
3500 5700 3637 5771 πρὸς
3672 5698 3791 5760 τοὺς

2853 5813 2895 5844 ⁷³
2930 5809 2985 5867 S.
3044 5812 3292 5869 Basilius.
