3934 6468
196 449 340 515 1149

1381 463 1918 527 EPISTOLARUM
1967 472 2112 532 LIB.
2172 475 2246 533 ΙΙ.

3304 469 3439 532 1150

191 568 258 620 ὲν
290 563 687 633 Μεσοποταμίᾳ
712 565 768 630 ἐξ
793 564 1068 632 Αἰγύπτου
1100 571 1565 639 περιωρισμένους
1588 586 1601 599 ’
1641 571 1754 623 καθι

1870 589 2030 630 sensu
2070 597 2081 631 :
2118 591 2176 633 ut
2203 579 2422 634 divinus
2449 576 2675 630 Basilius
2702 575 2860 631 docet
2883 576 2952 643 ",
2981 577 3047 632 ad
3069 591 3163 632 eos
3191 579 3436 634 scribens

191 657 505 725 απτόμενος
534 656 713 708 αὐτῶν
743 659 799 709 ὲν
829 655 907 726 τῷ
939 659 1263 727 ἀφυλάκτως
1291 662 1692 731 προσήκασθαι.

267 836 339 887 Ἦ
372 835 618 904 ἀγνοεῖτε
644 835 672 886 ὅ
702 852 866 905 φησιν
891 838 919 890 ό
948 837 1108 900 αὐτὸς
1140 837 1329 908 Πατὴρ
1360 839 1416 891 ὲν
1448 841 1610 912 ἑτέρᾳ
1639 845 1762 895 ὲπι-

191 927 393 997 στολῇς
428 948 446 979 ι
477 928 592 980 Οὐκ
635 923 751 983 οἶδα
781 928 1101 992 ἐπίσκοπον,
1138 931 1272 1001 μηδὲ
1298 933 1666 1004 ἀριθμήσαιμι
1707 936 1764 986 έν

188 1018 514 1078 ἐπισκόποις
558 1017 648 1069 τὸν
701 1019 791 1070 ἐπὶ
837 1023 1184 1090 καταστροφῇ
1233 1020 1335 1090 τῆς
1383 1022 1618 1086 πίστεως
1658 1025 1764 1076 ὑπὸ

185 1104 301 1155 τῶν
339 1104 582 1172 βεϐήλων
617 1106 816 1175 χειρῶν
862 1108 1200 1178 προαχθέντα
1247 1111 1327 1173 είς
1374 1112 1665 1184 προεδρίαν
1690 1131 1704 1145 ο
1737 1132 1755 1165 ι

186 1188 292 1244 οἷοί
322 1195 427 1245 εἰσι
459 1193 645 1259 τανῦν,
677 1196 736 1246 οὐ
768 1195 835 1247 δι’
865 1195 1120 1273 ἄγνοιαν,
1169 1199 1308 1252 ἀλλὰ
1331 1201 1419 1255 διὰ
1451 1203 1760 1273 φιλαρχίαν,

186 1281 569 1349 ἐπιπηδῶντες
598 1285 710 1346 τοῖς
759 1272 1004 1352 θρόνοις·
1051 1285 1344 1356 προέμενοι
1388 1272 1657 1352 ἀκουσίως
1698 1290 1761 1362 [ι’.

187 1372 499 1444 ἑκουσίως]
549 1373 649 1444 τὴν
698 1374 982 1444 ἀλήθειαν·
1011 1378 1103 1428 καὶ
1134 1378 1626 1448 ἀντιλαμϐάνοντες
1663 1383 1763 1452 τὴν

187 1466 291 1534 τῆς
341 1465 594 1527 ἀσεϐείας
639 1465 953 1535 προεδρίαν.
989 1469 1058 1519 El
1089 1466 1239 1520 κατὰ
1285 1467 1599 1537 ἄνθρωπον
1627 1471 1763 1537 ἐθη-

181 1555 568 1622 ριομάχησα,
607 1557 772 1625 φησιν
822 1559 850 1608 ό
887 1556 1207 1619 Ἀπόστολος
1230 1598 1246 1623 ,
1285 1558 1358 1611 ὲν
1396 1558 1622 1628 Ἐ’φέοῳ
1649 1601 1663 1626 ,
1703 1564 1764 1616 τί

183 1662 291 1713 μοι
320 1643 383 1697 τὸ
406 1645 622 1712 ὄφελος
644 1661 662 1707 ;
685 1645 842 1712 Λέγω
867 1646 1021 1714 κάγώ
1043 1663 1057 1676 '
1088 1647 1150 1700 El
1174 1646 1296 1701 καθ’
1327 1649 1470 1717 ὑμᾶς
1494 1651 1633 1720 μετά
1661 1653 1762 1722 τὴν

189 1736 423 1805 ἄρνησιν
479 1737 595 1807 ἦτοι
642 1739 926 1790 κοινωνίαν
985 1739 1093 1792 τῶν
1151 1741 1546 1812 Χριστομάχων
1599 1745 1761 1808 εὐθὺς

185 1827 400 1882 δεκτέοι
432 1828 526 1880 καὶ
557 1829 938 1898 ἀνεπιτίμητοι
979 1831 1027 1881 οἱ
1057 1830 1322 1884 τοιοῦτοι·
1349 1831 1401 1884 τί
1437 1834 1615 1903 μάτην
1648 1851 1763 1886 κιν-

1868 667 1959 734 qui
1996 669 2048 721 in
2079 669 2518 739 Mesopotamiam
2562 669 2776 722 fuerant
2816 671 3035 739 relegati
3062 686 3128 723 ex
3161 670 3392 741 Egypto
3421 690 3434 725 :

1868 759 2237 830 perstringens
2265 761 2385 813 illos
2415 761 2560 828 quod
2591 769 2791 812 temere
2816 760 3188 813 admitterent.

1937 848 2018 899 An
2049 850 2268 903 nescitis
2297 850 2423 918 quid
2449 849 2588 902 idem
2616 850 2774 904 Pater
2789 849 2936 903 dicat
2966 850 3019 901 in
3049 849 3152 902 alia
3176 849 3438 918 epistola?

1875 959 1891 990 ι
1927 937 2045 993 Non
2094 957 2330 1010 agnosco
2385 940 2727 1009 episcopum.
2782 956 2884 995 nec
2942 941 3082 995 inter
3148 943 3436 1010 episcotios

1868 1029 2020 1082 illum
2068 1031 2508 1095 adnumerarim,
2555 1033 2643 1099 qui
2694 1046 2724 1084 a
2772 1031 3014 1099 profanis
3070 1033 3320 1085 manibus
3363 1034 3431 1085 ad

1866 1119 1990 1174 ﬁdei
2034 1122 2458 1176 destructionem
2499 1122 2699 1191 praesul
2729 1123 2935 1176 electus
2963 1134 3046 1176 est
3073 1125 3138 1175 ⁷⁵.
3178 1141 3197 1173 ›
3233 1124 3432 1187 Quales

1865 1226 2011 1265 nunc
2041 1216 2296 1281 suntqui,
2331 1229 2437 1266 non
2474 1229 2570 1282 per
2591 1213 2972 1282 ignorantiam,
3000 1214 3095 1267 sed
3119 1214 3431 1268 dominandi

1866 1304 2067 1368 studio,
2119 1304 2174 1357 in
2226 1305 2383 1358 sedes
2429 1305 2710 1370 insiliunt,
2762 1303 3046 1357 veritatem
3092 1313 3284 1373 sponte
3334 1319 3433 1358 sua

1865 1394 2179 1464 prodentes,
2219 1403 2274 1447 et
2309 1394 2518 1461 praemii
2563 1394 2680 1447 loco
2727 1393 3020 1461 impietatis
3067 1393 3432 1461 principatum

1865 1484 2212 1553 accipientes.
2243 1483 2299 1537 Si
2318 1486 2598 1536 secundum
2616 1484 2895 1542 hominem,
2923 1483 3098 1551 inquit
3124 1484 3432 1552 Apostolus.

1864 1576 1934 1629 ad
1980 1575 2170 1628 bestias
2230 1576 2458 1645 pugnavi
2510 1574 2718 1642 Ephesi,
2769 1575 2893 1644 quid
2925 1575 3053 1627 mihi
3104 1577 3310 1643 prodest
3337 1575 3380 1606 ⁷⁶
3412 1575 3436 1626 ?

1863 1668 1962 1722 Aio
1989 1677 2045 1722 et
2069 1682 2171 1736 ego
2200 1685 2217 1725 :
2249 1667 2305 1721 Si
2334 1678 2454 1736 post
2499 1667 2842 1738 negationem
2881 1668 2963 1721 vel
2995 1669 3432 1722 communionem

1863 1775 1988 1816 cum
2014 1759 2463 1825 Christomachis,
2505 1760 2637 1814 tales
2667 1761 2874 1823 statim,
2924 1760 3196 1817 sententia
3229 1771 3433 1823 vestra,

1865 1851 1980 1906 sine
2010 1866 2168 1920 paena
2199 1851 2492 1920 recipiendi
2529 1861 2655 1906 sunt
2681 1871 2694 1906 :
2717 1867 2812 1906 cur
2841 1852 3115 1907 incassum
3156 1854 3438 1922 periclitor

187 1919 399 1972 δυνεύω
428 1919 549 1971 καθ’
591 1920 829 1988 ἑκάστην
862 1921 1106 1991 ἡμέραν·
1144 1923 1237 1974 καὶ
1284 1923 1357 1994 μὴ
1387 1924 1754 1996 αὐτομολήσας

1866 1944 1923 1998 in
1954 1943 2090 2008 dies,
2133 1957 2196 1996 ac
2224 1957 2332 1996 non
2362 1943 2541 2013 potius
2571 1945 2637 1997 ad
2687 1946 3031 2002 adversarios
3067 1945 3208 1998 ultro
3237 1959 3437 1999 occur-

188 2009 331 2079 πρὸς
371 2010 500 2073 τοὺς
550 2011 925 2076 ὑπεναντίους,
977 2009 1132 2075 αὖθις
1185 2013 1272 2066 διὰ
1321 2017 1611 2083 μετανοίας
1649 2019 1763 2080 τοῖς

186 2099 494 2168 ὸρθοδόξοις
539 2101 945 2171 ᾀνεπιτιμήτως
980 2103 1364 2172 συνταχθείην;
1405 2104 1500 2173 Μὴ
1532 2104 1764 2158 πλανᾶ-

186 2195 322 2254 σθε,
341 2194 692 2261 φθείρουσιν
715 2192 828 2260 ἤθη
855 2194 1090 2261 χρηστὰ
1112 2196 1336 2262 ὁμιλίαι
1361 2197 1540 2249 κακαί
1546 2235 1560 2249 .
1578 2197 1763 2266 Ἐκνή-

185 2286 328 2355 ψατε
359 2286 418 2337 ὲν
455 2286 662 2354 Κυρίῳ.
699 2285 796 2350 Τίς
826 2286 881 2338 δὲ
908 2287 1188 2339 κοινωνία
1234 2287 1381 2354 φωτὶ
1422 2287 1574 2356 πρὸς
1621 2289 1764 2342 σκό-

185 2392 315 2442 τος’
336 2377 422 2430 ἵνα
439 2379 502 2429 ἐκ
525 2377 872 2447 παραλλήλου
897 2375 1005 2428 τῶν
1019 2378 1416 2449 Χριστομάχων
1432 2382 1498 2432 τὰ
1517 2380 1761 2452 ἡμέτερα

185 2471 462 2540 τηρῆται;
510 2469 586 2532 ὡς
618 2469 720 2533 ὅτι,
755 2470 938 2539 φησιν,
969 2470 1123 2523 αὐτοὶ
1178 2471 1304 2533 τοὺς
1352 2470 1412 2534 ἐξ
1451 2471 1760 2541 ὀρθοδοξίας

185 2561 327 2630 πρὸς
344 2562 542 2622 αὐτοὺς
567 2558 881 2629 χωροῦντας
906 2562 1050 2631 χαρᾷ
1072 2561 1482 2631 ἀνεπιτιμήτως
1510 2563 1763 2633 προσίεν-

182 2669 298 2704 ται.
329 2652 477 2704 Οίιά⁹
503 2652 622 2705 δέον
641 2649 733 2705 οὖν
763 2651 859 2704 καὶ
886 2653 1188 2720 στεφανοῦν
1205 2655 1352 2724 ἡμᾶς
1376 2648 1760 2724 τοὺςάρνητάς

180 2742 280 2797 τοῦ
336 2742 597 2814 Χριστοῦ,
654 2743 749 2796 καὶ
801 2743 1181 2812 σολυμνιὰζειν
1233 2743 1309 2806 ὡς
1354 2744 1550 2798 ἐκεῖνοί
1611 2762 1761 2807 τινας

181 2833 436 2887 ἐκείνων.
481 2833 771 2901 Ἀδελφοί,
804 2832 1009 2901 δέομαι
1044 2831 1230 2900 ὑμῶν,
1251 2833 1338 2901 μὴ
1367 2834 1576 2888 παιδία
1604 2836 1760 2903 τίνε-

177 2932 295 2981 σθε
329 2926 462 2991 ταῖς
499 2926 718 2994 φρεσίν
738 2941 750 2957 ·
782 2925 918 2978 ἀλλά
948 2925 1255 2978 τελειοῦσθε
1281 2925 1369 2978 διά
1402 2927 1498 2995 τῆς
1527 2927 1760 2996 ἀληθοῦς

177 3022 558 3091 ἐπιγνώσεως.
598 3024 733 3093 Περὶ
771 3022 881 3076 τῶν
920 3022 1026 3086 ἔξω
1054 3023 1153 3093 τῆς
1184 3021 1542 3093 ἀδελφότητος
1579 3025 1756 3094 ἡμῶν,

175 3115 262 3179 τίς
320 3116 438 3185 εἰμι
493 3111 676 3168 δοῦναι
699 3114 896 3182 λόγονς
942 3114 1004 3166 El
1050 3113 1105 3166 δὲ
1153 3113 1249 3165 καὶ
1289 3115 1591 3182 ἀναγκάζοι
1638 3115 1753 3177 τίς⁶

1864 2049 2010 2098 rens,
2045 2034 2365 2088 orthodoxis
2396 2033 2614 2100 iterum,
2646 2050 2768 2089 mox
2824 2045 2884 2090 ut
2923 2035 3050 2089 facti
3097 2034 3433 2106 paenituerit,

1862 2125 1979 2181 sine
2005 2140 2167 2194 pcena
2197 2125 2302 2178 ulla
2327 2141 2411 2180 me
2443 2141 2668 2197 aggrego
2693 2127 2715 2178 ?
2740 2125 2914 2180 Nolite
2940 2129 3116 2180 seduci
3145 2145 3162 2181 :
3196 2143 3435 2180 corrum-

1862 2223 1990 2284 punt
2016 2215 2172 2267 bonos
2203 2229 2368 2267 mores
2387 2212 2642 2282 colloquia
2670 2230 2835 2281 prava
2861 2215 2927 2266 ⁷⁷.
2955 2213 3215 2284 Evigilatc
3245 2215 3298 2266 in
3324 2213 3434 2266 D0-

1861 2305 2031 2358 mino.
2070 2303 2197 2368 Qua:
2248 2311 2428 2358 autem
2456 2306 2675 2358 societas
2718 2304 2823 2357 luci
2874 2305 2942 2356 ad
2973 2304 3212 2357 tenebras
3242 2305 3287 2336 ⁷⁸
3321 2322 3333 2356 :
3374 2312 3432 2357 ut

1861 2397 2400 2451 Christomachornm
2452 2395 2623 2449 instar
2674 2411 2760 2450 res
2809 2405 3007 2450 nostra:
3064 2397 3370 2464 dirigantur
3411 2398 3435 2449 ?

1862 2491 2128 2557 Quoniam
2153 2491 2276 2559 ipsi,
2307 2490 2576 2559 inquiunt,
2609 2505 2703 2543 eos
2728 2490 2818 2559 qui
2844 2490 2912 2542 ab
2946 2490 3245 2544 orthodoxa
3278 2497 3432 2558 parte

1861 2586 1926 2639 ad
1946 2585 2062 2638 illos
2087 2592 2387 2646 transeunt,
2409 2599 2530 2637 cum
2556 2583 2770 2654 gaudio,
2810 2581 2953 2635 nulla
2985 2596 3144 2650 paena
3177 2581 3428 2650 irrogata,

1861 2677 2184 2744 suscipiunt.
2211 2676 2301 2730 Vae
2331 2692 2345 2740 ;
2393 2691 2521 2745 ergo
2549 2683 2602 2728 et
2630 2674 2923 2728 coronandi
2968 2680 3096 2727 sunt
3136 2672 3292 2725 nobis
3335 2687 3432 2724 ne-

1861 2777 2071 2839 gatores
2098 2767 2320 2831 Christi,
2365 2775 2420 2820 et
2466 2765 2693 2820 solemni
2727 2766 2932 2819 honore
2962 2763 3250 2822 alliciendi,
3283 2773 3341 2816 ut
3364 2764 3432 2818 ab

1861 2860 1967 2914 illis
2013 2860 2230 2929 quidam
2274 2875 2465 2914 eorum
2503 2857 2678 2912 aﬁ'ecti
2718 2869 2864 2912 sunt.
2903 2858 3139 2920 Fratres,
3183 2873 3273 2908 oro
3317 2873 3429 2918 vos,

1861 2952 2019 3006 nolite
2064 2954 2213 3021 pueri
2263 2952 2390 3020 effici
2415 2951 2647 3005 sensibus
2677 2951 2744 3014 ",
2777 2951 2871 3003 sed
2907 2965 3005 3018 per
3038 2965 3219 3002 veram
3250 2948 3430 3003 scien-

1859 3043 1989 3097 tiam
2045 3043 2384 3113 perﬁeimini.
2418 3042 2492 3096 De
2533 3043 2618 3096 his
2642 3049 2822 3095 autem
2858 3041 2950 3111 qui
2994 3049 3144 3094 extra
3172 3039 3428 3093 fraterni-

1861 3144 2026 3188 tatem
2057 3144 2299 3189 nostram
2319 3143 2464 3198 sunt,
2491 3133 2614 3202 quis
2635 3149 2734 3204 ego
2765 3148 2884 3186 sum
2914 3141 2972 3184 ut
2998 3133 3159 3185 verba
3192 3131 3380 3183 faciam
3406 3130 3430 3181 ?

174 3206 370 3276 ἐπειδὴ
419 3206 456 3273 ἡ
509 3204 710 3274 ἀγάπη
744 3205 1036 3272 πλήρωμα
1081 3199 1241 3258 οὖσα
1284 3208 1473 3274 νόμου
1508 3205 1621 3275 ἔχει
1663 3207 1754 3258 καὶ

1861 3225 1911 3279 Si
1945 3235 2101 3295 cogat
2148 3234 2326 3278 tamen
2356 3199 2622 3292 quispiam
2647 3199 2959 3292 {quoniam
3005 3238 3123 3287 quae
3157 3221 3429 3288 plenitudo

172 3300 277 3368 τὴν
317 3297 532 3351 πειθὼν
561 3296 719 3349 τοῦτό
767 3313 910 3367 φημι
953 3296 982 3349 ὃ
1016 3297 1108 3350 καὶ
1141 3297 1233 3350 ἐπὶ
1277 3297 1384 3350 τῶν
1429 3297 1714 3367 ἡμετέρων

172 3389 453 3459 ἡμεδαποὶ
501 3388 611 3460 γὰρ
661 3389 924 3442 κάκεῖνοι.
958 3387 1336 3458 Πρεσϐύτερος
1366 3386 1477 3441 εἴτε
1507 3389 1751 3459 ὑπογρά-

170 3482 304 3552 ψας,
341 3484 453 3535 εἴτε
482 3483 820 3551 κοινωνήσας
851 3481 1002 3551 φόϐῳ
1037 3481 1110 3552 μὴ
1134 3482 1314 3553 φέρων
1347 3480 1444 3548 τὴν
1484 3479 1748 3544 κάκωσιν,

173 3574 453 3645 εἰργέσθω
482 3575 584 3644 τῆς
612 3575 915 3636 κοινωνίας.
950 3574 1107 3627 Κατά
1135 3573 1370 3642 Χριστοῦ
1414 3573 1523 3643 γὰρ
1564 3590 1754 3625 κοινω-

173 3671 368 3739 νήσας.
401 3668 521 3731 πῶς
552 3667 755 3721 δύναιτ’
786 3668 852 3720 ἂν
875 3667 1096 3737 Χριστῴ
1140 3668 1450 3730 κοινωνεῖν;
1493 3666 1604 3728 Τῆς
1643 3663 1753 3735 γὰρ

173 3757 564 3825 ἐγκρατήσεως
615 3755 715 3824 τῆς
772 3755 1084 3823 ἱερουργίας
1126 3753 1276 3824 παρά
1320 3752 1601 3823 συνοδικῆς
1637 3755 1753 3805 ὲπι·

175 3849 431 3918 σκέψεως
463 3851 496 3920 ἡ
527 3849 702 3912 λύσις.
744 3848 804 3902 Ὀ
840 3848 998 3914 δόξας
1033 3848 1174 3918 μετά
1200 3849 1300 3917 τὴν
1343 3841 1514 3916 ἧτταν
1541 3847 1753 3900 ἀναπαο

172 3941 361 3995 λαϊσαι
381 3958 395 3971 ·
415 3941 774 4011 ἀποχωρείτω
803 3941 897 3993 τοῦ
921 3942 977 3992 ἐν
998 3934 1041 4007 ᾧ
1068 3939 1361 4004 ἐκαθέζετο
1390 3940 1518 4009 πρὶν
1541 3939 1706 3991 τόπου
1731 3952 1750 3969 ⁸

173 4033 298 4086 ἐπεὶ
331 4031 449 4094 πῶς
479 4033 858 4102 γνωσθήσεται
903 4032 1052 4103 αὐτῷ
1102 4050 1159 4085 τε
1209 4032 1401 4102 ἐκείνῳ
1439 4033 1473 4101 ἡ
1514 4030 1748 4101 ἄρνησις

171 4126 243 4196 ἢν
270 4125 484 4194 ὑπέστη
505 4163 520 4190 ,
554 4124 650 4178 καὶ
679 4125 859 4188 ἀλλοις
885 4141 901 4190 ;

244 4298 325 4357 Οὐ
400 4299 565 4370 χωρῶ
632 4300 921 4369 ἐπιτρέψαι
964 4316 979 4331 ο
1017 4299 1104 4353 ἐπ’
1159 4299 1225 4353 ἂν
1276 4300 1310 4370 ἡ
1385 4300 1752 4363 ἀναπάλαισις

173 4392 342 4447 αὑτοῦ
373 4391 606 4462 μάλιστα
623 4394 721 4445 οὐκ
749 4393 967 4460 ἐγένετο
1001 4395 1056 4444 ὲν
1091 4394 1346 4463 ἐπισήμῳ
1377 4394 1486 4446 τινὶ
1513 4395 1750 4462 δράματι

171 4484 286 4542 οἷον
325 4489 419 4542 ἐπὶ
457 4487 550 4542 τοῦ
580 4487 920 4550 Λαοδικείας.
952 4489 1087 4541 Οὐδὲ
1119 4488 1228 4558 γὰρ
1279 4489 1472 4558 ἐκείνῳ
1505 4489 1748 4556 συμϐου-

1857 3316 1982 3386 legis
2018 3325 2092 3369 est
2115 3316 2325 3369 dilectio
2351 3316 2418 3381 3",
2450 3330 2601 3368 suam
2636 3329 2850 3383 quoque
2885 3313 3159 3368 suadelam
3205 3312 3372 3366 habet
3411 3330 3425 3365 :

1856 3407 1959 3462 hoc
2001 3407 2177 3473 ipsum
2213 3407 2357 3469 dico,
2393 3406 2534 3474 quod
2558 3406 2624 3459 de
2666 3404 2868 3458 nostris
2903 3421 2915 3457 :
2975 3419 3100 3456 nam
3152 3412 3207 3457 et
3258 3401 3427 3455 nostri

1853 3509 1980 3556 sunt
2000 3503 2164 3553 etiam
2187 3498 2280 3551 illi.
2305 3497 2588 3566 Presbyter
2607 3511 2702 3549 seu
2728 3494 3133 3562 subscripserit,
3159 3507 3254 3546 seu
3281 3500 3427 3545 metu

1854 3587 2275 3644 communicarit
2324 3586 2667 3640 amictionem
2695 3600 2806 3638 non
2846 3585 3027 3638 ferens
3058 3600 3078 3648 ς
3114 3598 3144 3636 a
3178 3597 3425 3636 commu-

1853 3682 2016 3735 nione
2047 3688 2315 3733 arceatur.
2348 3677 2450 3742 Qui
2483 3679 2628 3730 enim
2666 3677 2922 3730 adversus
2965 3675 3242 3730 Christum
3275 3687 3426 3728 com-

1855 3772 2168 3827 munionem
2204 3771 2342 3834 iniit,
2383 3770 2474 3839 qui
2530 3776 2705 3837 potest
2747 3783 2870 3821 cum
2912 3766 3127 3822 Christo
3180 3757 3424 3821 conimu-

1853 3859 2080 3914 nicare?
2116 3858 2446 3912 Privationis
2494 3858 2641 3911 enim
2691 3856 2942 3911 sacriﬁcii
2976 3857 3236 3910 relaxatio
3266 3870 3428 3924 syno-

1853 3952 1986 4007 dicae
2008 3959 2092 4006 est
2113 3949 2544 4005 consultationis.
2570 3947 2671 4013 Qui
2699 3956 2817 4018 post
2834 3947 3042 4016 lapsum
3061 3947 3127 4000 ad
3149 3956 3425 3999 certamen

1853 4045 2048 4098 iterum
2082 4042 2392 4104 revertitur,
2423 4041 2692 4094 abstineat
2718 4041 2786 4094 ab
2814 4055 2879 4095 eo
2920 4042 3038 4095 loco
3072 4055 3234 4109 quem
3272 4040 3423 4108 prius

1851 4139 2086 4193 obtinuit
2117 4154 2132 4192 :
2176 4135 2374 4205 alioqui
2401 4135 2674 4204 quomodo
2711 4137 3018 4190 innotescat
3052 4144 3168 4188 tum
3203 4133 3423 4201 ipsimet

1852 4230 2066 4301 negatio
2101 4245 2263 4298 quam
2298 4243 2492 4297 passus
2521 4235 2626 4290 est,
2653 4239 2765 4281 tum
2795 4227 2919 4283 aliis
2943 4230 2966 4280 ?

1924 4322 2042 4376 Non
2083 4336 2306 4391 possum
2359 4320 2668 4388 permittere
2704 4337 2716 4370 :
2745 4318 3043 4388 praesertim
3076 4318 3296 4388 quando
3328 4317 3428 4371 ite-

1852 4424 1968 4471 rata
2004 4413 2172 4482 ipsius
2208 4427 2383 4482 pugna
2431 4411 2628 4480 insigni
2675 4411 2930 4479 quopiam
2974 4423 3139 4478 opere
3170 4427 3276 4463 non
3310 4427 3429 4465 eer-

1854 4505 2034 4559 nitur:
2061 4502 2518 4572 quemadmodum
2561 4502 2611 4554 in
2638 4502 2893 4571 episcopo
2916 4499 3215 4557 Laodiceae.
3242 4501 3428 4572 Neque

172 4581 435 4652 λεύσαιμι
466 4581 532 4634 ἂν
554 4581 728 4649 ἔγωγε
771 4582 1094 4651 ἱερουργεῖν,
1150 4581 1182 4651 ἢ
1244 4581 1407 4652 μόνον
1467 4584 1750 4634 κοινωνεῖν

1861 4596 1996 4651 enim
2027 4595 2101 4650 illi
2135 4610 2234 4664 ego
2265 4603 2454 4648 auctor
2485 4592 2679 4647 fuerim
2723 4593 3086 4655 sacriﬁcandi,
3124 4593 3216 4646 sed
3270 4609 3425 4646 com-

173 4673 261 4727 διὰ
289 4673 352 4726 τὸ
378 4671 671 4741 ἐπίσημον.
699 4671 885 4734 υῦτως
911 4671 1002 4723 ἐπὶ
1033 4671 1126 4724 τοῦ
1180 4672 1432 4741 τυχόντος
1486 4673 1749 4742 μονάζον-

172 4780 265 4826 τος
288 4779 305 4795 ο
339 4761 515 4825 οὓτως
548 4762 641 4814 ἐπὶ
663 4761 852 4814 λαῖκοῦ
878 4778 892 4793 ⁶
930 4759 1103 4832 εἷρξις
1132 4762 1236 4830 τῆς
1266 4764 1573 4826 κοινωνίας,
1611 4767 1751 4833 μετὰ

172 4853 281 4906 τῶν
314 4853 494 4907 ἄλλων
517 4853 686 4918 ἀξίων
717 4853 946 4923 καρπῶν
1002 4854 1106 4922 τῆς
1149 4855 1439 4922 μετανοίας
1542 4857 1752 4925 ἀναμέ-

174 4961 286 4998 νειν
313 4961 372 4997 τε
401 4943 493 4996 τὸν
524 4944 716 5014 καιρὸν
745 4945 845 5014 τῆς
869 4943 1202 5015 όρθοθοξίας.
1241 4946 1388 5015 Πλὴν
1414 4947 1602 5018 ἐπειδὴ
1661 4949 1750 4999 ὲν-

173 5033 412 5103 δέχεται,
447 5033 542 5085 καὶ
581 5033 771 5101 ὕφεσιν
805 5035 901 5086 καὶ
950 5035 1246 5104 πρόσθεσιν
1294 5037 1544 5102 γίνεσθαι
1602 5037 1754 5106 παρά

173 5124 266 5177 τοῦ
302 5123 674 5193 ἐπιτιμῶντος
745 5125 834 5176 ἐπὶ
860 5125 958 5193 τῆς
994 5125 1278 5188 κοινωνίας
1301 5126 1445 5193 λέγω
1467 5143 1481 5157 ο
1514 5129 1753 5181 ἐκτεινο-

178 5215 357 5283 μένων
381 5215 490 5266 τῶν
514 5215 723 5284 χρόνων
751 5217 850 5286 τῆς
883 5217 1151 5285 αἱρέσεως
1184 5218 1326 5270 κατὰ
1348 5217 1412 5270 τὰ
1464 5219 1754 5290 ἁθεώρητα

175 5307 422 5376 κρίματα
455 5305 556 5374 τῆς
582 5305 795 5368 δικαίας
841 5307 1007 5377 ὀργῆς
1037 5308 1132 5360 τοῦ
1162 5308 1299 5361 Θεοῦ
1325 5325 1338 5338 ·
1377 5310 1492 5363 ἔστι
1520 5312 1614 5363 καὶ
1647 5313 1752 5380 πρὸ

175 5397 397 5450 συνόδου
433 5396 593 5449 λῦσαι
621 5398 680 5449 ὲν
742 5399 970 5468 Κυρίῳ·
1036 5398 1220 5461 καθὼς
1269 5400 1636 5454 ὑποπέπτωκε
1688 5404 1750 5455 τὸ

173 5490 471 5557 πρόσωπον
501 5488 800 5560 βαρύτερον
833 5490 865 5559 ἦ
901 5488 1266 5559 ἐλαφρότερον
1294 5507 1307 5520 ο
1363 5495 1459 5544 καὶ
1507 5494 1629 5547 καθ’
1683 5497 1749 5566 ἢν

175 5578 333 5631 πάλιν
368 5578 721 5631 ὑποδείκνυσι
756 5580 1046 5649 μετάνοιαν
1078 5595 1090 5607 ο
1122 5580 1201 5642 εἴς
1251 5598 1310 5633 τε
1367 5583 1494 5643 τοὺς
1547 5585 1750 5653 ἡμετέ-

178 5685 300 5739 ρους
326 5672 422 5725 καὶ
450 5671 576 5734 τοὺς
607 5671 732 5738 ἔξω,
763 5673 1139 5726 συνεστιᾶσθαι
1171 5674 1370 5738 αὐτοὺς
1395 5676 1455 5727 οὐ
1479 5678 1750 5731 κωλυτέον

1846 4687 2159 4741 municandi
2186 4695 2393 4739 tantum
2426 4695 2646 4753 propter
2676 4684 3067 4739 celebritatem.
3100 4684 3191 4738 Sic
3224 4684 3277 4737 in
3307 4701 3425 4739 mo-

1845 4780 2021 4833 nacho
2085 4793 2436 4847 unoquoque,
2486 4777 2567 4831 sic
2619 4777 2670 4828 in
2722 4776 2908 4829 laico:
2944 4776 3213 4830 arcendus
3261 4784 3344 4830 est
3396 4791 3425 4828 a

1845 4869 2386 4931 communione,cum
2410 4868 2532 4921 aliis
2558 4867 2736 4936 dignis
2769 4865 3034 4920 fructibus
3054 4865 3384 4935 poenitentiae
3411 4884 3424 4919 :

1847 4958 2378 5027 exspectandumquc
2399 4968 2610 5026 tempus
2629 4957 2749 5012 ﬁdei
2774 4958 3111 5011 orthodoxae.
3131 4955 3425 5018 Caeterum,

1856 5050 2112 5118 quoniam
2154 5058 2207 5102 et
2231 5049 2429 5102 remitti
2459 5059 2511 5103 et
2541 5047 2748 5102 intendi
2785 5063 2999 5118 pinnam
3032 5048 3100 5100 ab
3133 5062 3198 5100 eo
3230 5045 3313 5100 fas
3344 5056 3428 5098 cst

1855 5142 1948 5210 qui
2001 5140 2254 5207 imponit;
2288 5141 2354 5194 de
2402 5140 2789 5194 communione
2848 5141 3069 5208 loquor;
3119 5138 3163 5192 si
3198 5138 3428 5192 occultis

1849 5232 2010 5302 justze
2041 5231 2130 5285 Dei
2166 5232 2258 5285 irae
2285 5232 2505 5300 judiciis
2537 5233 2821 5285 haareseos.
2848 5239 3090 5299 tempora
3127 5245 3428 5298 prorogen-

1854 5335 1962 5386 tur,
1985 5323 2341 5377 licebitetiam
2365 5333 2486 5376 ante
2508 5323 2778 5392 synodum
2813 5322 2866 5373 in
2899 5320 3134 5374 Domino
3157 5321 3424 5382 relaxare,

1858 5425 2017 5485 prout
2045 5430 2276 5484 persona
2312 5415 2532 5483 gravius
2565 5415 2805 5468 Ieviusve
2833 5414 2980 5482 lapsa
3013 5422 3117 5476 est,
3156 5422 3208 5466 et
3238 5428 3334 5480 pro
3364 5426 3427 5464 ea

1857 5521 2072 5560 rursum
2115 5506 2452 5574 pmnitentia,
2481 5521 2644 5575 quam
2695 5521 2804 5575 pra:
2855 5522 2912 5559 se
2956 5506 3057 5558 fert
3099 5521 3111 5557 :
3152 5514 3265 5557 tum
3299 5518 3428 5571 erga

1858 5607 2098 5660 nostros,
2134 5605 2245 5649 tum
2278 5613 2405 5665 erga
2439 5606 2725 5651 extraneos
2750 5595 3145 5664 prohibendum
3174 5610 3281 5646 non
3308 5603 3426 5654 est;

1858 5682 1988 5752 quin
2019 5698 2126 5736 una
2149 5684 2452 5752 opulcntur,
2485 5701 2588 5738 non
2621 5694 2798 5738 tamen
2849 5694 2908 5737 ut
2945 5682 3270 5737 benedieant
3305 5691 3429 5732 ante

243 5784 490 5866 I‘Epist-
553 5785 678 5866 9L5,-
755 5788 1759 5866 ’ᾖξιιῖδιι192,βὲςοιιοιίιψιυδιητι.
1837 5797 1931 5854 7⁸ι
1974 5801 2096 5856 Cor.
2129 5818 2216 5866 xv,
2250 5801 2337 5858 se.
2415 5801 2459 5832 ττ
2531 5800 2659 5854 ibid.
2703 5801 2793 5854 55.
2869 5800 2913 5834 τε
2963 5797 3005 5852 ιι
3042 5795 3166 5852 Cor.
3207 5813 3279 5859 Vl,
3340 5795 3399 5848 ιι

184 5856 224 5888 "
256 5853 276 5910 l
305 5855 432 5909 Cor.
463 5872 570 5920 xw,
606 5857 694 5911 ‘20.
772 5858 816 5889 ⁸ο
850 5853 1006 5912 ﬂuxu.
1043 5875 1157 5922 xui.
1205 5859 1287 5915 10.
