3934 6446
515 415 652 479 1151

1701 425 1760 483 S.
1790 421 2181 483 TllEODORI
2233 420 2583 480 STUDITA‘J

3638 413 3773 478 1152

519 531 927 587 reiaxationem.
951 530 1074 586 llzec
1110 539 1237 585 sunt
1262 546 1380 600 quae
1404 533 1576 587 dehis
1601 534 1773 588 habeo
1804 535 1856 588 in
1886 536 2076 588 timore

2189 533 2281 600 οὐχ
2317 531 2403 583 ἵνα
2435 529 2734 598 εὐλογῶσιν
2763 529 2866 592 ἕως
2894 527 3123 591 λύσεως.
3153 526 3406 584 Τοσαῦτά
3450 546 3544 596 μοι
3584 522 3769 581 ὦπται

517 623 608 676 Dei
639 635 691 675 et
718 623 962 677 veritate.
990 623 1044 676 Si
1071 625 1199 691 quid
1239 625 1358 678 novi
1390 626 1471 678 vel
1501 641 1529 679 a
1570 626 1723 680 vobis
1755 627 1834 679 vel
1863 627 1932 681 ab
1959 627 2082 681 aliis

515 712 845 779 proferatur,
877 713 1104 769 discam.
1135 713 1331 769 Fateor
1354 715 1498 769 enim
1528 732 1613 770 tne
1645 717 1696 769 in
1727 717 1911 771 multis
1962 733 2083 786 pec-

514 820 638 857 care
671 823 684 858 :
716 813 768 858 et
803 805 968 858 multa
1007 807 1216 859 nescire
1261 822 1368 860 non
1416 808 1616 862 abnuo.
1673 808 1858 862 Saluta
1886 807 2082 862 fratres

517 905 639 950 tuos
679 905 730 950 et
760 896 899 951 filios
932 911 1107 962 meos,
1142 897 1358 952 Petrum
1390 900 1663 962 abbatem,
1686 910 1742 953 et
1789 901 2078 969 Ignatium,

513 996 567 1040 et
599 986 850 1050 Tithoen,
876 987 1212 1043 desideratas
1243 990 1377 1043 mihi
1409 989 1460 1043 in
1487 990 1714 1045 Domino
1734 993 2082 1058 etadjutores

518 1093 692 1131 meos.
719 1079 900 1131 Saluta
933 1093 1026 1132 eos
1043 1080 1136 1148 qui
1158 1079 1287 1133 mihi
1309 1080 1458 1134 ehari
1488 1090 1698 1135 suntex
1732 1093 1918 1136 sancta
1950 1097 2084 1135 con-

513 1168 845 1236 gregatione.
890 1166 1076 1222 Saluta
1133 1171 1513 1239 mysteriorum
1567 1171 1839 1236 custodes,
1877 1173 2083 1227 viscera

518 1274 635 1311 mea
691 1259 1035 1314 charissima.
1086 1259 1274 1314 Saluta
1348 1277 1468 1316 eam
1530 1265 1686 1330 cujus
1730 1279 1957 1333 magnus
2001 1273 2087 1320 est

518 1348 668 1400 labor
695 1350 747 1401 in
772 1347 1032 1403 Domino:
1056 1351 1121 1404 de
1151 1367 1257 1418 qua
1284 1352 1484 1421 recipio
1509 1361 1562 1406 et
1590 1355 1806 1408 abundo
1829 1356 1878 1406 in
1907 1355 2082 1409 bonis.

514 1439 702 1492 Saluta
756 1455 945 1496 omnes
1000 1441 1054 1496 in
1104 1441 1322 1496 Christo
1379 1442 1595 1506 fratres,
1628 1446 1790 1498 etiam
1828 1445 1922 1513 qui
1955 1454 2087 1500 sunt

516 1532 657 1594 laici,
708 1548 772 1587 ex
821 1534 1021 1602 quibus
1063 1545 1147 1589 est
1194 1535 1414 1604 Sergius
1456 1537 1576 1604 pius
1605 1547 1660 1591 et
1709 1537 1932 1608 Engius.
1980 1539 2085 1605 Qui

517 1636 726 1675 meeum
760 1632 885 1676 sunt
916 1623 1111 1678 fratres
1143 1639 1357 1693 semper
1394 1626 1576 1681 dilecti
1611 1634 1662 1681 te
1681 1638 1735 1681 et
1771 1628 1908 1682 alios
1939 1629 2088 1683 salu-

515 1721 648 1766 tant.
679 1712 1008 1769 MementOte
1055 1719 1334 1772 tenuitatis
1381 1733 1532 1773 meae.
1582 1718 1846 1776 Dominus
1900 1730 2088 1776 noster

511 1801 674 1860 Jesus
709 1804 960 1862 Christus
992 1806 1294 1870 vobiscum.
1325 1807 1544 1864 fratres.

852 2117 967 2174 ΧΠ.
991 2150 1063 2162 -
1088 2120 1343 2176 Paschali
1375 2141 1526 2193 papa:
1550 2124 1747 2181 Roma.

2186 622 2550 692 περὶτούτων
2576 623 2634 672 ἐν
2658 620 2809 690 φόϐῳ
2841 619 2980 673 Θεοῦ
3017 620 3111 672 καὶ
3137 619 3388 690 ἀληθείᾳ.
3432 620 3494 672 El
3528 620 3587 672 δέ
3620 637 3675 672 τι
3720 621 3777 686 ἐξ

2187 709 2342 778 ὑμῶν
2369 708 2398 778 ἢ
2429 709 2521 762 ἀπ’
2552 707 2730 762 ἄλλων
2755 707 3092 777 καινότερον,
3157 706 3409 776 διδαχθῶ.
3481 707 3770 775 Ὁμολογῶ

2183 800 2292 870 γάρ
2327 798 2402 861 ὡς
2429 798 2597 851 πολλὰ
2624 799 2956 867 ἁμαρτάνων
2976 835 2991 858 ,
3031 798 3125 849 καὶ
3161 797 3336 850 πολλὰ
3365 799 3588 864 ἀγνοεῖν
3625 797 3778 864 δέχου

2186 908 2303 960 μαι.
2350 891 2625 941 ’Ἄσπασαι
2664 890 2789 951 τοὺς
2821 888 3084 956 ἀδελφούς
3116 905 3209 942 σου
3243 877 3337 941 καί
3362 888 3432 941 τά
3452 888 3622 940 τέκνα
3649 906 3773 957 μου,

2182 981 2272 1034 τὸν
2305 980 2480 1033 ὰῦὁᾰν
2511 981 2737 1050 Πέτρον,
2768 980 2862 1033 καὶ
2905 979 3183 1046 Ἰγνάτιον,
3224 979 3319 1032 καὶ
3348 979 3391 1031 Τ
3398 979 3552 1046 ιθόην
3599 977 3767 1050 [θοός

2185 1071 2318 1143 Reg.
2351 1070 2604 1141 Τιδόῖον],
2638 1070 2767 1133 τοὺς
2791 1072 2850 1122 έν
2899 1071 3086 1140 Κυρίῳ
3112 1070 3484 1140 έπιποθήτους
3508 1087 3618 1137 μου
3675 1075 3771 1123 καὶ

2187 1163 2507 1232 συνεργούς.
2550 1164 2830 1216 Ἄσπασαι
2859 1161 2984 1222 τοὺς
3015 1162 3079 1214 ἐκ
3107 1161 3206 1230 τῆς
3226 1161 3387 1229 ἁγίας
3416 1160 3669 1223 συνοδίας
3686 1179 3775 1230 φιο

2184 1254 2382 1324 λητούς
2414 1271 2538 1324 μου.
2579 1255 2863 1308 Ἄσπασαι
2893 1254 3020 1318 τοὺς
3095 1253 3646 1323 μυστηριοφύλακας,
3707 1253 3773 1305 τά

2187 1346 2298 1415 ἐμὰ
2343 1344 2684 1414 ὴγαπημένα
2709 1342 3013 1413 σπλάγχνα.
3050 1343 3330 1395 Ἄσπασαι
3359 1342 3460 1411 τὴν
3487 1342 3773 1394 κοπιῶσαν

2186 1439 2244 1489 έν
2271 1436 2458 1505 Κυρίῳ
2481 1450 2497 1467 ο
2527 1428 2596 1504 ἦς
2630 1433 2958 1504 ἀπέχωκαὶ
3001 1432 3320 1501 περισσεύω
3379 1433 3438 1485 ἐν
3497 1432 3731 1499 ἀγαθοῖς

2186 1528 2430 1581 ἄσπασαι
2456 1526 2664 1589 πάντας
2691 1527 2820 1589 τοὺς
2844 1527 2904 1579 έν
2931 1523 3152 1594 Χριστῷ
3175 1523 3442 1591 ἀδελφοὺς
3463 1563 3482 1590 ,
3523 1524 3633 1578 κᾶν
3648 1523 3768 1576 λαῑ·

2187 1619 2299 1682 κοὶ,
2350 1617 2408 1683 ἐξ
2439 1610 2514 1671 ὧν
2549 1617 2774 1687 Σέργιος
2800 1618 2828 1670 ό
2853 1615 3085 1684 εὑσεὸὴς
3123 1615 3219 1668 καὶ
3241 1614 3426 1682 ῐγγιος
3461 1613 3526 1686 [ί.
3565 1611 3768 1683 ἆγιος].

2201 1709 2560 1773 ’Δσπάζονται
2589 1709 2647 1761 σὲ
2668 1707 2763 1761 καὶ
2793 1709 2920 1771 τοὺς
2945 1706 3140 1768 ἄλλους
3170 1708 3218 1758 oi
3250 1705 3350 1758 σὺν
3393 1706 3520 1774 ἐμοὶ
3548 1703 3770 1772 ἀδελφοὶ

2189 1799 2526 1871 ἀειπόθητοιη.
2559 1797 2947 1867 Μνημονεύετέ
2976 1813 3078 1865 μου
3117 1796 3215 1866 τῆς
3238 1795 3652 1857 ταπεινώσεως.
3710 1795 3768 1846 '0

2113 1857 2578 1961 onpmc'spov
2641 1857 2848 1959 ’ίησοῦς
2901 1857 3138 1958 Χριστὸς
3170 1857 3316 1956 ’μεθ’
3370 1888 3549 1957 ὑμῶν,
3612 1886 3768 1940 ἀδελ·

2194 1983 2307 2052 φοί.

2474 2120 2579 2176 ων.
2599 2147 2670 2160 -
2703 2115 3033 2186 Πασχαλίῳ
3053 2114 3225 2186 πάπᾳ
3267 2116 3525 2187 Ῥώμης.

995 2237 1200 2287 Romani
1237 2241 1478 2299 pontificis
1508 2254 1653 2302 opem
1675 2243 1910 2292 adversus
1933 2240 2276 2291 lconomachos
2299 2237 2547 2300 exposcit.
2591 2234 2791 2296 (ΒΜ-ου.
2818 2243 2898 2280 an.
2930 2229 3041 2288 817,
3072 2243 3121 2278 n.
3144 2229 3246 2290 ll.)

514 2340 739 2397 Prorsus
767 2347 1102 2399 sanctissimo
1125 2347 1376 2402 luminari
1406 2365 1625 2418 magno,
1658 2353 1959 2405 antistitum
1982 2367 2074 2405 su-

579 2450 776 2501 premo,
823 2435 1034 2488 domino
1085 2449 1288 2499 nostra,
1325 2441 1536 2493 domino
1581 2444 1869 2508 apostolico
1903 2456 2072 2508 papw,

578 2526 831 2589 Joannes,
863 2526 1203 2593 Theodosius,
1230 2530 1574 2596 Athanasius,
1611 2530 1866 2594 Joannes,
1906 2532 2072 2586 Theo-

579 2621 763 2682 dorus,
802 2623 1004 2674 minimi
1032 2623 1325 2694 presbyteri
1357 2637 1406 2677 et
1436 2627 1708 2694 prwpositi
1764 2641 1943 2680 eorum
1981 2628 2070 2696 qui

580 2715 723 2779 apud
759 2713 1013 2779 Cat/tura,
1067 2715 1378 2781 Picridium,
1415 2718 1811 2788 Paulopetrium
1835 2758 1852 2784 ,
1898 2718 2069 2775 Euca-

585 2806 740 2870 riam,
772 2818 819 2860 et
840 2807 1110 2864 Studium.

579 2983 775 3038 Audita
828 2984 940 3052 jam
1004 2995 1136 3040 sunt
1181 2987 1323 3040 haud
1367 2988 1531 3042 dubie
1576 3004 1845 3060 supremae
1887 3002 2081 3049 vestras

509 3073 832 3127 beatitudini
862 3089 922 3127 ea
968 3090 1088 3143 quae
1122 3087 1340 3146 propter
1394 3089 1614 3146 peccata
1664 3091 1847 3135 nostra
1883 3082 1936 3136 in
1979 3098 2078 3137 no-

511 3175 679 3219 stram
740 3165 1036 3221 Ecclesiam
1095 3169 1362 3224 invasere.
1399 3171 1608 3225 Etenim
1650 3171 1774 3226 facti
1806 3189 1993 3228 sumus
2024 3174 2075 3227 in

2188 2346 2270 2413 Τῷ
2291 2347 2488 2400 πάντα
2512 2339 2960 2411 παναγεστάτφ.
2980 2337 3251 2407 φωστῆρι
3264 2336 3528 2406 perito),
3553 2336 3763 2404 ἀρχιε-

2245 2437 2345 2506 ρεῖ
2373 2436 2716 2506 πρωτίστῳ,
2757 2431 2940 2498 κυρίῳ
2968 2427 3158 2499 ήμῶν,
3190 2428 3458 2495 δεσπότῃ
3495 2427 3760 2482 ἀποστο-

2250 2529 2399 2593 λικῷ
2427 2526 2616 2592 πάπᾳ,
2667 2522 2972 2590 Ἰωάννης,
3005 2520 3347 2584 Θεοδόσιος,
3381 2518 3760 2584 ’Δθανάσιος,

2261 2619 2567 2686 Ἰωάννης,
2622 2615 2940 2683 Θεόδωρος,
2984 2613 3297 2680 ἐλάχιστοι
3356 2612 3760 2678 πρεσϐύτεροι

2247 2714 2345 2767 καί
2369 2693 2691 2780 ήγυύμενοὶ
2718 2708 2838 2763 τῶν
2855 2705 3092 2772 Καθαρὰ
3110 2745 3125 2768 ,
3155 2701 3276 2758 τῶν
3301 2703 3637 2771 Πικριδίου,
3655 2703 3762 2758 τοῦ

2249 2803 2718 2871 Παυλοκετρίου,
2790 2797 2900 2867 τῆς
2931 2794 3241 2864 Εὺκερίας,
3268 2791 3388 2848 τῶν
3440 2794 3758 2848 Στουδίου.

2259 2995 2395 3064 ΙἬδη
2428 3011 2528 3046 που
2563 2992 2786 3052 πάντως
2844 2989 3108 3059 ἡκουσται
3156 2988 3222 3056 τῇ
3290 2987 3567 3055 κορυφαίᾳ⁵
3606 2983 3764 3053 ὑμῶν

2187 3085 2552 3157 μακαριότητι
2581 3081 2649 3135 τά
2674 3079 2816 3134 κατὰ
2873 3079 2970 3142 τὰς
2998 3078 3278 3148 ἁμαρτίας
3317 3076 3479 3146 ἡμῶν
3513 3077 3580 3143 τῇ
3626 3073 3748 3128 καθ’

2183 3178 2330 3246 ἡμᾶς
2372 3173 2669 3244 Ἐκκλησία
2698 3169 3008 3224 ἐπελθόντα.
3074 3169 3185 3220 Καὶ
3232 3167 3342 3238 γὰρ
3406 3165 3761 3236 γεγενήμεθα

512 3254 819 3320 parabolam
871 3266 925 3310 et
978 3258 1322 3325 proverbium
1374 3261 1630 3316 omnibus
1679 3263 1964 3331 gentibus,
2021 3273 2076 3315 ut

2189 3271 2261 3330 ιίς
2285 3265 2604 3336 παραϐολὴν
2641 3264 2735 3316 καὶ
2767 3262 3010 3330 διήγημα
3069 3260 3124 3312 έν
3183 3259 3451 3320 πᾶσιτοϊς
3524 3257 3710 3312 ἔθνεσι
3739 3298 3756 3323 ,

511 3347 811 3401 secundum
865 3346 1198 3417 Scriptorum
1248 3350 1495 3419 loquar"
1539 3369 1554 3405 :
1600 3354 1839 3407 nondum
1895 3363 2074 3420 tamen

514 3436 746 3490 fortasse
761 3452 822 3490 ea
844 3436 1078 3505 perfecte
1103 3447 1156 3493 et
1177 3453 1272 3509 per
1290 3441 1550 3510 epistolas
1573 3444 1878 3497 renuntiata
1907 3444 2076 3498 fuere.

512 3525 692 3590 Quare
717 3541 817 3580 nos
850 3527 1082 3590 minimi,
1123 3528 1224 3582 etsi
1253 3530 1554 3584 membrum
1599 3534 1842 3599 corporis
1879 3533 2078 3590 Christi

511 3617 762 3672 ultimum
793 3635 982 3675 sumus
1011 3635 1025 3676 :
1053 3630 1263 3687 tamen,
1288 3637 1408 3676 eum
1441 3624 1488 3679 is
1516 3625 1609 3693 qui
1638 3635 1799 3695 caput
1833 3635 2077 3681 nostrum

511 3716 614 3771 est,
634 3711 882 3778 captivus
915 3712 1006 3775 sit,
1047 3723 1207 3781 atque
1233 3713 1267 3766 ii
1290 3714 1383 3781 qui
1410 3714 1548 3768 inter
1585 3714 1779 3771 fratres
1817 3718 2076 3780 eminent,

515 3801 620 3854 huc
660 3811 822 3870 atque
857 3802 985 3856 illuc
1025 3803 1272 3871 dissipati
1314 3822 1327 3857 :
1362 3805 1546 3873 aliquo
1582 3806 1743 3858 modo
1777 3809 2075 3875 potuimus,

510 3907 576 3945 ex
611 3906 675 3946 eo
703 3893 845 3961 quod
874 3907 1039 3961 prope
1059 3909 1269 3959 sumus,
1288 3903 1341 3948 et
1363 3911 1426 3948 ex
1454 3907 1641 3950 mutua
1661 3898 2074 3966 significatione,

515 3995 769 4050 tanquam
799 3999 902 4038 uno
926 3985 1116 4053 spiritu
1141 3995 1192 4040 et
1217 3988 1596 4041 communibus
1626 3989 1803 4043 verbis
1830 3990 2078 4058 quamvis

513 4073 857 4126 temerarium
907 4075 1001 4138 sit,
1046 4075 1147 4128 ista
1187 4076 1443 4130 scribere.
1497 4076 1660 4141 Audi,
1719 4078 2076 4146 apostolicum

511 4172 692 4231 caput.
733 4178 764 4216 a
810 4163 919 4216 Deo
955 4165 1240 4232 praeposite
1272 4175 1452 4234 pastor
1481 4168 1661 4221 ovium
1691 4166 1911 4232 Christi,
1932 4168 2077 4236 jani-

512 4262 595 4304 tor
615 4254 760 4319 regni
791 4252 1075 4315 caelorum,
1099 4261 1246 4321 petra
1279 4255 1400 4309 fidei
1437 4273 1600 4326 super
1625 4273 1790 4326 quam
1811 4259 2073 4314 aedificata

511 4354 590 4395 est
625 4343 891 4397 catholica
925 4343 1184 4399 Ecclesia.
1220 4347 1408 4402 Petrus
1439 4349 1583 4402 enim
1616 4358 1691 4415 tu,
1717 4350 1859 4405 Petri
1893 4352 2072 4407 sedem

511 4447 784 4486 exornans
820 4442 876 4485 et
912 4433 1241 4499 gubernans.
1291 4434 1424 4504 Lupi
1460 4453 1650 4508 graves
1686 4439 1996 4510 irruperunt
2019 4443 2074 4496 in

513 4525 724 4578 caulam
781 4525 991 4579 Domini
1025 4545 1037 4579 :
1068 4535 1233 4595 portae
1274 4527 1448 4594 inferi,
1475 4539 1532 4584 nt
1556 4531 1704 4596 olim,
1748 4541 2074 4602 ruptae'sunt

2184 3361 2474 3432 Γραφικῶς
2505 3360 2680 3412 εἰπεῖν
2700 3374 2715 3388 ο
2740 3357 2803 3410 οὐ
2830 3355 2936 3426 μὴν
2960 3355 3091 3417 ἴσως
3113 3355 3147 3424 ή
3176 3352 3497 3421 ἀπαγγελία
3519 3349 3759 3411 ἐντελῶς

2179 3469 2239 3504 τε
2269 3455 2362 3504 καὶ
2393 3449 2778 3512 ἑπιστολικῶς.
2808 3449 3012 3518 Διόπερ
3046 3447 3211 3515 ἡμεῖς
3265 3445 3316 3497 oi
3357 3443 3661 3512 ιλάχιστοι,
3711 3441 3760 3492 εί

2180 3543 2276 3595 καὶ
2307 3541 2468 3612 μέλος
2516 3556 2620 3594 που
2644 3540 2742 3594 τοῦ
2791 3537 3039 3608 σώματος
3081 3536 3320 3609 Χριστοῦ
3358 3535 3588 3606 ἔσχατον
3619 3549 3758 3599 τυγ-

2180 3635 2433 3704 χάνοντες
2458 3651 2472 3665 ·
2513 3635 2661 3703 ὅμως
2690 3631 2791 3701 τῆς
2813 3629 3055 3700 κεφαλῆς
3086 3627 3245 3699 ἡμῶν
3273 3627 3624 3697 είργομένης,
3647 3624 3759 3677 τῶν

2178 3743 2239 3778 τε
2299 3727 2359 3777 έν
2397 3725 2717 3793 ἀδελφότητι
2776 3724 3118 3796 προεχόντων
3184 3715 3287 3774 ὧδέ
3317 3737 3374 3772 τε
3404 3720 3630 3772 κάκεῖσε
3680 3717 3759 3770 δι-

2179 3817 2539 3886 εσπαρμένων
2558 3831 2570 3845 ·
2601 3815 2946 3884 ἠδυνήθημεν
2972 3831 3088 3876 πως
3116 3814 3180 3866 ὲκ
3241 3811 3335 3864 τοῦ
3378 3811 3653 3879 σύνεγγυς
3676 3805 3756 3864 ei-

2178 3923 2265 3958 ναι
2295 3907 2384 3958 καὶ
2409 3905 2497 3958 διὰ
2523 3903 2624 3973 τῆς
2656 3905 2736 3966 είς
2787 3902 3046 3971 ἀλλήλους
3073 3899 3498 3970 καταμηνύσεως
3549 3899 3630 3961 είς
3688 3897 3750 3950 ἓν

2176 3995 2431 4063 γενέσθαι
2464 3997 2555 4049 καὶ
2585 3993 2804 4063 πνεῦμα
2835 3993 2933 4045 καὶ
2983 3991 3136 4062 ῥῆμα
3159 4007 3174 4022 ⁸
3214 3991 3526 4061 γράφοντες
3564 3991 3614 4042 εί
3663 3990 3758 4043 καὶ

2175 4086 2464 4156 τολμηρῶς
2511 4085 2658 4139 τάδε.
2688 4086 2909 4148 Ἄκουε,
2943 4083 3276 4150 άποστολικὴ
3307 4082 3474 4153 κάρα,
3527 4082 3757 4152 θεοπρό-

2177 4177 2338 4245 6λητε
2367 4177 2570 4247 ποιμὴν
2601 4177 2708 4229 τῶν
2740 4176 2978 4246 Χριστοῦ
2996 4176 3282 4245 προϐάτων
3304 4189 3322 4206 ο
3353 4173 3629 4243 κλειδοῦχε
3656 4174 3754 4240 τῆς

2176 4266 2420 4337 οὐρανῶν
2472 4266 2748 4336 βασιλείας
2785 4280 2799 4294 ·
2860 4265 3036 4335 πέτρα
3092 4266 3191 4334 τὴς
3244 4265 3506 4328 πίστεως,
3572 4264 3663 4331 ἐφ’

2176 4357 2520 4428 ᾠκοδόμηται
2549 4357 2872 4427 ὴκαθολικὴ
2913 4355 3227 4424 Ἐκκλησία.
3264 4358 3470 4427 Πέτρος
3499 4355 3610 4424 γὰρ
3662 4355 3749 4419 σὺ,

2174 4451 2265 4500 τὸν
2318 4447 2526 4518 Πέτρου
2567 4447 2754 4516 θρόνον
2781 4446 3002 4514 κοσμῶν
3029 4447 3124 4498 καὶ
3147 4445 3367 4499 διέπων.
3423 4444 3593 4497 Λύκοι
3656 4442 3755 4513 βα-

2178 4541 2293 4607 ρεῖς
2321 4536 2727 4606 εἰσεφθάρησαν
2760 4537 2817 4589 έν
2845 4538 2912 4604 τῇ
2942 4535 3078 4605 αὐλῇ
3111 4536 3317 4605 Κυρίου
3352 4551 3366 4566 ·
3392 4531 3561 4587 πύλαι
3591 4534 3747 4604 ᾅδου,

516 4617 566 4669 in
590 4618 783 4685 ipsam.
808 4617 948 4682 Quid
979 4619 1112 4671 hoc?
1136 4619 1571 4678 Persecutionem
1596 4626 1798 4693 patitur
1823 4627 2070 4683 Christus

2189 4629 2248 4688 ὓς
2282 4629 2491 4690 πάλαι,
2543 4627 3001 4698 προσεῤῥάγησαν
3061 4627 3200 4696 αὐτῇ
3227 4665 3243 4680 .
3287 4627 3353 4680 Τί
3400 4625 3560 4679 τοῦτο
3589 4642 3605 4689 ;
3634 4625 3754 4680 διώ-

513 4724 635 4760 cum
671 4717 842 4762 matre
891 4718 942 4762 et
1005 4709 1308 4764 ministris:
1344 4714 1610 4782 siquidem
1654 4726 1841 4771 contra
1883 4719 2074 4789 imagi-

514 4816 632 4853 netu
685 4799 955 4866 incursus,
998 4803 1266 4872 prototypi
1318 4815 1400 4860 est
1450 4811 1776 4874 persecutio.
1811 4810 1948 4866 Hinc
1980 4813 2076 4867 de-

511 4893 683 4945 tentio
722 4894 1100 4960 patriarchalis
1141 4896 1333 4965 capitis
1365 4915 1378 4950 :
1409 4900 1598 4953 exsilia
1633 4910 1685 4955 et
1720 4902 2075 4972 relegationes

513 4983 1042 5052 archiepiscoporum
1096 4997 1150 5039 et
1194 4986 1560 5051 sacerdotum,
1590 5001 1642 5044 et
1684 4995 2071 5048 monachorum

511 5075 1013 5144 monacharumque
1041 5079 1331 5145 compedes
1382 5087 1435 5134 et
1483 5083 1694 5138 vincula
1729 5083 1921 5152 ferrea,
1962 5095 2072 5140 tor-

511 5173 800 5234 mentaque
839 5174 891 5219 et
923 5165 988 5218 ad
1015 5175 1320 5222 extremum
1352 5184 1517 5226 mors.
1550 5171 1593 5225 0
1630 5173 1937 5229 horribilem
1973 5192 2071 5230 au-

509 5256 803 5311 ditionem!
846 5255 1160 5312 Veneranda
1205 5260 1382 5331 imago
1410 5265 1700 5320 salvatoris
1744 5266 1840 5322 Dei
1879 5270 2071 5330 nostri,

510 5363 674 5415 quam
717 5348 878 5403 etiam
933 5350 1201 5405 daemones
1246 5353 1696 5422 perhorrescunt,
1728 5360 2073 5414 contumeliis

507 5436 703 5491 affecta
737 5446 791 5491 et
825 5437 1058 5492 ludibrio
1095 5439 1275 5496 habita
1323 5453 1424 5504 est,
1454 5460 1560 5498 non
1605 5449 1778 5501 solum
1823 5448 1876 5502 in
1924 5451 2068 5518 regia

511 5529 664 5588 urbe,
687 5539 872 5582 verum
907 5528 1067 5582 etiam
1095 5532 1146 5583 in
1166 5535 1309 5585 onmi
1339 5535 1556 5604 regione
1579 5546 1633 5590 et
1659 5539 1838 5608 opido.
1866 5540 2068 5594 Altaria

508 5621 679 5672 deleta
704 5629 849 5684 sunt,
887 5621 1080 5689 templa
1102 5623 1392 5690 destructa,
1423 5643 1577 5682 sacra
1601 5630 1877 5697 profanata
1900 5630 2064 5695 ,eﬂ‘u-

511 5723 606 5762 sus
661 5716 742 5760 est
798 5709 1018 5776 sanguis
1047 5721 1100 5762 et
1143 5712 1438 5770 effunditur
1490 5733 1678 5774 eorum
1717 5720 1808 5788 qui
1843 5721 2073 5776 retinent

572 5821 622 5848 ‘°‘
655 5820 796 5874 Psal.
826 5837 1006 5886 L1H”,
1054 5824 1132 5877 l‘l.

2177 4736 2333 4771 κεται
2387 4717 2622 4790 Χριστὸς
2687 4720 2783 4771 σὺν
2824 4719 2993 4788 μητρὶ
3020 4718 3113 4770 καὶ
3140 4717 3465 4788 θεράπουσιν
3491 4734 3503 4746 ·
3524 4719 3688 4788 εἰπερ
3715 4719 3748 4787 ἠ

2175 4809 2272 4877 τῆς
2321 4809 2527 4871 εἰκόνος
2555 4807 2893 4878 καταδρομὴ.
2935 4805 3030 4860 τοῦ
3063 4807 3420 4879 πρωτοτύπου
3472 4807 3738 4877 διωγμὸς.

2177 4899 2457 4953 Ἐντεῦθεν
2485 4899 2762 4963 κατένεξις
2821 4899 3229 4970 πατριαρχικῆς
3310 4897 3557 4967 κεφαλῆς
3592 4915 3607 4929 ο
3667 4898 3749 4962 ἑξ-

2175 4993 2318 5062 ορίαι
2345 5009 2401 5044 τε
2443 4993 2536 5044 καὶ
2563 4991 2906 5061 περιορισμοὶ
2943 4990 3243 5060 ἀρχιερέων
3279 5006 3337 5042 τε
3393 4991 3488 5043 καὶ
3529 4991 3744 5062 ἱερέων,

2179 5082 2462 5152 μοναστῶν
2487 5099 2548 5134 τε
2591 5083 2686 5136 καὶ
2721 5082 3069 5152 μοναζουσῶν
3099 5097 3113 5111 ο
3144 5081 3361 5152 εἱρκταί
3392 5098 3455 5136 τε
3511 5084 3611 5136 καὶ
3671 5099 3744 5135 σι-

2174 5175 2439 5246 δηρώσεις
2470 5193 2483 5206 ·
2511 5176 2733 5246 βάσανοί
2767 5192 2827 5228 τε
2858 5175 2953 5228 καὶ
3017 5175 3168 5239 τέλος
3227 5174 3467 5229 θάνατοι.
3529 5177 3595 5227 Ὢ
3649 5174 3742 5228 τοῦ

2175 5267 2406 5337 φοὸεροῦ
2436 5267 2817 5336 ἀκούσματοςί
2850 5267 2882 5337 ἡ
2915 5266 3088 5336 σεπτὴ
3122 5266 3287 5319 είκὼν
3336 5265 3430 5319 τοῦ
3482 5267 3740 5336 Σωτῆρος

2174 5356 2330 5426 ἡμῶν
2368 5357 2525 5422 Θεοῦ,
2560 5357 2624 5427 ἢν
2664 5357 2759 5409 καὶ
2783 5357 3043 5426 δαίμονες
3098 5357 3413 5425 φρίττουσιν
3438 5371 3455 5388 ο
3516 5356 3739 5426 ἐνύϐρι-

2176 5463 2300 5498 σται
2331 5463 2347 5478 ο
2388 5447 2773 5510 ὲξουδένωται·
2799 5447 2859 5498 οὐ
2913 5446 3072 5517 μόνον
3131 5447 3188 5499 ἐν
3244 5449 3309 5516 τῇ
3377 5444 3738 5517 βασιλευούσῃ

2175 5537 2326 5589 πόλει
2357 5553 2371 5566 ·
2403 5538 2539 5592 ἀλλὰ
2569 5539 2679 5607 γὰρ
2718 5538 2813 5590 καὶ
2845 5538 2987 5590 κατὰ
3054 5539 3234 5591 πᾶσαν
3265 5535 3447 5606 χώραν
3485 5538 3585 5595 καὶ
3645 5556 3738 5591 που

2174 5630 2379 5699 λίχνην.
2410 5631 2785 5699 Θυσιαστήρια
2809 5629 3081 5699 ἠφανίσθη
3101 5646 3113 5658 ·
3137 5630 3252 5682 ναοὶ
3279 5629 3693 5700 ἡμαυρώθησαν
3722 5645 3733 5658 ·

2174 5722 2291 5790 ἱερὰ
2316 5719 2598 5792 ὲκοινώθη,
2629 5721 2788 5791 ὲχέθη
2817 5720 3025 5791 αἵματα
3057 5722 3148 5775 καὶ
3194 5721 3380 5792 χέεται
3431 5721 3546 5776 τῶν
3609 5723 3734 5777 άντ-
