3934 6476
167 439 308 510 i153

1360 450 1905 512 EPISTOLARUM
1959 451 2104 511 LIB.
2152 452 2233 512 Il.

3293 452 3432 515 1154

159 561 443 630 εχομὲνων
482 556 577 610 τοῦ
630 559 990 628 Εὐαγγελίου.
1029 563 1270 630 Διωγμοὶ
1305 565 1398 616 καὶ
1465 564 1752 632 φυγαδεῖαι

1857 562 2230 634 Evangelium,
2286 565 2697 632 persecutiones
2753 571 2807 617 et
2855 561 3049 618 exsilia
3097 577 3287 617 eorum
3333 566 3426 632 qni

159 651 272 704 τῶν
305 649 386 702 ἔτι
440 648 942 720 ὑπολελειμμένων.
1011 652 1264 724 Ἐσίγησε
1324 657 1434 708 πᾶν
1484 654 1745 708 εὺσεσοῦν

160 741 343 809 στόμα
412 740 521 796 θέει
576 742 812 795 θανάτου
844 759 859 773 ο
916 743 1189 815 ἀνέῳκται
1243 747 1276 816 η
1327 748 1604 812 autem;
1648 751 1744 803 καὶ

161 834 487 903 βλάσφημος
541 833 768 902 γλῶσσα
795 852 808 866 ο
847 835 1171 891 σεσάλευται
1199 841 1350 892 πᾶσα
1393 840 1531 912 σὰρξ
1560 843 1741 910 ἀμφοο

156 926 476 996 τερὶξουσα.
513 928 682 997 Οιμοι
709 967 725 993 ,
756 929 945 998 φησὶν,
977 929 1070 984 ὅτι
1103 929 1472 1000 ἐγενήθημεν
1489 932 1570 997 ὠς
1593 948 1744 986 συν-

156 1014 326 1083 άγων
354 1017 634 1086 καλάμην
655 1018 726 1071 ἐν
753 1020 977 1089 ἀμητῷ,
1011 1022 1110 1075 καί
1142 1021 1224 1089 ὡς
1248 1022 1621 1092 ἐπιφυλλίδα
1674 1023 1745 1078 ἐν

155 1109 433 1177 τρυγητῷ
451 1124 464 1137 °
497 1113 612 1181 οὐχ
641 1110 1027 1181 ὑπάρχοντος
1044 1114 1331 1183 βότρυος.

245 1200 556 1272 Ἐφ⁹ημᾶς,
603 1197 650 1257 ὦ
679 1205 888 1275 μάκαρ,
912 1207 1134 1275 ἐγένετο
1177 1207 1352 1260 ταῦτα
1404 1207 1605 1261 πάντα.
1673 1209 1743 1262 Ἀ

154 1290 243 1355 τίς
273 1292 374 1362 μὲν
400 1294 501 1348 οὐκ
528 1296 980 1365 ἑπιστυγνάσειεν
1006 1301 1087 1362 είς
1117 1298 1386 1353 ἑαυτὸντά
1401 1299 1495 1354 τοῦ
1516 1299 1742 1370 πλησίον

155 1383 498 1457 ἀναθεωρῶν
528 1388 677 1458 πάθη
713 1405 728 1452 ;
759 1389 856 1455 Τίς
890 1390 948 1444 δὲ
975 1391 1038 1444 οὐ
1094 1389 1378 1462 λογίσοιτο
1421 1393 1742 1463 προεισόδια

154 1472 305 1530 εἶναι
340 1479 439 1549 τῆς
497 1479 594 1532 τοῦ
661 1481 1034 1551 ’Δντιχρίστου
1091 1483 1438 1554 παρουσίας·
1486 1483 1743 1536 τοσοῦτον

152 1569 494 1640 διαφέροντα
521 1573 646 1626 ὅσον
672 1573 838 1626 είκὼν
868 1573 1208 1645 ἀρχετύπου.
1246 1577 1332 1644 ἐφ’
1363 1570 1513 1649 ᾖκαὶ
1558 1575 1743 1646 μαίνε⁹

151 1677 289 1728 ται;
341 1661 512 1733 Δεῦρο
547 1663 613 1734 δὴ
644 1659 740 1718 οὗν
792 1665 900 1719 ἀπὸ
933 1666 1164 1736 Δυσμῶν
1190 1669 1219 1721 ό
1271 1667 1742 1739 Χριστομίμητος,

167 1754 519 1823 Ἀνάστηθι,
552 1764 653 1810 καὶ
671 1757 760 1827 μὴ
785 1758 1002 1828 ἀπὼσῃ
1027 1763 1114 1827 εις
1144 1759 1338 1826 τέλος.
1377 1760 1521 1830 Πρός
1550 1760 1610 1813 σὲ
1663 1761 1743 1814 εῖ-

157 1862 302 1916 ρηκε
329 1847 564 1918 Χριστὸς
591 1850 620 1901 ό
642 1849 776 1914 Θεὸς
803 1851 965 1921 ήμῶν
995 1867 1009 1882 ο
1039 1854 1148 1906 Kal
1165 1853 1253 1921 σὺ
1277 1852 1423 1905 ποτὲ
1456 1853 1736 1922 ἐπιστρέ-

149 1941 283 2005 ψας
303 1939 612 2007 στηρίξεις
641 1941 784 2007 τοὺς
815 1942 1121 2012 ἀδελφούς
1143 1958 1281 1998 σου.
1331 1943 1439 1997 Ἴδε
1475 1945 1502 1996 ό
1544 1947 1738 2015 χρόνος

149 2029 251 2081 καὶ
282 2029 312 2080 ὁ
339 2029 505 2094 τόπος
529 2047 546 2064 ο
588 2030 862 2103 βοήθησον
888 2035 1022 2104 ἡμῖν
1049 2035 1078 2086 ό
1107 2035 1211 2088 ὑπὸ
1236 2035 1333 2087 τοῦ
1367 2035 1505 2090 Θεοῦ
1535 2053 1736 2106 τεταγ-

153 2117 325 2186 μένος
356 2121 436 2183 είς
468 2119 662 2174 τοῦτο’
714 2120 901 2191 ὃρεξον
938 2126 1097 2194 χεῖρα
1152 2123 1278 2178 καθ’
1336 2125 1459 2178 ὅσον
1520 2119 1632 2178 οἷόν
1679 2126 1740 2180 τέ

150 2210 310 2263 ἔστιν
342 2225 356 2241 ⁶
382 2210 531 2281 ἔχεις
563 2212 623 2265 τὸ
654 2212 860 2283 ἰσχύειν
883 2215 1038 2285 παρὰ
1062 2215 1184 2286 Θεῷ
1238 2217 1303 2270 ἐκ
1368 2215 1464 2270 τοῦ
1519 2218 1740 2271 πάντων

147 2299 463 2370 πρωτεύειν
483 2315 498 2331 °
532 2303 594 2356 ὲν
621 2295 666 2370 ᾦ
694 2303 790 2356 καὶ
816 2303 1032 2376 ὲτέθης.
1053 2305 1591 2376 Πτόησον,δεόμεθα,
1613 2307 1740 2370 τοὺς

147 2392 474 2460 αίρετικοὺς
504 2393 684 2465 θῆρας
710 2394 934 2467 σύριγγι
960 2398 1055 2452 τοῦ
1101 2398 1248 2452 θείου
1287 2399 1447 2468 λόγου
1499 2415 1615 2454 σου.
1681 2401 1740 2454 ’0

148 2483 364 2554 ποιμὴν
389 2482 419 2535 ὁ
437 2485 624 2552 καλὸς,
655 2486 748 2551 θὲς
768 2487 868 2558 τὴν
893 2487 1076 2559 ψυχὴν
1092 2489 1240 2561 ὑπὲρ
1271 2489 1382 2544 τῶν
1406 2491 1702 2562 προϐάτων
1725 2508 1740 2522 ·

149 2575 496 2648 ἱκετεύομεν.
579 2579 899 2633 Ἀκουσάτω
940 2581 974 2650 ἡ
1023 2580 1116 2633 ὑπ’
1177 2581 1430 2652 οὐρανὸν,
1497 2583 1581 2636 ὅτι
1647 2582 1739 2653 ὑφ’

146 2665 310 2736 ὑμῶν
340 2667 835 2739 ἀναθεματίζονται
883 2670 1179 2732 συνοδικῶς
1231 2674 1280 2727 οί
1320 2673 1498 2728 ταῦτα
1557 2675 1743 2728 τετολ-

149 2760 418 2830 μηκότες,
448 2760 540 2814 καί
573 2779 638 2830 γε
675 2761 1173 2832 ἀναθεματίζοντες
1201 2765 1330 2828 τοὺς
1384 2766 1576 2835 ἁγίους
1626 2768 1740 2820 Πα-

146 2853 319 2923 τέρας
355 2853 535 2924 ἡμῶν.
568 2851 739 2907 Τοῦτο
770 2855 859 2923 εἴη
889 2855 1009 2926 Θεῷ
1050 2855 1379 2926 εὐπρόσιτον
1399 2874 1415 2890 ·
1483 2857 1740 2927 ἀγγέλοις

145 2946 247 2998 καὶ
300 2945 483 3014 ἁγίοις
531 2947 916 3018 χαρμόσυνονο
977 2949 1360 3020 σαλευομένοις
1416 2953 1735 3022 στήριγμαο

145 3039 567 3110 ἐδραιουμένοις
668 3041 1094 3114 ὲπισφράγισμα
1141 3057 1158 3076 ο
1239 3045 1740 3098 καταπεπτωκόσιν

144 3131 450 3202 ἀνάστημα
473 3149 488 3164 ο
519 3133 670 3206 πάσῃ
709 3134 1009 3207 Ἐκκλησία
1039 3134 1343 3207 όρθοδόξων
1369 3137 1695 3209 ἀγαλλίαμα
1721 3153 1736 3168 ·

1847 655 2028 709 adhuc
2073 655 2244 710 relicti
2284 665 2432 710 sunt.
2458 655 2735 710 Conticuit
2765 670 2927 710 omne
2955 669 3018 709 os
3051 655 3196 722 pium
3241 656 3434 709 mortis

1847 758 1993 802 metu
2028 765 2041 802 :
2075 757 2260 817 aperta
2303 755 2386 802 est
2413 747 2731 802 adversaria
2761 756 2814 801 et
2842 747 3156 816 blaspheme
3199 747 3382 816 lingua
3416 765 3432 802 :

1845 849 2120 892 commota
2169 849 2254 894 est
2304 839 2486 893 onmis
2517 853 2650 893 caro
2693 839 2746 891 in
2786 838 3142 908 ambiguitate
3182 854 3430 892 versans.

1847 926 1949 981 Hei
1987 927 2150 981 mihi!
2185 929 2382 998 inquit,
2416 930 2542 998 quia
2591 928 2724 997 [acti
2770 943 2955 981 smnus
3004 937 3061 980 ut
3107 928 3198 996 qui
3233 926 3434 994 colligit

1844 1023 2110 1076 calamum
2155 1023 2208 1075 in
2243 1037 2429 1086 messe,
2451 1030 2502 1075 et
2541 1036 2806 1075 racemum
2860 1020 2918 1072 in
2971 1017 3267 1082 vindemia,
3315 1031 3434 1068 cum

1845 1128 1949 1165 non
1977 1113 2045 1166 sit
2063 1115 2242 1166 botrus
2259 1114 2328 1165 ⁸⁸.

1914 1201 1972 1256 1η
2017 1218 2140 1267 nos,
2201 1218 2236 1257 ο
2297 1203 2471 1269 beate,
2537 1201 2652 1255 hate
2702 1201 2886 1254 omnia
2945 1198 3084 1252 facta
3117 1205 3259 1251 sunt.
3300 1195 3435 1262 Qua:

1844 1300 1970 1370 quis
2026 1314 2134 1352 non
2196 1315 2337 1369 aegre
2371 1297 2573 1363 tulerit,
2628 1298 2681 1351 in
2727 1297 2909 1366 seipso
2951 1294 3184 1365 proximi
3233 1293 3432 1347 damna

1842 1391 2230 1448 considerans?
2267 1389 2403 1455 Quis
2447 1399 2631 1445 autem
2680 1389 3040 1443 ratiocinatus
3083 1400 3194 1440 non
3244 1383 3432 1449 fuerit,

1843 1500 1964 1539 esse
2012 1484 2278 1538 adventus
2335 1483 2653 1536 Antichristi
2695 1482 2992 1551 praeludis,
3035 1488 3245 1534 tantum
3283 1475 3436 1530 dilic-

1847 1576 2021 1630 rentia
2080 1583 2342 1645 quantum
2413 1575 2484 1628 ab
2547 1573 2846 1644 exetnplari
2897 1573 3106 1642 imago,
3167 1573 3219 1624 in
3269 1583 3432 1638 quam

1844 1669 2011 1721 etiam
2061 1665 2367 1721 insanitur?
2399 1665 2519 1720 Huc
2554 1666 2721 1732 igitur
2750 1666 2817 1719 ab
2841 1664 3205 1724 Occidente,o
3227 1660 3434 1715 Christi

1845 1757 2133 1812 imitator:
2175 1755 2413 1825 Exsurge
2450 1765 2499 1809 ct
2548 1771 2610 1808 ne
2655 1756 2879 1824 repellas
2927 1757 2983 1807 in
3032 1753 3274 1823 ﬂuent“.
3311 1749 3432 1804 Tibi

1846 1848 1982 1904 dixit
2005 1847 2257 1903 Christus
2316 1847 2460 1902 Deus
2509 1856 2698 1902 noster
2729 1864 2742 1900 :
2781 1846 2850 1900 Et
2882 1856 2938 1900 tu
2972 1845 3264 1916 aliquando
3303 1859 3433 1896 con-

1842 1956 2021 1995 versus
2088 1939 2426 2005 conﬁrmabis
2483 1940 2676 2010 fratres
2728 1939 2931 1992 tuos".
2988 1936 3129 1991 Ecce
3193 1945 3429 2004 tempus,

1841 2049 1970 2090 ecce
2002 2035 2155 2089 locus
2190 2053 2204 2088 :
2237 2034 2508 2102 opitulare
2541 2032 2721 2094 nobis,
2750 2032 2847 2101 qui
2907 2047 2967 2085 es
3021 2047 3051 2084 a
3099 2031 3208 2083 l)co
3230 2033 3295 2084 ad
3331 2031 3434 2083 hoc

1842 2127 2130 2180 ordinatus
2168 2144 2182 2180 :
2219 2125 2438 2194 porrige
2473 2139 2692 2177 manum
2727 2131 2992 2193 quantum
3045 2121 3158 2177 ﬁeri
3207 2131 3378 2190 potest
3415 2138 3431 2177 :

1843 2217 2016 2272 habes
2052 2225 2375 2287 potestatem
2409 2232 2437 2270 ιι
2478 2215 2611 2280 Deo,
2636 2229 2703 2268 eo
2731 2214 2876 2282 quod
2905 2213 3149 2267 omnium
3181 2215 3433 2281 princeps

1841 2324 1902 2364 es
1939 2329 1952 2364 :
1993 2309 2048 2362 in
2082 2323 2192 2378 quo
2228 2319 2283 2362 et
2325 2311 2537 2378 positus
2585 2320 2666 2360 es.
2721 2303 2990 2371 Terreto,
3035 2304 3432 2373 supplicamus,

1843 2400 2126 2454 haereticus
2185 2400 2329 2454 feras
2383 2399 2596 2454 calamo
2657 2396 2826 2451 divini
2878 2397 3024 2451 verbi
3085 2395 3184 2449 tui.
3243 2393 3425 2448 Pastos

1843 2492 2003 2553 bone.
2044 2507 2187 2561 pone
2222 2493 2464 2545 animam
2500 2503 2601 2559 pro
2637 2489 2854 2552 ovibus,
2895 2488 3288 2559 supplicamus.
3322 2488 3433 2540 Au.

1841 2586 1953 2639 diat
1979 2583 2223 2640 Ecclesia
2254 2599 2377 2654 qua:
2416 2583 2520 2638 sub
2557 2582 2699 2636 casio
2727 2591 2837 2645 est,
2866 2582 3010 2651 quod
3039 2597 3069 2634 a
3100 2581 3254 2635 vobis
3296 2594 3434 2632 ana-

1842 2677 2268 2733 thematizantur
2331 2690 2428 2745 per
2479 2675 2749 2746 synodum
2787 2673 2882 2744 qui
2911 2673 3028 2728 haec
3061 2670 3206 2732 ausi,
3237 2681 3289 2724 et
3316 2670 3432 2739 jam

1842 2783 2061 2826 sanctos
2110 2768 2300 2825 Patres
2352 2778 2576 2824 nostros
2606 2768 3096 2822 anathematizauit.
3127 2765 3242 2819 Hoc
3270 2756 3434 2816 fuerit

1844 2864 1953 2918 Deo
1983 2872 2292 2932 acceptum,
2319 2862 2530 2930 angelis
2563 2868 2618 2914 et
2654 2859 2862 2913 sanctis
2891 2858 3173 2928 gaudium,
3205 2869 3430 2909 concus-

1841 2959 1917 3013 sis
1944 2957 2369 3020 iirmamenlum,
2393 2953 2637 3009 fundatis
2669 2952 3006 3016 stabilimen,
3047 2949 3214 3018 lapsis
3248 2961 3433 3001 resur-

1843 3050 2031 3115 rectio,
2079 3049 2227 3103 omni
2264 3047 2695 3102 orthodoxorum
2745 3042 3000 3098 Ecclesiae
3031 3039 3343 3102 exsultatio,
3377 3044 3433 3090 et

1843 3155 1948 3199 tua:
1980 3156 2124 3199 certe
2153 3140 2492 3203 cclsitudini.
2525 3138 2829 3194 secundum
2865 3151 2961 3191 eos
2997 3135 3089 3205 qui
3124 3132 3434 3201 antiquitus

144 3223 246 3278 καί
276 3240 342 3294 γε
373 3227 440 3296 τῇ
480 3227 546 3297 σῇ
571 3228 970 3300 κορυφαιότητι
1003 3228 1147 3283 κατά
1174 3231 1306 3293 τοὺς
1375 3231 1543 3284 πάλαι
1599 3250 1738 3303 προ-

1854 3243 2263 3311 praecesserunt,
2285 3245 2549 3289 aeternum
2577 3229 2999 3284 monimentum.
3031 3224 3136 3293 Qui
3158 3221 3434 3278 similibus

142 3317 545 3387 ηγησαμίνους
570 3319 915 3390 μνημόσυνον
946 3319 1186 3376 αίὼνιον.
1205 3323 1268 3376 ()2
1304 3324 1365 3376 ὲν
1385 3326 1495 3387 τοῖς
1531 3326 1738 3395 ὁμοίοις

147 3411 372 3478 καιροῖς
402 3409 471 3464 τὰ
501 3411 634 3482 παρ’
661 3411 817 3480 ἡμῶν
850 3412 960 3466 τῶν
1003 3413 1347 3484 ἁμαρτωλῶν
1385 3417 1482 3469 νῦν
1547 3419 1739 3472 αἰτού-

152 3517 294 3570 μενα
310 3500 636 3572 δεδρακότες
661 3519 795 3557 πνευ
806 3507 1183 3575 ματοκινήτως
1205 3522 1220 3538 °
1239 3508 1337 3561 καὶ
1366 3525 1474 3579 μνη
1483 3511 1741 3578 μονεύον-

146 3607 278 3653 ται,
310 3593 407 3644 καὶ
453 3597 880 3663 μμακάρινται.
911 3597 1137 3659 Πάντως
1189 3598 1246 3653 δὲ
1283 3600 1618 3672 πιστεύομεν
1665 3604 1747 3667 ὼς

147 3680 292 3752 ἐλέῳ
337 3683 644 3757 οἰκτιρμῶν
677 3690 1068 3760 καμπτόμενος
1097 3690 1231 3762 δέξῃ
1251 3692 1411 3762 ἡμῶν
1433 3693 1493 3746 τὸ
1519 3695 1741 3758 εὐτελὲς

149 3775 430 3846 γράμμαο
480 3778 719 3848 Χριστὸν
773 3780 1155 3854 μιμούμενοςο
1195 3785 1256 3849 ὃς
1316 3786 1451 3850 Θεὸς
1503 3787 1580 3840 ὢν
1634 3788 1744 3845 τῶν

150 3868 437 3934 ἀπάντων,
467 3869 570 3924 οὐκ
599 3873 881 3944 ἀπηξίωσε
910 3875 1011 3946 τὴν
1035 3877 1189 3949 παρά
1221 3879 1478 3951 Λῦγάρου
1520 3883 1743 3935 ὲπιστο·

149 3960 251 4032 λὴν
297 3961 397 4015 καὶ
419 3962 698 4032 δέξασθαι,
731 3967 827 4020 καὶ
857 3969 994 4039 πρὸς
1019 3969 1190 4042 αὐτὴν
1210 3971 1566 4046 ἀντιγράψαι.

627 4102 729 4159 Il".
757 4131 824 4144 -—
863 4100 947 4168 Τῷ
975 4103 1159 4169 αὐτῷ.
1192 4103 1321 4178 [σα’]

1842 3327 2181 3400 temporibus
2239 3339 2363 3379 cum
2417 3322 2648 3378 fecerint
2674 3336 2737 3374 ea
2777 3333 2900 3389 quia:
2933 3334 2962 3372 ε
2991 3317 3152 3372 nobis
3180 3324 3436 3386 peccato-

1843 3423 1998 3478 ribus
2023 3435 2166 3474 nunc
2200 3427 2492 3488 petuntur,
2530 3414 2735 3484 Spiritu
2764 3420 2954 3467 sancto
2975 3409 3173 3473 afﬂati;
3201 3416 3254 3462 et
3281 3421 3438 3461 com-

1844 3524 2242 3577 memorantur,
2287 3521 2341 3566 et
2386 3510 2532 3565 beati
2581 3507 2750 3562 habiti
2796 3513 2943 3560 sunt.
2973 3504 3204 3557 Prorsus
3255 3510 3434 3554 autem

1843 3607 2120 3663 credimus
2159 3614 2215 3659 et
2239 3602 2596 3666 confidimus,
2624 3599 2769 3668 quod
2796 3595 3170 3652 misericordia
3203 3594 3437 3646 misera-

1845 3701 2051 3755 tionum
2103 3697 2275 3750 flexus
2328 3704 2570 3749 nostram
2605 3703 2820 3747 tenuem
2853 3690 3143 3760 epistolam
3175 3685 3434 3752 accipies,

1843 3792 2125 3846 Christum
2170 3788 2437 3852 imitatus,
2475 3786 2592 3850 qui,
2625 3785 2768 3838 Deus
2802 3798 2926 3837 cum
2975 3790 3123 3835 esset
3164 3779 3435 3833 omnium,

1845 3899 1957 3938 non
2018 3879 2292 3936 recusavit
2337 3877 2407 3930 ab
2446 3876 2666 3947 Abgaro
2737 3871 3032 3944 epistolam
3079 3868 3352 3936 accipere,
3385 3871 3442 3916 ct

1847 3985 2086 4046 accepta:
2115 3972 2440 4029 rescribere.

2409 4101 2548 4158 Xill.
2581 4133 2650 4144 —
2678 4099 2886 4156 Eidem.

1038 4222 1272 4284 Ejusdem
1294 4237 1350 4274 ac
1370 4227 1601 4288 superior
1626 4228 1925 4293 argumenti.
1953 4229 2263 4291 (Baron.an.
2287 4224 2398 4284 8l8,
2425 4237 2477 4272 u.
2502 4223 2574 4284 2.)

158 4323 245 4390 Τῷ
305 4324 382 4379 τὰ
435 4324 635 4381 πάντα
689 4329 1125 4400 παναγεστάτῳ
1171 4333 1378 4401 "arpi,
1443 4339 1750 4406 κορυφαίῳ

225 4415 502 4485 φωστῆρι
547 4417 958 4487 οὶκουμενικῷ,
997 4420 1182 4489 κυρίῳ
1238 4420 1427 4489 ἡμῶν,
1479 4422 1747 4493 δεσπότῃ

223 4507 618 4574 ἀποστολικῷ
643 4510 834 4578 πάπᾳ,
871 4511 1176 4581 Ἰωάννης,
1219 4513 1559 4582 Θεοδόσιος,
1596 4517 1750 4571 Ἀθα-

224 4603 470 4670 γὰσιος,
499 4603 820 4672 Θεόδωρος,
859 4603 1172 4674 ἐλάχιστοι
1217 4608 1609 4676 πρεσϐύτεροι
1648 4610 1745 4662 καί

227 4696 558 4766 ἡγούμενοι
602 4694 724 4751 τῶν
771 4699 1050 4766 Καθαρὰ,
1087 4697 1208 4752 τῶν
1262 4698 1594 4767 Πικριὸίου,
1641 4700 1747 4754 τοῦ

230 4789 710 4856 Παυλοπετρίου.
734 4785 853 4841 τῶν
880 4789 1189 4842 Στουόίου.

242 4879 664 4948 Ἐπεσκέψατο
683 4877 839 4949 ὑμᾶς
888 4879 1182 4948 ’Δγ-στολὴ
1207 4880 1276 4946 ἐξ
1340 4880 1562 4950 ὕψους.
1618 4881 1748 4953 Χρι-

163 4972 288 5035 στὸς
317 4975 346 5025 ό
376 4971 511 5034 Θεδς
535 4971 694 5043 ἡμῶν
719 4989 734 5004 ο
767 4974 866 5044 τὴν
895 4971 992 5043 σὴν
1027 4975 1085 5026 ὲν
1140 4977 1208 5046 τῇ
1255 4973 1422 5028 Δύσει
1472 4975 1748 5046 μακαριό-

161 5080 322 5132 τητα,
355 5063 552 5135 ὥσπερ
581 5064 706 5119 τινὰ
739 5065 961 5136 λυχνίαν
990 5066 1220 5137 θεαυγῆ,
1251 5069 1330 5130 είς
1400 5068 1745 5138 περίλαμψιν

165 5157 266 5228 τῆς
293 5156 390 5210 ὑπ’
437 5157 672 5227 οὐρανὸν
713 5157 1063 5228 Ἐκκλησίας,
1119 5160 1214 5212 ἐπὶ
1245 5158 1338 5212 τὸν
1389 5159 1752 5213 ἀποστολικὸν

165 5247 477 5318 πρώτιστον
510 5247 698 5317 θρόνον
731 5249 982 5320 θέμενος.
1017 5250 1129 5305 Καὶ
1157 5252 1269 5320 γάρ
1296 5249 1544 5322 ⁴ἥσθημεν
1570 5252 1750 5320 φωτὸς

165 5339 356 5410 νοεροῦ
394 5340 446 5393 οί
475 5340 536 5393 ὲν
566 5340 750 5393 σκότει
779 5342 871 5395 καὶ
916 5343 1046 5414 σκιᾷ
1102 5342 1336 5397 θανάτου
1389 5344 1748 5415 ἑνισχημένοι

165 5429 265 5498 τῆς
298 5429 551 5500 πονηρᾶς
585 5429 858 5499 αἱρέσεως
882 5448 897 5463 ο
941 5433 1036 5485 καὶ
1062 5433 1121 5486 τὸ
1148 5433 1311 5502 νέφος
1357 5436 1456 5504 τῆς
1506 5433 1750 5503 ἀθυμίας

167 5519 493 5591 ἀπεθέμεθα
515 5537 528 5550 ·
567 5520 664 5573 καὶ
686 5521 824 5592 πρὸς
851 5522 1094 5592 χρηστὰς
1123 5524 1343 5586 ἐλπίδας
1376 5523 1750 5594 ἁνενεύσαμεν

169 5614 555 5685 μεμαθηκότες
611 5613 680 5667 δι’
709 5608 786 5668 ὦν
840 5615 1242 5686 ἀπεστείλαμεν
1291 5616 1537 5686 ἀδελφῶν
1590 5616 1750 5686 ἡμῶν

166 5707 262 5759 καὶ
293 5707 621 5770 συνδούλων,
662 5702 751 5760 οἷα
779 5708 875 5760 καὶ
903 5709 1068 5779 ἡλίκα
1098 5709 1348 5778 πέπραχε
1386 5726 1446 5761 τε
1477 5711 1571 5762 καὶ
1599 5709 1747 5762 λέλε-

169 5815 264 5870 χεν
297 5800 331 5868 ἡ
366 5799 502 5867 ἀγία
535 5799 693 5871 ὑμῶν
730 5800 1100 5873 κορυφαιότης
1128 5802 1284 5865 ’τοὺς
1318 5803 1416 5872 μὲν
1437 5803 1752 5873 αἱρετικοὺς

1858 4335 1966 4392 Per
1996 4338 2173 4390 omnia
2214 4332 2613 4404 religiosissima
2659 4327 2834 4392 Patri,
2889 4341 3134 4397 supremo
3179 4324 3445 4377 luminnri

1927 4426 2237 4490 universali,
2261 4425 2474 4478 domino
2505 4430 2709 4484 nostra,
2725 4419 2937 4471 domino
2957 4415 3243 4487 apostolico
3263 4430 3439 4485 papw,

1925 4518 2180 4584 Joannes,
2217 4516 2558 4578 Theodosius,
2596 4512 2942 4577 Athanasius,
2972 4509 3295 4571 Theodorus,
3338 4509 3443 4560 mi-

1929 4615 2060 4667 nimi
2082 4611 2367 4681 presbyteri
2394 4618 2443 4663 e:
2476 4605 2756 4675 Pnrpositt'
2780 4602 3155 4669 Catharorum,
3189 4599 3441 4666 Picridii,

1929 4703 2280 4772 Paulopetrii,
2311 4709 2361 4756 et
2395 4697 2595 4754 Studii.

1924 4883 2172 4955 Respexit
2197 4898 2292 4937 nos
2319 4881 2489 4936 oriens
2516 4897 2580 4935 ea:
2599 4880 2777 4945 alio",
2795 4876 3049 4934 Christus
3066 4875 3207 4932 Deus
3234 4884 3442 4939 noster,

1854 4984 2005 5029 tuam
2056 4976 2108 5028 in
2139 4972 2438 5028 Occidente
2484 4971 2914 5034 beatitudinem,
2944 4977 3205 5038 tanquam
3259 4965 3432 5019 facem

1854 5064 2147 5133 quamdam
2183 5062 2450 5117 divinitus
2473 5067 2768 5126 lucentem,
2800 5058 2866 5114 ad
2898 5060 3152 5115 Ecclesia
3182 5073 3302 5128 quae
3332 5059 3438 5112 sub

1855 5157 1994 5213 caelo
2035 5165 2119 5210 est
2159 5154 2638 5215 illuminationem,
2668 5153 2720 5206 in
2754 5153 3050 5221 apostolica
3089 5151 3264 5221 prima
3300 5151 3435 5204 sede

1854 5249 2216 5304 constituens.
2253 5247 2468 5302 Etenim
2517 5245 2803 5316 Spirituale
2840 5244 3022 5297 lumen
3071 5244 3436 5313 percepimus,

1855 5344 1948 5413 qui
1975 5343 2028 5396 in
2056 5341 2294 5396 tenebris
2339 5349 2394 5394 et
2431 5341 2483 5393 in
2527 5339 2721 5393 umbra
2749 5338 2940 5392 mortis
2967 5335 3226 5406 improbae
3260 5334 3440 5389 haere-

1857 5450 1981 5491 seos
2017 5436 2377 5490 tenebamur:
2417 5443 2471 5488 et
2496 5433 2728 5488 tristitia:
2765 5431 3015 5485 nebulam
3061 5431 3441 5499 deposuimus.

1855 5537 2020 5597 atque
2051 5526 2103 5580 in
2147 5540 2298 5596 spem
2331 5525 2586 5593 optimam
2626 5522 2950 5579 emersimus
2980 5564 2994 5587 ,
3027 5537 3151 5576 cum
3210 5520 3444 5576 didicis-

1856 5633 2037 5674 semus
2073 5633 2141 5672 ex
2199 5617 2452 5672 fratribus
2482 5616 2683 5672 nostris
2708 5623 2760 5670 et
2795 5614 3074 5670 conservis
3097 5629 3239 5683 quos
3283 5612 3449 5666 misi-

1864 5725 2005 5776 mus,
2041 5710 2223 5780 qualia
2247 5717 2517 5778 etquanta
2568 5709 2737 5779 egerit
2770 5716 2823 5762 et
2860 5707 3060 5762 dixerit
3091 5713 3277 5760 sancta
3323 5705 3437 5758 cel:-

1861 5803 2042 5859 situdo
2067 5813 2247 5858 vestra
2276 5821 2288 5856 :
2311 5801 2532 5872 quando
2553 5801 2837 5858 harcticos
2860 5799 3104 5871 quidem.
3134 5797 3446 5869 Apocrisla-

239 5913 284 5947 ⁸³
313 5913 480 5970 Mich.
510 5930 604 5984 vn,
653 5915 706 5971 1.
783 5916 830 5950 ⁸³
855 5915 1001 5976 Psal.
1032 5932 1192 5984 nm,
1225 5915 1314 5973 9.5.
1390 5918 1437 5950 “
1470 5915 1600 5973 Luc.
1634 5933 1759 5971 xxu.

1854 5919 1890 5972 ζ.
1968 5917 2012 5950 ⁸⁸
2049 5917 2180 5974 Luc.
2212 5932 2252 5984 ι,
2289 5915 2356 5970 78
