3934 6444
527 380 667 447 1155

1728 394 1784 451 S-
1819 393 2212 455 THEODORI
2240 399 2587 459 STUDITE

3656 404 3786 466 1156

521 507 650 570 rios,
681 505 825 560 velut
857 505 1025 571 fures,
1056 522 1122 561 ne
1145 507 1198 561 in
1242 523 1458 563 sacrum
1495 510 1710 579 quidem
1743 523 2091 582 conspectum

2213 519 2648 588 ιποκρισιαρίους
2677 516 2751 581 ὼς
2774 517 3110 583 λωποδύτας,
3143 519 3278 589 μηδὲ
3308 521 3388 581 εἰς
3423 521 3581 589 ἱερὰν
3624 522 3793 587 αὐτῆς

520 598 764 653 admisit.
800 598 893 652 sed
922 614 1045 653 cum
1085 600 1271 668 procul
1318 601 1496 657 adhuc
1524 612 1723 668 essent,
1752 604 1943 658 merito
1968 604 2104 673 rcje:

521 690 638 744 cit:
674 691 875 746 nOstris
902 707 1029 746 vero
1067 694 1469 748 calamitatibus
1498 710 1564 748 ex
1605 696 1905 751 litterarum
1950 698 2106 755 audi-.-

524 780 671 834 tione
701 792 753 835 et
810 781 1098 836 missorum
1147 783 1403 837 relatione
1458 785 1819 854 compatiens,
1866 787 2105 841 indoluit

524 878 687 940 atque
707 872 991 941 ingemuit,
1010 873 1099 929 Dei
1116 875 1383 945 exemplo,
1408 884 1665 946 tanquam
1687 879 1920 949 propriis
1942 894 2108 934 mem-

525 966 657 1019 bris.
703 965 780 1018 Ac
812 966 983 1034 reipsa
1012 982 1110 1022 nos
1170 954 1403 1024 humiles
1448 970 1837 1039 cognovimus,
1874 970 2106 1025 manife-

524 1067 665 1113 stum
701 1056 1087 1122 Apostolorum
1137 1057 1400 1129 principis
1439 1075 1813 1116 successorem
1842 1059 2106 1116 Romamn

525 1150 780 1206 Ecclesia:
831 1148 1136 1216 prmsiderc,
1202 1161 1461 1221 certoque
1507 1153 1664 1208 nobis
1710 1153 2104 1223 persuasimus,

522 1242 816 1298 Dominum
851 1240 1152 1297 Ecclesiam
1197 1253 1440 1298 nostram
1494 1246 1722 1299 minime
1774 1245 2107 1310 deseruisse,

522 1333 611 1388 cui
666 1340 833 1389 unum
892 1336 1181 1402 solumque
1222 1348 1252 1387 a
1297 1336 1451 1390 vobis
1492 1337 1757 1391 auxilium
1818 1336 2105 1401 hactenus,

525 1433 691 1494 atque
732 1425 800 1479 ab
832 1426 950 1495 ipso
990 1426 1239 1489 exordio,
1273 1426 1326 1479 in
1371 1428 1783 1483 occurrentibus
1822 1428 2106 1493 molestiis,

525 1514 618 1569 Dei
656 1517 990 1585 providentia
1024 1534 1344 1574 concessum
1387 1529 1491 1573 est.
1541 1518 1647 1575 Vos
1714 1520 1878 1591 igitur
1922 1520 2109 1576 illimis

523 1625 712 1665 revera
742 1627 804 1666 ac
832 1614 1080 1669 sincerus
1126 1616 1194 1668 ab
1224 1614 1379 1669 initio
1426 1613 1550 1669 fons
1602 1615 1923 1671 orthodoxa:
1961 1616 2108 1670 veri-

523 1704 653 1757 tatis
687 1721 699 1755 :
732 1719 830 1759 vos
875 1706 1137 1762 adversus
1186 1722 1404 1761 omnem
1454 1706 1765 1764 haereticam
1812 1708 2104 1779 procellam

523 1794 851 1863 tranquillus
904 1799 1177 1866 sepositus
1230 1790 1484 1856 Ecclesiae
1547 1800 1813 1857 universa
1859 1814 2097 1872 portus:

2207 607 2335 662 θέαν
2391 610 2804 679 προσηκαμένη,
2835 611 3022 693 πόρρω
3049 610 3107 663 δὲ
3159 610 3318 674 ὄντας
3381 612 3611 675 ἐνδίκοις
3664 618 3792 667 ἁπο-

2206 700 2538 771 πεμψαμένη
2571 718 2584 731 ⁸
2613 704 2722 765 τοῖς
2752 703 2807 756 δὲ
2844 703 3133 773 ἡμετέροις
3172 702 3503 773 ταλαιπωρή
3518 722 3679 773 μασι,
3710 707 3793 757 διὰ

2204 794 2303 862 τῆς
2329 794 2721 864 ὲπακροάσεως
2755 795 2863 847 τῶν
2889 794 3259 870 γραμμάτιον,
3311 794 3417 870 ,καὶ
3476 794 3792 864 διηγήσεως

2205 884 2317 936 τῶν
2388 885 2842 948 ἀποσταλέντων,
2899 866 3351 951 ἐπιστυγνάσασά
3393 902 3454 937 τε
3501 875 3615 937 Ral
3678 888 3795 938 επι-

2207 975 2508 1039 στενάξασα
2542 976 3001 1047 θεομιμήτως,ὡς
3032 976 3254 1039 οἰκείοις
3284 976 3495 1046 μέλεσι.
3550 976 3668 1029 Καὶ
3708 978 3792 1029 δν-

2208 1086 2315 1131 τως
2348 1068 2597 1138 ἔγνωμεν
2625 1069 2675 1121 οί
2715 1070 2985 1131 ταπεινοὶ,
3011 1068 3086 1132 ὼς
3114 1068 3349 1139 ἐναργὴς
3394 1068 3645 1139 διάδοχος
3700 1068 3793 1122 τοῦ

2206 1159 2313 1212 τῶν
2362 1160 2675 1213 ἀποστόλων
2705 1160 3004 1229 κορυφαίου
3031 1153 3277 1229 προέστη
3307 1159 3407 1230 τῆς
3473 1158 3793 1231 Ῥωμαῖκῆς

2223 1250 2551 1321 Ἐκκλησίας
2580 1267 2594 1282 ⁸
2632 1250 2847 1322 ἀληθῶς
2879 1250 3227 1322 πεπείσμεθα
3252 1293 3267 1317 ,
3320 1252 3404 1304 ὅτι
3434 1252 3537 1304 οὐκ
3598 1254 3796 1319 ἐγκατ-

2207 1342 2363 1395 έλιπε
2398 1343 2600 1412 Κύριος
2632 1344 2730 1411 τὴν
2762 1343 2882 1402 καθ’
2917 1345 3065 1413 ἡμᾶς
3102 1342 3430 1412 Ἐκκλησίαν
3456 1358 3471 1372 ·
3514 1345 3649 1412 μιᾶς
3704 1344 3796 1395 καὶ

2211 1434 2379 1503 μόνης
2408 1434 2504 1503 τῆς
2532 1434 2662 1502 παρ’
2698 1433 2853 1504 ὑμῶν
2905 1435 3226 1505 ἐπικουρίας
3268 1434 3477 1487 ἄνωθέν
3507 1451 3569 1487 τε
3612 1434 3711 1488 καὶ
3739 1433 3797 1496 ἐξ

2207 1525 2382 1593 ἀρχῆς
2411 1525 2469 1576 ὲν
2508 1525 2629 1585 ταῖς
2684 1523 3120 1591 συμϐαινούσαις
3167 1523 3561 1593 περιστάσεσιν
3626 1525 3797 1593 ὑπαρ-

2208 1618 2407 1687 χούσης
2439 1618 2576 1687 αὐτῇ
2628 1615 2761 1670 Θεοῦ
2790 1617 3121 1689 προμηθείᾳ.
3168 1616 3360 1687 Ὑμεῖς
3384 1612 3481 1669 οὖν
3532 1619 3612 1680 ὼς
3664 1617 3798 1685 άλη-

2210 1707 2318 1770 θῶς
2349 1710 2381 1777 ἡ
2416 1706 2688 1770 ἀθόλωτος
2737 1707 2835 1762 καὶ
2886 1708 3271 1778 ἀκαπήλευτος
3323 1709 3477 1779 πηγὴ
3504 1710 3565 1775 ἐξ
3622 1709 3797 1778 ἀρχῆς

2215 1799 2315 1867 τῆς
2341 1797 2689 1869 ὀρθοδοξίας·
2741 1800 2901 1868 ὑμεῖς
2958 1801 2987 1851 ὁ
3043 1801 3224 1868 πάσης
3284 1799 3571 1870 αἱρετικῆς
3630 1797 3799 1869 ζάλης

523 1900 622 1939 vos
654 1901 684 1940 a
711 1886 819 1940 Deo
843 1889 1011 1944 electa
1040 1891 1230 1946 civitas
1255 1892 1448 1963 refugii
1469 1895 1680 1949 salutis.
1706 1893 1809 1949 Sed
1838 1900 2097 1965 quoniam

2213 1887 2571 1957 ὶνῳκισμένος
2589 1887 2762 1952 εὔδιος
2779 1888 2943 1957 λιμὴν
2958 1888 3057 1957 τῆς
3084 1889 3213 1957 ὅλης
3249 1888 3579 1959 Ἐκκλησίας
3599 1903 3616 1920 ’
3638 1889 3796 1957 ὑμεῖς

523 1979 876 2033 temerarium
902 1992 983 2035 est
1003 1997 1031 2035 a
1059 1985 1215 2037 nobis
1241 1985 1457 2040 miseris
1489 2001 1554 2041 ac
1596 1987 1831 2057 indignis
1854 1995 2102 2046 encomia

523 2073 744 2140 congeri
790 2072 974 2127 divino
1010 2076 1218 2129 nomini
1270 2088 1474 2141 vestro,
1505 2080 1649 2149 quod
1713 2082 1913 2137 divinae
1968 2081 2100 2139 olim

523 2162 721 2233 linguae
747 2167 965 2219 beatum
1013 2168 1379 2237 praedicarunt
1412 2189 1424 2226 :
1459 2182 1679 2242 praestat
1717 2182 1777 2229 ut
1808 2175 1873 2230 ad
1906 2191 2105 2232 aerum-

522 2271 622 2311 nas
651 2267 870 2313 nostras
899 2260 1207 2316 veniamus.

589 2438 744 2511 lmpii
774 2456 903 2512 ergo
940 2453 1201 2500 consueta
1232 2445 1332 2500 sibi
1374 2446 1520 2500 omni
1558 2456 1751 2503 conatu
1789 2462 1854 2502 ac
1879 2446 2105 2502 vesania
2168 2485 2174 2490 -

522 2528 697 2585 facere
722 2548 827 2586 non
852 2545 1069 2591 cessant
1098 2555 1110 2590 :
1144 2552 1333 2592 omnes
1358 2576 1373 2599 ,
1406 2539 1498 2607 qui
1544 2540 1735 2593 mortis
1776 2549 1921 2594 metu
1949 2538 2100 2593 fran-

521 2633 745 2694 guntur,
766 2627 820 2680 in
851 2627 1078 2683 haeresis
1104 2630 1420 2682 barathrum
1451 2630 1731 2685 trahentes
1756 2640 1809 2684 et
1834 2630 2107 2699 abripien-

518 2722 639 2769 tcs:
672 2714 939 2785 siquidem
974 2718 1197 2771 omnino
1241 2732 1464 2772 necesse
1505 2729 1589 2773 est
1619 2734 1741 2772 cum
1778 2720 1871 2787 qui
1913 2720 2106 2773 cedere

520 2808 677 2870 nolit,
732 2809 1022 2864 verberum
1075 2810 1421 2876 aliorumque
1482 2811 1871 2881 suppliciorum
1926 2812 2103 2880 poenis

520 2900 862 2969 subjici:ita
902 2910 961 2955 ut
1013 2901 1260 2955 (limuant
1315 2902 1518 2956 sensim
1572 2901 1765 2971 aliqui,
1821 2902 1967 2971 quod
2016 2911 2104 2957 est

518 2990 917 3053 miserrimum,
942 2992 1103 3044 etiam
1138 3007 1201 3045 ex
1233 2991 1300 3046 iis
1335 2992 1429 3061 qui
1463 3000 1743 3046 certamen
1787 3000 1947 3045 antea
1979 3007 2105 3045 sus-

517 3080 812 3135 tinuerant.
849 3079 959 3137 Nos
999 3096 1128 3135 vero
1170 3082 1386 3147 iterum,
1411 3082 1643 3138 humiles
1671 3095 1725 3138 et
1760 3084 1812 3137 in
1847 3085 2106 3138 membris

522 3172 811 3239 postremi,
847 3181 953 3226 tam
988 3188 1084 3242 pro
1116 3189 1275 3229 sacro
1306 3175 1529 3245 proprio
1571 3177 1766 3239 capite,
1804 3191 1967 3244 quam
2006 3191 2103 3244 pro

518 3262 746 3332 reliquis
792 3264 1199 3320 decertantibus
1238 3267 1484 3335 patribus
1511 3276 1563 3321 et
1590 3266 1849 3322 fratribus
1892 3269 2100 3322 auden-

518 3363 604 3408 tes
634 3355 904 3424 legatione
935 3356 1248 3425 fungimur,
1279 3365 1333 3410 ct
1364 3357 1718 3410 obsecramus
1750 3367 1809 3410 ut
1853 3358 2103 3412 console-

518 3456 606 3500 tur
630 3462 730 3501 nos
778 3436 981 3501 'sancta
1012 3456 1067 3500 et
1119 3448 1419 3517 apostolica
1474 3449 1657 3502 anima
1695 3457 1807 3503 tua.
1857 3447 2101 3503 Primum

516 3538 759 3608 quidem,
789 3539 933 3607 quod
962 3549 1015 3593 et
1042 3538 1219 3593 facere
1252 3540 1398 3592 illam
1426 3540 1723 3606 credimus,
1748 3556 1816 3595 ne
1848 3557 1977 3596 suas
2004 3557 2104 3610 pro

515 3631 813 3687 stabilitate
847 3639 903 3687 et
933 3632 1109 3687 salute
1139 3633 1385 3686 omnium
1439 3632 1609 3687 Deum
1645 3632 1921 3688 ﬂectentes
1965 3648 2097 3702 pre-

524 3739 618 3779 ces
641 3725 987 3779 intermittat.
1009 3725 1083 3780 Ita
1106 3726 1449 3781 obtestamur
1472 3726 1845 3781 sacratissima
1867 3727 2097 3780 viscera.

516 3816 721 3873 Deinde
751 3829 812 3873 ut
836 3835 957 3889 qua
988 3820 1224 3889 Spiritus
1250 3822 1420 3877 sancti
1469 3818 1728 3875 instinctu
1770 3834 1869 3889 pro
1921 3820 2104 3874 humi-

517 3910 684 3964 litatis
715 3920 913 3965 nostrze
938 3913 1165 3967 utilitate
1189 3928 1253 3967 ac
1270 3922 1527 3983 perpetua
1550 3913 1763 3969 virtutis
1793 3928 1905 3969 sua!
1943 3912 2103 3967 laude

514 4004 833 4060 deliberavit
860 4016 916 4061 et
958 4006 1169 4074 statuit,
1205 4006 1273 4062 ad
1336 4005 1541 4062 exitum
1571 4046 1590 4074 ,
1640 4005 1753 4061 Deo
1790 4006 2101 4077 adjuvante,

515 4095 801 4166 perducat.

904 4282 1046 4339 XIV.
1079 4284 1330 4355 -Ραριτ
1374 4286 1738 4344 Alexandria.

2205 1981 2542 2051 ήθεόλεκτος
2575 1981 2728 2043 πόλις
2761 1978 2856 2033 τοῦ
2890 1979 3325 2050 φυγαδευτηρίου
3353 1982 3453 2050 τῆς
3485 1980 3792 2049 σωτηρίας.

2218 2073 2359 2126 Ἀλλ’
2392 2072 2474 2138 ὅτι
2521 2072 2798 2143 τολμηρὸν
2858 2072 2989 2142 παρ’
3042 2070 3201 2141 ἡμῶν
3257 2071 3365 2125 τῶν
3408 2072 3651 2141 οἰκτρῶν
3702 2072 3796 2129 καὶ

2206 2166 2439 2229 ἀναξίων
2466 2164 2720 2234 ἐγκώμια
2745 2163 3021 2235 συναίρειν
3050 2167 3116 2235 τῇ
3148 2164 3254 2217 ὑπὸ
3308 2164 3473 2218 θείων
3528 2164 3796 2232 γλωσσῶν

2204 2253 2375 2306 πάλαι
2408 2253 2871 2324 μεμακαρισμένῃ
2914 2253 3071 2323 ὑμῶν
3140 2253 3421 2326 θεωνυμίᾳ
3452 2270 3467 2283 ·
3530 2255 3656 2308 δέον
3705 2258 3796 2309 ἐπὶ

2207 2347 2265 2401 τὸ
2296 2349 2479 2399 πονεῖν
2510 2345 2710 2399 ἐλθεῖν.

2275 2440 2344 2491 Οἱ
2373 2438 2473 2508 μὲν
2486 2433 2578 2490 οὖν
2600 2435 2925 2500 ἀσεϐοῦντες
2953 2436 3023 2490 τὰ
3044 2437 3250 2509 συνήθη
3284 2438 3384 2491 σὺν
3404 2437 3555 2509 πάσῃ
3588 2438 3793 2507 σπουδῇ

2207 2533 2301 2585 καὶ
2338 2531 2511 2602 μανίᾳ
2545 2531 2720 2583 ποιεῖν
2750 2530 2851 2583 οὐκ
2873 2530 3140 2584 ὲνδιδόασι
3166 2546 3181 2561 ο
3224 2531 3433 2593 πάντας
3464 2532 3795 2599 ὑφέλκοντες

2207 2626 2298 2677 καὶ
2328 2621 2714 2685 κατασπῶντες
2738 2625 2818 2685 είς
2843 2623 2906 2675 τὸ
2934 2624 3031 2693 τῆς
3057 2622 3331 2691 αἱρέσεως
3382 2622 3664 2694 βάραθρον
3705 2623 3793 2676 δε·

2211 2714 2559 2784 διττομένους
2581 2715 2673 2767 τὸν
2688 2712 2941 2767 θάνατον.
2985 2713 3228 2783 Ἀνάγκη
3259 2714 3373 2785 γὰρ
3404 2717 3581 2780 πᾶσα,
3604 2716 3697 2768 τὸν
3723 2716 3794 2786 μὴ

2206 2806 2420 2858 εἴκοντα
2477 2808 2541 2875 τῇ
2575 2806 2787 2875 πονηρᾷ
2818 2804 2977 2874 φλογὶ
2999 2806 3106 2858 τῶν
3158 2808 3439 2876 μαστίγων
3470 2808 3789 2878 ὑποϐληθῆ-

2206 2912 2295 2949 ναι
2328 2896 2424 2948 σὺν
2460 2897 2573 2957 τοῖς
2598 2894 2932 2957 ἀκολούθοις,
2986 2894 3128 2947 ὥστε
3195 2896 3336 2949 κατά
3378 2894 3578 2967 μικρὸν
3622 2897 3795 2968 ὑπορ-

2208 2987 2371 3057 ρἐιν,
2400 2987 2460 3039 τὸ
2493 2986 2906 3057 σχετλιώτατον,
2942 2988 3035 3039 καὶ
3058 2986 3118 3050 ἐξ
3142 2986 3325 3038 αὐτῶν
3374 2987 3487 3039 τῶν
3544 2987 3791 3059 ἠθληκό-

2206 3096 2334 3132 των.
2381 3078 2572 3148 Ἦμεῖς
2607 3079 2663 3131 δὲ
2682 3079 2776 3130 καὶ
2806 3073 2961 3139 αὖθις
2988 3078 3037 3129 οἱ
3067 3077 3318 3130 ταπεινοὶ
3347 3077 3443 3130 καὶ
3468 3077 3694 3149 ἔσχατοι
3738 3080 3797 3131 ὲν

2206 3173 2318 3234 τοῖς
2359 3172 2601 3241 μέλεσιν,
2649 3169 2789 3239 ὺπέρ
2822 3185 2882 3221 τε
2907 3167 3007 3236 τῆς
3045 3168 3257 3231 οίκείας
3315 3169 3472 3238 ἱερᾶς
3520 3171 3796 3241 κεφαλῆς,

2206 3264 2303 3317 καὶ
2344 3263 2444 3331 τῆς
2468 3260 2832 3332 ἐνισταμένης
2896 3261 3275 3332 ὑπερεχούσης
3329 3264 3682 3333 πατρότητός
3736 3281 3796 3316 τε

2203 3361 2298 3411 καὶ
2329 3356 2713 3423 ἁδελφότητος,
2772 3354 3082 3424 τολμῶντες
3139 3355 3530 3426 πρεσϐεύομεν
3587 3374 3650 3409 τε
3702 3358 3797 3410 καὶ

2203 3446 2630 3517 ἐκλιπαροῦμεν,
2705 3446 3132 3517 παρακληθῆναι
3192 3465 3289 3501 σου
3330 3448 3431 3519 τὴν
3486 3449 3656 3517 ἁγίαν
3705 3449 3798 3501 καὶ

2202 3540 2567 3610 άποστολικὴν
2594 3539 2797 3610 ψυχήν.
2836 3538 3059 3610 Πρῶτον
3093 3541 3213 3611 μὲν,
3244 3541 3383 3611 ὅπερ
3426 3543 3521 3594 καὶ
3550 3542 3799 3595 πιστεύο-

2205 3649 2307 3703 μεν
2361 3636 2558 3696 ποιεῖν,
2617 3635 2692 3705 μὴ
2719 3634 3025 3703 καταλῆξαι
3053 3634 3156 3705 τῆς
3185 3635 3328 3704 ὑπὲρ
3354 3635 3679 3707 στηριγμοῦ
3703 3634 3800 3689 καὶ

2202 3725 2519 3788 διασώσεως
2578 3726 2837 3779 ἁπάντων
2898 3725 3215 3789 θεοκλινοῦς
3267 3727 3609 3797 προσευχῆς.
3662 3727 3794 3791 Ναὶ,

2202 3816 2435 3885 δεόμεθα
2462 3817 2530 3869 τὰ
2553 3814 2823 3887 ίερὼτατα
2856 3817 3163 3886 σπλάγχνα.
3200 3817 3437 3871 Ἔπειτα
3461 3817 3499 3871 ἃ.
3540 3836 3795 3888 πνευμα-

2206 3911 2507 3979 τοκινήτως
2532 3910 2665 3979 αὐτῇ
2710 3908 3066 3979 βεὸούλευται
3105 3910 3201 3964 καὶ
3235 3908 3471 3980 ὥρισται
3531 3910 3621 3962 ἐπ’
3654 3910 3799 3979 ὠφε-

2210 4000 2330 4072 λείᾳ
2353 4001 2451 4071 μὲν
2478 4000 2637 4070 ἡμῶν
2663 4000 2774 4052 τῶν
2806 4000 3100 4066 ταπεινῶν,
3137 3999 3342 4070 αἰωνίῳ
3366 4000 3425 4053 δὲ
3454 4000 3799 4072 μακαρισμῷ

2211 4093 2312 4163 τῆς
2357 4094 2565 4155 οἰκείας
2591 4091 2795 4163 ἀρετῆς
2816 4132 2830 4158 ,
2858 4094 2938 4157 εἰς
2961 4092 3138 4164 πέρας
3165 4094 3263 4147 σὺν
3285 4092 3406 4164 Θεῷ
3431 4094 3688 4162 ἀγαγεῖν.

2488 4283 2585 4337 1Δ’.
2612 4313 2684 4325 -ο
2704 4282 2881 4349 ﬁdem
2909 4280 3387 4350 Ἀλεξανδρείας.
3432 4279 3582 4352 [σδ’.]

1287 4452 1517 4515 Ejusdem
1538 4466 1594 4503 ac
1619 4454 1729 4503 dum
1751 4452 2036 4516 superiores
2059 4449 2356 4517 argumenti.
2389 4451 2592 4514 (Baron.
2617 4463 2697 4499 an.
2718 4450 2830 4511 8l7,
2856 4464 2904 4499 ιι.
2927 4448 3032 4511 26.)

517 4599 584 4655 In
631 4604 873 4659 omnibus
931 4609 1264 4662 sanctissimo
1304 4610 1456 4664 Patri
1530 4611 1786 4676 Patrum,
1836 4612 2092 4665 luminari

584 4694 953 4763 luminarium,
982 4698 1204 4753 Domino
1224 4718 1353 4765 meo,
1376 4702 1599 4755 Domino
1620 4704 1922 4755 beatissimo
1940 4718 2092 4771 papa:

589 4788 950 4850 Alexandriae,
978 4788 1276 4845 Theodorus
1304 4792 1552 4847 minimus
1577 4794 1845 4861 presbyter
1873 4802 1922 4846 et
1955 4807 2093 4860 pra:-

584 4882 788 4950 positus
822 4881 1023 4936 Studii.

587 4990 877 5046 Maximum
904 4992 1193 5047 humilitati
1224 5007 1357 5047 mea:
1400 5008 1623 5057 munus,
1666 5001 1720 5046 et
1749 4992 1946 5047 summi
1978 4992 2091 5045 voti
2129 5020 2176 5078 ο

514 5100 653 5153 Opus
680 5094 818 5151 erat,
859 5096 919 5140 ut
949 5087 1144 5154 dignus
1178 5086 1361 5141 ﬁerent
1392 5089 1484 5155 qui
1538 5101 1629 5154 per
1660 5086 1865 5139 litteras
1918 5084 2090 5136 collo-

2204 4606 2287 4671 Τῷ
2308 4606 2379 4659 τὰ
2415 4604 2612 4658 πάντα
2657 4603 2955 4673 ἁγιωτάτῳ
2977 4601 3158 4669 Πατρί
3187 4600 3486 4668 Πατέρων,
3523 4599 3797 4670 φωστῆρι

2272 4698 2625 4768 φωστήρων,
2663 4698 2845 4763 κυρίῳ
2886 4714 3030 4764 μου,
3059 4696 3328 4762 δεσπότῃ
3361 4699 3791 4763 μακιιριωτάτῳ

2272 4792 2441 4857 anim;
2467 4790 2938 4856 Ἀλεξανδρείας,
2965 4788 3267 4855 Θεόδωρος
3286 4786 3619 4856 ἐλάχιστος
3650 4806 3795 4854 πρε-

2273 4887 2564 4953 σϐύτερος
2594 4883 2693 4937 καὶ
2724 4883 3059 4952 ἡγούμενος
3097 4879 3218 4934 τῶν
3248 4880 3570 4935 Στουδίου.

2286 5000 2374 5061 Ὠς
2432 5000 2695 5068 μέγιστον
2752 4999 2818 5067 τῇ
2882 4998 2988 5066 ἐμῇ
3047 4994 3379 5049 ταπεινώσει
3434 4994 3638 5066 δῶρον,
3701 4996 3797 5048 καὶ

2198 5093 2363 5160 εὐχῆς
2412 5092 2511 5160 τῆς
2556 5090 2817 5144 ἀνωτάτω
2844 5088 3026 5159 ἔργον,
3054 5088 3142 5141 διὰ
3166 5088 3497 5159 γράμματος
3546 5086 3793 5155 ὰξιωθῆο

515 5191 712 5245 querer
753 5192 876 5230 cum
923 5177 1222 5247 apostolico
1282 5177 1482 5231 vertice
1518 5187 1633 5239 tuo,
1674 5192 1777 5229 non
1814 5176 1989 5229 solum
2024 5177 2096 5228 ob

2213 5202 2285 5237 ναι
2327 5184 2405 5245 εἰς
2438 5182 2653 5251 ὁμιλίαν
2680 5181 2853 5233 ἐλθεῖν
2879 5184 2978 5251 τῆς
3008 5180 3375 5245 άποστολικῆς
3395 5196 3489 5231 σου
3514 5178 3789 5248 κορυφῆς,

517 5270 835 5323 tenuitatem
896 5269 1178 5339 parvitatis
1226 5284 1376 5329 mea.
1436 5285 1557 5337 qure
1608 5270 1779 5337 impar
1805 5276 1974 5322 estut
2028 5267 2094 5321 ad

2213 5278 2258 5329 ιῦ
2302 5276 2461 5345 μόνον
2517 5274 2607 5327 διὰ
2657 5274 2718 5327 τὸ
2796 5273 3015 5337 εὐτελὲς
3075 5274 3175 5343 τῆς
3235 5272 3605 5342 σμικρότητος
3649 5286 3788 5340 μου·

521 5361 760 5430 aequales
786 5361 1008 5425 scribat,
1038 5362 1235 5415 nedUm
1259 5362 1322 5415 ad
1349 5370 1455 5415 tam
1487 5377 1744 5432 magnum
1768 5370 1821 5415 et
1849 5360 2092 5415 divinum

2213 5364 2263 5436 ῆς
2307 5366 2489 5419 καὶτὸ
2538 5365 2680 5437 πρὸς
2730 5366 2881 5427 ῐσους
2936 5365 3171 5435 γράφειν
3232 5363 3434 5425 ἐνδεὲς,
3488 5363 3566 5431 μὴ
3612 5364 3697 5416 ὅτι
3725 5378 3789 5429 γε

516 5461 680 5522 caput
711 5470 726 5518 ;
757 5468 940 5507 verum
966 5454 1124 5507 etiam
1148 5454 1217 5505 ob
1240 5453 1508 5507 ditlicilem
1535 5455 1585 5507 in
1630 5464 1779 5507 tanto
1813 5454 2096 5507 intervallo

2213 5464 2343 5530 προς
2372 5460 2517 5513 οὕτω
2553 5460 2799 5530 μεγάλην
2832 5461 2930 5513 καὶ
2960 5458 3110 5512 θείαν
3143 5456 3391 5525 κεφαλήν
3415 5474 3428 5487 ·
3479 5454 3622 5508 ἀλλὰ
3675 5458 3786 5525 γάρ

517 5559 822 5609 accessum,
852 5560 1011 5613 quem
1042 5545 1258 5599 ethnica
1304 5545 1571 5613 praecipue
1622 5545 1831 5600 inhibet
1878 5546 2096 5601 obstru-

2213 5554 2299 5605 καὶ
2351 5552 2436 5605 διὰ
2480 5552 2581 5621 τὴν
2651 5553 2709 5603 ἐν
2768 5549 3008 5621 τοσούτῳ
3038 5547 3350 5620 μακροσμῷ
3404 5547 3666 5614 πάροδον,
3709 5550 3778 5617 τῇ

518 5636 645 5689 ctio.
696 5636 946 5690 Attamen
984 5634 1074 5689 Dei
1130 5636 1319 5704 Optimi
1348 5635 1591 5689 bonitate
1621 5637 1753 5690 mihi
1788 5637 1999 5709 obtigit,
2036 5647 2092 5692 et

2213 5640 2385 5709 ἐθνικῇ
2414 5640 2495 5692 ὅτι
2524 5639 2756 5709 μάλιστα
2795 5637 3124 5708 είργομένην
3176 5635 3530 5703 διατειχίσει.
3588 5634 3783 5701 Ὅμως

518 5744 665 5783 nunc
696 5730 876 5785 scribo
902 5730 1116 5784 duabus
1141 5728 1208 5783 de.
1231 5728 1412 5784 causis
1448 5748 1460 5783 :
1490 5730 1682 5793 altera,
1718 5738 1775 5783 ut
1808 5748 1919 5801 quo
1946 5731 2089 5800 jam-

2213 5732 2412 5803 εὐδοκία
2456 5731 2550 5784 τοῦ
2594 5730 2952 5801 ύπεραγάθου
2988 5727 3125 5782 Θεοῦ
3152 5726 3443 5795 ἐξεγένετό·
3475 5743 3605 5797 μοι’
3635 5727 3783 5779 δυοῖν

516 5822 779 5877 dumdum
822 5832 1008 5878 teneor
1038 5820 1311 5901 desiderio
1340 5862 1355 5889 ,
1397 5820 1449 5876 id
1496 5832 1747 5892 peccator
1794 5823 2082 5894 explicem,

2213 5823 2378 5877 ;ἱ’νεκα
2400 5838 2412 5852 ·
2445 5821 2561 5885 ἑνὸς
2599 5822 2721 5893 μὲν,
2749 5821 2823 5885 ὡς
2855 5820 2919 5874 ἂν
2949 5821 3015 5891 ἢν
3043 5819 3209 5875 πάλαι
3262 5812 3411 5889 εἶχον
3474 5815 3780 5887 ἐπιθυμίαν
