3934 6508
140 458 273 525 1157

135 575 166 626 6
193 572 516 643 ἁμαρτωλὸς
546 572 769 644 ἀποπλη
781 573 961 644 ρὼσω,
987 573 1074 627 διὰ
1097 576 1292 645 νοερᾶς
1323 577 1718 647 προσψαύσεως

132 665 242 719 τῶν
296 665 460 736 ιερῶν
488 683 581 718 σου
630 666 790 734 ίχνῶν
813 682 826 694 ·
863 667 1122 738 οὐδὲγὰρ
1165 667 1339 731 ἄλλως
1393 665 1462 740 ἦν
1492 670 1716 722 δυνατὸν

131 761 192 811 τὸ
215 759 551 829 καταθύμιον
579 759 936 830 πληρωθῆναι
955 777 969 790 ο
1004 759 1191 832 ἐτέρου
1221 762 1302 826 δὲ,
1346 763 1373 815 ὃ
1402 765 1496 816 καὶ
1519 764 1717 832 μᾶλλον

134 850 481 916 κατεπεῖγον,
511 847 648 916 πρὸς
695 847 756 898 τὸ
780 848 1187 919 γνωριμώτερα
1235 851 1590 920 παραστῆσαι
1647 852 1717 904 τὰ

131 937 430 990 ἐπελθόντα
455 936 606 992 δεινὰ
639 937 902 1010 ἐνταῦθα,
931 940 999 1008 τῇ
1028 939 1284 1013 θειοτάτῃ
1342 958 1436 994 σου
1473 945 1715 1012 κορυφῇ,

131 1028 208 1089 ὡς
239 1027 637 1099 συμπασχούσῃ
672 1031 785 1091 τοῖς
820 1030 914 1083 τοῦ
953 1031 1078 1084 ὅλου
1137 1032 1391 1102 σώματος
1427 1033 1529 1103 τῆς
1593 1033 1719 1087 Ἑκ-

131 1121 363 1190 κλησίας
391 1121 630 1190 μέλεσιν.
675 1124 743 1174 Ἀ
784 1107 1136 1193 ἐξὴκουσται,
1169 1124 1241 1186 ὡς
1269 1121 1452 1195 οἶμαι,
1485 1127 1582 1179 καὶ
1635 1128 1717 1191 είς

131 1211 204 1263 τὰ
233 1211 441 1282 ἔσχατα
476 1212 571 1281 τῆς
613 1213 961 1284 οἰκουμένης,
994 1215 1083 1269 διὰ
1112 1217 1172 1268 τὸ
1200 1217 1299 1286 τῆς
1349 1216 1551 1281 κακίας
1613 1235 1714 1272 πε-

135 1307 416 1377 ριϐὁητον.

205 1401 460 1470 Διωγμὸς
503 1400 830 1470 κατείληφεν
863 1399 1032 1468 ἡμᾶς,
1078 1392 1123 1453 ὦ
1175 1398 1584 1470 μακαριώτατε,
1629 1402 1720 1454 καὶ

129 1494 396 1565 διωγμῶν
429 1495 457 1546 6
484 1491 806 1563 βαρύτατος.
839 1491 1014 1543 Πάλαι
1047 1491 1146 1560 μὲν
1179 1491 1273 1546 οὖν
1306 1493 1508 1563 Ἀχαὰὸ
1542 1493 1720 1562 ζητῶν

144 1588 338 1640 Ἠλίαν
380 1587 471 1638 τὸν
499 1586 805 1655 προφήτην,
837 1584 1018 1637 πάντα
1045 1585 1212 1637 τόπον
1253 1587 1533 1656 ἐμπρῆσαι
1563 1586 1718 1652 λέγεο

128 1694 223 1729 ται
246 1691 262 1706 °
298 1674 393 1728 τοῦ
424 1673 758 1746 ἐμπρησμοῦ
790 1675 881 1728 τὸν
904 1675 1075 1745 θυμὸν
1102 1675 1196 1728 τοῦ
1226 1675 1456 1738 ἀσεϐοῦς
1487 1676 1721 1744 ὑποφαί-

127 1784 342 1830 νοντος.
369 1767 506 1821 Νυνὶ
537 1767 594 1820 δὲ
625 1768 654 1818 6
690 1766 1019 1837 Ἀχααὸίτης
1059 1768 1152 1820 καὶ
1182 1769 1280 1837 τὴν
1310 1767 1468 1832 ἀξίαν
1499 1768 1594 1821 καὶ
1620 1768 1721 1837 τὴν

129 1856 394 1926 καρδίαν,
427 1856 489 1909 οὐ
522 1858 614 1909 τὸν
655 1856 838 1909 Ἠλιοῦ
873 1857 1033 1927 μόνον
1069 1857 1548 1928 ἐγγεγραμμένον
1586 1858 1720 1911 ἀλλά

130 1951 233 2004 καὶ
256 1950 351 2003 τὸν
375 1948 564 2002 τούτου
585 1948 866 2019 Δεσπότην
899 1947 1105 2020 Ἰησοῦν
1128 1949 1382 2018 Χριστὸν,
1407 1949 1496 2003 τὸν
1519 1951 1723 2021 Κύριον

129 2041 235 2094 καὶ
256 2041 391 2095 Θεὸν
415 2041 576 2110 ἡμῶν
592 2057 607 2072 ·
640 2041 738 2108 τὴν
759 2040 1021 2093 Θεοτόκον
1047 2042 1140 2094 καὶ
1166 2041 1344 2094 πάντα
1368 2042 1520 2109 ἆγιον
1545 2043 1724 2114 ζητῶν

126 2131 379 2204 ἐκζητεῖ,
413 2132 510 2185 καὶ
535 2130 715 2203 εὑρὼν
742 2131 1056 2200 ὲξαφανίζει
1085 2131 1242 2202 θυμῷ
1275 2134 1497 2204 μεγάλῳ
1527 2137 1592 2188 ἐκ
1620 2139 1724 2190 πά-

129 2241 239 2293 σης
274 2225 488 2290 πόλεως
523 2227 618 2279 καὶ
639 2225 824 2296 χώρας
849 2227 947 2296 τῆς
976 2225 1080 2278 ὑπὸ
1105 2228 1282 2297 χεῖρα.
1312 2227 1594 2281 Ἐντεῦθεν
1625 2230 1720 2282 θυ-

128 2320 434 2390 σιαστήρια
470 2316 899 2388 κατεσκαμμένα
918 2332 932 2346 °
964 2319 1082 2371 ναοὶ⁹
1107 2319 1311 2389 Κυρίου
1337 2321 1718 2391 ἠχρειωμένοι,

127 2411 233 2465 καὶ
278 2411 401 2462 κατ’
435 2409 617 2472 οῐκους
651 2409 744 2460 καὶ
774 2408 1078 2471 καθολικῶς
1109 2409 1204 2462 καὶ
1242 2411 1302 2461 ἐν
1333 2410 1593 2481 ἁνδρῶσι,
1629 2413 1724 2465 καὶ

126 2503 190 2554 ἐν
230 2499 599 2571 παρθενῶσιν,
648 2497 697 2550 οἱ
767 2499 958 2563 πάλαι,
1009 2500 1056 2550 oi
1107 2501 1302 2551 νεωστὶ
1337 2501 1720 2571 ἐγηγερμένοι.

139 2591 416 2646 Ἐλεεινὺν
446 2591 626 2660 θέαμα
651 2589 842 2660 ὥσπερ
877 2589 1254 2658 ἐξοψισθέντας
1285 2592 1607 2662 ἀνθρώπους
1633 2594 1726 2646 τέ-

129 2685 282 2756 ρατὰ
315 2700 474 2737 τινα·
507 2682 682 2746 οὕτως
709 2685 808 2745 τὰς
839 2683 934 2736 τοῦ
967 2682 1103 2736 Θεοῦ
1137 2683 1462 2755 Ἐκκλησίας
1503 2685 1724 2754 βλέπειν

127 2777 510 2846 ἀφῃρημένας
560 2775 652 2830 τὸν
692 2777 897 2828 οἰκεῖον
945 2776 1169 2845 κόσμον,
1212 2775 1305 2827 καὶ
1361 2775 1725 2844 ἀμορφώτους

125 2867 516 2930 καθεστώσας.
543 2867 640 2932 Τίς
665 2869 865 2938 ἢκουσε
892 2867 1129 2919 τοιοῦτον
1175 2865 1208 2934 ἢ
1232 2864 1477 2935 ἑώρακεν
1515 2868 1572 2918 ἐν
1610 2869 1722 2930 τοῖς

127 2961 312 3015 πάλαι
359 2960 706 3030 ἀσεϐήμασις
745 2959 897 3028 Τάχα
935 2960 962 3010 6
998 2957 1344 3027 ἐπικείμενος
1379 2960 1508 3028 ὑμῖν
1540 2960 1723 3029 Ἀραψ

125 3054 280 3105 αἰδοῖ
323 3049 609 3120 χρώμενος
646 3049 1120 3119 φιλοχριστὸτερον
1151 3048 1404 3112 διέξεισιν
1434 3051 1492 3101 ἐν
1524 3049 1722 3119 τούτῳ.

138 3142 292 3196 Ἀλλ’
331 3141 432 3211 οὐχ
475 3142 502 3193 6
543 3141 812 3212 ἡμέτερος
840 3139 1074 3210 Ταϐεήλ·
1112 3140 1339 3202 Φεῖσαι,
1389 3141 1589 3207 Κύριε,
1624 3141 1724 3194 καὶ

1332 464 1867 526 EPISTOLARUM
1907 467 2049 528 LIB.
2115 467 2197 527 Π.

3260 468 3397 534 1158

1749 590 1788 639 Α
1822 579 2175 633 intellectuali
2231 587 2483 634 contactu
2549 596 2841 636 sacrorum
2908 582 3104 652 pedum
3163 594 3402 643 tuorum.

1819 669 2263 738 quandoquidem
2299 671 2453 724 aliter
2487 680 2670 724 votum
2723 673 2940 742 explere
2991 688 3097 726 non
3133 675 3290 728 licet:
3319 677 3401 728 al-

1824 771 1961 821 tera,
1994 776 2118 829 quas
2147 762 2319 830 magis
2344 772 2516 830 urget,
2547 773 2606 816 ut
2633 765 2843 818 notiora
2877 767 3011 818 fiant
3052 766 3402 822 divinissimo

1819 852 2012 906 vertici
2064 863 2157 905 tuo
2179 893 2194 916 ,
2220 869 2341 921 qme
2388 855 2475 908 hic
2496 855 2610 907 dira
2631 857 2944 911 acciderunt
2976 877 2988 911 :
3024 867 3084 912 ut
3111 859 3202 927 qui
3238 861 3406 913 totius

1824 944 2069 1010 corporis
2113 943 2366 998 Ecclesiae
2399 947 2659 1000 membris
2686 948 3003 1003 condoleat.
3030 950 3162 1014 Quae
3182 951 3403 1019 quidem

1821 1035 1904 1087 vel
1933 1035 1985 1087 in
2021 1034 2226 1089 ultimis
2255 1047 2412 1091 terra:
2447 1037 2646 1092 finibus
2690 1039 2760 1093 ob
2802 1050 3102 1094 extremam
3153 1043 3404 1111 impieta-

1823 1133 1932 1179 tem
1973 1125 2153 1180 audita
2189 1127 2465 1181 existimo.

1893 1391 2097 1446 Invasit
2162 1409 2262 1447 nos
2308 1395 2643 1464 persecutio.
2679 1398 3020 1464 beatissime,
3057 1408 3112 1454 et
3145 1415 3404 1469 persecu-

1822 1483 2032 1537 tionum
2100 1486 2448 1554 gravissima.
2501 1486 2641 1540 Olim
2715 1490 2934 1557 quidem
2992 1491 3181 1545 Achab
3230 1493 3402 1548 Eliam

1820 1590 2074 1642 quaerens
2141 1577 2484 1645 prophetam,
2521 1577 2640 1632 loca
2680 1581 2860 1631 omnia
2929 1581 3245 1637 incendisse
3266 1584 3404 1638 dici-

1821 1675 1930 1730 tur,
1987 1669 2238 1723 incendio
2293 1670 2386 1723 illo
2426 1671 2575 1739 impii
2625 1673 2761 1725 iram
2808 1681 2862 1725 et
2912 1671 3150 1729 furorem
3183 1677 3408 1730 demon-

1821 1766 2030 1812 sti-ante
2051 1757 2119 1812 ⁸⁸.
2156 1756 2315 1814 Nunc
2356 1775 2486 1815 vero
2530 1774 2583 1815 et
2636 1763 2901 1832 dignitate
2953 1775 3003 1818 et
3033 1765 3200 1821 corde
3227 1767 3406 1822 Acha-

1822 1849 1988 1915 bites,
2025 1864 2132 1903 non
2180 1848 2354 1903 Eliam
2385 1850 2562 1904 solum
2597 1850 2899 1920 depictum.
2932 1853 3026 1908 sed
3060 1855 3223 1924 hujus
3264 1872 3406 1924 quo-

1825 1956 1931 2008 que
1961 1938 2248 1992 Dominum
2279 1938 2465 1994 Jesum
2489 1940 2795 2002 Christum.
2831 1943 3119 1998 Dominum
3146 1953 3198 2000 et
3232 1947 3404 2002 Deum

1828 2040 2117 2096 nostrum,
2176 2031 2462 2100 Deiparam
2522 2042 2577 2086 et
2637 2044 2889 2088 sanctum
2954 2052 3404 2107 unumquemque

1825 2135 2078 2190 quau-ens
2127 2123 2341 2190 quaerit,
2378 2122 2776 2192 inventumque
2815 2139 3014 2196 magna
3061 2128 3139 2179 ira
3172 2129 3315 2182 delet
3345 2131 3399 2183 in

1825 2209 1974 2263 omni
2007 2209 2227 2264 civitate
2258 2219 2312 2264 et
2343 2212 2562 2281 regione
2601 2213 2827 2269 ditionis
2864 2229 2996 2269 suae.
3042 2213 3180 2270 Hinc
3217 2233 3408 2272 eversa

1825 2298 2040 2364 altaria,
2096 2301 2292 2369 templa
2341 2300 2558 2354 Domini
2601 2311 2836 2368 vastata,
2866 2313 2922 2358 et
2973 2305 3182 2373 privata
3217 2317 3272 2361 et
3303 2324 3409 2377 puv

1823 2391 1988 2454 blica,
2021 2408 2140 2462 qua:
2171 2395 2223 2446 in
2256 2393 2496 2447 virorum
2525 2395 2867 2464 etvirginum
2911 2397 3266 2462 habitaculis,
3300 2409 3408 2454 tam

1825 2492 2005 2538 vetera
2046 2500 2209 2553 quam
2264 2499 2453 2539 recens
2486 2493 2784 2540 exstructa.
2832 2485 3140 2543 Miserabile
3194 2499 3411 2559 specta-

1827 2577 2010 2630 culum
2037 2577 2050 2628 !
2078 2585 2334 2645 tanquam
2358 2574 2498 2629 facie
2513 2575 2849 2634 deformatos
2868 2579 3115 2635 homines
3141 2589 3196 2634 et
3226 2591 3413 2635 osten-

1827 2677 1878 2722 ta
1911 2671 2187 2739 quaedam,
2218 2672 2299 2725 sic
2333 2670 2426 2725 Dei
2457 2670 2732 2726 Ecclesias
2771 2684 2967 2727 ornatu
2994 2688 3096 2728 suo
3119 2674 3411 2729 destitutas

1827 2771 1881 2816 et
1908 2762 2171 2818 informes
2199 2763 2420 2818 relictas
2449 2766 2826 2833 contemplari.
2855 2766 2992 2830 Quis
3030 2768 3162 2820 talia
3195 2767 3409 2821 audivit

1829 2864 1921 2908 aut
1947 2854 2083 2907 vidit
2117 2871 2357 2922 unquam
2389 2857 2441 2910 in
2470 2858 2665 2927 priscas
2693 2856 3064 2924 improbitatis
3099 2858 3366 2926 exemplis
3388 2858 3413 2910 ?

1829 2947 1924 3000 lllc
1972 2947 2110 3015 ipse,
2160 2947 2252 3014 qui
2299 2949 2608 3002 cervicibus
2660 2949 2860 3002 vestris
2913 2949 3182 3001 incumbit
3213 2949 3411 3013 Arabs,

1829 3040 2018 3094 mitius
2069 3040 2300 3094 forsitan
2331 3041 2436 3095 hac
2475 3042 2530 3095 in
2574 3051 2728 3111 parte
2759 3057 2886 3111 erga
2918 3041 3198 3096 Christum
3229 3059 3287 3097 se
3318 3059 3412 3112 ge-

1830 3134 1920 3186 rit.
1950 3134 2018 3186 At
2049 3148 2154 3186 non
2185 3135 2266 3188 sic
2297 3133 2498 3188 Taheel
2547 3143 2736 3191 noster
2764 3152 2777 3188 :
2827 3134 3014 3199 Parce,
3061 3135 3318 3202 Domine,
3353 3154 3415 3190 ne

119 3236 215 3304 μὴ
245 3232 367 3298 δῷς
399 3234 612 3286 τέλεον
636 3232 751 3300 τὴν
777 3233 1184 3300 κληρονομίαι·
1214 3248 1330 3285 σου
1355 3235 1442 3296 εἰς
1468 3232 1720 3297 ὄνειδος.

1828 3227 1914 3278 des
1962 3227 2106 3278 ultra
2145 3228 2508 3281 hereditatem
2539 3237 2684 3280 tuam
2721 3230 2777 3281 in
2811 3229 3146 3298 opprobrium
3176 3230 3242 3285 ⁸⁷.
3275 3230 3413 3284 Cum

125 3325 252 3378 Καὶ
305 3325 358 3376 εἰ
401 3320 529 3387 τοὺς
575 3323 634 3376 ἐν
668 3323 851 3386 πίναξι
892 3322 1267 3393 χαρακτῆρας,
1295 3324 1422 3387 τοὺς
1464 3326 1520 3377 ἐν
1559 3325 1724 3394 ἱεροῖς

122 3409 478 3480 ἀναθήμασι,
501 3410 720 3473 δέλτους
748 3412 848 3472 τὰς
877 3411 1435 3481 ὑπομνηματιζούσας
1468 3415 1598 3484 περὶ
1628 3415 1725 3466 αύ-

121 3507 270 3568 τῶν,
322 3501 590 3568 σκώπτει,
631 3504 905 3572 κωμῳδεῖ,
941 3502 1185 3574 διασύρει
1221 3505 1296 3568 ὼς
1336 3505 1719 3574 βδελύγματαο

121 3596 205 3661 ὡς
232 3594 528 3665 θεοστυγῆ·
574 3593 644 3647 τὰ
681 3592 924 3661 θεοφιλῆ,
959 3593 1052 3647 καὶ
1086 3595 1292 3664 κόσμου
1337 3597 1608 3666 σωτήριαο
1642 3595 1719 3650 Cu!

120 3690 215 3752 τίς
265 3688 369 3742 οὐκ
403 3685 718 3751 ἐπιστάξειε
754 3685 1023 3756 δάκρυον;
1052 3686 1137 3749 τίς
1162 3687 1262 3739 οὐκ
1288 3688 1489 3757 ἀφήσει
1519 3705 1725 3742 στενα-

121 3781 282 3852 γμὸν
339 3784 406 3834 ἐκ
469 3779 666 3850 βάθους
715 3779 943 3848 καρδίας
999 3779 1497 3850 άναπεμπόμενονς
1567 3781 1722 3836 Ὀδοὶ

120 3872 297 3927 Σιὼν
324 3871 623 3926 πενθοῦσι
648 3871 808 3938 παρὰ
837 3870 904 3924 τὸ
926 3869 1011 3939 μὴ
1046 3871 1200 3924 εἶναι
1230 3873 1356 3933 τοὺς
1382 3873 1621 3936 εὐσεϐῶς
1644 3874 1723 3927 δι-

117 3963 443 4024 οδεύοντας.
475 3960 584 4013 Καί
604 3976 668 4028 γε
715 3960 948 4026 Πάντες
971 3961 1311 4029 ἐξέκλιναν,
1339 3962 1458 4030 ἅμα
1479 3965 1726 4034 ἠχρειώο

121 4061 364 4126 θησαν.
418 4049 715 4125 Ἱεραρχεῖν
762 4054 1042 4118 δοκοῦντες
1087 4056 1182 4109 καὶ
1226 4058 1409 4126 ἱερεῖς,
1462 4061 1725 4128 μονασταὶ

119 4152 227 4203 καὶ
271 4148 524 4219 μιγάδες,
558 4147 667 4201 πᾶν
696 4147 876 4216 γένος,
906 4148 1000 4200 καὶ
1037 4149 1188 4200 πᾶσα
1237 4149 1423 4219 ἡλικία
1448 4166 1462 4180 ⁸
1520 4153 1568 4202 οἱ
1624 4151 1723 4222 μὲν

118 4240 322 4293 τέλεον
356 4237 768 4308 ναυαγήσαντες
825 4235 954 4305 περὶ
983 4234 1080 4306 τὴν
1110 4235 1311 4299 πίστιν,
1345 4237 1393 4288 οἱ
1437 4236 1494 4288 δὲ
1539 4238 1587 4288 εί
1632 4237 1724 4289 καὶ

118 4333 262 4393 τοὺς
294 4328 598 4398 λογισμοὺς
623 4327 684 4380 ού
713 4325 1256 4392 καταποντισθέντες,
1289 4330 1354 4398 τῇ
1389 4327 1446 4379 δὲ
1472 4328 1721 4398 αἱρετικῇ

119 4419 402 4490 κοινωνίᾳ
444 4418 503 4484 ἐξ
537 4418 793 4488 ἡμισείας
819 4418 927 4471 δέει
966 4417 1281 4488 σωματικοῦ
1317 4419 1552 4473 θανάτου
1589 4437 1724 4488 συγ-

120 4510 570 4574 κινδυνεύοντες.
609 4510 754 4581 Πλὴν
793 4511 874 4562 ὅτι
902 4511 1040 4563 είσὶν
1068 4510 1544 4581 ὑπολελειμμένοι,
1582 4513 1724 4565 olu-

1827 3333 1956 3386 ergo
2011 3319 2182 3385 pictas
2239 3319 2290 3372 in
2342 3320 2547 3375 tabulis
2589 3321 2858 3390 imagines
2891 3337 2920 3375 e
2964 3322 3138 3375 sacris
3174 3321 3417 3378 donariis

1825 3411 2089 3475 sublatas,
2125 3420 2177 3465 et
2206 3412 2377 3466 libros
2399 3413 2495 3482 qui
2527 3413 2862 3467 mentionem
2882 3429 3067 3467 earum
3106 3415 3408 3478 continent,

1823 3504 2151 3571 proscindit,
2201 3505 2412 3571 irridet,
2448 3507 2754 3562 subsannat
2789 3517 3047 3577 tauquam
3088 3510 3414 3562 abominan-

1825 3593 1890 3646 da
1927 3605 1983 3647 et
2009 3595 2180 3649 invisa
2207 3595 2317 3649 Deo
2367 3597 2607 3666 piacula,
2646 3612 2770 3666 quae
2815 3596 2923 3651 Deo
2954 3609 3177 3668 accepta
3203 3608 3330 3654 sunt
3361 3607 3415 3652 ct

1826 3684 2031 3737 mundo
2057 3685 2318 3739 salutaria
2357 3703 2370 3740 :
2401 3685 2515 3741 lleu
2539 3689 2552 3739 !
2580 3688 2704 3757 quis
2731 3687 3004 3758 lacrymas
3039 3690 3261 3742 teneat?
3290 3694 3417 3758 quis

1826 3775 2057 3842 gemitus
2086 3792 2152 3830 es
2180 3777 2288 3830 imo
2326 3786 2546 3847 pectore
2580 3795 2690 3833 non
2726 3781 2894 3835 edat?
2921 3778 3031 3834 Viae
3061 3780 3189 3834 Sion
3211 3781 3413 3850 lugent,

1825 3881 1884 3917 eo
1914 3869 2052 3938 quod
2084 3887 2189 3924 non
2217 3871 2322 3923 sint
2355 3872 2445 3940 qui
2474 3872 2561 3940 pie
2591 3873 2872 3926 ambulent
2902 3873 2953 3926 in
2983 3875 3063 3927 eis
3087 3874 3153 3927 ⁸⁸.
3194 3873 3256 3927 Et
3279 3889 3410 3928 vero

1828 3967 2020 4021 Omnes
2083 3963 2515 4024 declinaverunt,
2565 3963 2724 4015 simul
2765 3963 2978 4016 inutiles
3029 3963 3162 4031 facti
3205 3979 3324 4018 sum
3348 3965 3416 4017 ⁸⁸.

1823 4056 1927 4121 Qui
1957 4054 2196 4124 epiSCOpi
2234 4053 2557 4106 videbantur
2603 4061 2659 4106 et
2713 4053 3044 4116 sacerdotes,
3077 4054 3331 4108 monachi
3365 4067 3419 4110 et

1826 4147 2135 4210 saeculares,
2168 4144 2348 4199 omnis
2381 4158 2545 4198 sexus
2591 4153 2646 4198 et
2667 4145 2848 4198 omnis
2885 4154 3038 4207 aetas,
3064 4145 3155 4197 alii
3189 4145 3415 4214 quidem

1825 4239 1971 4293 circa
2022 4238 2178 4292 fidem
2220 4236 2472 4289 ultimum
2520 4233 2864 4304 naufragium
2907 4236 3053 4304 passi
3103 4245 3272 4300 sunt,
3303 4237 3420 4289 alii.

1826 4333 1872 4386 si
1919 4330 2103 4384 minus
2143 4337 2325 4382 mente
2367 4337 2419 4382 et
2469 4326 2798 4396 cogitatione
2843 4326 3105 4391 demersi,
3165 4328 3417 4382 haeretica

1824 4425 2018 4477 saltem
2042 4419 2431 4475 communione
2457 4419 2650 4472 mortis
2706 4427 2851 4472 metu
2885 4429 3184 4484 contracta,
3216 4419 3412 4475 eodem

1825 4530 1888 4568 ex
1930 4519 2084 4582 parte
2129 4510 2373 4580 periculo
2421 4510 2675 4564 involuti.
2719 4509 2914 4565 Relicti
2959 4521 3144 4566 tamen
3191 4511 3417 4580 quidam

117 4619 234 4670 νες
284 4605 404 4656 οὐκ
451 4602 734 4670 ἔκαμψαν
783 4603 929 4672 ⁸νόν-υ
979 4602 1055 4671 τῇ
1101 4604 1288 4657 Βάαλ.
1327 4605 1436 4656 Καὶ
1479 4605 1723 4658 τοσοῦτοι

1831 4613 1959 4660 sunt
2005 4604 2095 4672 qui
2142 4618 2246 4656 non
2289 4613 2636 4656 curvaverant
2687 4619 2857 4672 genua
2901 4612 3022 4656 ante
3059 4603 3269 4656 Baal"
3295 4619 3314 4658 :
3346 4605 3422 4659 si-

117 4695 326 4748 ὁπόσοι
359 4692 453 4744 καὶ
484 4691 816 4761 ἠρίθμηνται
847 4693 1059 4764 Κυρίῳ.
1086 4693 1199 4762 Πρὸ
1227 4695 1442 4746 πάντων
1468 4695 1495 4746 6
1524 4693 1731 4763 πρώτι-

121 4803 261 4851 στος
311 4783 497 4856 ἡμῶν,
534 4786 563 4854 ὴ
604 4785 722 4854 ἱερὰ
755 4784 910 4854 ἡμῶν
946 4786 1179 4856 κεφαλὴ,
1212 4787 1307 4838 καὶ
1351 4785 1628 4856 ὀμοταγὴς
1661 4789 1726 4857 τῇ

123 4877 448 4947 τελειότητι
483 4893 575 4929 σου
597 4892 610 4907 °
659 4877 912 4947 ίερὰρχαι
952 4878 1046 4930 καὶ
1082 4880 1246 4949 ἱερεῖς
1283 4879 1488 4949 Κυρίου
1511 4896 1525 4910 ’
1559 4895 1731 4948 μονα-

123 4973 262 5026 σταὶ
292 4972 397 5024 καὶ
432 4970 792 5040 μονάζουσαιο
824 4969 1030 5022 τούτων
1061 4971 1110 5022 οἱ
1148 4971 1245 5041 μὲν
1272 4971 1605 5040 ἐμπαιγμῶν
1635 4972 1730 5024 καὶ

123 5062 435 5132 μαστίγων
462 5063 655 5130 πεῖραν
681 5059 868 5112 ἔλαϐον
889 5075 901 5088 ⁸
936 5061 984 5112 oi
1011 5060 1066 5113 δὲ
1086 5061 1302 5130 δεσμῶν
1327 5064 1419 5114 καὶ
1451 5062 1696 5132 φυλακῆς
1715 5079 1727 5092 ·

122 5154 289 5224 ἄρτῳ
320 5150 534 5223 μετρίῳ
575 5151 669 5204 καὶ
706 5151 860 5206 ὕδατι
893 5153 1240 5221 τρεφόμενοι.
1279 5154 1461 5206 Ἀλλοι
1491 5154 1731 5224 ἐξορίαις

121 5241 632 5315 περιορισθέντεςσ
666 5243 842 5314 ἕτεροι
891 5245 947 5296 ἐν
990 5245 1249 5314 ἐρημίαις
1296 5248 1389 5298 καὶ
1434 5246 1583 5316 ὄρεσι
1636 5246 1732 5298 καὶ

121 5341 441 5411 σπηλαίοις
500 5338 593 5390 καὶ
643 5339 764 5401 ταῖς
818 5340 978 5401 ὀπαῖς
1020 5338 1121 5406 τῆς
1286 5339 1728 5408 ἐνδιαιτώμενοι·

121 5437 270 5488 ἔνιοι
321 5433 380 5485 δὲ
429 5434 524 5485 καὶ
561 5434 818 5500 παραυτὰ
862 5433 1322 5503 μαστιγωθέντες,
1377 5435 1729 5504 μαρτυρικῶς

123 5529 276 5599 πρὸς
315 5524 529 5594 Κύριον
557 5525 920 5595 ἐξεδήμησαν.
953 5525 1072 5577 Εἰσὶ
1102 5526 1158 5578 δὲ
1191 5526 1238 5578 οἳ
1273 5528 1364 5579 καὶ
1404 5527 1729 5578 σακκισθέν-

119 5640 221 5686 τες
247 5617 740 5686 ἐθαλασσεύθησαν
768 5619 965 5688 ἁωρίᾳ,
993 5618 1068 5682 ὡς
1094 5617 1262 5687 σαφὲς
1285 5618 1506 5687 γέγονεν
1530 5619 1594 5671 ὲκ
1625 5617 1734 5672 τῶν

119 5714 371 5774 τούτους
403 5711 779 5780 θεασαμένων.

210 5867 266 5900 ⁸⁸
301 5867 369 5921 ΙΙΙ
406 5865 545 5935 Reg.
597 5883 755 5936 xvnl,
823 5868 1034 5937 iscqq.
1141 5865 1330 5921 "Jocl
1396 5882 1453 5934 ιι,
1520 5867 1605 5920 l7.

126 5944 313 5998 Rom.
351 5955 404 5994 ιι
470 5939 526 5990 4.

1738 5866 1782 5900 ⁸⁸
1822 5866 2025 5921 Thrcn.
2080 5881 2119 5930 ι,
2147 5864 2199 5917 4.

1835 4694 2055 4766 quidem
2105 4701 2185 4748 tot
2217 4706 2467 4757 numero,
2508 4704 2643 4760 quot
2671 4701 2724 4746 et
2764 4693 3036 4746 numerati
3086 4703 3216 4748 sunt
3253 4708 3282 4747 a
3318 4693 3422 4746 Do-

1838 4789 2009 4842 mino.
2041 4789 2179 4841 Ante
2209 4800 2423 4848 omnes,
2462 4785 2556 4856 qui
2612 4787 2820 4854 primus
2867 4797 2949 4840 est
2999 4786 3142 4840 inter
3185 4801 3306 4850 nos,
3339 4802 3423 4841 sa-

1839 4894 1993 4933 crum
2026 4887 2188 4947 caput
2213 4886 2483 4940 nostrum,
2524 4886 2580 4930 et
2603 4876 2846 4946 ejusdem
2898 4885 3075 4932 tecum
3109 4877 3422 4947 dignitatis;

1838 4970 2079 5042 episcopi
2121 4980 2174 5023 et
2209 4968 2525 5023 sacerdotes
2553 4968 2805 5034 Domini;
2853 4970 3106 5023 monachi
3140 4980 3193 5023 et
3227 4985 3420 5024 mona-

1832 5067 1995 5120 chae:
2054 5077 2290 5131 quorum
2352 5061 2404 5114 hi
2461 5061 2712 5116 ludibriis
2760 5070 2816 5115 et
2865 5063 3187 5116 verberibus
3225 5062 3421 5116 tentati

1833 5155 2094 5217 fuerunt;
2151 5153 2228 5205 illi
2284 5150 2516 5205 vinculis
2549 5159 2603 5205 et
2633 5152 2974 5214 carceribus,
3023 5167 3162 5221 pane
3193 5153 3418 5206 modico

1831 5258 1886 5303 ct
1917 5263 2057 5318 aqua
2091 5248 2251 5301 vitam
2286 5246 2605 5310 trahentes;
2636 5246 2725 5298 alii
2776 5246 2996 5299 exsiliis
3035 5247 3257 5314 relegati
3285 5261 3301 5310 ;
3331 5247 3424 5300 alii

1834 5339 1889 5392 in
1941 5338 2178 5391 desertis
2217 5347 2272 5391 et
2313 5335 2612 5397 montibus,
2659 5335 2714 5388 in
2765 5335 3040 5403 speluncis
3074 5344 3128 5388 et
3175 5335 3426 5390 cavernis

1838 5440 1999 5485 terras
2058 5439 2373 5493 versantes;
2420 5428 2643 5497 quidam
2701 5429 2925 5496 insuper
2987 5422 3222 5496 ﬂagellis
3273 5429 3423 5493 επεὶ,

1839 5532 2106 5591 martyres
2138 5522 2203 5574 ad
2236 5520 2523 5573 Dominum
2547 5519 2908 5588 emigraruut.
2952 5518 3092 5572 Sunt
3125 5519 3218 5587 qui
3261 5533 3427 5572 sacco

1843 5616 2042 5670 inclusi
2109 5615 2162 5666 in
2225 5627 2375 5667 mare
2423 5610 2661 5666 demersi
2697 5621 2861 5666 noctu
2896 5609 3141 5676 fuerunt,
3178 5620 3236 5665 ut
3265 5612 3333 5666 ab
3362 5611 3429 5666 iis

1842 5709 1936 5780 qui
1976 5709 2242 5773 viderant,
2281 5708 2515 5761 relatum
2541 5715 2646 5760 est.

2302 5862 2347 5896 ⁸³
2376 5861 2518 5918 Psal.
2551 5879 2646 5928 ιιι,
2691 5862 2741 5916 4.
2856 5863 2900 5893 ⁸ο
2935 5859 2999 5914 111
3035 5857 3163 5927 Reg.
3222 5875 3272 5922 χ,
3316 5857 3378 5911 18
3411 5892 3427 5916 .
