3934 6450
526 401 668 465 1159

1714 389 1774 447 S.
1815 384 2208 447 THEODORI
2250 380 2596 442 ΞΤυῡΙΤιΕ

3657 369 3782 433 1160

591 508 736 576 Quid
764 504 1002 561 cetera?
1032 501 1390 556 Anathemate
1417 495 1686 552 feriuntur
1712 495 1883 550 sancti
1915 491 2103 547 Patres

2280 490 2344 544 Τί
2384 490 2582 552 τάλλα;
2625 484 3143 556 ’Λναθεματίζονται
3175 483 3225 536 οί
3257 483 3402 550 ἅγιοι
3435 479 3598 552 ἡμῶν
3626 482 3786 534 Πατέ-

523 601 746 655 nostri:
805 596 1172 666 praedicantur
1221 594 1312 662 qui
1365 591 1515 660 impii
1563 588 1822 648 fuerunt,
1868 587 2112 641 infantes

523 691 821 762 impietatis
845 689 1120 758 dogmata,
1159 685 1356 739 tradito
1384 682 1662 760 magistris
1695 689 1862 743 torno,
1906 681 2111 733 docen-

525 795 614 839 tur
645 801 659 837 :
697 797 802 836 non
842 789 924 835 est
953 793 1181 848 usquam
1215 776 1404 832 salutis
1445 772 1754 842 perfugium
1787 770 1929 824 inter
1959 783 2113 822 moro

526 871 700 924 tales:
747 868 898 937 pium
941 865 1166 920 verbum
1211 861 1441 932 proferri
1481 876 1587 916 non
1633 859 1782 924 licet,
1834 871 2002 928 prope
2035 857 2113 910 in-

529 970 677 1017 stant
701 960 933 1022 insidiae,
966 961 1040 1013 ita
1083 969 1141 1012 ut
1170 957 1252 1011 vir
1283 972 1311 1010 a
1342 954 1573 1025 conjuge
1604 969 1703 1010 sua
1748 959 1940 1006 caveat
1972 966 1986 1004 :
2023 951 2112 1003 in-

535 1053 690 1107 dices
743 1062 798 1106 et
855 1052 1200 1121 pittaciorum
1253 1048 1526 1104 oblatores
1582 1046 1648 1100 ad
1684 1047 1787 1100 hoc
1839 1044 2018 1111 ipsum
2051 1041 2121 1096 ab

533 1142 865 1214 imperatore
919 1142 1224 1196 mercedem
1281 1139 1523 1209 capiunt,
1567 1148 1626 1192 ut
1659 1137 1975 1197 observent,
2028 1133 2119 1187 ubi

534 1237 658 1306 quis
689 1236 820 1306 quid
864 1235 1065 1290 dicata
1095 1233 1313 1288 Caesare
1350 1232 1691 1300 discrepans,
1735 1238 1828 1281 aut
1856 1225 2120 1294 itnpietati

535 1344 644 1383 non
670 1327 1057 1387 communicet,
1090 1333 1186 1379 aut
1213 1324 1413 1377 librum
1447 1324 1643 1376 habeat
1676 1321 1744 1375 de
1785 1318 2120 1387 imaginibus

537 1427 902 1474 tractantem:
938 1417 1024 1471 vel
1055 1416 1345 1486 imaginem
1375 1416 1573 1485 ipsam,
1615 1420 1711 1466 aut
1754 1411 1996 1466 exsulem
2029 1424 2117 1464 re-

536 1511 723 1579 cipiat,
765 1518 859 1562 aut
897 1509 1130 1578 captivis
1176 1521 1273 1576 pro
1325 1505 1560 1560 Domino
1591 1503 1891 1559 ministret.
1930 1502 2035 1569 Qui
2069 1502 2114 1556 si

538 1601 1000 1670 deprehendatur,
1043 1600 1189 1653 illico
1227 1600 1461 1667 rapitur,
1524 1596 1771 1658 caeditur,
1802 1597 2117 1664 relegatur:

541 1690 688 1744 unde
711 1700 764 1743 et
793 1688 1045 1743 dominos
1091 1689 1276 1742 videas
1319 1688 1492 1742 servis
1533 1687 1904 1755 supplicantes
1933 1683 2120 1739 indicii

543 1790 713 1835 metu.
752 1778 922 1835 Nobis
953 1779 1087 1834 illud
1120 1779 1304 1834 dicere
1350 1779 1436 1833 fas
1469 1787 1554 1832 est
1584 1797 1597 1832 :
1659 1776 1781 1830 Non
1813 1787 1891 1830 est
1917 1778 1972 1830 in
1997 1788 2126 1830 tem-

543 1888 666 1942 pore
708 1871 802 1924 hoc
847 1872 1109 1939 princeps,
1140 1879 1188 1924 et
1221 1870 1497 1938 propheta,
1544 1877 1593 1922 et
1624 1867 1754 1932 dux,
1790 1884 1952 1937 neque
1978 1868 2122 1919 locus

544 1964 902 2032 primitiarum
953 1977 1130 2016 coram
1182 1961 1426 2024 Domino,
1474 1970 1530 2013 ut
1578 1962 1840 2029 possimus
1892 1959 2123 2013 invenire

545 2057 1037 2109 misericordiam".
1083 2055 1371 2125 Propterea
1404 2055 1519 2108 haec
1553 2053 1694 2122 apud
1727 2062 1975 2106 sanctam
2006 2051 2126 2104 ani-

546 2163 692 2202 Inani
744 2157 892 2202 tuam
942 2147 1147 2216 indigni
1195 2147 1580 2210 lamentamur,
1634 2154 1896 2213 tanquam
1932 2159 2125 2198 exure

548 2240 793 2294 omnium
821 2238 916 2308 qui
943 2241 1224 2294 veritatem
1255 2237 1572 2300 defendunt,
1610 2238 1732 2306 ejus
1758 2237 2123 2306 patrocinium

546 2339 603 2384 et
635 2331 1040 2387 miserationem
1087 2329 1461 2401 implorantes.
1512 2329 1730 2384 Scimus
1774 2328 1943 2394 enim,
1973 2329 2017 2383 si
2038 2329 2128 2398 ju-

548 2436 681 2474 vare
730 2421 892 2477 aliter
940 2437 1048 2476 non
1101 2422 1300 2492 possit,
1355 2436 1577 2491 precum
1637 2421 1828 2475 saltem
1880 2419 2129 2476 subsidio

551 2528 808 2583 magnum
848 2512 1079 2567 nobisin
1111 2513 1343 2568 summis
1359 2511 1649 2581 angustiis,
1672 2525 1798 2565 cum
1832 2509 2127 2579 pr0pitium

552 2607 723 2660 Deum
754 2605 973 2670 habeat,
1001 2604 1435 2660 emolumentum
1461 2603 1774 2656 allaturam.
1800 2600 1921 2667 Quo
1947 2610 2127 2654 autem

551 2715 617 2753 ex
655 2709 811 2770 parte
851 2705 1166 2767 cognoscat,
1219 2696 1402 2766 qualia
1457 2695 1566 2750 sint
1599 2692 1807 2748 nefaria
1835 2692 2129 2762 impiorum

553 2791 828 2860 dogmata,
862 2788 946 2842 his
972 2803 1035 2844 ea
1061 2788 1259 2842 litteris
1290 2787 1514 2857 adjunxi
1550 2787 1604 2841 in
1638 2785 2127 2856 quaternionibus:

554 2897 679 2950 quae
723 2882 939 2950 piorum
990 2888 1184 2950 rogatu
1231 2878 1518 2934 refutanda
1573 2878 1862 2948 imperitus
1890 2877 2127 2948 suscepi.

555 2971 669 3028 Oro
704 2981 888 3028 autem
939 2971 1178 3026 divinam
1240 2970 1562 3040 sapientiam
1621 2979 1793 3034 tuam,
1857 2977 1919 3022 ut
1947 2969 2132 3022 omnia

560 3066 834 3135 inspiciat.
861 3073 916 3118 et
939 3061 1253 3133 imperfecta
1285 3049 1543 3131 corrigat,
1577 3063 1903 3130 veniamque
1929 3061 2134 3116 tribuat

2215 599 2342 654 ρεςο
2393 579 2862 650 ἀνακηρύττονται
2913 579 2962 629 ot
3008 574 3382 646 ἡσεϐηκότεςο
3412 573 3482 626 τὰ
3523 573 3696 640 νήπια
3739 575 3790 624 ὲν

2212 676 2326 738 τοῖς
2353 673 2452 743 τῆς
2472 671 2727 733 ἀσεϐείας
2749 671 3015 739 δόγμασιν
3042 668 3466 738 ἀνατρέφονται,
3494 666 3576 735 τῷ
3597 666 3790 718 δοθέντι

2215 768 2366 836 τόμῳ
2385 767 2497 827 τοῖς
2517 763 2855 826 διδασκάλοις
2875 778 2889 794 ο
2917 762 3016 814 οὐκ
3048 761 3166 813 ἔστι
3194 776 3300 813 που
3322 759 3790 826 καταφευκτήριον

2219 857 2470 926 σώματος
2497 856 2555 908 ἐν
2583 854 2954 924 οἰκουμένοιςσ
2983 853 3084 905 οὐκ
3127 853 3246 904 ἐστι
3278 849 3549 920 προέσθαι
3579 847 3794 908 εὐσεϐές

2218 966 2270 1001 τι
2302 948 2451 1018 ῥῆμα
2475 964 2486 976 α
2527 947 2622 999 καὶ
2667 946 2700 1015 ἡ
2731 945 2874 1014 θήρα
2907 942 3165 1011 ἐγγύθενο
3202 941 3278 1006 ὡς
3306 939 3678 1009 φυλάττεσθαι
3713 937 3794 990 ἀν-

2222 1038 2438 1110 θρωπον
2463 1036 2558 1092 καὶ
2585 1035 2691 1090 ἀπὸ
2722 1035 2824 1104 τῆς
2853 1034 3146 1102 συγκοίτου
3171 1048 3184 1060 °
3219 1032 3457 1103 μηνυταὶ
3487 1030 3587 1083 καὶ
3614 1047 3796 1082 πιττα-

2222 1127 2436 1181 κοδόται
2477 1127 2554 1189 είς
2587 1124 2717 1178 αὐτὸ
2753 1122 2910 1176 τοῦτο
2945 1122 3092 1192 παρά
3129 1121 3223 1174 τοῦ
3273 1119 3607 1190 κρατοῦντος
3643 1136 3797 1187 μεμι-

2226 1217 2511 1287 σθωμένοι,
2537 1215 2640 1268 ποῦ
2671 1215 2753 1277 τίς
2778 1231 2832 1266 τι
2860 1213 3006 1282 λέγει
3034 1213 3351 1284 ἀπαρέσκον
3379 1211 3458 1281 τῷ
3483 1209 3796 1277 Καίσαρι,ἥ

2229 1310 2304 1381 μὴ
2330 1309 2600 1362 κοινωνῶν
2644 1310 2709 1378 τῇ
2746 1307 2994 1376 ἀσεϐείᾳ,
3037 1304 3071 1376 ἢ
3105 1303 3288 1374 βίϐλον
3317 1303 3460 1372 ἔχων
3503 1303 3636 1373 περὶ
3666 1302 3798 1353 είκό-

2224 1419 2332 1456 νων
2363 1402 2591 1470 ἔχουσάν
2612 1417 2664 1453 τι
2686 1400 2999 1468 λεγόμενον,
3023 1397 3192 1468 ἤγουν
3212 1396 3383 1465 αὐτὴν
3407 1397 3598 1449 εἰκόνα
3616 1412 3630 1426 ο
3655 1395 3720 1448 ἀν
3746 1411 3799 1445 τε

2227 1482 2662 1563 φυγαδευόζιενον
2724 1491 3120 1559 εἰσδεχόμενος,
3182 1487 3215 1558 ἢ
3277 1490 3391 1551 τοῖς
3454 1487 3546 1540 διά
3604 1485 3801 1556 Κύριον

2229 1583 2657 1656 φρουρουμένοις
2689 1581 2975 1634 διακονῶν.
3011 1581 3130 1634 Κᾶν
3157 1579 3446 1648 φωραθείη
3475 1590 3491 1606 ·
3522 1577 3688 1639 εὐθὺς
3718 1578 3805 1629 ἀν·

2229 1679 2526 1748 ἀρπαστος,
2551 1674 2872 1744 δαρήσιμος,
2907 1672 3182 1742 ἐξόριστος
3207 1687 3220 1701 ·
3244 1670 3303 1734 ἐξ
3327 1664 3389 1723 οὗ
3424 1669 3517 1722 καὶ
3541 1670 3653 1730 τοῖς
3687 1665 3804 1720 δού-

2229 1770 2342 1830 λοις
2368 1769 2417 1821 οἱ
2448 1766 2707 1819 δεσπόται
2734 1763 3130 1824 ὑποπίπτοντες
3159 1761 3266 1814 δέει
3303 1762 3609 1830 μηνύσεως.
3649 1758 3805 1826 Ἦμῑν

2229 1861 2427 1932 πρέπει
2458 1859 2664 1926 λέγειν,
2694 1858 2776 1910 ὅτι
2845 1857 2967 1909 Οὐκ
3004 1855 3176 1908 ἐστιν
3198 1853 3270 1906 ἐν
3298 1851 3378 1917 τῷ
3411 1851 3596 1919 καιρῷ
3621 1852 3808 1914 τούτῳ

2228 1952 2446 2022 ἄρχων,
2475 1951 2612 2004 οὔτε
2647 1947 2983 2024 προφήτης,
3026 1946 3164 1999 οὔτε
3197 1944 3533 2012 ἡγούμενος
3556 1958 3572 1975 ·
3608 1944 3682 1995 οὺ
3721 1944 3810 1994 τό·

2230 2059 2345 2109 πος
2393 2043 2500 2096 τοῦ
2534 2040 2845 2109 καρπώσαι
2889 2038 3145 2092 ἐνώπιον
3197 2036 3442 2104 Κυρίου,
3479 2036 3581 2086 καὶ
3616 2033 3809 2099 εὑρεῖν·

2231 2135 2427 2200 ἕλεος.
2460 2133 2560 2186 Διά
2594 2132 2750 2185 τοῦτο
2775 2130 2948 2184 ταῦτα
2980 2128 3398 2198 ἐπεϐοησάμεθα
3428 2126 3478 2178 οί
3505 2125 3718 2188 ἀνάξιοι
3746 2126 3808 2193 τῇ

2233 2227 2364 2296 ἀγίᾳ
2395 2242 2487 2278 σου
2517 2224 2687 2294 ψυχῇ,
2722 2224 2798 2286 ὡς
2831 2221 2940 2276 ἀπὸ
2972 2223 3240 2290 στόματος
3278 2219 3501 2272 πάντων
3543 2217 3656 2270 τῶν
3691 2217 3811 2270 ἀντ-

2233 2317 2508 2386 εχομένων
2540 2314 2642 2384 τῆς
2674 2313 2956 2384 ἀληθείας,
2999 2313 3080 2375 είς
3132 2310 3417 2380 ἀντίληψιν
3454 2309 3550 2362 καὶ
3594 2308 3811 2377 συμπά-

2234 2410 2384 2462 θειαν
2430 2405 2590 2477 ἡμῶν
2632 2403 3022 2474 ἐκκαλούμενοι
3064 2403 3256 2472 αὑτήν.
3293 2401 3534 2468 Οίδαμεν
3575 2398 3710 2469 γὰρ,
3737 2399 3814 2450 ὅτι

2234 2501 2339 2553 κᾶν
2371 2498 2448 2569 μὴ
2472 2495 2581 2551 οἷόν
2601 2514 2661 2551 τε
2687 2497 2997 2566 ἐπικουρεῖν
3022 2493 3215 2558 ἄλλως,
3241 2492 3376 2545 ἀλλά
3400 2507 3462 2558 γε
3494 2493 3561 2560 τῇ
3594 2490 3706 2542 τῶν
3729 2487 3816 2540 εὖ·

2235 2589 2351 2660 χῶν
2373 2589 2593 2659 βοηθείᾳ
2628 2588 2773 2657 μέγα
2798 2586 3026 2656 παρέξει
3057 2587 3188 2656 ἡμῖν
3216 2585 3276 2635 ἐν
3309 2585 3420 2644 τοῖς
3448 2579 3816 2647 ἀναγκαιοτά-

2235 2697 2350 2744 τοις
2408 2680 2469 2732 τὸ
2520 2678 2732 2746 δφελος,
2763 2675 2969 2744 εὐμενῆ
3008 2675 3100 2728 τόν
3147 2675 3278 2729 Θεὸν
3323 2673 3543 2742 ἔχουσα.
3593 2672 3714 2724 Ἱνα
3764 2671 3816 2723 δὲ

2237 2771 2393 2841 γνοίη
2423 2772 2487 2824 ἐκ
2523 2769 2740 2840 μέρους,
2778 2761 2866 2820 οἷα
2899 2766 2967 2819 τὰ
2992 2765 3162 2835 ἀσεϐῆ
3192 2765 3438 2833 δόγματα
3475 2762 3587 2816 τῶν
3619 2763 3816 2823 ἀθέων,

2240 2859 2638 2916 συναπέστειλα
2678 2859 2789 2921 τοῖς
2824 2857 3119 2928 γράμμασι
3168 2857 3262 2909 καὶ
3303 2855 3478 2907 ταῦτα
3520 2854 3579 2906 ἐν
3628 2870 3819 2922 τετρα-

2239 2955 2392 3018 δίοις.
2431 2954 2499 3007 "A
2532 2951 2626 3005 καὶ
2677 2948 2829 3014 ἔδοξα
2873 2951 2901 3003 ό
2930 2947 3149 3019 ἀμαθὴς
3186 2947 3540 3018 ἀνατρέπειν,
3579 2961 3819 3016 προτρα-

2237 3048 2359 3109 πεὶς
2382 3045 2532 3115 παρά
2558 3041 2819 3096 εὐσεϐῶν.
2846 3041 2992 3094 Αίτῶ
3017 3041 3075 3093 δέ
3099 3039 3202 3092 ὑπὸ
3221 3039 3319 3109 τῆς
3345 3037 3495 3102 θείας
3523 3055 3618 3090 σου
3657 3053 3822 3105 μεγα-

562 3158 692 3210 tnilii
723 3165 1053 3218 erratorum,
1091 3155 1307 3224 meique
1334 3153 1548 3207 inutilis
1571 3152 1666 3206 lilii
1691 3153 1745 3206 in
1779 3153 1896 3208 suis
1921 3151 2134 3207 flecten-

2246 3139 2446 3202 λονοίας
2477 3135 2874 3205 ἐπισκεφθῆναι
2917 3133 3013 3186 καὶ
3053 3132 3113 3186 τὸ
3145 3131 3366 3193 ἐλλιπὲς
3415 3128 3821 3200 ἀνορθωθῆναι,

560 3250 710 3304 tibus
739 3248 910 3304 Deum
941 3247 1198 3319 precibus
1229 3246 1568 3302 recordetur.

568 3505 697 3563 "(ac
761 3519 938 3563 autem
999 3508 1219 3580 epistola
1276 3508 1439 3562 missa
1493 3517 1569 3563 est
1623 3511 1783 3564 etiam
1819 3511 1887 3568 ad
1916 3513 2145 3580 patriar-

1113 3581 1266 3632 cham
1305 3579 1618 3633 Antiochia'.

2245 3229 2341 3283 καὶ
2364 3228 2694 3298 συγγνώμην
2719 3225 2826 3279 τῶν
2851 3225 3075 3294 ἐπωφλη
3085 3224 3262 3294 μένων
3285 3220 3540 3285 δέξασθαί
3576 3236 3666 3290 με,
3689 3220 3824 3286 λαμ-

2249 3319 2508 3374 ϐἀνεσθαί
2550 3336 2610 3371 τε
2652 3321 2731 3380 είς
2764 3318 2986 3387 μνήμην
3030 3317 3087 3368 ἐν
3120 3317 3239 3378 ταῖς
3279 3313 3616 3367 θεοκλινέσιν
3660 3312 3824 3379 αὐτῆς

2250 3411 2599 3483 προσευχαῖς,
2627 3409 2702 3472 ὼς
2731 3409 2949 3476 ἀχρεῖον
2977 3407 3189 3459 τέκνον.

2360 3504 2431 3560 Ἡ
2474 3502 2624 3570 αὑτὴ
2680 3500 2748 3554 δὲ
2802 3497 3097 3570 ἐπιστολὴ
3151 3495 3248 3550 καὶ
3295 3494 3444 3570 πρὸς
3498 3494 3618 3570 ¹τὸν·
3638 3491 3748 3560 τῆς

2497 3562 2850 3642 Ἀντιοχείας
2883 3562 3258 3636 πατριάρχην
3275 3562 3620 3631 ἀπεστάλη.

1114 3733 1367 3784 Adversus
1387 3733 1816 3782 feonomacborum
1846 3734 2073 3785 haeresim
2099 3742 2153 3787 et
2178 3739 2550 3788 immanitatem.
2585 3735 2786 3798 (Baron.
2825 3745 2907 3781 an.
2943 3729 3053 3790 817,
3093 3742 3144 3778 n.
3170 3727 3276 3789 50.)

571 3887 686 3943 XV.
703 3916 773 3929 —-
799 3884 864 3940 1η
891 3883 1131 3939 omnibus
1153 3882 1490 3937 sanctissimo
1519 3881 1674 3936 Patri
1694 3881 1940 3952 Patrum,
1959 3887 2146 3942 lumini

643 3978 924 4041 luminum,
957 3975 1212 4044 magistro
1242 3989 1376 4036 meo,
1406 3973 1620 4026 domino
1649 3976 1971 4043 patriarclue
2015 3981 2144 4033 Hie-

640 4071 1046 4139 rosolymorum,
1087 4067 1388 4120 Theodorus
1448 4068 1719 4136 minimus,
1758 4070 2050 4142 presbyter,
2095 4083 2147 4128 et

640 4161 954 4234 propositus
993 4160 1356 4218 Studitarum.

644 4256 777 4321 Quis
822 4255 1158 4309 annuntiabit
1185 4257 1471 4322 Abraham,
1525 4257 1666 4328 quod
1705 4259 1872 4313 lactat
1926 4275 2148 4329 puerum

576 4349 806 4405 Sara"?
835 4347 910 4402 ait
940 4349 1148 4418 uspiam
1174 4363 1354 4403 sermo
1387 4350 1623 4406 divinus.
1675 4349 1740 4404 Et
1770 4351 1895 4419 quis
1927 4350 2150 4422 indigno

576 4441 707 4495 mihi
764 4438 981 4494 nuntiet
1026 4439 1288 4494 humilem
1330 4441 1614 4511 epistolam
1668 4456 1841 4497 meam
1867 4442 1933 4496 ad
1964 4459 2151 4499 sacras

575 4533 858 4603 apostolici
893 4532 1061 4589 vestri
1092 4533 1392 4589 beatissimi
1437 4534 1698 4590 culminis
1735 4551 1931 4590 manus
1957 4551 2151 4605 perve-

578 4626 764 4680 uisse?
818 4627 1072 4680 Attamen
1128 4627 1424 4696 perveniet,
1485 4636 1546 4682 ut
1593 4641 1803 4697 spero:
1868 4643 1976 4683 non
2008 4627 2152 4682 enim

577 4732 781 4771 vesana
839 4716 1156 4786 cupiditate,
1192 4716 1287 4772 sed
1335 4720 1644 4773 necessaria
1689 4733 1853 4774 causa
1885 4719 2154 4790 impulsus

579 4821 835 4881 peccator
865 4819 919 4866 et
947 4809 1235 4880 epistolam
1287 4811 1508 4865 mittere
1545 4825 1714 4866 ausus
1760 4827 1903 4877 sum,
1936 4821 1990 4866 et
2019 4812 2155 4866 lato-

580 4919 693 4958 rem
727 4917 833 4956 una
867 4902 1090 4957 fratrem
1104 4902 1489 4958 charissimum
1507 4901 1824 4974 Dionysium
1855 4904 2154 4972 destinare,

580 4997 791 5049 fidelem
853 5010 1102 5065 prorsus.
1161 5003 1216 5049 et
1266 4996 1360 5064 qui
1411 4996 1663 5065 supplere
1709 5011 1804 5066 per
1856 5012 1918 5052 se
1973 4997 2155 5051 omnia

579 5098 748 5155 queat
795 5101 916 5155 qua:
952 5087 1194 5156 epistola:
1246 5087 1466 5142 desunt.
1527 5086 1711 5158 Itaque
1759 5088 1908 5143 velut
1954 5090 2155 5146 absens

580 5195 834 5249 corpore,
884 5194 1121 5249 praesens
1159 5189 1338 5234 autem
1376 5180 1593 5249 spiritu,
1649 5181 1888 5251 primum
1935 5182 2153 5251 quidem

581 5271 702 5340 ejus
754 5271 917 5340 pedes
967 5271 1263 5326 secundum
1317 5269 1484 5326 Deum
1544 5272 1887 5327 ambulantes
1940 5272 2161 5327 humilis

583 5362 924 5431 amplector:
963 5362 1091 5417 hinc
1128 5362 1272 5416 enim
1317 5363 1449 5416 mihi
1492 5364 1796 5418 benedictio
1836 5372 1889 5418 et
1919 5363 2162 5418 sanctifi-

584 5455 747 5507 catio.
781 5453 980 5508 Deinde
1010 5464 1264 5525 tanquam
1310 5454 1380 5508 ab
1407 5455 1678 5525 eajussus
1712 5455 1775 5508 ad
1811 5465 1999 5511 sancta
2043 5454 2158 5508 loca

593 5548 922 5613 proficiscor,
951 5547 1251 5601 adveneror
1290 5562 1509 5602 sacrum
1545 5547 1746 5611 solum,
1781 5547 1929 5619 quod
1969 5547 2154 5601 divina

586 5638 810 5708 vestigia
837 5642 1138 5704 ealearunt,
1185 5640 1457 5695 vivifieum
1494 5650 1927 5707 monumentum,
1968 5639 2019 5694 in
2046 5654 2154 5710 quo

661 5822 707 5854 "
757 5821 891 5879 Dan.
931 5841 1007 5891 ut,
1049 5827 1136 5880 58.
1212 5828 1257 5858 ”
1287 5828 1421 5883 Gen.
1467 5843 1579 5892 ut,
1622 5828 1671 5881 7.

2248 3890 2350 3945 ιε’.
2387 3917 2460 3931 —-
2485 3887 2569 3954 Τῷ
2611 3887 2687 3940 τὰ
2716 3885 2915 3939 πάντα
2960 3881 3260 3952 ἁγιωτάτῳ
3303 3876 3488 3944 Harp!
3520 3875 3830 3943 Πατέρων,

2317 3978 2582 4050 φωστῆρι
2605 3977 2956 4048 φωστήρων,
2981 3973 3164 4042 κυρίῳ
3177 3988 3317 4040 μου,
3347 3968 3617 4034 δεσπότῃ
3633 3982 3834 4033 πατριο

2317 4077 2472 4146 άρχῃ
2497 4072 2955 4142 Ἱεροσολύμων,
2980 4067 3280 4134 Θεόδωρος
3304 4062 3657 4132 ἐλάχιστος,
3698 4073 3834 4126 ape-

2319 4169 2606 4234 σϐύτερος
2638 4164 2738 4217 καὶ
2763 4163 3098 4232 ἡγούμενος
3122 4158 3242 4211 τῶν
3267 4153 3583 4210 Στουδίου,

2327 4260 2421 4324 Τίς
2445 4254 2765 4326 ἀναγγελεῖ
2795 4251 3039 4320 Ἀϐραὰμ
3063 4249 3154 4304 ὅτι
3181 4247 3377 4316 Σάρρα
3401 4243 3642 4309 θηλάζει
3669 4259 3687 4306 ;
3711 4242 3841 4312 φησί

2250 4366 2356 4404 που
2385 4350 2414 4401 ὁ
2447 4347 2590 4419 ἱερὸς
2621 4346 2799 4414 λόγος.
2855 4343 2964 4396 Καὶ
2993 4341 3077 4406 τίς
3109 4341 3236 4412 ἐμοὶ
3262 4339 3339 4409 τῷ
3368 4336 3576 4405 ἀναξίῳ
3605 4336 3839 4403 εὐαγγε-

2251 4442 2475 4506 λίσοιτο,
2505 4441 2585 4493 ὅτι
2631 4455 2733 4509 μου
2765 4436 2828 4489 τὸ
2856 4435 3114 4488 ταπεινὸν
3141 4433 3378 4502 γράμμα
3427 4430 3508 4491 εἰς
3543 4429 3700 4496 ἱερὰς
3731 4428 3840 4496 χεῖο

2258 4549 2356 4604 ρας
2401 4531 2626 4600 φθάσειε
2671 4530 2769 4598 τῆς
2812 4524 3177 4594 ἀποστολικῆς
3219 4522 3375 4592 ὑμῶν
3415 4519 3844 4590 μακαριωτάτης

2255 4625 2538 4697 κορυφῆς;
2568 4623 2759 4692 Ὅμως
2794 4617 3057 4680 πιστεύω,
3106 4617 3188 4669 ὅτι
3236 4615 3564 4683 γενήσεται·
3619 4612 3682 4664 οὑ
3739 4610 3845 4679 γὰρ

2255 4718 2436 4786 ἀλόγῳ
2457 4713 2746 4782 ἐπιθυμίᾳ,
2779 4709 2915 4764 ἀλλά
2947 4705 3224 4776 ἀναγκαίᾳ⁵
3257 4704 3517 4758 ὑποθέσει
3545 4703 3793 4772 κινηθεὶς
3823 4703 3848 4752 ό

2260 4807 2584 4880 ἁμαρτωλὸς
2639 4804 2914 4875 ἐτόλμησα
2962 4801 3060 4854 καὶ
3115 4799 3176 4852 τὸ
3216 4797 3455 4868 γράμμα
3504 4795 3847 4854 ἀποστεῖλαι,

2260 4903 2352 4954 καὶ
2401 4901 2494 4953 τὸν
2540 4896 2967 4966 ἐπιστοληφόρον
3013 4891 3288 4946 Διονύσιον
3333 4889 3425 4942 τὸν
3467 4888 3850 4942 ποθεινότατον

2259 4991 2485 5060 ἀδελφὸν
2533 4985 3044 5057 συνεκπέμψασθαι,
3077 4983 3267 5039 πιστὸν
3308 4983 3461 5043 ὄντα,
3490 4981 3586 5033 καὶ
3625 4977 3850 5032 δυνατὸν

2259 5084 2360 5136 ὅσα
2416 5081 2652 5134 ἐλλείπει
2708 5081 2774 5146 τῇ
2819 5073 3077 5144 ἐπιστολῇ
3121 5072 3212 5142 ἀφ’
3242 5069 3438 5124 ἐαυτοῦ
3488 5068 3846 5138 ἐξηγορῆσαι.

2260 5173 2561 5246 Τοιγαροῦν
2593 5171 2668 5235 ὡς
2693 5168 2850 5224 ἀπὼν
2879 5167 2958 5237 τῷ
2990 5167 3226 5236 σώματι,
3259 5161 3452 5232 παρὼν
3483 5161 3542 5213 δὲ
3577 5161 3656 5231 τῷ
3689 5158 3850 5212 πνεύ-

2272 5285 2422 5339 ματι,
2459 5266 2676 5336 πρῶτον
2708 5264 2804 5333 μὲν
2837 5263 2864 5315 ὁ
2894 5259 3149 5322 ταπεινὸς
3178 5252 3611 5323 κατασπάζομαι
3645 5253 3712 5305 τὰ
3743 5251 3832 5302 θεο

2267 5359 2404 5429 ϐαδῆ
2457 5358 2625 5427 αὐτῆς
2671 5356 2790 5425 ἴχνη
2816 5371 2831 5385 ·
2875 5351 3035 5405 τοῦτο
3075 5349 3185 5419 γάρ
3229 5347 3352 5417 ἐμοὶ
3395 5344 3620 5412 εὐλογία
3662 5361 3723 5396 τε
3756 5343 3848 5395 καὶ

2267 5450 2556 5521 ἀγιασμός.
2590 5448 2821 5502 Ἔπειτα
2850 5444 2924 5506 ὡς
2952 5442 3086 5512 πρὸς
3114 5440 3281 5508 αὐτῆς
3306 5437 3632 5506 ἐπιτραπεὶς
3655 5435 3847 5500 ἀπειμι

2264 5546 2323 5598 ἐν
2367 5545 2479 5602 τοῖς
2513 5540 2796 5600 σεϐαστοῖς
2842 5536 3059 5596 τόποις·
3095 5529 3558 5602 προσπτύσσομαι
3601 5527 3663 5580 τὸ
3707 5526 3847 5576 θεῖον

2262 5638 2475 5705 ἔδαφος,
2507 5625 2568 5687 οὗ
2590 5634 2659 5686 τὰ
2683 5630 2800 5684 θεῖα
2829 5629 2948 5700 ίχνη
2981 5625 3180 5698 βέϐηκε
3201 5640 3216 5657 °
3245 5624 3307 5678 τὸ
3337 5620 3606 5688 ζωοποιδν
3634 5620 3842 5689 μνῆμα,
