3934 6504
155 446 283 510 1161

1338 451 1872 513 EPISTOLARUM
1936 453 2084 518 LIB.
2131 454 2210 516 [Ι.

3251 449 3386 516 1162

149 566 232 631 ἐφ’
264 555 308 629 ᾧ
339 561 398 612 τὸ
426 560 686 626 πανάγιον
712 561 868 629 σῶμα
895 561 986 613 τοῦ
1014 563 1148 615 Θεοῦ
1173 566 1265 618 καὶ
1289 567 1540 634 Σωτῆρος
1565 566 1720 634 ἡμῶν

1838 565 2231 619 sanctissimum
2275 562 2369 616 Dei
2397 572 2451 618 et
2481 561 2777 617 Salvatoris
2824 561 2996 618 nostri
3026 560 3156 618 Jesu
3183 563 3383 618 Christi

158 653 334 723 Ἰησοῦ
366 651 598 720 Χριστοῦ
630 651 910 718 κατετέθη’
947 655 1034 706 τὸν
1062 655 1236 725 χῶρον
1259 657 1354 710 τοῦ
1387 659 1539 725 ἁγίου
1567 659 1715 728 Κρα-

147 746 280 807 νίου,
316 746 373 795 ἐν
403 736 448 809 ᾧ
479 741 820 812 ἐσταύρωται
855 746 881 799 ὁ
914 745 1112 816 Κύριος
1143 750 1239 818 τῆς
1269 749 1448 819 δόξης.
1481 751 1715 820 Μέτειμι

145 831 384 902 ἀλλαχοῦ
409 849 422 866 ’
456 833 568 902 ὁρῶ
613 832 710 902 τὴν
757 832 921 901 ἁγίαν
974 835 1218 906 Βηθλεέμ
1255 837 1330 900 ὡς
1367 838 1465 908 τὴν
1519 839 1679 906 Ἐδέμ
1701 856 1712 868 °

151 925 442 993 προσκυνῶ
482 925 581 992 τὴν
626 925 778 978 θείαν
816 926 1023 995 φάτνην
1054 927 1193 997 ὑπὲρ
1226 929 1324 997 τὴν
1353 930 1587 997 στάμνον
1618 932 1717 999 τὴν

147 1019 379 1084 χρυσῆν,
414 1017 471 1066 ἐν
592 1016 653 1067 οὑ
691 1016 886 1083 μάννα,
927 1017 1042 1069 ἀλλ’
1082 1018 1110 1068 ὁ
1139 1019 1235 1087 τῆς
1261 1018 1406 1086 ζωῆς
1439 1020 1603 1088 ἄρτος
1627 1021 1718 1072 τέ-

148 1107 349 1157 θειται.
382 1106 491 1157 Καὶ
520 1105 626 1174 μὴν
650 1103 832 1172 βλέπω
873 1105 932 1157 τὸ
965 1107 1118 1171 ἆγιον
1143 1107 1287 1176 ὅρος,
1314 1101 1374 1160 οὗ
1407 1109 1436 1176 ή
1469 1108 1718 1179 θειοτάτη

150 1194 578 1264 μεταμόρφωσις
603 1209 616 1224 ·
657 1194 717 1246 τὸ
749 1194 858 1246 τῶν
888 1195 1080 1248 ἐλαιῶν
1107 1196 1253 1265 ὅρος,
1285 1197 1377 1265 ἀφ’
1408 1193 1468 1249 οῦ
1511 1199 1719 1268 ἀνέπτη

148 1283 291 1351 πρὸς
349 1284 611 1352 οὐρανοὺς
657 1284 684 1335 ὁ
745 1284 853 1336 τῶν
909 1285 1048 1337 ὅλων
1097 1286 1335 1355 Κύριος·
1402 1289 1504 1358 τὴν
1558 1291 1721 1357 ἁγίαν

148 1374 500 1444 Γεθσημανῆ.
538 1375 623 1442 ἐφ’
659 1369 741 1447 ﬁs
767 1376 934 1441 τάφος
964 1375 1063 1443 τῆς
1096 1378 1468 1431 πανσεϐάστου
1502 1379 1720 1433 δεσποίο

148 1482 248 1533 νης
279 1467 312 1530 ή
323 1465 438 1530 μῶν
468 1465 730 1517 Θεοτόκου
751 1480 765 1495 ⁶
797 1465 954 1518 τοῦτο
988 1468 1210 1519 κάκεῖνο
1233 1483 1245 1495 ⁶
1282 1469 1368 1520 ἵνα
1402 1469 1476 1539 μὴ
1511 1471 1722 1540 μακρὸν

149 1554 493 1623 ἀποτείνοιμι
521 1553 697 1622 λόγον.
729 1557 792 1607 ’Ὠ
819 1555 933 1618 πῶς
963 1556 1058 1608 καὶ
1081 1557 1173 1608 ἀπ’
1206 1558 1378 1624 αὐτῆς
1403 1560 1569 1626 μόνης
1598 1560 1721 1612 ἐπι⁴

152 1646 406 1713 μνήσεως
429 1646 702 1715 ἁγιασμοῦ
735 1647 850 1698 ἐστι
880 1647 1214 1716 μετάληψιςί
1254 1649 1317 1699 Ὠ
1347 1649 1590 1716 πηλίκων
1633 1651 1724 1702 καὶ

151 1736 400 1805 φρικτῶν
435 1736 794 1807 σεϐασμάτων
832 1741 864 1807 ή
898 1739 998 1807 τῆς
1049 1739 1148 1807 σῆς
1190 1742 1584 1808 μακαριότητος
1621 1742 1718 1793 ὑπο

153 1827 319 1894 άρχει
351 1829 563 1897 κορυφή
590 1828 603 1880 1
641 1827 710 1878 Σὺ
735 1829 949 1897 πρῶτος
975 1830 1352 1899 πατριαρχῶν,
1396 1829 1497 1883 κᾶν
1527 1833 1724 1885 πεντά-

151 1915 272 1979 ζοις
328 1915 405 1985 τῷ
445 1917 684 1987 ἀριθμῷ.
729 1913 804 1972 Οῦ
834 1919 942 1990 γὰρ
974 1920 1002 1971 ὁ
1042 1920 1338 1984 ἐπίσκοπος
1374 1921 1482 1975 τῶν
1517 1922 1726 1993 ψυχῶν,
1761 1900 1807 1960 Β

152 2007 252 2058 καὶ
287 2005 393 2058 τῶν
420 2009 558 2060 ὅλων
606 2009 892 2079 ἀρχιερεὺς
949 2010 1042 2062 καὶ
1093 2011 1378 2080 ἐγεννήθη,
1414 2012 1509 2065 καὶ
1537 2013 1729 2083 ἔδρασε

151 2098 224 2149 τὰ
248 2097 483 2168 θεουργὰ
511 2101 709 2160 πάντα,
741 2100 835 2152 καὶ
857 2099 1047 2160 ἔπαθε,
1080 2101 1171 2154 καὶ
1199 2101 1480 2168 τέθαπται,
1517 2105 1610 2157 καὶ
1635 2105 1729 2158 ἀνι

153 2189 316 2258 έστη,
352 2189 446 2241 καὶ
491 2189 674 2260 ἔζησε,
710 2191 805 2243 καὶ
854 2192 1173 2261 ἀνελήφθη·
1224 2195 1339 2245 ἐκεῖ
1381 2194 1620 2263 δηλονότι
1670 2194 1731 2248 τὸ

154 2279 458 2349 ὑπεραῖρον
515 2280 771 2334 ἁπάντων
819 2282 1054 2350 ἀξίωμα.
1111 2282 1270 2334 Ἀλλά
1320 2285 1449 2354 περὶ
1479 2285 1578 2354 μὲν
1611 2286 1731 2338 τού-

154 2384 271 2421 των
340 2367 580 2421 τοσαῦτα
650 2368 800 2437 πόθῳ
865 2369 959 2421 καὶ
1013 2368 1199 2438 τρόμῳ
1264 2370 1589 2441 τετόλμηταί
1642 2390 1731 2442 μοι

155 2459 396 2527 λαλῆσαι
422 2473 437 2485 ⁸
491 2460 585 2510 ἐπὶ
631 2458 686 2510 δὲ
743 2458 803 2510 τὸ
845 2457 1032 2527 ἕτερον
1076 2458 1347 2528 τρέψομαι
1379 2461 1729 2532 ἀπάγγελμα.

229 2545 482 2615 Διωγμὺς
533 2547 679 2616 ἡμᾶς
725 2545 1070 2615 κατείληφεν,
1112 2541 1157 2599 ὦ
1204 2549 1608 2618 μακαριώτατε,
1640 2552 1734 2602 xal.

155 2637 421 2706 διωγμῶν
439 2639 467 2688 ὁ
489 2636 1046 2705 Ἐλληνοειδέστατος.
1064 2639 1217 2691 Ἐπεὶ
1237 2642 1345 2709 γὰρ
1366 2639 1560 2708 ᾔσθετο
1579 2643 1606 2693 ὁ
1632 2643 1736 2694 Σα-

155 2730 329 2787 τανᾶς
362 2730 420 2779 ἐν
451 2727 746 2796 προθύροις
789 2724 930 2780 εἶναι
973 2728 1071 2798 τὴν
1112 2731 1390 2800 μακαρίαν
1421 2731 1610 2784 ἐλπίδα
1641 2733 1734 2785 καὶ

157 2817 488 2884 ἐπιφάνειαν
513 2817 611 2886 τῆς
632 2816 790 2886 δόξης
819 2817 912 2870 τοῦ
937 2819 1174 2886 μεγάλου
1198 2819 1334 2872 Θεοῦ
1361 2821 1452 2873 καὶ
1485 2822 1734 2892 Σωτῆρος

158 2907 324 2977 ήμῶν
375 2906 550 2976 Ἰησοῦ
597 2907 857 2978 Χριστοῦ.
891 2909 1128 2973 Μείζους
1175 2911 1284 2964 τῶν
1329 2912 1593 2981 αἱρέσεων
1643 2915 1734 2966 ἀν-

157 3001 328 3053 άπτει
358 2998 458 3060 τάς
487 2999 721 3067 φλόγας,
760 3001 1070 3069 προεισόδια
1108 3000 1206 3069 τῆς
1236 3001 1330 3054 τοῦ
1370 3004 1734 3071 Ἀντιχρίστου

160 3089 489 3158 παρουσίας.
538 3088 603 3141 Τί
655 3089 850 3153 τοῦτο;
883 3089 982 3160 τὴν
1017 3090 1181 3143 πάλαι
1219 3092 1311 3143 ἐπὶ
1365 3092 1590 3154 Λέοντος
1644 3094 1737 3145 καὶ

160 3182 579 3234 Κωνσταντίνου
625 3181 994 3251 διεγερθεῖσαν
1037 3183 1313 3248 ἀσέϐειαν,
1348 3184 1438 3236 καὶ
1476 3188 1735 3254 μανείσαν

158 3274 258 3324 ἐπὶ
297 3272 458 3334 πολὺ,
496 3273 590 3326 καὶ
620 3274 878 3343 ραγεῖσαν
907 3273 1026 3342 θείᾳ
1067 3275 1402 3343 ἐπιτιμήσει,
1432 3271 1585 3338 αὖθις
1611 3277 1734 3345 ἄρτι

157 3367 188 3416 ὁ
221 3363 521 3432 ὁμώνυμος
559 3364 652 3415 καὶ
687 3363 996 3432 συνώνυμος
1027 3367 1090 3434 τῇ
1122 3364 1344 3434 ἀσεϐείᾳ
1388 3365 1606 3434 κρατῶν
1640 3369 1733 3419 ἀν-

158 3453 582 3506 ενεώσατο.Καὶ
612 3453 886 3518 τοσοῦτον,
921 3453 993 3515 ὠς
1023 3454 1337 3524 ἀποκρύψαι
1381 3455 1480 3525 τὴν
1513 3455 1736 3507 ἐκείνων

159 3546 388 3600 λύτταν.
417 3546 615 3598 Διὼκει
639 3545 727 3597 τὸν
758 3545 991 3614 Χριστὸν
1018 3546 1466 3614 ἐγγεγραμμένον
1491 3548 1586 3598 σὺν
1620 3548 1736 3614 Μη-

158 3639 255 3709 τρὶ
287 3639 382 3690 καὶ
414 3638 732 3707 θεράπουσι·
765 3637 856 3688 καὶ
896 3630 956 3689 οὗ
1001 3636 1066 3688 ἂν
1089 3631 1260 3705 εὖροι,
1298 3635 1567 3705 καθαίρει,
1612 3635 1738 3705 φλέ-

160 3744 276 3794 γει.
342 3725 622 3799 Ἐντεῦθεν
674 3724 1032 3793 θυσιαστήρια
1082 3725 1544 3794 κατεσκαμμένα*
1606 3727 1740 3795 ἱεροὶ

162 3819 290 3870 ναοὶ
318 3815 710 3886 ἠμαυρωμένοι
736 3830 748 3844 ⁸
788 3814 956 3885 σκεύη
987 3813 1109 3883 ίερά
1130 3814 1568 3884 ἐμπεπρησμένα
1590 3833 1602 3845 ·
1643 3816 1741 3868 οὐκ

161 3906 318 3958 ἔστιν
349 3906 429 3956 ὅτι
459 3905 533 3972 μὴ
574 3904 908 3955 ἐλλέλειπται
946 3904 1110 3972 μέρος
1141 3904 1239 3972 τῆς
1266 3903 1355 3956 ὑπ’
1386 3905 1548 3956 αὑτὸν
1586 3905 1741 3973 βασι-

1823 669 2023 724 corpus
2075 655 2379 725 depositum
2426 654 2558 716 fuit,
2619 669 2836 708 sacrum
2877 653 3141 709 Calvaria:
3166 655 3383 719 locum,

1824 749 1916 802 ubi
1951 749 2209 801 Dominus
2254 747 2437 816 gloria:
2496 747 2812 800 crucifixus.
2863 747 2985 799 Alio
3016 762 3180 821 pergo
3211 763 3226 800 :
3259 763 3384 800 san-

1824 847 1963 892 ctam
2005 837 2274 891 Bethleem
2320 838 2478 906 quasi
2546 837 2713 890 Edem
2773 836 3092 906 conspicio:
3143 837 3386 890 divinum

1824 929 1992 982 adoro
2033 942 2271 996 przesepe
2312 942 2476 996 supra
2534 941 2727 980 urnam
2779 941 3023 992 auream,
3063 927 3116 980 in
3140 941 3251 996 quo
3280 940 3387 979 non

1825 1034 2042 1081 manna,
2075 1018 2168 1072 sed
2221 1018 2374 1086 panis
2403 1017 2526 1070 vitae
2562 1017 2814 1072 conditus
2856 1027 2964 1071 est.
3009 1014 3180 1070 Video
3225 1017 3387 1069 etiam

1826 1118 2072 1164 sanctum
2120 1118 2383 1172 montem,
2416 1107 2470 1160 in
2500 1122 2609 1176 quo
2631 1105 2967 1160 divinissima
3010 1105 3390 1173 Transfigura-

1828 1200 1946 1252 tio:
1997 1199 2274 1253 Olivarum
2317 1207 2581 1262 montem,
2611 1196 2754 1252 unde
2795 1196 2864 1250 ad
2910 1196 3078 1250 caelos
3127 1196 3391 1249 Dominus

1826 1289 2070 1343 omnium
2121 1288 2357 1343 evolavit
2386 1305 2400 1341 :
2452 1297 2696 1342 sanctam
2723 1286 3146 1350 Gethsemanen,
3178 1286 3266 1340 ubi
3299 1300 3392 1339 se-

1827 1380 2071 1448 pulcrum
2097 1379 2242 1432 omni
2269 1380 2478 1432 honore
2502 1378 2742 1432 colendae
2769 1377 3010 1430 Dominae
3037 1385 3240 1431 nostra:
3267 1376 3392 1428 Dei«

1828 1485 1993 1538 pane.
2027 1469 2139 1523 Hoc
2159 1481 2317 1538 atque
2342 1469 2496 1530 illud.
2529 1482 2598 1523 ne
2629 1470 2847 1536 longam
2874 1478 3046 1522 texam
3065 1468 3391 1521 orationem.

1829 1558 1874 1615 Ο
1905 1570 2108 1630 quanta
2138 1561 2220 1613 vel
2246 1575 2309 1614 ex
2339 1560 2456 1628 ipsa
2507 1561 3028 1613 commemoratione
3054 1568 3240 1612 manat
3265 1574 3390 1612 san-

1830 1653 2114 1706 ctiﬁcatio!
2138 1667 2170 1704 o
2197 1662 2328 1719 quot
2356 1660 2410 1704 et
2434 1651 2652 1719 quantis
2706 1637 2937 1703 culturis
2982 1659 3180 1718 praeest
3210 1649 3384 1702 beati-

1832 1745 2034 1798 tudinis
2087 1754 2190 1796 tua:
2249 1741 2462 1796 vertex!
2512 1739 2594 1794 Tu
2652 1740 2860 1808 primus
2918 1740 3392 1808 patriarcharum,

1833 1832 1958 1886 licet
1986 1834 2211 1901 quintus
2260 1830 2586 1884 numereris.
2618 1828 2720 1883 Ubi
2759 1831 2906 1885 enim
2961 1830 3249 1898 episcopus
3277 1830 3397 1881 ani-

1832 1938 2042 1978 marum
2093 1937 2156 1975 ac
2199 1919 2440 1989 pontifex
2489 1919 2736 1973 omnium
2799 1929 2960 1974 natus
2992 1928 3101 1983 est,
3132 1929 3187 1972 et
3215 1919 3396 1973 divina

1830 2014 2011 2068 omnia
2044 2020 2322 2080 operatus,
2354 2021 2408 2064 et
2442 2024 2657 2079 passus,
2695 2018 2750 2063 et
2780 2011 3045 2078 sepultus,
3076 2010 3170 2064 ubi
3217 2025 3398 2063 resur-

1831 2106 1989 2170 rexit,
2018 2113 2073 2158 et
2101 2104 2236 2156 vixit
2274 2110 2329 2156 et
2356 2109 2672 2170 assumptus
2714 2110 2832 2166 est;
2864 2101 2973 2154 illic
2994 2116 3248 2170 suprema
3279 2116 3399 2155 om-

1830 2197 1982 2249 nium
2027 2193 2215 2263 procul
2254 2192 2422 2246 dubio
2461 2193 2720 2260 dignitas.
2752 2191 2854 2245 Sed
2885 2191 2952 2245 de
2993 2191 3077 2246 his
3113 2191 3398 2254 hactenus,

1829 2285 2100 2342 desiderio
2174 2298 2239 2338 ac
2308 2283 2610 2337 reverentia
2679 2281 2950 2349 impulsus
3007 2279 3153 2349 loqui
3229 2293 3400 2333 ausus

1831 2392 1975 2432 sum.
2055 2373 2210 2428 Nunc
2266 2371 2335 2425 ad
2405 2371 2630 2425 alteram
2692 2369 3060 2422 narrationem
3118 2381 3208 2422 me
3269 2382 3400 2422 con-

1831 2479 2006 2523 νεῐιο.

1903 2558 2106 2613 Invasit
2154 2570 2256 2610 nos
2287 2553 2618 2623 persecutio,
2665 2549 3002 2614 beatissime,
3052 2558 3107 2605 et
3139 2563 3399 2619 persecu-

1832 2653 2037 2706 tionum
2068 2647 2310 2702 omnium
2337 2646 2566 2699 ethnicae
2591 2643 2888 2698 simillima.
2931 2642 3226 2712 Postquam
3254 2643 3399 2695 enim

1831 2742 2004 2798 sensit
2037 2739 2269 2792 Satanas
2305 2737 2359 2790 in
2382 2735 2568 2804 januis
2617 2747 2739 2788 esse
2768 2733 2982 2786 beatam
3021 2746 3192 2799 spem,
3223 2740 3276 2784 et
3305 2731 3402 2783 ad-

1833 2839 2050 2886 ventum
2083 2827 2266 2898 εισι-ἰαὶ
2309 2824 2489 2893 magni
2532 2824 2625 2878 Dei
2655 2833 2711 2877 et
2747 2822 3050 2877 Salvatoris
3074 2822 3245 2876 nostri
3269 2819 3400 2875 Jesu

1831 2921 2054 2983 Christi,
2088 2919 2321 2986 majores
2351 2917 2616 2969 haeresum
2651 2912 2799 2968 faces
2832 2912 3105 2975 accendit,
3144 2910 3404 2980 pragludia

1834 3014 2098 3064 adventus
2155 3005 2497 3061 Antichristi.
2537 3003 2677 3069 Quid
2719 3003 2822 3057 hoc
2856 3003 2932 3056 rei
2983 3001 3106 3057 est?
3150 2999 3404 3054 Exortam

1834 3103 1962 3155 olim
1993 3100 2095 3154 sub
2131 3098 2310 3152 Leone
2342 3104 2396 3154 et
2432 3093 2789 3149 Constantino
2820 3092 3173 3162 impietatem,
3205 3091 3409 3159 diuque

1840 3192 2248 3254 debacchatam,
2310 3187 2402 3241 sed
2457 3184 2640 3239 divina
2694 3183 2936 3237 vindicta
2993 3195 3406 3250 compressam,

1843 3296 1987 3333 nunc
2016 3281 2208 3331 iterum
2239 3271 2580 3343 cognominis
2606 3279 2660 3325 et
2689 3285 2842 3338 atque
2886 3269 3087 3338 impius
3115 3269 3410 3337 imperator

1841 3369 2138 3431 renovavit,
2193 3368 2355 3435 idque
2404 3371 2557 3418 tanto
2603 3370 2827 3424 conatu,
2861 3371 2919 3415 ut
2949 3360 3165 3414 illorum
3206 3359 3411 3412 rabiem

1840 3463 2112 3516 obscuret.
2140 3457 2468 3526 Expressum
2517 3454 2749 3522 picturis
2797 3452 3076 3507 Christum
3106 3451 3410 3504 insectatur

1840 3567 1964 3606 cum
1998 3549 2162 3602 Matre
2187 3557 2241 3600 et
2272 3545 2540 3599 ministris
2569 3561 2583 3596 :
2617 3542 2930 3609 ubicunque
2957 3547 3151 3594 nactus
3177 3553 3273 3593 eas
3303 3547 3411 3600 est,

1841 3645 2004 3707 delet,
2068 3641 2269 3697 exurit.
2301 3638 2441 3694 Hinc
2471 3649 2659 3690 eversa
2691 3634 2906 3696 altaria,
2938 3631 3082 3686 aedes
3117 3645 3285 3686 sacra:
3318 3631 3413 3683 de-

1839 3736 2103 3799 formata,
2131 3745 2284 3786 sacra
2313 3742 2445 3781 vasa
2479 3733 2848 3786 concremata,
2893 3737 2995 3777 nec
3047 3720 3155 3775 ulla
3211 3734 3336 3788 pars
3361 3720 3413 3773 in

1841 3821 1959 3890 ejus
1989 3832 2155 3888 regno
2185 3824 2268 3871 est
2312 3814 2383 3870 ab
2448 3813 2538 3866 illa
2590 3810 2926 3879 grassatione
2959 3807 3238 3862 immunis.
3271 3806 3413 3873 Quin

1845 3913 1888 3966 si
1921 3919 2166 3978 repertus
2188 3905 2458 3974 quispiam
2511 3899 2671 3955 fuerit
2703 3897 3067 3954 venerandam
3125 3897 3414 3966 imaginem

161 3997 321 4058 λείας
351 3995 508 4048 ἐαθέν
537 3994 917 4062 ἀκαθαίρετον.
963 3994 1101 4045 Ἀλλ’
1132 3995 1184 4046 εἷ
1222 4012 1338 4057 πως
1370 3995 1618 4065 εὑρεθείη
1660 4013 1731 4058 τις

1845 4001 2168 4060 occultasse,
2200 4003 2294 4048 aut
2325 3994 2517 4047 librum
2550 3990 2646 4060 qui
2675 3989 2741 4044 de
2769 4001 2831 4042 ea
2897 3995 3178 4052 retractet,
3211 3986 3416 4054 rapitur

161 4085 532 4155 ἐγκεκρυφὼς
565 4085 767 4153 σεπτὴν
793 4084 999 4149 εἰκόνα,
1038 4086 1070 4157 ἢ
1101 4084 1282 4138 δέλτον
1307 4087 1434 4156 περὶ
1458 4087 1623 4157 αὑτῆς
1653 4087 1731 4139 λε-

1844 4109 1876 4147 e
1900 4090 2148 4159 vestigio,
2179 4086 2521 4149 verberatur,
2571 4090 2626 4135 et
2655 4079 2772 4134 dira
2821 4077 2928 4132 alia
2957 4077 3140 4131 omnia
3173 4076 3415 4145 perpeti-

161 4179 298 4231 κτὸν
331 4194 387 4229 τι
419 4177 678 4246 ἔχουσαν·
711 4175 1058 4246 ἀνάρπαστος
1100 4175 1282 4240 εὐθὺς,
1317 4177 1534 4246 μάστιξι
1578 4195 1731 4230 κατα·

1849 4195 1958 4240 tur.
1994 4183 2132 4238 Hinc
2180 4189 2416 4234 terrores
2461 4189 2525 4229 ac
2573 4171 2995 4242 trepidationes,
3059 4180 3418 4237 stuporesque

162 4271 514 4338 ξαινόμενος,
553 4271 648 4322 καὶ
689 4269 797 4322 πᾶν
832 4267 958 4322 ἄλλο
987 4268 1160 4320 δεινὸν
1197 4269 1580 4337 ὑφιστάμενος.
1629 4269 1731 4320 Ἐν-

1848 4275 2091 4329 omnium
2139 4269 2417 4323 hominum
2444 4283 2456 4317 :
2494 4262 2630 4316 adeo
2663 4269 2723 4314 ut
2752 4258 2919 4313 frater
2945 4257 3100 4311 fratri
3124 4255 3415 4319 valedicat,

161 4363 366 4416 τεῦθεν
415 4360 664 4430 δείματα,
719 4360 814 4414 καὶ
865 4359 1077 4428 τρόμοι,
1139 4360 1234 4412 καὶ
1291 4360 1576 4422 ἐκστάσεις
1619 4363 1731 4431 περ’

1849 4375 1903 4421 et
1930 4364 2141 4418 amicus
2192 4358 2428 4414 amicum
2485 4359 2789 4407 aversetur.
2855 4347 3105 4418 Synodus
3135 4348 3277 4400 facta
3310 4356 3416 4410 est,

163 4457 349 4509 πάντα
400 4453 719 4524 ἀνθρωπονο
779 4453 854 4515 ὡς
901 4452 994 4505 καὶ
1046 4451 1253 4522 χαίρειν
1303 4451 1483 4519 λέγειν
1534 4453 1731 4525 ἀδελφιῖ

1853 4466 2083 4510 veterem
2116 4451 2262 4505 illam
2299 4445 2524 4515 impiam
2555 4440 2910 4502 confirmans,
2959 4445 3014 4492 et
3058 4436 3417 4490 orthodoxam

161 4545 425 4612 ἀδελφὸν,
453 4543 548 4596 καὶ
590 4541 727 4613 φίλῳ
773 4542 943 4610 φίλον,
969 4543 1349 4611 ἐκτρέπεσθαι.
1388 4544 1608 4608 Σύνοδος
1652 4563 1731 4598 κυ·

1844 4553 2189 4612 anathemate
2223 4543 2616 4599 condemnans.
2645 4534 2970 4590 Sacerdotes
2996 4546 3103 4585 non
3134 4531 3417 4584 intellexev

164 4636 457 4708 ροῦσατὴν
474 4634 637 4687 πάλαι
660 4632 1050 4696 ἀσεϐεστάτην,
1070 4634 1162 4686 καὶ
1176 4634 1443 4687 καταναθε
1451 4652 1555 4703 ματ
1566 4634 1731 4698 ίζουσε

1855 4650 2002 4704 runt,
2034 4636 2323 4692 Dominum
2355 4645 2460 4684 non
2508 4627 2878 4696 requisierunt
2906 4623 3036 4678 :sed
3067 4623 3210 4691 quod
3233 4622 3421 4675 Achab

160 4731 270 4798 τὴν
303 4725 605 4798 ὀρθόδοξον.
639 4725 826 4795 Ἰερεῖς
856 4717 1281 4794 ὴφρονεῦσαντο,
1311 4726 1404 4777 καὶ
1432 4725 1523 4776 τὸν
1547 4725 1731 4794 Κύριοι

1852 4733 2076 4805 placuit,
2122 4724 2592 4793 comprobarunt:
2648 4717 2840 4774 Omnes
2897 4714 3308 4778 declinaverunt,
3347 4715 3421 4766 si-

161 4820 272 4872 οὑκ
305 4816 642 4885 ἐξεζήτησαν
662 4830 675 4843 ·
707 4815 845 4868 ἀλλὰ
873 4819 933 4866 τὸ
961 4814 1038 4884 τῷ
1073 4815 1276 4884 Ἀχαάϐ
1305 4815 1460 4878 δόξαν
1490 4816 1731 4885 συνεκρό-

1855 4823 1965 4878 mul
1997 4819 2209 4875 inutiles
2232 4815 2362 4884 [acti
2390 4820 2511 4866 sunt
2534 4811 2601 4876 ”,
2625 4807 2814 4879 paucis
2841 4805 3130 4859 admodum
3159 4805 3418 4872 exceptis.

160 4925 363 4978 τησαν.
428 4904 656 4969 Πάντες
709 4904 1057 4968 ἐξέκλιναν,
1119 4905 1239 4974 ἅμα
1303 4905 1744 4974 ἠχρειώϐησαν·

164 4999 316 5068 πλὴν
355 4995 556 5063 ὀλίγων
590 4994 808 5064 κομιδῇ.
854 4995 1026 5047 Τίνων
1059 4996 1290 5060 τοῦτων;
1344 4997 1654 5049 ἐπισκόπων
1689 5014 1748 5049 τε

162 5093 267 5146 καὶ
292 5091 610 5161 ἡγουμένων
633 5103 648 5118 ·
681 5084 1018 5155 μοναζόντων
1040 5103 1095 5138 τε
1122 5088 1214 5138 καὶ
1240 5086 1587 5154 μοναζουσῶν
1608 5103 1621 5117 °
1655 5088 1752 5138 αὑ-

162 5183 268 5235 τοῦ
314 5197 398 5243 τε,
435 5179 618 5250 χάριτι
652 5175 813 5238 Θεοῦ,
836 5174 930 5227 τοῦ
965 5176 1395 5245 κορυφαιοτάτου
1425 5176 1580 5245 ήμῶν
1619 5177 1753 5246 ἀρχ-

166 5277 402 5347 ιερέως·
434 5267 510 5327 ὧν
530 5274 579 5325 οἱ
610 5272 707 5342 μὲν
742 5269 1179 5340 ἐμαστίχθησαν·
1205 5270 1351 5323 ἄλλοι
1381 5269 1756 5339 ὑπερωρίσθη-

1853 4914 2193 4981 Quibusnam
2225 4905 2366 4961 illis?
2397 4899 2680 4970 Episcopis
2703 4907 2755 4950 et
2778 4894 3104 4964 prmpositis,
3138 4893 3422 4947 monachis

1852 5017 1906 5060 et
1942 5000 2291 5060 monialibus,
2327 5001 2382 5049 et
2414 4994 2551 5062 ipso,
2581 4989 2676 5044 Dei
2729 4987 2926 5058 gratia,
2958 4999 3216 5054 supremo
3243 4984 3424 5038 archi-

1847 5095 2104 5164 episcopo
2135 5097 2345 5142 nostro.
2389 5083 2630 5149 Quorum
2668 5078 2883 5148 quidem
2914 5077 3002 5129 alii
3038 5074 3259 5144 ﬂagellis
3301 5073 3422 5127 caesi

1850 5194 1997 5244 sunt,
2033 5182 2124 5235 alii
2158 5178 2398 5246 relegati,
2427 5175 2516 5227 alii
2545 5174 2596 5225 in
2633 5185 2909 5225 carcerem
2951 5166 3180 5226 detrusi,
3209 5165 3300 5218 alii
3331 5179 3424 5231 per

1853 5279 2015 5331 hasce
2067 5286 2256 5342 pmnas
2299 5269 2366 5322 ad
2401 5264 2694 5319 Dominum
2736 5261 3063 5332 migrarunt,
3111 5256 3424 5312 athleticam

167 5384 310 5420 σαν·
355 5367 538 5434 ἕτεροι
584 5361 1048 5431 ἐφυλακίσθησαν.
1078 5362 1249 5412 Ἔνιοι
1281 5361 1336 5412 δὲ
1373 5362 1466 5413 καὶ
1500 5363 1731 5430 παραυτξ

1859 5381 2116 5423 coronam
2141 5368 2478 5432 reportantes
2490 5380 2507 5398 θ

164 5460 287 5512 τῶν
314 5456 519 5509 ποινῶν
549 5455 683 5524 πρὸς
714 5453 914 5523 Κύριον
937 5452 1297 5523 ἐξεδήμησαν,
1325 5452 1614 5521 ἀθλητικὸν
1639 5451 1754 5503 στέ-

168 5565 350 5619 φανον
380 5547 670 5615 ἀράμενοι.

252 5639 320 5691 Τί
355 5638 426 5690 τά
451 5637 550 5706 τῆς
581 5635 970 5705 βλασφημίας;
1005 5633 1364 5705 κωμῳδεῖται
1395 5636 1426 5704 ή
1463 5633 1632 5703 σεπτὴ
1657 5633 1747 5686 καὶ

256 5817 308 5853 ⁸³
348 5815 496 5872 Psal.
531 5829 624 5877 LII,
652 5814 707 5868 4.

521 5907 798 5968 ΡΑτιιοι..
842 5904 958 5965 Gn.
1011 5903 1236 5965 XCIX.

1927 5628 2065 5695 Quid
2087 5627 2153 5684 de
2176 5625 2511 5696 blasphemia
2555 5623 2749 5694 loquar
2769 5621 2792 5675 τ
2814 5620 3073 5677 lrridetur
3121 5610 3425 5671 veneranda

3092 5885 3162 5948 3'1
