3934 6452
540 408 674 474 1163

1727 393 1794 453 S.
1833 386 2223 451 THEODORI
2258 383 2609 445 STUDlT/E

3681 373 3805 438 1164

534 528 590 573 et
629 512 907 571 tremenda
959 512 1138 581 imago
1186 507 1419 574 Christi,
1461 513 1723 575 tanquam
1772 501 2108 557 abominatio

2229 495 2416 569 ρρικτὴ
2440 495 2604 547 εἰκὼν
2635 490 2891 563 Χριστοῦ,
2915 489 2990 552 ὡς
3026 488 3306 557 βδέλυγμα
3338 488 3708 558 ἐρημώσεως,
3737 494 3803 549 ὼς

532 605 916 668 desolationis,
952 612 1210 672 tanquam
1247 600 1451 654 idolum
1480 597 1691 652 erroris
1726 614 1740 650 :
1772 594 1966 649 eodem
1996 606 2116 645 mo—

535 702 609 755 do
667 699 927 769 quaelibet
981 696 1085 750 alia
1140 693 1385 748 Domina:
1427 699 1629 743 nostra:
1671 696 1725 741 et
1776 695 2115 739 sanctorum.

536 789 718 854 Nunc,
780 786 980 855 inquit,
1029 785 1244 837 sincera
1291 788 1346 835 et
1400 778 1673 846 inculpata
1732 774 1920 829 ﬁdes:
1979 787 2120 827 nunc

536 882 805 937 Dominus
864 879 1079 933 locutus
1118 886 1203 930 est
1234 889 1413 943 pacem
1452 870 1642 941 populo
1689 886 1806 934 suo,
1842 878 1889 922 et
1925 868 2120 921 sanctis

536 976 674 1043 ejus,
731 982 783 1027 et
824 972 891 1025 iis
939 969 1032 1040 qui
1071 968 1140 1022 ad
1192 967 1342 1021 illum
1372 982 1462 1019 cor
1504 972 1803 1017 convertunt
1826 963 1892 1015 ".
1947 958 2119 1025 Quasi

540 1066 751 1119 sublata
780 1080 885 1134 pax
937 1071 1103 1126 esset,
1159 1076 1226 1116 ex
1264 1073 1377 1130 quo
1427 1056 1681 1113 Christus
1712 1054 1847 1109 dixit
1878 1072 1891 1108 :
1923 1050 2120 1105 Pacem

542 1157 781 1226 relinquo
829 1153 993 1218 vobis,
1041 1167 1224 1221 pacem
1286 1165 1456 1204 meam
1513 1147 1581 1201 do
1620 1146 1851 1207 vobis",
1904 1142 1972 1197 ad
2022 1142 2123 1196 IIOC

545 1262 717 1316 usque
770 1255 1035 1316 tempus:
1097 1253 1152 1299 et
1214 1243 1336 1315 ejus
1422 1240 1665 1301 Ecclesia
1727 1236 2120 1299 contaminata,

542 1354 706 1408 quam
732 1348 956 1394 sanctus
1015 1336 1218 1391 Paulus
1256 1350 1359 1387 non
1385 1332 1657 1387 habentem
1692 1329 1963 1383 maculam
1985 1341 2125 1396 pra:-

542 1428 708 1491 dicat,
742 1436 834 1481 aut
876 1443 1082 1496 rugam,
1133 1433 1227 1478 aut
1281 1424 1485 1493 aliquid
1522 1422 1849 1491 hujusmodi,
1875 1417 1964 1473 sed
1994 1433 2123 1472 san-

543 1525 683 1569 ctam
724 1525 773 1569 et
818 1515 1215 1569 immaculalam
1237 1514 1282 1545 ’°
1363 1512 1429 1566 Et
1463 1512 1554 1565 alii
1601 1510 1823 1580 quidem
1864 1508 2121 1562 ultimum

544 1608 690 1662 circa
726 1607 885 1661 ﬁdem
913 1605 1259 1675 naufragium
1298 1605 1590 1668 fecerunt;
1625 1602 1715 1656 alii
1768 1615 1896 1655 vero
1928 1614 2124 1669 quam-

544 1702 629 1757 vis
661 1708 843 1756 meute
871 1710 927 1757 et
979 1700 1309 1769 cogitatione
1351 1698 1624 1754 submersi
1669 1712 1777 1752 non
1835 1696 1968 1762 sint,
2004 1696 2124 1764 ipsa

546 1802 724 1848 tamen
752 1792 974 1847 haeresis
1011 1791 1419 1852 communione,
1447 1805 1553 1843 una
1588 1789 1893 1859 perierunt.
1938 1787 2124 1840 Enim-

545 1900 677 1940 vero
716 1886 882 1941 etiam
937 1885 976 1939 ii
1035 1884 1129 1952 qui
1178 1892 1329 1937 recte
1388 1882 1671 1943 sentiunt,
1726 1878 2124 1950 persecutionis

545 1977 903 2031 diuturnitate
936 1974 1170 2030 titubant
1206 1974 1353 2029 circa
1392 1972 1679 2027 veritatem
1718 1991 1732 2027 :
1776 1972 2130 2041 quemadmo-

545 2070 675 2126 dum
701 2069 769 2124 iis
809 2068 1077 2137 contingit
1107 2066 1202 2136 qui
1233 2067 1300 2120 ad
1345 2065 1685 2121 decumanos
1726 2064 1895 2120 maris
1931 2063 2131 2119 ﬂuctus

546 2162 917 2233 navigationis
994 2161 1159 2215 rudes
1226 2159 1486 2229 caligant.
1566 2157 1875 2213 Miseranda
1972 2157 2131 2212 nobis

547 2254 755 2316 omnia,
799 2252 1059 2320 luctuque
1114 2248 1297 2320 digna.
1360 2246 1773 2303 Subtrahuntur
1821 2246 2035 2303 cantica
2064 2248 2132 2302 ab

546 2345 789 2416 antiquis
816 2352 1059 2413 accepta,
1094 2343 1147 2396 in
1191 2341 1393 2411 quibus
1441 2340 1739 2410 imaginum
1788 2341 1849 2395 ﬁt
1881 2342 2086 2397 mentio
2115 2358 2128 2395 :

548 2444 825 2492 canuntur
849 2450 947 2505 pro
967 2435 1047 2488 eis
1068 2448 1209 2487 nova
1244 2433 1411 2502 impia
1458 2432 1717 2501 dogmata
1754 2432 1934 2501 palam
1960 2446 2130 2501 expo-

547 2528 673 2591 sita.
728 2542 850 2597 qua:
884 2536 939 2580 et
988 2525 1174 2594 pueris
1225 2524 1360 2593 ipsis
1419 2523 1710 2577 traduntur
1763 2538 1791 2575 a
1828 2522 2129 2592 magistris.

549 2618 806 2675 Omnium
837 2633 1020 2672 rerum
1054 2616 1220 2686 impia
1256 2623 1340 2670 est
1383 2614 1689 2678 conversio,
1735 2613 1881 2668 Facti
1915 2629 2131 2679 sumus,

550 2717 614 2765 ut
658 2709 878 2780 proprie
930 2708 1143 2777 loquar,
1202 2706 1347 2761 sicut
1406 2706 1645 2759 Sodoma
1713 2715 1768 2760 et
1826 2704 2132 2759 Gomorrha

553 2810 775 2873 pr0pter
802 2808 1022 2871 peccata
1051 2808 1238 2854 nostra
1256 2800 1301 2831 "
1335 2816 1347 2853 :
1376 2806 1431 2852 et
1454 2796 1691 2867 procella
1718 2798 1942 2852 haeresis
1966 2798 2132 2852 altius

553 2895 609 2950 in
662 2894 781 2949 dies
832 2908 1124 2964 assurgens
1162 2906 1268 2946 nos
1325 2890 1549 2959 operit:
1594 2904 1695 2944 nec
1754 2890 2009 2945 inventus
2051 2899 2135 2944 est

552 2984 647 3055 qui
690 2984 971 3041 Christum
1006 2983 1175 3038 Deum
1218 2990 1467 3036 nostrum
1520 2980 1940 3051 expergefaciat,
1977 2992 2032 3036 ut
2060 2981 2133 3035 in-

554 3084 738 3144 crepet
772 3076 1144 3130 turbulentum
1172 3075 1275 3128 hoc
1304 3088 1476 3127 mare.

623 3166 695 3220 At
733 3175 790 3220 tu
822 3176 941 3221 esto
968 3165 1125 3219 nobis
1148 3179 1338 3218 unuse
1369 3162 1653 3217 duodecim
1686 3164 1971 3232 apostolis,
2004 3166 2131 3219 bea-
2158 3178 2201 3237 α

553 3260 767 3316 tissime
799 3276 811 3312 :
838 3258 1015 3312 excita
1044 3270 1076 3310 e
1103 3269 1299 3310 somno
1339 3255 1642 3309 insomnem
1672 3254 1889 3308 oculum
1921 3255 2137 3324 dispen-

552 3351 762 3415 satorie
813 3349 1225 3412 dormitantem,
1289 3347 1417 3415 quia
1471 3345 1713 3415 perimus
1768 3346 2016 3400 omnino.
2079 3346 2136 3400 Si

553 3443 700 3511 quod
731 3449 816 3496 est
857 3449 912 3494 et
940 3438 1088 3493 aliud
1133 3436 1319 3491 auxilii
1354 3436 1705 3505 pbarmacum
1741 3437 1809 3490 ad
1856 3437 2135 3493 sanandos

555 3533 803 3587 inﬁrmos
831 3548 847 3598 ;
878 3539 938 3585 ut
975 3528 1181 3599 peritus
1226 3527 1445 3582 adhibe.
1484 3528 1867 3595 Deprecamur,
1904 3528 2137 3583 sanctis-

554 3625 713 3685 sime,
746 3622 1105 3683 obtestamur,
1137 3619 1443 3673 hortamur.
1474 3617 1713 3672 Membra
1743 3630 1832 3673 tua
1883 3635 2075 3674 sumus
2118 3640 2132 3674 :

556 3712 1001 3784 quandoquidem
1034 3711 1220 3765 ﬁdeles
1243 3724 1436 3763 omnes
1472 3725 1659 3772 corpus
1682 3720 1804 3762 sunt
1838 3710 2058 3774 Christi,
2087 3721 2137 3765 et

555 3806 788 3860 membra
814 3822 878 3859 ex
929 3817 1081 3875 parte
1108 3805 1176 3858 ⁸⁸.
1210 3803 1447 3875 Ρταδοίρθ
1479 3813 1533 3859 et
1569 3804 1693 3859 aliis
1719 3805 1923 3859 sanctis
1960 3804 2139 3859 Patrio

556 3897 661 3951 bus
704 3896 930 3960 nostris,
983 3895 1422 3951 intercessoriam
1469 3909 1692 3949 manuni
1738 3894 2041 3964 porrigant,
2079 3902 2139 3948 ut

562 3990 863 4043 multorum
898 3987 1249 4057 interpositu,
1280 4002 1436 4043 suam
1472 3984 1617 4041 Deus
1640 3985 1801 4041 nebis
1832 3986 2137 4041 misericor-

554 4082 701 4137 diam
736 4081 1032 4151 impertiat.
1074 4079 1232 4135 Hunc
1269 4080 1325 4134 in
1370 4080 1532 4135 linem
1579 4080 1833 4150 epistola,
1869 4090 1925 4135 et
1967 4082 2138 4136 tabel-

556 4174 728 4229 larius
772 4174 841 4228 ab
881 4173 1138 4229 omnibus
1171 4173 1358 4227 animo
1392 4172 1713 4237 destinatus,
1759 4171 1864 4227 etsi
1901 4186 1933 4226 a
1978 4173 2137 4228 nobis

554 4266 688 4321 solis
743 4264 986 4320 omnium
1041 4264 1286 4320 minimis
1352 4264 1571 4319 illorum
1626 4264 1799 4318 vicem
1849 4265 2137 4335 agentibus

557 4358 783 4413 missus.
818 4354 888 4411 Ut
914 4363 1095 4411 autem
1128 4371 1196 4411 ex
1238 4363 1394 4427 parte
1415 4364 1713 4420 cognoscat
1744 4355 2011 4411 celsitudo
2042 4371 2134 4412 ve—

2222 589 2441 641 εἴδωλον
2465 587 2672 655 πλάνης
2697 601 2710 617 ·
2738 583 2912 646 οὕτως
2943 584 3093 635 πᾶσα
3119 580 3253 651 ἄλλη
3275 580 3623 650 δεσποινικὴ,
3647 582 3805 648 ἁγιω-

2220 681 2369 751 τική.
2411 681 2594 748 Ἄρτι,
2640 676 2799 745 φησὶ,
2849 673 3069 745 καθαρά
3101 672 3197 725 καὶ
3234 671 3542 741 ἀμώμητος
3589 672 3805 735 πίστις·

2223 773 2371 842 ἄρτι,
2404 770 2562 839 φησὶ,
2599 766 2805 837 Κύριος
2829 764 3094 834 ἐλάλησεν
3120 764 3372 831 εἰρήνην
3395 763 3495 815 ἐπὶ
3530 763 3643 815 τὸν
3664 765 3807 815 λαὸν

2224 860 2432 925 αὐτοῦ,
2468 859 2566 913 καὶ
2600 856 2701 911 ἐπὶ
2735 855 2879 921 τοὺς
2908 855 3122 920 ὁσίους
3164 854 3373 916 αὐτοῦ,
3405 853 3507 906 καὶ
3543 853 3647 905 ἐπὶ
3678 853 3806 916 τοὺς

2223 950 2697 1020 ἐπιστρέφοντας
2722 947 2975 1016 καρδίαν
2998 946 3092 999 ἐπ’
3120 946 3328 999 αὐτόν.
3367 943 3458 1007 Ὠς
3487 944 3593 1014 ήδη
3628 944 3808 1013 ἀρθεί-

2226 1058 2326 1111 σης
2349 1040 2446 1109 τῆς
2480 1038 2723 1109 εἰρήνης,
2754 1040 2847 1107 ἀφ’
2875 1030 2937 1090 οὗ
2969 1036 3204 1105 Χριστὸς
3230 1034 3358 1103 ἔφη·
3402 1034 3675 1102 Εἰρήνην
3701 1034 3807 1102 ἀρ-

2226 1134 2351 1201 ίημι
2382 1132 2524 1199 ὑμῖν
2545 1146 2558 1159 ο
2593 1128 2843 1198 εἰρήνην
2865 1127 2982 1195 τὴν
3013 1126 3169 1195 ἐμὴν
3199 1125 3407 1193 διδωμι
3436 1124 3586 1193 ὑμῖν
3605 1143 3620 1155 ο
3655 1126 3809 1196 μέχρι

2224 1222 2318 1277 τοῦ
2353 1221 2517 1293 δεῦρο
2540 1236 2553 1250 ’
2590 1223 2681 1274 καὶ
2709 1218 3111 1293 ἐρρυπωμένης
3141 1215 3309 1286 οὔσης
3338 1216 3441 1286 τῆς
3483 1216 3812 1285 Ἐκκλησίας

2226 1312 2391 1367 αὑτοῦ
2416 1329 2431 1344 °
2462 1314 2528 1381 ἢν
2554 1314 2581 1365 ὁ
2618 1311 2760 1381 ἱερὸς
2792 1310 3005 1373 Παῦλος
3045 1309 3144 1380 βοᾷ
3168 1308 3254 1378 μὴ
3294 1310 3462 1377 ἔχειν
3494 1306 3748 1372 σπῖλον,
3778 1307 3810 1373 ἢ

2218 1404 2458 1474 ῥυτίδα,
2488 1403 2526 1472 ἦ
2558 1421 2613 1457 τι
2646 1401 2765 1456 τῶν
2802 1402 3086 1456 τοιούτων
3105 1417 3119 1431 ·
3150 1400 3291 1455 ἀλλ’
3319 1397 3474 1454 εἶναι
3511 1400 3695 1469 ἁγίαν
3721 1400 3813 1453 καὶ

2226 1496 2487 1565 ἄμωμον.
2519 1496 2584 1547 Οἱ
2613 1493 2711 1564 μὲν
2733 1493 2916 1547 τέλεον
2947 1492 3075 1563 περὶ
3099 1492 3198 1562 τὴν
3224 1493 3407 1545 πίστιν
3429 1492 3809 1561 ἐναυάγησαν·

2226 1588 2275 1639 οἱ
2299 1587 2440 1651 δὲ,εί
2469 1587 2563 1638 καὶ
2590 1586 2702 1647 τοῖς
2723 1583 3001 1654 λογισμοῖς
3024 1584 3085 1637 οὐ
3116 1581 3646 1653 κατεποντίσθησαν,
3673 1584 3815 1653 ὅμως

2228 1681 2295 1749 τῇ
2328 1676 2585 1747 κοινωνίᾳ
2635 1676 2733 1745 τῆς
2766 1677 3032 1746 αἱρέσεως
3082 1674 3457 1728 συνόλλυνται.
3498 1673 3668 1727 Ἀλλά
3714 1672 3816 1743 γὰρ

2227 1770 2322 1821 καὶ
2367 1766 2521 1819 αὐτοὶ
2563 1767 2614 1817 οἱ
2663 1766 2805 1818 κατὰ
2837 1763 2962 1817 νοῦν
3000 1761 3429 1833 ὸρθοδοξοῦντες,
3472 1765 3541 1833 τῇ
3585 1764 3816 1832 ἐπιμονῇ

2157 1843 2199 1899 Β
2228 1852 2323 1907 τοῦ
2353 1850 2597 1922 διωγμοῦ
2637 1850 2907 1919 ίλιγγιῶσι
2933 1851 3064 1921 περὶ
3090 1852 3191 1921 τὴν
3218 1851 3478 1922 ἀλήθειαν
3496 1868 3513 1882 ·
3545 1850 3741 1921 ὥσπερ
3768 1853 3815 1903 οι

2232 1944 2336 1997 ὑπὸ
2368 1943 2675 2014 τρικυμιῶν
2706 1943 2986 2011 Θαλάσσης
3011 1943 3237 2014 ἀπειρίᾳ
3272 1943 3557 2008 πλεύσεως
3593 1944 3815 1998 σκοπού-

2232 2052 2406 2106 μενοι.
2450 2035 2691 2089 Ἐλεεινά
2740 2036 2807 2089 τὰ
2840 2036 3017 2089 πάντα
3061 2036 3191 2106 ὑμῖν
3233 2035 3330 2090 καὶ
3373 2036 3629 2108 ὀδυρμῶν
3671 2020 3817 2103 ἀξια.

2230 2128 2702 2199 Παραστέλλονται
2742 2126 3053 2197 ψαλμῳδίαι
3087 2128 3609 2197 ἀρχαιοπαράδοτοι,
3649 2131 3708 2181 ὲν
3737 2125 3821 2192 αἷς

2232 2218 2360 2287 περὶ
2388 2216 2613 2269 εἰκόνων
2650 2216 2833 2287 ᾁδεταί
2875 2234 2928 2269 τι
2948 2234 2962 2249 ο
2990 2217 3275 2288 ἀντᾲδεται
3303 2218 3371 2270 τά
3400 2219 3573 2287 ἀσεὸῆ
3604 2219 3703 2273 νέα
3739 2221 3822 2273 δό-

2231 2325 2415 2379 γματα
2457 2310 2535 2372 εἰς
2564 2304 2841 2379 προῦπτον
2876 2309 3109 2378 κείμενα
3134 2324 3147 2336 '
3183 2308 3319 2364 ἀλλα
3343 2312 3457 2373 τοῖς
3486 2312 3648 2364 παισὶ
3685 2312 3819 2382 πρὸς

2230 2400 2339 2452 τῶν
2367 2399 2707 2452 διδασκάλων
2731 2399 3157 2470 παραδιδόμενα.
3188 2401 3297 2453 Καὶ
3330 2403 3817 2471 μεταστοιχείωσις

2230 2491 2340 2543 τῶν
2368 2491 2622 2545 ἁπάντων
2651 2490 2955 2562 ἀθεωτάτη.
2996 2491 3347 2562 Ἐγενόμεθα,
3381 2493 3593 2563 κυρίως
3623 2495 3818 2555 εἰπεῖν,

2234 2582 2309 2644 ὡς
2351 2582 2558 2651 Σόδομα
2596 2580 2692 2636 καὶ
2720 2581 2973 2653 Γόμορρα
3008 2582 3152 2636 κατά
3182 2585 3283 2647 τὰς
3312 2584 3589 2654 ἁμαρτίας
3627 2585 3820 2655 ἡμῶν

2235 2673 2332 2725 καὶ
2359 2674 2391 2742 ἡ
2425 2672 2699 2741 καιταιγὶς
2722 2672 2824 2743 τῆς
2853 2673 3119 2742 αἱρέσεως
3147 2676 3531 2745 κορυφουμένη
3559 2675 3822 2745 κορυφοῦ·

2233 2781 2325 2816 ται
2367 2763 2638 2833 ὁσημέραι
2719 2763 2814 2816 καὶ
2842 2764 2871 2817 ὁ
2900 2764 3275 2833 διαναστήσων
3304 2766 3542 2835 Χριστὸν
3568 2767 3661 2819 τὸν
3692 2767 3821 2819 Θεὸν

2234 2854 2393 2924 ἡμῶν
2428 2854 2751 2925 ἐπιτιμῆσαι
2770 2856 2838 2925 τῇ
2869 2854 3083 2925 πονηρᾷ
3114 2853 3286 2927 ταύτῃ
3317 2855 3566 2929 Θαλάσσῃ
3597 2859 3697 2928 οὐχ
3730 2857 3819 2911 εὖ·

2237 2964 2424 3018 ρηται.

2318 3188 2479 3244 Ἀλλά
2514 3186 2673 3257 γενοῦ
2707 3188 2839 3259 ἡμῖν
2882 3183 2963 3251 εἷς
3009 3186 3121 3241 τῶν
3147 3186 3356 3242 δώδεκα
3393 3189 3738 3251 ἀποστόλων,
3779 3180 3823 3241 ὦ

2244 3279 2665 3351 μοικσιριώτατε⁹
2714 3280 2993 3333 διύπνισον
3042 3279 3136 3331 τὸν
3186 3278 3490 3349 ἀκοίμητον
3542 3274 3825 3349 ὀφθαλμὸν

2238 3371 2597 3440 οἰκονομικῶς
2625 3370 2956 3422 καθεύδοντα
2980 3381 2995 3397 ⁶
3030 3370 3111 3422 ὅτι
3141 3369 3497 3439 ἀπολλύμεθα
3520 3371 3726 3424 τέλεον.
3764 3372 3823 3424 El

2240 3480 2354 3526 πως
2396 3462 2491 3514 καὶ
2529 3459 2702 3521 ἄλλως
2730 3460 2846 3512 ἐστι
2878 3475 2933 3512 τι
2972 3461 3262 3529 φάρμακον
3295 3461 3575 3532 βοηθείας,
3609 3462 3826 3533 ἰατρεῦ-

2239 3570 2331 3607 σαι
2380 3553 2507 3614 τοὺς
2558 3550 2963 3621 ἠσθενηκόταςο
3009 3550 3085 3613 ὡς
3139 3553 3462 3622 ἐπιστήμων
3515 3555 3822 3625 ἐπείχθητι.

2238 3644 2365 3709 Nai,
2400 3641 2653 3710 δεόμεθα,
2687 3639 2959 3710 ἀγιώτατε
2979 3640 3399 3711 ’ἀντιϐολοῦμεν
3420 3658 3435 3673 ·
3467 3646 3823 3715 παρακαλοῦ-

2242 3748 2361 3801 μεν.
2408 3730 2510 3783 Σοῦ
2549 3732 2715 3801 ἐσμεν
2748 3729 2884 3799 μέλη
2907 3747 2923 3761 ο
2956 3730 3082 3783 ἐπεὶ
3123 3730 3173 3783 οἱ
3202 3730 3403 3793 πάντες
3438 3735 3627 3785 πιστοὶ
3654 3734 3825 3801 σῶμα

2237 3820 2495 3889 Χριστοῦ
2526 3820 2624 3873 καὶ
2657 3818 2815 3889 μέλη
2843 3820 2911 3873 ἐκ
2935 3820 3183 3889 μέρους.
3225 3821 3553 3892 Ἐπίτρεψον
3585 3825 3684 3876 καὶ
3710 3828 3821 3887 τοῖς

2236 3912 2417 3973 ἄλλοις
2454 3910 2631 3978 ἁγίοις
2674 3912 2953 3980 Πατράσιν
2996 3911 3155 3981 ἡμῶν
3206 3913 3366 3982 χεῖρα
3414 3912 3820 3983 πρεσϐευτικὴν

2235 4001 2454 4072 ὀρέξαι·
2489 4000 2577 4054 ῐνα
2601 4002 2665 4053 ἐκ
2692 4000 2907 4053 πολλῶν
2934 4000 3247 4071 προσώπων
3278 4002 3338 4055 τὸ
3375 4004 3457 4067 είς
3489 4006 3644 4074 ἡμᾶς
3676 4004 3822 4069 ἕλεος

2236 4094 2320 4161 εῐη
2362 4090 2517 4162 παρὰ
2551 4090 2716 4145 Θεοῦ.
2747 4092 2953 4144 Τούτου
2992 4090 3057 4162 δὴ
3085 4092 3245 4162 χάριν
3276 4093 3338 4146 τὸ
3368 4095 3631 4163 γράμμα,
3667 4097 3763 4150 καὶ
3795 4102 3823 4149 ὸ

2236 4182 2711 4253 γραμματηφόρος
2745 4181 2883 4251 πρὸς
2912 4184 3130 4236 πάντων
3155 4185 3223 4252 τῇ
3250 4184 3508 4252 προθέσει
3539 4187 3821 4241 ἀπεσταλο

2239 4270 2398 4339 μένος
2422 4285 2434 4299 ·
2468 4270 2517 4321 εί
2548 4270 2643 4321 κα)⁵
2671 4269 2804 4338 παρ’
2830 4271 2863 4338 ή
2874 4269 2991 4338 μῶν
3018 4270 3197 4337 μόνων
3222 4270 3332 4322 τῶν
3361 4270 3665 4340 ἐλαχίστων
3692 4278 3824 4329 ἀνα-

2237 4362 2592 4431 πληρούντων
2629 4361 2690 4415 τὸ
2728 4361 2952 4415 ἐκείνων
2989 4361 3302 4431 πρόσωπον.
3332 4362 3449 4416 Ἵνα
3475 4364 3535 4416 δὲ
3571 4367 3730 4438 γνοίη
3758 4370 3824 4421 ἐκ

554 4462 691 4513 stra,
743 4448 1053 4519 cuiusmodi
1103 4449 1216 4503 sint
1266 4447 1521 4519 dogmata
1568 4448 1861 4517 impiorum
1906 4465 1922 4502 :
1964 4465 2026 4504 ea
2077 4452 2131 4505 in

2241 4454 2441 4524 μέρους
2470 4457 2504 4525 ἡ
2533 4454 2897 4524 κορυφαιότης
2927 4469 3043 4517 σου,
3072 4447 3159 4507 οἷα
3182 4453 3252 4506 τὰ
3274 4452 3381 4507 τῶν
3406 4454 3586 4509 ἀθέων
3610 4456 3824 4525 δόγμα-

555 4540 1009 4610 quaternionibus
1047 4538 1317 4608 descripta
1362 4537 1610 4608 epistolae
1661 4538 1834 4607 adjeci
1879 4557 1893 4593 :
1929 4555 2049 4608 qua:
2080 4550 2131 4595 et

2238 4562 2337 4600 ται
2392 4524 2787 4599 συναπέστειλα
2826 4548 2940 4608 τοῖς
2986 4546 3277 4615 γράμμασι
3322 4546 3497 4600 ταῦτα
3529 4548 3589 4601 ἐν
3624 4524 3824 4619 τετρα-

556 4630 790 4695 aliorum
838 4638 1030 4699 rogatu
1076 4626 1362 4682 refutanda
1409 4628 1696 4697 imperitus
1742 4631 1978 4699 suscepi.
2025 4628 2133 4685 Ora

556 4732 738 4777 autem
774 4730 833 4775 ut
862 4736 924 4775 ea
964 4716 1220 4790 inspiciat
1240 4720 1424 4775 divina
1458 4728 1548 4774 tua
1582 4720 1874 4789 sapientia,
1910 4730 1962 4775 et
1987 4722 2132 4791 quod

554 4815 709 4869 deest
738 4816 1006 4883 suppleat,
1035 4812 1362 4880 veniamque
1383 4810 1517 4864 mihi
1547 4811 1753 4868 tribuat
1783 4820 2086 4866 erratorum
2114 4828 2130 4865 :

555 4917 719 4976 atque
780 4904 917 4960 adeo
958 4917 1282 4960 conservum
1338 4901 1559 4958 fratrem
1615 4911 1863 4957 nostrum
1926 4903 2134 4957 litteras

554 5014 694 5067 quas
734 4995 942 5068 accep'it
992 4997 1196 5054 sanctis
1240 4996 1365 5050 aliis
1411 4995 1656 5060 reddere,
1699 5005 1753 5050 et
1783 4996 1891 5052 huc
1922 5007 2133 5067 postea,

557 5090 669 5143 Deo
700 5091 934 5154 volente,
964 5088 1142 5144 redire
1171 5088 1470 5158 permittat.

2238 4635 2403 4699 δίοις*
2433 4635 2469 4689 ἃ
2497 4635 2591 4688 καὶ
2620 4632 2776 4699 ἔδοξα
2812 4636 2841 4688 ὁ
2860 4635 3078 4705 ἀμαθὴς
3106 4636 3457 4707 ἀνατρέπειν,
3478 4640 3825 4711 προτραπεὶς

2241 4728 2333 4795 ὑφ’
2381 4728 2604 4797 ἑτέρων.
2635 4727 2781 4780 Αίτῶ
2808 4726 2867 4779 δὲ
2896 4728 3048 4798 παρά
3086 4730 3188 4798 τῆς
3236 4728 3336 4797 σῆς
3369 4728 3661 4799 θεοσοφίας
3704 4734 3827 4785 ἐπι-

2240 4820 2573 4889 σκεφθῆναιι
2600 4819 2695 4873 καὶ
2710 4818 2783 4893 τὸ
2804 4817 3020 4883 ἐλλιπὲς
3047 4819 3420 4889 ἀνορθωθῆναι
3442 4837 3455 4850 ·
3489 4822 3829 4893 συγγνώμην

2238 4929 2299 4963 τε
2345 4912 2454 4965 τῶν
2517 4892 2927 4982 ἐπωφλῆμένων
2977 4912 3231 4977 δέξασθαί
3271 4929 3342 4983 με
3367 4928 3382 4945 ’
3428 4914 3490 4967 οὐ
3531 4914 3639 4985 μὴν

2238 5002 2333 5055 καὶ
2385 5002 2475 5056 τὸν
2528 5002 2817 5057 σύνδουλον
2862 5003 3018 5073 ήμῶν
3063 5004 3291 5073 ἀδελφὸν
3336 5006 3786 5077 συγκροτηθῆναι
3810 5024 3824 5039 ·

2232 5094 2371 5163 πρός
2427 5111 2485 5146 τε
2554 5094 2791 5147 διάδοσιν
2852 5093 2962 5147 τῶν
3016 5096 3075 5147 ἐν
3126 5091 3208 5158 οἷς
3261 5097 3661 5169 ἐπεστείλαμεν
3709 5100 3829 5153 ἐτέ-

555 5202 665 5257 ρων
733 5182 904 5250 ἁγίων
972 5181 1282 5251 προσώπων
1350 5179 1645 5233 ἐπιστολῶν
1672 5198 1683 5211 ·
1732 5180 1829 5233 καὶ
1876 5178 1961 5251 δὴ,
1992 5171 2128 5234 Θεοῧ
2171 5183 2434 5250 θέλοντος,
2497 5189 2576 5248 εἰς
2636 5186 2972 5258 ἐπιστροφὴν
3024 5186 3336 5251 παλινοδῐας
3366 5189 3535 5244 αὐτοῦ
3582 5191 3693 5245 τῶν
3736 5194 3831 5246 ὲν-

552 5275 747 5330 ταῦθα.

835 5410 973 5465 XVI.
1010 5440 1079 5452 ——
1108 5410 1187 5463 Ad
1216 5410 1445 5463 Lauram
1476 5412 1647 5464 sancti
1677 5410 1852 5466 Sabaz.

559 5525 603 5578 A
631 5525 740 5580 Deo
785 5527 1068 5589 honorato,
1090 5526 1281 5578 dilecto
1317 5534 1366 5578 et
1400 5526 1670 5594 spirituali
1699 5525 1854 5579 Patri
1880 5543 2012 5593 meo,
2037 5526 2132 5579 do-

625 5618 769 5669 mino
812 5618 1092 5685 pra’posito
1110 5618 1604 5685 percelebrislaurw
1650 5620 1939 5672 beatissimi
1966 5622 2136 5674 sancti

624 5708 803 5762 Patris
851 5712 1015 5763 nostri
1068 5710 1246 5774 Saba',
1282 5721 1329 5764 et
1361 5712 1428 5765 iis
1458 5712 1546 5780 qui
1579 5718 1670 5763 sub
1695 5729 1753 5765 ea
1783 5722 1903 5765 sunt
1938 5714 2135 5767 sanctis

628 5830 675 5863 ³⁵
708 5827 851 5884 Psal.
880 5845 1094 5896 Lxxxtv,
1136 5830 1187 5883 9.
1266 5832 1308 5861 9°
1336 5827 1495 5883 Joau.
1528 5846 1637 5893 xiv,
1673 5832 1761 5883 27.

2384 5410 2501 5481 ις’.
2525 5443 2596 5453 —
2625 5416 2727 5483 Εἰς
2750 5412 2863 5480 τὴν
2887 5412 3129 5481 Λαύραν
3158 5410 3263 5466 τοῦ
3290 5408 3462 5479 ἁγίου
3496 5411 3678 5466 Σάὅα.

2248 5526 2331 5593 Τῷ
2372 5528 2715 5597 θεοτιμήτῳ,
2740 5527 3103 5595 ἠγαπημένῳ
3140 5525 3237 5577 καὶ
3280 5524 3664 5593 πνευματικῷ
3697 5543 3822 5595 μου

2312 5620 2515 5688 Πατρὶ,
2554 5620 2737 5687 κυρίῳ
2765 5618 3124 5686 καθηγεμόνι
3152 5615 3264 5683 τῆς
3294 5618 3651 5685 περιϐοήτου
3668 5620 3822 5673 λαύ-

2308 5730 2422 5781 ρας
2453 5710 2559 5765 τοῦ
2628 5710 3023 5779 παμμιὶκαρος
3047 5709 3219 5778 ἁγίου
3243 5711 3475 5777 [Iatqu
3498 5712 3669 5780 ἡμῶν
3706 5712 3819 5765 Σά-

1841 5834 1885 5864 νε
1916 5830 2119 5902 Ephcs.
2148 5848 2196 5896 ν,
2232 5831 2318 5885 27.
2396 5831 2438 5861 ’τ
2482 5828 2586 5883 lsa.
2623 5844 2658 5893 ι,
2688 5829 2742 5881 9.
2824 5827 2868 5859 ⁸⁸
2908 5824 2951 5880 ll
2994 5825 3117 5881 Cor.
3152 5841 3251 5891 xu,
3276 5823 3365 5878 27.
