3934 6442
151 382 293 448 1165

1350 398 1889 461 EPISTOLARUM
1931 402 2077 463 LIB.
2145 402 2227 463 II.

3286 395 3422 464 “66

207 501 306 565 δα,
328 500 570 568 καὶτοῖς
598 505 699 557 ὑπ’
732 507 889 575 αὐτῇ
920 508 1113 577 ὁσίοις
1143 529 1261 581 μου
1286 515 1574 583 Πατράσι,
1598 517 1730 574 Θεό-

1911 517 2165 572 Patribus
2206 518 2358 582 meis,
2397 515 2701 572 Theodorus
2753 516 3025 583 minimus,
3070 515 3334 588 presbyter
3369 527 3418 571 et

208 592 401 658 ὃωρος
429 593 780 666 ἐλάχιστος,
830 604 1231 672 πρεσσύτερος
1271 609 1367 661 καὶ
1398 610 1734 679 ἡγούμενος

210 681 336 777 τῶν
356 685 671 777 Στουδίου.
1534 702 1696 777 [σς-’.]

208 774 374 844 Χαρά
403 793 493 845 μοι
530 780 743 852 μεγάλη
773 784 867 836 καὶ
896 784 1055 856 δόξης
1087 790 1351 859 περιϐολὴ
1380 793 1459 863 τῷ
1488 774 1693 866 ἀναξίῳ
1712 810 1726 825 ο

134 864 336 933 ὅτιπερ
368 868 609 938 ἠξίωμαι
637 872 851 937 εὐτελές
880 894 981 945 μου
1005 884 1386 950 γραμματεῖον
1413 864 1733 941 ἀποστεῖλαι

134 954 194 1004 ἐν
224 953 379 1045 τόπῳ
409 957 571 1027 ἀγίῳ,
601 960 660 1012 ὲν
694 967 916 1031 σκηναῖς
948 967 1111 1020 όσίων
1136 970 1237 1038 τῆς
1269 972 1543 1044 ὑμετέρας
1577 992 1733 1045 περι-

135 1044 381 1115 ποθήτου
423 1050 787 1120 πατρότητος.
836 1056 1052 1128 Ἐπειδὴ
1090 1059 1199 1131 γὰρ
1231 1065 1296 1132 τῇ
1334 1063 1427 1116 τοῦ
1474 1044 1731 1136 σώματος

137 1140 421 1230 παρουσίᾳ
463 1143 563 1213 οὐχ
592 1140 706 1199 οἷόν
743 1164 802 1199 τε
834 1144 901 1219 ἦν
940 1156 1347 1223 παραγενέσθαι
1399 1176 1469 1228 με
1501 1160 1639 1230 πρὸς
1666 1163 1734 1217 τὰ

140 1227 265 1299 ίχνη
298 1231 477 1301 ὑμῶν,
510 1235 604 1287 καὶ
658 1237 783 1291 ίδεῖν
836 1242 897 1293 τὸ
952 1243 1108 1311 ἅγιον
1148 1227 1410 1318 τέμενος,
1442 1227 1555 1321 τὴν-
1582 1254 1735 1323 ἱερὰν

135 1324 405 1394 περιοχὴν
433 1326 701 1401 ὑμῶν,’ἢν
731 1332 844 1399 ἐγὼ
868 1335 897 1386 6
920 1339 1197 1406 ταπεινὸς,
1226 1341 1301 1404 ὡς
1328 1343 1483 1396 πόλιν
1507 1344 1643 1398 Θεοῦ
1666 1328 1735 1401 δι’

133 1415 320 1480 αἰδοῦς
355 1417 495 1487 ἔχων
536 1423 650 1491 εἰμί
731 1427 1027 1499 εὐδόκησεν
1058 1433 1086 1484 6
1118 1434 1321 1499 ἀγαθὸς
1348 1437 1481 1499 Θεὸς
1520 1438 1608 1491 διὰ
1636 1439 1735 1508 τῆς

134 1508 233 1601 τοῦ
282 1516 612 1581 γράμματος
647 1518 961 1589 ἐπισκοπῆς
993 1523 1051 1575 τὸ
1083 1526 1422 1597 καταθύμιόν
1455 1545 1557 1598 μου
1594 1530 1735 1601 πλη-

138 1600 317 1669 ρῶσαι
358 1605 452 1656 τοῦ
482 1607 832 1677 ἀμαρτωλοῦ.
865 1614 974 1666 Καὶ
1018 1615 1082 1685 δὴ
1128 1617 1205 1680 ὡς
1244 1618 1434 1690 παρὼν
1484 1622 1592 1692 πρὸ
1626 1625 1736 1678 τῶν

134 1693 319 1745 ποδῶν
349 1695 505 1765 ὑμῶν
539 1738 553 1763 ,
588 1702 682 1752 καὶ
713 1703 1156 1777 περιπτύσσομαι
1190 1709 1335 1780 ὑμᾶς
1362 1711 1435 1782 τῷ
1460 1713 1603 1784 ἁγίῳ
1634 1715 1735 1768 πό-

135 1783 220 1853 θῳ
248 1804 261 1816 ·
299 1787 395 1841 καὶ
434 1792 728 1859 προσκυνῶ
764 1794 1244 1869 τδὈεῖονέδαφος,
1281 1802 1340 1854 ἐν
1382 1796 1426 1871 ᾧ
1473 1804 1534 1857 τὸ
1578 1806 1733 1861 ἐκλε-

133 1880 272 1931 κτὸν
301 1881 495 1944 σκεῦος
519 1886 612 1937 τοῦ
643 1886 779 1939 Θεοῦ
819 1891 1175 1960 τεταμίευται
1198 1911 1213 1925 ο
1258 1895 1321 1948 τὸ
1348 1897 1463 1965 φῶς
1489 1899 1598 1952 τῶν
1631 1918 1731 1970 μο-
1766 1869 1806 1924 Β

132 1971 435 2033 ναςόντων·
470 1975 499 2026 6
539 1974 798 2047 λαμπτὴρ
830 1980 926 2050 τῆς
953 1982 1280 2055 οἰκουμένης
1305 2000 1318 2015 ⁸
1352 1989 1381 2039 6
1409 1987 1501 2040 τοῦ
1538 1992 1729 2059 νοητοῦ

130 2061 344 2129 Φαραὼ
399 2071 860 2140 καταποντιστὴς·
905 2072 998 2126 καὶ
1042 2075 1138 2127 τοῦ
1182 2077 1343 2144 ἁγίου
1376 2079 1562 2145 ἔθνους
1599 2082 1732 2135 καθ-

139 2155 383 2225 ηγητὴς,
419 2158 449 2210 ὁ
485 2161 584 2228 τῆς
621 2161 780 2228 ἁγίας
809 2164 911 2233 γῆς
941 2166 1235 2238 ἐγκρατὴς,
1268 2171 1362 2223 καὶ
1405 2172 1512 2226 τῶν
1566 2174 1728 2228 θείων

136 2245 322 2314 μονῶν
375 2246 726 2320 κληροδότης.
779 2254 1210 2327 Συνασπάζομαι
1250 2263 1344 2313 καὶ
1391 2262 1489 2325 τὰς
1539 2265 1733 2329 λοιπὰς

133 2336 446 2406 σεὸασμίας
508 2340 706 2410 θήκας,
759 2345 843 2411 ἐφ’
899 2341 987 2408 αἷς
1035 2350 1103 2400 τὰ
1168 2350 1289 2421 ἱερά
1346 2351 1571 2422 σώματα
1620 2357 1730 2409 τῶν

131 2428 307 2480 ὁσίων
327 2444 342 2459 °
376 2425 457 2492 οἷς
489 2431 518 2483 6
544 2431 771 2495 πλοῦτος
799 2434 908 2487 τῶν
937 2437 1169 2504 ἀρετῶν,
1201 2441 1259 2492 ἐν
1290 2444 1445 2495 νυκτὶ
1478 2445 1571 2497 τοῦ
1604 2448 1730 2517 τῇδε

135 2519 530 2606 βίουᾲᾶστροις
577 2526 781 2577 ἐοικόσι
841 2526 1147 2594 θεοφαέσιν.
1213 2531 1354 2600 Ὀρῶ
1390 2534 1481 2585 τὸν
1530 2536 1728 2606 χῶρον,

134 2613 225 2677 ἐφ’
259 2604 308 2677 ᾧ
364 2613 392 2664 6
444 2613 637 2675 στύλος
695 2615 789 2667 τοῦ
842 2620 1014 2689 πυρὸς
1053 2620 1131 2690 τῷ
1162 2622 1339 2693 στύλῳ
1366 2626 1474 2677 τῶν
1510 2604 1723 2695 ἀρετῶν

132 2696 328 2755 ὦπται
345 2719 359 2732 ·
390 2704 423 2773 ή
453 2708 591 2775 πρὸς
617 2709 743 2771 τοὺς
774 2710 1041 2778 ἀοράτους
1067 2714 1294 2785 ἐχθροὺς
1316 2721 1607 2791 νικηφόρος
1631 2722 1733 2773 πά-

133 2794 205 2865 λη
233 2812 246 2827 ·
303 2796 365 2849 τὸ
412 2797 510 2867 τῆς
561 2797 1007 2872 θαυματουργίας
1058 2805 1276 2877 δρᾶμα·
1318 2810 1477 2864 τοῦτο
1510 2813 1733 2867 κάκεῖνο

135 2887 567 2957 ποικιλλόμενον
591 2892 712 2954 ταῖς
738 2892 877 2946 κατά
905 2895 1095 2962 καιρὸν
1125 2898 1427 2967 ἐνεργείαις
1442 2901 1537 2954 τοῦ
1564 2903 1732 2956 Πνεύ-

135 2995 338 3046 ματος.
374 2982 438 3031 Ὢ
470 2981 616 3036 πόσα
640 3000 731 3053 μοι
766 2986 797 3037 6
828 2985 991 3049 πόθος
1021 2989 1303 3043 ἐπιϐάλλει
1336 2991 1547 3060 λέγεινῐ
1581 2996 1674 3049 καὶ
1700 2998 1729 3049 6

131 3072 346 3154 τρόπος
371 3070 549 3139 είργει
578 3073 671 3126 τοῦ
700 3076 775 3144 μὴ
809 3077 889 3138 εὶς
920 3076 1159 3149 ἄμετρον
1192 3082 1450 3135 ἐκπεσεῖν
1483 3085 1580 3154 τὴν
1609 3087 1730 3139 ἐπι-

1910 612 2228 682 prwpositus
2250 609 2608 667 Studitarum.

1909 783 2102 855 Magna
2163 785 2298 839 mihi
2335 785 2541 851 laetitia,
2589 785 2891 856 ingensque
2920 787 3115 858 gloria,
3161 786 3416 856 indignus

1837 873 1938 929 sim
1977 875 2102 929 licet
2152 874 2298 943 quod
2336 883 2551 929 tenuem
2595 875 2881 943 epistolam
2936 874 3149 928 mittere
3199 873 3252 926 in
3298 875 3417 926 loca

1838 982 1994 1022 sacra
2028 967 2339 1038 contigerit,
2389 968 2446 1022 in
2478 967 2827 1022 tabernacula
2859 977 3198 1029 sanctormn,
3226 975 3418 1019 vestra:

1838 1059 2046 1115 scilicet
2091 1058 2386 1126 plurimum
2435 1056 2756 1111 desiderata:
2812 1056 3181 1125 patet-uitatis.
3228 1054 3417 1120 Quan-

1836 1148 2130 1218 doquidem
2156 1148 2301 1202 enim
2333 1149 2526 1203 adesse
2548 1162 2733 1201 coram
2761 1162 2867 1201 non
2900 1146 3047 1209 licet,
3080 1162 3144 1201 ac
3171 1145 3417 1215 vestigiis

1837 1242 2035 1297 vestris
2085 1240 2321 1303 advolvi,
2357 1248 2412 1295 et
2444 1251 2688 1296 sanctam
2721 1239 2891 1295 aedem
2928 1249 3162 1294 vestram
3189 1238 3416 1302 intueri,

1838 1348 2164 1404 sacrumque
2198 1342 2434 1402 septum,
2481 1333 2626 1403 quod
2674 1347 2776 1403 ego
2835 1332 3085 1396 humilis,
3147 1341 3413 1401 tanquam

1840 1426 1933 1480 Dei
1968 1426 2266 1491 civitatem,
2318 1426 2573 1496 religiose
2604 1439 2834 1480 veneror
2898 1424 3101 1494 placuit
3131 1424 3242 1477 Deo
3270 1423 3414 1492 Opti-

1838 1533 1930 1572 mo
1974 1534 2071 1588 per
2116 1519 2345 1581 litteras,
2397 1518 2559 1573 veluti
2615 1534 2710 1588 per
2751 1517 3053 1589 speculam,
3082 1518 3222 1571 votis
3255 1516 3412 1580 meis,

1839 1612 1967 1665 licet
2012 1612 2249 1680 peccatis
2298 1613 2400 1666 sim
2439 1610 2738 1674 obnoxius,
2787 1612 3184 1665 obsecundare.
3228 1608 3416 1677 Itaque

1838 1712 2098 1771 tanquam
2150 1701 2345 1756 vestris
2371 1700 2598 1770 pedibus
2630 1700 2941 1764 advolutus,
2975 1710 3162 1756 sancto
3192 1715 3288 1753 vos
3322 1698 3416 1751 dc-

1838 1791 2040 1845 siderio
2086 1791 2444 1859 complector,
2500 1798 2556 1844 et
2604 1790 2852 1844 divinum
2892 1791 3080 1843 animo
3126 1791 3417 1845 exosculor

1837 1883 2040 1946 solum,
2075 1882 2129 1936 in
2161 1898 2269 1951 quo
2286 1897 2384 1936 vas
2416 1881 2508 1937 Dei
2540 1883 2771 1937 electum
2801 1894 3072 1945 servatur,
3104 1882 3197 1936 lux
3228 1897 3407 1935 mona-

1836 1973 2090 2036 chorum,
2146 1972 2295 2026 orbis
2342 1980 2609 2029 terrarum
2660 1972 2902 2039 lucerna,
2955 1974 3049 2043 qui
3113 1973 3415 2042 spiritalem

1836 2060 2176 2114 Pharaonem
2207 2059 2490 2125 demersit,
2519 2059 2664 2130 genti
2709 2070 2914 2115 sancta:
2953 2061 3262 2117 moderator
3294 2049 3415 2125 viae,

1837 2162 1994 2207 terrae
2054 2161 2256 2209 sanctae
2304 2168 2548 2223 compos,
2598 2153 3020 2225 divinarumque
3069 2157 3415 2210 mansionum

1835 2245 2184 2301 distributor.
2236 2246 2426 2302 Saluto
2458 2263 2562 2301 una
2596 2256 2650 2301 et
2685 2248 2924 2317 reliquos
2959 2250 3299 2304 venerandos
3337 2250 3419 2303 lo-

1835 2336 2008 2397 culos,
2040 2339 2096 2390 in
2132 2337 2332 2407 quibus
2366 2352 2522 2393 sacra
2569 2348 2883 2394 sanctorum
2924 2341 3140 2395 condita
3164 2355 3416 2411 corpora,

1836 2426 1890 2480 in
1930 2429 2131 2496 quibus
2169 2431 2432 2483 virtutum
2465 2446 2596 2499 epes
2628 2432 2898 2499 repositae,
2943 2433 3145 2502 quippe
3192 2449 3314 2502 quae
3358 2434 3414 2486 in

1836 2528 1997 2573 nocte
2030 2520 2260 2589 hujusce
2281 2521 2408 2576 vita:
2435 2523 2745 2578 divinorum
2788 2524 3029 2579 siderum
3063 2526 3238 2580 instar
3256 2525 3417 2581 eﬂ'ul-

1835 2618 1982 2677 gent.
2023 2608 2227 2664 Locum
2261 2612 2392 2666 mihi
2440 2615 2626 2669 videre
2664 2615 2872 2680 videor,
2926 2617 2979 2671 in
3023 2633 3133 2687 quo
3161 2618 3419 2673 columna

1837 2698 1976 2767 ignis
2013 2715 2112 2769 per
2162 2702 2425 2757 virtutum
2463 2704 2775 2760 columnam
2819 2718 3282 2776 repraesentatur:
3325 2708 3417 2763 ubi

1835 2789 1982 2846 lucta
2039 2792 2303 2848 adversus
2365 2795 2553 2850 hostes
2600 2797 2907 2853 invisibiles
2957 2815 3081 2854 cum
3127 2800 3419 2869 adeptione

1834 2882 2097 2947 victoriae,
2149 2885 2240 2938 ubi
2275 2900 2441 2941 scena
2486 2886 2686 2942 referta
2739 2890 3042 2956 miraculis,
3072 2890 3163 2945 ubi
3217 2891 3322 2947 hoc
3364 2901 3421 2946 et

1836 2974 1967 3029 illud
2013 2987 2320 3044 opportune
2366 2978 2605 3034 illustrat
2650 2981 2934 3050 multiplex
2981 2984 3207 3053 spiritus
3254 2984 3338 3038 vis
3365 2992 3420 3038 et

1833 3065 2089 3123 efﬁcacia.
2124 3067 2170 3123 Ο
2224 3080 2429 3139 quanta
2488 3071 2668 3125 dicere
2711 3072 2952 3143 suggerit
3009 3074 3268 3128 animus!
3322 3074 3418 3129 sed

132 3149 359 3229 στολήν.
380 3161 443 3212 ’Ὠ
472 3161 655 3215 πόσων
674 3164 897 3233 ἀγαθῶν
917 3169 1171 3240 πράξεων
1201 3172 1263 3223 σύ
1273 3172 1442 3241 μϐολα
1473 3149 1566 3228 καὶ
1596 3177 1728 3229 ὑπο-

1837 3159 2033 3213 modus
2090 3162 2359 3216 tenendus
2418 3169 2542 3226 est,
2584 3177 2650 3216 ne
2696 3162 2749 3216 in
2801 3163 3129 3219 immensum
3169 3180 3422 3231 excurrat

135 3252 410 3319 μνήματα
437 3254 495 3306 ἐν
526 3255 653 3323 ὑμῖν
676 3257 689 3310 I
724 3262 1009 3331 μονονουχὶ
1037 3263 1131 3315 καὶ
1155 3264 1258 3316 ὑπὸ
1282 3264 1408 3329 θέας
1430 3267 1602 3336 αὐτῆς
1633 3268 1728 3321 δυ-

132 3340 354 3409 νάμενα
376 3344 716 3412 παρακαλεῖν
744 3348 922 3420 ψυχὴν
946 3353 1025 3415 εὶς
1059 3353 1298 3408 ἐπίδοσιν
1332 3358 1551 3427 ἀρετῆς.
1592 3360 1732 3413 Ἀλλ’

130 3435 162 3483 ὁ
197 3432 305 3501 μὲν
338 3433 555 3503 πρῶτος
584 3436 738 3505 λόγος
765 3442 935 3509 ἐχέτω
964 3444 1170 3497 ταῦτα’
1195 3447 1243 3498 εί
1278 3448 1370 3499 καὶ
1392 3448 1730 3519 ἐνδεέστερον

131 3525 241 3593 τῆς
269 3527 590 3597 ἐπιθυμίας.
631 3531 749 3599 Ἐφ’
783 3533 973 3604 ἕτερον
999 3535 1055 3588 δὲ
1089 3538 1489 3607 μετελεύσομαι
1519 3542 1732 3611 ὀδυρτι-

134 3618 256 3681 κὸν,
285 3619 348 3670 ού
393 3622 670 3692 περιχαρῆ
690 3640 705 3654 ·
731 3624 799 3677 δι’
823 3626 883 3679 ὃν
922 3629 1080 3683 ,καλ-,ὁ
1109 3631 1373 3701 πρότερος
1417 3633 1728 3705 ὑφωρμήθη

135 3727 234 3778 μοι
274 3710 539 3781 ὑπάρξαι.
591 3714 927 3785 ὈργὴΘεοῦ
957 3720 1105 3789 ἡμᾶς
1127 3722 1448 3783 κατέλαϐεν.
1478 3719 1522 3776 ὦ
1558 3726 1733 3778 Πατέ-

138 3817 239 3869 ρες
270 3802 593 3867 ἁγιώτατοι,
624 3804 711 3857 διὰ
735 3808 796 3859 τὸ
829 3810 1199 3880 πληθυνθῆναι
1231 3814 1330 3881 τὴν
1360 3815 1606 3885 ἀνομίαν,
1630 3817 1731 3884 ψυ-

132 3894 342 3961 γείσης
369 3895 469 3963 τῆς
502 3896 745 3967 ἀγάπης,
776 3898 853 3961 ὡς
899 3902 927 3953 6
972 3900 1179 3971 Κύριος
1230 3904 1439 3974 εἴρηκε.
1484 3908 1758 3977 Διωγμδς⁹

150 3985 561 4055 Ἐλληνοειδὴς,
597 3988 983 4057 χαλεπώτατος
1004 3994 1142 4045 λίαν.
1187 3994 1467 4067 ’Δπηλάθη
1488 3999 1600 4065 ’τῆς
1632 3999 1745 4057 αὐν,

131 4076 239 4147 λῆς
282 4078 311 4129 6
345 4077 684 4149 ἀρχιποιμὴν
730 4081 887 4150 ἡμῶν
912 4099 926 4115 ο
961 4083 1347 4156 διεσκορπίσθη
1396 4092 1463 4140 τὰ
1495 4089 1731 4160 Χριστοῦ

130 4172 435 4243 πρόϐατα·
486 4172 641 4226 λύκοι
682 4174 870 4246 βαρεῖς
917 4177 1323 4248 είσεφθάρησαν
1372 4179 1435 4251 [1⁵.
1481 4182 1733 4250 εἰσέφθα-

133 4271 267 4343 σαν]
312 4273 375 4323 ὲν
400 4274 467 4343 τῇ
496 4273 721 4345 ποίμνῃ,
747 4276 915 4343 καίγε
940 4277 1148 4345 μονιὸς
1176 4276 1385 4345 ἄγριος
1410 4279 1733 4347 κατενεμή-

131 4378 295 4417 σατο
334 4361 551 4427 αὐτήν.
574 4364 640 4416 Τί
685 4364 876 4430 τοῦτο;
908 4366 1077 4420 Πάλιν
1114 4368 1349 4421 ἐνταῦθα
1395 4368 1671 4439 ὴτιμάσθη
1698 4370 1732 4439 ἠ

131 4454 317 4521 σεπτὴ
367 4453 532 4508 εἰκὼν
578 4455 672 4508 τοῦ
727 4456 864 4510 Θεοῦ
902 4458 998 4511 καὶ
1045 4459 1300 4530 Σωτῆρος
1358 4458 1517 4529 ἡμῶν
1556 4459 1732 4527 Ἰησοῦ

1832 3250 2085 3320 epistola.
2141 3249 2354 3319 Oquod
2390 3266 2569 3307 rerum
2615 3253 2872 3321 praeclare
2920 3264 3198 3323 gestarum
3253 3269 3421 3325 arg-

1832 3352 2013 3398 menta
2052 3345 2194 3412 apud
2243 3359 2339 3399 vos
2374 3359 2439 3399 ac
2486 3354 2837 3400 monumenta
2878 3354 3118 3411 exstant,
3166 3361 3289 3414 quae
3334 3345 3420 3403 vel

1833 3438 1954 3509 ipso
1980 3446 2277 3505 conspectu
2328 3437 2607 3507 impellere
2633 3439 2875 3493 animum
2909 3439 3123 3507 possint
3149 3439 3216 3493 ad
3244 3438 3416 3493 virtu-

1834 3532 1903 3584 tis
1950 3531 2294 3599 profectum!
2353 3529 2457 3585 Sed
2484 3531 2556 3586 sit
2594 3532 2707 3585 haec
2753 3530 2904 3600 prior
2954 3544 3080 3599 pars
3126 3530 3419 3594 orationis,

1834 3636 2144 3691 quanquam
2196 3620 2451 3689 pauciora
2491 3620 2599 3673 dixi
2641 3634 2804 3687 quam
2842 3617 3023 3672 velim.
3062 3620 3141 3672 Ad
3192 3620 3419 3674 alteram

1833 3712 2173 3781 progrediar,
2220 3726 2317 3764 nec
2364 3711 2509 3764 illam
2560 3710 2783 3779 quidem
2833 3710 3016 3779 gaudii
3052 3712 3270 3780 plenam
3323 3712 3422 3767 sed

1834 3804 2088 3859 maeroris
2124 3820 2137 3856 :
2180 3803 2251 3858 ob
2292 3818 2457 3872 quam
2492 3811 2545 3856 et
2572 3802 2719 3871 prior
2741 3801 2831 3855 illa
2864 3810 2947 3858 est
2980 3817 3011 3856 a
3045 3816 3131 3855 me
3158 3803 3300 3856 ultro
3332 3803 3419 3856 in~

1834 3894 2042 3951 stituta.
2078 3895 2450 3965 Apprehendit
2478 3909 2579 3949 nos
2598 3895 2675 3949 ira
2706 3894 2823 3957 Dei,
2846 3892 3033 3948 Patres
3061 3895 3417 3959 sanctissimi,

1832 3987 2090 4055 quoniam
2134 3985 2431 4039 abundavit
2476 3985 2756 4053 iniquitas,
2802 3983 3191 4056 refrigesceute
3234 3986 3421 4041 chari-

1835 4086 1964 4139 tate,
2024 4080 2169 4131 sicut
2241 4076 2504 4130 Dominus
2570 4075 2943 4145 pronuntiavit
2979 4077 3047 4130 ".
3104 4076 3420 4131 Persecutio

1833 4168 2323 4232 ethnicaz'similis,
2374 4176 2572 4237 praeter
2610 4168 2829 4221 modum
2873 4183 3036 4222 saeva.
3078 4168 3319 4222 Abactus
3346 4169 3418 4223 ab

1834 4261 1963 4315 ovili
2002 4276 2252 4314 summus
2304 4268 2492 4327 pastor
2540 4268 2746 4323 noster,
2795 4258 3057 4326 dispersae
3110 4266 3240 4312 sunt
3286 4273 3417 4313 oves

1833 4350 2060 4415 Christi,
2110 4351 2220 4420 lupi
2268 4365 2493 4420 rapaces
2530 4351 2847 4404 invaserunt
2885 4364 3127 4423 gregem,
3155 4359 3204 4403 et
3234 4351 3416 4421 singu-

1836 4444 1969 4497 laris
2015 4443 2158 4512 [εγω
2198 4442 2448 4512 depastus
2478 4450 2556 4495 est
2594 4457 2713 4495 eum
2742 4442 2782 4494 ⁸.
2817 4441 2959 4507 Quid
3005 4441 3145 4496 istud
3183 4442 3260 4496 rei
3288 4444 3419 4497 est?

130 4542 404 4613 Χριστοῦ,
440 4545 540 4612 τῆς
596 4546 883 4609 Θεοτόκου,
937 4548 1136 4609 παντὸς
1195 4548 1503 4601 οὑτινοσοῦν
1547 4549 1727 4617 ἀγίου.

1837 4541 2037 4594 Iterum
2067 4539 2154 4592 hic
2178 4538 2371 4592 aﬂecta
2416 4536 2629 4606 probris
2658 4546 2741 4591 est
2774 4538 3080 4591 veneranda
3113 4536 3291 4608 imago
3322 4536 3417 4593 Dei

130 4638 234 4689 Διά
290 4635 452 4689 τοῦτο
502 4636 787 4705 ποιμένες
832 4639 1311 4707 ἡφρονεύσαντο,
1370 4641 1465 4693 καὶ
1498 4642 1596 4711 οὐχ
1646 4643 1729 4695 ὅτι

1837 4638 1886 4687 et
1917 4630 2221 4684 Servatoris
2246 4630 2419 4685 nostri
2453 4627 2581 4685 Jesu
2608 4628 2834 4692 Christi,
2864 4629 3130 4700 Deiparaa,
3158 4643 3211 4684 et
3240 4633 3415 4686 sancti

132 4729 247 4780 τὸν
281 4728 524 4794 Κύριον,
564 4729 921 4799 προφητικῶς
954 4730 1148 4794 εἰπεῖν,
1182 4732 1293 4783 οὐκ
1313 4730 1685 4798 ἐξεζήτησαν
1711 4747 1725 4760 °

131 4814 301 4888 ἧττον
326 4818 436 4887 γὰρ
464 4818 529 4870 ἂν
560 4813 627 4887 ὴν
652 4818 714 4871 τὸ
736 4820 990 4889 ἀσέϐημα
1015 4837 1027 4849 ·
1060 4821 1175 4873 ἀλλ’
1213 4822 1293 4874 ὅτι
1324 4822 1730 4891 συνήχθησαν

145 4910 465 4971 Ἰουδαϊκῶς
529 4910 681 4964 κατὰ
747 4910 854 4963 τοῦ
924 4912 1179 4977 Κυρίου,
1249 4913 1347 4965 καὶ
1407 4914 1557 4967 κατὰ
1622 4915 1729 4967 τοῦ

130 5000 403 5071 Χριστοῦ
430 5000 653 5055 αὐτοῦ’
698 5002 1200 5072 ἀποδοκιμάσαντες
1234 5004 1399 5057 αὐτοῦ
1434 5005 1531 5074 τὴν
1567 5006 1729 5073 ἁγίαν

132 5098 346 5157 εἰκόνα,
411 5094 510 5165 τῆς
566 5110 626 5146 τε
695 5093 862 5146 αὑτοῦ
934 5096 1177 5164 Μητρὸς,
1235 5096 1329 5148 καὶ
1394 5097 1503 5149 τῶν
1562 5098 1726 5169 θερα-

136 5188 269 5239 πόντ
278 5204 355 5238 ων
364 5219 380 5241 ι

204 5277 309 5330 Διά
340 5276 504 5331 τοῦτο
538 5278 902 5350 θυσιαστήρια
948 5281 1079 5349 ἅγια
1120 5282 1392 5352 ἠφανίσθη
1423 5300 1437 5315 ·
1474 5282 1565 5335 καὶ
1611 5282 1729 5334 ναοὶ

136 5372 350 5439 Κυρίου
387 5371 825 5441 ὴμαυρώθησαν,
850 5374 906 5425 ἐν
936 5374 1085 5445 πάσῃ
1130 5374 1283 5426 πόλει
1314 5374 1409 5427 καὶ
1444 5374 1596 5445 χώρᾳ
1629 5374 1729 5441 τῆς

135 5463 265 5532 τῇδε
321 5461 594 5524 ἐξουσίας,
638 5464 718 5525 είς
754 5461 948 5525 πένθος
997 5464 1347 5533 προκείμενοι
1386 5466 1499 5526 τοῖς
1538 5463 1726 5533 ὁρῶσι,

136 5557 226 5607 τὸν
256 5556 460 5607 οἰκεῖον
490 5554 697 5623 κόσμον
725 5554 825 5623 τῆς
852 5554 1003 5615 θείας
1025 5555 1327 5624 εὐμορφίας
1355 5554 1723 5629 ἀφῃρημένοι.

138 5649 235 5701 Διὰ
280 5644 445 5699 τοῦτο
484 5646 606 5715 ἱερὰ
650 5647 822 5718 σκεύη
874 5647 1352 5719 ἀναχωνευόμενα,
1406 5651 1503 5701 καὶ
1558 5646 1725 5725 ἐσθὴς

1832 4728 2141 4796 cujuslibet.
2174 4726 2376 4780 Idcirco
2396 4724 2558 4779 stulte
2592 4733 2806 4795 egerunt
2838 4736 3099 4794 pastores,
3130 4741 3235 4778 non
3268 4727 3417 4794 quod

1833 4818 2142 4882 Dominum,
2195 4826 2251 4870 ut
2310 4833 2431 4871 cum
2485 4817 2744 4902 propheta
2798 4817 3009 4886 loquar,
3056 4833 3161 4869 non
3188 4820 3416 4885 qua'sie-

1833 4921 1955 4964 runt
1974 4912 2015 4977 ⁸,
2046 4911 2219 4965 levius
2241 4913 2384 4965 enim
2416 4911 2692 4982 piaculum
2720 4910 2878 4975 foret;
2905 4910 2999 4965 sed
3028 4910 3172 4979 quod
3193 4910 3413 4964 Ιυόκοη

1832 5020 1953 5061 rum
1982 5020 2134 5059 more
2172 5013 2518 5057 convenerunt
2559 5004 2612 5056 in
2639 5020 2801 5056 unum
2826 5004 3077 5059 adversus
3105 5003 3414 5065 Dominum,

1830 5110 1877 5151 et
1917 5097 2484 5150 adrersus'Christum
2532 5096 2644 5163 ejus
2676 5096 2697 5126 ⁸
2725 5112 2737 5149 :
2770 5106 3015 5150 sanctam
3058 5095 3176 5164 ejus
3220 5097 3415 5165 imagi-

1832 5203 1953 5241 nem
1987 5188 2360 5256 reprobantes,
2392 5186 2579 5240 Matris
2620 5187 2745 5240 item
2782 5201 2846 5241 ac
2875 5186 3229 5242 famulorum.

1903 5279 2035 5333 Eam
2073 5281 2143 5333 ob
2175 5295 2290 5334 rem
2324 5289 2514 5335 sancta
2545 5280 2735 5332 altaria
2764 5279 2966 5340 diruta.
2992 5288 3045 5334 et
3077 5281 3279 5348 templa
3308 5279 3415 5333 Do-

1832 5373 1965 5426 mini
1999 5372 2342 5437 labefactata,
2387 5372 2440 5426 in
2476 5373 2624 5427 omni
2654 5372 2872 5426 civitate
2912 5386 2977 5425 ac
3018 5372 3258 5441 regione,
3291 5388 3414 5442 qua:

1832 5466 1962 5520 huic
2013 5464 2240 5533 imperio
2286 5474 2458 5534 paret,
2509 5466 2697 5535 ingens
2730 5464 3078 5519 intuentibus
3112 5465 3291 5519 luctus
3316 5480 3413 5517 ar-

1832 5565 2172 5625 gumentum,
2225 5571 2349 5611 cum
2401 5556 2511 5611 sint
2562 5556 2649 5610 illa
2707 5555 2927 5628 proprio
2965 5556 3134 5610 divini
3195 5556 3412 5610 decoris

1833 5657 2032 5704 ornatu
2059 5649 2280 5704 nudata.
2308 5649 2516 5707 Idcirco
2548 5665 2676 5708 vasa
2709 5665 2867 5708 sacra
2897 5650 3122 5723 liquata,
3144 5659 3198 5705 et
3225 5650 3410 5705 divina

209 5826 255 5859 ”
283 5824 481 5884 Matth.
509 5841 657 5894 xxiv,
693 5826 781 5884 12.
860 5827 876 5859 ¹
909 5826 1053 5885 Psal.
1083 5844 1229 5895 Lm,
1263 5827 1349 5884 14.
1426 5828 1447 5860 ’
1478 5826 1679 5885 Jerem.
1708 5843 1730 5884 ι

1837 5826 1883 5884 ι.
1954 5829 1980 5863 ⁸
2010 5825 2157 5885 Psal.
2201 5839 2264 5897 ιι,
2300 5825 2355 5882 2.
