3934 6444
530 388 671 459 1167

1723 381 1783 441 S.
1821 378 2215 440 THEODORI
2256 378 2602 441 STUDITIE

3668 386 3796 454 1168

528 507 691 561 vestis
725 503 836 572 igni
870 502 1089 568 tradita,
1117 514 1239 557 cum
1266 497 1499 570 depictis
1540 501 1593 554 lu
1625 499 1819 553 tabella
1860 498 2111 568 imagini-

2218 496 2331 551 θεία
2362 500 2495 569 πυρὶ¹
2531 498 2952 569 παραδιδομένη,
3006 501 3103 556 σὺν
3135 505 3247 566 τοῖς
3298 504 3358 557 ὲν
3404 506 3595 571 πίναξι
3630 526 3796 579 χαρα-

524 598 653 660 bus,
711 605 765 652 et
798 596 953 651 libris
995 597 1047 649 in
1102 596 1303 666 quibus
1336 594 1515 664 aliqua
1572 595 1773 649 mentio
1809 594 2106 663 imaginum

521 698 688 741 esset.
771 686 902 740 Eam
959 687 1030 740 ob
1111 701 1336 741 causam
1394 700 1653 756 magnum
1725 686 2110 740 incarnationis

525 776 845 845 mysterium
877 775 1176 840 deridetur,
1199 784 1253 830 et
1275 774 1642 830 abominanda
1666 790 1752 830 res
1782 776 2105 845 appellatur,

524 868 669 937 quod
701 877 755 922 et
789 868 1047 921 horresco
1100 867 1363 931 referens,
1419 883 1539 937 quae
1580 868 1803 923 salutari
1860 869 1975 923 orbi
2028 879 2112 923 est

528 973 788 1028 expressa
841 958 1047 1015 Christi
1107 959 1297 1030 figura,
1328 959 1412 1013 vel
1442 958 1696 1014 Christus
1757 959 1873 1029 ipse
1928 959 2110 1028 potius

523 1064 650 1104 cum
702 1048 873 1104 Matre
926 1056 981 1104 et
1030 1048 1289 1103 famulis:
1341 1048 1784 1119 quandoquidem
1816 1050 2023 1104 honore
2058 1057 2112 1103 et

525 1141 889 1210 appellatione
931 1141 1072 1196 idem
1118 1126 1280 1195 ambo
1312 1152 1461 1205 sunt,
1503 1141 1681 1211 imago
1713 1148 1769 1196 et
1809 1141 2108 1211 exemplar.

526 1230 734 1287 Idcirco
796 1232 1129 1302 quaestiones
1181 1241 1237 1287 et
1304 1230 1688 1302 inquisitiones
1724 1246 1820 1301 per
1865 1230 2110 1301 singulos

526 1338 781 1393 quosque
824 1325 973 1377 viros
1013 1338 1077 1378 ac
1110 1322 1324 1387 domos,
1370 1330 1605 1377 terrores
1655 1336 1736 1376 ac.
1762 1320 1946 1386 minae,
2001 1335 2110 1375 non

525 1414 691 1466 modo
727 1427 795 1466 ne
841 1412 1043 1477 omnis,
1075 1412 1171 1468 sed
1225 1427 1294 1467 ne
1339 1412 1543 1482 aliqua,
1596 1411 1867 1467 haereticis
1908 1410 2110 1465 intacta

527 1504 707 1576 imago
736 1505 1108 1560 subtrahatur.
1140 1504 1349 1560 Idcirco
1375 1504 1687 1560 sacerdotes
1709 1504 1895 1573 inique
1918 1511 2108 1574 agunt,

524 1604 580 1649 et
612 1592 889 1661 monachi,
929 1604 1095 1649 exuto
1143 1596 1493 1655 monachatu,
1539 1594 1756 1648 irruuut
1790 1592 1842 1647 itt
1867 1593 2110 1662 ejusdem

528 1688 768 1741 instituti
798 1687 967 1748 viros,
1014 1686 1221 1740 alumni
1261 1686 1550 1740 adversum
1592 1684 1931 1755 praepositos,
1962 1682 2112 1739 defe—

524 1780 724 1835 ctiouis
780 1781 1064 1848 praemium
1118 1777 1493 1848 praefecturam
1540 1778 1857 1847 accipiunt;
1905 1785 1960 1831 et
2016 1776 2109 1845 qui

528 1871 906 1927 vehementius
962 1871 1016 1925 in
1067 1869 1343 1925 Christum
1393 1868 1615 1935 insanit,
1646 1869 1893 1938 pluribus
1922 1867 1968 1922 is
2005 1866 2105 1921 ho—
2140 1853 2181 1910 Β

525 1962 757 2017 noribus
800 1961 1136 2016 cumulatur.
1182 1961 1395 2016 Idcirco
1432 1960 1683 2023 verbera,
1717 1959 1953 2024 vincula,
1983 1974 2108 2013 car-

526 2065 703 2114 ceres,
735 2051 929 2105 inedia:
960 2092 975 2117 ,
1008 2050 1223 2116 exsilia,
1246 2064 1406 2105 neces
1437 2050 1489 2104 in
1519 2064 1615 2105 eos
1642 2049 1734 2119 qui
1760 2050 2108 2105 obuituntur.

598 2142 716 2197 Non
748 2153 834 2197 est
868 2142 1050 2213 impiis
1083 2142 1371 2199 sacerdotii
1400 2142 1782 2209 reverentiam,
1823 2158 1931 2197 non
1957 2144 2111 2198 cani-

524 2234 618 2291 tiei
675 2234 1107 2298 commiseratio,
1142 2248 1252 2288 non
1281 2232 1461 2287 cultus
1519 2233 1757 2301 pietatis,
1819 2242 1913 2287 aut
1962 2233 2108 2287 aliud

523 2325 807 2395 quidpiam
830 2339 1019 2377 eorum
1044 2338 1166 2392 quae
1189 2323 1401 2377 veniam
1428 2331 1850 2377 commerentur.
1870 2321 1977 2378 Lex
2004 2339 2113 2379 uua

528 2417 615 2471 his
649 2416 912 2486 principis
945 2414 1229 2470 arbitrium
1258 2423 1341 2469 est
1370 2433 1385 2467 :
1430 2428 1562 2469 cura
1601 2414 1728 2470 item
1756 2430 1883 2479 una,
1918 2429 2112 2471 omnes

528 2516 589 2561 ut
614 2508 720 2561 hoc
754 2508 953 2577 laqueo
978 2503 1411 2575 intercipiantur.
1459 2505 1614 2560 Nunc
1647 2521 1742 2561 eos
1764 2506 1857 2576 qui
1886 2521 1946 2561 se
1971 2505 2112 2577 fugat

524 2595 811 2660 dederunt,
853 2596 1175 2650 solitudines
1210 2595 1456 2650 habent:
1515 2611 1678 2665 rupes
1728 2612 1793 2652 ac
1843 2597 2115 2665 spelunca:

524 2703 645 2752 eos,
692 2689 784 2756 qui
854 2689 1252 2743 consuluerunt
1284 2687 1445 2743 saluti
1482 2704 1614 2742 suae.
1649 2688 1953 2745 Ut‘siiniles
1985 2690 2114 2745 facti

526 2794 721 2834 sumus
771 2780 1022 2849 pelicano
1078 2778 1391 2834 solitudinis
1421 2779 1487 2833 ’Ξ
1536 2788 1595 2834 ut
1638 2778 1753 2833 dati
1803 2794 1996 2834 sumus
2058 2779 2113 2832 iit

525 2874 835 2941 captionem
874 2872 1131 2927 dentibus
1175 2870 1469 2941 impiorum
1500 2871 1521 2903 ⁸
1556 2872 1568 2925 ι
1616 2876 1670 2926 e‘t
1705 2872 1858 2940 plura
1887 2881 2111 2941 praeter—

530 2965 711 3029 mitto,
744 2979 866 3033 quas
926 2962 1206 3019 fastidium
1238 2963 1517 3019 aﬂerrent.
1556 2963 1628 3017 At
1657 2963 1833 3018 vicem
1867 2974 2114 3019 nostram

528 3070 629 3111 vos
704 3057 903 3125 lugete,
954 3055 1159 3125 quibus
1232 3064 1318 3111 est
1368 3054 1423 3109 in
1474 3056 1672 3111 alienis
1724 3055 1886 3111 malis
1964 3066 2115 3110 tcnc-

2212 590 2410 662 κτῆρσι
2443 592 2535 643 καὶ
2562 590 2762 660 βίϐλοις
2786 592 2843 644 ἐν
2871 587 2958 654 αἷς
2981 609 3034 646 τι
3056 592 3245 648 λεκτδν
3266 596 3393 666 περὶ
3418 597 3676 655 εἰκόνων.
3707 604 3797 657 Διὰ

2210 670 2367 734 τοῦτο
2399 682 2623 750 γελᾶται
2662 682 2724 734 τὸ
2755 683 2897 752 μέγα
2949 683 3048 749 τῆς
3091 686 3408 755 οἰκονομίας
3451 692 3795 762 μυστήριον

2212 772 2304 825 καὶ
2335 771 2611 841 βδέλυγμα
2643 772 2924 844 κέκληται,
2952 773 2983 827 δ
3011 774 3105 828 καὶ
3134 776 3344 846 φρίττω
3369 776 3567 847 λέγων,
3604 783 3668 835 τὸ
3700 801 3798 837 σω-

2212 866 2399 935 τήριον
2429 864 2621 935 κόσμῳ
2658 866 2912 937 ὁμοίωμα
2946 868 3217 939 Χριστοῦο
3250 870 3452 941 μᾶλλον
3480 873 3539 925 δὲ
3567 874 3797 945 Χριστὸς

2213 956 2311 1007 σὺν
2336 954 2521 1023 Μητρὶ
2552 956 2647 1008 καὶ
2668 955 3029 1025 θεράπουσινο
3058 959 3218 1027 εἰπερ
3243 959 3318 1024 ὡς
3344 964 3411 1032 τῇ
3438 966 3574 1034 τιμῇ
3610 966 3709 1019 καὶ
3736 970 3795 1037 τῇ

2213 1043 2405 1113 κλήσει
2458 1044 2653 1097 ταυτὸν
2715 1046 3022 1118 ἀμφότερα,
3058 1048 3224 1103 εἰκὼν
3268 1052 3364 1106 καὶ
3412 1055 3794 1125 πρωτότυπον.

2212 1134 2312 1189 Aid
2342 1134 2502 1189 τοῦτο
2527 1135 2906 1207 ἐξερευνήσας
2937 1140 3031 1193 καὶ⁵
3058 1140 3407 1213 ἐκζητήσεις,
3435 1145 3535 1199 καὶ
3559 1149 3684 1200 κατ’
3707 1151 3797 1203 ἇν-

2210 1227 2310 1298 δρα
2340 1229 2434 1282 καὶ
2464 1230 2587 1283 κατ’
2616 1225 2766 1283 οἷκον
2790 1246 2806 1262 ·
2841 1231 2935 1285 καὶ
2967 1232 3123 1301 φόϐοι
3157 1235 3251 1289 καὶ
3282 1236 3527 1303 ἀπειλαὶ,
3558 1240 3635 1310 μὴ
3668 1241 3798 1294 ὐπο-

2212 1317 2496 1390 λειφθῆναι
2540 1319 2816 1373 ἀνάλωτον
2848 1323 2914 1391 τῇ
2946 1322 3157 1392 αἱρέσει
3198 1326 3321 1379 τινὰ
3352 1326 3476 1397 μηδ’
3505 1324 3577 1383 αὖ
3617 1333 3799 1385 πᾶσαν

2212 1409 2418 1463 εἰκόνα.
2465 1409 2566 1463 Διά
2610 1409 2771 1464 τοῦτο
2814 1412 2981 1497 ξερεῖς
3030 1414 3381 1485 ἀνομοῦντες,
3426 1419 3522 1471 καὶ
3573 1423 3799 1492 μοναχοὶ

2212 1500 2476 1570 ἀμόναχοι
2500 1501 2641 1555 κατὰ
2668 1502 2776 1555 τῶν
2807 1504 3141 1575 όμοσχήμων
3184 1507 3514 1578 φερόμενοι·
3544 1516 3801 1584 φοιτηταὶ

2213 1592 2355 1644 κατά
2402 1591 2512 1645 τῶν
2560 1593 2902 1663 ἡγουμένων,
2951 1593 3117 1650 ἆθλον
3158 1599 3260 1668 τῆς
3309 1601 3660 1669 ἀποστασίας
3703 1606 3799 1674 τὴν

2215 1683 2504 1753 προεδρίαν
2526 1685 2907 1756 κομιζόμενοι·
2935 1690 3028 1743 καὶ
3055 1692 3084 1744 ό
3102 1690 3170 1743 τὰ
3191 1691 3419 1748 πλεῖστα
3445 1697 3639 1765 μανεὶς
3661 1704 3801 1751 κατά

2213 1773 2475 1844 Χριστοῦ,
2507 1776 2771 1831 πλειόνων
2812 1780 2907 1831 καὶ
2936 1781 3113 1850 τιμῶν
3146 1782 3467 1853 ἠξιωμένος.
3510 1787 3614 1840 Διά
3640 1788 3803 1842 τοῦτο

2212 1866 2500 1935 μάστιγες,
2534 1867 2746 1939 δεσμοὶ,
2798 1870 3063 1937 φυλακαὶ,
3095 1857 3533 1947 λιμοκτονήσεις,
3570 1876 3800 1951 ὲξορίαι,

2212 1957 2458 2025 θάνατοι,
2489 1959 2585 2013 ἐπὶ
2618 1961 2746 2025 τοὺς
2778 1962 3189 2032 ἐνισταμένους.

2284 2138 2400 2192 Οὐκ
2427 2137 2810 2211 ἀρχιερωσύνη
2836 2143 2949 2206 τοῖς
2973 2143 3232 2200 ἀσεϐέσιν
3257 2146 3565 2217 αἰδέσιμοςο
3608 2152 3672 2205 οῦ
3705 2169 3803 2205 πο-

2213 2227 2302 2282 λιά
2323 2230 2733 2301 οἰκτειρήσιμος
2754 2246 2770 2263 ν
2795 2232 2895 2285 οὐκ
2916 2232 3152 2303 ἄσκησις
3182 2236 3468 2302 εὐσεϐείας
3490 2255 3505 2269 ³
3548 2243 3649 2294 οὐκ
3676 2243 3805 2296 ἄλλο

2212 2337 2265 2374 τι
2311 2321 2421 2375 τῶν
2461 2322 2682 2391 φειδοῦς
2710 2322 2900 2389 ἀξίων.
2947 2319 3042 2383 Εἷς
3093 2326 3257 2396 νόμος
3285 2329 3348 2380 τὸ
3386 2329 3481 2383 τοῦ
3522 2332 3806 2405 Καίσαρος

2214 2412 2429 2483 θέλημα
2450 2428 2462 2441 ·
2491 2412 2585 2467 καὶ
2620 2414 2721 2483 μία
2753 2416 2957 2485 σπουδὴ
2988 2416 3236 2481 ἅπαντας
3273 2420 3332 2471 ἐν
3359 2420 3534 2494 τούτῳ
3574 2426 3801 2479 ἁλῶναι.

2212 2506 2278 2557 Ai
2322 2505 2553 2575 ὲρημίαι
2585 2507 2709 2570 τοὺς
2739 2507 3175 2576 διαπεφευγότας
3225 2510 3473 2580 ἔχουσιν·
3514 2517 3571 2567 αἱ
3607 2518 3804 2585 πέτραι

2214 2594 2310 2648 καὶ
2336 2594 2405 2647 τὰ
2436 2596 2681 2666 σπήλαια
2696 2597 2826 2661 τοὺς
2852 2599 3419 2669 διασεσωσμὲιιους.Ὢ
3440 2604 3562 2668 πῶς
3590 2606 3806 2675 ὡμοιιίιο

2215 2684 2391 2754 θημεν
2442 2686 2703 2739 πελεκᾶνι
2740 2686 3029 2757 ὲρημικῷε
3071 2686 3118 2740 ὣ
3146 2689 3265 2752 πῶς
3300 2692 3694 2761 παρεδόθημεν
3728 2694 3805 2755 εἰς

2214 2777 2404 2845 χεῖρας
2427 2778 2535 2839 τοῖς
2564 2776 2745 2831 ὀδοῦσι
2773 2778 2881 2832 τῶν
2905 2778 3145 2832 ἀσεϐῶνῑ
3170 2781 3264 2832 καὶ
3292 2782 3359 2834 τὰ
3378 2782 3551 2835 πλείω
3578 2785 3805 2853 παρῆκα

2214 2865 2303 2919 διὰ
2349 2864 2411 2919 τὸ
2462 2868 2788 2938 προσκορές.
2836 2867 2998 2922 Ἀλλά
3053 2870 3349 2935 στενάξατε
3403 2874 3490 2940 ἐφ’
3530 2875 3708 2943 ήμᾶς,
3761 2869 3806 2926 ὦ

2217 2958 2686 3027 συμπαθέστατοι,
2721 2960 2797 3021 ὡς
2843 2960 3164 3029 σύσσωμοι·
3190 2963 3417 3032 ὀρέξατε
3467 2968 3633 3035 χεῖρα
3673 2984 3804 3037 πρε-

2219 3049 2510 3120 σϐευτικὴν
2557 3050 2634 3113 ὼς
2686 3049 3023 3119 φιλάδελφοι.
3056 3052 3178 3105 Τῶν
3224 3054 3415 3107 αὐτόθι
3467 3056 3694 3125 χείρονα
3740 3060 3805 3111 τὰ

529 3158 651 3198 rum
706 3152 898 3215 pectus
958 3153 1217 3215 tanquam
1266 3145 1512 3215 ejusdem
1579 3146 1871 3216 corporis:
1932 3146 2115 3216 preci-

2218 3142 2463 3241 ἡμέτερα
2502 3141 2919 3213 βαρϐαρίζεται.
2962 3144 3051 3209 Ὦς
3086 3144 3298 3217 Σόδομα
3336 3146 3441 3218 ἤδη
3474 3149 3805 3221 γεγόναμεν,

531 3234 637 3290 bus
687 3234 844 3301 fusis,
913 3236 1178 3305 porrigite
1224 3250 1447 3289 manum
1504 3245 1765 3305 tauquam
1826 3234 2110 3291 fratribus.

528 3324 830 3379 Acerbiora
853 3334 983 3379 sunt
999 3339 1123 3394 qua:
1159 3324 1248 3378 hic
1277 3326 1536 3394 patimur,
1561 3340 1725 3394 quam
1749 3340 1872 3395 qua:
1901 3326 2111 3395 uspiam

534 3432 567 3472 a
610 3416 860 3471 barbaris
890 3424 1037 3486 gesta
1068 3423 1218 3472 sunt.
1245 3413 1368 3471 1am
1418 3418 1560 3472 sicut
1588 3415 1828 3472 Sodoma
1860 3417 1986 3474 facti
2016 3434 2114 3474 su-

534 3525 678 3573 mus,
724 3518 781 3564 et
828 3508 973 3565 sicut
1022 3507 1330 3565 Gomorrha
1375 3511 1585 3567 similes
1631 3527 1823 3568 sumus
1866 3514 1910 3567 ‘.
1966 3511 2116 3569 Hauc

534 3602 701 3671 igitur
741 3601 813 3655 ob
850 3616 1074 3657 causam
1116 3600 1427 3657 sanctitatis
1471 3611 1666 3659 vestra:
1701 3604 1965 3659 auxilium
2010 3607 2115 3661 hu-

534 3691 692 3746 miles
720 3690 1159 3760 imploravimus,
1182 3691 1329 3745 velut
1361 3707 1473 3746 uno
1492 3707 1585 3747 ore
1608 3693 1851 3747 omnium
1885 3693 2116 3750 fratrum

532 3780 628 3850 qui
662 3781 867 3851 pariter
893 3791 1179 3849 vexantur.
1209 3780 1471 3837 Novimus
1493 3784 1637 3838 enim
1656 3796 1920 3855 quantum
1942 3787 2117 3841 valeat

530 3872 677 3941 justa
712 3880 891 3928 vestra
920 3871 1234 3941 deprecatio
1268 3873 1493 3927 assidua
1521 3873 1565 3938 ',
1602 3881 1685 3939 ut,
1726 3884 1952 3929 exorato
1982 3876 2113 3940 Deo,

536 3964 776 4019 haeretici
813 3964 976 4035 gladii
1004 3964 1151 4019 acies
1190 3964 1585 4033 conquiescat:
1610 3965 1677 4018 ad
1710 3975 1918 4021 rectam
1955 3967 2115 4022 fidem

534 4071 661 4111 cum
714 4071 846 4126 pace
879 4056 1228 4126 coniunctam
1275 4067 1565 4111 revocante
1608 4057 1840 4112 Domino
1872 4069 2114 4115 nostram

534 4162 758 4218 quoque
805 4147 1132 4202 Ecclesiam.
1168 4144 1240 4201 Ut
1269 4158 1449 4202 autem
1475 4156 1531 4202 et
1558 4164 1657 4204 vos
1682 4149 1923 4205 vicissim
1958 4152 2116 4207 intel-

2218 3233 2311 3284 καὶ
2334 3231 2409 3293 ῶς
2444 3233 2696 3305 Γόμορρα
2724 3234 2826 3305 ήδη
2864 3235 3252 3308 ὡμοιώθημεν.
3282 3239 3382 3291 Διὰ
3418 3238 3582 3292 τοῦτο
3621 3259 3807 3311 τοιγα-

2217 3323 2345 3393 ροῦν
2374 3324 2469 3377 καὶ
2492 3326 2913 3395 ὲπεϐοησάμεθα
2940 3329 3007 3398 τῇ
3032 3328 3313 3401 ἁγιωσύνῃ
3337 3330 3495 3401 ήμῶν
3527 3334 3576 3386 οἱ
3612 3351 3805 3389 ταπει-

2213 3415 2316 3479 νοὶ,
2362 3415 2440 3478 ὡς
2494 3416 2554 3468 ὲν
2592 3416 2675 3469 ἑνὶ
2733 3419 2959 3486 στόματι
2998 3418 3109 3471 τῶν
3157 3421 3379 3475 πάντων
3421 3423 3680 3495 ἀδελφῶν
3713 3426 3805 3479 καὶ

2217 3508 2671 3577 συμπασχόντων.
2703 3510 2894 3581 Ἰσμεν
2923 3509 3034 3581 γὰρ
3055 3511 3138 3564 ὃτι
3172 3510 3346 3582 ίσχῦει
3372 3514 3405 3583 ή
3429 3514 3621 3568 δικαία
3649 3517 3805 3587 ήμῶν

2214 3594 2401 3666 δέησις
2432 3598 2799 3670 ἐνεργουμένη
2826 3615 2840 3629 ·
2869 3599 2945 3662 ὡς
2974 3598 3042 3653 ἀν
3070 3599 3149 3670 τῷ
3188 3603 3470 3674 ὲξιλασμῷ
3499 3606 3675 3674 αὐτῆς
3712 3624 3801 3659 xo-

2218 3683 2369 3754 πάσῃ
2394 3688 2425 3755 η
2449 3684 2677 3754 θραῦσις
2704 3686 2806 3754 τῆς
2838 3688 3127 3758 αἱρετικῆς
3155 3692 3453 3761 ῥομφαίας
3481 3693 3578 3746 τοῦ
3601 3697 3804 3768 Κυρίου

2217 3776 2299 3837 είς
2349 3776 2632 3848 εἰρηνικὴν
2667 3777 2977 3849 όρθοδοξίαν
3005 3780 3373 3851 ὲπανάγοντος
3420 3786 3519 3838 καὶ
3556 3788 3660 3857 τὴν
3689 3783 3806 3843 καθ’

2215 3870 2365 3937 ἡμᾶς
2405 3870 2755 3941 Ἐκκλησίαν.
2787 3870 2903 3924 ’Ὶνα
2925 3871 2982 3925 δὲ
3009 3872 3188 3942 εἰδῆτε
3218 3874 3313 3928 καὶ
3355 3876 3539 3945 ὑμεῖς,
3572 3873 3620 3933 ὦ
3650 3883 3808 3935 σεϐα-

2220 3977 2388 4031 σμιοι,
2414 3964 2481 4016 ὲκ
2515 3964 2735 4035 μέρους,
2763 3960 2851 4017 οἷα
2873 3964 2941 4019 τὰ
2967 3965 3142 4036 ἀσεϐῆ
3168 3966 3418 4036 δόγματα
3439 3970 3556 4025 τῶν
3587 3973 3765 4028 ἀθέων
3787 3990 3801 4007 ·

2220 4055 2621 4109 συναπέστειλα
2646 4058 2761 4119 τοῖς
2786 4056 3084 4127 γράμμασι
3137 4056 3313 4114 ταῦτα
3356 4062 3417 4115 ἐν
3463 4066 3807 4135 τετραδίοιςο

2217 4144 2254 4199 ἀ
2286 4146 2379 4199 καὶ
2409 4146 2564 4212 ἔδοξα
2597 4148 2626 4200 ὁ
2657 4146 2877 4217 ἀμαθής
2907 4149 3259 4221 ἀνατρέπειν,
3282 4158 3630 4225 προτραπεὶς
3661 4159 3809 4228 παρά

534 4236 741 4306 ligatis,
794 4235 896 4289 viri
941 4234 1303 4301 venerabiles,
1345 4236 1531 4305 qualia
1581 4238 1693 4293 siut
1727 4240 2116 4311 sacrilegorum

2220 4237 2481 4292 εὐσεϐῶν.
2519 4238 2669 4292 Δίτῶ
2712 4240 2771 4293 δὲ
2822 4238 2929 4293 ὑπὸ
2982 4240 3085 4308 τῆς
3125 4241 3275 4305 θείας
3312 4244 3470 4313 ὑμῶν
3524 4248 3810 4317 ἀγχινοίας

535 4327 704 4398 impia
740 4326 1036 4399 dogmata:
1088 4328 1255 4382 simul
1310 4328 1428 4385 haec
1481 4344 1609 4384 cum
1654 4330 1853 4386 litteris
1884 4334 2009 4389 misi
2064 4333 2118 4387 in

2220 4330 2657 4401 ὲπισκεφθῆναι’
2719 4332 2816 4385 καὶ
2866 4331 2928 4386 τὸ
2960 4332 3177 4397 ἐλλιπὲς
3228 4335 3651 4407 ἀνορθωθῆναι·
3716 4341 3810 4394 καὶ

534 4419 1016 4488 quaternionibus,
1064 4435 1189 4490 qua
1236 4420 1491 4477 indoctus
1536 4421 1663 4477 licet
1704 4423 1991 4479 confutare
2023 4441 2121 4495 ag-

2223 4424 2556 4495 συγγνώμην
2610 4424 2721 4477 τῶν
2752 4424 3170 4497 ὲπωφλημένων
3202 4427 3459 4493 δέξασθαί
3496 4447 3566 4499 με
3592 4445 3610 4461 θ
3666 4430 3809 4501 λαμ-

536 4526 761 4581 gressus
781 4528 929 4577 sum,
954 4513 1251 4583 proborum
1270 4515 1513 4568 virorum
1538 4513 1777 4569 hortatu.
1797 4512 1907 4570 Oro
1935 4525 2118 4571 autem

2226 4521 2487 4575 ϐἀνεσθαί
2515 4536 2575 4573 τε
2625 4522 2709 4583 είς
2762 4522 2985 4591 μνήμην
3017 4521 3077 4574 ἐν
3109 4524 3229 4586 ταῖς
3265 4522 3599 4577 θεοκλινὲσιν
3656 4525 3811 4595 ὑμῶν

539 4615 600 4659 ιιι
631 4622 694 4659 ea
727 4620 825 4674 pro
858 4606 1043 4659 divina
1075 4615 1254 4661 vestra
1287 4607 1585 4675 sagacitate
1611 4608 1952 4675 expendatis,
1976 4610 2122 4679 quod

2221 4613 2554 4682 προσευχαῖς
2577 4627 2592 4642 ο
2639 4609 2737 4664 καὶ
2782 4610 2891 4682 μὴν
2928 4610 3024 4664 καὶ
3053 4612 3442 4669 συντάττεσθαι
3471 4613 3553 4677 ὡς
3579 4615 3812 4686 ἔσχατον

540 4696 797 4749 vitiosum
839 4705 924 4750 est
956 4695 1283 4760 emendetis,
1324 4706 1747 4767 erratorumque
1774 4701 1985 4753 veniam
2021 4702 2124 4755 tri-

2221 4702 2441 4756 πάντων
2491 4699 2655 4771 μέλος
2697 4702 2757 4755 ὲν
2802 4700 2882 4772 τῷ
2937 4700 3270 4773 πληρώματι
3301 4702 3403 4773 τῆς
3450 4704 3616 4773 ἀγίας
3657 4706 3813 4777 ὑμῶν

543 4790 748 4851 buatis,
774 4798 829 4842 et
860 4797 918 4842 ut
954 4788 1061 4844 mei
1094 4789 1453 4845 memineritis
1485 4790 1538 4844 in
1565 4789 1759 4845 vestris
1786 4790 2126 4849 ﬂeetentibus
2236 4793 2588 4865 Ἐκκλησίας.

544 4880 716 4933 Deum
759 4880 1011 4949 precibus
1046 4898 1060 4935 :
1110 4881 1344 4951 denique
1379 4892 1439 4937 ut
1483 4890 1747 4953 tanquam
1791 4893 2129 4954 postremum
2198 4890 2445 4948 omnium
2501 4885 2807 4941 membrum
2873 4898 3104 4941 censear
3146 4886 3200 4941 in
3238 4887 3575 4958 plenitudine
3606 4901 3813 4947 sanctae

542 4991 739 5036 vestra:
776 4982 1053 5038 Ecclesiae.

613 5072 745 5128 Hm:
786 5076 969 5129 eadem
1006 5075 1230 5144 epistola
1262 5078 1422 5131 missa
1462 5087 1538 5130 est
1567 5080 1726 5132 etiam
1756 5082 1826 5133 ad
1858 5094 2122 5136 monaue~~

542 5162 679 5214 rium
704 5166 881 5218 sancti
918 5164 1223 5219 Theodosii.

2316 5077 2385 5131 'H
2414 5074 2567 5142 αὐτὴ
2594 5073 2890 5139 ἐπιστολὴ
2917 5072 3236 5138 ἀπεστάλη
3266 5070 3365 5125 καὶ
3399 5070 3552 5139 πρὸς
3576 5071 3690 5139 τὴν
3712 5086 3816 5139 μοι

2232 5170 2353 5237 γὴν
2381 5167 2488 5222 τοῦ
2517 5166 2687 5235 ἁγίου
2720 5164 3065 5219 Θεοδοσίου.

1400 5326 1403 5331 ’
1436 5329 1687 5379 Adversus
1707 5330 1904 5379 eosdem
1929 5333 2290 5382 lconomachos.
2316 5332 2513 5394 (Baron.
2555 5344 2634 5379 an.
2658 5332 2768 5391 8l7,
2794 5345 2843 5380 n.
2867 5332 2935 5380 54

523 5472 796 5535 ’Χιίι-
825 5482 864 5535 Α
905 5480 1009 5536 Deo
1056 5482 1344 5549 honorato,
1383 5485 1575 5539 dilecto
1606 5500 1650 5540 ei
1681 5490 1917 5555 spiritali
1965 5488 2119 5543 Patri

2232 5487 2495 5555 ΙΖ¹.-Τῷ
2515 5488 2837 5558 θεοτιμήτφ
2856 5530 2871 5554 ,
2896 5486 3259 5557 ἠγαπημένῳ
3281 5483 3379 5537 καὶ
3432 5471 3817 5552 πνευματικῷ

613 5590 749 5639 meo,
778 5576 991 5629 domino
1036 5578 1355 5630 moderatori
1390 5581 1637 5634 maxima:
1683 5582 1851 5635 [aurae
1887 5583 2120 5635 beatissi-

2297 5599 2415 5649 μου
2489 5582 2672 5647 Harp!
2697 5618 2713 5643 ,
2761 5580 2944 5646 κυρίῳ
2983 5578 3341 5647 καθηγεμόνι
3383 5575 3497 5643 τῆς
3525 5577 3817 5645 μεγίστης

614 5666 687 5718 mi
719 5667 893 5719 sancti
933 5666 1111 5721 Patris
1144 5669 1310 5721 nostri
1354 5668 1679 5738 C/iarilonis,
1723 5683 1770 5725 et
1803 5673 1869 5727 iis
1899 5675 1989 5737 qui
2022 5674 2117 5727 sub

2296 5678 2525 5741 λαύρας
2570 5673 2675 5729 τοῦ
2717 5671 3105 5743 παμμάκαρος
3162 5670 3337 5739 ἁγίου
3373 5671 3607 5739 Πατρός
3650 5668 3816 5741 ἡμῶν

672 5840 817 5897 Psal.
846 5858 917 5905 Cl,
959 5844 1008 5897 7.

1086 5846 1105 5875 ⁸
1154 5844 1299 5901 Psal.
1329 5862 1515 5910 cum,
1555 5848 1605 5901 6.
1686 5850 1704 5879 ⁶
1738 5850 1841 5904 lsa.
1883 5867 1919 5917 t,
1958 5851 2009 5905 9.
2088 5850 2241 5904 ’Jac.
2277 5866 2327 5916 v,
2373 5840 2455 5917 l6,
