3934 6508
181 471 320 539 1169

1367 477 1904 538 EPISTOLARUM
1962 478 2106 537 LIB.
2159 478 2243 537 II.

3300 477 3437 542 1170

241 587 599 656 Χαρίτωνος,
649 587 754 649 καί
803 590 924 654 τοῖς
956 591 1059 647 ὑπ’
1089 590 1243 660 αὐτῇ
1286 593 1482 658 ὁσίοις
1504 611 1627 661 μου
1645 596 1761 646 Πα-

1934 593 2032 646 ἰίίο
2053 603 2172 647 sunt
2187 594 2384 648 sanctis
2399 592 2652 649 Palribus
2673 597 2822 659 meis,
2848 593 3151 651 Theodorus
3168 599 3438 666 miniatus,

242 684 480 752 φάσιν,
517 684 814 754 Θεόδωρος
863 686 1210 756 ἐλάχιστος,
1238 689 1640 756 πρεσϐύτερος
1661 688 1760 741 καί

243 775 583 843 ἡγούμενος
605 773 726 829 τῶν
757 777 1069 832 Στουδίου.
1606 779 1756 852 [σζν

255 865 479 935 Ἐπειδὴ
503 867 635 936 παρ’
665 866 859 921 ἐλπίδα
889 870 923 938 ή
955 871 1232 936 ὲπίτευξις
1258 871 1367 924 τῶν
1387 872 1755 942 γραμμάτων,

173 956 569 1024 θαυμαστικῶς
600 957 892 1028 βοήσομαι·
913 960 1082 1013 Πόθεν
1114 978 1205 1030 μοι
1225 960 1401 1025 τοῦτο,
1433 961 1521 1014 ῖνα
1543 961 1760 1025 ἀξιωθῶ

172 1048 201 1098 6
234 1046 460 1118 εὐτελὴς
490 1048 795 1101 ἐπιστεῖλαι
817 1050 948 1119 ὑμῖν
973 1053 1088 1114 τοῖς
1121 1052 1300 1118 ἁγίοις
1332 1069 1434 1119 μου
1458 1053 1756 1120 Πατράσιν;

186 1138 317 1190 Ἰδοὺ
370 1139 480 1207 γὰρ
523 1139 601 1201 ῶς
657 1141 985 1205 κατείληφεν
1028 1142 1177 1210 ἡμᾶς
1230 1142 1318 1195 διά
1350 1142 1449 1204 τὰς
1484 1143 1758 1213 ἁμαρτίας

173 1229 332 1299 ἡμῶν
379 1230 411 1282 6
469 1230 854 1299 χαλεπώτατος
895 1232 1137 1302 διωγμὸς
1181 1228 1341 1298 οὗτος
1361 1249 1376 1265 ⁸
1420 1229 1482 1288 οῦ
1533 1237 1565 1305 ή
1619 1234 1758 1305 ἀκοὴ

173 1323 397 1384 πάντως
448 1322 612 1393 μέχρι
659 1324 754 1375 καὶ
806 1324 961 1393 ὑμῶν
1016 1325 1275 1394 ἔφθασεν.
1339 1325 1633 1380 Ἐσκόπουν
1663 1330 1758 1380 καὶ

172 1411 492 1482 ἀνηρεύνων
509 1415 537 1466 6
555 1413 829 1476 ταπεινὸς,
854 1414 972 1478 πῶς
1000 1417 1099 1470 καὶ
1126 1415 1197 1468 δι’
1219 1409 1428 1478 οὗτινος
1465 1416 1756 1486 προσώπου

169 1503 464 1572 δυνηθείην
493 1504 893 1574 ἀποδύρασθαι,
933 1507 1030 1560 καὶ
1072 1508 1211 1577 πρὸς
1241 1508 1385 1577 ὑμᾶς
1409 1509 1537 1571 τοὺς
1568 1508 1758 1575 ἁγίους

169 1595 242 1648 τά
269 1593 552 1665 συμϐάντα
579 1596 712 1665 ἡμῖν
750 1597 920 1661 δεινὰ,
956 1598 1058 1651 οὐκ
1094 1597 1256 1652 ἀλλον
1308 1599 1454 1660 τινὸς
1482 1599 1691 1664 ἕνεκεν,
1722 1599 1758 1668 ἢ

169 1689 270 1741 τοῦ
319 1691 400 1752 εἰς
451 1691 796 1760 συμπάθειαν
825 1692 1224 1747 ἐκκαλέσασθαι
1273 1693 1430 1762 ὑμῶν
1457 1693 1558 1756 τάς
1595 1695 1758 1762 ἀγίας

168 1781 380 1850 ψυχὰς,
435 1781 818 1836 ἀντιλαϐέσθαι
878 1784 1038 1854 ήμῶν
1094 1784 1186 1837 διὰ
1239 1784 1350 1839 τῶν
1407 1787 1757 1856 προσευχῶν,

172 1874 529 1943 συμπάσχειν
565 1874 810 1943 δηλονότι
837 1875 1056 1928 εἰδότων
1087 1879 1230 1930 κατὰ
1259 1877 1358 1946 τὴν
1391 1878 1758 1947 ἀποστολικὴν

167 1965 547 2023 διδασκαλίαν.
573 1965 707 2018 Εῖπε
715 1981 747 2035 ρ
767 1965 956 2034 ἐσμὲν
984 1969 1038 2019 οι
1060 1964 1287 2030 πάντες
1305 1964 1478 2034 σῶμα
1499 1965 1759 2034 Χριστοῦ

170 2056 276 2112 καὶ
302 2054 458 2124 μέλη
491 2055 560 2108 ἐκ
596 2053 842 2123 μέρους.
874 2055 983 2108 Καὶ
1016 2054 1092 2117 ὡς
1128 2054 1231 2124 ήδη
1273 2054 1446 2108 ταῦτα
1491 2057 1758 2109 ἐνενόουνο

167 2147 378 2214 ἐπέστη
405 2145 614 2214 ἀθρόως
655 2145 747 2197 καὶ
768 2145 797 2197 6
834 2143 1303 2214 γραμματοφόρος
1335 2145 1399 2197 ὲκ
1427 2144 1534 2197 τῶν
1571 2145 1759 2198 αὐτόθι

167 2239 364 2308 ἥκωνθ
416 2237 510 2287 καὶ
558 2227 714 2298 οὗτος
759 2235 872 2298 υίὸς
919 2235 1052 2304 ἐμὸς
1083 2237 1140 2288 ὲν
1171 2236 1466 2304 πνεύματι,
1495 2236 1589 2287 καὶ
1639 2235 1760 2287 λίαν

167 2326 519 2388 πιστότατος.
551 2323 676 2388 Πῶς
721 2319 813 2377 οὖν
845 2325 948 2377 οὐκ
975 2323 1201 2394 ἔμελλον
1231 2327 1260 2378 6
1295 2323 1617 2394 ἁμαρτωλὸς
1664 2325 1760 2375 ἐκ·

167 2417 454 2485 πλαγῆναι
480 2417 572 2467 ἐπὶ
604 2414 683 2484 τῷ
715 2417 970 2487 ὲρμαίῳς
1011 2416 1132 2480 Πῶς
1166 2416 1222 2479 δὲ
1263 2417 1361 2468 οὐκ
1393 2415 1762 2485 ἀνθομολογήρ

171 2507 378 2561 σασθαι
417 2506 605 2576 Κυρίῳ
632 2504 711 2573 τῷ
750 2504 868 2573 Θεῷ
915 2522 1016 2575 μου
1060 2506 1127 2557 τὰ
1159 2505 1386 2568 εἰκότας
1434 2504 1599 2556 ’Λλλά
1629 2506 1760 2574 πρὶν

169 2597 417 2661 ἐξειπεῖν
468 2597 537 2649 τὰ
591 2595 859 2665 ὀδυνηρά,
919 2597 1012 2649 τὸν
1062 2597 1198 2666 πρὸς
1254 2597 1398 2664 ὑμᾶς
1439 2613 1542 2665 μου
1596 2595 1760 2650 πόθον

167 2686 560 2756 ἁφοσιώσομαι
603 2688 631 2739 6
664 2687 938 2750 ταπεινός.
988 2689 1243 2758 Χαίρετε,
1276 2681 1321 2740 ὧ
1354 2687 1760 2758 μακαριώτατοι

173 2778 424 2846 Πατέρες
450 2792 464 2806 ⁸
493 2777 545 2828 oi
587 2775 688 2846 τῆς
721 2778 884 2844 ἁγίας
912 2777 1015 2846 γῆς
1059 2778 1344 2849 οἰκήτορες
1371 2797 1386 2811 ·
1433 2778 1495 2831 τὸ
1525 2778 1761 2848 χρυσοῦν

169 2870 336 2936 γένος
362 2883 376 2896 ·
426 2869 474 2919 οἰ
524 2867 621 2938 τὴν
653 2867 836 2920 πίστιν
867 2867 1250 2938 δοκιμώτατοι,
1277 2870 1374 2923 καὶ
1420 2869 1531 2921 τῶν
1570 2869 1761 2924 παθῶν

164 2959 502 3027 δυσμάτορεςο
534 2959 773 3028 χαίρετε,
793 2960 826 3028 ή
860 2958 1181 3029 περιϐόητος
1203 2960 1473 3030 ὁμήγυρις
1498 2959 1758 3030 Χριστοῦ·

165 3051 224 3102 οἱ
258 3049 492 3119 ἐργάται
517 3039 627 3101 τῶν
654 3047 885 3102 ἐντολῶν
921 3049 1127 3120 Κυρίου
1148 3067 1162 3081 ο
1205 3051 1296 3102 καὶ
1338 3050 1437 3120 τῆς
1467 3053 1526 3104 ὲν
1579 3068 1759 3124 παρα·

166 3142 340 3210 δείσῳ
362 3140 573 3210 διαίτης
602 3142 701 3211 τὴν
727 3140 938 3210 θεοειδῆ
955 3140 1100 3211 ζωήν
1132 3141 1457 3212 μιμούμενοι
1478 3157 1491 3172 ο
1513 3144 1760 3216 χαίρετε,

167 3233 208 3299 ἡ
245 3229 342 3283 τοῦ
392 3229 528 3283 Θεοῦ
585 3231 738 3294 πόλις
789 3229 1018 3300 ἑκλεκτή
1055 3247 1070 3264 ο
1108 3233 1266 3301 είπερ
1319 3234 1377 3284 ὲν
1411 3233 1564 3304 μέσῳ
1605 3234 1760 3305 ὑμῶν

169 3323 408 3392 Κύριος,
443 3322 534 3377 διὰ
559 3323 658 3391 τῆς
691 3321 800 3374 τῶν
837 3321 1058 3390 ἀγαθῶν
1091 3323 1270 3394 ἔργων
1319 3323 1641 3395 ἀναλήψεως
1673 3325 1761 3378 θε-

170 3414 576 3485 ραπευόμενος.
621 3412 954 3481 Ἐϐουλόμην
987 3414 1106 3483 δψει
1147 3414 1437 3468 ὑπολαϐεῖν
1477 3416 1577 3486 τὴν
1610 3416 1761 3470 θείαν

172 3505 338 3574 ὑμῶν
368 3505 652 3575 περιοχὴν,
691 3503 788 3556 καὶ
819 3505 1206 3575 προσάψασθαι
1256 3506 1364 3560 τῶν
1401 3507 1564 3577 ιερῶν
1605 3507 1761 3576 ὑμῶν

173 3597 370 3667 ἰχνῶν·
395 3596 521 3649 ἰδεῖν
550 3596 612 3648 τὸ
642 3595 797 3660 ἅγιον
827 3594 1052 3665 τέμενος
1075 3613 1090 3627 ο
1123 3598 1499 3667 προσκυνῆσαι
1526 3599 1587 3651 τὸ
1618 3599 1762 3654 θεῖον

169 3691 398 3756 ἔδαφοςο
430 3687 639 3740 ἕκαστα
673 3688 1230 3759 κατασκοπῆσαι,ποῦ
1259 3691 1288 3742 6
1319 3689 1474 3757 ἅγιος
1503 3691 1596 3743 τοῦ
1625 3691 1761 3744 Θεοῦ

169 3784 202 3834 6
268 3777 611 3849 φερωνύμως
682 3778 935 3848 Χαρίτων
1000 3780 1433 3851 πεπληρωμένος
1500 3781 1762 3851 ἒνήθλησε

173 3867 536 3942 μαρτυρικῶς
562 3884 623 3920 τε
655 3868 789 3938 ὁμοῦ
817 3870 912 3922 καὶ
941 3870 1254 3939 ἀσκητικῶς
1281 3885 1297 3900 ·
1342 3871 1420 3939 πῆ
1449 3870 1505 3923 δὲ
1529 3871 1589 3924 τὸ
1618 3871 1762 3940 ἱερὸν

172 3962 347 4017 αὐτοῦ
405 3959 566 4029 σῶμ-ι
612 3959 1004 4030 τεταμίευταιο
1057 3964 1086 4016 6
1137 3963 1305 4028 ὅντως
1350 3963 1622 4034 θησαυρὸς
1656 3961 1762 4014 τῶν

170 4054 396 4129 ἀρετῶν
418 4069 434 4085 ⁶
465 4055 494 4107 6
524 4054 625 4124 τῆς
651 4054 859 4124 ἐρήμου
895 4055 1139 4127 πολίτης,
1174 4057 1269 4109 καὶ
1307 4056 1406 4126 τῆς
1438 4057 1763 4126 οἰκουμένης

173 4148 450 4218 λαμπτήρ
479 4164 492 4177 ·
544 4141 606 4200 οὗ
657 4143 718 4198 τὸ
762 4144 981 4222 ἔντιμον
1027 4148 1249 4219 σπέρμα
1276 4149 1377 4202 οὐκ
1425 4147 1760 4209 ἐκλέλοιπεν,

170 4242 303 4295 οὐδὲ
346 4237 647 4308 ἐκλείψειεν
668 4237 773 4302 ἕως
801 4237 902 4307 τῆς
932 4239 1241 4304 συντελείας
1269 4239 1368 4305 τοῦ
1397 4239 1611 4303 αἰῶνος.
1638 4238 1764 4292 Εἴθε

173 4327 326 4385 εἶδον
357 4330 554 4395 ταῦτα,
599 4331 694 4384 καὶ
735 4330 1187 4401 περιεπτυξάμην
1215 4333 1306 4384 τὸν
1335 4331 1464 4402 χοῦν
1487 4331 1763 4401 ’ὼςέμψυ-

172 4425 307 4494 χονί
345 4420 697 4489 ὥφελον.καὶ
748 4423 1001 4492 ἀπήχθην
1037 4424 1096 4475 ἑν
1141 4425 1261 4487 ταῖς
1303 4423 1517 4486 λοιπαῖς
1570 4423 1765 4493 θήκαις

169 4517 291 4569 τῶν
343 4515 530 4576 ὁσίων,
563 4513 855 4584 ἀπἀύτῆς
917 4515 1085 4585 μόνης
1139 4515 1316 4584 ὅψεως
1365 4517 1760 4584 ἁγιαζόμεύοςί

185 4608 337 4663 Ἀλλ’
369 4605 493 4660 ἐπεὶ
523 4602 694 4657 ταῦτα
721 4605 780 4671 ἐξ
818 4605 999 4673 ὀλίγου
1033 4624 1122 4676 μοι
1167 4606 1402 4676 ὕμνηται
1429 4646 1444 4671 ,
1502 4605 1634 4675 φέρε
1684 4609 1764 4659 δι-

175 4701 485 4770 ηγήσωμαι
501 4697 596 4751 καὶ
618 4695 689 4749 τά
722 4697 914 4765 ὀδύνης
935 4697 1166 4765 ἔμπλεα·
1203 4697 1452 4766 Ἀνέστη
1473 4698 1773 4764 ,βασιλεὺς

173 4794 410 4860 ἕτερος,
437 4788 572 4860 φησί
595 4770 698 4842 ποῦ
727 4788 790 4842 τὸ
822 4788 966 4853 ἱερὸν
989 4789 1249 4860 Γράμμα,
1278 4789 1346 4856 ὃς
1368 4791 1481 4844 οὐκ
1508 4788 1637 4859 ﬁdet
1669 4789 1773 4842 τὸν

189 4879 450 4949 Ἰωσήφ.

251 5065 300 5117 Τ
304 5060 519 5125 οιοῦτος
551 5061 617 5131 δὴ
644 5061 739 5114 οῦν
763 5061 792 5114 6
832 5059 1102 5131 ήμίτερος
1126 5059 1347 5129 Φαραὼ,
1377 5053 1423 5112 ὦ
1456 5057 1778 5126 ἁγιώτατοι·⁴

176 5158 240 5210 ού
283 5156 380 5208 τὸν
420 5153 618 5223 Ἰωσήφ
649 5151 882 5220 ἀγνοῶν,
923 5151 1060 5206 ἀλλά
1089 5151 1182 5204 τὸν
1223 5152 1570 5220 ἀγοράσαντα
1615 5148 1773 5200 αὑτὸν

178 5244 470 5311 Δεσπότην
500 5241 859 5313 ἀρνούμενος.
892 5242 1062 5312 Δῆλον
1087 5243 1196 5311 γὰρ
1219 5241 1293 5304 ὼς
1325 5242 1354 5292 6
1381 5240 1587 5292 ἀθετῶν
1608 5237 1772 5290 αὑτοῦ

179 5341 278 5410 τὴν
310 5337 525 5398 εἰκόνα,
565 5334 730 5388 αὑτὸν
778 5334 980 5388 ἀθετεῖ.
1025 5332 1182 5387 Οῦτω
1235 5333 1326 5384 καὶ
1367 5331 1464 5401 τὴν
1493 5330 1771 5395 Θεοτόκον,

182 5432 275 5482 καὶ
308 5429 492 5481 πάντα
524 5426 682 5493 ἀγιον
713 5423 1000 5494 ἡθέτησεν.
1031 5425 1107 5477 Οὐ
1162 5425 1270 5493 γάρ
1305 5423 1468 5493 ἔφερε
1499 5423 1659 5490 φύσις
1695 5421 1769 5474 ὣν

179 5517 482 5588 ἀρνητικὴ,
515 5516 591 5587 μὴ
633 5515 755 5584 οὐχὶ
783 5518 847 5584 τῇ
877 5514 1087 5582 κεφαλῇ
1144 5515 1528 5584 συμπεριελείν
1561 5515 1657 5566 καὶ
1702 5513 1773 5565 τὰ

185 5611 323 5679 μέλη
358 5609 577 5662 πάνταο
631 5608 721 5660 ἵνα
768 5608 904 5676 μόνη
935 5609 968 5676 ή
999 5604 1160 5658 εἰκὼν
1188 5607 1351 5659 αὐτοῦ
1381 5604 1769 5676 ὲμφανίζηται,

184 5699 776 5770 Ναϐουχοδονοσορικῷ
833 5698 1087 5767 δόγματι.
1165 5697 1443 5751 Ἐντεῦθεν
1495 5700 1771 5768 ἐρήμωσις

191 5791 377 5843 πασῶν
424 5789 532 5842 τῶν
601 5787 941 5856 Ἐκκλησιῶν
1000 5786 1095 5839 τοῦ
1150 5787 1320 5854 Θεοῦ,
1374 5788 1771 5859 ἀφανιζομένης

259 5903 279 5934 ⁸
312 5903 332 5958 Ι
359 5903 489 5958 Cor.
520 5916 620 5971 xu,
646 5900 699 5954 2.
777 5901 796 5933 ⁸
821 5899 989 5955 Exod.
1015 5915 1052 5965 ι,
1083 5899 1135 5952 8.

1927 687 2194 756 presbyter
2223 696 2272 741 et
2305 689 2617 756 prwpositus
2661 686 3023 742 Studitarum.

1926 866 2377 937 Quandoquidem
2419 878 2619 938 prmter
2656 886 2809 939 spem
2847 872 3070 927 occasio
3118 886 3178 927 se
3214 870 3310 925 dat
3350 869 3439 923 Iit-

1858 968 2119 1024 terarum,
2171 971 2394 1031 stupens
2425 964 2743 1018 exclamabo
2792 982 2806 1019 :
2853 963 3010 1020 Unde
3053 964 3159 1018 hoc
3190 963 3346 1027 mihi,
3383 971 3442 1015 ut

1856 1065 1981 1103 cum
2018 1052 2222 1106 nullius
2251 1053 2352 1107 sim
2382 1054 2565 1121 pretii,
2603 1053 2672 1107 ad
2717 1069 2836 1118 vos,
2880 1053 3070 1108 Patres
3107 1054 3211 1108 mei
3243 1052 3438 1115 sancti,

1859 1141 2068 1195 litteras
2105 1143 2447 1197 conscribam
2476 1143 2662 1200 Hicce
2700 1146 2846 1200 enim
2894 1146 2986 1200 ubi
3031 1159 3134 1198 nos
3170 1143 3444 1212 oppressit

1858 1233 1928 1286 ob
1961 1233 2170 1289 scelera
2208 1243 2400 1288 nostra
2430 1236 2626 1290 acerba
2665 1236 2782 1290 haec
2806 1236 2861 1289 in
2892 1235 3080 1304 primis
3109 1234 3440 1302 persecutio,

1857 1323 2015 1391 cujus
2040 1322 2185 1377 fama
2227 1324 2452 1379 omnino
2480 1324 2548 1379 ad
2579 1341 2680 1381 vos
2725 1341 2903 1394 usque
2935 1325 3202 1394 pervenit.
3237 1323 3438 1392 Explo-

1858 1417 2088 1485 raviego
2111 1415 2380 1481 misellus,
2396 1428 2452 1472 et
2476 1419 2660 1473 animo
2677 1420 2938 1482 volutavi,
2978 1417 3441 1488 quemadmodum

1856 1513 1911 1558 et
1944 1519 2040 1571 per
2062 1520 2226 1572 quem
2248 1506 2380 1560 mihi
2407 1505 2486 1563 ias
2515 1517 2658 1563 esset
2673 1523 2737 1563 ea
2768 1508 2952 1578 lugere
2974 1510 3136 1562 etiam
3156 1508 3297 1575 apud
3326 1521 3445 1572 vos,

1859 1595 1960 1647 viri
1981 1595 2180 1657 sancti,
2210 1610 2336 1664 quae
2381 1597 2539 1652 nobis
2575 1598 2855 1668 conligere
2906 1597 3223 1659 infortunia,
3271 1614 3447 1666 neque

1858 1685 2022 1739 aliam
2055 1687 2125 1739 ob
2151 1701 2395 1753 causam,
2423 1703 2588 1756 quam
2618 1699 2678 1742 ut
2709 1697 2958 1743 sanctum
2988 1697 3180 1758 pectus
3206 1698 3446 1742 vestrum

1858 1775 1926 1830 ad
1955 1778 2486 1834 commiserationem
2528 1794 2972 1849 provocat-emus,
2991 1791 3048 1834 ut
3072 1797 3172 1835 nos
3197 1781 3447 1847 precibus

1859 1865 2235 1931 sublevaretis,
2271 1867 2364 1936 qui
2404 1869 2642 1937 compati
2667 1869 2916 1924 videlicet
2963 1870 3209 1938 apprime
3247 1871 3444 1936 nostis,

1791 1947 1833 2002 Β
1856 1959 2014 2026 juxta
2035 1957 2276 2027 Apustoli
2295 1959 2756 2016 adhortationem.
2773 1960 3052 2031 Siquidem
3078 1976 3272 2016 omnes
3291 1961 3449 2016 Chri-

1864 2052 1940 2105 sti
1967 2066 2157 2119 corpus
2190 2067 2392 2117 sumus,
2418 2063 2469 2106 et
2501 2053 2731 2107 membra
2755 2069 2826 2107 ex
2855 2062 3004 2122 parte
3025 2053 3068 2104 ⁸.
3095 2051 3159 2105 Ει
3180 2069 3303 2107 cum
3335 2054 3449 2108 hac

1856 2139 1969 2209 jam
1986 2141 2103 2209 ipse
2117 2156 2332 2196 mecum
2359 2151 2693 2210 reputarem,
2705 2143 2880 2198 astitit
2891 2153 3114 2213 repente
3131 2143 3447 2200 tabellarius

1859 2247 1925 2288 ex
1960 2232 2070 2287 illis
2108 2233 2424 2302 regionibus
2465 2249 2763 2302 reversus;
2805 2244 2861 2290 et
2905 2236 2996 2290 ille
3029 2238 3250 2306 quidem
3301 2237 3446 2292 lilius

1862 2339 2016 2378 mens
2049 2325 2102 2377 in
2126 2325 2342 2393 spiritu,
2372 2325 2626 2395 idemque
2667 2327 3018 2400 integerrima
3045 2329 3167 2383 tide.
3198 2328 3444 2394 Quomo-

1861 2414 1933 2468 do
1967 2414 2133 2484 igitur
2171 2431 2279 2470 non
2316 2431 2403 2470 me
2448 2427 2792 2486 peccatorem
2839 2419 3082 2488 oportuit
3107 2428 3218 2474 tam
3259 2421 3446 2489 inspe-

1862 2513 1980 2558 rato
2004 2505 2157 2560 lucro
2196 2507 2636 2578 obstupescere?
2681 2507 2970 2575 Quomodo
3007 2525 3114 2563 non
3142 2510 3324 2564 decuit
3357 2509 3446 2580 ju-

1859 2596 2131 2650 stissimas
2173 2612 2333 2667 agere
2378 2599 2582 2667 gratias
2643 2599 2876 2654 Domino
2938 2614 3061 2654 meo
3121 2599 3234 2653 Deo
3273 2601 3296 2652 ?
3340 2601 3445 2655 Sed

1861 2685 2187 2754 priusquam
2207 2703 2271 2741 ea
2294 2704 2418 2758 qua:
2463 2698 2593 2743 sunt
2616 2690 2778 2758 digna
2820 2689 2973 2744 luctu
2997 2691 3246 2759 eloquar,
3272 2692 3449 2746 obiter

1861 2786 2042 2824 meum
2102 2787 2227 2842 erga
2291 2789 2387 2829 vos
2447 2775 2780 2831 desiderium
2839 2777 3094 2848 indignus
3154 2794 3445 2848 exponam.

1863 2858 2130 2926 Gaudete,
2189 2861 2379 2919 Patres
2424 2863 2748 2932 felicissimi,
2794 2877 2955 2923 terra:
3002 2879 3204 2924 sancta:
3237 2871 3445 2935 incola},

1861 2967 2033 3022 genus
2054 2969 2304 3019 aureum,
2335 2954 2440 3011 ﬁde
2463 2972 2628 3027 supra
2658 2968 2884 3015 ueteres
2923 2960 3160 3030 probati,
3185 2961 3447 3015 vitiorum

1860 3046 2208 3102 domitores:
2261 3047 2513 3117 gaudete.
2578 3049 2908 3118 percelebris
2958 3047 3164 3104 Christi
3238 3062 3440 3118 coetus,

1862 3133 2154 3190 eﬂ'ectores
2199 3135 2582 3191 mandatorum
2616 3137 2733 3205 Dei,
2766 3154 2833 3194 ac
2857 3139 3042 3194 divina
3075 3141 3290 3195 vivendi
3324 3157 3449 3196 nor-

1863 3243 1950 3280 ma
1991 3227 2291 3285 imitatores
2329 3231 2448 3301 ejus
2483 3231 2608 3286 vitze
2645 3246 2767 3301 quia:
2797 3231 2850 3285 iu
2891 3233 3144 3304 paradiso
3170 3234 3385 3303 degitur
3427 3253 3443 3290 :

1860 3318 2117 3384 gaudete,
2162 3319 2331 3373 electa
2366 3319 2462 3373 Dei
2505 3320 2723 3386 civitas,
2769 3320 3038 3390 siquidem
3063 3331 3148 3376 est
3179 3322 3231 3375 in
3265 3323 3446 3377 medio

1861 3419 2005 3463 coetu
2059 3418 2243 3464 vestro
2307 3407 2592 3476 Dominus,
2662 3427 2826 3481 quem
2893 3411 3160 3466 bonorum
3217 3429 3445 3484 operum

1862 3496 2250 3551 exercitatione
2310 3498 2509 3553 colitis.
2551 3493 2757 3554 vellem
2800 3499 2985 3570 utique
3034 3502 3280 3556 divinum
3313 3504 3445 3557 illud

1861 3599 2106 3643 vestrum
2130 3599 2341 3659 septum
2375 3591 2550 3646 oculis
2585 3607 2872 3664 usurpare,
2904 3608 3061 3648 sacra
3091 3605 3271 3648 vestra
3305 3610 3441 3649 con-

1862 3680 2071 3751 tingere
2127 3683 2376 3752 vestigia,
2422 3694 2668 3739 sanctam
2714 3684 2914 3738 intueri
2955 3686 3146 3752 adem,
3192 3687 3440 3740 divinum

1863 3774 2039 3826 solum
2083 3773 2343 3838 osculari,
2389 3775 2600 3844 singula
2623 3775 2858 3830 lustrare
2885 3777 3164 3841 attentius,
3213 3776 3304 3830 ubi
3335 3775 3447 3832 Deo

1864 3862 2077 3931 plenus,
2102 3879 2164 3917 ac
2186 3879 2285 3917 suo
2321 3865 2654 3933 respondens
2685 3867 2890 3920 nomini
2915 3877 3137 3920 sanctus
3177 3865 3268 3921 Dei
3297 3867 3443 3922 Cha-

1864 3953 1990 4018 rito,
2033 3963 2146 4006 tum
2208 3956 2454 4025 martyrii
2508 3965 2620 4009 tum
2680 3958 2801 4011 vitae
2843 3959 3158 4012 monasucae
3208 3957 3444 4027 palmam

1865 4045 1987 4098 tulit
2027 4062 2040 4097 :
2089 4046 2181 4100 ubi
2210 4063 2424 4100 sacrum
2456 4047 2601 4102 illius
2640 4064 2839 4118 corpus
2894 4049 3232 4103 reconditum
3270 4066 3283 4102 :
3320 4064 3447 4102 vere

1864 4135 2159 4191 thesaurus
2209 4138 2494 4201 virtutum,
2540 4140 2710 4193 eremi
2764 4140 2921 4205 civis,
2975 4141 3123 4194 orbis
3175 4149 3443 4194 terrarum

1867 4225 2129 4282 lucerna:
2182 4229 2340 4298 cujus
2381 4229 2679 4298 pretiosum
2713 4245 2901 4284 semen
2948 4246 3056 4284 non
3087 4230 3306 4295 defecit,
3345 4247 3444 4286 nec

1865 4335 1996 4375 vero
2055 4320 2267 4375 deﬁciet
2320 4337 2493 4391 usque
2553 4323 2607 4375 in
2658 4323 3191 4377 consummationem
3235 4323 3438 4376 saeculi.

1869 4411 2086 4467 Utinam
2139 4413 2254 4466 haec
2280 4413 2451 4469 oculis
2500 4429 2802 4477 cernerem,
2858 4414 3245 4484 pulveremque
3288 4428 3442 4468 com-

1867 4503 2132 4571 plecterer
2164 4502 2329 4555 veluti
2360 4503 2657 4571 spirantem
2692 4503 2705 4555 !
2753 4501 2973 4556 Utinam
3011 4512 3065 4556 et
3089 4501 3446 4570 pregrederer

1873 4594 1938 4645 ad
1997 4594 2238 4662 reliquos
2295 4604 2608 4647 sanctorum
2641 4591 2868 4656 loculos,
2919 4591 3006 4644 vel
3067 4591 3187 4644 solo
3243 4591 3442 4643 intuitu

1873 4685 2162 4754 expiatus!
2196 4684 2266 4739 At
2297 4695 2584 4754 postquam
2615 4685 2728 4740 haec
2745 4685 2974 4739 strictim
2997 4683 3444 4741 commemoravi.

1872 4775 2047 4830 dicam
2087 4792 2249 4846 porro
2293 4786 2347 4829 et
2392 4794 2513 4844 quae
2555 4785 2683 4829 sunt
2729 4775 2884 4846 plena
2929 4777 3152 4829 luelus:
3202 4773 3445 4827 Surrexit

1872 4883 1966 4920 rea:
1993 4884 2175 4932 novus,
2204 4867 2403 4921 alicubi
2437 4866 2680 4924 referunt
2717 4881 2888 4922 sacra:
2923 4866 3150 4935 paginae,
3180 4866 3269 4935 qui
3299 4866 3445 4935 igno-

1874 4961 2022 5013 rabat
2047 4959 2240 5030 Ioseph
2263 4963 2305 5014 θ.

1943 5050 2090 5106 Talis
2139 5051 2387 5120 profecto
2428 5049 2646 5105 Pharao
2685 5059 2875 5104 noster
2914 5059 3021 5112 est,
3059 5046 3162 5101 viri
3209 5046 3445 5101 sanctis-

1872 5143 2020 5206 simi,
2051 5158 2160 5195 non
2196 5143 2290 5211 qui
2321 5141 2521 5210 Joseph
2570 5142 2802 5207 nesciat,
2845 5141 2939 5195 sed
2972 5139 3065 5209 qui
3097 5154 3244 5202 eum,
3278 5153 3308 5190 a
3332 5153 3447 5206 quo

1872 5237 2189 5304 redemptus
2244 5244 2363 5302 est,
2419 5233 2715 5289 Dominum
2762 5233 2945 5303 ipsum
3003 5240 3183 5302 neget.
3231 5230 3448 5298 Quippe

1872 5329 2227 5382 manifestum
2257 5337 2360 5391 est,
2401 5328 2497 5397 qui
2533 5327 2708 5396 ipsius
2755 5324 3051 5395 imaginem
3093 5332 3443 5392 aspernatur,

1873 5421 2054 5490 ipsum
2107 5421 2414 5491 aspernari.
2468 5419 2560 5474 Sic
2609 5419 2701 5474 ille
2749 5428 2804 5472 et
2852 5419 2905 5471 in
2951 5415 3241 5486 Deiparam
3290 5423 3344 5472 et
3387 5413 3446 5469 in

1881 5521 2134 5564 sanctum
2193 5509 2492 5579 quemlibet
2563 5507 2799 5578 injurius
2863 5506 2986 5560 fuit.
3049 5504 3239 5574 Neque
3293 5503 3442 5558 enim

1878 5603 2020 5656 ferre
2046 5602 2224 5670 potuit
2254 5611 2447 5654 natura
2473 5599 2539 5654 ad
2580 5598 2889 5669 negandum
2917 5596 3199 5665 proclivis,
3227 5593 3446 5662 quomi-

1877 5713 1981 5749 nus
2019 5711 2125 5748 una
2167 5711 2287 5749 cum
2325 5695 2500 5762 capite
2530 5693 2785 5746 universa
2819 5705 3041 5761 quoque
3073 5688 3317 5743 membra
3343 5701 3446 5738 au-

1878 5783 2043 5841 ferret
2073 5805 2084 5840 :
2114 5798 2172 5841 ut
2202 5788 2315 5843 sola
2360 5786 2431 5840 sit
2466 5785 2642 5855 ipsius
2673 5784 2851 5856 imago
2896 5783 3218 5853 conspicua,
3255 5775 3445 5834 Nabu-
