3934 6472
526 413 663 483 1171

1718 416 1783 478 S.
1825 411 2219 475 THEODORI
2251 410 2599 474 STUDIT/E

3663 408 3789 476 1172

521 527 965 583 chodonosorico
993 524 1196 583 edicto.
1243 524 1383 582 Hinc
1424 526 1669 580 omnium
1704 524 1798 579 Dei
1832 523 2106 579 Ecclesia-

2212 522 2489 592 πανταχοῦ
2515 522 2695 591 πάσης
2718 521 2921 593 σεπτῆς
2950 521 3180 584 εἰκόνος.
3198 519 3482 575 Ἐντεῦθεν
3514 520 3788 592 ἐμπρηοις

523 635 647 672 rum
714 618 1017 681 desolatio,
1082 618 1290 688 ubique
1347 618 1563 673 sublata
1627 633 1659 672 e
1714 617 1897 671 medio
1950 616 2104 670 omni

523 710 839 763 veneranda
892 709 1152 779 imagine.
1207 707 1347 766 Hinc
1404 723 1692 765 sacrorum
1742 707 2104 761 donariorum

522 803 765 866 exustio,
799 801 854 855 in
892 801 1095 871 quibus
1138 801 1353 871 imago;
1408 816 1473 856 ac
1505 798 1876 865 voluminum,
1910 799 1965 853 in
1989 799 2109 869 qui-

525 896 629 949 bus
666 895 848 963 aliqua
876 894 1133 964 imaginis
1160 895 1390 950 mentio.
1433 893 1574 948 Hinc
1603 894 1780 964 plenae
1809 892 2108 963 impietatis

525 986 959 1055 subscriptiones
988 987 1286 1057 exiguntur
1316 1004 1330 1040 τ
1362 995 1415 1042 et
1451 986 1731 1057 sacrilegae
1760 984 2107 1041 communio.

525 1079 613 1132 uis
632 1077 985 1148 participatio
1026 1076 1174 1133 facta
1203 1078 1454 1149 diligenti
1501 1094 1567 1134 ac
1597 1077 1834 1132 sollicita
1874 1074 2108 1145 inquisi-

526 1182 699 1233 none,
750 1184 819 1223 ne
850 1169 977 1238 quis
1017 1169 1337 1225 mortalium
1386 1185 1495 1225 non
1531 1170 1784 1225 devictus
1835 1182 1895 1223 se
1936 1166 2109 1223 ruinae

525 1261 835 1316 subtrahat.
867 1259 909 1313 E
941 1262 1163 1318 duobus
1187 1263 1335 1316 enim
1364 1262 1692 1318 alterutrum
1731 1259 2105 1316 necessarium

525 1355 611 1401 est
642 1364 654 1400 :
685 1357 777 1402 aut
809 1347 1038 1404 colenda
1075 1350 1257 1422 imago
1301 1366 1490 1417 aurea,
1520 1360 1618 1405 aut
1658 1350 1859 1405 acerba
1889 1351 2109 1405 crucia-

525 1450 680 1493 tuum
725 1441 943 1495 ﬂamma
984 1440 1332 1511 perferenda.
1377 1444 1457 1499 Ac
1506 1442 1867 1499 nihilominus
1916 1458 2112 1498 nume-

526 1548 650 1587 rare
698 1534 752 1587 in
812 1544 1068 1605 promptu
1123 1544 1208 1590 est
1253 1551 1350 1592 eos
1390 1536 1486 1606 qui
1537 1538 1829 1607 persﬁtere
1869 1536 2105 1592 immoti.

2210 613 2373 684 ἱερῶν
2412 614 2796 684 ἀναθημάτων,
2833 616 2890 666 ἐν
2918 608 3001 676 οἷς
3030 611 3214 665 εἰκών·
3248 612 3343 665 καὶ
3372 612 3599 682 βίϐλων,
3631 613 3693 665 ἐν
3710 608 3787 677 αἷς

2206 706 2337 776 περὶ
2381 704 2553 774 αὐτῆς
2584 722 2637 757 τι
2684 704 2893 757 λεκτόν.
2935 703 3217 757 Ἐντεῦθεν
3270 702 3338 756 τὰ
3385 703 3486 774 τῆς
3538 702 3789 765 ἀσεσείιις

2207 793 2551 864 χειρόγραφα
2598 793 2981 864 ἀπαιτούμενα
3004 809 3017 823 ·
3050 793 3144 846 καὶ
3169 796 3202 864 ἡ
3238 792 3458 863 μέθεξις
3495 794 3603 862 τῆς
3630 792 3789 845 ἀθέου

2207 885 2491 947 κοινωνίας
2520 884 2608 938 διὰ
2665 884 2863 953 πολλῆς
2917 885 3266 954 ἐκζητήσεως
3300 886 3395 937 καὶ
3424 884 3694 953 ἐρεύνης’
3723 884 3791 946 ὡς

2212 977 2288 1047 μὴ
2327 976 2719 1047 ὑπολειφθῆναι
2770 977 3045 1031 ἀνάλωτον
3072 977 3253 1031 πάντα
3280 976 3597 1048 ἄνθρωπον.
3638 979 3789 1029 Δυοῖν

2207 1066 2316 1134 γάρ
2371 1066 2599 1137 θάτερον
2625 1067 2840 1138 ἀνάγκη
2863 1084 2876 1097 ·
2906 1067 2951 1138 ’ἢ
2988 1068 3371 1139 προσκυνῆσαι
3418 1072 3483 1139 τῇ
3522 1068 3787 1142 εῖκόνιτῇ

2207 1158 2406 1227 χρυσῇ,
2437 1157 2469 1226 ἢ
2505 1160 2570 1228 τῇ
2608 1160 2822 1230 πονηρᾷ
2854 1158 3015 1227 φλογὶ
3054 1159 3163 1214 τῶν
3195 1160 3445 1229 βασάνων
3474 1160 3789 1230 ὑποϐληθῆ-

2210 1265 2322 1302 ναι.
2385 1249 2497 1302 Καὶ
2544 1250 2695 1320 ὅμως
2750 1250 3106 1323 εὐαρίθμητοι
3168 1252 3219 1304 οῖ
3276 1252 3583 1323 ἀκαμπεῖς.
3637 1253 3791 1316 Τίνες

2208 1331 2387 1404 οὖτοις
2432 1340 2491 1393 ’0
2536 1339 2678 1409 ἱερὸς
2708 1340 2863 1411 ὑμῶν
2890 1342 3274 1413 πατριάρχης,
3309 1342 3565 1413 ίεράρχαι
3606 1359 3669 1395 τε
3702 1344 3791 1397 καὶ

2212 1430 2397 1500 ίερεῖς,
2433 1430 2698 1501 μονασταὶ
2744 1431 2838 1484 καὶ
2866 1411 3215 1500 μονάζουσαι.
3543 1435 3579 1503 ἠ
3617 1433 3789 1518 ¹ιινόρνη

2211 1518 2276 1592 [1.
2309 1518 2539 1592 πόρνης]
2567 1520 2710 1589 ὄψις,
2750 1519 2950 1592 ᾐδέσθη
2989 1522 3085 1573 καὶ
3113 1522 3278 1592 μέχρι
3315 1521 3521 1576 τούτων
3544 1522 3647 1587 τὰς
3691 1525 3791 1594 μά-

519 1624 764 1686 Ouinam
793 1625 870 1679 illi
908 1628 1119 1696 porro?
1150 1626 1318 1682 Sacer
1342 1629 1531 1698 utique
1553 1629 1867 1699 patriarcha
1891 1638 2106 1693 noster,

2212 1630 2404 1681 στιγας
2429 1615 2738 1683 ἐπαφεῖναι.
2768 1611 2891 1677 Πῶς
2921 1612 3032 1684 γὰρ
3082 1614 3151 1667 ἀν
3202 1615 3451 1685 ἐναργῶς
3500 1617 3790 1687 παραστή-

525 1718 771 1787 cpiscopi
803 1727 859 1773 et
889 1719 1231 1783 sacerdotes,
1285 1721 1543 1774 monachi
1572 1730 1627 1776 et
1657 1720 1959 1775 monachae.
2003 1719 2106 1774 Ne-

2213 1722 2368 1774 σαιμι
2419 1704 2518 1769 τὰς
2563 1704 2771 1776 θλίψεις
2791 1747 2806 1771 ,
2833 1705 2930 1769 τὰς
2960 1707 3229 1775 φυλακὰς,
3253 1709 3381 1772 τοὺς
3404 1707 3673 1777 δεσμοὺς,
3698 1709 3792 1770 τὰς

525 1821 632 1874 que
657 1809 805 1862 enim
840 1810 1193 1865 meretricius
1225 1811 1425 1864 oculus
1456 1811 1667 1864 veritus
1700 1818 1785 1865 est
1809 1809 1894 1865 vel
1920 1810 1974 1863 in
2008 1809 2106 1865 hos

2211 1797 2646 1869 λιμοκτονήσεις,
2700 1799 2801 1863 τὰς
2856 1800 3093 1872 ἐξορίας,
3131 1801 3232 1865 τὰς
3281 1802 3614 1870 ἀπαγωγὰς,
3669 1804 3793 1866 τοὺς

525 1862 703 1970 usque
732 1899 947 1973 ﬂagella
1001 1901 1317 1956 immittere.
1366 1900 1491 1968 Quo
1533 1900 1680 1956 enim
1714 1908 1876 1967 pacto
1914 1900 2094 1968 palam

2210 1862 2508 1958 θανάτουςξ
2555 1862 2708 1947 Ἐπεὶ
2763 1862 2860 1948 καὶ
2899 1862 3088 1966 ⁷μεχρι⁷
3125 1862 3282 1949 τοῦδε
3316 1898 3351 1966 ἡ
3388 1862 3714 1965 πεῖραίτάς
3738 1862 3793 1949 ἐν

524 2008 795 2061 exponam
839 1994 1183 2060 vexationes,
1227 2007 1501 2057 carceres,
1548 1993 1790 2060 vincula,
1838 1990 2101 2056 inediam,

2209 1985 2361 2055 ὅρεσι
2393 1985 2706 2054 φυγαδείας,
2727 1985 2825 2049 τὰς
2846 1987 2906 2040 ἐν
2936 1986 3223 2058 σπηλαίοις
3256 1989 3351 2041 καὶ
3372 1989 3535 2050 ὀπαῖς
3566 1987 3670 2057 τῆς
3693 1988 3793 2057 Υῆς

523 2085 739 2145 exsilia.
782 2086 987 2140 damna
1021 2085 1193 2151 illata,
1237 2087 1441 2141 neces?
1470 2085 1536 2141 Et
1560 2087 1676 2141 haec
1703 2086 1887 2139 omnia
1914 2100 2106 2141 sumus

2209 2078 2603 2148 κατακρύψεις.
2645 2078 2854 2133 Ἀὀδιοὺ
2880 2081 2909 2133 6
2934 2084 3243 2151 προφήτης,
3273 2080 3353 2134 ἔτι
3385 2080 3462 2134 ῶν
3494 2082 3794 2152 τριστάτης

524 2177 733 2245 experti
771 2195 784 2231 :
818 2177 872 2230 in
909 2177 1195 2233 montibus
1223 2176 1404 2248 fugas,
1450 2178 1856 2232 occultationes
1897 2176 1951 2229 in
1980 2189 2106 2245 spe-

2221 2170 2449 2241 Ἀχαά6,
2480 2171 2579 2241 τῆς
2626 2170 2859 2234 Ἰεζάὗελ
2888 2172 3163 2241 φονώσης·
3195 2172 3409 2240 λέγεται
3435 2173 3793 2244 κατακρύψαι

523 2268 705 2323 luncis
757 2281 813 2324 et
866 2268 1122 2325 cavernis
1174 2278 1354 2326 terrae.
1394 2270 1600 2325 Abdias
1640 2270 1926 2340 propheta,
1978 2282 2103 2322 cum

2211 2265 2363 2327 υἱοὺς
2382 2264 2490 2319 τῶν
2511 2265 2808 2336 προφητῶν
2825 2265 2929 2319 ἀνά
2948 2267 3286 2336 πεντήκοντα
3310 2267 3391 2329 εἰς
3411 2266 3507 2321 δύο
3528 2267 3792 2338 σπήλαια,

521 2368 672 2415 esset
705 2362 887 2416 adhuc
920 2377 952 2417 e
989 2362 1221 2418 ducibus
1250 2364 1465 2429 Achab,
1520 2378 1645 2419 cum
1671 2361 1891 2418 Iezabel
1926 2361 2105 2417 caedes

2209 2356 2303 2419 οὓς
2328 2358 2422 2409 καὶ
2444 2356 2746 2426 διέτρεφεν.

524 2463 789 2523 patraret,
831 2453 1035 2509 dicitur
1072 2456 1213 2511 ﬁlios
1247 2457 1638 2526 prephetarum
1682 2456 2104 2525 quinquagenos

524 2545 581 2599 in
627 2545 843 2600 duabus
888 2545 1171 2615 speluncis
1216 2548 1554 2608 occultasse,
1583 2561 1722 2615 quos
1760 2554 1816 2599 et
1860 2547 2010 2614 pavit
2038 2546 2103 2599 ‘°.

599 2634 698 2689 llic
731 2651 862 2691 vero
898 2636 943 2691 si
975 2638 1102 2705 quis
1128 2637 1572 2706 deprehendatur
1600 2636 1682 2691 vel
1729 2651 1897 2690 unum
1942 2635 2106 2689 modo

2295 2632 2557 2686 Ἐνταῦθα
2582 2635 2637 2688 δὲ
2658 2636 2706 2688 εί
2736 2638 3015 2711 φωραθείη
3046 2656 3127 2702 τις
3155 2640 3249 2692 καὶ
3281 2640 3443 2709 μόνον
3465 2640 3563 2693 ἕνα
3588 2658 3794 2711 κεκρυ-

523 2729 862 2797 occuluisse,
904 2729 960 2785 in
1007 2743 1271 2801 magnum
1304 2729 1392 2783 ille
1430 2729 1726 2783 discrimen
1767 2728 1918 2781 venit
1949 2745 1961 2781 :
1996 2728 2106 2780 imo

2212 2719 2326 2791 φὼς
2350 2762 2364 2785 ,
2410 2723 2469 2773 ἐν
2509 2724 2739 2794 κινδύνῳ
2771 2726 3029 2796 μεγάλῳ*
3071 2727 3205 2779 ἀλλά
3237 2726 3347 2797 γὰρ
3388 2726 3493 2779 κᾶν
3533 2728 3795 2799 κρύϐδην,

523 2822 571 2875 si
602 2822 688 2875 vel
729 2822 869 2876 clam
910 2822 1134 2891 impiam
1172 2821 1622 2877 communionem
1676 2819 1969 2889 refugisse,
2013 2828 2106 2872 aut

2212 2813 2429 2881 φεύγων
2474 2814 2571 2884 τὴν
2622 2816 2792 2886 ἀσεϐῆ
2820 2817 3125 2883 κοινωνίαν,
3165 2817 3197 2888 ἢ
3227 2818 3411 2871 εἰκόνα
3446 2820 3728 2891 φρουρῶν,
3760 2820 3791 2889 ἢ

523 2928 689 2981 penes
716 2928 776 2968 se
815 2928 1071 2969 servasse
1102 2913 1429 2981 imaginem,
1463 2921 1556 2968 aut
1587 2914 1841 2968 volumen
1881 2914 2103 2984 aliquod

2214 2906 2397 2976 βίϐλον
2450 2907 2811 2978 περιέχουσαν
2862 2908 2931 2962 τά
2990 2910 3112 2962 κατ’
3141 2908 3333 2979 αὑτήν.
3372 2910 3511 2981 Σιγᾷ
3565 2912 3633 2966 τὰ
3688 2911 3795 2965 τῶν

523 3008 578 3061 in
611 3022 723 3077 quo
764 3007 893 3074 quid
939 3007 1150 3061 inesset
1198 3007 1321 3076 ejus
1371 3008 1703 3077 argumenti.
1749 3006 1924 3061 Silent
1957 3008 2104 3062 dolui

2210 2998 2577 3054 εὐσεϐούντων
2640 3000 2787 3053 ἔνδον
2848 3001 3089 3071 στόματα
3122 3019 3138 3034 ·
3194 3005 3402 3057 ἀνεῖται
3470 3004 3795 3075 βλάσφημος

524 3114 621 3153 ora
648 3098 902 3166 piorum;
946 3097 1156 3152 nefaria
1200 3098 1385 3168 lingua
1420 3099 1686 3161 solvitur,
1725 3115 1982 3169 magnum
2032 3100 2106 3152 i‘n-

2210 3091 2469 3161 γλῶσσαο
2528 3092 2870 3163 κωμῳδεῖται
2914 3093 2975 3147 τὸ
3023 3094 3165 3165 μέγα
3208 3096 3308 3163 τῆς
3345 3097 3662 3165 οἰκονομίας
3698 3116 3797 3167 μυ-

524 3191 867 3247 carnationis
890 3190 1210 3260 mysterium
1244 3193 1297 3243 in
1328 3199 1704 3259 contemptum
1730 3190 1898 3243 venit.
1929 3188 2103 3255 Nunc,

2214 3186 2455 3253 στήριον.
2487 3187 2662 3254 Ἀρτι,
2695 3187 2829 3256 φησὶ
2855 3227 2870 3253 ,
2919 3189 3136 3257 Κύριος
3188 3189 3497 3257 ἐλάλησεν
3544 3190 3797 3259 είρήνην

526 3284 705 3355 inquit
741 3304 754 3339 :
788 3284 1045 3339 Dominus
1079 3284 1284 3337 locutus
1315 3295 1393 3338 est
1414 3301 1593 3354 pacem
1621 3286 1674 3339 in
1700 3285 1897 3354 plebem
1932 3304 2104 3349 suam,

2209 3275 2305 3328 ἐπὶ
2334 3274 2443 3327 τὸν
2471 3275 2626 3328 λαὸν
2655 3276 2876 3343 αὑτοῦ..
2898 3277 2997 3331 καὶ
3027 3278 3126 3332 ἐπὶ
3154 3278 3297 3344 τοὺς
3336 3280 3553 3345 ὁσίους
3583 3281 3793 3345 αὑτοῦ,

521 3385 575 3430 st
609 3390 766 3446 super
790 3385 1001 3430 sanctos
1030 3392 1177 3440 suos,
1202 3385 1250 3430 et
1282 3377 1337 3430 in
1355 3394 1441 3431 eos
1464 3379 1552 3447 qui
1586 3388 1887 3431 convertunt
1915 3396 2005 3432 cor
2038 3378 2106 3432 ad

2209 3367 2308 3423 καὶ
2343 3368 2441 3421 ἐπὶ
2480 3368 2623 3434 τοὺς
2668 3368 3145 3438 ἐπιστρέφοντας
3168 3370 3421 3437 καρδίαν
3450 3371 3546 3424 ἐπ’
3572 3373 3791 3425 αὐτόν·

524 3468 697 3533 ipsum
725 3465 765 3498 ¹²
802 3464 938 3534 :qui
984 3464 1147 3519 initio
1177 3466 1418 3535 pr0priis
1462 3467 1748 3536 discipulis
1782 3468 1921 3523 dixit
1956 3487 1969 3523 :
2004 3468 2110 3521 Pa-

524 3571 637 3609 cem
661 3555 897 3625 relinquo
929 3557 1094 3623 vobis,
1140 3572 1325 3626 pacem
1364 3574 1534 3610 meam
1570 3561 1636 3611 do
1668 3560 1810 3613 vobis
1836 3561 1900 3613 ".
1930 3560 2104 3623 Nunc,

524 3646 809 3715 inquiunt,
841 3646 1056 3700 sublata
1091 3660 1122 3700 e
1169 3646 1352 3700 medio
1398 3647 1541 3700 idola
1575 3648 1809 3702 cthnicze
1841 3648 2108 3716 supersti-

528 3736 718 3799 tionis,
767 3751 891 3806 qutc
945 3735 1186 3791 Deorum
1234 3737 1652 3794 multitudinem
1715 3740 1916 3795 astruit
1953 3758 1966 3794 :
1998 3741 2108 3793 cla-

524 3838 715 3882 mante
762 3828 876 3896 jam
938 3827 1068 3881 olim
1126 3828 1434 3898 Apostolo:
1477 3828 1631 3883 Nihil
1674 3840 1752 3885 est
1808 3830 2006 3885 idolum
2054 3833 2108 3885 in

524 3920 723 3973 mundo
748 3921 811 3974 ”.
843 3919 1021 3981 Nunc,
1044 3921 1222 3982 aiunt,
1247 3922 1508 3976 mundata
1536 3921 1779 3977 Ecclesia
1810 3932 1913 3987 est,
1941 3938 2104 3992 quam

524 4012 655 4064 olim
712 4011 857 4066 idem
913 4012 1211 4081 Apostolus
1254 4014 1634 4084 pronuntiavit
1660 4015 1703 4046 “
1755 4030 1862 4068 non
1908 4014 2108 4068 habere

523 4104 803 4158 maculam
839 4118 1018 4175 neque
1054 4120 1269 4175 rugam,
1308 4114 1403 4159 aut
1433 4106 1640 4175 aliquid
1673 4106 1969 4175 ejusmodi,
2010 4106 2103 4161 sed

524 4210 650 4250 esse
696 4205 948 4251 sanctam
998 4205 1051 4251 et
1110 4197 1544 4252 immaculatam.
1596 4196 1773 4263 Nunc,
1826 4198 2106 4266 inquiunt,

524 4288 621 4343 lus
660 4288 992 4344 Christianis
1027 4289 1232 4343 aﬂ‘ulsit
1273 4290 1597 4360 ignorantiae
1638 4290 1870 4360 caligine
1926 4291 2105 4359 impli-

524 4381 668 4435 catis
712 4399 727 4435 :
768 4381 972 4451 quibus
1026 4381 1351 4452 jampridem
1418 4396 1449 4435 a
1525 4381 1794 4452 principio
1852 4381 2105 4435 Christus

523 4473 664 4528 dixit
706 4490 720 4528 :
755 4472 870 4543 Ego
917 4474 1011 4528 lux
1069 4475 1123 4528 in
1172 4474 1428 4527 mundum
1476 4474 1636 4527 veni:
1673 4485 1730 4527 ut
1782 4475 1953 4526 omnis
2015 4476 2103 4542 qui

2206 3463 2235 3515 6
2284 3463 2341 3513 ἐν
2379 3462 2518 3533 ἀρχῇ
2560 3462 2733 3533 φήσας
2767 3463 2877 3525 τοῖς
2914 3462 3138 3526 οἰκείοις
3167 3461 3439 3533 μαθηταῖς
3472 3479 3487 3493 ⁸
3524 3463 3795 3533 Εἰρήνην

2208 3556 2420 3624 ἀφίημι
2473 3556 2635 3625 ὑμῖν,
2687 3557 2937 3627 εἰρήνην
2985 3557 3102 3626 τὴν
3157 3558 3317 3628 ἐμὴν
3367 3558 3580 3628 δίδωμι
3628 3564 3788 3632 ὑμῖν.

2212 3649 2276 3700 Ἀ
2290 3667 2393 3718 ρτι,
2418 3650 2600 3717 φασὶν,
2628 3650 2771 3721 ῆρθη
2792 3654 2857 3705 ἐκ
2896 3652 3060 3720 μέσου
3086 3651 3431 3723 βδελύγματα
3467 3652 3793 3725 Ἑλληνικῆς

2209 3741 2513 3806 πολυθεῖας·
2553 3743 2646 3796 τοῦ
2683 3744 3005 3797 Ἀποστόλου
3030 3744 3270 3816 ἀρχῆθεν
3296 3744 3532 3816 βοῶντος
3552 3763 3568 3778 ·
3601 3747 3795 3801 Οὐδὲν

2208 3832 2461 3886 εἴδωλον
2507 3832 2577 3885 ἐν
2609 3835 2835 3901 κόσμῳ.
2890 3833 3083 3901 Ἀρτι,
3140 3834 3317 3903 φασὶ,
3378 3835 3723 3905 κεκάθαρται
3760 3839 3794 3907 ἡ

2221 3913 2534 3993 Ἐκκλησία,
2584 3924 2651 3993 ἢν
2681 3925 2851 3978 πάλαι
2884 3925 3162 3994 ἀπέφηνεν
3201 3926 3228 3978 6
3267 3925 3429 3990 αὐτὸς
3468 3927 3795 3993 Ἀπόστολος

2212 4016 2287 4086 μὴ
2322 4016 2463 4085 ἔχειν
2496 4015 2700 4081 σπῖλον,
2738 4015 2770 4088 ἢ
2815 4016 3023 4086 ῥυτίδα,
3059 4016 3092 4087 ῆ
3137 4033 3190 4069 τι
3216 4016 3324 4069 τῶν
3345 4020 3609 4073 τοιούτων
3633 4039 3647 4054 ·
3676 4021 3793 4079 ἀλλ’

2208 4109 2347 4162 εἶναι
2388 4108 2548 4177 ἁγίαν
2574 4109 2667 4161 καὶ
2689 4108 2942 4179 ἄμωμον.
2960 4110 3138 4179 Ἀρτι,
3167 4108 3321 4177 φασὶ,
3346 4108 3406 4160 τὸ
3440 4110 3559 4177 φῶς
3585 4113 3794 4188 ηῦγασε

2208 4198 2318 4259 τοῖς
2348 4198 2694 4267 Χριστιανοῖς
2745 4199 3121 4267 ἐνισχημένοις
3168 4195 3321 4266 ζόφῳ
3379 4199 3608 4266 ἀγνοίας
3636 4219 3651 4234 ι
3714 4198 3795 4267 οἷς

2207 4288 2415 4344 ἀνωθεν
2445 4288 2538 4342 καὶ
2577 4288 2670 4341 ἀπ’
2702 4289 2878 4359 ἀρχῆς
2908 4288 3145 4363 Χριστὸς
3174 4288 3377 4360 ἔφησεν
3407 4306 3422 4321 ⁸
3465 4289 3619 4359 Ἐγὼ
3669 4295 3796 4362 φῶς

2207 4384 2294 4447 είς
2350 4380 2457 4434 τὸν
2498 4380 2731 4448 κόσμον
2765 4378 3037 4448 ἐλήλυθα
3061 4392 3075 4408 ⁶
3121 4380 3221 4433 ἵνα
3266 4379 3389 4446 πᾶς
3421 4382 3454 4434 6
3488 4387 3797 4439 πιστεύων

2208 4476 2295 4538 εὶς
2343 4472 2468 4541 ἐμὲ,
2514 4473 2584 4526 ἐν
2615 4470 2688 4539 τῇ
2720 4472 2936 4537 σκοτίᾳ
2963 4470 3050 4539 μὴ
3078 4472 3278 4540 μείνῃ.
3324 4474 3545 4543 Ὁρᾶτε,
3578 4475 3797 4545 ἀδελφοὶ

525 4563 692 4616 credit
718 4563 773 4616 in
798 4579 899 4627 me,
928 4565 980 4617 in
1010 4564 1235 4619 tenebris
1260 4581 1363 4623 non
1401 4574 1613 4619 maneat
1639 4567 1703 4619 η.
1735 4563 1967 4631 Videtis,
1996 4566 2101 4618 l'ra—

2209 4564 2373 4631 ἅγιοι,
2426 4565 2521 4633 τὴν
2561 4562 2896 4615 ἀποστασίαν
2941 4562 3007 4631 ἢν
3036 4562 3117 4615 δεῖ
3153 4563 3365 4632 πρῶτον
3416 4563 3622 4631 ἐλθεῖν,
3656 4567 3797 4620 καθά

526 4661 640 4709 tres
681 4655 881 4721 sancti,
926 4656 1348 4722 discessionem,
1395 4673 1559 4728 quam
1613 4667 1825 4727 oportet
1870 4660 2106 4726 primum

524 4748 739 4811 venire,
769 4748 1232 4816 quemadmodum
1262 4751 1558 4819 Apostolus
1583 4751 1825 4820 loquitur
1853 4739 1918 4803 ’⁵.
1953 4750 2109 4804 Nunc

526 4838 711 4892 oculis
745 4837 848 4906 ipsi
880 4840 1161 4893 cernimus
1193 4838 1517 4896 Antichristi
1549 4842 1869 4911 primordia.
1894 4841 2105 4896 Defeci-

522 4943 689 4991 mus,
742 4928 1057 4997 consumpti
1107 4943 1300 4983 sumus
1335 4947 1349 4983 :
1380 4929 1582 4999 Deiecit
1628 4932 1975 5002 suﬁlatorium
2023 4932 2100 4996 '7;

524 5018 727 5072 occidit
759 5033 884 5087 spes
932 5020 1135 5086 omnis,
1165 5020 1210 5074 si
1247 5021 1477 5076 facultas
1509 5024 1746 5076 humana
1798 5028 2099 5091 spectatur.

524 5113 598 5165 At
624 5112 797 5165 vicem
828 5122 1074 5168 nostram
1104 5128 1203 5169 vos
1234 5114 1434 5184 lugete,
1465 5115 1666 5183 quibus
1708 5123 1791 5170 est
1824 5115 1875 5168 in
1908 5115 2105 5175 alienis

526 5200 689 5254 malis
735 5212 982 5257 tenerum
1011 5213 1222 5272 peetus,
1255 5214 1517 5273 tanquam
1553 5204 1799 5274 ejusdem
1829 5205 2100 5274 corporis.

524 5292 696 5360 Opem
752 5294 913 5348 nobis
969 5308 1067 5363 per
1122 5307 1332 5352 vestras
1377 5312 1566 5367 preces
1609 5299 1783 5364 ferte,
1844 5306 2104 5368 tauquam

528 5383 766 5437 fratrum
798 5392 1075 5441 amantes.
1104 5387 1399 5443 Acerbiora
1432 5400 1560 5451 sunt
1585 5406 1707 5458 qua:
1728 5391 1817 5445 hic
1849 5393 2110 5460 patimur,

527 5489 698 5541 quam
734 5490 855 5543 quae
895 5476 1114 5545 uspiam
1152 5492 1183 5531 a
1214 5477 1470 5533 Barbaris
1502 5490 1783 5549 geruntur.
1816 5479 1934 5533 Jam
1971 5479 2115 5535 sicut

529 5566 769 5620 Sodoma
819 5567 950 5623 lacti
1002 5584 1220 5635 sumus,
1266 5580 1321 5625 et
1363 5572 1504 5626 sicut
1550 5572 1853 5626 Gomorrha
1905 5572 2113 5628 similes

529 5671 726 5712 sumus
751 5657 817 5709 ¹⁸.
866 5655 1018 5714 Hanc
1054 5658 1221 5729 igitur
1268 5663 1339 5715 oh
1388 5676 1612 5716 causam
1661 5663 1975 5717 sanctitatis
2020 5677 2111 5716 ve-

603 5768 647 5797 ¹⁰
672 5764 737 5837 111
762 5763 894 5837 Reg.
926 5781 1080 5837 Qui,
1116 5770 1170 5824 4.
1252 5770 1290 5800 “
1315 5770 1457 5825 Psal.
1490 5787 1708 5837 LXXXIV,
1744 5772 1798 5826 9.

726 5770 894 5867 lﬂeg.
926 5781 1080 5832 xvtu,
1116 5770 1170 5824 4.
1252 5770 1290 5800 “
1315 5770 1457 5825 Psal.
1490 5787 1708 5837 LXXXIV,
1744 5772 1798 5826 9.
1881 5770 2102 5825 “Joan.

726 5836 741 5867 ξ
882 5836 901 5867 ο
930 5835 969 5867 Il
998 5835 1173 5867 Tim...
1232 5855 1267 5867 ..
1326 5842 1356 5867 τ
1459 5842 1499 5867 n
1536 5841 1701 5867 I....,....-
1760 5858 1810 5867 ...
1863 5843 1933 5867 an
2034 5839 2106 5867 in!

2209 5788 2249 5835 γ,
2280 5771 2373 5867 ΞΖ.
2457 5770 2684 5828 ¹³1(]οι“.
2719 5790 2837 5841 vut,
2872 5776 2924 5830 4.

531 5850 632 5902 xu,
674 5836 766 5890 46.
858 5835 901 5867 ¹⁶
928 5835 974 5891 11
998 5835 1196 5894 Thess.
1232 5855 1290 5907 ll,
1326 5842 1377 5896 5.
1459 5842 1499 5874 ¹⁷
1525 5835 1723 5898 Jerem.
1760 5858 1832 5905 vr,
1863 5843 1953 5897 29.
2034 5839 2106 5893 ’⁸1

2239 5857 2277 5906 t,
2307 5843 2357 5897 9.

2208 4672 2371 4724 φησιν
2400 4656 2429 4706 6
2470 4652 2814 4716 Ἀπόστολος.
2848 4654 2988 4724 ’Ἤδη
3021 4655 3081 4707 ἐν
3110 4654 3411 4726 ὀφθαλμοῖς
3463 4660 3631 4729 ἡμῶν
3660 4663 3797 4732 ὀρῶ-

2209 4763 2306 4817 μεν
2356 4748 2425 4799 τὰ
2477 4746 2679 4799 είσόδια
2738 4744 2830 4798 τοῦ
2880 4747 3275 4818 Ἀντιχρίστου.
3317 4749 3792 4823 Ἐκλελοίπαμεν⁶

2205 4835 2644 4908 παρανηλώμεθα
2675 4851 2689 4865 ·
2731 4836 3009 4902 Ἐξέλιπε
3056 4839 3341 4908 φυσητήρ
3450 4842 3795 4915 ἀπελήλαται

2206 4933 2357 4984 πᾶσα
2406 4929 2561 4992 ἐλπὶς
2586 4929 2711 4983 ὅσον
2754 4930 2893 4983 κατὰ
2933 4930 3239 5001 ἄνθρωπον.
3287 4933 3451 4987 Ἀλλά
3499 4938 3794 5003 στενάξαι-τε

2210 5023 2296 5090 ἐφ’
2326 5023 2492 5091 ἡμᾶς,
2518 5016 2560 5073 ῶ
2584 5021 3046 5099 συμπαθέστατοι,
3076 5023 3152 5083 ὡς
3187 5023 3488 5096 σύσσωμοι.
3538 5029 3795 5099 Ὀρέξςιτε

2215 5116 2373 5184 χεῖρα
2422 5114 2846 5184 πρεσϐευτικὴν,
2909 5112 2984 5178 ὡς
3016 5096 3371 5184 φιλάδελφοι.
3421 5118 3545 5171 Τῶν
3602 5096 3796 5176 σύτὸθι

2214 5205 2434 5275 χείρονα
2462 5204 2530 5257 τὰ
2568 5205 2813 5274 ᾑμέτερα
2846 5203 3259 5275 βαρϐαρίξεται.
3309 5206 3397 5269 Ὧς
3435 5209 3649 5279 Σόδομα
3692 5213 3795 5283 ἤδη

2210 5297 2532 5367 γεγόναμεν,
2567 5298 2663 5350 καὶ
2717 5296 2791 5361 ὼς
2824 5296 3078 5369 Γόμορρα
3108 5297 3209 5368 ἤδη
3261 5299 3654 5373 ὡμοιώθημεν.
3696 5308 3794 5357 Διά

2207 5389 2366 5443 τοῦτο
2419 5387 2708 5460 τοιγαροῦν
2766 5389 2859 5442 καὶ
2922 5390 3343 5462 ἐπεῦοησάμεθα
3396 5397 3460 5465 τῇ
3511 5396 3795 5470 ἁγιωσύνῃ

2212 5481 2363 5550 ὑμῶν
2407 5482 2455 5533 οἱ
2500 5481 2776 5546 ταπεινοὶ,
2820 5480 2895 5544 ὡς
2925 5482 2982 5535 ἐν
3030 5482 3109 5536 ἐνὶ
3156 5483 3369 5553 σώματι
3427 5488 3539 5539 τῶν
3574 5490 3792 5541 πάντων

2210 5571 2454 5640 ἀδελφῶν
2486 5572 2580 5625 καὶ
2609 5573 3063 5644 συμπασχόντων.
3100 5576 3288 5647 Ἰσμεν
3320 5577 3428 5649 γὰρ
3477 5578 3562 5632 ὅτι
3615 5582 3791 5651 ίσχύει

2209 5662 2241 5730 ἡ
2273 5660 2458 5714 δικαία
2487 5659 2638 5729 ὑμῶν
2666 5661 2847 5731 δέησις
2882 5664 3270 5736 ἐνεργουμένη,
3295 5667 3370 5730 ὡς
3397 5667 3464 5722 ἂν
3490 5669 3572 5739 τῷ
3611 5670 3789 5736 ἐξιλα-

3007 5776 3047 5807 ¹⁸
3069 5776 3269 5847 Ephes.
3306 5793 3356 5844 ν,
3384 5778 3477 5835 9.7.
3559 5782 3605 5815 "
3628 5781 3789 5840 Joan.
