3934 6438
147 399 287 462 1173

1337 407 1873 466 EPISTOLARUM
1939 410 2086 466 LIB.
2135 408 2213 465 II.

3267 407 3399 469 1174

142 509 270 580 σμῷ
303 509 473 579 αὐτῆς
500 512 715 581 κοπάσῃ
768 514 799 580 ἠ
855 511 1082 583 θραῦσις
1130 517 1226 583 τῆς
1260 516 1544 586 αἱρετικῆς
1580 520 1714 587 ρομ-

1830 526 1950 572 str:e
2002 516 2268 571 auxilium
2318 528 2420 569 nos
2465 515 2701 570 humiles
2754 514 3211 586 imploravimus,
3272 525 3398 570 cum

141 601 312 666 φαίας
338 615 350 628 ·
390 599 485 652 τοῦ
517 602 725 672 Κυρίου
755 604 835 665 είς
865 603 1148 674 εἰρηνικὴν
1177 605 1490 674 ὀρθοδοξίαν
1545 608 1717 657 ἐπαν-

141 691 368 756 άγοντος
395 691 486 742 καὶ
517 690 616 759 τὴν
643 691 763 743 καθ’
795 694 942 762 ἡμᾶς
976 695 1442 764 Ἐκκλησίαν.”ινα
1464 697 1520 749 δὲ
1551 695 1726 764 εἰδῆτε

142 781 237 832 καὶ
287 782 464 850 ὑμεῖς,
500 774 545 834 ὧ
599 782 910 852 σεϐάσμιοι,
951 786 1016 837 ἐκ
1071 786 1293 855 μέρους,
1346 781 1435 840 οἷα
1459 786 1528 839 τὰ
1555 787 1722 856 ἀσεϐῆ

139 869 390 938 δόγματα
428 869 536 922 τῶν
568 869 744 924 ἀθέων
773 887 785 899 ·
827 872 1224 925 συναπέστειλα
1269 875 1382 935 τοῖς
1431 874 1725 944 γράμμασι

141 960 316 1014 ταῦτα
343 961 401 1012 ὲν
435 959 730 1028 τετραδίοις
754 976 766 990 ⁶
800 960 836 1014 ἃ
865 963 956 1014 καὶ
995 962 1145 1025 ἔδοξα
1179 962 1207 1014 ὁ
1246 963 1462 1032 ἀμαθὴς
1491 964 1719 1034 ἀνατρέ-

141 1067 292 1118 πειν,
349 1052 681 1123 προτραπεὶς
732 1051 882 1122 παρά
913 1053 1173 1106 εὐσεϐῶν.
1205 1053 1352 1106 Αίτῶ
1384 1054 1440 1106 δὲ
1489 1054 1593 1106 ὑπὸ
1621 1053 1722 1123 τῆς

142 1141 294 1203 θείας
322 1141 603 1209 ἀγχινοίας
633 1142 788 1212 ὑμῶν
828 1143 1251 1213 ὲπισκεφθῆναι,
1279 1145 1373 1196 καὶ
1414 1145 1477 1198 τδ
1505 1145 1721 1209 ἐλλιπὲς

139 1231 517 1302 ἀνορθωθῆναι
543 1246 558 1262 ⁸
607 1234 700 1286 καὶ
749 1231 1084 1304 συγγνώμην
1143 1216 1264 1288 τῶνί
1312 1234 1720 1304 ὲπωφλημένων

140 1325 400 1392 δέξασθαί
448 1339 552 1395 με·
611 1323 986 1394 λαμϐάνεσθαι
1040 1340 1101 1376 τε
1146 1325 1227 1388 είς
1263 1326 1483 1395 μνήμην
1515 1327 1573 1378 ὲν
1601 1328 1721 1389 ταῖς

140 1417 473 1469 θεοκλινέσιν
502 1415 659 1486 ’ὑμῶν
690 1417 1019 1486 προσευχαῖς
1042 1430 1056 1445 ο
1091 1415 1186 1468 καὶ
1213 1416 1322 1485 μὴν
1353 1417 1449 1470 καὶ
1488 1416 1718 1470 συντάτ-

137 1507 334 1559 τεσθαι
361 1506 436 1569 ῶς
472 1506 698 1575 ἔσχατον
733 1506 952 1561 πάντων
983 1506 1144 1578 μέλος
1175 1508 1234 1560 ὲν
1279 1506 1357 1578 τῷ
1389 1506 1720 1580 πληρώματι

138 1603 245 1672 τῆς
271 1602 432 1671 ἁγίας
461 1601 616 1672 ὑμῶν
653 1603 1000 1673 Ἐκκλησίας.

1831 610 1901 663 sit
1960 623 2129 661 unum
2192 621 2394 675 corpus
2449 607 2694 660 omnium
2765 606 2994 661 fratrum
3050 607 3144 676 qui
3197 607 3402 676 pariter

1829 707 2118 752 vexantur.
2152 695 2417 751 Novimus
2439 697 2586 750 enim
2619 706 2884 766 quantum
2922 697 3101 750 valeat
3130 696 3275 766 jnsta
3309 711 3400 749 ve-

1829 793 1941 839 stra
1971 785 2288 852 deprecatio
2333 784 2553 838 assidua
2575 787 2641 850 ‘9,
2687 793 2769 849 ut,
2802 795 3029 840 exorato
3067 783 3198 849 Deo,
3230 785 3400 839 haere-

1829 872 1921 927 tici
1953 874 2117 942 gladii
2152 873 2272 928 acie
2308 875 2669 944 conquiescat
2701 889 2713 924 :
2746 877 2812 930 ad
2844 884 3044 931 rectam
3077 875 3237 929 ﬁdem
3273 889 3398 927 cum

1828 978 1963 1032 pace
2003 964 2352 1033 coniunctam
2393 974 2683 1020 revocante
2711 966 2944 1021 Domino
2986 976 3227 1021 nostram
3262 980 3404 1035 quo-

1825 1071 1931 1124 que
1961 1055 2288 1111 Ecclesiam.
2319 1055 2389 1110 Ut
2417 1066 2621 1121 autem,
2654 1064 2710 1112 et
2741 1073 2860 1123 vos,
2891 1059 2995 1112 viri
3034 1058 3397 1121 venerabiles,

1825 1161 1891 1202 ex
1916 1157 2067 1215 parte
2097 1147 2414 1216 intelligatis
2453 1149 2639 1217 qualia
2669 1148 2777 1202 sint
2817 1149 3209 1218 sacrilegorum
3238 1147 3399 1216 impia

1826 1237 2126 1308 dogmata:
2159 1237 2323 1292 simul
2365 1238 2480 1292 haec
2526 1238 2650 1293 misi
2685 1253 2806 1293 cum
2841 1239 3040 1292 litteris
3090 1240 3142 1290 in
3175 1245 3402 1306 quater-

1827 1326 2127 1381 nionibus:
2162 1341 2284 1394 quae.
2339 1325 2630 1380 confutare
2673 1340 2967 1395 aggressus
3022 1340 3164 1389 sum,
3220 1339 3402 1392 quau-

1827 1431 1994 1487 quam
2041 1416 2316 1479 indoctus,
2371 1415 2665 1484 proborum
2716 1415 2960 1468 virorum
3000 1414 3243 1466 hortatu.
3291 1409 3403 1464 Oro

1830 1519 2010 1563 autem
2043 1515 2099 1559 ut
2139 1521 2202 1560 ea
2233 1521 2332 1574 pro
2373 1505 2556 1558 divina
2590 1512 2774 1559 vestra
2801 1502 3094 1572 sagacitate
3129 1500 3405 1568 expenda-

1829 1600 1900 1655 tis
1935 1597 2122 1666 :quod
2174 1597 2433 1651 vitiosum
2471 1604 2557 1650 est
2601 1595 2908 1651 emendetis
2939 1613 2958 1648 :~
2984 1603 3407 1661 erratorumque

138 1696 360 1748 veniam
391 1694 646 1750 tribuatis
675 1712 688 1750 :
718 1703 772 1749 et
807 1705 866 1749 ut
892 1695 998 1750 mei
1040 1694 1404 1753 memineritis
1441 1695 1497 1751 in
1528 1696 1729 1753 vestris
1767 1692 1910 1763 apud
1947 1690 2118 1745 Deum
2183 1689 2438 1758 precibus
2468 1704 2484 1742 :
2548 1688 2785 1758 denique
2823 1695 2884 1742 ut
2907 1695 3167 1757 tanquam
3197 1693 3407 1754 postre-

140 1805 297 1844 mum
335 1789 584 1842 omnium
642 1790 947 1844 membrum
1001 1805 1233 1845 censear
1284 1790 1340 1845 in
1387 1791 1727 1860 plenitudine
1763 1797 1968 1845 saneta:
1991 1793 2190 1839 vestrae
2223 1782 2498 1837 Ecclesia.

226 1885 300 1936 Ἠ
328 1882 483 1947 αὑτὴ
512 1880 812 1947 ἐπιστολή
842 1881 1159 1949 ἀπεστάλη
1188 1882 1286 1935 καί
1310 1882 1461 1951 πρὸς
1486 1881 1601 1950 τὴν
1621 1899 1722 1952 μο-

1908 1877 2114 1931 Εαάεηι
2143 1875 2366 1942 epistola
2408 1875 2579 1927 missa
2621 1881 2698 1928 est
2729 1873 2891 1928 etiam
2919 1872 2992 1926 ad
3024 1870 3404 1926 monasterium

139 1973 265 2042 νῆν
296 1973 403 2027 τοῦ
426 1973 600 2041 ἁγίου
626 1973 954 2040 Εὐθυμίου.

136 2088 250 2142 IH'.
287 2114 354 2125 -—
389 2083 708 2153 Νικηφόρῳ
734 2081 816 2147 τῷ
844 2085 1142 2152 ἁγιωτάτῳ
1168 2083 1524 2156 πατριάρχῃ.
1551 2083 1721 2158 [σιε’.]

1835 1971 2008 2025 sancti
2050 1967 2344 2039 Eutltymii.

1929 2078 2117 2135 XVIII.
2153 2110 2219 2122 —-
2247 2078 2545 2148 Nicephoro
2577 2077 2915 2133 sanctissimo
2952 2077 3296 2146 patriarclue.

1241 2199 1441 2248 Solatur
1476 2199 1718 2248 exsulem.
1743 2197 1941 2259 (Baron.
1962 2209 2040 2244 au.
2061 2193 2172 2254 8H,
2199 2207 2247 2243 η.
2276 2192 2379 2254 29.)

209 2304 481 2367 Πολλάκις
517 2302 850 2374 προθέμενος
899 2301 1202 2356 ἐπιστεῖλαι
1239 2305 1307 2374 τῇ
1363 2304 1487 2373 ἱερᾷ
1514 2305 1724 2373 κορυφῇ

137 2399 238 2467 τῆς
271 2394 669 2466 μακαριότητός
710 2409 829 2446 σου·
858 2393 1145 2462 ὲνεκόπην,
1172 2393 1249 2463 πῆ
1286 2394 1385 2464 μὲν
1409 2393 1509 2464 τὴν
1531 2393 1726 2447 ἑαυτοῦ

136 2487 468 2554 ἀναξιότητα
513 2484 858 2552 λογιζόμενος
891 2483 1052 2555 [Reg.
1100 2485 1224 2539 cod.
1275 2484 1718 2556 ὲπαισθόμενος],

139 2583 220 2651 πῆ
243 2581 301 2632 δὲ
328 2577 561 2646 ὑποδεὴς
585 2575 661 2628 ὢν
690 2578 816 2640 τοὺς
843 2577 1203 2646 πειρασμούς.
1229 2577 1364 2630 Νυνὶ
1387 2577 1442 2631 δὲ
1469 2595 1728 2649 περιφρο-

136 2677 313 2742 νήσας
343 2671 690 2740 ἀμφοτέρων,
715 2669 811 2722 καὶ
839 2671 907 2739 τῇ
943 2669 1133 2739 Τριάδι
1162 2671 1190 2722 ό
1221 2671 1390 2733 τάλας
1421 2670 1724 2742 θαρρήσας,

135 2767 315 2832 λέγων
347 2763 463 2830 είμὶ
490 2761 636 2815 τάδε·
668 2762 860 2830 Χαῖρε,
879 2761 1095 2833 ἀληθῶς
1116 2763 1433 2832 νικητήριον
1449 2763 1723 2827 ἀσεϐείας,

135 2856 166 2906 ὁ
207 2855 266 2905 ὲν
315 2849 603 2920 τεθρίππῳ
639 2848 849 2919 ἀρετῶν
896 2849 1128 2902 διανύων
1184 2850 1276 2903 τὸν
1325 2850 1429 2920 τῆς
1490 2852 1724 2916 πίστεως

134 2940 605 3013 δρόμον·χαῖρε,δ
638 2940 809 3009 μέγας
841 2938 992 3009 ἥλιος
1015 2940 1115 3009 τῆς
1148 2939 1490 3009 ὀρθοδοξίας,
1517 2933 1577 2992 οὗ
1609 2943 1725 3003 ταῖς

136 3036 567 3106 ὀμολογητικαίς
623 3033 808 3086 ἀκτῖσι
867 3032 1255 3101 φωτοϐολεῖται
1307 3035 1339 3104 ὴ
1400 3033 1720 3104 οίκουμένη’

136 3130 325 3198 χαῖρε,
352 3126 640 3196 ὑπέρμαχε
690 3124 791 3194 τῆς
849 3123 1108 3193 ἀληθείας
1163 3124 1302 3179 κατά
1324 3124 1449 3188 τοὺς
1492 3123 1723 3177 ἔκπαλαι

137 3216 444 3286 θεοφόρους
489 3214 805 3282 διαπρέπων
833 3213 910 3284 τῷ
947 3213 1048 3282 τῆς
1081 3213 1284 3283 ἀρετῆς
1335 3214 1543 3268 κάλλει.
1589 3215 1720 3266 ’Λπ-

136 3310 328 3370 έλιπες
358 3306 450 3359 τὸν
486 3304 688 3375 ὑψηλὸν
738 3304 926 3375 θρόνον
987 3305 1079 3358 διὰ
1125 3306 1233 3359 τὸν
1259 3306 1478 3362 ἑαυτὸν
1522 3324 1723 3361 ταπει-

133 3400 426 3456 νώσαντα
472 3397 651 3468 μέχρι
682 3396 966 3461 θανάτου,
1001 3396 1261 3452 θανάτου
1320 3397 1389 3451 δὲ
1431 3399 1720 3467 σταυροῦο

135 3489 412 3548 ἁπελιπες
437 3486 826 3558 ἀρχιερατικὰς
867 3487 1175 3555 ὑπηρεσίας
1223 3490 1316 3541 καὶ
1361 3489 1718 3554 ἀναπαύσεις·

1898 2299 2034 2354 Cum
2085 2310 2465 2367 saepenumero
2516 2295 2582 2348 ad
2631 2306 2850 2350 sacrum
2899 2291 3254 2348 beatitudinis
3303 2305 3408 2352 tua:

1831 2393 2093 2448 verticem
2130 2390 2370 2446 scribere
2396 2387 2783 2451 instituissem,
2826 2386 3016 2442 destiti
3047 2388 3116 2442 ab
3147 2391 3404 2458 incmpto,

1827 2484 2023 2553 partim
2087 2480 2432 2551 indignitatis
2480 2494 2617 2534 meae
2673 2479 3149 2546 consideratione,
3206 2486 3404 2551 partim

1833 2576 1988 2628 etiam
2050 2573 2367 2627 inﬁrmitate
2423 2587 2488 2626 ex
2560 2573 2822 2626 :erumnis
2873 2583 3001 2627 nata
3055 2576 3402 2642 praepeditus.

1827 2667 1981 2720 Nunc
2036 2679 2165 2718 vero
2213 2675 2510 2731 utrumque
2559 2663 2982 2732 parvipendens,
3035 2675 3086 2718 et
3137 2664 3406 2719 Trinitate

1827 2757 2022 2820 fretus,
2058 2756 2225 2809 miser
2260 2755 2377 2809 haec
2406 2755 2550 2809 dico.
2594 2754 2805 2818 Gaude,
2834 2770 2959 2808 vere
2990 2755 3168 2809 victor
3211 2759 3402 2826 impie-

1827 2849 1979 2912 tatis,
2005 2847 2101 2916 qui
2138 2847 2401 2900 virtutum
2434 2846 2719 2914 quadrigis
2745 2846 2868 2899 ﬁdei
2897 2862 3122 2900 cursum
3147 2863 3400 2903 consum-

1826 2955 1943 2994 mas
1979 2957 1993 2993 :
2031 2938 2203 3003 salve,
2227 2951 2425 3006 magne
2460 2938 2541 2990 sol
2579 2937 2846 2991 doctrinae
2875 2937 3217 3001 orthodoxae.
3247 2940 3404 3009 eujns

1826 3031 2192 3086 confessionis
2209 3029 2377 3084 radiis
2395 3030 2685 3084 universus
2706 3029 2852 3084 orbis
2874 3029 3176 3084 illustratur
3199 3049 3211 3084 :
3232 3032 3398 3096 salve,

1829 3123 2480 3195 propugnatorveritatis,
2502 3130 2747 3176 veterum
2768 3131 3084 3176 sanctorum
3106 3125 3276 3178 instar
3294 3125 3404 3178 vir-

1827 3217 1959 3270 tutis
1996 3213 2408 3283 pulchritudine
2448 3213 2750 3268 collucens.
2793 3214 3083 3282 Reliquisti
3123 3216 3400 3270 excelsum

1826 3307 2085 3364 thronum
2114 3305 2234 3374 ejus
2263 3319 2452 3368 causa,
2479 3306 2572 3373 qui
2601 3305 2938 3371 semetipsum
2976 3306 3275 3361 humiliavit
3307 3325 3403 3362 us-

1823 3415 1920 3468 que
1947 3399 2014 3450 ad
2045 3407 2284 3461 mortem,
2325 3406 2545 3450 mortem
2569 3409 2750 3450 autem
2783 3399 2957 3452 crucis
2985 3399 3087 3465 '9‘;
3133 3400 3401 3469 reliquisti

1831 3487 2048 3540 turbam
2075 3487 2402 3540 famulorum
2431 3494 2485 3540 et
2521 3485 2919 3541 oblectamenta
2957 3487 3404 3557 archiepiscopa-

141 3581 350 3652 μᾶλλον
403 3579 658 3648 ἑλόμενος
719 3578 1212 3649 συγκακουχεῖσθαι
1241 3580 1318 3648 τῷ
1345 3581 1722 3652 όμολογητικῷ

1830 3577 2030 3631 liazet
2081 3577 2248 3631 variis
2302 3576 2707 3641 incommodis,
2761 3575 3145 3632 coniessorum
3209 3594 3403 3647 more,

135 3671 356 3740 τρόπῳ,
409 3671 441 3740 ἢ
490 3670 826 3740 πρόσκαιρον
863 3669 1009 3740 ἔχειν
1069 3672 1345 3742 ἁμαρτίας
1397 3674 1720 3730 ἀπόλαυσιν.

140 3765 340 3831 Ὅμως
384 3762 468 3814 ὅτι
499 3762 620 3815 οὐδὲ
649 3761 769 3814 κατ’
802 3759 992 3825 αὐτὰς,
1017 3761 1124 3815 κᾶν
1156 3765 1214 3816 ὲν
1261 3765 1471 3830 αὐταῖς,
1501 3764 1608 3828 ζῶν
1632 3762 1720 3836 ἧς·

139 3853 359 3927 νεκρῶν
413 3854 481 3906 τὰ
520 3853 656 3924 μέλη
688 3855 753 3923 τῇ
784 3853 841 3906 ὲν
883 3854 1073 3925 Κυρίῳ
1106 3854 1218 3926 ζωῇ
1244 3871 1258 3886 ·
1297 3857 1532 3925 ἧνεγκας
1564 3857 1726 3925 ἁγίας

138 3944 370 4015 Μητρὸς
421 3945 712 4014 στέρησιν·
752 3943 999 4012 ἀδελφῶν
1053 3946 1272 4014 τιμίων,
1322 3947 1540 4000 πάντων
1587 3947 1724 4018 ὁμοῦ

138 4039 203 4088 ὲν
230 4034 438 4088 ἅπασιν
461 4034 802 4104 ἀφαιρεθείς.
835 4036 947 4088 Καὶ
982 4035 1136 4089 οὔπω
1161 4037 1304 4104 λέγω
1334 4039 1460 4100 τοὺς
1491 4041 1724 4109 Χριστο-

140 4127 309 4188 ειδείς
374 4142 469 4178 σου
527 4125 888 4197 ὀνειδισμοὺς,
939 4126 1040 4190 τάς
1103 4129 1169 4180 ἐκ
1214 4127 1323 4181 τῶν
1383 4131 1725 4199 κρατούντων

141 4214 479 4289 προσϐολὰς,
504 4216 838 4286 ὲρεσχελίας,
872 4219 1260 4288 στενοχωρίας,
1291 4220 1384 4272 καὶ
1413 4221 1574 4272 οἱονεὶ
1600 4223 1726 4273 ἀπο-

141 4309 377 4374 πνίξεις.
423 4305 780 4378 Κατηνέχθης
818 4308 915 4361 σὺν
947 4308 1168 4378 Χριστῷ
1215 4311 1273 4362 ἐν
1306 4310 1458 4362 νυκτί
1484 4325 1498 4339 ο
1539 4311 1724 4381 ἐπειδὴ

141 4400 242 4452 καὶ
299 4396 461 4459 αὐτὸς
514 4396 941 4466 προδιδόμενος,
1000 4397 1415 4468 περιωρίσθης,
1488 4399 1722 4470 μεθωρί-

142 4493 282 4559 σθης
330 4490 389 4542 ὲν
444 4490 705 4560 γεωλόφῳ
741 4506 844 4542 που
885 4489 1249 4560 καθεζόμενος
1289 4493 1317 4544 ό
1352 4491 1562 4561 μάρτυς
1593 4493 1725 4562 Χρι-

143 4602 298 4638 στου.

227 4675 372 4727 Ἀλλ’
406 4667 554 4741 εὖγε,
579 4674 665 4727 δτι
697 4671 875 4726 πάντα
902 4673 982 4734 είς
1020 4673 1180 4735 καλόν
1208 4690 1311 4726 σοι.
1343 4667 1513 4742 Ἆρον
1542 4672 1726 4741 κύκλῳ

142 4770 270 4830 τοὺς
301 4764 613 4835 ὀφθαλμούς
644 4781 740 4817 σου
770 4763 878 4817 ἀπὸ
902 4763 1000 4832 τῆς
1032 4762 1126 4815 τοῦ
1154 4763 1247 4817 νοῦ
1299 4766 1532 4826 σκοπιᾶς
1559 4780 1573 4795 ·
1633 4768 1728 4818 καὶ

145 4861 224 4914 [δε
257 4875 357 4911 σου
383 4857 453 4909 τά
478 4856 665 4918 τέκνα,
705 4854 806 4907 εἴτ’
831 4850 926 4907 οὖν
957 4853 1227 4922 πρόϐατα,
1259 4856 1289 4906 ό
1338 4853 1543 4922 ποιμὴν
1574 4855 1602 4907 ό
1631 4871 1726 4906 κα-

1825 3668 2067 3723 exerceri
2125 3668 2392 3731 maluisti,
2431 3682 2597 3736 quam
2636 3669 2984 3737 temporariis
3029 3669 3135 3724 frui
3193 3671 3403 3729 deliciis

1824 3759 2030 3828 peccati
2055 3759 2121 3811 '°.
2162 3758 2238 3811 Ae
2269 3765 2437 3821 certe,
2479 3757 2743 3826 quoniam
2781 3773 2885 3812 non
2926 3773 2992 3813 ex
3034 3759 3162 3824 illis,
3195 3761 3298 3816 etsi
3345 3762 3398 3816 in

1825 3849 1957 3913 illis,
1992 3848 2230 3913 vivebas,
2271 3848 2517 3902 membra
2547 3864 2644 3916 per
2679 3849 2847 3903 vitam
2885 3849 2939 3903 in
2966 3850 3197 3905 Domino
3225 3861 3401 3908 actam

1826 3940 2190 4002 mortiticans,
2233 3949 2436 3994 sanctae
2467 3940 2660 3994 matris
2689 3940 3051 4009 privationem
3086 3943 3398 4012 pertulisti:

1827 4032 2014 4086 charis
2044 4030 2328 4094 fratribus,
2382 4032 2642 4086 omnibus
2686 4033 2854 4086 simul
2899 4035 3150 4098 omnino,
3203 4037 3404 4106 spolia-

1827 4132 1938 4177 tus.
1976 4121 2218 4179 Necdum
2265 4123 2559 4192 opprobria
2589 4133 2680 4177 tua
2720 4123 2926 4180 Christi
2969 4127 3280 4196 opprobriis
3323 4130 3403 4185 εἰς

1826 4215 1977 4268 milia
2034 4228 2450 4278 commemoro,
2511 4214 2788 4269 immissas
2846 4215 2916 4268 ab
2980 4215 3401 4285 imperatoribus

1827 4306 2284 4374 Oppugnationcs,
2325 4305 2746 4370 ludiﬁcationes,
2788 4308 3112 4377 angustias:
3144 4323 3207 4364 ac
3235 4311 3401 4367 veluti

1830 4397 2241 4450 sull‘ocationes.
2302 4396 2477 4451 Nec-tu
2529 4413 2654 4452 cum
2709 4397 2930 4453 Christo
2975 4401 3245 4457 abductus
3291 4417 3397 4467 es:

1827 4489 2027 4541 etenim
2075 4488 2327 4556 proditus
2366 4488 2529 4543 etiam
2562 4489 2677 4558 ipse
2721 4490 2997 4560 relegatus
3035 4506 3116 4556 es,
3158 4492 3213 4548 in
3244 4494 3402 4549 collis

1830 4577 2130 4631 conﬁnium
2158 4579 2414 4632 redactus
2439 4593 2521 4640 es,
2559 4590 2766 4649 martyr
2799 4580 3022 4636 Christi.

1900 4667 2006 4720 Sed
2044 4682 2202 4736 euge,
2233 4669 2497 4737 quoniam
2524 4668 2575 4722 in
2607 4670 2807 4725 bonum
2839 4671 2936 4726 tibi
2961 4674 3173 4726 omnia.
3198 4674 3402 4729 Attolle

1829 4758 1882 4811 in
1917 4758 2102 4811 orbem
2134 4760 2324 4814 oculos
2352 4776 2414 4814 ex
2448 4763 2669 4829 specula
2703 4765 2925 4827 mentis,
2956 4773 3012 4817 et
3037 4765 3226 4833 aspice
3260 4766 3401 4821 ﬁlios

1830 4860 1976 4912 tuos,
2018 4865 2120 4904 seu
2158 4851 2332 4906 mavis
2377 4866 2531 4917 oves,
2560 4862 2750 4922 pastor
2784 4855 2948 4918 boue,
2988 4855 3241 4924 quamvis
3272 4872 3398 4912 cor-

144 4945 258 5009 λὺς,
287 4946 338 4997 εί
375 4942 469 4996 καὶ
522 4941 982 5012 διεσκορπισμένα
1020 4941 1255 5010 σώματι,
1316 4942 1431 4994 ἀλλ’
1468 4941 1722 5011 ἡνωμένα

1830 4956 1956 5010 pore
1983 4942 2283 5010 dispersas,
2336 4943 2520 4996 animo
2568 4953 2752 4998 tamen
2800 4944 3154 5013 conjunctas,
3183 4947 3238 4999 in
3289 4956 3397 5002 tota

143 5034 442 5102 πνεύματι,
497 5030 809 5100 διειληφότα
862 5030 1049 5100 σχεδὸν
1088 5030 1216 5084 ἄλλο
1252 5031 1372 5084 κατ’
1399 5031 1526 5086 ἀλλο
1561 5032 1728 5102 μέρος

139 5127 244 5197 τὴν
285 5121 616 5193 Ἐκκλησίαν
667 5137 761 5173 σου
812 5122 995 5174 πᾶσαν
1026 5137 1040 5151 ·
1092 5121 1186 5174 καὶ
1227 5124 1347 5183 ταῖς
1390 5123 1588 5189 αὐγαῖς
1632 5123 1730 5191 τῆς

139 5214 438 5288 ὁμολογίας
493 5213 650 5283 δίκην
707 5211 955 5282 ἀστέρων
1013 5211 1447 5284 φρυκτωροῦντα
1502 5215 1616 5276 τοῖς
1670 5215 1729 5266 ὲν

139 5303 490 5374 νυκτομαχίᾳ
536 5302 635 5372 τῆς
670 5301 958 5370 αἱρέσεως,
993 5302 1056 5353 τὸ
1079 5303 1194 5371 φῶς
1248 5303 1348 5371 τῆς
1376 5302 1686 5372 ὀρθοδοξίας
1712 5318 1725 5330 ⁸

138 5396 207 5448 τὰ
245 5395 347 5464 μιν
396 5393 630 5446 τυθέντα
666 5391 787 5462 Θεῷ
834 5393 902 5446 δι’
923 5393 1223 5464 ἀθλητικῆς
1254 5394 1586 5456 τελειώσεως
1611 5410 1625 5426 ο
1651 5396 1720 5448 τὰ

136 5487 193 5540 δὲ
247 5483 544 5549 ἀθλοῦντα,
593 5482 762 5553 μηδὲν
800 5483 1220 5553 ὑποπτήσσοντα
1258 5484 1367 5536 τῶν
1399 5483 1678 5553 παρόντων
1703 5501 1714 5512 ·

139 5577 279 5630 ἀλλά
335 5573 658 5646 ῥωννύμενα
706 5574 830 5636 ταῖς
881 5573 1179 5626 θεοκλινέσι
1224 5591 1319 5626 σου
1367 5577 1717 5644 προσευχαῖς.

140 5663 292 5733 Δῦτη
342 5664 377 5734 η
421 5660 550 5727 δόξα
602 5679 695 5716 σου
734 5665 833 5731 τῆς
874 5661 1198 5733 Ἐκκλησίας
1236 5677 1247 5689 ·

216 5782 259 5813 ¹⁹
280 5778 398 5836 Jac.
431 5797 484 5847 v,
517 5779 604 5834 16.
682 5781 744 5812 ³³⁸
775 5779 974 5845 Philip.
1010 5796 1068 5846 ll,
1109 5779 1162 5834 8.
1208 5827 1215 5838 .
1244 5780 1287 5810 ²⁰
1308 5779 1470 5835 Hebr.
1501 5796 1580 5844 xu,
1617 5778 1709 5833 ‘25.

1299 5661 1455 5714 τοῦτό
1515 5679 1607 5714 σου
1663 5663 1722 5714 τὸ

1831 5046 1967 5098 pene
1995 5031 2235 5087 Ecclesia
2262 5043 2353 5086 tua
2388 5034 2558 5088 variis
2580 5033 2718 5088 locis
2748 5035 2977 5103 positas,
3014 5043 3069 5090 et
3093 5036 3400 5092 confessio-

1828 5123 1913 5177 nis
1965 5138 2076 5177 sua:
2115 5124 2348 5193 fulgore,
2395 5125 2680 5179 stellarum
2714 5125 2906 5190 instar,
2957 5124 3025 5181 iis
3071 5127 3163 5196 qui
3214 5127 3266 5180 in
3295 5143 3398 5182 no-

1827 5217 2037 5267 cturnis
2088 5215 2356 5269 haereseos
2409 5215 2654 5270 tenebris
2699 5225 3027 5283 versantur,
3082 5218 3400 5274 orthodoxa:

1826 5305 1949 5357 ﬁdei
1987 5306 2171 5358 lumen
2208 5307 2564 5362 ostendentes
2593 5324 2606 5360 :
2637 5307 2773 5363 alias
2802 5308 3024 5377 quidem
3064 5308 3176 5363 Deo
3205 5309 3400 5365 immo-

1828 5393 1969 5447 latas
1998 5411 2094 5463 per
2119 5397 2432 5450 athleticam
2467 5399 3022 5463 consummationem,
3047 5398 3185 5452 alias
3208 5398 3400 5454 decer-

1827 5494 2006 5539 tantes
2064 5487 2184 5540 sine
2234 5488 2346 5540 ullo
2401 5491 2755 5557 presentium
2804 5504 2989 5543 rerum
3044 5499 3188 5543 metu
3239 5509 3251 5544 :
3303 5495 3397 5545 sed

1830 5573 1998 5627 Deum
2036 5576 2378 5633 ﬂectentibus
2407 5581 2660 5648 precibus
2689 5580 2798 5634 tuis
2826 5581 3233 5635 corroboratas.
3274 5580 3400 5636 Haec

1832 5672 1912 5718 est
1938 5665 2109 5734 gloria
2141 5667 2394 5724 Ecclesiae
2426 5678 2530 5725 tuae
2561 5689 2574 5725 :
2609 5671 2713 5726 hoc
2743 5670 2959 5741 insigne
3001 5684 3066 5727 ac
3091 5672 3396 5741 symbolum
