3934 6442
516 393 660 461 1175

1701 383 1762 442 S.
1794 378 2185 443 THEODORI
2239 377 2585 440 STUDITE

3649 375 3774 442 1176

517 503 764 576 martyrii
800 521 815 557 :
844 500 991 574 quod
1026 513 1263 571 sequens
1312 503 1447 553 tetas
1490 493 1796 564 excipiens,
1832 494 2005 548 Deum
2040 492 2094 546 in

2220 490 2480 559 πύσσημον
2530 492 2629 561 τῆς
2669 488 2975 561 μαρτυρίας
3002 506 3017 521 ⁸
3066 490 3204 562 ὅπερ
3251 489 3280 542 6
3312 491 3527 562 μέλλων
3592 498 3775 563 χρόνος

518 610 592 663 te,
642 597 721 651 uti
769 610 937 659 nunc,
979 590 1325 664 gloriﬁcablt.
1371 586 1537 642 Multa
1588 586 1684 641 tibi
1736 600 1837 654 pro
1878 585 2100 640 Christo

519 686 756 756 imagine
793 682 1055 755 pugnanti
1096 679 1346 735 encomia
1383 678 1675 733 debentur.
1720 674 1829 731 Sed
1871 675 2097 745 ignosce

521 775 672 840 mihi,
704 775 795 830 Dei
830 775 1095 837 imitator,
1128 771 1223 843 qui
1255 771 1375 827 haec
1422 784 1491 824 ex
1526 783 1717 823 amore
1753 782 1924 823 ausus
1951 782 2095 830 sum,

520 881 642 934 qua:
673 865 786 920 dixi
820 878 1050 919 :sacras
1086 877 1277 931 preces
1306 869 1431 916 tuas
1466 860 1807 929 impertiens,
1847 866 1905 912 ut
1935 858 2096 911 mini-

522 972 646 1010 mus
694 955 840 1011 ﬁlius
871 965 997 1009 tuus
1049 968 1176 1009 esse
1226 968 1337 1007 non
1381 950 1653 1016 desinam,
1698 949 1793 1020 qui
1844 949 2091 1004 omnium

523 1045 760 1100 maxime
791 1044 1005 1100 inutilis
1032 1057 1153 1099 sum
1181 1050 1406 1112 propter
1437 1048 1685 1111 peccata.

1002 1266 1144 1322 XIX.
1177 1296 1245 1308 -—
1274 1262 1624 1320 Monialibus.

2198 580 2617 650 ὑποδεξάμενος,
2643 579 2886 644 δοξάσειε
2916 580 3009 633 τὸν
3036 580 3171 635 Θεὸν
3206 582 3265 635 ὲν
3299 585 3402 650 σοὶ,
3431 584 3513 648 ὡς
3564 587 3668 639 καὶ
3715 588 3775 640 τὰ

2194 668 2310 724 νῦν.
2356 670 2535 725 Πολλά
2573 687 2655 723 σοι
2706 670 2775 724 τὰ
2820 669 3074 741 ἐγκώμια
3098 670 3371 739 ὀφείλεται
3396 673 3478 742 τῷ
3513 675 3662 744 ὑπὲρ
3687 677 3775 744 τῆς

2193 760 2400 824 εἰκόνος
2431 761 2668 833 Χριστοῦ
2698 761 3034 817 ὲναθλοῦντι.
3072 762 3235 818 Ἀλὶό,
3274 781 3363 834 μοι
3396 765 3707 834 σύγγνωθι,
3738 761 3776 820 ὧ

2193 852 2516 923 θεομίμητε,
2545 854 2879 925 τολμήσαντι
2909 856 2975 908 ἐκ
3002 855 3167 909 πόθου
3197 857 3256 909 ἑν
3286 851 3367 919 οἷς
3396 856 3771 927 ἐφθεγξάμην·

2193 940 2553 1011 χαριζόμενος
2602 942 2702 1013 τὴν
2757 943 2910 1014 ίεράν
2964 959 3058 997 σου
3120 944 3449 1015 προσευχὴν,
3485 946 3568 1008 ὡς
3605 945 3677 999 ἂν
3711 948 3778 1018 μὴ

2200 1033 2536 1103 ἀποπέσοιμι
2582 1033 2676 1087 τοῦ
2723 1029 2863 1088 εἷναί
2912 1051 3004 1087 σου
3033 1035 3314 1105 ἐλάχιστον
3344 1036 3541 1090 τέκνον
3568 1077 3586 1103 ,
3621 1039 3653 1090 6
3679 1038 3777 1091 τῶν

2201 1123 2457 1178 ἀπάντων
2481 1125 2830 1198 ἀχρειότερος
2850 1127 2940 1182 διὰ
2966 1126 3067 1190 τὰς
3098 1126 3396 1199 ἁμαρτίας.

2562 1266 2663 1320 ΙΘθ.
2686 1290 2744 1305 —-
2770 1263 3199 1330 Μοναζούσαις.
3232 1263 3423 1337 [σκα’.]

1610 1402 1688 1453 Ad
1713 1400 1963 1465 religiosa
1992 1402 2103 1452 vita
2137 1403 2493 1465 perfectionem
2514 1409 2719 1459 excitat.

594 1542 809 1614 Optima
842 1540 908 1595 ad
948 1555 1037 1594 me
1056 1540 1200 1594 fama
1226 1538 1435 1609 perlata
1461 1538 1528 1593 de
1554 1538 1859 1594 reverentia
1894 1546 2097 1602 vestra,

524 1652 625 1704 ego
660 1633 881 1689 humilis
905 1632 1059 1686 lictor
1086 1648 1100 1684 :
1135 1630 1407 1699 imprimis
1432 1628 1578 1698 quod
1606 1628 1831 1700 sanguis
1858 1640 1913 1683 et
1941 1627 2099 1696 spiri-

2289 1538 2525 1611 Ἀγαθὴν
2555 1539 2725 1612 ἀκοὴν
2766 1538 3125 1610 ἑνηχούμενος
3159 1540 3286 1612 περὶ
3314 1539 3416 1610 τῆς
3463 1542 3780 1615 τιμιότητος

2207 1627 2361 1698 ὑμῶν
2376 1628 2551 1699 χαίρω
2572 1631 2599 1683 6
2621 1629 2893 1692 ταπεινός⁹
2921 1628 3153 1698 μάλιστα
3170 1630 3253 1683 ὅτι
3274 1622 3415 1699 αἷμα
3446 1632 3545 1685 καὶ⁵
3562 1632 3779 1700 πνεῦμα

530 1738 614 1782 tus
643 1728 777 1781 estis
799 1724 1037 1779 hominis
1066 1723 1183 1787 Dei,
1209 1732 1264 1777 et
1288 1722 1603 1777 communis
1635 1722 1897 1792 parentis.
1923 1720 2101 1776 Vehe-

2220 1722 2325 1771 ἐστε
2369 1718 2462 1771 τοῦ
2511 1718 2797 1788 ἀνθρώπου
2830 1720 2923 1773 τοῦ
2975 1719 3109 1773 Θεοῦ
3160 1720 3254 1773 καὶ
3309 1720 3490 1775 κοινοῦ
3542 1724 3772 1792 Πατρός.

529 1821 767 1881 mentius
824 1826 1008 1871 autem
1064 1815 1282 1886 gaudeo
1326 1823 1381 1869 et
1432 1814 1680 1886 gloriﬁco
1728 1812 1921 1878 Deum,
1973 1829 2097 1869 cum

530 1910 694 1963 audio
724 1908 1031 1977 perstitisse
1069 1921 1171 1960 vos
1206 1906 1473 1960 hactenus
1504 1905 1653 1959 nulla
1698 1904 2103 1961 communionis

533 2000 798 2053 haereticm
832 1998 949 2051 labe
990 2010 1267 2066 aspersas.
1298 1994 1366 2049 Et
1393 2009 1490 2051 eos
1521 1996 1709 2065 utique
1742 2004 1979 2065 oportet,
2007 1994 2102 2065 qni

531 2100 661 2145 sunt
707 2102 934 2157 corpore
985 2087 1216 2152 illibati,
1276 2084 1400 2141 ﬁdei
1464 2100 1688 2156 quoque
1739 2085 2103 2157 integritatem

533 2182 826 2237 custodire.
862 2179 1269 2235 Fornicationis
1291 2180 1439 2233 enim
1465 2193 1638 2248 genus
1665 2187 1771 2243 est,
1801 2193 1835 2233 ο
1863 2179 2105 2249 pruden-

536 2275 806 2337 tissimae,
862 2272 947 2327 vel
1007 2271 1398 2327 communione
1450 2270 1807 2339 copulariza
1857 2284 1963 2337 qua
2010 2284 2107 2324 vos

539 2366 802 2419 Dominus
833 2378 1009 2433 usque
1052 2364 1108 2417 in
1149 2362 1311 2416 tinem
1360 2369 1541 2417 servet
1584 2361 1838 2424 intactas,
1868 2360 1962 2429 qui
2009 2374 2107 2415 vos

538 2458 655 2525 ipse
706 2455 812 2511 sibi
869 2468 965 2523 per
1005 2451 1338 2522 virginitatis
1380 2461 1570 2505 votum
1625 2449 1936 2519 despondit.
1974 2448 2110 2505 Haec

537 2547 687 2613 prior
727 2558 857 2614 pars
891 2542 1161 2598 orationis
1207 2555 1363 2595 meae.
1410 2538 1812 2595 lnstitutionem
1857 2548 2039 2593 autem
2077 2553 2107 2591 a

538 2656 627 2694 me
676 2648 962 2708 peccatore
1006 2651 1107 2692 cur
1150 2635 1446 2706 ﬂagitatis.
1492 2648 1618 2689 cum
1667 2634 1789 2691 sitis
1836 2635 1967 2703 ipsae
2016 2649 2111 2703 per

538 2733 742 2787 Christi
763 2732 995 2802 gratiam
1022 2746 1052 2785 a
1074 2730 1186 2785 Deo
1211 2728 1454 2785 eductae?
1478 2726 1613 2781 Nam
1643 2737 1697 2781 et
1720 2743 1786 2782 ex
1811 2728 1916 2795 piis
1938 2727 2110 2783 amba:

540 2833 673 2878 urite
716 2808 1067 2892 parentibus,
1091 2828 1147 2875 et
1178 2820 1426 2874 scientia:
1472 2817 1709 2883 eximiae,
1747 2825 1803 2871 et
1840 2817 1959 2886 ipso
1990 2816 2113 2871 vita

539 2928 740 2982 genere
799 2910 1108 2966 doctrinam
1166 2910 1556 2964 mandatorum
1615 2907 1988 2977 praeferentes.
2055 2906 2110 2961 Si

541 3004 675 3072 quid
720 3014 900 3058 autem
947 3012 1002 3057 et
1052 3017 1083 3057 a
1130 3002 1292 3058 nobis
1339 3000 1610 3070 imperitis
1654 3000 1915 3071 poscitis,
1953 3000 2113 3054 timor

2207 1807 2326 1862 Ἔτι
2352 1809 2406 1862 δὲ
2437 1811 2837 1882 περισσοτέρως
2887 1810 3083 1881 ἥδομαι
3116 1810 3208 1864 καὶ
3250 1810 3459 1878 δοξάζω
3488 1814 3585 1868 τὸν
3622 1815 3774 1879 Θεὸν,

2206 1897 2491 1967 μανθάνων
2518 1900 2599 1953 ὅτι
2627 1901 2887 1970 ἀχραντοι
2927 1900 3369 1971 διαμεμενήκατε
3415 1902 3521 1960 ἕως
3554 1904 3652 1957 τοῦ
3688 1904 3780 1958 νῦν

2205 1988 2304 2053 τῆς
2337 1989 2444 2041 τῶν
2480 1991 2775 2061 αἱρετικῶν
2826 1992 3131 2055 κοινωνίας.
3188 1992 3365 2061 Καίγε
3424 1994 3507 2047 δεῖ
3540 1997 3669 2059 τοὺς
3716 1999 3783 2052 τὰ

2209 2078 2435 2149 σώματα
2475 2080 2732 2151 ἀνέπαφα
2785 2081 3030 2152 ἔχοντας,
3084 2083 3180 2136 καὶ
3234 2084 3379 2138 κατά
3438 2084 3540 2156 τὴν
3597 2088 3787 2142 πίστιν

2210 2168 2583 2238 παρθενεύειν.
2614 2172 2846 2241 Μοιχεία
2882 2172 2990 2242 γάρ
3019 2174 3187 2238 ἐστιν,
3226 2167 3272 2227 ὦ
3314 2176 3662 2244 πανσύνετοι,
3695 2182 3786 2233 καὶ

2206 2258 2268 2311 τὸ
2312 2258 2409 2330 τῆς
2446 2262 2731 2325 κοινωνίας
2771 2263 3054 2333 μετέχειν·
3086 2259 3153 2336 ἦς
3184 2265 3327 2335 ὑμᾶς
3377 2266 3585 2339 Κύριος
3622 2273 3786 2341 μέχρι

2208 2348 2396 2414 τέλους
2431 2350 2809 2423 διατηρήσειεν
2841 2354 3209 2424 έναψαύστους
3229 2371 3243 2387 ·
3277 2358 3306 2410 6
3328 2362 3787 2430 νυμφευσάμενος

2208 2440 2388 2512 ἑαυτῷ
2435 2441 2522 2495 διὰ
2559 2439 2656 2496 τοῦ
2704 2443 2847 2498 κατά
2894 2444 2992 2515 τὴν
3017 2445 3317 2516 παρθενίαν
3346 2450 3787 2519 ἐπαγγέλματος.

2210 2526 2381 2595 Οὗτος
2428 2534 2457 2586 6
2512 2533 2729 2605 πρῶτός
2785 2552 2876 2602 μοι
2914 2534 3091 2605 λόγος.
3147 2538 3509 2594 Διδασκαλίαν
3542 2542 3602 2595 δὲ
3656 2543 3789 2613 παρ’

2210 2620 2345 2691 ἐμοῦ
2376 2620 2471 2674 τοῦ
2497 2623 2827 2693 ἁμαρτωλοῦ
2870 2624 2960 2681 ἶνα
3013 2628 3068 2682 τί
3098 2630 3375 2695 αίτείσθε;
3418 2632 3583 2699 ὑμεῖς
3614 2634 3788 2689 θεοδίδ

2209 2711 2393 2765 δακτοί
2433 2713 2557 2766 ἔστε
2599 2716 2781 2785 χάριτι
2809 2717 3067 2788 Χριστοῦ.
3102 2721 3211 2774 Καὶ
3235 2721 3344 2791 γάρ
3366 2722 3464 2775 καὶ
3488 2725 3555 2777 ἐκ
3588 2728 3791 2793 γονέων

2211 2800 2451 2854 εὐσεϐῶν
2488 2802 2817 2877 ἀμφότεραι,
2851 2808 2946 2862 καὶ
2995 2806 3195 2875 γνώσει
3238 2810 3598 2884 διαφέρουσαι
3626 2832 3645 2848 ο
3696 2817 3791 2869 καί

2212 2891 2292 2961 τῷ
2319 2892 2419 2964 βίῳ
2447 2893 2508 2946 τὸ
2558 2894 2899 2949 διδασκάλιον
2920 2896 3032 2951 τῶν
3054 2899 3283 2955 ἐντολῶν
3331 2903 3788 2974 προδαλλόμεναι.

2216 2983 2279 3037 Εἰ
2305 2983 2362 3037 δέ
2392 3001 2446 3038 τι
2468 2986 2561 3039 καὶ
2588 2988 2717 3056 παρ’
2740 2989 2896 3057 ήμῶν
2918 2988 3126 3041 δέοισθε
3155 2990 3265 3046 τῶν
3289 2992 3538 3063 ἀμαθῶν
3566 2998 3596 3048 6
3628 2996 3793 3064 φόὸος

544 3096 639 3149 hei
690 3093 1103 3162 conquirendus
1145 3091 1438 3161 imprimis.
1470 3090 1607 3146 Nam
1647 3091 1695 3147 is
1732 3091 1823 3146 ubi
1869 3093 2111 3145 animum

2220 3075 2310 3129 τοῦ
2340 3077 2475 3130 Θεοῦ
2527 3078 2588 3131 τὸ
2632 3079 2980 3149 ζητούμενον.
3005 3075 3172 3145 Οὗτος
3212 3084 3321 3156 γὰρ
3351 3086 3409 3138 ὲν
3441 3086 3643 3157 καρδίᾳ
3701 3089 3791 3140 δε-

543 3182 736 3247 subiit,
786 3182 882 3235 lux
931 3180 1177 3247 ali‘ulsit,
1222 3180 1451 3236 vitiosos
1500 3181 1825 3250 temperavit
1866 3180 2114 3234 allectus.

547 3273 679 3328 Inde
724 3274 1099 3344 compunctio,
1159 3274 1432 3343 lacrymae,
1494 3272 1683 3325 mundi
1732 3270 1941 3333 odium,
1992 3269 2116 3324 caeli

546 3366 915 3430 desiderium;
943 3373 998 3419 et
1022 3364 1155 3433 quid
1186 3380 1296 3417 non
1330 3363 1458 3417 inde
1484 3371 1694 3417 rectum
1723 3362 1966 3416 oriatur?
1996 3360 2119 3415 Haec

548 3457 645 3511 Dei
688 3455 942 3510 videlicet
994 3454 1323 3509 inhabitatio
1373 3463 1498 3509 est:
1534 3453 1625 3508 ubi
1671 3469 1800 3507 vero
1836 3452 2002 3517 Deus,
2043 3454 2118 3508 ibi

550 3547 674 3601 fons
701 3547 993 3609 bonorum,
1024 3561 1151 3615 pax,
1184 3546 1469 3616 gaudium,
1500 3546 1761 3602 cltaritas.
1793 3546 1993 3602 llortor
2022 3563 2119 3604 vos

548 3640 735 3708 itaque
784 3652 885 3707 ego
920 3636 1165 3701 humilis,
1212 3653 1320 3692 non
1365 3638 1433 3693 ad
1482 3653 1545 3693 ea
1593 3654 1716 3707 qua:
1762 3639 2121 3693 circumstant

549 3727 795 3796 exempla
826 3726 1044 3792 intueri,
1078 3728 1315 3782 maxime
1347 3742 1481 3781 vero
1525 3740 1632 3781 non
1676 3727 1741 3782 ad
1783 3728 2116 3792 simulatam,

549 3834 711 3887 quam
758 3819 1027 3888 pleraeque
1070 3819 1335 3872 moniales
1384 3816 1702 3886 praeferunt,
1747 3818 2120 3872 conversatio-

550 3924 674 3964 nem
709 3910 969 3979 tepidam,
1011 3918 1069 3963 ut
1101 3909 1175 3962 ita
1213 3909 1426 3977 loquar,
1480 3917 1534 3963 et
1563 3908 1849 3964 remissam
1884 3927 1898 3963 :
1927 3910 2020 3963 sed
2054 3910 2121 3963 ad

548 4002 765 4071 egregia
806 4002 1160 4071 exemplaria,
1190 4016 1424 4070 quorum
1450 4002 1590 4055 vitas
1625 4002 1837 4056 habetis
1871 4017 1980 4071 pra:
2010 4018 2124 4056 ma.-

551 4094 715 4149 nibus
744 4093 930 4149 divino
959 4092 1168 4162 passim
1203 4107 1390 4147 amore
1428 4103 1794 4150 coruscantes
1826 4112 1839 4148 :
1870 4095 2122 4163 quando-

549 4187 768 4254 quidem
805 4200 906 4240 nec
938 4184 1110 4253 pictor
1154 4198 1222 4238 ex
1252 4184 1615 4249 deformibus,
1666 4185 1760 4240 sed
1806 4201 1871 4239 ex
1907 4188 2122 4243 decoris

552 4278 881 4347 imaginibus
914 4290 981 4331 ac
1012 4282 1283 4331 vetustate
1328 4276 1643 4346 conspicuis
1693 4276 1983 4348 imaginem
2032 4294 2124 4333 ex—

550 4369 834 4439 presserit.
858 4414 861 4415 γ

624 4480 769 4547 Quid
810 4481 866 4535 in
910 4480 1019 4536 illis
1067 4482 1224 4537 vobis
1261 4484 1605 4552 exploratum
1650 4487 1754 4541 sit?
1793 4485 2006 4543 Solutio
2054 4490 2123 4542 ab

555 4573 846 4627 aﬂ'ectuum
896 4571 1154 4635 vinculis,
1200 4573 1379 4627 virilis
1436 4586 1690 4643 aspectus
1737 4577 1885 4647 fuga,
1942 4577 2122 4646 quoad

554 4666 677 4734 ejus
726 4664 844 4719 ﬁeri
901 4672 1100 4732 potest,
1146 4663 1422 4719 demissus
1466 4666 1633 4719 animi
1692 4680 1906 4731 sensus,
1960 4668 2126 4723 vestis

556 4753 799 4817 sordida,
832 4752 1080 4821 dejectus
1111 4753 1165 4806 in
1201 4760 1402 4808 terram
1432 4755 1646 4817 oculus,
1676 4755 1900 4811 inutiles
1929 4771 2125 4810 narra-

558 4842 835 4898 tiunculas
868 4842 1021 4897 auris
1050 4842 1282 4906 evitans,
1317 4856 1379 4897 os
1408 4842 1587 4897 divina
1619 4844 1870 4914 loquens,
1913 4846 2127 4898 vexatio

560 4934 830 5003 corporis.
884 4931 1021 4987 Nam
1085 4933 1166 4987 sic
1219 4933 1447 4989 aﬂ'ectus
1504 4936 1687 4990 carnis
1739 4944 2125 5003 superarunt:

560 5024 1001 5093 quandoquidem
1045 5039 1172 5077 caro
1217 5026 1534 5095 concupiscit
1577 5027 1824 5079 adversus
1861 5027 2127 5095 spiritum,

560 5128 623 5170 ut
653 5116 919 5185 scriptum
954 5125 1076 5181 est,
1131 5117 1347 5184 spiritus
1384 5127 1556 5171 autem
1594 5118 1843 5171 adversus
1874 5134 2084 5171 carnem
2109 5133 2129 5171 :

563 5209 673 5261 hare
698 5208 838 5260 enim
875 5204 975 5261 sibi
1006 5206 1228 5260 invicem
1258 5207 1609 5261 adversantur
1630 5210 1699 5273 υ,
1729 5218 1784 5264 et
1820 5218 1902 5264 est
1927 5210 2127 5262 bellum

560 5298 925 5367 implacabile.
972 5298 1150 5363 Quare
1214 5300 1361 5351 omni
1415 5300 1503 5353 die
1542 5314 1764 5354 necesse
1808 5310 1911 5364 est,
1966 5315 2133 5369 prope

566 5390 795 5444 dixerim
826 5389 975 5442 omni
1009 5388 1169 5454 hora,
1208 5388 1469 5444 adversus
1500 5390 1627 5444 vitia
1661 5400 1881 5445 strenue
1920 5407 2020 5446 nos
2050 5392 2135 5445 di-

566 5479 790 5541 micare,
836 5475 947 5532 Deo
979 5484 1256 5545 spectante
1285 5493 1349 5531 ac
1372 5479 1617 5545 juvante,
1644 5490 1768 5548 post
1812 5482 2131 5534 diuturnum

568 5576 843 5620 certamen
882 5567 1097 5622 hostem
1146 5570 1449 5635 vincentes,
1497 5572 1590 5640 qui
1634 5582 1876 5627 nostrum
1917 5586 2133 5641 semper

569 5659 795 5713 exitium
842 5659 959 5713 sitit
988 5676 1005 5716 :
1036 5660 1195 5730 cujus
1238 5662 1419 5733 jacula
1481 5663 1683 5721 nullius
1732 5666 1948 5721 demdm
2011 5677 2136 5722 sunt

642 5800 682 5829 ²¹
711 5798 889 5854 Gal-at.
914 5817 965 5865 ν,
1001 5800 1087 5854 17.

2221 3166 2391 3237 χθεὶς,
2418 3170 2532 3237 φῶς
2563 3170 2795 3240 ἔλαμψε,
2816 3172 2883 3225 τά
2913 3172 3060 3245 πάθη
3086 3174 3373 3244 ἐμείωσεν.
3412 3178 3502 3241 Ἐξ
3530 3172 3592 3233 οὗ
3626 3180 3796 3234 κατά-

2218 3259 2367 3323 νυξις
2392 3277 2407 3291 ο
2435 3260 2665 3332 δάκρυον
2696 3278 2710 3292 ·
2742 3265 2898 3334 μῖσος
2931 3266 3136 3336 κόσμου
3162 3284 3175 3298 ’
3205 3267 3472 3338 ἐπιθυμία
3503 3270 3756 3339 οὐρανῶν
3779 3288 3791 3301 ·

2219 3351 2313 3403 καὶ
2340 3351 2393 3404 τί
2423 3353 2531 3424 γὰρ
2577 3354 2641 3408 οὐ
2687 3356 2850 3409 καλὸν
2897 3358 3148 3412 ἐντεῦθεν
3189 3360 3578 3431 προσγίνοιτο;
3627 3364 3798 3417 Τοῦτο

2218 3439 2312 3496 οὖν
2334 3445 2481 3497 ἐστιν
2509 3446 2781 3519 ὲνοίκησις
2809 3449 2967 3503 Θεοῦ·
3004 3445 3067 3506 οὗ
3109 3451 3164 3505 δὲ
3186 3452 3340 3517 Θεὸς,
3372 3453 3492 3506 ἐκεῖ
3518 3455 3628 3508 τῶν
3657 3458 3795 3523 ἀγα-

2220 3536 2327 3588 θῶν
2384 3538 2416 3608 ἡ
2468 3538 2641 3609 πηγὴ,
2672 3541 2884 3612 εἰρήνη,
2918 3543 3084 3613 χαρά,
3111 3544 3325 3615 ἀγᾶπη.
3359 3545 3674 3615 Παρακαλῶ
3706 3547 3800 3603 οὖν

2222 3627 2364 3697 ὑμᾶς
2394 3630 2423 3681 6
2454 3633 2705 3696 ταπεινὸς
2725 3671 2742 3697 ,
2776 3636 2850 3705 μὴ
2882 3636 3019 3704 πρὸς
3049 3636 3120 3690 τά
3146 3636 3256 3691 τῶν
3302 3638 3533 3708 πλησίον
3561 3644 3799 3697 ἀποϐλέ-

2222 3738 2343 3774 πειν
2377 3724 2792 3794 παραδείγματα
2810 3743 2824 3757 ο
2856 3728 2949 3779 καὶ
2975 3728 3211 3798 μάλιστα
3238 3730 3337 3800 τῆς
3362 3732 3721 3799 ἐπιπλάστως
3745 3739 3801 3788 ἐν

2220 3815 2341 3875 ταῖς
2358 3814 2636 3878 πλείσταις
2663 3815 2773 3869 τῶν
2799 3818 3145 3887 μοναζουσῶν
3173 3821 3621 3895 ὲπιδεδειγμένης
3649 3827 3803 3880 πολι-

2222 3907 2371 3967 τείας
2400 3907 2648 3976 χλιαρᾶς,
2687 3907 2755 3961 ἵν’
2782 3908 2955 3972 οὕτως
2982 3912 3144 3977 είπω,
3190 3915 3287 3967 καὶ
3340 3919 3766 3987 συγκεχυμένης
3788 3935 3799 3947 ·

2222 3994 2358 4048 ἀλλὰ
2387 4000 2525 4066 πρὸς
2559 3999 2620 4051 τὰ
2649 3998 2936 4068 ἀρχέτυπα
2966 4001 3161 4071 κάλλη,
3196 3996 3272 4058 ὧν
3301 4004 3350 4057 οἱ
3381 4003 3489 4074 βίοι
3522 4007 3583 4060 ὲν
3615 4009 3803 4079 χερσὶν

2224 4085 2417 4156 ὑμῶν,
2489 4088 3037 4160 ἀστραπηφοροῦντες
3100 4093 3230 4156 τοὺς
3300 4092 3483 4160 θείους
3532 4096 3759 4167 ’ἔρωτας
3787 4117 3801 4130 ·

2224 4180 2347 4232 ὲπεὶ
2392 4180 2488 4234 καὶ
2532 4178 2822 4250 ζωγράφος
2875 4183 2978 4234 οὐκ
3028 4184 3093 4236 ἐκ
3141 4184 3382 4253 φαύλων,
3406 4187 3524 4240 ἀλλ’
3550 4188 3613 4253 ἐξ
3635 4189 3793 4259 ὡραῖ·

2228 4271 2440 4341 σμένων
2463 4274 2553 4325 καὶ
2579 4272 2902 4341 ἀρχαιότητι
2933 4274 3298 4345 διαφερόντων
3346 4278 3577 4331 εἰκόνων
3632 4297 3801 4349 μετα-ι

2227 4365 2488 4434 γράφοιεν
2517 4365 2720 4419 εἰκόνα.

2295 4476 2360 4527 Τί
2392 4473 2459 4546 ἦν
2488 4478 2547 4530 ὲν
2576 4478 2811 4540 ἐκείναις
2842 4479 3087 4546 γνωστὸν
3125 4480 3288 4549 ὐμῖνς
3334 4480 3505 4544 Λύσις
3558 4483 3672 4537 τῶν
3717 4486 3799 4539 δε-

2231 4566 2381 4633 σμῶν
2415 4567 2512 4635 τῆς
2546 4567 2940 4636 προσπαθείας’
2963 4570 3109 4640 φυγὴ
3138 4572 3432 4642 ἀρῤενικῆς
3461 4573 3646 4643 ὅψεως
3675 4578 3799 4632 ὅσον

2227 4654 2519 4726 ἐνδέχεταιο
2547 4656 3022 4728 καταϐεσλημένον
3046 4660 3321 4730 φρόνημα’
3356 4664 3589 4732 ρυπῶσα
3614 4669 3796 4739 ἐσθὴς,

2226 4748 2380 4817 ὄμμα
2431 4747 2581 4801 κάτω
2631 4749 2901 4812 νενευκός.
2936 4745 3043 4814 Οῦς
3092 4750 3295 4819 φεῦγον
3324 4753 3587 4826 ἀνωφελῆ
3634 4760 3800 4813 ἀκού.

2232 4854 2412 4906 σματα
2438 4853 2453 4866 ⁸
2490 4840 2663 4907 στόμα
2691 4839 2884 4891 λαλοῦν
2912 4838 3090 4906 ἔνθεα,
3125 4842 3488 4913 ὑπωπιασμὺς
3525 4847 3797 4918 σώματος.

2231 4926 2388 4980 Οὕτω
2415 4926 2523 4995 γὰρ
2551 4929 2928 4997 περιεγένοντο
2957 4928 3049 4982 τοῦ
3072 4930 3171 4998 τῆς
3202 4932 3798 5007 σαρκὸςφρονήματος·

2231 5021 2460 5089 ἐπείπερ
2513 5021 2552 5087 ἡ
2592 5021 2748 5088 σὰρξ
2786 5021 3062 5091 ἐπιθυμεῖ
3099 5025 3250 5079 κατὰ
3286 5027 3393 5081 τοῦ
3435 5034 3805 5101 πνεύματος,

2232 5112 2307 5174 ὡς
2352 5110 2679 5181 γέγραπται·
2736 5112 2802 5165 τὸ
2827 5110 2896 5163 δὲ
2940 5112 3175 5181 πνεῦμα
3224 5117 3373 5170 κατὰ
3404 5116 3517 5186 τῆς
3546 5124 3802 5189 σαρκός

2232 5202 2421 5255 ταῦτα
2468 5201 2536 5254 δὲ
2582 5202 2905 5257 ἀντίκειται
2959 5204 3252 5273 ἀλλήλοις
3279 5222 3291 5237 ·
3337 5209 3431 5261 καὶ
3489 5212 3806 5281 ἀκήρυκτος

2236 5296 2489 5363 πόλεμος.
2529 5296 2640 5348 Καὶ
2694 5295 2774 5348 δεῖ
2820 5296 2967 5365 ἡμᾶς
3017 5298 3198 5351 πᾶσαν
3243 5300 3479 5369 ἡμέραν,
3537 5304 3682 5357 εἴπω
3717 5308 3806 5357 καὶ

2236 5387 2406 5457 ὥραν,
2439 5386 2763 5439 ὁπλίσασθαι
2800 5388 2941 5441 κατὰ
2984 5388 3094 5441 τῶν
3143 5390 3333 5443 παθῶν
3362 5392 3636 5461 ἀνδρικῶς
3672 5401 3806 5467 μετὰ

2238 5479 2372 5533 Θεοῦ
2420 5479 2515 5533 καὶ
2548 5480 2643 5532 σὺν
2676 5478 2815 5547 Θεῷ,
2849 5481 2905 5531 ἐν
2951 5479 3131 5551 πολλῷ
3169 5481 3341 5549 ἀγῶνι
3386 5484 3662 5550 νικῶντας
3718 5492 3806 5541 τὸν

2240 5572 2447 5641 ἐχθρὸν,
2497 5570 2589 5622 τὸν
2643 5570 2731 5621 ἀεὶ
2763 5568 3000 5638 διψῶντα
3030 5573 3130 5639 τὴν
3181 5572 3461 5627 ἀπώλειαν
3505 5578 3668 5646 ἡμῶν
3702 5597 3714 5609 .
3751 5576 3807 5635 οὗ

2243 5667 2298 5719 αι
2360 5664 2620 5735 ρομφαῖαι
2678 5664 2755 5727 εἰς
2814 5660 2965 5725 τέλος
3004 5661 3250 5726 ἐξέλιπον
3292 5668 3407 5730 τοῖς
3451 5670 3807 5741 προσέχουσιν
