3934 6438
165 405 304 471 11Ἰῖ

1355 391 1825 452 EPISTOLARU
1838 393 1891 449 Μ
1942 393 2086 450 LIB.
2147 391 2221 449 ΙΙ.

3281 391 3418 454 1178

157 511 440 581 ἀσφαλῶς.
489 509 604 561 Ούκ
649 506 765 560 ἔστι
808 503 864 558 δὲ
908 502 982 574 μὴ
1024 503 1292 574 ἡττᾶσθαι
1345 503 1585 565 παντως,
1647 501 1740 553 καὶ

1848 500 2056 552 roboris
2104 500 2157 551 in
2203 512 2296 552 eos
2341 496 2433 567 qui
2491 498 2596 552 sibi
2649 498 2839 554 sedulo
2887 499 3253 570 prospiciunt.
3299 502 3418 558 Non

159 599 521 674 πλήττεσθαι,
557 599 650 651 τὸν
677 597 1100 666 ἀγωνιζόμενον,
1153 597 1210 647 ἐν
1240 594 1384 662 λόγῳ
1412 595 1505 645 καὶ
1537 592 1741 660 ἐννοίᾳ,

159 698 258 751 καὶ
290 698 349 746 ἐν
379 695 487 755 τοῖς
517 691 723 760 ὁμοίοις
757 692 868 751 τοῖς
903 688 977 758 μὴ
1011 686 1146 756 πρὸς
1183 685 1411 738 θάνατον
1441 683 1740 754 ἁμαρτίαςο

159 781 297 834 ἀλλά
330 781 390 832 τὸ
421 779 618 832 θᾶττον
639 776 993 830 ἀναπαλαίειν
1021 775 1150 844 χρὴ,
1176 775 1268 826 καὶ
1289 775 1378 825 ἐπὶ
1402 774 1498 841 τῆς
1517 773 1744 843 δεούσης

161 872 417 924 ἵστασθαι
448 868 857 931 καταστάσεως.
882 867 1325 935 Παραπτώμοτα
1353 866 1461 935 γὰρ
1483 868 1572 931 τίς
1597 882 1745 919 συν-

162 966 340 1028 aio-et;
372 965 478 1015 Καὶ
503 962 587 1024 τίς
617 962 953 1029 καυχήσεται
988 959 1086 1028 τὴν
1115 958 1296 1028 ψυχὴν
1352 960 1526 1026 ἁγνὴν
1557 959 1740 1027 ἔχεινς

159 1055 276 1106 Καὶ
328 1055 385 1104 ὲν
416 1051 594 1121 θλίψει
635 1051 734 1120 μὲν
760 1053 788 1102 ὀ
815 1051 874 1101 ὲν
915 1049 1105 1118 Κυρίῳ
1152 1049 1261 1113 ζῶν
1284 1062 1299 1077 ⁶
1328 1048 1518 1118 ἐπειδὴ
1551 1048 1740 1114 στενὴ

158 1146 263 1196 καὶ
317 1142 673 1211 τεθλιμμένη
707 1142 744 1208 ἡ
776 1139 916 1203 ὁδὸς
943 1139 1265 1207 ἀπάγουσα
1291 1140 1379 1203 είς
1404 1138 1520 1205 τὴν
1548 1137 1701 1206 ζωήν
1724 1153 1736 1166 ’

159 1236 353 1304 ὥσπερ
407 1234 440 1301 ἡ
494 1229 710 1284 ἐναντία
743 1231 855 1292 τοῖς
884 1229 1170 1291 ἐναντίοις.
1213 1229 1341 1282 Ὅτε
1369 1228 1438 1282 -δὲ
1477 1228 1620 1280 ἔλθοι
1681 1228 1742 1280 τὸ

162 1327 230 1375 πὲ
243 1341 340 1393 ρας
362 1323 468 1374 τῶν
493 1319 741 1389 ἀγώνων,
773 1319 895 1371 τότε
925 1311 1218 1380 dasset-2,6)
1249 1317 1456 1387 νύμφαι
1480 1317 1739 1388 Χριστοῦ,

161 1417 214 1466 τί
254 1393 612 1484 προεξένησεν
644 1411 774 1479 ύμῖν
801 1410 833 1477 ἡ
880 1407 1127 1460 πολιτεία
1154 1422 1167 1434 ·
1205 1406 1509 1476 ἀρθήσεσθε
1541 1406 1650 1475 γάρ
1684 1407 1741 1457 ἐν

161 1507 312 1574 χαρᾷ
342 1503 692 1570 ἀνεκλαλήτῳ
711 1501 814 1552 ὑπὸ
831 1498 1052 1565 ἀγαθῶν
1074 1498 1325 1567 ἀγγέλων
1350 1515 1364 1528 ο
1391 1500 1483 1550 καὶ
1506 1496 1741 1550 εἰσελεύ-

158 1594 322 1647 σεσοε
382 1594 459 1655 είς
513 1591 614 1661 τὴν
673 1589 1089 1660 ἀχειρότευκτον
1161 1588 1453 1656 παστάδα,
1506 1591 1585 1653 είς
1649 1589 1739 1642 τὸν

154 1689 416 1756 οὐράνιον
447 1683 735 1754 νυμφῶνα,
777 1683 1008 1735 πάντοτε
1064 1683 1161 1736 σὺν
1195 1683 1386 1754 Κυρίῳ
1433 1685 1513 1748 είς
1566 1683 1739 1739 αίῶνα

155 1781 436 1848 ἐσόμεναι.
466 1773 576 1829 Ἦν
617 1776 713 1845 μὲν
744 1773 837 1827 καὶ
864 1775 1027 1827 πλέον
1051 1791 1102 1826 τι
1131 1773 1308 1841 λέγειν
1343 1791 1359 1806 ⁶
1404 1776 1521 1829 ἀλλ’
1545 1775 1736 1847 ἐπειδὴ

1844 589 2109 657 contingit
2143 600 2324 643 autem
2373 603 2480 642 non
2512 591 2655 645 vinci
2685 591 2933 655 omnino,
2973 606 3037 646 ac
3068 592 3276 646 nullum
3310 596 3422 647 vul-

1847 693 1950 732 nus
1987 678 2151 746 recipi
2182 679 2320 732 inter
2348 679 2728 748 praeliandum,
2755 683 2921 737 verbo
2951 683 3033 737 vel
3067 683 3418 752 cogitatione,

1844 767 2071 835 aliisque
2105 767 2401 829 similibus,
2436 783 2559 836 qua:
2607 777 2838 823 mortem
2875 773 3080 839 peccati
3127 786 3235 826 non
3283 772 3422 826 infe-

1845 865 1972 911 runt
2019 857 2159 911 :sed
2213 873 2392 926 pugna
2440 859 2728 912 confestim
2772 861 3188 930 redintegranda
3216 905 3230 926 ,
3268 871 3321 916 et
3366 864 3418 916 in

1843 949 2061 1018 pmpria
2115 950 2350 1003 statione
2393 950 2826 1004 consistendum.
2873 951 3080 1006 Delicta
3125 955 3261 1006 enim
3303 955 3420 1022 quis

1843 1039 2101 1108 intelliget
2131 1041 2177 1069 "
2197 1040 2219 1093 ?
2243 1039 2309 1092 Et
2337 1041 2462 1110 quis
2491 1040 2815 1110 gloriabitur
2842 1043 3084 1096 animum
3109 1058 3174 1096 se
3209 1054 3421 1097 castum

1842 1133 2070 1200 gerere?
2122 1129 2177 1185 In
2233 1131 2590 1188 tribulatione
2647 1133 2838 1202 utique
2894 1143 2998 1199 est,
3050 1135 3144 1204 qui
3187 1135 3318 1189 vivit
3369 1137 3422 1188 in

1844 1223 2074 1276 Domino
2104 1240 2117 1276 :
2150 1224 2595 1292 quandoquidem
2653 1235 2804 1278 arcta
2843 1235 2890 1279 et
2935 1236 3161 1296 angusta
3204 1229 3288 1280 via
3346 1237 3422 1280 est

1841 1325 1958 1382 quae
1989 1315 2136 1368 ducit
2170 1314 2239 1367 ad
2279 1319 2442 1369 vitam
2465 1315 2513 1348 "
2548 1334 2561 1370 :
2590 1316 3048 1385 quemadmodum
3081 1319 3164 1370 via
3210 1327 3424 1371 contra-

1844 1405 1923 1457 ria
1954 1419 1984 1457 e
2020 1405 2321 1460 contrario.
2356 1406 2426 1460 At
2466 1421 2592 1462 cum
2623 1408 2990 1462 certaminum
3038 1408 3161 1462 linis
3189 1410 3422 1462 advene-

1842 1493 1934 1557 rit,
1976 1507 2106 1547 tunc
2149 1494 2485 1564 intelligetis,
2518 1511 2552 1550 0
2583 1507 2801 1564 sponsae
2843 1495 3069 1560 Christi,
3101 1495 3232 1565 quid
3266 1496 3424 1550 vobis

1846 1595 2102 1656 suscepta
2147 1585 2365 1640 vivendi
2415 1586 2557 1642 ratio
2607 1587 2898 1642 contulerit
2929 1605 2942 1641 :
2979 1586 3229 1642 auferent
3276 1588 3421 1642 enim

1841 1691 1939 1732 vos
2024 1677 2288 1733 sublimes
2347 1691 2470 1731 cum
2543 1677 2894 1732 inenarrabili
2976 1677 3162 1732 laetitia
3245 1679 3422 1747 angeli

1841 1767 2077 1837 optimi,
2132 1777 2186 1820 et
2230 1767 2283 1820 in
2341 1766 2641 1820 thalamum
2695 1767 3078 1837 ingrediemini
3137 1781 3245 1821 non
3305 1782 3424 1820 ma—

157 1869 498 1938 στοχάζομαι
550 1864 987 1938 ὑπερὸεϐηκέναι
1056 1866 1117 1918 τὸ
1189 1865 1386 1937 μέτρον
1450 1866 1550 1936 τῆς
1609 1868 1729 1921 ἐπι-

1848 1857 2156 1923 nufactum,
2205 1856 2260 1911 in
2307 1855 2585 1912 caelestem
2636 1868 2839 1922 torum,
2884 1873 3099 1928 semper
3146 1873 3269 1912 cum
3322 1859 3425 1912 Do-

156 1962 357 2030 στολῆς
389 2001 404 2026 ,
455 1958 688 2012 ἐνταῦθα
732 1957 1144 2027 καταπαύσοιμι
1198 1955 1291 2011 τὸν
1331 1957 1489 2026 λόγον
1517 1975 1534 1991 ο
1594 1960 1736 2032 ὑπὲρ

151 2048 217 2104 οὗ
249 2050 552 2121 χαρίσασθέ
579 2063 690 2121 ,μοι
735 2049 816 2119 τῷ
862 2048 1176 2121 ἁμαρτωλῷ
1234 2049 1335 2113 τὰς
1376 2049 1537 2120 ἀγίας
1583 2050 1738 2121 ὑμῶν

152 2142 349 2214 εὐχάς.

409 2425 496 2480 κ’.
527 2454 599 2467 σ-
626 2423 912 2492 Μακαρίῳ
935 2421 1269 2494 ἡγουμένῳ.
1303 2421 1494 2494 [σκγκ]

1844 1954 1993 2004 mino
2047 1950 2101 2004 in
2145 1963 2307 2004 omne
2351 1963 2526 2004 sevum
2567 1949 2790 2007 futurae.
2842 1949 3118 2005 Habebam
3169 1949 3422 2020 equidem

1842 2042 1997 2112 plura
2019 2043 2204 2097 dicere
2237 2059 2250 2096 :
2286 2041 2382 2096 sed
2419 2042 2681 2112 quoniam
2714 2043 2892 2098 sentio
2923 2058 3010 2098 me
3041 2043 3262 2097 modum
3305 2043 3423 2111 cpi-'-

1843 2131 1998 2186 stolae
2023 2145 2461 2200 supergressum,
2489 2132 2650 2185 linem
2687 2132 2962 2201 imponam
2997 2133 3123 2187 huic
3145 2132 3382 2188 sermoni
3407 2149 3420 2184 :

1843 2237 1943 2292 pro
1971 2237 2082 2291 quo
2123 2223 2257 2277 milii
2286 2223 2562 2292 peccatori
2601 2232 2821 2279 sanctas
2849 2233 3059 2280 vestras
3094 2240 3282 2295 preces
3320 2223 3426 2277 im-

1845 2315 2058 2379 pertite.

2275 2431 2393 2489 XX.
2435 2431 2680 2488 Macario
2707 2433 3007 2501 prteposito.

1294 2533 1372 2585 De
1397 2534 1607 2596 quodam
1634 2538 1916 2603 praeposito,
1941 2541 2153 2607 aliisque
2179 2545 2347 2608 lapsis.

222 2648 297 2701 Τί
327 2648 522 2708 ποιεῖς,
571 2637 616 2698 ὦ
662 2643 771 2698 θεῖε
813 2642 1018 2713 Πάτερ,
1079 2641 1274 2695 ἑαυτὸν
1325 2642 1600 2696 ταπεινῶν
1649 2643 1742 2696 τὸν

154 2741 367 2812 ὑψηλὸν
397 2741 464 2809 τῇ
495 2739 698 2808 ἀρετῇ·
733 2737 880 2807 κάμὲ
911 2735 1063 2804 ὑψῶν
1088 2735 1146 2788 ὲν
1177 2737 1291 2798 τοῖς
1328 2734 1535 2805 τιμίοις
1561 2733 1742 2804 λόγοις

154 2851 279 2894 σου,
304 2832 398 2884 τὸν
427 2829 707 2900 χθαμαλὸν
740 2829 805 2897 τῇ
835 2827 1026 2894 κακίᾳ,
1053 2826 1129 2889 ὼς
1162 2825 1378 2896 μυρίοις
1408 2826 1608 2881 πάθεσι
1640 2846 1740 2881 πο-

153 2922 549 2996 λιορκούμενον
584 2919 966 2988 καθεκάστην;
1011 2917 1154 2985 Ἐγὼ
1206 2918 1386 2971 τοίνυν
1427 2919 1612 2982 δοῦλός
1647 2938 1741 2972 σου

1913 2647 2055 2715 Quid
2097 2650 2236 2720 agis,
2272 2664 2307 2705 ο
2348 2650 2534 2705 divine
2578 2649 2761 2715 Pater,
2801 2664 2929 2705 cum
2976 2651 3208 2719 teipsum
3243 2652 3424 2722 depri-

1844 2741 1971 2805 mis,
2026 2741 2118 2809 qui
2172 2741 2426 2800 sublimis
2473 2757 2533 2796 es
2581 2741 2837 2796 virtute:
2881 2755 2946 2796 ac
2997 2756 3085 2796 me
3127 2743 3424 2798 honorifica

1843 2828 2094 2884 oratione
2144 2839 2237 2885 tua
2285 2830 2525 2896 extollis,
2570 2830 2663 2899 qui
2703 2844 2828 2886 sum
2881 2830 3229 2900 improbitate
3276 2833 3426 2902 abje-

1848 2930 1996 2984 ctus,
2032 2922 2234 2991 quippe
2265 2921 2574 2978 innumeris
2607 2921 2856 2990 quotidie
2884 2923 3028 2977 vitiis
3066 2922 3383 2992 proﬂigatus
3403 2924 3428 2976 τ

155 3017 256 3069 καὶ
315 3016 465 3077 παῖς,
500 3012 770 3082 μαθητιᾷν
804 3011 1004 3080 μᾶλλον
1037 3008 1348 3080 ἐφιέμενος,
1403 3010 1436 3080 ἢ
1468 3011 1743 3065 διδάσκειν

1848 3011 1959 3082 Ego
2009 3012 2177 3079 igitur
2221 3028 2417 3069 servus
2462 3022 2614 3078 tuus,
2651 3028 2714 3068 ac
2751 3029 2888 3082 pene
2930 3029 3086 3083 puer,
3130 3014 3215 3069 cui
3252 3016 3428 3084 major

153 3106 484 3175 δυνάμενος.
515 3104 704 3173 Ὅμως
733 3105 765 3156 ὀ
787 3103 1009 3171 ἀγαθὸς
1040 3101 1350 3169 ἅνθρωπος
1374 3102 1442 3155 ἐκ
1467 3101 1573 3165 τοῦ
1596 3103 1741 3170 ἀγα-

155 3200 270 3254 θοῦ
309 3197 617 3265 θησαυροῦ
668 3195 776 3264 τῆς
821 3195 1068 3264 καρδίας
1094 3195 1376 3250 ἐκϐάλλει
1413 3197 1485 3249 τὰ
1512 3196 1740 3264 ἀγαθά·

155 3289 407 3351 τοιοῦτος
457 3290 521 3340 σὺ
583 3288 676 3340 καὶ
714 3288 991 3358 ὁρώμενος
1052 3288 1144 3341 καὶ
1204 3289 1740 3357 ἀναγινωσκόμενος.

159 3384 305 3454 Περὶ
328 3381 429 3451 μὲν
444 3380 538 3434 οῦν
561 3378 655 3433 τοῦ
676 3381 773 3448 τῆς
795 3364 1194 3450 Δημητριάδος,
1219 3381 1313 3432 καὶ
1334 3379 1442 3432 τῶν
1464 3379 1740 3449 μαθητῶν,

157 3478 246 3529 ὃτι
284 3472 490 3542 ᾤχοντο
509 3491 522 3504 ·
551 3473 640 3525 ἴνα
669 3472 858 3541 γνοίης
882 3473 946 3524 ὲκ
985 3472 1095 3524 τῶν
1127 3472 1358 3541 καρπῶν
1389 3472 1448 3525 τὺ
1493 3472 1707 3542 δένδρον
1728 3489 1742 3503 ο

159 3566 261 3620 καί
291 3564 424 3634 εῦξῃ
453 3563 680 3626 ἐκείνοις
719 3563 819 3633 μὲν
856 3563 1168 3633 μετάνοιαν,
1206 3565 1330 3634 ἐμοὶ
1355 3563 1411 3616 δὲ
1449 3563 1527 3633 τῷ
1576 3564 1746 3633 ἀθλίῳ

160 3655 476 3726 στηριγμὸν
511 3653 649 3724 πρός
695 3671 755 3708 τε
808 3656 932 3718 τοὺς
965 3652 1339 3724 πολεμοῦντας
1387 3655 1635 3725 ἀοράτως
1686 3672 1745 3706 τε

160 3747 262 3796 καὶ
292 3743 620 3815 ὁρωμένως·
649 3742 723 3807 ὡς
744 3742 809 3797 ἃν
841 3745 1070 3796 κατόπιν
1104 3743 1397 3814 ἀξιωθείην
1423 3744 1598 3797 ἐλθεῖν
1635 3744 1744 3797 τῶν

158 3837 285 3888 νυνὶ
315 3836 530 3887 πάντων
561 3834 910 3903 ὀμολογητῶν
943 3834 1185 3903 Χριστοῦ
1208 3850 1222 3865 ⁸
1272 3835 1612 3906 όμολογητὴς
1640 3835 1749 3906 γὰρ

166 3928 331 3990 πᾶ.ςὸ
361 3927 732 3998 ἐνιστάμενος.
785 3927 922 3998 Περὶ
977 3925 1034 3978 δὲ
1088 3926 1197 3980 τῶν
1231 3926 1326 3980 δύο
1354 3927 1532 3982 ἀλλων
1581 3945 1749 3997 κεφα-

160 4021 357 4083 λαίων,
395 4020 639 4073 τοιοῦτον
683 4021 743 4073 τὸ
778 4020 1182 4091 παριστάμενόν
1218 4036 1310 4089 μοι
1391 4018 1749 4089 ’Υπογράψας

163 4111 546 4184 πρεσϐύτερος
590 4113 657 4182 τῇ
714 4110 962 4181 ἀσεϐείᾳ,
1030 4112 1311 4180 μετανοεῖν
1362 4109 1592 4178 ὀφείλει,
1655 4111 1750 4163 καὶ

161 4203 526 4275 προσκλαίειν
565 4203 814 4272 θερμῶς·
868 4202 1291 4273 συγχωρηθῆναι
1331 4200 1479 4272 αύτῷ
1509 4201 1570 4255 τὸ
1616 4202 1746 4254 ἀσέ-

161 4295 324 4364 ϐημα
350 4309 362 4322 ’
395 4290 732 4362 λειτουργεῖν
769 4291 849 4355 δὲ,
880 4292 986 4346 κᾶν
1033 4291 1093 4344 ού
1127 4291 1447 4362 μνημονεύῃ
1493 4291 1588 4344 τοῦ
1625 4293 1751 4344 ἀσε-

1846 3102 2094 3157 discendi
2146 3104 2464 3172 cupiditas,
2517 3120 2685 3175 quam
2746 3105 2979 3160 facultas
3035 3107 3290 3162 docendi.
3357 3109 3429 3162 At

1846 3193 2008 3246 bonus
2053 3193 2206 3246 homo
2261 3195 2325 3248 de
2373 3193 2506 3247 bono
2557 3196 2800 3250 thesauro
2856 3198 3032 3252 cordis
3091 3200 3174 3252 sui
3225 3200 3428 3268 profert

1847 3283 2047 3336 bona"
2075 3301 2088 3336 :
2132 3283 2448 3352 cujusmodi
2492 3295 2544 3338 tu
2578 3288 2799 3355 quidem
2834 3301 2888 3343 et
2922 3289 3125 3345 videris
3167 3299 3222 3345 et
3255 3307 3429 3361 agno-

1846 3374 2043 3426 sccris.
2077 3373 2152 3427 De
2201 3373 2493 3440 praeposito
2523 3384 2706 3430 autem
2745 3376 3109 3434 Demetriadis
3151 3395 3217 3434 ac
3259 3380 3428 3435 disci-

1847 3463 1991 3533 pulis
2025 3466 2145 3535 ejus
2191 3469 2337 3538 quod
2371 3469 2596 3537 quaeris,
2642 3469 2873 3539 periisse
2907 3471 3070 3533 scito,
3111 3481 3168 3523 ut
3196 3487 3262 3524 ex
3312 3473 3429 3526 fru-

1847 3557 2026 3612 ctibus
2074 3561 2327 3614 arborem
2385 3576 2652 3630 agnoscas
2707 3579 2722 3616 :
2779 3576 2845 3616 ac
2887 3576 2986 3631 pro
3041 3563 3153 3618 illis
3206 3565 3427 3637 quide‘nt

1850 3644 2284 3712 resipiscentiam
2327 3649 2682 3717 depreceris:
2717 3664 2818 3719 pro
2852 3667 2938 3705 tne
2981 3662 3164 3707 autem
3214 3653 3431 3710 infelice

1849 3732 2018 3785 robur
2073 3734 2338 3790 adversus
2384 3737 2573 3791 hostes
2623 3745 2736 3791 tum
2784 3738 3088 3796 invisibiles
3136 3751 3252 3796 tum
3299 3745 3433 3798 visi-

1852 3820 2034 3878 biles:
2077 3835 2138 3879 ut
2183 3826 2431 3897 vestigiis
2481 3827 2740 3884 insistere
2788 3845 3002 3885 merear
3032 3835 3280 3889 omnium
3328 3836 3431 3891 hoc

1849 3927 1965 3967 aevo
2007 3913 2214 3971 Christi
2274 3918 2657 3975 confessorum
2719 3937 2734 3974 :
2797 3921 3090 3978 confessor
3143 3927 3290 3980 enim
3347 3938 3432 3983 est

1849 4005 2101 4076 quisquis
2143 4021 2203 4062 se
2244 4017 2474 4064 strenue
2511 4011 2673 4079 gerit.
2719 4009 2795 4065 De
2836 4013 3050 4070 duobus
3081 4017 3204 4072 aliis
3237 4020 3429 4088 capiti-

1852 4097 1978 4160 bus,
2027 4113 2176 4154 nunc
2225 4099 2358 4155 illud
2403 4103 2649 4156 occurrit
2696 4102 2904 4158 animo.
2958 4104 3062 4171 Qui
3105 4108 3431 4179 subscripsit

1851 4187 2117 4258 impietati
2157 4189 2461 4262 presbyter,
2490 4192 2652 4246 debet
2692 4192 2740 4248 is
2770 4193 2951 4249 scelus
2981 4197 3202 4265 expiare
3233 4201 3429 4267 panis,

1849 4287 1906 4334 et
1936 4295 2184 4351 magnam
2227 4282 2334 4335 vim
2365 4283 2697 4352 profundere
2734 4285 3138 4357 lacrymarum;
3177 4300 3235 4345 ut
3276 4292 3430 4346 venia

161 4385 278 4446 ὃῶς
303 4381 366 4455 [1⁵.
386 4379 639 4452 ἀσεϐοῦς]
667 4397 681 4411 ·
706 4380 982 4452 οὐδαμῶς,
998 4379 1112 4432 ἀλλ’
1129 4380 1407 4451 εἴργεσθαι
1424 4379 1523 4449 τῆς
1543 4379 1743 4450 ἱερουρ-

1853 4371 2048 4425 deinde
2099 4370 2288 4443 ﬂagitii
2351 4374 2670 4429 tribuatur:
2709 4385 2771 4430 ut
2818 4388 3001 4433 autem
3054 4395 3167 4434 rem
3214 4395 3428 4437 sacram

161 4477 322 4544 γίας·
349 4475 453 4538 ἕως
475 4475 540 4528 ἂν
567 4474 980 4542 ὲπίδοιΚύριος,
1005 4474 1097 4525 καὶ
1117 4471 1232 4542 δοίη
1251 4471 1440 4542 καιρὸν
1467 4471 1747 4544 ὀρθοδόξου

164 4566 392 4618 συνόδου
415 4581 430 4595 ο
454 4565 513 4616 ὲν
547 4558 836 4638 ᾖλήψεται
885 4561 1045 4634 [Reg.
1077 4563 1196 4617 cod.
1236 4560 1467 4632 ἕκασταῖ
1522 4563 1748 4625 ἕκαστος

161 4656 234 4708 τά
281 4655 404 4707 κατ’
439 4655 596 4719 ἀξίαν
638 4655 956 4726 θεοκρίτως.
1001 4653 1141 4722 Ἐγὼ
1184 4654 1242 4707 δὲ
1294 4653 1669 4724 συμϐουλέυω,
1701 4656 1749 4707 εί

165 4747 406 4816 μετέσχε
441 4746 539 4811 τῆς
570 4744 805 4808 ἀσεϐοῦς
861 4743 1167 4809 κοινωνίας,
1205 4745 1264 4797 ὲν
1300 4744 1602 4816 μεταλήψει
1654 4745 1748 4798 καὶ

162 4837 278 4891 τῶν
309 4837 674 4906 ἁγιασμάτων
709 4834 1010 4904 ἀπέχεσθαι
1037 4833 1230 4905 μέχρις
1251 4834 1371 4898 ἑνὸς
1400 4834 1433 4906 ἢ
1456 4835 1599 4888 δυοῖν
1622 4836 1749 4906 χρό-

164 4945 301 4981 νοιν.
325 4927 638 4994 Γέγραπται
655 4927 792 4996 γάρ’
817 4927 900 4978 Οὐ
924 4925 1191 4979 δύνασθε
1207 4923 1498 4992 ποτήριον
1524 4925 1748 4994 Kvplov

167 5019 393 5080 πίνειν,
413 5017 510 5070 καὶ
537 5016 823 5085 ποτήριον
847 5015 1169 5086 δαιμονίων
1187 5031 1201 5045 ·
1229 5016 1300 5069 ού
1323 5015 1589 5071 δύνασθε
1616 5035 1750 5086 τρα-

168 5110 356 5177 πέζης
386 5110 610 5175 Κυρίου
624 5107 919 5177 μετέχειν,
953 5107 1051 5160 καί
1082 5106 1371 5175 τραπέζης
1400 5106 1743 5176 δαιμονίων.

169 5204 244 5256 Τὸ
274 5203 320 5255 δ’
346 5201 478 5254 αὐτὸ
508 5201 602 5253 καὶ
629 5200 722 5252 ἐπὶ
763 5199 872 5252 τῶν
917 5198 1276 5270 Ἐκκλησιῶν.
1312 5200 1406 5264 Τίς
1443 5197 1739 5268 συγκατά-

165 5293 340 5352 θεσις
367 5285 493 5350 ναῷ
531 5286 680 5340 Θεοῦ
711 5287 863 5356 μετὰ
895 5286 1202 5350 sidentur;
1234 5286 1309 5339 Ού
1339 5286 1422 5338 δεῖ
1457 5284 1550 5340 οὖν
1584 5286 1748 5338 εἰσιέ-

164 5395 256 5431 ναι
305 5379 387 5439 είς
419 5376 489 5430 τά
525 5375 942 5447 μαρτύριατῶν
975 5375 1297 5446 αίρετικῶν·
1345 5375 1747 5444 προστέτακται

165 5469 297 5535 ἡμῖν
340 5466 447 5519 ὑπὸ
481 5466 577 5535 τῆς
627 5465 790 5533 ἁγίας
835 5466 1052 5518 συνόδου
1080 5481 1093 5494 ·
1130 5465 1232 5518 οὐκ
1295 5459 1412 5518 οἶδα
1460 5464 1510 5514 εί
1549 5464 1624 5534 μὴ
1658 5464 1746 5515 ἐπ’

165 5557 420 5623 ἐξουσίαν
455 5559 656 5620 τελέως
680 5557 881 5625 γίνοιτο
914 5559 941 5610 ὁ
969 5559 1093 5618 ναὸς
1114 5555 1396 5626 ὀρθοδόξου
1425 5554 1519 5606 τοῦ
1548 5555 1746 5623 μηκέτι

167 5646 607 5719 λειτουργεῖσθαι
637 5648 726 5717 ὑφ’
756 5647 1068 5718 αἱρετικοῦ·
1102 5647 1220 5699 τότε
1247 5649 1356 5715 γὰρ
1395 5644 1489 5697 καὶ
1516 5646 1744 5697 εἰσιτέον

243 5785 453 5842 "Psal.
492 5803 646 5854 xvm,
688 5789 771 5843 13.
852 5787 1103 5842 "Matth.
1140 5804 1234 5853 vn,
1269 5787 1351 5841 li.

1469 5790 1511 5818 ²”
1552 5787 1678 5842 Luc.
1721 5804 1791 5855 vl,
1831 5791 1920 5845 45.

1855 4461 2057 4530 faciat;
2123 4466 2340 4520 etiamsi
2399 4467 2675 4521 hominem
2737 4469 2968 4539 impium
3022 4487 3131 4525 non
3190 4487 3432 4529 comme-

1853 4563 2066 4618 moret;
2120 4558 2348 4612 minime
2388 4573 2540 4625 sane,
2579 4561 2675 4614 sed
2706 4577 2735 4614 a
2767 4576 2928 4617 sacro
2975 4579 3200 4618 munere
3243 4565 3430 4634 probi-

1852 4647 2065 4703 bendus
2093 4658 2198 4709 est,
2237 4651 2411 4705 donec
2443 4652 2746 4722 respexerit
2787 4652 3077 4718 Dominus,
3108 4655 3430 4726 dederitque

1855 4749 2069 4807 tempus
2101 4741 2310 4811 synodo
2337 4743 2674 4810 orthodoxa,
2706 4745 2890 4816 inqua
2911 4746 3226 4803 admittetur
3255 4766 3426 4806 unus-

1850 4829 2084 4899 quisque
2103 4845 2201 4900 pro
2239 4833 2450 4898 merito,
2471 4842 2732 4903 tanquam
2756 4849 2822 4890 ex
2840 4835 2933 4892 Dei
2956 4837 3185 4907 judicio.
3221 4841 3428 4895 Auctor

1832 4937 1981 4980 .vero
1998 4937 2141 4987 sum,
2167 4934 2246 4990 ut,
2266 4925 2309 4980 si
2331 4927 2737 4983 communionis
2751 4929 2929 4998 impia!
2948 4930 3221 5000 particeps
3234 4931 3357 5000 fuit,
3371 4934 3426 4989 in

1852 5013 2199 5082 perceptione
2229 5016 2305 5068 rei
2325 5030 2494 5070 sacrae
2511 5016 2856 5074 sanctiﬁcatis
2873 5018 3035 5074 donis
3051 5020 3427 5078 abstineatan-

1851 5117 1921 5154 no
1945 5117 2054 5157 uno
2089 5112 2180 5157 aut
2209 5105 2402 5159 altero.
2424 5105 2697 5177 Scriptum
2714 5118 2798 5163 est
2832 5111 2978 5164 enim
3003 5127 3017 5142 ο
3059 5109 3182 5166 Non
3210 5117 3426 5178 potestis

1851 5191 2066 5246 calicem
2086 5193 2300 5247 Domini
2323 5195 2515 5263 bibere,
2547 5206 2597 5252 et
2626 5198 2847 5254 calicem
2869 5201 3250 5256 da’moniorum
3277 5219 3296 5257 .'
3321 5222 3425 5260 non

1849 5285 2064 5350 potestis
2085 5301 2274 5339 mensa:
2291 5285 2504 5340 Domini
2516 5291 2801 5356 participes
2818 5307 2950 5357 esse,
2964 5303 3012 5347 et
3033 5310 3221 5349 mensa:
3235 5296 3428 5352 deamo-

1852 5375 2057 5427 niormn
2071 5375 2134 5429 ’5.
2162 5377 2306 5430 Idem
2327 5389 2381 5431 et
2401 5378 2468 5433 de
2485 5378 2746 5436 Ecclesiis
2767 5385 3138 5439 statuendum.
3156 5385 3286 5451 Qui:
3301 5404 3426 5442 con-

1850 5483 2032 5519 sensus
2070 5469 2261 5537 templo
2309 5468 2402 5522 Dei
2455 5488 2575 5524 cum
2622 5473 2776 5527 idolis
2801 5475 2888 5528 ’⁸2
2932 5474 3098 5532 Nefas
3141 5478 3314 5547 igitur
3368 5483 3422 5534 in

1853 5555 2232 5610 haereticorum
2283 5561 2544 5630 martyria
2585 5561 2776 5631 pedem
2823 5563 3025 5619 inferre
3060 5583 3073 5618 :
3112 5566 3193 5620 sic
3232 5577 3421 5624 sancta

1852 5649 2010 5703 nobis
2054 5650 2295 5719 synodus
2333 5653 2587 5722 praecl-pit
2624 5674 2637 5708 :
2672 5655 2777 5709 nisi
2811 5654 2952 5710 forte
2989 5651 3420 5715 orthddoxorum

2000 5792 2042 5821 ”
2084 5791 2104 5845 l
2138 5792 2262 5854 Cor.
2297 5811 2350 5861 κ,
2388 5795 2477 5850 20.
2556 5798 2600 5828 ²⁶
2641 5798 2657 5851 Ι
2695 5797 2821 5852 Cor.
2857 5814 2932 5861 γι,
2980 5799 3062 5853 16.
