3934 6486
460 396 596 461 1179

1643 401 1703 458 S.
1738 401 2129 461 TIIEODORI
2169 403 2512 463 S'I‘UDIT/E

3600 408 3732 472 1180

455 508 599 559 mdes
630 519 739 558 non
780 504 1004 559 omnino
1053 504 1105 558 in
1152 503 1387 559 alienam
1437 512 1759 575 potestatem
1802 511 2032 570 venerit.

2172 512 2233 564 ai.
2263 512 2682 585 λειτουργητέον
2713 510 2807 566 τὸν
2834 512 3139 585 aposset».
3163 514 3275 568 Οὐκ
3309 516 3470 579 ὄντος
3506 522 3735 591 προκρί-

460 610 559 649 nec
594 594 875 664 liturgiam
927 595 1217 649 haereticus
1252 595 1323 649 ibi
1370 598 1659 668 peregerit.
1696 597 1851 653 Tunc
1894 601 2038 653 enim

458 701 507 742 et
558 686 767 756 ingredi
817 687 1125 741 orthodoxo
1178 685 1281 751 l‘as,
1330 696 1385 743 et
1435 704 1550 743 rem
1603 705 1814 744 sacram
1864 692 2039 745 obire.

461 778 594 842 Qua:
630 778 851 848 quidem
886 779 1006 832 sine
1051 780 1364 848 pnejudicio
1408 781 1551 835 dicta
1599 781 1710 836 sint
1757 782 2039 836 hactenus.

464 867 556 923 Sic
600 883 702 939 ego
737 870 982 934 humilis,
1016 868 1177 925 Pater
1209 872 1305 936 mi,
1338 874 1518 926 sentio
1547 890 1559 926 :
1595 873 1907 927 divinorum
1939 874 2043 928 Pa-

466 970 608 1014 trum
653 964 901 1031 exempla
931 978 1348 1033 recognoscens.
1391 963 1523 1019 Tua:
1550 980 1680 1019 vero
1718 966 2049 1034 praastantite

468 1051 665 1118 fuerit,
729 1054 956 1109 meliora
1017 1057 1412 1127 contemplari,
1478 1072 1542 1111 ac
1599 1059 1737 1112 meis
1792 1057 2050 1112 exhibere

466 1144 667 1199 oculis.
722 1143 1045 1200 Valetudine
1091 1148 1298 1217 integra
1354 1162 1454 1217 pro
1500 1147 1611 1203 Deo
1676 1148 1948 1203 dimicans
1992 1156 2048 1202 tu

473 1236 602 1288 mihi
637 1244 754 1290 esto
790 1236 1101 1300 incolumis,
1133 1252 1166 1291 ο
1198 1239 1338 1293 inter
1366 1237 1555 1292 Patres
1581 1236 2045 1293 celebratissime:

470 1324 634 1377 simul
664 1335 716 1379 et
743 1340 842 1394 pro
868 1341 954 1379 me
979 1326 1204 1396 indigno
1231 1344 1397 1382 orans
1426 1329 1624 1397 partim
1655 1344 1718 1380 ex
1757 1328 2045 1391 charitate,

471 1417 669 1483 partim
703 1431 831 1471 vero
864 1428 924 1470 ut
958 1418 1058 1488 legi
1091 1419 1163 1471 ita
1197 1421 1533 1489 praecipienti
1568 1417 1937 1489 obtemperes.

471 1527 614 1582 ΧΧΙ.
640 1561 709 1570 --
732 1529 1033 1609 Theodorus
1080 1533 1145 1586 iis
1190 1534 1282 1602 qui
1311 1542 1523 1597 propter
1554 1532 1834 1585 Dominum
1879 1532 1933 1585 in
1974 1532 2059 1586 di-

542 1619 703 1674 versis
734 1622 1033 1677 carceribus
1075 1623 1376 1679 detinentur
1406 1623 1665 1693 fratribus
1704 1623 1911 1678 dilectis
1954 1639 2057 1677 sa-

546 1709 710 1765 lutem
747 1710 848 1782 (Ἴ.

2149 620 2320 673 ματος
2355 604 2424 657 τά
2460 606 2819 675 προλαὸόντα.
2869 604 3029 659 Οὕτω
3060 605 3268 677 φρονῶ,
3310 606 3503 677 Πάτερ
3555 612 3734 677 μου,ὁ

2147 691 2406 753 ταπεινός
2431 705 2445 719 '
2486 692 2819 763 ἀναθεωρῶν
2866 693 2935 747 τὰ
2982 694 3089 746 ὑπὸ
3124 695 3234 748 τῶν
3272 695 3440 748 θείων
3471 696 3734 768 Πατέρων

2150 782 2590 853 παραδείγματα.
2630 785 2743 853 Τῆς
2795 784 2893 855 σῆς
2940 786 2985 836 δ’
3028 786 3095 839 ἂν
3151 784 3236 857 εῐη
3277 786 3633 855 τελειότητος
3674 790 3735 841 τὰ

2152 873 2438 943 κρείττονα
2472 874 2568 927 καὶ
2594 874 2892 945 θεωρῆσαι,
2932 877 3027 929 καὶ
3051 879 3206 945 ἐμοῖς
3235 878 3484 947 ὄμμασιν
3520 878 3735 932 ὑποδεῖ-

2149 967 2258 1032 ξαι.
2300 966 2644 1038 Ἐρρωμένος
2688 968 2784 1021 καὶ
2836 967 3078 1022 ἐναθλῶν
3109 968 3251 1039 ὑπὲρ
3283 967 3420 1022 Θεοῦ
3467 969 3735 1037 διαφυλα-

2148 1058 2333 1128 χθείης
2367 1075 2456 1129 μοι
2480 1057 2561 1111 ἔτι
2588 1074 2602 1089 ο
2638 1060 2667 1112 ὁ
2703 1058 3033 1123 ἐξάκουστος
3067 1061 3126 1113 ἐν
3154 1058 3435 1130 Πατράσιν
3462 1076 3477 1090 ·
3502 1060 3646 1129 ὁμοῦ
3684 1078 3737 1114 τε

2152 1150 2245 1203 καὶ
2274 1149 2715 1219 ὑπερευχόμενός
2762 1167 2864 1219 μου
2904 1149 3006 1218 τῆς
3033 1148 3411 1218 ἀναξιότητος,
3444 1148 3512 1202 τό
3552 1151 3657 1220 μὲν
3686 1151 3742 1214 ἐξ

2148 1241 2391 1313 ἀγάπης,
2422 1240 2483 1294 τὸ
2510 1240 2566 1295 δὲ
2586 1241 2679 1295 καὶ
2700 1241 2789 1294 διά
2824 1240 2923 1311 τὴν
2951 1240 3281 1295 κελεύουσαν
3303 1240 3557 1311 ἐντολήν.

2158 1529 2292 1584 KA'.
2323 1558 2394 1569 —-
2430 1525 2729 1595 Θεόδωρος
2768 1523 2890 1590 τοῖς
2934 1523 3033 1579 διὰ
3077 1524 3295 1592 Κύριον
3326 1522 3397 1578 ἐν
3430 1524 3743 1593 διαφόροις

2229 1619 2531 1692 φυλακαῖς
2598 1615 2989 1688 τηρουμένοις
3050 1614 3338 1685 ἀδελφοῖς
3403 1615 3743 1687 ἀγαπητοῖς

2231 1716 2483 1784 χαΙρειν.
2514 1710 2664 1785 [σλη]

1486 1824 1561 1877 De
1585 1825 1768 1876 sanctis
1791 1824 2107 1887 imaginibus.
2136 1824 2339 1888 (Baron.
2363 1835 2441 1871 an.
2470 1821 2582 1882 816,
2606 1832 2658 1869 n.
2686 1818 2789 1880 27.)

549 1935 821 2003 Quidnam
856 1934 971 1989 haec
1010 1933 1087 1990 rei
1120 1942 1271 2000 sunt,
1317 1948 1440 2004 quae
1467 1935 1759 1991 videmus?
1792 1935 2050 2006 gaudium

2228 1932 2294 1986 Τί
2324 1932 2393 1986 τὰ
2425 1930 2669 2001 παρόντα
2694 1945 2709 1995 ;
2748 1928 2894 1999 χαρά
2923 1929 3017 1983 καὶ
3047 1926 3391 1996 ἀγαλλιασιςο
3423 1943 3509 1981 οτι
3550 1929 3610 1979 ἐν
3631 1929 3745 1991 τοῖς

478 2038 533 2082 et
553 2027 852 2083 exsultatio
878 2043 893 2091 ;
922 2026 1181 2096 quoniam
1216 2027 1475 2097 martyr-ia
1504 2041 1604 2096 pro
1629 2026 1853 2084 Clu-isto
1876 2026 2061 2082 subire

479 2121 688 2187 dignati
732 2118 980 2176 fuimus:
1017 2118 1140 2188 quia
1189 2120 1505 2174 carceribus
1538 2128 1593 2174 et
1627 2120 1915 2175 tormentis
1950 2129 2061 2174 tra-

481 2212 583 2266 diti
614 2226 807 2265 sumus
839 2221 1061 2280 propter
1085 2211 1176 2265 Dei
1210 2212 1437 2265 verbum
1465 2229 1479 2266 :
1517 2214 1777 2281 quoniam
1810 2212 1981 2281 plagis
2007 2217 2064 2264 et

482 2305 836 2359 contumeliis
885 2312 1107 2373 propter
1135 2302 1414 2358 Christum
1451 2306 1542 2373 qui
1588 2319 1687 2373 pro
1734 2305 1893 2359 nobis
1936 2318 2063 2363 ver-

487 2396 641 2457 bera,
727 2396 1047 2465 opprobria,
1112 2411 1330 2450 crucem
1392 2397 1627 2466 denique
1697 2411 1894 2466 passus
1958 2402 2062 2461 est,

482 2488 683 2543 subditi
753 2504 966 2543 sumus.
1038 2487 1174 2554 Quis
1258 2504 1367 2541 non
1442 2489 1627 2543 laudet
1683 2489 1886 2555 ?Quis
1954 2504 2062 2543 non

484 2581 671 2651 gloria:
721 2582 929 2635 ducat?
974 2579 1170 2636 Oriens
1217 2580 1454 2647 laetatur,
1509 2582 1711 2652 gaudet
1761 2581 2062 2645 Occidens,

487 2674 759 2727 universa:
812 2688 908 2742 per
957 2681 1195 2742 quatuor
1246 2674 1434 2727 mundi
1492 2674 1743 2728 cardines
1790 2673 2069 2727 exsultant

488 2764 765 2818 Ecclesiae.
798 2765 865 2818 Et
894 2764 1024 2834 quid
1057 2774 1332 2819 terrenum
1362 2764 1546 2819 orbem
1589 2764 1827 2833 loquor?
1855 2763 2067 2820 Casium

489 2855 666 2922 ipsum
715 2856 917 2925 gaudio
952 2857 1213 2925 repletum
1266 2866 1350 2910 est
1386 2872 1401 2909 :
1436 2860 1580 2926 quod
1616 2871 1722 2909 non
1770 2856 1945 2909 solum
1976 2871 2067 2910 su-

490 2960 710 3014 premus
750 2946 1055 3000 antistitum
1098 2956 1438 3005 nostrorum.
1485 2947 1726 3015 episcopi
1773 2962 1838 3001 ac
1882 2962 2067 3001 sacer-

490 3036 665 3096 dotes.
695 3036 951 3104 praasides
975 3037 1349 3092 coenobiorum
1374 3046 1430 3092 et
1450 3036 1725 3104 discipuli,
1748 3037 1843 3092 sed
1872 3047 1926 3091 et
1954 3051 2071 3090 mo-

494 3126 683 3180 nachae.
714 3142 838 3182 cum
878 3128 1339 3183 moderatricibus
1387 3129 1505 3185 suis
1553 3127 1802 3197 martyrii
1833 3127 2071 3181 stadium

495 3217 759 3285 ingressa:
788 3228 937 3271 sunt.
970 3217 1128 3272 Mitto
1167 3219 1290 3274 illos
1322 3219 1504 3273 dicere
1539 3220 1632 3287 qui
1664 3219 1715 3271 in
1757 3219 1989 3274 desertis
2021 3226 2076 3274 et

496 3308 797 3371 montibus,
825 3308 879 3361 in
911 3308 1187 3377 speluncis
1207 3318 1261 3363 et
1289 3310 1341 3362 in
1370 3310 1622 3364 cavernis
1655 3321 1831 3374 terrae,
1860 3312 2078 3367 exsules
2103 3283 2147 3343 Ο

498 3398 836 3468 allliguntur,
874 3400 1113 3469 inopiam
1150 3401 1437 3469 patiuntur
1467 3410 1521 3455 et
1553 3394 1705 3455 dura'
1733 3416 1832 3472 pro
1863 3402 2081 3457 Christo

500 3492 883 3560 persecutione
928 3503 1215 3547 vexantur.
1254 3492 1449 3549 Merito
1498 3494 1702 3564 itaque,
1750 3497 1938 3565 fratres
1980 3496 2082 3548 mei

502 3582 685 3636 dilecti
709 3592 759 3637 et
790 3582 1259 3649 desideratissimi,
1300 3586 1553 3655 gaudium
1578 3596 1626 3639 et
1659 3602 1856 3639 corona
1883 3601 1998 3639 mea
2014 3586 2081 3650 ’⁷,

504 3675 719 3743 gaudeo
750 3684 804 3728 et
838 3676 1192 3745 congratulor
1222 3676 1398 3732 vobis.
1430 3677 1668 3747 ldipsum
1696 3686 1876 3731 autem
1904 3686 1959 3731 et
1988 3691 2085 3732 vos

506 3764 738 3834 gaudete
794 3772 850 3819 et
896 3767 1355 3836 congratulamini
1424 3768 1581 3822 mihi.
1657 3767 1808 3823 Beati
1863 3769 2083 3838 quidem

508 3858 665 3911 Pauli
702 3866 832 3912 sunt
865 3856 980 3911 haec
1009 3858 1197 3922 verba,
1235 3858 1326 3913 sed
1360 3857 1491 3913 huic
1519 3860 1749 3927 tempori
1780 3875 2089 3930 congruen-

510 3950 623 4004 tia:
659 3948 855 4004 Omnia
888 3948 1160 4019 siquidem
1194 3950 1263 4001 ad
1302 3959 1539 4002 nostram
1566 3950 1866 4005 doctrinam
1890 3954 2088 4022 scripta

509 4044 721 4110 sunt“,
766 4051 821 4097 et
854 4043 1156 4097 imitatores
1202 4043 1286 4098 sui
1333 4058 1434 4098 nos
1461 4058 1584 4099 esse
1613 4044 1939 4100 obtestatur.
1971 4045 2090 4102 Pri-

512 4152 663 4190 mum
688 4150 821 4205 ergo
846 4136 976 4189 illud
1003 4150 1127 4191 vere
1155 4136 1408 4201 dixerim,
1440 4150 1550 4189 non
1579 4148 1846 4206 quantum
1879 4138 2089 4204 volunt,

511 4229 853 4298 cupiuntque
906 4227 942 4280 ii
994 4228 1089 4296 qui
1140 4241 1243 4282 nos
1298 4235 1518 4290 vexant,
1572 4229 1835 4284 aerumnis
1870 4238 1925 4283 et
1956 4230 2092 4284 alni-

2166 2024 2306 2095 ὑπέρ
2350 2021 2587 2093 Χριστοῦ
2629 2021 2951 2092 μαρτυρίοις
2997 2018 3246 2073 ἐναθλεῖν
3291 2017 3586 2088 ὴξιώμεθα
3612 2032 3628 2047 ⁸
3665 2020 3747 2072 ὅτι

2163 2116 2433 2185 φυλακαῖς
2461 2130 2521 2167 τε
2544 2113 2638 2167 καὶ
2666 2112 2878 2182 θλίψεσι
2906 2110 2996 2166 διὰ
3013 2111 3104 2163 τὸν
3136 2110 3295 2179 λόγον
3322 2109 3415 2162 τοῦ
3444 2108 3583 2162 Θεοῦ
3606 2127 3750 2180 παρ-

2166 2206 2431 2279 εδόθημεν
2456 2224 2472 2240 ο
2519 2207 2601 2260 ὅτι
2638 2206 2877 2275 πληγαῖς
2913 2222 2972 2258 τε
3008 2204 3103 2258 καὶ
3144 2202 3336 2273 ὕϐρεσι
3372 2202 3463 2255 διά
3506 2203 3750 2273 Χριστὸν

2163 2302 2255 2356 τὸν
2273 2302 2413 2371 ὑπὲρ
2437 2300 2594 2371 ἡμῶν
2614 2298 2981 2369 μαστιχθέντα
3001 2297 3095 2349 καὶ
3120 2295 3490 2350 όνειδιοθέντα
3509 2312 3523 2325 ⁸
3556 2296 3751 2349 ἔπειτα

2165 2394 2259 2448 καὶ
2294 2390 2681 2461 σταυρωθέντα
2720 2388 3131 2460 ὑπεϐλήθημεν.
3165 2388 3263 2450 Τίς
3312 2386 3418 2440 οὐκ
3470 2385 3747 2449 αἱνέσειε;

2165 2486 2251 2548 τίς
2276 2484 2338 2537 οὐ
2367 2483 2640 2548 δοξάσειεν
2663 2498 2679 2548 ;
2717 2480 2977 2551 Ἀνατολὴ
3000 2479 3211 2551 ἥδεται,
3239 2477 3405 2543 Δύσις
3452 2476 3751 2546 εὐφραίνεο

2166 2593 2292 2630 ται·
2338 2576 2491 2628 πᾶσα
2563 2573 2861 2645 Ἐκκλησία
2915 2573 3017 2643 τῆς
3055 2573 3475 2644 τετραπεράτου
3515 2569 3752 2630 κτίσεως

2171 2667 2485 2737 ἀγάλλεται.
2522 2668 2634 2720 Καὶ
2672 2667 2725 2719 τί
2760 2666 2906 2735 λέγω
2936 2666 3029 2719 τὸν
3075 2666 3359 2737 περίγειον
3394 2663 3644 2731 κόσμον,
3690 2661 3750 2713 '0

2168 2760 2401 2832 οὐρανὸς
2426 2759 2590 2823 αὐτὸς
2631 2758 2904 2830 θυμηδίας
2937 2756 3336 2828 πεπλήρωται’
3370 2756 3453 2807 ὅτι
3490 2754 3555 2805 οὐ
3586 2754 3751 2824 μόνον

2170 2855 2198 2905 ό
2231 2853 2527 2921 κορυφαῖος
2568 2850 2678 2904 τῶν
2709 2850 2833 2904 καθ’
2859 2850 3007 2921 ἡμᾶς
3046 2848 3339 2920 ίεραρχῶν,
3386 2846 3645 2917 ίεράρχαι
3695 2864 3755 2901 τε

2172 2946 2269 2999 καὶ
2319 2946 2509 3016 ίερεῖς,
2538 2944 2917 3015 καθηγεμόνες
2938 2959 2999 2996 τε
3035 2942 3132 2994 καὶ
3167 2938 3447 3010 φοιτηταὶ,
3479 2939 3620 2994 ἀλλὰ
3664 2939 3758 2992 καὶ

2178 3037 2509 3110 μονάζουσαι
2549 3038 2645 3090 σὺν
2688 3034 3086 3106 προεστώσαις,
3113 3032 3321 3086 εἴλοντο
3360 3032 3428 3085 τὰ
3472 3032 3577 3103 τῆς
3611 3048 3757 3103 μαρ-

2174 3131 2368 3201 τυρίας
2402 3130 2723 3198 σκάμματα.
2778 3125 2884 3179 Ἐὦ
2904 3125 3088 3193 λέγειν
3115 3125 3246 3187 τοὺς
3272 3125 3330 3178 ἐν
3358 3124 3627 3195 ἐρημίαις
3660 3123 3759 3176 καὶ

2178 3223 2352 3292 ὄρεσι.
2388 3223 2484 3275 καὶ
2517 3217 2829 3289 σπηλαίοις,
2869 3219 2964 3273 καὶ
3018 3218 3141 3280 ταῖς
3178 3218 3339 3280 ὀπαῖς
3389 3218 3490 3287 τῆς
3537 3218 3665 3287 γῆς,
3697 3218 3759 3268 ἐκ

2183 3312 2481 3384 φυγαδείας
2534 3310 2905 3381 θλιὸομένους,
2952 3308 3409 3379 ὐστερουμένους,
3456 3323 3759 3377 κακουχου-

2186 3405 2381 3475 μένους
2414 3403 2502 3457 sta
2533 3404 2625 3457 τὸν
2652 3404 2793 3474 ὑπὲρ
2821 3401 3059 3473 Χριστοῦ
3082 3402 3346 3471 διωγμόν.
3368 3402 3614 3464 Εἰκότως
3642 3398 3762 3461 οὖν,

2182 3495 2435 3565 ἀδελφοί
2474 3511 2593 3565 μου
2624 3493 2995 3565 ἠγαπημένοι
3039 3492 3139 3547 καί
3186 3492 3560 3557 ἐπιπόθητοι,
3610 3490 3766 3559 χαρὰ

2186 3587 2287 3642 καὶ
2319 3587 2625 3657 στέφανός
2648 3604 2788 3657 μου,
2818 3586 2995 3657 χαίρω
3031 3584 3129 3639 καὶ
3179 3582 3465 3653 συγχαίρω
3495 3581 3631 3651 ὑμῖν
3655 3597 3669 3611 ·
3706 3582 3764 3634 τὸ

2184 3678 2229 3732 δ’
2256 3678 2495 3732 αὐτὸκαὶ
2512 3678 2671 3748 ὑμεῖς
2688 3678 2908 3748 χαίρετε
2936 3676 3030 3730 xui.
3048 3674 3375 3745 συγχαίρετέ
3402 3690 3516 3743 μοι.
3546 3672 3764 3727 Παύλου

2190 3769 2291 3841 μὲν
2311 3769 2406 3822 τοῦ
2434 3769 2708 3841 μακαρίου
2738 3770 2793 3824 αἱ
2812 3767 2988 3837 φωναί
3007 3782 3021 3797 ο
3044 3765 3123 3836 τῷ
3140 3764 3317 3835 καιρῷ
3336 3764 3395 3817 δὲ
3414 3764 3762 3836 πρέπουσαι·

2200 3860 2444 3929 Ἐπειδὴ
2474 3864 2562 3927 εὶς
2609 3860 2908 3929 ἡμετέραν
2949 3857 3280 3913 νουθεσίαν
3319 3855 3522 3914 πάντα
3556 3856 3766 3926 τέτρα-

2189 3968 2330 4006 πται
2355 3966 2371 3983 ⁶
2401 3951 2499 4005 καὶ
2521 3952 2766 4021 μιμητὰς
2793 3948 2959 4005 αὐτοῦ
2998 3948 3290 4019 ἐκλιπαρεῖ
3318 3947 3570 4016 γίνεσθαι
3600 3948 3767 4019 ἡμᾶς.

2190 4046 2417 4117 Πρῶτον
2465 4044 2565 4117 μὲν
2623 4045 2801 4097 ἐκεῖνο
2850 4042 3050 4115 ἀληθὲς
3085 4044 3296 4095 εἰπεῖν·
3351 4041 3436 4095 ὅτι
3498 4042 3601 4111 οὐχ
3647 4042 3770 4093 ὅσον

2190 4139 2582 4212 προαιροῦνται
2611 4140 2706 4195 καὶ
2738 4137 3022 4209 βούλονται
3048 4138 3098 4191 οί
3126 4134 3424 4200 κακοῦντες
3443 4137 3629 4206 ἡμᾶς,
3653 4137 3771 4196 ταῖς

2193 4233 2406 4303 θλίψεσι
2436 4233 2530 4286 καὶ
2564 4232 2918 4302 περιστάσεσι
2966 4228 3392 4301 παραδιδόμεθα.
3454 4227 3620 4281 Οὕτω
3660 4226 3771 4293 γὰρ

511 4319 792 4375 ctionibus
851 4334 952 4373 nos
983 4318 1180 4389 premi.
1231 4316 1325 4373 Sic
1369 4319 1515 4373 enim
1554 4319 1915 4377 intolerabilis
1956 4322 2065 4378 fore

2195 4325 2262 4379 ἂν
2290 4323 2614 4385 ἀνύποιστος
2662 4318 2731 4392 ἧν
2778 4322 2813 4391 ὴ
2842 4322 3013 4390 πεῖρα
3038 4336 3051 4350 ·
3081 4317 3225 4372 καθά
3258 4318 3356 4371 καὶ
3411 4317 3443 4385 ὴ
3469 4313 3627 4384 παρά
3665 4312 3775 4364 τῶν

516 4413 747 4469 tentatio
781 4429 796 4468 :
833 4412 1013 4482 qualis
1042 4426 1163 4481 qua:
1207 4427 1238 4465 a
1287 4412 1632 4467 daemonibus
1680 4414 1893 4470 occulte
1938 4416 2063 4471 nobi

2194 4418 2467 4488 δαιμόνων
2492 4415 2739 4485 ἀοράτως
2764 4413 2898 4483 ἡμῖν
2937 4408 3357 4481 προσϐάλλουσα
3376 4424 3391 4439 ·
3462 4404 3608 4460 ἀλλά
3641 4402 3777 4456 καθ⁴

517 4504 752 4559 infertur
783 4518 797 4556 :
830 4502 924 4557 sed
950 4510 1217 4571 quantum
1256 4502 1524 4571 permittit
1549 4505 1864 4560 certaminis
1896 4521 2065 4574 praise

2197 4510 2321 4564 όσον
2350 4508 2673 4579 παραχωρεῖ
2718 4508 2746 4558 ό
2793 4501 3149 4572 ἀγωνοθετῶν
3182 4501 3279 4554 καὶ
3318 4496 3601 4553 συναθλῶν
3642 4497 3778 4567 ἡμῖν

515 4604 572 4648 et
602 4593 873 4663 particeps
920 4590 1208 4646 nobiscum
1248 4590 1527 4658 Christus,
1573 4593 1663 4659 qui
1695 4608 1796 4659 pro
1829 4595 2059 4666 cujusqu

2172 4633 2174 4651 .
2203 4598 2457 4671 Χριστὸς,
2488 4596 2673 4667 μέτρῳ
2699 4596 2795 4648 καλ⁵
2817 4591 3048 4664 σταθμῷ
3072 4592 3176 4662 τῆς
3199 4592 3435 4645 ἑκάστου
3465 4587 3779 4657 δυνάμεως,

518 4684 721 4738 virium
755 4684 977 4741 modulo
1024 4699 1090 4739 ac
1139 4698 1421 4752 mensura,
1465 4684 1616 4754 justo
1652 4684 1859 4754 judicio
1890 4703 2064 4758 agone

2200 4694 2260 4747 ἐν
2289 4690 2473 4761 κρίσει
2506 4688 2692 4758 δικαίᾳ
2717 4686 2847 4749 τοὺς
2876 4684 3096 4754 ἀγῶνας
3138 4684 3395 4752 ἐπαφεὶς,
3436 4680 3471 4751 ἢ
3504 4680 3586 4743 είς
3632 4678 3781 4732 ἐκτι-

520 4774 785 4834 itnmittit,
839 4774 925 4828 vel
974 4773 1042 4827 ad
1088 4772 1413 4827 delictorum
1464 4773 1784 4840 vindictam,
1839 4774 1885 4829 si
1934 4776 2065 4830 mod

2204 4800 2291 4839 σιν
2317 4781 2606 4854 ἁμαρτιῶν
2634 4797 2646 4810 ·
2677 4781 2727 4833 εί
2767 4779 2863 4832 καὶ
2908 4775 3255 4846 αὐθαιρέτως
3307 4775 3518 4844 ἥκομεν
3563 4771 3705 4842 πρὸς
3726 4769 3785 4822 τὸ

521 4874 716 4935 sponte
757 4860 823 4919 a‘d
862 4864 1179 4935 patiendum
1210 4865 1545 4932 accedimus,
1578 4866 1663 4921 vel
1690 4867 1756 4921 ad
1793 4868 2065 4923 victriciur

2204 4872 2529 4950 πάσχεινοῆ
2565 4873 2658 4925 ἐπὶ
2704 4868 2986 4938 στεφάνων
3030 4863 3411 4936 ἀθλοφορικῶν
3452 4861 3696 4932 ἀμοιϐὴν
3724 4862 3787 4913 ἐκ

521 4974 849 5017 coronarum
880 4959 1319 5024 retributionem,
1352 4974 1383 5014 e
1410 4959 1585 5029 gloria
1624 4961 1678 5015 in
1710 4961 1938 5031 gloriam
1972 4977 2065 5032 pro

2206 4969 2362 5033 δόξης
2396 4968 2477 5029 είς
2512 4964 2671 5030 δόξαν
2700 4958 3150 5034 προερχομένοις.
3194 4956 3286 5026 Μὴ
3317 4955 3428 5024 γὰρ
3455 4953 3533 5016 ὼς
3580 4952 3787 5023 Πέτρος

525 5058 919 5127 gredientibus.
963 5056 1079 5111 Non
1112 5056 1257 5111 enim
1292 5057 1344 5111 in
1384 5057 1577 5114 iisdem
1611 5074 1733 5124 nos,
1765 5060 1965 5129 quibus
2000 5059 2065 5115 Pe

2209 5062 2242 5131 ἢ
2276 5059 2486 5122 Παῦλος
2518 5058 2616 5111 σὺν
2644 5057 2757 5119 τοῖς
2783 5050 3132 5123 ὁμωαγέσιν,
3155 5047 3190 5119 ἢ
3219 5046 3498 5117 Γεώργιος
3528 5044 3626 5097 καὶ
3655 5041 3789 5096 Θεό-

528 5160 645 5202 trus
684 5155 741 5202 et
791 5146 996 5203 Paulus
1045 5162 1169 5202 cum
1218 5148 1549 5218 mqualibus,
1602 5158 1698 5203 aut
1741 5149 2008 5219 Georgius
2055 5167 2065 5203 ι

2204 5152 2375 5223 δωρος
2398 5150 2495 5203 σὺν
2523 5149 2637 5211 τοῖς
2663 5143 3006 5217 όμοκλεέσιν,
3062 5140 3097 5212 ἢ
3149 5138 3337 5223 Θέκλαῗ
3364 5135 3462 5189 καὶ⁵
3504 5133 3791 5204 Φεδρωνία

525 5239 853 5295 Theodorus
884 5256 1008 5296 cum
1043 5240 1287 5312 ejusdem
1317 5240 1502 5311 gloriae
1549 5242 1733 5307 sociis,
1784 5250 1878 5297 aut
1908 5241 2065 5298 Thecl

2210 5244 2307 5298 σῦν
2329 5244 2448 5306 ταῖς
2466 5239 2765 5311 όμοδόξοις,
2786 5229 3234 5307 βεϐασανίσμεθα
3256 5245 3270 5259 ⁸
3294 5222 3378 5292 οἷς
3404 5227 3543 5280 πολὺ
3569 5227 3793 5295 ἀγαπή-

530 5341 587 5386 et
615 5331 886 5387 Febronia
915 5348 1039 5387 cum
1066 5332 1313 5402 paribus,
1345 5332 1522 5387 aﬂ'ecti
1569 5333 1853 5389 tormentis
1880 5334 2065 5389 l'uimu:

2212 5352 2369 5389 σασιν
2396 5333 2681 5401 ἀναλόγως
2710 5329 3072 5399 περιέσσευσε
3106 5326 3202 5377 καὶ
3229 5322 3296 5377 τὰ
3322 5318 3567 5392 Χριστοῦ
3605 5318 3791 5388 παθή-

530 5425 586 5478 in
640 5423 865 5494 quibus,
917 5439 1041 5478 cum
1094 5424 1328 5478 multum
1381 5423 1700 5494 diligerent,
1757 5427 2065 5496 proportior

2215 5442 2360 5497 ματα
2387 5422 2758 5493 δεδωρημένα.
2788 5413 2885 5483 Οἷς
2905 5418 2962 5472 δὲ
2987 5417 3047 5471 τὸ
3070 5415 3172 5485 τῆς
3204 5412 3556 5481 ἀγαπήσεως.
3586 5409 3790 5478 ὀλίγον,

529 5512 877 5566 abundarunt
910 5521 964 5567 et
989 5512 1190 5567 Christi
1227 5528 1502 5568 concessa:
1542 5514 1843 5582 passiones.
1881 5517 1950 5571 At
1987 5532 2058 5585 qu

2214 5517 2557 5587 ἐνδεέστερον
2605 5513 2703 5568 καὶ
2733 5511 2796 5565 τὸ
2850 5510 3083 5579 πάσχειν
3110 5523 3127 5540 ο
3173 5504 3315 5560 ὥστε
3366 5500 3664 5554 λυπεῖσθαι
3700 5499 3794 5552 καὶ

532 5605 637 5661 bus
667 5604 867 5674 exigua
896 5612 981 5659 est
1006 5604 1243 5660 charitas
1263 5646 1278 5672 ,
1307 5605 1375 5661 iis
1401 5606 1617 5661 minora
1647 5607 1809 5663 etiam
1834 5608 1946 5680 pati
1984 5625 2065 5665 cm

2214 5611 2525 5682 δυσφορεῖν,
2566 5608 2648 5663 ὅτι
2686 5605 2762 5678 μὴ
2791 5602 2963 5658 πολλά
2994 5597 3339 5666 πανθάνομεν
3362 5610 3375 5626 ·
3412 5593 3516 5647 οὐκ
3546 5588 3794 5647 ἀλλοιοῦ-

604 5737 649 5769 ¹⁷
694 5737 891 5807 Philip.
943 5754 1017 5803 tv,
1050 5741 1099 5795 1.

602 5850 679 5923 (³⁸)
708 5849 1036 5925 Dogmatica.

1180 5741 1224 5772 ’⁸
1265 5740 1421 5797 Rom.
1458 5759 1548 5805 xv,
1590 5742 1642 5796 4.
