3934 6442
174 410 312 479 1181

1372 419 1914 482 EPISTOLARUM
1949 424 2096 484 LIB-
2135 423 2221 484 II.

3290 428 3432 495 1182

165 530 293 584 σθαι
331 529 440 582 δεῖν
467 527 561 582 καὶ
605 527 948 599 ἀποκάμνειν
975 530 1034 584 ἐν
1058 526 1142 594 οἷς
1187 531 1428 601 μετρίως
1459 534 1625 603 ἐσμὲν
1654 550 1738 586 τι·

1859 537 2092 604 :editur;
2147 544 2208 592 ut
2235 535 2422 592 dolere
2477 542 2642 605 atque
2689 551 2832 608 aegre
2877 535 3022 592 ferre
3064 538 3210 608 quod
3257 543 3427 595 multa

166 617 357 690 μωρού
365 635 539 689 μενοι.

234 796 300 847 El
343 795 400 847 δὲ
443 795 813 864 ἐκπέσοιμενο
861 794 1000 864 ὅπερ
1029 795 1196 865 ἀπείη
1252 795 1346 848 καὶ
1391 797 1632 849 ἐννοεῖν
1683 799 1745 852 οὐ

161 885 320 954 παρά
350 887 449 955 τὴν
480 884 760 958 θεόκριτον
787 887 1008 957 ἐπαφήν
1033 903 1047 917 ο
1086 888 1237 956 παρά
1273 888 1330 940 δὲ
1362 889 1466 959 τὴν
1513 888 1610 941 τοῦ
1642 906 1744 942 κα-

162 975 670 1045 ταμαλακισθέντος
699 977 941 1041 ἀτονίαν,
963 979 1058 1030 καὶ
1090 978 1383 1049 ἀκαρδίαν,
1411 981 1506 1033 καὶ
1530 980 1742 1036 ἀθεῒαν.

173 1067 235 1119 '0
270 1069 372 1137 μὲν
391 1069 500 1137 γὰρ
521 1068 720 1122 δέδωκε
744 1069 806 1120 τὸ
832 1068 1039 1138 ίσχύειν
1065 1070 1206 1122 κατά
1225 1070 1318 1124 τοῦ
1347 1072 1587 1142 πονηροῦ
1612 1074 1748 1143 κρά-

161 1176 292 1223 τους
309 1175 323 1190 ·
348 1161 646 1230 νικηφόρον
678 1160 1006 1230 βουλόμενος
1031 1162 1125 1214 τὸν
1153 1163 1465 1234 ἀγωνιστὴν
1488 1163 1708 1216 ἔσεσθαι
1727 1180 1741 1194 °

162 1254 190 1304 6
223 1251 282 1303 δὲ
314 1251 575 1322 ὀλιγωρίᾳ
609 1251 771 1323 ῥίψας
797 1251 866 1304 τά
895 1253 994 1322 τῆς
1028 1253 1312 1324 ὑπομονῆς
1357 1254 1498 1307 ὅπλα
1539 1254 1709 1308 ὤλετο
1730 1294 1744 1308 .

163 1342 394 1412 Μάρτυς
422 1341 515 1393 τοῦ
570 1342 729 1410 λόγου
780 1342 810 1394 6
859 1343 1080 1413 κράζων
1103 1359 1116 1373 ο
1147 1343 1371 1409 Πιστὸς
1417 1347 1450 1397 d
1482 1343 1647 1409 Θεὸς,
1680 1343 1746 1408 ὃς

163 1433 279 1486 οὐκ
309 1430 475 1485 ἐάσει
501 1431 658 1500 ὑμᾶς
697 1431 1100 1500 πειρασθῆναι
1152 1432 1305 1500 ὑπὲρ
1357 1432 1389 1485 ὃ
1440 1431 1706 1485 δύνασθε
1729 1447 1743 1461 ·

163 1523 330 1576 ἀλλὰ
355 1521 598 1590 ποιήσει
637 1522 759 1576 σὺν
792 1521 870 1587 τῷ
889 1523 1198 1591 πειρασμῷ
1222 1524 1319 1576 καὶ
1350 1523 1466 1590 τὴν
1493 1522 1747 1576 ἔκϐασιν

162 1614 275 1668 τοῦ
328 1613 625 1669 δύνασθαι
663 1614 819 1683 ὑμᾶς
850 1615 1228 1684 ὑπενεγκεῖν.
1255 1609 1382 1668 Ὧδε
1410 1616 1444 1686 ἡ
1475 1614 1744 1686 ὑπομονὴ,

160 1705 387 1775 ἀδελφοί
413 1723 424 1733 ·
463 1700 564 1758 ὧδε
587 1709 636 1759 οἱ
663 1706 950 1760 θεόπλοκοι
995 1706 1251 1776 στέφανοι
1283 1707 1382 1776 τῆς
1432 1706 1744 1768 εὐπιστίας.

161 1797 258 1866 Μὴ
285 1793 380 1852 οῦν
424 1797 882 1868 ὲπαισχυνθῶμεν
925 1799 985 1851 τὸ
1039 1797 1342 1868 μαρτύριον
1400 1796 1495 1850 τοῦ
1538 1797 1746 1868 Κυρίου

1852 643 1959 680 non
1997 628 2256 696 patimur,
2289 642 2399 680 non
2428 627 2637 681 turbari
2670 641 2772 684 nos
2804 628 3014 696 deceat,
3047 645 3224 699 neque
3251 629 3427 702 frangi

1849 716 1920 770 ob
1947 715 2240 770 mediocria
2277 715 2390 771 haec
2417 715 2681 785 supplicia
2715 731 2838 785 quae
2867 716 3226 771 sustinemus.

1920 809 2074 875 Quod
2106 809 2152 863 si
2199 809 2584 873 ceciderimus,
2633 809 2778 877 quod
2829 808 2972 862 absit
3013 808 3095 863 vel
3141 807 3424 878 cogitare!

1850 916 1959 954 non
1989 901 2054 955 ad
2082 901 2329 954 divinum
2363 900 2680 969 impulsum,
2713 899 2806 954 sed
2839 900 2906 952 ad
2939 899 3063 967 ejus
3113 900 3208 967 qui
3252 898 3432 954 factus

1849 1002 1932 1047 est
1974 993 2382 1055 remissionem,
2423 1000 2477 1046 et
2519 992 2817 1060 ignaviam,
2859 990 3306 1060 impietatemque
3341 1005 3430 1044 re-

1851 1081 2162 1137 ferendum.
2198 1082 2343 1137 Deus
2364 1083 2509 1137 enim
2537 1082 2684 1137 vires
2710 1083 2857 1136 dedit
2878 1081 3143 1136 adversus
3165 1081 3430 1136 damonis

1849 1173 2186 1241 potentiam,
2244 1172 2511 1225 victorem
2566 1170 2757 1226 volens
2806 1171 3073 1224 athletam
3122 1169 3236 1223 fieri
3275 1187 3293 1224 :
3342 1170 3430 1224 hic

1850 1279 1982 1318 vero
2032 1263 2361 1333 negligentia
2412 1277 2547 1328 sua,
2593 1263 2874 1332 patientiae
2926 1277 3083 1317 arma
3130 1262 3430 1332 projiciens

1852 1352 2035 1421 periit.
2072 1351 2249 1408 Testis
2275 1353 2469 1406 horum
2503 1353 2596 1423 qui
2630 1353 2832 1408 clamat
2862 1372 2876 1408 :
2917 1353 3122 1407 Fidelis
3149 1352 3314 1416 Deus,
3335 1352 3429 1422 qui

1849 1461 1952 1497 non
1982 1444 2213 1512 patietur
2241 1459 2327 1498 vos
2360 1445 2564 1497 tentari
2591 1459 2756 1512 supra
2791 1445 2848 1498 id
2877 1445 3019 1514 quod
3053 1445 3309 1514 potestis;
3338 1444 3429 1497 sed

1850 1535 2011 1603 faciet
2043 1551 2162 1588 cum
2212 1536 2500 1589 tentatione
2539 1548 2870 1605 proventum,
2908 1548 2966 1590 ut
3000 1538 3218 1606 possitis
3267 1538 3430 1590 susti-

1851 1627 2052 1679 nere”.
2097 1624 2218 1690 llic,
2255 1625 2475 1692 fratres,
2525 1627 2783 1695 patientia
2813 1645 2829 1694 ;
2865 1628 2952 1682 hic
2978 1643 3100 1697 quae
3128 1643 3157 1682 a
3192 1627 3299 1681 Deo
3331 1642 3429 1681 ne-

1849 1726 2075 1771 ctuntur
2106 1716 2228 1772 ﬁdei
2262 1731 2500 1772 coronae.
2531 1715 2610 1772 Ne
2637 1717 2807 1790 igitur
2843 1718 3239 1774 erubescamus
3276 1719 3429 1773 testi-

1849 1808 2094 1862 monium
2130 1808 2344 1862 Domini
2395 1809 2592 1875 nostri,
2656 1823 2757 1863 nec
2787 1809 2929 1864 vinci
2962 1825 3062 1864 nos
3093 1810 3362 1879 patiamur
3399 1824 3430 1863 a

161 1888 326 1958 ἡμῶν
353 1904 366 1915 ·
407 1888 543 1957 μηδέ
572 1888 991 1957 ἀπολειφθῶμεν
1020 1888 1279 1942 Θαδδαίου
1318 1886 1410 1941 τοῦ
1463 1887 1745 1941 νεολέκτου

1859 1899 2125 1954 Thaddzeo
2156 1899 2361 1954 recenti
2399 1908 2662 1972 martyre,
2710 1900 2888 1970 iisque
2917 1901 3010 1971 qui
3053 1917 3160 1956 una
3192 1901 3431 1957 confessi

164 1980 469 2048 μάρτυρος,
497 1981 592 2033 καὶ
615 1978 724 2032 τῶν
755 1980 1331 2047 συνομολογησάντων,
1369 1980 1462 2034 καὶ
1489 1980 1747 2050 συνεκδηο

164 2071 466 2139 μησάντων
511 2071 688 2122 ὀπίσω
731 2070 925 2123 αὐτοῦ’
963 2063 1038 2124 ῶν
1083 2072 1198 2124 lata
1251 2072 1315 2142 δὴ
1361 2073 1430 2126 τά
1477 2073 1743 2144 ὀνόματα.

161 2161 376 2229 Δῖματι
408 2161 701 2231 μαρτύρων
731 2160 968 2231 ἡρδεύθη
1001 2163 1097 2214 καὶ
1125 2162 1220 2216 νῦν
1249 2165 1283 2234 ἡ
1328 2165 1624 2235 Ἐκκλησία
1650 2166 1746 2219 τοῦ

162 2253 303 2307 Θεοῦ
323 2272 337 2286 ·
374 2255 499 2308 ἐπεὶ
531 2255 622 2308 καὶ
652 2254 938 2324 ἀρδεύεται
959 2255 1047 2308 διὰ
1070 2256 1178 2310 τῶν
1214 2257 1296 2310 ἔτι
1320 2257 1630 2312 ἀθλούντων
1655 2261 1748 2312 καὶ

162 2345 524 2416 πολυτρόπως
558 2346 967 2415 ἐκπιεζομένων
994 2350 1112 2411 ταῖς
1154 2348 1421 2418 θλίψεσιν.
1471 2345 1621 2418 Αἷμα
1654 2367 1741 2402 κει-

161 2440 249 2490 νοῖ
277 2441 305 2490 6
330 2437 747 2507 καθειργμένος,
783 2439 812 2490 6
853 2442 1264 2510 μεμονωμένος,
1299 2443 1328 2494 6
1377 2444 1747 2512 στενοχωρού-

165 2545 355 2598 μενος,
381 2530 410 2581 6
433 2528 866 2599 ἀφηρπασμένος
895 2533 958 2583 ἐκ
983 2531 1184 2595 παντὸς
1206 2532 1515 2601 προσώπου,
1538 2537 1566 2586 6
1590 2535 1746 2587 ὑστε-

163 2620 436 2691 ρούμενος
465 2619 575 2674 τῶν
604 2622 746 2674 κατά
779 2623 991 2692 χρείαν,
1024 2626 1053 2677 6
1085 2625 1308 2688 πεινῶν,
1329 2628 1357 2677 6
1387 2626 1579 2693 διψῶν,
1606 2630 1634 2679 ὁ
1670 2627 1746 2698 μὴ

160 2712 266 2782 τὴν
298 2712 393 2765 τοῦ
424 2711 574 2782 ἡλίου
609 2713 803 2767 ἀκτῖνα
844 2715 1130 2784 δεχόμενος
1151 2756 1166 2779 ,
1227 2715 1552 2786 καθημέραν
1607 2719 1745 2770 ἀπο-

163 2800 443 2870 θνήσκων,
474 2799 547 2862 ὡς
562 2800 660 2870 βοᾷ
677 2802 908 2869 Παῦλος,
939 2806 1031 2856 καὶ
1057 2803 1187 2873 ὃλην
1210 2805 1309 2873 τὴν
1334 2805 1548 2874 ἡμέραν
1570 2805 1738 2858 θανα-

162 2893 452 2961 τούμενος,
479 2891 554 2954 ὡς
585 2893 701 2964 ᾄδει
727 2895 916 2948 Δαϐίδ.
954 2895 1097 2947 Ἀλλ’
1116 2898 1168 2948 εί
1199 2896 1612 2964 ἀποθάνωμεν,
1646 2897 1744 2949 καί

163 2979 518 3050 συζήσομεν
551 2985 782 3051 Χριστῷ
811 3001 823 3016 ⁸
879 2987 930 3038 εί
963 2986 1401 3053 ὑπομείνωμεν,
1452 2987 1549 3039 καὶ
1588 3004 1746 3054 συμ-

164 3072 810 3143 ϐασιλέυσομεναῠτῷ.
845 3077 932 3127 Ἐν
952 3078 1063 3138 τοῖς
1088 3076 1201 3129 ἀνω
1229 3077 1444 3146 χρόνοις
1466 3076 1746 3142 ἐξελέξατο

1849 2001 1975 2062 post
2013 2007 2139 2046 eum
2190 1992 2482 2047 abierunt:
2511 2007 2747 2057 quorum
2792 1993 2894 2061 ipsi
2945 1992 3167 2046 nomina
3210 1993 3428 2047 tenetis.

1852 2082 2149 2154 Martyrum
2177 2083 2445 2153 sanguine
2480 2082 2702 2154 irrigata
2739 2083 3037 2138 etiamnum
3070 2091 3154 2138 est
3191 2082 3432 2137 Ecclesia

1853 2171 1947 2227 Dei
1982 2192 1996 2227 :
2035 2181 2197 2242 atque
2222 2172 2360 2229 adeo
2393 2173 2652 2244 irrigatur
2677 2188 2773 2243 per
2800 2188 2896 2227 eos
2920 2174 3013 2243 qui
3042 2173 3221 2228 adhuc
3247 2173 3433 2227 decer-

1850 2271 1987 2327 tant,
2045 2273 2100 2318 et
2154 2263 2321 2317 variis
2377 2263 2639 2318 aerumnis
2692 2261 3042 2317 aﬂlictantur.
3098 2263 3430 2331 Sanguinem

1851 2354 2033 2408 fundit
2070 2354 2163 2424 qui
2197 2354 2447 2410 inclusus
2488 2363 2726 2419 tenetur,
2756 2354 2852 2424 qui
2893 2352 2962 2407 ab
2999 2353 3121 2407 aliis
3149 2353 3433 2421 sejunctus

1847 2455 1952 2509 est,
1976 2447 2070 2515 qui
2099 2446 2152 2499 in
2180 2447 2450 2516 angustiis
2478 2446 2712 2515 positus,
2741 2446 2836 2516 qui
2867 2446 2936 2500 ab
2962 2446 3110 2500 omni
3136 2456 3432 2515 conspectu

1849 2547 2130 2600 remotus,
2182 2539 2275 2607 qui
2351 2539 2519 2592 rebus
2553 2538 2878 2593 necessariis
2927 2537 3263 2604 destitutus,
3335 2539 3432 2605 qui

1847 2633 2044 2696 esurit,
2076 2629 2167 2701 qui
2215 2630 2352 2696 sitit,
2384 2631 2477 2699 qui
2513 2630 2648 2685 solis
2678 2629 2892 2683 radium
2943 2643 3052 2682 non
3088 2629 3258 2692 videt,
3296 2643 3433 2698 quo-

1850 2724 1979 2778 tidie
2023 2723 2301 2788 moriens,
2352 2731 2411 2776 ut
2461 2723 2704 2792 loquitur
2750 2721 2954 2776 Paulus
2972 2721 3040 2786 ³⁸,
3087 2731 3142 2775 et
3185 2729 3294 2775 tota
3347 2720 3435 2775 die

1850 2815 2233 2879 mortiﬁcatus,
2276 2824 2335 2868 ut
2378 2814 2526 2868 canit
2581 2813 2747 2867 David
2779 2814 2844 2866 ²¹.
2898 2812 3004 2867 Sed
3031 2815 3078 2866 si
3117 2813 3435 2865 commortui

1847 2907 2068 2970 erimus,
2124 2915 2174 2958 et
2223 2905 2554 2958 convivemus
2610 2904 2868 2959 Christo:
2903 2903 2950 2958 si
3001 2904 3432 2967 sustinuerimus,

1849 3006 1898 3048 et
1963 2995 2490 3065 conregnabimus".
2551 2994 2938 3064 Superioribus
2988 2993 3207 3049 saeculis
3275 2993 3436 3063 elegit

1851 3088 2028 3156 gratia
2079 3103 2221 3157 quos
2271 3089 2435 3157 elegit
2491 3087 2558 3141 ad
2608 3087 2812 3142 Christi
2877 3087 3277 3142 testimonium.
3331 3083 3436 3139 Per

165 3169 200 3234 ἡ
231 3166 395 3234 χάρις
439 3165 533 3230 οὓς
584 3165 867 3233 ἐξελέξατο
909 3169 990 3230 είς
1021 3168 1081 3220 τὸ
1124 3167 1366 3235 Χριστοῦ
1423 3167 1746 3237 μαρτύριον.

1859 3187 2047 3232 aetates
2078 3179 2325 3248 singulas
2354 3178 2682 3232 exoriuntur
2712 3186 3000 3249 martyres.
3035 3176 3265 3231 Necesse
3297 3178 3437 3231 enim

166 3258 330 3311 Κατά
347 3259 542 3326 γενεὰν
561 3262 654 3313 καὶ
665 3258 857 3326 γενεάν
870 3257 1149 3327 ἀνίσχουσι
1168 3257 1467 3326 μάρτυρες.
1486 3259 1748 3328 Ἀνάγκη

167 3352 283 3422 τὸρ
313 3348 516 3402 ἐλθεῖν
541 3348 613 3403 τὰ
643 3347 964 3402 σκάνδαλα
983 3364 996 3378 ·
1033 3347 1270 3418 Χριστὸς
1299 3347 1502 3417 ἔφησεν
1523 3365 1536 3378 ο
1587 3351 1674 3401 ἵνα
1700 3353 1750 3403 oi

168 3440 420 3494 ἐκλεκτοὶ
450 3441 736 3511 λάμψωσιν
763 3439 1041 3510 ἡλιοειδῶς
1059 3459 1073 3472 ·
1101 3440 1194 3494 καὶ
1218 3439 1286 3492 τά
1305 3439 1517 3504 ζιζάνια
1541 3442 1750 3513 φανερά

167 3531 403 3600 γένηται
433 3532 777 3594 ωκτοειδῶς.

242 3623 573 3692 Γενοίμεθα,
597 3617 642 3678 ὦ
675 3623 917 3694 ἀδελφοὶ,
953 3628 1012 3681 ἐν
1043 3631 1108 3699 τῇ
1135 3631 1298 3700 γενεᾷ
1327 3627 1500 3700 ταύτῃ
1523 3630 1589 3698 τῇ
1623 3644 1750 3680 σκο-

169 3716 262 3786 λιᾷ
289 3717 388 3770 καὶ
417 3715 847 3790 διεστραμμένη,
887 3720 964 3784 ὡς
995 3726 1282 3793 φωστῆρες
1331 3721 1666 3790 αὐγάζοντες
1692 3722 1751 3771 ἐν

171 3810 487 3879 σκοτομήνῃ
541 3810 640 3880 τῆς
689 3811 957 3879 αἱρέσεως
995 3831 1009 3844 ·
1051 3815 1196 3868 καθά
1258 3816 1408 3885 ἡμᾶς
1467 3813 1751 3880 ἐξελέξατο

171 3901 414 3970 Χριστὸς
465 3901 547 3964 είς
593 3901 855 3972 καύχημα
887 3906 1054 3958 αὑτοῦ
1085 3909 1164 3969 είς
1213 3907 1368 3970 κλέος
1418 3905 1750 3977 ὀρθοδοξίας.

183 3993 275 4055 Ὠς
307 3994 441 4062 ἡμῖν
489 3995 540 4046 οἱ
571 3993 855 4059 ἀνέκαθεν,
887 3996 1060 4061 οὕτως
1092 4000 1252 4068 ἡμεῖς
1283 4001 1393 4061 τοῖς
1454 3998 1754 4069 μετέπειτα

173 4086 484 4155 στηριγμδς
512 4087 608 4140 καὶ
637 4086 1003 4157 ὐπογραμμὸς
1035 4088 1490 4160 ὑποδειχθείημεν
1510 4106 1523 4123 ⁸
1559 4091 1653 4143 καὶ
1675 4094 1755 4154 είς

171 4178 395 4248 ἡμέραν
431 4178 670 4249 Χριστοῦ
703 4178 1059 4251 εὑρεθείημεν
1111 4185 1452 4252 χορεύοντες.
1495 4183 1754 4249 Καίτοιγε

175 4268 292 4321 τῶν
314 4270 598 4340 πωσεχῶν
627 4271 788 4338 ἡμεῖς
813 4270 1014 4338 μᾶλλον
1044 4272 1426 4343 φανερώτερον
1452 4271 1514 4325 τὸ
1546 4271 1755 4342 μαρτύ-

182 4377 299 4430 ριον
329 4358 547 4431 ἔχομεν.
574 4361 710 4414 Οὐδὲ
750 4360 859 4432 γὰρ
888 4362 1016 4432 περὶ
1049 4363 1156 4416 τῶν
1188 4365 1247 4415 ἐν
1281 4362 1504 4433 Χριστῴ
1536 4363 1752 4431 φύσεων

181 4453 216 4520 ἢ
236 4451 366 4522 θελη
376 4453 584 4521 μάτων,
614 4453 707 4513 καὶ
726 4452 827 4505 ὅσα
849 4453 986 4524 πρὸς
1003 4453 1214 4517 τούτοις
1236 4455 1585 4524 ἀμφισϐητού
1595 4469 1752 4523 μενα·

175 4537 254 4597 ὧν
282 4545 318 4615 ἡ
365 4544 734 4617 διαμάρτησις
789 4547 932 4599 κατὰ
986 4547 1054 4599 τά
1097 4548 1348 4617 νοήματα
1393 4541 1553 4604 οὖσα.
1603 4545 1755 4597 οὐδὲν

175 4635 456 4705 αἰσθητῶς
488 4639 720 4708 παρεῖχε
768 4635 867 4706 τὴν
922 4637 1230 4703 ἀπόδειξιν·
1273 4639 1368 4691 νῦν
1419 4637 1477 4689 δὲ
1510 4637 1608 4688 σὺν
1645 4638 1759 4699 τοῖς

176 4727 415 4796 νοήμασι
465 4726 560 4779 καὶ
589 4727 716 4779 κατ’
760 4725 1074 4796 ὀφθαλμοὺς
1103 4728 1164 4780 τὸ
1215 4725 1562 4798 ἀμφισϐητού
1573 4744 1757 4796 μενον,

176 4819 299 4889 ἡτοι
328 4817 718 4887 ἀσεϐούμενον.
745 4817 852 4871 Τὸν
879 4818 987 4888 γὰρ
1012 4819 1248 4888 Χριστὸν
1277 4821 1324 4871 oi
1354 4821 1746 4888 ἀντικείμενοι,

175 4911 238 4962 οὐ
281 4911 445 4980 μόνον
468 4910 568 4962 οὐκ
600 4908 957 4974 είκονίζεσθαι
980 4909 1199 4977 λέγουσί
1225 4929 1283 4962 τε
1316 4911 1409 4964 καὶ
1447 4910 1754 4974 λοξονοοῦσι

178 5001 278 5054 σὺν
306 5004 376 5071 τῇ
405 5000 653 5071 Θεοτόκῳ
673 5003 767 5055 καὶ
797 5002 1109 5055 οὑτινοσοῦν
1131 5003 1240 5056 τῶν
1271 5003 1471 5071 ἁγίωψ
1500 5002 1636 5056 ἀλλά
1661 5005 1756 5057 καὶ

178 5091 672 5162 ἐγγεγραμμένους
711 5093 1127 5162 ἐξαφανίζουσιο
1177 5094 1387 5164 πλάνην
1421 5096 1515 5147 καὶ
1537 5095 1760 5165 ὄλεθρον

178 5183 370 5254 ψυχῶν
418 5185 547 5246 τοὺς
581 5183 761 5247 θείους
814 5186 1171 5256 χαρακτῆρας
1217 5186 1655 5256 δογματίζοντες,
1689 5189 1755 5242 ’Ὠ

179 5273 279 5344 τῆς
313 5272 618 5341 Ἰουδαϊκῆς
662 5275 756 5328 καὶ
800 5275 1117 5345 Ἑλληνικῆς
1145 5277 1598 5340 ἀντιπεπονθότος
1631 5279 1758 5331 ἀσε-

181 5363 366 5426 ϐείαςι
408 5363 577 5416 Οὐδὲν
611 5359 706 5419 οὖν
733 5365 842 5436 ἀρα
884 5367 944 5418 τὸ
993 5367 1223 5420 καθόλου
1249 5384 1261 5398 ·
1303 5369 1336 5438 ἡ
1371 5369 1522 5437 παρά
1559 5369 1621 5422 τὸ
1660 5368 1761 5438 τῆς

181 5454 375 5516 οὐσίας
427 5455 706 5526 διάφορον,
759 5458 794 5526 ἡ
840 5455 1109 5527 ἐξαλλαγὴ
1166 5460 1224 5511 ἐν
1258 5454 1302 5527 ᾧ
1335 5461 1364 5512 6
1401 5460 1580 5527 λόγος.
1621 5460 1699 5530 Φὴ
1731 5462 1760 5514 6

195 5544 452 5606 Ἰουδαῖος
482 5545 650 5614 ἡτοιὸ
673 5544 875 5616 Ἕλλην
903 5545 983 5615 τῷ
1008 5547 1339 5618 Χριστιανῷο
1371 5549 1639 5619 Ἀρνησαι
1666 5549 1758 5602 τὸν

185 5633 444 5704 Χριστὸν,
474 5633 574 5706 τὴν
607 5634 849 5706 Μαρίαν.
885 5635 1057 5690 Τοῦτο
1078 5638 1171 5691 καὶ
1195 5640 1225 5690 6
1259 5641 1647 5710 Εἰκονομάχος.
1691 5641 1755 5694 'H

1856 3279 1932 3322 est
1960 3278 2016 3321 ιιι
2056 3269 2266 3322 veniant
2305 3269 2592 3335 scandala,
2630 3269 2770 3325 dixit
2813 3269 3070 3324 Christus
3091 3271 3176 3324 ³³ε
3213 3281 3271 3325 ιιι
3304 3271 3438 3327 solis

1857 3361 1964 3416 ritu
2001 3361 2329 3430 splendeaut
2358 3360 2541 3425 electi,
2575 3371 2630 3416 et
2668 3363 2878 3416 zizania
2908 3371 3174 3418 nocturna
3206 3379 3305 3418 sua
3334 3364 3436 3420 ob-

1857 3451 2120 3509 scuritate
2156 3452 2445 3506 manifesta
2483 3452 2636 3507 fiant.

1932 3627 2138 3693 Simus,
2176 3627 2397 3691 fratres,
2426 3629 2479 3681 in
2509 3627 2730 3682 natione
2759 3628 2862 3682 hac
2893 3641 3054 3694 prava
3084 3635 3137 3682 et
3163 3642 3437 3696 perversa,

1860 3729 2118 3790 tanquam
2147 3720 2317 3775 stellas
2347 3722 2591 3775 lucentes
2617 3721 2670 3773 in
2700 3720 2940 3775 tenebris
2973 3720 3268 3780 haereseos,
3296 3719 3440 3774 sicut

1858 3814 2020 3883 elegit
2069 3829 2168 3868 nos
2199 3811 2450 3867 Christus
2499 3814 2552 3866 in
2601 3813 2834 3883 gloriam
2883 3825 3064 3875 suam,
3108 3812 3175 3866 ad
3220 3812 3436 3866 laudem

1861 3907 1984 3961 fidei
2012 3906 2351 3961 orthodoxa}.
2394 3903 2873 3971 Quemadmodum
2921 3904 3082 3958 nobis
3121 3904 3155 3957 ii
3185 3904 3278 3974 qui
3307 3904 3436 3958 olim

1862 3997 2120 4064 fuerunt,
2195 3998 2269 4052 ita
2333 4011 2434 4050 nos
2493 3996 2728 4065 posteris
2810 3994 3220 4057 stabilimento,
3275 4002 3439 4062 atque

1869 4089 2123 4157 exemplo
2160 4088 2374 4142 simus:
2406 4095 2466 4140 ιιι
2506 4089 2558 4140 in
2595 4086 2683 4140 die
2716 4085 2922 4140 Christi
2967 4084 3302 4144 exsultantes
3347 4098 3438 4138 re-

1864 4179 2159 4249 periantur.
2192 4178 2258 4233 Et
2291 4194 2420 4232 vero
2457 4179 2659 4232 clarius
2681 4186 2846 4245 atque
2873 4173 3240 4239 manifestius,
3272 4188 3437 4243 quam

1863 4271 2101 4340 majores
2144 4270 2343 4333 nostri,
2396 4268 2769 4323 testimonium
2808 4268 3093 4322 habemus.
3145 4266 3261 4320 Non
3291 4265 3436 4319 enim

1859 4363 1928 4417 de
1965 4362 2170 4416 Christi
2221 4363 2468 4424 naturis,
2510 4369 2604 4414 aut
2645 4360 3062 4423 voluntatibus,
3113 4365 3173 4415 et.
3216 4357 3433 4413 caeteris

1862 4468 1983 4522 quae
2028 4452 2082 4505 in
2131 4453 2491 4520 quaestionem
2540 4460 2736 4506 voeata
2790 4451 3055 4516 fuerunt;
3122 4451 3176 4504 in
3233 4446 3438 4519 quibus

1787 4548 1834 4604 Ι)
1863 4542 2239 4608 hallucinatio,
2290 4543 2554 4612 quoniam
2608 4543 2660 4595 in
2715 4541 3032 4595 uotionibus
3079 4540 3214 4609 ipsis
3260 4541 3439 4608 posita

1862 4642 2003 4699 erat,
2039 4633 2245 4686 nullam
2280 4633 2383 4687 sub
2412 4647 2610 4686 sensus
2656 4630 3189 4687 demonstrationem
3225 4628 3390 4682 dabat
3425 4645 3436 4680 :

1864 4728 1958 4781 sed
2009 4739 2157 4778 nunc
2212 4723 2281 4778 de
2332 4723 2404 4779 iis
2464 4739 2588 4792 qua:
2641 4722 3002 4792 cogitationes
3054 4720 3220 4775 simul
3277 4726 3441 4787 atque

1863 4817 2056 4872 oculos
2117 4815 2357 4880 feriunt,
2406 4816 2676 4870 dubitatio
2727 4823 2842 4878 est,
2897 4829 2994 4869 seu
3045 4812 3228 4882 potius
3275 4811 3440 4879 impia

1865 4905 2084 4974 negatio
2112 4921 2126 4957 :
2160 4903 2441 4958 Christum
2476 4901 2747 4973 siquidem
2781 4901 3080 4957 adversarii
3117 4915 3223 4954 non
3262 4899 3439 4954 solum

1861 4997 2042 5064 ellingi
2081 5011 2242 5067 posse
2283 5005 2483 5065 negant
2516 5010 2579 5050 ac
2619 5009 2785 5065 prave
2818 4993 3100 5059 sentiunt;
3137 4991 3441 5059 eodemque

1863 5091 2027 5146 modo
2057 5089 2372 5160 Deiparam,
2427 5099 2592 5158 atque
2638 5097 2859 5143 sanctos
2893 5086 3168 5157 quoslibet
3197 5101 3228 5151 ;-
3251 5099 3440 5138 verum

1867 5197 2158 5251 expressos
2212 5182 2377 5236 etiam
2433 5182 2682 5246 abolent,
2734 5195 2983 5235 errorem
3034 5193 3100 5233 ac
3143 5176 3440 5248 perniciem

1869 5273 2185 5327 animarum
2229 5287 2419 5332 sacras
2473 5271 2742 5341 imagines
2796 5285 2919 5326 esse
2975 5269 3333 5323 aﬂirmantes.
3396 5265 3442 5321 0

1865 5366 2145 5422 Iudaicam
2200 5368 2403 5436 pariter
2447 5374 2503 5420 et
2547 5365 2824 5420 ethnicam
2878 5363 3250 5433 impietatem!
3285 5359 3443 5414 Nulla

1867 5459 2035 5531 igitur
2060 5461 2334 5526 universe,
2371 5466 2466 5512 aut
2493 5456 2673 5527 quoad
2699 5457 3020 5512 substantiae
3052 5453 3442 5518 differentiam,

1868 5551 2105 5606 varietas
2138 5551 2191 5604 in
2225 5565 2291 5604 eo
2331 5551 2399 5604 de
2444 5564 2554 5619 quo
2607 5563 2794 5603 sermo
2820 5556 2927 5602 est.
2960 5547 3050 5600 Ait
3095 5544 3319 5600 Iudaeus
3349 5553 3445 5599 aut

1868 5642 2122 5698 ethnicus
2154 5641 2470 5711 Christiano
2495 5659 2508 5696 :
2534 5637 2681 5710 Nega
2698 5639 3005 5703 Christum,
3025 5649 3161 5708 nega
3184 5636 3440 5690 Mariam:

261 5853 305 5884 "
351 5852 395 5908 ll
424 5853 630 5922 Cor-x,
667 5855 754 5911 I8.
834 5857 878 5889 ³ο
918 5854 938 5910 I
972 5854 1100 5912 Cor.
1135 5872 1223 5923 xv,
1268 5858 1356 5913 5f.
1434 5861 1475 5893 "
1517 5859 1662 5917 Psal.
1700 5875 1858 5929 XLIII,
1886 5859 1977 5914 22.
2056 5860 2100 5892 ⁹²
2141 5859 2187 5914 ιι
2222 5857 2368 5914 Tim.
2409 5874 2469 5926 II,
2514 5857 2599 5913 1‘2.
2681 5859 2722 5890 ³³
2764 5857 2954 5914 Matth.
2991 5870 3151 5923 ινιιι,
3187 5854 3253 5909 7.
