3934 6440
153 389 299 454 1185

1357 390 1898 451 EPISTOLARUM
1942 390 2089 451 LIB.
2149 392 2232 453 ΙΙ.

3288 392 3428 459 1186

146 500 338 556 αὐτῶν
360 516 372 528 ·
399 496 485 550 διὰ
511 495 749 565 Χριστὸν
777 497 867 551 καὶ
898 495 1038 568 ὑπὲρ
1071 498 1313 569 Χριστοῦ
1345 502 1581 570 πάσχων
1605 517 1617 528 ·
1648 499 1738 552 διὰ

1855 512 1983 555 stum
2020 512 2076 556 et
2106 518 2206 572 pro
2237 503 2457 558 Christo
2478 504 2629 573 pati;
2670 512 2890 573 propter
2924 502 3206 574 Deiparam
3241 518 3294 561 et
3324 523 3426 576 pro

143 593 248 663 τὴν
299 592 571 644 Θεοτὸκον
617 594 712 645 καὶ
767 594 896 662 ύτὲρ
928 593 1027 661 τῆς
1057 594 1362 645 Θεοτὸκου·
1416 593 1504 645 διὰ
1556 593 1737 645 πάντα

144 683 306 751 ἆγιον
332 683 427 735 καὶ
457 684 597 753 ὑπὲρ
625 685 844 738 πάντων
874 684 1044 752 ἁγίων
1069 700 1082 714 ·
1141 687 1356 755 μάρτυς
1396 685 1733 755 ἀπαράγραο

147 792 310 839 πτος,
367 775 465 829 καὶ
534 776 877 846 ὁμολογητὴς
934 778 1199 847 Χριστοῦ,
1253 780 1282 830 6
1344 777 1585 831 ὲναθλῶν
1640 777 1738 830 καὶ

147 868 531 937 ἐνιστάμενος.
577 868 687 921 Καὶ
709 868 889 932 οὐδεὶς
918 867 1215 938 ἀντερήσει
1245 868 1425 937 λόγος.
1476 870 1540 921 Ui
1571 869 1735 922 Μακ-

147 959 376 1013 καόαἰοι
422 960 724 1031 μάρτυρες,
780 960 856 1029 μὴ
915 959 1097 1030 κρεῶν
1148 959 1310 1013 ὑείων
1364 961 1736 1029 ἀνασχόμενοι

146 1052 491 1119 παρανόμως
521 1050 846 1119 γεύσασθαι.
888 1050 947 1104 Ὀ
990 1051 1308 1122 Πρὸδρομος
1358 1052 1569 1122 μάρτυς
1598 1052 1739 1121 ὑπὲρ

146 1147 388 1215 ὲλεγμοῦ
418 1146 705 1217 ἀληθείας*
738 1148 835 1200 καὶ
866 1146 1025 1211 ἄλλος
1048 1147 1189 1217 ὑπὲρ
1222 1146 1318 1200 τοῦ
1361 1146 1437 1217 μὴ
1482 1146 1737 1201 καταϐα-

147 1239 551 1295 λέώαιὸϐοῆκδν
590 1241 672 1303 εἰς
709 1239 1000 1311 οἰκοδομὴν
1046 1239 1320 1292 είδωλείου
1345 1254 1360 1269 ·
1395 1238 1492 1292 καὶ
1545 1239 1737 1308 ’ἐτερος

147 1331 220 1385 δι’
248 1332 437 1403 ἕτερον
466 1332 731 1402 ἐνταλμα.
789 1332 854 1384 Τί
915 1332 1025 1402 γὰρ
1065 1332 1147 1384 δεῖ
1186 1328 1258 1385 τᾶ
1305 1332 1477 1386 πολλά
1511 1331 1735 1399 λέγειν;

150 1425 250 1477 καὶ
298 1424 531 1479 ἐνταῦθα
580 1424 865 1496 προδήλως
913 1425 941 1477 6
970 1423 1060 1478 διά
1088 1424 1326 1494 Χριστὸν
1385 1423 1629 1478 ὲναθλῶν
1673 1425 1736 1477 ού

153 1518 395 1586 μάρτυς,
426 1516 502 1580 ῶς
532 1516 664 1586 φασί
686 1533 832 1580 τινες
854 1516 966 1570 τῶν
995 1515 1310 1587 δυστήνων;
1346 1516 1563 1588 μάρτυς
1599 1516 1737 1587 ἀληο

154 1609 283 1680 θὴς,
317 1609 442 1679 μηδ’
471 1608 649 1663 ὁτιοῦν
671 1610 868 1663 ἐνδέων
902 1608 1010 1664 τῶν
1051 1609 1137 1678 ἐφ’
1179 1608 1457 1680 Ἑλλήνων
1504 1609 1538 1680 ἦ
1611 1608 1742 1661 Ἰου-

153 1702 329 1756 δαίων
358 1700 828 1773 μαρτυρησάντων
856 1716 870 1732 ·
906 1700 1014 1755 Kal
1045 1703 1079 1755 ὁ
1115 1699 1351 1770 μάρτυς
1395 1700 1467 1753 ἐν
1505 1697 1742 1768 οὐρανῷ

150 1795 399 1859 πιστός.
447 1791 630 1854 Ὅλως
668 1786 787 1859 οῦν,
836 1792 886 1845 εἰ
923 1792 953 1845 6
996 1790 1091 1844 τὸν
1125 1789 1298 1845 τύπον
1348 1790 1446 1845 τοῦ
1498 1788 1738 1862 σταυροῦ

1843 593 2117 662 Deipara;
2171 605 2391 665 propter
2441 605 2665 650 sanctos
2708 610 2903 649 omnes
2956 605 3007 651 et
3062 612 3161 666 pro
3219 599 3428 654 sanctis

1841 686 2297 755 quibuscunque;
2339 696 2631 757 martyrem
2666 686 3095 757 irrefragabilem
3131 696 3184 741 et
3213 689 3425 742 confes-

1843 792 2023 832 sorem
2071 777 2274 832 Christi
2320 792 2481 844 esse,
2530 779 2621 848 qui
2668 779 2910 832 decertat
2951 787 3005 831 et
3038 778 3265 834 resistit.
3318 778 3428 833 Nec

1840 869 2044 937 apponi
2095 879 2287 924 contra
2343 871 2646 940 quidquam
2687 879 2881 941 potest.
2929 871 3224 927 Machaba-i
3282 888 3428 926 mar-

1843 972 1989 1031 tyres
2025 959 2188 1025 facti,
2220 964 2369 1032 quod
2410 964 2606 1019 snillas
2648 979 2842 1020 carnes
2889 966 3052 1020 edere
3101 965 3424 1020 abnuerent.

1844 1051 2158 1107 Praecursor
2197 1065 2401 1125 martyr
2440 1054 2542 1108 fuit
2578 1064 2802 1125 propter
2837 1056 3103 1111 indicium
3137 1056 3382 1110 veritatis
3409 1096 3424 1119 ,

1844 1144 1983 1199 alius
2018 1145 2162 1213 quod
2212 1145 2435 1200 obolum
2477 1147 2730 1200 conferre
2776 1146 2943 1201 nollet
2983 1147 3050 1201 ad
3088 1155 3424 1202 structuram

1843 1234 2032 1301 idolii;
2088 1248 2143 1290 et
2190 1236 2332 1290 alius
2374 1236 2521 1291 aliud
2578 1238 2650 1291 ob
2708 1239 3045 1292 mandatum.
3096 1237 3238 1304 Quid
3281 1239 3428 1293 enim

1843 1326 2036 1382 attinet
2058 1330 2224 1382 multa
2250 1330 2441 1395 loqui?
2474 1330 2539 1383 Et
2558 1330 2647 1383 hic
2670 1330 2763 1400 qui
2790 1329 3080 1384 manifeste
3100 1345 3197 1399 pro
3211 1329 3429 1385 Christo

1842 1418 2118 1480 decerlat,
2159 1431 2362 1492 martyr
2391 1436 2495 1475 non
2533 1423 2638 1476 erit
2662 1464 2676 1487 ,
2721 1432 2777 1475 ut
2806 1421 2995 1477 miseri
3028 1422 3249 1492 quidam
3281 1420 3428 1475 affir-t

1843 1511 2028 1564 mant?
2055 1510 2264 1581 Martyr
2301 1512 2459 1580 plane
2488 1528 2648 1567 verus
2669 1552 2684 1575 ,
2720 1513 2869 1567 nulla
2916 1529 2974 1567 re
3001 1513 3322 1583 discrepans
3361 1514 3430 1567 ab

1844 1600 1954 1655 illis
1984 1616 2124 1671 quos
2164 1601 2369 1655 ethnici
2408 1602 2494 1657 vel
2521 1600 2693 1657 Judaei
2724 1613 2993 1672 martyres
3025 1603 3316 1657 fecerunt:
3362 1601 3430 1656 Et

1845 1693 1992 1747 testis
2021 1694 2077 1746 in
2102 1694 2230 1747 certe
2256 1694 2429 1762 ﬁdelis
2456 1694 2522 1747 ⁸⁸.
2551 1693 2793 1749 Omnino
2822 1710 2975 1765 ergo,
3018 1696 3063 1751 si
3094 1696 3220 1765 quis
3253 1696 3432 1750 crucis

1845 1794 2033 1855 typum
2057 1784 2286 1855 spernit.
2312 1785 2364 1838 in
2383 1782 2659 1840 Christum
2688 1787 2870 1855 ipsum
2888 1796 3264 1855 contemptum
3287 1787 3435 1842 hunc

148 1850 390 1949 ἀθετῶν,
423 1883 504 1943 είς
543 1850 784 1955 Χριστὸν
804 1880 1071 1953 ἀναφέρει
1092 1880 1194 1951 τὴν
1226 1879 1488 1949 ἀθέτησιν
1509 1895 1522 1910 ⁸
1557 1850 1741 1950 πολλῷ

1855 1850 2104 1945 torquet;
2138 1875 2313 1929 multo
2336 1876 2510 1945 magis
2541 1876 2635 1944 qui
2663 1850 2957 1947 imaginem
2992 1850 3195 1931 Christi
3228 1886 3389 1947 negat
3416 1920 3430 1943 ,

154 1980 364 2050 μᾶλλον
389 1978 419 2031 6
447 1977 547 2049 τὴν
575 1978 764 2032 είκὸνα
794 1975 1036 2048 Χριστοῦ
1056 1976 1415 2048 ἀρνούμενος,
1464 1976 1546 2039 εἰς
1598 1976 1740 2045 Χρι-

152 2072 287 2126 στὸν
344 2068 664 2142 ἀναπέμπει
723 2071 823 2141 τὴν
856 2069 1108 2143 ἄρνησιν.
1160 2068 1348 2132 Οὕτως
1410 2067 1508 2121 καὶ
1574 2068 1604 2120 6
1654 2068 1742 2134 ἐφ’

152 2166 403 2237 ἑκατέρᾳ.
432 2163 754 2237 μαρτυρῶν,
783 2163 993 2234 μάρτυς
1031 2161 1406 2232 ἀληθέστατος
1431 2174 1447 2191 ο
1479 2158 1578 2213 καὶ
1607 2158 1744 2230 μᾶλ-

152 2259 251 2312 λον
290 2261 351 2310 ὲν
383 2260 451 2329 τῇ
497 2256 670 2309 είκὸνι
693 2272 707 2287 ο
738 2256 821 2308 ὅτι
863 2255 893 2308 6
921 2254 1020 2324 μὲν
1052 2254 1278 2324 σημεῖον
1303 2268 1319 2285 ο
1369 2252 1399 2304 6
1443 2252 1502 2306 δὲ
1557 2251 1743 2322 μορφὴ

155 2350 427 2420 Χριστοῦ.
488 2347 825 2419 Παρακαλῶ,
865 2345 1090 2414 ἀδελφοί
1134 2362 1236 2416 μου
1267 2345 1434 2414 ἆγιοι,
1486 2342 1739 2414 κλήσεως

156 2442 495 2514 ἐπουρανίου
550 2440 792 2511 μέτοχοι,
849 2437 1067 2507 πρῶτον
1125 2438 1349 2508 μνήμην
1410 2452 1513 2507 μου
1575 2435 1748 2488 ποιεί-

159 2536 293 2587 σθαι
346 2532 444 2586 τοῦ
500 2530 800 2585 ταπεινοῦ’
853 2524 936 2594 οἷς
988 2530 1155 2597 λέγω,
1207 2529 1356 2599 ἔργῳ
1418 2525 1747 2596 ἀποδειχθῆ-

156 2624 251 2679 ναί
288 2643 358 2695 με
392 2624 715 2693 εὐχόμενον
742 2620 1011 2692 μηδαμῶς
1057 2617 1535 2690 ὑποχαυνούμενον
1580 2617 1643 2668 ἐκ
1685 2632 1746 2667 τε

156 2719 274 2773 τῶν
327 2718 578 2787 ἀοράτων
623 2715 717 2769 καὶ
772 2713 1066 2785 ὁρωμένων
1136 2710 1455 2782 προσϐολῶν
1488 2725 1504 2741 ’
1554 2707 1748 2775 ἔπειτα

158 2810 463 2883 προσέχειν
542 2808 757 2870 ἑαυτοῖς
826 2806 923 2859 καὶ
976 2806 1043 2875 τῇ
1109 2802 1440 2872 ἐνισταμένη
1495 2800 1747 2870 ἀθλήσει.

1842 1966 2190 2036 negationem
2224 1966 2276 2019 in
2305 1964 2588 2020 Christum
2616 1964 2806 2019 refert.
2835 1966 2948 2026 Sic.
2978 1967 3070 2035 qui
3106 1956 3431 2036 martyrium

1843 2072 1943 2126 pro
1974 2057 2242 2110 alterutro
2266 2056 2458 2111 suffert
2481 2096 2497 2123 ,
2530 2066 2743 2128 martyr
2766 2057 3091 2112 verissimus
3116 2074 3129 2111 :
3174 2072 3238 2113 ac
3265 2057 3435 2126 magis

1844 2150 2010 2203 etiam
2044 2150 2098 2203 in
2130 2150 2401 2220 imagine:
2447 2149 2574 2218 quia
2623 2158 2784 2220 typus
2811 2149 3027 2219 signum
3054 2190 3069 2215 ,
3108 2151 3285 2220 imago
3325 2148 3437 2203 for-

1846 2256 1933 2296 ma
1960 2249 2046 2295 est
2064 2241 2293 2297 Christi.
2314 2239 2578 2304 Obsecro,
2610 2240 2812 2295 fratres
2846 2242 2950 2295 mei
2976 2241 3170 2305 sancti,
3198 2241 3437 2295 caelestis

1846 2332 2155 2386 vocationis
2193 2331 2526 2401 participes,
2577 2332 2815 2401 primum
2847 2332 3066 2401 quidem
3115 2332 3433 2387 memoriam

1850 2423 1956 2477 mei
1985 2422 2207 2476 humilis
2236 2420 2486 2490 faciatis,
2518 2433 2739 2478 orantes
2772 2431 2833 2477 ut
2863 2438 2986 2492 quae
3014 2423 3139 2477 dico
3164 2463 3178 2487 ,
3209 2439 3269 2477 re
3295 2438 3435 2493 pra!—

1848 2524 1986 2571 stem
2008 2557 2023 2582 ,
2060 2516 2226 2571 nullis
2251 2517 2452 2574 cedens
2490 2532 2592 2573 nec
2625 2516 2831 2588 apertis
2878 2532 2979 2572 nec
3000 2517 3228 2572 occultis
3261 2517 3437 2570 insul-

1851 2609 1997 2663 tibus
2056 2624 2070 2662 :
2118 2609 2313 2667 deinde
2342 2608 2502 2664 vobis
2544 2609 2687 2679 ipsis
2737 2609 3033 2665 attendatis
3083 2617 3138 2664 et
3185 2608 3435 2679 prmseuti

1851 2701 2161 2764 certamini.
2228 2700 2336 2756 Nec
2383 2717 2516 2757 vero
2575 2701 3005 2772 cogitationibus
3069 2702 3305 2755 uramini
3368 2717 3436 2756 ex

1854 2796 2036 2865 inopia
2072 2795 2318 2850 scientiae
2356 2795 2411 2849 in
2468 2797 2662 2851 harum
2702 2810 2885 2849 rerum
2938 2794 3395 2864 contemplatione

169 2900 341 2957 Ἀλλά
372 2900 449 2971 μὴ
470 2900 583 2963 τοῖς
604 2898 885 2966 λογισμοῖς
913 2891 1316 2965 ἑμπύρίζεσθαι
1349 2892 1439 2944 διὰ
1469 2890 1749 2960 πτωχείαν

1855 2904 1976 2955 quze
1997 2904 2027 2943 a
2064 2888 2406 2959 providentia
2446 2887 2558 2942 alto
2590 2887 2824 2942 consilio
2850 2886 3255 2955 gubernantur,
3291 2887 3437 2956 quod

160 2994 443 3056 συνέσεως
495 2993 554 3045 ὲν
581 2992 647 3062 τῇ
707 2988 818 3042 τῶν
876 2986 1225 3058 πραγμάτων
1277 2983 1441 3047 δείξει
1491 2982 1599 3035 ὑπὸ
1650 2981 1750 3049 τῆς

1855 2980 2073 3049 assequi
2101 2980 2291 3049 nequit
2324 2980 2562 3033 humana
2606 2980 3003 3049 intelligentia;
3058 2994 3157 3033 nec
3199 2980 3352 3036 vobis
3385 2981 3439 3035 id

160 3084 435 3155 προνοίας
462 3081 861 3152 διοικουμένων
894 3078 1127 3148 βαθέως,
1159 3077 1253 3129 καὶ
1296 3074 1371 3137 ὼς
1395 3072 1497 3126 οὐκ
1533 3070 1750 3140 ἐφικτὸν

1856 3072 2139 3141 contingat
2169 3071 2315 3141 quod
2346 3072 2548 3127 canitis
2581 3088 2595 3125 :
2643 3070 2747 3125 Mei
2780 3082 2960 3125 autent
2989 3088 3115 3139 pene
3150 3073 3279 3127 moti
3317 3082 3438 3126 sunt

160 3175 459 3247 ἀνθρώπου
492 3170 702 3242 διανοίᾳ
724 3186 737 3199 ·
766 3168 900 3239 μηδὲ
926 3166 955 3219 ὃ
996 3165 1228 3235 ψάλλετε
1261 3163 1510 3217 πάθοιτε.
1576 3159 1749 3229 Ἐμοῦ

1856 3165 2043 3235 pedes:
2068 3180 2195 3233 pene
2214 3164 2371 3233 effusi
2393 3172 2515 3218 sunt
2541 3180 2747 3233 gressus
2772 3164 2871 3217 mei
2893 3180 2912 3227 ;
2939 3164 3065 3232 quia
3092 3164 3257 3218 zelavi
3285 3180 3443 3233 super

166 3266 238 3320 δὲ
284 3265 446 3334 παρὰ
479 3263 693 3333 μικρὸν
746 3259 1177 3324 ἐσαλεύθησαγ
1230 3256 1285 3309 οὶ
1332 3253 1537 3318 πόδες·
1610 3250 1746 3317 παρ’

1856 3256 2065 3326 iniquos
2109 3255 2189 3321 ”,
2246 3257 2351 3310 hoc
2392 3262 2447 3309 et
2490 3255 2625 3310 illud
2658 3254 2872 3311 videns.
2920 3257 3026 3313 Sed
3061 3256 3245 3313 audite
3266 3257 3445 3324 potius

164 3360 386 3427 ὀλίγον
408 3354 669 3423 ἐξεχύθη
693 3351 766 3406 τὰ
790 3346 1125 3418 διαϐήματά
1148 3364 1268 3415 μου
1291 3362 1306 3377 ·
1356 3344 1445 3397 ὅτι
1473 3341 1750 3411 ἐζήλωσα

1855 3349 2124 3403 dicentem
2159 3347 2491 3401 Dominum:
2543 3345 2806 3414 Exspecta
2847 3363 2929 3402 me
2974 3348 3029 3402 in
3076 3349 3163 3402 die
3203 3364 3443 3403 resurre-

163 3452 269 3507 ἐπὶ
300 3448 427 3516 τοῖς
451 3448 722 3516 ἀνόμοις,
751 3443 811 3497 τὸ
836 3442 931 3496 καὶ
962 3441 1023 3495 τὸ
1051 3438 1296 3508 θεωρῶν.
1344 3434 1509 3489 Ἀλλά
1549 3432 1750 3504 μᾶλλον

1856 3440 2045 3494 ctionis
2078 3455 2203 3495 mea:
2236 3440 2303 3492 "°.
2335 3437 2401 3493 Et
2430 3457 2445 3494 :
2478 3437 2581 3505 Qui
2611 3440 2924 3494 sustinuerit
2953 3456 3117 3510 usque
3162 3440 3215 3494 in
3251 3440 3443 3509 ﬁnem,

162 3543 392 3600 ἀκούειν
422 3540 519 3594 τοῦ
561 3538 770 3609 Κυρίου
814 3534 1097 3603 λέγοντοςο
1142 3527 1490 3599 Ὑπόμεινόν
1541 3541 1613 3593 με
1668 3525 1756 3588 εἱς
1861 3534 1942 3587 hic
1972 3532 2150 3588 εαιυη,
2172 3532 2273 3587 πει
2305 3532 2371 3588 ιι.

165 3634 408 3706 ἡμέραν
434 3627 831 3694 ἁναστάσεώς
867 3642 1008 3695 μου.
1040 3623 1151 3678 Καὶ
1186 3621 1267 3675 ὅτι
1315 3620 1380 3673 '0
1428 3615 1758 3686 ὑπομείνας

167 3730 261 3795 εἰς
288 3726 489 3791 τέλος,
523 3718 706 3787 οὗτος
732 3718 1096 3788 σωθήσεται.

354 3839 485 3897 KB’.
525 3868 595 3880 —
622 3835 752 3907 Τοῖς
776 3832 1046 3890 ἀποῦσιν
1072 3825 1378 3897 ἀδελφοῖς.
1414 3820 1598 3895 [alata]

2235 3813 2401 3871 XXII.
2448 3814 2731 3871 Fratribus
2759 3816 3084 3875 absentibus.

897 3947 953 3996 in
974 3955 1175 3995 carcere
1195 3941 1381 4002 scripta
1403 3945 1641 3999 tanquam
1678 3936 2050 3983 testamentum.
2079 3929 2278 3993 (Baron.
2312 3944 2398 3981 an.
2422 3930 2533 3991 816,
2558 3943 2610 3980 ιι.
2636 3930 2740 3995 35.)

243 4070 493 4126 Πάντοτε
554 4063 652 4136 μὲν
714 4057 1052 4115 διατίθεσθαι
1111 4051 1220 4125 χρὴ
1276 4050 1368 4103 τὸν
1434 4044 1750 4119 Χριστιανδι

1940 4041 2165 4111 Semper
2184 4042 2405 4112 quidem
2425 4041 2493 4096 ad
2513 4051 2744 4097 mortem
2768 4042 2955 4098 omnia
2983 4042 3272 4111 disponere
3291 4042 3451 4099 Chri-

172 4166 247 4220 τά
286 4162 429 4233 πρὸς
478 4131 748 4211 θάνατον’
805 4150 1043 4223 μάλιστα
1079 4146 1136 4199 δὲ
1185 4144 1392 4197 ὁπόταν
1425 4140 1750 4233 πειρασμοῖς

1867 4132 2105 4187 stianum
2135 4140 2390 4201 oportet:
2431 4131 2525 4185 sed
2566 4139 2685 4185 tum
2728 4133 2963 4187 maxime
3011 4150 3136 4188 cum
3186 4134 3451 4189 aerumnis

174 4219 468 4327 περιπαρῇ
516 4248 747 4302 θάνατον
786 4240 1129 4297 ἀπειλοῦσιν.
1170 4237 1327 4291 Ἐπεὶ
1381 4234 1477 4288 οῦν
1522 4231 1750 4286 τοιοῦτοι

1868 4230 2099 4274 mortem
2133 4220 2533 4274 intentantihus
2568 4228 2817 4289 urgetur.
2859 4219 3093 4285 Quando
3141 4221 3307 4292 igitur
3348 4221 3452 4276 hoc

175 4313 620 4414 zo'xabi'iwéig,
684 4336 774 4390 διά
825 4336 924 4406 τὴν
984 4332 1301 4402 σφύζουσαν
1353 4326 1465 4379 τῶν
1517 4323 1750 4377 διωκτῶι

1869 4313 1923 4368 in
1971 4323 2116 4368 statu
2157 4322 2288 4368 sunt
2330 4329 2417 4369 res
2456 4322 2695 4377 nostrae,
2738 4313 2996 4367 saeviente
3034 4322 3450 4383 persecutorum

180 4402 389 4513 μανίαν
424 4402 613 4490 είνεκα
659 4431 761 4500 τῆς
787 4402 1025 4498 Χριστοῦ
1074 4424 1295 4493 ἀγάπης
1318 4436 1333 4451 ο
1386 4416 1481 4473 τοῦ
1518 4432 1750 4513 Δδιτροκειῖ

1870 4405 2024 4460 rabie
2052 4405 2125 4460 ob
2145 4403 2350 4458 Christi
2385 4402 2706 4457 charitatem
2726 4441 2740 4465 ,
2771 4402 2886 4456 sive
2915 4402 2985 4455 ob
3027 4416 3265 4469 praesens
3293 4402 3454 4455 testi-

2106 4512 2111 4513 ,
2742 4509 2836 4513 μ,
3064 4508 3283 4513 “mm
3327 4490 3454 4513 με,

382 4530 449 4601 δὴ
485 4490 788 4598 μαρτυρίου
816 4490 920 4590 τῆς
952 4518 1083 4589 περὶ
1109 4490 1274 4571 αὑτὸν
1304 4509 1601 4607 ὁμολογίας
1624 4522 1638 4537 °
1670 4507 1750 4560 κα·

1874 4496 2120 4552 monium
2149 4494 2513 4551 confessionis
2541 4493 2696 4563 ejus;
2741 4509 2840 4548 nec
2883 4495 3025 4548 scire
3063 4508 3288 4563 possum
3321 4490 3454 4562 quid

1880 4588 2050 4607 -_-I,!.-
2093 4594 2406 4607 ----..ι--..--...
2452 4585 2517 4607 ..ξι
2558 4584 2685 4607 --.ἓὶξ
2730 4585 2794 4607 -I.
2830 4584 2949 4607 -ι;ε..
2991 4583 3243 4607 ..-2....Αι-
3318 4597 3416 4607 ...ι-,Α

177 4603 281 4678 οὐκ
314 4617 435 4675 οἶδα
466 4619 519 4672 τί
577 4633 665 4688 μοι
721 4612 1065 4683 ἀποϐήσεται
1111 4606 1325 4677 ἀθρόως
1356 4603 1472 4656 ὁντι
1511 4616 1764 4672 μεμονω-

183 4716 337 4788 μένῳ
359 4714 455 4767 ml.
486 4706 894 4782 περιειργμένῳ
925 4701 1143 4773 μακράν
1188 4715 1292 4752 που
1465 4694 1623 4788 ύμῶν
1656 4690 1766 4788 τῶν

180 4780 445 4863 ἀπάντων
474 4780 723 4870 ἀδελφῶν
749 4814 852 4868 μου
900 4796 994 4848 καὶ
1037 4792 1333 4861 Πατέρων’
1382 4784 1537 4849 ἔδοξα
1585 4780 1768 4845 καλῶς

183 4901 334 4971 ἔχειν
365 4892 686 4948 τελευταίαν
718 4887 883 4943 οίονεὶ
931 4884 1142 4955 φωνὴν,
1171 4882 1378 4971 ταύτην
1408 4877 1506 4947 τὴν
1547 4878 1767 4971 επιστο-

183 4966 283 5059 λήν
318 4983 667 5058 παραθέσθαι
700 4981 853 5051 ὑμῖν,
883 4977 977 5031 καὶ
1026 4974 1095 5029 δι’
1127 4971 1282 5043 ὑμῶν
1310 4970 1462 5039 πάσῃ
1513 4970 1578 5037 τῇ
1612 4966 1769 5019 ἀδελ-

186 5083 407 5151 φότητι.
440 5076 624 5130 Καλὸν
658 5073 767 5144 γὰρ
802 5068 1065 5132 πολλάκις
1116 5061 1454 5119 διατίθεσθαι
1484 5059 1579 5151 καὶ
1640 5060 1768 5110 ἐπι-

189 5150 395 5244 μένειν,
449 5166 483 5238 ἢ
539 5163 838 5237 προσδοκίᾳ
894 5158 1041 5229 ζωῆς
1115 5156 1378 5244 ὲξάπιναῗ
1411 5150 1767 5244 ἀνάρπαστον

185 5238 499 5333 γινόμενον,
551 5252 836 5310 ἀδιάθετον
881 5249 1128 5309 ἀϐούλως
1155 5238 1765 5333 ὲγκαταλιμπάνεσθαι.

187 5328 249 5408 'l'i
277 5328 468 5406 τοίνυν
516 5348 578 5401 τὸ
628 5345 842 5419 παρὸν;
904 5338 1127 5409 Ἐπειδὴ
1190 5334 1453 5395 πολλάκις
1506 5332 1609 5383 ὅσα
1664 5328 1771 5381 ἔδει

189 5449 386 5507 εἰπεῖν,
446 5442 556 5495 εἴτε
610 5437 824 5509 βαρέως
878 5434 1134 5503 νοσήσας,
1193 5426 1304 5481 εἴτε
1342 5422 1600 5493 διωγμῶν
1634 5436 1773 5490 προ-

191 5540 497 5609 κειμένων,
553 5532 650 5586 καὶ
696 5529 958 5599 διεθέμην
1007 5527 1103 5578 καὶ
1155 5518 1628 5609 ὑπεμνημάτισαο
1680 5512 1773 5609 καὶ

192 5607 344 5681 οῦπω
378 5625 541 5697 χρεία
570 5622 701 5693 περὶ
720 5620 829 5674 τῶν
863 5619 967 5689 ήδη
997 5614 1300 5684 λεχθέντων
1330 5607 1764 5697 δευτερολογεῐν.

207 5696 680 5787 Ἐκεῖνοίπρῶτοη
714 5709 939 5780 ἀδελφοί
976 5716 1102 5779 μοι),
1146 5706 1233 5757 ἵνα
1295 5720 1384 5771 μοι
1435 5696 1772 5767 συγγνώμην

1875 4588 2057 4644 suhito
2085 4594 2409 4641 eventurum
2450 4585 2521 4639 sit
2554 4584 2687 4638 mihi
2728 4585 2798 4638 ab
2829 4584 2951 4637 aliis
2991 4583 3279 4652 Seiuncto,
3318 4597 3453 4653 pro—

1801 4658 1847 4715 D
1874 4679 2070 4746 culque
2100 4693 2129 4731 a
2162 4676 2318 4730 vobis
2351 4676 2610 4729 omnibus
2639 4674 2907 4730 fratribus
2946 4675 3082 4730 meis
3111 4690 3175 4730 ac
3201 4674 3457 4729 Patrihus

1876 4770 2243 4827 circumcluso
2286 4786 2300 4820 :
2351 4778 2497 4822 recte
2548 4766 2817 4821 facturum
2852 4782 2939 4820 me
2978 4766 3327 4828 existimavi,
3372 4766 3454 4830 si,

1877 4873 2191 4928 supremam
2249 4856 2413 4911 veluti
2470 4871 2702 4921 vocem,
2760 4856 2904 4910 hanc
2956 4856 3245 4925 epistolam
3301 4854 3460 4908 vobis

1873 4948 2309 5004 commendarem
2338 4988 2354 5014 ,
2406 4955 2461 5000 et
2506 4962 2602 5016 per
2648 4962 2747 5001 vos
2781 4946 3052 5000 universae
3102 4944 3455 4999 fraternitati.

1876 5044 2069 5099 Melius
2101 5044 2247 5099 enim
2277 5052 2362 5098 est
2387 5057 2531 5110 saepe
2559 5042 2792 5105 testari,
2824 5048 2878 5093 et
2909 5046 3262 5107 exspectare,
3290 5052 3457 5106 quam

1878 5137 2000 5190 vitae
2037 5134 2300 5204 longioris
2333 5132 2747 5202 exspectatione
2787 5130 2968 5184 subito
3001 5128 3200 5199 abripi,
3237 5137 3291 5183 et
3318 5129 3460 5181 inte-

1879 5239 2083 5285 statum
2112 5226 2425 5281 inconsulto
2457 5223 2713 5293 relinqui.
2750 5221 2893 5287 Quid
2918 5237 3052 5291 ergo
3093 5237 3203 5277 non
3247 5221 3460 5276 restat?

1879 5318 2333 5388 Quandoquidem
2374 5331 2517 5386 saepe
2563 5329 2906 5384 quaecunque
2940 5314 3125 5368 dicere
3161 5315 3460 5367 convenie-

1879 5416 2007 5477 bat,
2059 5412 2143 5466 vel
2194 5408 2343 5481 gravi
2399 5408 2660 5477 quopiam
2709 5406 2903 5461 morbo
2945 5405 3313 5468 decumbens,
3374 5404 3459 5457 vel

1882 5510 2120 5563 instante
2158 5501 2559 5573 persecutione,
2593 5498 2869 5561 recensni,
2903 5497 3293 5566 memoriaaque
3328 5510 3462 5563 sug-

1880 5600 2061 5673 gessi;
2108 5611 2284 5666 neque
2332 5607 2482 5648 nunc
2520 5608 2657 5660 opus
2695 5600 2781 5646 est
2819 5605 2943 5660 qua:
2979 5589 3123 5644 dicta
3159 5597 3324 5646 sunt.
3358 5588 3460 5640 ite-

1883 5704 2004 5745 rum
2040 5694 2307 5755 rcpetere.
2341 5681 2455 5736 Hoc
2490 5681 2746 5751 primum,
2782 5678 2980 5735 fratres
3010 5679 3136 5744 mei,
3163 5688 3222 5734 ut
3244 5678 3457 5733 veniam

264 5832 308 5865 ³⁸
335 5830 481 5897 Psal.
517 5842 785 5892 Lxxxvm,
818 5823 908 5879 58.
987 5821 1030 5853 ³⁹
1063 5818 1207 5875 Psal.
1243 5830 1411 5880 Lxxn,
1453 5812 1506 5865 ἓ,
1586 5812 1630 5843 ³ο
1660 5812 1750 5880 Sol

1855 5824 1902 5862 ιι.
1940 5823 2023 5871 ιιι,
2054 5803 2105 5855 8.
2184 5800 2222 5828 δ’
2260 5794 2690 5858 Marc.xm,15.
