3934 6444
495 364 629 430 1187

489 569 708 622 natione
736 571 1020 624 adversum
1058 587 1150 626 vos
1185 572 1295 624 dixi
1332 571 1412 624 vel
1441 572 1546 641 egi,
1584 581 1698 626 tum
1733 576 1915 637 verbo,
1952 583 2067 629 tum

492 659 654 713 facto.
708 662 909 713 Delicta
940 662 1079 714 enim
1115 663 1231 731 quis
1268 663 1520 732 intelliget
1551 664 1641 717 “?
1686 665 1784 719 Et:
1824 666 2065 734 O/fendi-

490 768 603 803 mus
636 768 811 806 omnes
828 753 905 818 u;
946 763 999 808 et
1032 769 1132 822 ego
1160 755 1461 823 praesertim
1497 758 1742 810 omnium
1789 760 2063 826 nequissi-

493 858 636 896 mus.
678 842 827 899 Unde
880 854 934 898 et
984 860 1172 914 preces
1219 856 1428 900 vestras
1480 847 1715 915 imploro
1764 850 1829 901 ad
1871 865 2069 904 conse-

492 935 762 1003 quendam
796 935 1024 991 salutem
1072 952 1394 992 aerumnosa:
1440 938 1637 993 anima:
1664 954 1797 992 meae
1832 957 1844 992 :
1878 942 2073 995 deinde

493 1040 588 1093 pro
629 1026 922 1091 fratribus,
950 1029 1041 1097 qui
1076 1037 1297 1096 propter
1324 1038 1542 1096 peccata
1597 1043 1717 1083 mea
1760 1033 2029 1099 segregati
2054 1074 2069 1095 ,

490 1119 777 1186 avulsiquc
805 1128 932 1171 sunt
979 1134 1008 1172 a
1052 1129 1239 1174 nostra
1273 1120 1326 1172 in
1368 1120 1570 1189 Spiritu
1618 1134 1812 1176 sancto
1842 1140 2064 1192 congre-

492 1213 728 1277 gatiOne.
771 1209 859 1262 Est
891 1212 1129 1278 quidem,
1151 1221 1234 1265 cst
1261 1212 1424 1281 plane
1456 1213 1710 1268 omnibus
1742 1216 2070 1283 patefactum

491 1303 636 1369 quod
664 1303 744 1355 eis
775 1302 1276 1371 impcndetjustum
1312 1302 1405 1356 Dei
1439 1303 1711 1373 judicium
1740 1322 1752 1358 :
1788 1316 2067 1360 verumta—

495 1409 617 1445 men
653 1393 781 1460 quia
821 1394 913 1445 lilii
945 1403 1075 1446 sunt
1120 1402 1174 1447 et
1206 1395 1449 1448 membra
1474 1433 1488 1456 .
1524 1396 1921 1449 condolendum
1965 1398 2072 1453 illis

491 1496 577 1539 est
598 1526 612 1548 ,
654 1496 707 1539 et
736 1486 973 1554 amplius
1002 1488 1444 1540 conn-standum.
1496 1487 1627 1542 Dico
1658 1500 1838 1542 autem
1866 1528 1880 1550 ,
1921 1490 2068 1543 l'ratri

491 1577 720 1632 Leontio
745 1618 758 1641 ,
798 1577 1033 1631 Maximo
1060 1618 1074 1642 ,
1110 1579 1416 1643 Clementi,
1462 1580 1585 1634 aliis
1632 1580 1924 1646 omnibus,
1976 1583 2069 1649 qui

489 1672 703 1739 seipsos
732 1686 1062 1740 quacunque
1100 1671 1277 1724 inanis
1320 1679 1616 1738 praetextus
1662 1672 1844 1740 specie
1888 1688 2071 1741 segre-

490 1775 724 1833 garunt;
761 1780 879 1832 qua:
910 1765 960 1817 in
997 1778 1084 1816 me
1110 1762 1332 1831 quidem
1367 1763 1741 1827 admiserunt,
1778 1766 1905 1817 olim
1931 1766 2066 1826 dixi,

1697 371 1763 433 S.
1800 372 2191 435 TllEliDORl
2229 381 2576 444 STUDI'NE

491 478 625 531 mihi
656 476 795 531 detis
823 491 1036 542 eorum,
1066 492 1187 548 qua:
1221 486 1414 547 praeter
1459 478 1724 533 rationem
1769 482 1821 533 in
1861 484 2060 551 guber-

2185 492 2343 559 ἱοίητε
2398 495 2483 563 ἐφ’
2537 491 2620 559 οἷς

3631 396 3655 461 1
3667 398 3765 463 1'88

2673 500 2825 567 παρά
2880 500 3038 569 λόγον
3089 505 3178 557 διὰ
3235 509 3333 577 τῆς
3392 509 3763 580 καθηγήσεως

2180 582 2336 647 ἔλεξα
2379 585 2409 656 ἢ
2464 587 2668 659 ἔδρασα
2718 593 2798 653 εἰς
2846 593 2991 662 ὑμᾶς
3036 596 3271 663 λογικῶς
3317 601 3409 651 καὶ
3442 617 3765 670 πραγματι-

2179 676 2310 739 κῶς.
2367 679 2681 747 Ἀμαρτίας
2707 684 2817 751 γὰρ
2866 688 2957 751 τίς
2994 690 3301 755 συνήσεις
3356 692 3468 743 Καί
3485 707 3502 723 ’
3552 695 3766 748 [Italo-

2173 784 2290 835 μεν
2337 768 2636 837 ἅπαντες-⁸
2684 775 2776 825 καί
2817 794 2881 842 γε
2956 780 3195 847 μάλιστα
3263 784 3372 850 ἐγὼ
3432 786 3461 836 6
3542 787 3765 840 πάντων

2179 860 2530 930 ἀχρειότερος
2585 863 2911 945 ἁνθρῴπων.
2949 871 3041 922 Διὸ
3082 873 3174 931 καὶ
3241 874 3571 945 ὲξαιτοῦμαι
3616 878 3765 947 ὑμῶν

2178 951 2276 1017 τὴν
2317 953 2631 1025 προσευχὴν
2674 958 2753 1018 εἰς
2800 957 3088 1025 ἑπίτευξιν¹
3112 965 3389 1033 σωτηρίας
3427 966 3532 1036 τῆς
3574 968 3762 1021 ταλαι-

2180 1040 2366 1110 πώρου
2424 1061 2525 1112 μου
2576 1045 2791 1116 ψυχῆς*
2852 1049 3046 1105 ἔπειτα
3117 1053 3204 1107 διὰ
3276 1057 3404 1120 τοὺς
3463 1058 3615 1111 κατὰ
3672 1060 3764 1123 τὰς

2178 1124 2457 1219 ἀμαρτίας
2524 1147 2628 1198 μου
2696 1134 3118 1206 ἀπορῤαγέντας
3178 1145 3279 1213 τῆς
3345 1145 3406 1196 ὲν
3480 1148 3764 1219 Πνεῦματι

2179 1216 2321 1287 ἁγίῳ
2372 1221 2667 1288 συναφείας
2726 1227 2887 1295 ἡμῶν
2944 1228 3233 1298 ἀδελφούς.
3289 1234 3448 1287 Ἔστι
3496 1237 3604 1306 μὲν
3637 1216 3760 1303 ⁷οὖν,

2179 1309 2293 1400 εστι
2327 1311 2700 1383 δεδηλωμένον
2737 1318 2796 1370 ὲν
2833 1318 3007 1373 ἅπασι
3031 1322 3092 1375 τὸ
3127 1322 3338 1378 ἔνδικον
3381 1325 3577 1390 αὐτοῖς
3606 1330 3762 1400 παρά

2178 1399 2299 1469 Θεῷ
2361 1406 2573 1473 κρῖμαο
2634 1406 2748 1459 ἀλλ’
2793 1409 2944 1477 ὅμως
3001 1413 3127 1466 ἐπεὶ
3185 1415 3355 1469 τέκνα
3418 1420 3518 1471 καὶ
3599 1399 3760 1492 μέλη,

2181 1494 2609 1562 συμπαθητέον,
2670 1501 2766 1552 καὶ
2824 1501 3318 1576 “διαμαρτυρητέον
3388 1510 3577 1574 αὐτοῖς
3651 1512 3755 1567 ἔτι.

2179 1584 2335 1650 Λέγω
2361 1583 2447 1655 δὴ,
2487 1586 2563 1655 τῷ
2594 1587 2807 1659 ἀδελφῷ
2834 1593 3097 1665 Λεοντίῳ,
3139 1596 3398 1669 Μαξίμῳ,
3449 1600 3762 1671 Κλήμεντι,

2178 1677 2289 1737 τοῖς
2316 1676 2495 1739 ἄλλοις
2535 1678 2732 1745 ἆπασι,
2787 1685 2903 1747 τοῖς
2947 1686 3072 1739 καθ’
3121 1689 3510 1759 οίονδηποτοῦν
3561 1694 3764 1762 τρόπον

2179 1768 2612 1837 προφασιλογίας
2647 1772 2888 1840 ματαίας
2939 1777 3321 1846 ἀποσχισθεῖσι
3346 1797 3361 1813 ο
3404 1782 3476 1835 τὰ
3509 1785 3590 1845 είς
3626 1784 3761 1853 ἐμέ·

492 1867 545 1909 et
579 1871 726 1908 nunc
756 1856 880 1909 dico
901 1896 914 1920 ,
959 1854 1351 1923 ignoscendum
1386 1854 1490 1909 illis
1520 1864 1624 1909 est.
1669 1854 1775 1909 Sed
1807 1857 2066 1925 quoniam

2185 1859 2268 1910 καὶ
2320 1856 2473 1913 εἷπον
2542 1863 2746 1927 πάλαι,
2801 1866 2894 1919 καὶ
2962 1869 3106 1936 λέγω
3166 1871 3322 1941 ἇρτι·
3368 1874 3765 1944 Συγχωρητὲον

494 1962 615 2016 quae
649 1949 702 2001 in
732 1947 898 1999 Deum
930 1947 1223 2000 commissa
1256 1954 1419 2009 sunt,
1457 1946 1695 2001 hominis
1732 1964 1836 2000 non
1874 1958 1992 2013 est,
2026 1951 2071 2003 si

490 2040 698 2107 absque
740 2037 1055 2104 pmnitentia
1100 2046 1360 2090 maneant
1391 2075 1406 2100 ,
1462 2038 1702 2103 solvere;
1762 2040 1837 2093 illi
1890 2050 2072 2094 autem

493 2126 807 2195 paenitentia
842 2124 1084 2178 nondum
1122 2124 1250 2177 tacti
1284 2124 1537 2178 videntur
1565 2140 1578 2189 ;
1620 2126 1753 2194 quin
1786 2127 1890 2180 alia
1919 2128 2073 2181 insu-

495 2234 592 2287 per.
623 2217 737 2272 haec
762 2225 815 2271 et
843 2216 933 2269 illa
960 2216 1142 2285 egisse
1167 2232 1287 2284 qua:
1318 2216 1421 2285 ipsi
1459 2224 1661 2271 norunt
1685 2236 1697 2270 :
1725 2218 1952 2272 obsecro
1971 2261 1984 2283 ,
2018 2232 2076 2273 ut

488 2324 591 2381 per
612 2326 709 2365 vos
733 2311 845 2364 sive
871 2325 1038 2372 nunc,
1059 2309 1171 2363 sive
1192 2318 1325 2387 {post
1347 2318 1572 2364 mortem
1598 2311 1796 2374 meam,
1818 2311 1916 2363 hoe
1944 2312 2071 2375 illis,

493 2405 855 2458 tentationum
885 2410 1029 2455 metu
1053 2441 1068 2465 ,
1104 2402 1457 2455 denuntietur
1485 2419 1498 2454 :
1537 2402 1665 2469 quia
1698 2403 1893 2457 videtis
1915 2444 1927 2462 ,
1958 2402 2064 2457 l‘ra-

492 2506 602 2551 tres
625 2537 639 2561 ,
677 2496 913 2550 terribile
953 2502 1008 2549 et
1050 2493 1361 2548 inevitabile
1389 2493 1658 2563 judicium
1689 2535 1703 2559 ,
1751 2496 1855 2549 nisi
1890 2494 2061 2548 Deum

490 2588 651 2656 digna
685 2586 999 2655 pmnitentia
1068 2583 1414 2653 placaveritis
1449 2597 1465 2636 :
1517 2594 1782 2654 quantum
1822 2585 1966 2638 cnim
2000 2586 2067 2639 ad

491 2697 581 2739 me
629 2692 967 2749 peccatorem
1021 2675 1410 2747 ignoscendum
1463 2687 1545 2730 est
1598 2677 1775 2730 vobis.
1835 2675 1946 2731 Hoc
1991 2686 2077 2732 est

492 2774 637 2845 quod
688 2772 935 2827 nonnihil
970 2785 1057 2825 me
1102 2769 1430 2829 contristat,
1479 2780 1529 2820 ct
1572 2769 1740 2821 menti
1791 2770 2070 2823 occurrit:

490 2868 634 2938 quod
686 2876 747 2920 ut
783 2881 909 2935 erga
943 2878 1133 2917 omnes
1176 2860 1469 2930 perliciatis
1501 2876 1597 2919 vos
1633 2876 1753 2914 oro.
1804 2859 1987 2916 Valete
2020 2860 2072 2913 in

493 2963 745 3017 Domino.

914 3048 1105 3105 XXIII.
1142 3080 1209 3090 —-
1236 3047 1531 3116 Praeposito
1566 3048 1654 3117 (⁸).

2182 1951 2388 2035 αὐτοῖς.
2443 1952 2583 2005 Ἀλλ’
2637 1956 2825 2027 ἐπειδὴ
2877 1958 2945 2011 τὰ
3000 1962 3080 2022 εἰς
3112 1960 3266 2026 Θεὸν,
3313 1965 3416 2017 οὐκ
3473 1966 3763 2035 ἀνθρώπου

2182 2029 2331 2095 λύειν
2370 2045 2720 2115 ἀμετανόητα
2752 2050 2985 2117 μένοντα
3007 2067 3021 2080 ·
3055 2052 3115 2103 οὐ
3144 2053 3318 2121 δήπου
3353 2055 3409 2107 δὲ
3439 2074 3766 2127 μετανενοη·

2183 2131 2338 2195 κότες
2403 2135 2684 2201 φαίνονται
2796 2139 2936 2193 ἀλλά
3005 2144 3102 2196 καὶ
3179 2146 3765 2217 προσεξεργασάμενοι

2182 2223 2339 2276 τοῦτο
2369 2228 2612 2292 κάκεῖνο,
2645 2226 2681 2281 ἃ
2722 2230 2864 2283 ἴσασι
2886 2247 2900 2262 ο
2933 2234 3258 2303 παρακαλῶ,
3285 2236 3355 2288 δι’
3386 2238 3544 2307 ὑμῶν
3575 2239 3608 2310 ἢ
3644 2240 3764 2304 νῦν,

2183 2316 2293 2370 εἴτε
2354 2320 2494 2388 μετά
2544 2320 2774 2374 θάνατόν
2836 2340 2960 2391 μου,
3018 2325 3171 2396 φόϐῳ
3240 2328 3349 2380 τῶν
3404 2333 3764 2400 πειρασμῶν,

2181 2408 2404 2479 δοθῆναι
2451 2413 2635 2475 αὐτοῖς
2684 2413 2776 2465 τὸν
2829 2414 3025 2483 λόγοντ
3073 2418 3159 2469 ὅτι
3212 2418 3464 2487 βλέπετε,
3516 2423 3762 2491 ἀδελφοὶ,

2183 2501 2417 2570 φοϐερὸν
2450 2502 2511 2554 τὸ
2565 2506 2741 2575 κρῖμα
2775 2507 2869 2559 xui.
2912 2509 3290 2580 ἀπαραίτητον
3318 2528 3330 2540 ·
3366 2516 3414 2565 εί
3474 2518 3552 2585 μὴ
3597 2534 3766 2586 μετα-

2182 2592 2300 2662 νοίᾳ
2326 2592 2594 2664 ἀξιολόγῳ
2629 2595 2982 2660 ὲξιλεώσεσθε
3008 2600 3099 2653 τὸν
3125 2602 3286 2655 Θεόν·
3315 2604 3377 2656 τὸ
3412 2607 3523 2677 γὰρ
3554 2612 3610 2660 ὲν
3640 2611 3766 2679 ἐμοὶ

2178 2685 2257 2755 τῷ
2309 2687 2622 2758 ἁμαρτωλῷ
2666 2693 3051 2763 συγχωρητέον
3111 2696 3263 2764 ὑμῖν.
3315 2699 3490 2753 Τοῦτό
3530 2704 3650 2753 ἐστι
3703 2703 3765 2754 τὸ

2183 2778 2494 2831 ὁπολυποῦν
2555 2798 2622 2852 με
2683 2785 2778 2836 καὶ
2835 2788 3286 2856 παριστάμενον·
3358 2791 3387 2843 ὃ
3450 2792 3765 2847 διατελέσαι

2183 2865 2320 2935 πρὸς
2354 2868 2565 2934 πάντας
2600 2871 2838 2929 δυσωπῶ
2887 2875 3053 2946 ὑμᾶς.
3093 2879 3380 2949 Ἔρρωσθε
3437 2884 3498 2935 ὲν
3547 2883 3760 2954 Κυρίῳ.

2542 3057 2668 3113 Kl“.
2687 3086 2747 3098 --
2797 3060 3158 3130 Ἡγουμένῳ.
3184 3061 3369 3135 [aiax]

1481 3162 1553 3211 De
1580 3163 1763 3211 sanctis
1800 3161 2116 3223 imaginibus.
2146 3167 2345 3227 (Baron.
2374 3182 2453 3218 an.
2481 3170 2595 3230 816,
2621 3186 2671 3220 n.
2699 3171 2802 3235 54.)

560 3281 811 3337 Paterna:
836 3274 1111 3333 sanctitati
1141 3282 1335 3327 vestrae
1369 3273 1639 3327 scribendi
1675 3288 1881 3326 moram
1922 3272 2022 3327 feci
2057 3291 2071 3327 :
2102 3280 2145 3340 Ο

496 3378 568 3431 ita
602 3374 819 3444 quidem
852 3368 1144 3437 impeditus
1185 3365 1253 3419 ab
1285 3380 1348 3418 ea
1377 3363 1624 3417 custodia
1666 3378 1788 3431 quae
1839 3379 1925 3416 me
1968 3365 2077 3417 cir-

492 3475 750 3523 cumstat.
778 3462 973 3516 Audivi
999 3460 1282 3514 enimvero
1306 3458 1435 3511 olim
1464 3455 1701 3510 carceris
1729 3464 1948 3524 propter
1974 3456 2079 3507 Do-

495 3558 704 3613 minum
741 3569 804 3608 ac
835 3551 1152 3608 certaminis
1183 3550 1261 3602 tui
1302 3548 1564 3601 laborem.
1602 3544 1709 3599 Sed
1762 3547 2078 3601 benedictus

494 3651 638 3704 Deus
678 3648 771 3717 qui
814 3654 867 3700 et
911 3643 1255 3698 sanctitatem
1292 3635 1441 3694 tuam
1494 3638 1706 3693 vocavit
1751 3637 1818 3691 ad
1861 3636 2078 3693 eonl‘es-

494 3742 703 3796 sionem
739 3734 859 3790 Filii
894 3735 978 3789 sui
1009 3732 1135 3787 Jesu
1168 3728 1392 3793 Christi,
1426 3726 1637 3781 Domini
1669 3736 1724 3781 et
1758 3725 1849 3780 Dei
1882 3725 2078 3780 nostri.

494 3831 684 3899 Neque
716 3829 864 3884 enim
891 3825 1041 3880 aliud
1071 3836 1153 3878 est
1185 3836 1284 3893 pro
1310 3820 1545 3889 imagine
1572 3818 1763 3872 formae
1792 3818 1936 3871 illius
1959 3833 2079 3871 cor-

496 3939 673 3995 porea:
702 3923 1008 3983 decertare,
1037 3930 1201 3985 quam
1230 3929 1327 3985 pro
1355 3912 1473 3980 ipso
1502 3911 1825 3980 martyrium
1858 3908 2073 3963 facere:

491 4012 935 4086 quandoquidem
963 4024 1129 4063 unum
1160 4005 1413 4073 idemque
1436 4012 1541 4069 est,
1569 4002 1746 4071 quoad
1774 4014 2078 4070 repracsen-

493 4107 647 4162 tandi
679 4105 809 4169 vim,
843 4110 897 4157 et
926 4102 1105 4170 imago
1133 4107 1187 4153 et
1218 4096 1263 4151 is
1294 4095 1385 4165 qui
1423 4092 1656 4161 imagine
1692 4090 2074 4144 adumbratur.

499 4196 723 4267 Depingi
752 4205 935 4249 autem
958 4191 1272 4252 Christum,
1316 4186 1397 4239 vel
1433 4185 1637 4254 lapides
1689 4183 1790 4252 ipsi
1818 4182 2076 4237 clamant.

494 4291 704 4346 Idcirco
748 4285 946 4342 similis
978 4282 1154 4337 factus
1186 4290 1270 4334 est
1308 4276 1466 4331 nobis
1510 4291 1605 4345 per
1644 4274 1829 4328 omnia
1870 4273 2081 4342 absque

495 4391 743 4454 peccato,
778 4380 921 4435 sicut
953 4376 1219 4444 scriptum
1246 4380 1336 4426 est
1358 4370 1404 4401 “
1430 4387 1442 4423 :
1481 4368 1687 4436 absque
1721 4375 1946 4436 peccato
1977 4382 2078 4420 au-

496 4483 603 4525 tem
626 4511 642 4539 ,
678 4468 823 4539 quod
856 4467 974 4521 sine
1004 4462 1210 4519 semine
1242 4474 1463 4515 carnem
1498 4457 1726 4525 accepit,
1753 4467 2081 4525 conceptus-

493 4578 601 4634 que
648 4572 730 4617 est
772 4556 1026 4628 virginali
1074 4569 1223 4608 more
1269 4567 1338 4607 ex
1383 4548 1738 4605 sanctissima
1784 4545 1956 4602 Matre
2014 4562 2079 4601 ac

498 4656 747 4723 Deipara.

566 4741 800 4809 Quando
855 4745 1101 4793 nostrum
1161 4734 1326 4804 igitur
1383 4729 1767 4799 unusquisque
1827 4727 2073 4798 pingitur

496 4840 657 4909 (nam
693 4835 783 4904 qui
826 4833 974 4903 pingi
1013 4829 1241 4899 nequit,
1286 4842 1392 4881 non
1426 4826 1471 4880 is
1507 4825 1672 4878 homo
1697 4864 1711 4887 ,
1744 4822 1839 4877 sed
1869 4821 2075 4877 aborti-

498 4943 626 4981 vum
655 4925 912 4995 quiddam
940 4930 1023 4976 est
1057 4939 1070 4975 :
1108 4921 1295 4973 vivens
1327 4917 1473 4972 enim
1502 4915 1815 4984 quodlibet,
1841 4914 1987 4983 quod
2019 4914 2074 4967 in

499 5018 674 5070 lucem
710 5013 862 5075 exit,
907 5020 1097 5065 natura
1135 5008 1296 5062 habet
1341 5015 1401 5060 ut
1442 5005 1617 5073 ipsum
1658 5004 1803 5073 pingi
1844 5002 2076 5073 possit),

501 5110 681 5179 pictus
708 5104 961 5158 videlicet
1010 5110 1065 5156 et
1111 5100 1366 5155 Christus
1395 5107 1518 5152 est:
1566 5097 1670 5151 etsi
1709 5096 1866 5149 aliter
1897 5094 2081 5163 impiis

502 5200 737 5263 videtur,
762 5195 856 5265 qui
881 5194 1137 5249 salutaris
1164 5192 1387 5262 proinde
1413 5187 1843 5259 dispensationis
1872 5196 2081 5256 myste-

504 5290 643 5344 rium
670 5289 959 5355 abnegant.
989 5283 1124 5337 Nam
1149 5298 1259 5353 quo
1286 5296 1442 5351 paeto
1467 5278 1715 5335 conﬁteri
1739 5279 1861 5332 licet
1882 5276 2079 5330 Filium

508 5381 600 5435 Dei
638 5381 911 5433 hominem
934 5417 948 5440 ,
1000 5378 1141 5431 sicut
1171 5392 1271 5430 nos
1298 5414 1314 5439 ,
1359 5373 1684 5442 appellatum
1712 5409 1727 5433 ,
1759 5385 1994 5438 quorum
2027 5378 2083 5423 et

507 5474 674 5526 frater
703 5469 1006 5537 nuncupari
1040 5469 1244 5533 voluit;
1286 5466 1391 5520 nisi
1428 5480 1581 5534 aeque
1615 5480 1677 5519 ac
1710 5478 1809 5516 nos
1840 5462 2079 5533 Cll‘CUlﬂ-

508 5564 822 5622 scribatur?
848 5567 955 5617 Aut
984 5562 1258 5633 quomodo
1300 5561 1415 5631 lege
1445 5570 1652 5615 natura:
1702 5573 1887 5616 natum
1916 5601 1931 5627 ,
1977 5560 2085 5615 nisi

580 5678 627 5709 δ’
659 5675 804 5731 Psal.
840 5693 991 5742 xvnl,
1031 5679 1112 5732 l5.
1191 5678 1237 5710 ⁸³
1267 5676 1381 5734 Jac.
1416 5694 1499 5746 III,
1523 5677 1575 5731 '3.

586 5798 661 5868 (⁸)
699 5797 1033 5868 Dogmatica.

1658 5678 1703 5711 δ”
1742 5676 1902 5733 Hebr.
1935 5694 2009 5741 Iv,
2050 5678 2130 5732 l5.

2263 3278 2565 3351 Ἐϐράδυνα
2595 3284 2900 3337 ἐπιστεῖλαι
2928 3288 2995 3357 τῇ
3028 3290 3272 3359 πατρικῇ
3304 3305 3396 3341 σου
3440 3291 3762 3362 ἀγιωσυνῃ·

2178 3369 2320 3423 οὕτω
2370 3389 2483 3435 πως
2532 3375 2879 3445 ὲμποδισῦεὶς
2936 3378 3040 3431 ὑπὸ
3101 3380 3204 3451 τῆς
3272 3385 3643 3453 περιεχούσης
3696 3403 3763 3455 με

2177 3461 2503 3528 ἀσφαλείας.
2576 3466 2729 3519 Ἐπεὶ
2786 3468 2950 3521 πάλαι
3022 3471 3279 3540 ἀκηκοώς
3330 3474 3445 3542 εἰμι
3502 3474 3605 3543 τῆς
3672 3475 3763 3528 διὰ

2179 3553 2386 3623 Κύριον
2434 3556 2683 3627 φυλακῆς
2739 3561 2834 3611 καὶ
2884 3561 3227 3632 ὲναθλήσεώς
3282 3580 3377 3615 σου
3425 3566 3516 3616 τὸν
3546 3566 3762 3631 ἀγῶνα.

2192 3646 2333 3698 Ἀλλ’
2363 3647 2655 3720 εὐλογητὸς
2684 3652 2712 3703 6
2772 3651 2927 3718 Θεὸς,
2962 3654 2990 3705 ὁ
3045 3654 3142 3705 καὶ
3186 3654 3281 3723 τὴν
3328 3656 3428 3723 σὴν
3484 3657 3760 3724 ὁσιότητα,

2181 3738 2422 3802 καλέσας
2450 3742 2531 3803 εἰς
2556 3743 2656 3812 τὴν
2697 3743 2991 3811 ὁμολογίαν
3052 3745 3147 3797 τοῦ
3182 3745 3313 3798 Υῐοῦ
3363 3746 3533 3799 αὑτοῦ
3585 3748 3763 3816 Ἰησοῦ

2179 3830 2442 3897 Χριστοῦ,
2478 3829 2572 3881 τοῦ
2614 3831 2818 3900 Κυρίου
2868 3833 2961 3884 καὶ
2993 3831 3129 3885 Θεοῦ
3183 3833 3365 3903 ἡμῶν.
3428 3836 3505 3886 Οὐ
3567 3838 3675 3905 γάρ
3710 3854 3763 3887 τι

2180 3921 2306 3973 ἀλλο
2336 3922 2453 3974 ἐστὶ
2481 3921 2540 3974 τὸ
2561 3921 2701 3991 ὑπὲρ
2735 3924 2834 3992 τῆς
2864 3923 3073 3986 εἰκόνος
3098 3923 3193 3976 τοῦ
3238 3926 3558 3995 σωματικοῦ
3596 3927 3762 3979 αὐτοῦ

2182 4012 2538 4083 χαρακτῆρος
2573 4012 2842 4077 ὲναθλεῖν,
2874 4014 2907 4084 ἢ
2948 4015 3009 4067 τὸ
3043 4015 3172 4085 περὶ
3228 4017 3396 4069 αὐτοῦ
3436 4023 3761 4088 μαρτυρεῖν.

2193 4102 2414 4175 Ἐπειδὴ
2468 4102 2525 4157 ἓν
2561 4103 2655 4156 καὶ
2692 4104 2890 4157 ταυτὸν
2920 4108 2986 4176 τῇ
3026 4106 3327 4178 ὁμοιωτικῇ
3378 4107 3698 4168 ὑποστάσει,
3730 4110 3764 4178 ἡ

2183 4194 2345 4248 εἰκὼν
2370 4195 2506 4267 πρὸς
2538 4196 2630 4248 τὸν
2675 4195 3098 4268 είκονιζόμενον.
3150 4200 3274 4253 ’Ότι
3336 4200 3393 4253 δὲ
3434 4203 3765 4265 είκονίζεται

2182 4285 2436 4355 Χριστὸς,
2468 4285 2563 4339 καὶ
2590 4286 2639 4337 οἱ
2672 4285 2810 4339 λίθοι
2852 4288 3178 4358 κεκράγασι.
3212 4289 3357 4342 Διότι
3408 4290 3597 4359 ὅμοιος
3630 4294 3765 4359 ἡμῖν

2183 4380 2378 4445 γέγονε
2398 4381 2540 4432 κατά
2562 4379 2741 4432 πάντα
2759 4379 2896 4450 πλὴν
2915 4381 3191 4451 ἁμαρτίας
3207 4398 3222 4413 ·
3248 4380 3391 4435 καθά
3415 4384 3764 4452 γέγραπται·

2185 4468 2461 4538 ἁμαρτίας
2483 4470 2560 4533 δὲ,
2583 4470 2663 4521 ὃτι
2690 4468 2817 4521 ἄνευ
2852 4472 3061 4541 σπορᾶς
3092 4472 3282 4543 εἴληφε
3315 4474 3414 4541 τὴν
3434 4474 3640 4543 σάρκα,
3670 4476 3764 4527 καὶ

2184 4556 2393 4626 ὲκυήϐη
2433 4557 2779 4626 παρΟενικῶς
2807 4560 2873 4610 ὲκ
2902 4558 3003 4627 τῆς
3034 4562 3309 4629 παναγίας
3346 4562 3517 4615 αὑτοῦ
3556 4564 3766 4635 μητρὸς

2110 4628 2153 4682 D
2183 4650 2274 4701 καὶ
2306 4648 2593 4702 Θεοτὸκου.

2261 4741 2414 4793 Ἐπεὶ
2441 4738 2535 4793 οὖν
2574 4743 2737 4812 ἡμεῖς
2769 4743 3154 4815 εἰκονιζόμεθα
3202 4746 3475 4811 ἅπαντες·
3539 4748 3601 4812 ὃς
3659 4751 3766 4821 γὰρ

2179 4831 2281 4884 οὐκ
2314 4831 2665 4897 είκονίζεται,
2702 4835 2803 4888 οὐκ
2830 4835 3143 4905 ἄνθρωπος,
3202 4838 3342 4892 ἀλλά
3371 4857 3423 4891 τι
3462 4839 3765 4910 ἐκτρωμα·

2182 4924 2264 4977 ὃτι
2286 4925 2378 4977 καὶ
2411 4926 2518 4976 πᾶν
2570 4925 2705 4988 ζῶον
2734 4929 2812 4990 είς
2860 4928 2974 4997 φῶς
3010 4930 3167 4983 ἐλθὸν
3191 4931 3559 4994 εἰκονίζεσθαι
3593 4936 3769 5002 “ussu-

2188 5031 2312 5067 κενο
2360 5016 2655 5069 είκόνισται
2705 5017 2951 5088 δηλονότι
3009 5021 3106 5073 καὶ
3153 5023 3438 5091 Χριστός*
3492 5025 3598 5077 κᾶν
3660 5029 3771 5087 τοῖς

2186 5103 2366 5165 ἀθέοις
2393 5103 2453 5154 οὐ
2483 5105 2639 5174 δοκῇ,
2670 5106 3031 5176 ἀρνουμένοις
3069 5108 3324 5162 ἐντεῦθεν
3360 5109 3421 5161 τὸ
3451 5110 3552 5176 τῆς
3588 5130 3768 5181 σωτη-

2187 5197 2304 5265 ρίου
2334 5198 2650 5268 οἰκονομίας
2683 5201 3004 5269 μυστήριον.
3051 5201 3175 5265 Πῶς
3228 5204 3337 5273 γὰρ
3391 5204 3459 5256 ἂν
3502 5205 3771 5274 ὁμολογη-

2184 5288 2301 5359 θείη
2333 5290 2360 5341 6
2384 5289 2511 5352 Υἱὸς
2530 5290 2625 5342 τοῦ
2643 5291 2777 5343 Θεοῦ
2795 5292 3079 5362 ἄνθρωπος
3095 5295 3433 5364 χρηματίσαι
3458 5296 3583 5347 καθ’
3602 5297 3769 5366 ἡμᾶς,

2181 5373 2256 5433 ὦν
2286 5382 2379 5433 καὶ
2410 5380 2637 5450 ἀδελφὸς
2665 5382 2864 5450 ἠξίωσε
2925 5383 3192 5454 κληθῆναι
3218 5424 3235 5447 ,
3291 5385 3367 5455 μὴ
3402 5386 3600 5454 ἐπίσης
3641 5388 3771 5455 ἡμῖν

2190 5473 2690 5543 περιγραφόμενοςς
2720 5474 2839 5536 Πῶς
2875 5474 2933 5527 δὲ
2969 5475 3297 5545 γεννηθῆναι
3335 5476 3486 5545 νόμῳ
3529 5476 3769 5545 φύσεως,

2196 5564 2273 5634 μὴ
2295 5562 2539 5635 ἐμφερὴς
2573 5562 2648 5618 ὢν
2686 5566 2757 5635 τῇ
2792 5565 2971 5637 οἰκείᾳ
3012 5567 3218 5637 μητρί;
3258 5567 3320 5621 Ei
3370 5562 3465 5621 οὖν
3507 5568 3569 5621 οὐ
3612 5584 3771 5640 περι·
