3934 6504
157 400 292 469 1189

1345 399 1882 460 EPISTULARUM
1951 399 2101 458 LIB.
2139 399 2223 456 ll.

3277 392 3411 457 1190

153 521 463 585 γέγραπται
488 557 499 577 ,
529 514 629 567 οὐκ
660 514 725 567 ἐκ
749 514 858 566 τῶν
883 512 1231 582 παρθενικῶν
1253 514 1427 582 αὐτῆς
1455 514 1727 582 αἱμάτων,

1850 512 1908 564 sil.
1958 510 2118 563 matri
2169 523 2276 563 sum
2311 505 2550 561 similis?
2601 504 2712 559 Nisi
2747 506 2912 576 igitur
2946 513 3030 560 est
3062 505 3414 562 circumscri-

153 603 301 671 ὲξῶν
329 606 810 678 ὲπλαστούργησεν
869 605 1048 674 ἑαυτῷ
1102 604 1250 667 ναόν,
1309 602 1424 655 ἀλλ’
1479 604 1728 671 οὐράνιον

149 699 332 768 φέρων
364 698 520 766 σῶμα
543 713 557 727 ·
591 696 774 758 καθὼς
815 696 1123 765 Μαρκέλλῳ
1151 696 1229 764 τῷ
1260 693 1526 764 αἱρετικῷ
1557 694 1726 758 δοκεῖ,

159 790 254 840 καὶ
313 789 427 847 τοῖς
486 785 595 854 πρὸ
646 783 815 837 αὐτοῦ
866 784 1037 837 πάλαι
1084 783 1364 852 ἀσεβέσιν.
1442 782 1727 834 Ἐντεῦθεν

151 878 338 930 λοιπὸν
377 878 496 930 οὐδὲ
532 878 718 946 μήτηρ
751 876 968 943 ἀληθῶς
1001 877 1034 945 ἡ
1083 876 1290 944 μήτηρ,
1326 874 1463 927 ἀλλά
1514 872 1729 941 ψευδώ-

154 983 357 1034 νυμος·
389 965 500 1017 οὐδ’
527 967 662 1034 ἡμῖν
705 965 911 1033 ὅμοιος,
955 963 1071 1016 ἀλλ’
1111 962 1469 1031 ἑτεροούσιος.
1508 961 1582 1013 Οὐ
1623 962 1730 1030 μὴν

155 1057 281 1109 οὗτε
329 1055 500 1125 ’Δδὰμ
542 1055 947 1124 ἀνακέκληται·
982 1053 1097 1116 πῶς
1127 1054 1233 1121 γὰρ
1271 1054 1376 1118 av;
1422 1052 1733 1124 ὲτερογενεῖ

153 1147 516 1214 ἀναστήσεται
551 1142 763 1212 σώματι
805 1143 866 1194 τὸ
893 1141 1108 1210 χοῖκόν;
1166 1141 1312 1193 Διότι
1351 1140 1428 1210 τῷ
1478 1141 1649 1210 ὁμοίῳ
1672 1140 1732 1192 τὸ

153 1236 340 1304 ὅμοιον
385 1233 764 1296 ἀνασώζεσθαι
800 1232 1090 1285 δέδεικται.
1129 1231 1268 1284 υύτε
1319 1227 1411 1284 οῦν
1440 1234 1467 1284 ὁ
1501 1231 1731 1292 θάνατος

154 1326 461 1394 κατεπόθη,
518 1323 662 1376 κατὰ
711 1324 774 1376 τὸ
820 1322 1150 1376 ἀκόλουθον·
1224 1320 1350 1375 οὔτε
1426 1323 1460 1392 ἡ
1532 1324 1730 1393 νομικὴ

152 1417 383 1487 λατρεία
463 1417 768 1469 πέπαυται·
836 1415 1000 1486 χρεία
1075 1415 1402 1486 περιτομῆς,
1474 1416 1565 1467 καὶ
1623 1415 1732 1467 τῶν

153 1508 382 1562 λοιπῶν.

240 1684 421 1755 Ὁρᾷς,
443 1677 488 1739 ὧ
511 1684 603 1739 τοῦ
632 1686 768 1739 Θεοῦ
793 1684 1070 1758 ἄνθρωπε,
1102 1686 1182 1750 είς
1217 1685 1246 1738 ὃ
1279 1686 1552 1757 βάραθρον
1609 1688 1736 1749 ἀσε-

153 1775 312 1838 ϐείας
356 1777 679 1846 ἐληλακότες
731 1778 1103 1848 ὲνεπάρησαν,
1147 1780 1210 1830 ὲκ
1254 1777 1349 1830 τοῦ
1402 1778 1478 1848 μὴ
1531 1779 1738 1849 ἐγγρὰ-

154 1869 357 1936 φεσθαι
386 1868 477 1921 τὸν
510 1869 746 1938 Χριστὸν
772 1870 831 1921 ὲν
874 1870 1065 1922 πίνακι
1115 1869 1364 1934 δοξάζειν
1419 1872 1467 1921 οἱ
1512 1871 1731 1922 Εἱκονο-
1761 1852 1807 1910 Β

156 1958 362 2027 μάχας
432 1959 812 2022 Ἰουδαῖξουσιν
869 1958 977 2027 ἄρα
1065 1959 1344 2026 ἀσφαλῶς.
1453 1959 1735 2012 Ἐντεῦθεν

152 2049 282 2101 οὔτε
322 2050 421 2117 τὴν
448 2049 730 2113 Θεοτόκον,
785 2048 910 2102 οὔτε
965 2051 1087 2102 τινὰ
1135 2051 1245 2103 τῶν
1289 2053 1459 2118 ἁγίων
1498 2052 1737 2121 παραδέ-

155 2157 384 2209 χονται,
421 2141 509 2193 διὰ
557 2144 658 2210 τῆς
715 2141 824 2194 τῶν
872 2143 1090 2195 οἰκείων
1138 2142 1320 2194 αὐτῶν
1367 2144 1738 2212 χαρακτήρων

154 2234 466 2302 ἀρνήσεως,
513 2234 639 2295 τοὺς
675 2234 1263 2303 ,χαρακτηριζομένους
1301 2233 1735 2303 βδελυττόμενοι.

169 2322 234 2374 'H
259 2323 366 2390 γὰρ
386 2323 486 2391 τῆς
522 2324 727 2386 εἰκόνος
747 2325 878 2394 τιμὴ
902 2325 993 2376 καὶ
1021 2325 1216 2393 ἀτιμία
1243 2325 1338 2376 ἐπὶ
1359 2325 1421 2376 τὸ
1450 2325 1735 2394 πρωτότο-

154 2428 262 2463 πον
284 2411 550 2465 διαϐαίνει
575 2452 589 2475 ,
618 2411 690 2473 ῶς
717 2429 882 2481 φησιν
931 2413 959 2464 ὁ
989 2412 1162 2482 μέγας
1195 2413 1496 2474 Βασίλειος.
1547 2413 1741 2464 Βδέλυ-

157 2503 251 2568 ξαι
303 2504 394 2555 τὸν
439 2503 611 2555 τύπον
666 2503 760 2556 τοῦ
815 2503 1083 2575 σταυροῦ·
1128 2507 1223 2558 καὶ
1261 2506 1383 2557 τίνα
1437 2504 1737 2575 βδελύσσῃ;

154 2594 287 2664 οὑχὶ
307 2595 396 2646 τὸν
423 2594 686 2656 ζωοποιὸν
736 2595 999 2664 σταυρόν;
1048 2595 1235 2658 Οὕτως
1294 2594 1389 2648 τοῦ
1443 2595 1737 2664 βασιλέως,

155 2686 341 2747 οὕτως
368 2685 677 2737 οὑτινοσοῦν
707 2684 995 2756 ἀνθρώπου
1017 2704 1030 2717 ·
1054 2686 1197 2739 οὕτω
1229 2689 1322 2740 καὶ
1351 2686 1446 2739 τοῦ
1477 2687 1739 2756 Χριστοῦ,

155 2779 263 2846 τῆς
291 2793 350 2828 τε
377 2777 605 2848 Μητρὸς
642 2777 833 2838 αὑτοῦ,
886 2777 982 2829 καὶ
1012 2779 1211 2841 παντὸς
1248 2779 1429 2845 ἁγίου.
1469 2780 1742 2848 Ἤρνηται

157 2869 259 2922 νῦν
290 2871 317 2920 ὁ
345 2869 600 2938 Χριστὸς,
631 2869 726 2921 καὶ
747 2869 1058 2933 δεδίωκται,
1098 2871 1193 2921 καὶ
1220 2869 1592 2932 ὲξουδένωται.
1636 2871 1743 2924 Καὶ

161 2956 441 3025 μακάριος
479 2952 548 3017 εἷ,
577 2956 777 3025 Πάτερ,
811 2956 1050 3009 ὲναθλῶν
1096 2958 1190 3010 καὶ
1239 2960 1600 3027 ἀντεχόμενος
1645 2961 1743 3029 τῆς

157 3042 678 3111 ὀρθοδοξίας.’Δλλὰ
709 3044 1014 3114 προσεύχου
1040 3048 1133 3098 καὶ
1172 3047 1314 3116 ὑπὲρ
1365 3048 1499 3116 ἐμοῦ
1540 3048 1633 3101 τοῦ
1664 3050 1743 3100 ol-

159 3134 335 3204 κτροῦ
356 3176 371 3197 ,
422 3135 652 3188 κατόπιν
689 3137 827 3189 ἰέναι
878 3137 978 3206 τῆς
1007 3139 1318 3211 ἁγιωσύνης
1352 3157 1444 3193 σου
1469 3180 1485 3204 ,
1535 3141 1632 3193 καὶ
1665 3140 1740 3211 μὴ

159 3226 514 3296 ἀπωσθῆναι,
537 3227 631 3280 διὰ
658 3227 759 3290 τὰς
790 3228 1065 3298 ἁμαρτίας
1101 3247 1226 3299 μου.

523 3340 651 3394 ΚΔ’.
683 3368 752 3381 -
786 3340 1054 3408 ἰγνατίῳ
1078 3340 1287 3408 τέκνῳ.
1312 3340 1496 3414 [σλ.ζ’.]

1830 612 1979 672 plus,
2017 619 2130 655 nun
2149 619 2213 654 ex
2241 601 2489 670 virginali
2527 601 2698 669 ipsius
2727 600 2995 670 sanguine
3017 639 3032 663 ,
3071 613 3137 653 ex
3175 615 3283 668 quo
3309 600 3413 654 sibi

1833 695 1946 762 ipse
1967 695 2232 762 templum
2258 693 2549 754 exstruxit,
2579 692 2670 747 sed
2695 691 2918 745 cwleste
2944 689 3161 759 prazl'ert
3190 705 3414 758 corpus.

1832 785 1909 836 uti
1940 783 2196 837 Marcello
2225 784 2479 836 haeretieo
2515 782 2689 834 visum
2737 790 2858 845 est,
2908 781 3229 849 caeterisque
3279 779 3411 832 olim

1831 876 2014 944 impiis
2046 885 2171 929 ante
2198 875 2405 943 ipsum.
2439 873 2595 928 Unde
2630 881 3034 925 consectarium
3067 880 3192 933 est,
3228 881 3287 923 ut
3322 885 3416 923 ne-

1833 981 1941 1034 que
1971 974 2144 1019 mater
2168 980 2291 1019 vere
2322 978 2495 1018 mater
2529 965 2621 1025 sit,
2655 964 2748 1016 sed
2777 963 2970 1016 falsum
3002 976 3198 1013 nomen
3227 972 3374 1030 gerat
3403 978 3415 1011 :

1833 1071 1933 1111 nec
1966 1057 2057 1110 ille
2087 1056 2285 1110 similis
2315 1055 2496 1120 nobis,
2529 1055 2619 1108 sed
2646 1061 2853 1107 natura:
2889 1053 3196 1106 dissimilis.
3232 1052 3419 1119 Neque

1833 1147 2001 1213 igitur
2033 1145 2205 1200 Adam
2241 1146 2547 1214 appellatus
2577 1154 2659 1198 est
2687 1161 2699 1196 :
2745 1159 2866 1196 nam
2900 1157 3009 1212 quo
3041 1142 3092 1195 id
3122 1142 3320 1210 pacto?
3359 1143 3416 1192 In

1834 1238 2062 1293 alterius
2085 1244 2294 1290 natura:
2318 1251 2546 1304 corpore
2575 1244 2823 1302 resurget
2848 1233 2995 1302 quod
3022 1242 3277 1286 terrestre
3298 1231 3421 1284 cst?

1833 1331 1992 1384 Certe
2023 1329 2187 1384 simili
2234 1329 2414 1383 simile
2455 1327 2653 1382 salvari
2699 1326 3038 1394 intelligitur.
3092 1326 3276 1391 Neque
3328 1322 3418 1389 igi-

1834 1428 1923 1473 tur
1959 1420 2124 1486 (nam
2172 1419 2221 1471 id
2257 1426 2340 1471 est
2367 1432 2433 1470 cx
2466 1430 2532 1470 eo
2566 1416 2948 1483 consequens)
2984 1429 3129 1467 mors
3163 1415 3416 1479 absorpta

1833 1519 1914 1564 est
1940 1550 1955 1574 ,
1985 1525 2161 1579 neque
2196 1508 2390 1576 legalis
2424 1507 2660 1560 servitus
2685 1506 2846 1560 desiit
2876 1523 2889 1558 :
2935 1514 3047 1559 tum
3074 1520 3201 1559 vero
3229 1515 3281 1558 et
3311 1505 3419 1557 cir-

1836 1601 2176 1655 cumcisione
2201 1641 2217 1665 ,
2249 1607 2302 1652 et
2331 1597 2556 1667 reliquis
2583 1612 2742 1664 opus.

1912 1692 2094 1756 Vides,
2133 1707 2166 1744 ο
2208 1693 2370 1745 homo
2401 1690 2536 1755 Dei,
2580 1690 2632 1741 in
2663 1704 2825 1757 quem
2855 1689 3089 1744 demersi
3125 1688 3417 1756 impietatis

1839 1780 2104 1848 gurgitem
2135 1779 2478 1832 lconomaebi
2507 1779 2848 1840 devenerint,
2876 1793 2983 1830 non
3009 1778 3223 1847 depiugi
3252 1777 3415 1830 Chri-

1837 1879 1980 1924 stum
2037 1870 2088 1922 in
2144 1870 2325 1922 tabula
2380 1870 2726 1922 statuentes?
2773 1868 2994 1936 Absque
3042 1870 3149 1921 ulla
3203 1869 3417 1921 dubita-

1838 1957 2306 2023 tionejudaizant.
2336 1955 2476 2008 l’linc
2505 1972 2683 2024 neque
2723 1955 3029 2024 Deiparam,
3067 1971 3163 2010 nec
3191 1968 3415 2011 sancto-

1838 2063 1957 2102 rum
1982 2062 2308 2116 quemquam
2343 2047 2659 2112 admittunt,
2688 2063 2783 2115 per
2816 2048 3158 2116 negationem
3189 2051 3422 2117 propria:

1842 2139 2089 2209 ipsorum
2134 2139 2204 2192 [οι
2228 2153 2346 2202 mae,
2378 2153 2474 2192 eos
2507 2154 2724 2207 quoque
2755 2154 2989 2207 quorum
3028 2139 3199 2193 forma
3240 2143 3420 2210 expri-

1840 2231 2030 2296 mitur,
2062 2239 2434 2285 exsecrantes.
2486 2230 2741 2298 lmaginis
2773 2231 2918 2284 enim
2966 2231 3140 2284 honor
3187 2241 3241 2284 et
3277 2247 3422 2286 con-

1842 2331 2079 2390 temptus
2111 2321 2163 2373 in
2198 2329 2542 2388 prOIotypum
2587 2319 2760 2382 redit,
2801 2329 2861 2372 ut
2895 2335 3125 2390 magnus
3154 2322 3230 2374 ait
3259 2321 3416 2375 Basi-

1843 2415 1965 2468 lius.
1999 2412 2190 2467 Crucis
2240 2411 2657 2465 similitudinem
2689 2413 2992 2466 exsecraris
3027 2428 3041 2465 :
3095 2428 3258 2480 quam
3307 2429 3420 2468 rem

1843 2515 1894 2560 te
1925 2503 2202 2558 exsecrari
2251 2503 2477 2557 censes?
2533 2517 2713 2556 nonne
2753 2503 2928 2572 ipsam
2974 2505 3242 2557 vivilicam
3296 2519 3422 2560 cru—

1841 2595 1994 2650 cem?
2020 2593 2110 2650 Sic
2139 2595 2204 2648 de
2237 2595 2378 2662 regis
2410 2592 2607 2663 efﬁgie,
2639 2603 2730 2647 aut
2765 2595 3006 2662 cujusvis
3037 2594 3314 2648 hominis:
3346 2594 3426 2648 sic

1841 2696 1893 2740 et
1926 2686 2162 2750 Christi,
2192 2694 2246 2738 et
2274 2685 2462 2739 Matris
2485 2685 2605 2754 ejus
2644 2697 2699 2738 et
2727 2688 2899 2739 sancti
2931 2686 3237 2754 cujuslibet.
3272 2684 3428 2740 Nunc

1841 2776 2097 2831 Christus
2133 2787 2358 2846 negatus
2388 2785 2491 2837 est,
2526 2784 2580 2828 et
2613 2777 3053 2844 persecutionem
3091 2791 3285 2844 passus
3312 2785 3425 2838 est.

1846 2877 1900 2921 et
1934 2866 2236 2935 despicatui
2273 2867 2486 2920 habitus
2516 2877 2613 2920 est.
2649 2867 2712 2919 Et
2760 2867 2949 2921 beatus
2976 2882 3066 2931 cs,
3095 2865 3273 2930 Pater,
3302 2881 3426 2919 cum

1845 2959 2082 3013 dimicas
2115 2974 2176 3012 ac
2200 2959 2468 3012 obniteris
2499 2974 2599 3028 pro
2624 2959 2930 3013 orthodoxa
2965 2959 3087 3012 (ide.
3116 2959 3219 3013 Sed
3248 2966 3300 3012 et
3330 2973 3429 3027 pro

1845 3064 1930 3102 me
1965 3050 2166 3103 misero
2197 3065 2449 3117 precare,
2484 3060 2543 3103 ιιι
2573 3052 2821 3120 vestigiis
2857 3051 3164 3105 sanctitatis
3195 3059 3301 3104 tuae
3343 3051 3424 3103 iu-

1845 3141 2032 3194 sistam
2056 3181 2070 3206 ,
2107 3156 2206 3195 nec
2231 3152 2449 3211 propter
2487 3154 2711 3211 peccata
2747 3158 2868 3196 mea
2893 3143 3106 3212 ejiciar.

2299 3339 2488 3397 XXIV.
2513 3373 2580 3384 -
2608 3340 2818 3413 Ignatio
2846 3343 2981 3413 ﬁlio.

1505 3457 1736 3508 Celebrat
1756 3457 1892 3505 illius
1917 3454 2115 3503 laudes.

243 3541 318 3592 Ἀ
380 3538 694 3610 γέγραφας,
728 3541 921 3594 τέκνον
973 3541 1356 3611 ἠγαπημένον,
1403 3542 1575 3610 ἔγνων
1601 3561 1613 3574 ·
1650 3544 1746 3595 καὶ

161 3632 350 3700 χαίρω
365 3631 581 3682 ἀκούων
596 3647 690 3682 σου
708 3631 806 3700 τῆς
820 3632 1026 3701 φωνῆς·
1044 3633 1102 3684 ού
1127 3633 1232 3702 μὴν
1252 3632 1325 3695 ῶς
1344 3633 1748 3701 ὑπολαμϐάνεις

162 3724 237 3776 τὰ
261 3724 389 3776 κατ’
411 3722 512 3792 ἐμέ
537 3737 551 3752 ·
573 3723 716 3775 ἕωλα
741 3723 848 3792 γάρ
879 3724 973 3776 καὶ
1007 3724 1302 3794 οὐδαμινά·
1328 3723 1466 3793 πλὴν
1495 3727 1542 3776 εί
1572 3725 1747 3791 λέγοις

161 3814 507 3882 ὠφελεῖσθαι
530 3815 586 3866 ἐν
608 3816 720 3875 τοῖς
745 3813 926 3880 λόγοις
956 3831 1082 3882 μου.
1116 3816 1155 3866 Γ
1162 3816 1297 3884 ράφε
1326 3816 1419 3867 καὶ
1444 3816 1597 3884 δέχου
1620 3832 1632 3842 ·
1658 3819 1752 3868 καλ⁹

165 3906 369 3974 φθόνος
391 3905 585 3966 οὐδείς.
639 3905 870 3973 Συνίημι
899 3905 1010 3974 βίον
1042 3907 1223 3958 ’ἐλκειν
1265 3923 1325 3958 σε
1349 3925 1750 3978 στενοχωρητι-

166 3998 270 4050 κδν
293 3999 354 4049 ὲν
381 3995 460 4066 τῷ
494 3995 725 4066 παρόντι
755 3995 1016 4067 διωγμῷ·
1066 3996 1255 4069 ὥσπερ
1288 3999 1386 4052 καὶ
1425 4001 1475 4051 οἱ
1522 3999 1753 4069 ὁμοτρό-

165 4105 294 4151 πως
353 4104 436 4140 σοι
483 4087 871 4158 κρυπτόμενοι.
943 4088 1084 4142 Ἀλλ’
1143 4092 1175 4158 ὴ
1216 4090 1373 4152 ἐλπὶς
1422 4091 1749 4158 κουφιζέτω.

171 4181 314 4250 ’Ἔχε
344 4180 414 4231 τὰ
446 4180 589 4232 κατά
635 4181 694 4231 σὲ
742 4178 1022 4247 ἀσφαλῶς,
1062 4179 1200 4247 μετὰ
1240 4180 1336 4232 τοῦ
1384 4180 1551 4232 καλοῦ
1586 4181 1754 4232 Εὐσε-

169 4270 318 4340 βίου,
359 4269 417 4321 ὃν
441 4271 534 4323 καὶ
570 4272 986 4341 προσαγορεύω.
1035 4271 1101 4323 Ἦ
1126 4272 1275 4341 παρά
1307 4271 1417 4324 τῶν
1457 4273 1756 4341 αἱρετικῶν

167 4358 440 4412 κοινωνία
465 4359 529 4411 οὐ
556 4359 732 4421 κοινὸς
770 4358 1120 4430 ἅρτος,·ἀλλὰ
1153 4362 1465 4430 φάρμακον,
1499 4362 1558 4413 οὐ
1599 4362 1757 4429 σῶμα

169 4451 444 4522 βλάπτον,
499 4450 638 4506 ἀ).λά
685 4450 865 4521 ψυχὴν
901 4452 1153 4520 μελαῖνον
1187 4453 1281 4504 καὶ
1330 4453 1612 4516 σκοτίζον·
1673 4455 1757 4523 pi--

168 4561 338 4598 ’πτειν
370 4543 539 4596 δὲκαὶ
564 4543 828 4614 κρύϐδην,
859 4545 959 4596 οὐκ
980 4545 1104 4614 ἐμοὶ
1135 4545 1195 4596 τὸ
1218 4543 1420 4610 λέγειν.
1454 4544 1615 4606 Ἀλλά
1642 4546 1752 4597 τῶν

166 4633 484 4686 ποιούντων
512 4635 692 4703 φόϐῳ·
732 4636 865 4705 περὶ
890 4628 966 4688 ῶν
995 4635 1174 4687 ἐκεῖνο
1215 4633 1396 4701 λέγειν
1459 4634 1637 4696 εστιν,
1680 4637 1761 4688 ὅτι

170 4725 408 4778 Πολλοὶ
459 4723 578 4776 τῶν
620 4726 933 4792 ἀρχόντων
993 4726 1320 4779 ἐπίστευον
1371 4728 1458 4790 εἰς
1528 4727 1757 4779 αὐτόν·

168 4815 318 4870 ἀλλ’
355 4817 469 4884 οὐχ
494 4815 845 4883 ὡμολόγουν
873 4815 971 4869 διὰ
1015 4817 1160 4882 τοὺς
1203 4818 1566 4884 Φαρισαίους
1591 4835 1604 4849 ·
1661 4820 1745 4871 ἵνα

1861 4823 2011 4892 pibus
2050 4819 2384 4873 crediderunt
2426 4819 2477 4871 in
2513 4834 2630 4872 eum
2672 4832 2690 4870 :

166 4905 261 4974 μὴ
285 4905 751 4975 ἀποσυνάγωγοι
775 4905 1082 4974 γένωνται.
1131 4909 1483 4977 Ἠγιίπηο-αιν
1509 4910 1620 4978 γὰρ
1648 4910 1764 4978 τὴν

174 4993 378 5058 δόξαν
411 4994 529 5048 τῶν
580 4994 911 5061 ἀνθρώπων
937 4993 1176 5060 μᾶλλον
1204 4996 1241 5063 ἢ
1281 4997 1396 5063 τὴν
1425 4998 1617 5062 δόξαν
1656 4999 1762 5054 τοῦ

177 5086 357 5139 Θεοῦ.
395 5086 457 5138 El
486 5085 542 5138 δὲ
572 5085 870 5155 όρθοδὸξων
901 5086 956 5139 αἱ
987 5085 1144 5155 εὐχαὶ
1191 5088 1290 5156 τῆς
1329 5088 1640 5158 ἱερουργίας
1666 5106 1680 5120 ·
1714 5090 1764 5142 τί

175 5177 364 5241 τοῦτο,
402 5179 450 5229 εί
497 5176 648 5245 παρά
692 5177 989 5246 αἱρετικῶν
1057 5177 1312 5243 γίνοιντο,
1356 5180 1761 5248 συμϐάλλεταις

177 5269 258 5320 οὐ
291 5272 405 5338 γὰρ
457 5264 534 5327 ὡς
580 5269 609 5319 ὁ
660 5268 894 5336 ποιήσας
944 5267 1116 5328 αὑτὰς
1153 5268 1476 5336 φρονοῦσιν·
1532 5271 1656 5323 οὐδὲ
1691 5272 1766 5333 ὼς

175 5359 342 5412 αὑταὶ
391 5356 448 5408 αἱ
482 5358 656 5422 φωναὶ
689 5358 1049 5427 σημαίνουσι,
1099 5359 1481 5413 πιστεύουσιν·
1535 5362 1766 5433 ἐπείπερ

177 5448 337 5500 πᾶσα
367 5448 402 5515 ἡ
435 5450 822 5518 μυσταγωγία,
843 5449 1079 5520 Χριστὸν
1110 5450 1398 5520 ἄνθρωπον
1424 5453 1640 5523 άληθῶς
1673 5471 1767 5520 γε-

182 5538 449 5607 γενῆσθαι
476 5538 718 5602 δοξάζει·
746 5541 793 5592 οἱ
822 5542 879 5592 δὲ
922 5541 1235 5611 ἀρνοῦνται,
1266 5545 1370 5600 κᾶν
1416 5545 1640 5616 λέγωσι,
1680 5547 1768 5601 διὰ

184 5629 251 5680 τὸ
279 5634 503 5700 φρονεῖν
534 5632 609 5702 μὴ
637 5633 1066 5698 ὲξεικονίζεσθαι
1095 5636 1277 5690 αὐτόν.

263 5819 303 5846 ’⁵⁸
331 5817 490 5870 «ΙυΑιι.
532 5833 601 5870 XII
624 5859 636 5882 ,
669 5819 756 5871 42.

1919 3540 2048 3606 ane
2081 3539 2384 3608 scripsisti.
2414 3540 2611 3595 dilecte
2653 3541 2760 3608 fili,
2814 3544 3095 3611 intellexi,
3142 3559 3207 3600 ac
3248 3561 3432 3601 vocem

1850 3640 1996 3685 tuam
2030 3631 2247 3700 quidem
2292 3633 2480 3686 audire
2509 3649 2595 3686 me
2624 3635 2854 3688 delectat
2888 3653 2901 3689 :
2939 3645 2994 3691 at
3034 3651 3122 3691 res
3161 3653 3294 3692 meze
3328 3655 3434 3691 non

1850 3724 1930 3777 sic
1969 3734 2118 3786 sunt,
2149 3734 2206 3778 ut
2234 3734 2285 3777 tu
2317 3725 2643 3791 existimas;
2687 3741 2809 3779 nam
2842 3737 2971 3780 sunt
2993 3728 3186 3783 inanes
3215 3745 3276 3784 ac
3309 3731 3433 3783 nn|~

1852 3815 1958 3868 lius
2004 3815 2192 3882 pretii,
2243 3815 2349 3868 nisi
2396 3815 2540 3883 quod
2595 3817 2943 3873 sermonibus
2985 3819 3123 3873 meis
3165 3820 3342 3888 iuvari
3384 3830 3435 3874 te

1852 3906 1954 3960 ais.
1991 3906 2183 3959 Scribe
2212 3915 2265 3958 et
2293 3907 2517 3974 accipe:
2557 3921 2656 3959 nec
2685 3907 2959 3961 invidebo.
2994 3907 3243 3978 Intelligo
3266 3911 3432 3963 vitam

1856 3998 2075 4051 trahere
2110 4006 2159 4050 te
2200 3997 2416 4066 plenam
2451 3999 2829 4052 molestiarum
2867 4000 2920 4053 in
2960 4002 3214 4069 praesenti
3250 4017 3437 4070 perse-

1854 4090 2118 4143 cutione:
2163 4088 2624 4154 quemadmodum
2669 4098 2723 4142 et
2766 4089 2802 4142 i1'
2852 4090 2947 4158 qui
2981 4090 3238 4144 similiter
3280 4107 3344 4144 ac
3379 4102 3436 4144 tu

1857 4181 1910 4233 in
1943 4178 2166 4232 latebris
2192 4179 2417 4248 degunt.
2446 4178 2550 4231 Sed
2585 4178 2822 4232 laborem
2857 4193 2984 4247 spes
3015 4180 3278 4233 sublevet.
3314 4180 3434 4233 Tibi

1857 4272 2050 4326 sedulo
2075 4285 2207 4325 cave
2241 4285 2364 4323 cum
2395 4270 2609 4339 egregio
2647 4269 2907 4332 Eusebio,
2937 4286 3100 4340 quem
3131 4281 3185 4325 et
3227 4272 3432 4327 saluto.

1857 4361 2186 4417 Communio
2211 4376 2335 4414 cnm
2370 4359 2641 4414 luereticis
2671 4374 2777 4413 non
2805 4360 2960 4428 panis
2993 4362 3302 4415 communis
3329 4369 3436 4424 est,

1859 4456 1951 4510 sed
1990 4470 2259 4508 venenum
2287 4493 2300 4516 ,
2334 4453 2477 4522 quod
2511 4468 2619 4504 non
2653 4466 2856 4521 corpus
2887 4451 3106 4521 quidem
3134 4489 3149 4515 ,
3183 4452 3276 4505 sed
3320 4452 3440 4505 ani-

1860 4562 2010 4601 mum
2043 4545 2299 4605 obscurat
2325 4553 2379 4596 et
2405 4543 2726 4596 obtenebrat
2755 4559 2767 4594 :
2802 4542 3072 4612 projicere
3094 4557 3224 4595 vero
3253 4542 3440 4596 occul-

1863 4647 1934 4702 te,
1962 4653 2067 4690 non
2091 4646 2174 4690 est
2201 4651 2381 4689 meum
2401 4635 2582 4688 dicere
2609 4652 2623 4700 ;
2654 4635 2748 4688 sed
2775 4635 3010 4702 suntqui
3035 4643 3178 4687 metu
3201 4633 3435 4699 iaciant;

1863 4730 1930 4784 de
1968 4730 2168 4799 quibus
2196 4727 2330 4781 illud
2373 4742 2637 4794 usurpare
2669 4726 2750 4781 fas
2782 4735 2866 4780 est
2895 4743 2907 4778 :
2954 4723 3115 4776 Multi
3150 4741 3214 4777 ex
3239 4725 3440 4791 princi-

2743 4819 2831 4871 θεά
2883 4827 3096 4885 propter
3135 4815 3439 4869 Pharist

1857 4928 1961 4964 non
1995 4910 2402 4977 conﬁtebantur,
2456 4919 2512 4961 ul
2562 4926 2587 4961 e
2637 4907 2918 4977 Synagoga
2952 4925 3053 4961 non
3099 4908 3433 4976 ejicerenlur.

1860 5003 2169 5056 Dilexerunl
2220 5003 2355 5054 enim
2408 5002 2635 5068 gloriam
2697 5001 2969 5052 hominum
3025 5003 3230 5070 magis,
3280 5017 3439 5069 quam

1859 5092 2082 5161 gloriam
2137 5091 2229 5143 Dei
2278 5091 2344 5142 ⁸⁸.
2391 5088 2544 5154 Quod
2599 5089 2644 5142 si
2703 5089 3135 5143 orthodoxorum
3187 5098 3310 5142 sunt
3364 5105 3441 5142 ese

1861 5198 2047 5252 preces
2072 5184 2273 5252 quibus
2302 5197 2388 5235 res
2411 5197 2567 5236 sacra
2601 5181 2880 5250 peragitur
2910 5198 2923 5233 :
2963 5196 3251 5249 quorsum,
3281 5195 3347 5233 an
3372 5183 3440 5234 ab

1861 5273 2130 5327 haereticis
2182 5274 2284 5326 illa:
2317 5275 2478 5337 tiant,
2516 5272 2901 5341 disceptatur?
2949 5271 3134 5341 Neque
3163 5272 3308 5326 enim
3349 5287 3441 5326 eas

1873 5365 2094 5433 perinde
2124 5376 2287 5432 atque
2320 5366 2564 5433 ipsarum
2607 5374 2797 5418 auctor
2836 5364 3145 5432 intelligunt
3195 5381 3207 5416 :
3268 5378 3444 5432 neque

1873 5455 1927 5508 id
1961 5456 2191 5509 credunt
2219 5455 2364 5522 quod
2399 5469 2561 5508 voces
2602 5453 2733 5522 ipsae
2762 5451 3073 5520 signiﬁcant
3113 5469 3125 5504 :
3173 5449 3443 5519 siquidem

1875 5545 1949 5598 rei
1999 5560 2170 5598 sacrae
2208 5545 2449 5613 peractio
2480 5544 2660 5598 omnis
2689 5542 2966 5597 Christum
3003 5543 3280 5597 hominem
3318 5555 3444 5593 vere

1876 5635 2076 5689 factum
2111 5636 2296 5689 statuit
2331 5654 2343 5689 :
2390 5636 2444 5688 hi
2472 5651 2600 5688 vero
2640 5644 2871 5702 negant,
2913 5634 3178 5706 quidquid
3226 5632 3440 5695 dicant,

1875 5730 1966 5802 qui
1999 5745 2119 5784 eum
2151 5729 2291 5798 pingi
2329 5743 2486 5798 posse
2517 5728 2847 5784 iuliciantnr.
