3934 6448
505 369 637 440 1191

573 480 1049 550 Quemadmodum
1093 479 1138 533 si
1172 478 1376 532 diceret
1409 474 1610 545 aliquis
1642 492 1654 528 :
1694 474 1871 530 Credo
1901 473 1953 526 in
1984 471 2081 524 Pa-
2109 469 2157 527 A

502 587 662 639 trem,
697 586 749 629 et
778 574 1000 635 Filium,
1024 581 1080 626 et
1111 570 1373 640 Spiritum
1411 577 1683 629 sanctum,
1714 565 1940 619 sentiret
1985 578 2080 615 au-

504 676 610 721 tem
629 667 864 727 Patrem,
880 672 935 716 et
952 662 1166 725 Filium,
1180 672 1233 714 et
1248 660 1507 728 Spiritum
1523 666 1768 713 sanctum
1786 670 1947 709 uuam
1963 668 2081 708 esse

507 755 841 826 hypostasim
860 754 961 807 sub
980 752 1177 822 triplici
1204 750 1452 813 nomine;
1478 750 1623 817 quod
1656 747 1758 800 fuit
1776 744 2081 813 insipientis

509 843 731 896 Sabellii
759 842 986 911 dogma;
1018 855 1136 909 age,
1163 839 1308 892 hunc
1336 838 1627 907 quisquam
1656 843 1908 889 nostrum
1938 832 2083 885 dicat

510 934 563 985 in
601 931 925 984 Trinitatem
967 928 1227 984 credere?
1265 927 1492 981 minime
1530 939 1664 979 sane
1711 939 1726 976 :
1766 935 2081 989 quanquam

512 1024 559 1077 is
586 1032 883 1076 assevcret.
918 1019 1009 1075 Sic
1038 1020 1223 1087 igitur,
1250 1031 1427 1086 neque
1462 1015 1574 1077 hic,
1611 1023 1671 1067 ut
1699 1012 1975 1081 loquitur,
2010 1010 2083 1063 ita

512 1111 721 1175 credit,
751 1110 1003 1180 quamvis
1048 1109 1124 1162 rei
1172 1122 1341 1162 sacrae
1388 1106 1521 1160 ritus
1566 1104 1905 1158 orthodoxus
1956 1107 2082 1153 est:

513 1200 610 1255 sed
651 1200 695 1254 is
731 1200 1005 1252 incassum
1038 1197 1314 1266 loquitur,
1348 1194 1431 1248 vel
1458 1194 1638 1263 potius
1669 1193 1828 1246 ludos
1859 1190 1989 1259 agit,
2020 1202 2086 1243 ac

514 1292 796 1359 liturgiam
848 1289 1178 1344 contumelia
1228 1287 1392 1341 allicit
1445 1303 1459 1339 :
1520 1282 1964 1355 quandoquidem
2032 1289 2088 1335 et

516 1382 947 1452 praestigiatores
1001 1391 1055 1435 et
1113 1381 1485 1433 incantatores
1541 1375 1741 1431 divinis
1792 1375 2088 1428 abutuntur

518 1472 753 1527 canticis
807 1473 858 1526 in
913 1470 1311 1525 daemoniorum
1357 1468 1555 1522 sacris.
1584 1464 1953 1520 Praestahilius
2003 1472 2090 1519 est

518 1578 669 1625 etim,
696 1562 787 1631 qui
820 1561 1058 1614 nondum
1091 1560 1161 1612 sit
1191 1573 1348 1612 sacro
1378 1556 1525 1610 fonte
1554 1556 1755 1609 tinctus
1783 1593 1798 1619 ,
1838 1554 1885 1609 si
1919 1554 2091 1623 bapti-

519 1662 674 1705 zator
704 1651 1042 1705 orthodoxns
1088 1665 1194 1702 non
1242 1648 1420 1711 adsit,
1468 1661 1500 1700 a
1547 1649 1852 1711 monacho;
1896 1654 1990 1698 aut
2042 1644 2089 1698 si

520 1744 663 1798 desit
706 1743 792 1796 ille
818 1782 833 1805 ,
882 1757 911 1795 a
954 1742 1093 1794 laico
1130 1738 1437 1809 baptizari,
1481 1737 1735 1792 dicente:
1780 1735 2091 1804 Baptizatur

1707 365 1768 424 S.
1807 356 2202 423 THEODORI
2245 350 2594 415 STUDIT/E

3634 330 3762 395 illi?

2263 462 2351 524 Ὠς
2379 460 2446 513 ἂν
2476 460 2523 510 εἰ
2551 456 2643 509 καὶ
2674 455 2849 522 λέγων
2878 469 2963 517 τις
2986 468 2998 481 ·
3036 449 3284 505 Πιστεύω
3316 449 3395 509 είς
3426 444 3657 513 Πατέρα
3672 443 3760 493 καὶ

2183 553 2310 605 Υίδν
2341 551 2433 603 καὶ
2456 549 2609 617 ἆγιον
2643 545 2869 615 Πνεῦμα
2891 561 2904 574 ·
2938 542 3153 613 φρονῶν
3185 542 3245 594 δὲ
3268 540 3351 591 ὅτι
3381 539 3410 589 ό
3441 533 3644 603 Πατὴρ
3674 532 3762 582 καὶ

2179 646 2207 698 6
2239 642 2368 705 Υἱὸς
2402 640 2495 693 καὶ
2552 638 2613 690 τὸ
2664 638 2818 703 ἆγιον
2870 633 3094 703 Πνεῦμα
3153 631 3251 701 μία
3295 624 3606 685 ὑπόπασὶς
3656 624 3763 673 ἐστι

2179 735 2488 805 τριώνυμος
2525 748 2540 763 ’
2588 730 2728 799 ὅπερ
2781 727 3019 797 ὑπάρχει
3086 724 3262 793 δόγμα
3321 718 3626 775 Σαϐελλίου
3678 713 3764 766 τοῦ

2184 823 2618 895 ματαιόφρονοςο
2661 817 2714 869 τί
2760 814 2892 881 οὓνς
2936 813 3183 891 εζπωμεν
3230 812 3322 865 τὸν
3372 807 3631 863 τοιοῦτον
3682 821 3765 854 πι-

2183 889 2407 968 στεύειν
2426 889 2505 975 είς
2530 908 2737 980 Τριάδα
2758 925 2771 971 ;
2809 889 3060 973 οὐδαμῶς
3079 920 3094 934 ·
3120 902 3224 955 κᾶν
3255 901 3410 970 λέγῃ.
3434 897 3633 959 Οὕτως
3655 889 3763 952 οὖν,

2182 1006 2305 1059 οὑδέ
2334 1000 2569 1056 ἐνταῦθα
2618 996 2866 1052 πιστεύει
2912 995 2991 1058 ὡς
3034 995 3221 1061 λέγει·
3267 990 3370 1045 κᾶν
3401 986 3697 1059 όρθὸδοξος
3737 986 3768 1051 ἡ

2187 1093 2588 1169 μυσταγωγία⁶
2641 1091 2757 1146 ἀλλ’
2819 1088 3150 1159 είκαιολογεῖ
3204 1088 3234 1138 6
3300 1082 3549 1144 τοιοῦτος
3607 1079 3765 1149 [Reg

2185 1190 2306 1247 cod.
2353 1183 2672 1257 ἐκάτερος]υ
2709 1183 2910 1255 μᾶλλον
2957 1182 3015 1236 δὲ
3051 1178 3325 1250 ἐνυϐρίζει
3396 1173 3622 1236 παίζων
3673 1171 3768 1239 τὴν

2185 1280 2526 1349 λειτουργίαν
2547 1292 2559 1305 ·
2594 1276 2718 1329 ἐπεὶ
2744 1275 2838 1328 καὶ
2880 1273 3077 1342 γόητες
3108 1270 3203 1323 καὶ
3248 1265 3502 1321 ἐπαοιδοὶ
3525 1260 3769 1349 χρῶνται

2188 1348 2381 1432 θείαις
2410 1367 2577 1438 ᾠδαῖς
2623 1366 2681 1419 ἐν
2727 1366 2840 1426 τοῖς
2875 1357 3276 1431 δαιμονιώδεσι.
3346 1353 3635 1424 Συμφέρει
3683 1348 3771 1438 τὸν

2196 1461 2553 1522 ἀϐάπτιστον,
2581 1457 2630 1509 εί
2694 1454 2771 1524 μὴ
2809 1453 3114 1523 εὑρίσκοιτο
3163 1444 3446 1517 όρθόδοξος
3492 1442 3522 1494 6
3576 1437 3772 1509 βαπτί-

2192 1554 2322 1618 ζων,
2358 1548 2463 1603 ὑπὸ
2513 1545 2769 1616 μοναχοῦ,
2812 1543 2870 1613 ἢ,
2926 1542 3021 1594 καὶ
3075 1538 3266 1592 τούτου
3317 1535 3392 1605 μὴ
3452 1532 3635 1592 όντος,
3669 1527 3773 1579 ὑπὸ

2189 1642 2379 1698 λαῖκοῦ
2415 1637 2802 1711 βαπτισθῆναι,
2832 1633 3117 1701 λέγοντος·
3148 1626 3483 1689 Βαπτίζεται
3540 1622 3573 1711 6
3623 1619 3773 1711 δεῖνα

2197 1739 2275 1799 εἰς
2298 1735 2359 1787 τὸ
2385 1707 2556 1802 δνομα
2575 1728 2667 1783 τοῦ
2699 1725 2916 1797 [ἰατρὸς
2943 1723 3039 1777 καὶ
3063 1719 3159 1774 τού
3188 1716 3321 1773 Υἱοῦ
3347 1715 3441 1768 καὶ
3484 1710 3586 1802 τοῦ,
3615 1707 3771 1802 ἁγίου

475 1895 479 1901 ν
520 1833 647 1886 talis
679 1833 729 1885 in
764 1832 982 1885 nomine
1009 1795 1216 1894 Patris:
1238 1837 1292 1883 et
1329 1827 1476 1891 Filii,
1503 1835 1557 1882 et
1598 1826 1835 1896 Spiritus
1856 1795 2047 1881 ἐδιτιοιί
2075 1842 2090 1890 ;

2210 1795 2541 1897 Πνεύματος·
2598 1821 2630 1891 ἦ
2680 1795 2986 1887 ἀφώτιστον
3018 1810 3357 1882 ἐκδημῆσαν
3414 1806 3510 1858 καὶ
3541 1798 3769 1901 άληθῶς

519 1935 683 1990 quam
731 1920 929 1975 lavacri
975 1930 1252 1990 expertem
1297 1934 1328 1974 e
1374 1920 1484 1972 vita
1534 1919 1726 1973 abire:
1760 1926 1814 1971 et
1858 1917 1944 1971 ille
1970 1931 2094 1971 vere

522 2013 834 2082 baptizatus
866 2022 967 2068 est.
1012 2011 1088 2065 Ex
1127 2010 1453 2065 necessitate
1489 2008 1632 2062 enim
1673 2007 1730 2061 ﬁt
1767 2007 1899 2077 legis
1936 2020 2092 2061 com-

520 2103 753 2159 mutatio
782 2121 797 2170 ;
838 2105 914 2158 uti
943 2104 1072 2158 olim
1109 2102 1312 2154 laetum
1339 2108 1393 2153 et
1420 2100 1781 2153 constitutum
1812 2107 1916 2152 est.

897 2212 1066 2268 XXV.
1091 2242 1159 2252 -—
1186 2210 1343 2265 Petro
1377 2208 1575 2263 Nicaza:
1611 2206 1710 2277 (1).

2197 1892 2521 1985 ἐϐαπτίσθη.
2564 1911 2655 1975 Ἐξ
2684 1909 2934 1975 ἀνάγκης
2965 1904 3074 1973 γὰρ
3109 1902 3204 1955 καὶ
3229 1899 3400 1969 νόμου
3438 1892 3771 1966 μετάθεσις⁸

2200 2008 2276 2073 ὡς
2304 2007 2496 2075 γέγονε
2531 2002 2702 2056 πάλαι
2724 1998 2818 2052 καὶ
2851 1994 3253 2051 ἀποδέδεικται.

2551 2204 2681 2258 κε’.
2708 2231 2776 2242 -
2807 2199 3006 2268 Πέτρῳ
3025 2195 3291 2260 Νικαίας.
3321 2186 3523 2263 [σμβη

1283 2299 1360 2351 De
1387 2300 1731 2349 haereticorum
1756 2299 1949 2348 vitanda
1979 2299 2341 2347 communione.
2371 2296 2569 2358 (Baron.
2593 2306 2675 2342 an.
2703 2291 2814 2348 816,
2845 2304 2896 2338 n.
2925 2287 3028 2349 46.)

590 2390 781 2444 Sciens
815 2387 907 2441 tibi
943 2385 1094 2440 cordi
1136 2399 1258 2440 esse
1284 2424 1299 2450 ,
1352 2394 1412 2437 ut
1447 2392 1623 2437 tecum
1648 2421 1663 2444 ,
1710 2397 1869 2437 sacro
1916 2382 2094 2449 capite

521 2494 666 2543 meo,
702 2478 855 2532 nihili
885 2478 1049 2529 homo
1080 2476 1312 2545 loquar;
1351 2473 1558 2527 amoris
1586 2486 1739 2538 ergo,
1773 2488 1878 2525 non
1916 2486 2096 2525 neces-

522 2570 702 2624 sitatis
745 2583 949 2630 causa,
990 2580 1134 2619 nunc
1186 2565 1399 2631 loquor.
1454 2560 1520 2615 Et
1566 2561 1785 2630 quidem
1818 2560 1929 2628 jam
1971 2566 2095 2613 ante

525 2658 743 2712 locutus
764 2672 858 2725 per
884 2657 1112 2709 alteram
1143 2652 1428 2722 epistolam
1459 2650 1646 2704 videor
1672 2668 1686 2704 :
1718 2664 1880 2719 quam
1911 2658 2095 2702 utrum

527 2749 808 2818 acceperis
865 2746 1071 2799 nescio.
1121 2743 1182 2798 In
1235 2753 1469 2810 utraque
1528 2749 1710 2796 autem
1761 2742 1948 2795 eadem
1990 2755 2096 2793 vox

529 2843 662 2896 mihi
690 2882 704 2905 ,
735 2849 795 2895 ut
823 2854 1053 2907 corpore
1074 2838 1276 2902 valeas,
1321 2837 1393 2889 mi
1424 2835 1581 2890 Pater
1604 2876 1621 2901 ,
1654 2835 1868 2889 ﬁrmum
1896 2833 2097 2888 verita-

530 2936 601 2989 tis
654 2931 1073 2985 fundamentum
1124 2928 1191 2983 ad
1242 2928 1540 2981 multorum
1594 2926 1987 2988 stabilitatem,
2032 2924 2099 2977 ad

531 3019 655 3076 ﬁdei
688 3016 1029 3087 signaculum
1060 3056 1076 3080 ,
1130 3015 1197 3069 ad
1237 3015 1451 3069 laudem
1489 3014 1731 3079 Christi,
1774 3013 1839 3068 ad
1872 3013 2098 3082 gloriam

535 3110 804 3163 universa:
833 3107 1093 3161 Ecclesiae
1120 3127 1133 3160 :
1172 3105 1434 3174 quoniam
1466 3106 1798 3173 conspicuus
1828 3114 1883 3157 tu
1914 3104 2104 3157 oculus

2263 2355 2430 2440 Εἰδὼς
2461 2380 2548 2431 ὅτι
2594 2376 2766 2445 φιλεῖς
2790 2367 3125 2442 φθέγγεσθαί
3161 2382 3229 2436 με
3256 2362 3348 2417 τὸν
3370 2358 3586 2421 οὐδενὸς
3624 2355 3777 2419 ἄξιον

2198 2471 2334 2541 πρὸς
2368 2469 2428 2521 σέ
2470 2467 2569 2537 τὴν
2604 2464 2758 2534 ἱεράν
2790 2479 2891 2532 μου
2939 2456 3183 2527 κεφαλήν
3206 2471 3221 2487 ’
3256 2452 3440 2521 φιλίας
3485 2447 3649 2541 χάριν
3670 2486 3686 2511 ,
3714 2446 3775 2498 οὐ

2197 2540 2387 2633 χρείας
2422 2561 2585 2613 ’ένεκα
2612 2557 2714 2627 ήδη
2742 2554 3088 2622 φθέγγομαι·
3124 2545 3390 2614 φαίνομαι
3419 2543 3477 2633 δέ
3504 2540 3607 2633 καὶ
3636 2555 3776 2633 προσ

2196 2627 2570 2720 ᾧθεγξάμενος
2592 2648 2660 2700 δι’
2687 2646 2885 2714 ἐτέρας
2913 2638 3203 2707 ἐπιστολῆς
3227 2653 3241 2667 ’
3267 2635 3335 2705 ἥν
3364 2630 3654 2720 εἰὲδέξατο
3677 2627 3778 2680 οὐκ

2198 2719 2520 2811 ἐπίσταμαι.
2586 2739 2676 2789 Ἐν
2727 2731 2821 2787 οὖν
2869 2730 3209 2801 αμφοτέραις
3248 2720 3330 2787 εἷς
3368 2739 3459 2791 μοι
3504 2721 3563 2811 όᾼ
3594 2719 3778 2785 λόγος,

2204 2809 2469 2899 ὑγιαίνειν
2498 2844 2557 2879 σε
2589 2825 2665 2895 τῷ
2690 2824 2905 2892 σώματι
2936 2818 3027 2871 τὸν
3067 2816 3202 2886 ἐμὸν
3242 2813 3485 2881 Πατέρα,
3518 2809 3621 2899 τὸν
3648 2822 3780 2899 pars-

2203 2897 2329 2993 ρεδν
2366 2920 2616 2989 θεμέλιον
2652 2916 2751 2984 τῆς
2792 2909 3072 2982 ἀληθείας,
3117 2908 3199 2969 εἰς
3246 2904 3497 2976 ἐδρασμα
3543 2897 3780 2959 πολλῶν,

2205 2990 2285 3076 είς
2341 3010 2612 3082 σφραγῖδα
2658 3007 2915 3066 πίστεως,
2973 3003 3053 3064 είς
3108 2998 3329 3051 ἔπαινον
3375 2992 3642 3062 Χριστοῦ,
3699 2990 3777 3050 είς

2208 3104 2367 3166 κλέος
2390 3079 2503 3170 γτῆς
2543 3100 2671 3167 ὅλης
2737 3092 3091 3155 Ἐκκλησίας’
3121 3086 3313 3156 ἐπειδὴ
3338 3082 3651 3154 περιφανὴς
3682 3169 3685 3170 ν
3718 3079 3781 3130 σὺ

534 3216 645 3272 pra:
668 3198 900 3264 caeteris,
928 3196 1135 3251 Orienti
1164 3169 1217 3249 et
1249 3194 1527 3250 Occidenti
1557 3169 1738 3258 notus,
1773 3193 1976 3247 habens
2000 3208 2104 3246 una

2210 3169 2480 3262 ὀφθαλμλς
2527 3189 2679 3259 παρὰ
2722 3187 2849 3251 τοὺς
2903 3183 3121 3247 ἄλλους,
3163 3176 3427 3245 ’Δνατολῇ
3463 3173 3561 3225 καὶ
3618 3169 3782 3223 Δύσει

535 3311 663 3350 cum
717 3295 820 3348 vita
865 3303 1093 3357 sancta,
1150 3290 1466 3345 facultatem
1516 3287 1783 3344 sermonis
1827 3286 2110 3341 eximiam.

539 3384 692 3440 Unde
720 3396 773 3438 et
803 3382 1228 3452 imperatoribus
1257 3379 1455 3433 charus
1487 3377 1663 3431 factus
1696 3391 1755 3430 es
1778 3418 1794 3441 ,
1827 3384 1881 3429 et
1910 3374 2112 3445 princi-

540 3478 704 3549 pibus
739 3475 991 3529 amabilis
1018 3516 1033 3540 ,
1077 3482 1131 3528 et
1170 3473 1457 3527 monachis
1505 3470 1794 3524 laudabilis
1820 3510 1834 3534 ,
1882 3467 2115 3538 propriae

538 3582 670 3621 vero
700 3564 963 3619 Ecclesia:
985 3563 1115 3633 quid
1142 3562 1324 3616 dicere
1354 3577 1493 3630 opus
1515 3560 1637 3614 est?
1665 3576 1789 3614 eum
1822 3559 2035 3612 beatum
2066 3566 2115 3611 te

540 3654 838 3725 pranlicet,
889 3660 939 3705 te
973 3658 1241 3719 exspetat,
1296 3657 1547 3715 ametque
1594 3647 1664 3700 ob
1715 3646 1947 3715 plurima
1996 3658 2117 3712 quae

539 3744 767 3815 patrasti
789 3742 1000 3812 egregia
1032 3741 1295 3801 facinora,
1317 3748 1376 3791 ut
1405 3737 1643 3791 infantes
1658 3736 1824 3791 ubera
1846 3748 2114 3803 materna,

541 3842 605 3887 ut
630 3834 763 3903 pulli
793 3832 1083 3894 nutricem,
1116 3837 1175 3882 ut
1206 3828 1327 3898 agni
1360 3842 1549 3881 verum
1582 3835 1879 3897 pastorem.
1912 3822 2116 3889 Quidni

543 3923 777 3978 autem?
826 3937 948 3977 cum
996 3920 1223 3974 auribus
1265 3918 1577 3973 insonantia
1620 3917 1856 3971 habeant
1904 3916 2117 3969 viviﬁca

543 4018 707 4070 verba
748 4024 839 4068 tua
874 4031 888 4079 ;
931 4028 1041 4082 pra:
1079 4012 1254 4065 oculis
1288 4018 1469 4064 erecta
1523 4023 1618 4078 per
1659 4016 1710 4061 te
1757 4006 1849 4061 Dei
1896 4005 2115 4074 templa.

541 4106 787 4162 Necdum
843 4107 967 4159 dico
1020 4103 1490 4172 cleemosynarum
1544 4099 1767 4169 copias,
1813 4106 1869 4151 et
1909 4098 2117 4165 reliqua

544 4210 714 4266 opera
746 4206 957 4250 sancta.
990 4192 1101 4247 Nec
1130 4208 1257 4246 vero
1288 4191 1553 4244 arbitrere
1585 4204 1670 4243 me
1708 4188 1963 4242 amicitiae
1997 4202 2120 4256 gra-

543 4287 765 4342 tiﬁcari.
802 4284 934 4339 Nam
966 4285 1064 4340 etsi
1102 4283 1278 4337 oculis
1306 4298 1410 4335 non
1447 4280 1727 4350 usurpavi,
1764 4279 1945 4333 audivi
1978 4279 2121 4332 nihi-

545 4378 788 4433 lominus
838 4391 903 4430 ex
958 4375 1025 4429 iis
1074 4374 1167 4443 qui
1204 4372 1471 4427 viderant.
1515 4369 1668 4436 Quod
1715 4372 1758 4423 si
1816 4384 1961 4423 nunc
2008 4369 2123 4423 haec

544 4476 777 4538 occupat
808 4466 1083 4537 piaculum
1111 4505 1126 4529 ,
1173 4479 1300 4519 vere
1345 4464 1530 4517 luscus
1581 4462 1669 4515 ille
1699 4469 1753 4515 et
1788 4462 2026 4514 externis
2064 4471 2118 4515 et

548 4560 781 4614 internis
812 4558 1022 4612 oculis:
1068 4572 1134 4609 ne
1164 4555 1533 4617 contristeris,
1565 4553 1749 4616 beate,
1779 4566 1953 4620 neque
1984 4551 2118 4604 adeo

548 4651 786 4706 mireris.
835 4649 1077 4718 Apostoli
1108 4648 1160 4701 in
1190 4646 1475 4701 cmnaculo
1509 4653 1667 4699 erant
1688 4686 1700 4707 ,
1750 4652 1802 4697 et
1831 4644 2119 4697 celeberri-

549 4759 699 4797 mum
736 4743 998 4809 templum
1052 4739 1278 4793 deicidae
1334 4738 1694 4806 occupabant.
1740 4735 1938 4788 Eadem
1975 4748 2118 4788 nunc

549 4834 1043 4889 lconomachorum
1097 4832 1278 4895 ratio,
1336 4839 1390 4884 et
1444 4829 1666 4883 Judaica
1720 4826 2114 4896 sentientium:

550 4940 690 4994 quos
719 4933 998 4979 convertat
1039 4922 1301 4977 Dominus
1327 4960 1343 4985 ,
1396 4930 1449 4973 et
1479 4918 1751 4973 custodiat
1796 4927 1845 4972 te
1893 4931 1991 4986 pro
2034 4929 2118 4969 me

552 5027 799 5071 orantem
838 5015 947 5070 ﬁlio
979 5024 1092 5068 tuo.

2210 3281 2641 3351 γνωριζόμενος·
2678 3278 2817 3348 ἔχων
2866 3277 3003 3346 μετὰ
3035 3274 3129 3328 τοῦ
3170 3272 3319 3343 ίεροῦ
3373 3270 3491 3340 βίου
3545 3266 3640 3320 καὶ
3694 3264 3783 3317 τὶν

2212 3374 2368 3441 λόγον
2436 3370 2751 3422 πολλοστόν.
2813 3366 2907 3431 Ἐξ
2945 3360 3005 3420 οὑ
3064 3366 3164 3418 καὶ
3220 3360 3501 3432 βασιλεῦσι
3551 3358 3783 3425 γέγονας

2214 3462 2474 3534 φιλητδς,
2552 3460 2645 3513 καὶ
2688 3458 2947 3529 ἄρχουσιν
3010 3454 3273 3527 ἐραστδς,
3325 3451 3422 3505 καὶ
3482 3448 3783 3519 μονασταίς

2216 3553 2532 3616 ἐπαινετὸς·
2584 3553 2650 3621 τῇ
2698 3550 2757 3604 δέ
2802 3548 2981 3620 οἰκείᾳ
3022 3545 3324 3615 Ἐκκλησία
3357 3542 3411 3594 τί
3438 3542 3521 3594 δεῖ
3555 3540 3651 3592 καὶ
3698 3538 3783 3589 λέα

2213 3660 2369 3714 γειν;
2425 3642 2807 3713 μακαριζούσῃ
2839 3658 2899 3695 σε
2931 3640 3027 3695 καὶ
3058 3634 3420 3705 ἐπιποθούσῃ,
3452 3632 3523 3686 δι’
3547 3630 3585 3684 ἃ.
3629 3628 3785 3697 ἔδρας

2217 3753 2315 3799 σας
2359 3734 2585 3787 πλείστα
2645 3734 2729 3786 ὃτι
2799 3733 3033 3802 μάλιστα
3081 3727 3509 3799 κατορθώματα,
3555 3723 3633 3784 ὼς
3688 3724 3784 3789 νή-

2217 3844 2319 3880 πια
2386 3826 2512 3889 τοὺς
2573 3825 2876 3895 μητρικοὺς
2940 3820 3179 3894 μαζοὺς,
3258 3819 3335 3882 ὡς
3406 3814 3615 3870 νεοττοὶ
3690 3813 3787 3879 τὴν

2216 3918 2434 3989 τροφὸν,
2484 3918 2561 3980 ὡς
2606 3917 2769 3988 άρνες
2806 3915 2897 3967 τὸν
2932 3912 3153 3983 άληθῶς
3200 3910 3459 3981 ποιμένα.
3514 3908 3629 3960 Καὶ
3674 3904 3789 3963 πῶς

2219 4008 2328 4077 γὰρ
2360 4007 2421 4061 οὑ
2440 4026 2455 4070 ;
2477 4007 2678 4060 ἔναυλα
2708 4005 2920 4075 ἔχοντες
2938 4003 3008 4056 τὰ
3034 4002 3225 4072 ζωηρά
3252 4017 3346 4053 σου
3378 3999 3627 4069 ῥήματα,
3667 3992 3788 4047 κατ’

2218 4098 2531 4169 ὀφθαλμοὺς
2572 4096 2858 4167 βλέποντες
2901 4096 3029 4158 τοὺς
3078 4093 3183 4169 ὑπὺ
3236 4090 3330 4143 σοῦ
3380 4085 3789 4159 άνορθωθέντας

2219 4168 2381 4249 ναοὺς
2408 4189 2566 4242 Θεοῦ.
2587 4189 2696 4241 Καὶ
2728 4185 2881 4239 οὔπω
2903 4186 3047 4253 λέγω
3076 4168 3385 4251 τδδαψιλές
3422 4181 3523 4247 τῆς
3562 4178 3791 4244 ἐλεημοο

2224 4281 2410 4351 σύνης,
2453 4279 2547 4332 καὶ
2596 4278 2664 4330 τὰ
2699 4277 2862 4330 λοιπὰ
2909 4274 3214 4343 ὀσιώματα.
3282 4270 3391 4323 Καὶ
3441 4268 3519 4339 μὴ
3583 4266 3791 4332 δόξειας

2222 4371 2375 4442 φιλίᾳ
2399 4386 2467 4441 με
2497 4367 2836 4439 χαρίζεσθαι.
2863 4367 2926 4420 El.
2954 4364 3062 4436 γὰρ
3084 4364 3180 4417 καὶ
3221 4362 3297 4433 μὴ
3327 4360 3446 4429 ὄψει
3482 4358 3754 4411 ὑπέλαϐον
3773 4395 3787 4416 ,

2223 4461 2339 4516 ἀλλ’
2371 4462 2518 4530 ὅμως
2568 4460 2837 4530 κατήκοος
2871 4456 3139 4528 ἐγενόμην
3194 4451 3345 4526 παρὰ
3386 4449 3496 4503 τῶν
3550 4449 3788 4502 εἰδότων.

2224 4554 2287 4606 Et
2312 4553 2369 4605 δέ
2389 4552 2471 4605 ὃτι
2509 4550 2605 4604 νῦν
2651 4551 2912 4620 κάθαρμα
2948 4550 2978 4602 6
3018 4548 3093 4610 ὠς
3132 4545 3345 4616 άληθῶς
3384 4540 3792 4613 ἑτερόφθαλμος

2222 4645 2451 4704 καὶτοῖς
2476 4640 2579 4705 ἔξω
2602 4642 2696 4693 καὶ
2726 4643 2837 4703 τοῖς
2876 4639 3024 4692 ἔνδον
3058 4637 3271 4707 ὄμμασι
3311 4632 3533 4701 κατέχει
3579 4630 3755 4682 ταῦτα
3774 4669 3787 4691 ,

2224 4734 2301 4804 μὴ
2332 4730 2527 4795 λυποῦ,
2555 4722 2600 4781 ὧ
2628 4727 2846 4799 μάκαρ⁹
2879 4730 3015 4798 μήτε
3050 4726 3157 4797 μὴν
3199 4724 3511 4793 θαυμάσῃς.
3563 4722 3630 4774 Οἱ
3664 4719 3793 4774 ἀπό-

2223 4822 2402 4876 στολοι
2426 4823 2482 4873 ἐν
2505 4820 2582 4890 τῷ
2605 4818 2839 4891 ὑπερῴῳ
2868 4815 3029 4889 ἦσαν,
3056 4819 3153 4871 καὶ
3186 4817 3277 4870 τὸν
3313 4814 3650 4887 περιβόητον
3677 4812 3795 4865 ναὸν

2222 4918 2270 4969 οἱ
2298 4914 2571 4967 θεοκτόνοι
2601 4912 3059 4981 περιελάμϐανον.
3081 4908 3319 4962 Τοιαῦτα
3353 4908 3453 4958 καὶ
3482 4909 3550 4958 τὰ
3573 4905 3685 4956 τῶν
3712 4902 3794 4954 Ei-

2226 5002 2547 5073 κονομάχων
2599 5002 2692 5054 καὶ
2749 5000 3186 5070 ’ἰουδαιοφρόνων
3230 4997 3346 5051 νῦν.
3388 4995 3496 5059 Οὓς
3548 4993 3797 5064 ἐπιστρέ·

553 5109 704 5177 ψειεν
732 5110 758 5161 6
782 5107 1005 5176 Κύριος,
1035 5105 1129 5157 καὶ
1158 5104 1216 5156 σέ
1250 5099 1635 5171 περιφυλὰξειε
1679 5099 2118 5168 προσευχόμενον
2150 5097 2279 5167 περὶ
2301 5093 2437 5163 ἐμοῦ
2467 5091 2561 5145 τοῦ
2598 5092 2690 5144 σού
2724 5092 2937 5144 τέκνου.

798 5216 983 5271 XXVI.
1019 5245 1087 5257 —-
1118 5214 1499 5284 Tlteophylacto
1530 5210 1874 5265 Nicomediae.

2475 5204 2518 5255 Κ
2530 5199 3092 5270 (ἷ’.-Θεοφυλάκτῳ
3110 5197 3526 5268 Νικομηδείας.
3608 5188 3796 5269 [σμγ’

1530 5304 1605 5353 De
1641 5298 2165 5362 sanctis'imaginibus.
2194 5301 2391 5364 (Baron.
2428 5294 2638 5354 an.816,
2675 5307 2722 5342 n.
2746 5292 2849 5355 39.)

624 5413 877 5470 Jamdum
924 5409 1174 5481 Optabam
1208 5408 1524 5462 beatitudini
1575 5417 1678 5461 tuae
1718 5406 1954 5461 scribere
1992 5424 2003 5459 :
2037 5406 2129 5459 sed

559 5506 874 5564 defuitmihi
893 5502 1079 5558 humili
1100 5500 1251 5571 copia
1272 5498 1555 5553 tabellarii.
1575 5496 1728 5552 Nunc
1747 5496 1839 5550 Dei
1860 5497 2132 5551 voluntate

2314 5405 2485 5459 Πάλαι
2528 5397 2833 5467 ἐπεθύμουν
2882 5396 3179 5449 ἐπιστεῖλαι
3203 5397 3269 5465 τῇ
3299 5393 3669 5464 μακαριότητι
3712 5409 3796 5445 σου

2242 5499 2336 5550 καὶ
2362 5494 2459 5548 οὑκ
2506 5486 2779 5555 ἐξεγένετό
2809 5501 2899 5554 μοι
2924 5483 3000 5554 τῷ
3024 5484 3261 5555 ταπεινῷ
3299 5483 3505 5554 ἀπορίᾳ
3535 5500 3792 5554 γραμμαο

2084 5636 2312 5690 NOTAE}.

638 5737 717 5807 (Ι)
753 5734 924 5806 Huius
954 5734 1097 5792 Petri
1127 5732 1370 5805 episcopi
1409 5729 1708 5789 honoriﬁca
1738 5732 1938 5787 mentio
1962 5740 2043 5785 est
2076 5731 2129 5784 in
2165 5730 2284 5786 Vita
2319 5727 2376 5783 S.
2414 5726 2622 5785 Nicetes
2648 5726 2789 5798 apud
2822 5723 3040 5782 Surium
3068 5723 3102 5778 ὅ
3135 5720 3350 5791 Aprilis.
