3934 6436
124 365 261 426 1193

1321 385 1858 448 EPISTOLARUM
1904 384 2049 449 LIB.
2116 394 2197 449 ll.

3265 389 3401 456 1194

121 477 363 548 τηφόρου
393 493 405 504 ·
434 477 529 530 νῦν
558 480 616 533 δὲ
677 483 898 555 εὐδοκία
931 485 1068 540 Θεοῦ
1137 491 1441 562 ἐπιτυχὼν,
1485 497 1578 549 τὸν
1608 500 1702 549 πό-

1818 511 2026 564 uacttts,
2057 502 2247 568 cxpleo
2278 499 2610 553 desiderium
2645 512 2849 563 meum,
2879 500 3022 569 quod
3050 515 3178 569 erga
3206 507 3255 556 te
3290 501 3416 576 jure

126 568 218 622 θον
254 587 360 640 μου
391 570 722 644 ἀποπληρῶ,
756 575 818 629 ὃν
849 579 1078 643 εἰκότως
1110 583 1199 635 ἐπ’
1230 585 1369 657 αὐτῇ
1393 587 1672 658 κέκτημαι
1692 608 1704 622 ·

123 663 384 755 ούγμόνον
434 663 525 718 διὰ
557 665 658 737 τὴν
689 670 748 720 ὲν
779 669 971 742 Κυρίῳ
1031 673 1326 745 ὁμολογίαν
1356 695 1370 709 ο
1433 680 1569 734 ἀλλὰ
1603 687 1713 755 γὰρ

122 754 216 808 καὶ
251 754 399 818 ίδίως
425 755 514 810 διὰ
540 759 642 830 τὴν
669 760 948 832 ἐξαίρετόν
991 782 1084 819 σου
1117 769 1269 839 παρὰ
1305 772 1433 834 τοὺς
1475 754 1711 838 πολλοὺς

122 845 483 918 ίδιοτροπίαν,
515 850 576 903 τὸ
611 853 903 924 μειλίχιον,
943 857 1006 910 τὸ
1059 860 1290 927 ἁπλοῦν,
1341 865 1405 916 τὸ
1463 867 1710 936 ἐπίχαρι.

115 936 174 988 τὸ
202 937 381 1005 γλυκὺ
416 942 474 993 ἐν
499 945 623 1007 ταῖς
651 945 918 1015 ὁμιλίαις,
950 951 1012 1003 τὸ
1042 952 1460 1026 εὐπροσήγορον
1502 959 1559 1012 ἐν
1591 963 1714 1023 ταῖς

116 1031 418 1096 ἐντεύξεσι,
451 1037 514 1087 τὸ
539 1039 668 1108 περὶ
697 1039 877 1094 πάντα
902 1043 1248 1116 ἀγαθοεργές
1269 1064 1286 1081 ο
1310 1049 1404 1117 ἀφ’
1436 1043 1512 1104 ὧν
1547 1054 1575 1105 ὁ
1599 1053 1713 1123 ,τῆς

120 1123 277 1216 ίερᾶς
309 1143 405 1178 σου
443 1127 626 1199 ψυχῆς
656 1137 971 1206 χαρακτὴρ,
1022 1139 1121 1193 καὶ
1158 1144 1233 1213 μὴ
1266 1143 1564 1216 ὁρώμενος,
1623 1167 1716 1202 τε-

118 1215 400 1310 θεώρηται
435 1223 781 1295 ὡραῖσμένος
813 1231 878 1300 τῇ
915 1233 1164 1307 ποικιλίᾳ
1189 1237 1299 1290 τῶν
1321 1215 1552 1310 ἀρετῶν.
1602 1244 1714 1297 Ἀλ-

115 1309 182 1364 λὰ
223 1314 356 1384 περὶ
387 1310 540 1369 τοῦδε
571 1318 672 1387 μὲν
705 1322 909 1385 ίκανῶς
942 1365 957 1389 ,
985 1325 1068 1378 ὅτι
1102 1328 1241 1396 μηδὲ
1287 1309 1484 1400 καιρὸς
1536 1335 1713 1402 ἐγκω-

121 1401 290 1471 μίων.
326 1405 391 1458 Τί
417 1406 474 1460 δέ
504 1424 589 1462 σοι
621 1405 828 1475 ὦπται,
857 1403 903 1467 ὧ
927 1416 1141 1490 μάκαρ,
1171 1419 1242 1472 τὰ
1276 1423 1557 1492 παρόντα;
1599 1427 1714 1479 ἀλλ’

116 1494 242 1588 οὐχὶ
298 1500 499 1569 μικροῦ
557 1501 668 1554 δείν
734 1494 1091 1578 Ἰοῦδαῐσμὸς,
1142 1511 1263 1582 ἤτοι
1319 1513 1711 1588 Ἑλληνισμός;

128 1586 414 1682 Ἀςρῃρέθη
437 1591 465 1644 ὁ
487 1592 691 1664 κόσμος
709 1596 811 1666 τῆς
840 1599 1187 1672 Ἐκκλησίας,
1207 1607 1239 1674 ἡ
1263 1604 1386 1674 ὄψις
1412 1607 1521 1660 τῶν
1554 1586 1717 1679 ἱερῶν

108 1679 270 1771 ’ναῶν
311 1679 449 1751 πυρὶ
475 1686 756 1758 παρεδόθη
793 1690 860 1744 τά
898 1692 1030 1760 ἅγια
1060 1711 1073 1725 ·
1105 1697 1234 1751 ἄλλο
1267 1716 1321 1752 τι
1353 1700 1540 1771 σχῆμα
1576 1721 1716 1771 γνω-

121 1770 341 1840 ρίζεται
394 1775 453 1826 ἐν
485 1776 567 1846 τῷ
601 1779 1023 1856 Χριστιανισμῷ
1067 1803 1080 1818 ο
1114 1790 1231 1856 εἴγε
1258 1791 1343 1844 δεῖ
1392 1770 1714 1865 Χριστιανι-

1813 593 2054 661 suscepi,
2095 609 2200 647 non
2233 594 2408 647 solum
2443 593 2513 647 ob
2541 603 2691 646 tuam
2748 594 2800 646 in
2837 593 3072 646 Domino
3109 594 3412 648 confessio-

1813 702 1958 754 nem,
1992 686 2086 742 sed
2121 688 2468 757 peculiariter
2503 686 2666 740 etiam
2701 685 2771 738 ob
2798 686 3048 755 egregios
3074 701 3183 754 prze
3219 686 3411 740 multis

1812 795 1994 835 mores
2014 787 2161 843 tuos,
2187 779 2534 840 suavitatem.
2564 778 2879 844 candorem,
2914 779 3167 847 gratiam,
3196 789 3250 832 et
3273 779 3409 832 mel-

1813 871 1966 926 litam
2015 873 2510 936 conversationem,
2565 870 2938 925 affabilitatem
3009 871 3063 923 in
3100 871 3412 941 congressi-

1815 965 1950 1030 bus,
2000 974 2054 1018 et
2103 980 2271 1034 supra
2328 963 2514 1018 omnia
2572 964 3002 1019 beneficentiam
3039 979 3156 1021 τηατ(
3215 963 3419 1033 quibus

1814 1069 1986 1110 sacras
2034 1057 2232 1109 anima).
2288 1065 2393 1109 tute
2450 1054 2755 1119 character,
2805 1055 2906 1108 etsi
2959 1070 3067 1107 non
3117 1056 3417 1124 inspectus.

1815 1157 2043 1203 ornatus
2097 1149 2251 1202 visus
2295 1159 2378 1203 est
2424 1147 2688 1202 virtutum
2732 1151 3016 1202 varietate.
3067 1147 3174 1203 Sed
3205 1148 3274 1203 de
3318 1149 3420 1203 hac

1817 1254 1876 1293 re
1919 1242 2054 1296 satis
2090 1261 2104 1295 :
2138 1257 2238 1296 nec
2269 1242 2415 1296 enim
2449 1253 2664 1311 tempus
2697 1250 2781 1295 est
2820 1241 3229 1297 encomiorum.
3279 1241 3418 1308 Quid

1817 1347 1944 1384 vero
1995 1333 2113 1395 tihi,
2147 1348 2181 1386 ο
2223 1333 2398 1393 beate.
2447 1334 2562 1387 visa
2610 1342 2740 1388 sunt
2796 1332 2914 1388 hazc
2964 1348 3087 1403 quas
3113 1331 3422 1404 geruntur?

1816 1421 2011 1476 Annon
2046 1438 2214 1491 prope
2265 1422 2605 1486 Judaismus,
2643 1432 2739 1478 aut
2785 1423 3188 1493 paganismus?
3229 1425 3420 1476 Detra-

1816 1524 1938 1569 ctus
1968 1523 2306 1572 estornatus
2360 1517 2638 1583 Ecclesiae,
2671 1533 2948 1573 sacrarmn
2985 1519 3183 1573 :edium
3209 1517 3374 1573 facies
3402 1534 3415 1572 :

1819 1609 1928 1678 igni
1963 1610 2156 1664 tradita
2188 1621 2317 1664 sunt
2346 1621 2532 1666 sancta
2566 1629 2578 1665 :
2611 1611 2716 1666 alia
2749 1611 2999 1680 quaedam
3068 1610 3243 1665 forma
3300 1626 3418 1664 cer-

1818 1703 1967 1755 nitur
1995 1705 2046 1756 in
2081 1703 2506 1759 (Ihristianismo
2540 1723 2554 1760 :
2587 1706 2632 1759 si
2660 1704 3148 1760 Christianismum
3199 1703 3306 1758 dici
3340 1703 3422 1758 fas

1818 1802 1923 1858 est,
1953 1803 2147 1848 etnon
2195 1797 2377 1864 potius
2411 1795 2778 1852 Judaismum.
2836 1795 2992 1852 Nunc
3050 1804 3419 1866 opportunum

125 1864 290 1959 σμὸν,
323 1866 461 1920 άλλὰ
493 1871 570 1940 μὴ
613 1871 950 1947 Ἰουδαῖσμὸν
970 1864 1472 1955 καλεῖν.Εὓκαιρον
1497 1889 1591 1941 καὶ
1619 1889 1712 1942 νῦν

1818 1895 1900 1942 est
1937 1897 1994 1940 ιιι
2043 1886 2294 1942 dicatur:
2321 1888 2563 1951 Domine,
2596 1889 2876 1959 prophetas
2913 1900 3035 1941 tuos
3079 1864 3411 1948 occiderunt,

115 1953 308 2022 λέγειν
341 1973 354 1986 ·
388 1959 589 2026 Κύριε,
627 1961 769 2030 τοὺς
795 1967 1118 2035 Προφήτης
1169 1988 1287 2026 σου
1321 1953 1710 2040 ἀπέκτειναν,

114 2045 218 2099 καὶ
279 2048 356 2102 τὰ
408 2052 815 2123 θυσιαστήριά
873 2073 993 2114 σου
1053 2062 1473 2133 κατέσκαψαν.
1517 2070 1624 2121 Καί
1648 2087 1712 2136 γε

113 2140 376 2197 ἔκτειναν
406 2147 500 2197 καὶ
532 2164 597 2215 γε
631 2150 1009 2222 κατέσκαψαν.
1043 2156 1118 2209 Τὸ
1167 2157 1279 2225 γὰρ
1320 2158 1463 2223 ξέειν
1499 2163 1594 2214 καὶ
1621 2163 1712 2229 ἐξα

112 2235 375 2305 ορῦσσειν
400 2237 501 2308 τὴν
549 2239 676 2309 ὄψιν
712 2242 911 2307 αὐτῶν,
945 2247 1069 2316 οὐχὶ
1114 2251 1531 2305 κατασκάπτειν
1564 2255 1713 2308 ἐστὶν

110 2328 413 2397 ἐμφανῶς
451 2331 653 2401 ¹’Λφελε
704 2334 830 2404 ὄψιν
865 2336 1200 2408 ἀνθρώπου⁶
1233 2343 1330 2396 καὶ
1386 2343 1573 2398 ούκέτι
1615 2345 1711 2397 ἄν·

110 2419 359 2490 θρωπος,
417 2424 556 2478 ἀλλά
616 2445 671 2480 τι
713 2428 1017 2500 ἔκτρωμα·
1061 2431 1179 2500 εἴγε
1243 2436 1342 2487 καὶ
1395 2436 1518 2489 ἐστι
1569 2437 1708 2507 ζῇνο

123 2513 533 2584 Ἐνεπύρισαν
569 2519 641 2573 ἐν
700 2521 846 2590 πυρὶ
880 2523 950 2576 τὸ
980 2525 1372 2595 ἀγιαστήριόν
1411 2548 1550 2585 σου.
1601 2532 1711 2585 Καὶ

109 2607 293 2659 ταῦτα
328 2609 548 2680 άληθῶς
580 2626 596 2642 ⁶
645 2614 830 2668 πᾶσαν
858 2613 1016 2669 θείαν
1057 2620 1241 2673 εἰκόνα
1295 2624 1357 2674 ἐν
1418 2624 1570 2697 πάσῃ
1607 2624 1709 2697 ὕλῃ

112 2696 494 2768 χαραχθεῖσαν
525 2703 939 2773 ἐμπρήσαντες.
968 2706 1512 2781 Ἀνέῳκταιγλῶσσα
1545 2696 1710 2784 βλάσέ

113 2805 330 2858 φημος,
363 2790 454 2843 τὸν
485 2793 722 2863 Χριστὸν
751 2794 974 2850 εἴδωλον
1008 2799 1266 2869 λέγουσα,
1296 2803 1397 2874 τὴν
1423 2805 1707 2872 Θεοτόκον,

111 2884 302 2934 πάντα
337 2881 516 2951 ἇγιον.
558 2887 669 2939 Καὶ
715 2886 823 2960 γὰρ
884 2890 980 2944 τοῦ
1028 2893 1344 2964 ἀρχετύπου
1377 2897 1477 2968 τὴν
1515 2900 1711 2970 κλῆσιν

108 2973 171 3026 τὸ
200 2975 543 3046 παράγωγον
571 2977 842 3051 κέκτηται
877 2998 892 3012 ·
930 2984 1122 3055 ἐπειδὴ
1154 2987 1247 3040 καὶ
1303 2989 1403 3058 τὴν
1460 2993 1708 3062 προσκύ-

108 3082 296 3136 νησιν.
329 3067 434 3120 Διὰ
474 3067 638 3122 τοῦτο
671 3073 766 3125 καὶ
794 3071 1009 3144 [πάντα
1038 3079 1278 3148 σταυροῦ
1308 3081 1506 3144 τύπον,
1538 3101 1710 3137 σταυ-

113 3159 211 3230 ρὸν
234 3158 534 3232 καλοῦμεν,
566 3163 664 3216 καὶ
690 3163 798 3239 ⁸⁷⁸]
831 3168 1270 3238 προσκυνοῦντες
1319 3174 1412 3226 τὸν
1445 3173 1710 3237 ζωοποιὸν

111 3252 382 3323 σταυρὸν,
447 3257 978 3329 προσπτυσσόμεθα.
1029 3263 1194 3316 Ἀλλὰ
1231 3265 1406 3321 ταῦτα
1443 3267 1707 3342 ἐξετραγ-

111 3343 310 3417 ῴδησα
385 3347 416 3400 ό
473 3350 760 3416 ταπεινὸς,
803 3353 901 3423 οὐχ
951 3353 1028 3419 ὡς
1083 3357 1390 3428 ἀγνοούσης
1444 3379 1540 3416 σου
1611 3367 1711 3434 τῆς

111 3435 405 3507 πανσόφου
430 3438 776 3511 τελειότητος
819 3445 919 3514 τῆς
949 3447 1162 3518 πλάνης
1201 3449 1294 3502 τὸν
1326 3451 1572 3524 ὄλεθρον,
1637 3458 1711 3527 μή

113 3547 168 3583 τι
199 3531 438 3602 πάθοιμι
482 3536 768 3606 μωρικόνο
803 3537 865 3590 τὸ
896 3537 1183 3594 θλιπτικδν
1210 3543 1268 3596 δὲ
1303 3544 1474 3610 πάθος
1535 3566 1714 3619 παρα-

115 3625 467 3697 μυθούμενος
509 3627 610 3697 τῆς
654 3630 898 3701 ἐμαυτοῦ
942 3633 1172 3704 καρδίας
1217 3636 1308 3691 διὰ
1346 3639 1457 3691 τῶν
1510 3643 1716 3712 ἀναφο-

115 3718 234 3788 ρῶν
259 3733 276 3750 ο
328 3719 390 3772 αἴ
417 3737 536 3786 πως
596 3724 876 3794 πεφύκασι
909 3725 1265 3799 λαλούμεναι,
1325 3733 1607 3800 κουφίζειν
1649 3737 1717 3789 τὰ

113 3810 376 3882 ἐνκρυφῆ
411 3814 636 3883 ἀλγεινά
665 3834 678 3846 ·
721 3819 816 3872 καὶ
841 3819 962 3890 ἅμα
997 3821 1274 3876 ὑποκινῶν
1307 3825 1482 3897 αὐτὴν
1519 3826 1718 3897 θερμό-

113 3920 281 3975 τερον
303 3908 589 3974 προσιέναι
609 3909 749 3981 θεῷ,
781 3915 1006 3982 ταχεῖαν
1033 3915 1356 3987 ἐπιτίμησιν
1395 3918 1621 3988 ποιῆσαι
1645 3923 1710 3991 τῇ

117 3999 342 4070 πονηρᾷ
371 3999 546 4072 ταύτῃ
578 4003 786 4073 αἱρέσει
823 4005 904 4068 εἰς
964 4007 1245 4080 σωτηρίαν
1296 4009 1393 4062 τοῦ
1447 4009 1579 4064 λαοῦ
1614 4013 1712 4063 αύ-

1815 1985 1866 2029 et
1917 1975 2120 2029 altaria
2171 1985 2262 2028 tua
2301 1976 2773 2031 destruxerunt“.
2812 1975 2878 2029 Et
2919 1976 3140 2046 quidem
3199 1975 3418 2030 occide-

1819 2076 1965 2133 runt,
1996 2077 2050 2122 et
2071 2069 2288 2136 quidem
2315 2069 2731 2124 destruxerunt.
2770 2067 3008 2123 Eradere
3032 2069 3176 2121 enim
3207 2079 3260 2122 et
3289 2067 3420 2122 cllo-

1815 2160 1944 2214 tlere
1975 2160 2168 2214 faciem
2201 2176 2413 2228 eorum,
2434 2162 2564 2233 quid
2601 2163 2747 2217 aliud
2769 2171 2872 2226 est,
2897 2177 3063 2231 quam
3096 2171 3282 2229 aperte
3319 2163 3416 2214 de-

1816 2254 2075 2304 struere?
2111 2250 2280 2305 Aufer
2330 2249 2574 2304 hominis
2637 2249 2854 2310 faciem,
2911 2262 3021 2302 non
3071 2247 3185 2316 jam
3250 2247 3416 2300 homo

1815 2342 1938 2405 erit,
1961 2342 2054 2396 sed
2074 2343 2380 2397 abortivum
2415 2343 2700 2411 quiddam,
2728 2343 2771 2395 si
2803 2353 2980 2395 tamen
3010 2342 3190 2394 vivere
3219 2341 3413 2410 possit.

1816 2433 2163 2488 Incenderunt
2213 2433 2323 2504 igni
2372 2435 2740 2487 sanctuarium
2777 2443 2926 2487 tuum
2965 2431 3030 2486 ⁸⁷.
3068 2431 3134 2485 Et
3158 2434 3260 2487 hoc
3294 2447 3418 2487 vere

1817 2527 1945 2580 item
1984 2545 1997 2580 :
2033 2541 2252 2581 omnem
2307 2526 2549 2580 divinam
2593 2527 2888 2597 imaginem
2923 2541 3255 2596 quacunque
3287 2541 3406 2580 ma-

1819 2618 1950 2671 teria
2003 2633 2324 2688 expressam
2381 2627 2821 2673 eoncremantes.
2893 2619 3158 2687 Apertum
3210 2624 3297 2672 est
3348 2634 3411 2673 os

1816 2711 2218 2780 blasphemum,
2251 2710 2531 2765 Christum
2570 2710 2772 2764 idolum
2811 2713 3114 2780 appellans,
3165 2722 3220 2766 et
3288 2711 3414 2767 Dei-

1815 2818 2025 2871 param,
2086 2811 2141 2856 et
2179 2817 2401 2856 omnem
2461 2813 2712 2858 sanctum
2757 2803 3087 2874 :archet3pi
3144 2803 3417 2874 siquidem

1816 2908 2013 2947 nomen
2064 2893 2262 2949 retinet
2311 2895 2476 2949 etiam
2530 2897 2842 2966 exemplum
2881 2938 2897 2961 ,
2935 2900 3159 2967 quando
3198 2908 3252 2953 et
3282 2899 3418 2952 ado-

1817 2987 2084 3042 rationem
2126 3001 2363 3056 quoque.
2400 2987 2609 3043 Idcirco
2648 2998 2702 3042 et
2738 3004 2954 3044 omnem
2997 3000 3183 3062 typum
3213 2991 3415 3054 erucis,

1813 3093 2034 3133 crucem
2101 3078 2465 3148 appellamus,
2510 3089 2563 3134 et
2618 3080 2888 3136 vivificam
2919 3099 3140 3138 crucem
3180 3086 3419 3138 adoran-

1818 3181 1900 3226 tes
1954 3170 2364 3240 amplectimur.
2415 3171 2616 3227 Verum
2675 3174 2790 3229 hinc
2814 3191 2914 3246 ego
2955 3175 3179 3230 humilis
3231 3175 3419 3244 deplua

1819 3264 1952 3328 ravi,
1997 3279 2107 3318 non
2169 3263 2323 3333 quasi
2370 3265 2576 3319 erroris
2619 3267 2916 3334 perniciem
2967 3268 3181 3338 ignoret
3228 3277 3417 3322 exacta

1820 3355 2086 3425 sapientia
2120 3364 2209 3408 tua
2235 3373 2249 3414 ;
2278 3369 2342 3409 ne
2367 3355 2570 3411 stultus
2607 3355 2795 3411 videar
2832 3376 2845 3412 :
2884 3357 2976 3412 sed
3003 3367 3063 3412 ut
3095 3358 3279 3414 cordis
3312 3358 3419 3411 mel

1820 3451 2068 3506 dolorem
2117 3455 2235 3523 ipse
2275 3453 2478 3508 leniam
2547 3453 3077 3509 commemorando:
3114 3452 3296 3508 solent
3343 3455 3420 3507 si-

1821 3543 2040 3613 quidem
2103 3546 2474 3608 narrationes,
2509 3561 2636 3599 cum
2686 3545 3012 3610 efferuntur,
3054 3546 3303 3601 occultas
3338 3546 3421 3600 le-

1823 3652 1950 3691 vare
1993 3637 2273 3692 molestias
2311 3656 2325 3700 ;
2359 3649 2524 3708 atque
2575 3647 2635 3691 ut
2679 3638 2828 3692 illam
2874 3655 2983 3693 una
3045 3641 3279 3695 excitem
3352 3637 3421 3692 ad

1824 3730 1994 3785 Deum
2032 3730 2252 3785 enixius
2279 3731 2711 3800 deprecandum,
2738 3742 2796 3785 ut
2835 3731 3069 3786 celerem
3112 3733 3418 3787 vindictam

1823 3837 2002 3890 pravae
2063 3822 2187 3876 huic
2246 3823 2436 3876 haeresi
2484 3822 2674 3877 reddat
2706 3822 2772 3899 ad
2814 3824 3000 3894 populi
3026 3823 3112 3879 sui
3165 3826 3421 3880 salutem.

1822 3916 1926 3968 ()ra
1959 3916 2123 3969 etiam
2163 3931 2260 3979 pro
2293 3930 2380 3969 me
2411 3915 2642 3970 minimo
2689 3915 2798 3968 lilio
2851 3926 2967 3981 tuo.
2993 3915 3157 3971 Pater
3188 3916 3423 3971 sanctis-

1827 4025 1987 4063 Slnli‘.

114 4089 236 4144 τοῦ.
295 4091 607 4164 Προσεόχου
638 4097 889 4168 καὶπερὶ
933 4099 1067 4169 ἐμοῦ
1105 4099 1200 4153 τοῦ
1262 4101 1548 4173 ἐλαχίστου
1613 4122 1704 4156 σου
1761 4104 1981 4162 τέκνου,
2021 4097 2296 4166 άγιώτατέ
2331 4116 2435 4168 μου
2472 4098 2675 4167 Πάτερ.

483 4200 595 4264 KZ.
617 4243 681 4252 —-
711 4214 964 4284 Τιμοθέῳ
991 4213 1203 4284 τέκνῳ.
1231 4217 1427 4289 [σμδ’.]

2214 4214 2428 4269 XXVII.
2467 4246 2536 4256 ——
2579 4215 2850 4270 Timotheo
2905 4216 3038 4282 ﬁlio.

623 4350 812 4401 Laudat
835 4353 900 4403 ob
925 4360 1251 4406 constantiam
1277 4372 1366 4420 pro
1395 4360 1662 4423 imaginum
1685 4359 1981 4409 defensione
2008 4373 2019 4407 :
2051 4364 2153 4406 tum
2173 4358 2368 4418 jejunio
2401 4358 2598 4406 modum
2624 4357 2922 4418 praescribit.

188 4457 298 4512 Οἴα
345 4475 440 4512 σου
476 4458 509 4531 ἡ
547 4460 718 4531 ψυχὴ,
767 4463 960 4518 τέκνον
1024 4485 1125 4537 μου
1190 4470 1448 4540 ποθητὸν,
1479 4471 1707 4524 τοιαῦτα

1883 4468 2076 4536 Qualis
2111 4468 2331 4522 animus
2356 4477 2504 4528 tuus,
2545 4468 2617 4521 lili
2655 4469 2726 4522 mi
2766 4467 3257 4532 desideratissime,
3287 4470 3421 4524 tales

119 4550 219 4603 καὶ
245 4550 318 4604 τὰ
350 4557 684 4622 γράμματα,
734 4554 1036 4626 θαρσαλέα,
1073 4558 1308 4632 εῦθυμα,
1369 4561 1714 4633 εύπρόθυμα.

121 4646 378 4716 φιλόθεα,
412 4649 802 4724 φιλομάρτυρα
823 4669 835 4680 ·
865 4653 959 4706 καί
987 4672 1049 4721 γε
1076 4655 1175 4724 τῆς
1201 4657 1383 4727 ψυχῆς
1414 4656 1623 4721 εἰκόνες
1665 4657 1715 4710 οἰ

119 4740 309 4810 λόγοι·
369 4742 467 4796 καὶ
522 4745 588 4798 ἐκ
638 4745 735 4799 τοῦ
803 4750 1252 4819 περισσεύματος
1314 4752 1412 4821 τῆς
1484 4751 1716 4820 καρδίας

120 4834 363 4900 ἕκαστος
384 4836 541 4909 φέρει
572 4838 640 4893 τὰ
672 4840 832 4910 λόγια
851 4859 865 4872 ·
907 4841 1045 4896 ὥστε
1071 4844 1166 4896 καὶ
1194 4846 1343 4914 ἡμᾶς
1370 4844 1716 4909 ἀκούσαντάς

122 4944 222 4981 σου
253 4927 367 4981 τῶν
409 4931 696 5000 ῥημάτων,
736 4934 1174 5006 ἐπιρρωσθῆναι,
1208 4936 1302 4989 καὶ
1355 4937 1573 5007 μ’άλλον.
1616 4939 1713 4991 ἁν-

119 5020 478 5091 δρειωθῆναι,
511 5026 606 5077 καὶ
645 5026 784 5096 πρὸς
810 5027 1040 5098 ἄθλησιν
1088 5029 1434 5100 ἐπειχθῆναι.
1477 5028 1608 5103 Ἐμὲ
1657 5031 1716 5083 δὲ

123 5114 524 5184 καὶόὰδελφὸς
584 5117 864 5193 Ἀδριανὸς
911 5121 1328 5193 ἐξηγησάμενος
1385 5123 1549 5176 πλέον
1599 5122 1714 5188 ἐξέ-

122 5223 268 5259 νισεν
293 5224 308 5238 ·
349 5206 688 5276 ἁναγγείλας
722 5228 817 5264 σου
859 5209 920 5266 τὸ
977 5213 1244 5285 εῦθαρσον
1298 5195 1395 5269 καί
1438 5216 1712 5285 σταθηρὸν

125 5294 217 5350 καὶ
248 5297 735 5368 εύπαρρησίαστον
762 5318 776 5332 ·
818 5304 912 5354 καὶ
944 5303 1043 5372 μέν
1082 5321 1166 5357 τοι
1219 5306 1310 5359 καὶ
1364 5306 1711 5359 διαλεκτικὸν

124 5392 264 5460 πρὸς
300 5408 430 5454 τους
463 5393 833 5462 ἐρεθίζοντας.
855 5395 1029 5450 Πόθεν
1062 5415 1146 5450 σοι
1173 5397 1380 5464 ταῦτα;
1409 5395 1441 5467 ἢ
1467 5399 1587 5467 οὐχὶ
1621 5401 1714 5450 ἐπὶ

124 5482 226 5549 τῆς
288 5484 644 5557 προαγούσης
692 5487 906 5558 ἀγαθῆς
960 5492 1340 5560 προαιρέσεως
1403 5492 1496 5543 καὶ
1567 5490 1718 5553 θείας

130 5580 540 5650 περιποιήσεως
572 5597 585 5610 °
616 5583 684 5635 δι’
713 5579 779 5656 ἧς
800 5581 1040 5654 ἤνεγκας
1084 5586 1153 5639 τὰ
1195 5585 1562 5656 προλαϐόντα,
1627 5587 1719 5638 καὶ

134 5670 378 5742 ἕστηκας
405 5674 474 5743 τῇ
498 5672 676 5727 ἐλπίδι
720 5677 820 5744 τῆς
856 5676 1016 5746 δόξης
1073 5677 1168 5731 ¹τοῦ
1209 5677 1368 5742 Θεοῦ,
1411 5679 1572 5748 μέχρι
1625 5679 1719 5730 θα-

175 5880 186 5890 ,
226 5809 275 5840 ³⁸
301 5809 541 5890 ιιιιιρεο
569 5815 794 5876 3'1.”-
901 5816 945 5847 ⁸⁷
968 5815 1110 5873 Psal.
1140 5835 1331 5887 vaut,
1352 5819 1404 5874 7.

141 5880 324 5934 rimus.
357 5880 514 5934 Ειιιτ.

384 5975 659 6036 ΡΑτιιοι.
697 5975 812 6034 Gn.
858 5974 1081 6036 XCIX.

1823 4572 1878 4617 et
1912 4563 2104 4616 litterae
2130 4560 2304 4631 plenae
2363 4560 2578 4624 fiducia,
2606 4560 2911 4620 alacritate.
2951 4561 3300 4625 streuttitale,
3330 4566 3416 4615 in-

1823 4654 1963 4726 signi
1986 4669 2111 4721 erga
2140 4653 2304 4707 Deum
2327 4662 2377 4707 et
2402 4662 2667 4724 martyres
2688 4652 2978 4708 cbaritate.
2998 4653 3211 4722 Quippe
3239 4655 3419 4724 imago

1823 4729 1991 4802 ani-mi
2046 4760 2232 4800 sermo
2279 4751 2387 4806 est,
2432 4757 2483 4800 et
2530 4762 2595 4798 ex
2640 4745 2974 4799 abundantia
3028 4745 3213 4801 eordls
3255 4762 3425 4799 unus-

1821 4841 2055 4909 quisque
2080 4835 2288 4908 profert
2313 4838 2552 4892 oracula.
2579 4837 2650 4891 Ita
2680 4848 2737 4892 ιιι
2759 4849 2807 4891 et
2838 4852 2962 4901 nos,
2986 4847 3273 4905 postquam
3299 4851 3421 4891 Ver-

1824 4933 1910 4988 bis
1942 4932 2053 4986 tuis
2085 4947 2247 4985 anres
2283 4931 2643 5000 praelmitnus,
2671 4931 2896 4984 fortiore
2925 4930 3109 4983 animo
3129 4945 3194 4984 ac
3249 4931 3422 4998 magis

1822 5024 1961 5078 virili
2020 5022 2303 5082 fuerimus,
2336 5031 2390 5075 et
2440 5023 2506 5074 ad
2549 5031 2825 5075 certamen
2878 5020 3182 5074 ineundum
3247 5021 3421 5075 multo

1819 5116 2202 5187 promptiores.
2247 5113 2330 5168 Me
2357 5129 2487 5167 vero
2511 5123 2565 5169 et
2590 5113 2756 5168 frater
2785 5112 3064 5168 Adrianus
3091 5112 3157 5168 de
3198 5123 3250 5166 te
3291 5128 3421 5165 nar-

1816 5225 1948 5264 rans
1995 5209 2370 5262 vehementius
2425 5208 2848 5278 perculitzcutn
2904 5215 2956 5261 et
3024 5205 3278 5260 fiduciam
3335 5204 3424 5257 ille

1818 5315 1997 5365 tuam,
2033 5311 2088 5355 et
2113 5302 2284 5355 robur
2313 5302 2504 5363 animi,
2532 5309 2584 5354 et
2618 5299 2829 5354 dicendi
2881 5297 3189 5353 libertatem
3247 5296 3421 5351 refer-

1826 5407 1929 5460 ret,
1960 5393 2259 5464 quinetiam
2285 5400 2339 5446 et
2372 5402 2546 5445 artem
2580 5389 2884 5446 disserendi
2921 5389 3185 5444 adversus
3218 5402 3419 5457 provo»

1825 5502 2037 5546 cantes.
2097 5489 2256 5543 Unde
2288 5488 2372 5541 har
2404 5487 2500 5541 tibi
2531 5486 2730 5541 dotes?
2754 5501 2937 5540 annon
2967 5500 3035 5539 ex
3090 5483 3236 5538 bono
3295 5497 3422 5552 pro-

1828 5585 2008 5655 posito
2071 5581 2441 5646 antecedente,
2495 5595 2559 5634 ac
2626 5579 2822 5634 fiducia
2887 5581 2941 5632 in
3006 5578 3225 5641 Deum;
3264 5576 3420 5644 cujus

1829 5692 1931 5745 ope
1983 5675 2265 5745 superiora
2320 5672 2614 5744 pertulisti.
2647 5687 2710 5729 ac
2735 5688 2833 5743 spe
2876 5671 3065 5742 gloria:
3131 5669 3224 5725 Dei
3291 5685 3415 5738 per-

1533 5819 1606 5852 ³⁷*
1635 5817 1874 5884 Inclusa,
1907 5819 1959 5871 in
1993 5816 2123 5870 edit.
2156 5810 2421 5866 Sirmondi
2449 5812 2762 5882 typograplti
2793 5810 2919 5865 vitio
2950 5809 3171 5870 omissa,
3208 5805 3420 5874 supplet

3062 5966 3139 6029 38
