3934 6444
498 337 674 422 '1195

1736 359 1797 416 S.
1833 357 2219 417 THEODOIH
2265 358 2615 417 STUIHTA‘)

3684 356 3805 420 1196

532 467 759 530 stitisti,
830 481 1001 538 usque
1060 467 1125 521 ad
1194 467 1401 522 obitum
1481 467 1547 521 ad
1628 482 1870 538 pugnam
1946 468 2114 521 accin-

2231 469 2393 521 νάτου
2422 466 2906 537 εύτρεπιζόμενος;
2949 467 3143 537 Χαῖρε,
3179 466 3475 537 εὐφραίνου
3513 484 3527 495 ·
3571 467 3807 539 ἰσχύσεις

531 569 619 614 tus
645 558 668 613 τ
692 557 900 621 Gaude,
951 558 1133 613 laetare
1162 581 1172 614 :
1202 573 1326 613 cum
1364 558 1479 611 Deo
1528 558 1731 613 valebis
1773 557 1955 611 omnia
1991 557 2125 611 tole-

532 666 673 715 rare,
698 666 900 705 corona
935 650 1175 706 victoria:
1198 650 1503 705 redimitus.
1553 650 1657 704 Sed
1686 657 1739 703 et
1770 665 1869 719 pro
1894 664 1978 703 me
2006 663 2123 704 ora.

531 739 723 805 frater,
759 752 817 797 ut
853 755 906 797 et
937 752 1051 809 tua,
1086 750 1140 797 et
1180 744 1425 809 cujusvis
1468 744 1691 798 alterius
1723 743 1920 798 similis
1958 743 2126 798 vesti-

532 833 619 903 gia
647 847 973 902 consequar.
1015 833 1358 888 Suutautem
1402 834 1536 887 satis
1587 834 1742 887 multi
1793 850 1890 904 per
1919 830 2125 889 CliriSIi

532 921 760 991 gratiam
793 939 806 974 :
842 922 1045 976 etenim
1103 921 1267 975 veluti
1322 922 1658 975 curriculum
1720 931 1805 975 est
1837 923 1889 975 in
1923 922 2041 975 luce
2074 933 2127 974 et

530 1022 826 1083 conspectu
867 1015 1106 1082 positum
1147 1032 1159 1067 :
1199 1014 1418 1082 plurimi
1445 1029 1666 1084 quoque
1698 1024 1991 1085 martyres.
2045 1014 2124 1068 Nc

532 1104 681 1158 aliud
747 1106 914 1175 igitur
970 1106 1085 1160 hanc
1141 1120 1265 1175 qua:
1313 1118 1576 1175 geruntur
1625 1106 1906 1161 exiStimes
1958 1122 2121 1177 quam

530 1194 734 1250 Christi
781 1196 1147 1266 negationem,
1176 1197 1357 1266 quoad
1388 1212 1482 1252 eos
1531 1197 1624 1267 qui
1681 1206 2084 1267 persequuntur
2107 1236 2121 1260 ,

533 1286 847 1357 factumque
892 1304 991 1359 pro
1029 1289 1248 1344 Christo
1280 1290 1622 1361 martyrium,
1663 1291 1840 1359 quoad
1886 1306 1983 1345 eos
2030 1290 2121 1358 qui

530 1380 751 1446 prmmia
785 1380 1054 1437 referunt.
1114 1384 1294 1453 Atque
1334 1384 1479 1438 istud
1515 1384 1735 1453 quidem
1782 1384 1949 1438 estin
1984 1398 2122 1437 con-

530 1473 693 1527 fesso.
733 1471 868 1527 Nam
924 1482 984 1527 ut
1032 1474 1085 1527 in
1123 1475 1303 1529 crucis
1346 1475 1584 1545 imagine
1639 1490 1774 1528 crux
1817 1476 1931 1545 ipsa
1989 1475 2123 1527 vivi-

528 1564 629 1618 fica
664 1572 717 1619 et
754 1565 1096 1636 agnoscitur,
1148 1575 1203 1620 et
1253 1575 1481 1635 negatur
1511 1582 1524 1619 :
1561 1566 1640 1620 sic
1697 1574 1752 1619 ct
1801 1566 1854 1619 in
1888 1566 2121 1636 imagine

526 1652 733 1711 Christi
774 1656 917 1710 idem
959 1657 1078 1711 sine
1100 1656 1420 1711 discriminc
1455 1657 1828 1711 statuendum.
1884 1656 2119 1712 Mundus

527 1747 652 1801 licet
683 1747 987 1801 obczecatus
1034 1749 1123 1812 sit,
1153 1748 1236 1801 vel
1276 1748 1367 1803 ubi
1398 1748 1678 1803 Christum
1710 1749 1961 1819 abnegat,
1988 1764 2120 1802 cou-

2232 563 2327 614 σὺν
2360 560 2479 630 Θεῷ
2502 562 2679 613 πάντα
2706 561 2975 627 ἐνεγκεῖν,
3002 560 3361 630 ἁϐλοφορικδν
3394 560 3672 628 στέφανον
3693 564 3813 615 ἁνα-

2226 650 2549 721 δησάμενος.
2597 650 2735 701 Ἀλλ’
2767 649 2929 720 εὔχου
2953 652 3143 720 κάμοὶ,
3186 650 3408 719 ἀδελφὲ,
3472 653 3813 705 συνέπεσθαι

2228 745 2311 797 σοί
2343 761 2402 797 τε
2425 744 2522 799 καὶ
2550 744 2607 799 εἴ
2632 763 2738 798 τινι
2762 746 2906 815 ἄλλῳ
2944 745 3340 816 παραπλησίῳ,
3376 746 3584 799 Ἱκανοὶ
3635 746 3693 800 δὲ
3723 748 3812 817 χά-

2229 854 2335 905 ριτι
2365 837 2626 907 Χριστοῦ.
2660 839 2770 891 Καὶ
2798 841 2908 908 γὰρ
2942 837 3019 900 ὡς
3048 838 3109 891 τὸ
3166 838 3383 891 στάδιον
3406 837 3679 909 λαμπρὸν
3730 841 3815 892 καὶ

2226 930 2505 999 ἐμφανές*
2550 930 2797 985 πλεῖστοι
2837 932 2931 983 καὶ
2965 932 3015 983 οί
3057 931 3353 1001 μάρτυρες.
3406 930 3501 1000 Μὴ
3554 933 3670 1002 γὰρ
3707 932 3811 985 οἷον

2225 1038 2276 1073 τι
2313 1022 2443 1074 ἄλλο
2466 1020 2604 1076 εἶναι
2636 1022 2703 1075 τὰ
2739 1023 3005 1092 παρόντα,
3052 1022 3085 1092 ἢ
3141 1022 3379 1092 Χριστοῦ
3432 1025 3679 1093 ἄρνησιν
3732 1026 3812 1075 ἐπὶ

2223 1114 2351 1175 τοὺς
2384 1113 2681 1179 διώκοντας
2714 1131 2729 1147 ο
2766 1117 2861 1167 καὶ
2906 1114 3146 1183 Χριστοῦ
3207 1115 3522 1185 μαρτυρίαν
3560 1119 3650 1178 εἰς
3694 1118 3812 1177 τοὺς

2223 1206 2289 1256 τὰ
2314 1200 2454 1257 ἆθλα
2480 1206 2767 1275 φέροντας,
2800 1208 2898 1260 καὶ
2924 1206 3084 1260 τοῦτο
3106 1206 3346 1277 εὔδηλον.
3394 1207 3483 1269 Ὠς
3507 1206 3626 1277 γὰρ
3666 1210 3727 1260 ἐν
3751 1213 3809 1276 τῇ

2226 1296 2395 1349 εἰκόνι
2416 1297 2509 1349 τοῦ
2536 1298 2772 1369 σταυροῦ
2803 1300 2831 1351 ὁ
2863 1300 3128 1364 ζωοποιὸς
3168 1302 3407 1371 σταυρὸς
3448 1300 3550 1351 καὶ
3594 1288 3810 1370 ὦμοὶό·

2229 1405 2396 1457 γηται
2421 1393 2514 1442 καὶ
2537 1390 2770 1461 ἤρνηται
2804 1408 2816 1421 ·
2847 1390 2990 1449 οὑτω
3016 1392 3111 1445 καὶ
3140 1393 3198 1444 ἐν
3232 1394 3298 1461 τῇ
3342 1391 3519 1444 είκόνι
3571 1392 3811 1463 Χριστοῦ

2226 1484 2287 1534 τὸ
2320 1482 2452 1535 αὑτὸ
2499 1483 2959 1553 ἀπαραλλάκτως.
3000 1486 3062 1538 El
3104 1486 3197 1538 καὶ
3235 1484 3587 1554 τετύφλωται
3638 1488 3669 1539 ὁ
3712 1489 3811 1539 κό-

2223 1592 2358 1644 σμος
2384 1590 2399 1605 ·
2426 1576 2521 1627 καὶ
2544 1576 2780 1647 Χριστὸν
2805 1576 3159 1647 ἀρνούμενος,
3195 1577 3378 1641 παίζει
3400 1578 3503 1647 τὴν
3520 1577 3709 1649 ὕϐριν,
3726 1580 3811 1632 διά

2218 1667 2319 1735 τὴν
2363 1665 2458 1717 τοῦ
2522 1665 2880 1736 ύόριζομένου
2934 1667 3341 1739 μακροθυμίαν.
3400 1670 3517 1721 Καὶ
3570 1670 3627 1721 τί
3680 1670 3807 1722 Θαυ-

2223 1757 2430 1826 μαστὸν
2468 1759 2516 1810 εί
2551 1759 2840 1826 ὑπομένει,
2874 1756 3054 1830 ζητῶν
3087 1760 3185 1830 τὴν
3240 1760 3363 1826 τῶν,
3392 1762 3809 1831 παροινούντων

528 1838 808 1892 tumeliam
839 1838 1028 1906 jocum
1058 1848 1296 1909 reputat,
1327 1851 1547 1909 propter
1575 1841 1721 1895 illius
1753 1840 2114 1907 tolerantiam,

2225 1849 2708 1920 ἐπιστροφήνςΜὴ
2740 1850 2863 1919 οὑχ).
2892 1850 3157 1919 στέφανον
3200 1849 3261 1915 ἐξ
3296 1852 3555 1905 ἀκανθῶν
3600 1853 3806 1923 ἐπέθη-

536 1945 697 1999 quem
730 1932 1128 1987 contumeliose
1148 1940 1366 1987 tractat.
1397 1932 1501 1986 Sed
1538 1933 1667 2002 quid
1724 1934 1925 1986 mirum
1950 1933 1995 1987 si
2031 1934 2117 2018 ille

526 2022 787 2095 sustinet,
813 2024 1149 2078 furiosorum
1199 2025 1615 2080 conversionem
1669 2026 1971 2095 quaerens?
2007 2027 2119 2078 Au-

526 2130 634 2167 uon
688 2115 933 2183 spineam
996 2132 1256 2170 coronam
1301 2117 1463 2186 capiti
1504 2117 1623 2185 ejus
1673 2118 1982 2185 imposuere
2016 2117 2117 2170 nii-

527 2207 690 2261 lites?
724 2221 905 2259 annon
954 2216 1160 2261 vestem
1215 2207 1265 2261 ei
1299 2207 1707 2262 circumdedere
1739 2221 2069 2276 purpuream

524 2297 619 2366 qui
671 2306 725 2351 et
772 2297 957 2351 dixere
1003 2312 1016 2349 :
1060 2298 1181 2362 Ave,
1219 2313 1311 2350 rex
1332 2297 1645 2351 Judworum
1681 2312 1700 2351 :
1741 2307 1789 2351 et
1824 2298 2021 2352 dabant
2055 2301 2104 2352 ei

527 2391 716 2460 alapas
743 2390 806 2444 ⁸⁸.
847 2391 966 2460 lpse
995 2406 1124 2444 vero
1149 2392 1332 2444 omnia
1370 2391 1695 2459 perferebat,
1726 2407 1851 2445 cum
1890 2392 2105 2448 deride-

526 2494 695 2549 retur,
730 2483 1127 2552 habereturque
1167 2484 1421 2547 ludibrio,
1456 2499 1577 2537 cum
1615 2493 1668 2538 et
1702 2486 1754 2537 in
1796 2498 1959 2537 cruce
2008 2483 2112 2537 alia

528 2575 763 2641 plurima
789 2584 1089 2645 pateretur.
1124 2573 1275 2628 Talia
1314 2590 1459 2629 nunc
1486 2591 1703 2645 quoque
1729 2585 1947 2644 pr0pter
1974 2575 2112 2628 ima-

525 2668 707 2738 ginem
757 2682 937 2732 suam,
969 2676 1023 2721 et
1063 2671 1114 2721 in
1163 2682 1263 2721 sua
1316 2671 1433 2736 ipse
1500 2667 1738 2738 imagine
1786 2669 2110 2737 perpetitur,

528 2754 796 2824 siquidem
862 2755 1214 2825 archetypum
1272 2757 1325 2809 in
1377 2754 1613 2826 imagine
1654 2758 2009 2827 conspicitur,
2056 2769 2114 2813 ut

526 2847 629 2901 viri
665 2848 839 2902 sancti
870 2849 1076 2903 dixere.
1132 2848 1237 2903 Sed
1267 2851 1586 2904 miserescat
1614 2850 1701 2903 ille
1718 2850 1964 2905 celeriter
2007 2850 2108 2906 Ec-

525 2939 705 2994 clesia:
728 2956 858 3005 suae,
886 2940 1232 2996 confessores
1263 2941 1651 2996 corroborans.
1681 2942 1859 2997 Audio
1890 2955 1941 2998 te
1966 2943 2105 3012 jeju-

527 3029 680 3086 nium
716 3031 1058 3099 protrahere,
1090 3037 1145 3085 et
1167 3031 1317 3086 laetor
1350 3030 1577 3101 utique:
1612 3031 1704 3085 tibi
1743 3047 1871 3085 vero
1922 3040 2113 3085 auctor

526 3137 648 3177 sum
680 3131 736 3176 ut
770 3122 1011 3191 quotidie
1036 3134 1157 3192 post
1183 3139 1468 3194 vesperam
1502 3125 1684 3178 cibum
1713 3138 1921 3179 sumas.
1985 3123 2112 3179 Haec

522 3214 671 3267 enim
728 3214 813 3267 via
863 3215 1010 3284 regia
1046 3224 1148 3280 est,
1183 3225 1237 3270 et
1272 3217 1383 3270 haec
1430 3216 1718 3270 laudabilis
1775 3215 2106 3270 abstinentia
2134 3206 2177 3266 C

524 3306 577 3358 in
606 3306 711 3361 isto
744 3308 987 3377 martyrii
1022 3322 1238 3376 genere.

842 3416 1080 3472 XXVIII.
1109 3450 1180 3459 —
1211 3418 1416 3473 Basilio
1458 3424 1763 3490 prwposilo.

2220 1956 2324 1993 καν
2358 1941 2525 1993 αὑτοῦ
2574 1944 2641 2011 τῇ
2700 1943 2914 2011 κεφαλῇ
2949 1942 2997 1995 οί
3059 1945 3520 2012 στρατευόμενοι;
3569 1946 3646 2015 μὴ
3688 1946 3808 2015 οὐχὶ

2220 2035 2315 2087 καὶ
2362 2035 2578 2105 ἱμάτιον
2624 2036 2937 2106 πορφυροῦν
2993 2035 3323 2107 περιέϐαλον
3371 2038 3573 2103 eam;
3624 2038 3679 2091 οἳ
3716 2042 3809 2092 καὶ

2219 2126 2410 2195 ἔλεγον
2434 2146 2447 2158 ·
2480 2127 2677 2197 Χαῖρε,
2718 2131 2748 2181 ό
2771 2127 3077 2192 ,ϐασιλεὺς
3119 2126 3243 2181 τῶν
3307 2128 3611 2183 Ἰουδαίων
3637 2148 3652 2162 ’
3708 2133 3809 2185 καὶ

2217 2216 2462 2271 ἐδίδουν
2488 2217 2647 2283 αὐτῷ
2668 2219 3045 2285 ῥαπίσματα.
3087 2217 3144 2269 '0
3170 2217 3227 2270 δὲ
3258 2216 3420 2290 ἔφερε
3451 2220 3656 2283 πάντα,
3704 2235 3807 2272 κα-

2217 2310 2624 2380 ταγελώμενος,
2671 2309 3166 2380 μυκτηριζόμενος,
3219 2314 3313 2364 καί
3347 2313 3448 2367 ὅσα
3489 2311 3635 2365 ἄλλα
3699 2312 3810 2367 πά-

2219 2420 2363 2472 σχων
2394 2406 2450 2456 ἐν
2478 2404 2731 2474 σταυρῷ.
2765 2402 3005 2457 Τοιαῦτά
3034 2407 3153 2458 ἐστι
3186 2404 3282 2458 νῦν
3311 2405 3541 2473 πάσχων
3582 2404 3678 2458 διὰ
3708 2407 3809 2475 τῆς

2217 2495 2429 2557 είκὸνος
2460 2493 2649 2559 αὑτοῦ,
2698 2494 2793 2547 καὶ
2836 2496 2893 2547 ἐν
2927 2498 2995 2566 τῇ
3049 2496 3221 2549 εἰκόνι
3252 2494 3417 2548 αὑτοῦ
3442 2496 3685 2563 ’,ἐπειδὴ
3748 2500 3810 2549 τὸ

2219 2587 2530 2657 ἀρχέτυπον
2561 2588 2619 2639 ἐν
2642 2588 2708 2659 τῇ
2741 2588 2913 2642 είκόνι
2937 2589 3283 2657 ἐκφαίνεται,
3306 2586 3381 2650 ὡς
3420 2587 3649 2659 εἴρηται
3693 2592 3811 2651 τοῖς

2220 2679 2417 2746 ἁγίοις.
2472 2677 2613 2731 Ἀλλ’
2659 2679 2747 2747 εἴη
2783 2680 2931 2743 ἔλεος
2965 2682 3021 2732 ἐν
3056 2679 3212 2748 τάχει
3259 2681 3325 2748 τῇ
3371 2679 3677 2751 Ἐκκλησία
3704 2680 3807 2732 αὑ-

2218 2768 2335 2830 τοῦ,
2376 2768 2696 2840 ἐνδυναμῶν
2720 2771 2848 2833 τοὺς
2889 2769 3312 2839 ὁμολογοῦντας.
3347 2769 3560 2825 Ἀκούω
3597 2771 3685 2823 ὅτι
3714 2788 3810 2839 νη-

2222 2858 2406 2911 στείαν
2436 2859 2618 2923 ἕλκεις
2646 2876 2659 2890 ο
2691 2861 2787 2914 καὶ
2816 2860 2994 2930 χαίρω
3032 2859 3153 2929 μὲν,
3184 2860 3541 2931 συμϐουλεύω
3570 2860 3627 2912 δὲ
3660 2859 3806 2912 καθ-

2221 2952 2461 3024 εκάστην
2525 2952 2729 3007 ἐσθίειν
2783 2952 2921 3022 μετὰ
2967 2954 3035 3006 τὰ
3067 2954 3352 3024 ἐσπερινά.
3409 2953 3584 3006 Τοῦτο
3623 2952 3742 3022 γὰρ
3774 2955 3807 3022 ή

2218 3044 2477 3117 βασιλικὴ
2505 3045 2645 3110 ὁδὸς,
2689 3045 2783 3098 καὶ
2807 3044 2947 3115 αὕτη
2980 3044 3244 3116 ἐπαινετὴ
3301 3045 3603 3115 ἐγκράτεια
3647 3046 3712 3098 ἐν
3739 3048 3806 3114 τῇ

2219 3136 2511 3206 μαρτυρίᾳ.
3546 3154 3549 3155 ⁷

2428 3417 2564 3474 KH’.
2588 3421 2969 3487 -Βασιλείῳ
2998 3380 3336 3491 ἡγουμένη).
3368 3421 3583 3494 ισμςα]

889 3533 957 3583 Ut
979 3533 1176 3584 fortiter
1211 3548 1300 3597 pro
1322 3536 1514 3586 Christo
1546 3537 1649 3599 pati
1674 3541 1870 3601 pergat,
1905 3550 2001 3588 nec
2033 3537 2250 3599 trepidet
2269 3534 2312 3585 si
2332 3541 2448 3585 ante
2471 3536 2823 3598 imperatorem
2848 3540 2935 3585 aut
2953 3533 3191 3598 presides
3214 3536 3437 3585 ducatur.

600 3637 705 3696 Ubi
747 3641 987 3695 intellexi
1013 3641 1196 3696 omnia
1234 3657 1354 3711 qua:
1382 3652 1602 3711 propter
1628 3642 1918 3695 Dominum
1949 3656 2111 3711 passa

524 3744 610 3789 est
659 3733 922 3789 sanctitas
968 3742 1081 3797 tua,
1115 3750 1238 3788 cum
1277 3749 1435 3786 sacro
1486 3748 1589 3787 suo
1617 3733 1876 3799 subdito;
1908 3733 2113 3803 gloriﬁ-

527 3827 645 3881 cavi
702 3825 968 3896 optimum
1028 3825 1195 3879 Deum
1227 3834 1475 3877 nostrum
1512 3826 1707 3877 valde:
1739 3824 1879 3892 quod
1926 3826 2114 3893 utique

524 3929 747 3974 exortus
784 3927 839 3974 et
872 3918 989 3988 ipse
1033 3932 1091 3972 es
1116 3916 1281 3970 veluti
1330 3915 1481 3969 sidus
1510 3916 1563 3969 in
1604 3918 1806 3969 mundo
1834 3931 1960 3971 cum
1992 3917 2113 3972 aliis

524 4012 819 4076 sideribus,
854 4011 910 4065 in
942 4010 1044 4063 hac
1066 4009 1319 4078 praesenti
1356 4009 1515 4077 quasi
1556 4020 1821 4063 nocturna
1847 4009 2120 4063 haereseos

524 4118 729 4173 pugna,
786 4116 885 4155 vas
938 4100 1250 4163 electionis,
1291 4099 1545 4152 columna
1606 4108 1660 4152 et
1716 4098 2116 4153 firmamentum

524 4196 794 4251 veritatis.
857 4193 1035 4259 Quam
1091 4192 1417 4246 admirabile
1466 4207 1561 4262 par
1618 4191 1751 4245 illud
1818 4192 2114 4247 vestrum!

527 4305 691 4360 quam
723 4286 950 4343 Christo
989 4285 1244 4347 amabile,
1292 4284 1438 4355 quod
1482 4285 1669 4354 plagas
1727 4283 1900 4355 ipsius
1955 4299 2118 4338 causa

2291 3641 2478 3694 Πάντα
2513 3639 2845 3711 καταμαθὼν
2870 3639 3016 3710 ἆπερ
3044 3639 3133 3694 διὰ
3163 3640 3369 3712 Κύριον
3396 3641 3609 3711 ὑπέστη
3631 3658 3733 3695 σου
3767 3643 3800 3711 ἡ

2218 3730 2439 3801 ὁσιότης
2468 3731 2566 3784 σὺν
2586 3729 2663 3799 τῷ
2694 3729 2823 3802 ίερῷ
2869 3729 3097 3800 ὑπηκόῳ
3120 3744 3134 3757 ·
3168 3728 3398 3792 ἐδόξασα
3446 3729 3542 3783 τὸν
3594 3731 3803 3800 ἀγαθὸν

2219 3824 2352 3879 Θεὸν
2391 3825 2547 3894 ἡμῶν
2602 3823 2754 3877 λίαν·
2798 3825 2991 3894 ὅτιπερ
3021 3822 3303 3886 ἀνέτειλας
3344 3823 3439 3876 καὶ
3480 3823 3649 3889 αὑτὸς
3684 3844 3802 3896 φω-

2220 3913 2359 3986 στὴρ
2403 3918 2461 3969 ἐν
2491 3914 2571 3986 τῷ
2620 3916 2810 3985 κόσμῳ
2842 3916 2941 3969 σῦν
2987 3913 3167 3978 ἄλλοις
3214 3913 3593 3985 λαμπτῆρσιν,
3637 3916 3699 3968 ἐν
3734 3916 3799 3985 τῇ

2217 4014 2335 4063 νυνὶ
2396 4008 2740 4080 νυκτομαχίᾳ
2782 4008 2883 4076 τῆς
2939 4008 3231 4078 αἱρέσεως,
3278 4007 3477 4070 σκεῦος
3534 4007 3800 4077 ἐκλογῆς,

2219 4100 2415 4165 στύλος
2443 4101 2540 4155 καὶ
2566 4101 2855 4171 ἑδραίωμα
2883 4100 2979 4170 τῆς
3017 4099 3300 4170 ἀληθείας.
3337 4100 3423 4164 Ὠς
3454 4099 3801 4171 θαυμαστὴή

2216 4192 2351 4257 δυὰς
2377 4195 2557 4264 ὑμῶνί
2604 4194 2679 4256 ὡς
2714 4194 2920 4265 ἐραστὴ
2949 4192 3025 4263 τῷ
3056 4193 3299 4265 Χριστῷ,
3346 4193 3565 4262 πληγὰς
3594 4194 3663 4246 δι’
3704 4194 3802 4245 αὑ-

2217 4285 2308 4338 τὸν
2340 4284 2708 4356 ὑπομείνασα,
2758 4284 3093 4351 ἀπαγωγὰς,
3143 4283 3411 4353 φυλακάς,
3470 4284 3567 4336 καὶ
3623 4282 3801 4337 ταῦτα

529 4382 771 4451 pertulit,
805 4379 1018 4444 exsilia,
1047 4393 1317 4443 carceres,
1360 4388 1413 4431 et
1461 4392 1524 4431 ea
1568 4392 1743 4448 usque
1774 4378 1828 4431 in
1875 4392 2114 4447 praesen-

2221 4376 2327 4440 ἕως
2349 4355 2759 4445 τοῦπαρόντος.
2793 4376 2955 4429 Ἀλλὰ
2986 4376 3041 4428 τί
3074 4376 3158 4429 ὅτι
3182 4376 3288 4447 πρὸ
3312 4379 3410 4445 τῆς
3439 4376 3641 4446 πείρας
3664 4371 3800 4449 ἧκες

528 4473 803 4528 temdiem
830 4473 842 4525 !
877 4470 982 4524 Sed
1012 4468 1142 4538 quid
1173 4476 1257 4522 est
1286 4470 1455 4537 quod,
1487 4477 1779 4537 antequam
1812 4467 2111 4535 periculum

530 4562 758 4623 faceres,
792 4560 859 4614 ad
898 4574 984 4614 me
1006 4557 1268 4612 humilem
1306 4557 1523 4617 venisti.
1552 4557 1710 4611 sicuti
1742 4572 1807 4610 ex
1856 4565 1905 4611 te
1953 4556 2111 4610 intel-

527 4654 654 4717 lexi,
694 4668 793 4708 nec
822 4664 1002 4707 tamen
1035 4658 1332 4719 conspectu
1386 4664 1509 4703 meo
1530 4647 1636 4702 frui
1675 4647 1861 4702 licuit:
1889 4662 1986 4702 nec
2010 4648 2111 4701 mi-

528 4762 651 4800 rum
702 4745 909 4815 utique.
956 4740 1409 4811 Quandoquidem
1444 4739 1613 4804 enim,
1649 4750 1707 4793 ut
1759 4738 2109 4808 conjiciebas,

527 4854 641 4894 non
698 4839 916 4892 aderam
952 4854 966 4903 ;
998 4836 1162 4890 miser
1216 4834 1362 4887 enim
1414 4847 1513 4901 ego
1564 4848 1628 4887 ae
1662 4832 1899 4887 tenebris
1959 4832 2111 4887 obsi-

531 4939 622 4985 tus
658 4946 675 4997 ;
713 4927 843 4998 quid
867 4937 918 4981 te
944 4927 1290 4982 incommodo
1320 4922 1549 4978 aereisti
1585 4924 1606 4976 ?
1639 4924 1742 4978 nisi
1771 4923 1915 4994 quod
1961 4936 2109 4977 mine

530 5022 766 5090 teipsum
816 5017 972 5073 nobis
1006 5034 1101 5087 per
1136 5018 1346 5073 litteras
1385 5017 1719 5086 conjunxisti
1752 5032 1764 5069 :
1797 5016 1976 5083 ctjam
2010 5030 2112 5069 nos

529 5114 723 5184 spiritu
759 5112 988 5166 invicem
1036 5113 1334 5176 intuemur,
1366 5120 1419 5165 et
1450 5111 1503 5164 in
1538 5125 1707 5163 unum
1759 5108 2112 5163 convenimus

530 5209 587 5261 in
621 5205 837 5275 spiritu,
879 5204 1057 5257 unain
1078 5202 1310 5257 Domino
1329 5204 1509 5256 anima
1534 5201 1729 5268 effecti,
1761 5216 1860 5271 ego
1892 5201 2113 5256 humilis

533 5298 588 5352 in
610 5298 764 5351 vobis
798 5296 1023 5360 sanctis,
1044 5305 1096 5350 et
1121 5310 1216 5349 vos
1240 5296 1291 5348 in
1325 5311 1431 5349 me.
1462 5294 1827 5360 Quamobrem
1860 5293 2113 5348 Christus

534 5393 587 5443 iu
643 5387 821 5442 medio
873 5397 1143 5453 nostrum,
1186 5388 1341 5457 juxta
1380 5404 1625 5442 veracem
1662 5388 1805 5440 illius
1842 5386 2110 5455 pollicita-

534 5483 755 5538 tionem.
788 5481 929 5546 Quid
960 5480 1155 5535 deinde
1186 5481 1455 5551 reliquum
1488 5492 1571 5535 est
1598 5482 1621 5533 ?
1650 5480 2113 5549 Ut,qucmadmo-

532 5577 659 5630 dum
697 5574 964 5644 carpimus
1003 5574 1057 5627 in
1087 5574 1365 5628 laboribus
1409 5588 1507 5643 pro
1562 5572 1813 5639 Christo,
1857 5586 2114 5626 consum-

534 5683 743 5723 memus
775 5666 1111 5736 propositum
1141 5665 1299 5721 nobis
1334 5675 1633 5731 certamen,
1671 5664 1807 5720 nihil
1856 5662 2110 5721 reformi-

602 5803 647 5833 ⁸⁸
670 5801 827 5857 Joan.
863 5817 972 5861 xxx.
997 5801 1048 5855 5.

2215 4472 2355 4540 πρός
2386 4488 2453 4539 με
2488 4471 2579 4523 τὸν
2611 4471 2891 4530 ταπεινὸν,
2918 4469 3062 4523 καθὰ
3088 4469 3360 4535 ἐδίδαξας,
3410 4468 3484 4538 μὴ
3520 4470 3799 4539 ἐπιτυχών

2217 4579 2320 4631 μου
2357 4562 2451 4615 τοῦ
2498 4562 2875 4634 συνοψισμοῦς
2924 4561 3020 4614 καὶ
3086 4562 3335 4624 είκότως.
3400 4559 3626 4632 Ἐπειδὴ
3664 4563 3797 4632 γὰρ,

2213 4656 2289 4718 ὡς
2336 4654 2739 4725 ὑπελάμϐανες,
2779 4654 2880 4706 οὑκ
2929 4649 2996 4722 ἦν
3026 4671 3041 4685 ο
3104 4655 3327 4724 οίκτρδς·
3366 4652 3476 4723 γὰρ
3537 4653 3655 4722 ἐγὼ
3705 4658 3800 4708 καὶ

2216 4748 2488 4810 σκοτεινὸς
2516 4764 2528 4775 ·
2568 4747 2622 4799 τί
2646 4747 2732 4801 ἵνα
2760 4747 2857 4799 καὶ
2892 4746 3161 4814 ἐσλὰδηςς
3214 4745 3354 4816 πλὴν
3407 4745 3491 4799 ὅτι
3548 4748 3800 4819 συνῆψας

2212 4840 2347 4909 ἡμῖν
2370 4839 2563 4893 ἑαυτὸν
2607 4840 2727 4892 νυνὶ
2772 4839 2860 4892 διὰ
2886 4838 2982 4891 τοῦ
3012 4838 3341 4909 γράμματος
3369 4852 3385 4867 ⁸
3444 4838 3542 4891 καὶ
3578 4840 3797 4912 ὁρῶμεν

2212 4932 2477 5003 ἀλλήλους
2507 4931 2608 5001 ἤδη
2638 4930 2717 5002 τῷ
2746 4929 3018 5000 πνεύματι
3047 4946 3061 4960 ·
3090 4932 3187 4983 καὶ
3222 4930 3301 4993 είς
3340 4930 3542 4983 ταυτὸν
3595 4930 3797 5003 συνήλ-

2214 5024 2381 5094 θομεν
2413 5026 2473 5077 ἐν
2504 5023 2776 5094 πνεύματι
2800 5037 2813 5049 ’
2844 5024 2944 5092 μία
2976 5021 3125 5093 ψυχὴ
3149 5022 3208 5075 ἐν
3240 5021 3433 5093 Κυρίῳ
3472 5022 3792 5091 γεγονότες,

2215 5114 2326 5183 ἐγὼ
2351 5116 2379 5168 ὀ
2411 5116 2669 5179 ταπεινὸς
2717 5117 2774 5168 ἐν
2826 5116 2957 5185 ὑμῖν
3000 5118 3114 5177 τοῖς
3158 5114 3358 5183 ἁγίοις,
3399 5118 3497 5166 καὶ
3527 5114 3693 5183 ὑμεῖς
3739 5114 3799 5166 ἐν

2213 5206 2370 5277 ἐμοί·
2410 5208 2607 5277 ὅτιπερ
2665 5207 2899 5279 Χριστὸς
2933 5209 2991 5260 ἐν
3048 5206 3200 5278 μέσῳ
3249 5205 3608 5277 ἀμφοτέρων,
3656 5206 3801 5261 κατὰ

2215 5300 2315 5370 τὴν
2340 5298 2551 5367 ἀψευδῆ
2597 5298 2952 5367 ἐπαγγελίαν.
3004 5299 3070 5351 Τί
3122 5299 3306 5351 λοιπὸν
3352 5298 3468 5363 ἐτι;
3502 5298 3615 5363 ἱνα,
3653 5298 3799 5353 καθὰ

2214 5390 2565 5461 ἐνηρξάμεθα
2602 5392 2661 5443 ἐν
2694 5393 2807 5454 τοῖς
2859 5390 3002 5461 ὑπὲρ
3033 5390 3272 5461 Χριστοῦ
3305 5391 3661 5461 μαρτυρίοις,
3706 5407 3796 5443 τε·

2216 5482 2531 5551 λειώσωμεν
2563 5482 2656 5535 τὸν
2725 5482 3089 5553 προκείμενον
3156 5483 3289 5553 ἡμῖν
3344 5481 3556 5550 ἀγῶνα,
3628 5482 3797 5553 μηδὲν

2217 5574 2663 5644 ὑποπτήσσοντες
2690 5591 2705 5607 ο
2751 5574 2826 5645 μὴ
2867 5573 3083 5646 πληγὰς
3138 5571 3315 5639 αὖθις,
3370 5574 3446 5645 μὴ
3481 5575 3683 5645 δεσμὰ,
3717 5574 3797 5645 μὴ

2223 5664 2663 5736 στρεϐλωτῆρας,
2704 5667 2778 5736 μὴ
2814 5664 2945 5737 πῦρ,
2976 5667 3050 5738 μὴ
3090 5666 3264 5734 ξίφος,
3316 5665 3391 5735 μὴ
3441 5664 3608 5738 ὓδωρ,
3661 5666 3798 5735 μηδὲ
