3934 6488
111 432 242 497 1197

1317 424 1858 486 EPISTOLARUM
1893 423 2040 485 LIB.
2077 423 2136 483 II

3221 417 3356 481 1193

111 545 410 615 μάχαιραν.
452 539 639 604 Οὕτως
679 537 994 591 ὑποτίθεται
1046 538 1179 609 ἡμῖν
1209 538 1237 592 ό
1268 538 1427 608 λόγος
1451 556 1466 571 ο
1515 535 1689 600 οὕτως

1810 533 2005 600 lantes,
2025 549 2133 588 non
2159 533 2342 604 plagas
2367 547 2551 603 porro.
2587 547 2694 586 non
2721 529 2959 597 vincula,
2987 545 3094 586 non
3126 540 3370 586 tormen-

108 639 207 708 βοᾷ
233 637 262 688 ό
300 633 627 696 Ἀπόστολος
657 647 670 660 ο
701 627 879 693 οὕτως
913 631 946 700 ὴ
975 630 1260 693 τελείωσις
1307 630 1414 683 τῶν
1471 629 1684 700 μαρτύ-

108 746 217 803 ρων
245 728 524 782 ἁπάντων.
560 725 672 778 Οὐκ
720 722 888 792 ἐσμὲν
928 723 1275 792 ἀγενέστεροι
1322 720 1499 773 αὐτῶν
1531 733 1546 748 ⁸
1581 718 1686 773 κᾶν

103 820 217 889 ἐγὼ
245 818 438 882 τάλας,
471 819 535 869 ὲκ
567 815 702 868 Θεοῦ
735 815 829 868 καὶ
852 814 1007 866 αὐτοὶ
1028 814 1398 883 ἐγεννήθημεν
1419 828 1432 841 ⁸
1466 812 1565 880 τὴν
1591 812 1687 863 αὐ-

101 915 203 984 τὴν
236 911 448 983 μητέρα
472 912 573 978 τῆς
594 906 868 969 υἱοθεσίας
895 905 1229 974 κεκτήμεθα.
1275 905 1500 957 Ἐκεῖνοι
1525 903 1686 974 ὴθλο-

103 1006 354 1074 φόρησαν
376 1017 389 1030 ·
427 1001 522 1054 καὶ
546 1001 712 1070 ἡμεῖς
742 997 1024 1067 ἀσχημονή
1038 1013 1251 1065 σομενς
1286 997 1543 1063 γυναῖκες
1591 995 1689 1050 καὶ

105 1097 271 1166 κόραι
347 1092 728 1161 ὲστέφθησαν·
791 1089 886 1140 καὶ
947 1089 1108 1156 ἡμεῖς
1176 1088 1684 1157 φιλοσαρκήσομεν;

104 1190 362 1256 γέροντες
394 1184 490 1238 καὶ
524 1185 695 1254 νήπια
719 1179 1037 1249 νενικήκασι
1072 1180 1365 1249 τυράννους
1400 1180 1494 1232 καὶ
1532 1179 1685 1247 βασι-

104 1279 365 1339 λεύοντας
396 1295 408 1307 ·
441 1276 536 1328 καὶ
562 1275 724 1343 ἡμεῖς
747 1271 1161 1340 ίλιγγιάσομεν;
1201 1269 1469 1339 οὐδαμῶς.
1498 1269 1688 1338 Δῶμεν

103 1371 204 1432 τὰς
237 1368 447 1437 σάρκας
470 1366 582 1425 τοῖς
609 1362 959 1433 σαρκοφίλοις
991 1377 1005 1390 ·
1039 1363 1074 1429 ὴ
1103 1360 1249 1431 ψυχὴ
1284 1361 1541 1428 ἄληπτος.
1596 1359 1687 1429 Μὴ

105 1459 439 1532 φοϐηθῶμεν
474 1455 616 1522 τοὺς
647 1455 1147 1523 σωματοκτόνους
1172 1469 1188 1484 ο
1219 1452 1380 1506 ἀλλὰ
1431 1450 1536 1504 τὸν
1581 1450 1687 1505 δυ-

103 1552 376 1621 νάμενον
405 1548 502 1602 καὶ
536 1546 750 1616 ψυχὴν
806 1545 905 1598 καὶ
949 1543 1122 1613 σῶμα
1170 1543 1239 1596 ἐν
1291 1543 1504 1613 γεέννῃ
1537 1543 1688 1596 ἀπο-

104 1646 307 1702 λέσαι.
337 1638 516 1694 Τανῦν
551 1637 873 1706 ἀγαλλίασις
904 1636 998 1689 καὶ
1035 1633 1292 1705 θυμηδία.
1353 1635 1535 1702 Εἴπερ
1580 1636 1689 1704 γὰρ

105 1734 576 1805 συμπάσχομεν,
612 1729 710 1783 καὶ
735 1729 1380 1800 συνδοξασθησόμεθα.
1415 1727 1691 1802 Θρηνείτω

103 1829 134 1880 ὁ
162 1825 435 1887 διάϐολος,
467 1824 564 1877 καὶ
593 1823 641 1875 οἱ
677 1820 840 1875 αὐτοῦ
875 1821 1148 1891 ὑπηρέται
1174 1836 1188 1849 °
1224 1819 1385 1872 τοῦτο
1446 1820 1553 1892 γὰρ
1586 1821 1690 1873 πά-

1803 636 1878 692 ta,
1928 641 2035 681 non
2084 626 2285 696 ignem,
2321 641 2429 680 non
2480 638 2688 688 ensem,
2733 639 2841 677 non
2874 638 3094 692 aquam,
3122 638 3228 677 non
3263 624 3370 693 gla-

1787 718 1938 773 dium
1971 717 2038 770 “.
2073 717 2164 772 Sic
2198 717 2312 786 ipsa
2349 731 2450 771 nos
2480 715 2761 784 Scriptura
2791 716 3046 788 admonet
3078 731 3092 766 :
3127 714 3207 769 sic
3229 714 3371 784 Apo-

1788 810 1959 866 stolus
2009 809 2246 863 clamat:
2276 809 2354 862 sic
2390 815 2694 877 martyrum
2733 806 2978 858 omnium
3011 820 3370 862 consumma-

1789 902 1883 955 tio.
1931 897 2050 954 Non
2103 908 2233 954 sunt
2290 899 2470 964 nobis,
2503 914 2668 967 quam
2699 897 2824 960 illis,
2856 897 3040 950 minus
3082 898 3214 952 clari
3271 915 3370 952 na-

1787 992 1942 1055 tales,
1973 1004 2286 1060 quanquam
2343 1005 2444 1060 ego
2492 988 2678 1043 infelix
2715 1005 2730 1053 ;
2761 1003 2828 1042 ex
2893 987 3004 1041 Deo
3035 995 3088 1041 et
3116 988 3216 1057 ipsi
3255 990 3367 1042 nati

1790 1097 1982 1136 sumus
2013 1081 2257 1134 eamdem
2287 1079 2597 1148 adoptionis
2631 1088 2858 1132 matrem
2891 1078 3091 1147 adepti.
3129 1077 3206 1132 Illi
3234 1094 3371 1150 prae—

1790 1177 1898 1228 mia
1952 1173 2186 1227 retulere
2224 1191 2235 1226 :
2278 1181 2330 1226 et
2393 1186 2496 1226 nos
2549 1171 2846 1240 degeneres
2871 1171 3078 1225 erimus
3109 1171 3133 1224 ?
3162 1171 3376 1225 feminae

1789 1281 1853 1321 ac
1879 1266 2073 1335 puella:
2098 1274 2372 1319 coronatae
2395 1272 2524 1319 sunt
2554 1282 2566 1316 :
2598 1275 2651 1318 et
2682 1279 2782 1318 nos
2806 1263 2958 1318 carni
2991 1259 3376 1317 blandiamur?

1789 1373 1947 1413 senes
1997 1365 2051 1410 et
2110 1356 2264 1426 pueri
2308 1365 2572 1426 tyrannos
2621 1355 2802 1409 vicere
2849 1363 2905 1408 et
2951 1370 3106 1423 reges
3139 1372 3150 1406 :
3186 1366 3240 1407 et
3274 1366 3375 1410 nos

1789 1457 2070 1519 stupentes
2128 1449 2456 1503 haerebimus
2489 1448 2512 1501 ?
2549 1447 2771 1502 Minime
2816 1462 2966 1502 vero.
3004 1447 3238 1502 Carnem
3287 1448 3376 1501 di-

1790 1542 2073 1596 mittamus
2125 1540 2210 1595 his
2241 1541 2335 1610 qui
2390 1554 2613 1595 carnem
2660 1539 3179 1610 diliguntzanimus
3230 1540 3374 1593 inte-

1790 1636 1893 1690 rim
1925 1636 2226 1706 expugnari
2247 1636 2455 1704 nequit.
2517 1633 2594 1688 Ne
2619 1634 2912 1688 timeamus
2941 1649 3028 1688 eos
3085 1635 3174 1702 qui
3236 1634 3377 1686 occi-

1790 1728 1920 1780 dunt
1982 1743 2172 1797 corpus
2208 1742 2227 1779 :
2259 1726 2348 1780 sed
2390 1742 2510 1779 eum
2562 1727 2652 1794 qui
2673 1736 2842 1792 potest
2884 1727 3118 1778 animum
3161 1735 3209 1778 et
3262 1741 3380 1778 cor-

1795 1838 1891 1890 pus
1947 1821 2160 1890 perdere
2206 1821 2262 1873 in
2325 1829 2612 1891 gehennam
2653 1821 2722 1874 '°.
2784 1819 2842 1873 ln
2914 1821 3170 1889 prasenti
3237 1819 3381 1873 lani-

107 1933 336 1988 σχουσιν
355 1917 410 1966 ὲν
433 1917 501 1984 τῇ
526 1910 935 1980 ἁκαταπλήκτῳ
956 1909 1204 1963 ὲνστάσει
1227 1908 1336 1960 τῶν
1357 1909 1696 1979 μαρτυρούν-

1810 1915 1874 1969 lia
1911 1889 1995 1969 est
2022 1924 2076 1970 et
2114 1889 2368 1970 alacritas
2403 1934 2415 1970 :
2453 1915 2724 1986 Siquidem
2755 1915 2896 1968 enim
2931 1915 3308 1983 compatimur,
3331 1923 3382 1966 et

105 2027 241 2063 των.
275 2008 385 2076 Φὴς
415 2005 488 2077 μὴ
525 2003 728 2058 ἰδέσθαι
759 2001 982 2054 πώποτε
1006 1999 1231 2070 βασιλέα
1260 2017 1275 2031 ·
1314 2001 1448 2070 μηδὲ
1469 2000 1694 2072 ἄρχουσι

109 2101 455 2172 παρεστάναι
490 2115 504 2129 ο
546 2095 840 2148 κάντεῦθεν
867 2111 986 2156 πως
1024 2094 1221 2163 δεδιᾷν.
1263 2094 1568 2164 Μηδαμῶς,
1623 2089 1695 2147 *Ω

109 2194 325 2262 Πάτερ,
368 2189 781 2257 καταφρόνησον
832 2184 1180 2255 ἀμφοτέρων,
1213 2187 1240 2239 ὁ
1273 2186 1510 2256 Χριστὸν
1557 2187 1695 2257 ἔχων

110 2283 491 2352 ἐνδεδυμένον.
540 2278 776 2340 Ἐκεῖνός
820 2294 879 2329 σε
926 2275 1187 2347 πτηξάτω
1213 2279 1402 2349 ὥσπερ
1437 2281 1530 2331 καὶ
1583 2279 1697 2332 δαί-

109 2396 280 2450 μονες
308 2395 323 2409 ·
366 2374 579 2438 ἄνοιξον
612 2373 703 2423 σὺν
743 2370 920 2440 στόμα
947 2370 1142 2442 παρὼν
1193 2372 1332 2442 ’πρὸς
1382 2373 1564 2425 αὐτόν.
1612 2376 1699 2424 Δο-

107 2472 342 2542 θήσεται
375 2469 482 2536 γάρ
521 2483 603 2516 σοι
647 2463 804 2529 λόγος
835 2479 846 2491 ·
877 2464 1116 2535 Χριστὸς
1162 2463 1549 2534 ἐπηγγείλατο.
1605 2466 1700 2517 Ἔ-

107 2563 308 2631 λεγξον
333 2557 519 2619 αὑτὸν,
565 2556 613 2607 εί
655 2554 1023 2625 ματαιολογεῖ.
1058 2556 1131 2607 ού
1166 2555 1255 2606 τὸν
1299 2556 1502 2624 Ἀχαάὅ
1531 2556 1696 2626 ἦλεγ..

109 2655 204 2720 ξεν
271 2651 493 2714 Ἦλίαςς
536 2648 595 2701 οὐ
640 2647 730 2700 τὸν
773 2646 1023 2718 Ἡρώδην
1071 2647 1364 2714 ’1ωάννης;
1400 2648 1500 2700 ούκ
1553 2647 1699 2700 ἄλλοι

105 2744 240 2805 τοὺς
288 2740 520 2804 ἀλλους;
573 2736 663 2790 ἴνα.
715 2735 791 2808 μὴ
828 2735 1216 2806 κατονομάζων
1249 2736 1591 2806 μακρολογῶ.
1642 2737 1701 2789 Ὀ

107 2833 237 2886 τότε
279 2831 431 2892 Θεὸς,
485 2830 580 2881 καὶ
638 2827 758 2881 νῦν.
807 2826 896 2890 Ὠς
953 2827 1241 2898 ἠγάπησεν
1292 2829 1554 2893 ἐκείνους,
1606 2827 1701 2882 καὶ

108 2925 286 2994 qua;
309 2921 609 2992 Μαθητιῶν
651 2917 718 2992 ἧς
755 2923 868 2984 τοῖς
893 2921 1242 2985 ἀποστόλοις,
1277 2922 1532 2991 μάρτυσι,
1571 2939 1704 2993 προ-

112 2993 346 3086 έρῆταις,
405 3013 708 3082 Πατράσιν,
759 3012 950 3074 ὁσίοις.
1007 3011 1066 3064 Ὀ
1097 3013 1308 3083 καρπὸς
1365 3011 1442 3081 τῷ
1506 3012 1704 3083 δένδρῳ

111 3102 512 3176 ἐξομοιούσθω,
575 3104 674 3156 καὶ
728 3104 777 3154 εί
840 3102 915 3172 μὴ
985 3103 1130 3156 οὓτω
1207 3103 1702 3174 περιπατήσομενο

112 3198 306 3252 σκαιοὶ
338 3197 436 3248 καὶ
469 3197 590 3266 οὐχὶ
615 3195 878 3265 μαθηταὶ,
917 3195 1037 3247 οὐδὲ
1086 3196 1214 3260 υἱοὶ,
1275 3195 1398 3247 οὐδὲ
1456 3196 1660 3266 καρποί
1689 3212 1702 3226 ·

113 3291 257 3345 ἀλλά
291 3284 389 3360 τῆς
421 3289 804 3360 ἀντικειμένης
833 3287 1050 3358 μερίδος
1074 3304 1089 3318 ·
1119 3287 1227 3339 τῶν
1255 3288 1599 3358 φιλοκόσμων
1619 3289 1705 3359 δὴ,

111 3383 288 3451 λέγω,
318 3380 416 3433 κα)⁹
448 3379 826 3448 δουλοσάρκων
849 3395 862 3408 °
922 3369 996 3429 ὧν
1027 3376 1126 3446 τὴν
1154 3377 1386 3448 μίμησιν
1421 3378 1710 3446 φύγοιμεν,

116 3472 486 3540 ὲπιτῦχοιμεν
537 3470 594 3523 δὲ
630 3469 792 3531 Θεοῦ,
861 3467 1258 3537 τελειοφρόνως
1318 3468 1715 3536 ἀγωνιζόμενοι

117 3567 180 3616 ἐν
210 3562 439 3634 Χριστῶ
473 3557 648 3630 Ἰησοῦ
671 3558 751 3628 τῷ
783 3556 975 3628 Κυρίῳ
1005 3557 1164 3626 ἡμῶν
1222 3558 1470 3628 εἰρηκότι
1508 3575 1522 3589 °
1567 3561 1714 3628 Θαρ-

117 3655 313 3722 σεῖτε,
341 3653 456 3724 ἐγὼ
484 3653 778 3719 νενίκηκα
816 3652 926 3703 τὸν
947 3652 1201 3717 κόσμον.

1800 2007 2408 2078 congloriﬁcabimur“.
2464 2009 2670 2080 Lugeat
2730 2007 2983 2062 diabolus
3042 2015 3096 2061 et
3147 2005 3382 2060 ministri

1799 2099 1918 2169 ejus
1953 2116 1967 2152 :
1997 2098 2142 2152 hunc
2194 2101 2339 2153 enim
2380 2098 2512 2169 ipsis
2557 2099 2800 2154 dolorem
2825 2098 2968 2168 parit
2993 2097 3194 2152 invicta
3233 2112 3381 2150 mar-

1801 2201 1977 2261 tyrum
2045 2191 2374 2245 constantia.
2451 2189 2742 2261 Nunquam
2804 2199 2858 2246 te
2912 2205 3095 2260 regem
3149 2191 3232 2245 ais
3287 2205 3386 2245 co-

1799 2296 1916 2335 ram
1969 2280 2253 2345 intuitum,
2304 2295 2404 2335 nec
2453 2282 2532 2335 in-
2562 2291 2917 2351 conspectum
2977 2283 3191 2336 venisse
3254 2298 3386 2351 pro-

1799 2388 2005 2435 cerum,
2036 2381 2198 2441 atque
2245 2373 2448 2426 idcirco
2493 2375 2871 2428 extimescere.
2928 2374 3104 2429 Absit.
3133 2371 3176 2427 Ο
3205 2371 3385 2439 Pater,

1803 2476 2070 2532 utrosque
2113 2480 2334 2533 sperne,
2366 2465 2457 2534 qui
2490 2465 2768 2520 Christum
2805 2466 2973 2520 babes
3014 2481 3176 2534 quem
3207 2466 3390 2519 indui-

1801 2557 1889 2611 sti.
1922 2557 2014 2611 llle
2046 2567 2095 2610 te
2145 2559 2329 2612 timeat
2359 2559 2432 2610 uti
2457 2568 2511 2611 et
2540 2557 2836 2612 dazmones.
2879 2557 3080 2613 Rescra
3112 2574 3174 2612 os
3213 2568 3387 2620 tuum,

1801 2665 1924 2705 cum
1973 2650 2115 2720 apud
2160 2650 2336 2719 ipsum
2397 2665 2583 2704 coram
2635 2665 2783 2720 ages.
2820 2649 3052 2705 Dabitur
3088 2651 3234 2707 enim
3293 2650 3389 2706 tibi

1801 2756 2028 2803 sermo;
2069 2742 2320 2795 Christus
2371 2741 2645 2809 pollicitus
2687 2751 2773 2798 est
2798 2744 2865 2798 δ’.
2923 2743 3106 2813 Argue
3159 2759 3284 2797 cum
3343 2743 3390 2797 si

1804 2833 1985 2886 inania
2047 2832 2308 2902 loquitur.
2356 2831 2476 2887 Non
2507 2834 2696 2889 Achab
2730 2833 2879 2890 Elias
2939 2835 3227 2905 coarguit?
3270 2832 3390 2889 Non

1802 2923 2071 2980 Herodem
2131 2924 2420 2982 Joannes?
2452 2943 2560 2982 non
2601 2929 2736 2983 alios
2782 2929 2918 2982 alii?
2953 2937 3102 2982 utne
3142 2928 3392 2998 singulos

1806 3018 2128 3088 appellando
2160 3020 2260 3073 sim
2304 3019 2542 3088 longior.
2599 3018 2702 3086 Qui
2749 3031 2878 3075 tunc
2944 3020 3105 3084 Deus,
3139 3021 3279 3074 idem
3340 3030 3395 3075 et

1806 3124 1974 3163 nunc.
2027 3107 2096 3162 Ut
2123 3109 2243 3163 illos
2264 3110 2474 3175 dilexit,
2513 3111 2586 3164 ita
2615 3120 2669 3166 et
2701 3127 2821 3165 nos.
2853 3111 3147 3165 Alumnum
3182 3121 3234 3165 te
3270 3127 3396 3180 pro-

1809 3199 1986 3253 fessus
2039 3214 2098 3252 es
2147 3202 2544 3270 apostolorum,
2603 3213 2925 3273 martyrum,
2983 3204 3394 3272 pr0phetarnm,

1809 3292 2065 3357 Patrum,
2121 3305 2468 3349 sanctorum.
2533 3294 2729 3348 Arbori
2785 3293 2994 3348 fructus
3047 3293 3396 3369 respondeat.

1807 3386 1925 3440 Nisi
1964 3387 2109 3440 enim
2155 3402 2252 3441 nos
2301 3387 2374 3441 ita
2422 3387 2682 3457 gerimus,
2724 3387 3018 3456 degeneres
3045 3399 3257 3448 smnus,
3283 3401 3397 3439 non

1812 3477 2085 3547 discipuli,
2141 3493 2250 3532 non
2299 3479 2415 3542 filii,
2467 3493 2577 3531 non
2613 3476 2827 3532 fructus
2858 3495 2871 3530 :
2902 3475 2994 3531 sed
3029 3478 3079 3530 in
3122 3476 3400 3531 contraria

1813 3577 1967 3635 parte
2024 3584 2239 3633 sumus,
2276 3583 2464 3622 corum
2516 3568 2660 3632 dico,
2691 3567 2782 3636 qui
2838 3567 3104 3621 mundum
3144 3566 3398 3636 diligunt,

1816 3658 1911 3726 qui
1953 3660 2101 3714 carni
2132 3660 2378 3714 serviunt
2412 3677 2425 3712 :
2461 3674 2694 3728 quorum
2730 3659 2977 3730 exempla
3008 3659 3303 3728 fugiamus.
3343 3667 3402 3710 ut

122 3751 238 3810 frui
301 3749 412 3803 Deo
459 3746 759 3815 possimus,
793 3743 942 3798 omni
974 3757 1074 3811 ope
1103 3751 1374 3796 certantes
1401 3742 1455 3796 in
1494 3742 1717 3797 Christo
1787 3743 1917 3805 Jesu
1972 3751 2200 3807 Domino
2265 3763 2473 3816 nostro,
2508 3751 2600 3821 qui
2645 3751 3128 3821 dixitzConﬁdile,
3170 3766 3264 3820 ego
3303 3751 3407 3807 υἱοί

123 3843 394 3896 mundum
422 3839 490 3894 ⁸³.

123 3954 248 4009 ΚΘ.
285 3982 356 3993 -—-
389 3946 638 4020 Μεγαλῷ
688 3947 790 4001 καὶ
837 3947 1038 4016 Μαρίᾳ
1074 3945 1498 4016 μονιιζούσαις.
1539 3949 1717 4021 [avet]

1933 3950 2129 4006 XXIX.
2170 3982 2240 3990 —
2274 3951 2539 4023 Megaloni
2566 3962 2614 4010 et
2657 3951 2848 4010 Maria:
2900 3955 3239 4010 monialibus.
3279 3963 3296 3981 ‘

1495 4066 1550 4115 In
1584 4067 1719 4116 obitu
1758 4067 2025 4128 praepositi.

199 4181 276 4233 Τὸ
306 4178 542 4249 γράμμα
569 4173 723 4246 ὑμῶν
753 4174 933 4244 τίμιον
964 4189 978 4202 ·
1021 4175 1113 4226 καὶ
1151 4175 1183 4243 ὴ
1213 4177 1556 4246 προσηγορία
1587 4195 1709 4230 συν.

124 4275 271 4345 ετή⁶
329 4273 361 4342 ὴ
415 4271 472 4324 δὲ
536 4268 791 4336 ἀγγελία,
833 4268 884 4319 τί
924 4265 1094 4332 simu;
1139 4268 1394 4337 ὀδυνηρά,
1457 4269 1488 4338 ἢ
1548 4287 1715 4340 χαρο..

124 4366 320 4428 ποιός;
380 4364 437 4415 '0
471 4361 600 4431 ἐμὸς
658 4361 847 4430 Πατὴρ
902 4359 1258 4428 ὲξεδήμησεν,
1315 4364 1342 4413 ὁ
1382 4363 1719 4434 ὀμολογητὴς

1891 4178 2230 4234 Venerabilis
2286 4177 2518 4246 epistola
2582 4190 2785 4242 vestra,
2843 4181 3065 4235 cordata
3106 4182 3399 4238 salutatio:

1819 4274 2040 4329 nuntius
2073 4285 2218 4328 vero.
2246 4270 2372 4338 quid
2402 4269 2622 4323 dicam?
2667 4271 2930 4338 plenusne
2951 4273 3154 4339 luctus,
3181 4291 3249 4329 an
3275 4293 3410 4346 gau-

1823 4368 1896 4421 dii
1924 4366 1945 4418 ?
1977 4364 2135 4418 Pater
2163 4377 2318 4416 meus
2356 4364 2588 4418 excessit
2609 4379 2638 4417 e
2669 4364 2828 4427 vivis,
2864 4366 3068 4422 Christi
3099 4369 3406 4436 confessor,

123 4457 735 4531 Χριστοῦ,ὁδεύτερος
805 4453 947 4516 Ἰὼϐ,
1003 4454 1064 4506 τὸ
1124 4443 1563 4526 ’ἐγκαλλώπισμα
1608 4457 1706 4510 τῶι

1820 4459 1920 4513 Job
1940 4458 2094 4520 alter,
2119 4456 2285 4510 decus
2309 4456 2724 4519 monachorum,
2750 4458 3036 4513 charitatis
3065 4462 3406 4522 conciliator.

130 4548 445 4622 μοναστῶν,
471 4550 498 4600 ὁ
518 4547 617 4616 τῆς
639 4546 861 4614 ἀγάπης
882 4547 1089 4614 Δσημιου
1101 4546 1253 4614 ργὺς,
1275 4545 1304 4596 ὁ
1327 4546 1723 4616 παντοφίλητος

126 4641 298 4712 ἀνὴρ,
331 4640 360 4692 ὁ
384 4639 478 4691 τοῦ
503 4637 642 4690 Θεοῦ
669 4637 976 4706 ἄνθρωπος,
1005 4638 1032 4688 ὁ
1063 4637 1405 4708 πολύδακρυς
1423 4637 1722 4708 ὀφθαλμὸς,

126 4732 160 4782 ὁ
199 4725 509 4798 φιλομαθὴς
536 4725 683 4788 νοῦς,
715 4727 743 4777 ό
774 4724 897 4796 θείᾳ
937 4723 1139 4793 γνώσει
1175 4726 1665 4798 πεπλουτισμένος,
1697 4728 1726 4780 ὁ

128 4821 304 4882 πολὺς
346 4819 403 4870 ὲν
435 4817 936 4888 ταπεινοφροσύνῃ,
966 4817 1061 4870 καὶ⁷
1092 4818 1383 4882 πολλοστὸς
1401 4821 1460 4872 ὲν
1492 4821 1723 4887 συνέσει,

129 4915 164 4966 ὁ
203 4909 512 4980 περιφανὴς
559 4909 667 4979 πρὸ
695 4911 998 4979 σχήματος,
1037 4911 1130 4963 καὶ
1167 4912 1306 4979 μετὰ
1359 4913 1459 4983 τὴν
1505 4931 1727 4983 μοναχι-

130 5004 240 5070 κὴν
261 4998 549 5051 τελείωσιν
585 4998 911 5068 ὑπέρτερος.
957 4999 1016 5051 Ὀ
1051 4999 1224 5062 δεθεὶς
1243 5002 1301 5053 ὲν
1334 5002 1524 5072 ἀγάπῃ
1551 5002 1687 5054 Θεοῦ
1711 5017 1725 5031 ·

132 5088 444 5142 κάντεῦθεν
483 5090 727 5156 μισήσας
761 5089 964 5158 κόσμον
988 5105 1000 5118 ο
1034 5089 1158 5151 δούς
1201 5106 1258 5141 τε
1292 5094 1495 5159 προῖκα
1547 5093 1727 5144 πάντα.

135 5180 368 5251 Χριστῷ
389 5178 682 5234 πολύολϐον
720 5181 910 5234 οὐσίαν
952 5196 966 5209 '
1007 5175 1128 5233 εἶτα
1183 5182 1522 5252 διαζευχθεὶς
1570 5200 1725 5252 περι-

135 5271 295 5334 δὸξου
326 5269 628 5341 ὁμοζύγου,
659 5272 853 5339 γένους
882 5289 941 5324 τε
989 5272 1084 5324 καὶ
1109 5273 1278 5338 φίλων
1309 5275 1401 5325 καὶ
1437 5275 1683 5342 συνήθων
1715 5290 1728 5303 '

137 5365 170 5414 ὁ
225 5361 637 5426 καταλελοιπὼς
699 5363 981 5434 περίγειον
1039 5363 1276 5434 ἀξίωμα,
1328 5361 1496 5428 οἷκον,
1555 5367 1730 5432 πόλιν,

143 5460 410 5530 πατρίδα,
462 5461 556 5514 καὶ
596 5460 769 5514 ταῦτα
798 5461 855 5513 ὲν
895 5459 1223 5531 ἀκμαζούσῃ
1265 5458 1455 5530 ἡλικίᾳ
1486 5474 1500 5487 ο
1535 5459 1734 5528 εὐπρε-

143 5555 280 5625 πείᾳ
312 5569 376 5605 τε
417 5553 715 5623 προσώπου
761 5556 853 5606 καὶ
909 5554 1033 5622 ὕψει
1063 5551 1314 5622 ἡλικίας·
1367 5551 1647 5622 εύσθενείᾳ
1674 5567 1731 5602 τε

146 5643 431 5714 σώματος,
467 5643 564 5697 καὶ
586 5643 1137 5714 ἀμφοτεροδεξιότητι
1163 5643 1402 5714 τρόπων,
1433 5642 1641 5709 νοητῶν
1675 5659 1734 5692 τε

148 5738 248 5789 καὶ
271 5736 488 5808 ὁρατῶν
521 5750 534 5764 ·
574 5737 668 5790 καὶ
691 5737 863 5790 πλείω
895 5737 1100 5790 τούτων
1136 5737 1200 5790 ἄν
1225 5753 1308 5800 τις
1339 5735 1529 5800 εἰπὼν,
1584 5735 1737 5787 ἐλάτ-

228 5875 270 5905 "
309 5873 468 5926 Rom.
501 5887 617 5938 vni,
650 5873 736 5942 55.
836 5874 880 5906 ⁸⁰
903 5872 1088 5930 Matth.
1125 5891 1215 5939 xx,
1244 5872 1334 5926 ‘18.

1413 5873 1452 5902 ⁵¹
1502 5871 1658 5927 Rom.
1685 5885 1766 5934 nt,
1803 5868 1886 5922 l7.

1823 4550 1908 4603 vir
1963 4546 2223 4601 omnibus
2263 4545 2485 4608 Charus,
2518 4547 2682 4600 homo
2743 4547 2859 4614 Dei,
2884 4550 2970 4604 oni
3001 4560 3264 4619 perpetuo
3297 4568 3411 4605 ma-

1824 4641 1960 4695 dens
1993 4638 2189 4693 oculus
2220 4638 2499 4707 lacrymis,
2554 4654 2709 4693 mens
2741 4640 2984 4694 discendi
3019 4643 3238 4712 cupida,
3269 4645 3411 4697 divi-

1826 4734 1913 4788 nis
1977 4731 2243 4785 doctrinis
2310 4732 2574 4801 locuples,
2640 4731 2693 4784 in
2763 4731 3068 4788 humilitate
3129 4736 3408 4799 assiduus,

1828 4823 2078 4890 idemque
2123 4821 2458 4890 perspicacia
2515 4821 2684 4874 animi
2740 4821 2992 4892 inclytus,
3034 4833 3161 4880 ante
3191 4840 3408 4880 sacrum

1829 4913 2072 4968 habitum
2117 4913 2474 4982 conspicuus,
2507 4922 2560 4965 et
2583 4913 2723 4966 idem
2748 4921 2869 4980 post
2896 4916 3255 4969 monasticam
3288 4933 3410 4986 per-

1829 5005 2115 5059 fectionem
2151 5003 2307 5072 longe
2346 5004 2712 5071 prmstantior.
2775 5002 2869 5056 Ille
2907 4999 2995 5056 Dei
3029 5004 3290 5057 eharitate
3320 5006 3415 5059 de-

1828 5095 2062 5158 vinctus,
2115 5109 2179 5146 ae
2231 5092 2428 5146 deinde
2476 5093 2737 5145 mundqu
2791 5107 3014 5155 exosus,
3069 5095 3416 5162 gratuitnqne

1831 5202 2056 5240 munere
2107 5183 2394 5238 facultates
2463 5197 2674 5247 omnes,
2726 5199 2849 5237 cum
2919 5184 3183 5252 praedives
3249 5197 3414 5246 esset,

1831 5278 2052 5332 Christo
2104 5275 2367 5344 clargitus
2401 5290 2415 5326 :
2450 5289 2576 5328 mox
2633 5274 2918 5342 sejunctus
2981 5285 3064 5328 est
3119 5276 3188 5328 ab
3221 5275 3416 5331 illustri

1833 5369 2082 5438 conjuge,
2118 5384 2148 5421 a
2177 5366 2423 5433 cognatis
2449 5374 2502 5419 et
2525 5365 2717 5419 amicis
2747 5373 2801 5419 et
2827 5364 3188 5421 familiaribus
3219 5385 3232 5420 ε
3265 5368 3419 5423 abdi-

1836 5470 1956 5514 cato
2011 5459 2255 5513 terrestri
2316 5459 2661 5527 magistratu,
2720 5457 2907 5510 relicta
2950 5457 3136 5518 domo.
3177 5459 3419 5522 civitate,

1840 5549 2012 5618 patria
2049 5565 2064 5612 ;
2101 5557 2154 5601 ct
2185 5548 2298 5600 haec
2331 5547 2383 5599 in
2441 5546 2658 5600 florenti
2687 5556 2844 5600 aztate
2878 5565 2890 5600 :
2924 5548 3036 5602 oris
3072 5547 3245 5602 forma
3295 5565 3422 5617 per-

1839 5642 2106 5709 clcgante,
2152 5638 2409 5693 eminenti
2441 5648 2672 5702 statura,
2713 5638 2915 5707 Optima
2939 5641 3184 5707 corporis
3215 5639 3424 5694 valetu-

1839 5734 1998 5796 dine,
2049 5742 2282 5801 ulroque
2333 5730 2554 5785 laudum
2618 5746 2815 5799 genere
2869 5732 3158 5800 praditus,
3190 5743 3243 5789 et
3305 5746 3426 5803 quae

1965 5871 2007 5900 δι
2041 5866 2229 5922 Matth.
2274 5884 2326 5931 κ,
2359 5867 2444 5923 19.
2522 5866 2567 5900 ³³
2589 5866 2748 5921 Joan.
2789 5882 2859 5936 ιἰ,
2895 5867 2984 5921 33.
