3934 6442
521 403 655 468 1199
1715 407 1773 465 S.
1807 397 2201 464 THEODORI
2239 395 2585 457 STUDIT/E
3661 384 3781 447 1200

519 523 703 575 animo
764 517 1136 582 continentur,
1164 529 1218 573 et
1249 535 1369 589 quae
1407 520 1695 576 incurrunt
1725 522 1780 576 in
1804 521 1992 576 oculos
2019 538 2031 574 :
2055 526 2109 573 et

2240 532 2314 569 ων
2345 512 2490 566 ἔλθοι
2545 511 2646 581 τῆς
2689 507 2783 564 τοῦ
2844 509 3035 580 ἀνδρὸς
3090 508 3310 578 ἀρετῆς.
3348 499 3524 568 Οὗτος
3594 504 3776 574 ᾤχετο,

520 609 564 664 si
598 610 724 680 quis
780 611 935 680 plura
971 609 1191 674 dixerit,
1244 626 1350 664 non
1387 611 1434 665 is
1481 620 1660 665 tamen
1694 612 1800 668 viri
1851 615 2107 667 virtutem

2237 604 2408 675 ινῆλθε
2440 603 2578 674 πρὸς
2603 603 2828 674 Κύριον.
2849 602 2957 655 Ποῦ
2977 601 3072 654 καὶ
3097 599 3246 664 πῶς;
3269 597 3458 671 ἀρθείς
3482 597 3788 668 φόρτᾳβὶε)

520 703 770 758 oratione
791 710 1182 771 consequatur.
1215 700 1359 757 Vixit
1389 703 1499 767 ille,
1525 705 1591 758 ad
1615 704 1910 760 Dominum
1939 703 2104 759 abiit:

2238 715 2272 751 κ
2297 696 2395 766 τῆς
2430 697 2669 767 ποίμνης
2714 695 2800 749 διά
2838 695 2936 766 τὴν
2962 693 3241 748 δύσοιστον
3289 698 3448 745 νόσον
3482 709 3498 722 ·
3557 690 3789 761 φυλακι-

523 795 614 848 ubi
643 801 847 857 autem,
873 801 928 847 et
963 808 1072 861 quo
1107 794 1311 863 pacto?
1339 793 1571 865 Ereptus
1622 797 1931 864 importune
1960 793 2109 866 gregi

2237 789 2360 852 ’θεὶς
2405 790 2464 842 ὲν
2514 789 2670 842 ἄστει
2704 781 2899 852 ’ἄλλοις
2946 787 3041 842 δύο
3085 787 3229 840 ἔτεσι
3255 785 3350 839 καὶ
3375 785 3552 852 πρόςο
3594 782 3784 836 ἔπειτα

522 886 594 940 oh
630 885 882 939 morbum
913 883 1184 940 dillicilem
1222 903 1236 950 ;
1269 886 1513 942 inclusus
1540 902 1759 942 carcere
1812 888 1866 942 in
1895 888 2110 942 civitate

2239 880 2512 951 ξορισθεὶς
2556 881 2614 932 ἐν
2660 883 2810 950 νήσῳ
2855 879 2964 933 τινί
2997 896 3012 910 ο
3063 881 3291 932 κάκεῖσε
3334 877 3649 940 τελειώσας
3710 881 3792 929 τὸν

525 977 684 1032 annis
715 976 929 1032 duobus
953 978 1073 1032 aliis
1101 987 1242 1032 eteo
1288 978 1522 1049 amplius
1561 997 1574 1034 :
1618 980 1812 1035 deinde
1843 981 1896 1034 in
1919 994 2112 1049 quam-

525 1070 649 1123 dam
676 1068 958 1139 ablegatus
981 1069 1240 1132 insulam,
1276 1070 1388 1139 ubi,
1423 1072 1515 1141 qui
1539 1071 1910 1127 confessorem
1934 1071 2110 1136 decet,

526 1174 625 1231 pro
654 1159 872 1214 Christo
893 1174 1114 1213 cursum
1137 1160 1559 1214 consummavit.

598 1250 719 1304 Non
751 1249 915 1320 igitur
961 1249 1096 1303 mihi
1131 1265 1423 1305 maerorem
1482 1251 1570 1306 hic
1613 1266 1774 1306 casus
1814 1249 1991 1316 aﬂert,
2019 1250 2112 1306 sed

528 1341 772 1397 lmtitiam
800 1341 1152 1411 singularem.
1207 1340 1325 1396 Non
1359 1343 1450 1397 ille
1489 1353 1572 1398 est
1623 1352 1894 1404 mortuus.
1924 1343 2016 1397 sed
2059 1342 2115 1396 in

532 1433 917 1505 sempiternam
967 1435 1133 1487 vitam
1170 1435 1423 1505 migravit
1456 1455 1469 1490 ε
1508 1451 1616 1490 non
1676 1435 1821 1491 hunc
1857 1445 2000 1490 terra
2042 1443 2118 1489 tc-

532 1527 628 1598 git,
661 1527 756 1581 sed
801 1526 1000 1580 cmlum
1037 1526 1401 1595 amplectitur.
1441 1527 1667 1598 Excepit
1712 1527 1858 1582 hunc
1896 1525 2117 1582 confes-

533 1635 722 1675 sorum
784 1621 1012 1680 chorus.
1064 1631 1243 1678 coetus
1294 1632 1598 1678 ascetarum
1630 1642 1644 1677 :
1676 1624 1770 1678 ubi
1818 1624 1913 1680 lux
1963 1637 2116 1686 vera,

533 1710 628 1766 ubi
666 1711 824 1765 beata
863 1712 1103 1781 requies,
1134 1722 1357 1782 prOpter
1409 1729 1573 1783 quam
1601 1713 2005 1782 adipiscendam
2037 1713 2118 1766 la-

533 1805 693 1860 bores
719 1818 784 1858 ac
807 1803 1087 1858 molestias
1115 1804 1259 1858 ultro
1294 1805 1346 1858 in
1374 1821 1540 1861 carne
1580 1805 1772 1871 subiit,
1804 1812 2115 1859 ascetarum

535 1892 1022 1965 confessorumque
1057 1896 1184 1950 ritu.
1227 1894 1382 1951 Nunc
1417 1898 1550 1950 mihi
1601 1899 1861 1953 solemnis
1895 1898 1997 1952 iste
2037 1895 2116 1950 fe-

533 1996 764 2057 stusque
795 1987 935 2056 dies,
964 2003 1113 2043 nunc
1158 1989 1329 2043 animi
1359 1989 1550 2058 ingens
1578 1990 1867 2044 oblectatio
1890 1999 1993 2053 est,
2022 1989 2118 2043 sed

535 2085 592 2132 et
619 2077 942 2133 orthodoxis
971 2081 1250 2143 omnibus,
1292 2081 1440 2152 quod
1497 2080 1801 2150 adjutorem
1836 2081 1900 2135 ad
1949 2079 2117 2133 Deum

535 2169 911 2236 transmisere,
939 2170 1034 2241 qui
1066 2172 1254 2226 eodem
1275 2173 1438 2226 modo
1493 2183 1655 2243 atque
1683 2182 1950 2244 martyres
1986 2171 2111 2226 hac-

537 2270 697 2316 tenus
758 2276 955 2318 cursus
990 2263 1244 2318 absolvit.
1305 2263 1544 2319 Laetetur
1571 2265 1834 2322 Ecclesia.
1865 2264 2008 2335 quod
2038 2279 2123 2319 co-

538 2353 755 2409 lumnas
805 2353 986 2408 adhuc
1046 2355 1434 2410 babetzsacer
1487 2358 1622 2412 ordo
1674 2359 1932 2422 exsultet,
1981 2357 2121 2426 quod

533 2446 706 2500 stellae
737 2446 789 2500 in
826 2446 1030 2500 mundo
1083 2463 1306 2501 rursum
1341 2448 1611 2512 oriuntur,
1637 2464 1760 2517 quze
1810 2447 1876 2501 iis
1929 2449 2021 2518 qui
2069 2448 2122 2500 in

537 2535 780 2590 tenebris
834 2537 1105 2590 haereseos
1130 2538 1611 2591 versanturlueem
1639 2536 1951 2591 ostendant.
1993 2537 2075 2589 0h
2107 2537 2120 2589 !

535 2626 718 2692 Pater,
764 2624 925 2681 Pater
953 2627 965 2679 !
997 2643 1162 2697 quam
1199 2628 1450 2697 egregius
1503 2642 1698 2683 cursus
1723 2628 1814 2683 ille
1843 2638 1971 2684 tuus
1998 2629 2123 2683 est!

535 2732 700 2786 quam
730 2726 980 2772 sanctum
1007 2727 1421 2774 monumentum
1451 2725 1604 2772 tuum
1632 2720 1647 2773 ί
1673 2734 1836 2790 quam
1868 2721 2022 2776 beata
2050 2735 2129 2775 re.

538 2809 786 2864 cordatio
820 2811 898 2863 tui
934 2811 947 2864 !
987 2809 1158 2868 Totus
1198 2821 1253 2867 tu
1283 2814 1628 2884 splendidus,
1673 2813 1899 2882 pulcher
1962 2824 2125 2869 totus.

536 2899 673 2967 Quis
703 2908 756 2955 te
787 2901 1020 2957 intuitus
1045 2917 1152 2958 non
1178 2904 1368 2960 dilexit
1395 2905 1418 2958 ?
1448 2904 1584 2972 Quis
1633 2904 1732 2959 tibi
1773 2903 1966 2957 obvius
2008 2919 2119 2957 non

536 2990 798 3045 delinitus
830 3002 914 3045 est
942 2990 966 3044 ἳ
1001 2991 1355 3048 Consuetudo
1383 3003 1477 3048 tua
1506 2993 1789 3064 optabilis.
1839 2993 2017 3046 virtus
2043 3007 2133 3046 ex-

537 3081 751 3152 plorata
790 3100 805 3149 ;
843 3084 976 3152 quid
1025 3086 1299 3154 reliquum
1349 3086 1476 3140 est?
1517 3086 1791 3142 Memento
1838 3095 1951 3140 tum
2012 3100 2133 3154 gre-

2207 969 2602 1044 όμολογητικδν
2637 970 2841 1043 δρόμον
2878 971 3021 1042 ὑπὲρ
3054 969 3315 1042 Χριστοῦ.

2284 1243 2399 1298 Οὐκ
2421 1242 2684 1314 ὀδυνηρόν
2723 1259 2809 1312 μοι
2837 1259 2931 1295 ουν
2969 1241 3031 1294 τὸ
3057 1241 3232 1298 πάθος
3255 1255 3270 1270 ⁶
3317 1239 3456 1294 ἀλλά
3512 1238 3614 1292 καὶ
3679 1237 3796 1292 λίαν

2215 1336 2511 1409 περιχαρες
2548 1350 2563 1366 ο
2599 1334 2659 1385 οὐ
2693 1332 2958 1404 τέθνηκεν
2994 1347 3010 1364 ο
3051 1331 3188 1386 ἀλλά
3254 1333 3493 1402 μετέστη
3540 1333 3626 1395 είς
3670 1332 3796 1384 αίώ-

2215 1447 2328 1484 νιον
2355 1429 2501 1498 ζωήν
2524 1441 2537 1455 ⁸
2561 1425 2622 1478 ού
2661 1425 2731 1496 γῆ
2775 1424 2938 1478 αὑτὸν
2962 1424 3234 1494 ἐκάλυψεν
3259 1439 3275 1454 ·
3301 1424 3418 1477 ἀλλ’
3438 1423 3677 1495 οὐρανὸς
3704 1424 3799 1476 61:-

2215 1521 2454 1585 εδέξατο.
2521 1517 2821 1572 ’Υπέλαϐεν
2872 1518 3034 1572 αὑτὸν
3086 1520 3118 1590 ἡ
3173 1517 3526 1589 όμολογητῶν
3583 1519 3794 1589 χορεία,

2218 1616 2252 1685 ἠ
2281 1611 2540 1684 ἀσκητῶν
2595 1612 2898 1682 όμοσκηνία
2929 1626 2942 1639 ’
2985 1607 3120 1664 ὃπου
3160 1610 3223 1664 τὸ
3260 1610 3376 1680 φῶς
3420 1611 3481 1663 τὸ
3517 1610 3794 1680 ἀληθινὸν,

2219 1704 2347 1756 ἔνθα
2385 1706 2440 1758 αί
2474 1703 2744 1774 μακάριαι
2774 1701 3133 1766 ἀναπαύσεις,
3157 1702 3274 1755 ἀνθ’
3299 1695 3374 1755 ὧν
3399 1702 3576 1755 εἵλετο
3611 1702 3798 1754 κόπων

2220 1796 2314 1848 καὶ
2342 1795 2519 1847 πόνων
2536 1794 2594 1846 ὲν
2617 1794 2782 1864 σαρκὶ
2811 1793 3124 1862 ἀσκητικῶς
3152 1810 3211 1845 τε
3239 1793 3335 1846 καὶ
3359 1793 3795 1861 όμολογητικῶς.

2146 1865 2193 1925 Β
2221 1888 2334 1940 Νῦν
2376 1903 2466 1956 μοι
2497 1886 2826 1957 πανήγυρις,
2847 1884 3028 1956 ἑορτὴ,
3049 1884 3287 1954 θυμηδία
3319 1901 3332 1916 θ
3375 1885 3512 1938 ἀλλά
3532 1887 3659 1956 (μὴν
3710 1885 3801 1937 καὶ

2219 1981 2387 2032 πᾶσιν
2412 1977 2733 2048 ὸρθοδόξοις,
2772 1978 3085 2049 προστάτην
3109 1978 3190 2040 είς
3214 1977 3346 2030 Θεὸν
3390 1976 3804 2048 παραπέμψασι

2221 2071 2522 2142 σύνδρομον
2572 2069 2680 2122 τῶν
2752 2070 3179 2140 προδραμόντων
3237 2071 3538 2142 μαρτύρων
3608 2069 3802 2126 τανῦν.

2233 2159 2610 2229 Ἀγαλλιάσθω
2640 2163 2672 2230 ἡ
2715 2159 3033 2227 Ἐκκλησία,
3069 2162 3150 2212 ὃτι
3189 2161 3412 2224 στύλους
3442 2161 3525 2214 ἔτι
3579 2165 3804 2215 κτᾶταιο

2222 2252 2602 2325 εύφραινέσθω
2639 2252 2668 2303 6
2728 2253 2868 2323 ίερδς
2899 2254 3083 2315 θίασος
3110 2293 3123 2316 ,
3171 2254 3254 2306 ὅτι
3302 2254 3590 2325 φωστῆρες
3619 2255 3680 2308 ἐν
3712 2255 3804 2308 κό-

2225 2362 2348 2416 σμῳ
2380 2345 2547 2398 πάλιν
2575 2344 2856 2413 ἀνίσχουσι
2888 2345 3341 2415 φρυκτιιιροῦντες
3372 2346 3500 2410 τοὺς
3536 2348 3596 2400 ἐν
3623 2347 3808 2401 σκότει

2224 2438 2324 2508 τῆς
2348 2438 2634 2510 αἱρέσεως.
2655 2437 2718 2489 Ὢ
2743 2438 2754 2490 l
2782 2431 2826 2490 ὦ
2853 2436 3054 2506 Πάτερ.
3089 2437 3270 2510 Πάτερ
3293 2478 3308 2504 ,
3342 2437 3419 2502 ὡς
3453 2440 3623 2503 καλός
3666 2457 3760 2494 σου
3783 2442 3812 2494 6

2224 2527 2459 2600 δρόμοςί
2497 2527 2574 2590 ὼς
2599 2528 2747 2580 ὅσιον
2764 2525 2822 2578 τὸ
2855 2526 3200 2596 μνημόσυνόν
3246 2528 3375 2580 dou!
3419 2527 3494 2590 ὡς
3535 2531 3811 2600 μακάριον

2226 2623 2289 2676 τὸ
2319 2620 2618 2689 ὑπόμνημά
2662 2620 2790 2672 σουι
2847 2617 2972 2680 ὅλος
3025 2620 3088 2671 σὺ
3121 2618 3365 2689 φαιδρὸς,
3421 2621 3542 2684 ὅλος
3571 2625 3808 2692 χαρίεις.

2228 2713 2326 2776 Τίς
2362 2728 2421 2763 σε
2457 2710 2584 2762 ίδὼν
2607 2710 2708 2762 οὐκ
2736 2711 3030 2778 hydrum;
3074 2708 3156 2771 τίς
3196 2710 3251 2762 δὲ
3281 2711 3558 2780 συντυχὼν
3606 2712 3672 2766 οὗ
3723 2731 3814 2781 γε·

2229 2802 2568 2872 γλύκανται;
2606 2801 2671 2853 Ἠ
2701 2801 2960 2854 συνουσία
2987 2818 3081 2853 σου
3112 2802 3279 2871 ὲφετή
3304 2817 3319 2832 ο
3351 2806 3382 2873 ἡ
3414 2805 3586 2877 ἀρετὴ
3611 2823 3816 2876 mm-

2234 2895 2416 2964 στική.
2447 2893 2594 2946 ΤΓτὸ
2626 2890 2843 2959 let-nov;
2877 2894 3145 2965 Μέμνησο
3179 2895 3254 2959 ὡς
3291 2899 3388 2964 τῆς
3415 2898 3661 2968 ποίμνης
3699 2918 3812 2964 σου,

2233 2986 2414 3055 κάμοῦ
2450 2983 2545 3040 τοῦ
2579 2985 2674 3039 σοῦ
2715 2985 2854 3050 υίοῦ,
2892 2988 2994 3039 κᾶν
3019 2987 3307 3057 ἐλαχίστου
3333 2991 3424 3041 καὶ
3448 2991 3814 3062 ἐρριμμένου.

2235 3077 2397 3144 Οἶδας
2417 3079 2506 3131 τὸν
2531 3078 2694 3132 πόθον
2723 3096 2816 3133 σου
2845 3078 2937 3133 τὸν
2963 3081 3021 3133 ὲν
3051 3084 3074 3132 ὲ
3085 3081 3175 3151 μοί
3196 3097 3209 3110 ·
3240 3081 3314 3142 ὡς
3344 3080 3497 3149 κάγὼ
3532 3084 3624 3136 τὸν
3651 3087 3710 3139 ὲν
3739 3089 3818 3139 σοὶ

539 3176 624 3245 gis
683 3177 785 3240 tui,
815 3188 926 3232 tum
977 3179 1082 3234 mei
1137 3180 1332 3249 ipsius,
1380 3179 1475 3233 lilii
1519 3180 1616 3244 tui,
1665 3194 1976 3248 quanquam
2028 3178 2127 3232 mi-

2237 3170 2389 3240 ἐμοῦ.
2422 3171 2696 3240 Βοήθησον
2727 3171 2788 3244 [Γ.
2817 3173 3044 3244 Βόησον]
3082 3173 3222 3242 ὑπὲρ
3256 3173 3433 3242 πάσης
3459 3174 3558 3243 τῆς
3587 3175 3819 3248 Ἐκκλη..

542 3264 678 3322 nimi
704 3269 922 3336 quidem
957 3286 1021 3326 ac
1045 3271 1188 3326 vilis.
1217 3270 1337 3337 Quo
1370 3284 1472 3340 ego
1508 3278 1560 3324 te
1583 3283 1886 3338 prosequar
1917 3282 2126 3330 amore,

544 3368 687 3423 nosti
715 3385 728 3421 :
759 3376 813 3423 et
841 3381 952 3436 quo
978 3374 1035 3420 tu
1061 3380 1166 3429 me,
1203 3364 1350 3418 novi.
1407 3363 1510 3417 Fer
1544 3361 1644 3416 toti
1712 3359 1969 3416 Ecclesia:
2003 3375 2132 3429 sup-

544 3457 721 3527 petias
766 3456 910 3526 apud
937 3454 1253 3509 Dominum.
1293 3453 1398 3506 Pro
1439 3469 1526 3508 me
1558 3453 1761 3507 misero
1810 3453 2129 3521 deprecare,

546 3558 606 3602 ut
636 3548 819 3603 statim
852 3563 917 3604 ac
965 3557 1017 3602 te
1041 3548 1279 3608 veniam,
1326 3561 1434 3616 quo
1474 3561 1626 3600 more
1661 3546 1801 3600 diem
1861 3542 2132 3599 clausisti.

549 3640 673 3696 llaec
702 3641 921 3710 quidem
966 3655 1083 3694 mea
1106 3649 1190 3694 est
1215 3639 1359 3708 apud
1383 3652 1731 3693 communem
1774 3635 1987 3689 Patrem
2012 3651 2138 3689 ora-

2230 3264 2356 3326 σίας
2386 3263 2522 3329 πρὸς
2549 3264 2775 3334 Κύριον
2804 3265 3022 3336 δεήθητι
3046 3267 3138 3319 καὶ
3164 3267 3292 3336 περὶ
3320 3264 3454 3336 ἐμοῦ
3479 3267 3576 3319 τοῦ
3593 3271 3817 3342 οἰκτροῦ

2229 3356 2384 3425 τάχει
2411 3352 2586 3406 ἐλθεῖν
2616 3355 2754 3425 πρὸς
2786 3355 2867 3418 σὲ,
2901 3358 2957 3408 ἐν
2978 3350 3020 3423 ᾧ
3039 3357 3225 3429 τρόπῳ
3253 3358 3624 3413 τετελείωσαι.
3645 3356 3817 3415 Δῦται

2236 3447 2335 3518 μέν
2369 3465 2458 3517 μοι
2490 3448 2546 3501 αἱ
2579 3448 2752 3516 φωναὶ
2785 3449 2922 3519 πρὸς
2950 3449 3040 3502 τὸν
3071 3452 3247 3504 κοινὸν
3269 3451 3508 3523 Πατέρα.
3554 3451 3732 3524 Ὺμᾶς
3763 3456 3818 3509 δὲ

2235 3539 2561 3611 παρακαλῶ,
2607 3539 2683 3611 μὴ
2709 3540 3002 3611 προδοῦναι
3035 3543 3134 3612 τὴν
3174 3544 3358 3598 πίστιν
3380 3563 3394 3577 ·
3431 3546 3599 3609 ὁσίως
3646 3547 3815 3618 βιοῦν,

2235 3631 2310 3694 ὡς
2332 3632 2538 3684 ἐκείνου
2561 3629 2740 3693 οὖσαι,
2768 3633 2975 3705 θατέρα
3001 3634 3239 3708 θατέρας
3260 3654 3273 3669 °
3308 3640 3342 3710 ή
3363 3638 3466 3710 μὲν
3500 3639 3774 3710 ὁμόζυγος
3801 3660 3816 3675 ’

549 3734 650 3789 tio.
703 3733 815 3789 Vos
867 3749 998 3788 vero
1057 3732 1341 3795 adhortor,
1397 3746 1467 3785 ne
1534 3730 1695 3785 [idem
1756 3727 2044 3800 prodatis:
2080 3736 2127 3779 ul

2237 3725 2266 3793 ἡ
2302 3723 2359 3776 δὲ
2382 3725 2483 3793 τῆς
2520 3726 2796 3794 ὁμοζύγου
2826 3728 3084 3798 ὁμαίμων
3113 3745 3128 3760 ⁸
3161 3732 3238 3793 ὡς
3277 3731 3344 3785 ἂν
3381 3734 3480 3786 σὺν
3512 3733 3820 3806 ὲκείνῳδό-

548 3838 739 3882 saucte
796 3828 1016 3890 vivatis,
1047 3841 1176 3881 cum
1213 3824 1336 3880 sitis
1377 3823 1552 3878 amba:
1582 3823 1752 3885 illius,
1807 3830 1860 3875 et
1910 3817 2137 3873 alterius

2237 3816 2332 3886 ξης
2362 3815 2461 3886 τῆς
2494 3818 2667 3871 ἀϊδίου
2690 3820 3076 3875 ἀπολαύσοιτε.

549 3918 739 3981 altera,
776 3919 890 3973 haec
940 3917 1161 3986 quidem
1206 3916 1406 3986 conjux
1437 3956 1452 3981 ,
1507 3915 1596 3969 illa
1652 3924 1832 3968 autem
1890 3911 2138 3980 conjugis
2179 3910 2631 3979 consanguinea;
2681 3919 2740 3964 ut
2799 3928 2920 3966 cum
2953 3913 3044 3966 illo
3074 3914 3244 3983 gloria
3281 3915 3640 3984 perfruamini
3677 3934 3824 3972 sem—

549 4011 782 4080 pilerna.

924 4103 1091 4161 XXX.
1130 4135 1201 4148 —
1234 4103 1466 4160 δίεπεοηὶ
1493 4103 1769 4156 monacho.

2531 4094 2600 4149 A.
2623 4122 2691 4133 --
2714 4092 2962 4161 Συμεὼν
2991 4094 3328 4164 μονάζοντι.
3352 4097 3538 4169 [agat]

848 4224 1132 4276 Gratulatur
1155 4224 1286 4286 quod
1318 4236 1409 4284 pro
1432 4223 1624 4273 Christo
1649 4226 1857 4270 strenue
1877 4217 2163 4266 dimicasset
2185 4212 2424 4261 adversus
2450 4207 2817 4258 lconomachos.
2852 4208 2868 4265 ί
2880 4209 3051 4258 Baron.
3075 4223 3152 4259 an.
3194 4209 3307 4267 818,
3332 4223 3385 4258 n.
3420 4211 3526 4275 22.)

621 4335 852 4391 Reddita
890 4334 1024 4387 mihi
1057 4333 1290 4403 epistola
1339 4332 1650 4388 sanctitatis
1696 4339 1823 4383 tuae.
1869 4327 1974 4384 Ubi
2014 4340 2134 4381 eam

549 4427 675 4497 legi,
710 4435 765 4481 et
793 4426 1005 4495 singula
1034 4424 1196 4478 didici
1226 4439 1347 4494 quae
1388 4423 1464 4476 illi
1507 4421 1851 4489 emterisque,
1889 4419 1980 4488 qui
2009 4432 2133 4471 cum

549 4536 611 4573 ea
646 4527 790 4579 sunt,
828 4517 1033 4571 sanctis
1066 4515 1317 4570 Patribus
1346 4515 1553 4569 nostris
1583 4532 1597 4567 :
1647 4513 1886 4578 Quorum
1921 4510 2134 4562 nomina

550 4621 672 4664 sum
704 4612 758 4662 in
808 4610 942 4662 libro
977 4610 1182 4674 vitae”,
1242 4609 1581 4671 acciderant,
1624 4619 1837 4660 sacram
1888 4602 2133 4657 omnium

551 4698 950 4769 expulsionem,
982 4697 1335 4768 longinquam
1360 4698 1818 4768 deportationem,
1845 4694 2134 4747 molestam

553 4788 696 4842 illam
733 4800 787 4842 et
813 4804 1057 4858 gravem,
1105 4790 1175 4842 ob
1221 4788 1430 4842 variam
1469 4789 1575 4841 huc
1616 4795 1780 4853 atque
1814 4784 1941 4837 illuc
1973 4782 2139 4837 abdu-

552 4881 811 4944 ctionem,
843 4890 899 4935 et
941 4881 1134 4934 duram
1171 4880 1465 4949 impiorum
1508 4879 1842 4942 custodiam;
1900 4873 2139 4945 ingemni

555 4973 718 5028 simul
749 4974 996 5036 humilis,
1040 4974 1094 5027 in
1124 4974 1431 5042 eujusmodi
1467 4974 1794 5026 tentationcs
1829 4970 1919 5024 Dei
1954 4969 2138 5024 Eccle-

557 5064 670 5119 sias
693 5073 912 5134 tempus
937 5064 1252 5134 perduxerit
1290 5067 1474 5120 animo
1527 5063 1883 5118 considerans
1911 5080 1922 5116 :
1972 5059 2139 5115 simul

553 5153 718 5206 etiam
757 5153 915 5209 beata
951 5154 1078 5208 duxi
1113 5154 1545 5224 persecutionem
1587 5168 1684 5222 pro
1707 5151 1927 5205 Christo
1956 5150 2138 5205 fcren-

554 5250 690 5303 tium
723 5245 1068 5309 certamina;
1116 5257 1275 5315 teque
1312 5246 1515 5314 pariter
1552 5245 1642 5314 qui
1691 5255 1968 5314 gestorum
2016 5258 2139 5296 om-

555 5339 706 5392 nium
761 5336 919 5391 nobis
952 5335 1180 5390 nuntius
1213 5335 1386 5400 fuisti,
1435 5351 1534 5389 nec
1587 5335 1817 5390 renuisti
1866 5350 1996 5405 erga
2029 5349 2138 5400 me,

556 5428 714 5482 nihili
741 5427 1045 5491 hominem,
1073 5437 1126 5482 et
1148 5443 1372 5483 manum
1403 5442 1624 5482 movere
1655 5428 1723 5483 ad
1763 5427 2136 5494 scribendum,

553 5528 610 5575 et
645 5527 819 5574 totam
863 5518 1170 5574 aﬂlietionis
1201 5520 1396 5574 seriem
1446 5519 1761 5589 singulatim
1790 5534 2134 5590 percensere.

554 5610 677 5676 Quo
710 5611 933 5664 nomine
957 5610 1245 5665 benedicat
1275 5611 1374 5664 tibi
1407 5609 1692 5677 Dominus,
1723 5627 1788 5666 ac
1815 5611 1989 5679 magis
2016 5627 2134 5666 ma-

555 5704 747 5773 gisque
777 5702 1064 5759 conﬁrmet
1093 5713 1146 5760 et
1190 5704 1504 5761 corroboret
1545 5703 1596 5760 in
1629 5704 1823 5762 acerba
1851 5704 1956 5761 ista
1985 5704 2142 5762 testi-

625 5837 670 5872 “
696 5838 924 5909 Philipp.
965 5855 1035 5906 ιγ,
1071 5841 1115 5894 5.

2315 4316 2620 4387 Δεξάμενος
2676 4317 2768 4370 ἐπὶ
2802 4319 2994 4388 χεῖρας
3051 4320 3152 4390 τὴν
3205 4321 3304 4391 τῆς
3357 4320 3673 4390 ἁγιωσύνης
3729 4339 3824 4375 eos

2243 4410 2554 4481 ἐπιστολὴν,
2594 4411 2686 4463 καὶ
2717 4411 2987 4479 ἀναγνοὺς
3036 4414 3128 4465 καὶ
3163 4412 3436 4484 διδαχθεὶς
3469 4415 3681 4470 ἕκαστα
3718 4416 3827 4469 τῶν

2246 4503 2678 4582 συμϐεϐηκότων
2709 4503 2846 4574 αὐτῇ
2892 4522 2951 4557 τε
2997 4507 3090 4558 καὶ
3136 4510 3250 4569 τοῖς
3303 4508 3400 4560 σὺν
3453 4510 3596 4582 αὐτῇ
3651 4510 3823 4577 ἁγίοις

2245 4580 2527 4667 Ιῐατράσιν
2559 4595 2747 4667 ήμῶνο
2777 4591 2893 4650 Ὧν
2922 4598 2991 4652 τὰ
3022 4598 3288 4668 ὀνόματα
3307 4599 3377 4652 ἐν
3404 4580 3608 4664 piam
3641 4599 3820 4670 ζωῆς·

2243 4689 2332 4742 διὰ
2361 4689 2460 4760 τὴν
2493 4689 2749 4742 ἀπάντων
2805 4690 2958 4759 ἱεράν
3015 4691 3335 4760 φυγαδείαν,
3372 4693 3467 4745 καὶ
3519 4694 3825 4764 ἀλλοδαπὴν

2251 4782 2676 4852 μετανάστασιν,
2715 4783 2813 4835 καὶ
2858 4784 3226 4856 πειραστικὴν
3277 4784 3369 4838 καὶ
3397 4783 3713 4858 ολιπτικὴν,
3743 4788 3828 4840 διὰ

2247 4875 2349 4944 τῆς
2378 4867 2479 4928 ὧδὲ
2516 4891 2574 4926 τε
2611 4874 2836 4927 κάκεῖσε
2886 4876 3193 4943 ἀπαγωγῆς
3219 4893 3279 4928 τε
3324 4876 3418 4928 καὶ
3448 4882 3828 4948 φρουρητικῆς

2249 4967 2400 5038 παρὰ
2427 4967 2534 5019 τῶν
2558 4967 2738 5020 ἀθέων
2785 4968 3185 5038 καταπράξεως
3207 4985 3222 4997 ο
3262 4966 3396 5038 ὁμοῦ
3432 4969 3536 5038 μὲν
3564 4969 3828 5034 ὲστέναξα

2245 5063 2273 5114 6
2328 5061 2600 5122 ταπεινὸς,
2637 5061 2716 5123 εἰς
2771 5053 2859 5112 οἷα
2893 5061 3100 5130 ἤγαγεν
3139 5062 3167 5113 ό
3217 5059 3410 5130 χρόνος
3455 5065 3828 5132 πειραστὴρια

2246 5154 2344 5215 τὰς
2402 5152 2730 5223 Ἐκκλησίας
2779 5152 2874 5205 τοῦ
2929 5153 3063 5205 Θεοῦ
3113 5151 3485 5206 κατασκοπῶν
3515 5168 3529 5182 ·
3581 5153 3721 5224 όμοῦ
3772 5155 3826 5206 δὲ

2248 5249 2567 5318 ἐμακάρισα
2602 5248 2668 5301 τὰ
2716 5245 2856 5301 ἆθλα
2901 5248 3009 5301 τῶν
3043 5248 3419 5319 δεδιωγμένων
3471 5249 3664 5303 ἕνεκεν
3698 5251 3827 5320 Χρι-

2250 5338 2377 5392 στοῦ
2406 5353 2416 5365 ·
2449 5339 2642 5392 ἔπειτα
2689 5341 2781 5392 καὶ
2833 5340 2891 5392 σὲ
2945 5341 3038 5393 τὸν
3093 5339 3325 5409 ἄγγελον
3370 5342 3507 5411 ἡμῖν
3563 5343 3825 5410 γεγονότα

2248 5431 2505 5484 ἁπάντων
2560 5430 2670 5483 τῶν
2714 5431 3358 5503 δραματουργηθὲντων·
3414 5432 3518 5486 οὐκ
3575 5432 3822 5501 ἀποκνή-

2248 5540 2416 5576 σαντα
2462 5525 2600 5593 πρός
2645 5540 2713 5592 με
2754 5523 2846 5576 τὸν
2881 5524 3093 5587 οὐδενὸς
3123 5522 3293 5588 ἀξιον,
3325 5525 3419 5578 καὶ
3451 5528 3617 5596 χεῖρα
3647 5525 3739 5578 ἐπὶ
3766 5523 3824 5574 τὺ

2246 5615 2453 5684 γράψαι
2486 5613 2690 5679 δοῦναι,
2737 5616 2833 5668 καὶ
2881 5615 3236 5688 ίχνομυθῆσαι
3282 5617 3412 5687 ὃλην
3458 5617 3559 5688 τὴν
3593 5615 3697 5686 τῆς
3726 5632 3822 5666 κα-

2249 5706 2470 5772 κώσεως
2504 5707 2794 5780 ὑπόθεσινι·
2844 5706 2959 5762 ἀνθ’
3014 5702 3089 5764 ὧν
3149 5708 3443 5779 εὐλογῆσαι
3503 5724 3563 5760 σε
3594 5706 3817 5775 Κύριος,
