  <div class='ocr_page' id='page_1' title='image "/cluster/home/n/w/nwhite01/storage/ocr_20150623/99/ien.35556001661347/611.png"; bbox 0 0 3934 6444; ppageno 0'>
   <div class='ocr_carea' id='block_1_1' title="bbox 524 381 663 446">
    <p class='ocr_par' dir='ltr' id='par_1_1' title="bbox 524 381 663 446">
     <span class='ocr_line' id='line_1_1' title="bbox 524 381 663 446; baseline 0.022 -3"><span class='ocrx_word' id='word_1_1' title='bbox 524 381 663 446; x_wconf 74' lang='lat'><strong>1203</strong></span> 
     </span>
    </p>
   </div>
   <div class='ocr_carea' id='block_1_2' title="bbox 1718 384 2581 448">
    <p class='ocr_par' dir='ltr' id='par_1_2' title="bbox 1718 384 2581 448">
     <span class='ocr_line' id='line_1_2' title="bbox 1718 384 2581 448; baseline -0.001 -2"><span class='ocrx_word' id='word_1_2' title='bbox 1718 387 1779 447; x_wconf 90' lang='lat' dir='ltr'><strong>S.</strong></span> <span class='ocrx_word' id='word_1_3' title='bbox 1810 384 2204 447; x_wconf 83' lang='lat' dir='ltr'><strong>THEODORI</strong></span> <span class='ocrx_word' id='word_1_4' title='bbox 2231 384 2581 448; x_wconf 79' lang='lat' dir='ltr'><strong>STUDIT/E</strong></span> 
     </span>
    </p>
   </div>
   <div class='ocr_carea' id='block_1_3' title="bbox 3644 380 3776 448">
    <p class='ocr_par' dir='ltr' id='par_1_3' title="bbox 3644 380 3776 448">
     <span class='ocr_line' id='line_1_3' title="bbox 3644 380 3776 448; baseline 0.015 -2"><span class='ocrx_word' id='word_1_5' title='bbox 3644 380 3776 448; x_wconf 73' lang='grc' dir='ltr'><strong>ιεοι</strong></span> 
     </span>
    </p>
   </div>
   <div class='ocr_carea' id='block_1_4' title="bbox 521 491 2115 568">
    <p class='ocr_par' dir='ltr' id='par_1_4' title="bbox 521 491 2091 565">
     <span class='ocr_line' id='line_1_4' title="bbox 521 491 2091 565; baseline 0.002 -16"><span class='ocrx_word' id='word_1_6' title='bbox 521 494 593 549; x_wconf 91' lang='lat' dir='ltr'><strong>sti</strong></span> <span class='ocrx_word' id='word_1_7' title='bbox 629 511 643 547; x_wconf 89' lang='lat'><strong>:</strong></span> <span class='ocrx_word' id='word_1_8' title='bbox 684 508 809 563; x_wconf 67' lang='lat' dir='ltr'><strong>quae</strong></span> <span class='ocrx_word' id='word_1_9' title='bbox 844 493 989 549; x_wconf 89' lang='lat' dir='ltr'><strong>enim</strong></span> <span class='ocrx_word' id='word_1_10' title='bbox 1019 509 1089 550; x_wconf 89' lang='lat' dir='ltr'><strong>ne</strong></span> <span class='ocrx_word' id='word_1_11' title='bbox 1141 491 1308 565; x_wconf 80' lang='lat' dir='ltr'><strong>prisci</strong></span> <span class='ocrx_word' id='word_1_12' title='bbox 1337 494 1557 565; x_wconf 86' lang='lat' dir='ltr'><strong>quidem</strong></span> <span class='ocrx_word' id='word_1_13' title='bbox 1595 503 1785 551; x_wconf 89' lang='lat' dir='ltr'><strong>contra</strong></span> <span class='ocrx_word' id='word_1_14' title='bbox 1811 496 2091 552; x_wconf 73' lang='lat' dir='ltr'><strong>Christum</strong></span> 
     </span>
    </p>
   </div>
   <div class='ocr_carea' id='block_1_5' title="bbox 2218 491 3779 568">
    <p class='ocr_par' dir='ltr' id='par_1_5' title="bbox 2218 492 3779 568">
     <span class='ocr_line' id='line_1_5' title="bbox 2218 492 3779 568; baseline 0.003 -20"><span class='ocrx_word' id='word_1_15' title='bbox 2218 497 2418 560; x_wconf 78' lang='grc' dir='ltr'><strong>ικούοις</strong></span> <span class='ocrx_word' id='word_1_16' title='bbox 2444 513 2460 529; x_wconf 87' lang='grc'><strong>·</strong></span> <span class='ocrx_word' id='word_1_17' title='bbox 2490 495 2527 551; x_wconf 75' lang='grc' dir='ltr'>ἃ</span> <span class='ocrx_word' id='word_1_18' title='bbox 2551 497 2661 566; x_wconf 85' lang='grc' dir='ltr'><strong>γάρ</strong></span> <span class='ocrx_word' id='word_1_19' title='bbox 2680 492 2802 547; x_wconf 73' lang='grc' dir='ltr'><strong>οὐδὲ</strong></span> <span class='ocrx_word' id='word_1_20' title='bbox 2835 493 2886 549; x_wconf 77' lang='grc' dir='ltr'><strong>οῖ</strong></span> <span class='ocrx_word' id='word_1_21' title='bbox 2912 492 3083 549; x_wconf 81' lang='grc' dir='ltr'><strong>πάλαι</strong></span> <span class='ocrx_word' id='word_1_22' title='bbox 3115 494 3501 568; x_wconf 76' lang='grc' dir='ltr'><strong>αἱρετίσαντες</strong></span> <span class='ocrx_word' id='word_1_23' title='bbox 3535 494 3779 566; x_wconf 80' lang='grc' dir='ltr'><strong>ἔπραξαν</strong></span> 
     </span>
    </p>
   </div>
   <div class='ocr_carea' id='block_1_6' title="bbox 522 582 2115 668">
    <p class='ocr_par' dir='ltr' id='par_1_6' title="bbox 522 586 2099 660">
     <span class='ocr_line' id='line_1_6' title="bbox 522 586 2099 660; baseline 0.003 -19"><span class='ocrx_word' id='word_1_24' title='bbox 522 596 745 659; x_wconf 84' lang='lat' dir='ltr'><strong>egerant</strong></span> <span class='ocrx_word' id='word_1_25' title='bbox 794 586 1056 653; x_wconf 59' lang='lat' dir='ltr'><strong>heretici,</strong></span> <span class='ocrx_word' id='word_1_26' title='bbox 1120 602 1184 642; x_wconf 88' lang='lat' dir='ltr'><strong>ea</strong></span> <span class='ocrx_word' id='word_1_27' title='bbox 1244 602 1392 642; x_wconf 90' lang='lat' dir='ltr'><strong>nunc</strong></span> <span class='ocrx_word' id='word_1_28' title='bbox 1445 588 1642 658; x_wconf 81' lang='lat' dir='ltr'><strong>majori</strong></span> <span class='ocrx_word' id='word_1_29' title='bbox 1698 590 1849 644; x_wconf 82' lang='lat' dir='ltr'><strong>rabie</strong></span> <span class='ocrx_word' id='word_1_30' title='bbox 1884 597 2099 660; x_wconf 86' lang='lat' dir='ltr'><strong>patrata</strong></span> 
     </span>
    </p>
   </div>
   <div class='ocr_carea' id='block_1_7' title="bbox 2218 582 3779 668">
    <p class='ocr_par' dir='ltr' id='par_1_7' title="bbox 2218 582 3779 668">
     <span class='ocr_line' id='line_1_7' title="bbox 2218 582 3779 668; baseline 0.002 -30"><span class='ocrx_word' id='word_1_31' title='bbox 2218 588 2348 641; x_wconf 78' lang='grc' dir='ltr'><strong>ιατά</strong></span> <span class='ocrx_word' id='word_1_32' title='bbox 2370 585 2631 657; x_wconf 81' lang='grc' dir='ltr'><strong>Χριστοῦ,</strong></span> <span class='ocrx_word' id='word_1_33' title='bbox 2656 584 2830 639; x_wconf 77' lang='grc' dir='ltr'><strong>ταῦτα</strong></span> <span class='ocrx_word' id='word_1_34' title='bbox 2864 582 3243 656; x_wconf 82' lang='grc' dir='ltr'><strong>μανικώτερον</strong></span> <span class='ocrx_word' id='word_1_35' title='bbox 3270 584 3636 668; x_wconf 78' lang='grc' dir='ltr'><strong>ἐξείργασται</strong></span> <span class='ocrx_word' id='word_1_36' title='bbox 3667 587 3779 645; x_wconf 76' lang='grc' dir='ltr'><strong>νῦν.</strong></span> 
     </span>
    </p>
   </div>
   <div class='ocr_carea' id='block_1_8' title="bbox 524 677 2115 750">
    <p class='ocr_par' dir='ltr' id='par_1_8' title="bbox 524 680 2102 750">
     <span class='ocr_line' id='line_1_8' title="bbox 524 680 2102 750; baseline 0.004 -15"><span class='ocrx_word' id='word_1_37' title='bbox 524 692 673 735; x_wconf 82' lang='lat' dir='ltr'><strong>sunt.</strong></span> <span class='ocrx_word' id='word_1_38' title='bbox 701 680 770 735; x_wconf 88' lang='lat' dir='ltr'><strong>Et</strong></span> <span class='ocrx_word' id='word_1_39' title='bbox 815 680 1021 735; x_wconf 77' lang='lat' dir='ltr'><strong>dormit</strong></span> <span class='ocrx_word' id='word_1_40' title='bbox 1076 680 1351 750; x_wconf 83' lang='lat' dir='ltr'><strong>Christus,</strong></span> <span class='ocrx_word' id='word_1_41' title='bbox 1382 691 1437 737; x_wconf 91' lang='lat' dir='ltr'><strong>et</strong></span> <span class='ocrx_word' id='word_1_42' title='bbox 1465 683 1669 739; x_wconf 89' lang='lat' dir='ltr'><strong>salsum</strong></span> <span class='ocrx_word' id='word_1_43' title='bbox 1702 684 2102 743; x_wconf 84' lang='lat' dir='ltr'><strong>incredulitatis</strong></span> 
     </span>
    </p>
   </div>
   <div class='ocr_carea' id='block_1_9' title="bbox 2218 677 3783 750">
    <p class='ocr_par' dir='ltr' id='par_1_9' title="bbox 2218 677 3783 749">
     <span class='ocr_line' id='line_1_9' title="bbox 2218 677 3783 749; baseline 0.003 -18"><span class='ocrx_word' id='word_1_44' title='bbox 2218 679 2314 732; x_wconf 71' lang='grc' dir='ltr'><strong>Καὶ</strong></span> <span class='ocrx_word' id='word_1_45' title='bbox 2349 678 2589 748; x_wconf 85' lang='grc' dir='ltr'><strong>Χριστὸς</strong></span> <span class='ocrx_word' id='word_1_46' title='bbox 2617 677 2874 731; x_wconf 83' lang='grc' dir='ltr'><strong>καθεύδει</strong></span> <span class='ocrx_word' id='word_1_47' title='bbox 2895 693 2911 710; x_wconf 85' lang='grc'>⁶</span> <span class='ocrx_word' id='word_1_48' title='bbox 2947 677 3043 732; x_wconf 71' lang='grc' dir='ltr'><strong>καὶ</strong></span> <span class='ocrx_word' id='word_1_49' title='bbox 3064 679 3098 749; x_wconf 83' lang='grc' dir='ltr'><strong>ἡ</strong></span> <span class='ocrx_word' id='word_1_50' title='bbox 3125 678 3348 749; x_wconf 80' lang='grc' dir='ltr'><strong>ἀλμυρά</strong></span> <span class='ocrx_word' id='word_1_51' title='bbox 3383 679 3489 749; x_wconf 84' lang='grc' dir='ltr'><strong>τῆς</strong></span> <span class='ocrx_word' id='word_1_52' title='bbox 3519 680 3783 745; x_wconf 77' lang='grc' dir='ltr'><strong>ἀπιστίας</strong></span> 
     </span>
    </p>
   </div>
   <div class='ocr_carea' id='block_1_10' title="bbox 523 772 2099 846">
    <p class='ocr_par' dir='ltr' id='par_1_10' title="bbox 523 772 2099 846">
     <span class='ocr_line' id='line_1_10' title="bbox 523 772 2099 846; baseline 0.004 -19"><span class='ocrx_word' id='word_1_53' title='bbox 523 787 675 827; x_wconf 90' lang='lat' dir='ltr'><strong>mare</strong></span> <span class='ocrx_word' id='word_1_54' title='bbox 726 772 1081 839; x_wconf 84' lang='lat' dir='ltr'><strong>intumescit,</strong></span> <span class='ocrx_word' id='word_1_55' title='bbox 1137 782 1443 830; x_wconf 79' lang='lat' dir='ltr'><strong>extremam</strong></span> <span class='ocrx_word' id='word_1_56' title='bbox 1492 777 1787 846; x_wconf 85' lang='lat' dir='ltr'><strong>perniciem</strong></span> <span class='ocrx_word' id='word_1_57' title='bbox 1845 776 2099 833; x_wconf 78' lang='lat' dir='ltr'><strong>all‘erens.</strong></span> 
     </span>
    </p>
   </div>
   <div class='ocr_carea' id='block_1_11' title="bbox 527 865 2101 940">
    <p class='ocr_par' dir='ltr' id='par_1_11' title="bbox 527 865 2101 940">
     <span class='ocr_line' id='line_1_11' title="bbox 527 865 2101 940; baseline 0.004 -22"><span class='ocrx_word' id='word_1_58' title='bbox 527 865 633 918; x_wconf 83' lang='lat' dir='ltr'><strong>Sed</strong></span> <span class='ocrx_word' id='word_1_59' title='bbox 682 865 866 921; x_wconf 84' lang='lat' dir='ltr'><strong>adsint</strong></span> <span class='ocrx_word' id='word_1_60' title='bbox 903 875 1081 921; x_wconf 85' lang='lat' dir='ltr'><strong>tecum</strong></span> <span class='ocrx_word' id='word_1_61' title='bbox 1117 869 1361 937; x_wconf 78' lang='lat' dir='ltr'><strong>germani</strong></span> <span class='ocrx_word' id='word_1_62' title='bbox 1392 869 1665 940; x_wconf 86' lang='lat' dir='ltr'><strong>discipuli,</strong></span> <span class='ocrx_word' id='word_1_63' title='bbox 1697 870 1789 940; x_wconf 91' lang='lat' dir='ltr'><strong>qui</strong></span> <span class='ocrx_word' id='word_1_64' title='bbox 1823 870 2101 927; x_wconf 88' lang='lat' dir='ltr'><strong>Christum</strong></span> 
     </span>
    </p>
   </div>
   <div class='ocr_carea' id='block_1_12' title="bbox 525 957 2107 1032">
    <p class='ocr_par' dir='ltr' id='par_1_12' title="bbox 525 957 2107 1032">
     <span class='ocr_line' id='line_1_12' title="bbox 525 957 2107 1032; baseline 0.006 -22"><span class='ocrx_word' id='word_1_65' title='bbox 525 958 592 1010; x_wconf 91' lang='lat' dir='ltr'><strong>ad</strong></span> <span class='ocrx_word' id='word_1_66' title='bbox 626 957 1055 1027; x_wconf 87' lang='lat' dir='ltr'><strong>increpationem</strong></span> <span class='ocrx_word' id='word_1_67' title='bbox 1093 960 1431 1032; x_wconf 84' lang='lat' dir='ltr'><strong>periculique</strong></span> <span class='ocrx_word' id='word_1_68' title='bbox 1465 961 1838 1032; x_wconf 86' lang='lat' dir='ltr'><strong>depulsionem</strong></span> <span class='ocrx_word' id='word_1_69' title='bbox 1865 965 2107 1019; x_wconf 81' lang='lat' dir='ltr'><strong>exsusci-</strong></span> 
     </span>
    </p>
   </div>
   <div class='ocr_carea' id='block_1_13' title="bbox 526 1048 2103 1125">
    <p class='ocr_par' dir='ltr' id='par_1_13' title="bbox 526 1048 2103 1125">
     <span class='ocr_line' id='line_1_13' title="bbox 526 1048 2103 1125; baseline 0.004 -23"><span class='ocrx_word' id='word_1_70' title='bbox 526 1057 661 1103; x_wconf 89' lang='lat' dir='ltr'><strong>tent.</strong></span> <span class='ocrx_word' id='word_1_71' title='bbox 690 1048 839 1103; x_wconf 87' lang='lat' dir='ltr'><strong>Abiit</strong></span> <span class='ocrx_word' id='word_1_72' title='bbox 863 1057 917 1104; x_wconf 91' lang='lat' dir='ltr'><strong>et</strong></span> <span class='ocrx_word' id='word_1_73' title='bbox 950 1064 1108 1104; x_wconf 89' lang='lat' dir='ltr'><strong>meus</strong></span> <span class='ocrx_word' id='word_1_74' title='bbox 1137 1052 1192 1104; x_wconf 91' lang='lat' dir='ltr'><strong>in</strong></span> <span class='ocrx_word' id='word_1_75' title='bbox 1223 1051 1411 1108; x_wconf 85' lang='lat' dir='ltr'><strong>habitu</strong></span> <span class='ocrx_word' id='word_1_76' title='bbox 1442 1063 1730 1124; x_wconf 84' lang='lat' dir='ltr'><strong>susceptor</strong></span> <span class='ocrx_word' id='word_1_77' title='bbox 1757 1068 1824 1109; x_wconf 88' lang='lat' dir='ltr'><strong>ac</strong></span> <span class='ocrx_word' id='word_1_78' title='bbox 1846 1068 2103 1125; x_wconf 84' lang='lat' dir='ltr'><strong>sponsor,</strong></span> 
     </span>
    </p>
   </div>
   <div class='ocr_carea' id='block_1_14' title="bbox 524 1138 2105 1217">
    <p class='ocr_par' dir='ltr' id='par_1_14' title="bbox 524 1138 2105 1217">
     <span class='ocr_line' id='line_1_14' title="bbox 524 1138 2105 1217; baseline 0.006 -24"><span class='ocrx_word' id='word_1_79' title='bbox 524 1139 612 1193; x_wconf 83' lang='lat' dir='ltr'><strong>vir</strong></span> <span class='ocrx_word' id='word_1_80' title='bbox 664 1138 862 1205; x_wconf 89' lang='lat' dir='ltr'><strong>bonus,</strong></span> <span class='ocrx_word' id='word_1_81' title='bbox 929 1140 1301 1199; x_wconf 78' lang='lat' dir='ltr'><strong>confessionis</strong></span> <span class='ocrx_word' id='word_1_82' title='bbox 1353 1146 1639 1214; x_wconf 66' lang='lat' dir='ltr'><strong>pra3mium</strong></span> <span class='ocrx_word' id='word_1_83' title='bbox 1704 1156 1995 1217; x_wconf 85' lang='lat' dir='ltr'><strong>reportans</strong></span> <span class='ocrx_word' id='word_1_84' title='bbox 2050 1149 2105 1202; x_wconf 91' lang='lat' dir='ltr'><strong>in</strong></span> 
     </span>
    </p>
   </div>
   <div class='ocr_carea' id='block_1_15' title="bbox 526 1229 2107 1308">
    <p class='ocr_par' dir='ltr' id='par_1_15' title="bbox 526 1229 2107 1308">
     <span class='ocr_line' id='line_1_15' title="bbox 526 1229 2107 1308; baseline 0.007 -23"><span class='ocrx_word' id='word_1_85' title='bbox 526 1229 937 1299; x_wconf 85' lang='lat' dir='ltr'><strong>molestissima,</strong></span> <span class='ocrx_word' id='word_1_86' title='bbox 962 1244 1023 1288; x_wconf 88' lang='lat' dir='ltr'><strong>ut</strong></span> <span class='ocrx_word' id='word_1_87' title='bbox 1087 1233 1145 1290; x_wconf 92' lang='lat' dir='ltr'><strong>in</strong></span> <span class='ocrx_word' id='word_1_88' title='bbox 1197 1234 1400 1291; x_wconf 90' lang='lat' dir='ltr'><strong>lectulo</strong></span> <span class='ocrx_word' id='word_1_89' title='bbox 1460 1250 1522 1292; x_wconf 86' lang='lat' dir='ltr'><strong>se</strong></span> <span class='ocrx_word' id='word_1_90' title='bbox 1573 1237 1691 1308; x_wconf 90' lang='lat' dir='ltr'><strong>ipse</strong></span> <span class='ocrx_word' id='word_1_91' title='bbox 1720 1253 1944 1295; x_wconf 86' lang='lat' dir='ltr'><strong>versare</strong></span> <span class='ocrx_word' id='word_1_92' title='bbox 1996 1254 2107 1296; x_wconf 90' lang='lat' dir='ltr'><strong>non</strong></span> 
     </span>
    </p>
   </div>
   <div class='ocr_carea' id='block_1_16' title="bbox 528 1324 2108 1399">
    <p class='ocr_par' dir='ltr' id='par_1_16' title="bbox 528 1324 2108 1399">
     <span class='ocr_line' id='line_1_16' title="bbox 528 1324 2108 1399; baseline 0.006 -23"><span class='ocrx_word' id='word_1_93' title='bbox 528 1333 739 1393; x_wconf 85' lang='lat' dir='ltr'><strong>posset,</strong></span> <span class='ocrx_word' id='word_1_94' title='bbox 776 1324 1118 1382; x_wconf 80' lang='lat' dir='ltr'><strong>inﬁrmitate.</strong></span> <span class='ocrx_word' id='word_1_95' title='bbox 1200 1326 1530 1394; x_wconf 74' lang='lat' dir='ltr'><strong>Quomodo?</strong></span> <span class='ocrx_word' id='word_1_96' title='bbox 1603 1327 1745 1385; x_wconf 91' lang='lat' dir='ltr'><strong>Cum</strong></span> <span class='ocrx_word' id='word_1_97' title='bbox 1802 1331 2108 1399; x_wconf 86' lang='lat' dir='ltr'><strong>resisteret,</strong></span> 
     </span>
    </p>
   </div>
   <div class='ocr_carea' id='block_1_17' title="bbox 528 1412 2109 1494">
    <p class='ocr_par' dir='ltr' id='par_1_17' title="bbox 528 1412 2109 1494">
     <span class='ocr_line' id='line_1_17' title="bbox 528 1412 2109 1494; baseline 0.005 -25"><span class='ocrx_word' id='word_1_98' title='bbox 528 1412 797 1469; x_wconf 84' lang='lat' dir='ltr'><strong>abductus</strong></span> <span class='ocrx_word' id='word_1_99' title='bbox 832 1424 916 1470; x_wconf 89' lang='lat' dir='ltr'><strong>est</strong></span> <span class='ocrx_word' id='word_1_100' title='bbox 948 1425 1003 1470; x_wconf 90' lang='lat' dir='ltr'><strong>et</strong></span> <span class='ocrx_word' id='word_1_101' title='bbox 1036 1417 1369 1483; x_wconf 88' lang='lat' dir='ltr'><strong>custoditus,</strong></span> <span class='ocrx_word' id='word_1_102' title='bbox 1390 1418 1588 1475; x_wconf 91' lang='lat' dir='ltr'><strong>deinde</strong></span> <span class='ocrx_word' id='word_1_103' title='bbox 1617 1420 1785 1475; x_wconf 82' lang='lat' dir='ltr'><strong>etiam</strong></span> <span class='ocrx_word' id='word_1_104' title='bbox 1814 1421 2109 1494; x_wconf 77' lang='lat' dir='ltr'><strong>relegatus,</strong></span> 
     </span>
    </p>
   </div>
   <div class='ocr_carea' id='block_1_18' title="bbox 528 1504 2112 1584">
    <p class='ocr_par' dir='ltr' id='par_1_18' title="bbox 528 1504 2112 1584">
     <span class='ocr_line' id='line_1_18' title="bbox 528 1504 2112 1584; baseline 0.008 -25"><span class='ocrx_word' id='word_1_105' title='bbox 528 1513 696 1575; x_wconf 90' lang='lat' dir='ltr'><strong>atque</strong></span> <span class='ocrx_word' id='word_1_106' title='bbox 736 1504 809 1560; x_wconf 87' lang='lat' dir='ltr'><strong>ita</strong></span> <span class='ocrx_word' id='word_1_107' title='bbox 841 1508 1167 1579; x_wconf 85' lang='lat' dir='ltr'><strong>martyrium</strong></span> <span class='ocrx_word' id='word_1_108' title='bbox 1197 1524 1611 1567; x_wconf 88' lang='lat' dir='ltr'><strong>consummans.</strong></span> <span class='ocrx_word' id='word_1_109' title='bbox 1643 1512 1828 1584; x_wconf 89' lang='lat' dir='ltr'><strong>Itaque</strong></span> <span class='ocrx_word' id='word_1_110' title='bbox 1852 1515 2112 1572; x_wconf 85' lang='lat' dir='ltr'><strong>Dominus</strong></span> 
     </span>
    </p>
   </div>
   <div class='ocr_carea' id='block_1_19' title="bbox 530 1597 2112 1676">
    <p class='ocr_par' dir='ltr' id='par_1_19' title="bbox 530 1597 2112 1676">
     <span class='ocr_line' id='line_1_19' title="bbox 530 1597 2112 1676; baseline 0.007 -25"><span class='ocrx_word' id='word_1_111' title='bbox 530 1612 641 1652; x_wconf 91' lang='lat' dir='ltr'><strong>non</strong></span> <span class='ocrx_word' id='word_1_112' title='bbox 715 1597 965 1668; x_wconf 83' lang='lat' dir='ltr'><strong>despexit</strong></span> <span class='ocrx_word' id='word_1_113' title='bbox 1019 1599 1342 1656; x_wconf 74' lang='lat' dir='ltr'><strong>obedientia:</strong></span> <span class='ocrx_word' id='word_1_114' title='bbox 1404 1602 1524 1672; x_wconf 84' lang='lat' dir='ltr'><strong>ejus</strong></span> <span class='ocrx_word' id='word_1_115' title='bbox 1570 1604 1807 1672; x_wconf 89' lang='lat' dir='ltr'><strong>labores,</strong></span> <span class='ocrx_word' id='word_1_116' title='bbox 1877 1616 2112 1676; x_wconf 88' lang='lat' dir='ltr'><strong>quantos</strong></span> 
     </span>
    </p>
   </div>
   <div class='ocr_carea' id='block_1_20' title="bbox 532 1690 2110 1764">
    <p class='ocr_par' dir='ltr' id='par_1_20' title="bbox 532 1690 2110 1764">
     <span class='ocr_line' id='line_1_20' title="bbox 532 1690 2110 1764; baseline 0.007 -22"><span class='ocrx_word' id='word_1_117' title='bbox 532 1690 674 1743; x_wconf 82' lang='lat' dir='ltr'><strong>nosti</strong></span> <span class='ocrx_word' id='word_1_118' title='bbox 706 1707 720 1743; x_wconf 90' lang='lat'><strong>:</strong></span> <span class='ocrx_word' id='word_1_119' title='bbox 769 1690 985 1745; x_wconf 78' lang='lat' dir='ltr'><strong>tametsi</strong></span> <span class='ocrx_word' id='word_1_120' title='bbox 1025 1701 1251 1761; x_wconf 84' lang='lat' dir='ltr'><strong>propter</strong></span> <span class='ocrx_word' id='word_1_121' title='bbox 1274 1704 1501 1764; x_wconf 89' lang='lat' dir='ltr'><strong>peccata</strong></span> <span class='ocrx_word' id='word_1_122' title='bbox 1532 1710 1651 1751; x_wconf 92' lang='lat' dir='ltr'><strong>mea</strong></span> <span class='ocrx_word' id='word_1_123' title='bbox 1677 1697 1820 1751; x_wconf 91' lang='lat' dir='ltr'><strong>inter</strong></span> <span class='ocrx_word' id='word_1_124' title='bbox 1847 1697 2110 1754; x_wconf 80' lang='lat' dir='ltr'><strong>Mtechia-</strong></span> 
     </span>
    </p>
   </div>
   <div class='ocr_carea' id='block_1_21' title="bbox 530 1785 2115 1860">
    <p class='ocr_par' dir='ltr' id='par_1_21' title="bbox 530 1785 2115 1860">
     <span class='ocr_line' id='line_1_21' title="bbox 530 1785 2115 1860; baseline 0.004 -21"><span class='ocrx_word' id='word_1_125' title='bbox 530 1799 634 1839; x_wconf 88' lang='lat' dir='ltr'><strong>nos</strong></span> <span class='ocrx_word' id='word_1_126' title='bbox 676 1785 1052 1855; x_wconf 89' lang='lat' dir='ltr'><strong>deprehensus</strong></span> <span class='ocrx_word' id='word_1_127' title='bbox 1090 1786 1275 1854; x_wconf 82' lang='lat' dir='ltr'><strong>fuerit,</strong></span> <span class='ocrx_word' id='word_1_128' title='bbox 1319 1790 1541 1860; x_wconf 89' lang='lat' dir='ltr'><strong>corpori</strong></span> <span class='ocrx_word' id='word_1_129' title='bbox 1580 1806 1831 1859; x_wconf 89' lang='lat' dir='ltr'><strong>parcens,</strong></span> <span class='ocrx_word' id='word_1_130' title='bbox 1853 1807 1965 1847; x_wconf 91' lang='lat' dir='ltr'><strong>non</strong></span> <span class='ocrx_word' id='word_1_131' title='bbox 1997 1794 2115 1847; x_wconf 89' lang='lat' dir='ltr'><strong>ani-</strong></span> 
     </span>
    </p>
   </div>
   <div class='ocr_carea' id='block_1_22' title="bbox 2204 770 3783 842">
    <p class='ocr_par' dir='ltr' id='par_1_22' title="bbox 2204 770 3783 842">
     <span class='ocr_line' id='line_1_22' title="bbox 2204 770 3783 842; baseline 0.003 -18"><span class='ocrx_word' id='word_1_132' title='bbox 2204 771 2451 825; x_wconf 85' lang='grc' dir='ltr'><strong>θάλασσα</strong></span> <span class='ocrx_word' id='word_1_133' title='bbox 2489 770 2897 842; x_wconf 83' lang='grc' dir='ltr'><strong>κεκορύφωται,</strong></span> <span class='ocrx_word' id='word_1_134' title='bbox 2950 770 3311 842; x_wconf 80' lang='grc' dir='ltr'><strong>πανολεθρίαν</strong></span> <span class='ocrx_word' id='word_1_135' title='bbox 3344 770 3608 827; x_wconf 81' lang='grc' dir='ltr'><strong>ποιοῦσα.</strong></span> <span class='ocrx_word' id='word_1_136' title='bbox 3645 773 3783 827; x_wconf 78' lang='grc' dir='ltr'><strong>Ἀλλ’</strong></span> 
     </span>
    </p>
   </div>
   <div class='ocr_carea' id='block_1_23' title="bbox 2205 863 3784 936">
    <p class='ocr_par' dir='ltr' id='par_1_23' title="bbox 2205 863 3784 936">
     <span class='ocr_line' id='line_1_23' title="bbox 2205 863 3784 936; baseline 0.001 -19"><span class='ocrx_word' id='word_1_137' title='bbox 2205 863 2397 934; x_wconf 80' lang='grc' dir='ltr'><strong>εἴησαν</strong></span> <span class='ocrx_word' id='word_1_138' title='bbox 2428 866 2527 920; x_wconf 82' lang='grc' dir='ltr'><strong>σὺν</strong></span> <span class='ocrx_word' id='word_1_139' title='bbox 2557 865 2642 919; x_wconf 77' lang='grc' dir='ltr'><strong>σοὶ</strong></span> <span class='ocrx_word' id='word_1_140' title='bbox 2671 865 2722 918; x_wconf 79' lang='grc' dir='ltr'><strong>οῖ</strong></span> <span class='ocrx_word' id='word_1_141' title='bbox 2762 863 3148 936; x_wconf 88' lang='grc' dir='ltr'><strong>γνησιεύοντες</strong></span> <span class='ocrx_word' id='word_1_142' title='bbox 3176 865 3283 918; x_wconf 89' lang='grc' dir='ltr'><strong>τῶν</strong></span> <span class='ocrx_word' id='word_1_143' title='bbox 3317 864 3611 935; x_wconf 80' lang='grc' dir='ltr'><strong>μαθητῶν,</strong></span> <span class='ocrx_word' id='word_1_144' title='bbox 3651 865 3784 936; x_wconf 78' lang='grc' dir='ltr'><strong>Χρι-</strong></span> 
     </span>
    </p>
   </div>
   <div class='ocr_carea' id='block_1_24' title="bbox 2209 954 3786 1027">
    <p class='ocr_par' dir='ltr' id='par_1_24' title="bbox 2209 954 3786 1027">
     <span class='ocr_line' id='line_1_24' title="bbox 2209 954 3786 1027; baseline 0.001 -19"><span class='ocrx_word' id='word_1_145' title='bbox 2209 955 2333 1009; x_wconf 83' lang='grc' dir='ltr'><strong>στὸν</strong></span> <span class='ocrx_word' id='word_1_146' title='bbox 2375 957 2456 1019; x_wconf 80' lang='grc' dir='ltr'><strong>εις</strong></span> <span class='ocrx_word' id='word_1_147' title='bbox 2504 957 2827 1027; x_wconf 78' lang='grc' dir='ltr'><strong>ἐπιτίμησιν</strong></span> <span class='ocrx_word' id='word_1_148' title='bbox 2857 954 2955 1010; x_wconf 74' lang='grc' dir='ltr'><strong>καὶ</strong></span> <span class='ocrx_word' id='word_1_149' title='bbox 2994 955 3433 1025; x_wconf 84' lang='grc' dir='ltr'><strong>καταστόρευσιν</strong></span> <span class='ocrx_word' id='word_1_150' title='bbox 3472 956 3579 1026; x_wconf 78' lang='grc' dir='ltr'><strong>τῆς</strong></span> <span class='ocrx_word' id='word_1_151' title='bbox 3612 956 3786 1010; x_wconf 74' lang='grc' dir='ltr'><strong>κινδυ-</strong></span> 
     </span>
    </p>
   </div>
   <div class='ocr_carea' id='block_1_25' title="bbox 2208 1047 3790 1121">
    <p class='ocr_par' dir='ltr' id='par_1_25' title="bbox 2208 1047 3790 1121">
     <span class='ocr_line' id='line_1_25' title="bbox 2208 1047 3790 1121; baseline -0.001 -21"><span class='ocrx_word' id='word_1_152' title='bbox 2208 1047 2449 1112; x_wconf 90' lang='grc' dir='ltr'><strong>νεύσεως</strong></span> <span class='ocrx_word' id='word_1_153' title='bbox 2485 1048 2869 1121; x_wconf 80' lang='grc' dir='ltr'><strong>διεγείροντες.</strong></span> <span class='ocrx_word' id='word_1_154' title='bbox 2923 1047 3148 1119; x_wconf 81' lang='grc' dir='ltr'><strong>Οἴχεταί</strong></span> <span class='ocrx_word' id='word_1_155' title='bbox 3188 1065 3291 1119; x_wconf 89' lang='grc' dir='ltr'><strong>μου</strong></span> <span class='ocrx_word' id='word_1_156' title='bbox 3315 1049 3412 1103; x_wconf 71' lang='grc' dir='ltr'><strong>καὶ</strong></span> <span class='ocrx_word' id='word_1_157' title='bbox 3456 1050 3486 1101; x_wconf 88' lang='lat'><strong>6</strong></span> <span class='ocrx_word' id='word_1_158' title='bbox 3524 1048 3626 1102; x_wconf 77' lang='grc' dir='ltr'><strong>τοῦ</strong></span> <span class='ocrx_word' id='word_1_159' title='bbox 3668 1051 3790 1120; x_wconf 79' lang='grc' dir='ltr'><strong>σχή-</strong></span> 
     </span>
    </p>
   </div>
   <div class='ocr_carea' id='block_1_26' title="bbox 2212 1135 3789 1211">
    <p class='ocr_par' dir='ltr' id='par_1_26' title="bbox 2212 1135 3789 1211">
     <span class='ocr_line' id='line_1_26' title="bbox 2212 1135 3789 1211; baseline -0.001 -19"><span class='ocrx_word' id='word_1_160' title='bbox 2212 1156 2381 1209; x_wconf 91' lang='grc' dir='ltr'><strong>ματος</strong></span> <span class='ocrx_word' id='word_1_161' title='bbox 2434 1139 2694 1211; x_wconf 84' lang='grc' dir='ltr'><strong>ἀνάδοχος</strong></span> <span class='ocrx_word' id='word_1_162' title='bbox 2719 1182 2735 1207; x_wconf 88' lang='grc'><strong>,</strong></span> <span class='ocrx_word' id='word_1_163' title='bbox 2806 1139 2947 1211; x_wconf 80' lang='grc' dir='ltr'><strong>ἀνὴρ</strong></span> <span class='ocrx_word' id='word_1_164' title='bbox 2997 1138 3221 1211; x_wconf 81' lang='grc' dir='ltr'><strong>ἀγαθὸς,</strong></span> <span class='ocrx_word' id='word_1_165' title='bbox 3276 1139 3578 1211; x_wconf 73' lang='grc' dir='ltr'><strong>ὁμολογίας</strong></span> <span class='ocrx_word' id='word_1_166' title='bbox 3633 1135 3789 1194; x_wconf 83' lang='grc' dir='ltr'><strong>ἆθλον</strong></span> 
     </span>
    </p>
   </div>
   <div class='ocr_carea' id='block_1_27' title="bbox 2209 1229 3791 1302">
    <p class='ocr_par' dir='ltr' id='par_1_27' title="bbox 2209 1229 3791 1302">
     <span class='ocr_line' id='line_1_27' title="bbox 2209 1229 3791 1302; baseline 0.001 -19"><span class='ocrx_word' id='word_1_167' title='bbox 2209 1230 2659 1300; x_wconf 78' lang='grc' dir='ltr'><strong>ἀπενεγκάμενος</strong></span> <span class='ocrx_word' id='word_1_168' title='bbox 2699 1232 2759 1283; x_wconf 78' lang='grc' dir='ltr'><strong>ἐν</strong></span> <span class='ocrx_word' id='word_1_169' title='bbox 2798 1229 3024 1302; x_wconf 81' lang='grc' dir='ltr'><strong>τοιαύτῃ</strong></span> <span class='ocrx_word' id='word_1_170' title='bbox 3073 1231 3435 1302; x_wconf 79' lang='grc' dir='ltr'><strong>χαλεπωτάτῃ</strong></span> <span class='ocrx_word' id='word_1_171' title='bbox 3497 1230 3679 1302; x_wconf 78' lang='grc' dir='ltr'><strong>νόσῳ·</strong></span> <span class='ocrx_word' id='word_1_172' title='bbox 3722 1230 3791 1295; x_wconf 86' lang='grc' dir='ltr'><strong>ὡς</strong></span> 
     </span>
    </p>
   </div>
   <div class='ocr_carea' id='block_1_28' title="bbox 2210 1321 3791 1393">
    <p class='ocr_par' dir='ltr' id='par_1_28' title="bbox 2210 1321 3791 1393">
     <span class='ocr_line' id='line_1_28' title="bbox 2210 1321 3791 1393; baseline -0.001 -16"><span class='ocrx_word' id='word_1_173' title='bbox 2210 1322 2408 1387; x_wconf 84' lang='grc' dir='ltr'><strong>ἐνδεῶς</strong></span> <span class='ocrx_word' id='word_1_174' title='bbox 2435 1321 2586 1393; x_wconf 72' lang='grc' dir='ltr'><strong>ἔχειν</strong></span> <span class='ocrx_word' id='word_1_175' title='bbox 2620 1322 2717 1376; x_wconf 75' lang='grc' dir='ltr'><strong>καὶ</strong></span> <span class='ocrx_word' id='word_1_176' title='bbox 2745 1323 2840 1376; x_wconf 82' lang='grc' dir='ltr'><strong>τοῦ</strong></span> <span class='ocrx_word' id='word_1_177' title='bbox 2879 1322 2970 1376; x_wconf 77' lang='grc' dir='ltr'><strong>ἐπὶ</strong></span> <span class='ocrx_word' id='word_1_178' title='bbox 3010 1323 3199 1392; x_wconf 76' lang='grc' dir='ltr'><strong>κλίνης</strong></span> <span class='ocrx_word' id='word_1_179' title='bbox 3236 1322 3600 1393; x_wconf 79' lang='grc' dir='ltr'><strong>στρέφεσθαι.</strong></span> <span class='ocrx_word' id='word_1_180' title='bbox 3632 1323 3791 1390; x_wconf 84' lang='grc' dir='ltr'><strong>Πῶς;</strong></span> 
     </span>
    </p>
   </div>
   <div class='ocr_carea' id='block_1_29' title="bbox 2211 1410 3790 1487">
    <p class='ocr_par' dir='ltr' id='par_1_29' title="bbox 2211 1410 3790 1487">
     <span class='ocr_line' id='line_1_29' title="bbox 2211 1410 3790 1487; baseline -0.003 -17"><span class='ocrx_word' id='word_1_181' title='bbox 2211 1415 2428 1480; x_wconf 76' lang='grc' dir='ltr'><strong>ἐνστὰς,</strong></span> <span class='ocrx_word' id='word_1_182' title='bbox 2469 1415 2567 1469; x_wconf 76' lang='grc' dir='ltr'><strong>καὶ</strong></span> <span class='ocrx_word' id='word_1_183' title='bbox 2601 1414 2791 1487; x_wconf 74' lang='grc' dir='ltr'><strong>ἀρθεὶς</strong></span> <span class='ocrx_word' id='word_1_184' title='bbox 2831 1416 2926 1471; x_wconf 70' lang='grc' dir='ltr'><strong>καὶ</strong></span> <span class='ocrx_word' id='word_1_185' title='bbox 2969 1414 3353 1486; x_wconf 74' lang='grc' dir='ltr'><strong>φυλακισθεὶς,</strong></span> <span class='ocrx_word' id='word_1_186' title='bbox 3387 1410 3510 1468; x_wconf 77' lang='grc' dir='ltr'><strong>εἷτα</strong></span> <span class='ocrx_word' id='word_1_187' title='bbox 3547 1415 3650 1468; x_wconf 78' lang='grc' dir='ltr'><strong>καὶ</strong></span> <span class='ocrx_word' id='word_1_188' title='bbox 3710 1416 3790 1483; x_wconf 72' lang='grc' dir='ltr'><strong>ἐξ-</strong></span> 
     </span>
    </p>
   </div>
   <div class='ocr_carea' id='block_1_30' title="bbox 2210 1506 3794 1582">
    <p class='ocr_par' dir='ltr' id='par_1_30' title="bbox 2210 1506 3794 1582">
     <span class='ocr_line' id='line_1_30' title="bbox 2210 1506 3794 1582; baseline -0.001 -20"><span class='ocrx_word' id='word_1_189' title='bbox 2210 1506 2451 1580; x_wconf 82' lang='grc' dir='ltr'><strong>ορισθεὶς</strong></span> <span class='ocrx_word' id='word_1_190' title='bbox 2475 1526 2491 1542; x_wconf 89' lang='grc'><strong>·</strong></span> <span class='ocrx_word' id='word_1_191' title='bbox 2519 1508 2811 1582; x_wconf 77' lang='grc' dir='ltr'><strong>καὶταύτῃ</strong></span> <span class='ocrx_word' id='word_1_192' title='bbox 2838 1508 2898 1562; x_wconf 82' lang='grc' dir='ltr'><strong>τὸ</strong></span> <span class='ocrx_word' id='word_1_193' title='bbox 2926 1509 3227 1580; x_wconf 85' lang='grc' dir='ltr'><strong>μαρτύριον</strong></span> <span class='ocrx_word' id='word_1_194' title='bbox 3261 1508 3510 1570; x_wconf 76' lang='grc' dir='ltr'><strong>τελέσας.</strong></span> <span class='ocrx_word' id='word_1_195' title='bbox 3543 1509 3625 1561; x_wconf 84' lang='grc' dir='ltr'><strong>Ού</strong></span> <span class='ocrx_word' id='word_1_196' title='bbox 3655 1526 3794 1580; x_wconf 78' lang='grc' dir='ltr'><strong>παρ-</strong></span> 
     </span>
    </p>
   </div>
   <div class='ocr_carea' id='block_1_31' title="bbox 2213 1596 3794 1671">
    <p class='ocr_par' dir='ltr' id='par_1_31' title="bbox 2213 1596 3794 1671">
     <span class='ocr_line' id='line_1_31' title="bbox 2213 1596 3794 1671; baseline 0.001 -18"><span class='ocrx_word' id='word_1_197' title='bbox 2213 1602 2352 1655; x_wconf 85' lang='grc' dir='ltr'><strong>εῖδεν</strong></span> <span class='ocrx_word' id='word_1_198' title='bbox 2394 1596 2489 1657; x_wconf 80' lang='grc' dir='ltr'><strong>οὖν</strong></span> <span class='ocrx_word' id='word_1_199' title='bbox 2533 1601 2697 1655; x_wconf 80' lang='grc' dir='ltr'><strong>αὐτοῦ</strong></span> <span class='ocrx_word' id='word_1_200' title='bbox 2726 1604 2930 1671; x_wconf 82' lang='grc' dir='ltr'><strong>Κύριος</strong></span> <span class='ocrx_word' id='word_1_201' title='bbox 2962 1604 3090 1666; x_wconf 78' lang='grc' dir='ltr'><strong>τοὺς</strong></span> <span class='ocrx_word' id='word_1_202' title='bbox 3129 1603 3539 1666; x_wconf 76' lang='grc' dir='ltr'><strong>ύποτακτικοὺς</strong></span> <span class='ocrx_word' id='word_1_203' title='bbox 3569 1604 3794 1667; x_wconf 77' lang='grc' dir='ltr'><strong>κόπους,</strong></span> 
     </span>
    </p>
   </div>
   <div class='ocr_carea' id='block_1_32' title="bbox 2212 1690 3797 1764">
    <p class='ocr_par' dir='ltr' id='par_1_32' title="bbox 2212 1690 3797 1764">
     <span class='ocr_line' id='line_1_32' title="bbox 2212 1690 3797 1764; baseline 0 -16"><span class='ocrx_word' id='word_1_204' title='bbox 2212 1695 2446 1760; x_wconf 83' lang='grc' dir='ltr'><strong>ὁπόσους</strong></span> <span class='ocrx_word' id='word_1_205' title='bbox 2470 1690 2771 1760; x_wconf 78' lang='grc' dir='ltr'><strong>οῖσθα,κᾶν</strong></span> <span class='ocrx_word' id='word_1_206' title='bbox 2801 1694 2945 1749; x_wconf 81' lang='grc' dir='ltr'><strong>ἐάλω</strong></span> <span class='ocrx_word' id='word_1_207' title='bbox 2990 1694 3132 1748; x_wconf 89' lang='grc' dir='ltr'><strong>κατά</strong></span> <span class='ocrx_word' id='word_1_208' title='bbox 3158 1695 3258 1758; x_wconf 79' lang='grc' dir='ltr'><strong>τὰς</strong></span> <span class='ocrx_word' id='word_1_209' title='bbox 3286 1694 3567 1764; x_wconf 79' lang='grc' dir='ltr'><strong>ἁμαρτίας</strong></span> <span class='ocrx_word' id='word_1_210' title='bbox 3598 1711 3704 1763; x_wconf 86' lang='grc' dir='ltr'><strong>μου</strong></span> <span class='ocrx_word' id='word_1_211' title='bbox 3744 1698 3797 1748; x_wconf 89' lang='grc' dir='ltr'><strong>ἐν</strong></span> 
     </span>
    </p>
   </div>
   <div class='ocr_carea' id='block_1_33' title="bbox 2215 1787 3799 1860">
    <p class='ocr_par' dir='ltr' id='par_1_33' title="bbox 2215 1787 3799 1860">
     <span class='ocr_line' id='line_1_33' title="bbox 2215 1787 3799 1860; baseline -0.002 -17"><span class='ocrx_word' id='word_1_212' title='bbox 2215 1791 2330 1853; x_wconf 89' lang='grc' dir='ltr'><strong>τοῖς</strong></span> <span class='ocrx_word' id='word_1_213' title='bbox 2358 1789 2732 1860; x_wconf 83' lang='grc' dir='ltr'><strong>Μοιχειανοῖς,</strong></span> <span class='ocrx_word' id='word_1_214' title='bbox 2766 1788 2943 1858; x_wconf 81' lang='grc' dir='ltr'><strong>φειδοῖ</strong></span> <span class='ocrx_word' id='word_1_215' title='bbox 2970 1787 3064 1841; x_wconf 78' lang='grc' dir='ltr'><strong>τοῦ</strong></span> <span class='ocrx_word' id='word_1_216' title='bbox 3089 1788 3362 1857; x_wconf 84' lang='grc' dir='ltr'><strong>σώματος,</strong></span> <span class='ocrx_word' id='word_1_217' title='bbox 3406 1788 3465 1839; x_wconf 78' lang='grc' dir='ltr'><strong>ού</strong></span> <span class='ocrx_word' id='word_1_218' title='bbox 3502 1787 3799 1858; x_wconf 78' lang='grc' dir='ltr'><strong>συναιρού-</strong></span> 
     </span>
    </p>
   </div>
   <div class='ocr_carea' id='block_1_34' title="bbox 530 1852 2115 1953">
    <p class='ocr_par' dir='ltr' id='par_1_34' title="bbox 530 1852 2113 1953">
     <span class='ocr_line' id='line_1_34' title="bbox 530 1852 2113 1953; baseline 0.006 -23"><span class='ocrx_word' id='word_1_219' title='bbox 530 1892 622 1931; x_wconf 89' lang='lat' dir='ltr'><strong>mo</strong></span> <span class='ocrx_word' id='word_1_220' title='bbox 646 1852 775 1931; x_wconf 80' lang='lat' dir='ltr'><strong>item</strong></span> <span class='ocrx_word' id='word_1_221' title='bbox 807 1876 1090 1948; x_wconf 90' lang='lat' dir='ltr'><strong>abreptus,</strong></span> <span class='ocrx_word' id='word_1_222' title='bbox 1123 1890 1181 1933; x_wconf 90' lang='lat' dir='ltr'><strong>ut</strong></span> <span class='ocrx_word' id='word_1_223' title='bbox 1207 1852 1295 1935; x_wconf 86' lang='lat' dir='ltr'><strong>res</strong></span> <span class='ocrx_word' id='word_1_224' title='bbox 1326 1852 1444 1951; x_wconf 76' lang='lat' dir='ltr'><strong>ipsa</strong></span> <span class='ocrx_word' id='word_1_225' title='bbox 1477 1852 1794 1937; x_wconf 79' lang='lat' dir='ltr'><strong>declaravit.</strong></span> <span class='ocrx_word' id='word_1_226' title='bbox 1816 1852 2113 1953; x_wconf 69' lang='lat' dir='ltr'><strong>l’ropterea</strong></span> 
     </span>
    </p>
   </div>
   <div class='ocr_carea' id='block_1_35' title="bbox 2218 1852 3800 1953">
    <p class='ocr_par' dir='ltr' id='par_1_35' title="bbox 2221 1852 3800 1953">
     <span class='ocr_line' id='line_1_35' title="bbox 2221 1852 3800 1953; baseline 0 -19"><span class='ocrx_word' id='word_1_227' title='bbox 2221 1898 2382 1952; x_wconf 82' lang='grc' dir='ltr'><strong>μενος</strong></span> <span class='ocrx_word' id='word_1_228' title='bbox 2411 1852 2504 1953; x_wconf 28' lang='grc' dir='ltr'><strong>τῶν</strong></span> <span class='ocrx_word' id='word_1_229' title='bbox 2533 1852 2849 1953; x_wconf 79' lang='grc' dir='ltr'><strong>φρονήματι</strong></span> <span class='ocrx_word' id='word_1_230' title='bbox 2871 1897 2886 1913; x_wconf 68' lang='grc' dir='ltr'>θ</span> <span class='ocrx_word' id='word_1_231' title='bbox 2927 1881 3005 1944; x_wconf 86' lang='grc' dir='ltr'><strong>ὡς</strong></span> <span class='ocrx_word' id='word_1_232' title='bbox 3031 1880 3091 1934; x_wconf 84' lang='grc' dir='ltr'><strong>τὸ</strong></span> <span class='ocrx_word' id='word_1_233' title='bbox 3122 1852 3360 1951; x_wconf 81' lang='grc' dir='ltr'><strong>πρᾶγμα</strong></span> <span class='ocrx_word' id='word_1_234' title='bbox 3410 1880 3655 1937; x_wconf 81' lang='grc' dir='ltr'><strong>ἐδείκνυ.</strong></span> <span class='ocrx_word' id='word_1_235' title='bbox 3676 1852 3800 1934; x_wconf 37' lang='grc' dir='ltr'><strong>,Διά</strong></span> 
     </span>
    </p>
   </div>
   <div class='ocr_carea' id='block_1_36' title="bbox 531 1972 2113 2048">
    <p class='ocr_par' dir='ltr' id='par_1_36' title="bbox 531 1972 2113 2048">
     <span class='ocr_line' id='line_1_36' title="bbox 531 1972 2113 2048; baseline 0.003 -20"><span class='ocrx_word' id='word_1_236' title='bbox 531 1973 700 2029; x_wconf 62' lang='lat' dir='ltr'><strong>coetui</strong></span> <span class='ocrx_word' id='word_1_237' title='bbox 739 1988 773 2028; x_wconf 90' lang='lat' dir='ltr'><strong>a</strong></span> <span class='ocrx_word' id='word_1_238' title='bbox 821 1972 932 2029; x_wconf 91' lang='lat' dir='ltr'><strong>Deo</strong></span> <span class='ocrx_word' id='word_1_239' title='bbox 972 1974 1299 2040; x_wconf 87' lang='lat' dir='ltr'><strong>subductus,</strong></span> <span class='ocrx_word' id='word_1_240' title='bbox 1337 1976 1390 2030; x_wconf 91' lang='lat' dir='ltr'><strong>in</strong></span> <span class='ocrx_word' id='word_1_241' title='bbox 1420 1976 1649 2032; x_wconf 87' lang='lat' dir='ltr'><strong>alteram</strong></span> <span class='ocrx_word' id='word_1_242' title='bbox 1688 1986 1901 2048; x_wconf 91' lang='lat' dir='ltr'><strong>partem</strong></span> <span class='ocrx_word' id='word_1_243' title='bbox 1942 1978 2113 2032; x_wconf 90' lang='lat' dir='ltr'><strong>victo-</strong></span> 
     </span>
    </p>
   </div>
   <div class='ocr_carea' id='block_1_37' title="bbox 532 2061 2116 2137">
    <p class='ocr_par' dir='ltr' id='par_1_37' title="bbox 532 2061 2116 2137">
     <span class='ocr_line' id='line_1_37' title="bbox 532 2061 2116 2137; baseline 0.004 -22"><span class='ocrx_word' id='word_1_244' title='bbox 532 2062 674 2116; x_wconf 88' lang='lat' dir='ltr'><strong>riam</strong></span> <span class='ocrx_word' id='word_1_245' title='bbox 715 2061 924 2117; x_wconf 79' lang='lat' dir='ltr'><strong>vertit:</strong></span> <span class='ocrx_word' id='word_1_246' title='bbox 979 2065 1449 2133; x_wconf 88' lang='lat' dir='ltr'><strong>quemadmodum</strong></span> <span class='ocrx_word' id='word_1_247' title='bbox 1491 2075 1548 2123; x_wconf 88' lang='lat' dir='ltr'><strong>et</strong></span> <span class='ocrx_word' id='word_1_248' title='bbox 1590 2067 1923 2133; x_wconf 71' lang='lat' dir='ltr'><strong>Mediciotes,</strong></span> <span class='ocrx_word' id='word_1_249' title='bbox 1951 2076 2116 2137; x_wconf 88' lang='lat' dir='ltr'><strong>atque</strong></span> 
     </span>
    </p>
   </div>
   <div class='ocr_carea' id='block_1_38' title="bbox 531 2152 2117 2228">
    <p class='ocr_par' dir='ltr' id='par_1_38' title="bbox 531 2152 2117 2228">
     <span class='ocr_line' id='line_1_38' title="bbox 531 2152 2117 2228; baseline 0.004 -20"><span class='ocrx_word' id='word_1_250' title='bbox 531 2153 671 2208; x_wconf 87' lang='lat' dir='ltr'><strong>adeo</strong></span> <span class='ocrx_word' id='word_1_251' title='bbox 722 2152 976 2210; x_wconf 75' lang='lat' dir='ltr'><strong>Nictenus</strong></span> <span class='ocrx_word' id='word_1_252' title='bbox 1026 2171 1289 2227; x_wconf 90' lang='lat' dir='ltr'><strong>quoque;</strong></span> <span class='ocrx_word' id='word_1_253' title='bbox 1348 2168 1408 2212; x_wconf 90' lang='lat' dir='ltr'><strong>ut</strong></span> <span class='ocrx_word' id='word_1_254' title='bbox 1458 2157 1659 2214; x_wconf 89' lang='lat' dir='ltr'><strong>litteris</strong></span> <span class='ocrx_word' id='word_1_255' title='bbox 1714 2158 1850 2228; x_wconf 89' lang='lat' dir='ltr'><strong>ipsis</strong></span> <span class='ocrx_word' id='word_1_256' title='bbox 1886 2160 2117 2215; x_wconf 91' lang='lat' dir='ltr'><strong>edoctus</strong></span> 
     </span>
    </p>
   </div>
   <div class='ocr_carea' id='block_1_39' title="bbox 532 2247 2118 2319">
    <p class='ocr_par' dir='ltr' id='par_1_39' title="bbox 532 2247 2118 2319">
     <span class='ocr_line' id='line_1_39' title="bbox 532 2247 2118 2319; baseline -0.003 -14"><span class='ocrx_word' id='word_1_257' title='bbox 532 2264 677 2306; x_wconf 85' lang='lat' dir='ltr'><strong>sum.</strong></span> <span class='ocrx_word' id='word_1_258' title='bbox 718 2247 785 2303; x_wconf 87' lang='lat' dir='ltr'><strong>Et</strong></span> <span class='ocrx_word' id='word_1_259' title='bbox 808 2248 934 2319; x_wconf 90' lang='lat' dir='ltr'><strong>quid</strong></span> <span class='ocrx_word' id='word_1_260' title='bbox 965 2250 1110 2304; x_wconf 92' lang='lat' dir='ltr'><strong>hunc</strong></span> <span class='ocrx_word' id='word_1_261' title='bbox 1138 2258 1233 2303; x_wconf 90' lang='lat' dir='ltr'><strong>aut</strong></span> <span class='ocrx_word' id='word_1_262' title='bbox 1275 2249 1429 2303; x_wconf 90' lang='lat' dir='ltr'><strong>illum</strong></span> <span class='ocrx_word' id='word_1_263' title='bbox 1460 2248 1627 2304; x_wconf 87' lang='lat' dir='ltr'><strong>dico?</strong></span> <span class='ocrx_word' id='word_1_264' title='bbox 1659 2249 1789 2303; x_wconf 81' lang='lat' dir='ltr'><strong>Mihi</strong></span> <span class='ocrx_word' id='word_1_265' title='bbox 1813 2249 1959 2304; x_wconf 90' lang='lat' dir='ltr'><strong>enim</strong></span> <span class='ocrx_word' id='word_1_266' title='bbox 1990 2264 2118 2319; x_wconf 89' lang='lat' dir='ltr'><strong>per-</strong></span> 
     </span>
    </p>
   </div>
   <div class='ocr_carea' id='block_1_40' title="bbox 532 2340 2118 2410">
    <p class='ocr_par' dir='ltr' id='par_1_40' title="bbox 532 2340 2118 2410">
     <span class='ocr_line' id='line_1_40' title="bbox 532 2340 2118 2410; baseline -0.002 -12"><span class='ocrx_word' id='word_1_267' title='bbox 532 2342 762 2406; x_wconf 83' lang='lat' dir='ltr'><strong>suadeo,</strong></span> <span class='ocrx_word' id='word_1_268' title='bbox 782 2343 862 2397; x_wconf 85' lang='lat' dir='ltr'><strong>sic</strong></span> <span class='ocrx_word' id='word_1_269' title='bbox 888 2341 1110 2397; x_wconf 80' lang='lat' dir='ltr'><strong>aﬂ‘ectos</strong></span> <span class='ocrx_word' id='word_1_270' title='bbox 1136 2356 1257 2396; x_wconf 89' lang='lat' dir='ltr'><strong>esse</strong></span> <span class='ocrx_word' id='word_1_271' title='bbox 1284 2356 1477 2396; x_wconf 91' lang='lat' dir='ltr'><strong>omnes</strong></span> <span class='ocrx_word' id='word_1_272' title='bbox 1493 2342 1587 2410; x_wconf 90' lang='lat' dir='ltr'><strong>qui</strong></span> <span class='ocrx_word' id='word_1_273' title='bbox 1612 2342 1951 2397; x_wconf 85' lang='lat' dir='ltr'><strong>restiterunt.</strong></span> <span class='ocrx_word' id='word_1_274' title='bbox 1975 2340 2118 2407; x_wconf 87' lang='lat' dir='ltr'><strong>Quin</strong></span> 
     </span>
    </p>
   </div>
   <div class='ocr_carea' id='block_1_41' title="bbox 532 2434 2117 2506">
    <p class='ocr_par' dir='ltr' id='par_1_41' title="bbox 532 2434 2117 2506">
     <span class='ocr_line' id='line_1_41' title="bbox 532 2434 2117 2506; baseline -0.001 -14"><span class='ocrx_word' id='word_1_275' title='bbox 532 2445 591 2493; x_wconf 84' lang='lat' dir='ltr'><strong>et</strong></span> <span class='ocrx_word' id='word_1_276' title='bbox 624 2435 741 2506; x_wconf 86' lang='lat' dir='ltr'><strong>ipse</strong></span> <span class='ocrx_word' id='word_1_277' title='bbox 766 2450 931 2490; x_wconf 85' lang='lat' dir='ltr'><strong>verus</strong></span> <span class='ocrx_word' id='word_1_278' title='bbox 956 2434 1269 2504; x_wconf 85' lang='lat' dir='ltr'><strong>patriarcha</strong></span> <span class='ocrx_word' id='word_1_279' title='bbox 1296 2444 1485 2488; x_wconf 88' lang='lat' dir='ltr'><strong>noster</strong></span> <span class='ocrx_word' id='word_1_280' title='bbox 1508 2436 1794 2490; x_wconf 83' lang='lat' dir='ltr'><strong>veritatem</strong></span> <span class='ocrx_word' id='word_1_281' title='bbox 1814 2439 2117 2505; x_wconf 84' lang='lat' dir='ltr'><strong>proﬁtetur,</strong></span> 
     </span>
    </p>
   </div>
   <div class='ocr_carea' id='block_1_42' title="bbox 538 2524 2123 2599">
    <p class='ocr_par' dir='ltr' id='par_1_42' title="bbox 538 2524 2123 2599">
     <span class='ocr_line' id='line_1_42' title="bbox 538 2524 2123 2599; baseline 0.002 -18"><span class='ocrx_word' id='word_1_282' title='bbox 538 2538 689 2582; x_wconf 80' lang='lat' dir='ltr'><strong>ntex</strong></span> <span class='ocrx_word' id='word_1_283' title='bbox 727 2526 850 2593; x_wconf 85' lang='lat' dir='ltr'><strong>ejus</strong></span> <span class='ocrx_word' id='word_1_284' title='bbox 899 2541 997 2581; x_wconf 91' lang='lat' dir='ltr'><strong>ore</strong></span> <span class='ocrx_word' id='word_1_285' title='bbox 1030 2526 1197 2580; x_wconf 89' lang='lat' dir='ltr'><strong>didici</strong></span> <span class='ocrx_word' id='word_1_286' title='bbox 1241 2525 1336 2596; x_wconf 90' lang='lat' dir='ltr'><strong>qui</strong></span> <span class='ocrx_word' id='word_1_287' title='bbox 1383 2524 1535 2581; x_wconf 92' lang='lat' dir='ltr'><strong>illum</strong></span> <span class='ocrx_word' id='word_1_288' title='bbox 1585 2527 1849 2593; x_wconf 86' lang='lat' dir='ltr'><strong>audierat,</strong></span> <span class='ocrx_word' id='word_1_289' title='bbox 1891 2529 2123 2599; x_wconf 80' lang='lat' dir='ltr'><strong>ejusque</strong></span> 
     </span>
    </p>
   </div>
   <div class='ocr_carea' id='block_1_43' title="bbox 536 2615 2125 2683">
    <p class='ocr_par' dir='ltr' id='par_1_43' title="bbox 536 2615 2125 2683">
     <span class='ocr_line' id='line_1_43' title="bbox 536 2615 2125 2683; baseline 0.003 -12"><span class='ocrx_word' id='word_1_290' title='bbox 536 2617 918 2673; x_wconf 75' lang='lat' dir='ltr'><strong>defensionem</strong></span> <span class='ocrx_word' id='word_1_291' title='bbox 971 2617 1252 2673; x_wconf 85' lang='lat' dir='ltr'><strong>laudabat.</strong></span> <span class='ocrx_word' id='word_1_292' title='bbox 1318 2615 1446 2672; x_wconf 70' lang='lat' dir='ltr'><strong>Haec</strong></span> <span class='ocrx_word' id='word_1_293' title='bbox 1502 2618 1643 2683; x_wconf 83' lang='lat' dir='ltr'><strong>dixi,</strong></span> <span class='ocrx_word' id='word_1_294' title='bbox 1693 2627 1809 2673; x_wconf 87' lang='lat' dir='ltr'><strong>tum</strong></span> <span class='ocrx_word' id='word_1_295' title='bbox 1835 2628 1896 2674; x_wconf 90' lang='lat' dir='ltr'><strong>ut</strong></span> <span class='ocrx_word' id='word_1_296' title='bbox 1927 2618 2125 2675; x_wconf 79' lang='lat' dir='ltr'><strong>defun-</strong></span> 
     </span>
    </p>
   </div>
   <div class='ocr_carea' id='block_1_44' title="bbox 536 2708 2122 2771">
    <p class='ocr_par' dir='ltr' id='par_1_44' title="bbox 536 2708 2122 2771">
     <span class='ocr_line' id='line_1_44' title="bbox 536 2708 2122 2771; baseline 0.001 -9"><span class='ocrx_word' id='word_1_297' title='bbox 536 2717 685 2762; x_wconf 89' lang='lat' dir='ltr'><strong>ctum</strong></span> <span class='ocrx_word' id='word_1_298' title='bbox 714 2708 911 2762; x_wconf 90' lang='lat' dir='ltr'><strong>merito</strong></span> <span class='ocrx_word' id='word_1_299' title='bbox 967 2708 1270 2771; x_wconf 87' lang='lat' dir='ltr'><strong>laudarem,</strong></span> <span class='ocrx_word' id='word_1_300' title='bbox 1307 2717 1419 2762; x_wconf 93' lang='lat' dir='ltr'><strong>tum</strong></span> <span class='ocrx_word' id='word_1_301' title='bbox 1456 2719 1516 2762; x_wconf 93' lang='lat' dir='ltr'><strong>ut</strong></span> <span class='ocrx_word' id='word_1_302' title='bbox 1545 2709 1825 2764; x_wconf 90' lang='lat' dir='ltr'><strong>sanctitati</strong></span> <span class='ocrx_word' id='word_1_303' title='bbox 1863 2719 1970 2765; x_wconf 71' lang='lat' dir='ltr'><strong>tua:</strong></span> <span class='ocrx_word' id='word_1_304' title='bbox 1993 2720 2122 2765; x_wconf 90' lang='lat' dir='ltr'><strong>nota</strong></span> 
     </span>
    </p>
   </div>
   <div class='ocr_carea' id='block_1_45' title="bbox 537 2801 2121 2871">
    <p class='ocr_par' dir='ltr' id='par_1_45' title="bbox 537 2801 2121 2871">
     <span class='ocr_line' id='line_1_45' title="bbox 537 2801 2121 2871; baseline 0.001 -15"><span class='ocrx_word' id='word_1_305' title='bbox 537 2801 774 2859; x_wconf 80' lang='lat' dir='ltr'><strong>facerem</strong></span> <span class='ocrx_word' id='word_1_306' title='bbox 799 2817 921 2871; x_wconf 71' lang='lat' dir='ltr'><strong>quas</strong></span> <span class='ocrx_word' id='word_1_307' title='bbox 940 2801 1228 2856; x_wconf 87' lang='lat' dir='ltr'><strong>debebam.</strong></span> <span class='ocrx_word' id='word_1_308' title='bbox 1268 2801 1374 2856; x_wconf 92' lang='lat' dir='ltr'><strong>Sed</strong></span> <span class='ocrx_word' id='word_1_309' title='bbox 1413 2816 1519 2855; x_wconf 90' lang='lat' dir='ltr'><strong>non</strong></span> <span class='ocrx_word' id='word_1_310' title='bbox 1555 2803 1778 2871; x_wconf 86' lang='lat' dir='ltr'><strong>ignoras</strong></span> <span class='ocrx_word' id='word_1_311' title='bbox 1804 2804 2121 2858; x_wconf 85' lang='lat' dir='ltr'><strong>intestinum</strong></span> 
     </span>
    </p>
   </div>
   <div class='ocr_carea' id='block_1_46' title="bbox 538 2892 2127 2965">
    <p class='ocr_par' dir='ltr' id='par_1_46' title="bbox 538 2892 2127 2965">
     <span class='ocr_line' id='line_1_46' title="bbox 538 2892 2127 2965; baseline 0.001 -16"><span class='ocrx_word' id='word_1_312' title='bbox 538 2894 766 2957; x_wconf 88' lang='lat' dir='ltr'><strong>malum,</strong></span> <span class='ocrx_word' id='word_1_313' title='bbox 814 2892 1101 2948; x_wconf 87' lang='lat' dir='ltr'><strong>Leontium</strong></span> <span class='ocrx_word' id='word_1_314' title='bbox 1153 2894 1307 2949; x_wconf 90' lang='lat' dir='ltr'><strong>illum</strong></span> <span class='ocrx_word' id='word_1_315' title='bbox 1336 2896 1608 2962; x_wconf 86' lang='lat' dir='ltr'><strong>quondam</strong></span> <span class='ocrx_word' id='word_1_316' title='bbox 1656 2904 1926 2957; x_wconf 85' lang='lat' dir='ltr'><strong>nostrum,</strong></span> <span class='ocrx_word' id='word_1_317' title='bbox 1953 2895 2043 2965; x_wconf 90' lang='lat' dir='ltr'><strong>qui</strong></span> <span class='ocrx_word' id='word_1_318' title='bbox 2072 2903 2127 2950; x_wconf 89' lang='lat' dir='ltr'><strong>et</strong></span> 
     </span>
    </p>
   </div>
   <div class='ocr_carea' id='block_1_47' title="bbox 538 2981 2127 3055">
    <p class='ocr_par' dir='ltr' id='par_1_47' title="bbox 538 2981 2127 3055">
     <span class='ocr_line' id='line_1_47' title="bbox 538 2981 2127 3055; baseline 0.001 -17"><span class='ocrx_word' id='word_1_319' title='bbox 538 2993 701 3038; x_wconf 85' lang='lat' dir='ltr'><strong>antea</strong></span> <span class='ocrx_word' id='word_1_320' title='bbox 772 2981 1097 3039; x_wconf 69' lang='lat' dir='ltr'><strong>Muecbianis</strong></span> <span class='ocrx_word' id='word_1_321' title='bbox 1151 2984 1403 3047; x_wconf 63' lang='lat' dir='ltr'><strong>adhasit,</strong></span> <span class='ocrx_word' id='word_1_322' title='bbox 1456 2995 1511 3037; x_wconf 84' lang='lat' dir='ltr'><strong>et</strong></span> <span class='ocrx_word' id='word_1_323' title='bbox 1558 3000 1702 3039; x_wconf 90' lang='lat' dir='ltr'><strong>nunc</strong></span> <span class='ocrx_word' id='word_1_324' title='bbox 1746 2985 1999 3055; x_wconf 86' lang='lat' dir='ltr'><strong>princeps</strong></span> <span class='ocrx_word' id='word_1_325' title='bbox 2043 2995 2127 3040; x_wconf 89' lang='lat' dir='ltr'><strong>est</strong></span> 
     </span>
    </p>
   </div>
   <div class='ocr_carea' id='block_1_48' title="bbox 539 3075 2125 3133">
    <p class='ocr_par' dir='ltr' id='par_1_48' title="bbox 539 3075 2125 3133">
     <span class='ocr_line' id='line_1_48' title="bbox 539 3075 2125 3133; baseline -0.001 -2"><span class='ocrx_word' id='word_1_326' title='bbox 539 3076 1051 3133; x_wconf 86' lang='lat' dir='ltr'><strong>lconomachorum.</strong></span> <span class='ocrx_word' id='word_1_327' title='bbox 1107 3075 1237 3130; x_wconf 85' lang='lat' dir='ltr'><strong>Eam</strong></span> <span class='ocrx_word' id='word_1_328' title='bbox 1290 3076 1363 3132; x_wconf 89' lang='lat' dir='ltr'><strong>ob</strong></span> <span class='ocrx_word' id='word_1_329' title='bbox 1416 3092 1640 3132; x_wconf 88' lang='lat' dir='ltr'><strong>causam</strong></span> <span class='ocrx_word' id='word_1_330' title='bbox 1690 3086 1746 3131; x_wconf 90' lang='lat' dir='ltr'><strong>et</strong></span> <span class='ocrx_word' id='word_1_331' title='bbox 1801 3076 2125 3132; x_wconf 88' lang='lat' dir='ltr'><strong>Studianum</strong></span> 
     </span>
    </p>
   </div>
   <div class='ocr_carea' id='block_1_49' title="bbox 539 3166 2125 3234">
    <p class='ocr_par' dir='ltr' id='par_1_49' title="bbox 539 3166 2125 3234">
     <span class='ocr_line' id='line_1_49' title="bbox 539 3166 2125 3234; baseline -0.001 -11"><span class='ocrx_word' id='word_1_332' title='bbox 539 3167 801 3229; x_wconf 88' lang='lat' dir='ltr'><strong>obtinuit,</strong></span> <span class='ocrx_word' id='word_1_333' title='bbox 832 3176 887 3220; x_wconf 90' lang='lat' dir='ltr'><strong>et</strong></span> <span class='ocrx_word' id='word_1_334' title='bbox 910 3166 1242 3223; x_wconf 86' lang='lat' dir='ltr'><strong>Saceudioni</strong></span> <span class='ocrx_word' id='word_1_335' title='bbox 1286 3168 1485 3234; x_wconf 86' lang='lat' dir='ltr'><strong>injuste</strong></span> <span class='ocrx_word' id='word_1_336' title='bbox 1529 3168 1868 3223; x_wconf 89' lang='lat' dir='ltr'><strong>dominatur.</strong></span> <span class='ocrx_word' id='word_1_337' title='bbox 1913 3170 1987 3222; x_wconf 78' lang='lat' dir='ltr'><strong>Ex</strong></span> <span class='ocrx_word' id='word_1_338' title='bbox 2019 3168 2125 3223; x_wconf 85' lang='lat' dir='ltr'><strong>im-</strong></span> 
     </span>
    </p>
   </div>
   <div class='ocr_carea' id='block_1_50' title="bbox 2214 1972 3803 2046">
    <p class='ocr_par' dir='ltr' id='par_1_50' title="bbox 2214 1972 3803 2046">
     <span class='ocr_line' id='line_1_50' title="bbox 2214 1972 3803 2046; baseline 0.001 -20"><span class='ocrx_word' id='word_1_339' title='bbox 2214 1972 2377 2027; x_wconf 80' lang='grc' dir='ltr'><strong>τοῦτο</strong></span> <span class='ocrx_word' id='word_1_340' title='bbox 2394 1973 2500 2027; x_wconf 83' lang='grc' dir='ltr'><strong>ὑπὸ</strong></span> <span class='ocrx_word' id='word_1_341' title='bbox 2526 1973 2662 2027; x_wconf 86' lang='grc' dir='ltr'>Θεοῦ</span> <span class='ocrx_word' id='word_1_342' title='bbox 2692 1975 2789 2027; x_wconf 79' lang='grc' dir='ltr'><strong>καὶ</strong></span> <span class='ocrx_word' id='word_1_343' title='bbox 2814 1974 3004 2044; x_wconf 74' lang='grc' dir='ltr'><strong>ραγεὶς</strong></span> <span class='ocrx_word' id='word_1_344' title='bbox 3019 1974 3117 2041; x_wconf 78' lang='grc' dir='ltr'><strong>τῆς</strong></span> <span class='ocrx_word' id='word_1_345' title='bbox 3138 1972 3473 2043; x_wconf 75' lang='grc' dir='ltr'><strong>συμμορίας,</strong></span> <span class='ocrx_word' id='word_1_346' title='bbox 3493 1973 3803 2046; x_wconf 74' lang='grc' dir='ltr'><strong>ἑτεραλκέα</strong></span> 
     </span>
    </p>
   </div>
   <div class='ocr_carea' id='block_1_51' title="bbox 2215 2064 3802 2135">
    <p class='ocr_par' dir='ltr' id='par_1_51' title="bbox 2215 2064 3802 2135">
     <span class='ocr_line' id='line_1_51' title="bbox 2215 2064 3802 2135; baseline 0.001 -18"><span class='ocrx_word' id='word_1_347' title='bbox 2215 2067 2315 2135; x_wconf 81' lang='grc' dir='ltr'><strong>τὴν</strong></span> <span class='ocrx_word' id='word_1_348' title='bbox 2331 2064 2503 2133; x_wconf 78' lang='grc' dir='ltr'><strong>’νίκην</strong></span> <span class='ocrx_word' id='word_1_349' title='bbox 2532 2066 2851 2135; x_wconf 81' lang='grc' dir='ltr'><strong>πεποίηται,</strong></span> <span class='ocrx_word' id='word_1_350' title='bbox 2875 2064 3063 2135; x_wconf 84' lang='grc' dir='ltr'><strong>ὥσπερ</strong></span> <span class='ocrx_word' id='word_1_351' title='bbox 3082 2067 3177 2118; x_wconf 72' lang='grc' dir='ltr'><strong>καὶ</strong></span> <span class='ocrx_word' id='word_1_352' title='bbox 3198 2068 3225 2118; x_wconf 96' lang='lat'><strong>6</strong></span> <span class='ocrx_word' id='word_1_353' title='bbox 3251 2064 3614 2135; x_wconf 83' lang='grc' dir='ltr'><strong>Μηδικιώτης</strong></span> <span class='ocrx_word' id='word_1_354' title='bbox 3636 2080 3650 2091; x_wconf 90' lang='grc'><strong>·</strong></span> <span class='ocrx_word' id='word_1_355' title='bbox 3665 2064 3802 2118; x_wconf 83' lang='grc' dir='ltr'><strong>ἀλλά</strong></span> 
     </span>
    </p>
   </div>
   <div class='ocr_carea' id='block_1_52' title="bbox 2222 2154 3805 2229">
    <p class='ocr_par' dir='ltr' id='par_1_52' title="bbox 2222 2154 3805 2229">
     <span class='ocr_line' id='line_1_52' title="bbox 2222 2154 3805 2229; baseline -0.002 -18"><span class='ocrx_word' id='word_1_356' title='bbox 2222 2157 2327 2228; x_wconf 81' lang='grc' dir='ltr'><strong>μὴν</strong></span> <span class='ocrx_word' id='word_1_357' title='bbox 2353 2156 2452 2211; x_wconf 72' lang='grc' dir='ltr'><strong>καὶ</strong></span> <span class='ocrx_word' id='word_1_358' title='bbox 2486 2158 2516 2209; x_wconf 98' lang='lat'><strong>6</strong></span> <span class='ocrx_word' id='word_1_359' title='bbox 2553 2157 2821 2221; x_wconf 84' lang='grc' dir='ltr'><strong>Νικαίας·</strong></span> <span class='ocrx_word' id='word_1_360' title='bbox 2853 2158 2928 2221; x_wconf 83' lang='grc' dir='ltr'><strong>ὡς</strong></span> <span class='ocrx_word' id='word_1_361' title='bbox 2960 2158 3286 2229; x_wconf 86' lang='grc' dir='ltr'><strong>γράμμασιν</strong></span> <span class='ocrx_word' id='word_1_362' title='bbox 3336 2157 3527 2219; x_wconf 82' lang='grc' dir='ltr'><strong>αὐτοῖς</strong></span> <span class='ocrx_word' id='word_1_363' title='bbox 3563 2154 3805 2209; x_wconf 80' lang='grc' dir='ltr'><strong>ἐπιστώ-</strong></span> 
     </span>
    </p>
   </div>
   <div class='ocr_carea' id='block_1_53' title="bbox 2220 2246 3803 2326">
    <p class='ocr_par' dir='ltr' id='par_1_53' title="bbox 2220 2246 3803 2326">
     <span class='ocr_line' id='line_1_53' title="bbox 2220 2246 3803 2326; baseline -0.003 -22"><span class='ocrx_word' id='word_1_364' title='bbox 2220 2248 2343 2319; x_wconf 85' lang='grc' dir='ltr'><strong>θην.</strong></span> <span class='ocrx_word' id='word_1_365' title='bbox 2373 2250 2485 2326; x_wconf 73' lang='grc' dir='ltr'><strong>καὶ</strong></span> <span class='ocrx_word' id='word_1_366' title='bbox 2512 2249 2564 2301; x_wconf 80' lang='grc' dir='ltr'><strong>τε</strong></span> <span class='ocrx_word' id='word_1_367' title='bbox 2604 2248 2751 2317; x_wconf 84' lang='grc' dir='ltr'><strong>λέγω</strong></span> <span class='ocrx_word' id='word_1_368' title='bbox 2777 2247 2969 2301; x_wconf 83' lang='grc' dir='ltr'><strong>τοῦτον</strong></span> <span class='ocrx_word' id='word_1_369' title='bbox 3007 2249 3292 2312; x_wconf 85' lang='grc' dir='ltr'><strong>κάκεῖνον;</strong></span> <span class='ocrx_word' id='word_1_370' title='bbox 3326 2248 3437 2301; x_wconf 72' lang='grc' dir='ltr'><strong>Καὶ</strong></span> <span class='ocrx_word' id='word_1_371' title='bbox 3464 2248 3577 2318; x_wconf 84' lang='grc' dir='ltr'><strong>γὰρ</strong></span> <span class='ocrx_word' id='word_1_372' title='bbox 3611 2246 3803 2301; x_wconf 81' lang='grc' dir='ltr'><strong>πειθο-</strong></span> 
     </span>
    </p>
   </div>
   <div class='ocr_carea' id='block_1_54' title="bbox 2223 2338 3807 2411">
    <p class='ocr_par' dir='ltr' id='par_1_54' title="bbox 2223 2338 3807 2411">
     <span class='ocr_line' id='line_1_54' title="bbox 2223 2338 3807 2411; baseline -0.001 -18"><span class='ocrx_word' id='word_1_373' title='bbox 2223 2358 2321 2411; x_wconf 90' lang='grc' dir='ltr'><strong>μαι</strong></span> <span class='ocrx_word' id='word_1_374' title='bbox 2348 2341 2440 2393; x_wconf 59' lang='grc' dir='ltr'><strong>καὶ⁷</strong></span> <span class='ocrx_word' id='word_1_375' title='bbox 2462 2339 2692 2394; x_wconf 78' lang='grc' dir='ltr'><strong>ἕκαστον</strong></span> <span class='ocrx_word' id='word_1_376' title='bbox 2708 2339 2819 2391; x_wconf 89' lang='grc' dir='ltr'><strong>τῶν</strong></span> <span class='ocrx_word' id='word_1_377' title='bbox 2846 2338 3216 2410; x_wconf 77' lang='grc' dir='ltr'><strong>ἐνισταμένων</strong></span> <span class='ocrx_word' id='word_1_378' title='bbox 3236 2338 3410 2402; x_wconf 77' lang='grc' dir='ltr'><strong>οὕτως</strong></span> <span class='ocrx_word' id='word_1_379' title='bbox 3431 2338 3600 2408; x_wconf 78' lang='grc' dir='ltr'><strong>ἔχειν.</strong></span> <span class='ocrx_word' id='word_1_380' title='bbox 3643 2338 3807 2392; x_wconf 78' lang='grc' dir='ltr'><strong>’Δλλά</strong></span> 
     </span>
    </p>
   </div>
   <div class='ocr_carea' id='block_1_55' title="bbox 2220 2429 3806 2501">
    <p class='ocr_par' dir='ltr' id='par_1_55' title="bbox 2220 2429 3806 2501">
     <span class='ocr_line' id='line_1_55' title="bbox 2220 2429 3806 2501; baseline -0.001 -15"><span class='ocrx_word' id='word_1_381' title='bbox 2220 2434 2331 2501; x_wconf 85' lang='grc' dir='ltr'><strong>γὰρ</strong></span> <span class='ocrx_word' id='word_1_382' title='bbox 2360 2433 2456 2486; x_wconf 77' lang='grc' dir='ltr'><strong>καὶ</strong></span> <span class='ocrx_word' id='word_1_383' title='bbox 2487 2432 2650 2495; x_wconf 77' lang='grc' dir='ltr'><strong>αὐτὸς</strong></span> <span class='ocrx_word' id='word_1_384' title='bbox 2684 2433 2713 2484; x_wconf 93' lang='lat'><strong>6</strong></span> <span class='ocrx_word' id='word_1_385' title='bbox 2745 2430 2998 2501; x_wconf 83' lang='grc' dir='ltr'><strong>ἀληθινὸς</strong></span> <span class='ocrx_word' id='word_1_386' title='bbox 3031 2429 3193 2501; x_wconf 82' lang='grc' dir='ltr'><strong>ἡμῶν</strong></span> <span class='ocrx_word' id='word_1_387' title='bbox 3224 2431 3578 2501; x_wconf 83' lang='grc' dir='ltr'><strong>πατριάρχης</strong></span> <span class='ocrx_word' id='word_1_388' title='bbox 3610 2429 3806 2501; x_wconf 84' lang='grc' dir='ltr'><strong>ὁμολο-</strong></span> 
     </span>
    </p>
   </div>
   <div class='ocr_carea' id='block_1_56' title="bbox 2222 2521 3806 2595">
    <p class='ocr_par' dir='ltr' id='par_1_56' title="bbox 2222 2521 3806 2595">
     <span class='ocr_line' id='line_1_56' title="bbox 2222 2521 3806 2595; baseline -0.001 -19"><span class='ocrx_word' id='word_1_389' title='bbox 2222 2524 2334 2593; x_wconf 87' lang='grc' dir='ltr'><strong>γῶν</strong></span> <span class='ocrx_word' id='word_1_390' title='bbox 2366 2525 2481 2577; x_wconf 83' lang='grc' dir='ltr'><strong>ἐστι</strong></span> <span class='ocrx_word' id='word_1_391' title='bbox 2504 2524 2602 2595; x_wconf 78' lang='grc' dir='ltr'><strong>τὴν</strong></span> <span class='ocrx_word' id='word_1_392' title='bbox 2630 2522 2929 2594; x_wconf 86' lang='grc' dir='ltr'><strong>ἀλήθειαν·</strong></span> <span class='ocrx_word' id='word_1_393' title='bbox 2960 2521 3037 2586; x_wconf 82' lang='grc' dir='ltr'><strong>ὠς</strong></span> <span class='ocrx_word' id='word_1_394' title='bbox 3073 2521 3275 2593; x_wconf 73' lang='grc' dir='ltr'><strong>ἔμαθον</strong></span> <span class='ocrx_word' id='word_1_395' title='bbox 3310 2524 3375 2575; x_wconf 85' lang='grc' dir='ltr'><strong>ἐκ</strong></span> <span class='ocrx_word' id='word_1_396' title='bbox 3405 2524 3686 2591; x_wconf 87' lang='grc' dir='ltr'><strong>στόματος</strong></span> <span class='ocrx_word' id='word_1_397' title='bbox 3711 2522 3806 2576; x_wconf 79' lang='grc' dir='ltr'><strong>τοῦ</strong></span> 
     </span>
    </p>
   </div>
   <div class='ocr_carea' id='block_1_57' title="bbox 2224 2614 3807 2686">
    <p class='ocr_par' dir='ltr' id='par_1_57' title="bbox 2224 2614 3807 2686">
     <span class='ocr_line' id='line_1_57' title="bbox 2224 2614 3807 2686; baseline 0.001 -18"><span class='ocrx_word' id='word_1_398' title='bbox 2224 2614 2356 2686; x_wconf 85' lang='grc' dir='ltr'><strong>παρ’</strong></span> <span class='ocrx_word' id='word_1_399' title='bbox 2406 2615 2571 2669; x_wconf 77' lang='grc' dir='ltr'><strong>αὐτοῦ</strong></span> <span class='ocrx_word' id='word_1_400' title='bbox 2616 2615 2938 2683; x_wconf 85' lang='grc' dir='ltr'><strong>ἀκηκοότος,</strong></span> <span class='ocrx_word' id='word_1_401' title='bbox 2989 2614 3085 2669; x_wconf 76' lang='grc' dir='ltr'><strong>καὶ</strong></span> <span class='ocrx_word' id='word_1_402' title='bbox 3128 2614 3485 2679; x_wconf 79' lang='grc' dir='ltr'><strong>ἐπαινοῦντος</strong></span> <span class='ocrx_word' id='word_1_403' title='bbox 3528 2616 3631 2686; x_wconf 81' lang='grc' dir='ltr'><strong>τὴν</strong></span> <span class='ocrx_word' id='word_1_404' title='bbox 3685 2617 3807 2670; x_wconf 79' lang='grc' dir='ltr'><strong>τότε</strong></span> 
     </span>
    </p>
   </div>
   <div class='ocr_carea' id='block_1_58' title="bbox 2225 2703 3809 2778">
    <p class='ocr_par' dir='ltr' id='par_1_58' title="bbox 2225 2703 3809 2778">
     <span class='ocr_line' id='line_1_58' title="bbox 2225 2703 3809 2778; baseline -0.001 -16"><span class='ocrx_word' id='word_1_405' title='bbox 2225 2703 2505 2762; x_wconf 73' lang='grc' dir='ltr'><strong>ἔνστασιν.</strong></span> <span class='ocrx_word' id='word_1_406' title='bbox 2538 2706 2753 2776; x_wconf 77' lang='grc' dir='ltr'><strong>Εἰρηκα</strong></span> <span class='ocrx_word' id='word_1_407' title='bbox 2782 2705 2975 2771; x_wconf 78' lang='grc' dir='ltr'><strong>ταῦτα,</strong></span> <span class='ocrx_word' id='word_1_408' title='bbox 3004 2704 3143 2774; x_wconf 84' lang='grc' dir='ltr'><strong>ὁμοῦ</strong></span> <span class='ocrx_word' id='word_1_409' title='bbox 3173 2705 3275 2777; x_wconf 73' lang='grc' dir='ltr'><strong>μὲν</strong></span> <span class='ocrx_word' id='word_1_410' title='bbox 3298 2706 3392 2759; x_wconf 80' lang='grc' dir='ltr'><strong>τὸν</strong></span> <span class='ocrx_word' id='word_1_411' title='bbox 3415 2706 3809 2778; x_wconf 84' lang='grc' dir='ltr'><strong>ἐκδημήσαντα</strong></span> 
     </span>
    </p>
   </div>
   <div class='ocr_carea' id='block_1_59' title="bbox 2225 2796 3810 2870">
    <p class='ocr_par' dir='ltr' id='par_1_59' title="bbox 2225 2796 3810 2870">
     <span class='ocr_line' id='line_1_59' title="bbox 2225 2796 3810 2870; baseline 0.002 -21"><span class='ocrx_word' id='word_1_412' title='bbox 2225 2798 2453 2861; x_wconf 80' lang='grc' dir='ltr'><strong>εἰκότως</strong></span> <span class='ocrx_word' id='word_1_413' title='bbox 2500 2796 2822 2866; x_wconf 82' lang='grc' dir='ltr'><strong>ἀποτιμῶν’</strong></span> <span class='ocrx_word' id='word_1_414' title='bbox 2885 2798 3024 2868; x_wconf 80' lang='grc' dir='ltr'><strong>ὁμοῦ</strong></span> <span class='ocrx_word' id='word_1_415' title='bbox 3070 2798 3128 2852; x_wconf 77' lang='grc' dir='ltr'><strong>δὲ</strong></span> <span class='ocrx_word' id='word_1_416' title='bbox 3168 2800 3269 2852; x_wconf 74' lang='grc' dir='ltr'><strong>καὶ</strong></span> <span class='ocrx_word' id='word_1_417' title='bbox 3299 2800 3369 2870; x_wconf 81' lang='grc' dir='ltr'><strong>τῇ</strong></span> <span class='ocrx_word' id='word_1_418' title='bbox 3428 2800 3497 2869; x_wconf 80' lang='grc' dir='ltr'><strong>σῇ</strong></span> <span class='ocrx_word' id='word_1_419' title='bbox 3564 2799 3810 2869; x_wconf 79' lang='grc' dir='ltr'><strong>ὁσιότητι</strong></span> 
     </span>
    </p>
   </div>
   <div class='ocr_carea' id='block_1_60' title="bbox 2226 2887 3810 2961">
    <p class='ocr_par' dir='ltr' id='par_1_60' title="bbox 2226 2887 3810 2961">
     <span class='ocr_line' id='line_1_60' title="bbox 2226 2887 3810 2961; baseline 0.002 -18"><span class='ocrx_word' id='word_1_420' title='bbox 2226 2889 2484 2961; x_wconf 85' lang='grc' dir='ltr'><strong>γνώριμα</strong></span> <span class='ocrx_word' id='word_1_421' title='bbox 2513 2888 2787 2942; x_wconf 88' lang='grc' dir='ltr'><strong>καθιστῶν</strong></span> <span class='ocrx_word' id='word_1_422' title='bbox 2816 2889 2886 2942; x_wconf 83' lang='grc' dir='ltr'><strong>τὰ</strong></span> <span class='ocrx_word' id='word_1_423' title='bbox 2933 2890 3280 2961; x_wconf 81' lang='grc' dir='ltr'><strong>ὀφειλόμενα.</strong></span> <span class='ocrx_word' id='word_1_424' title='bbox 3324 2890 3467 2945; x_wconf 80' lang='grc' dir='ltr'><strong>Ἀλλ’</strong></span> <span class='ocrx_word' id='word_1_425' title='bbox 3519 2887 3677 2957; x_wconf 79' lang='grc' dir='ltr'><strong>οἶδας</strong></span> <span class='ocrx_word' id='word_1_426' title='bbox 3728 2892 3810 2946; x_wconf 76' lang='grc' dir='ltr'><strong>ὅτι</strong></span> 
     </span>
    </p>
   </div>
   <div class='ocr_carea' id='block_1_61' title="bbox 2225 2981 3814 3056">
    <p class='ocr_par' dir='ltr' id='par_1_61' title="bbox 2225 2981 3814 3056">
     <span class='ocr_line' id='line_1_61' title="bbox 2225 2981 3814 3056; baseline 0.001 -20"><span class='ocrx_word' id='word_1_427' title='bbox 2225 2984 2286 3036; x_wconf 82' lang='grc' dir='ltr'><strong>τὸ</strong></span> <span class='ocrx_word' id='word_1_428' title='bbox 2314 2983 2606 3051; x_wconf 84' lang='grc' dir='ltr'><strong>ἐγκόλπιον</strong></span> <span class='ocrx_word' id='word_1_429' title='bbox 2654 2981 2826 3036; x_wconf 79' lang='grc' dir='ltr'><strong>κακὸν</strong></span> <span class='ocrx_word' id='word_1_430' title='bbox 2873 2982 3150 3048; x_wconf 87' lang='grc' dir='ltr'><strong>Λεόντιος,</strong></span> <span class='ocrx_word' id='word_1_431' title='bbox 3181 2985 3209 3037; x_wconf 91' lang='lat'><strong>6</strong></span> <span class='ocrx_word' id='word_1_432' title='bbox 3235 2982 3367 3037; x_wconf 82' lang='grc' dir='ltr'><strong>ποτὲ</strong></span> <span class='ocrx_word' id='word_1_433' title='bbox 3407 2984 3708 3056; x_wconf 77' lang='grc' dir='ltr'><strong>ἡμέτερος,</strong></span> <span class='ocrx_word' id='word_1_434' title='bbox 3738 2985 3814 3053; x_wconf 85' lang='grc' dir='ltr'><strong>ὡς</strong></span> 
     </span>
    </p>
   </div>
   <div class='ocr_carea' id='block_1_62' title="bbox 2229 3072 3813 3144">
    <p class='ocr_par' dir='ltr' id='par_1_62' title="bbox 2229 3072 3813 3144">
     <span class='ocr_line' id='line_1_62' title="bbox 2229 3072 3813 3144; baseline 0.001 -19"><span class='ocrx_word' id='word_1_435' title='bbox 2229 3072 2555 3143; x_wconf 84' lang='grc' dir='ltr'><strong>συναπήχθη</strong></span> <span class='ocrx_word' id='word_1_436' title='bbox 2612 3074 2729 3135; x_wconf 88' lang='grc' dir='ltr'><strong>τοῖς</strong></span> <span class='ocrx_word' id='word_1_437' title='bbox 2784 3072 3131 3143; x_wconf 89' lang='grc' dir='ltr'><strong>Μοιχειανοῖς</strong></span> <span class='ocrx_word' id='word_1_438' title='bbox 3195 3074 3487 3144; x_wconf 88' lang='grc' dir='ltr'><strong>πρότερον,</strong></span> <span class='ocrx_word' id='word_1_439' title='bbox 3564 3076 3666 3128; x_wconf 76' lang='grc' dir='ltr'><strong>καὶ</strong></span> <span class='ocrx_word' id='word_1_440' title='bbox 3719 3074 3813 3128; x_wconf 83' lang='grc' dir='ltr'><strong>νῦν</strong></span> 
     </span>
    </p>
   </div>
   <div class='ocr_carea' id='block_1_63' title="bbox 2230 3163 3814 3234">
    <p class='ocr_par' dir='ltr' id='par_1_63' title="bbox 2230 3163 3814 3234">
     <span class='ocr_line' id='line_1_63' title="bbox 2230 3163 3814 3234; baseline 0.001 -18"><span class='ocrx_word' id='word_1_441' title='bbox 2230 3164 2543 3234; x_wconf 83' lang='grc' dir='ltr'><strong>προστάτης</strong></span> <span class='ocrx_word' id='word_1_442' title='bbox 2598 3164 2709 3217; x_wconf 89' lang='grc' dir='ltr'><strong>τῶν</strong></span> <span class='ocrx_word' id='word_1_443' title='bbox 2761 3163 3169 3234; x_wconf 78' lang='grc' dir='ltr'><strong>Εἰκονομάχων.</strong></span> <span class='ocrx_word' id='word_1_444' title='bbox 3225 3164 3325 3217; x_wconf 84' lang='grc' dir='ltr'><strong>Διά</strong></span> <span class='ocrx_word' id='word_1_445' title='bbox 3373 3164 3535 3218; x_wconf 83' lang='grc' dir='ltr'><strong>τοῦτο</strong></span> <span class='ocrx_word' id='word_1_446' title='bbox 3589 3166 3689 3219; x_wconf 78' lang='grc' dir='ltr'><strong>καὶ</strong></span> <span class='ocrx_word' id='word_1_447' title='bbox 3746 3164 3814 3218; x_wconf 82' lang='grc' dir='ltr'><strong>τά</strong></span> 
     </span>
    </p>
   </div>
   <div class='ocr_carea' id='block_1_64' title="bbox 539 3255 2115 3329">
    <p class='ocr_par' dir='ltr' id='par_1_64' title="bbox 539 3257 2115 3329">
     <span class='ocr_line' id='line_1_64' title="bbox 539 3257 2115 3329; baseline -0.001 -18"><span class='ocrx_word' id='word_1_448' title='bbox 539 3272 681 3328; x_wconf 89' lang='lat' dir='ltr'><strong>puro</strong></span> <span class='ocrx_word' id='word_1_449' title='bbox 738 3258 873 3313; x_wconf 90' lang='lat' dir='ltr'><strong>nihil</strong></span> <span class='ocrx_word' id='word_1_450' title='bbox 931 3273 1127 3326; x_wconf 86' lang='lat' dir='ltr'><strong>purum</strong></span> <span class='ocrx_word' id='word_1_451' title='bbox 1167 3276 1181 3312; x_wconf 91' lang='lat'><strong>:</strong></span> <span class='ocrx_word' id='word_1_452' title='bbox 1224 3258 1403 3327; x_wconf 87' lang='lat' dir='ltr'><strong>qualis</strong></span> <span class='ocrx_word' id='word_1_453' title='bbox 1448 3258 1662 3329; x_wconf 80' lang='lat' dir='ltr'><strong>genitor</strong></span> <span class='ocrx_word' id='word_1_454' title='bbox 1707 3257 1971 3321; x_wconf 90' lang='lat' dir='ltr'><strong>carnalis,</strong></span> <span class='ocrx_word' id='word_1_455' title='bbox 2003 3258 2115 3311; x_wconf 77' lang='lat' dir='ltr'><strong>talis</strong></span> 
     </span>
    </p>
   </div>
   <div class='ocr_carea' id='block_1_65' title="bbox 2218 3255 3815 3329">
    <p class='ocr_par' dir='ltr' id='par_1_65' title="bbox 2228 3255 3815 3329">
     <span class='ocr_line' id='line_1_65' title="bbox 2228 3255 3815 3329; baseline 0.001 -20"><span class='ocrx_word' id='word_1_456' title='bbox 2228 3255 2477 3310; x_wconf 79' lang='grc' dir='ltr'><strong>Στουδίου</strong></span> <span class='ocrx_word' id='word_1_457' title='bbox 2513 3256 2793 3326; x_wconf 76' lang='grc' dir='ltr'><strong>παρέλαϐε</strong></span> <span class='ocrx_word' id='word_1_458' title='bbox 2814 3273 2828 3288; x_wconf 81' lang='grc'><em>’</em></span> <span class='ocrx_word' id='word_1_459' title='bbox 2879 3256 2976 3309; x_wconf 76' lang='grc' dir='ltr'><strong>καὶ</strong></span> <span class='ocrx_word' id='word_1_460' title='bbox 3006 3255 3103 3310; x_wconf 83' lang='grc' dir='ltr'><strong>τοῦ</strong></span> <span class='ocrx_word' id='word_1_461' title='bbox 3137 3256 3548 3320; x_wconf 74' lang='grc' dir='ltr'><strong>Σακκουδΐωνος</strong></span> <span class='ocrx_word' id='word_1_462' title='bbox 3592 3256 3815 3329; x_wconf 80' lang='grc' dir='ltr'><strong>ἀνόμως</strong></span> 
     </span>
    </p>
   </div>
   <div class='ocr_carea' id='block_1_66' title="bbox 541 3343 2115 3419">
    <p class='ocr_par' dir='ltr' id='par_1_66' title="bbox 541 3348 2115 3419">
     <span class='ocr_line' id='line_1_66' title="bbox 541 3348 2115 3419; baseline -0.002 -16"><span class='ocrx_word' id='word_1_463' title='bbox 541 3360 605 3403; x_wconf 72' lang='lat' dir='ltr'><strong>et</strong></span> <span class='ocrx_word' id='word_1_464' title='bbox 644 3348 789 3405; x_wconf 83' lang='lat' dir='ltr'><strong>ﬁlius</strong></span> <span class='ocrx_word' id='word_1_465' title='bbox 829 3365 843 3404; x_wconf 87' lang='lat'><strong>:</strong></span> <span class='ocrx_word' id='word_1_466' title='bbox 885 3366 1046 3419; x_wconf 84' lang='lat' dir='ltr'><strong>quem</strong></span> <span class='ocrx_word' id='word_1_467' title='bbox 1087 3348 1232 3404; x_wconf 89' lang='lat' dir='ltr'><strong>Deus</strong></span> <span class='ocrx_word' id='word_1_468' title='bbox 1288 3358 1574 3403; x_wconf 86' lang='lat' dir='ltr'><strong>convertat</strong></span> <span class='ocrx_word' id='word_1_469' title='bbox 1631 3349 1837 3404; x_wconf 87' lang='lat' dir='ltr'><strong>sanctis</strong></span> <span class='ocrx_word' id='word_1_470' title='bbox 1880 3348 2115 3418; x_wconf 78' lang='lat' dir='ltr'><strong>precibu:</strong></span> 
     </span>
    </p>
   </div>
   <div class='ocr_carea' id='block_1_67' title="bbox 2218 3343 3815 3419">
    <p class='ocr_par' dir='ltr' id='par_1_67' title="bbox 2227 3343 3815 3419">
     <span class='ocr_line' id='line_1_67' title="bbox 2227 3343 3815 3419; baseline 0 -16"><span class='ocrx_word' id='word_1_471' title='bbox 2227 3348 2409 3418; x_wconf 77' lang='grc' dir='ltr'><strong>ἄρχει.</strong></span> <span class='ocrx_word' id='word_1_472' title='bbox 2450 3346 2540 3413; x_wconf 83' lang='grc' dir='ltr'><strong>Ἐξ</strong></span> <span class='ocrx_word' id='word_1_473' title='bbox 2572 3346 2891 3417; x_wconf 77' lang='grc' dir='ltr'><strong>ἀκαθάρτου</strong></span> <span class='ocrx_word' id='word_1_474' title='bbox 2916 3348 3072 3401; x_wconf 82' lang='grc' dir='ltr'><strong>οὐδὲν</strong></span> <span class='ocrx_word' id='word_1_475' title='bbox 3109 3348 3351 3419; x_wconf 86' lang='grc' dir='ltr'><strong>καθαρόν</strong></span> <span class='ocrx_word' id='word_1_476' title='bbox 3372 3365 3386 3380; x_wconf 88' lang='grc'><strong>·</strong></span> <span class='ocrx_word' id='word_1_477' title='bbox 3416 3343 3533 3412; x_wconf 77' lang='grc' dir='ltr'><strong>οἷος</strong></span> <span class='ocrx_word' id='word_1_478' title='bbox 3571 3351 3601 3403; x_wconf 90' lang='lat'><strong>6</strong></span> <span class='ocrx_word' id='word_1_479' title='bbox 3636 3351 3815 3419; x_wconf 80' lang='grc' dir='ltr'><strong>φύσας</strong></span> 
     </span>
    </p>
   </div>
   <div class='ocr_carea' id='block_1_68' title="bbox 546 3439 2130 3510">
    <p class='ocr_par' dir='ltr' id='par_1_68' title="bbox 546 3439 2130 3510">
     <span class='ocr_line' id='line_1_68' title="bbox 546 3439 2130 3510; baseline 0.001 -19"><span class='ocrx_word' id='word_1_480' title='bbox 546 3439 703 3507; x_wconf 88' lang='lat' dir='ltr'><strong>tuis;</strong></span> <span class='ocrx_word' id='word_1_481' title='bbox 730 3448 785 3495; x_wconf 90' lang='lat' dir='ltr'><strong>et</strong></span> <span class='ocrx_word' id='word_1_482' title='bbox 820 3456 908 3496; x_wconf 91' lang='lat' dir='ltr'><strong>me</strong></span> <span class='ocrx_word' id='word_1_483' title='bbox 940 3450 1288 3510; x_wconf 89' lang='lat' dir='ltr'><strong>peceatorem</strong></span> <span class='ocrx_word' id='word_1_484' title='bbox 1322 3441 1377 3495; x_wconf 91' lang='lat' dir='ltr'><strong>in</strong></span> <span class='ocrx_word' id='word_1_485' title='bbox 1439 3442 1633 3494; x_wconf 89' lang='lat' dir='ltr'><strong>timore</strong></span> <span class='ocrx_word' id='word_1_486' title='bbox 1681 3456 1783 3496; x_wconf 91' lang='lat' dir='ltr'><strong>suo</strong></span> <span class='ocrx_word' id='word_1_487' title='bbox 1823 3439 2130 3495; x_wconf 84' lang='lat' dir='ltr'><strong>conﬁrmet.</strong></span> 
     </span>
    </p>
   </div>
   <div class='ocr_carea' id='block_1_69' title="bbox 546 3530 2129 3602">
    <p class='ocr_par' dir='ltr' id='par_1_69' title="bbox 546 3530 2129 3602">
     <span class='ocr_line' id='line_1_69' title="bbox 546 3530 2129 3602; baseline 0.001 -16"><span class='ocrx_word' id='word_1_488' title='bbox 546 3532 739 3587; x_wconf 82' lang='lat' dir='ltr'><strong>Saluto</strong></span> <span class='ocrx_word' id='word_1_489' title='bbox 793 3547 889 3588; x_wconf 88' lang='lat' dir='ltr'><strong>eos</strong></span> <span class='ocrx_word' id='word_1_490' title='bbox 928 3536 1023 3602; x_wconf 91' lang='lat' dir='ltr'><strong>qul</strong></span> <span class='ocrx_word' id='word_1_491' title='bbox 1076 3532 1399 3586; x_wconf 65' lang='lat' dir='ltr'><strong>reverentiae</strong></span> <span class='ocrx_word' id='word_1_492' title='bbox 1452 3542 1560 3586; x_wconf 75' lang='lat' dir='ltr'><strong>tute</strong></span> <span class='ocrx_word' id='word_1_493' title='bbox 1605 3532 1964 3589; x_wconf 81' lang='lat' dir='ltr'><strong>fatnulantur.</strong></span> <span class='ocrx_word' id='word_1_494' title='bbox 2024 3530 2129 3598; x_wconf 87' lang='lat' dir='ltr'><strong>Qui</strong></span> 
     </span>
    </p>
   </div>
   <div class='ocr_carea' id='block_1_70' title="bbox 544 3622 1717 3692">
    <p class='ocr_par' dir='ltr' id='par_1_70' title="bbox 544 3622 1717 3692">
     <span class='ocr_line' id='line_1_70' title="bbox 544 3622 1717 3692; baseline 0 -15"><span class='ocrx_word' id='word_1_495' title='bbox 544 3637 761 3692; x_wconf 85' lang='lat' dir='ltr'><strong>mecum</strong></span> <span class='ocrx_word' id='word_1_496' title='bbox 793 3633 902 3690; x_wconf 83' lang='lat' dir='ltr'><strong>est,</strong></span> <span class='ocrx_word' id='word_1_497' title='bbox 942 3631 1003 3679; x_wconf 93' lang='lat' dir='ltr'><strong>ut</strong></span> <span class='ocrx_word' id='word_1_498' title='bbox 1032 3622 1276 3679; x_wconf 77' lang='lat' dir='ltr'><strong>famulus</strong></span> <span class='ocrx_word' id='word_1_499' title='bbox 1317 3633 1369 3680; x_wconf 89' lang='lat' dir='ltr'><strong>te</strong></span> <span class='ocrx_word' id='word_1_500' title='bbox 1400 3632 1717 3684; x_wconf 75' lang='lat' dir='ltr'><strong>veneratur.</strong></span> 
     </span>
    </p>
   </div>
   <div class='ocr_carea' id='block_1_71' title="bbox 939 3912 1729 3984">
    <p class='ocr_par' dir='ltr' id='par_1_71' title="bbox 939 3912 1729 3984">
     <span class='ocr_line' id='line_1_71' title="bbox 939 3912 1729 3984; baseline 0.001 -14"><span class='ocrx_word' id='word_1_501' title='bbox 939 3912 1155 3971; x_wconf 79' lang='lat' dir='ltr'><strong>XXXII.</strong></span> <span class='ocrx_word' id='word_1_502' title='bbox 1187 3916 1258 3956; x_wconf 60' lang='grc' dir='ltr'><strong>-έ-</strong></span> <span class='ocrx_word' id='word_1_503' title='bbox 1289 3913 1332 3968; x_wconf 86' lang='grc' dir='ltr'><em>Τ</em></span> <span class='ocrx_word' id='word_1_504' title='bbox 1335 3913 1554 3969; x_wconf 72' lang='grc' dir='ltr'><strong>Ιιαιειωο</strong></span> <span class='ocrx_word' id='word_1_505' title='bbox 1595 3913 1729 3984; x_wconf 79' lang='lat' dir='ltr'><strong>ﬁlio.</strong></span> 
     </span>
    </p>
   </div>
   <div class='ocr_carea' id='block_1_72' title="bbox 2228 3436 3817 3513">
    <p class='ocr_par' dir='ltr' id='par_1_72' title="bbox 2228 3436 3817 3513">
     <span class='ocr_line' id='line_1_72' title="bbox 2228 3436 3817 3513; baseline 0.002 -20"><span class='ocrx_word' id='word_1_506' title='bbox 2228 3438 2373 3493; x_wconf 85' lang='grc' dir='ltr'><strong>κατά</strong></span> <span class='ocrx_word' id='word_1_507' title='bbox 2428 3439 2628 3507; x_wconf 85' lang='grc' dir='ltr'><strong>σάρκα,</strong></span> <span class='ocrx_word' id='word_1_508' title='bbox 2690 3436 2933 3492; x_wconf 82' lang='grc' dir='ltr'><strong>τοιοῦτον</strong></span> <span class='ocrx_word' id='word_1_509' title='bbox 2980 3438 3046 3509; x_wconf 82' lang='grc' dir='ltr'><strong>δὴ</strong></span> <span class='ocrx_word' id='word_1_510' title='bbox 3109 3441 3205 3493; x_wconf 74' lang='grc' dir='ltr'><strong>καὶ</strong></span> <span class='ocrx_word' id='word_1_511' title='bbox 3255 3441 3316 3494; x_wconf 84' lang='grc' dir='ltr'><strong>τὸ</strong></span> <span class='ocrx_word' id='word_1_512' title='bbox 3349 3440 3603 3513; x_wconf 73' lang='grc' dir='ltr'><strong>γέννημα</strong></span> <span class='ocrx_word' id='word_1_513' title='bbox 3639 3458 3654 3473; x_wconf 94' lang='grc'><strong>·</strong></span> <span class='ocrx_word' id='word_1_514' title='bbox 3695 3442 3756 3495; x_wconf 81' lang='grc' dir='ltr'><strong>ὃν</strong></span> <span class='ocrx_word' id='word_1_515' title='bbox 3787 3444 3817 3496; x_wconf 89' lang='lat'><strong>6</strong></span> 
     </span>
    </p>
   </div>
   <div class='ocr_carea' id='block_1_73' title="bbox 2234 3529 3816 3605">
    <p class='ocr_par' dir='ltr' id='par_1_73' title="bbox 2234 3529 3816 3605">
     <span class='ocr_line' id='line_1_73' title="bbox 2234 3529 3816 3605; baseline 0.002 -22"><span class='ocrx_word' id='word_1_516' title='bbox 2234 3529 2368 3593; x_wconf 78' lang='grc' dir='ltr'><strong>Θεὸς</strong></span> <span class='ocrx_word' id='word_1_517' title='bbox 2416 3529 2846 3601; x_wconf 78' lang='grc' dir='ltr'><strong>μεταστρέψειεν</strong></span> <span class='ocrx_word' id='word_1_518' title='bbox 2879 3530 3069 3601; x_wconf 77' lang='grc' dir='ltr'><strong>εὐχαῖς</strong></span> <span class='ocrx_word' id='word_1_519' title='bbox 3112 3547 3208 3583; x_wconf 91' lang='grc' dir='ltr'><strong>σου</strong></span> <span class='ocrx_word' id='word_1_520' title='bbox 3242 3530 3457 3599; x_wconf 72' lang='grc' dir='ltr'><strong>ἁγίαις*</strong></span> <span class='ocrx_word' id='word_1_521' title='bbox 3490 3533 3640 3602; x_wconf 81' lang='grc' dir='ltr'><strong>κάμὲ</strong></span> <span class='ocrx_word' id='word_1_522' title='bbox 3686 3550 3816 3605; x_wconf 88' lang='grc' dir='ltr'><strong>στη-</strong></span> 
     </span>
    </p>
   </div>
   <div class='ocr_carea' id='block_1_74' title="bbox 2235 3622 3815 3695">
    <p class='ocr_par' dir='ltr' id='par_1_74' title="bbox 2235 3622 3815 3695">
     <span class='ocr_line' id='line_1_74' title="bbox 2235 3622 3815 3695; baseline 0.003 -20"><span class='ocrx_word' id='word_1_523' title='bbox 2235 3622 2402 3692; x_wconf 82' lang='grc' dir='ltr'><strong>ρίξειε</strong></span> <span class='ocrx_word' id='word_1_524' title='bbox 2436 3622 2528 3677; x_wconf 82' lang='grc' dir='ltr'><strong>τὸν</strong></span> <span class='ocrx_word' id='word_1_525' title='bbox 2561 3622 2889 3693; x_wconf 83' lang='grc' dir='ltr'><strong>ἁμαρτωλὸν</strong></span> <span class='ocrx_word' id='word_1_526' title='bbox 2936 3624 3018 3687; x_wconf 75' lang='grc' dir='ltr'><strong>εἰς</strong></span> <span class='ocrx_word' id='word_1_527' title='bbox 3046 3622 3213 3693; x_wconf 73' lang='grc' dir='ltr'><strong>φόϐον</strong></span> <span class='ocrx_word' id='word_1_528' title='bbox 3244 3622 3432 3678; x_wconf 81' lang='grc' dir='ltr'><strong>αὑτοῦ.</strong></span> <span class='ocrx_word' id='word_1_529' title='bbox 3475 3622 3619 3688; x_wconf 72' lang='grc' dir='ltr'><strong>Τοὺς</strong></span> <span class='ocrx_word' id='word_1_530' title='bbox 3644 3624 3815 3695; x_wconf 77' lang='grc' dir='ltr'><strong>ἠξιω-</strong></span> 
     </span>
    </p>
   </div>
   <div class='ocr_carea' id='block_1_75' title="bbox 2234 3714 3819 3789">
    <p class='ocr_par' dir='ltr' id='par_1_75' title="bbox 2234 3714 3819 3789">
     <span class='ocr_line' id='line_1_75' title="bbox 2234 3714 3819 3789; baseline 0.003 -21"><span class='ocrx_word' id='word_1_531' title='bbox 2234 3714 2429 3784; x_wconf 80' lang='grc' dir='ltr'><strong>μένους</strong></span> <span class='ocrx_word' id='word_1_532' title='bbox 2468 3715 2863 3787; x_wconf 82' lang='grc' dir='ltr'><strong>ὑπηρετεῖσθαι</strong></span> <span class='ocrx_word' id='word_1_533' title='bbox 2890 3718 2959 3788; x_wconf 82' lang='grc' dir='ltr'><strong>τῇ</strong></span> <span class='ocrx_word' id='word_1_534' title='bbox 2991 3716 3272 3787; x_wconf 80' lang='grc' dir='ltr'><strong>τιμιότητῑ</strong></span> <span class='ocrx_word' id='word_1_535' title='bbox 3309 3734 3406 3771; x_wconf 89' lang='grc' dir='ltr'><strong>σου</strong></span> <span class='ocrx_word' id='word_1_536' title='bbox 3434 3718 3819 3789; x_wconf 58' lang='grc' dir='ltr'><strong>προσφθέγγσ</strong></span> 
     </span>
    </p>
   </div>
   <div class='ocr_carea' id='block_1_76' title="bbox 2232 3809 3456 3880">
    <p class='ocr_par' dir='ltr' id='par_1_76' title="bbox 2232 3809 3456 3880">
     <span class='ocr_line' id='line_1_76' title="bbox 2232 3809 3456 3880; baseline 0.002 -18"><span class='ocrx_word' id='word_1_537' title='bbox 2232 3824 2352 3878; x_wconf 87' lang='grc' dir='ltr'><strong>μαι.</strong></span> <span class='ocrx_word' id='word_1_538' title='bbox 2383 3809 2442 3863; x_wconf 89' lang='lat'><strong>&#39;0</strong></span> <span class='ocrx_word' id='word_1_539' title='bbox 2475 3809 2571 3865; x_wconf 83' lang='grc' dir='ltr'><strong>σὺν</strong></span> <span class='ocrx_word' id='word_1_540' title='bbox 2601 3809 2725 3878; x_wconf 82' lang='grc' dir='ltr'><strong>ἐμοι</strong></span> <span class='ocrx_word' id='word_1_541' title='bbox 2756 3825 2817 3861; x_wconf 89' lang='grc' dir='ltr'><strong>σε</strong></span> <span class='ocrx_word' id='word_1_542' title='bbox 2841 3809 3110 3874; x_wconf 86' lang='grc' dir='ltr'><strong>δουλικῶς</strong></span> <span class='ocrx_word' id='word_1_543' title='bbox 3134 3813 3456 3880; x_wconf 83' lang='grc' dir='ltr'><strong>προσκυνεῖ.</strong></span> 
     </span>
    </p>
   </div>
   <div class='ocr_carea' id='block_1_77' title="bbox 2532 3894 3633 3999">
    <p class='ocr_par' dir='ltr' id='par_1_77' title="bbox 2532 3894 3633 3999">
     <span class='ocr_line' id='line_1_77' title="bbox 2532 3894 3633 3999; baseline 0.007 -24"><span class='ocrx_word' id='word_1_544' title='bbox 2532 3922 2657 3977; x_wconf 86' lang='lat' dir='ltr'><strong>AB‘.</strong></span> <span class='ocrx_word' id='word_1_545' title='bbox 2694 3951 2765 3963; x_wconf 87' lang='lat'><strong><em>—</em></strong></span> <span class='ocrx_word' id='word_1_546' title='bbox 2796 3924 3103 3987; x_wconf 71' lang='grc' dir='ltr'><strong>θαλελαίφ</strong></span> <span class='ocrx_word' id='word_1_547' title='bbox 3138 3924 3345 3992; x_wconf 76' lang='grc' dir='ltr'><strong>τέκνῳ.</strong></span> <span class='ocrx_word' id='word_1_548' title='bbox 3367 3923 3552 3999; x_wconf 60' lang='lat' dir='ltr'><strong>[agon]</strong></span> <span class='ocrx_word' id='word_1_549' title='bbox 3630 3894 3633 3895; x_wconf 19' lang='grc' dir='ltr'>ί</span> 
     </span>
    </p>
   </div>
   <div class='ocr_carea' id='block_1_78' title="bbox 670 4008 3678 4081">
    <p class='ocr_par' dir='ltr' id='par_1_78' title="bbox 670 4008 3678 4081">
     <span class='ocr_line' id='line_1_78' title="bbox 670 4008 3678 4081; baseline 0.002 -19"><span class='ocrx_word' id='word_1_550' title='bbox 670 4013 748 4065; x_wconf 91' lang='lat' dir='ltr'><strong>De</strong></span> <span class='ocrx_word' id='word_1_551' title='bbox 781 4008 1101 4075; x_wconf 87' lang='lat' dir='ltr'><strong>presbytero,</strong></span> <span class='ocrx_word' id='word_1_552' title='bbox 1133 4008 1242 4073; x_wconf 92' lang='lat' dir='ltr'><strong>qui,</strong></span> <span class='ocrx_word' id='word_1_553' title='bbox 1271 4023 1383 4059; x_wconf 89' lang='lat' dir='ltr'><strong>cum</strong></span> <span class='ocrx_word' id='word_1_554' title='bbox 1417 4010 1724 4061; x_wconf 81' lang='lat' dir='ltr'><strong>orthodoxus</strong></span> <span class='ocrx_word' id='word_1_555' title='bbox 1756 4015 1913 4073; x_wconf 87' lang='lat' dir='ltr'><strong>esset,</strong></span> <span class='ocrx_word' id='word_1_556' title='bbox 1952 4018 2113 4073; x_wconf 88' lang='lat' dir='ltr'><strong>metu,</strong></span> <span class='ocrx_word' id='word_1_557' title='bbox 2137 4024 2249 4063; x_wconf 89' lang='lat' dir='ltr'><strong>cum</strong></span> <span class='ocrx_word' id='word_1_558' title='bbox 2282 4013 2532 4065; x_wconf 74' lang='lat' dir='ltr'><strong>haereticis</strong></span> <span class='ocrx_word' id='word_1_559' title='bbox 2555 4014 2720 4067; x_wconf 87' lang='lat' dir='ltr'><strong>cibum</strong></span> <span class='ocrx_word' id='word_1_560' title='bbox 2753 4016 3001 4067; x_wconf 85' lang='lat' dir='ltr'><strong>sumebat.</strong></span> <span class='ocrx_word' id='word_1_561' title='bbox 3031 4014 3235 4080; x_wconf 84' lang='lat' dir='ltr'><strong>(Baron.</strong></span> <span class='ocrx_word' id='word_1_562' title='bbox 3256 4030 3335 4066; x_wconf 84' lang='lat' dir='ltr'><strong>an.</strong></span> <span class='ocrx_word' id='word_1_563' title='bbox 3357 4018 3469 4079; x_wconf 89' lang='lat' dir='ltr'><strong>8l8,</strong></span> <span class='ocrx_word' id='word_1_564' title='bbox 3491 4031 3545 4069; x_wconf 88' lang='lat' dir='ltr'><strong>n.</strong></span> <span class='ocrx_word' id='word_1_565' title='bbox 3569 4020 3678 4081; x_wconf 74' lang='lat'><strong>20.)</strong></span> 
     </span>
    </p>
   </div>
   <div class='ocr_carea' id='block_1_79' title="bbox 618 4094 2115 4178">
    <p class='ocr_par' dir='ltr' id='par_1_79' title="bbox 618 4094 2110 4166">
     <span class='ocr_line' id='line_1_79' title="bbox 618 4094 2110 4166; baseline 0.003 -17"><span class='ocrx_word' id='word_1_566' title='bbox 618 4094 788 4151; x_wconf 78' lang='lat' dir='ltr'><strong>Recte</strong></span> <span class='ocrx_word' id='word_1_567' title='bbox 839 4095 1022 4164; x_wconf 79' lang='lat' dir='ltr'><strong>egisti,</strong></span> <span class='ocrx_word' id='word_1_568' title='bbox 1078 4096 1174 4164; x_wconf 92' lang='lat' dir='ltr'><strong>qui</strong></span> <span class='ocrx_word' id='word_1_569' title='bbox 1201 4096 1270 4150; x_wconf 90' lang='lat' dir='ltr'><strong>ad</strong></span> <span class='ocrx_word' id='word_1_570' title='bbox 1320 4111 1408 4151; x_wconf 89' lang='lat' dir='ltr'><strong>me</strong></span> <span class='ocrx_word' id='word_1_571' title='bbox 1457 4096 1765 4166; x_wconf 85' lang='lat' dir='ltr'><strong>scripseris,</strong></span> <span class='ocrx_word' id='word_1_572' title='bbox 1806 4096 2002 4153; x_wconf 87' lang='lat' dir='ltr'><strong>dilecte</strong></span> <span class='ocrx_word' id='word_1_573' title='bbox 2034 4097 2110 4153; x_wconf 83' lang='lat' dir='ltr'><strong>ﬁli</strong></span> 
     </span>
    </p>
   </div>
   <div class='ocr_carea' id='block_1_80' title="bbox 2218 4094 3818 4178">
    <p class='ocr_par' dir='ltr' id='par_1_80' title="bbox 2309 4101 3818 4178">
     <span class='ocr_line' id='line_1_80' title="bbox 2309 4101 3818 4178; baseline 0.004 -25"><span class='ocrx_word' id='word_1_574' title='bbox 2309 4101 2506 4164; x_wconf 85' lang='grc' dir='ltr'><strong>Καλῶς</strong></span> <span class='ocrx_word' id='word_1_575' title='bbox 2544 4102 2829 4174; x_wconf 78' lang='grc' dir='ltr'><strong>ἐποίησας,</strong></span> <span class='ocrx_word' id='word_1_576' title='bbox 2874 4101 3186 4165; x_wconf 78' lang='grc' dir='ltr'><strong>ἐπιστείλας</strong></span> <span class='ocrx_word' id='word_1_577' title='bbox 3227 4118 3342 4173; x_wconf 89' lang='grc' dir='ltr'><strong>μοι,</strong></span> <span class='ocrx_word' id='word_1_578' title='bbox 3372 4102 3569 4157; x_wconf 78' lang='grc' dir='ltr'><strong>τέκνον</strong></span> <span class='ocrx_word' id='word_1_579' title='bbox 3598 4106 3818 4178; x_wconf 64' lang='grc' dir='ltr'><strong>ἠγαπηα</strong></span> 
     </span>
    </p>
   </div>
   <div class='ocr_carea' id='block_1_81' title="bbox 551 4188 2115 4268">
    <p class='ocr_par' dir='ltr' id='par_1_81' title="bbox 551 4188 2115 4261">
     <span class='ocr_line' id='line_1_81' title="bbox 551 4188 2115 4261; baseline 0.001 -17"><span class='ocrx_word' id='word_1_580' title='bbox 551 4188 665 4244; x_wconf 84' lang='lat' dir='ltr'><strong>Hoc</strong></span> <span class='ocrx_word' id='word_1_581' title='bbox 692 4188 812 4256; x_wconf 88' lang='lat' dir='ltr'><strong>ipso</strong></span> <span class='ocrx_word' id='word_1_582' title='bbox 836 4188 982 4242; x_wconf 91' lang='lat' dir='ltr'><strong>enim</strong></span> <span class='ocrx_word' id='word_1_583' title='bbox 1015 4196 1130 4242; x_wconf 92' lang='lat' dir='ltr'><strong>tum</strong></span> <span class='ocrx_word' id='word_1_584' title='bbox 1173 4188 1358 4254; x_wconf 78' lang='lat' dir='ltr'><strong>tidem,</strong></span> <span class='ocrx_word' id='word_1_585' title='bbox 1397 4199 1511 4242; x_wconf 90' lang='lat' dir='ltr'><strong>tum</strong></span> <span class='ocrx_word' id='word_1_586' title='bbox 1536 4204 1777 4244; x_wconf 88' lang='lat' dir='ltr'><strong>amorem</strong></span> <span class='ocrx_word' id='word_1_587' title='bbox 1814 4198 1969 4244; x_wconf 88' lang='lat' dir='ltr'><strong>tuutn</strong></span> <span class='ocrx_word' id='word_1_588' title='bbox 2006 4206 2115 4261; x_wconf 78' lang='lat' dir='ltr'><strong>pro</strong></span> 
     </span>
    </p>
   </div>
   <div class='ocr_carea' id='block_1_82' title="bbox 2218 4188 3819 4268">
    <p class='ocr_par' dir='ltr' id='par_1_82' title="bbox 2238 4193 3819 4268">
     <span class='ocr_line' id='line_1_82' title="bbox 2238 4193 3819 4268; baseline 0.004 -22"><span class='ocrx_word' id='word_1_589' title='bbox 2238 4193 2421 4262; x_wconf 81' lang='grc' dir='ltr'><strong>μένον.</strong></span> <span class='ocrx_word' id='word_1_590' title='bbox 2449 4194 2701 4260; x_wconf 82' lang='grc' dir='ltr'><strong>Ἔδειξας</strong></span> <span class='ocrx_word' id='word_1_591' title='bbox 2732 4196 2841 4267; x_wconf 87' lang='grc' dir='ltr'><strong>γὰρ</strong></span> <span class='ocrx_word' id='word_1_592' title='bbox 2869 4196 2927 4248; x_wconf 87' lang='grc' dir='ltr'><strong>ἐν</strong></span> <span class='ocrx_word' id='word_1_593' title='bbox 2949 4194 3122 4264; x_wconf 65' lang='grc' dir='ltr'><strong>τούπρ</strong></span> <span class='ocrx_word' id='word_1_594' title='bbox 3143 4194 3243 4267; x_wconf 76' lang='grc' dir='ltr'><strong>τὴν</strong></span> <span class='ocrx_word' id='word_1_595' title='bbox 3267 4193 3456 4248; x_wconf 78' lang='grc' dir='ltr'><strong>πίστιν</strong></span> <span class='ocrx_word' id='word_1_596' title='bbox 3476 4195 3573 4247; x_wconf 77' lang='grc' dir='ltr'><strong>καὶ</strong></span> <span class='ocrx_word' id='word_1_597' title='bbox 3592 4197 3819 4268; x_wconf 85' lang='grc' dir='ltr'><strong>ἀγάπην</strong></span> 
     </span>
    </p>
   </div>
   <div class='ocr_carea' id='block_1_83' title="bbox 550 4277 2115 4360">
    <p class='ocr_par' dir='ltr' id='par_1_83' title="bbox 550 4277 2115 4349">
     <span class='ocr_line' id='line_1_83' title="bbox 550 4277 2115 4349; baseline 0.001 -16"><span class='ocrx_word' id='word_1_598' title='bbox 550 4279 758 4335; x_wconf 85' lang='lat' dir='ltr'><strong>didisti.</strong></span> <span class='ocrx_word' id='word_1_599' title='bbox 793 4278 899 4333; x_wconf 88' lang='lat' dir='ltr'><strong>Sed</strong></span> <span class='ocrx_word' id='word_1_600' title='bbox 932 4278 1064 4348; x_wconf 88' lang='lat' dir='ltr'><strong>quid</strong></span> <span class='ocrx_word' id='word_1_601' title='bbox 1096 4277 1229 4333; x_wconf 89' lang='lat' dir='ltr'><strong>mihi</strong></span> <span class='ocrx_word' id='word_1_602' title='bbox 1265 4278 1457 4333; x_wconf 89' lang='lat' dir='ltr'><strong>laudes</strong></span> <span class='ocrx_word' id='word_1_603' title='bbox 1486 4279 1715 4344; x_wconf 85' lang='lat' dir='ltr'><strong>occinis,</strong></span> <span class='ocrx_word' id='word_1_604' title='bbox 1752 4295 1984 4349; x_wconf 89' lang='lat' dir='ltr'><strong>quarum</strong></span> <span class='ocrx_word' id='word_1_605' title='bbox 2018 4295 2115 4334; x_wconf 81' lang='lat' dir='ltr'><strong>om</strong></span> 
     </span>
    </p>
   </div>
   <div class='ocr_carea' id='block_1_84' title="bbox 2218 4277 3818 4360">
    <p class='ocr_par' dir='ltr' id='par_1_84' title="bbox 2237 4280 3818 4360">
     <span class='ocr_line' id='line_1_84' title="bbox 2237 4280 3818 4360; baseline 0.003 -21"><span class='ocrx_word' id='word_1_606' title='bbox 2237 4303 2353 4341; x_wconf 90' lang='grc' dir='ltr'><strong>σου.</strong></span> <span class='ocrx_word' id='word_1_607' title='bbox 2395 4288 2557 4341; x_wconf 82' lang='grc' dir='ltr'><strong>Ἀλλά</strong></span> <span class='ocrx_word' id='word_1_608' title='bbox 2584 4288 2637 4341; x_wconf 83' lang='grc' dir='ltr'><strong>τί</strong></span> <span class='ocrx_word' id='word_1_609' title='bbox 2664 4305 2755 4358; x_wconf 86' lang='grc' dir='ltr'><strong>μοι</strong></span> <span class='ocrx_word' id='word_1_610' title='bbox 2793 4288 3051 4352; x_wconf 78' lang='grc' dir='ltr'><strong>ἐπαίνους</strong></span> <span class='ocrx_word' id='word_1_611' title='bbox 3086 4287 3256 4360; x_wconf 76' lang='grc' dir='ltr'><strong>ᾄδεις,</strong></span> <span class='ocrx_word' id='word_1_612' title='bbox 3295 4280 3373 4341; x_wconf 84' lang='grc' dir='ltr'><strong>ὧν</strong></span> <span class='ocrx_word' id='word_1_613' title='bbox 3414 4286 3637 4360; x_wconf 85' lang='grc' dir='ltr'><strong>ἀμοιρῶ</strong></span> <span class='ocrx_word' id='word_1_614' title='bbox 3675 4290 3818 4344; x_wconf 78' lang='grc' dir='ltr'><strong>κατὰ</strong></span> 
     </span>
    </p>
   </div>
   <div class='ocr_carea' id='block_1_85' title="bbox 532 4368 2115 4453">
    <p class='ocr_par' dir='ltr' id='par_1_85' title="bbox 532 4368 2115 4445">
     <span class='ocr_line' id='line_1_85' title="bbox 532 4368 2115 4445; baseline -0.002 -18"><span class='ocrx_word' id='word_1_615' title='bbox 532 4372 684 4445; x_wconf 80' lang='lat' dir='ltr'><strong>nino</strong></span> <span class='ocrx_word' id='word_1_616' title='bbox 726 4387 849 4426; x_wconf 85' lang='lat' dir='ltr'><strong>sum</strong></span> <span class='ocrx_word' id='word_1_617' title='bbox 908 4370 1136 4440; x_wconf 81' lang='lat' dir='ltr'><strong>expers?</strong></span> <span class='ocrx_word' id='word_1_618' title='bbox 1174 4368 1291 4426; x_wconf 84' lang='lat' dir='ltr'><strong>Non</strong></span> <span class='ocrx_word' id='word_1_619' title='bbox 1348 4388 1433 4427; x_wconf 88' lang='lat' dir='ltr'><strong>me</strong></span> <span class='ocrx_word' id='word_1_620' title='bbox 1486 4382 1828 4442; x_wconf 85' lang='lat' dir='ltr'><strong>peccatorem</strong></span> <span class='ocrx_word' id='word_1_621' title='bbox 1882 4374 2046 4437; x_wconf 88' lang='lat' dir='ltr'><strong>nosti,</strong></span> <span class='ocrx_word' id='word_1_622' title='bbox 2074 4390 2115 4427; x_wconf 57' lang='lat' dir='ltr'><strong>at</strong></span> 
     </span>
    </p>
   </div>
   <div class='ocr_carea' id='block_1_86' title="bbox 2218 4368 3820 4453">
    <p class='ocr_par' dir='ltr' id='par_1_86' title="bbox 2236 4375 3820 4453">
     <span class='ocr_line' id='line_1_86' title="bbox 2236 4375 3820 4453; baseline 0.001 -21"><span class='ocrx_word' id='word_1_623' title='bbox 2236 4379 2446 4445; x_wconf 85' lang='grc' dir='ltr'><strong>πάντα;</strong></span> <span class='ocrx_word' id='word_1_624' title='bbox 2476 4380 2591 4434; x_wconf 84' lang='grc' dir='ltr'><strong>Ούκ</strong></span> <span class='ocrx_word' id='word_1_625' title='bbox 2627 4375 2777 4443; x_wconf 69' lang='grc' dir='ltr'><strong>οἶδας</strong></span> <span class='ocrx_word' id='word_1_626' title='bbox 2815 4379 2897 4433; x_wconf 80' lang='grc' dir='ltr'><strong>ὅτι</strong></span> <span class='ocrx_word' id='word_1_627' title='bbox 2928 4379 3257 4450; x_wconf 74' lang='grc' dir='ltr'><strong>ἁμαρτωλὸς</strong></span> <span class='ocrx_word' id='word_1_628' title='bbox 3305 4378 3419 4449; x_wconf 86' lang='grc' dir='ltr'><strong>ἐγὼ</strong></span> <span class='ocrx_word' id='word_1_629' title='bbox 3468 4380 3568 4434; x_wconf 81' lang='grc' dir='ltr'><strong>καὶ</strong></span> <span class='ocrx_word' id='word_1_630' title='bbox 3601 4380 3820 4453; x_wconf 74' lang='grc' dir='ltr'><strong>ἰδιώτης</strong></span> 
     </span>
    </p>
   </div>
   <div class='ocr_carea' id='block_1_87' title="bbox 553 4464 2115 4558">
    <p class='ocr_par' dir='ltr' id='par_1_87' title="bbox 553 4464 2111 4522">
     <span class='ocr_line' id='line_1_87' title="bbox 553 4464 2111 4522; baseline -0.001 0"><span class='ocrx_word' id='word_1_631' title='bbox 553 4479 809 4522; x_wconf 88' lang='lat' dir='ltr'><strong>sermone</strong></span> <span class='ocrx_word' id='word_1_632' title='bbox 842 4465 1029 4522; x_wconf 88' lang='lat' dir='ltr'><strong>rudem</strong></span> <span class='ocrx_word' id='word_1_633' title='bbox 1050 4464 1073 4518; x_wconf 88' lang='lat'><strong>?</strong></span> <span class='ocrx_word' id='word_1_634' title='bbox 1098 4464 1206 4520; x_wconf 90' lang='lat' dir='ltr'><strong>Sed</strong></span> <span class='ocrx_word' id='word_1_635' title='bbox 1237 4465 1412 4519; x_wconf 87' lang='lat' dir='ltr'><strong>solers</strong></span> <span class='ocrx_word' id='word_1_636' title='bbox 1436 4475 1520 4521; x_wconf 90' lang='lat' dir='ltr'><strong>est</strong></span> <span class='ocrx_word' id='word_1_637' title='bbox 1545 4466 1839 4520; x_wconf 86' lang='lat' dir='ltr'><strong>admodum</strong></span> <span class='ocrx_word' id='word_1_638' title='bbox 1872 4467 2111 4521; x_wconf 87' lang='lat' dir='ltr'><strong>charitas</strong></span> 
     </span>
    </p>
   </div>
   <div class='ocr_carea' id='block_1_88' title="bbox 2218 4464 3820 4558">
    <p class='ocr_par' dir='ltr' id='par_1_88' title="bbox 2238 4470 3820 4543">
     <span class='ocr_line' id='line_1_88' title="bbox 2238 4470 3820 4543; baseline 0.003 -20"><span class='ocrx_word' id='word_1_639' title='bbox 2238 4470 2318 4541; x_wconf 85' lang='grc' dir='ltr'><strong>τῷ</strong></span> <span class='ocrx_word' id='word_1_640' title='bbox 2354 4471 2536 4542; x_wconf 74' lang='grc' dir='ltr'><strong>λόγῳς</strong></span> <span class='ocrx_word' id='word_1_641' title='bbox 2574 4472 2716 4525; x_wconf 84' lang='grc' dir='ltr'><strong>Ἀλλ’</strong></span> <span class='ocrx_word' id='word_1_642' title='bbox 2744 4474 2778 4543; x_wconf 77' lang='grc' dir='ltr'>ἡ</span> <span class='ocrx_word' id='word_1_643' title='bbox 2809 4472 3000 4540; x_wconf 80' lang='grc' dir='ltr'><strong>ἀγάπη</strong></span> <span class='ocrx_word' id='word_1_644' title='bbox 3024 4470 3442 4537; x_wconf 82' lang='grc' dir='ltr'><strong>κλεπτίστατος,</strong></span> <span class='ocrx_word' id='word_1_645' title='bbox 3472 4473 3546 4526; x_wconf 88' lang='grc' dir='ltr'><strong>τά</strong></span> <span class='ocrx_word' id='word_1_646' title='bbox 3579 4472 3657 4543; x_wconf 80' lang='grc' dir='ltr'><strong>μὴ</strong></span> <span class='ocrx_word' id='word_1_647' title='bbox 3688 4472 3820 4527; x_wconf 77' lang='grc' dir='ltr'><strong>ὄντα</strong></span> 
     </span>
    </p>
   </div>
   <div class='ocr_carea' id='block_1_89' title="bbox 552 4559 2115 4635">
    <p class='ocr_par' dir='ltr' id='par_1_89' title="bbox 552 4559 2112 4629">
     <span class='ocr_line' id='line_1_89' title="bbox 552 4559 2112 4629; baseline 0.001 -14"><span class='ocrx_word' id='word_1_648' title='bbox 552 4559 746 4615; x_wconf 79' lang='lat' dir='ltr'><strong>amicis</strong></span> <span class='ocrx_word' id='word_1_649' title='bbox 781 4574 875 4614; x_wconf 85' lang='lat' dir='ltr'><strong>eas</strong></span> <span class='ocrx_word' id='word_1_650' title='bbox 908 4570 1143 4629; x_wconf 90' lang='lat' dir='ltr'><strong>quarum</strong></span> <span class='ocrx_word' id='word_1_651' title='bbox 1174 4568 1427 4629; x_wconf 82' lang='lat' dir='ltr'><strong>expertes</strong></span> <span class='ocrx_word' id='word_1_652' title='bbox 1444 4570 1575 4618; x_wconf 89' lang='lat' dir='ltr'><strong>sunt</strong></span> <span class='ocrx_word' id='word_1_653' title='bbox 1603 4559 1789 4615; x_wconf 90' lang='lat' dir='ltr'><strong>laudes</strong></span> <span class='ocrx_word' id='word_1_654' title='bbox 1809 4562 2112 4616; x_wconf 86' lang='lat' dir='ltr'><strong>attribucns</strong></span> 
     </span>
    </p>
   </div>
   <div class='ocr_carea' id='block_1_90' title="bbox 2218 4559 3821 4635">
    <p class='ocr_par' dir='ltr' id='par_1_90' title="bbox 2240 4562 3821 4635">
     <span class='ocr_line' id='line_1_90' title="bbox 2240 4562 3821 4635; baseline 0.003 -20"><span class='ocrx_word' id='word_1_655' title='bbox 2240 4565 2353 4626; x_wconf 87' lang='grc' dir='ltr'><strong>τοῖς</strong></span> <span class='ocrx_word' id='word_1_656' title='bbox 2385 4562 2713 4634; x_wconf 76' lang='grc' dir='ltr'><strong>ἁγεράστοις</strong></span> <span class='ocrx_word' id='word_1_657' title='bbox 2756 4562 2909 4634; x_wconf 87' lang='grc' dir='ltr'><strong>παρά</strong></span> <span class='ocrx_word' id='word_1_658' title='bbox 2937 4562 3047 4615; x_wconf 81' lang='grc' dir='ltr'><strong>τῶν</strong></span> <span class='ocrx_word' id='word_1_659' title='bbox 3071 4562 3368 4631; x_wconf 80' lang='grc' dir='ltr'><strong>φιλούντων</strong></span> <span class='ocrx_word' id='word_1_660' title='bbox 3398 4564 3821 4635; x_wconf 81' lang='grc' dir='ltr'><strong>προσάπτουσα.</strong></span> 
     </span>
    </p>
   </div>
   <div class='ocr_carea' id='block_1_91' title="bbox 553 4650 2115 4726">
    <p class='ocr_par' dir='ltr' id='par_1_91' title="bbox 553 4651 2110 4723">
     <span class='ocr_line' id='line_1_91' title="bbox 553 4651 2110 4723; baseline 0 -16"><span class='ocrx_word' id='word_1_661' title='bbox 553 4651 844 4707; x_wconf 82' lang='lat' dir='ltr'><strong>Laudandi</strong></span> <span class='ocrx_word' id='word_1_662' title='bbox 878 4653 1045 4723; x_wconf 87' lang='lat' dir='ltr'><strong>igitur</strong></span> <span class='ocrx_word' id='word_1_663' title='bbox 1065 4652 1247 4708; x_wconf 89' lang='lat' dir='ltr'><strong>studio</strong></span> <span class='ocrx_word' id='word_1_664' title='bbox 1295 4652 1467 4708; x_wconf 88' lang='lat' dir='ltr'><strong>misso</strong></span> <span class='ocrx_word' id='word_1_665' title='bbox 1487 4694 1501 4714; x_wconf 85' lang='lat'><strong>,</strong></span> <span class='ocrx_word' id='word_1_666' title='bbox 1532 4669 1629 4708; x_wconf 89' lang='lat' dir='ltr'><strong>ora</strong></span> <span class='ocrx_word' id='word_1_667' title='bbox 1661 4655 1843 4723; x_wconf 88' lang='lat' dir='ltr'><strong>potius</strong></span> <span class='ocrx_word' id='word_1_668' title='bbox 1865 4694 1881 4721; x_wconf 94' lang='lat'><strong>,</strong></span> <span class='ocrx_word' id='word_1_669' title='bbox 1928 4653 2002 4709; x_wconf 82' lang='lat' dir='ltr'><strong>ﬁli</strong></span> <span class='ocrx_word' id='word_1_670' title='bbox 2027 4694 2043 4721; x_wconf 90' lang='lat'><strong>,</strong></span> <span class='ocrx_word' id='word_1_671' title='bbox 2079 4670 2110 4707; x_wconf 91' lang='grc' dir='ltr'><strong>ιι</strong></span> 
     </span>
    </p>
   </div>
   <div class='ocr_carea' id='block_1_92' title="bbox 2218 4650 3819 4726">
    <p class='ocr_par' dir='ltr' id='par_1_92' title="bbox 2239 4650 3819 4726">
     <span class='ocr_line' id='line_1_92' title="bbox 2239 4650 3819 4726; baseline 0.003 -19"><span class='ocrx_word' id='word_1_672' title='bbox 2239 4655 2551 4725; x_wconf 72' lang='grc' dir='ltr'><strong>ΔἈφέμενος</strong></span> <span class='ocrx_word' id='word_1_673' title='bbox 2600 4650 2695 4710; x_wconf 83' lang='grc' dir='ltr'><strong>οὖν</strong></span> <span class='ocrx_word' id='word_1_674' title='bbox 2741 4652 2838 4708; x_wconf 80' lang='grc' dir='ltr'><strong>τοῦ</strong></span> <span class='ocrx_word' id='word_1_675' title='bbox 2885 4657 3165 4722; x_wconf 82' lang='grc' dir='ltr'><strong>ἐπαινεῖν,</strong></span> <span class='ocrx_word' id='word_1_676' title='bbox 3216 4655 3527 4726; x_wconf 86' lang='grc' dir='ltr'><strong>προσεύχου</strong></span> <span class='ocrx_word' id='word_1_677' title='bbox 3584 4658 3819 4726; x_wconf 76' lang='grc' dir='ltr'><strong>μᾶλλον,</strong></span> 
     </span>
    </p>
   </div>
   <div class='ocr_carea' id='block_1_93' title="bbox 555 4735 2115 4818">
    <p class='ocr_par' dir='ltr' id='par_1_93' title="bbox 555 4735 2113 4807">
     <span class='ocr_line' id='line_1_93' title="bbox 555 4735 2113 4807; baseline 0 -9"><span class='ocrx_word' id='word_1_678' title='bbox 555 4744 612 4798; x_wconf 88' lang='lat' dir='ltr'><strong>in</strong></span> <span class='ocrx_word' id='word_1_679' title='bbox 639 4741 871 4799; x_wconf 85' lang='lat' dir='ltr'><strong>Domino</strong></span> <span class='ocrx_word' id='word_1_680' title='bbox 894 4735 1270 4807; x_wconf 87' lang='lat' dir='ltr'><strong>constabiliar,</strong></span> <span class='ocrx_word' id='word_1_681' title='bbox 1288 4754 1340 4799; x_wconf 92' lang='lat' dir='ltr'><strong>et</strong></span> <span class='ocrx_word' id='word_1_682' title='bbox 1362 4744 1512 4798; x_wconf 91' lang='lat' dir='ltr'><strong>omni</strong></span> <span class='ocrx_word' id='word_1_683' title='bbox 1537 4745 1694 4799; x_wconf 86' lang='lat' dir='ltr'><strong>modo</strong></span> <span class='ocrx_word' id='word_1_684' title='bbox 1719 4761 1907 4800; x_wconf 88' lang='lat' dir='ltr'><strong>server</strong></span> <span class='ocrx_word' id='word_1_685' title='bbox 1924 4760 1953 4800; x_wconf 89' lang='lat' dir='ltr'><strong>a</strong></span> <span class='ocrx_word' id='word_1_686' title='bbox 1970 4746 2113 4799; x_wconf 86' lang='lat' dir='ltr'><strong>malo</strong></span> 
     </span>
    </p>
   </div>
   <div class='ocr_carea' id='block_1_94' title="bbox 2218 4735 3825 4818">
    <p class='ocr_par' dir='ltr' id='par_1_94' title="bbox 2238 4745 3825 4818">
     <span class='ocr_line' id='line_1_94' title="bbox 2238 4745 3825 4818; baseline 0.001 -16"><span class='ocrx_word' id='word_1_687' title='bbox 2238 4748 2448 4812; x_wconf 83' lang='grc' dir='ltr'><strong>τέκνον,</strong></span> <span class='ocrx_word' id='word_1_688' title='bbox 2488 4745 2843 4817; x_wconf 77' lang='grc' dir='ltr'><strong>στηρίζεσθαι</strong></span> <span class='ocrx_word' id='word_1_689' title='bbox 2885 4764 2952 4815; x_wconf 85' lang='grc' dir='ltr'><strong>με</strong></span> <span class='ocrx_word' id='word_1_690' title='bbox 2979 4748 3037 4800; x_wconf 83' lang='grc' dir='ltr'><strong>ἐν</strong></span> <span class='ocrx_word' id='word_1_691' title='bbox 3075 4745 3289 4818; x_wconf 77' lang='grc' dir='ltr'><strong>Κυρίῳ,</strong></span> <span class='ocrx_word' id='word_1_692' title='bbox 3325 4748 3423 4799; x_wconf 64' lang='grc' dir='ltr'><strong>καὶ⁵</strong></span> <span class='ocrx_word' id='word_1_693' title='bbox 3452 4747 3730 4813; x_wconf 72' lang='grc' dir='ltr'><strong>σώζεσθαι</strong></span> <span class='ocrx_word' id='word_1_694' title='bbox 3765 4751 3825 4803; x_wconf 82' lang='grc' dir='ltr'><strong>ἐν</strong></span> 
     </span>
    </p>
   </div>
   <div class='ocr_carea' id='block_1_95' title="bbox 552 4836 2115 4915">
    <p class='ocr_par' dir='ltr' id='par_1_95' title="bbox 552 4836 2115 4908">
     <span class='ocr_line' id='line_1_95' title="bbox 552 4836 2115 4908; baseline -0.004 -13"><span class='ocrx_word' id='word_1_695' title='bbox 552 4836 867 4908; x_wconf 84' lang='lat' dir='ltr'><strong>Corporalis</strong></span> <span class='ocrx_word' id='word_1_696' title='bbox 916 4836 1209 4894; x_wconf 84' lang='lat' dir='ltr'><strong>inﬁrmitas</strong></span> <span class='ocrx_word' id='word_1_697' title='bbox 1265 4846 1356 4891; x_wconf 87' lang='lat' dir='ltr'><strong>tua</strong></span> <span class='ocrx_word' id='word_1_698' title='bbox 1396 4852 1519 4892; x_wconf 89' lang='lat' dir='ltr'><strong>cum</strong></span> <span class='ocrx_word' id='word_1_699' title='bbox 1572 4843 1871 4908; x_wconf 81' lang='lat' dir='ltr'><strong>gratiarum</strong></span> <span class='ocrx_word' id='word_1_700' title='bbox 1923 4840 2115 4894; x_wconf 55' lang='lat' dir='ltr'><strong>actioni</strong></span> 
     </span>
    </p>
   </div>
   <div class='ocr_carea' id='block_1_96' title="bbox 2218 4836 3824 4915">
    <p class='ocr_par' dir='ltr' id='par_1_96' title="bbox 2241 4838 3824 4915">
     <span class='ocr_line' id='line_1_96' title="bbox 2241 4838 3824 4915; baseline 0.001 -22"><span class='ocrx_word' id='word_1_701' title='bbox 2241 4839 2405 4896; x_wconf 71' lang='grc' dir='ltr'><strong>παντὶ</strong></span> <span class='ocrx_word' id='word_1_702' title='bbox 2460 4838 2646 4910; x_wconf 83' lang='grc' dir='ltr'><strong>τρόπῳ</strong></span> <span class='ocrx_word' id='word_1_703' title='bbox 2682 4839 2789 4892; x_wconf 78' lang='grc' dir='ltr'><strong>ἀπὸ</strong></span> <span class='ocrx_word' id='word_1_704' title='bbox 2841 4839 2934 4893; x_wconf 78' lang='grc' dir='ltr'><strong>τοῦ</strong></span> <span class='ocrx_word' id='word_1_705' title='bbox 2979 4840 3249 4910; x_wconf 83' lang='grc' dir='ltr'><strong>Πονηροῦ.</strong></span> <span class='ocrx_word' id='word_1_706' title='bbox 3302 4840 3364 4893; x_wconf 88' lang='grc' dir='ltr'><strong>Ἦ</strong></span> <span class='ocrx_word' id='word_1_707' title='bbox 3394 4843 3691 4915; x_wconf 77' lang='grc' dir='ltr'><strong>σωματικὴ</strong></span> <span class='ocrx_word' id='word_1_708' title='bbox 3728 4860 3824 4897; x_wconf 85' lang='grc' dir='ltr'><strong>σου</strong></span> 
     </span>
    </p>
   </div>
   <div class='ocr_carea' id='block_1_97' title="bbox 553 4928 2115 5005">
    <p class='ocr_par' dir='ltr' id='par_1_97' title="bbox 553 4928 2115 5000">
     <span class='ocr_line' id='line_1_97' title="bbox 553 4928 2115 5000; baseline 0 -15"><span class='ocrx_word' id='word_1_709' title='bbox 553 4929 627 4985; x_wconf 88' lang='lat' dir='ltr'><strong>sit</strong></span> <span class='ocrx_word' id='word_1_710' title='bbox 651 4928 793 4999; x_wconf 90' lang='lat' dir='ltr'><strong>apud</strong></span> <span class='ocrx_word' id='word_1_711' title='bbox 822 4928 992 4983; x_wconf 87' lang='lat' dir='ltr'><strong>Deum</strong></span> <span class='ocrx_word' id='word_1_712' title='bbox 1026 4946 1042 4983; x_wconf 90' lang='lat'><strong>:</strong></span> <span class='ocrx_word' id='word_1_713' title='bbox 1078 4944 1180 4984; x_wconf 88' lang='lat' dir='ltr'><strong>nec</strong></span> <span class='ocrx_word' id='word_1_714' title='bbox 1208 4930 1277 4985; x_wconf 93' lang='lat' dir='ltr'><strong>de</strong></span> <span class='ocrx_word' id='word_1_715' title='bbox 1307 4930 1473 4985; x_wconf 91' lang='lat' dir='ltr'><strong>modo</strong></span> <span class='ocrx_word' id='word_1_716' title='bbox 1496 4932 1826 4986; x_wconf 84' lang='lat' dir='ltr'><strong>contristare</strong></span> <span class='ocrx_word' id='word_1_717' title='bbox 1865 4946 1973 5000; x_wconf 92' lang='lat' dir='ltr'><strong>quo</strong></span> <span class='ocrx_word' id='word_1_718' title='bbox 2000 4947 2115 4986; x_wconf 60' lang='lat' dir='ltr'><strong>conc</strong></span> 
     </span>
    </p>
   </div>
   <div class='ocr_carea' id='block_1_98' title="bbox 2218 4928 3825 5005">
    <p class='ocr_par' dir='ltr' id='par_1_98' title="bbox 2241 4930 3825 5005">
     <span class='ocr_line' id='line_1_98' title="bbox 2241 4930 3825 5005; baseline 0.001 -20"><span class='ocrx_word' id='word_1_719' title='bbox 2241 4931 2495 4986; x_wconf 79' lang='grc' dir='ltr'><strong>ἀσθένεια</strong></span> <span class='ocrx_word' id='word_1_720' title='bbox 2515 4933 2571 4983; x_wconf 91' lang='grc' dir='ltr'><strong>ἐν</strong></span> <span class='ocrx_word' id='word_1_721' title='bbox 2600 4931 2925 5002; x_wconf 76' lang='grc' dir='ltr'><strong>εὐχαριστία</strong></span> <span class='ocrx_word' id='word_1_722' title='bbox 2947 4932 3034 5001; x_wconf 81' lang='grc' dir='ltr'><strong>εἴη</strong></span> <span class='ocrx_word' id='word_1_723' title='bbox 3058 4932 3196 5002; x_wconf 78' lang='grc' dir='ltr'><strong>πρὸς</strong></span> <span class='ocrx_word' id='word_1_724' title='bbox 3224 4930 3359 4985; x_wconf 85' lang='grc' dir='ltr'><strong>Θεόν</strong></span> <span class='ocrx_word' id='word_1_725' title='bbox 3380 4945 3395 4962; x_wconf 77' lang='grc'><strong>⁸</strong></span> <span class='ocrx_word' id='word_1_726' title='bbox 3425 4932 3621 5005; x_wconf 79' lang='grc' dir='ltr'><strong>καὶμὴ</strong></span> <span class='ocrx_word' id='word_1_727' title='bbox 3648 4933 3825 4987; x_wconf 76' lang='grc' dir='ltr'><strong>λυποῦ</strong></span> 
     </span>
    </p>
   </div>
   <div class='ocr_carea' id='block_1_99' title="bbox 557 5018 2115 5096">
    <p class='ocr_par' dir='ltr' id='par_1_99' title="bbox 557 5018 2115 5092">
     <span class='ocr_line' id='line_1_99' title="bbox 557 5018 2115 5092; baseline 0 -15"><span class='ocrx_word' id='word_1_728' title='bbox 557 5020 696 5092; x_wconf 87' lang='lat' dir='ltr'><strong>tigit.</strong></span> <span class='ocrx_word' id='word_1_729' title='bbox 748 5018 910 5076; x_wconf 78' lang='lat' dir='ltr'><strong>Novit</strong></span> <span class='ocrx_word' id='word_1_730' title='bbox 950 5021 1215 5077; x_wconf 89' lang='lat' dir='ltr'><strong>Dominus</strong></span> <span class='ocrx_word' id='word_1_731' title='bbox 1253 5037 1378 5091; x_wconf 69' lang='lat' dir='ltr'><strong>quae</strong></span> <span class='ocrx_word' id='word_1_732' title='bbox 1411 5022 1608 5092; x_wconf 86' lang='lat' dir='ltr'><strong>cuique</strong></span> <span class='ocrx_word' id='word_1_733' title='bbox 1632 5024 1843 5092; x_wconf 90' lang='lat' dir='ltr'><strong>prosint</strong></span> <span class='ocrx_word' id='word_1_734' title='bbox 1879 5022 2115 5077; x_wconf 89' lang='lat' dir='ltr'><strong>tribuere</strong></span> 
     </span>
    </p>
   </div>
   <div class='ocr_carea' id='block_1_100' title="bbox 2218 5018 3827 5096">
    <p class='ocr_par' dir='ltr' id='par_1_100' title="bbox 2235 5018 3827 5096">
     <span class='ocr_line' id='line_1_100' title="bbox 2235 5018 3827 5096; baseline 0 -19"><span class='ocrx_word' id='word_1_735' title='bbox 2235 5030 2329 5077; x_wconf 87' lang='grc' dir='ltr'><strong>τὸν</strong></span> <span class='ocrx_word' id='word_1_736' title='bbox 2358 5025 2563 5095; x_wconf 85' lang='grc' dir='ltr'><strong>τρόπον</strong></span> <span class='ocrx_word' id='word_1_737' title='bbox 2593 5023 2654 5088; x_wconf 80' lang='grc' dir='ltr'><strong>ἐξ</strong></span> <span class='ocrx_word' id='word_1_738' title='bbox 2683 5018 2744 5077; x_wconf 76' lang='grc' dir='ltr'><strong>οὗ</strong></span> <span class='ocrx_word' id='word_1_739' title='bbox 2765 5020 2954 5094; x_wconf 78' lang='grc' dir='ltr'><strong>ἦλθεν.</strong></span> <span class='ocrx_word' id='word_1_740' title='bbox 2992 5020 3115 5077; x_wconf 76' lang='grc' dir='ltr'><strong>Οἵδε</strong></span> <span class='ocrx_word' id='word_1_741' title='bbox 3139 5023 3349 5095; x_wconf 85' lang='grc' dir='ltr'><strong>Κύριος</strong></span> <span class='ocrx_word' id='word_1_742' title='bbox 3380 5023 3450 5077; x_wconf 76' lang='grc' dir='ltr'><strong>τὰ</strong></span> <span class='ocrx_word' id='word_1_743' title='bbox 3472 5026 3827 5096; x_wconf 77' lang='grc' dir='ltr'><strong>συμφέροντα</strong></span> 
     </span>
    </p>
   </div>
   <div class='ocr_carea' id='block_1_101' title="bbox 554 5112 2115 5192">
    <p class='ocr_par' dir='ltr' id='par_1_101' title="bbox 554 5112 2115 5171">
     <span class='ocr_line' id='line_1_101' title="bbox 554 5112 2115 5171; baseline -0.002 0"><span class='ocrx_word' id='word_1_744' title='bbox 554 5112 712 5171; x_wconf 87' lang='lat' dir='ltr'><strong>Unde</strong></span> <span class='ocrx_word' id='word_1_745' title='bbox 741 5113 792 5166; x_wconf 91' lang='lat' dir='ltr'><strong>id</strong></span> <span class='ocrx_word' id='word_1_746' title='bbox 823 5120 1007 5168; x_wconf 89' lang='lat' dir='ltr'><strong>tamen</strong></span> <span class='ocrx_word' id='word_1_747' title='bbox 1038 5115 1299 5169; x_wconf 87' lang='lat' dir='ltr'><strong>acciderit</strong></span> <span class='ocrx_word' id='word_1_748' title='bbox 1340 5115 1549 5169; x_wconf 86' lang='lat' dir='ltr'><strong>nescio.</strong></span> <span class='ocrx_word' id='word_1_749' title='bbox 1588 5114 1970 5169; x_wconf 84' lang='lat' dir='ltr'><strong>Maledicentia</strong></span> <span class='ocrx_word' id='word_1_750' title='bbox 2004 5131 2115 5169; x_wconf 51' lang='lat' dir='ltr'><strong>con;</strong></span> 
     </span>
    </p>
   </div>
   <div class='ocr_carea' id='block_1_102' title="bbox 2218 5112 3830 5192">
    <p class='ocr_par' dir='ltr' id='par_1_102' title="bbox 2238 5114 3830 5192">
     <span class='ocr_line' id='line_1_102' title="bbox 2238 5114 3830 5192; baseline 0.001 -23"><span class='ocrx_word' id='word_1_751' title='bbox 2238 5117 2454 5188; x_wconf 75' lang='grc' dir='ltr'><strong>ἑκάστῳ</strong></span> <span class='ocrx_word' id='word_1_752' title='bbox 2514 5116 2755 5171; x_wconf 79' lang='grc' dir='ltr'><strong>τιθέναιο</strong></span> <span class='ocrx_word' id='word_1_753' title='bbox 2810 5116 2955 5188; x_wconf 86' lang='grc' dir='ltr'><strong>πλὴν</strong></span> <span class='ocrx_word' id='word_1_754' title='bbox 2999 5116 3182 5185; x_wconf 82' lang='grc' dir='ltr'><strong>ἀγνοῶ</strong></span> <span class='ocrx_word' id='word_1_755' title='bbox 3233 5116 3358 5170; x_wconf 84' lang='grc' dir='ltr'><strong>ὅθεν</strong></span> <span class='ocrx_word' id='word_1_756' title='bbox 3412 5134 3497 5171; x_wconf 89' lang='grc' dir='ltr'><strong>σοι</strong></span> <span class='ocrx_word' id='word_1_757' title='bbox 3544 5114 3706 5192; x_wconf 78' lang='grc' dir='ltr'><strong>ἧκεν.</strong></span> <span class='ocrx_word' id='word_1_758' title='bbox 3760 5117 3830 5171; x_wconf 77' lang='grc' dir='ltr'>Ἡ</span> 
     </span>
    </p>
   </div>
   <div class='ocr_carea' id='block_1_103' title="bbox 557 5206 2115 5281">
    <p class='ocr_par' dir='ltr' id='par_1_103' title="bbox 557 5206 2115 5270">
     <span class='ocr_line' id='line_1_103' title="bbox 557 5206 2115 5270; baseline 0 -9"><span class='ocrx_word' id='word_1_759' title='bbox 557 5215 853 5270; x_wconf 89' lang='lat' dir='ltr'><strong>temnatur,</strong></span> <span class='ocrx_word' id='word_1_760' title='bbox 879 5220 944 5261; x_wconf 91' lang='lat' dir='ltr'><strong>ac</strong></span> <span class='ocrx_word' id='word_1_761' title='bbox 973 5206 1221 5261; x_wconf 86' lang='lat' dir='ltr'><strong>celeriter</strong></span> <span class='ocrx_word' id='word_1_762' title='bbox 1248 5218 1539 5262; x_wconf 87' lang='lat' dir='ltr'><strong>evanescet</strong></span> <span class='ocrx_word' id='word_1_763' title='bbox 1572 5224 1585 5261; x_wconf 94' lang='lat'><strong>:</strong></span> <span class='ocrx_word' id='word_1_764' title='bbox 1617 5208 1663 5261; x_wconf 90' lang='lat' dir='ltr'><strong>si</strong></span> <span class='ocrx_word' id='word_1_765' title='bbox 1691 5207 1836 5261; x_wconf 92' lang='lat' dir='ltr'><strong>enim</strong></span> <span class='ocrx_word' id='word_1_766' title='bbox 1862 5208 2115 5263; x_wconf 86' lang='lat' dir='ltr'><strong>timeatur</strong></span> 
     </span>
    </p>
   </div>
   <div class='ocr_carea' id='block_1_104' title="bbox 2218 5206 3826 5281">
    <p class='ocr_par' dir='ltr' id='par_1_104' title="bbox 2241 5207 3826 5281">
     <span class='ocr_line' id='line_1_104' title="bbox 2241 5207 3826 5281; baseline -0.001 -19"><span class='ocrx_word' id='word_1_767' title='bbox 2241 5209 2569 5281; x_wconf 82' lang='grc' dir='ltr'><strong>βλασφημία</strong></span> <span class='ocrx_word' id='word_1_768' title='bbox 2601 5207 3090 5279; x_wconf 73' lang='grc' dir='ltr'><strong>καταφρονείσθωο</strong></span> <span class='ocrx_word' id='word_1_769' title='bbox 3136 5210 3234 5262; x_wconf 80' lang='grc' dir='ltr'><strong>καὶ</strong></span> <span class='ocrx_word' id='word_1_770' title='bbox 3276 5210 3567 5279; x_wconf 74' lang='grc' dir='ltr'><strong>οἰχήσεται</strong></span> <span class='ocrx_word' id='word_1_771' title='bbox 3596 5211 3826 5264; x_wconf 52' lang='lat' dir='ltr'><strong>eam».-</strong></span> 
     </span>
    </p>
   </div>
   <div class='ocr_carea' id='block_1_105' title="bbox 560 5292 2115 5371">
    <p class='ocr_par' dir='ltr' id='par_1_105' title="bbox 560 5296 2115 5368">
     <span class='ocr_line' id='line_1_105' title="bbox 560 5296 2115 5368; baseline 0.003 -17"><span class='ocrx_word' id='word_1_772' title='bbox 560 5298 735 5367; x_wconf 83' lang='lat' dir='ltr'><strong>magis</strong></span> <span class='ocrx_word' id='word_1_773' title='bbox 767 5297 1197 5368; x_wconf 89' lang='lat' dir='ltr'><strong>ingruet;quam</strong></span> <span class='ocrx_word' id='word_1_774' title='bbox 1244 5300 1433 5355; x_wconf 86' lang='lat' dir='ltr'><strong>vincas</strong></span> <span class='ocrx_word' id='word_1_775' title='bbox 1466 5302 1699 5366; x_wconf 91' lang='lat' dir='ltr'><strong>utinam,</strong></span> <span class='ocrx_word' id='word_1_776' title='bbox 1729 5296 1841 5355; x_wconf 88' lang='lat' dir='ltr'><strong>Deo</strong></span> <span class='ocrx_word' id='word_1_777' title='bbox 1876 5300 2115 5356; x_wconf 24' lang='lat' dir='ltr'><strong>corrobo‘</strong></span> 
     </span>
    </p>
   </div>
   <div class='ocr_carea' id='block_1_106' title="bbox 2218 5292 3828 5371">
    <p class='ocr_par' dir='ltr' id='par_1_106' title="bbox 2242 5292 3828 5371">
     <span class='ocr_line' id='line_1_106' title="bbox 2242 5292 3828 5371; baseline -0.001 -18"><span class='ocrx_word' id='word_1_778' title='bbox 2242 5300 2488 5370; x_wconf 79' lang='grc' dir='ltr'><strong>φοὸοὖσα</strong></span> <span class='ocrx_word' id='word_1_779' title='bbox 2521 5300 2580 5354; x_wconf 79' lang='grc' dir='ltr'><strong>δὲ</strong></span> <span class='ocrx_word' id='word_1_780' title='bbox 2606 5300 2807 5369; x_wconf 78' lang='grc' dir='ltr'><strong>μᾶλλον</strong></span> <span class='ocrx_word' id='word_1_781' title='bbox 2836 5300 3220 5370; x_wconf 75' lang='grc' dir='ltr'><strong>παραγίνεται.</strong></span> <span class='ocrx_word' id='word_1_782' title='bbox 3254 5292 3365 5363; x_wconf 83' lang='grc' dir='ltr'><strong>Ἧς</strong></span> <span class='ocrx_word' id='word_1_783' title='bbox 3400 5299 3666 5371; x_wconf 79' lang='grc' dir='ltr'><strong>ρυσθείης</strong></span> <span class='ocrx_word' id='word_1_784' title='bbox 3690 5296 3828 5353; x_wconf 81' lang='grc' dir='ltr'><strong>Θεοῦ</strong></span> 
     </span>
    </p>
   </div>
   <div class='ocr_carea' id='block_1_107' title="bbox 559 5386 2115 5467">
    <p class='ocr_par' dir='ltr' id='par_1_107' title="bbox 559 5386 2115 5461">
     <span class='ocr_line' id='line_1_107' title="bbox 559 5386 2115 5461; baseline 0.003 -20"><span class='ocrx_word' id='word_1_785' title='bbox 559 5398 734 5445; x_wconf 84' lang='lat' dir='ltr'><strong>rante.</strong></span> <span class='ocrx_word' id='word_1_786' title='bbox 764 5386 1089 5457; x_wconf 83' lang='lat' dir='ltr'><strong>Quanquam</strong></span> <span class='ocrx_word' id='word_1_787' title='bbox 1120 5388 1371 5459; x_wconf 73' lang='lat' dir='ltr'><strong>plurimae</strong></span> <span class='ocrx_word' id='word_1_788' title='bbox 1400 5390 1469 5445; x_wconf 85' lang='lat' dir='ltr'><strong>ab</strong></span> <span class='ocrx_word' id='word_1_789' title='bbox 1492 5390 1560 5446; x_wconf 87' lang='lat' dir='ltr'><strong>iis</strong></span> <span class='ocrx_word' id='word_1_790' title='bbox 1588 5390 1681 5461; x_wconf 89' lang='lat' dir='ltr'><strong>qui</strong></span> <span class='ocrx_word' id='word_1_791' title='bbox 1714 5401 2115 5460; x_wconf 88' lang='lat' dir='ltr'><strong>persequuntur</strong></span> 
     </span>
    </p>
   </div>
   <div class='ocr_carea' id='block_1_108' title="bbox 2218 5386 3831 5467">
    <p class='ocr_par' dir='ltr' id='par_1_108' title="bbox 2247 5392 3831 5467">
     <span class='ocr_line' id='line_1_108' title="bbox 2247 5392 3831 5467; baseline -0.003 -19"><span class='ocrx_word' id='word_1_792' title='bbox 2247 5393 2575 5466; x_wconf 77' lang='grc' dir='ltr'><strong>ἐπιῤῥῶσει.</strong></span> <span class='ocrx_word' id='word_1_793' title='bbox 2624 5394 2688 5446; x_wconf 75' lang='grc' dir='ltr'><strong>Εἰ</strong></span> <span class='ocrx_word' id='word_1_794' title='bbox 2735 5393 2830 5447; x_wconf 70' lang='grc' dir='ltr'><strong>καὶ</strong></span> <span class='ocrx_word' id='word_1_795' title='bbox 2888 5394 3263 5464; x_wconf 84' lang='grc' dir='ltr'><strong>καταπόνησις</strong></span> <span class='ocrx_word' id='word_1_796' title='bbox 3297 5392 3473 5466; x_wconf 80' lang='grc' dir='ltr'><strong>πολλὴ</strong></span> <span class='ocrx_word' id='word_1_797' title='bbox 3523 5394 3679 5467; x_wconf 84' lang='grc' dir='ltr'><strong>παρά</strong></span> <span class='ocrx_word' id='word_1_798' title='bbox 3719 5392 3831 5445; x_wconf 89' lang='grc' dir='ltr'><strong>τῶν</strong></span> 
     </span>
    </p>
   </div>
   <div class='ocr_carea' id='block_1_109' title="bbox 559 5480 2115 5558">
    <p class='ocr_par' dir='ltr' id='par_1_109' title="bbox 559 5482 2115 5552">
     <span class='ocr_line' id='line_1_109' title="bbox 559 5482 2115 5552; baseline 0.002 -14"><span class='ocrx_word' id='word_1_799' title='bbox 559 5482 825 5538; x_wconf 77' lang='lat' dir='ltr'><strong>molestiae</strong></span> <span class='ocrx_word' id='word_1_800' title='bbox 866 5482 1134 5552; x_wconf 82' lang='lat' dir='ltr'><strong>ingruunt</strong></span> <span class='ocrx_word' id='word_1_801' title='bbox 1170 5500 1184 5537; x_wconf 92' lang='lat'><strong>:</strong></span> <span class='ocrx_word' id='word_1_802' title='bbox 1223 5493 1279 5538; x_wconf 90' lang='lat' dir='ltr'><strong>at</strong></span> <span class='ocrx_word' id='word_1_803' title='bbox 1311 5484 1556 5539; x_wconf 80' lang='lat' dir='ltr'><strong>etelestis</strong></span> <span class='ocrx_word' id='word_1_804' title='bbox 1617 5486 1991 5539; x_wconf 88' lang='lat' dir='ltr'><strong>remuneratio</strong></span> <span class='ocrx_word' id='word_1_805' title='bbox 2036 5494 2115 5541; x_wconf 83' lang='lat' dir='ltr'><strong>est</strong></span> 
     </span>
    </p>
   </div>
   <div class='ocr_carea' id='block_1_110' title="bbox 2218 5480 3832 5558">
    <p class='ocr_par' dir='ltr' id='par_1_110' title="bbox 2246 5480 3832 5558">
     <span class='ocr_line' id='line_1_110' title="bbox 2246 5480 3832 5558; baseline -0.003 -18"><span class='ocrx_word' id='word_1_806' title='bbox 2246 5488 2527 5541; x_wconf 85' lang='grc' dir='ltr'><strong>διωκτῶν·</strong></span> <span class='ocrx_word' id='word_1_807' title='bbox 2583 5485 2719 5540; x_wconf 85' lang='grc' dir='ltr'><strong>ἀλλά</strong></span> <span class='ocrx_word' id='word_1_808' title='bbox 2747 5485 2809 5539; x_wconf 84' lang='grc' dir='ltr'><strong>τὸ</strong></span> <span class='ocrx_word' id='word_1_809' title='bbox 2855 5486 3112 5558; x_wconf 76' lang='grc' dir='ltr'><strong>βραὸεἴον</strong></span> <span class='ocrx_word' id='word_1_810' title='bbox 3170 5487 3445 5557; x_wconf 80' lang='grc' dir='ltr'><strong>οὐράνιον.</strong></span> <span class='ocrx_word' id='word_1_811' title='bbox 3499 5486 3692 5553; x_wconf 74' lang='grc' dir='ltr'><strong>Εἴπερ</strong></span> <span class='ocrx_word' id='word_1_812' title='bbox 3734 5480 3832 5538; x_wconf 76' lang='grc' dir='ltr'><strong>οὖν</strong></span> 
     </span>
    </p>
   </div>
   <div class='ocr_carea' id='block_1_111' title="bbox 560 5561 2115 5653">
    <p class='ocr_par' dir='ltr' id='par_1_111' title="bbox 560 5561 2115 5642">
     <span class='ocr_line' id='line_1_111' title="bbox 560 5561 2115 5642; baseline -0.001 -15"><span class='ocrx_word' id='word_1_813' title='bbox 560 5570 833 5642; x_wconf 84' lang='lat' dir='ltr'><strong>Siquidem</strong></span> <span class='ocrx_word' id='word_1_814' title='bbox 869 5571 1032 5642; x_wconf 87' lang='lat' dir='ltr'><strong>igitur</strong></span> <span class='ocrx_word' id='word_1_815' title='bbox 1077 5575 1447 5642; x_wconf 84' lang='lat' dir='ltr'><strong>compatimur,</strong></span> <span class='ocrx_word' id='word_1_816' title='bbox 1472 5561 2115 5642; x_wconf 20' lang='lat' dir='ltr'><strong>et‘congloriﬁcabimur&quot;</strong></span> 
     </span>
    </p>
   </div>
   <div class='ocr_carea' id='block_1_112' title="bbox 2218 5561 3831 5653">
    <p class='ocr_par' dir='ltr' id='par_1_112' title="bbox 2248 5578 3831 5653">
     <span class='ocr_line' id='line_1_112' title="bbox 2248 5578 3831 5653; baseline -0.002 -17"><span class='ocrx_word' id='word_1_817' title='bbox 2248 5581 2714 5651; x_wconf 83' lang='grc' dir='ltr'><strong>συμπάσχομεν,</strong></span> <span class='ocrx_word' id='word_1_818' title='bbox 2748 5579 2895 5653; x_wconf 73' lang='grc' dir='ltr'><strong>[ἵνα]</strong></span> <span class='ocrx_word' id='word_1_819' title='bbox 2920 5580 3017 5633; x_wconf 77' lang='grc' dir='ltr'><strong>καὶ</strong></span> <span class='ocrx_word' id='word_1_820' title='bbox 3046 5578 3585 5650; x_wconf 79' lang='grc' dir='ltr'><strong>συνδοξασθῶμεν.</strong></span> <span class='ocrx_word' id='word_1_821' title='bbox 3615 5581 3691 5635; x_wconf 86' lang='grc' dir='ltr'><strong>Ού</strong></span> <span class='ocrx_word' id='word_1_822' title='bbox 3719 5578 3831 5652; x_wconf 76' lang='grc' dir='ltr'><strong>γὰρ</strong></span> 
     </span>
    </p>
   </div>
   <div class='ocr_carea' id='block_1_113' title="bbox 560 5661 2115 5745">
    <p class='ocr_par' dir='ltr' id='par_1_113' title="bbox 560 5661 2110 5737">
     <span class='ocr_line' id='line_1_113' title="bbox 560 5661 2110 5737; baseline 0.001 -19"><span class='ocrx_word' id='word_1_823' title='bbox 560 5661 676 5719; x_wconf 84' lang='lat' dir='ltr'><strong>Non</strong></span> <span class='ocrx_word' id='word_1_824' title='bbox 709 5662 855 5719; x_wconf 89' lang='lat' dir='ltr'><strong>enim</strong></span> <span class='ocrx_word' id='word_1_825' title='bbox 889 5662 1269 5721; x_wconf 89' lang='lat' dir='ltr'><strong>oblectationis</strong></span> <span class='ocrx_word' id='word_1_826' title='bbox 1314 5665 1477 5729; x_wconf 89' lang='lat' dir='ltr'><strong>istud,</strong></span> <span class='ocrx_word' id='word_1_827' title='bbox 1520 5665 1613 5722; x_wconf 87' lang='lat' dir='ltr'><strong>sed</strong></span> <span class='ocrx_word' id='word_1_828' title='bbox 1645 5664 1895 5737; x_wconf 80' lang='lat' dir='ltr'><strong>martyrii</strong></span> <span class='ocrx_word' id='word_1_829' title='bbox 1932 5672 2110 5736; x_wconf 82' lang='lat' dir='ltr'><strong>tentpu</strong></span> 
     </span>
    </p>
   </div>
   <div class='ocr_carea' id='block_1_114' title="bbox 2218 5661 3381 5745">
    <p class='ocr_par' dir='ltr' id='par_1_114' title="bbox 2249 5669 3381 5745">
     <span class='ocr_line' id='line_1_114' title="bbox 2249 5669 3381 5745; baseline -0.001 -19"><span class='ocrx_word' id='word_1_830' title='bbox 2249 5670 2545 5737; x_wconf 79' lang='grc' dir='ltr'><strong>εὐπαθείας</strong></span> <span class='ocrx_word' id='word_1_831' title='bbox 2574 5672 2603 5725; x_wconf 94' lang='lat'><strong>6</strong></span> <span class='ocrx_word' id='word_1_832' title='bbox 2650 5669 2859 5741; x_wconf 78' lang='grc' dir='ltr'><strong>καιρὸς,</strong></span> <span class='ocrx_word' id='word_1_833' title='bbox 2889 5670 3024 5725; x_wconf 85' lang='grc' dir='ltr'><strong>ἀλλά</strong></span> <span class='ocrx_word' id='word_1_834' title='bbox 3057 5671 3381 5745; x_wconf 77' lang='grc' dir='ltr'><strong>μαρτυρίου.</strong></span> 
     </span>
    </p>
   </div>
   <div class='ocr_carea' id='block_1_115' title="bbox 560 5767 665 5811">
    <p class='ocr_par' dir='ltr' id='par_1_115' title="bbox 560 5767 665 5811">
     <span class='ocr_line' id='line_1_115' title="bbox 560 5767 665 5811; baseline 0 -2"><span class='ocrx_word' id='word_1_835' title='bbox 560 5767 665 5811; x_wconf 71' lang='grc' dir='ltr'><strong>εει.</strong></span> 
     </span>
    </p>
   </div>
   <div class='ocr_carea' id='block_1_116' title="bbox 634 5848 1132 5913">
    <p class='ocr_par' dir='ltr' id='par_1_116' title="bbox 634 5848 1132 5913">
     <span class='ocr_line' id='line_1_116' title="bbox 634 5848 1132 5913; baseline 0.006 -12"><span class='ocrx_word' id='word_1_836' title='bbox 634 5850 674 5878; x_wconf 76' lang='grc'><strong>⁵⁷</strong></span> <span class='ocrx_word' id='word_1_837' title='bbox 709 5848 863 5904; x_wconf 82' lang='lat' dir='ltr'><strong>Rom.</strong></span> <span class='ocrx_word' id='word_1_838' title='bbox 902 5866 1015 5913; x_wconf 76' lang='grc' dir='ltr'><strong>νιιι,</strong></span> <span class='ocrx_word' id='word_1_839' title='bbox 1050 5850 1132 5904; x_wconf 88' lang='grc'><strong>17.</strong></span> 
     </span>
    </p>
   </div>
  </div>
