3934 6472
137 403 275 464 1205

1335 394 1703 455 EPISTOLA
1713 393 1884 453 RUM
1935 394 2084 453 LIB.
2120 395 2202 454 II.

3260 389 3392 455 1206

196 516 277 569 Τὸ
314 512 612 586 πρόϐλημα
642 509 773 580 περὶ
823 506 918 561 τοῦ
945 506 1322 577 πρεσϐυτέρου
1363 505 1459 565 τοῦ
1489 504 1708 576 ὀρθοδο-

1871 503 2113 569 Quaestio
2142 505 2210 560 de
2235 505 2580 578 presbytero,
2613 506 2701 576 qui
2730 521 2852 560 cum
2900 503 3244 559 orthodoxus
3282 520 3399 559 ere-

131 605 241 672 ξεῖν
295 604 616 668 δοκοῦντος,
673 598 1050 661 συνεσθίοντος
1117 598 1175 650 δὲ
1223 596 1508 666 ὲπισκόπῳ
1559 595 1706 649 καθά

130 704 361 773 εἴρηκας
382 713 395 728 ο
421 698 468 749 εί
488 695 589 770 μὲν
610 694 876 748 παύσοιτο
895 693 994 763 τῆς
1011 690 1268 762 τοιαύτης
1286 688 1706 754 συνεστιάσεως,

133 792 254 864 μετ’
283 788 563 860 ἐπιτιμίου
605 787 910 856 ἀπείρξεως
945 785 1043 852 τῆς
1085 782 1397 854 ἱερουργίας
1426 782 1530 845 ἕως
1567 781 1711 844 τινὸς

131 884 356 957 χρόνου,
419 881 618 954 μηκέτι
654 882 734 943 είς
770 879 864 931 τὸν
889 876 1055 932 αὑτὸν
1092 876 1309 929 ὄλισϐον
1348 875 1708 928 ὑποπίπτειν·

131 979 247 1050 ἔχει
280 975 425 1030 ἴασιν
467 972 561 1027 τοῦ
613 972 926 1044 ἱερουργεῖν
965 967 1101 1038 Θεῷ.
1157 967 1222 1022 Ei
1264 968 1322 1022 δὲ
1352 967 1672 1038 ἁδιαφοροίη
1695 981 1709 996 ·

135 1072 213 1142 μὴ
245 1070 458 1140 γένοιτο
487 1065 686 1137 λύτρον
718 1061 912 1134 ἀνδρὸς
936 1063 965 1115 ό
1013 1061 1146 1125 ἴδιος
1181 1059 1409 1124 πλοῦτος
1430 1076 1445 1091 ο
1478 1058 1571 1112 τοῦ
1599 1075 1716 1127 φυ-

133 1165 275 1231 γεῖν’
307 1161 406 1215 σὺν
451 1161 519 1229 τῇ
568 1157 715 1211 δόσει
768 1155 866 1208 καὶ
913 1152 1201 1224 αἱρετικῆς
1255 1152 1567 1216 κοινωνίας,
1620 1149 1716 1203 καὶ

134 1249 764 1327 ἀμαρίτῄτικῆςτᾶλλης
791 1243 1067 1316 πράξεωςο
1087 1244 1149 1297 ού
1172 1242 1277 1314 μὴν
1308 1245 1376 1314 τῇ
1397 1240 1715 1311 ἀνταλλαγῇ

132 1349 324 1405 δοῦναι
354 1347 418 1401 τὸ
459 1344 649 1410 καλὸν,
696 1341 792 1396 καὶ
820 1339 1010 1393 λαϐεῖν
1041 1336 1105 1390 τὸ
1133 1338 1347 1407 χεῖρονο
1389 1329 1503 1389 οἷον
1531 1333 1718 1387 δοῦναι

134 1444 277 1513 φῶς,
311 1440 407 1495 καὶ
433 1438 622 1492 λαϐεῖν
669 1434 880 1495 σκότος.
937 1430 1061 1484 Οὐδ’
1109 1429 1177 1483 ἂν
1209 1429 1279 1481 τά
1323 1427 1422 1481 ὅλα
1455 1427 1719 1497 χρήματα

133 1534 234 1589 τοῦ
272 1533 480 1604 κόσμου
508 1525 739 1598 παρέξει
764 1538 880 1587 τις’
918 1522 1015 1576 καὶ
1043 1519 1318 1574 κοινωνῶν
1348 1520 1437 1589 εῐη
1462 1521 1529 1589 τῇ
1564 1517 1721 1588 αἱρέ-

136 1645 248 1692 σει,
281 1625 440 1695 φίλος
480 1619 620 1674 Θεοῦ
671 1617 1020 1677 καθίσταται,
1066 1611 1182 1665 ἀλλ’
1235 1609 1453 1682 ἐχθρός.
1495 1608 1610 1664 Καὶ
1667 1608 1721 1660 τί

133 1719 286 1786 λέγω
321 1713 644 1776 κοινωνίας;
676 1708 797 1763 Κᾶν
825 1708 884 1759 έν
919 1702 1194 1777 βρώματι,
1224 1702 1319 1755 καὶ
1366 1701 1595 1771 πόματι,
1627 1697 1722 1751 καὶ

136 1813 295 1883 φιλίᾳ
359 1806 676 1875 συγκάτεισι
723 1804 836 1862 τοῖς
888 1798 1191 1868 αἱρετικοῖς
1243 1792 1567 1854 ὑπεύθυνος.
1613 1791 1721 1843 Τοῦ

136 1901 536 1976 Χρυσοστύμου
562 1897 597 1967 ἠ
631 1893 945 1962 ἀπόφασις·
992 1889 1118 1941 ἐπεὶ
1159 1885 1500 1976 καὶᾲπαντὺς
1538 1883 1717 1976 ἁγίου.

136 1969 269 2058 Ilii);
305 1992 363 2046 δὲ
390 1977 668 2048 ἀκούσιον,
695 1982 790 2036 καὶ
822 1979 926 2033 οὐκ
965 1976 1128 2047 ἔργον
1156 1975 1234 2043 τῷ
1267 1970 1517 2026 δοκοῦντι
1563 1969 1717 2040 ὀρθο-

137 2082 388 2154 φρονεῖν,
421 2072 771 2131 κοινωνοῦντι
803 2068 862 2121 δὲ
890 2068 1040 2136 ὅμως
1073 2067 1140 2135 τῇ
1177 2064 1398 2133 ἀρέσεις
1439 2058 1724 2113 ’Λκούσιόν

137 2152 317 2238 ἔστιν,
355 2173 484 2225 ὅταν
513 2166 574 2220 τὸ
606 2165 780 2233 στόμα
809 2179 896 2224 τις
925 2159 1024 2212 τοῦ
1051 2155 1338 2228 ὀρθοδόξου
1371 2152 1565 2223 βιαίως
1593 2152 1725 2204 ἀνα-

137 2269 338 2340 χάνας,
364 2261 539 2332 ἐγχέῃ
574 2257 676 2329 τὴν
706 2251 990 2325 αἱρετικὴν
1010 2247 1297 2340 κοινωνίαν
1319 2247 1498 2340 ’-ὅπερ
1531 2242 1724 2340 istoin-

141 2334 249 2414 σαν
281 2359 332 2410 oi
358 2355 528 2409 πάλαι
564 2346 859 2420 αἱρετικοὶ,
896 2345 990 2397 καὶ
1021 2339 1294 2403 ποιοῦσιν,
1322 2337 1398 2402 ὡς
1425 2334 1654 2407 ἔμαθον,
1678 2336 1727 2387 οἱ

137 2453 267 2506 νυνὶ
315 2443 714 2520 Χριστομάχοι.
752 2439 826 2491 Τὸ
885 2437 942 2490 δὲ
1001 2434 1094 2503 ἀφ’
1148 2430 1344 2486 ἑαυτοῦ
1411 2430 1726 2500 μετασχεῖν,

141 2542 423 2599 ἑκούσιον.
459 2537 519 2590 Ei
544 2536 600 2588 δὲ
628 2535 710 2587 ὅτι
733 2531 843 2585 δέει
863 2545 877 2558 ⁸
913 2526 1073 2580 τοῦτο
1095 2526 1202 2595 γάρ
1233 2526 1347 2576 ἐστι
1368 2522 1430 2574 τὸ
1460 2520 1730 2590 ζητούμε-

140 2654 238 2690 νον
262 2651 277 2664 ·
310 2631 431 2686 οὐδὲ
463 2623 782 2688 οῦτως.έξει
826 2617 1148 2686 ἀπολογίαν.
1187 2614 1282 2679 Μὴ
1309 2611 1590 2682 φοϐεῖσθε
1619 2612 1730 2681 γὰρ

141 2727 270 2783 ἀπὸ
289 2723 408 2777 τῶν
423 2716 885 2775 ἀποκτεινόντων
914 2708 977 2764 τό
1007 2705 1354 2777 σῶμα,ἁλλὰ
1368 2703 1526 2768 Θεὸν,
1554 2703 1646 2756 τὸν
1673 2702 1732 2754 τὸ

144 2815 570 2889 συναμφότερον
591 2809 790 2879 γεέννῃ
809 2804 1033 2858 αἰωνίου
1063 2800 1236 2871 πυρὸς
1262 2797 1728 2868 παραπέμποντα.

152 2888 494 2979 Ἀκούομεν;
535 2899 778 2972 ’Λληθῶς
808 2900 836 2951 ὁ
875 2896 1079 2963 κόσμος
1115 2893 1234 2954 ὅλος
1265 2892 1396 2961 μιᾶς
1427 2889 1606 2959 ψυχῆς
1635 2888 1734 2940 οὐκ

141 3008 302 3061 εστιν
349 2998 622 3063 ἀντάξιος,
666 2997 766 3064 τῆς
803 2987 1176 3060 φυλαττούσης
1223 2987 1422 3052 ἑαυτὴν
1464 2983 1735 3053 ἀμέτοχον

1692 1763 1796 1817 .~.B

1813 594 2076 660 deretur;
2156 610 2280 649 cum
2331 597 2610 667 episcopo,
2667 595 3132 667 quemadmodum
3189 595 3401 654 dixisti.

1815 701 1923 740 una
1964 688 2147 741 cibum
2179 689 2362 757 capit;
2398 689 2444 744 si
2485 689 2704 759 quidem
2736 690 2808 744 ita
2839 689 3120 745 couvivari
3154 687 3399 749 desierit,

1816 779 2069 850 imposita
2090 797 2271 850 paena,
2295 783 2581 838 abstentus
2601 793 2660 838 ut
2681 783 2751 837 sit
2779 783 2848 837 ab
2880 798 2939 838 re
2970 797 3125 839 sacra
3153 782 3402 838 obeunda

1817 890 1993 944 usque
2039 876 2104 930 ad
2143 886 2351 931 certum
2393 885 2627 946 tempus,
2668 892 2737 932 ne
2767 877 2997 947 posdnac
3049 876 3215 932 simili
3246 875 3401 944 lapsu

1816 967 2060 1022 oﬂ'endat
2116 987 2129 1022 :
2172 969 2355 1024 sanari
2422 978 2620 1038 potest,
2672 977 2732 1023 ut
2779 969 2952 1025 sacris
2997 963 3408 1039 operetur.‘Siu

1818 1061 1866 1116 is
1897 1061 2294 1131 parvipendat;
2345 1077 2413 1117 ne
2465 1062 2578 1116 sint
2636 1061 2845 1115 homini
2887 1062 3124 1132 promite
3153 1074 3285 1129 opes
3310 1073 3411 1128 pro

1818 1152 2210 1221 redemptionis
2234 1153 2426 1222 pretio.
2460 1152 2736 1225 Fugienda
2761 1154 2905 1207 enim
2952 1169 3078 1208 cum
3107 1152 3406 1206 donatione

1820 1243 2138 1299 communio
2191 1244 2467 1307 haeretica,
2499 1252 2555 1300 et
2605 1244 2753 1300 aliud
2798 1245 3031 1314 quodvis
3061 1242 3241 1298 scelus
3271 1260 3284 1296 :
3313 1255 3414 1294 nec

1822 1337 1903 1394 sic
1952 1337 2286 1393 instituenda
2346 1339 2728 1404 commutatio,
2795 1349 2854 1392 ut
2912 1337 3058 1408 quod
3093 1339 3300 1392 bonum
3331 1343 3413 1388 est

1822 1428 2001 1493 detur,
2060 1428 2364 1498 accipiatur
2425 1430 2572 1499 quod
2627 1430 2918 1485 deterius:
2976 1427 3289 1499 cujusmodi
3329 1435 3415 1482 est

1824 1522 1998 1577 lucem
2034 1521 2339 1591 impertiri,
2393 1537 2458 1578 ac
2501 1524 2758 1578 tenebras
2807 1524 3032 1578 referre.
3068 1521 3178 1577 Nec
3210 1521 3255 1578 si
3290 1520 3416 1591 quis

1825 1614 2111 1668 universas
2168 1614 2358 1668 mundi
2408 1614 2629 1670 divitias
2678 1612 2895 1677 offerat,
2932 1613 3417 1681 communicetque

1827 1705 2042 1769 haeresi,
2097 1705 2308 1761 amicus
2360 1704 2452 1761 Dei
2491 1707 2822 1770 censebitur,
2871 1707 2963 1762 sed
2993 1705 3194 1762 hostis.
3226 1704 3416 1770 Quan—

1831 1812 1996 1866 quam
2023 1797 2156 1866 quid
2182 1797 2626 1853 communionem
2659 1798 2828 1854 dico?
2868 1797 2962 1854 Vel
2995 1799 3038 1851 si
3077 1797 3132 1851 in
3168 1797 3293 1851 cibo
3320 1812 3414 1866 po-

1831 1897 2024 1958 tuque,
2054 1899 2109 1944 et
2140 1889 2383 1945 amicitia
2404 1905 2530 1945 cum
2559 1891 2834 1946 haereticis
2855 1889 3264 1961 congrediatur,
3293 1904 3420 1942 reus

1831 1993 1935 2038 est.
1970 1982 2097 2037 Haec
2132 1983 2533 2054 Chrysustomi,
2567 1984 2678 2038 imo
2707 1994 2760 2038 et
2796 1982 3041 2053 cujusvis
3063 1982 3262 2047 sancti,
3295 1996 3422 2037 ora-

1832 2074 1910 2127 tio
1937 2083 2038 2128 est.
2071 2073 2358 2139 Quomodo
2385 2089 2513 2128 vero
2541 2074 2594 2127 id
2626 2082 2820 2128 contra
2850 2069 3187 2129 voluntatem
3220 2086 3286 2126 ac
3311 2083 3419 2124 nOn

1833 2175 2027 2238 sponte
2061 2165 2140 2233 ﬁt,
2173 2182 2295 2222 cum
2337 2167 2460 2237 quis
2508 2168 2854 2222 orthodoxus
2907 2165 3128 2236 quidem
3169 2164 3420 2224 videtur,

1835 2260 2027 2316 haeresi
2060 2268 2241 2314 tamen
2286 2260 2506 2315 interim
2538 2258 2954 2315 communicat?
2990 2258 3194 2313 Contra
3227 2256 3423 2310 volun-

1838 2361 2002 2405 tatem
2032 2359 2136 2414 est,
2168 2352 2216 2406 si
2253 2352 2379 2422 quis
2426 2352 2718 2406 orthodoxi
2768 2366 2832 2405 os
2864 2366 2963 2421 per
3008 2342 3121 2404 vim
3150 2349 3425 2418 aperiens,

1837 2441 2151 2497 hereticam
2185 2442 2637 2496 communionem
2673 2441 2927 2496 infundat
2955 2458 2969 2496 ι
3009 2441 3062 2496 id
3101 2439 3251 2510 quod
3280 2439 3424 2493 fece-

1838 2539 1967 2585 runt
1988 2531 2116 2584 olim
2146 2531 2406 2596 haeretici,
2449 2539 2503 2585 et
2533 2529 2765 2594 faciunt,
2795 2543 2854 2586 ut
2887 2530 3074 2594 didici,
3110 2529 3274 2600 hujus
3302 2539 3429 2583 mta-

1839 2624 1908 2678 tis
1957 2622 2386 2677 Christomachi.
2427 2623 2564 2677 Cum
2600 2624 2725 2692 quis
2765 2634 2947 2678 autem
2979 2639 3007 2675 a
3035 2622 3217 2691 seipso
3257 2621 3427 2691 parti-

1839 2730 1967 2785 ceps
1997 2714 2075 2779 fit,
2134 2715 2187 2770 id
2231 2724 2426 2785 sponte
2476 2715 2556 2770 tit.
2597 2715 2693 2769 Sin
2720 2725 2901 2770 autem
2937 2716 3198 2786 quoniam
3238 2715 3428 2777 timet;

1841 2808 1946 2862 hoc
1979 2808 2124 2862 enim
2156 2816 2238 2862 est
2267 2809 2412 2878 quod
2442 2810 2739 2880 quaeritur;
2779 2824 2881 2864 nec
2914 2809 2995 2864 sic
3023 2808 3244 2864 habebit
3269 2823 3430 2864 excu-

1841 2902 2136 2958 sationem.
2181 2900 2365 2957 Nolite
2398 2905 2546 2960 enim
2578 2905 2758 2958 timere
2784 2921 2870 2958 eos
2899 2904 2989 2974 qui
3044 2904 3290 2957 occidunt
3314 2919 3432 2955 cor-

1843 3013 1942 3065 pus
1965 2997 2054 3065 “8;
2090 2998 2184 3052 sed
2219 2999 2410 3066 Deum,
2453 3000 2548 3069 qui
2603 3008 2895 3068 utrumque
2923 3007 3106 3069 potest
3143 2999 3198 3052 in
3229 2997 3434 3068 gehen-

141 3100 246 3154 καὶ
299 3093 584 3167 αἱρετικῆς
617 3085 906 3148 κοινωνίας
947 3081 1043 3136 καὶ
1075 3078 1279 3140 παντὸς
1326 3075 1522 3129 κακοῦ.
1569 3075 1634 3127 Oi
1681 3073 1732 3125 δὲ

1845 3104 1972 3142 nam
2035 3090 2356 3157 sempiterni
2389 3092 2530 3160 ignis
2585 3089 2903 3144 amandare.
2935 3088 3202 3142 Audimus
3232 3087 3255 3140 ?
3294 3085 3434 3140 Vere

143 3189 484 3262 ἀμφοτέρων
506 3184 746 3254 μέτοχοι,
777 3178 955 3250 χόρτῳ
975 3175 1234 3243 ἰσότιμοι,
1258 3170 1457 3238 ξύλοις,
1487 3169 1734 3238 καλάμῃ.

147 3261 222 3338 Ἀ
255 3276 631 3337 κατακαύσειε
669 3273 732 3326 τὸ
764 3266 1157 3340 δοκιμαστικὸν
1190 3264 1306 3334 πῦρ
1336 3264 1436 3332 τῆς
1464 3261 1700 3332 κρίσεως
1723 3276 1736 3289 ·

139 3376 282 3436 τοὺς
320 3371 363 3423 δ’
398 3367 581 3424 αὐτῶν
612 3365 934 3435 πράκτορας
994 3357 1350 3427 συντηρήσει,
1381 3353 1572 3417 άῖδίως
1605 3352 1738 3422 φλο-

140 3463 503 3539 γιζομὲνους,
529 3453 626 3511 καὶ
658 3456 734 3527 μὴ
768 3451 1199 3525 χωνευομένους.

144 3557 418 3630 stipula:
465 3565 588 3622 quae
615 3549 835 3619 quidem
879 3546 1198 3616 explorator
1228 3543 1372 3613 ignis
1425 3541 1622 3611 judicii
1691 3548 1960 3602 cremabit

1842 3180 2082 3236 mundus
2113 3176 2261 3236 totus
2291 3196 2400 3236 non
2429 3190 2515 3236 est
2537 3198 2659 3236 cum
2693 3180 2878 3234 anima
2911 3194 3019 3232 una
3043 3177 3431 3243 couferendus,

1839 3287 1961 3340 qua:
1991 3274 2231 3342 seipsam
2287 3283 2402 3328 tum
2439 3274 2508 3328 ab
2555 3274 2809 3329 haeretica
2865 3273 3283 3336 communione,
3315 3282 3428 3326 tum

1838 3364 1907 3416 al)
1966 3365 2117 3418 omni
2168 3366 2314 3420 malo
2378 3378 2557 3422 servat
2608 3368 2934 3420 immunem.
2991 3364 3098 3432 Qui
3145 3379 3277 3419 vero
3310 3373 3439 3419 sunt

1839 3456 2128 3526 utriusque
2181 3459 2516 3530 participes,
2577 3457 2704 3514 feuo
2756 3459 2964 3514 similes
3051 3467 3200 3523 sunt,
3264 3457 3435 3528 ligno,

2035 3567 2050 3603 :
2107 3565 2299 3606 eorum
2353 3563 2537 3607 autem
2608 3560 2861 3608 auctores
2913 3552 2967 3605 iu
3039 3549 3435 3625 sempiternum

146 3669 337 3714 aevum
407 3644 668 3712 servabit,
718 3642 1025 3699 exurendos
1091 3640 1255 3702 idem,
1291 3653 1400 3692 non
1457 3651 1589 3691 vero
1623 3642 1962 3710 purgandos.

147 3775 285 3830 AI".
327 3763 582 3837 -Πρὸς
628 3763 777 3824 τοὺς
843 3763 1139 3827 λέγοντας
1195 3763 1282 3824 μὴ
1344 3770 1419 3806 πε

241 3847 248 3853 ·
613 3828 769 3887 εἶναι
798 3831 921 3882 τὸν,
943 3826 1203 3896 Χριστόν
1241 3771 1456 3896 [671?th

613 3828 769 3887 εἶναι
798 3825 1203 3896 τὸνίΧριστόν
1241 3825 1415 3898 [σπη’.

243 3931 311 3984 Ὃ
368 3929 443 3999 μὴ
489 3919 870 3995 περιγραπτὸν
922 3914 1068 3972 εῖναι
1117 3915 1370 3986 σώματος
1423 3915 1741 3985 χαρακτῆρι

149 4027 252 4080 τὸν
287 4019 529 4092 Χριστὸν
551 4017 727 4086 λέγων
746 4030 760 4043 ο
795 4011 974 4085 εἱρμῷ
998 4027 1110 4063 τινι
1139 4009 1360 4072 πάντως
1377 4007 1615 4078 φυσικῷ,
1648 4008 1744 4061 καὶ

151 4113 444 4178 ἀποδείξει
496 4110 691 4179 λογικῇ
760 4105 1136 4176 κεχρημένος,
1199 4101 1300 4172 τὴν
1363 4101 1493 4169 περὶ
1547 4100 1740 4154 τούτου

152 4211 425 4265 ἔνστασιν
457 4202 775 4272 πεποίηται,
802 4201 883 4262 είς
917 4197 1208 4269 βεϐαίωσιν
1237 4193 1495 4264 ἀληθείας
1525 4194 1616 4246 καὶ
1632 4194 1745 4247 δια-

154 4307 406 4375 σάφησιν
423 4298 536 4352 τῶν
562 4296 845 4367 ἀμυήτων.

234 4393 452 4451 Οὐκοῦν
485 4388 776 4462 παρελθὼν
822 4385 1145 4452 διδασκέτω,
1202 4385 1354 4448 ὅπως
1385 4384 1499 4455 ἔχει
1531 4384 1745 4453 φύσεως

155 4493 190 4545 ὁ
225 4491 413 4558 λόγος,
445 4485 539 4538 καὶ
580 4483 665 4546 τίς
705 4481 738 4552 ἡ
783 4479 934 4534 αἰτία
987 4478 1088 4548 τῆς
1142 4478 1442 4549 ἀγραφίας.
1497 4478 1619 4531 Ὅτι
1671 4475 1747 4545 τῷ

154 4582 292 4638 καθ’
324 4580 471 4651 ἡμᾶς
503 4577 635 4630 εἴδει
666 4575 725 4628 οὐ
761 4571 1150 4645 μεμόρφωταις
1185 4572 1270 4626 ὅτι
1314 4570 1523 4632 ὀστέοις
1545 4569 1606 4623 τὸ
1638 4567 1746 4621 σῶ⁸

628 3759 777 3824 τοὺς
843 3757 1162 3827 λέγοντας,
1195 3756 1282 3827 μῂ
1344 3752 1751 3827 περιγραπτὸν

1929 3757 2174 3816 XXXIII.
2209 3791 2277 3801 —-
2306 3763 2386 3818 Ad
2419 3779 2506 3817 eos
2522 3762 2613 3827 qui
2642 3763 2824 3815 dicunt
2858 3775 2960 3812 non
3005 3758 3369 3814 circumscribi

2492 3831 2787 3889 Christum.

1912 3921 2015 3988 Qui
2071 3923 2555 3991 circumscriptum
2605 3939 2730 3979 esse
2769 3923 3020 3993 corporis
3049 3922 3226 3978 forma
3266 3921 3433 3975 Chri-

1841 4025 1986 4068 stum
2028 4024 2220 4085 negat;
2254 4017 2645 4071 consecutione
2673 4017 2908 4087 quadam
2939 4016 3166 4071 omnino
3193 4014 3437 4086 physica,

1841 4114 1897 4159 et
1920 4106 2386 4163 demonstratione
2422 4109 2619 4179 logica.
2653 4126 2808 4173 usus,
2845 4111 2987 4164 hanc
3026 4110 3093 4165 de
3139 4109 3247 4165 isto
3277 4121 3440 4177 argu-

1843 4207 2027 4252 mento
2053 4198 2372 4254 instantiam
2420 4200 2650 4270 protulit
2676 4201 2743 4255 ad
2777 4200 3264 4256 confirmationem
3297 4199 3438 4253 veri-

1847 4291 2000 4355 tatis,
2028 4300 2082 4344 et
2110 4300 2171 4345 ut
2192 4291 2407 4360 profani
2439 4293 2691 4348 homines
2734 4292 3009 4348 manifesti
3039 4293 3192 4348 fiant.

1917 4384 2186 4441 Prodiens
2222 4389 2406 4456 itaque
2429 4386 2483 4440 iu
2519 4387 2784 4451 medium,
2819 4388 3013 4442 doceat
3047 4386 3206 4457 cujus
3239 4385 3310 4441 sit
3344 4400 3442 4439 na.

1846 4484 1981 4531 turae
2010 4493 2212 4545 sermo,
2250 4488 2306 4533 et
2330 4492 2451 4548 quae
2504 4494 2668 4535 causa
2715 4480 2807 4546 sit,
2859 4495 2959 4535 cur
2988 4477 3242 4534 Christus
3299 4477 3443 4547 pingi

1843 4582 1951 4622 non
1972 4569 2166 4638 possit.
2196 4570 2278 4623 An
2329 4571 2476 4641 quod
2521 4587 2626 4626 non
2659 4583 2743 4626 εει
2771 4572 2839 4626 ad
2895 4571 3311 4627 similitudinem
3342 4585 3442 4625 no-

158 4693 246 4747 μτα
294 4673 360 4726 ού
423 4668 772 4737 διείληπται;
819 4666 902 4718 ὅτι
947 4663 1241 4733 βλεφάροις
1274 4662 1369 4717 καὶ
1419 4662 1616 4732 ὀφρύσι
1649 4660 1732 4721 τὰς

1857 4669 2024 4718 stram
2059 4661 2389 4718 informatus
2418 4665 2441 4717 ?
2475 4665 2619 4734 quod
2658 4680 2857 4735 corpus
2886 4667 2935 4720 ei
2960 4680 3070 4719 non
3100 4673 3184 4720 est
3207 4663 3443 4719 divisum

151 4764 404 4829 ὀπτικάς
437 4763 604 4832 κόρας
637 4760 740 4813 οὐκ
771 4759 1150 4827 ὲφήρμοσταις
1183 4757 1264 4809 ὅτι
1306 4756 1413 4808 ὠσὶ
1459 4754 1589 4817 τοὺς
1633 4755 1746 4807 έλι-

154 4858 403 4920 κοειδεῖς
433 4855 636 4924 πόρους
678 4852 738 4905 οὗ
770 4850 1063 4904 τετόνωται
1085 4865 1100 4914 ;
1124 4847 1206 4901 ὅτι
1241 4849 1353 4920 ῥισὶ
1373 4846 1482 4900 τῶν
1512 4848 1754 4918 ὀσφραν-

153 4951 275 5006 τῶν
326 4946 750 5016 ἀντιλαμϐάνειν
806 4944 905 4997 οὐκ
946 4941 1306 5014 ηύθείασται;
1362 4942 1443 4994 ὃτι
1496 4942 1753 5011 παρειαῖς

156 5043 418 5116 ἠϐὠσαις
477 5039 576 5094 ούκ
612 5037 948 5108 ὲξήρτηταις
984 5036 1068 5089 ὅτι
1112 5034 1340 5105 στόματι
1376 5033 1472 5086 καὶ
1513 5033 1750 5105 γλώττῃ,

157 5135 378 5208 χείλεσί
406 5149 467 5186 τε
517 5132 615 5184 καὶ
669 5130 904 5194 ὀδοῦσιν,
935 5129 997 5182 οὺ
1046 5127 1364 5189 διείλεκται,
1406 5126 1660 5198 βέϐρωκέ
1690 5143 1751 5178 τε

158 5226 267 5281 καὶ
309 5224 603 5286 πέπωκεν;
657 5220 740 5273 ὅτι
790 5217 977 5290 ὤμων,
1011 5216 1105 5271 καὶ
1140 5215 1380 5280 ὠλενῶν,
1429 5216 1525 5268 καὶ
1549 5213 1750 5285 χειρῶν

159 5315 456 5390 περιθέσει
481 5315 544 5368 οὐ
569 5311 922 5377 διέπλασται;
954 5312 1037 5364 ὅτι
1072 5311 1273 5382 στέρνα
1308 5306 1458 5378 αύτῷ
1490 5308 1583 5361 καὶ
1610 5307 1757 5361 νῶτα

163 5412 272 5465 σὺν
300 5410 532 5480 κνημῖσι
555 5407 651 5460 καὶ
695 5404 856 5459 ποσὶν
884 5404 1371 5472 οὐκέμπέφυκενς
1403 5403 1485 5455 ὃτι
1509 5401 1756 5471 παράτα-

159 5521 258 5556 σιν
301 5500 564 5573 χρονικὴν
610 5498 755 5552 κατά
805 5495 1092 5568 προκοπὴν
1149 5496 1247 5549 καὶ
1278 5494 1508 5565 αὔξησιν
1538 5494 1756 5564 ἡλικίας

163 5593 276 5645 οὐκ
299 5591 564 5660 εἴληφενς
596 5589 680 5642 ὅτι
711 5587 928 5658 κίνησις
953 5587 1102 5657 αύτῷ
1127 5587 1452 5656 πορευτικὴ,
1481 5587 1515 5655 ἡ
1554 5585 1690 5647 ἄνω,
1721 5587 1753 5653 ἡ

165 5683 348 5746 κάτω,
381 5682 415 5749 ἡ
457 5681 629 5747 ὲντὺς,
690 5683 723 5750 ἡ
766 5677 942 5741 ἐκτὸς,
995 5679 1030 5750 ἡ
1086 5676 1260 5744 δεξιά,
1317 5678 1350 5746 ἡ
1405 5674 1757 5746 ὰριστερά,ἡ

169 5771 579 5844 κυκλοφορικὴ,
639 5773 702 5824 οὐ
762 5771 1242 5841 συνεκπέφανται;
1299 5770 1380 5824 ὅτι
1439 5769 1627 5831 κόποις
1665 5768 1759 5819 καὶ

249 5889 292 5918 ³⁸
321 5885 511 5941 Matth.
549 5902 601 5948 κ,
628 5884 716 5940 28.

1857 4752 2076 4807 ossibus
2102 4753 2126 4806 ?
2154 4754 2299 4823 quod
2336 4755 2568 4825 pupillas
2588 4757 2872 4812 oculorum
2909 4772 3016 4812 non
3051 4756 3215 4812 habet
3246 4757 3439 4827 palpe-

1856 4842 1970 4898 bris
1999 4844 2292 4901 instructas
2329 4863 2393 4903 ac
2416 4849 2727 4919 superciliis
2753 4851 2777 4904 ?
2806 4850 2951 4920 quod
2981 4865 3142 4905 aures
3171 4865 3284 4906 non
3308 4861 3440 4903 sunt

1855 4935 2100 4993 sinuosis
2130 4950 2428 5011 compacta
2456 4941 2762 4996 meatibus?
2811 4942 2956 5012 quod
2999 4958 3104 4997 non
3163 4950 3292 4996 sunt
3320 4951 3444 5010 apte

1854 5028 2173 5097 compositae
2207 5047 2370 5087 nares
2396 5033 2460 5088 ad
2479 5032 2858 5104 percipiendas
2887 5033 3086 5088 odores
3112 5033 3136 5087 ?
3158 5032 3303 5103 quod
3331 5048 3439 5088 nou

1852 5126 1936 5176 est
1962 5121 2387 5190 pubescentibus
2413 5124 2564 5194 genis
2588 5124 2924 5180 instructus?
2940 5122 3086 5194 quod
3103 5138 3220 5188 ore,
3242 5122 3442 5189 lingua.

1854 5209 2014 5265 labiis
2046 5211 2435 5283 dentibusque,
2469 5229 2569 5270 nec
2595 5231 2783 5270 vocem
2808 5217 3052 5287 protulit,
3079 5227 3179 5270 nec
3211 5214 3442 5270 comedit

1867 5311 1961 5357 aut
1990 5301 2168 5358 bibit?
2195 5307 2340 5376 quod
2374 5321 2481 5361 non
2521 5316 2605 5363 est
2634 5308 2900 5370 humeris,
2937 5317 2991 5363 et
3027 5308 3192 5375 ulnis,
3232 5317 3288 5364 et
3327 5323 3446 5362 ma-

1869 5394 2030 5449 nibus
2061 5395 2454 5453 circumductis
2485 5399 2859 5455 conformatus
2888 5400 2910 5453 ?
2937 5400 3082 5470 quod
3126 5414 3229 5455 nec
3255 5407 3446 5470 pectus

1866 5485 1914 5538 ei
1957 5501 2056 5541 nec
2080 5486 2303 5542 dorsum
2327 5528 2341 5552 ,
2374 5507 2498 5546 cum
2545 5491 2798 5547 cruribus
2832 5493 3168 5562 pedibusque
3190 5531 3204 5556 ,
3242 5491 3383 5547 inest
3415 5510 3442 5545 a

1870 5587 2066 5635 natura
2095 5581 2117 5634 ?
2145 5582 2292 5652 quod
2325 5599 2616 5654 progressu
2650 5586 2911 5656 temporis
2946 5601 3057 5640 non
3113 5594 3199 5640 est
3240 5591 3444 5655 proce-

1869 5671 1983 5726 rior
2009 5672 2205 5739 factus,
2244 5675 2400 5745 juxta
2437 5693 2750 5746 processum
2787 5687 2841 5733 ct
2872 5678 3269 5733 incrementum
3318 5689 3447 5732 aeta-

1869 5763 1939 5821 tis
1967 5765 1990 5818 ?
2016 5768 2160 5838 quod
2194 5771 2373 5829 nullus
2420 5772 2466 5827 ei
2499 5772 2564 5827 ad
2598 5773 2869 5829 iuccssum
2904 5781 3109 5838 motus,
3137 5787 3324 5843 supra,
3358 5771 3447 5826 in-
