3934 6438
518 366 651 435 12οἹ

1704 364 1765 421 S.
1804 358 2196 421 TIIEODORI
2225 358 2572 418 STUDITE

3635 348 3769 413 1208

511 482 615 541 ira.
648 479 808 542 intra,
869 486 1042 539 extra,
1078 474 1451 539 dextrorsum,
1487 472 1891 536 sinistrorsum,
1920 472 1975 526 in
2005 484 2096 525 or-

2211 467 2481 538 ἰχθηὸόσι,
2512 465 2608 520 καὶ
2632 467 2746 529 τοῖς
2791 464 2970 527 ἄλλοις
3018 459 3366 529 ἀδιαὸλήτοις
3412 456 3679 525 πάθεσιν,
3710 461 3771 513 ού

510 573 633 627 bent
652 613 669 635 ,
698 569 1070 640 deprehensus
1098 566 1221 623 est?
1261 566 1403 636 quod
1439 565 1718 621 laboribus
1746 580 1810 621 ac
1833 564 2099 621 molestiis

507 663 742 732 aliisque
772 660 1173 725 affectionibus,
1199 675 1321 730 quae
1367 657 1527 727 culpa
1582 667 1795 722 vacant,
1827 656 2099 712 obnoxius

512 770 623 813 non
668 755 819 821 fuit;
892 753 1088 823 capitis
1129 767 1344 807 comam
1395 750 1647 807 nutriens
1676 790 1692 814 ,
1752 759 1807 806 et
1854 751 2097 806 vestibus

512 849 831 904 universum
862 862 1062 918 corpus
1085 845 1347 900 obvelans
1375 845 1399 897 Ἰ
1430 844 1524 897 Sin
1544 855 1725 899 autem
1762 843 1816 898 in
1841 842 2095 898 confesso

510 948 597 993 est
645 937 823 992 visum
850 936 905 992 in
928 936 1014 991 his
1046 951 1167 1006 qua:
1213 934 1535 1004 collegimus
1580 933 1855 986 hominem
1886 947 2095 999 verum,

512 1028 671 1094 cujus
698 1026 814 1081 fieri
842 1026 1134 1081 delineatio
1160 1025 1332 1094 possit
1359 1023 1538 1093 quoad
1572 1019 1805 1076 formam
1840 1035 2097 1091 corpora-

515 1123 619 1175 lem
653 1163 670 1187 ,
706 1135 981 1190 veraxque
1041 1119 1273 1188 pictura,
1312 1118 1431 1171 sine
1462 1129 1572 1185 qua
1603 1128 1703 1169 nec
1731 1120 1983 1168 constare
2010 1113 2099 1167 ul-

512 1213 626 1264 lum
666 1223 868 1279 corpus
919 1208 1285 1277 compositum
1334 1204 1551 1275 possit:
1621 1202 1890 1273 siquidem
1949 1209 2097 1256 tactu

512 1310 569 1355 et
600 1300 783 1355 colore
842 1300 1157 1355 continetur
1187 1316 1200 1351 :
1239 1311 1361 1367 qua:
1390 1295 1585 1366 ingens
1612 1294 1703 1349 illa
1744 1294 1959 1349 accitas
1990 1302 2096 1363 est,

515 1392 795 1462 impiaque
843 1391 1149 1455 altercatio,
1192 1399 1252 1443 ut
1281 1388 1586 1452 Christum,
1624 1386 1719 1457 qui
1778 1386 1936 1442 nobis
1966 1401 2100 1442 con-

515 1483 898 1540 substantialis
946 1481 1220 1552 apparuit,
1251 1498 1315 1536 ac
1336 1495 1443 1551 .per
1471 1479 1654 1534 omnia
1686 1478 1900 1542 similis,
1953 1479 2098 1550 pingi

516 1589 624 1628 non
659 1588 822 1644 posse
847 1572 1185 1629 contendat?
1217 1569 1507 1638 Quomodo
1542 1582 1691 1631 vero,
1718 1581 1786 1620 eo
1841 1577 2099 1635 pereunte

514 1667 660 1733 quod
694 1666 842 1736 pingi
875 1672 1072 1735 potest,
1103 1678 1213 1717 non
1245 1676 1349 1716 una
1384 1661 1562 1729 perire
1608 1674 1831 1714 necesse
1858 1669 1943 1716 est
2005 1676 2099 1715 co-

2197 558 2585 614 cuvoucfw'rat'
2617 558 2762 629 θριξί
2789 556 2889 629 τὴν
2922 554 3165 625 κεφαλὴν
3197 550 3408 621 κομῶν,
3442 550 3547 604 καὶ
3580 552 3773 621 χιτῶσι

2194 651 2256 708 τὸ
2293 651 2413 705 ὅλον
2443 651 2605 720 σῶμα
2639 648 3010 719 σκεπόμενοςς
3040 647 3103 699 Εἰ
3140 645 3197 698 δὲ
3227 648 3285 699 ὲν
3327 643 3550 705 τούτοις
3584 642 3777 711 ὁμολο-

2194 744 2478 815 γουμένως
2506 737 2708 805 ὦπται,
2743 734 2819 797 ὧν
2850 742 2883 812 ἡ
2919 740 3185 807 ἄθροισις,
3216 736 3509 807 ἄνθρωπος
3543 732 3773 804 ἀληθὴς,

2197 839 2288 891 καὶ
2319 830 2378 890 οῦ
2406 838 2439 906 ἡ
2480 833 2625 889 κατὰ
2664 834 2756 887 τὸν
2789 830 3105 901 σωματικὸν
3150 828 3483 899 χαρακτῆρα
3514 825 3779 889 ἐξεικονί-

2197 944 2302 990 σις.
2332 926 2536 996 γραφὶς
2588 923 2860 993 ἀψευδήςο
2893 923 2987 976 καί
3038 916 3107 992 ἦς
3144 921 3276 974 ἄνευ
3319 918 3445 971 οὐδὲ
3508 916 3777 987 συστῆναι

2196 1020 2306 1072 πᾶν
2351 1016 2509 1087 σῶμα
2567 1015 2824 1070 σύνθετον
2874 1009 2986 1067 οἷόν
3053 1027 3149 1065 τε·
3206 1009 3367 1082 εἴπερ
3426 1011 3489 1061 ὲν
3530 1009 3652 1079 ἁφῇ
3691 1008 3780 1062 καὶ

2196 1110 2355 1179 Χροιᾷ
2387 1108 2451 1161 τὸ
2477 1106 2754 1161 τοιοῦτονο
2784 1104 2870 1169 τίς
2908 1106 2942 1175 ὴ
2999 1104 3141 1172 ἄγαν
3184 1101 3459 1169 τυφλότης
3495 1099 3596 1153 καὶ
3626 1099 3782 1162 ἄθεος

2197 1200 2315 1269 ἔρις
2339 1236 2356 1263 ,
2406 1198 2499 1251 τὸν
2533 1198 2668 1267 ἡμῖν
2708 1194 2996 1266 ὁμοούσιον
3051 1193 3146 1247 καὶ
3171 1192 3357 1262 ὅμοιον
3410 1190 3565 1243 κατὰ
3600 1189 3781 1242 πάντα

2199 1287 2511 1357 πεφηνότα,
2546 1284 2830 1357 ἄγραπτον
2881 1281 3119 1354 Χριστὸν
3150 1280 3365 1349 λέγειν;
3419 1271 3566 1345 Πῶξ
3599 1278 3663 1333 δὲ
3695 1279 3783 1334 καὶ

2195 1378 2290 1432 τοῦ
2322 1376 2578 1450 γραπτοῦ
2609 1376 2921 1447 οἰχομένου,
2948 1374 3010 1450 ού
3037 1373 3423 1444 συνοιχήσεται
3457 1372 3692 1425 ἅπαντα
3720 1369 3784 1423 τὰ

2199 1446 2460 1541 σύστοιχα
2503 1446 2804 1540 ἰδιώματα;
2840 1467 2904 1521 Ἠ
2932 1446 3043 1538 γὰρ
3078 1466 3305 1536 ἰδιότης,
3331 1465 3566 1534 «mmo
3592 1461 3789 1516 Θεολό-

2196 1582 2313 1635 γος,
2367 1564 2649 1634 ἀκίνητος,
2685 1563 2719 1633 ἢ
2755 1560 2873 1626 πῶς
2921 1561 3074 1631 μένοι
3122 1559 3321 1626 ἰδιότης
3346 1556 3656 1627 κινουμένη
3694 1554 3783 1607 καὶ

2199 1658 2655 1729 μεταπίπτουσας
2689 1656 2911 1708 Elatiam
2934 1654 2963 1707 ὁ
2990 1652 3393 1719 ἀντικείμενος.

517 1772 712 1830 gnatas
756 1774 950 1815 omnes
981 1756 1391 1830 proprietates?
1420 1754 1516 1809 Est
1545 1754 1692 1809 enim
1739 1755 2098 1810 immutabilis
2138 1755 2462 1825 proprietas,
2525 1750 2602 1807 ait
2667 1748 3021 1820 Theologus;
3067 1754 3161 1801 aut
3186 1743 3463 1815 quomodo
3502 1748 3787 1815 permanet

517 1861 727 1907 mutata
759 1863 1200 1917 evanescensque
1228 1848 1537 1918 proprietas
1566 1847 1589 1899 ?
1622 1845 1970 1917 Respondeat
1999 1848 2372 1905 adversarius.

888 1962 1133 2020 XXXIV.
1178 1992 1246 2005 —
1291 1960 1598 2019 Naucratio
1630 1961 1765 2031 lilio.

2517 1960 2639 2013 AA'.
2677 1956 2848 2030 [TE'.]
2875 1987 2945 1997 —
2977 1953 3327 2021 Ναυκρατίῳ
3350 1949 3564 2018 τέκνῳ.

640 2061 847 2111 Carcere
884 2060 1131 2107 inclusum
1154 2056 1474 2106 cohortatur:
1512 2064 1632 2115 tum,
1657 2069 1769 2117 quae
1803 2062 1856 2106 et
1878 2055 1988 2120 ipse
2010 2059 2059 2107 in
2092 2069 2183 2105 suo
2227 2065 2427 2105 carcere
2460 2058 2735 2115 pateretur,
2770 2049 2995 2106 exponit.
3023 2049 3225 2113 (Barou.
3260 2059 3342 2095 an.
3375 2044 3488 2104 816,
3509 2057 3561 2094 ιι.
3586 2042 3666 2105 8.)

627 2167 1083 2237 Quidjucundius
1140 2168 1331 2223 audire
1360 2184 1459 2237 ego
1499 2178 1751 2239 peccator
1796 2180 2039 2239 poteram
2078 2210 2094 2235 ,

2269 2167 2335 2220 Τί
2362 2166 2557 2220 τούτου
2586 2165 2963 2236 χαριέστερον,
2993 2160 3090 2214 τοῦ
3111 2158 3342 2216 ἀκοῦσαί
3370 2174 3436 2228 με
3462 2157 3558 2209 τὸν
3590 2156 3788 2225 ἁμαρ-

519 2277 684 2331 quam
711 2271 763 2314 te
792 2260 1050 2314 dilectum
1089 2261 1257 2316 filium
1313 2277 1516 2327 meum,
1553 2278 1679 2316 cum
1734 2262 1858 2318 aliis
1892 2272 2098 2333 septem

522 2352 784 2407 fratribus
816 2350 944 2411 tuis,
974 2366 1195 2420 quorum
1227 2352 1441 2404 nomina
1476 2362 1598 2404 sunt
1629 2352 1681 2404 in
1700 2352 1832 2405 libro
1868 2353 1989 2407 vita:
2017 2354 2063 2386 ”
2085 2396 2101 2419 ,

522 2460 622 2513 pro
648 2440 867 2496 Christo
890 2441 1097 2509 Optimo
1119 2440 1229 2493 Deo
1254 2451 1441 2495 nostro
1466 2440 1650 2512 ﬂagris
1675 2458 1876 2498 caesum
1897 2442 2104 2499 fuisse?

522 2533 668 2590 Laus
689 2533 739 2587 ei
779 2533 873 2602 qui
908 2547 1006 2589 vos
1039 2534 1250 2585 vocavit
1299 2533 1365 2585 ad
1396 2533 1801 2590 confessionem
1854 2536 2105 2591 veritatis

523 2642 637 2683 suae
667 2646 682 2681 :
712 2625 832 2679 laus
868 2625 916 2678 ei
942 2624 1034 2694 qui
1068 2624 1416 2679 honorandas
1469 2629 1683 2681 animas
1717 2637 1925 2683 vestras
1982 2645 2104 2684 cor-

521 2717 825 2780 roboravit,
855 2724 915 2769 ut
936 2724 1062 2768 ante
1088 2714 1231 2770 alios
1256 2726 1535 2770 certamen
1582 2718 1825 2771 subirent
1860 2737 1872 2772 :
1909 2729 1970 2773 ut
1997 2736 2104 2773 non

524 2806 979 2870 reformidarent,
1006 2820 1105 2859 nec
1140 2803 1456 2874 refugerent
1486 2822 1516 2859 a
1567 2818 1863 2876 conspectu
1922 2810 2105 2880 impii,

524 2899 620 2953 sed
668 2895 957 2968 pulchram
1018 2894 1419 2949 confessionem
1488 2907 1720 2953 vestram
1771 2898 2005 2963 obirent,
2056 2909 2111 2955 et

524 3002 743 3059 propter
768 3004 890 3043 eam
913 2988 1138 3043 dorsum
1188 2988 1506 3043 verberibus
1536 3005 1663 3043 cum
1718 2989 1942 3045 Christo
1972 3007 2109 3061 prae-

526 3083 739 3137 berent.
793 3078 908 3135 Vos
971 3081 1179 3136 chorus
1237 3083 1379 3138 alius
1427 3082 1793 3139 confessionis
1855 3084 2110 3139 Ecclesia:

528 3170 622 3225 Dei
669 3169 867 3240 adiecti
905 3169 1073 3226 estis:
1102 3186 1199 3224 vos
1248 3170 1606 3226 fraternitatis
1642 3173 1696 3225 in
1743 3172 1961 3227 Christo
1990 3174 2108 3244 glo-

528 3262 670 3315 riam
730 3260 982 3315 auxistis.
1038 3259 1188 3314 Beati
1237 3260 1482 3325 omnino,
1515 3262 1694 3316 dilecti
1758 3263 1888 3326 mei,
1924 3275 1980 3318 et
2029 3274 2111 3319 ter

528 3352 670 3409 beati
696 3371 711 3407 :
740 3353 871 3421 quin
904 3361 960 3406 et
992 3351 1137 3406 beati
1167 3363 1385 3407 ventres
1424 3353 1517 3421 qui
1552 3354 1605 3406 in
1664 3355 1837 3408 lucent
1862 3371 1961 3411 vos
1993 3356 2109 3411 edi-

527 3444 748 3500 derunt.
781 3444 935 3512 Quod
961 3445 1008 3499 si
1041 3446 1108 3499 de
1136 3460 1222 3498 tne
1250 3445 1452 3515 aliquid
1481 3448 1643 3501 etiam
1674 3448 1963 3503 dicendum
1989 3458 2109 3517 est;

2202 2257 2392 2323 ⁵τωλδν,
2410 2259 2605 2325 ὅτιπερ
2642 2256 2708 2309 σὺ
2742 2256 2771 2309 ό
2802 2253 3088 2323 ἀγαπητός
3119 2268 3221 2322 μου
3259 2251 3395 2313 υἱὸς,
3428 2247 3549 2319 μεθ’
3580 2247 3789 2316 ἐτέρων

2203 2350 2345 2407 ἑπτὰ
2368 2348 2616 2419 ἀδελφῶν
2645 2364 2764 2413 σου,
2784 2338 2872 2399 ὧν
2907 2347 2981 2399 τὰ
3002 2344 3267 2412 ὀνόματα
3292 2342 3363 2394 ἐν
3389 2340 3586 2405 βίϐλῳ
3611 2337 3787 2405 ζωῆς,

2203 2440 2580 2512 ἑμαστίχθητε
2611 2439 2751 2510 ὑπὲρ
2774 2435 3013 2509 Χριστοῦ
3041 2434 3140 2489 τοῦ
3178 2431 3388 2503 ἀγαθοῦ
3423 2433 3584 2502 ἡμῶν
3608 2429 3784 2496 Θεοῦ;

2205 2530 2344 2597 Δόξα
2395 2531 2474 2603 τῷ
2523 2530 2819 2584 καλέσαντι
2867 2528 3014 2599 ὑμᾶς
3074 2526 3155 2591 είς
3200 2526 3301 2595 τὴν
3347 2521 3650 2591 ὁμολογίαν
3690 2522 3787 2592 τῆς

2206 2623 2468 2694 ἀληθείας
2496 2620 2664 2675 αὑτοῦ
2702 2638 2715 2651 ·
2747 2620 2876 2687 δόξα
2905 2619 2984 2691 τῷ
3027 2614 3434 2687 σταθερώσαντι
3462 2613 3566 2678 τὰς
3598 2613 3789 2684 τιμίας

2207 2716 2362 2787 ὑμῶν
2398 2715 2579 2788 ψυχὰς
2622 2714 2731 2768 τῶν
2766 2712 2946 2771 ἄλλων
2984 2706 3442 2782 προκινδυνεῦσαι
3481 2707 3567 2771 εἰς
3610 2706 3677 2758 τὸ
3717 2704 3789 2776 μὴ

2208 2809 2434 2878 πτῆξαι,
2467 2802 2603 2880 μηδὲ
2630 2806 2987 2877 ὑποχωρῆσαι
3025 2801 3135 2857 ἀπὸ
3182 2798 3480 2874 προσώπου
3512 2800 3609 2854 τοῦ
3647 2799 3786 2852 ἀλά-

2212 2918 2403 2973 στορος
2435 2916 2448 2931 ο
2506 2898 2646 2952 ἀλλὰ
2681 2896 2783 2967 τὴν
2839 2894 3012 2965 καλὴν
3040 2891 3195 2963 ὑμῶν
3246 2889 3545 2961 ὁμολογίαν
3593 2891 3791 2959 ὁμολο-

2209 2991 2385 3060 γῆσαι
2406 3028 2422 3053 ,
2454 2990 2549 3043 καὶ
2572 2989 2661 3041 διὰ
2692 2987 2904 3056 ταύτην
2938 2986 3036 3039 σὺν
3081 2983 3304 3055 Χριστῷ
3335 2982 3517 3037 δοῦναι
3548 2982 3643 3035 τὸν
3686 2982 3791 3035 vii—

2210 3099 2301 3134 τον
2328 3083 2408 3145 εἰς
2444 3066 2742 3152 μάστιγας.
2786 3075 3166 3149 Προσετέθητε
3198 3074 3361 3146 χορὸς
3390 3072 3557 3136 ἄλλος
3587 3071 3789 3142 ὁμολο-

2210 3176 2339 3243 γίας
2384 3175 2450 3244 τῇ
2504 3172 2802 3243 Ἐκκλησία
2844 3169 2941 3229 τοῦ
2975 3168 3134 3224 Θεοῦ.
3191 3166 3480 3239 Ηύξήσατε
3523 3164 3588 3224 τὸ
3632 3164 3791 3228 κλέος

2212 3267 2313 3336 τῆς
2342 3266 2403 3318 ὲν
2446 3262 2669 3335 Χριστῷ
2716 3262 3100 3332 ἀδελφότητος.
3146 3259 3429 3328 Μακάριοι
3454 3256 3652 3321 ὅντως,
3687 3273 3786 3311 rre—

2215 3357 2369 3427 θητοί
2394 3374 2520 3428 μου,
2546 3357 2641 3410 καὶ
2670 3354 3088 3428 τρισμακάριοι.
3134 3351 3402 3425 μακάριαι
3450 3350 3549 3405 καὶ
3580 3351 3637 3402 at
3669 3367 3785 3404 κοι-

2214 3449 2362 3513 λίαι,
2395 3448 2452 3503 αἶ
2496 3450 2578 3512 εἰς
2644 3450 2761 3519 φῶς
2818 3448 2963 3519 ὑμᾶς
3005 3448 3235 3517 ἤγαγον.
3276 3446 3340 3499 Εἰ
3365 3443 3422 3498 δέ
3450 3462 3505 3497 τι
3536 3444 3635 3498 καὶ
3667 3446 3794 3514 περὶ

530 3540 724 3594 beatus
746 3552 849 3611 ego
876 3553 1095 3609 quoque
1118 3536 1304 3593 infelix
1335 3554 1401 3593 ac
1471 3542 1656 3601 miser,
1689 3545 1782 3613 qui
1837 3552 2107 3598 tantorum

2218 3509 2382 3612 tum?"
2421 3509 2691 3614 μακάριος
2738 3509 2893 3608 κάγώ
3022 3509 3402 3608 α’μακάριστος
3440 3534 3540 3589 καὶ
3566 3509 3753 3599 ἄθλιος

533 3632 698 3687 audio
728 3642 881 3702 pater
907 3632 1165 3697 liliorum,
1201 3631 1291 3686 Dei
1319 3633 1553 3687 liliorum
1572 3644 1625 3689 et
1656 3635 1931 3690 lneredum
1957 3638 2115 3692 Chri-

531 3726 621 3779 sti.
656 3724 943 3790 Quodnam
1007 3723 1113 3778 hoc
1147 3726 1404 3794 gaudium
1436 3726 1459 3778 ?
1504 3729 1700 3780 Annon
1738 3729 1885 3782 omni
1917 3730 2114 3797 gaudio

531 3817 908 3871 delectabilius
928 3816 950 3868 ?
972 3816 1231 3882 Quantam
1256 3816 1425 3885 gloria
1461 3818 1576 3871 haec
1597 3818 1619 3870 ?
1638 3818 1832 3872 Annon
1863 3819 2112 3875 diadema

533 3907 864 3974 gestantium
900 3908 1073 3976 gloria
1130 3908 1454 3974 mirabilior,
1490 3909 1628 3963 ferre
1664 3910 1916 3980 stigmata
1954 3912 2113 3966 Chri-

534 3998 605 4052 sti
630 4016 646 4052 :
675 3998 917 4052 viviticas
948 3998 1069 4068 ejus
1112 4001 1414 4068 passiones,
1442 4016 1537 4055 ceu
1561 4002 1832 4055 coronas?

640 4174 733 4228 Sic
766 4173 931 4243 igitur
955 4183 1134 4230 vestra
1166 4189 1225 4229 se
1256 4175 1481 4241 habent,
1508 4190 1630 4245 qua:
1657 4185 1714 4231 et
1744 4176 1944 4231 coelum
1989 4176 2112 4231 lau-

534 4265 705 4334 davit,
737 4276 793 4321 et
832 4276 977 4321 terra
1029 4266 1257 4322 audivit.
1306 4267 1502 4325 Nostra
1548 4284 1680 4324 vero
1726 4270 1929 4326 nullius
1985 4279 2117 4325 sunt

535 4359 819 4421 momenti,
854 4368 907 4413 et
940 4359 1097 4429 plena
1126 4361 1386 4429 peccatis,
1415 4362 1595 4430 qualia
1634 4363 1891 4416 nimirum
1915 4362 2113 4417 Adria-

538 4466 641 4504 nus
698 4450 865 4504 frater
890 4452 1163 4504 nuntiavit
1193 4468 1208 4504 :
1240 4454 1466 4506 omnino
1497 4453 1642 4507 enim
1682 4455 1866 4509 salvus
1910 4438 2109 4509 evasit.

536 4542 691 4608 Quod
740 4543 787 4598 si
817 4542 946 4611 quid
980 4542 1141 4611 adjici
1172 4553 1421 4611 oporteat
1452 4561 1466 4597 :
1506 4545 1621 4599 haec
1653 4560 1873 4615 quoque
1899 4546 2113 4602 indica-

540 4636 739 4689 bimus.
775 4635 907 4692 Post
936 4634 1349 4691 dilaniationem
1402 4636 1746 4691 incluserunt
1797 4653 1897 4692 nos
1950 4639 2113 4695 ambo

538 4730 589 4778 in
617 4724 839 4780 sublimi
865 4725 1004 4790 loco,
1035 4725 1260 4795 januam
1296 4726 1640 4783 obstruentes
1674 4737 1787 4793 :et,
1810 4729 1971 4785 scalis
2024 4746 2113 4785 re-

2218 3637 2302 3690 ὅτι
2331 3634 2669 3706 τηλικούτων
2706 3632 2912 3696 ἀκούω,
2960 3629 3152 3699 Πατὴρ
3196 3628 3429 3695 τέκνων,
3465 3627 3604 3682 Θεοῦ
3638 3628 3791 3692 υἰῶν,

2219 3729 2313 3781 καὶ
2344 3725 2698 3797 κληρονόμων
2746 3721 3009 3795 Χριστοῦ.
3045 3720 3145 3786 Τίς
3187 3723 3221 3791 ή
3252 3720 3403 3792 χαρὰ
3449 3720 3635 3793 αῦτης
3680 3721 3792 3775 ἀλλ’

2218 3819 2339 3889 οὑχί
2366 3819 2551 3889 πάσης
2572 3817 2746 3888 χαρᾶς
2794 3812 3183 3887 θυμηρεστέρα
3212 3830 3230 3881 ;
3270 3811 3367 3877 Τίς
3398 3813 3598 3883 ή-δόξα
3618 3813 3791 3884 αῦτηί

2217 3910 2333 3967 ἀλλ’
2360 3910 2481 3979 ούχὶ
2534 3908 2645 3963 τῶν
2671 3907 2741 3962 τὰ
2781 3904 3442 3977 διαδήματαέφορούντων
3472 3905 3792 3975 θαυμασιωο

2217 4003 2375 4070 τέρα,
2406 4001 2683 4070 στίγματα
2738 4000 2928 4071 φέρειν
2974 3998 3069 4054 τοῦ
3100 3997 3367 4070 Χριστοῦ,
3435 4000 3509 4052 τὰ
3555 3998 3790 4064 (matrona

2219 4092 2383 4147 αὐτοῦ
2413 4092 2593 4163 πάθη,
2623 4092 2700 4156 ὡς
2734 4091 2939 4164 στέφηῖ

2289 4182 2477 4247 Οῦτως
2525 4182 2621 4252 μὲν
2675 4177 2769 4237 οῦν
2818 4182 2919 4244 τὰς
2966 4179 3091 4235 καθ’
3135 4181 3284 4250 ὑμᾶς
3307 4180 3406 4236 ’θνᾶ
3435 4183 3532 4235 καὶ
3561 4182 3788 4254 οὐρανὸς

2221 4279 2416 4349 ᾕνεσε,
2464 4275 2560 4331 καί.
2593 4277 2664 4347 γῆ
2713 4274 3037 4345 ἡκουτίσθη.
3090 4275 3171 4328 Τὰ
3217 4273 3276 4328 δὲ
3325 4274 3579 4347 ἡμέτερα
3624 4276 3790 4346 p.116:-

2224 4371 2355 4440 μινὰ
2383 4370 2477 4423 καί
2502 4369 2806 4440 ἀμαρτωλά
2829 4386 2845 4400 ο
2873 4367 3016 4438 πλὴν
3043 4366 3120 4431 ὡς
3147 4367 3485 4437 ἀπήγγειλεν
3513 4370 3540 4421 ὁ
3566 4369 3787 4438 ἁδελφὸς

2232 4464 2510 4533 Ἀδριανός
2531 4478 2545 4495 ο
2588 4462 2811 4523 πάντως
2834 4462 2945 4530 γὰρ
2985 4460 3393 4514 ἀποσέσωσται.
3427 4460 3494 4513 Εἰ
3525 4461 3583 4513 δέ
3608 4480 3662 4514 τι
3688 4462 3791 4516 δέοι

2219 4558 2315 4607 καὶ
2358 4552 2710 4625 προσθεῖναι,
2747 4551 2917 4605 ταῦτα
2968 4551 3065 4605 καὶ
3116 4549 3452 4621 δηλώσομεν.
3507 4554 3666 4606 Μετὰ
3706 4554 3792 4606 τὸν

2218 4646 2427 4717 δαρμὸν
2455 4644 2707 4700 ἔκλεισαν
2745 4645 2897 4712 ἡμᾶς
2925 4641 3055 4706 τοὺς
3088 4641 3185 4695 δύο
3214 4644 3295 4705 είς
3325 4642 3591 4709 ἀνώγεων
3614 4686 3629 4707 ,
3665 4646 3794 4697 dva-

2220 4738 2529 4807 φράξαντες
2580 4736 2681 4808 τὴν
2710 4735 2904 4807 θύραν,
2946 4735 3041 4788 καὶ
3089 4735 3323 4806 ἄραντες
3376 4736 3475 4805 τὴν
3512 4735 3793 4806 κλίμακα·

538 4819 721 4880 motis,
760 4818 927 4873 additi
955 4821 1531 4891 suntcircumquaque
1565 4824 1838 4888 custodes,
1876 4839 1943 4877 ne
1988 4825 2107 4894 quis

2222 4830 2484 4885 κυκλόθεν
2513 4829 2755 4899 φύλακες
2778 4846 2792 4859 °
2814 4830 2902 4899 μή
2947 4829 3028 4891 τίς
3076 4846 3179 4881 που
3230 4828 3381 4902 θίγῃ,
3414 4829 3552 4898 μηδὲ
3583 4830 3796 4904 ἅψηται

538 4911 764 4981 propius
789 4910 1033 4971 accedat,
1063 4914 1449 4982 contingatque
1497 4913 1855 4968 domicilium.
1893 4914 2033 4981 Quin
2066 4925 2107 4969 el

2218 4922 2313 4975 τοῦ
2345 4922 2619 4993 δωματίου
2646 4937 2659 4951 ·
2693 4920 2830 4973 ἀλλὰ
2884 4921 2981 4973 καὶ
3024 4922 3206 4974 πάντα
3258 4919 3350 4973 τὸν
3392 4920 3795 4992 εἰσερχόμενον

539 5010 782 5057 castrum
832 5001 1202 5071 ingredientes
1231 5004 1475 5071 singulos
1530 5006 1673 5059 obvii
1726 5010 1977 5061 custodes
2017 5008 2118 5061 ob-

540 5102 783 5157 servant,
816 5108 918 5147 nec
952 5093 1060 5147 alio
1085 5094 1354 5149 divertere
1419 5099 1606 5153 sinant
1651 5113 1813 5166 quam
1872 5100 1937 5153 ad
1994 5113 2120 5168 pro-

540 5183 686 5252 prias
719 5182 938 5251 domos,
974 5186 1153 5254 quoad
1192 5185 1267 5240 illi
1292 5203 1511 5241 rursum
1547 5191 1916 5257 egrediantur.
1949 5190 2121 5246 luter-

540 5275 749 5330 dictum
780 5284 865 5329 est
896 5292 1103 5342 severe,
1158 5293 1225 5332 ne
1282 5279 1414 5348 quid
1466 5280 1623 5335 nobis
1695 5282 1858 5336 detur
1925 5293 2120 5351 praeter

541 5382 739 5436 aquam
767 5366 945 5420 solum
972 5375 1026 5421 et
1054 5368 1284 5439 lignum.
1321 5369 1398 5424 lta
1425 5387 1526 5427 nos
1569 5372 1729 5443 plane
1762 5382 2021 5443 tanquam
2063 5376 2119 5430 in

541 5457 789 5525 sepulcro
849 5456 1119 5524 locarunt,
1179 5470 1238 5514 ut
1291 5474 1517 5517 enecent
1555 5480 1676 5519 nos.
1736 5464 1881 5520 Deus
1936 5476 2117 5521 autem

543 5546 894 5615 benignitatis
934 5563 1049 5603 suae
1104 5550 1505 5617 misericordia,
1539 5570 1634 5624 per
1666 5570 1729 5610 ea
1775 5572 1896 5627 qua:
1928 5557 2118 5612 intuli—

545 5654 665 5693 mus
697 5641 1031 5705 necessaria,
1062 5651 1115 5697 et
1147 5644 1293 5713 quod
1323 5644 1546 5715 insuper
1579 5648 1645 5702 ab
1677 5664 1743 5703 eo
1794 5649 1885 5719 qui
1934 5650 2121 5706 admo—

633 5798 676 5831 ”‘
726 5797 956 5869 Philipp.
998 5816 1066 5864 tv,
1121 5803 1172 5857 5.

2218 5018 2296 5077 εἰς
2333 5015 2394 5067 τὸ
2449 5013 2707 5083 κάστρον,
2764 5010 3221 5083 προῦπαντῶντες
3260 5012 3309 5064 oi
3366 5010 3639 5081 φύλακες,
3700 5014 3799 5066 οὐκ

2218 5106 2347 5159 ἐῶσί
2373 5122 2478 5158 που
2528 5103 2806 5176 τραπῆναι
2844 5102 3023 5172 πάρεξ
3068 5101 3165 5156 τοῦ
3201 5103 3333 5156 ἰδίου
3377 5104 3557 5169 οἴκου,
3585 5105 3699 5169 ἕως
3733 5107 3800 5159 ἂν

2216 5191 2373 5258 αὖθις
2428 5186 2493 5266 [ί.
2522 5187 2699 5265 αῦτις]
2748 5190 2979 5256 ἐξέλθοι.
3018 5192 3373 5264 Παραγγελία
3423 5196 3690 5263 κραταιὰ,
3724 5195 3798 5265 μὴ

2217 5284 2693 5355 ὲπιδοθῆναιήμῖν
2742 5300 2797 5335 τι
2822 5282 3000 5353 πάρεξ
3031 5282 3224 5347 ὓδατος
3275 5284 3437 5354 μόνου
3491 5286 3586 5338 καὶ
3612 5284 3793 5351 ξύλου.

2219 5377 2408 5441 Οὕτως
2455 5376 2642 5441 ἁπλῶς
2682 5375 2902 5446 θέμενοι
2940 5373 3018 5441 ὡς
3070 5377 3128 5427 ὲν
3182 5374 3360 5447 τάφῳ,
3415 5376 3512 5429 καὶ
3560 5378 3706 5446 πρὸς
3731 5378 3794 5432 τὸ

2221 5472 2429 5523 κτεῖναι
2454 5459 2625 5539 ἡμᾶς.
2670 5466 2730 5519 Ὀ
2768 5465 2827 5519 δὲ
2869 5465 3002 5528 Θεὸς
3034 5465 3173 5518 ἐλέει
3221 5464 3642 5535 φιλανθρωπίας
3696 5470 3794 5521 αύ-

2218 5561 2312 5621 τοῦ
2334 5577 2348 5591 ·
2388 5560 2454 5613 δι’
2486 5553 2562 5616 ὧν
2592 5557 3103 5629 προεισηνέγκαμεν
3130 5554 3328 5627 χρειῶν
3356 5574 3371 5588 ⁹
3402 5559 3499 5612 καὶ
3527 5558 3612 5611 ἔτι
3634 5559 3705 5613 δι’
3735 5554 3794 5620 0-3

2220 5652 2521 5707 ὲπιδὲδοται
2550 5653 2685 5721 ἡμῖν
2715 5650 2777 5703 τὸ
2822 5646 3164 5720 προσταχθὲν
3209 5649 3439 5722 δι’ἇπῆς
3486 5651 3592 5722 τῆς
3646 5651 3795 5729 θυρί-
