3934 6500
183 478 325 543 1209

1371 468 1913 532 EPISTOLARUM
1975 467 2122 531 LIB.
2160 467 2243 527 II.

3303 464 3437 529 1210

179 595 290 655 δος,
324 588 416 641 ἐπὶ
443 587 712 659 κλίμακος
740 585 984 648 ἀνιόντος
1009 582 1150 638 κατὰ
1178 583 1280 657 τὴν
1316 583 1466 655 ὥραν
1505 583 1755 654 ἑστώσης

1869 583 1929 636 tis
1962 589 2105 636 stata
2156 578 2294 634 hora
2331 577 2493 634 scalis
2540 576 2702 642 redit,
2737 576 2894 632 nobis
2929 576 3186 632 tribuitur
3207 576 3444 649 impera-

179 680 484 753 διατρέφει.
513 679 587 733 Οὐ
610 676 900 748 τολμῶμεν
926 675 1101 745 φῆσαι
1132 676 1309 729 ἐκεῖνο
1334 676 1362 729 ὃ
1392 693 1526 748 φησι
1557 675 1759 746 Δανιὴλ

180 775 480 845 δεξάμενος
506 769 661 841 παρὰ
676 768 770 822 τοῦ
814 768 1145 840 Ἀμὸακοὺμ
1164 769 1224 821 τὸ
1248 769 1473 840 ἄριστον
1496 781 1512 796 ·
1545 766 1764 836 Ἐμνή-

180 868 300 934 σθη
339 865 450 936 γάρ
483 879 603 933 μου
634 863 666 916 ὁ
706 859 874 926 Θεός.
911 859 1057 930 Πλὴν
1085 859 1165 912 ὃτι
1196 858 1446 931 ἐμνήσθη
1477 859 1574 916 καὶ⁸
1603 858 1763 931 ἡμῶν

181 959 292 1014 τῶν
325 961 438 1030 ἁμα
451 955 674 1030 ρτωὶὼν
700 972 714 985 ·
747 955 843 1007 καὶ
888 952 1052 1018 ἐλεεῖ,
1075 954 1168 1007 καὶ
1193 954 1468 1024 περιέπει,
1501 953 1591 1007 καὶ
1638 952 1765 1006 σκέ-

180 1071 294 1108 πει.
326 1052 474 1114 Ἕως
502 1049 568 1102 ἂν
595 1044 687 1102 οὖν
717 1048 985 1118 πάρεστιν
1024 1048 1172 1118 ἡμᾶς
1207 1047 1507 1118 τρέφεσθαι
1559 1047 1626 1099 ἐκ
1652 1045 1762 1098 τῶν

179 1147 328 1201 ἔνδον
354 1161 367 1174 ·
403 1145 438 1216 ἢ
484 1144 634 1205 ὅπως
682 1141 812 1199 ποτὲ
871 1141 990 1204 ἐνὸς
1030 1139 1139 1193 τῶν
1191 1139 1506 1210 πορταρίων
1545 1137 1761 1196 οἴκοθεν

178 1240 358 1310 λάθρα
387 1235 720 1298 ἐπιδιδόντος
773 1232 870 1287 τοῦ
923 1234 1019 1286 καὶ⁵
1070 1232 1475 1303 ἐΰδομαρησίου
1507 1247 1522 1263 ο
1558 1230 1759 1302 τρέφει

180 1333 353 1406 ἡμᾶς,
397 1331 493 1384 καὶ
548 1327 846 1397 δοξάζομεν
891 1325 983 1378 τὸν
1032 1323 1186 1377 Θεόν.
1252 1323 1650 1379 Ἐπιλιπόντων
1702 1323 1762 1376 δὲ

177 1426 290 1479 τῶν
327 1422 551 1496 χρειῶν,
594 1417 881 1490 οἰκονομίᾳ
916 1414 1078 1481 Θεοῦ,
1130 1416 1643 1487 συγκαταλείψομεν
1666 1415 1762 1473 καὶ

178 1521 346 1591 ἡμεῖς
366 1517 468 1588 τὴν
493 1514 663 1582 ζωὴν,
706 1512 803 1564 καὶ
837 1513 895 1562 ἐν
929 1509 1108 1580 τούτῳ
1131 1501 1400 1581 χαίρομεν
1425 1525 1440 1540 ·
1473 1510 1573 1563 καὶ
1599 1505 1762 1566 τοῦτο

177 1615 280 1684 τῆς
322 1608 742 1683 μεγαλοδωρεᾶς
769 1603 862 1657 τοῦ
901 1602 1060 1657 Θεοῦ.

257 1791 375 1846 Καὶ
405 1787 488 1849 τίς
518 1786 636 1858 είμι
665 1782 777 1853 ἐγὼ
803 1785 832 1838 ὁ
883 1783 1074 1848 τάλας,
1117 1781 1347 1859 τοιούτῳ
1372 1782 1562 1856 τρόπῳ
1589 1801 1760 1840 κατα-

175 1883 410 1956 ληφθεὶς
435 1880 577 1950 ὑπὲρ
603 1878 699 1931 τοῦ
724 1877 992 1947 ὀνόματος
1022 1874 1211 1938 αὑτοῦ,
1237 1876 1331 1928 καὶ
1359 1876 1496 1947 πρὸς
1519 1877 1580 1930 τὸ
1606 1877 1753 1950 ἐξῆς,

1863 685 1976 730 tum
2017 687 2111 744 per
2149 671 2390 727 foramen
2431 670 2632 736 ostioli,
2665 685 2765 725 nos
2791 678 3083 724 sustentat.
3117 668 3307 726 Dicere
3332 686 3441 726 non

1863 763 2131 817 audemus
2196 763 2338 832 quod
2395 759 2586 816 Daniel
2643 759 2798 823 dixit,
2851 776 2973 814 cum
3025 762 3316 829 prandium
3374 761 3443 816 ab

1862 851 2120 906 llabacuc
2181 851 2482 920 accepisset
2540 868 2554 905 :
2608 848 2937 903 Recordatus
3001 851 3138 903 enim
3200 862 3277 905 est
3338 853 3442 907 mei

1863 945 2001 998 Deus
2024 944 2090 997 ⁸⁸.
2120 941 2507 998 Verumtamen
2538 942 2855 997 recordatus
2884 952 2969 996 est
2989 942 3162 997 nostri
3187 943 3279 1012 qui
3320 960 3444 1012 pec-

1863 1047 2074 1093 catores
2122 1052 2335 1102 sumus,
2380 1045 2442 1090 et
2500 1038 2810 1102 miseretur,
2840 1045 2894 1090 et
2926 1037 3082 1105 regit,
3110 1047 3162 1092 et
3189 1039 3440 1108 protegit.

1863 1130 2116 1198 Quandiu
2155 1130 2323 1201 igitur
2371 1131 2608 1200 suppetit
2657 1131 2808 1185 intus
2873 1131 3018 1186 unde
3052 1135 3264 1187 alantur
3291 1172 3307 1196 ,
3348 1143 3444 1188 aut

1861 1237 2194 1293 quocunque
2227 1222 2390 1276 modo
2419 1221 2619 1292 aliquis
2645 1223 2997 1279 ostiariorum
3022 1225 3114 1293 qui
3147 1225 3444 1280 hebdoma-

1862 1315 2050 1371 darius
2083 1316 2174 1380 sit,
2222 1316 2362 1369 clam
2399 1313 2660 1384 elargitur
2729 1317 2894 1370 domo
2953 1317 3170 1372 allatum
3212 1319 3439 1381 cibum;

1863 1407 1961 1462 alit
1999 1423 2120 1470 nos,
2147 1416 2202 1463 et
2225 1406 2392 1461 Deum
2417 1407 2809 1479 gloriﬁcamus.
2843 1407 3230 1464 Deﬁcientibus
3259 1420 3438 1464 autem

1862 1497 2212 1563 necessariis,
2243 1497 2337 1552 Dei
2363 1497 2667 1567 permissu;
2707 1497 2872 1552 vitam
2898 1514 3006 1553 una
3036 1514 3305 1569 ponemus
3339 1499 3441 1568 ipsi

1865 1601 2031 1660 atque
2062 1591 2116 1644 in
2152 1591 2256 1645 hoc
2295 1588 2616 1661 gaudemus,
2649 1588 2811 1660 idque
2851 1589 3031 1660 ipsum
3068 1600 3152 1645 est
3184 1588 3280 1646 Dei
3319 1605 3443 1645 mu-

1863 1683 2146 1738 niﬁcentia
2174 1723 2188 1738 .

1968 1774 2032 1830 Et
2067 1775 2192 1845 quis
2249 1788 2349 1845 ego
2397 1788 2517 1827 sum
2548 1773 2741 1842 miser,
2797 1773 2889 1843 qui
2921 1788 3022 1844 pro
3077 1773 3198 1843 ejus
3228 1775 3446 1831 nomine

1865 1868 1921 1922 in
1951 1868 2095 1922 hunc
2122 1865 2345 1920 modum
2377 1865 2641 1930 detincar,
2670 1874 2727 1918 ut
2754 1864 3149 1919 abundantiore
3174 1874 3295 1934 post
3329 1867 3444 1935 glo-

173 1943 516 2041 (b;.25)\5l58t,
543 1943 702 2043 δόξης
741 1943 1147 2042 περισσοτέρας
1172 1969 1266 2023 τὸν
1291 1943 1596 2040 ἀγέραστον
1620 1943 1756 2024 πατε-

1869 1959 1960 2020 ria,
1992 1956 2328 2024 sicutjubet,
2357 1955 2743 2010 inhonoratum
2801 1971 2929 2010 cum
2989 1954 3156 2010 fratre
3189 1970 3444 2009 remune-

172 2067 413 2136 αξιῶσαι
469 2066 566 2118 σὺν
627 2063 705 2134 τῷ
768 2061 1018 2131 ἀδελφῷ;
1067 2062 1377 2133 Παρακαλῶ
1437 2058 1532 2116 οὖν
1588 2064 1756 2135 ὑμᾶς,

173 2158 436 2227 ἁδελφοὶς
489 2153 935 2223 συναγωνίσασθέ
1005 2171 1096 2224 μοι
1153 2155 1213 2207 ἐν
1278 2157 1403 2217 ταῖς
1430 2159 1760 2228 προσευχαῖς

174 2252 203 2303 ὑ
214 2249 338 2321 μῶν
369 2247 507 2320 πρὸς
534 2246 628 2301 τὸν
657 2245 812 2311 Θεὸν,
846 2245 933 2299 ἵνα
963 2244 1146 2316 ῥυσθῶ
1196 2247 1255 2298 ἐν
1279 2249 1442 2301 παντὶ
1462 2248 1650 2320 τρόπῳ
1673 2247 1761 2307 διὰ

171 2341 385 2401 παντὸς
426 2343 492 2394 ἐκ
523 2339 617 2393 τοῦ
644 2336 892 2408 Πονηροῦ
914 2353 927 2367 ’
968 2337 1063 2391 καὶ
1090 2337 1178 2391 ἵνα
1224 2339 1253 2391 ὁ
1303 2339 1673 2410 ἐναρξάμενος
1703 2342 1762 2392 ἐν

169 2437 341 2505 ἡμῖν
370 2431 535 2503 ἔργον
576 2430 870 2501 ὁμολογίας
897 2428 1064 2482 αὑτοῦ
1115 2427 1203 2484 διὰ
1237 2429 1525 2500 σπλάγχνα
1546 2432 1759 2499 οἰκτιρ.

174 2527 322 2598 μῶν,
377 2526 480 2578 οὐκ
516 2522 576 2589 ἐξ
604 2523 782 2594 ἔργων
826 2521 928 2593 μού
954 2539 1116 2574 τινων
1139 2538 1154 2552 ⁸
1191 2521 1252 2574 οὐ
1284 2522 1396 2594 γὰρ
1436 2523 1673 2593 ἐποίησά
1708 2541 1761 2576 τι

171 2618 389 2688 ἀγαθὸν
416 2618 510 2670 ἐπί
543 2617 644 2686 τῆς
703 2616 828 2685 γῆς,
877 2614 1016 2667 ἀλλὰ
1064 2615 1381 2669 τούναντίον
1409 2633 1421 2648 ·
1449 2616 1615 2680 αὐτὸς
1665 2617 1763 2671 xa't

173 2710 554 2767 ἐπιτελέσειεν
585 2710 644 2761 ἐν
671 2707 1021 2778 ἀμφοτέροις.
1048 2706 1221 2761 Τοῦτο
1249 2710 1344 2762 καὶ
1387 2710 1554 2780 ἡμεῖς
1581 2709 1631 2762 οἱ
1663 2726 1763 2762 τα-

173 2801 360 2855 πεινοὶ
381 2801 520 2871 πρὸς
544 2799 688 2870 ὑμᾶς
716 2800 843 2861 τοὺς
864 2799 933 2851 τὰ
956 2799 1096 2854 αὐτὰ
1123 2800 1431 2870 πάσχοντας
1458 2801 1520 2854 οὐ
1548 2800 1762 2869 διαλιμ-

175 2895 427 2963 πάνομεν
486 2891 754 2944 αἰτεῖσθαι
799 2891 937 2962 μετὰ
986 2891 1265 2963 δακρύων.
1317 2893 1393 2944 Οὐ
1427 2891 1588 2962 μόνον
1633 2891 1763 2954 τοὺς

171 2984 327 3044 ὀκτὼ
350 2984 452 3055 τὴν
490 2983 723 3054 ἐκλογὴν
750 2983 842 3036 τοῦ
867 2984 1074 3054 Κυρίου
1095 2998 1108 3012 ·
1141 2982 1278 3036 ἀλλὰ
1308 2985 1404 3036 καὶ
1443 2985 1535 3036 τὸν
1588 2983 1764 3039 ἁῦὸᾶν

171 3080 410 3149 Πέτρον,
433 3079 528 3131 καὶ
554 3077 647 3134 τὸν
675 3076 838 3130 καλὸν
865 3077 1094 3146 Λητὸῖον
1120 3093 1134 3106 ·
1170 3076 1266 3129 καὶ
1322 3075 1378 3129 εί
1430 3092 1552 3128 τινα
1581 3074 1760 3134 ἄλλον.

169 3169 545 3242 ἀσπαζόμεθα
573 3172 634 3224 ἐν
669 3169 882 3242 Κυρίῳ.

561 3280 686 3337 ΛΕ’.
716 3309 790 3324 -—
828 3281 1150 3351 Ἐπιφανίφ
1187 3280 1396 3346 τέκνῳ.
1422 3279 1582 3355 [τς’].

1861 2049 1990 2105 ret?
2026 2047 2267 2104 Obsecro
2289 2063 2419 2119 ergo
2459 2064 2576 2112 vos,
2610 2044 2829 2114 fratres,
2860 2049 3046 2117 juvate
3071 2064 3156 2102 me
3190 2049 3446 2118 precibus

1860 2143 2057 2198 vestris
2083 2143 2148 2196 ad
2174 2141 2369 2206 Deum,
2406 2151 2463 2194 ut
2493 2156 2706 2210 semper
2736 2155 2766 2194 a
2795 2142 2939 2195 malo
2970 2141 3168 2196 liberer
3193 2142 3447 2197 onmibus

1863 2233 2070 2288 modis:
2094 2241 2147 2287 et
2165 2234 2260 2303 qui
2285 2231 2656 2288 confessionis
2690 2246 2805 2286 sua:
2831 2247 2970 2303 opus
2999 2233 3054 2287 in
3083 2234 3238 2288 nobis
3257 2234 3445 2304 coepit,

1864 2342 1962 2396 per
1988 2325 2200 2380 viscera
2224 2323 2625 2379 misericordiae
2659 2339 2793 2388 sum,
2815 2341 2922 2380 non
2943 2341 3006 2379 ex
3035 2326 3292 2394 operibus
3313 2326 3450 2380 meis

1864 2416 2031 2482 ullis;
2064 2431 2243 2485 neque
2270 2416 2416 2469 enim
2446 2415 2655 2469 bonum
2689 2415 2912 2485 aliquod
2948 2416 3002 2469 in
3049 2428 3189 2471 terra
3221 2419 3324 2488 egi,
3354 2419 3448 2473 sed

1862 2511 2240 2575 contrarium;
2279 2507 2396 2578 ipse
2428 2507 2676 2578 perﬁciat
2705 2507 2758 2561 in
2810 2509 3100 2565 ambobus.
3134 2497 3250 2565 Hoc
3279 2512 3446 2565 etiam

1863 2610 1918 2657 et
1948 2616 2048 2656 nos
2074 2600 2309 2655 humiles
2339 2614 2439 2671 pro
2470 2600 2650 2664 vobis,
2678 2601 2773 2670 qui
2808 2603 2996 2658 eadem
3023 2604 3296 2673 patimini,
3321 2620 3447 2659 cum

1863 2691 2120 2762 lacrymis
2153 2706 2311 2747 orare
2371 2705 2481 2745 non
2511 2705 2816 2746 cessamus.
2849 2691 2970 2747 Non
2997 2701 3123 2748 octo
3151 2703 3360 2748 tantum
3393 2695 3446 2748 in

1863 2783 2098 2839 Domino
2130 2785 2334 2839 electos
2358 2825 2373 2850 ,
2409 2783 2503 2839 sed
2555 2783 2808 2838 abbatem
2863 2800 3083 2856 quoque
3113 2785 3365 2853 Petrum,
3396 2797 3452 2844 et

1863 2876 2145 2948 egregium
2192 2876 2468 2942 Letoium,
2519 2884 2575 2930 et
2610 2876 2658 2930 si
2712 2877 2841 2946 quis
2894 2878 3058 2947 alius,
3092 2879 3144 2934 in
3219 2879 3451 2934 Domino

1864 2969 2188 3024 salutamus.

2228 3277 2455 3337 XXXV.
2487 3311 2557 3321 —
2588 3278 2891 3352 Epiphanio
2926 3277 3060 3349 ﬁlio.

724 3391 1034 3456 Epiphanius
1055 3390 1272 3442 mittitur
1293 3393 1353 3442 ad
1377 3391 1667 3442 Paschalem
1693 3390 1936 3444 summn'm
1959 3391 2263 3454 pontiﬁcem.
2302 3391 2503 3456 (Baron.
2533 3406 2613 3442 an.
2639 3392 2750 3452 818,
2778 3405 2828 3443 n.
2858 3392 2927 3455 4.)

258 3504 422 3571 Ἰδοὺ,
445 3501 637 3557 τέκνον
670 3517 774 3572 μου
815 3497 1198 3571 ἠγαπημένον,
1233 3497 1414 3562 καθὼς
1443 3499 1762 3570 προεθυμή-

169 3603 302 3673 Θης,
327 3600 541 3670 ἀπᾶραι
567 3599 626 3650 ἐν
659 3599 726 3667 τῇ
755 3595 936 3657 Δύσει,
984 3594 1230 3656 εἰπόντος
1264 3609 1366 3663 μου
1401 3587 1534 3663 ἆραι
1575 3592 1761 3662 γράμ-

173 3708 331 3762 ματα
399 3688 598 3742 ταῦτα.
663 3683 988 3738 ’Δπέστειλα
1034 3682 1129 3736 δύο
1181 3681 1496 3746 ἐπιστολὰς,
1549 3679 1643 3733 τοῦ
1698 3697 1759 3734 τε

169 3779 572 3844 ὰποστολικοῦ,
609 3779 705 3831 καὶ
737 3776 831 3829 τοῦ
858 3772 1028 3846 κυροῦ
1065 3773 1354 3828 Μεθοδίου.
1392 3773 1454 3826 Ol
1481 3773 1592 3843 γὰρ
1630 3771 1762 3843 περὶ

169 3881 269 3933 τὸν
311 3874 544 3942 ἀδελφὸν
591 3871 869 3924 Διονύσιον
916 3867 1134 3939 εὐδοκία
1164 3865 1300 3920 Θεοῦ
1339 3868 1437 3920 καὶ
1470 3864 1763 3938 ἀπεσώθη-

173 3987 282 4024 σαν
314 3967 422 4030 ἓως
450 3964 562 4018 τῶν
610 3964 748 4025 ἐκεῖ,
779 3961 876 4015 καὶ
912 3958 1159 4030 χρηστὰς
1203 3956 1428 4021 ἐλπίδας
1479 3957 1720 4029 ἤνεγκαν
1746 3973 1758 3987 ·

173 4063 328 4133 πρὸς
378 4057 446 4121 ἃς
486 4057 585 4111 καὶ
637 4056 802 4109 πάλιν
862 4052 1164 4107 ἐπιστεῖλαι
1215 4044 1275 4104 εὖ
1330 4049 1579 4121 ἐνόμισα.
1625 4049 1762 4103 Ἐπ-

173 4151 404 4210 ἐστειλα
429 4150 508 4214 δέ,
539 4149 638 4218 οὐχ
665 4147 740 4212 ὡς
770 4148 864 4200 ἀπ’
898 4143 1032 4216 ἐμοῦ
1072 4144 1254 4214 μόνον,
1290 4142 1429 4206 ἀλλ’,
1451 4142 1529 4205 ὡς
1553 4141 1616 4194 τὸ
1636 4140 1767 4210 πρό-

171 4260 368 4313 τερον,
407 4241 467 4306 ἐξ
492 4240 824 4311 ἀμφοτέρων
864 4237 974 4290 τῶν
1021 4234 1363 4307 ἡγουμένων,
1422 4232 1515 4297 οὓς
1561 4233 1763 4304 δηλοῖή

173 4331 473 4404 ἐπιστολὴ,
514 4330 693 4401 πάρεξ
717 4327 812 4383 τοῦ
841 4329 941 4398 τῆς
966 4327 1268 4399 Εὑκαιρίας
1291 4339 1307 4356 ⁶
1339 4317 1502 4389 οὗτος
1529 4324 1658 4395 γὰρ,
1691 4323 1766 4386 ὡς

174 4426 417 4496 ἔμαθον,
450 4423 716 4484 κατὰτὰς
751 4419 1029 4490 ἁμαρτίας
1072 4435 1178 4490 μου
1220 4417 1516 4474 κατέπεσε.
1562 4415 1768 4469 Γνώσει

175 4514 277 4571 οὖν
315 4515 415 4569 καὶ
441 4514 595 4583 κοινῇ
625 4511 842 4584 γνώμῃ,
870 4509 959 4562 διὰ
988 4509 1310 4581 μηνύματος
1355 4507 1644 4581 λαθραίου,
1673 4507 1768 4561 καὶ

174 4603 551 4673 ἀναγνώσεως
585 4601 685 4671 τῆς
711 4599 1024 4671 ἐπιστολῆς,
1078 4601 1199 4652 τότε
1228 4601 1648 4669 ἐπεστείλαμεν.
1692 4597 1770 4660 ὡς

175 4700 278 4754 καὶ
329 4696 522 4766 ἐδήλου
547 4695 608 4748 τὸ
640 4695 804 4748 ἀπιὸν
826 4693 1082 4766 γράμμα.
1107 4691 1224 4744 Νῦν
1261 4691 1340 4754 δέ,
1375 4693 1478 4745 κᾶν
1522 4691 1584 4748 οὐ
1615 4690 1770 4744 δεδύ-

1933 3496 2036 3564 Εη,
2073 3498 2272 3554 dilecte
2309 3498 2386 3554 ﬁli
2418 3498 2512 3566 mi,
2549 3500 2694 3554 sicut
2732 3499 2896 3556 alacri
2928 3504 3113 3556 animo
3147 3501 3455 3572 instituisti,

1863 3590 2012 3645 solve
2043 3590 2098 3644 in
2155 3587 2535 3656 Occidentem,
2599 3593 2811 3648 litteras
2875 3593 3015 3648 istas
3075 3594 3287 3650 laturus
3315 3611 3454 3666 quas

1862 3669 2085 3738 dictavi.
2144 3682 2265 3738 Misi
2315 3685 2577 3754 epistolas
2616 3686 2776 3751 duas,
2849 3687 2916 3740 ad
2964 3688 3347 3757 apostolicum,
3403 3702 3458 3748 et

1865 3774 1932 3828 ad
1975 3773 2264 3829 dominum
2301 3773 2665 3831 Methodium.
2717 3775 2911 3833 Frater
2957 3779 3103 3834 enim
3161 3780 3456 3854 Dionysius

1866 3866 1960 3922 Dei
1985 3878 2122 3922 nutu
2154 3877 2208 3923 et
2257 3868 2549 3923 incolumis
2601 3884 2849 3940 eousque
2908 3873 3173 3941 pervasit,
3204 3885 3258 3929 et
3303 3892 3454 3945 spem

1865 3960 2126 4027 Optimam
2197 3960 2546 4029 reportavit:
2598 3961 2664 4015 ad
2723 3977 2888 4032 quam
2950 3963 3182 4020 iteratas
3244 3966 3456 4025 litteras

1866 4049 2066 4104 addere
2095 4064 2276 4120 operae
2333 4050 2568 4118 pretium
2617 4051 2772 4108 duxi.
2829 4053 3037 4124 Scripsi
3085 4066 3289 4124 autem,
3343 4075 3453 4114 non

1869 4153 2130 4213 tauquam
2160 4158 2192 4197 a
2218 4157 2309 4198 me
2339 4142 2539 4210 solum,
2572 4144 2688 4211 sed,
2721 4145 2866 4201 sicut
2894 4156 3076 4214 antea,
3111 4164 3178 4205 ex
3208 4166 3449 4221 persona

1868 4239 2230 4306 utrorumque
2278 4239 2717 4306 praepositorum,
2817 4253 2917 4294 uos
2969 4239 3174 4298 indicat
3200 4244 3452 4314 epistola,

1869 4339 2230 4400 przeterquatn
2263 4329 2523 4386 Eucaeria:
2553 4348 2566 4385 :
2603 4329 2650 4386 is
2675 4331 2843 4398 enim,
2881 4339 2940 4386 ut
2987 4336 3197 4405 accepi,
3229 4349 3455 4408 propter

1870 4429 2089 4490 peccata
2117 4436 2238 4477 mea
2272 4421 2459 4491 lapsus
2477 4431 2582 4478 est.
2622 4421 2700 4477 Ex
2735 4425 3014 4479 communi
3036 4441 3165 4497 ergo
3186 4430 3452 4485 sententia

1868 4519 1922 4565 et
1954 4510 2208 4576 scientia,
2253 4521 2366 4566 tum
2394 4528 2490 4582 per
2517 4516 2792 4569 occultam
2826 4518 3303 4587 signiﬁcationem,
3334 4530 3451 4576 tum

1869 4618 1965 4674 per
1995 4604 2239 4673 epistolae
2287 4604 2464 4674 ipsius
2492 4606 2806 4674 lectionem,
2842 4619 2972 4666 tunc
3019 4611 3362 4680 scripsimus,
3394 4625 3454 4668 ut

1869 4693 2100 4764 epistola
2144 4696 2314 4750 missa
2371 4696 2534 4750 etiam
2577 4697 2910 4755 declarabat.
2941 4701 3100 4757 Nunc
3154 4718 3317 4768 vero,
3349 4706 3452 4760 etsi

175 4807 361 4862 νημαι
391 4787 551 4842 τοῦτο
593 4787 818 4858 ποιῆσαι
868 4786 957 4839 διὰ
1008 4786 1108 4855 τὴν
1149 4783 1474 4852 ἀσφάλειαν,
1522 4785 1635 4838 ἀλλ’
1693 4784 1763 4846 ὡς

1876 4794 2094 4855 propter
2125 4799 2335 4842 arctam
2362 4791 2665 4850 custodiam
2696 4795 2748 4848 id
2783 4794 2961 4852 facere
2985 4812 3092 4851 non
3115 4800 3286 4868 potui,
3313 4810 3453 4855 atta-
3524 4824 3529 4830 -

174 4887 284 4956 ήδη
355 4879 897 4951 ὁμογνωμονούντων
969 4879 1322 4951 ἀμφοτέρων,
1388 4878 1484 4930 καὶ
1536 4877 1675 4949 αὕτη
1735 4879 1769 4948 ή

176 4977 473 5046 ἐπιστολή.
511 4975 671 5037 Ἴσως
706 4973 763 5025 δέ
797 4973 893 5026 καὶ
919 4973 1057 5043 μετὰ
1085 4971 1257 5024 ταῦτα
1281 4971 1551 5042 ἐνδέχεται
1585 4971 1773 5024 κάκεί-

173 5091 307 5136 νους
365 5067 685 5139 ἐπιγνῶναι.
741 5066 936 5123 "Amo:
989 5061 1104 5127 οῦν,
1152 5058 1198 5118 ὧ
1252 5066 1398 5133 ,καλέ
1455 5065 1769 5134 Ἐπιφάνιεο

177 5165 455 5233 ἐπίφανον
526 5161 592 5232 τῇ
655 5158 818 5212 Δύσει
893 5157 1124 5226 ἄγγελος
1203 5158 1413 5222 πιστὸς,
1486 5159 1768 5229 φρόνιμος,

179 5240 692 5328 ἁρχαιογνώριστος
723 5265 737 5280 ο
798 5249 1083 5312 ἀποδιδοὺς
1142 5249 1241 5319 τὴν
1294 5247 1623 5318 ἐπιστολὴν,
1676 5250 1773 5302 καὶ

178 5349 330 5402 κατὰ
351 5346 422 5399 τὰ
438 5343 770 5412 Θεοκινήτως
797 5341 1120 5394 τυπωθέντα
1146 5341 1204 5392 ἐν
1257 5341 1334 5411 τῷ
1367 5341 1508 5411 ἁγίῳ
1539 5341 1773 5393 ἀποστοο

178 5436 350 5506 λικῷ,
403 5430 716 5501 ὑποθετικῷ
745 5431 935 5502 τρόπῳ
974 5431 1070 5484 καὶ
1108 5430 1252 5499 λόγῳ
1279 5431 1372 5482 τοῦ
1401 5430 1548 5500 ἱεροῦ
1598 5429 1772 5483 Μεθο-

178 5527 326 5589 δίου,
359 5525 460 5577 καὶ
515 5519 609 5574 τοῦ
648 5522 746 5589 τῆς
786 5520 1178 5589 Μονεμὸασίας
1229 5522 1387 5589 ἁγίου
1443 5521 1768 5586 ἐπισκόπου,

181 5618 285 5673 καὶ
317 5615 484 5677 αὐτὸς
516 5611 1040 5682 συνεπιπρεσὸεύων
1088 5613 1183 5664 καὶ
1227 5611 1540 5683 ἐκλιπαρῶν
1567 5614 1648 5674 είς
1673 5612 1768 5664 πέο

183 5725 293 5785 ρας
340 5703 633 5774 ἐνεχθῆναι
657 5701 832 5756 ταῦτα
871 5701 1007 5756 Θεοῦ
1035 5702 1277 5774 εὐδοκία.
1312 5702 1404 5755 τοῦ
1457 5702 1674 5773 ἔχοντός
1709 5718 1768 5756 σε

183 5801 282 5863 καὶ
304 5795 616 5861 ἀποσῶσαι,
665 5797 760 5848 καὶ
813 5798 1166 5868 παραστῆσαι
1204 5799 1271 5870 τῇ
1312 5798 1434 5870 ἱερᾷ
1467 5797 1563 5851 καὶ
1593 5813 1769 5871 pax:-

262 5937 302 5969 ⁶⁶
341 5934 476 5992 Dan.
517 5948 627 5998 xlv,
661 5932 750 5990 57.

1870 4892 1994 4932 men
2027 4880 2195 4934 veluti
2230 4881 2343 4950 jam
2393 4886 2865 4944 consentientibus
2921 4890 3191 4960 utrisque,
3259 4907 3451 4948 eorum

1870 4968 2033 5021 etiam
2057 4978 2144 5023 est
2174 4970 2291 5025 haec
2320 4973 2574 5042 epistola.
2603 4974 2862 5032 Fortasse
2891 4986 3072 5033 autem
3095 4991 3284 5050 postea
3319 4996 3454 5036 con-

1871 5056 2031 5125 tingit
2055 5065 2116 5111 ut
2151 5068 2208 5112 et
2237 5059 2342 5128 ipsi
2387 5062 2656 5118 certiores
2686 5063 2838 5122 ﬁant.
2887 5067 3032 5122 Vade
3072 5069 3258 5138 igitur,
3292 5085 3451 5140 egre-

1871 5149 1957 5215 gie
1988 5147 2283 5220 Epiphani,
2308 5167 2514 5224 appare
2535 5153 2812 5212 Occidenti
2849 5161 3078 5216 nuntius
3100 5162 3296 5226 ﬁdelis,
3322 5180 3452 5234 pru-

1870 5243 2026 5309 dens,
2052 5244 2166 5314 jam
2193 5245 2324 5300 olim
2357 5249 2621 5317 probatus
2650 5269 2664 5306 :
2694 5254 2858 5308 redde
2883 5257 3191 5325 epistolam,
3218 5268 3273 5313 et
3292 5258 3452 5329 juxta

1869 5350 1932 5389 ea
1960 5351 2082 5406 quae
2123 5337 2307 5394 divino
2338 5341 2601 5399 instinctu
2658 5345 2927 5415 impressa
2975 5357 3105 5405 sunt
3162 5351 3216 5404 in
3257 5364 3450 5408 sancto

1869 5427 2192 5494 apostolico,
2226 5430 2578 5499 suggestione
2607 5434 2897 5504 verbisque
2948 5437 3123 5492 sancti
3168 5437 3449 5501 Methodii,

1867 5529 1920 5571 et
1949 5520 2121 5572 sancti
2155 5519 2539 5578 Mouembasia:
2590 5524 2831 5596 episcopi
2885 5527 3047 5582 simul
3099 5529 3375 5584 intercede
3399 5537 3454 5583 et

1872 5610 2011 5680 ipse,
2032 5621 2087 5665 et
2106 5627 2224 5677 ora,
2252 5620 2310 5666 ut
2334 5613 2400 5667 ad
2432 5615 2593 5669 ﬁnem
2629 5617 2741 5671 bazc
2760 5618 3128 5688 perducantur
3149 5618 3245 5674 Dei
3263 5619 3454 5674 volun-

1880 5711 2009 5770 tate,
2075 5703 2170 5775 qui
2202 5713 2380 5775 potest
2405 5715 2460 5761 et
2486 5707 2698 5762 salvum
2756 5717 2808 5764 te
2860 5725 3102 5777 servare,
3160 5722 3215 5766 et
3261 5711 3456 5768 sistere

1882 5811 2061 5866 sacro,
2090 5805 2144 5853 et
2186 5797 2345 5854 beato
2377 5799 2586 5858 vertici.
2643 5800 2722 5858 Ne
2769 5800 3036 5861 formidcs
3134 5803 3302 5862 multa
3357 5803 3456 5861 tibi
