3934 6436
518 356 640 419 1211
1700 366 1761 426 S.
1802 364 2195 425 THEODORI
2237 365 2583 426 STUDlT/E
3644 362 3773 426 121?.

516 489 751 539 merces,
805 481 861 530 et
914 491 1169 540 magnum
1216 488 1516 532 certamen.
1580 473 1833 533 Christus
1882 487 2085 534 tecum.

2213 477 2288 545 »ια
2321 477 2557 547 κορυφῇ.
2592 474 2685 543 Μὴ
2734 470 2951 543 δείσῃς·
2996 468 3163 534 πολύς
3209 485 3294 523 σοι
3330 470 3360 523 6
3420 469 3643 540 μισθὸς,
3682 474 3772 525 καὶ

515 567 707 621 Saluta
741 576 961 623 sanctos
992 583 1205 642 omnes,
1236 579 1291 623 et
1320 570 1558 623 maxime
1594 585 1688 625 eos
1711 570 1806 641 qui
1828 570 2098 627 notissimi

2213 569 2368 636 ιέγας
2390 570 2419 621 6
2446 566 2615 635 ἀγών.
2650 565 2882 637 Χριστὸς
2928 563 3066 635 μετά
3096 562 3215 617 σού.
3246 563 3527 635 Πρόσειπε
3564 566 3770 628 πάντας

516 665 648 711 sunt
678 676 690 710 :
716 658 988 727 praecipue
1014 666 1266 711 sanctum
1322 655 1537 711 Patrem
1572 672 1753 712 meum
1784 659 2098 715 archiman-

2213 663 2322 727 τοὺς
2379 660 2588 730 ἁγίους,
2637 660 2733 712 καὶ
2779 657 3018 728 μάλιστα
3072 657 3201 721 τοὺς
3255 657 3765 727 γνωριμωτάτους’

517 747 742 813 dritam,
774 762 839 802 ac
871 748 1159 802 dominum
1200 762 1382 801 meum
1428 744 1957 818 Chartophylacem:
1998 766 2095 807 cu-

2219 754 2485 823 ξαιρέτως
2505 753 2598 805 τὸν
2642 750 2798 820 ἅγιόν
2838 767 2943 821 μου
3004 750 3229 821 Πατέρα
3268 750 3360 803 τὸν
3405 751 3777 821 ἀρχιμανδρί-

514 840 608 913 jus
638 842 880 897 charitas
909 841 1072 896 infixa
1100 850 1185 897 est
1206 842 1260 895 in
1293 840 1489 895 humili
1512 839 1676 896 corde
1700 857 1843 897 meo.

2213 862 2310 915 ην.
2357 844 2521 899 Ἀλλά
2548 843 2769 915 καὶτὸν
2797 842 3067 913 δεσπότην
3122 859 3224 912 μου
3269 840 3364 895 τὸν
3405 841 3775 911 Χαρτοφύλα-

2191 952 2299 990 κα·
2359 928 2420 990 οὐ
2462 938 2498 1008 ὴ
2560 935 2751 1007 ἀγάπη
2812 933 3055 1002 ἔγκειται
3108 933 3167 986 ὲν
3220 934 3288 1004 τῇ
3361 933 3606 1004 ταπεινῇ
3677 949 3775 1003 μου

2201 1028 2420 1101 καρδίᾳ.

890 1128 1134 1187 XXXVI.
1164 1151 1233 1171 ι-
1266 1130 1564 1186 Naucratio
1590 1132 1722 1202 ﬁlio.

2489 1140 2630 1208 AG’.
2656 1138 2768 1213 [ΤΘ
2790 1139 2831 1212 .‘l
2869 1172 2909 1183 -
2970 1139 3323 1209 Ναυκρατίφ
3342 1136 3563 1201 τέκνῳ.

1657 1245 1945 1308 Dogmatica
1973 1246 2036 1296 de
2071 1250 2255 1299 sanctis
2285 1249 2604 1315 imaginibus.

594 1351 673 1405 De
707 1361 758 1406 te
784 1350 1015 1421 gaudeo,
1048 1349 1123 1406 mi
1167 1350 1335 1407 frater
1382 1350 1665 1419 Naucrati,
1698 1355 1843 1424 quod
1895 1348 2097 1411 laetitia:

2272 1362 2468 1432 Χαίρω
2493 1363 2587 1416 ἐπὶ
2617 1364 2721 1429 σοὶ,
2774 1362 2974 1430 ἀδελφέ
3035 1379 3136 1433 μου
3166 1361 3513 1431 Ναυκράτιε,
3546 1360 3638 1413 ὅτι
3685 1359 3781 1428 τῆς

522 1444 665 1499 illius
695 1442 869 1498 factus
893 1457 972 1507 es,
1005 1442 1149 1512 quod
1163 1450 1245 1498 est
1273 1458 1370 1513 pro
1391 1442 1609 1499 Christo
1636 1445 1767 1515 pati.
1799 1444 1933 1500 Nam
1953 1447 2099 1518 quod

2213 1456 2379 1523 ίαρᾶς
2436 1454 2547 1517 υίὸς
2575 1454 2970 1527 χρηματίζεες·
3017 1455 3153 1525 ὅπερ
3190 1453 3307 1507 ἐστὶ.
3324 1452 3386 1505 τὸ
3423 1451 3518 1504 διά
3543 1452 3781 1521 Χριστὸν

525 1536 629 1590 isto
668 1535 841 1605 majus
870 1534 1070 1589 laetitiae
1111 1543 1489 1605 argumentum
1515 1576 1531 1602 ,
1577 1545 1672 1591 aut
1710 1537 1842 1608 quid
1890 1548 1974 1593 est
2030 1538 2099 1594 ad

2213 1548 2454 1617 πάσχειν.
2506 1549 2618 1601 Καὶ
2660 1548 2711 1601 τί
2759 1548 2867 1618 γὰρ
2925 1546 3118 1601 τούτου
3173 1544 3572 1616 χαριέστερονς
3610 1542 3668 1595 τί
3728 1542 3782 1595 δὲ

526 1628 738 1683 laudem
769 1626 1076 1681 illustrius?
1104 1625 1358 1697 Flagellis
1393 1627 1559 1697 igitur
1582 1642 1758 1684 caesus
1780 1644 1861 1696 es,
1890 1629 2097 1686 Christi

2213 1638 2617 1711 εὐκλεέστερονς
2668 1637 3035 1709 Ἐμαστίχθης
3101 1631 3195 1690 οὖν
3253 1633 3733 1704 Χριστομιμήτως
3764 1646 3779 1660 ·

523 1719 773 1789 exemplo
805 1734 821 1774 :
858 1733 889 1773 e
914 1733 1132 1772 carcere
1159 1728 1459 1787 pertractus
1495 1718 1549 1773 in
1576 1735 1873 1785 carcerem,
1903 1722 1957 1776 in
1979 1737 2099 1776 ma-

2213 1729 2376 1801 ίιρθης
2427 1732 2492 1783 ὲκ
2553 1730 2801 1799 φυλακῆς
2852 1730 2933 1792 είς
2989 1727 3257 1798 φυλακὴν,
3318 1722 3661 1795 παραδοθεὶς
3709 1723 3786 1785 εἰς

525 1825 629 1864 nus
660 1808 810 1878 impii
840 1806 1067 1863 Joannis
1100 1809 1330 1863 traditus
1370 1823 1450 1874 es,
1508 1810 1614 1866 sub
1639 1826 1748 1880 quo
1778 1822 1831 1867 et
1865 1828 1965 1882 ego
1998 1812 2099 1866 hu-

2213 1824 2396 1892 χεῖρας
2452 1822 2702 1876 Ἰωάννου
2754 1820 2848 1874 τοῦ
2878 1820 3131 1885 ἀσεϐοῦς,
3159 1820 3243 1887 ἐφ’
3273 1812 3318 1887 ᾧ
3344 1821 3372 1872 6
3395 1816 3661 1880 ταπεινὸς
3694 1816 3787 1869 καὶ⁵

524 1902 668 1956 milis
717 1900 1009 1956 decertavi.
1043 1898 1372 1967 Quinetiam,
1427 1901 1572 1971 quod
1610 1903 1703 1957 illo
1760 1904 2104 1974 aggrediente

525 2008 630 2048 non
668 2008 727 2048 es
764 1994 1081 2059 subversus,
1113 1994 1204 2048 sed
1244 2009 1275 2049 e
1309 1996 1586 2050 contrario
1640 1995 1849 2052 insanae
1903 1998 2103 2053 mentis

524 2086 801 2141 hominem
839 2087 1082 2157 repulisti
1107 2098 1161 2143 et
1188 2087 1506 2156 conlutasti,
1551 2091 1739 2161 utique
1786 2091 1970 2146 audivi
2003 2107 2104 2163 ego

524 2179 711 2243 miser,
743 2190 796 2234 et
827 2196 1077 2249 magnam
1115 2181 1297 2235 animo
1355 2180 1473 2252 cepi
1522 2182 1883 2251 voluptatem.
1942 2185 2105 2241 Adsit

524 2286 655 2325 vero
687 2271 782 2325 tibi
839 2279 892 2325 et
922 2271 976 2324 in
1000 2283 1278 2340 posterum
1312 2274 1378 2327 ad
1437 2283 1665 2328 eventus
1700 2290 1890 2331 omnes
1940 2292 1973 2331 a
1998 2277 2105 2332 Do-

527 2363 677 2416 mino
706 2362 1035 2418 subsidium.
1064 2362 1333 2429 Quoniam
1353 2380 1478 2419 vero
1502 2364 1812 2434 insinuasti,
1838 2369 2103 2438 quasdam

528 2456 600 2510 ab
630 2470 696 2509 eo
732 2456 872 2510 inter
922 2455 1310 2525 diSpntandum
1356 2456 1585 2526 proferri
1652 2459 1973 2525 sententias,
2037 2459 2106 2514 ad

527 2547 870 2603 eversionem
904 2557 1216 2604 sanctarum
1253 2548 1577 2617 imaginum,
1598 2550 1849 2605 videlicet
1879 2551 2104 2619 Asterii,

534 2640 842 2711 Epiphanii,
878 2650 933 2697 et
974 2641 1242 2697 Theodoti
1291 2659 1304 2695 :
1346 2659 1525 2712 opera:
1577 2644 1813 2713 pretium
1863 2645 1997 2700 duxi
2038 2646 2105 2701 ad

533 2731 951 2787 instructionem
977 2733 1287 2797 amborum,
1319 2734 1422 2788 hoc
1443 2734 1564 2789 loco
1587 2750 1894 2798 recensere.
1923 2751 2103 2807 quan-

532 2841 697 2896 quam
722 2826 774 2880 id
799 2827 1041 2896 epistolze
1069 2828 1291 2882 modum
1322 2828 1553 2895 excedit,
1579 2840 1691 2883 tum
1715 2830 1863 2899 ipsas
1888 2832 2105 2887 illorum

534 2932 721 2981 voces,
754 2927 868 2971 tum
900 2926 1168 2984 nostram,
1200 2918 1307 2973 Deo
1348 2920 1591 2988 juvante,
1624 2922 1725 2975 etsi
1756 2922 1992 2992 imperiti
2014 2939 2110 2979 su-

536 3027 681 3078 mus,
710 3027 899 3067 earum
950 3012 1403 3068 confutationem.
1448 3013 1650 3070 Asterii
1701 3016 1886 3086 itaque
1928 3018 2109 3072 oratio

2209 1910 2518 1980 ὴγωνίασα.
2555 1911 2698 1964 Ἀλλ’
2731 1912 2813 1965 ὅτι
2842 1910 3240 1982 προσϐαλόντος
3278 1908 3443 1962 αὐτοῦ
3501 1908 3563 1961 οὐ
3602 1924 3788 1975 περιε-

2205 2003 2445 2074 τράπης,
2474 2002 2786 2056 τούναντίον
2811 2003 2867 2055 δὲ
2902 2004 2997 2056 καὶ
3040 2001 3353 2070 ἀπεπέμψω
3389 1998 3787 2067 διελεγκτικῶς

2203 2096 2295 2149 τὸν
2323 2096 2719 2168 ματαιόφρονα,
2749 2094 2889 2149 πάνυ
2945 2097 2974 2149 6
3020 2094 3192 2157 τάλας
3232 2093 3430 2164 ἦσθην,
3474 2092 3575 2145 καὶ
3621 2090 3787 2145 εὐθύ-

2209 2204 2381 2256 μησα.
2416 2187 2515 2258 Είη
2550 2186 2608 2240 δέ
2636 2204 2718 2240 σοι
2749 2188 2842 2241 καὶ
2870 2186 3006 2258 πρὸς
3041 2186 3102 2239 τὸ
3132 2187 3259 2255 ἑξῆς
3291 2185 3431 2256 πρὸς
3469 2186 3581 2237 πᾶν
3610 2183 3790 2237 ὁτιοῦν

2205 2280 2314 2333 τῶν
2348 2278 2783 2351 συμϐησομένων
2833 2278 2985 2348 παρά
3026 2278 3234 2349 Κυρίου
3275 2276 3520 2347 βοήθεια.
3563 2276 3790 2345 Ἐπειδὴ

2205 2373 2263 2425 δὲ
2308 2372 2441 2443 ἔφης
2492 2374 2773 2443 προτεῖναι
2829 2370 2989 2426 αὐτὸν
3028 2372 3088 2424 ὲν
3117 2374 3183 2442 τῇ
3215 2370 3450 2436 διαλέξει
3491 2369 3683 2438 φωνὰς
3736 2370 3793 2420 ἑν

2209 2469 2489 2538 ἀνατροπῇ
2556 2465 2664 2518 τῶν
2717 2462 2887 2531 ἁγίων
2936 2463 3190 2517 εἰκόνων·
3241 2461 3411 2532 ἦγουν
3474 2460 3789 2531 Ἀστερίου,

2220 2559 2560 2627 Ἐπιφανίου,
2590 2558 2685 2611 καὶ
2727 2556 2983 2611 Θεοδότου
3012 2574 3025 2586 ·
3055 2556 3360 2621 ἀναγκαῖον
3409 2552 3599 2623 ᾠήθην
3646 2553 3789 2623 πρὸς

2210 2651 2580 2721 καταρτισμὸν
2623 2650 2972 2721 ἀμφοτέρων,
3020 2645 3366 2716 παραθέσθαι
3412 2644 3656 2697 ἐνταῦθα
3682 2659 3699 2675 ⁸
3741 2644 3791 2695 εἰ

2210 2742 2306 2796 καὶ
2344 2742 2658 2815 ὑπερτείνει
2688 2741 2749 2796 τὸ
2780 2740 3188 2808 ἐπιπολιμαῖον
3222 2736 3391 2805 ὕφος·
3436 2736 3609 2799 αὐτάς
3638 2734 3790 2787 ὲκεί-

2209 2853 2318 2888 νων
2340 2835 2440 2899 τὰς
2469 2836 2673 2911 φωνάς,
2724 2834 2819 2886 καὶ
2848 2831 2949 2902 τὴν
2996 2830 3094 2883 σὺν
3141 2828 3260 2899 Θεῷ
3308 2829 3438 2899 παρ’
3487 2828 3649 2898 ἡμῶν
3688 2824 3795 2878 τῶν

2210 2926 2438 2997 ἀμαθῶν
2500 2926 2811 2995 ἀνατροπὴν
2886 2922 3087 2977 αὐτῶν.
3151 2921 3215 2974 Ἢ
3267 2920 3364 2974 οὖν
3423 2918 3518 2972 τοῦ
3598 2919 3793 2971 Ἄστε-

2214 3019 2330 3089 ρίου
2368 3017 2444 3087 (1)
2480 3018 2574 3070 ἐπὶ
2602 3017 2800 3082 λέξεως
2854 3015 2979 3069 τάδε
3005 3030 3019 3044 ⁸
3057 3033 3077 3067 ι
3138 3014 3230 3083 Μὴ
3283 3012 3463 3083 γράφε
3505 3011 3596 3064 τὸν
3655 3012 3794 3082 Χρι-

536 3103 605 3156 ad
640 3102 865 3156 verbum
892 3110 975 3157 est
1035 3103 1370 3173 hujusmodi.
1427 3122 1445 3156 ι
1488 3104 1769 3161 Christum
1832 3122 1898 3160 ne
1924 3108 2103 3178 pinge.

2213 3109 2337 3163 στόν
2364 3125 2379 3141 ’
2420 3110 2582 3180 ἀρκεῖ
2612 3107 2719 3177 γὰρ
2758 3106 2909 3178 αὐτῷ
2956 3106 2992 3177 ἠ
3056 3104 3156 3175 μία
3187 3105 3286 3174 τῆς
3334 3102 3790 3173 ὲνσωματῶσεως

538 3191 747 3247 Sufficit
774 3194 917 3247 enim
950 3195 1051 3263 ipsi
1082 3195 1225 3263 quod
1245 3195 1311 3248 ad
1342 3211 1655 3266 corpoream
1678 3208 1926 3252 naturam
1954 3214 2110 3253 assu-

537 3285 787 3339 tuendam
815 3294 997 3339 nostra
1028 3300 1193 3339 causa
1223 3300 1282 3339 se
1308 3294 1500 3353 sponte
1519 3285 1725 3342 dimisit
1755 3306 1768 3341 :
1800 3289 1894 3342 sed
1932 3297 2113 3344 mente

540 3384 595 3431 et
634 3377 906 3432 intellectu
944 3375 1180 3432 Verbum
1246 3378 1630 3448 incorporeum
1672 3379 1968 3436 circumfer
1985 3382 2052 3437 “.
2088 3402 2106 3434 ι

537 3472 904 3543 interrogetur
957 3473 1140 3542 itaque
1188 3483 1491 3544 argutator,
1544 3475 1900 3544 quamobrem
1943 3476 2111 3531 Chri-

540 3573 686 3620 stum
711 3566 854 3637 pingi
889 3575 1068 3635 negat.
1118 3565 1375 3621 Su‘llicere
1405 3567 1454 3622 ei
1502 3567 1634 3623 dicit
1665 3568 1880 3623 unicam
1930 3570 2115 3624 incor-

540 3657 844 3725 porationis
876 3658 1263 3723 humilitatem,
1288 3658 1492 3728 quippe
1520 3673 1641 3727 quae
1664 3659 1827 3713 semel
1858 3670 2111 3731 suscepta

539 3756 624 3803 εει
647 3749 766 3803 sine
790 3749 1016 3814 honore,
1052 3751 1355 3820 refugiente
1392 3751 1512 3820 ipso
1534 3750 1761 3806 alteram
1788 3750 2115 3809 humilitatis

543 3841 1062 3897 manifestationem.
1094 3843 1158 3897 Et
1188 3846 1461 3914 quomodo
1495 3843 1587 3898 illa
1622 3854 1816 3916 sponte
1840 3856 2113 3917 suscepta,

542 3932 590 3988 si
623 3934 784 3989 habet
814 3933 1128 4004 adjunctam
1161 3934 1477 3989 infamiam?
1503 3933 1640 3991 Nam
1684 3937 1830 4008 quod
1858 3939 2114 3992 volunta-

544 4027 687 4079 rium
708 4034 815 4090 est,
840 4025 891 4080 id
920 4025 1218 4096 gloriosum
1242 4042 1480 4097 quoque,
1498 4043 1601 4083 nec
1617 4028 1929 4097 adjunctam
1953 4027 2117 4081 habet

546 4118 897 4173 involuntarii
944 4129 1149 4173 notam.
1180 4120 1278 4185 Ac,
1315 4119 1360 4173 si
1417 4136 1506 4175 res
1537 4134 1695 4174 secus
1733 4118 1897 4184 foret,
1932 4126 2115 4174 tamen

545 4207 754 4277 pictura
796 4206 1009 4260 iteratio
1037 4216 1139 4273 εει,
1163 4208 1302 4261 idem
1328 4208 1471 4277 quod
1492 4209 1643 4277 prius
1658 4207 1920 4263 exhibens
1937 4209 2118 4278 quoad

546 4298 986 4355 similitudinem.
1022 4297 1089 4353 Et
1125 4300 1400 4369 quomodo
1450 4299 1597 4356 illius
1650 4301 1971 4356 memoriam
2020 4317 2119 4371 per

546 4391 798 4446 auditum
847 4390 1107 4447 refricare
1160 4407 1268 4445 non
1316 4391 1589 4462 piaculum
1622 4393 1744 4448 sit:
1802 4392 1848 4448 si
1897 4393 2118 4462 quidem

2211 3199 2705 3271 ταπεινοφροσύνη,
2769 3200 2837 3271 ἢν
2876 3197 3216 3270 αὐθαιρέτως
3252 3197 3320 3250 δι’
3360 3197 3510 3267 ἡμᾶς
3564 3195 3793 3248 κατεδέ-

2214 3293 2343 3360 ξατο
2362 3310 2378 3326 ·
2409 3293 2505 3346 ἐπὶ
2532 3291 2590 3345 δὲ.
2619 3291 2719 3362 τῆς
2760 3290 2940 3362 ψυχῆς
2986 3307 3079 3343 σου
3138 3288 3424 3361 βαστάζων
3451 3287 3667 3358 νοητῶς
3706 3287 3797 3339 τὸν

2213 3384 2504 3456 ἀσώματον
2554 3383 2725 3452 Λόγον
2763 3384 3051 3453 περίφερε.
3095 3399 3114 3433 ι
3180 3377 3512 3451 Ἐρωτάσθω
3560 3394 3793 3447 τοιγαρ-

2216 3477 2313 3531 οὖν
2366 3480 2394 3532 6
2433 3476 2801 3547 λογογράφος,
2856 3474 3081 3529 ἀνθότου
3133 3470 3526 3542 ἀπαγορεύσας
3557 3469 3798 3540 Χριστὸν

2215 3570 2546 3641 γράφεσθαι,
2575 3572 2768 3641 ἀρκεῖν
2798 3567 2949 3637 αὐτῷ
2995 3567 3148 3636 λέγει
3193 3567 3294 3638 τὴν
3325 3564 3458 3635 μίαν
3498 3562 3599 3631 τῆς
3627 3563 3801 3614 ὲνσω-

2222 3663 2523 3735 ματώσεως
2546 3661 3047 3731 ταπεινοφροσύνην
3066 3677 3080 3691 ο
3114 3658 3189 3722 ὠς
3210 3658 3306 3711 καὶ
3337 3657 3436 3728 τὴν
3466 3654 3618 3719 ἅπαξ
3650 3656 3802 3723 αἱρε-

2220 3757 2406 3809 θεῖσαν
2458 3754 2645 3821 ᾶδοξον
2680 3752 3044 3821 ὑποφεύγοντι
3096 3751 3195 3822 τὴν
3236 3747 3667 3820 δευτερεύουσαν
3703 3746 3801 3816 τῆς

2218 3844 2726 3917 ταπεινοφροσύνης
2776 3843 3108 3914 φανέρωσιν.
3148 3841 3257 3893 Καὶ
3290 3840 3405 3904 πῶς
3474 3838 3802 3908 αὐθαίρετος

2219 3940 2269 3991 εί
2330 3938 2553 4004 ἀδοξοςς
2598 3936 2661 3991 τὸ
2708 3936 2819 4007 γάρ
2860 3934 3188 4002 αὐθαίρετον
3230 3932 3469 3999 ἔνδοξον,
3516 3931 3620 3985 οὐκ
3677 3929 3800 4001 ἕχον

2218 4030 2313 4085 τοῦ
2362 4029 2625 4084 ἀκουσίου
2682 4028 2745 4081 τὸ
2798 4027 3008 4093 ἄδοξον.
3052 4026 3115 4079 El
3150 4025 3207 4079 δὲ
3237 4024 3402 4078 τοῦτο
3440 4022 3538 4077 οὐ·
3576 4022 3691 4078 ἀλλ’
3721 4023 3802 4075 ὅτι

2219 4124 2547 4195 δευτέρωσις
2591 4123 2626 4194 ἡ
2660 4121 2721 4175 τὸ
2769 4120 2901 4176 αὐτὸ
2953 4120 3051 4174 καὶ
3102 4118 3319 4191 πρῶτον
3365 4115 3490 4171 καθ’
3540 4116 3802 4187 ὁμοίωσιν

2222 4216 2546 4275 δεικνύουσα
2609 4214 2821 4285 γραφή.
2880 4212 3005 4276 Πῶς
3052 4210 3108 4264 δὲ
3162 4211 3255 4265 καὶ
3309 4209 3371 4263 τὸ
3410 4206 3799 4277 ὑπομνηματι-

2224 4310 2411 4374 ζεσθαι
2438 4307 2503 4362 δι’
2530 4306 2702 4377 ἀκοῆς
2728 4306 2788 4360 οὐ
2821 4304 3219 4376 παραιτήσεται
3239 4317 3253 4332 ο
3287 4301 3402 4369 εῐγε
3431 4301 3496 4354 τὸ
3529 4300 3599 4352 δι’
3628 4299 3801 4369 ὄψεως

2230 4399 2660 4472 θριαμϐεύεσθαι
2731 4398 2807 4461 ὼς
2861 4395 3193 4466 δευτέρωσιν
3263 4391 3434 4465 φέρον
3494 4390 3801 4461 νεμεσητὸν

549 4500 646 4554 per
685 4487 859 4540 visum
915 4500 1025 4539 rem
1076 4485 1380 4555 divulgare,
1413 4485 1570 4555 quasi
1629 4485 1826 4541 iterare
1864 4485 2110 4556 injuriam

2228 4490 2413 4560 αὐτῷ;
2452 4488 2749 4559 Ἑκάτερον
2769 4485 2879 4556 γάρ
2910 4484 3137 4557 θατέρου
3178 4480 3396 4536 σύνοδόν
3453 4496 3515 4533 τε
3548 4482 3647 4535 καὶ
3693 4482 3799 4533 lao-

552 4577 751 4632 iuerit?
780 4575 874 4629 Est
894 4578 1040 4630 enim
1083 4577 1317 4631 alterum
1348 4577 1504 4631 alteri
1532 4592 1836 4632 consonum
1866 4586 1920 4631 et
1948 4592 2110 4646 aequa

2224 4584 2481 4653 δύναμον,
2541 4580 2617 4644 ὡς
2651 4578 2715 4632 τὸ
2763 4578 2907 4631 θεῖον
2962 4575 3159 4646 στόμα,
3214 4572 3553 4636 Βασίλειοςό
3607 4572 3796 4645 μέγας⁴

553 4672 625 4734 le,
662 4681 722 4726 ut
774 4668 1005 4741 magnus
1070 4670 1308 4728 Basilius
1352 4671 1539 4739 divino
1582 4685 1681 4726 ore
1723 4670 2110 4740 pronuntiavit.

2226 4668 2630 4743 ἀπεφθέγξατο.
2677 4669 3075 4737 Λογισθήσεται
3106 4665 3164 4718 δὲ
3207 4663 3477 4718 καὶκατὰ
3519 4663 3584 4717 τὸ
3616 4662 3805 4718 ἀνάλο-

554 4763 893 4834 lntelligetur
934 4772 1116 4819 autem
1143 4773 1195 4819 et
1230 4779 1324 4833 per
1371 4763 1862 4833 comparationem,
1916 4764 1963 4817 si
1992 4777 2110 4817 cru:

2226 4783 2346 4835 γον,
2394 4764 2489 4818 καὶ
2518 4762 2576 4817 τό
2605 4761 2698 4816 τὸν
2724 4761 2955 4831 σταυρὸν
2986 4757 3135 4824 ἅπαξ
3166 4756 3468 4829 γραφῆναι,
3487 4756 3679 4827 ἑτέρου
3711 4756 3807 4825 δη-

556 4856 724 4911 semel
754 4855 1079 4919 delineatur,
1111 4855 1334 4909 alterius
1360 4854 1610 4909 videlicet
1665 4869 1787 4909 esse
1812 4854 1999 4909 crucis
2025 4854 2110 4908 ite-

2228 4856 2365 4927 λαδὴ
2411 4854 2647 4926 σταυροῦ
2692 4852 3023 4925 δευτέρωσις
3049 4867 3065 4883 ’
3102 4850 3179 4915 ὡς
3228 4849 3325 4904 καὶ
3368 4849 3464 4902 ἐπὶ
3498 4848 3599 4902 τοῦ
3626 4849 3805 4916 Εὐαγ-

557 4947 845 5010 rationem,
876 4948 1019 5002 sicut
1040 4956 1094 5002 et
1119 4947 1186 5001 de
1209 4946 1517 5016 Evangelio.
1542 4947 1880 5015 thunniam
1905 4960 2110 5015 sempel

2230 4947 2441 5018 γελίου.
2480 4947 2593 5001 Kal.
2630 4944 2825 5015 ἐπειδὴ
2849 4944 2937 4998 ἀεὶ
2965 4941 3242 5013 γράφεται
3281 4942 3577 5012 ἀμφότερα
3597 4956 3614 4973 ο
3646 4938 3810 4993 ἀπεί-

559 5048 855 5110 utrumque
917 5040 1291 5106 describitur;
1370 5041 1686 5096 innumeras
1747 5056 1869 5096 esse
1912 5054 2106 5095 cruces

2233 5056 2361 5110 ρους
2405 5038 2711 5109 σταυροὺς,
2750 5035 2889 5109 πρὸς
2940 5035 2998 5090 δὲ
3035 5034 3134 5088 καὶ
3195 5032 3537 5103 Εὐαγγέλια,
3577 5033 3681 5103 οὐχ
3712 5030 3810 5085 ἕνα

560 5131 842 5201 multoque
870 5131 1025 5201 plura
1077 5129 1390 5201 Evangelia,
1452 5146 1559 5186 non
1613 5146 1779 5185 unam
1831 5138 1886 5185 et
1936 5146 2105 5184 unum

2232 5134 2324 5186 καὶ
2360 5130 2441 5195 ἓν,
2497 5130 2790 5200 ὑπάρχειν.
2855 5128 2920 5182 El
2954 5126 3013 5182 δὲ
3059 5121 3143 5191 εἷς
3196 5129 3295 5182 καὶ
3347 5125 3659 5197 οὐδέτερος,
3709 5124 3809 5177 κᾶν

561 5220 717 5289 Quod
745 5222 793 5278 si
828 5238 933 5276 una
969 5239 1102 5278 crux
1156 5233 1210 5278 et
1257 5239 1361 5276 non
1390 5223 1497 5277 alia
1524 5230 1626 5286 est,
1660 5222 1765 5278 etsi
1822 5221 1969 5277 mille
2011 5221 2110 5290 pina

2236 5224 2539 5296 μυριοστῶς
2566 5224 2856 5293 γράφοιτο,
2889 5222 3121 5293 σταυρός
3152 5218 3253 5291 (2).
3283 5220 3396 5274 Καὶ
3438 5218 3499 5274 ἐν
3528 5218 3628 5272 καὶ
3659 5216 3806 5272 οὐδὲ·

2065 5336 2299 5393 NOT/E.

636 5449 801 5525 (l)_ln
842 5450 975 5525 cod.
998 5448 1225 5525 Reg._ad
1259 5466 1409 5525 oram
1436 5451 1562 5525 libri
1593 5470 1606 5504 :
1652 5450 1846 5525 ’ἰστέον
1883 5449 2110 5525 ὡςῌὲστ-ιί

2233 5455 2385 5525 tyclte
2418 5452 2750 5525 conjuncti“.

578 5514 854 5593 ’Δρτέριος
888 5521 991 5573 ὐπὸ
1011 5514 1105 5593 τοῧ
1139 5522 1441 5593 ἀγιωτάᾼτου
1474 5521 1786 5593 Σωφρονξου
1814 5522 2017 5593 ἐντοῖς
2034 5521 2101 5593 αὐ

2258 5514 2279 5525 ⁷
2308 5524 2384 5593 (2)
2418 5522 2472 5577 In
2510 5514 2633 5579 cod.
2660 5524 2791 5593 Reg.
2822 5521 2889 5576 ad
2920 5536 3071 5593 oram
3107 5519 3273 5575 libri:
3300 5514 3393 5593 Εἷς
3416 5520 3538 5593 εστι
3557 5517 3810 5593 Χριστὸς,

563 5592 662 5665 τού
699 5587 995 5665 συνοδικοῖς
1030 5587 1702 5665 ἀναθεματιζόμενοςζκαὶ
1733 5592 1837 5665 ὐπὸ
1856 5591 2013 5665 ἄλλοι)
2030 5592 2142 5665 Πα-
2237 5587 2338 5648 κᾶν
2368 5587 2688 5665 γράφωνται
2728 5587 2931 5665 μυρίοι.
2972 5590 3368 5665 Καὶμσταυρδς
3397 5589 3572 5665 οὕτω,
3595 5587 3702 5643 κᾶν
3728 5587 3810 5665 γίτ

564 5662 695 5731 τρὸς
730 5660 1092 5731 Ἀπολιναρίῳ
1110 5658 1212 5714 καὶὴ
1231 5658 1462 5729 Εὐτυχεῖ
1487 5662 1932 5729 συνταττόμενος.
1959 5660 2110 5715 Scien

2240 5658 2439 5718 νωνταί
2468 5658 2739 5727 πλείονεςξ
2770 5658 2915 5717 Unus
2963 5674 3039 5716 est
3079 5658 3319 5718 Christus
3348 5674 3365 5713 :
3399 5660 3523 5731 etsi,
3555 5658 3813 5713 innumeri

563 5730 724 5806 dnm_
754 5732 895 5806 quod
964 5730 1202 5785 Asterius
1242 5748 1275 5806 _a
1320 5733 1657 5806 sanctissimo
1702 5731 2021 5806 “Sophronia
2045 5740 2144 5806 ξεί
2242 5736 2551 5806 pingantur.
2580 5734 2668 5789 Sic
2697 5743 2746 5788 et
2787 5733 3088 5801 crux,licct
3124 5732 3301 5803 plures
3333 5730 3712 5799 conﬁciantur.

570 5802 1052 5857 anathematizatus
1079 5818 1097 5867 ,'
1124 5812 1173 5858 et
1200 5802 1262 5856 ab
1294 5803 1399 5857 alio
1438 5819 1554 5857 cum
1581 5802 1910 5872 Apollinario
1940 5815 1987 5856 et
2037 5800 2146 5854 Eu-
