3934 6436
123 385 273 451 1213

1321 389 1861 456 EPISTOLARUM
1901 394 2051 457 LIB.
2108 394 2194 456 II.

3246 395 3381 460 1214

119 512 308 566 τερον,
359 495 466 550 κάν
515 494 762 568 ἀπείρως
827 495 1120 570 γράφοιτο,
1183 485 1520 569 Εὐαγγέλιον
1543 516 1560 532 ·
1607 500 1706 556 καὶ

1815 508 2008 572 gantur
2045 500 2132 556 :si
2161 514 2354 566 unum,
2375 505 2430 556 et
2459 513 2570 555 non
2597 499 2850 564 alterum,
2891 498 3245 571 Evangelium
3271 510 3377 569 est,
3432 481 3436 487 ’

120 582 206 653 εἷς
232 588 331 644 καὶ
359 587 420 641 ού
463 585 577 655 δύο,
617 586 724 642 κᾶν
774 587 1042 654 ὡσαύτως
1099 589 1388 660 γράφοιτο,
1441 591 1697 662 Χριστός.

120 681 480 753 Γραφόμενος
508 680 619 751 γάρ
671 681 841 746 ἑστιν,
874 682 950 745 ὡς
999 683 1545 751 ἀναγινωσκόμενοςο
1605 684 1701 737 καὶ

120 776 186 829 ού
217 773 594 844 πλησθήσεται
623 769 721 838 οῦς
739 775 850 828 ἀπὸ
869 773 1349 845 ἀκροάσεως,οὕτε
1376 775 1485 845 μὴν
1505 773 1704 843 ὀφθαλ-

125 866 232 936 μὸς
278 865 388 922 ἀπὺ
415 865 664 937 ὁράσεως
689 882 704 897 ⁶
753 867 838 921 ὅτι
884 868 914 920 6
939 865 1074 930 Θεὸς
1126 865 1418 937 ἄνθρωπος
1455 867 1651 935 γέγονε
1684 882 1697 897 ·

121 958 224 1016 καὶ
248 957 332 1011 ὅτι
362 956 520 1029 ὤφθη
581 957 784 1029 βρέφος
824 959 853 1010 6
909 956 1130 1020 αἰώνιος
1151 972 1164 986 °
1194 957 1291 1010 καὶ
1332 957 1703 1028 γαλακτοτρο·

120 1050 313 1115 φεῖται
338 1049 367 1100 6
397 1047 617 1119 τρέφων
647 1047 717 1102 τὰ
746 1046 1068 1118 σύμπαντα·
1123 1047 1222 1102 καὶ
1266 1047 1628 1115 ἀγκαλίζεται
1673 1050 1704 1103 6

119 1139 542 1212 ἀπερίληπτος·
597 1140 694 1194 καὶ
730 1139 1066 1210 χρηματίζει
1112 1141 1250 1216 ἀνὴρ
1308 1142 1338 1195 6
1389 1141 1657 1213 ύπέρθεος
1685 1157 1700 1173 ⁶

122 1235 224 1288 καὶ
261 1233 590 1304 βαπτίζεται
625 1235 658 1304 ἠ
687 1233 788 1302 τῆς
819 1233 1018 1301 σοφίας
1048 1233 1322 1297 άδυσσοςο
1376 1235 1472 1288 καὶ
1501 1235 1606 1306 δρᾷ
1635 1235 1703 1289 τά

123 1324 413 1395 θεοπρεπῆ
469 1324 567 1378 καὶ
624 1324 1076 1395 ἀνθρωποπρεπῆ
1132 1325 1161 1376 6
1216 1324 1573 1395 ὑπερούσιος’
1610 1327 1702 1379 καὶ

125 1415 466 1486 σταυροῦται
493 1417 523 1469 6
563 1413 665 1484 τῆς
705 1414 866 1484 δόξης
896 1415 1102 1483 Κύριος
1124 1432 1140 1449 ο
1179 1415 1278 1468 καὶ
1308 1415 1574 1468 θάπτεται
1607 1417 1702 1470 καὶ

121 1509 418 1563 ἀνίσταται
469 1508 498 1562 6
537 1506 822 1571 (tuomtth
847 1511 915 1560 τὰ
941 1506 1239 1578 σύμπαντα
1262 1523 1276 1538 ⁸
1331 1506 1427 1561 καὶ
1458 1509 1702 1572 ἀναλαμ-

121 1598 356 1652 6άνεται
409 1597 900 1671 ἀνθρωποπρεπῶς
946 1601 975 1652 6
1017 1598 1275 1670 μηδαμοῦ
1324 1599 1701 1671 χωρούμενος.

121 1689 440 1744 Παυσάσθω
483 1691 849 1759 ἀπαγορεύειν
886 1690 987 1764 τὴν
1017 1691 1162 1746 οὓτω
1193 1694 1461 1764 σωτήριον
1497 1694 1702 1764 κόσμου

121 1781 255 1839 καθ’
303 1784 545 1847 ἑκάτερα
603 1783 917 1854 φανέρωσιν
944 1801 959 1816 ·
996 1785 1093 1838 καὶ
1137 1784 1237 1854 τὴν
1285 1785 1445 1851 δόξαν
1489 1785 1701 1857 Κυρίου

119 1872 350 1937 ἀδοξίαν
406 1871 834 1944 ὑποτιθέμενος,
883 1874 978 1929 καί⁵
1012 1874 1111 1946 τὴν
1143 1875 1470 1948 αὐθαίρετον
1510 1895 1704 1933 ταπει-
1739 1857 1780 1911 Β

119 1965 470 2037 νοφροσύνην
499 1966 757 2020 ἀκούσιον
790 1967 1264 2037 ύποδαλλόμενος·
1303 1970 1608 2024 παυσάσθω
1649 1971 1706 2025 δὲ

120 2058 226 2111 καὶ
246 2057 326 2128 τῷ
354 2059 576 2128 μεγάλῳ
601 2059 869 2130 Βασιλείῳ
895 2058 1340 2129 ἀντιφερόμενος,
1373 2055 1436 2117 οῦ
1459 2064 1492 2132 ἠ
1525 2064 1702 2133 φωνὴ,

121 2147 268 2202 Θεοῦ
311 2143 624 2220 φωνήοῶδέ
660 2168 762 2203 που
803 2150 1212 2220 προστάσσοντι
1238 2168 1251 2182 ·
1298 2171 1318 2206 ι
1391 2154 1704 2224 Ἐγγραφέ-

122 2243 243 2294 σθω
271 2241 351 2312 τῷ
377 2243 569 2295 πίνακι
602 2243 698 2293 καὶ
724 2243 751 2294 6
789 2242 900 2293 τῶν
938 2241 1336 2312 παλαισμάτων
1358 2243 1706 2314 ἀγωνοθέτης

120 2335 386 2405 Χριστός.
422 2352 442 2385 ι
490 2333 764 2406 Ἐρῤίφθω
810 2333 866 2385 δέ
911 2351 1016 2387 που
1057 2334 1204 2388 θείου
1265 2335 1430 2406 χοροῦ
1472 2336 1572 2389 σὺν
1636 2339 1702 2406 τῇ

123 2424 384 2498 παρούσῃ
435 2426 712 2495 ἀποφάσει
757 2426 912 2498 καὶὴ
960 2426 1092 2498 ἑξῆς
1147 2430 1482 2497 κατάφασις,
1515 2427 1592 2491 ὡς
1643 2428 1705 2482 τὸ

123 2517 247 2572 τσον
294 2517 396 2588 τῆς
421 2516 652 2580 ἀτοπίας
691 2515 912 2587 ἔχουσα.

195 2694 268 2747 Τί
286 2693 396 2764 γάρ
409 2710 574 2763 φησιν
594 2711 608 2759 ;
626 2694 751 2748 Ἐπὶ
766 2695 824 2748 δὲ
845 2697 948 2761 τῆς
966 2695 1145 2767 ψυχῆς
1167 2713 1259 2750 σου
1277 2695 1561 2768 βαστάζων
1578 2717 1706 2770 νοη-

121 2789 237 2852 τῶς
259 2786 351 2839 τὸν
378 2785 672 2856 ἀσώματον
699 2789 872 2857 Λόγον
897 2790 1188 2858 περίφερε.
1216 2791 1280 2842 Ὢ
1315 2791 1413 2860 τῆς
1445 2790 1701 2858 ἀλογίαςι

122 2879 374 2935 Ούτίπου
391 2879 498 2951 γὰρ
522 2880 666 2933 θεῖον
691 2882 867 2950 στόμα
897 2881 1187 2951 ἀσώματον
1217 2881 1310 2935 τὸν
1333 2884 1527 2951 Λόγον,
1567 2884 1706 2953 μετὰ

122 2975 187 3030 τὸ
207 2971 465 3042 γενέσθαι
494 2973 656 3025 αὐτὸν
696 2975 898 3044 σάρκα,
931 2974 1179 3044 λέλεχεν;
1219 2976 1418 3027 Ούκέτι
1451 2975 1552 3046 μὲν
1595 2976 1705 3046 γὰρ

124 3066 312 3134 σάρκα
353 3063 609 3135 Χριστὸν,
652 3065 767 3118 ἀλλ’
825 3065 926 3117 ούκ
973 3065 1268 3134 ἀσώματον
1332 3067 1423 3119 τὸν
1454 3067 1626 3134 Λόγον
1677 3069 1706 3120 6

1803 595 1909 651 etsi
1953 594 2167 650 inﬁnite
2207 594 2597 650 describatur:
2631 594 2712 649 sic
2761 609 2926 659 unus,
2955 609 3067 648 non
3107 595 3378 662 geminus,

1803 689 1908 744 etsi
1955 687 2209 743 similiter
2283 686 2561 757 pingatur,
2627 685 2883 741 Christus
2962 694 3067 741 est.
3130 685 3382 757 Pingitur

1803 779 1975 845 enim,
2010 788 2073 834 ut
2101 787 2154 833 et
2178 779 2373 848 legitur
2400 796 2412 832 :
2448 792 2547 832 nec
2571 777 2964 846 multiplicatur
2993 777 3143 831 auris
3165 778 3378 842 auditu,

1803 880 1900 926 aut
1945 871 2141 926 oculus
2171 871 2310 924 visu.
2347 867 2466 923 Jam
2522 884 2647 923 cum
2700 869 2845 924 Deus
2877 867 3060 923 factus
3085 869 3248 923 homo
3279 869 3374 933 sit,

1805 963 1986 1021 infans
2037 963 2258 1019 habitus
2292 962 2386 1032 qui
2413 960 2780 1030 sempiternus
2813 979 2827 1014 :
2857 974 2983 1014 cum
3020 959 3163 1014 lacte
3201 961 3382 1015 alatur

1805 1071 1900 1126 per
1960 1069 2125 1126 quem
2171 1054 2427 1108 universa
2484 1052 2745 1117 aluntur;
2783 1066 2910 1106 cum
2959 1051 3383 1122 incomprehen-

1806 1146 1985 1202 sibilis
2035 1146 2179 1201 ulnis
2223 1144 2608 1209 contineatur;
2637 1158 2760 1197 cum
2823 1143 2908 1196 vir
2947 1142 3248 1212 appelletur
3283 1141 3380 1213 qui

1807 1237 1950 1290 Deus
1986 1237 2224 1291 eximius
2247 1242 2374 1301 est;
2407 1249 2532 1290 cum
2563 1235 2870 1304 baptizetur
2918 1232 2969 1289 is
3009 1233 3168 1301 cujus
3213 1233 3374 1288 inex-

1805 1328 2003 1382 hausta
2063 1325 2330 1396 sapientia
2392 1333 2520 1391 est;
2564 1339 2688 1378 cum
2766 1323 2952 1377 divina
3030 1323 3383 1395 humanaque

1805 1425 2028 1489 peragat
2059 1417 2154 1487 qui
2193 1425 2442 1470 naturam
2486 1431 2705 1470 omnem
2764 1422 3026 1484 superat;
3065 1431 3189 1471 cum
3228 1416 3382 1472 cruci

1806 1509 2070 1563 Dominus
2097 1507 2285 1577 gloria:
2344 1505 2636 1576 alligatur;
2691 1506 2985 1575 sepeliatur
3031 1520 3096 1560 ac
3131 1514 3383 1577 resurgat

1806 1602 1854 1656 is
1901 1601 1994 1670 qui
2043 1601 2209 1654 rebus
2235 1597 2491 1652 omnibus
2524 1596 2692 1650 vitam
2751 1596 3037 1665 impertit;
3080 1597 3382 1665 accipiatur

1805 1693 2040 1762 denique
2070 1701 2130 1746 ut
2162 1690 2444 1745 hominem
2476 1690 2634 1744 decet
2658 1688 2706 1744 is
2744 1689 2840 1758 qui
2868 1688 3022 1742 nullo
3053 1689 3227 1758 spatio
3252 1703 3384 1742 con-

1807 1787 2030 1840 tinetur.
2066 1783 2294 1839 Desinat
2339 1793 2448 1837 tam
2473 1783 2769 1838 salutarem
2803 1783 3011 1836 mundo
3053 1791 3287 1851 utraque
3316 1797 3383 1834 ex

1807 1886 1960 1949 parte
1990 1874 2487 1930 manifestationem
2539 1873 2856 1943 prohibere,
2913 1881 3126 1927 etcum
3168 1871 3384 1925 Domini

1807 1970 2033 2039 gloriam
2086 1966 2444 2038 ignominiam
2494 1973 2730 2034 reputat,
2761 1974 2814 2020 et
2872 1979 2997 2018 cum
3029 1973 3384 2034 spontaneam

1806 2059 2172 2114 humilitatem
2207 2066 2397 2113 contra
2432 2057 2771 2110 voluntatem
2813 2055 2986 2111 fuisse
3014 2055 3154 2110 falso
3183 2069 3387 2125 suppo-

1806 2152 1887 2206 nit
1912 2167 1927 2204 :
1961 2151 2180 2205 desinat
2206 2159 2260 2202 et
2281 2164 2480 2218 magno
2514 2147 2714 2201 Basilio
2747 2146 3048 2211 adversari,
3073 2146 3231 2214 cujus
3257 2161 3383 2210 vox,

1809 2244 1900 2299 Dei
1931 2258 2036 2296 vox
2061 2251 2182 2295 est:
2216 2240 2297 2294 sic
2336 2250 2520 2293 autem
2555 2255 2600 2293 lS
2633 2238 2834 2293 alicubi
2877 2238 3121 2308 praecipit
3149 2257 3162 2291 :
3207 2255 3226 2288 ι
3256 2235 3386 2291 Pin-

1807 2345 1964 2406 gatur
1997 2335 2050 2387 in
2085 2332 2270 2386 tabula
2308 2343 2363 2386 et
2405 2332 2767 2387 certaminum
2806 2346 3009 2400 praeses
3039 2329 3292 2385 Christus
3319 2331 3362 2362 ⁶⁹

1807 2427 2143 2496 Repudietur
2194 2431 2378 2478 autem
2419 2439 2447 2477 a
2503 2424 2716 2493 piorum
2752 2433 2898 2478 ccetu
2954 2437 3082 2476 cum
3122 2422 3225 2476 hac
3257 2437 3388 2476 sen-

1806 2520 1997 2584 tentia,
2031 2532 2267 2587 sequeus
2308 2531 2529 2586 quoque
2588 2516 2844 2580 assertio,
2895 2530 3019 2570 cum
3070 2517 3144 2569 ait
3199 2515 3292 2570 illa
3321 2530 3389 2570 ex

1805 2625 1963 2680 atquo
1989 2608 2248 2663 absurda.
2469 2595 2472 2598 ’

1877 2702 2018 2769 Quid
2039 2701 2183 2756 enim
2216 2700 2328 2754 ait?
2357 2699 2414 2752 In
2445 2699 2629 2752 animo
2648 2708 2740 2752 tuo
2757 2713 2852 2768 per
2868 2698 3388 2767 contemplationem

1807 2797 2191 2863 incorporeum
2260 2789 2498 2844 Verbum
2562 2789 2954 2845 circumfer.0
3008 2791 3380 2844 dementiam!

1806 2887 2061 2956 Nunquid
2097 2885 2240 2939 enim
2277 2884 2366 2937 Dei
2392 2899 2493 2937 vox
2526 2883 2911 2950 incorporeum
2948 2883 3206 2948 Verbum,
3241 2892 3393 2952 post-

1806 2994 1972 3049 quam
2003 2993 2131 3033 caro
2189 2976 2392 3031 factum
2452 2985 2556 3038 est,
2621 2977 2961 3045 appellavit?
3023 2975 3137 3029 Non
3168 2991 3389 3029 carnem

1805 3072 2028 3143 quidem
2061 3069 2361 3131 Christum,
2405 3071 2496 3124 sed
2525 3084 2699 3138 neque
2728 3070 3109 3135 incorporeum
3152 3065 3389 3121 Verbum

127 3157 278 3226 ἱερὸς
317 3156 640 3220 Ἀπόστολος
680 3159 924 3228 εἴρηκεν,
957 3159 1014 3210 ὲν
1061 3152 1142 3221 οἷς
1177 3175 1344 3227 φησιν
1373 3177 1388 3190 ·
1423 3157 1613 3228 Ἡμεῖς
1637 3159 1707 3211 δὲ

1815 3178 1962 3218 sacer
1994 3161 2289 3230 Apostolus
2321 3159 2478 3225 dixit,
2500 3158 2591 3212 ubi
2613 3158 2694 3212 sic
2715 3157 2791 3210 ait
2820 3176 2832 3210 :
2864 3156 3052 3226 Itaque
3084 3172 3179 3208 nos
3207 3172 3270 3210 ea:
3296 3155 3393 3207 hoc

123 3248 250 3304 ἀπὸ
275 3249 386 3304 τοῦ
413 3249 530 3304 νῦν·
570 3248 790 3304 οὐδένα
822 3250 1071 3319 οἴδαμεν
1096 3262 1248 3304 κατα
1291 3251 1490 3320 σάρκα
1514 3270 1540 3293 .·
1560 3254 1611 3306 el
1637 3251 1707 3304 δὲ

123 3340 229 3393 καὶ
271 3339 617 3411 ἐγνώκαμεν
659 3340 807 3394 κατὰ
841 3341 1037 3410 σάρκα
1068 3342 1347 3409 Χριστὸν,
1389 3341 1552 3397 ἀλλὰ
1591 3342 1707 3396 νῦν

123 3431 332 3487 οὐκέτι
375 3431 767 3502 γινώσκομεν.
797 3433 976 3505 Ὅπερ
1009 3433 1328 3506 ἑρμηνεύων
1371 3437 1398 3487 ὁ
1443 3434 1706 3500 Θεολόγος

123 3525 460 3596 Γρηγόριος,
487 3526 552 3578 τά
582 3525 825 3596 σαρκικὰ
851 3525 956 3596 ἔφη
992 3525 1164 3596 πάθη,
1201 3527 1486 3597 καὶνχωρὶς
1522 3527 1708 3596 ἁμαρ-

124 3617 253 3680 τίας
283 3618 532 3688 ἡμέτερα
569 3633 582 3647 ⁸
630 3616 706 3680 ὡς
733 3618 828 3670 καὶ
865 3615 1100 3687 ἀλλαχοῦ
1141 3635 1306 3689 φησιν
1336 3632 1354 3650 ⁶
1375 3617 1575 3671 Οὐκέτι
1606 3617 1708 3686 μὲν

129 3711 336 3779 σάρκα,
366 3709 468 3762 οὐκ
491 3709 788 3779 ἀσώματον
809 3710 885 3762 δέ.
929 3711 989 3762 Ὀ
1017 3710 1074 3764 δὲ
1104 3709 1399 3781 ἀσώματον
1415 3711 1507 3763 τὸν
1533 3711 1708 3778 Λόγον

128 3803 340 3874 φήσας,
379 3803 441 3853 οὐ
501 3803 662 3870 μόνον
711 3805 824 3864 τοῖς
874 3802 1046 3867 δυσὶν,
1087 3801 1226 3854 ἀλλὰ
1279 3805 1375 3855 καὶ
1405 3804 1542 3856 πᾶσι
1589 3806 1710 3866 τοῖς

126 3894 419 3964 θεοφόροις
452 3891 762 3963 μαχόμενος
785 3887 913 3945 εἷεν.
950 3893 1229 3947 Δέδεικται
1257 3895 1438 3948 τοίνυν
1491 3894 1709 3964 φύσεως

125 3988 278 4057 λόγῳ
326 3986 514 4056 ἀτόπῳ
574 3985 775 4039 ἄτοπον
831 3985 1278 4056 ἑπακολουθῆσαν
1311 3988 1448 4042 ’καὶ
1492 3991 1560 4059 τῇ
1613 3988 1709 4042 τοῦ

127 4078 369 4148 ψεύδους
404 4078 686 4148 ἀνατροπῇ
728 4076 934 4131 κείσθω
971 4079 1348 4150 ἀντιστρόφως
1391 4083 1424 4152 ἡ
1455 4081 1708 4152 ἀλήθεια.

131 4171 290 4236 Πῶς;
332 4169 516 4241 Γράφε
563 4170 653 4222 τὸν
695 4170 930 4241 Χριστὸν
967 4172 1102 4224 ὅπου
1130 4172 1212 4225 δεῖ
1238 4189 1252 4202 ο
1283 4173 1357 4236 ὼς
1381 4173 1522 4244 ἔχων
1551 4174 1712 4227 αὑτὸν

131 4261 500 4316 κατοικοῦντα
528 4265 588 4317 ἑν
613 4266 679 4334 τῇ
705 4264 904 4335 καρδίᾳ
927 4280 1020 4316 σου
1051 4281 1066 4296 ·
1096 4264 1185 4317 ἴνα
1215 4265 1310 4318 καὶ
1343 4266 1714 4334 ἀναγινωσκό-

136 4371 303 4423 μενος
337 4355 396 4406 sv
444 4353 637 4425 δέλτῳ,
667 4356 760 4408 καὶ
808 4357 1085 4426 ὁρώμενος
1117 4359 1174 4410 ὲν
1221 4358 1409 4429 Γραφῇ
1441 4377 1454 4390 ο
1487 4358 1562 4421 ὡς
1592 4361 1714 4423 ταῖς

131 4447 291 4520 δυσὶν
341 4445 630 4517 αἰσθήσεσι
678 4447 1081 4518 γνωριζόμενος
1108 4449 1322 4514 διττῶς,
1355 4450 1564 4521 φωτίζῃ
1616 4467 1711 4504 σου

1816 3255 2074 3309 neminem
2100 3253 2335 3304 novimus
2395 3249 2684 3307 secundum
2713 3264 2966 3302 carnem:
3006 3249 3106 3301 etsi
3150 3248 3394 3318 cognovi-

1814 3363 1930 3400 mus
1954 3345 2241 3399 secundum
2266 3359 2476 3395 carnem
2504 3341 2816 3406 Christum;
2847 3341 2936 3394 sed
2971 3356 3106 3392 nunc
3136 3339 3253 3409 jam
3290 3355 3394 3392 non

1816 3437 2053 3490 novimus
2077 3435 2142 3489 ⁶³.
2177 3433 2332 3500 Quod
2367 3434 2760 3500 interpretatus
2807 3431 3103 3498 Gregorius
3162 3430 3396 3483 Theolo-

1813 3543 1916 3599 ‘gus
1951 3528 2222 3594 “,caruis
2275 3526 2415 3580 dixit
2475 3524 2720 3586 aiIectus,
2750 3533 2803 3578 et
2856 3538 2977 3592 quae
3032 3531 3218 3576 nostra
3253 3533 3388 3576 sunt

1817 3621 2024 3690 absque
2050 3629 2304 3689 peccato:
2349 3627 2486 3671 utet
2517 3617 2645 3670 alibi
2672 3615 2845 3669 dicit:
2881 3615 2992 3684 jam
3033 3614 3254 3683 quidem
3284 3628 3395 3666 non

1818 3727 2060 3778 carnem,
2088 3727 2196 3765 non
2247 3711 2630 3778 incorporeum
2682 3717 2886 3761 tamen.
2924 3706 3026 3774 Qui
3060 3719 3186 3760 vero
3215 3706 3397 3758 incor-

1817 3818 2042 3875 poreum
2073 3801 2310 3855 Verbum
2354 3800 2505 3864 dicit,
2555 3814 2665 3852 non
2717 3798 2934 3852 duobus
2997 3798 3182 3861 modo,
3218 3796 3312 3850 sed
3341 3805 3398 3850 et

1817 3895 2071 3950 omnibus
2120 3893 2324 3948 sanctis
2377 3891 2630 3945 Patrihus
2699 3891 3042 3943 adversatur.
3101 3887 3395 3942 Ostensum

1820 3987 1984 4060 igitur
2014 3987 2225 4041 ratione
2256 3985 2499 4056 physica,
2551 3984 2853 4040 absurdum
2879 3997 2947 4036 ex
2979 3979 3224 4035 absurdo
3259 3995 3396 4034 con-

1819 4079 1996 4150 sequi.
2023 4076 2142 4132 Jam
2179 4077 2468 4147 proﬂigato
2497 4073 2806 4136 mendacio,
2837 4087 2901 4126 ex
2927 4072 3158 4125 adverso
3191 4069 3395 4124 veritas

1820 4180 2109 4227 statuatur.
2144 4168 2262 4233 Quo
2289 4165 2494 4236 pacto?
2553 4164 2833 4219 Christum
2887 4162 3049 4232 pinge
3087 4161 3180 4215 ubi
3218 4174 3398 4228 operae

1819 4264 2052 4334 pretium
2091 4260 2257 4314 fuerit
2285 4278 2298 4315 :
2337 4269 2593 4328 tanquam
2630 4256 2808 4326 ipsum
2840 4269 3030 4325 gerens
3060 4253 3395 4306 habitantem

1822 4358 1876 4411 in
1908 4353 2075 4410 corde
2101 4361 2197 4407 tuo
2227 4370 2242 4405 :
2281 4360 2342 4405 ut
2368 4352 2483 4405 sive
2524 4349 2578 4404 in
2608 4349 2751 4403 libro
2786 4348 3021 4416 legatur,
3053 4345 3168 4399 sive
3200 4359 3398 4398 cerna-

1822 4462 1911 4505 tur
1949 4451 2003 4505 in
2039 4451 2290 4520 pictura;
2347 4457 2606 4517 tanquam
2663 4443 2870 4514 duplici
2929 4457 3096 4497 sensu
3153 4442 3394 4511 agnitus,

135 4540 232 4603 τὰς
265 4539 471 4610 φρένας
509 4555 524 4570 '
553 4539 817 4610 μαθόντος
867 4541 1004 4610 ὅπερ
1043 4541 1133 4593 διὰ
1166 4541 1325 4608 λόγου
1359 4542 1701 4613 κατηχήθης,

1823 4537 2072 4592 bifariam
2105 4537 2351 4590 animum
2385 4544 2537 4588 tuum
2563 4533 2865 4595 collustret,
2900 4539 3182 4600 expertum
3208 4531 3398 4597 utique

137 4630 296 4682 τοῦτο
319 4629 540 4698 βλέπειν
566 4632 687 4682 κατ’
728 4630 1067 4699 ὀφθαλμούς.
1105 4633 1213 4685 Καί
1239 4649 1302 4699 γε
1341 4637 1398 4686 ἑν
1425 4635 1503 4704 τῷ
1541 4635 1716 4698 οὕτως

138 4718 530 4783 ἀκοντίζεσθαι
569 4719 663 4771 καὶ
709 4720 960 4790 ὁρᾶσθαι,
994 4722 1096 4774 οὐκ
1128 4724 1240 4791 ἔχει
1288 4723 1448 4792 φύσιν
1480 4723 1554 4794 μὴ
1593 4725 1718 4794 οὐχὶ

137 4810 460 4875 δοξάζεσθαι
493 4810 650 4876 Θεὸν,
680 4812 773 4864 καὶ
807 4811 1243 4867 κατανύττεσθαι
1300 4813 1590 4885 ἄνθρωπον
1615 4815 1714 4867 εύ-

143 4904 275 4974 σεὸῆ
307 4921 320 4934 ·
357 4897 419 4955 οὗ
463 4905 518 4957 τί
548 4903 614 4957 ἂν
643 4906 856 4972 γένοιτο
892 4906 1404 4978 σωτηριωδέστερον
1452 4907 1548 4960 καὶ
1597 4905 1719 4976 θεῷ

142 4996 513 5068 εὐπρόσιτον;
554 4997 742 5061 Οὕτως
783 4993 876 5052 οὖν
921 5001 968 5052 οἱ
1009 4999 1292 5068 οὐδαμινοὶ
1341 5000 1573 5070 νοοῦμεν
1620 5003 1719 5053 τά-

144 5088 285 5160 ληθῆ
322 5105 334 5120 ·
373 5090 422 5142 εί
456 5089 554 5142 καί
578 5106 724 5152 τινες
769 5089 878 5142 τῶν
909 5090 1015 5162 πρὸ
1039 5091 1199 5160 ἡμῶν
1254 5092 1414 5161 ἱερῶν
1459 5091 1721 5160 Πατέρων

146 5180 350 5253 ἑτέρως
399 5181 740 5252 ὑπειλήφασι
769 5181 830 5235 τὸ
871 5182 1182 5253 διελεγχθὲν
1235 5184 1555 5254 πρόϐλημα.
1612 5184 1724 5253 Τῆς

149 5271 274 5336 γοῦν
313 5273 472 5327 τοῦδε
505 5274 687 5344 φωνῆς
719 5274 1144 5345 περαιωθείσης,
1179 5275 1264 5338 τίς
1302 5275 1453 5346 ήτοῦ
1495 5275 1726 5344 Ἐπιφα-

150 5381 261 5417 νιου
291 5365 406 5436 (5);
447 5366 652 5436 Νοήσει
704 5370 737 5439 ἡ
793 5369 860 5438 σὴ
896 5368 1210 5433 θεοσέϐεια,
1247 5368 1296 5420 εί
1338 5366 1554 5436 πρέπον
1607 5369 1726 5420 ἐστὶ

1817 4631 1960 4701 quod
2019 4644 2116 4699 per
2145 4642 2459 4682 sermonem
2494 4626 2722 4680 edoctus
2768 4639 2846 4689 es,
2878 4623 2982 4676 hoc
3009 4623 3186 4690 ipsum
3220 4620 3398 4676 oculis

1821 4715 2042 4772 intueri.
2085 4716 2247 4784 Atqui
2285 4730 2408 4768 eum
2440 4714 2520 4768 sic
2552 4713 2768 4767 auditur
2798 4728 2864 4766 ac
2895 4712 3166 4774 cernitur,
3203 4718 3396 4764 natura

1821 4810 2051 4866 omnino
2085 4818 2461 4877 comparatum
2494 4815 2576 4861 est
2600 4814 2659 4860 ut
2687 4815 2741 4861 et
2775 4804 3112 4877 glorificetur
3146 4803 3311 4868 Deus,
3343 4811 3399 4856 et

1820 4908 1986 4961 homo
2034 4904 2160 4973 pius
2189 4902 2377 4956 dolore
2409 4910 2686 4971 pungatur
2714 4940 2729 4965 ,
2783 4914 2896 4970 quo
2937 4898 3066 4969 quid
3097 4896 3399 4951 salutarius

1822 4997 1938 5052 ﬁeri
1989 5005 2193 5066 potest,
2254 5005 2346 5048 aut
2390 4994 2650 5049 facilioris
2693 4993 2760 5047 ad
2811 4991 2982 5047 Deum
3044 4987 3395 5044 aditus‘iSic

1823 5089 1988 5158 igitur
2019 5102 2119 5140 nos
2147 5086 2330 5154 pusilli
2377 5099 2503 5139 vera
2537 5084 2842 5150 cogitamus
2881 5101 2896 5136 :
2937 5079 3038 5134 etsi
3093 5078 3316 5148 quidam
3369 5093 3400 5131 e

1823 5182 2028 5237 sanctis
2061 5181 2340 5241 Patribus,
2377 5179 2472 5247 qui
2529 5192 2630 5231 nos
2681 5180 3100 5244 praecesserunt,
3147 5170 3404 5226 confuta-

1823 5285 1936 5330 tam
1972 5274 2332 5344 quazstionern
2390 5273 2548 5326 aliter
2603 5284 2882 5339 accepere.
2928 5268 3044 5322 Hac
3073 5267 3238 5337 igitur
3270 5280 3405 5320 con-

1825 5368 1966 5422 fecta
2015 5367 2163 5422 illius
2201 5367 2494 5429 sententia,
2537 5379 2786 5434 quaenam
2857 5363 3031 5416 altera
3113 5356 3404 5429 Epiphauii

217 5459 259 5490 ⁸¹
294 5457 500 5514 llomil.
543 5474 560 5512 ι
593 5457 668 5514 De
693 5461 860 5516 divite
889 5472 941 5516 et
968 5459 1199 5515 Lazaro.
1275 5459 1318 5490 °'
1362 5458 1516 5514 Orat.
1560 5462 1615 5513 in
1649 5459 1710 5515 S.
1755 5459 2015 5513 Barlaam
2038 5499 2054 5525 ,
2090 5459 2144 5512 in
2173 5458 2299 5512 line.
2376 5458 2420 5489 ⁸³
2447 5456 2490 5514 ll
2516 5455 2643 5511 Cor.
2677 5471 2730 5521 v,
2769 5454 2855 5508 l6.
2931 5453 2978 5484 “
3015 5450 3167 5508 Orat.
3207 5451 3294 5515 Η,
3336 5451 3406 5505 de

156 5531 315 5588 Filio.

1659 5620 1890 5676 NOTAE.

220 5717 387 5790 (3)Inr
409 5717 536 5790 cod_.
560 5715 696 5790 Reg.
726 5713 1154 5790 ad_oram._libri_:
1182 5711 1379 5790 ’ἰστέον
1401 5713 1477 5775 ὡς
1505 5713 1756 5790 Ἐπῇίφαδ

161 5783 262 5853 νιος
286 5783 406 5841 ’ὑπὸ
441 5787 535 5839 τοῦ
566 5785 722 5851 ἁγίου
757 5783 1187 5853 Ἐπιφανίουηὲν
1210 5783 1288 5853 τῷ
1320 5783 1418 5851 λβθ.
1455 5783 1735 5852 κεφαλαίῳ

164 5851 266 5916 τῶν
293 5858 580 5926 αἱρέσεων,
600 5853 937 5922 Οὐαλεντίνῳ
958 5853 1049 5904 καὶ
1079 5851 1329 5922 Ἰσιδώρῳ
1359 5851 1731 5907 συντάττεται·

1841 5713 1948 5766 ύπὸ
1995 5713 2050 5765 δὲ
2098 5711 2194 5766 τοῦ
2243 5712 2400 5778 ἁγίου
2452 5707 2951 5779 Σωφρονίου-μετά
3003 5707 3411 5779 Καρποκράτην

1855 5783 2174 5848 Ἐπιφάνιος
2225 5777 2704 5847 ἀναθεματίζεται.
2762 5777 3044 5832 Sciendum
3104 5779 3240 5846 quod
3279 5777 3409 5844 Epi-

1841 5853 2068 5921 phanius
2103 5870 2132 5904 (ι
2156 5862 2339 5906 sancto
2374 5849 2694 5917 Epiphanio,
2719 5849 2981 5904 Iucrcseon
3009 5849 3179 5914 capite
3214 5862 3408 5911 χχχιιι,
