3934 6444
517 348 656 412 1215

1703 355 1764 415 S.
1805 354 2199 418 THEODORI
2234 359 2577 420 STUDITE

3638 352 3774 420 1216

507 461 638 516 est?
667 457 879 514 Viderit
908 459 1086 529 pietas
1115 468 1229 524 tua,
1284 475 1416 514 num
1451 461 1642 517 deceat
1688 463 1966 533 depictum
1995 480 2093 520 co-

2204 469 2330 523 Θεὸν
2360 469 2504 539 ἔχειν
2536 468 2684 538 ἡμᾶς
2724 464 3086 536 ζωγραφητὸν
3131 463 3218 517 διὰ
3260 463 3604 534 χρωμάτων.
3634 466 3775 536 Ὅρα

509 549 722 606 loribus
760 566 861 606 nos
889 551 1088 605 habere
1119 549 1314 606 Deum.
1374 549 1510 607 Vide
1536 567 1706 622 porro
1742 556 2085 610 mendacem.

508 643 628 699 Non
662 643 942 700 Christum
979 646 1135 710 dixit,
1191 645 1246 700 in
1303 663 1414 716 quo
1463 649 1903 719 circumscriptio
1959 667 2088 706 cum

509 737 1078 804 incircumscﬁptione
1115 738 1525 794 demonstratur
1555 759 1568 795 :
1604 742 1684 797 sic
1717 743 1861 796 enim
1890 745 2091 797 utrius-

506 845 612 897 que
657 839 868 884 natura:
894 831 1193 884 declaratio
1243 830 1337 886 tit:
1382 833 1478 887 sed
1529 832 1698 887 Deum
1753 835 1954 889 habere
1988 850 2089 890 nos

507 921 809 991 depictum,
867 920 1104 976 Verbum
1163 922 1505 979 humanitate
1563 940 1773 982 exuens
1815 942 1880 980 ex
1914 927 2088 980 Mani-

508 1013 786 1067 chaeorum
831 1014 1123 1078 sententia,
1175 1029 1238 1069 ac
1286 1015 1456 1069 Deum
1497 1016 1705 1070 nudum
1755 1032 2087 1087 proponens,

508 1112 570 1157 ut
605 1104 1002 1174 propositionis
1071 1106 1413 1163 absurditate
1491 1117 1696 1162 terreat
1754 1110 2087 1163 audientem.

512 1194 603 1250 Sic
629 1194 874 1266 profecto
923 1205 978 1251 et
1024 1197 1294 1252 visibilem
1354 1197 1523 1252 Deum
1554 1199 1738 1253 dicere
1790 1201 2092 1255 absurdum

511 1296 632 1343 est:
667 1288 938 1358 siquidem
985 1289 1062 1342 ait
1109 1290 1293 1344 divina
1345 1288 1671 1357 Scriptura:
1726 1291 1892 1345 Deum
1943 1307 2092 1346 nemo

511 1379 910 1446 viditnnquam,
929 1389 982 1434 et
998 1380 1216 1451 quidem
1243 1383 1542 1452 unigenitus
1571 1381 1768 1446 Filius,
1795 1400 1922 1438 cum
1948 1385 2094 1439 Deus

511 1481 656 1528 esset
688 1481 1102 1537 etcerneretur,
1152 1473 1257 1528 hoc
1298 1475 1477 1544 ipsum
1551 1477 1820 1529 enarravit
1838 1477 1908 1531 “.
1960 1476 2090 1542 Sed,

511 1565 700 1633 procul
726 1565 913 1630 dubio,
934 1566 1144 1621 nudum
1177 1567 1516 1623 humanitate
1545 1567 1716 1622 Deum
1752 1584 1912 1624 nemo
1936 1569 2091 1628 vidit.

513 1656 781 1722 Quoniam
824 1674 950 1712 vero
1002 1659 1320 1728 unigenitus
1347 1675 1454 1713 non
1512 1661 1584 1714 ita
1617 1661 1794 1715 nudus
1837 1673 1959 1729 post
2010 1661 2094 1716 in-

512 1752 886 1804 carnationem
915 1768 929 1816 ;
962 1751 1167 1806 idcirco
1191 1761 1243 1806 et
1265 1752 1617 1822 aspectabilis
1634 1762 1737 1809 est.
1772 1752 1910 1809 Hinc
1936 1770 2094 1809 sacer

2194 560 2258 629 δὴ
2297 564 2390 613 τὸν
2433 557 2788 628 ψευδηγόρον.
2821 556 2896 610 Οὐ
2926 554 3160 624 Χριστὸν
3189 550 3362 618 εἶπεν,
3394 554 3486 623 ἐφ’
3517 547 3567 622 ᾧ
3588 554 3776 624 δηλοῦ-

2194 652 2338 718 ταιὴ
2373 650 2691 720 περιγραφὴ
2725 647 2862 718 μετὰ
2889 645 2984 699 τοῦ
3033 645 3453 716 ἀπεριγράπτου
3481 660 3499 675 ⁸
3535 639 3646 698 ὧδε
3670 647 3777 715 γὰρ

2195 741 2303 794 τῶν
2330 741 2608 810 ἑκατέρων
2639 738 2855 807 φύσεων
2888 739 2921 806 ἡ
2953 737 3186 810 δήλωσις
3218 753 3233 768 ο
3268 736 3406 792 ἀλλὰ
3454 737 3595 791 Θεὸν
3636 737 3775 807 ἔχειν

2195 835 2350 903 ἡμᾶς
2406 830 2768 902 ζωγραφητόν
2809 845 2826 860 ’
2874 829 3258 899 ἀπαμφιεννδε
3310 829 3405 882 τδν
3454 829 3637 896 Λόγον
3678 829 3776 898 τῆς

2197 921 2619 993 ἁνθρωπότητος
2649 919 2975 990 Μανιχαῖκῷ
3006 919 3338 990 φρονήματι,
3374 919 3478 971 καὶ
3513 918 3653 970 Θεὸν
3682 935 3778 985 γυ-

2198 1017 2331 1084 μνὸν
2375 1017 2695 1086 προτείνας·
2724 1015 2800 1079 ὡς
2849 1015 2918 1068 ἂν
2950 1015 3029 1085 τῷ
3057 1014 3250 1086 ἀτόπῳ
3302 1013 3404 1083 τῆς
3453 1016 3779 1083 προτάσεως

2196 1108 2288 1161 τὸν
2338 1108 2618 1180 ἀκροατὴν
2692 1107 3040 1176 ἐκπλήξειεν.
3097 1107 3254 1161 Οὕτω
3310 1107 3376 1177 δὴ
3426 1111 3525 1159 καὶ
3586 1108 3777 1176 ὁρατὸν

2197 1200 2330 1253 Θεὸν
2373 1203 2550 1254 εἰπεῖν
2589 1201 2820 1253 ἔκτοπον
2853 1216 2866 1230 ’
2899 1200 3058 1271 εῐπερ
3099 1199 3236 1267 φησι
3271 1199 3340 1252 τὰ
3387 1197 3514 1250 θεῖα
3565 1199 3776 1266 Λὸγια⁹

2201 1290 2350 1343 Θεὸν
2384 1290 2585 1356 οὐδεὶς
2616 1289 2841 1359 ἑώρακε
2866 1289 3102 1343 πώποτε
3135 1306 3150 1318 ·
3179 1290 3272 1343 καὶ
3303 1290 3412 1360 μὴν
3461 1293 3497 1343 ό
3529 1307 3780 1359 μονογε-

2198 1382 2314 1449 νὴς
2338 1383 2469 1448 Υἱὸς
2496 1382 2630 1446 Θεὸς
2665 1382 2742 1436 ὦν
2768 1383 2863 1435 καὶ
2889 1380 3188 1451 ὁρώμενος,
3227 1379 3389 1434 τοῦτο
3421 1381 3741 1453 ἐξηγήσατο
3765 1399 3776 1412 .

2198 1473 2315 1527 ἀλλ’
2359 1473 2583 1543 εὔδηλον
2616 1475 2698 1526 ὅτι
2730 1472 2937 1543 γυμνὸν
2977 1472 3111 1525 Θεὸν
3143 1471 3574 1543 ἁνθρωπὸτητος
3611 1475 3781 1536 οὐδεὶς

2200 1564 2460 1634 ἑώρακεν.
2510 1564 2663 1617 Ἐπεὶ
2685 1564 2739 1617 δὲ
2767 1566 2796 1617 6
2824 1565 3136 1632 Μονογενὴς
3159 1564 3219 1616 οὐ
3249 1565 3457 1632 γυμνὸς
3493 1565 3641 1635 μετὰ
3689 1567 3782 1634 τὴν

2202 1659 2499 1728 σάρκωσιν,
2523 1657 2613 1710 διὰ
2630 1656 2789 1709 τοῦτο
2807 1657 2904 1709 καὶ
2932 1657 3146 1727 ὁρατός.
3167 1658 3276 1710 Καὶ
3302 1657 3573 1727 βεὸόηκεν
3593 1660 3622 1709 ὀ
3646 1659 3780 1730 ἱερὸς

2216 1749 2539 1813 Ἀπόστολος
2570 1768 2580 1780 ·
2614 1751 2758 1816 Θεὸς
2779 1749 3120 1818 ἐφανερώθη
3144 1750 3213 1802 ἐν
3238 1751 3442 1817 σαρκὶ,
3461 1751 3782 1818 ἐδικαιώθη

511 1841 810 1909 Apostolus
848 1843 1088 1898 clamat:
1129 1841 1268 1897 Deus
1298 1844 1670 1913 manifestatur
1703 1853 1780 1897 est
1816 1845 1870 1897 in
1908 1860 2088 1907 carne,

2204 1843 2262 1898 ἓν
2321 1843 2615 1912 πνέυματι
2648 1885 2663 1909 ,
2713 1843 2879 1913 ὤφθη
2928 1843 3210 1914 ἀγγέλοις
3240 1885 3254 1908 ,
3299 1844 3620 1912 ἐκηρύχθη
3711 1845 3777 1898 ἐν

507 1933 841 2001 justiﬁcatus
882 1944 955 1986 est
997 1936 1054 1987 in
1085 1936 1299 2003 spiritu,
1350 1937 1602 2004 apparuit
1653 1937 1872 2006 angelis,
1905 1938 2098 2002 praedi-

513 2036 667 2078 catus
688 2036 764 2079 est
796 2027 852 2078 in
886 2025 1148 2094 gentibus,
1189 2027 1422 2082 creditus
1450 2037 1528 2081 est
1566 2029 1619 2080 in
1641 2029 1856 2093 mundo,
1889 2046 2098 2083 assum-

511 2127 633 2187 ptus
663 2127 738 2170 est
767 2118 821 2170 in
849 2117 1021 2188 gloria
1046 2118 1112 2172 ".
1147 2118 1284 2173 Illud
1316 2119 1505 2188 utique
1527 2119 1584 2172 in
1613 2135 1794 2184 carne,
1855 2120 1910 2174 in
1952 2134 2093 2188 qua-

513 2224 731 2279 cunque
752 2210 1131 2265 enuntiatione
1182 2226 1342 2279 mquo
1390 2211 1516 2280 jure
1571 2211 2094 2282 subintelligendum

512 2311 616 2355 est.
650 2300 904 2356 Cohaeret
944 2301 1090 2356 enim
1119 2316 1226 2358 vox
1261 2302 1351 2356 illa
1389 2304 1560 2372 prior,
1605 2318 1715 2356 non
1765 2304 1929 2357 modo
1966 2318 2092 2356 cum

514 2392 1004 2462 subsequentibus,
1047 2393 1140 2448 sed
1179 2405 1233 2448 et
1280 2407 1404 2448 cum
1463 2394 1723 2448 omnibus
1773 2393 2098 2462 incorpora-

515 2485 684 2539 tionis
709 2483 1155 2552 proprietatibus.
1210 2483 1682 2548 Quemadmodum
1722 2485 1889 2554 igitur
1945 2485 2092 2539 Deus

517 2573 904 2629 manifestatus
950 2585 1035 2628 est
1073 2575 1128 2628 in
1159 2589 1362 2639 carne;
1397 2576 1478 2629 sic
1514 2585 1568 2630 et
1620 2576 1674 2627 in
1714 2575 1945 2644 singulis
1975 2591 2099 2645 qua:

517 2679 643 2725 sunt
673 2678 800 2725 ante
843 2679 1298 2724 commemorata.
1336 2667 1525 2740 Neque
1558 2669 1704 2724 enim
1746 2680 1940 2723 natura
1969 2669 2094 2735 fert,

519 2771 597 2824 ut,
631 2761 736 2815 nisi
771 2761 1214 2832 subintelligatur
1242 2762 1374 2815 illud
1405 2765 1459 2815 in
1491 2778 1674 2826 carne,
1713 2771 1808 2815 aut
1832 2777 2099 2830 apparue-

519 2854 610 2917 rit,
635 2863 730 2906 aut
765 2863 1068 2922 assumptus
1097 2855 1186 2907 sit.
1219 2853 1302 2908 Ita
1341 2852 1592 2908 videlicet
1610 2863 1663 2907 et
1695 2853 1836 2908 lacte
1862 2854 2102 2908 nutritur

2193 1934 2458 1997 ἔθνεσιν,
2476 1934 2800 2000 ἐπιστεύθη
2822 1935 2892 1987 ἐν
2912 1935 3143 2003 κόσμῳ,
3167 1934 3485 2002 ἀνελήφθη
3513 1933 3587 1986 ὲν
3616 1935 3782 2002 δόξῃ.

2194 2025 2268 2080 Τὸ
2293 2022 2388 2078 οὖν
2427 2025 2497 2078 ἐν
2525 2025 2727 2094 σαρκὶ,
2761 2028 2854 2078 ἐπὶ
2895 2027 3046 2097 πάσῃ
3090 2027 3398 2093 ἀποφάνσει
3445 2027 3560 2079 ἀπὸ
3604 2028 3782 2080 κοινοῦ

2192 2117 2450 2190 ληπτέον.
2483 2117 2688 2187 Εῐρμὸς
2715 2118 2826 2189 γάρ
2877 2118 2962 2181 τίς
3011 2120 3162 2170 ἐστιν
3191 2121 3221 2189 ἡ
3271 2118 3468 2188 πρώτη
3501 2120 3689 2190 φωνὴ,
3725 2121 3780 2172 οὐ

2197 2211 2357 2281 μόνον
2384 2211 2504 2273 ταῖς
2535 2209 2735 2281 ἑφεξῆς
2772 2228 2786 2241 ⁹
2812 2210 2948 2264 ἀλλὰ
2982 2211 3092 2281 γὰρ
3135 2212 3230 2264 καὶ
3286 2213 3496 2274 πάσαις
3529 2215 3658 2275 ταῖς
3689 2213 3788 2283 τῆς

2195 2300 2645 2373 ἑνσωματώσεως
2678 2300 2959 2370 ἰδιότησιν.
3003 2304 3090 2366 Ὠς
3120 2300 3213 2357 οὖν
3239 2305 3266 2356 6
3293 2303 3428 2367 Θεὸς
3451 2305 3780 2376 ἐφανερώθη

2195 2395 2254 2447 ὲν
2291 2397 2476 2466 σαρκὶ,
2509 2394 2606 2446 καὶ
2661 2393 2747 2460 ἐφ’
2777 2393 2996 2464 ἑκάστῳ
3037 2394 3147 2448 τῶν
3200 2397 3640 2468 προειρημένων
3705 2398 3786 2466 (οὺ

2195 2486 2305 2558 γὰρ
2339 2487 2405 2539 ἂν
2446 2486 2560 2556 ἔχοι
2601 2483 2786 2554 φύσιν,
2846 2487 2920 2556 μὴ
2977 2489 3550 2557 προσυπακουομένου
3581 2489 3681 2542 τοῦ
3723 2489 3789 2542 ἐν

2196 2577 2398 2642 σαρκὶ,
2425 2579 2458 2648 ἦ
2488 2578 2768 2647 ὀφθῆναι,
2807 2578 2841 2649 ἢ
2877 2578 3324 2648 ἀναληφθῆναι)
3347 2597 3359 2609 ·
3408 2581 3556 2634 οὕτω
3586 2582 3790 2654 δηλαδὴ

2202 2668 2299 2722 καὶ
2354 2671 2705 2740 γαλουχεῖται
2743 2672 2814 2725 ἐν
2858 2669 3062 2738 σαρκὶ,
3089 2674 3183 2725 καὶ
3227 2671 3531 2743 προκόπτει
3579 2673 3787 2746 ἡλικίᾳ,

2205 2763 2299 2814 καί
2335 2760 2542 2831 βαδίζει
2579 2763 2720 2828 ποδὶ,
2753 2765 2848 2818 καὶ
2880 2764 3017 2835 ἱδροῖ
3062 2764 3294 2834 ἀγωνίᾳ,
3331 2767 3425 2818 καὶ
3464 2766 3788 2836 διαλέγεται

2206 2853 2424 2925 γλώττῃ
2458 2868 2472 2884 ο
2505 2856 2602 2907 καὶ
2630 2856 2840 2926 ὅσαπερ
2868 2855 3001 2908 ἄλλα
3027 2853 3126 2925 τῆς
3159 2855 3339 2927 ἀὐτῆς
3369 2859 3718 2929 συστοιχίας.

520 2948 575 3002 in
608 2961 795 3011 carne,
819 2956 874 3000 et
911 2947 1129 3016 proﬁcit
1195 2954 1377 3009 aetate,
1427 2957 1481 3002 et
1526 2946 1755 3016 pedibus
1799 2946 2061 3011 ambulat,
2125 2956 2176 2999 et
2217 2948 2270 2999 in
2320 2948 2515 3017 agonia
2563 2949 2743 3013 sudat,
2775 2957 2827 3002 et
2873 2949 3058 3019 lingua
3113 2948 3375 3018 loquitur,
3406 2960 3461 3004 et
3515 2960 3792 3023 quotquot

521 3041 627 3094 alia
651 3049 779 3094 sunt
805 3039 1050 3108 ejusdem
1071 3039 1305 3095 ordinis.

593 3133 723 3189 Hmc
755 3149 886 3189 vero
912 3135 958 3188 si
990 3133 1071 3188 sic
1111 3135 1334 3197 habent,
1392 3132 1840 3202 quandoquidem
1887 3145 1995 3184 una
2029 3145 2096 3185 ex

2274 3125 2338 3178 Ei.
2367 3125 2423 3177 δὲ
2454 3123 2633 3178 ταῦτα
2665 3123 2841 3189 οὕτως
2872 3143 2886 3157 ·
2912 3126 3102 3197 ἐπειδὴ
3130 3126 3194 3181 ἐν
3225 3126 3334 3180 τῶν
3353 3127 3619 3181 ἁπάντων
3653 3130 3795 3185 ἰδιω-

522 3226 779 3281 omnibus
797 3225 1047 3295 corporis
1078 3223 1505 3294 proprietatibus
1540 3223 1976 3291 circumscriptio
1993 3230 2098 3287 est,

525 3315 880 3372 manifestum
927 3325 1010 3372 est
1057 3326 1111 3371 et
1164 3316 1542 3372 circumscribi
1583 3315 1756 3369 Deum
1797 3315 1856 3368 in
1913 3329 2101 3379 carne,

526 3412 641 3467 sive
674 3408 956 3464 coloribus
993 3409 1371 3475 adumbrctur,
1409 3424 1503 3464 seu
1536 3408 1736 3478 quovis
1759 3407 1870 3461 alio
1913 3405 2100 3460 modo.

524 3501 568 3554 E
599 3501 816 3556 duobus
845 3503 990 3555 enim
1027 3502 1257 3555 alterum
1294 3502 1520 3554 omnino
1577 3500 1950 3555 necessarium
2000 3507 2101 3551 est.

529 3593 588 3648 Si
621 3594 776 3648 visus
809 3601 892 3648 est
917 3594 969 3646 in
1001 3609 1188 3655 carne,
1210 3604 1263 3647 et
1287 3593 1340 3646 in
1387 3608 1552 3647 carne
1581 3590 2060 3648 circumscribitur
2089 3608 2102 3644 :

526 3685 798 3754 siquidem
845 3685 960 3739 haec
1012 3693 1243 3754 cognata
1283 3694 1409 3739 sunt
1455 3685 1607 3740 inter
1643 3700 1723 3751 sc,
1774 3693 1828 3739 et
1870 3683 2105 3739 alterum

528 3777 758 3832 alterius
786 3791 972 3832 causa.
1014 3775 1068 3830 Si
1109 3777 1295 3846 itaque
1329 3777 1602 3845 posterius
1637 3792 1825 3831 verum
1864 3792 1972 3832 non
1999 3791 2102 3841 est,

528 3880 676 3924 certe
709 3885 809 3924 nec
843 3870 1035 3938 prius:
1075 3871 1225 3939 atqui
1257 3885 1445 3926 verum
1483 3871 1635 3940 prius
1664 3889 1677 3924 :
1716 3871 1882 3941 igitur
1916 3878 1970 3923 et
2006 3884 2106 3939 po-

530 3961 751 4016 sterius.
791 3959 884 4015 Sic
912 3971 965 4015 et
992 3961 1148 4030 juxta
1180 3961 1394 4016 divinas
1429 3961 1679 4032 paginas,
1711 3973 1766 4016 et
1795 3962 2098 4016 secundum

530 4055 812 4124 vulgarem
845 4053 1208 4108 ratiocinandi
1237 4054 1484 4117 modum,
1523 4053 1838 4124 insipientis
1877 4061 1962 4107 est
1997 4068 2106 4108 non

529 4146 781 4200 conﬁteri
835 4145 1005 4199 Deum
1039 4147 1094 4200 in
1123 4160 1289 4200 carne
1320 4147 1490 4217 pingi,
1559 4146 1826 4217 siquidem
1880 4146 2108 4201 visusin

531 4253 698 4292 carne
731 4246 836 4292 est.
885 4237 1088 4293 Deinde
1134 4238 1242 4292 alio
1291 4238 1347 4291 in
1395 4238 1518 4293 loco
1556 4238 1641 4292 vir
1690 4248 1947 4293 strenuus
1993 4239 2108 4292 ait:

538 4350 556 4380 ι
591 4329 788 4384 Audivi
826 4329 1091 4400 quosdam
1121 4330 1314 4402 jubere
1351 4330 1964 4400 incomprehensibilem
2013 4329 2110 4386 Dei

2205 3221 2392 3291 μάτων
2408 3217 2502 3270 τοῦ
2529 3216 2780 3286 σώματος
2802 3220 2896 3271 καὶ
2918 3221 2950 3291 ὴ
2980 3221 3319 3292 περιγραφὴ,
3347 3221 3576 3292 εὔδηλον
3589 3223 3676 3276 ὅτι
3700 3226 3794 3277 καὶ

2202 3312 2608 3383 περιγράφεται
2634 3309 2770 3372 Θεὸς
2814 3316 2871 3364 ἐν
2903 3315 3086 3383 σαρκὶ,
3112 3315 3223 3367 εῐτε
3249 3317 3793 3386 χρωματουργικῶς,

2204 3408 2300 3461 εἶτ’
2327 3403 2421 3460 οὖν
2437 3406 2998 3478 ἑτεροτρόπως.Δυοῖν
3023 3409 3132 3480 γὰρ
3149 3410 3433 3479 ἑκάτερον,
3458 3412 3611 3464 πᾶσα
3630 3411 3797 3482 ἀνάγ-

2205 3518 2298 3572 κη.
2331 3500 2394 3553 Εἰ
2414 3492 2592 3552 ὦπται
2624 3501 2681 3553 ὲν
2709 3499 2874 3570 σαρκὶ
2896 3539 2911 3564 ,
2937 3497 3029 3552 κα)⁸
3074 3503 3550 3571 περιγράφεταιὲν
3580 3506 3752 3578 σαρκί
3776 3521 3793 3537 .

2207 3595 2436 3666 ἐπείπερ
2455 3596 2736 3664 σύστοιχον
2748 3595 2842 3647 καὶ
2857 3592 3202 3664 ἀλ).ηλαὶτιον
3214 3595 3474 3666 ἑκάτερον
3497 3599 3669 3652 ἐκατὲ
3677 3617 3794 3670 ρον.

2208 3684 2394 3742 Εἰοῦν
2430 3687 2600 3759 μὴτὸ
2650 3686 2903 3755 δεύτερον
2953 3682 3176 3754 ἀληθὲς,
3227 3684 3334 3736 οὐδ’
3366 3687 3473 3757 ἄρα
3521 3689 3582 3740 τὸ
3635 3691 3794 3760 πρῶ-

2206 3800 2315 3837 τον.
2347 3780 2510 3834 Ἀλλὰ
2543 3779 2646 3851 μὴν
2663 3780 2723 3832 τὸ
2739 3777 2951 3849 πρῶτον
2967 3775 3166 3847 ἀληθές
3187 3794 3200 3806 ·
3228 3776 3427 3830 οὐκοῦν
3457 3781 3636 3833 καὶτὸ
3669 3782 3796 3835 δεύ-

2207 3894 2385 3947 τερον.
2403 3873 2561 3928 Οὕτω
2592 3872 2686 3925 καὶ
2710 3872 2851 3924 κατὰ
2872 3871 2940 3924 τὰ
2961 3871 3082 3924 θεῖα
3107 3870 3299 3941 Λόγια,
3325 3871 3422 3923 καὶ
3451 3873 3596 3924 κατὰ
3617 3875 3797 3930 κοινὸν

2212 3964 2591 4035 συλλογισμὸν,
2615 3961 2821 4033 ἠλίθιον
2855 3961 2915 4014 τὸ
2965 3961 3041 4032 μὴ
3089 3963 3374 4032 ὁμολογεῖν
3415 3961 3551 4015 Θεὸν
3585 3965 3798 4037 ὲγγρά.

2185 4057 2404 4126 οφεσοαι
2436 4059 2493 4109 ὲν
2526 4054 2714 4124 σαρκὶ,
2753 4053 2911 4124 εἴπερ
2941 4047 3121 4106 ὦπται
3155 4054 3212 4107 ὲν
3245 4053 3412 4124 σαρκί
3443 4070 3458 4084 °
3507 4055 3665 4109 Ἐπεὶ
3701 4059 3798 4112 καὶ

2212 4149 2437 4220 ἑτέρωθι
2469 4151 2496 4202 ὁ
2540 4146 2803 4217 γεννάδας
2830 4146 3026 4219 φησίν
3067 4165 3086 4199 ι
3144 4146 3392 4200 Ἤκουσα
3442 4149 3528 4202 ὅτι
3578 4151 3676 4203 καὶ
3707 4152 3799 4204 τὸν

2212 4240 2598 4312 ἀκατάληπτον
2636 4239 2763 4294 Υἱὸν
2788 4238 2882 4292 τοῦ
2902 4236 3040 4292 Θεοῦ
3071 4256 3220 4303 τινες
3258 4239 3494 4310 γράφειν
3516 4242 3800 4312 ἐπαγγέλ-

2210 4333 2417 4386 λονται.
2472 4331 2666 4402 Φρίξαι
2699 4332 2793 4385 ὲτιὶ
2837 4331 2932 4388 τοῦ
2976 4331 3233 4386 ἀκοῦσαι.
3275 4351 3294 4383 ›
3329 4333 3426 4396 Τίς
3482 4333 3620 4401 γοῦν
3672 4334 3800 4388 νοῦν

535 4422 732 4477 Filium
753 4423 925 4494 pingi.
953 4423 1090 4480 Cum
1125 4423 1267 4478 istud
1300 4423 1475 4488 audis,
1509 4425 1859 4478 exhorresce.
1893 4442 1912 4476 ι
1973 4424 2100 4490 Quis

2215 4424 2354 4495 ἔχων
2401 4425 2503 4477 οὐκ
2554 4424 2898 4492 ὲπιγελάοειε
2943 4424 3033 4476 τὸν
3097 4427 3513 4495 ματαιὸφρονα;
3558 4429 3801 4486 Οὐτίποιι

534 4515 718 4585 itaque
748 4488 895 4570 sana:
925 4516 1122 4570 mentis
1167 4515 1526 4584 desipientem
1560 4531 1669 4569 non
1733 4516 1942 4569 rideat!
1985 4488 2100 4571 Non

2210 4488 2420 4586 ἀνέγνω
2451 4559 2463 4580 ,
2498 4518 2581 4570 ὅτι
2608 4488 2956 4571 Σονέλαϐον
2984 4488 3110 4569 τὸν-
3133 4488 3397 4585 Ἰησοιῦν.
3421 4488 3523 4573 καί
3565 4520 3803 4591 ἔδησαν

535 4607 663 4677 legit
694 4605 899 4676 utique,
929 4603 1073 4673 quod
1104 4604 1604 4673 comprehenderunt
1633 4603 1838 4667 Jesum,
1887 4616 1936 4658 et
1964 4605 2102 4674 liga-

545 4706 728 4752 verunt
784 4713 898 4751 eum
929 4712 946 4759 ;
979 4709 1027 4749 et
1085 4696 1424 4750 adduxerunt
1477 4713 1592 4749 eum
1631 4698 1701 4749 ad
1753 4697 1959 4749 Annam
2009 4698 2121 4765 pri-

536 4800 681 4846 mum
715 4788 782 4853 °",
823 4787 1120 4857 principem
1161 4787 1552 4841 sacerdotum?
1585 4786 1650 4840 Et
1697 4787 1826 4842 alibi
1857 4802 2074 4842 rursum
2104 4804 2117 4840 :

539 4883 860 4950 Acceperunt
887 4897 1010 4950 ergo
1037 4896 1226 4948 corpus
1254 4879 1404 4943 Jesu,
1438 4889 1486 4933 et
1520 4879 1812 4950 ligaverunt
1845 4878 1980 4933 illud
2012 4880 2118 4933 lin-

540 4973 637 5026 teis
670 4988 790 5024 cum
839 4972 1166 5024 aromatibus
1195 4971 1239 5002 ⁶⁸
1268 4971 1290 5023 ’ἶ
1341 4970 1537 5024 Annon
1597 4973 1890 5024 conﬁtetur
1946 4972 2118 5025 Deum

539 5079 661 5118 esse
689 5061 876 5118 Jesum
905 5064 927 5115 ἰ
958 5063 1014 5116 Si
1052 5062 1195 5118 Deus
1227 5063 1412 5132 igitur,
1448 5064 1729 5133 quomodo
1771 5064 1815 5118 is
1842 5063 1933 5133 qui
1964 5080 2116 5118 com-

541 5156 800 5225 prehendi
844 5157 1052 5225 nequit,
1088 5156 1517 5225 compreliensus
1545 5167 1629 5211 est
1658 5170 1723 5209 ac
1770 5157 1966 5225 ligatus
2012 5155 2118 5209 nisi

543 5246 830 5304 manifeste
865 5249 916 5302 in
942 5264 1127 5310 carne,
1161 5248 1622 5318 quemadmodum
1682 5248 2121 5318 sapientissimus

542 5338 746 5394 Paulus
776 5339 1066 5395 confessus
1096 5341 1223 5395 est?
1264 5339 1432 5396 Sileat
1471 5341 1634 5411 igitur
1664 5339 1852 5395 furens
1883 5341 1935 5393 in
1964 5339 2125 5392 Chri-

544 5441 689 5488 stum
728 5441 783 5485 et
825 5431 913 5486 hic
961 5431 1362 5486 fraudulentus.
1398 5431 1584 5487 Sicubi
1628 5448 1756 5486 vero
1809 5431 1993 5486 audiat
2026 5431 2124 5483 ha-

2214 4610 2418 4672 αὐτὸν,
2452 4610 2550 4662 καὶ
2597 4609 2914 4680 ἀπήγαγον
2967 4611 3156 4663 αὑτὸν
3188 4611 3336 4678 πρὸς
3384 4612 3609 4667 Ἅνναν
3641 4615 3801 4684 πρῶ-

2219 4718 2345 4767 τον,
2379 4700 2470 4754 τὸν
2512 4700 2818 4772 ἀρχιερέα;
2865 4700 2972 4753 Καὶ
3032 4701 3260 4773 ἑτέρωθι
3303 4703 3470 4756 πάλιν
3496 4723 3509 4734 ·
3541 4707 3804 4762 ’ἔλαϐον

2218 4786 2333 4845 οὖν
2369 4791 2436 4843 τὸ
2493 4788 2666 4858 σῶμα
2708 4789 2816 4843 τοῦ
2852 4789 3056 4857 Ἰησοῦ
3089 4805 3103 4820 °
3138 4791 3236 4844 καὶ
3282 4788 3521 4857 ἔδησαν
3547 4794 3705 4846 αὐτὸ
3735 4794 3804 4847 ἐν

2218 4881 2476 4946 ὀθονίοις
2513 4882 2663 4949 μετὰ
2707 4878 2830 4934 τῶν
2861 4881 3221 4949 ἀρωμάτων;
3250 4883 3363 4951 υὺχ
3379 4882 3641 4952 ὁμολογεῖ
3669 4884 3804 4937 Θεὸν

2215 4975 2307 5026 τὸν
2356 4973 2592 5042 Ἰησοῦν;
2627 4973 2687 5027 Εἰ
2720 4973 2856 5036 Θεὸς
2876 4972 2991 5035 οὖν,
3023 4972 3141 5038 πῶς
3185 4976 3213 5026 6
3240 4975 3638 5046 ἀκατάληπτος
3673 4978 3802 5046 ἐλή-

2217 5065 2325 5135 φΟη
2369 5065 2464 5117 καὶ
2492 5064 2670 5134 ἐδέθη,
2705 5065 2737 5136 ἦ
2767 5064 2927 5136 δῆλον
2953 5065 3036 5119 ὅτι
3074 5067 3132 5118 ἐν
3189 5068 3371 5137 σαρκὶ,
3407 5068 3555 5121 καθὰ
3590 5069 3803 5140 ὡμολό-

2217 5174 2386 5227 γησεν
2408 5159 2435 5210 6
2470 5159 2743 5225 πάνσοφος
2770 5157 3018 5225 Παῦλος;
3057 5143 3273 5228 Σιγάτω
3304 5157 3396 5214 οὖν
3417 5162 3635 5217 λυττῶν
3659 5163 3802 5216 κατὰ

2219 5250 2453 5320 Χριστοῦ
2488 5251 2581 5304 καὶ
2613 5246 2768 5313 οὗτος
2796 5255 2823 5306 6
2856 5252 3075 5316 πλάνος.
3120 5253 3245 5306 Ἐὰν
3273 5253 3329 5306 δέ
3361 5273 3464 5307 που
3511 5255 3801 5309 ἀκούσειεν

2220 5341 2302 5393 ὅτι
2347 5339 2437 5392 καὶ
2485 5339 2797 5409 ἐσθιόμενον
2822 5341 3020 5412 ἔχομεν
3061 5343 3214 5411 Θεὸν,
3244 5345 3386 5414 τάχα
3421 5345 3489 5399 ἂν
3541 5349 3604 5399 οὐ
3641 5347 3799 5416 μόνον

2224 5432 2426 5504 φρίξοι,
2453 5433 2590 5487 ἀλλὰ
2623 5437 2716 5488 καὶ
2746 5436 3129 5509 διαρῤηχθείη,
3184 5437 3259 5508 μὴ
3306 5439 3496 5510 φέρων
3545 5441 3612 5494 τὸ
3640 5444 3800 5497 ἄκου-

615 5570 660 5601 ⁶⁸
688 5569 846 5624 Joan.
883 5587 921 5635 ι,
958 5571 1043 5625 il.
1121 5571 1166 5602 “
1200 5569 1383 5623 lTim.
1421 5588 1502 5636 ιιι,
1537 5570 1622 5623 16.
1700 5571 1741 5600 ⁶⁷
1781 5567 1938 5624 Joan.
1973 5584 2100 5633 xvn,

2204 5573 2228 5621 ι.
2307 5570 2353 5600 ⁸³
2379 5567 2541 5623 Joan.
2568 5586 2681 5632 nx,
2711 5571 2801 5625 40.

550 5724 666 5764 tum
735 5707 1012 5764 Valentino
1069 5719 1116 5763 et
1167 5709 1376 5765 Isidoro
1440 5709 1777 5780 conjungitur

552 5792 726 5835 ratur.

1844 5726 1860 5762 :
1927 5726 1957 5762 ιι
2007 5719 2188 5763 sancto
2230 5717 2402 5763 autem
2474 5708 2771 5780 Sophronia
2844 5719 2960 5778 post
3023 5707 3400 5778 Carpocratrm
3453 5707 3802 5766 anathemati-
