3934 6436
131 403 280 471 1217

1323 403 1859 466 EPISTOLABUM
1900 402 2048 463 LIB.
2112 402 2199 461 ll.

3249 391 3388 456 1218

129 535 275 588 σμα.
319 517 480 570 Ἀλλά
531 518 585 572 τι
634 535 795 586 φησιν
824 520 853 571 6
923 519 1195 590 Χριστόςς
1231 521 1339 574 Kal
1390 523 1423 574 ὁ
1469 519 1709 589 τρώγων

1824 520 1941 573 bere
1998 533 2098 572 nos
2154 516 2320 570 Deum
2371 529 2533 584 quem
2586 513 3000 578 manducemus,
3061 509 3204 566 forte
3273 525 3382 567 non

121 626 228 677 με,
272 609 552 675 κάκεῖνος
601 608 840 678 ζήσεται
860 610 934 664 δι’
966 611 1093 678 ἐμέ.
1136 613 1250 665 Οὐκ
1303 611 1369 665 ἂν
1423 612 1480 666 δὲ
1535 613 1711 676 ἄλλως

131 698 378 769 βρωθειη
406 703 455 752 ει
496 699 569 771 μὴ
605 701 662 752 ὲν
693 701 881 772 σαρκί.
941 702 1052 756 Καὶ
1090 702 1198 773 γὰρ
1239 705 1268 756 6
1312 703 1545 774 Χριστὸς
1574 703 1708 772 ὁμοῦ

126 791 272 854 Θεὸς
299 793 392 844 καὶ
419 790 708 863 ἄνθρωπος
736 793 940 855 τέλειος
964 793 1246 865 ὑπάρχων,
1278 795 1543 866 ὁπότερον
1581 795 1706 850 καθ’

128 881 403 952 ἑκάτερον
425 883 534 934 τῶν
565 882 625 950 ἐξ
668 876 743 936 ὧν
797 883 1054 956 συνετέθη
1091 885 1305 952 φύσεων
1342 885 1662 957 ὀνομάζοιτο
1691 900 1708 918 ⁶

129 973 231 1025 καὶ
288 973 410 1026 καθ’
462 973 721 1046 ἑκάτερον
755 974 958 1045 κυρίως
1007 976 1296 1046 νοούμενος
1337 977 1591 1046 λέγοιτο·
1648 977 1710 1031 ού

128 1061 239 1130 τῆς
278 1060 508 1133 θατέρου
537 1063 797 1132 ἰδιότητος
829 1065 890 1116 ἐν
927 1064 1003 1134 τῷ
1034 1066 1305 1137 μοναδικῷ
1333 1068 1436 1139 τῆς
1469 1069 1712 1122 ὑποστά-

132 1173 282 1220 σεως
317 1157 647 1229 μειουμένης
675 1159 707 1230 ἢ
748 1159 1192 1230 συμφυρομένης.

209 1415 323 1468 Καὶ
356 1414 564 1485 μάρτυς
605 1415 699 1469 τοῦ
746 1416 909 1485 λόγου
946 1418 1110 1482 αὐτὸς
1157 1421 1185 1474 6
1211 1419 1342 1484 Θεὸς
1382 1422 1476 1475 καὶ
1515 1420 1708 1491 Λόγος,

132 1506 212 1575 πῆ
245 1505 344 1574 μὲν
365 1505 540 1573 λέγων
565 1521 581 1537 ⁶
620 1505 685 1560 Τί
717 1525 794 1576 με
837 1509 1058 1576 ζητεῖτε
1099 1511 1465 1578 ἀποκτεῖναι,
1494 1513 1715 1582 ἅνθρω-

131 1613 257 1650 πον
295 1596 363 1664 ὃς
407 1597 522 1666 τὴν
573 1600 864 1669 ἀλήθειαν
892 1603 1038 1672 ὑμῖν
1069 1599 1422 1671 laminam;
1456 1607 1714 1675 Καίτοιγε

129 1689 161 1741 6
214 1686 392 1756 λέγων
447 1689 540 1742 καὶ
587 1689 721 1754 Θεὸς
775 1691 1041 1755 ἀθάνατος
1086 1688 1175 1764 ἦν.
1211 1694 1295 1766 Ili]
1342 1696 1400 1749 δὲ
1452 1695 1710 1765 φάσκων’

137 1797 158 1830 ι
212 1779 404 1849 Ὑμεῖς
429 1781 620 1849 λέγετε
646 1819 662 1846 ,
704 1783 785 1836 δτι
840 1783 1317 1856 Βλασφημεϊςιὸτι
1361 1782 1548 1840 εἴτι-ον’
1588 1788 1714 1849 Υἱὸς

1815 611 1980 665 modo
2027 609 2073 664 is
2129 609 2504 669 exhorrescet,
2563 606 2657 661 sed
2718 607 3114 674 disrumpetur,
3177 604 3390 658 dictum

1814 717 1926 758 non
1964 701 2170 757 ferens.
2212 699 2314 754 Sed
2347 700 2476 770 quid
2501 699 2754 753 Christus
2780 699 2855 753 ait
2885 699 2908 751 ἱ)
2947 696 3016 751 Et
3043 699 3136 766 qui
3163 695 3390 751 mandu-

1815 804 1901 850 cat
1940 812 2038 859 me,
2071 804 2120 847 et
2151 793 2262 862 ipse
2291 793 2421 846 vivet
2444 801 2658 860 propter
2687 806 2767 844 me
2791 789 2856 844 ⁶⁹.
2889 787 2996 844 Nec
3044 805 3174 844 vero
3227 788 3388 844 aliter

1817 885 2244 938 manducaretur
2271 882 2378 936 nisi
2412 881 2465 935 in
2507 897 2693 936 carne.
2729 879 2940 934 Etenim
2990 879 3243 934 Christus
3265 896 3389 934 cum

1815 976 1978 1031 simul
2010 974 2154 1030 Deus
2185 975 2262 1031 sit
2289 982 2344 1029 et
2367 973 2505 1028 idem
2536 974 2701 1027 homo
2730 971 3026 1042 perlectus,
3072 972 3391 1025 utrumlibet

1814 1068 2111 1122 secundum
2148 1067 2490 1129 alterutram,
2544 1080 2611 1118 ex
2651 1063 2717 1119 iis
2758 1066 2968 1120 naturis
3028 1065 3231 1135 quibus
3258 1078 3392 1120 con.

1814 1167 1942 1221 stat,
1997 1157 2280 1227 appellari,
2335 1165 2388 1212 et
2423 1155 2717 1210 secundum
2771 1155 3092 1211 alterutram
3159 1156 3384 1226 proprie

1813 1257 2091 1316 spectatus
2113 1248 2218 1302 dici
2272 1254 2472 1317 potest,
2510 1255 2706 1300 neutra
2735 1246 3073 1316 proprietate
3113 1246 3167 1300 in
3197 1247 3391 1315 singu-

1812 1337 2029 1392 laritate
2077 1350 2328 1406 personae
2383 1335 2470 1389 vel
2503 1333 2772 1390 diminuta
2827 1335 2911 1389 vel
2962 1336 3280 1388 commista.

1883 1423 2127 1482 Ettestis
2153 1426 2372 1496 quidem
2416 1425 2582 1494 hujus
2630 1427 2913 1480 sententia:
2959 1423 3103 1479 Deus
3134 1423 3276 1478 idem
3330 1436 3395 1477 ac

1819 1519 2075 1583 Verbum,
2104 1519 2301 1573 alicubi
2343 1519 2574 1574 dicens:
2615 1517 2757 1583 Quid
2791 1534 2871 1570 me
2915 1517 3156 1586 quwritis
3183 1516 3394 1583 inter/i-

1813 1625 1946 1675 cere,
1974 1608 2234 1661 hominem
2250 1608 2338 1676 qui
2369 1607 2636 1659 ueritatem
2658 1606 2800 1660 vobis
2827 1605 3030 1659 locutus
3062 1621 3177 1659 sum
3208 1602 3298 1656 "1'
3330 1603 3395 1658 Et

1813 1697 1908 1766 qui
1946 1697 2062 1751 haec
2105 1707 2288 1751 tamen
2319 1696 2478 1757 dixit,
2519 1694 2660 1749 Dens
2689 1695 2852 1748 etiam
2902 1691 3233 1747 immortalis
3267 1691 3392 1746 fuit.

1813 1787 1954 1841 Alibi
2001 1801 2130 1841 vero
2183 1787 2372 1847 aiens:
2413 1783 2515 1839 Vos
2556 1786 2734 1839 dicitis
2760 1823 2776 1848 ,
2832 1785 2957 1855 quia
3002 1783 3333 1852 blasphemas
3367 1823 3384 1848 ,

130 1871 232 1925 τού
289 1872 423 1926 Θεοῦ
487 1875 626 1943 ειμι.
681 1893 700 1926 ι
766 1875 875 1930 Καὶ
937 1877 1042 1948 μὴν
1097 1880 1125 1931 6
1182 1877 1382 1940 εἰπὼν,
1456 1881 1551 1933 καὶ
1609 1881 1716 1944 υἱὸς

1824 1879 1946 1947 quia
1993 1877 2108 1930 dixi
2130 1893 2149 1930 :
2178 1874 2359 1930 Filius
2409 1875 2506 1929 Dei
2554 1891 2670 1929 tum
2703 1876 2748 1907 '”
2783 1915 2797 1928 .
2822 1873 2889 1928 Et
2918 1887 3049 1928 sane
3103 1887 3229 1926 cum
3280 1873 3396 1926 haec

131 1961 427 2034 ἀνθρώπου
474 1961 563 2037 ἦν.
596 1964 752 2020 Οὕτω
793 1965 854 2020 τὸ
905 1969 1147 2036 πεφυκὸς
1195 1969 1455 2039 ἑκατέρου
1515 1971 1714 2039 ὀνόμα-

131 2067 228 2115 τος
294 2052 498 2124 Θατέρᾳ
555 2054 710 2123 φύσει
748 2055 1120 2126 ἀπονέμοντες
1183 2057 1404 2111 ούτίπου
1451 2059 1715 2128 διασφαλ-

130 2144 363 2214 λόμεθα.
404 2145 560 2202 Ἐπεὶ
600 2148 657 2199 δὲ
685 2148 780 2202 καὶ
813 2147 970 2202 τοῦδε
1000 2148 1153 2212 τέλος
1185 2150 1406 2220 εἴληφεν
1447 2154 1480 2220 ἠ
1541 2152 1712 2223 φωνὴ,

131 2236 223 2300 τίς
263 2239 296 2307 ἡ
347 2237 603 2292 Θεοδότου
662 2238 776 2309 (4);
814 2257 833 2291 ι
895 2239 1008 2303 Τάς
1051 2241 1161 2293 τῶν
1209 2242 1381 2310 ἁγίων
1431 2243 1573 2307 ἰδέας
1615 2244 1716 2296 οὐκ

131 2331 195 2381 tv
245 2331 452 2383 εἰκόσιν
499 2330 762 2395 ὲξύλικῶν
806 2333 1112 2402 χρωμάτων
1159 2334 1264 2387 ἀνα
1305 2335 1545 2405 μορφοῦν
1574 2354 1716 2406 παρ-

137 2422 447 2492 ειλήφαμεν
475 2441 490 2455 ·
535 2424 671 2478 ἀλλά
743 2423 842 2486 τὰς
878 2424 1082 2479 τούτων
1135 2427 1337 2498 ἀρετὰς
1377 2428 1465 2482 διὰ
1510 2427 1619 2480 τῶν
1657 2430 1714 2480 ὲν

131 2515 386 2583 Γραφαίς
447 2515 576 2585 περὶ
621 2515 801 2569 αὐτῶν
855 2517 1220 2588 δηλουμένων,
1256 2514 1366 2572 οἷόν
1416 2537 1567 2582 τινας
1614 2521 1714 2589 ὲμ-

131 2607 347 2676 ψύχους
374 2607 593 2670 εἰκόνας
621 2607 1027 2677 ἁναμάττεσθαι
1067 2609 1426 2678 δεδιδάγμεθα
1455 2627 1470 2641 ο
1500 2613 1564 2664 ὲκ
1596 2609 1716 2663 τού-

133 2716 236 2752 του
284 2699 423 2769 πρδς
461 2698 552 2750 τὸν
595 2698 782 2769 ὅμοιον
845 2701 1028 2763 αὐτοῖς
1085 2702 1477 2773 διεγειρόμενοι
1526 2701 1708 2772 ζῆλον.

147 2792 312 2846 Ἐπεὶ
368 2791 682 2846 εἰπάτωσαν
743 2794 792 2846 οξ
853 2794 952 2857 τὰς
1005 2795 1219 2848 τοιάσδε
1285 2796 1713 2870 άναστήηλοῦντες

141 2881 382 2954 μορφάς,
418 2881 579 2945 ποξας
613 2883 723 2954 ἄρα
759 2886 822 2937 ὲκ
859 2884 1067 2938 τούτων
1093 2886 1534 2940 καταπολαύοιεν
1566 2887 1712 2954 ὠφε-

138 2974 295 3036 λείας
323 2991 336 3004 ·
363 2974 396 3042 ἢ
445 2976 503 3024 ὲν
541 2974 670 3046 ποίᾳ
699 2973 788 3028 διὰ
814 2974 914 3043 τῆς
955 2976 1159 3028 τούτων
1193 2977 1550 3046 ἀναμνήσεως
1577 2977 1709 3029 ἀνά-

140 3082 336 3134 γονται
374 3070 721 3138 πνευματικῇ
773 3066 997 3138 θεωρίᾳ.
1039 3065 1178 3119 Ἀλλ’
1220 3067 1444 3138 εὖδηλον
1473 3067 1548 3130 ὼς
1609 3085 1714 3136 μα-

139 3157 272 3212 ταία
302 3159 577 3229 ἡτοιαύτη
624 3159 859 3220 ἐπίνοια,
922 3158 1018 3211 καὶ
1061 3157 1374 3228 διαβολικῆς
1427 3159 1711 3229 μεθοδείας

1820 1967 2045 2031 diceret,
2086 1967 2230 2021 illius
2264 1969 2428 2020 etiam
2482 1964 2720 2020 hominis
2751 1964 2876 2018 fuit.
2910 1961 3000 2018 Sic
3059 1960 3205 2031 quod
3265 1977 3394 2031 pro-

1820 2059 2000 2127 prium
2027 2068 2111 2114 est
2140 2058 2459 2114 alterutrius
2493 2056 2875 2128 appellationis
2903 2053 3150 2110 alterutri
3185 2063 3396 2107 naturae

1819 2149 2142 2215 tribuentes,
2173 2163 2205 2202 a
2267 2163 2394 2202 vero
2433 2148 2751 2217 neutiquam
2797 2145 3135 2200 aberramus.
3165 2141 3395 2209 Quando

1821 2251 2001 2295 autem
2037 2249 2092 2296 et
2125 2240 2285 2310 hujus
2338 2254 2441 2293 vox
2471 2239 2632 2293 ﬁnem
2697 2240 2929 2306 accepit,
2958 2237 3073 2306 jam
3123 2234 3390 2289 Theodoti

1821 2349 2067 2404 quamam
2099 2333 2228 2388 est?
2255 2349 2275 2384 ι
2311 2329 2636 2386 Sanctorum
2671 2330 2820 2386 ideas
2851 2329 3030 2384 nonin
3065 2327 3394 2398 imaginibus

1819 2440 1884 2480 ex
1947 2425 2155 2480 crassis
2213 2424 2492 2480 coloribus
2541 2421 2848 2477 informare
2911 2421 3265 2490 accepimus,
3299 2419 3391 2473 sed

1819 2519 2134 2573 earumdem
2159 2517 2385 2571 virtutes
2417 2532 2513 2586 per
2535 2529 2601 2570 ea
2629 2529 2752 2584 qua:
2785 2514 2852 2569 de
2879 2514 3013 2582 ipsis
3048 2512 3394 2568 declarantur

1819 2611 1875 2664 in
1906 2610 2080 2664 sacris
2112 2607 2432 2677 Scripturis,
2463 2607 2621 2677 quasi
2663 2609 2930 2677 quasdam
2955 2605 3227 2658 animatas
3255 2603 3396 2656 ima-

1819 2700 1972 2770 gines
2004 2699 2309 2768 exprimere
2337 2700 2516 2752 edocti
2585 2711 2798 2761 sumus,
2831 2711 2899 2750 ex
2929 2709 3039 2764 quo
3097 2694 3211 2763 pari
3266 2707 3391 2746 cum

1820 2791 1952 2862 ipsis
1997 2789 2179 2846 studio
2213 2791 2523 2845 incitamur.
2557 2788 2748 2842 Dicant
2775 2787 2968 2842 deinde
2993 2785 3086 2855 qui
3121 2784 3256 2838 tales
3277 2781 3392 2837 for-

1820 2898 2033 2937 marum
2063 2881 2264 2951 elligies
2289 2881 2525 2950 erigunt,
2555 2894 2719 2949 quem
2755 2894 2820 2934 ex
2856 2878 2965 2932 illis
3009 2875 3244 2945 denique
3280 2873 3396 2928 tru-

1821 2987 1968 3030 ctum
2001 2983 2408 3043 consequantur
2438 2989 2457 3027 :
2481 2980 2575 3027 aut
2600 2973 2668 3027 ad
2693 2987 2857 3041 quam
2892 2985 2958 3025 ex
2982 2984 3169 3025 earum
3201 2968 3394 3022 admo-

1821 3065 2030 3120 nitione
2048 3064 2349 3134 spiritalem
2381 3064 2896 3134 contemplationem
2923 3068 3232 3130 assurgant.
3289 3057 3395 3112 Sed

1819 3157 2166 3227 perspicuum
2225 3167 2308 3212 est
2356 3157 2577 3211 inanem
2632 3154 2900 3225 ejusmodi
2942 3153 3393 3222 excogitationem

140 3248 378 3319 εὕρεμα.
426 3267 444 3300 ι
475 3249 649 3312 Εὐθὺς
679 3251 710 3320 ἡ
745 3248 933 3319 βαλϐὶς
975 3247 1070 3302 τοῦ
1133 3250 1291 3319 λόγου
1321 3252 1382 3304 ού
1413 3252 1711 3323 νεμεσητὴ,

1824 3263 1960 3312 esse,
1999 3256 2054 3303 et
2100 3247 2382 3302 diabolica:
2412 3247 2547 3301 artis
2579 3245 2860 3300 inventum
2891 3245 2988 3298 τ’.»
3051 3243 3174 3298 Non
3213 3240 3397 3296 statim

140 3339 192 3390 εἰ
220 3339 316 3390 καὶ
357 3337 464 3392 τῶν
520 3339 718 3409 ἑφεξῆς
763 3340 978 3394 ἀτόπων
1021 3345 1501 3413 κατασκευαστική
1537 3360 1551 3373 ’
1594 3345 1716 3396 ἐπεὶ

1824 3338 2320 3410 reprehendendum
2350 3338 2615 3393 orationis
2631 3337 2918 3393 exordium
2952 3343 3057 3399 est,
3091 3335 3193 3389 etsi
3253 3333 3396 3387 viam

143 3429 242 3483 καὶ
291 3430 478 3483 πολλοὶ
527 3432 636 3484 τῶν
693 3432 856 3502 ἱερῶν
899 3432 1235 3487 διδασκάλων
1292 3435 1392 3505 τῆς
1440 3435 1716 3506 εἰκονικῆς

1825 3430 2034 3484 muniat
2078 3430 2145 3484 ad
2201 3429 2438 3484 absurda
2482 3443 2607 3500 quae
2643 3436 3105 3497 consequuntur:
3143 3424 3397 3495 quando-

142 3521 280 3585 θέας
305 3523 403 3592 τὴν
421 3523 507 3576 διὰ
521 3523 691 3591 λόγων
706 3523 945 3593 ἱστορίαν
962 3524 1427 3595 προύργιαιτέραν
1442 3525 1679 3580 τίθενται
1701 3543 1715 3556 ο

1824 3523 2042 3593 quidem
2088 3530 2143 3576 et
2176 3523 2329 3576 multi
2375 3535 2407 3576 e
2459 3521 2635 3576 sacris
2665 3519 2980 3574 doctoribus
3034 3516 3400 3572 narrationem

141 3613 205 3665 ού
221 3613 601 3677 διαϐάλλοντες
620 3615 719 3683 τὴν
742 3614 978 3685 θατέραν
1011 3634 1025 3648 ο
1052 3616 1230 3686 ἕτεροι
1282 3618 1339 3671 δὲ
1360 3617 1420 3670 τὸ
1448 3617 1684 3688 ἔμπαλιν
1702 3635 1716 3650 '

1824 3631 1945 3686 qua:
1973 3630 2104 3670 voce
2133 3615 2214 3680 ﬁt,
2247 3615 2519 3670 utiliorem
2559 3613 2898 3669 arbitrantur
2952 3618 3178 3681 aspectu
3210 3611 3402 3680 imagi-

143 3703 261 3772 ιχοι
280 3703 337 3755 δὲ
365 3705 425 3756 τὸ
450 3703 586 3767 ἴσον,
615 3704 758 3757 καθά
788 3721 950 3774 φησιν
977 3707 1004 3759 ό
1050 3708 1222 3776 μέγας
1249 3708 1554 3773 Βασίλειοςο
1584 3728 1602 3760 ι
1652 3711 1716 3762 Ἃ

1824 3726 1973 3775 num,
1996 3724 2172 3778 neque
2198 3710 2343 3764 hunc
2365 3717 2545 3762 tamen
2579 3705 2888 3775 vituperant
2914 3722 2930 3771 ;
3007 3704 3099 3758 alii
3131 3718 3259 3758 vero
3287 3703 3404 3758 vice

142 3794 257 3863 γὰρ
285 3795 314 3846 6
335 3793 492 3860 λόγος
514 3795 613 3862 τῆς
641 3795 881 3865 ἱστορίας
908 3795 974 3847 δι’
1003 3798 1175 3867 ἀκοῆς
1197 3800 1518 3869 παρίστησι,
1550 3797 1716 3852 ταῦτα

1824 3817 1995 3857 versa.
2029 3801 2134 3856 Sed
2181 3803 2403 3871 perinde
2448 3811 2551 3867 est,
2603 3809 2664 3854 ut
2719 3815 2951 3869 magnus
2981 3800 3056 3853 ait
3115 3797 3400 3854 Basilius:

143 3886 396 3956 γραφικὴ
437 3886 701 3941 σιωπῶσα
726 3888 816 3941 διὰ
853 3891 1138 3959 μιμήσεως
1169 3890 1434 3945 δείκνυσι.
1465 3909 1484 3943 ›
1521 3892 1630 3946 Καὶ
1661 3894 1716 3944 ού

1828 3916 1847 3948 ι
1875 3895 2010 3950 Nam
2029 3910 2148 3965 qua
2171 3895 2505 3949 narrationis
2532 3908 2712 3949 sermo
2750 3907 2846 3963 per
2886 3893 3134 3946 auditum
3170 3892 3392 3961 ingerit,

145 3977 357 4040 πάντες
404 3973 716 4048 ζωγράφοι,
770 3978 890 4031 οὐδὲ
947 3979 1146 4043 πάντες
1190 3981 1522 4052 λογογράφοι
1553 4001 1567 4014 ο
1606 3985 1716 4037 ἀλλ’

1824 3989 1928 4043 hoc
1967 3989 2176 4058 pictura
2205 3987 2370 4042 silens
2395 4001 2490 4056 per
2522 3986 2886 4041 imitationem
2920 3983 3161 4038 ostendit
3179 3983 3246 4036 ".
3283 3999 3302 4033 ι
3334 3983 3404 4036 At

146 4071 369 4141 ἑκάστῳ
397 4070 471 4131 ὡς
501 4073 529 4123 6
569 4070 700 4134 Θεὸς
747 4072 972 4142 ἐμέρισε
1021 4073 1220 4142 μέτρον
1272 4075 1516 4144 χάριτος.
1553 4077 1717 4130 Ὥστε

144 4163 305 4232 τήνδε
333 4162 432 4233 τὴν
455 4163 715 4233 πρότασιν
746 4164 964 4233 παρεὶς,
993 4164 1198 4234 λεγέτω
1214 4167 1312 4238 τὴν
1334 4167 1481 4238 ἐξῆςο
1519 4188 1536 4220 ι
1573 4168 1726 4223 Ἐπεὶ

146 4255 464 4308 εἰπάτωσαν
515 4257 563 4309 oi
605 4256 704 4320 τὰς
753 4256 965 4310 τοιάσδε
1003 4260 1436 4330 ἀναστηλοῦντες
1472 4261 1686 4331 μορφὰς
1711 4301 1725 4321 .

146 4347 311 4410 ποίας
346 4350 410 4400 ὲκ
449 4348 656 4402 τούτων
712 4348 819 4419 ἄρα
867 4351 1296 4405 καταπολαύοιεν
1343 4352 1610 4423 ὠφελείας
1641 4370 1656 4385 ο
1688 4355 1720 4424 ἢ

147 4441 205 4492 ὲν
243 4439 377 4510 ποίᾳ
430 4439 521 4492 διὰ
579 4440 678 4510 τῆς
739 4439 943 4493 τούτων
1002 4445 1363 4515 ἀναμνήσεως
1427 4447 1718 4514 ἀνάγονται

148 4535 500 4602 πνευματικῇ
544 4532 767 4603 θεωρία.
805 4551 824 4584 ι

231 4712 658 4783 Ἀντερωτάσθω
680 4709 772 4767 οὖν
804 4713 832 4766 6
861 4712 1126 4779 γεννάδας
1158 4731 1174 4748 ο
1209 4715 1374 4768 ποίαν
1395 4716 1504 4786 γὰρ
1533 4716 1719 4788 ὄνησιν

148 4806 247 4861 καὶ
277 4805 432 4875 ἱερὰν
457 4804 692 4875 θεωρίαν
722 4807 823 4859 οὐκ
867 4806 1012 4860 ἔστιν
1038 4808 1289 4861 ἐντεῦθεν
1323 4808 1582 4878 εὑρέσθαι
1607 4827 1620 4874 ;
1658 4810 1720 4863 Et

149 4901 260 4970 γὰρ
285 4897 427 4967 α’ύτη
460 4897 620 4966 φύσις
649 4899 877 4964 εἰκόνος,
915 4901 1138 4970 μίμημα
1172 4896 1313 4953 εἶναι
1342 4899 1436 4953 τοῦ
1490 4902 1723 4972 ἀρχετύ-

152 5007 280 5051 που,
308 4987 454 5042 καθά
483 5006 650 5058 φησιν
687 4990 716 5041 6
741 4991 1002 5058 Θεολόγος
1043 4990 1337 5061 Γρηγόριος
1374 5007 1389 5023 ο
1435 4991 1530 5044 καὶ
1561 4993 1617 5044 ὲν
1657 4995 1722 5063 τῇ

151 5080 324 5133 ιὶκόνι
344 5079 407 5132 τὸ
432 5081 744 5150 ἀρχέτυπον
773 5081 1115 5150 ὲκφαίνεται,
1145 5084 1290 5137 καθά
1325 5101 1489 5155 φησιν
1515 5085 1543 5137 ὁ
1592 5085 1730 5137 πάν-

152 5189 318 5242 σοφος
371 5172 649 5238 Διονύσιος
685 5190 698 5203 ·
761 5175 919 5246 δῆλον
974 5176 1056 5228 ὅτι
1101 5177 1163 5229 ὲκ
1216 5175 1309 5227 τοῦ
1363 5177 1722 5247 μιμήματος,

219 5289 265 5320 ⁴⁹
307 5287 468 5342 Joan.
503 5305 574 5354 rt,
606 5289 694 5343 58.
785 5290 830 5321 "°
854 5289 1014 5344 Joan.
1048 5305 1149 5353 ut,
1193 5289 1281 5343 40.

154 5369 444 5429 martyres,
471 5361 648 5427 initio,
686 5370 724 5415 t.
758 5359 800 5426 l,
825 5377 949 5431 pag.
976 5361 1100 5415 527.

1378 5290 1421 5320 ⁷¹
1471 5287 1628 5344 Joan.
1660 5305 1715 5354 χ,
1751 5289 1839 5344 36.

1827 4094 1927 4135 nec
1959 4093 2147 4134 omnes
2183 4080 2434 4149 pictores,
2477 4092 2577 4132 nec
2602 4092 2794 4132 omnes
2822 4087 2950 4132 sunt
2995 4084 3239 4132 oratores
3267 4092 3281 4129 :
3307 4073 3404 4128 sed

1827 4181 1989 4240 prout
2047 4171 2343 4240 unicuique
2407 4169 2550 4225 Deus
2599 4171 2785 4241 gratiae
2841 4168 3065 4224 modum
3123 4167 3400 4237 impertiit.

1825 4266 2026 4331 Quare,
2050 4263 2251 4317 omissa
2281 4264 2385 4317 hac
2427 4263 2813 4333 propositione,
2845 4261 2911 4315 ad
2945 4267 3258 4330 sequentem
3308 4275 3405 4313 ve-

1827 4359 1961 4412 niat.
1998 4375 2018 4409 ι
2048 4355 2245 4410 Dicant
2275 4355 2471 4409 deinde
2520 4354 2613 4425 qui
2667 4353 2806 4409 tales
2847 4352 3148 4407 formarum
3201 4349 3402 4419 effigies

1824 4462 1918 4502 aut
1946 4449 2012 4502 ad
2044 4464 2206 4517 quam
2230 4463 2295 4502 ex
2329 4462 2518 4502 earum
2548 4445 2921 4501 admonitione
2955 4443 3251 4513 spiritalem
3286 4443 3401 4496 eri-

1822 4548 1984 4610 gnnt,
2018 4554 2178 4607 quem
2209 4555 2274 4594 ex
2303 4539 2405 4594 illis
2435 4539 2670 4608 denique
2695 4537 2931 4592 fructum
2964 4545 3398 4606 consequantur:

1751 4615 1804 4674 D
1829 4631 2342 4700 contemplationem
2375 4638 2688 4698 assurgunt.
2731 4647 2751 4679 ι

1900 4724 2264 4795 lnterrogetur
2292 4724 2534 4779 vicissim
2561 4723 2642 4776 vir
2668 4732 2946 4782 strenuus,
2975 4719 3098 4789 quis
3141 4733 3250 4772 non
3282 4717 3404 4771 inde

1823 4811 2052 4881 fructus,
2078 4831 2200 4885 qua:
2245 4830 2354 4869 non
2385 4815 2468 4883 pia
2505 4812 2892 4881 contemplatio
2932 4811 3162 4864 oriatur.
3190 4807 3326 4862 Nam
3357 4809 3402 4862 si

1825 4905 2079 4975 imaginis
2113 4915 2308 4960 natura
2342 4917 2424 4959 est
2478 4912 2536 4958 ut
2569 4906 2641 4958 sit
2676 4902 2960 4973 archetypi
3005 4900 3358 4955 simulacrum
3385 4936 3402 4957 .

1825 4997 2284 5067 quemadmodum
2342 4998 2418 5051 ait
2482 4997 2774 5066 Gregorius
2832 4994 3190 5062 Theologus,
3237 5001 3292 5045 et
3347 4991 3402 5044 in

1832 5089 2070 5158 imagine
2118 5089 2469 5158 archetypum
2521 5089 2786 5150 cernitur,
2839 5095 2899 5141 ιιι
2958 5085 3403 5155 sapientissimus

1838 5178 2132 5248 Dionysius
2164 5180 2406 5248 loquitur
2441 5196 2454 5231 :
2492 5179 2839 5247 perspicuum
2869 5184 2953 5231 est
2981 5190 3048 5230 ex
3083 5172 3404 5233 simulacro,

1946 5289 1991 5322 "
2027 5289 2235 5345 Concil.
2264 5287 2467 5343 Nicaeni
2498 5304 2558 5354 tt,
2594 5297 2698 5342 act.
2729 5287 2781 5341 6.
2875 5287 2921 5318 ⁷³
2956 5283 3112 5339 Hom.
3141 5280 3212 5335 20
3250 5281 3303 5336 in
3337 5280 3411 5340 40

1670 5450 1907 5506 ΝΟΤᾹΞ.

223 5548 305 5612 (4)
346 5546 404 5600 ln
434 5548 558 5603 cod.
596 5547 727 5618 Reg.
763 5547 829 5602 ad
862 5563 1014 5602 oram
1039 5546 1162 5600 libri
1201 5564 1215 5599 :
1257 5545 1453 5618 ’ἰστέον
1496 5543 1570 5618 ᾡς
1596 5545 1726 5618 Θεό-

155 5615 294 5688 601!»
322 5618 588 5688 τέσσαρες
619 5615 724 5671 ὑπὸ
754 5618 847 5671 τοῦ
880 5618 1036 5686 ἁγίου
1064 5617 1369 5688 Σωφρονίου
1389 5616 1724 5688 ἀναθεματί-

156 5685 374 5749 ζονταν
405 5681 519 5758 ἀλλ’
550 5689 600 5740 οἱ
633 5689 732 5756 μὲν
770 5681 1232 5758 τρεῖςπρόδηλόί·
1265 5689 1291 5738 6
1316 5686 1370 5737 δὲ
1403 5681 1487 5758 εἷς
1510 5681 1720 5758 ἀνωνυ-

159 5772 277 5827 μος,
307 5758 416 5810 ὑπὸ
455 5757 513 5810 δὲ
566 5760 752 5823 ἐτέρου
807 5757 1030 5827 πατρὸς,
1063 5759 1136 5820 ὡς
1182 5757 1442 5823 ἀνέγνων,
1472 5757 1724 5827 Θεόδοτος

170 5825 452 5901 Ἀγκύρων
486 5827 851 5899 διαϐέϐληται,
884 5824 1164 5882 sciendum
1190 5839 1263 5881 est
1302 5835 1530 5896 quatuor
1559 5824 1721 5878 Theo—

1833 5549 1986 5602 doto:
2008 5565 2040 5602 a
2075 5556 2255 5602 sancto
2277 5545 2573 5614 Sophronia
2591 5540 3038 5598 anathematizari
3069 5557 3129 5593 ac
3160 5548 3262 5614 tres
3283 5539 3407 5614 qui:-

1838 5621 1954 5670 dem
1989 5621 2100 5672 noti
2135 5629 2296 5670 sunt:
2329 5609 2411 5669 hic
2453 5629 2626 5670 autem
2654 5631 2787 5668 unus
2830 5614 2941 5666 sine
2988 5609 3310 5680 cognomine
3339 5609 3404 5664 ab

1834 5689 2001 5744 altero
2032 5690 2207 5744 Patre.
2230 5689 2362 5740 sicut
2387 5689 2508 5758 legi,
2542 5685 2835 5756 infamatur
2856 5679 3109 5752 tanquam
3141 5683 3209 5736 sit
3234 5679 3402 5734 Theca

1833 5760 1987 5814 dotus
2020 5760 2354 5827 Ancyranus.
