3934 6444
533 378 675 443 1219

1719 384 1781 444 S.
1812 381 2208 444 THEODORI
2248 384 2599 448 STUDITIE

3659 382 3793 446 1ἒο

530 490 636 545 hoc
663 497 771 555 est,
806 503 871 544 ex
918 489 1156 560 imagine
1185 505 1435 562 magnam
1468 492 1756 549 utilitatem
1788 494 2012 564 percipi,
2041 509 2106 550 ac

2208 497 2379 568 ἧγουν
2409 498 2638 562 εἰκόνος,
2664 496 2802 550 πολὺ
2835 495 2897 550 τὺ
2936 495 3131 566 ὄφελος
3162 496 3383 567 πρόεισι
3414 508 3433 526 θ
3465 497 3567 548 καὶ
3591 495 3680 548 διὰ
3702 496 3794 548 τοῦ

527 595 628 650 per
653 580 1004 635 simulacrum
1036 582 1300 638 exsistere
1342 583 1704 653 multiplicem
1735 584 1880 639 circa
1919 586 2111 640 arche-

532 680 717 741 typum
742 672 940 725 mentis
1002 672 1537 741 contemplationem.
1572 674 1651 729 Ac
1695 676 1848 729 testis
1877 674 2097 745 quidem

530 759 751 815 divinus
778 759 1033 827 Basilius,
1076 762 1275 820 alicubi
1325 765 1551 820 dicens:
1586 784 1604 816 ι
1649 763 1909 836 Imagt‘m's
1947 765 2113 819 honor

532 852 601 904 ad
636 861 978 944 prototypun:
1004 854 1243 908 ascendit
1264 855 1333 911 ".
1369 874 1393 908 ι
1428 855 1486 910 Si
1518 857 1763 913 ascendit
1818 868 2024 921 autem,
2060 866 2116 913 et

530 942 812 997 descendit
859 942 1003 998 haud
1037 944 1203 1000 dubie
1265 947 1332 1000 ad
1378 946 1674 1017 imaginem
1732 963 1763 1004 a
1792 958 2105 1020 prototypo.

530 1028 702 1086 Nemo
738 1047 870 1088 vero
894 1033 966 1087 ita
998 1035 1198 1103 desipit
1218 1044 1277 1090 ut
1306 1035 1452 1090 dicat
1483 1037 1746 1093 honorem
1766 1039 1971 1094 nullius
1994 1054 2116 1094 esse

532 1121 807 1191 utilitatis,
840 1134 931 1178 aut
960 1124 1311 1179 simulacrum
1340 1141 1448 1181 non
1503 1143 1624 1182 esse
1654 1128 1731 1182 rei
1795 1129 2116 1185 assimilatas

529 1225 844 1280 expressam
876 1213 1127 1285 efﬁgiem,
1182 1216 1256 1270 ita
1292 1225 1353 1271 ut
1409 1218 1641 1272 alterum
1677 1219 1733 1272 in
1776 1218 1949 1274 altero
2004 1221 2114 1285 sit,

525 1303 682 1370 juxta
734 1304 977 1359 divinum
1027 1305 1391 1377 Dionysium:
1423 1324 1533 1377 quo
1592 1310 1723 1378 quid
1757 1324 1878 1365 esse
1928 1311 2116 1367 utilius

531 1402 710 1463 potest
734 1397 817 1449 vel
847 1397 912 1450 ad
960 1397 1217 1453 sublimia
1279 1398 1463 1453 animo
1499 1400 1960 1471 contemplanda!
2020 1404 2118 1458 Est

528 1488 673 1541 enim
705 1491 1113 1558 reprazscntatio
1142 1492 1242 1561 ipsi
1308 1507 1489 1546 rerum
1548 1494 1795 1563 aspectui
1829 1510 1925 1563 par
1956 1514 1969 1551 :
2032 1506 2118 1552 est

531 1578 733 1649 imago,
766 1591 825 1634 ut
874 1582 1094 1650 proprio
1140 1584 1396 1653 exemplo
1453 1595 1600 1651 utar,
1653 1587 1721 1641 ad
1752 1587 1885 1643 solis
1939 1588 2115 1643 lucem

529 1674 685 1742 quasi
717 1674 859 1728 lunae
889 1676 1004 1728 lux.
1043 1677 1259 1747 Alioqui
1284 1678 1329 1733 si
1365 1693 1449 1732 res
1479 1694 1639 1735 secus
1666 1681 1845 1746 habet,
1874 1681 2004 1751 quid
2027 1698 2119 1737 ve-

530 1764 737 1820 teribus
766 1766 1175 1821 tabernaculum
1211 1769 1506 1823 testimonii
1536 1770 1763 1839 profuit,
1800 1772 1946 1841 quod
2014 1771 2118 1827 fuit

2216 591 2535 661 μιμήματος
2565 590 2792 661 πλείστη
2817 590 2911 643 ὲπὶ
2934 589 2996 642 τὸ
3033 588 3340 659 ἀρχέτυπον
3374 588 3409 658 ἠ
3441 590 3793 657 πνευματικὴ

2215 681 2420 750 θεωρία
2453 682 2651 736 ἄνεισι.
2682 682 2793 735 Καὶ
2836 682 3049 751 μάρτυς
3086 680 3115 732 ό
3140 680 3303 743 αὐτὸς
3334 678 3480 742 θεῖος
3514 679 3794 742 Βασίλειος

2214 765 2315 827 ὧδέ
2349 791 2450 827 που
2482 773 2655 841 λέγων
2688 789 2701 803 ο
2733 791 2752 825 ι
2803 772 2867 826 Ἦ
2896 773 2995 843 τῆς
3018 773 3224 835 εἰκόνος
3261 770 3395 842 τιμὴ
3420 770 3517 823 ἐπὶ
3556 770 3621 823 τὸ
3651 786 3795 840 πρω-

2213 868 2447 922 τότυπον
2477 867 2781 921 ἀναϐαίνει.
2821 884 2841 919 ι
2879 866 2942 919 Et
2974 865 3030 918 δὲ
3069 863 3373 923 ἀναϐαίνει,
3404 863 3505 915 καὶ
3553 860 3796 915 κάτεισιν

2216 960 2438 1030 εὔδηλον
2482 960 2577 1012 ἐπὶ
2625 959 2725 1029 τὴν
2759 958 2943 1011 εἰκόνα
2975 956 3083 1010 ἀπὸ
3111 955 3206 1009 τοῦ
3252 944 3653 1025 πρωτοτύπου.
3688 954 3795 1006 Οὐκ

2218 1052 2284 1107 ἂν
2317 1052 2374 1105 δέ
2403 1070 2486 1115 τις
2514 1052 2851 1122 ἀνοηταίνων
2892 1049 3145 1118 ἀνωφελῆ
3196 1048 3294 1120 τὴν
3324 1048 3498 1117 τιμὴν
3532 1048 3748 1100 εἴποιεν
3778 1063 3791 1075 ·

2216 1145 2324 1198 οὐδ’
2366 1140 2434 1198 αὖ
2468 1145 2527 1197 τὸ
2575 1144 2798 1214 μίμημα
2825 1142 2898 1212 μὴ
2925 1142 3047 1211 οὐχὶ
3092 1140 3187 1193 τοῦ
3236 1140 3635 1210 μεμιμημένον
3670 1140 3796 1191 ἁπο-

2216 1232 2455 1303 τύπωμα
2486 1247 2499 1261 ·
2524 1232 2599 1295 ὡς
2642 1227 2785 1285 εἰναι
2813 1232 3072 1299 ἑκάτερον
3112 1232 3171 1283 ὲν
3216 1229 3465 1300 ἐκατέρῳ
3510 1228 3663 1281 κατά
3711 1226 3795 1281 τὸν

2218 1324 2360 1379 θεῖον
2392 1323 2667 1377 Διονύσιον
2690 1340 2703 1354 °
2742 1317 2802 1376 οὗ
2843 1323 2897 1376 τί
2934 1323 3002 1375 ἂν
3033 1322 3243 1390 γένοιτο
3288 1320 3794 1391 ὠφελιμώτερόντε

2216 1417 2312 1471 καὶ
2330 1415 2847 1485 ἀναγωγικώτερον;
2883 1416 3167 1485 Ἐμφασις
3217 1414 3326 1483 γάρ
3362 1414 3485 1465 ἐστι
3527 1412 3637 1481 τῆς
3676 1410 3799 1464 αὐτ-

2216 1511 2396 1580 οψίας,
2427 1510 2520 1563 καὶ
2552 1508 2853 1578 σεληνιαῖόν
2882 1525 2934 1560 τι
2977 1507 3116 1575 φῶς,
3147 1505 3235 1558 ἵνα
3270 1504 3365 1558 καὶ
3392 1503 3589 1574 οἰκείῳ
3625 1520 3797 1573 παρα-

2216 1603 2467 1672 δείγματι
2506 1580 2819 1673 χρήσωμίαι,
2872 1599 3008 1669 πρὸς
3054 1597 3279 1668 ἡλιακὸν
3332 1596 3449 1664 φῶς
3505 1596 3541 1666 ἡ
3589 1596 3794 1647 εἰκών·

2218 1697 2339 1749 ἐπεὶ
2367 1698 2414 1748 εἰ
2462 1696 2536 1766 μὴ
2592 1693 2772 1760 τοῦτο,
2807 1692 2859 1744 τί
2907 1692 3114 1761 ὀνίνησι
3160 1691 3287 1755 τοὺς
3326 1690 3503 1744 πάλαι
3548 1692 3584 1760 ἡ
3630 1688 3799 1758 σκηνὴ

2217 1788 2310 1841 τοῦ
2367 1786 2705 1858 μαρτυρίου,
2765 1785 2991 1855 μίμημα
3048 1777 3185 1836 οὖσα
3242 1783 3349 1836 τῶν
3400 1780 3796 1851 ὲπουρανίων;

529 1854 834 1909 caelestium
900 1856 1252 1911 simulacrum
1280 1856 1461 1911 ?Nam
1491 1868 1545 1914 et
1593 1859 1704 1913 illic
1737 1876 1860 1915 cum
1902 1863 2113 1918 caeteris

2215 1853 2389 1933 Κάκεί
2416 1853 2524 1949 γὰρ
2550 1853 2687 1947 μετὰ
2714 1853 3032 1930 τῶνᾶλλων
3063 1874 3345 1945 Χερουϐὶμ
3400 1872 3567 1943 δόξης
3629 1889 3799 1925 κατα·

528 1944 828 1999 Cherubim
888 1946 1074 2014 gloriae
1135 1948 1584 2017 propitiatorium
1661 1952 2059 2022 obtegehant"
2094 1990 2111 2017 ,

530 2034 637 2089 hoc
692 2044 797 2099 est,
833 2034 1096 2105 imagines
1132 2038 1370 2094 humana
1401 2040 1758 2099 similitudine
1805 2060 2107 2114 expressa}:

531 2141 721 2181 omnes
784 2127 850 2181 ad
895 2137 1129 2183 mentem
1190 2145 1407 2185 sursum
1448 2135 1797 2190 attollendam
1850 2146 2027 2207 aptae,
2060 2146 2115 2192 et

531 2219 1022 2288 contemplationes
1058 2221 1397 2279 adorationis
1439 2225 1493 2279 in
1530 2226 1745 2295 spiritu.
1780 2227 2005 2283 Frustra
2027 2244 2114 2284 ve-

530 2326 594 2365 ro
620 2312 797 2377 nobis,
824 2313 1125 2369 secundum
1159 2314 1305 2370 illam
1353 2319 1803 2387 propositionem,
1834 2330 1887 2375 et
1930 2321 2109 2393 imago

531 2404 719 2459 crucis
758 2420 772 2457 :
820 2402 1021 2459 frustra
1042 2415 1096 2459 et
1145 2422 1267 2475 quae
1299 2408 1542 2462 lanceam
1577 2428 1590 2463 :
1652 2411 1854 2466 frustra
1886 2425 1940 2469 et
1993 2432 2115 2486 quae

532 2497 814 2568 spongiam
843 2507 1194 2567 repraesentat
1225 2519 1238 2554 :
1274 2501 1539 2569 siquidem
1572 2512 1626 2557 et
1664 2504 1778 2559 hac
1825 2507 2115 2565 simulacra

534 2597 685 2653 sunt,
729 2589 831 2644 etsi
872 2605 985 2644 non
1032 2590 1285 2645 humana:
1338 2592 1750 2650 similitudinis:
1801 2597 2008 2655 frustra
2062 2611 2117 2656 et

534 2695 874 2751 quaecunque
922 2681 1027 2735 alia
1085 2682 1436 2740 sensibilibus
1482 2686 1835 2757 imaginibus,
1882 2699 1941 2744 ut
1992 2706 2114 2747 cum

536 2770 800 2844 Dionysio
828 2774 1021 2842 loquar
1042 2775 1085 2806 ⁷⁸
1124 2815 1140 2842 ,
1178 2776 1338 2831 nobis
1374 2786 1503 2831 sunt
1552 2780 1793 2835 tradita:
1856 2797 1954 2852 per
1994 2800 2117 2854 qua:

534 2866 601 2920 ad
640 2866 1053 2934 intelligibilem,
1101 2868 1283 2937 quoad
1316 2869 1437 2940 ejus
1465 2870 1579 2926 ﬁeri
1630 2882 1828 2942 potest,
1885 2876 2065 2947 inquit
2097 2914 2113 2943 ,

536 2954 1062 3023 contemplationem
1098 2960 1462 3027 assurgimus.

642 3044 846 3099 Deinde
877 3060 1006 3099 vero
1023 3054 1076 3100 et
1094 3063 1199 3101 una
1225 3063 1253 3102 e
1274 3049 1517 3119 quinque
1542 3051 1739 3107 anima
1764 3054 2116 3114 facultatibus

535 3136 826 3206 phantasia
860 3148 946 3194 est
982 3157 995 3194 :
1037 3140 1325 3210 phantasia
1350 3157 1479 3198 vero
1505 3143 1685 3215 imago
1718 3147 1968 3216 quaedam
2008 3165 2118 3203 me-

536 3231 643 3284 rito
710 3233 1004 3287 videatur:
1041 3241 1337 3306 utrumque
1386 3236 1533 3291 enim
1599 3238 1954 3297 simulacrum
2010 3253 2115 3298 est.

536 3321 655 3376 Non
686 3323 894 3379 inutilis
917 3325 1081 3396 igitur
1105 3326 1306 3398 imago,
1338 3345 1460 3400 quae
1486 3331 1871 3402 sitphantasiae
1895 3336 2117 3394 similis.

536 3414 769 3479 Quodsi
830 3416 1045 3472 inutilis
1086 3433 1150 3473 ea
1188 3428 1273 3476 est
1331 3436 1453 3491 quae
1519 3426 1888 3492 praestantior,
1947 3428 2120 3485 multo

536 3508 725 3575 utique
750 3507 921 3576 magis
955 3523 1018 3563 ea
1046 3524 1171 3579 quae
1228 3511 1485 3578 deterior,
1522 3516 1721 3572 frustra
1753 3527 1959 3575 naturae
1986 3536 2121 3575 con-

539 3597 742 3666 genita.
782 3599 861 3653 Ac
892 3599 937 3652 si
963 3598 1190 3665 frustra,
1221 3604 1425 3671 pariter
1463 3615 1516 3659 et
1544 3621 1666 3676 qua:
1715 3618 1844 3662 sunt
1874 3611 2118 3680 ejusdem

539 3705 665 3743 cum
698 3688 786 3743 illa
838 3689 1070 3756 ordinis,
1107 3706 1323 3759 sensus,
1357 3696 1565 3765 Opinio,
1618 3699 1898 3769 cogitatio,
1944 3717 2117 3757 mens.

542 3780 635 3837 Sic
687 3781 896 3836 ratione
974 3783 1204 3855 physica
1259 3798 1423 3842 utens
1512 3789 1691 3845 oratio
1770 3792 2116 3861 insipientem

538 3873 799 3941 ostendit,
838 3876 1011 3946 magis
1046 3877 1309 3945 probabili
1344 3882 1824 3951 contemplatione,
1866 3883 2120 3955 imaginis

539 3969 657 4023 sive
703 3968 1008 4038 phantasiae
1066 3979 1520 4041 contemptorem.
1590 3974 1703 4046 Ego
1739 3990 1872 4030 vero
1921 3986 1976 4031 et
2012 3977 2120 4031 alio

540 4060 767 4116 nomine
813 4062 1161 4130 phantasiam
1224 4065 1420 4118 miror.
1456 4065 1625 4121 Aiunt
1671 4068 1816 4122 enim
1868 4071 2117 4124 nonnulli

543 4154 826 4208 mulierem
857 4155 1050 4210 hausta
1083 4154 1360 4228 Ethiopis
1428 4159 1661 4231 imagine
1693 4163 1797 4217 sub
1832 4163 1951 4232 ipso
1982 4180 2120 4220 con-

541 4243 1071 4313 ceptu,A§thiopem
1142 4249 1439 4317 peperisse.
1504 4250 1696 4309 Simile
1734 4255 1992 4324 quiddam
2054 4257 2121 4312 de

542 4336 852 4405 patriarcha
880 4334 1049 4392 Jacob
1111 4349 1365 4393 narratur
1397 4340 1451 4395 iu
1503 4342 1782 4412 virgarum
1819 4348 2121 4403 decortica-

544 4426 749 4481 tione"
779 4443 797 4489 ;
828 4439 940 4496 quo
978 4442 1049 4482 ex
1098 4427 1240 4496 visu,
1271 4420 1408 4485 varii
1459 4432 1658 4490 coloris
1696 4450 1891 4504 pecora
1934 4454 2122 4494 nasce-

2216 1968 2508 2032 σκιάζοντα
2547 1967 2607 2020 τδ
2646 1966 2953 2036 ἱλαστήριον
2985 1976 3001 1993 ⁶
3034 1965 3312 2017 τουτέστιν
3341 1963 3557 2026 εἰκόνες
3585 1962 3801 2030 ἀνθρω-

2215 2062 2484 2132 πομόρφῳ
2526 2060 2656 2119 εῖδει
2700 2056 3133 2127 διατυπούμεναι
3165 2072 3179 2086 °
3223 2055 3554 2125 ἀναγωγικὰ
3599 2056 3797 2116 πάντα,

2169 2174 2178 2186 ι
2214 2154 2307 2207 καὶ
2341 2152 2440 2221 τῆς
2474 2155 2532 2204 ἐν
2566 2150 2836 2219 πνεύματι
2865 2149 3121 2219 λατρείας
3155 2148 3518 2218 θεωρήματα.
3590 2147 3793 2214 Μάτην

2211 2242 2269 2296 δὲ
2299 2242 2430 2311 ἡμῖν
2461 2241 2585 2293 ὅσον
2634 2239 2729 2291 ἐπὶ
2772 2240 2837 2309 τῇ
2884 2238 3062 2308 τοιᾷδε
3116 2238 3377 2307 προτάσει
3413 2238 3512 2288 καὶ
3554 2237 3588 2305 ἠ
3643 2253 3799 2289 σταυ-

2218 2332 2432 2404 ροειδὴς
2486 2331 2648 2384 εἰκών
2675 2346 2689 2361 ο
2730 2329 2910 2401 μάτην
2953 2329 3049 2383 καὶ
3092 2330 3125 2399 ἡ
3208 2326 3524 2399 λογχοειδής
3560 2343 3576 2357 ο
3617 2328 3797 2396 μάτην

2214 2424 2307 2476 καὶ
2340 2424 2373 2491 ὴ
2402 2421 2778 2492 σπογγοειδής.
2829 2420 3090 2490 Ἐπείπερ
3120 2419 3213 2471 καὶ
3238 2419 3414 2471 ταῦτα
3467 2420 3795 2488 μιμήματα,

2215 2516 2319 2568 κᾶν
2354 2517 2454 2570 οὐκ
2483 2516 2960 2585 άνθρωπόμορφα’
2988 2513 3167 2583 μάτην
3196 2511 3290 2564 καὶ
3319 2512 3420 2564 ὅσα
3440 2510 3579 2563 ἄλλα
3605 2510 3802 2581 αἰσθη-

2214 2610 2330 2670 ταῖς
2355 2608 2547 2667 εἱκόσι,
2579 2605 2949 2668 Διονυσιακῶς
2983 2604 3177 2668 εἰπεῖν,
3207 2602 3579 2675 παραδέδοται
3614 2604 3750 2672 ἡμῖν
3782 2620 3796 2634 ·

2213 2696 2280 2749 δι’
2294 2690 2368 2750 ὧν
2394 2697 2486 2749 ἐπὶ
2503 2696 2602 2759 τὰς
2632 2697 2828 2768 νοητὰς
2852 2693 2997 2749 κατὰ
3018 2694 3080 2748 τὸ
3097 2692 3344 2761 δυνατὸν,
3370 2693 3562 2765 φησὶν,
3595 2692 3798 2762 ἀναγόο

2218 2790 2359 2861 μεθα
2388 2790 2645 2861 θεωρίας.

2288 3063 2520 3115 Ἔπειτα
2553 3059 2647 3111 καὶ
2698 3060 2729 3129 ἡ
2778 3057 2871 3128 μία
2898 3058 3009 3110 τῶν
3060 3056 3222 3110 πέντε
3256 3055 3356 3125 τῆς
3395 3054 3581 3125 ψυχῆς
3632 3056 3801 3110 δυνά-

2222 3170 2365 3224 μεων
2402 3155 2436 3224 ή
2472 3151 2740 3223 φαντασία
2766 3167 2780 3181 ο
2813 3151 3088 3220 φαντασία
3128 3150 3186 3202 δὲ
3234 3147 3405 3212 δόξειέ
3444 3164 3531 3209 τις
3585 3146 3755 3199 εἰκών
3784 3162 3799 3176 ·

2226 3248 2523 3318 ἰνδάλματα
2576 3246 2684 3317 γὰρ
2730 3246 3040 3316 ἀμφότερα.
3102 3246 3216 3299 Οὐκ
3257 3246 3547 3315 ἀνωφελὴς
3606 3244 3723 3315 ἄρα
3765 3246 3799 3313 η

2221 3340 2385 3396 εἰκὼν
2405 3343 2469 3410 τῇ
2502 3338 2775 3408 φαντασία
2808 3340 3039 3391 ἐοικυῖα.
3065 3338 3195 3390 Εἰδὲ
3220 3338 3503 3405 ἀνωφελὴς
3529 3339 3563 3407 ἠ
3585 3338 3802 3409 προύρ-

2222 3434 2494 3505 γιαιτέρα,
2531 3430 2712 3501 πολλῷ
2751 3426 2843 3484 οὖν
2883 3429 3084 3499 μᾶλλον
3127 3431 3160 3499 ἡ
3196 3430 3661 3499 ὑφειμενεστέρα,
3699 3429 3803 3497 μά-

2220 3546 2319 3598 την
2361 3524 2780 3595 συνυπάρχουσα
2823 3526 2887 3593 τῇ
2920 3522 3081 3593 φύσει
3114 3537 3129 3552 ·
3155 3523 3250 3574 καὶ
3276 3524 3325 3574 εἰ
3366 3521 3570 3591 μάτην,
3601 3522 3703 3573 καὶ
3747 3522 3802 3574 αἱ

2223 3621 2493 3690 σύστοιχοι
2517 3619 2708 3684 αὐτῆς,
2742 3616 3014 3688 αἴσθησις,
3039 3612 3188 3681 δόξα,
3206 3614 3435 3679 διάνοια,
3460 3614 3607 3675 νοῦς.
3641 3612 3803 3665 Οὕτω

2222 3711 2609 3783 φυσιολογῶνό
2646 3711 2804 3779 λόγος
2846 3710 3008 3764 ἄνουν
3055 3705 3386 3778 ὑπαγορεύει
3436 3705 3525 3758 διὰ
3563 3703 3802 3775 θεωρίας

2221 3804 2724 3873 ὲπαγωγικωτέρας
2756 3803 2848 3855 τὸν
2894 3805 2993 3872 τῆς
3047 3800 3254 3863 εἰκόνος
3311 3799 3433 3870 ἦτοι
3497 3797 3803 3866 φαντασίας

2221 3898 2599 3968 ὲξουδενωτήν.
2643 3894 2783 3965 Ἐγὼ
2816 3895 2871 3947 δὲ
2898 3895 2994 3948 καὶ
3025 3894 3200 3957 ἄλλως
3226 3892 3439 3964 ἄγαμαι
3463 3891 3565 3963 τὴν
3592 3908 3804 3961 φαντα-

2224 3991 2363 4042 σίαν.
2407 3991 2544 4041 Φασὶ
2574 3988 2683 4058 γάρ
2730 4004 2875 4051 τινες
2900 3988 3137 4055 γυναῖκα
3172 3985 3314 4038 κατά
3358 3984 3450 4035 τὸν
3479 3983 3803 4053 συλλήψεως

2221 4081 2410 4151 καιρὸν
2440 4080 2675 4133 Αἰθίοπα
2720 4080 3142 4150 φαντασθεῐσαν,
3193 4076 3426 4131 Αἰθίοπα
3485 4077 3802 4131 ἀποτεκεῖν.

2221 4172 2473 4227 Τοιοῦτον
2514 4174 2608 4225 καὶ
2638 4174 2701 4225 τὸ
2747 4172 2888 4226 κατὰ
2936 4173 3027 4225 τὸν
3076 4171 3424 4242 πατριάρχην
3467 4169 3670 4223 Ἰακὼϐ
3711 4171 3805 4224 ἐπὶ

2220 4261 2297 4333 τῷ
2324 4261 2433 4314 τῶν
2468 4261 2680 4334 ῥάϐδων
2711 4260 2964 4332 λεπισμῷ
2996 4277 3010 4291 ο
3039 4261 3099 4325 ἐξ
3117 4258 3183 4333 ἧς
3216 4259 3521 4329 φαντασίας
3552 4261 3803 4315 ὲποικίλ-

2219 4355 2372 4407 λοντο
2421 4355 2486 4408 τὰ
2528 4356 2584 4407 ὲν
2623 4356 2737 4418 τοῖς
2778 4353 3060 4425 θρέμμασι
3098 4356 3418 4425 τικτόμενα,
3451 4354 3575 4421 καὶ,
3619 4354 3666 4408 ὣ
3708 4355 3803 4408 τοῦ

2222 4447 2527 4518 θαύματοςί
2560 4448 2642 4501 ὅτι
2692 4447 3093 4518 πραγματικῆς
3143 4447 3427 4517 ἐνεργείας
3459 4449 3494 4519 ἡ
3540 4450 3805 4502 εἰκονοει-

544 4519 761 4586 bantur,
787 4529 859 4584 et,
892 4535 926 4574 ο
972 4535 1086 4575 rem
1113 4520 1308 4575 miram
1342 4522 1354 4575 !
1391 4522 1609 4595 imagini
1658 4526 1855 4582 similis
1886 4527 2116 4598 phanta-

2222 4540 2317 4611 δὴς
2348 4538 2618 4607 φαντασία
2652 4531 2833 4591 ὦπται
2860 4539 3231 4605 ἀποτέλεσμα.
3280 4537 3419 4591 Ἀλλ’
3458 4539 3553 4592 ἐπὶ
3577 4540 3639 4593 τὺ
3668 4557 3806 4610 προ-

542 4611 624 4666 sia
657 4610 767 4666 vim
798 4610 1125 4667 effectricem
1180 4611 1296 4668 visa
1332 4622 1419 4669 est
1450 4630 1882 4674 consummasse.
1923 4620 2028 4675 Sed
2050 4621 2116 4675 ad

2214 4632 2467 4701 κείμενον
2501 4634 2529 4684 ὁ
2556 4630 2713 4699 λόγος
2741 4647 2754 4660 ·
2795 4649 2813 4683 ι
2848 4631 3179 4685 Εἰπάτωσαν
3207 4631 3259 4683 οἰ
3288 4632 3387 4694 τὰς
3413 4632 3632 4684 τοιάσδε
3668 4632 3804 4685 ἀνα-

544 4704 886 4773 pr0positum
946 4711 1249 4759 revertatur
1306 4709 1481 4763 oratio
1516 4726 1532 4768 ;
1576 4708 1801 4765 «Dicant
1842 4713 1937 4782 qui
1980 4713 2118 4769 tales

545 4799 845 4853 formarum
898 4794 1102 4868 efIi‘gies
1162 4799 1403 4869 erigunt,
1437 4817 1600 4871 quem
1638 4818 1704 4857 ex
1748 4802 1855 4860 illis
1884 4805 2119 4876 denique

545 4890 783 4945 fructum
847 4901 1306 4961 consequantur:
1362 4902 1455 4947 aut
1489 4893 1555 4948 ad
1594 4909 1758 4964 quam
1819 4912 1886 4951 ex
1928 4912 2118 4953 earum

544 4981 915 5036 admonitione
936 4981 1233 5051 spiritalem
1261 4984 1775 5053 contemplationem
1816 4989 2120 5057 provehan-

547 5085 654 5128 tur.
694 5092 711 5125 ι
751 5073 970 5144 Ecquis,
1033 5090 1067 5130 ο
1102 5076 1293 5141 amice,
1323 5092 1390 5131 ex
1440 5079 1694 5149 imaginis
1739 5092 1961 5150 aspectu
1994 5123 2009 5148 ,
2044 5083 2120 5137 si-

545 5166 763 5236 quidem
793 5177 980 5222 exacte
996 5167 1225 5237 ﬁxisque
1251 5169 1615 5239 dextrorsum,
1647 5187 1711 5228 ac
1744 5174 2120 5230 sinistrorsum

546 5259 720 5313 oculis
755 5268 962 5323 cernat,
1026 5258 1322 5315 simulacra
1376 5257 1635 5319 hauriens
1665 5279 1773 5320 non
1831 5264 2017 5336 inﬁgat
2067 5265 2120 5320 in

548 5350 765 5403 animo:
792 5357 846 5404 et
878 5350 1082 5420 optima
1128 5351 1371 5419 quidem,
1415 5354 1460 5409 si
1488 5369 1555 5409 ex
1600 5355 1838 5426 imagine
1874 5358 2075 5427 optima
2107 5376 2123 5415 :

551 5442 635 5495 sin
668 5458 733 5496 ex
764 5444 927 5513 turpi,
965 5446 1145 5515 turpia
1174 5446 1195 5499 ?
1231 5447 1303 5500 ita
1333 5458 1392 5501 ut
1420 5463 1658 5519 persaepe
1684 5460 1739 5505 et
1777 5451 1925 5505 domi
1972 5450 2128 5505 habi-

552 5543 674 5588 tans
731 5549 878 5590 nunc
936 5549 1360 5607 compungatur,
1411 5556 1556 5595 nunc
1608 5557 1736 5596 VCI‘O
1784 5553 2125 5601 succenseat.

553 5627 745 5681 Annon
777 5636 829 5681 et
858 5627 1055 5698 aliquis
1083 5629 1354 5685 interdum
1371 5630 1719 5689 obdormiens
1739 5635 1870 5691 visis
1905 5646 2127 5691 noctur-

632 5830 676 5861 ⁷⁸
708 5829 825 5885 Lib.
860 5830 930 5888 De
957 5831 1157 5902 Spiritu
1192 5842 1399 5895 sancto,
1430 5850 1478 5888 c.
1510 5835 1594 5888 l7.

1673 5837 1716 5869 ⁷⁵
1751 5835 1917 5893 Exod.
1950 5853 2074 5906 xxv,
2107 5838 2195 5894 ΞΟ.
2250 5842 2268 5872 ⁸
2304 5835 2378 5897 De
2423 5841 2627 5896 caelesti
2656 5840 2983 5907 hierarchia,
3023 5857 3143 5913 cap.
3177 5843 3226 5898 1.

2216 4721 2537 4790 πηλοῦντες
2577 4722 2817 4794 μορφὰς,
2849 4721 3012 4786 ποίας
3052 4722 3159 4794 ἄρα
3198 4723 3261 4775 ὲκ
3296 4722 3503 4776 τούτων
3550 4740 3805 4776 καταπο-

2214 4814 2429 4868 λαύοιεν
2462 4814 2766 4882 ὠφελείαςο
2803 4814 2836 4886 ἢ
2874 4816 2931 4868 ὲν
2982 4814 3114 4885 ποίᾳ
3138 4814 3227 4866 διὰ
3267 4814 3366 4884 τῆς
3416 4812 3633 4868 τούτων
3668 4815 3806 4868 ἁνα-

2221 4909 2475 4979 μνήσεως
2508 4908 2803 4974 ἀνάγονται
2835 4908 3057 4978 θεωρίᾳ.
3096 4927 3115 4961 ι
3141 4910 3250 4962 Καὶ
3278 4908 3380 4974 τίς,
3402 4902 3447 4961 ὧ
3468 4910 3592 4972 τᾶν,
3620 4908 3722 4961 οὐκ
3741 4908 3805 4959 ὲκ

2216 5002 2315 5071 τῆς
2332 5002 2602 5072 εἰκονικῆς
2633 5001 2795 5067 ἰδέας,
2822 5000 2980 5073 εἴπερ
3008 5002 3254 5073 ἐναργῶς
3284 5003 3581 5063 άτενίσειε,
3612 5001 3802 5066 δεξιᾶς

2217 5108 2277 5144 τε
2311 5092 2343 5163 ἦ
2374 5092 2690 5163 ἀριστερᾶς,
2728 5093 3025 5164 ἰνδάλματα
3078 5093 3257 5146 λαϐὼν
3282 5095 3339 5145 ὲν
3380 5093 3457 5163 νῷ
3515 5092 3745 5149 ἄπεισιν
3779 5112 3794 5161 ;

2219 5182 2333 5235 ἀλλ’
2363 5185 2411 5235 εί
2451 5184 2550 5253 μὲν
2593 5184 2653 5246 ἐξ
2680 5185 2907 5255 ἀρίστης
2952 5184 3153 5255 ἄριστα
3187 5202 3201 5216 ⁸
3238 5187 3284 5238 εί
3316 5184 3375 5237 δὲ
3419 5182 3479 5250 ἐξ
3511 5186 3804 5256 αἰσχίστης

2219 5274 2473 5345 αἴσχιστα
2496 5272 2687 5327 ’ὥστε
2723 5276 2985 5340 πολλάκις
3025 5278 3120 5330 καὶ
3169 5277 3308 5330 οἶκοι
3346 5277 3530 5347 μένων
3559 5282 3629 5349 τῇ
3695 5277 3796 5348 μὲν

2222 5365 2669 5430 κατανύττεσθαι,
2712 5370 2777 5438 τῇ
2814 5369 2869 5421 δὲ
2908 5368 3288 5424 παθαίνεσθαι.
3323 5370 3393 5422 Ἣ
3420 5370 3543 5440 οὐχὶ
3578 5369 3678 5423 καί
3723 5386 3803 5430 τις

2225 5454 2393 5507 ἐνίοτε
2429 5455 2762 5523 ἀφυπνὼσας
2793 5460 2905 5519 τοῖς
2938 5461 3273 5529 νυκτερινοτς
3308 5461 3672 5529 φαντάσμασι
3708 5476 3803 5511 πε-

2232 5547 2474 5617 ριχαρῶς
2504 5548 2537 5619 ἦ
2563 5549 2821 5620 λυπηρῶς
2861 5550 3230 5619 διανίσταται;
3268 5550 3332 5605 Εἰ
3371 5554 3428 5607 δὲ
3467 5556 3592 5607 ἐκεῖ
3611 5552 3799 5616 οὕτως,

2226 5640 2406 5713 πολλῷ
2449 5643 2651 5706 μᾶλλον
2694 5647 2751 5699 ἐν
2777 5646 2889 5709 τοῖς
2921 5645 3042 5699 καθ’
3072 5646 3219 5717 ῦπαρ
3251 5647 3601 5717 είκονίσμασι
3632 5647 3800 5699 διατί-

3309 5845 3352 5877 ⁷⁷
3388 5844 3521 5899 Gen.
3549 5858 3654 5896 xxx
3676 5883 3688 5904 ,
3711 5841 3794 5896 '57.
