3934 6436
124 367 260 431 1221

1323 380 1685 442 ΕΡΙΞΤΟῙΛ
1695 383 1865 444 RUM
1901 387 2052 444 LIB.
2108 389 2191 446 II.

3245 397 3381 457 129.2

118 482 313 535 θέσθαι
339 484 455 571 ἔστι
499 483 634 554 πρὸς
670 486 909 556 ἑκάτερα
946 487 1036 540 τὸν
1080 488 1350 557 βλέποντα
1373 509 1386 521 ·
1425 496 1500 546 Οὑ
1531 495 1695 565 δήποτ

1811 499 1898 554 nis
1935 501 2229 563 excitatur,
2289 514 2382 554 seu
2413 501 2532 555 lmta
2589 516 2652 557 ea
2695 502 2825 566 sint,
2857 519 2950 558 seu
2981 505 3157 558 tristia
3186 506 3210 558 ἲ
3237 506 3392 571 Quod

117 572 390 642 ἀνέγνως,
423 570 466 627 ὦ
503 575 769 645 βέλτιστε,
807 579 883 641 ὼς
912 580 961 631 οἱ
988 580 1158 634 πάλαι
1182 582 1569 652 ὑποδείγματι
1604 586 1705 640 καὶ

118 664 276 735 σκιᾷ
324 668 687 735 λατρεύουσι
731 667 851 723 τῶν
889 670 1288 740 ἐπουρανίων.
1313 673 1414 742 Τί;
1445 677 1706 749 ἑκάτερον

116 760 223 812 οὑκ
255 759 454 820 εἰκὼνς
505 762 606 814 οὑκ
647 762 707 814 ὲν
747 762 918 816 εἰκόνι
957 765 1226 835 ἀνήγοντο
1272 767 1411 838 πρὸς
1455 771 1556 840 τὴν
1596 771 1706 825 τῶν

117 851 461 920 ἐπουρανίων
498 851 762 922 θεωρίαν;
797 856 898 908 οὐκ
943 856 1013 909 ἐν
1053 860 1242 913 εἰκόνι
1283 858 1702 930 διαπορεύεται

117 944 234 1006 πᾶς
264 942 595 1012 ἅνθρωπος,
628 948 932 1012 Δαυῖτικῶς
962 951 1140 1005 εἰπεῖν
1172 969 1186 1016 ;
1223 956 1326 1008 οὑκ
1360 954 1522 1016 αὐτὸς
1565 957 1628 1008 σὺ
1676 957 1704 1009 6

117 1034 496 1108 Εἰκονομάχος
543 1039 710 1092 εἰκὼν
741 1041 901 1108 Θεοῦ,
937 1044 1032 1096 καὶ
1063 1044 1207 1098 κατὰ
1250 1046 1393 1100 ἰδέαν
1439 1051 1704 1118 πατρῴαν

115 1129 428 1200 γεννηθεὶς,
467 1132 564 1184 καὶ
597 1133 883 1198 εἰκονικῶς
913 1137 972 1188 ὲν
1008 1136 1201 1191 πίνακι
1242 1140 1699 1210 ὲγγραφόμενυς;

114 1221 150 1290 ἢ
189 1223 354 1291 μόνος
405 1225 470 1276 σὺ
505 1225 958 1292 ἀνεξεικόνιστος,
987 1227 1064 1291 ὡς
1094 1230 1195 1283 οὑκ
1237 1230 1548 1302 ἄνθρωπος,
1585 1234 1702 1286 ἀλλ’

115 1314 527 1385 ἀμϐλωθρίδιος
555 1336 569 1350 ·
588 1319 685 1372 καὶ
717 1319 806 1372 διὰ
832 1321 992 1373 τοῦτο
1024 1323 1118 1374 καὶ
1147 1323 1276 1385 τοὺς
1303 1323 1494 1392 ἁγίους
1530 1325 1703 1390 οὕτως

113 1407 408 1477 οἰόμενος;
454 1411 596 1464 Ἀλλ’
626 1411 710 1465 ἵνα
760 1415 960 1482 μᾶλλον
992 1415 1021 1467 6
1061 1417 1191 1485 περὶ
1217 1416 1374 1470 τοῦδε
1415 1419 1571 1484 λόγος
1609 1420 1703 1472 πίο

117 1516 333 1554 στωσιν
367 1502 574 1565 δέξοιτο
600 1520 615 1535 ·
646 1506 842 1575 παρεὶς
875 1506 937 1559 τὸ
958 1506 1170 1559 οἴκοθεν
1198 1507 1569 1578 δογματίζειν,
1601 1510 1702 1563 αὑ·-

111 1594 242 1657 τοὺς
277 1595 649 1666 προστήσεται
681 1597 808 1660 τοὺς
843 1600 944 1668 τῆς
991 1598 1320 1669 οἰκουμένης
1347 1600 1698 1672 λαμπτῆρας,

110 1686 590 1757 ἀποκρινομένους
623 1705 706 1741 σοι
755 1689 893 1760 πρὸς
929 1689 1029 1761 τὴν
1075 1689 1373 1762 ἐρώτησιν.
1399 1693 1700 1764 Γρηγόριος

110 1781 140 1832 6
171 1780 430 1844 Νυσσεύς
457 1797 470 1810 ·
520 1800 537 1831 ι
593 1777 750 1835 Εἶδον
813 1782 1078 1845 πολλάκις
1119 1784 1211 1836 ἐπὶ
1259 1785 1481 1855 γραφῆς
1515 1787 1698 1839 εἰκόνα

109 1874 210 1927 τοῦ
233 1872 444 1937 πάθους
464 1891 479 1904 ·
523 1874 617 1927 καὶ
640 1874 741 1927 οὑκ
778 1874 1046 1944 ἀδακρυτὶ
1069 1875 1165 1944 τὴν
1203 1876 1331 1929 θέαν
1361 1879 1642 1948 παρῆλθον
1679 1897 1692 1909 ⁸

109 1964 365 2038 ἐναργῶς
382 1965 481 2034 τῆς
511 1965 710 2037 τέχνης
726 1966 817 2020 ὑπ’
837 1965 961 2036 ὄψιν
978 1965 1222 2039 ἀγούσης
1251 1967 1348 2038 τὴν
1379 1968 1640 2037 ἱστορίαν.
1670 1988 1690 2021 ι

120 2059 182 2112 '0
222 2057 639 2129 Χρυσόστομος·
684 2078 702 2109 ι
766 2058 908 2127 Ἐγὼ
942 2059 1038 2112 καί⁵
1063 2060 1164 2129 τὴν
1201 2059 1505 2130 κηρόχυτον
1555 2061 1695 2129 ἠγά-

108 2168 269 2221 πησα
309 2151 532 2222 γραφὴν
581 2139 865 2214 εὐσεϐείας
897 2151 1084 2204 ἕνεκεν
1114 2151 1573 2222 πεπληρωμένην.
1603 2150 1695 2205 Εἶ-

106 2245 199 2298 δον
227 2245 338 2315 γάρ
357 2244 590 2313 ἄγγελον
613 2245 671 2297 ὲν
692 2245 861 2298 εἰκόνι
878 2245 1171 2299 ἐλαύνοντα
1189 2244 1490 2315 Βαρϐάρων
1508 2245 1693 2316 στίφη⁹

107 2332 254 2391 εἶδον
299 2337 622 2407 πατούμενα
669 2337 973 2408 Βαρϐάρων
1009 2337 1153 2406 φῦλα
1180 2356 1194 2370 ·
1239 2336 1336 2390 καὶ
1397 2337 1489 2389 τὸν
1535 2337 1702 2390 Δαϐὶδ

105 2431 470 2502 ἀληθεύοντα·
499 2433 694 2501 Κύριε,
717 2431 788 2485 ἐν
809 2429 886 2498 τῇ
904 2430 1078 2485 πόλει
1095 2446 1214 2485 σου
1234 2429 1348 2496 τὴν
1366 2431 1570 2484 εἰκόνα
1593 2432 1700 2485 αὑ-

103 2522 233 2576 τῶν
265 2523 724 2589 ἐξουδενώσεις.
765 2521 1035 2594 Κύριλλος
1079 2522 1518 2593 Ἀλεξανδρείας·
1556 2541 1574 2573 ι
1606 2517 1698 2574 Εἷ-

103 2616 199 2670 δον
227 2614 340 2685 ἐγὼ
365 2615 511 2669 κατά
533 2617 719 2686 τοίχου
748 2617 987 2687 γραφὴν,
1019 2615 1351 2670 ὲναθλοῦσαν
1375 2618 1487 2679 τοῖς
1515 2615 1696 2684 σκάμ-

107 2726 250 2778 μασι
272 2707 444 2780 κόρην
462 2724 476 2738 ·
498 2709 593 2762 καὶ
605 2711 704 2762 οὑκ
724 2708 991 2779 ἀδακρυτὶ
1008 2708 1104 2778 τὴν
1117 2707 1244 2761 θέαν
1263 2706 1637 2761 κατώπτευσα.
1672 2725 1690 2757 ι

103 2802 413 2875 Γρηγόριος
439 2802 468 2854 6
485 2802 744 2869 Θεολόγος
765 2821 778 2833 ·

1807 590 1855 645 si
1887 590 1968 645 sic
2002 606 2089 645 res
2127 590 2236 645 illic
2275 591 2479 658 habet;
2519 594 2690 648 multo
2731 595 2904 664 magis
2953 595 3008 649 in
3042 595 3108 650 iis
3141 597 3396 666 imagini-

1807 681 1913 738 bus
1942 698 2064 752 qua:
2107 684 2250 738 inter
2280 685 2612 755 vigilandum
2683 687 3074 753 informantur,
3137 689 3397 745 utrolibet

1806 775 1970 830 modo
2002 790 2228 831 necesse
2282 787 2364 832 est
2415 777 2552 834 allici
2604 788 2978 836 contuentem.
3046 777 3164 836 Non
3219 782 3396 853 legisti

1806 865 2037 928 scilicet,
2078 866 2162 920 vir
2198 867 2422 936 optime,
2456 869 2602 938 quod
2629 879 2840 924 veteres
2869 869 3162 940 exemplari
3189 882 3238 926 et
3277 890 3396 927 um-

1807 955 1916 1011 bra:
1943 957 2240 1012 deserviunt
2275 958 2561 1013 cazlestium
2583 959 2630 992 ’⁷⁸
2657 1002 2670 1016 .
2723 960 2909 1026 Quid?
2966 971 3257 1033 utrumque
3287 980 3393 1018 non

1806 1048 1988 1118 imago
2027 1050 2145 1104 est?
2179 1065 2287 1104 non
2319 1051 2372 1105 in
2404 1052 2640 1120 imagine
2699 1053 2764 1107 ad
2805 1051 3112 1108 ctelestium
3147 1064 3397 1110 contem-

1805 1141 2098 1209 plationem
2131 1143 2622 1198 subvehebantur?
2656 1159 2762 1198 non
2795 1147 2854 1198 in
2888 1147 3122 1214 imagine
3153 1160 3398 1216 pertran-

1803 1234 1872 1285 sil
1910 1234 2089 1289 omnis
2117 1236 2270 1288 homo
2304 1235 2350 1268 ⁷⁸
2390 1277 2405 1301 ,
2445 1245 2506 1290 ut
2557 1251 2682 1290 cum
2731 1233 2934 1291 Davide
2991 1237 3230 1307 loquar?
3285 1255 3393 1293 non

1803 1323 1918 1392 ipse
1944 1333 2023 1389 tu,
2057 1323 2439 1392 lconomache,
2473 1327 2575 1379 Dei
2606 1325 2809 1396 imago,
2847 1337 2899 1382 et
2951 1328 3016 1381 ad
3043 1328 3216 1397 patris
3244 1329 3398 1383 simi-

1802 1416 2086 1471 litudinem
2130 1419 2365 1490 genitus,
2397 1428 2450 1473 et
2487 1420 2747 1490 graphice
2795 1421 3044 1490 depictus
3079 1420 3132 1473 in
3171 1420 3396 1474 tabula?

1801 1509 1883 1564 An
1912 1520 1966 1566 tu
2013 1511 2165 1567 solus
2201 1512 2321 1568 sine
2352 1512 2594 1583 imagine
2649 1529 2730 1580 es,
2765 1523 3030 1584 tanquam
3093 1529 3197 1568 non
3233 1515 3395 1568 homo

1801 1603 1902 1666 sis,
1950 1603 2044 1658 sed
2103 1613 2295 1673 partus
2329 1603 2631 1669 abortivus,
2684 1615 2848 1675 atque
2888 1606 3093 1660 idcirco
3142 1607 3220 1660 sic
3249 1614 3302 1658 ct
3331 1608 3396 1661 de

1803 1691 2015 1747 sanctis
2044 1693 2378 1749 existimas?
2421 1693 2621 1749 Verum
2670 1703 2731 1750 ut
2771 1696 3036 1766 majorem
3067 1698 3182 1750 haec
3214 1696 3392 1752 oratio

1801 1781 2043 1836 inveniat
2076 1783 2260 1848 ﬁdem,
2295 1787 2507 1854 propria
2539 1786 2962 1842 ratiocinatione
2994 1789 3391 1857 praztertnissa,

1803 1875 1919 1946 ipsa
1974 1876 2255 1932 exhibebit
2311 1878 2462 1932 orbis
2536 1887 2806 1934 terrarum
2840 1881 3080 1947 lumina,
3145 1897 3266 1951 quae
3297 1881 3395 1935 tibi

1801 1965 1870 2018 ad
1903 1966 2238 2036 interrogata
2284 1969 2670 2037 respondeant.
2717 1967 3014 2039 Gregorius
3067 1969 3392 2041 Nyssenus:

1803 2057 1927 2113 Vidi
1964 2074 2338 2129 saepenumero
2386 2062 2439 2115 in
2483 2062 2693 2132 pictura
2734 2063 3026 2132 imaginem
3058 2065 3137 2118 rei
3164 2065 3395 2119 misera-

1803 2151 1952 2218 bilis,
1983 2166 2081 2207 nec
2100 2152 2274 2208 oculis
2326 2153 2491 2208 siccis
2542 2157 2914 2223 spectaculum
2945 2156 3178 2227 praeterii
3214 2174 3227 2210 :
3260 2157 3395 2211 adeo

1805 2242 2094 2297 manifeste
2124 2243 2226 2298 sub
2248 2245 2440 2301 oculos
2463 2261 2578 2300 rem
2607 2257 2817 2314 gestam
2853 2263 2942 2300 ars
2971 2249 3266 2304 exhibebat
3286 2248 3384 2301 ⁸⁸.»

1809 2331 2236 2402 Chrysostomus
2260 2334 2305 2366 ⁸¹
2333 2353 2347 2389 :
2375 2353 2393 2386 ‹
2428 2336 2538 2405 Ego
2555 2343 2609 2390 et
2631 2338 2683 2391 in
2717 2353 2841 2392 cera
2873 2353 3190 2408 expressam
3214 2340 3391 2393 amavi

1807 2430 2102 2499 picturam,
2128 2429 2350 2500 pietatis
2385 2445 2551 2483 causa
2586 2429 2915 2485 confectam.
2957 2429 3081 2485 Vidi
3115 2431 3261 2485 enim
3290 2447 3392 2484 an-

1804 2525 1983 2596 gelum
2015 2526 2068 2578 in
2093 2525 2326 2595 imagine
2364 2524 2724 2580 Barbarorum
2765 2527 2949 2596 copias
2992 2527 3388 2595 dissipantem;

1802 2617 1913 2671 vidi
1945 2617 2310 2672 Barbarorum
2345 2618 2564 2687 agmina
2601 2618 3016 2674 conculcautem
3052 2639 3065 2674 :
3104 2619 3392 2673 Davidem-

1806 2724 1913 2779 que
1937 2725 2061 2765 vere
2085 2711 2352 2766 dicentem
2391 2727 2404 2762 :
2433 2710 2675 2775 Domine,
2724 2711 2778 2764 in
2822 2713 3038 2766 civitate
3078 2723 3170 2765 tua
3199 2711 3392 2781 imagi-

1808 2819 1924 2857 nem
1975 2804 2210 2873 ipsorum
2267 2803 2335 2857 ad
2403 2804 2627 2858 nihilum
2689 2806 2888 2876 redigas
2939 2807 3006 2861 ⁸¹.
3062 2826 3081 2859 ι
3148 2805 3390 2877 Cyrillus

101 2895 561 2951 Alexandrinus:
595 2914 614 2947 ι
652 2894 769 2949 Vidi
794 2909 895 2963 ego
949 2895 1002 2948 in
1058 2893 1266 2965 pariete
1306 2891 1597 2962 picturam,
1643 2892 1876 2962 puellam
1913 2893 1966 2947 in
1999 2895 2178 2950 stadio
2208 2893 2577 2949 decertantem
2609 2913 2622 2949 :
2667 2909 2767 2952 nec
2796 2896 2951 2950 licuit
2976 2896 3095 2952 sine
3117 2895 3380 2965 lacrymis

104 2988 487 3059 spectaculum
527 2987 794 3042 contueri.
827 2987 1125 3057 Gregorius
1157 2984 1466 3055 Theologus
1499 2983 1542 3016 ³³
1576 2999 1590 3036 :

175 3108 294 3177 Τῆς
322 3105 367 3158 δ’
396 3101 465 3177 ἦν
489 3104 863 3177 ὑπερκύπτων
885 3105 1151 3177 Πολέμων.
1173 3105 1231 3177 ὲν
1260 3103 1450 3177 εἰκόνι.

1875 3096 2155 3171 Eminebat
2184 3099 2373 3152 exinde
2402 3097 2655 3171 Polemon
2680 3100 2734 3153 in
2765 3101 2995 3171 imagine
3018 3118 3036 3155 :

177 3167 641 3247 ΤάύτηνῚὸοῦσὶι
686 3175 928 3247 (supple,
975 3167 1209 3247 ὲτάιρίς]
1282 3176 1402 3247 (κα).
1451 3173 1562 3247 γὰρ
1607 3167 1676 3244 ῆν

1868 3169 2044 3235 Quam
2102 3186 2220 3222 cum
2257 3169 2536 3242 (scortum)
2566 3172 2758 3225 uideret
2787 3189 2806 3237 ;
2836 3167 2949 3247 erat
2999 3174 3138 3247 enim
3160 3175 3390 3247 pictura

1295 3245 1592 3316 σεϐασμία)
1605 3285 1618 3306 ,

188 3315 463 3387 Ἀπῆλθεν
492 3315 652 3379 εὐθύς
671 3334 686 3347 ·
715 3317 810 3370 καὶ
839 3315 966 3380 θέας
994 3316 1298 3387 ἡττημένη,

187 3389 284 3452 Ὠς
309 3386 467 3452 ζῶντ’
499 3388 926 3458 ὲπαισχυνθεῖσα
951 3386 1043 3440 τὸν
1067 3386 1476 3457 γεγραμμένον.

103 3503 392 3566 Βασίλειος
430 3501 459 3554 6
500 3500 706 3572 μέγας·
746 3519 764 3553 ι
813 3500 1113 3570 Ἀνάστητέ
1165 3517 1255 3571 μοι
1298 3498 1417 3566 νῦν,
1452 3493 1497 3552 ὧ
1551 3499 1694 3568 λαμ-

105 3599 240 3668 προὶ
275 3595 385 3650 τῶν
423 3593 735 3665 ἀθλητικῶν
768 3594 1215 3665 κατορθωμάτων
1255 3593 1571 3665 ζωγράφοι·
1596 3591 1696 3662 τὴν

102 3689 203 3742 τοῦ
240 3685 556 3758 στρατηγοῦ
598 3685 989 3739 κολοϐωθεῖσαν
1019 3683 1205 3738 εἰκόνα
1233 3686 1354 3747 ταῖς
1397 3682 1697 3753 ὑμετέραις

107 3783 462 3857 μεγαλύνατε
515 3781 770 3852 τέχναις·
832 3780 1213 3851 ἀμαυρότερον
1252 3777 1385 3850 παρ’
1436 3776 1572 3848 ἐμοῦ
1606 3776 1697 3829 τὸν

105 3876 444 3947 στεφανίτην
472 3874 752 3948 γραφέντα
780 3875 894 3935 τοῖς
928 3873 1030 3941 τῆς
1063 3873 1337 3942 ὑμετέρας
1370 3869 1562 3939 σοφίας
1597 3885 1698 3920 πε-

107 3969 424 4040 ριλάμψατε
469 3966 776 4041 χρώμασιν.
832 3965 1078 4018 ’Δπέλθω
1110 3966 1176 4035 τῇ
1213 3962 1320 4016 τῶν
1357 3960 1697 4032 ἀριστευμά-

101 4080 218 4116 των
262 4059 360 4114 τοῦ
405 4058 680 4131 μάρτυρος
734 4057 1090 4130 νενικημένος
1137 4056 1348 4124 γραφῇ.
1382 4051 1573 4123 Χαίρω
1624 4053 1692 4122 τῇ

104 4151 339 4222 τοιαύτῃ
368 4150 472 4218 τῆς
499 4151 773 4220 ὑμετέρας
813 4147 996 4219 ἰσχύος
1027 4147 1270 4217 σήμερον
1292 4144 1420 4215 νίκῃ
1448 4141 1699 4213 ἡττώμε-

103 4264 194 4308 νος
223 4261 238 4275 ⁸
273 4245 370 4298 ῐδω
399 4241 498 4311 τῆς
530 4243 712 4312 χειρὸς
736 4243 874 4314 πρὸς
905 4241 963 4294 τὸ
998 4239 1110 4310 πῦρ
1143 4237 1535 4309 ἀκριϐέστερον
1565 4236 1696 4307 παρ’

107 4337 271 4408 ὑμῶν
308 4336 664 4408 γραφομένην
705 4333 806 4405 τὴν
833 4333 1032 4404 πάλην.
1066 4330 1188 4384 Ἰδω
1220 4329 1574 4400 φαιδρότερον
1604 4329 1698 4381 ἐπὶ

107 4433 212 4501 τῆς
258 4432 540 4502 ὑμετέρας
581 4428 671 4481 τὸν
699 4427 1006 4498 παλαιστὴν
1037 4423 1427 4498 γεγραμμένον
1466 4421 1694 4484 εἰκόνος.

105 4523 526 4577 Κλαυσάτωσαν
573 4521 828 4591 δαίμονες
869 4520 962 4573 καὶ
1001 4519 1095 4572 νῦν
1137 4520 1260 4582 ταῖς
1287 4515 1382 4569 τοῦ
1421 4514 1698 4586 μάρτυρος

104 4619 163 4671 ὲν
195 4618 330 4686 ὑμῖν
368 4614 675 4686 ἀριστείαις
716 4612 1082 4683 πληττόμενοι
1108 4627 1122 4638 ⁸
1179 4608 1488 4680 φλεγομένη
1531 4607 1694 4661 πάλιν
1731 4630 1772 4683 D

107 4709 302 4771 αὐτοῖς
332 4709 366 4779 ἡ
403 4709 524 4779 χεὶρ
556 4706 651 4762 καὶ
686 4704 895 4762 νικῶσα
923 4703 1242 4758 δεικνύσθω.
1280 4722 1298 4755 ι
1352 4701 1516 4772 Ὁρᾷς
1550 4701 1697 4762 ὅπως

105 4805 135 4856 6
181 4802 284 4874 μὲν
330 4800 622 4872 προτίθησι
652 4800 751 4870 τῆς
786 4797 1160 4868 λογογραφίας
1196 4797 1296 4867 τὴν
1337 4794 1696 4866 ζωγραφίαν·

102 4895 164 4947 ὲν
282 4892 448 4964 ἡλίκη
484 4893 518 4962 ὴ
571 4892 881 4957 ἑκθείασις,
926 4891 1002 4954 ὡς
1029 4889 1123 4942 καὶ
1168 4887 1378 4942 κλαίειν
1416 4888 1544 4949 τοὺς
1583 4886 1699 4939 δαί-

110 5001 314 5057 μονας·
349 4987 380 5039 6
421 4985 479 5038 δὲ
516 4985 762 5053 πηλίκως
806 4985 923 5047 πῶς
963 4982 1237 5052 σεϐαστὴν
1279 4981 1379 5052 τὴν
1421 4981 1700 5051 εἰκονουρ-

105 5079 236 5147 γίαν
280 5076 577 5148 κέκληκεν,
622 5075 696 5139 ὼς
726 5076 998 5146 ἑταιρίδος
1038 5073 1422 5146 σωφρονισμὸν
1451 5073 1698 5143 ὑπάρξα-

110 5187 244 5237 σαν;
282 5165 423 5223 Εἶτα
453 5167 621 5222 πάλιν
667 5167 785 5232 πῶς
823 5170 851 5222 6
878 5167 1066 5238 ἕτερος
1092 5167 1193 5220 οὑκ
1219 5166 1460 5236 ἄδακρυς
1497 5166 1563 5218 ὲκ
1599 5164 1698 5234 τῆς

110 5261 398 5333 γραφικῆς
445 5259 579 5323 θέας
629 5259 885 5324 ἄπεισιν,
949 5259 1008 5312 ὲν
1062 5260 1130 5329 τῇ
1187 5259 1375 5329 γραφῇ
1432 5255 1699 5310 ἀθλοῦσαν

116 5354 334 5424 βλέπων
369 5351 472 5425 τὴν
525 5352 812 5425 μάρτυρας
864 5351 1035 5407 Πάλιν
1063 5352 1182 5416 πῶς
1223 5354 1252 5405 6
1287 5350 1446 5414 ἄλλος
1481 5351 1699 5420 ἠγαπη-

115 5445 284 5516 μένην
320 5445 480 5500 καλεῖ
517 5445 618 5514 τὴν
667 5444 970 5515 κηρόχυτον
1018 5442 1275 5512 γραφὴν,
1329 5441 1405 5505 ὠς
1457 5442 1516 5493 ἐν
1555 5441 1696 5510 αὐτῇ

118 5537 232 5593 ἰδὼν
281 5540 352 5592 τὰ
401 5538 766 5608 πρωτότυπα;
829 5538 1063 5591 Ἔπειτα
1113 5539 1208 5591 καὶ
1243 5537 1270 5589 6
1318 5534 1434 5607 μετ’
1461 5534 1691 5600 αὑτοὺς,

115 5631 227 5695 πῶς
255 5631 371 5685 οὐδ’
401 5631 565 5697 αὐτὸς
597 5634 661 5686 ἐκ
685 5632 783 5704 τῆς
814 5631 1036 5704 γραφῆς
1083 5629 1243 5703 τῆσδε
1271 5630 1510 5700 ἄδακρυς
1537 5629 1695 5683 ἀπει-

2907 3240 3244 3313 [venerabilis
3271 3263 3291 3312 ;

1856 3309 2083 3384 Repente
2124 3311 2289 3384 abiit,
2339 3328 2455 3384 nec
2485 3312 2621 3381 ferre
2678 3309 3032 3380 spectaculum
3068 3318 3259 3384 potuit.

1869 3381 2002 3436 Cum
2024 3381 2239 3450 puderet
2264 3383 2458 3435 intueri
2482 3384 2638 3452 quasi
2659 3385 2909 3436 viventem
2934 3385 3023 3454 qui
3055 3381 3224 3453 pictus
3247 3398 3383 3444 erat.

1801 3497 2040 3554 Basilius
2081 3514 2312 3569 magnus
2347 3516 2361 3553 :
2400 3518 2418 3552 (
2451 3497 2741 3568 Exsurgite
2803 3499 2936 3554 mihi
2987 3515 3158 3566 nunc,
3191 3515 3226 3556 0
3249 3517 3388 3570 pra:-

1799 3590 1931 3645 clari
1953 3591 2336 3646 athleticorum
2360 3599 2638 3661 gestorum
2675 3593 2935 3660 pictores,
2962 3593 3207 3646 mutilam
3233 3593 3388 3648 ducis

1799 3685 2096 3757 imaginem
2136 3686 2339 3741 eximio
2371 3694 2556 3740 vestro
2607 3686 2841 3740 artiﬁcio
2875 3687 3152 3742 illustrate
3179 3705 3192 3742 :
3220 3702 3385 3742 coro-

1799 3789 1990 3834 natum
2033 3780 2318 3844 athletam,
2361 3778 2652 3834 obscurius
2680 3795 2710 3833 a
2741 3795 2830 3835 me
2859 3779 3157 3850 depictum,
3189 3791 3388 3836 vestrae

1802 3887 1903 3928 vos
1936 3871 2222 3927 industriae
2240 3871 2518 3928 coloribus
2541 3872 2902 3941 conspicuum
2933 3872 3160 3927 reddite.
3196 3871 3386 3927 Disce-

1801 3963 1924 4019 dam
1971 3979 2152 4019 rerum
2186 3965 2445 4034 praaclare
2474 3979 2505 4018 a
2566 3973 2806 4035 martyre
2858 3973 3137 4034 gestarum
3173 3965 3385 4034 pictura

1801 4056 2000 4111 victus.
2046 4056 2328 4112 Gaudeam
2365 4056 2462 4112 tali
2509 4065 2707 4112 vestrae
2744 4058 2980 4113 solertia:
3028 4058 3257 4113 victoria
3283 4059 3388 4113 ho-

1802 4147 1993 4202 dierno
2028 4147 2116 4202 die
2143 4155 2457 4217 superatus.
2480 4146 2670 4203 Liceat
2697 4148 2900 4203 intueri
2926 4164 3125 4204 manus
3157 4149 3386 4219 hujusce

1801 4252 1924 4292 cum
1973 4239 2099 4308 igne
2145 4239 2345 4294 luctam
2384 4239 2703 4309 diligentius
2753 4257 2784 4296 a
2831 4240 2988 4295 vobis
3032 4240 3380 4295 delineatam.

1803 4328 2028 4386 Videam
2078 4331 2403 4388 alacriorem
2451 4332 2693 4403 pugilem
2735 4343 2914 4388 vestra
2939 4333 3214 4402 depictum
3243 4333 3384 4386 ima-

1801 4419 1945 4488 gine.
1979 4417 2227 4494 Lugeant
2254 4421 2530 4476 damones
2560 4430 2617 4476 et
2657 4438 2805 4477 nunc
2838 4423 3095 4493 martyris
3120 4422 3264 4476 inter
3287 4437 3386 4478 vos

1805 4509 2002 4564 virtute
2059 4510 2348 4580 perculsi:
2401 4510 2603 4566 ardens
2651 4510 2848 4567 iterum
2886 4511 3019 4581 ipsis
3059 4526 3281 4576 manus,
3333 4520 3388 4566 et

1801 4602 2000 4657 victrix
2056 4603 2302 4673 quidem,
2359 4604 2677 4659 ostendatur
2705 4601 2772 4660 “.
2807 4623 2825 4656 ι
2860 4603 3072 4672 Viden‘,
3122 4604 3385 4674 quemad-

1801 4694 2024 4750 modum
2053 4697 2193 4751 alter
2220 4696 2527 4752 narrationi
2559 4696 2829 4766 picturam
2858 4698 3164 4768 anteponit,
3193 4696 3247 4750 ln
3276 4711 3392 4766 qua

1801 4795 2012 4843 tantum
2040 4788 2171 4844 insit
2195 4787 2390 4846 divina:
2431 4789 2674 4858 virtutis,
2710 4798 2770 4845 ut
2808 4789 3086 4846 daemones
3110 4790 3174 4845 ad
3206 4793 3388 4858 lacry-

1801 4897 1921 4937 mas
1951 4882 2164 4953 adigat:
2193 4883 2330 4941 alter
2348 4892 2407 4938 ut
2435 4884 2800 4939 venerabilem
2834 4884 3099 4954 picturam
3129 4881 3384 4952 appellet,

1801 4975 1949 5045 quod
2012 4984 2258 5031 scortum
2297 4975 2542 5046 adegerit
2569 4975 2638 5031 ad
2677 4976 3074 5030 continentiam
3107 4975 3130 5029 ?
3175 4974 3296 5030 Mox
3329 4983 3389 5029 ut

1802 5067 1938 5121 alter
1967 5065 2164 5121 iterum
2195 5081 2307 5121 non
2349 5067 2468 5122 sine
2499 5065 2759 5137 lacrymis
2788 5066 2906 5120 visa
2928 5064 3124 5120 tabella
3159 5063 3380 5129 abierit,

1799 5158 1960 5229 quasi
2013 5158 2068 5212 in
2117 5158 2328 5228 pictura
2384 5165 2684 5229 martyrem
2725 5157 2962 5228 puellam
3013 5156 3385 5211 decertantem

1799 5251 2080 5307 vidisset?
2119 5249 2359 5307 Rursum
2403 5260 2464 5306 ut
2508 5251 2650 5307 alius
2693 5249 3079 5307 charissimam
3113 5257 3270 5304 vocet
3298 5249 3385 5319 pi~

1803 5355 2017 5400 cturam
2057 5345 2450 5411 encausticam,
2485 5344 2646 5414 quasi
2693 5344 2747 5398 in
2800 5343 2916 5411 ipsa
2968 5350 3252 5412 prototypa
3301 5342 3387 5395 in-

1799 5448 2045 5495 tueretur
2079 5439 2103 5493 ?
2145 5439 2341 5495 Postea
2368 5446 2422 5495 et
2454 5439 2500 5494 is
2529 5439 2622 5509 qui
2663 5446 2892 5492 caeteros
2915 5435 3290 5506 subsequitur,
3327 5443 3388 5488 ut

1804 5549 1905 5590 nec
1945 5534 2063 5604 ipse
2101 5533 2267 5589 siccis
2321 5533 2390 5588 ab
2420 5543 2644 5604 aSpcctu
2686 5530 2914 5600 hujusce
2957 5529 3158 5584 tabula
3209 5526 3387 5582 oculis

1805 5629 2026 5695 abierit,
2059 5627 2286 5700 perinde
2307 5635 2474 5696 atque
2497 5641 2611 5682 rem
2633 5625 2806 5695 ipsam
2831 5623 3005 5678 oculis
3027 5619 3389 5691 usurpasset?

180 5766 226 5797 ’⁷⁸
250 5764 423 5838 ﬂebr.
455 5783 574 5829 nu,
619 5768 672 5824 5.
747 5769 792 5802 "’
820 5769 965 5826 Psal.
995 5785 1230 5833 χχχι-ιιι,
1257 5771 1309 5826 7.
1386 5771 1431 5804 3°
1463 5769 1613 5824 Orat.
1651 5770 1706 5824 itt
1735 5769 2037 5830 Abraham,
2065 5779 2104 5825 t.
2148 5768 2214 5833 ll,
2233 5783 2355 5838 pag.
2379 5767 2504 5823 908.
2579 5763 2624 5838 f‘
2649 5763 2827 5838 ξενίῃ.
2848 5764 2914 5819 de
2934 5762 3166 5838 diversis
3186 5762 3384 5818 utrius—

118 5852 218 5904 que
243 5837 581 5894 Testamenti
618 5840 772 5896 locis.
847 5841 891 5872 θ’
924 5842 1072 5899 Psal.
1101 5858 1267 5908 mut,
1308 5841 1398 5896 20.

1477 5843 1521 5875 ⁸³
1555 5842 1703 5897 lamb
1757 5856 1926 5896 carm.
1962 5842 2051 5895 18.
2126 5841 2172 5873 ⁸⁸
2195 5833 2351 5894 Boni.
2388 5838 2452 5892 17
2481 5839 2534 5893 in
2573 5835 2630 5891 S.
2665 5835 2936 5902 Barlaam,
2966 5833 3019 5886 in
3047 5833 3174 5888 fine.
