3934 6444
528 374 663 439 1223
1712 383 1772 440 S.
1813 380 2204 442 TIIEODORI
2244 381 2589 442 STUDITA‘I
3654 374 3783 435 1224

528 483 660 539 Vide
692 491 826 552 quot
854 496 917 535 ex
958 497 1019 536 ea
1052 497 1111 538 re
1141 483 1429 539 commoda
1454 501 1466 537 :
1494 485 1865 555 contemplare
1886 496 2102 556 quantae
2130 522 2144 550 Α

2244 508 2324 552 ιν,
2378 488 2454 551 ὡς
2501 486 2670 556 αὐτὴν
2718 476 3004 537 ὑπολαϐὼν
3050 479 3146 549 τὴν
3190 476 3492 548 adtuli“;
3527 477 3640 530 Ἴδε
3690 479 3784 529 ὅσα

523 578 635 635 sint
662 576 946 630 utilitates.
977 574 1040 630 Et
1066 588 1355 646 postquam
1390 578 1700 634 sciscitatus
1724 578 1966 645 audiisti,
1994 595 2101 633 non

2243 583 2270 635 '1
2301 579 2639 650 ὀνησιφόραο
2698 575 2973 644 σκόπησον
3013 571 3218 641 πηλίκα
3256 569 3324 623 τὰ
3352 568 3638 638 ὠφέλιμα.
3681 568 3786 621 Καὶ

527 668 597 725 ab
636 668 742 721 hoc
768 666 852 721 vel
898 666 989 721 illo
1029 684 1094 723 ex
1135 669 1416 722 hominum
1449 670 1603 738 plebe
1638 685 1701 724 ac
1732 670 1882 734 fasce,
1911 672 2004 726 sed
2037 670 2104 724 ab

2243 671 2394 744 πειδὴ
2426 671 2708 742 ἐρωτήσας
2734 668 2998 737 ἤκουσας,
3029 665 3090 717 οὐ
3124 661 3275 732 παρὰ
3312 660 3471 715 τοῦδε
3508 660 3608 713 καὶ
3633 660 3785 714 τοῦδε

529 762 597 815 iis
628 761 722 831 qui
756 775 880 816 cum
908 760 1114 830 Spiritu
1144 759 1234 813 Dei
1263 761 1636 829 loquerentur,
1664 761 1851 817 orbem
1889 763 2106 815 univer-

2245 762 2459 836 μικρῶν
2513 759 2816 831 ἀνθρώπων
2864 759 2960 811 καὶ
3020 752 3356 843 οὐδαμινῶν,
3409 750 3557 822 πρὸς
3612 750 3788 803 αὐτῶν

532 868 656 906 sum
716 853 874 921 quasi
930 853 1128 906 tonitru
1162 861 1406 906 terruere
1438 869 1453 919 ;
1512 852 1720 922 subjice
1766 856 1911 923 quod
1942 870 2009 908 ex
2042 854 2107 909 iis

2243 855 2397 910 ὲτῶν
2430 853 2702 923 πνεύματι
2749 848 3144 921 φθεγξαμένων
3179 840 3340 907 Θεοῦ,
3380 845 3483 898 καὶ
3518 840 3789 913 βροντῶν-

533 944 904 1009 conclnditur,
964 958 998 997 0
1047 944 1416 997 ratiocinator.
1477 943 1583 998 Sed
1645 946 1978 1013 perspicuum
2031 954 2106 999 est

2243 966 2316 1002 ων
2356 948 2454 1018 τὴν
2490 944 2583 1000 ὑπ’
2632 941 2879 1013 οὐρανὸν,
2922 940 3131 1012 φράσον
3166 939 3259 991 καὶ
3296 936 3358 988 τὸ
3407 934 3789 1004 συμπέρασμα

533 1035 743 1088 inanem
784 1034 1045 1099 eiusmodi
1072 1036 1508 1105 excogitationem
1544 1052 1675 1103 esse,
1729 1047 1779 1089 et
1832 1037 2112 1091 diabolica:

2244 1039 2302 1092 οῦ
2330 1038 2528 1105 λόγου,
2570 1031 2614 1088 ῶ
2650 1032 3010 1102 δογματιστά.
3067 1029 3231 1084 Ἀλλ’
3268 1027 3541 1094 εὔδηλον
3574 1025 3655 1089 ὡς
3681 1040 3791 1093 μα-

534 1126 665 1180 artis
697 1128 959 1179 inventum
989 1126 1055 1178 ⁸⁸.
1089 1128 1405 1194 Opportune
1434 1127 1521 1183 hic
1539 1127 1666 1181 licet
1691 1136 1948 1183 contenta
1978 1144 2112 1183 voce

2246 1129 2346 1183 ala
2373 1129 2411 1195 ἡ
2435 1126 2673 1191 τοιαύτη
2696 1124 2950 1185 ἐπίνοια,
2978 1121 3072 1174 καὶ
3102 1115 3459 1185 διαΰολικῆς
3476 1115 3792 1186 μεθοδείος

536 1216 882 1270 exclamare:
929 1215 1262 1281 Obstupesce,
1308 1218 1517 1284 cretum,
1556 1235 1711 1288 super
1732 1220 1931 1275 hoc":
1972 1236 2114 1291 quo-

2248 1221 2449 1290 ῦρεμα.
2507 1216 2773 1287 Εὖκαιρον
2815 1211 3051 1267 ἐνταῦθα
3108 1210 3371 1281 ἐκϐοῆσαι
3427 1208 3580 1279 μέγα
3608 1220 3626 1238 ⁸
3656 1209 3792 1260 Ἐκ-

539 1305 682 1359 niam
717 1304 909 1359 frivola
934 1306 1260 1373 excogitatio
1286 1321 1351 1360 ac
1368 1306 1651 1362 diabolica:
1677 1311 1811 1364 artis
1834 1310 2112 1366 inventum

2243 1313 2413 1375 πτηθι,
2446 1307 2683 1377 οὐρανὲ,
2718 1304 2817 1358 ἐπὶ
2866 1304 3089 1369 τούτῳ⁸
3118 1301 3202 1355 ὃτι
3243 1299 3483 1371 ματαίαν
3516 1298 3789 1360 ἐπίνοιαν,

541 1397 591 1451 id
629 1396 957 1467 appellatur,
1006 1398 1151 1468 quod
1189 1399 1359 1454 divini
1386 1400 1574 1455 Patres
1611 1400 1866 1457 docuere.
1901 1405 1971 1457 At
2006 1419 2114 1459 non

2243 1402 2310 1454 εαί
2343 1400 2559 1471 εῦρεμα
2585 1398 2870 1469 μεθοδείας
2898 1394 3150 1449 διαϐόλου
3178 1392 3247 1447 τὰ
3273 1391 3428 1463 παρὰ
3456 1391 3573 1444 τῶν
3608 1391 3795 1459 θεοφό-

543 1492 614 1547 ita
666 1500 771 1554 est,
824 1492 1183 1562 impostorum
1232 1492 1567 1562 nequissime
1613 1512 1627 1548 :
1693 1495 1785 1550 sed
1828 1510 1859 1549 e
1900 1496 2117 1552 diverso

2243 1511 2328 1546 ιων
2362 1491 2483 1563 ίερὰ
2517 1491 2761 1561 δόγματα
2790 1488 3154 1557 ἐκπέφασται.
3198 1486 3339 1541 Ἀλλ’
3372 1485 3474 1555 οὐχ
3512 1482 3695 1548 οὕτως
3716 1524 3729 1546 ,
3756 1477 3797 1537 ῶ

540 1588 837 1653 regerenda
879 1586 931 1638 in
969 1593 1021 1638 te
1074 1583 1269 1654 linguae
1313 1584 1581 1639 vibrantis
1624 1585 1828 1655 jacula.
1858 1584 2118 1653 Quando-

2243 1585 2437 1639 πλάνων
2480 1582 2705 1652 μέγιστε
2729 1596 2743 1612 ·
2781 1580 3097 1635 τούναντίον
3143 1578 3202 1633 δὲ
3237 1578 3330 1631 ἐπὶ
3378 1577 3464 1631 σοὶ
3507 1577 3798 1632 ἀναθετέον

541 1676 761 1744 quidem
791 1676 956 1745 igitur
992 1676 1094 1731 tela
1121 1687 1204 1731 est
1229 1677 1293 1731 ad
1314 1677 1471 1732 linem
1499 1693 1675 1747 usque
1700 1688 1967 1749 pertexta,
1987 1680 2118 1736 illud

2243 1678 2287 1732 τὰ
2328 1678 2427 1747 τῆς
2455 1674 2705 1745 γλώττης
2746 1691 2839 1727 σου
2872 1671 3274 1743 ἀμαρύγματα.
3326 1669 3488 1722 Ἐπεὶ
3515 1667 3615 1723 οὖν
3654 1670 3801 1732 τέλος

543 1768 803 1837 pervelim
832 1776 885 1822 te
919 1782 1101 1832 nosse,
1130 1766 1316 1833 frater,
1353 1768 1452 1825 has
1477 1771 1776 1827 sententias
1821 1771 1891 1827 ab
1928 1771 2122 1828 lcono—

2243 1769 2416 1840 ἱχειτδ
2447 1765 2610 1836 ῦφοςο
2653 1767 2831 1819 ὲκεϊνο
2863 1763 3125 1834 βούλομαί
3172 1779 3256 1827 σε,
3300 1760 3524 1830 ἀδελφὲ,
3580 1761 3799 1822 εἰδέναι,

548 1860 757 1914 tnacbis
778 1859 1006 1929 proferri
1032 1877 1044 1913 :
1067 1875 1298 1930 quarum
1322 1861 1441 1916 alia;
1460 1862 1528 1917 ab
1550 1861 1817 1917 haereticis
1843 1862 2127 1920 manifeste

2243 1863 2306 1916 ἱτι
2340 1858 2522 1926 ἇσπερ
2561 1857 2898 1928 προφέρουσι
2942 1857 3171 1927 χρήσεις
3209 1855 3259 1908 oi
3301 1853 3676 1924 Είκονομάχοι
3699 1868 3712 1880 ·
3751 1852 3803 1904 at

544 1962 839 2023 petuntur;
878 1952 991 2006 ﬁeri
1015 1953 1315 2017 enim,ﬁeri
1338 1954 1562 2009 omnino
1577 1969 1684 2008 non
1703 1961 1902 2024 potest,
1929 1963 1988 2010 ut
2012 1969 2120 2010 non

2243 1952 2325 2007 ιὲν
2362 1950 2644 2021 προδήλως
2690 1947 2987 2019 αίρετικῶν
3013 1963 3027 1977 ·
3064 1948 3125 2001 οὐ
3156 1946 3265 2017 γὰρ
3307 1945 3480 2005 ἐστιν,
3512 1946 3620 1998 οὐκ
3652 1945 3803 2008 ἔστι,

548 2047 903 2101 interseratur
944 2045 1291 2099 mendacium
1337 2045 1573 2112 veritati,
1626 2055 1683 2101 ιιι
1727 2046 2000 2101 frumento
2041 2049 2120 2101 zi-

547 2138 701 2191 zania
741 2155 753 2191 :
790 2136 910 2191 alia:
954 2152 1018 2191 ex
1052 2137 1255 2192 sanctis
1295 2136 1569 2203 Patribus,
1598 2153 1736 2207 quas
1779 2138 1858 2193 illi
1888 2138 2120 2194 obducta

549 2228 789 2282 tenebris
820 2227 1148 2296 cogitatione
1181 2242 1435 2297 perversa
1469 2229 1745 2299 accipiunt
1776 2247 1791 2284 :
1830 2230 1949 2285 aliae
1968 2230 2125 2285 deni-

548 2333 657 2388 que
709 2333 739 2372 a
793 2318 1078 2387 proposito
1131 2318 1340 2382 alicnaé,
1399 2335 1461 2373 ea
1498 2335 1621 2390 qua:
1665 2321 1807 2376 idola
1854 2331 2122 2392 spectant,

550 2408 753 2463 Christi
819 2408 1041 2479 imagini
1121 2412 1663 2467 accommodantes:
1721 2429 1954 2483 quorum
2017 2429 2124 2469 non

551 2507 763 2568 oportet
804 2509 1007 2553 temere
1058 2514 1247 2553 vocem
1312 2501 1619 2566 admittere,
1682 2518 1876 2573 neque,
1937 2516 2126 2559 contra

553 2591 890 2646 sanctionem
942 2593 1322 2661 apostolicam,
1375 2608 1498 2648 cum
1560 2596 1831 2651 lmreticis
1880 2596 2130 2652 conferre

554 2698 887 2738 sermonem.
934 2683 1206 2739 Caeterum
1256 2686 1444 2742 salvus
1486 2687 1583 2751 sis,
1612 2686 1727 2742 ﬁli:
1773 2697 1828 2744 et
1856 2698 1914 2743 ut
1941 2688 2128 2745 salvus

556 2791 658 2829 Slm
700 2791 818 2829 ora.

555 2884 822 2942 XXXVII.
875 2918 944 2930 -—-
992 2886 1294 2963 Theodorus
1328 2889 1592 2963 omnibus
1645 2890 1832 2961 ubique
1881 2892 2131 2963 dispersis

1117 2958 1557 3027 fraternitatibus.

2224 2044 2300 2116 μὴ
2340 2044 2463 2113 οὑχῖ
2509 2039 2953 2111 παρυφιστασθαι
2986 2042 3053 2110 τῇ
3080 2038 3308 2109 ἀληθεία
3350 2038 3411 2090 τὸ
3442 2035 3688 2106 ψεῦδος,
3732 2036 3806 2098 ῶς

2222 2139 2314 2191 καὶ
2358 2137 2438 2206 τῷ
2486 2135 2619 2206 σίτῳ
2663 2134 2733 2189 τὰ
2776 2132 3030 2200 ζιζάνιω
3079 2132 3136 2184 αί
3183 2131 3239 2184 δὲ
3287 2129 3554 2201 Πατέρων
3599 2129 3805 2198 ἁγίων,

2224 2227 2499 2299 στρεϐλῶς
2555 2228 2661 2281 ὑπὸ
2718 2226 2819 2296 τῆς
2880 2222 3276 2295 ὲσκοτισμὲνης
3322 2221 3509 2275 αὐτῶν
3565 2219 3810 2282 διανοίας

2222 2318 2703 2388 ἐκλαμὸανόμεναι
2726 2331 2741 2347 ο
2784 2316 2842 2369 αἱ
2888 2316 2947 2369 δὲ
2985 2314 3336 2369 παντάπασιν
3379 2312 3707 2375 ἀλλόκοτοι,
3744 2314 3811 2365 τὰ

2224 2414 2367 2467 κατὰ
2397 2411 2629 2467 εἰδώλων
2657 2413 2723 2483 τῇ
2758 2410 2929 2464 είκόνι
2956 2409 3195 2481 Χριστοῦ
3224 2409 3574 2463 ἀνάπτουσαι
3592 2422 3609 2435 ⁸
3649 2400 3727 2461 ὧν
3752 2406 3811 2459 οὐ

2226 2507 2307 2560 δεῖ
2340 2506 2415 2569 ὡς
2446 2506 2604 2574 ἔτυχε
2636 2501 2960 2574 προσίεσθαι
2989 2502 3194 2573 φωνὴν,
3228 2499 3354 2554 οὔτε
3392 2499 3502 2570 μὴν
3529 2499 3814 2569 συναίρειν

2226 2598 2385 2667 λόγον
2414 2598 2710 2667 αίρετικοῖς
2744 2595 2899 2669 παρὰ
2927 2595 3028 2667 τὴν
3061 2592 3429 2662 ἀποστολικὴν
3455 2590 3811 2663 νομοθεσίαν.

2228 2691 2302 2744 Τὸ
2346 2690 2568 2753 λοιπὸν,
2623 2689 2851 2756 σώζοιο,
2924 2689 3115 2743 τέκνον
3147 2702 3162 2717 ⁸
3221 2684 3317 2740 καὶ
3386 2683 3456 2752 μὲ
3541 2682 3817 2749 σώζεσθαι

2229 2784 2531 2856 προσεύχου
2563 2782 2661 2855 (l).

2232 2899 2763 2969 ΛΖ’.-Θεόδωρος
2815 2898 2946 2964 ταῖς
2982 2894 3304 2969 πανταχοῦ
3344 2890 3821 2964 διεσπαρμέναις

2731 2969 3121 3038 ἀδελφότησι.
3157 2964 3292 3039 [τι¹.]

1478 3076 1773 3128 Cohortatur
1791 3080 1849 3128 ad
1874 3079 2177 3143 patientiam.
2214 3085 2412 3150 (Barou.
2434 3099 2513 3135 an.
2539 3084 2649 3141 8l8.
2677 3098 2724 3133 n.
2753 3082 2825 3147 7.)

636 3176 655 3207 ι
691 3155 883 3211 Gratia
935 3156 1076 3212 vobis
1109 3166 1158 3212 et
1189 3174 1295 3228 pax
1330 3158 1683 3227 adimpleatur
1708 3162 1775 3215 ⁸⁷.
1820 3168 1865 3214 s“
1893 3162 2133 3233 A'anmn

2309 3170 2483 3238 Χάρις
2538 3166 2678 3237 ὑμῖν
2716 3166 2815 3219 καί
2865 3162 3073 3232 εἰρήνη
3135 3158 3535 3229 πληθυνθείη.
3596 3156 3822 3210 Δίκαιον

561 3249 706 3304 enim
736 3259 820 3305 est
845 3250 1175 3320 Apostolicis
1214 3253 1395 3308 verbis
1426 3253 1579 3308 aliari
1605 3270 1697 3309 eos
1727 3256 1819 3323 qui
1858 3271 1955 3326 pro
1984 3257 2141 3311 Chri-

564 3353 650 3397 sto
697 3344 1121 3411 persccutionem
1177 3345 1474 3414 patiuntur.
1524 3344 1849 3403 Benedictus
1893 3347 2038 3404 Deus
2090 3360 2145 3405 et

564 3433 725 3488 Pater
770 3434 982 3489 Domini
1036 3437 1210 3491 nostri
1254 3436 1381 3493 Jesu
1430 3438 1650 3507 Christi,
1704 3441 1798 3510 qui
1854 3442 2145 3498 humilitati

567 3537 768 3582 nostrae
791 3528 1016 3597 januam
1039 3529 1272 3600 aperuit,
1295 3532 1545 3600 quamvis
1576 3542 1723 3588 arcte
1745 3537 2143 3602 custodiamur,

568 3625 632 3672 ut
649 3618 929 3675 vobiscum
948 3621 1282 3677 charissimis
1306 3623 1563 3680 fratribus
1579 3625 1779 3681 nostris
1797 3626 2145 3696 epistolarnm

568 3711 839 3779 colloquio
866 3713 1119 3783 congredi
1166 3715 1459 3783 possimus.
1491 3714 1629 3773 Vere
1670 3718 1890 3774 Verbum
1922 3720 2013 3773 De:
2045 3736 2146 3773 non

569 3810 647 3856 est
691 3801 1027 3872 alligatum“
1061 3821 1076 3858 :
1114 3805 1214 3859 etsi
1249 3806 1471 3876 alligare
1521 3822 1581 3861 se
1625 3817 1813 3876 putent
1846 3810 1937 3878 qui
1974 3809 2151 3862 domi-

570 3904 788 3949 nantur.
828 3894 965 3950 Vere
998 3895 1167 3950 laetari
1212 3898 1505 3966 plurimum
1539 3899 1822 3965 debemus,
1853 3917 1974 3955 cum
2008 3900 2150 3954 divi-

573 4004 766 4043 narum
803 3990 1215 4060 praedictionum
1246 4002 1436 4047 eventa
1470 3994 1522 4045 in
1554 3994 1711 4047 nobis
1740 3993 1872 4063 ipsis
1902 4005 2149 4062 peccato-

573 4080 727 4135 ribus
776 4082 1163 4149 conSpicimus.
1205 4084 1339 4153 Age,
1402 4100 1522 4139 cum
1574 4086 1836 4154 Apostolo
1879 4088 2147 4152 dicamus,

576 4171 771 4227 fratres
804 4191 817 4227 :
860 4173 993 4240 Quis
1031 4190 1122 4229 uos
1154 4175 1418 4243 separabit
1448 4193 1479 4229 a
1512 4177 1774 4233 citaritate
1807 4179 1902 4233 Dei
1929 4181 1953 4233 ?
1986 4179 2152 4233 tribu-

577 4263 707 4317 latio
729 4267 754 4317 .9
780 4281 845 4317 an
868 4265 1110 4334 angustia
1137 4266 1161 4318 ?
1185 4283 1251 4319 an
1278 4266 1441 4336 fames
1461 4268 1485 4320 .’
1506 4285 1574 4321 au
1600 4272 1889 4337 persecutio
1912 4271 1938 4324 ?
1965 4289 2029 4324 au
2058 4288 2154 4325 nu-

576 4356 718 4409 ditas
751 4356 776 4407 1’
802 4373 870 4408 an
893 4357 1232 4425 periculum?
1259 4375 1325 4411 an
1362 4359 1571 4429 gladius
1603 4359 1649 4392 ⁸⁹
1676 4361 1701 4415 7
1730 4359 1869 4416 Nunt
1908 4363 2054 4417 enim
2090 4363 2156 4420 de

576 4449 757 4517 seipso
792 4457 1001 4502 tantum
1043 4449 1158 4504 haec
1188 4449 1343 4511 dixit,
1372 4466 1436 4506 ac
1467 4468 1575 4506 non
1634 4454 1797 4507 etiam
1835 4454 1901 4509 de
1938 4455 2096 4511 nobis
2137 4474 2151 4512 :

2239 3259 2349 3330 γὰρ
2379 3259 2486 3312 ἀπὸ
2529 3257 2723 3327 φωνῶν
2764 3252 3141 3309 ἀποστολικῶν
3184 3256 3298 3315 τοῖς
3324 3250 3414 3305 διὰ
3450 3248 3697 3319 Χριστὸν
3737 3247 3823 3300 δε-

2240 3350 2563 3419 διωγμένοις
2607 3344 3063 3417 ἐπιφθέγγεσθαι.
3110 3341 3413 3412 Εὐλογητὸς
3453 3342 3482 3393 ὁ
3533 3338 3673 3403 Θεὸς
3729 3338 3824 3392 καὶ

2245 3442 2434 3512 Πατὴρ
2466 3439 2563 3493 τοῦ
2600 3440 2807 3510 Κυρίου
2835 3436 2995 3509 ἡμῶν
3037 3435 3214 3507 Ἰησοῦ
3243 3431 3506 3503 Χριστοῦ,
3542 3430 3571 3483 ὁ
3601 3428 3822 3495 ἀνοίξας

2244 3534 2378 3604 ἡμῖν
2433 3533 2546 3594 τοῖς
2594 3532 2871 3594 ταπεινοῖς
2927 3529 3133 3599 θύραν,
3203 3524 3407 3594 καίπερ
3456 3521 3823 3591 τηρουμένοις

2245 3624 2523 3695 ἀσφαλῶς,
2547 3626 2612 3695 τῇ
2642 3622 2730 3676 διὰ
2755 3621 2849 3679 τοῦ
2874 3621 3206 3690 γράμματος
3251 3613 3441 3685 ὁμιλίᾳ
3478 3613 3825 3682 συναφθῆναι

2246 3718 2375 3789 ὑμῖν
2406 3719 2521 3779 τοῖς
2578 3714 2956 3785 ἠγαπημένοις
2998 3709 3247 3779 ἀδελφοῖς
3298 3703 3478 3777 ἡμῶν.
3536 3704 3753 3765 Ὄντως
3796 3704 3827 3754 ό

2247 3812 2437 3878 Λόγος
2460 3807 2567 3860 τοῦ
2598 3805 2748 3860 Θεοῦ
2781 3806 2853 3857 οὺ
2888 3801 3121 3856 δέδεται
3141 3818 3155 3831 ·
3192 3798 3297 3853 κᾶν
3349 3797 3573 3866 δεσμεῖν
3604 3796 3656 3848 οἱ
3694 3811 3830 3864 κρα-

2246 3901 2466 3964 τοῦντες
2488 3900 2712 3951 οἴωνται.
2731 3912 2745 3927 ’
2775 3896 2946 3959 ὅντως
2979 3893 3124 3965 μέγα
3148 3890 3438 3961 ὀφείλομεν
3468 3889 3686 3958 χαίρειν
3708 3905 3724 3918 ο
3750 3888 3828 3939 ὅτι

2246 3993 2462 4064 ὁρῶμεν
2508 3992 2567 4043 ὲν
2600 3990 2731 4059 ἡμῖν
2773 3987 2958 4045 αὐτοῖς
2993 3987 3106 4046 τοῖς
3138 3978 3485 4053 ἁμαρτωλοῖς
3530 3976 3630 4041 τὰς
3665 3976 3831 4030 ἐκδά-

2251 4099 2364 4146 σεις
2394 4082 2503 4134 τῶν
2539 4080 2700 4133 θείων
2732 4078 3116 4148 προρρήσεων.
3156 4073 3341 4137 Δεῦτε,
3368 4072 3639 4141 εἴπωμέν,
3674 4070 3832 4124 ἁδελ-

2250 4176 2362 4245 φοὶ,
2404 4173 2543 4245 μετὰ
2566 4172 2661 4231 τοῦ
2696 4169 3056 4225 ’Λποστόλουο
3099 4168 3197 4234 Τίς
3229 4162 3389 4235 ἡμᾶς
3419 4164 3668 4233 χωρίσει
3713 4159 3834 4216 ἀπὸ

2249 4268 2360 4337 τῆς
2403 4266 2642 4336 ἀγάπης
2676 4265 2783 4319 τοῦ
2838 4262 3024 4325 Θειοῦς
3060 4262 3302 4329 ϐλέψω
3348 4257 3387 4327 ἢ
3426 4253 3833 4323 στενοχωρίας

2252 4360 2291 4429 ἣ
2332 4358 2536 4429 λιμός;
2569 4358 2607 4426 ἢ
2653 4355 2940 4426 dicente};
2983 4352 3022 4421 ἢ
3058 4351 3395 4422 τυμνότης;
3434 4348 3475 4416 ἦ
3504 4345 3833 4409 κίνδυνος;

2254 4452 2293 4521 ἢ
2329 4450 2592 4521 μάχαιρα
2605 4466 2626 4514 ;
2666 4450 2759 4520 Μὴ
2791 4449 2902 4519 γὰρ
2930 4445 3000 4499 δι’
3031 4444 3224 4497 ἑαυτὸν
3263 4442 3423 4514 μόνον
3458 4438 3638 4493 ταῦτα
3685 4437 3838 4507 εῖρηο

576 4546 631 4590 et
676 4546 736 4590 ut
788 4551 887 4591 nos
915 4551 1043 4607 erga
1076 4538 1241 4591 Deum
1280 4539 1359 4593 sic
1398 4538 1571 4594 allecti
1599 4540 1792 4604 simus,
1827 4551 1885 4595 ut
1914 4540 2144 4596 alllietio-

2257 4518 2383 4611 est},
2418 4518 2559 4593 ’ἀλλ’
2612 4518 2758 4609 οὐχι
2792 4539 2886 4593 καὶ
2932 4536 3073 4606 ὑπὲρ
3126 4532 3322 4605 ἡμῶν·
3383 4531 3475 4584 ἵνα
3525 4528 3626 4582 καὶ
3674 4528 3837 4599 ἡμεῖς

578 4630 743 4683 nibus
793 4629 915 4684 istis
968 4644 1105 4698 quas
1146 4632 1505 4698 sustinemus,
1536 4634 1761 4687 minime
1820 4634 2155 4702 trangamur,

580 4722 675 4775 sed
702 4737 764 4775 ea
804 4737 927 4791 quae
956 4722 1153 4777 desunt
1187 4723 1502 4793 passionum
1541 4740 1663 4779 cum
1700 4724 1895 4794 gaudio
1922 4722 2159 4793 perferre

579 4825 827 4866 amemus
863 4812 931 4866 '°.
979 4811 1249 4868 Gaudium
1306 4815 1450 4870 enim
1508 4824 1591 4871 est
1638 4816 2017 4878 inenarrabile,
2061 4831 2159 4887 pro

579 4899 799 4953 Christo
827 4910 1029 4955 etcum
1059 4901 1275 4958 Christo
1323 4905 1454 4974 pati,
1488 4907 1944 4975 quemadmodum
1978 4916 2160 4960 osten-

580 4992 778 5047 derunt
807 4994 980 5049 sancti
1008 5010 1199 5051 omnes
1224 5011 1395 5067 usque
1418 4998 1483 5051 ad
1504 4997 1835 5054 Tltaddreum
1861 5011 2153 5071 martyrem

583 5095 855 5151 nostrum,
887 5094 940 5140 et
964 5088 1261 5156 quemlibet
1308 5091 1474 5143 alium
1513 5090 1910 5155 confessorem,
1942 5093 2155 5162 egregia

585 5177 753 5230 animi
805 5180 1139 5244 constantia,
1188 5190 1243 5235 et
1288 5183 1654 5251 persecutioni
1704 5184 2155 5239 convenientibus

588 5264 745 5322 factis
777 5287 789 5321 :
816 5271 908 5339 qui
941 5272 1056 5326 sive
1080 5288 1146 5327 ex
1173 5288 1409 5334 carcere.
1438 5275 1554 5329 sive
1586 5290 1653 5329 ex
1681 5275 1787 5331 alio
1811 5275 1987 5331 exsilii
2020 5291 2155 5347 quo-

590 5356 669 5411 vis
698 5358 838 5426 loco,
869 5372 991 5431 post
1024 5362 1172 5417 illum
1216 5363 1486 5417 abierunt.

2250 4631 2477 4702 τοιαύτῃ
2524 4629 2764 4684 διαθέσει
2796 4628 2867 4682 τὰ
2911 4627 3049 4699 πρὸς
3108 4624 3240 4679 Θεὸν
3280 4623 3529 4695 ἔχωμεν,
3576 4620 3722 4674 ὥστε
3765 4620 3838 4689 μὴ

2254 4723 2585 4792 ἐκκακῶμεν
2613 4724 2671 4774 ὲν
2701 4715 2783 4783 οἷς
2821 4720 2988 4790 ἐσμεν
3031 4716 3301 4784 θλιὸεροῖς
3323 4727 3339 4743 ⁹
3376 4713 3493 4767 ἀλλ’
3527 4711 3838 4781 ἀγαπῶμεν

2257 4812 2351 4865 καὶ
2375 4810 2444 4863 τά
2496 4810 2817 4863 ἐλλείποντα
2850 4807 3151 4876 παθήματα
3183 4806 3408 4859 ὑποῐσαι
3453 4803 3597 4874 μετὰ
3626 4803 3836 4873 χαρᾶς;

2255 4905 2401 4975 χαρά
2452 4903 2561 4972 γάρ
2614 4903 2764 4955 ἐστιν
2823 4899 3190 4969 ἀνεκλάλητος
3245 4896 3386 4969 ὑπὲρ
3443 4894 3687 4966 Χριστοῦ
3747 4892 3841 4946 καὶ

2253 4996 2391 5064 μετά
2447 4991 2687 5065 Χριστοῦ
2759 4991 3022 5061 πάσχειν·
3083 4987 3267 5053 καθὼς
3320 4986 3535 5052 ἔδειξαν
3587 4987 3640 5039 οἱ
3694 4983 3839 5052 ἅγιοι

2252 5088 2454 5150 πάντες
2502 5085 2665 5157 μέχρι
2716 5083 2984 5138 Θαδδαίου
3036 5082 3134 5136 τοῦ
3186 5081 3466 5153 ἡμετέρου
3520 5092 3835 5151 μαρτυρος,

2251 5182 2346 5234 καὶ
2372 5170 2583 5242 οὗτινος
2622 5177 2783 5233 ἄλλου
2821 5175 3160 5248 ὁμολογητοῦ
3210 5172 3543 5247 μετόπισθεν
3586 5172 3837 5241 ἀπᾶραν⁴

2250 5291 2363 5339 τος,
2403 5272 2435 5342 ἢ
2481 5273 2544 5324 ἐκ
2573 5271 2841 5341 φυλακῆς,
2878 5271 2911 5341 ἦ
2944 5269 3007 5323 ἔκ
3039 5286 3184 5332 τινος
3217 5267 3379 5322 ἄλλου
3410 5263 3712 5334 φυγαδείας
3746 5260 3833 5314 τό*

2255 5383 2358 5419 που
2380 5406 2394 5430 ,
2427 5366 2566 5435 καλῇ
2600 5364 2877 5437 προθυμία
2908 5364 3004 5417 καὶ
3033 5361 3368 5430 ἀξιοδιώκτῳ
3398 5357 3627 5429 πράξει.

658 5494 706 5529 ⁸⁸
738 5494 941 5553 Jerem.
977 5513 1037 5564 tt,
1072 5499 1159 5553 12.
1234 5500 1281 5532 ”
1309 5497 1441 5555 ibid.
1516 5498 1561 5531 "
1590 5498 1637 5554 ll
1676 5498 1818 5554 Petr.
1851 5514 1889 5561 ι,
1920 5500 1975 5553 2.
2054 5497 2098 5531 ⁸⁸
2132 5498 2144 5552 1

2243 5499 2461 5553 Γὶιηοιιι.
2497 5515 2556 5565 ιι,
2588 5499 2642 5552 9.
2732 5496 2777 5530 ”
2809 5497 2971 5553 Rom.
3025 5510 3144 5559 vtu,
3173 5493 3264 5549 '55.
3338 5492 3384 5524 "
3422 5489 3639 5546 Coloss.
3675 5504 3713 5552 ι.
3742 5484 3832 5541 ει.

2109 5612 2341 5670 NOTAE.

665 5731 740 5799 (ι)
778 5731 913 5784 Cod.
960 5730 1092 5798 Reg.
1146 5727 1278 5800 hic:
1335 5726 1773 5800 'Apxhiﬂtﬂiou
1826 5728 1891 5798 β’.
1946 5727 2163 5782 initium

603 5795 816 5864 librili;
842 5815 1032 5870 nempe
1045 5795 1321 5870 posterior
1350 5795 1467 5854 is'te'
1493 5795 1777 5856 "Theodori
1808 5795 2163 5857 eoistolarum

2274 5725 2447 5788 liber,
2484 5740 2576 5779 seu
2620 5723 2855 5795 sylloge,
2910 5719 3173 5796 dividitur
3244 5717 3311 5796 in_
3340 5714 3456 5796 hoc
3484 5712 3705 5796 codice
3778 5712 3829 5768 in

2274 5796 2445 5852 libros
2486 5788 2741 5866 quatu’or,
2764 5788 3005 5864 quorum
3032 5791 3242 5863 primus
3278 5788 3353 5844 ibi
3382 5788 3607 5844 desinit.
