3934 6434
125 386 272 448 1225

1324 382 1681 440 EPISTULA
1692 379 1858 436 RUM
1901 377 2048 436 LIB.
2110 375 2167 431 Ιῐ
2182 418 2194 430 .

3247 368 3384 429 1226

201 491 541 564 Γενοίμεθα,
589 491 808 558 ἀδελφοί
863 508 996 560 μου,
1057 491 1151 545 καὶ
1203 492 1364 559 ἡμεῖς
1427 489 1704 558 μάρτυρες

1879 480 2064 533 Simus
2109 488 2163 531 et
2207 492 2328 536 nos.
2374 475 2571 528 fratres
2621 474 2748 537 mei,
2807 482 3074 542 martyres
3121 475 3186 527 ad
3238 475 3387 528 hunc

121 586 555 656 τοιουτοτρόπως
575 601 590 616 ο
624 586 683 638 ὲν
704 582 782 654 τῷ
812 583 896 636 ἀεὶ
927 582 1370 652 παρεσκευάσθαι
1395 580 1706 651 συλληφθῆο

122 700 257 746 ναι,
293 679 649 749 ὁμολογῆσαι,
684 675 1172 748 φραγελλωθῆναι,
1197 674 1508 727 ἀποθανεῖν.
1536 672 1708 726 Τοῦτό

122 776 250 826 ἐστι
297 771 416 826 καθ’
467 771 682 842 ἡμέραν
736 770 1067 839 μαρτυρεῖν·
1124 765 1283 820 τοῦτο
1315 765 1436 819 καθ’
1493 765 1708 836 ἡμέραν

121 862 534 936 ἀποθνήσκειν·
583 862 642 928 ἐξ
669 854 733 916 οὗ
761 860 1121 929 καθαίρεσθαι
1159 858 1451 927 συμϐαίνει
1475 857 1574 926 τὴν
1602 857 1707 922 ψυ-

120 961 265 1030 χήνο
321 957 626 1027 ἀναχωρεῖν
676 953 788 1008 τῶν
841 953 1065 1006 παθῶν·
1122 952 1364 1021 ἐγγίζειν
1411 951 1489 1022 τῷ
1547 949 1706 1021 Θεῷ.

125 1052 317 1122 μισεῖν
349 1050 554 1119 κόσμον
574 1063 588 1078 ο
619 1045 988 1116 φαντάζεσθαι
1019 1043 1270 1115 οὐρανὸν,
1295 1044 1364 1096 τὰ
1395 1046 1476 1105 εἰς
1506 1045 1707 1108 αἰῶνας

121 1139 474 1207 ἀποκείμενα
505 1135 724 1205 ἀγαθά·
779 1135 893 1188 ἀλλ’
932 1130 1027 1189 οὖν
1066 1135 1161 1189 καί
1207 1133 1531 1204 σκυθρωπά.
1573 1134 1710 1187 Οὐδὲ

123 1232 239 1301 γὰρ
272 1231 338 1284 ἂν
369 1232 402 1296 ἡ
437 1229 657 1300 τοιαύτη
707 1229 1032 1299 παρασκευὴ
1065 1227 1246 1280 δίδωσι
1289 1227 1485 1297 σχολὴν
1523 1227 1600 1297 τῷ
1635 1227 1711 1298 νῷ

125 1324 460 1393 φιληδονεῖν,
487 1323 580 1376 καὶ
611 1321 918 1376 διακεῖσθαι
948 1319 1284 1392 προσπαθῶς
1313 1314 1412 1375 ὧδε
1445 1323 1707 1374 κάκεῖσε-ο

123 1414 268 1466 ἀλλὰ
302 1416 484 1482 νευροῖ
535 1412 734 1483 μᾶλλον
767 1411 866 1482 τὴν
917 1410 1178 1482 καρδίαν·
1232 1410 1565 1464 κατανύσσει
1613 1410 1711 1463 δα-

124 1508 426 1578 κρυρῤοεῖν
476 1509 604 1569 τοὺς
633 1504 946 1575 ὀφθαλμούς
969 1520 984 1535 ο
1033 1503 1284 1573 ἐφίεσθαι
1315 1505 1414 1572 τὴν
1457 1505 1567 1557 ἀπὸ
1602 1503 1710 1556 σώ-

128 1616 306 1667 ματος
344 1597 523 1664 ἔξοδον
568 1598 644 1661 ὼς
704 1596 767 1650 ἐκ
796 1613 942 1660 τινος
987 1595 1365 1666 δεσμωτηρίου
1414 1595 1708 1666 ἐπαχθοῦς.

124 1691 436 1760 Σκοπῶμεν
479 1686 573 1744 οὖν
603 1690 790 1743 λοιπὸν
831 1689 1007 1742 ὁποῖοί
1060 1694 1258 1758 ἐσμεν,
1294 1691 1389 1742 καὶ
1429 1691 1477 1743 εί
1506 1690 1707 1753 οὕτως,

124 1785 256 1851 εὖγε
297 1783 441 1852 μάλα
464 1801 476 1815 ο
510 1785 558 1836 εἱ
587 1784 630 1837 δ’
666 1783 876 1848 ἄλλως,
912 1781 1355 1852 ὲπαναγώμεθα,
1388 1784 1482 1836 καὶ
1514 1783 1714 1837 καθαι-

127 1874 381 1944 ρώμεθα.
418 1875 714 1946 Φεῦγωμεν
757 1874 851 1927 τὸν
892 1877 1170 1947 ἀνήμερον
1207 1875 1480 1945 δράκοντα
1529 1876 1712 1928 διάϐο-

125 1967 256 2019 λον’
295 1966 365 2020 τὰ
417 1967 798 2037 πεπυρωμένα
852 1967 954 2034 τῆς
1011 1969 1218 2038 πικρᾶς
1261 1968 1356 2020 καὶ
1406 1968 1711 2038 θανασίμου

124 2061 432 2129 ἐπιθυμίας
465 2059 618 2131 βέλη.
668 2061 785 2112 Οὐκ
821 2059 969 2113 ἐστιν
1010 2060 1196 2130 ἡδονὴ,
1237 2059 1353 2113 ἀλλ’
1387 2060 1547 2127 ὀδύνη
1569 2078 1582 2091 ο
1613 2063 1712 2130 οὐχ

126 2153 357 2222 ήδὺτης,
389 2152 528 2205 ἀλλὰ
563 2152 698 2222 χολή
721 2169 734 2180 ·
768 2151 868 2204 οὐκ
893 2150 1183 2217 εὐπάθεια,
1228 2150 1367 2205 ἀλλὰ
1395 2151 1710 2221 δυσμένεια,

125 2244 376 2307 δουλεία,
429 2243 606 2312 φθορὰ
627 2286 641 2308 ,
686 2244 1082 2314 δαιμονισμὺς,
1115 2244 1398 2307 ἀλλοίωσις
1441 2244 1542 2312 τῆς
1572 2244 1714 2298 κατὰ

131 2337 298 2404 φύσιν
321 2336 509 2400 ⁸«ἕξεως.
558 2336 712 2391 Ἐπεὶ
737 2338 785 2390 εἰ
821 2337 958 2408 καλὴ
989 2338 1083 2390 καὶ
1110 2338 1286 2408 ἡδεῖα,
1320 2339 1439 2402 πῶς
1473 2337 1564 2402 οὒς
1591 2339 1711 2411 ἕλῃ,

131 2430 297 2493 εὐθὺς
340 2430 587 2484 δείκνυσι
636 2431 890 2501 μωροὺς,
925 2431 1257 2503 κτηνὼδεις,
1289 2420 1711 2502 ᾖσχυμμένους,

129 2521 564 2590 δουλοπρεπεῖς,
600 2521 1025 2584 δυσελπίστους,
1068 2520 1491 2591 ἐκλελυμένους,
1530 2520 1715 2572 ὑποδί·

131 2629 264 2674 κους
294 2613 528 2666 θανάτου
565 2612 783 2665 αἰωνίου
811 2630 825 2677 ;
855 2613 1021 2665 Ὥστε
1058 2611 1406 2682 φαρμακεύει
1449 2611 1715 2676 ἐξιστῶσα

131 2703 225 2755 καὶ
251 2701 574 2769 ἀλλοιοῦσα,
601 2703 700 2755 οὐκ
729 2701 862 2756 οὖσα
883 2703 957 2767 ὡς
985 2703 1416 2757 ὑποτίθεταικαί
1441 2705 1715 2774 ἀρχιφάρ-

133 2812 345 2860 μακος,
377 2795 629 2867 καθάπερ
668 2798 794 2860 τοὺς
839 2797 1249 2868 δαιμονῶντας,
1281 2798 1342 2849 οὑ
1379 2800 1658 2860 συνιόντας
1685 2797 1714 2850 ὃ

133 2886 496 2951 ὑφίστανται,
556 2889 605 2940 εἰ
652 2887 728 2957 μὴ
771 2889 912 2956 μετὰ
944 2887 1042 2960 τὴν
1088 2888 1373 2958 ἀνάνηψιν.
1417 2887 1713 2958 Βλέπωμεν

129 2972 225 3029 οὖν
265 2977 487 3044 λοιπὸν,
538 2981 847 3048 ἀγαπητοὶ,
893 2979 964 3032 τὰ
1000 2979 1325 3048 καταγώγια
1375 2983 1568 3049 ἡμῶν,
1613 2982 1711 3044 τὰς

128 3068 484 3138 ἀναστροφὰς
515 3069 618 3123 ποῦ
652 3072 746 3125 καὶ
799 3069 920 3140 μεθ’
954 3065 1033 3125 οὗ.
1070 3073 1179 3125 Καὶ
1212 3073 1259 3124 εἰ
1302 3071 1568 3142 βλαϐερὸν
1597 3075 1714 3126 ἐκεῖ

1807 572 2028 627 modum
2065 587 2079 624 :
2113 582 2171 623 ut
2202 569 2372 638 parati
2405 567 2664 620 nimirum
2696 580 2909 634 semper
2940 566 3115 619 simus
3134 579 3390 634 compre-

1806 664 1992 730 hendi,
2039 661 2308 725 conliteri,
2354 659 2536 728 ﬂagris
2564 659 2719 723 caedi,
2754 658 2888 712 mori
2927 676 2941 724 ;
2986 659 3089 713 hoc
3119 667 3204 712 est
3241 659 3389 711 enim

1809 754 2054 825 quotidie
2084 760 2374 820 martyrem
2417 763 2559 810 esse,
2595 749 2696 802 hoc
2725 757 2809 802 est
2833 746 3076 817 quotidie
3116 746 3276 800 mori.
3308 744 3389 799 Ex

1807 863 1915 917 quo
1944 845 2164 914 quidem
2211 841 2430 912 purgari
2461 852 2698 894 mentem
2727 839 3012 908 contingit,
3049 853 3080 892 a
3103 838 3391 908 perturba—

1807 941 2052 996 tionibus
2101 936 2413 997 abscedere,
2451 932 2561 986 Deo
2621 931 3079 1003 appropinquare,
3124 927 3389 984 mundum

1807 1032 2009 1096 odisse,
2040 1029 2238 1085 etelum
2263 1026 2532 1090 meditari,
2556 1025 2696 1079 bona
2723 1024 2774 1077 in
2801 1034 3067 1077 aeternum
3091 1029 3390 1084 reservata,

1809 1139 1908 1178 nec
1942 1137 2048 1175 non
2090 1129 2143 1175 et
2172 1119 2368 1174 tristia.
2405 1117 2516 1171 Nec
2557 1117 2699 1170 enim
2730 1116 2908 1169 locum
2936 1113 3102 1168 menti
3135 1111 3394 1180 relinquit

1808 1210 2078 1280 ejusmodi
2145 1206 2496 1277 praeparatio.
2548 1213 2608 1259 ut
2655 1206 2961 1274 voluptates
3017 1213 3389 1265 consectetur,

1811 1313 1871 1356 ut
1898 1303 2000 1356 hoc
2053 1301 2252 1355 illudve
2296 1299 2501 1354 carnali
2537 1297 2811 1353 desiderio
2861 1295 3219 1365 amplectatur
3253 1313 3266 1348 :
3296 1294 3394 1348 sed

1812 1396 1953 1450 vires
2009 1393 2158 1449 cordi
2214 1401 2267 1446 et
2323 1407 2520 1446 nervos
2569 1390 2741 1453 addit,
2773 1389 2962 1444 oculos
3013 1389 3067 1442 in
3122 1389 3396 1459 lacrymas

1811 1486 1946 1542 solvi
1979 1484 2273 1555 compellit,
2315 1482 2643 1537 desiderium
2681 1480 2855 1548 injicit
2891 1495 2957 1534 ex
2985 1495 3237 1550 corpore,
3277 1489 3398 1534 tan-

1811 1594 1976 1649 quam
2019 1594 2084 1631 εκ
2120 1577 2266 1645 gravi
2301 1576 2536 1644 quodam
2565 1588 2809 1638 carcere,
2840 1571 3166 1642 emigrandi.
3195 1570 3394 1625 Consi-

1811 1671 2069 1726 deremu’s
2121 1671 2309 1739 itaque
2348 1667 2539 1737 quales
2584 1666 2801 1720 simus:
2846 1673 2903 1720 et
2953 1664 2998 1719 si
3040 1663 3261 1734 quidem
3318 1664 3399 1717 sic

1814 1763 2010 1828 allecti,
2048 1771 2192 1818 recte
2223 1776 2394 1816 sane:
2439 1760 2522 1814 sin
2554 1759 2729 1820 aliter,
2781 1757 3070 1812 redeamus
3121 1757 3175 1810 in
3228 1755 3398 1818 viam,

1739 1839 1786 1898 Β
1815 1866 1869 1912 ει
1898 1855 2276 1910 emundemur.
2311 1851 2607 1921 Fugiamus
2653 1849 2916 1902 innnitcm
2963 1848 3259 1902 draconem
3283 1847 3400 1899 dia-

1817 1949 2022 2012 bolum,
2051 1957 2105 2000 ct
2137 1946 2293 2015 ignea
2329 1944 2432 1998 tela
2466 1957 2664 1996 amara:
2688 1950 2743 1994 et
2771 1939 3036 1994 lcthiferae
3062 1937 3398 2009 cupiditatis.

1814 2039 1931 2093 Non
1963 2047 2046 2092 est
2077 2037 2343 2104 voluptas,
2373 2033 2464 2088 sed
2495 2025 2652 2087 dolor
2685 2048 2699 2084 :
2740 2047 2845 2085 non
2881 2029 3133 2093 dulcedo,
3161 2028 3255 2084 sed
3286 2027 3354 2082 fel
3381 2045 3398 2083 :

1817 2147 1922 2184 non
1956 2129 2350 2191 benevolentia,
2387 2126 2479 2180 sed
2512 2124 2720 2184 odium.
2767 2121 3027 2186 servitus,
3067 2120 3402 2192 corruptela,

1815 2223 2148 2280 dmmoniaca
2194 2221 2425 2282 vexatio,
2467 2215 2589 2286 ejus
2645 2214 2739 2284 qui
2789 2213 3086 2268 secundum
3150 2223 3401 2266 naturam

1815 2328 1898 2372 est
1927 2323 2100 2369 status
2132 2311 2457 2368 immutatio.
2519 2309 2729 2363 Etenim
2766 2308 2810 2361 si
2837 2307 2979 2360 bona
3010 2314 3095 2360 est
3120 2315 3174 2360 et
3201 2305 3402 2371 dulcis,

1815 2408 2089 2480 quomodo
2131 2421 2268 2476 quos
2299 2401 2558 2472 abripuit,
2611 2416 2706 2454 eos
2753 2398 2935 2452 fatuos
2983 2396 3168 2451 statim
3201 2395 3402 2459 reddit,

1812 2500 2074 2574 jumentis
2118 2498 2344 2563 similes,
2393 2495 2711 2566 probrosos,
2744 2491 2989 2554 serviles,
3033 2490 3405 2558 desperabun-

1816 2598 1934 2661 dos,
1958 2601 2267 2656 enervatos,
2295 2598 2512 2645 aterna‘.
2542 2586 2734 2640 mortis
2760 2584 2920 2639 reos?
2942 2584 3129 2653 Itaque
3149 2581 3400 2644 fascinat,

1815 2705 1847 2743 a
1904 2697 2082 2741 mente
2133 2684 2400 2747 alienans,
2438 2688 2773 2750 pervertens,
2813 2691 2918 2731 non
2965 2676 3016 2730 id
3060 2691 3250 2730 revera
3283 2675 3400 2729 exi-

1817 2789 1967 2836 stens
2021 2778 2165 2847 quod
2225 2790 2335 2845 pra:
2384 2788 2442 2829 se
2505 2773 2606 2826 fert
2661 2770 3067 2840 praestigiatrix,
3135 2778 3396 2838 tanquam

1814 2883 2215 2940 energumenos
2241 2882 2272 2921 a
2303 2865 2550 2919 daemone
2583 2874 2887 2931 correptos,
2913 2860 3008 2932 qui
3041 2859 3094 2914 id
3121 2860 3266 2930 quod
3304 2876 3400 2929 pa-

1817 2965 2045 3024 tiuntur,
2090 2961 2406 3030 priusquam
2442 2956 2508 3010 ad
2541 2970 2599 3011 se
2647 2954 2872 3009 redeant
2915 2969 3024 3008 non
3071 2962 3401 3024 agnoscunt.

1815 3055 2112 3111 Videamus
2176 3066 2335 3123 ergo,
2390 3049 2599 3112 dilecti,
2643 3063 2893 3117 quaenam
2935 3054 3063 3103 sunt
3102 3047 3406 3101 diversoria

133 3162 529 3231 μεταστατέον.
585 3164 696 3216 Καὶ
733 3165 783 3217 εἰ
829 3163 973 3233 μετὰ
1023 3140 1506 3229 σκανδαλίζοντοςή,
1554 3167 1712 3218 ἐκκο-

1817 3159 2024 3211 nostra,
2057 3146 2149 3202 ubi
2181 3155 2235 3200 et
2281 3143 2610 3213 quibuscqu
2652 3140 2916 3194 habitatio
2943 3147 2999 3194 et
3044 3141 3403 3195 consuetudo.

128 3254 319 3306 πτέον.
343 3254 451 3306 Kal.
474 3255 524 3307 εἰ
555 3255 614 3307 οὐ
645 3257 762 3324 μετ’
790 3257 1024 3320 οὐδενὸς,
1049 3257 1447 3328 προσληπτέον·
1480 3258 1710 3330 ἐπείπερ

127 3345 337 3414 ἀρατὸν
373 3345 434 3398 τὸ
485 3347 903 3417 μεμονωμένον,
934 3347 1041 3411 ἓως
1070 3347 1134 3402 ἂν
1170 3351 1472 3416 ἀναγκαῖος
1508 3352 1712 3420 τρόπος

128 3439 191 3490 οῦ
229 3439 487 3508 πάρεστι.
525 3439 806 3510 Τηρητέον
839 3439 1008 3494 τᾶλλα
1029 3482 1044 3506 ,
1072 3441 1172 3509 τὴν
1213 3441 1450 3509 βρῶσιν.
1488 3443 1586 3512 τὴν
1617 3443 1715 3496 πόα

131 3546 257 3594 σιν,
325 3529 417 3582 τὸν
452 3529 656 3594 ὕπνον,
708 3532 806 3602 τὴν
854 3533 1154 3602 ἐργασίαν⁹
1201 3533 1276 3596 ὡς
1304 3535 1371 3588 ἂν
1416 3535 1485 3586 τὰ
1534 3535 1714 3588 πάντα

133 3623 379 3694 στάθμια
410 3622 739 3678 δυνατοῦντα
778 3626 838 3677 τὸ
883 3625 1046 3694 σῶμα
1085 3625 1381 3696 ὑπουργεῖν
1411 3629 1531 3690 ταῖς
1567 3629 1714 3679 ἐντο-

131 3715 288 3778 λαῖς,
345 3714 463 3770 ἀλλ’
518 3717 617 3768 οὐκ
666 3715 1028 3787 ὲξαγριοῦντα
1089 3717 1560 3788 κατεξαναστῆναι
1615 3718 1715 3788 τῆς

130 3807 339 3876 ψυχῆς.
371 3805 555 3870 Πῶλός
582 3808 730 3862 ἐστιν
754 3825 768 3838 ·
801 3808 896 3861 ἐὰν
923 3809 1240 3880 ὑπερμαζῇ,
1275 3811 1522 3873 ἀτακτεῖ,
1559 3809 1716 3880 φέρει

133 3901 289 3954 κάτω
337 3901 428 3954 τὸν
460 3902 737 3971 ἀναϐάτην
776 3902 921 3956 νοῦν.
969 3903 1086 3972 Ἀφ’
1117 3904 1280 3973 ἡμῶν
1319 3905 1414 3957 καὶ
1444 3906 1513 3958 τὰ
1562 3905 1716 3976 ὑμῶν

133 3993 513 4064 ὲξηγοροῦμεν
538 4010 550 4023 ·
589 3995 713 4048 ἐπεὶ
746 3996 946 4057 πάντες
986 3994 1262 4066 ἄνθρωποι
1301 3995 1400 4058 τὰς
1431 3997 1586 4067 ἡνίας
1621 3997 1716 4050 τοῦ

134 4079 492 4144 αὑτεξουσίου
547 4085 748 4152 ὁμοίως
780 4085 916 4154 πρὸς
953 4083 1090 4136 Θεοῦ
1135 4085 1418 4154 εἰληφότες
1445 4087 1718 4157 αὐτοκρα-

135 4173 372 4244 τορικῶς
394 4189 409 4203 ·
449 4174 553 4227 κᾶν
581 4176 670 4229 ἀεὶ
697 4177 967 4247 πόλεμος,
999 4177 1180 4248 ψυχῆς
1210 4181 1306 4232 καὶ
1339 4179 1587 4250 σώματος
1619 4182 1716 4233 ἁν-

134 4265 596 4337 τικαθεζομένων.

1817 3241 1970 3309 Quod
2014 3240 2058 3294 si
2109 3237 2236 3308 quid
2266 3237 2338 3291 ibi
2372 3235 2595 3288 noxium
2624 3243 2728 3300 est,
2777 3231 3146 3303 migrandum.
3184 3231 3242 3286 Si
3273 3247 3399 3286 cum

1817 3350 1883 3390 eo
1912 3334 2006 3402 qui
2065 3330 2386 3386 scandalum
2430 3325 2640 3390 afferat,
2678 3324 3162 3381 abscindendum:
3207 3323 3252 3378 si
3279 3339 3404 3377 rum

1817 3428 2055 3494 nemine,
2114 3423 2491 3479 asciscendum
2545 3438 2559 3473 :
2617 3419 2748 3488 quia
2826 3417 3181 3482 exsecrabile,
3229 3417 3409 3471 solum

1814 3533 1937 3572 esse
1957 3516 2026 3578 ⁹¹,
2079 3513 2322 3583 quandiu
2371 3509 2674 3566 necessitas
2711 3523 2819 3562 non
2852 3507 3019 3578 c0git.
3053 3506 3409 3562 Observanda

1817 3617 1944 3664 sunt
1989 3618 2041 3662 et
2073 3606 2202 3668 alia,
2251 3605 2429 3668 cibus,
2491 3613 2654 3671 potus
2683 3643 2696 3666 ,
2731 3616 2981 3667 somnus,
3032 3615 3172 3670 opus
3205 3616 3220 3652 :
3250 3609 3308 3652 ut
3352 3599 3410 3653 in

1819 3717 2072 3758 mensura
2112 3701 2243 3753 fiant
2286 3697 2470 3752 omnia
2497 3713 2618 3764 qua:
2667 3695 2886 3764 corpori
2939 3695 3081 3748 vires
3134 3692 3411 3760 praebeant

1818 3805 1878 3852 ut
1908 3802 2090 3865 pareat
2125 3801 2177 3846 et
2204 3797 2355 3861 jussa
2394 3789 2578 3853 faciat,
2630 3804 2738 3843 non
2775 3788 3057 3843 eﬂ'eratum
3088 3785 3314 3840 reddant
3351 3794 3412 3839 ut

1819 3891 2065 3957 insurgat
2093 3896 2147 3940 et
2180 3884 2374 3938 animae
2414 3890 2695 3951 repugnet.
2742 3878 2978 3934 Eculeus
3035 3887 3152 3933 est:
3187 3877 3232 3932 si
3276 3877 3412 3931 aﬂ‘a-

1820 3983 1915 4035 tim
1952 3982 2151 4040 alatur,
2179 3975 2418 4039 lascivit,
2455 3987 2839 4042 sessoremque
2884 3972 3129 4026 animum
3165 3980 3416 4040 proster-

1820 4075 1920 4128 nit.
1955 4074 2031 4127 Ex
2066 4072 2227 4125 rebus
2280 4067 2482 4122 nostris
2519 4067 2586 4121 de
2618 4065 2817 4119 vestris
2846 4066 3009 4119 etiam
3036 4063 3409 4117 enuntiamus.

1820 4165 2024 4220 Omnes
2072 4162 2339 4231 siquidem
2372 4159 2619 4213 homines
2669 4156 2824 4211 liberi
2857 4156 3070 4210 arbitrii
3101 4156 3346 4210 habenas
3379 4171 3410 4208 a

1826 4256 1936 4309 Deo
1983 4253 2097 4323 pari
2133 4253 2256 4322 jure
2295 4257 2624 4318 acceperunt
2655 4263 2778 4301 cum
2843 4261 3058 4302 summa
3099 4254 3410 4315 potestate:

1825 4346 1972 4408 licet,
2026 4343 2207 4396 anima
2255 4350 2310 4394 et
2340 4353 2572 4407 corpore
2600 4338 2742 4391 inter
2773 4351 2833 4392 se
2866 4335 3257 4407 pugnantibus,
3294 4349 3417 4404 per-

1824 4449 2049 4509 petuum
2090 4434 2290 4488 bellum
2327 4432 2418 4487 sit.

216 4535 282 4588 '0
329 4533 432 4604 μὲν
460 4535 523 4605 δὴ
563 4537 690 4608 περί
724 4537 915 4591 τούτου
941 4539 1096 4608 λόγος
1130 4541 1298 4610 ἐχέτω
1335 4543 1526 4598 ταῦτα.
1560 4543 1625 4595 Τί
1666 4544 1715 4598 δὲ

1898 4530 1973 4584 De
2007 4529 2110 4582 bor
2155 4527 2318 4593 igitur
2359 4525 2623 4578 hactenus
2657 4523 2772 4577 hate
2795 4521 2940 4575 dicta
2982 4520 3114 4574 sint.
3143 4517 3285 4586 Quid
3311 4534 3417 4573 ca!-

134 4629 203 4681 τὰ
255 4627 420 4696 ὲξῆς;
473 4627 537 4681 Ἡ
574 4627 757 4692 πίστις
787 4630 1036 4699 ἀκλινὴς,
1069 4633 1495 4704 ἀπερίτρεπτος,
1541 4635 1722 4698 καθὼς

138 4719 440 4788 παρέδωκα
493 4721 652 4790 ὑμῖν,
686 4721 777 4774 καὶ
824 4722 1134 4792 παρέλαϐον
1185 4725 1334 4794 παρὰ
1365 4726 1474 4777 τῶν
1516 4727 1718 4794 ἁγίων·

142 4813 347 4882 μᾶλλον
379 4811 435 4864 δὲ
475 4814 776 4883 ἀμφότεροι
812 4814 904 4883 ἀφ’
936 4815 1053 4878 ὲνὸς
1103 4817 1200 4869 καὶ
1228 4816 1321 4870 τοῦ
1363 4816 1529 4870 αὐτοῦ
1565 4817 1726 4870 πνεύο

145 4922 340 4974 ματος.
399 4905 632 4971 Χριστὸς
687 4907 747 4959 οὐ
812 4908 1082 4977 Χριστὸς,
1143 4909 1309 4979 εἰμὴ
1371 4910 1722 4978 ὲγγράφοιτο.

141 4996 297 5066 Ἅμα
323 4994 433 5065 γὰρ
462 4997 636 5049 εἰπεῖν
661 4998 920 5066 Χριστὸν.
958 5001 1159 5052 ἐννοεῖν
1187 5000 1301 5053 ἔστι
1327 5001 1386 5053 τὺ
1409 5001 1508 5070 τῆς
1543 5019 1727 5071 σωμα-

138 5085 362 5150 τώσεως
419 5085 585 5139 αὐτοῦ
640 5090 957 5159 μυστήριον.
999 5092 1073 5143 Οὑ
1106 5093 1216 5162 γὰρ
1248 5092 1315 5144 ἂν
1357 5093 1591 5162 Χριστὸς
1637 5095 1727 5146 λέ-

141 5193 293 5244 γοιτο
330 5177 540 5246 γυμνὸς
571 5176 822 5248 σώματος
848 5181 875 5232 ὁ
907 5182 1103 5247 Λόγος,
1133 5183 1509 5253 ἐννοούμενος.
1565 5186 1725 5239 Ἐπεὶ

141 5267 194 5320 δὲ
223 5266 370 5338 σάρξ
402 5267 431 5319 ὁ
459 5267 662 5336 Λόγος,
689 5273 856 5340 σαρκὶ
878 5271 1122 5342 δηλονότι
1154 5276 1248 5326 καὶ
1287 5277 1718 5346 περιγράφοιτοο

143 5378 236 5413 και
287 5359 370 5429 τῷ
406 5360 640 5431 Χριστὸς
687 5361 948 5430 ὀνόματι,
1005 5367 1099 5417 καὶ
1141 5366 1206 5416 τὸ
1244 5366 1344 5433 τῆς
1382 5367 1727 5436 περιγραφῆς

147 5453 565 5524 συνεισήνεκται
599 5452 693 5506 καὶ
737 5457 1182 5526 συνεπινενόηται
1218 5458 1437 5528 ἰδίωμα.
1483 5459 1646 5510 Ὥστε
1678 5461 1725 5510 οἰ

150 5548 220 5616 μὴ
250 5547 510 5613 λέγοντες
554 5546 717 5600 αὐτὸν
763 5547 1103 5618 γράφεσθαι,
1155 5551 1323 5621 ἡγουν
1364 5552 1728 5616 εἰκονίζεσθαι

148 5639 392 5709 ἄσαρκόν
426 5639 589 5692 αὐτὸν
623 5639 1091 5710 ὑπολαμϐάνουσι.
1135 5645 1243 5700 Καὶ
1282 5645 1472 5717 πόρρω
1503 5649 1600 5709 τῆς
1634 5647 1732 5697 αῦ-

149 5732 240 5802 λῆς
288 5730 568 5802 Χριστοῦ⁶
610 5732 714 5786 κᾶν
761 5733 970 5804 Πέτρος
1016 5732 1160 5802 εἷεν,
1206 5737 1310 5791 κᾶν
1361 5738 1573 5802 Παῦλος
1602 5754 1615 5770 ⁸
1653 5738 1729 5802 ὡς

221 5849 268 5880 ⁹¹
313 5845 499 5903 Εεείε.
538 5862 611 5910 tv,
653 5846 744 5900 10.

517 5941 792 6002 ΡΑτιιοι.
842 5941 959 6004 Gn.
1008 5940 1225 6002 XCIX.

1819 4633 1934 4678 tera
1960 4621 2191 4676 deinde?
2215 4618 2374 4673 Fides
2397 4618 2574 4681 ﬁrma,
2625 4615 3007 4680 tmmutabilis,
3025 4615 3169 4669 sicut
3219 4613 3414 4667 tradidi

1820 4716 1996 4780 vobis,
2019 4724 2072 4768 et
2101 4729 2129 4767 a
2169 4711 2375 4765 sanctis
2399 4711 2604 4779 accepi,
2631 4709 2715 4762 vel
2742 4708 2924 4776 potius
2957 4707 3026 4760 ab
3061 4721 3172 4759 uno
3196 4706 3416 4775 utrique

1823 4819 1876 4864 et
1928 4808 2116 4862 eodem
2177 4805 2395 4874 spiritu.
2440 4801 2698 4856 Christus
2739 4799 2852 4869 jam
2891 4799 3146 4854 Christus
3176 4814 3280 4853 non
3309 4809 3413 4861 est,

1823 4903 1929 4956 nisi
1961 4899 2110 4971 pingi
2141 4905 2338 4968 potest.
2363 4893 2540 4948 Simul
2573 4893 2717 4946 enim
2746 4907 2810 4946 ac
2840 4889 3118 4945 Christum
3153 4891 3413 4950 dicimus.

1827 5008 2051 5047 necesse
2072 4999 2154 5044 est
2184 4983 2645 5053 incorporationis
2674 4984 2794 5054 ejus
2816 4980 3137 5053 mysterium
3162 4979 3412 5049 intelligi.

1826 5085 2012 5151 Neque
2035 5081 2180 5135 enim
2213 5077 2467 5131 Christus
2486 5075 2722 5138 dicatur,
2757 5088 2880 5126 cum
2911 5072 3118 5125 nudum
3134 5085 3163 5123 a
3184 5084 3418 5139 corpore

1826 5175 2065 5228 Verbum
2102 5170 2436 5240 agnoscitur.
2478 5164 2780 5233 Postquam
2812 5172 2993 5215 autem
3022 5158 3204 5214 Verbo
3235 5173 3365 5212 caro
3397 5173 3413 5222 ;

1827 5279 1880 5323 et
1910 5281 2074 5322 carne
2119 5263 2307 5332 utique
2358 5257 2828 5314 circumscribitur
2872 5271 2886 5309 :
2929 5265 2983 5309 et
3005 5254 3120 5323 jam
3159 5251 3417 5307 Christus

1827 5358 2190 5430 appellatione
2233 5363 2337 5418 est,
2370 5361 2425 5406 et
2469 5347 3002 5418 circumscriptionis
3045 5346 3212 5401 simul
3253 5345 3416 5400 indu-

1825 5455 1966 5508 citur
2019 5449 2443 5517 intelligiturque
2505 5442 2826 5513 proprietas.
2899 5439 3270 5505 Quamobrem
3321 5437 3417 5506 qui

1827 5549 2007 5617 ipsum
2053 5541 2284 5599 describi
2316 5548 2552 5609 negant,
2601 5538 2706 5590 hoc
2745 5546 2848 5601 est,
2878 5533 3142 5588 delineari
3174 5551 3190 5600 ;
3231 5531 3420 5586 carnis

1830 5641 2008 5710 ipsum
2049 5645 2329 5705 expertem
2381 5630 2606 5686 faciunt.
2655 5628 2761 5682 Sed
2810 5628 2970 5696 longe
3016 5625 3092 5680 illi
3133 5641 3162 5678 a
3209 5622 3420 5678 Christi

1831 5746 2014 5804 grege,
2051 5729 2135 5783 vel
2158 5727 2202 5782 si
2233 5725 2426 5780 Petrus
2453 5720 2615 5776 fuerit
2641 5719 2723 5774 vel
2750 5718 2952 5773 Paulus
2985 5726 3046 5771 ut
3073 5715 3269 5770 Petrus
3300 5713 3419 5782 ipse

2986 5921 3066 5980 39
