3934 6448
523 351 657 413 1227

1709 353 1771 412 S.
1815 351 2208 411 TIIEODORI
2236 351 2513 413 ΒΤΗΒΙΤ
2517 353 2582 411 1E

3648 354 3771 419 1228

518 477 565 519 et
599 462 806 517 Paulus
831 461 1175 519 denuntiavit
1206 460 1273 515 ad
1298 462 1649 531 securitatem
1676 473 1943 517 nostram.
1972 461 2092 517 Non

2205 463 2359 526 ιὺτὸς
2385 464 2590 534 Πέτρος
2641 465 2734 517 καὶ
2765 463 2977 527 Παῦλος
3008 454 3257 537 ἀπέφηνε
3290 467 3427 538 πρὸς
3471 467 3773 535 ἀσφάλειαν

518 559 664 628 quod
688 555 886 626 aliquis
911 556 1308 626 apostolorum,
1330 563 1423 609 aut
1441 563 1757 611 sanctorum
1782 555 1875 625 qui
1898 555 2097 609 deinde

518 660 647 708 sunt
713 649 1015 715 subsecuti,
1075 648 1456 703 circumscribi
1507 661 1740 717 corpore
1806 647 2093 702 Christum

517 743 750 811 negarit,
787 741 1246 812 quemadmodum
1288 740 1441 810 impii
1485 740 1791 795 adulterina
1813 740 2095 810 proferen-

517 844 602 889 tes
647 836 801 889 aiunt
834 853 847 889 :
898 834 1073 888 absit!
1110 832 1390 887 Sinceram
1419 833 1563 887 hanc
1591 842 1875 888 teneamus
1914 833 2093 898 Iidem,

518 926 811 982 ol‘ratres:
852 925 1127 995 egregiam
1178 924 1321 978 hanc
1376 924 1777 979 confessionem
1824 934 2094 989 tueamur,

519 1017 729 1072 nullam
764 1015 818 1070 in
866 1024 1071 1086 partem
1113 1014 1470 1070 declinantes.
1513 1013 1792 1069 Christum
1828 1016 2099 1086 abnegant

517 1109 614 1179 qui
645 1125 804 1164 secus
851 1110 1098 1163 sentiunt
1130 1124 1144 1161 :
1177 1107 1271 1177 qui
1297 1108 1346 1162 id
1383 1105 1705 1169 defendunt,
1731 1107 1934 1162 Christi
1967 1117 2097 1162 sunt

517 1210 809 1272 martyres,
840 1215 964 1255 cum
995 1199 1377 1269 quadraginta,
1408 1214 1531 1253 cum
1569 1200 1720 1253 omni
1768 1200 2095 1254 athletarum

518 1293 609 1362 qui
680 1306 924 1361 unquam
979 1280 1203 1345 fuerunt
1250 1300 1395 1345 coetu
1452 1291 1733 1352 censendi,
1775 1289 1976 1356 Quid?
2029 1307 2097 1347 ne

516 1385 865 1441 comederent
891 1399 1084 1439 carnes
1104 1383 1310 1448 suillas,
1337 1384 1481 1453 quod
1511 1398 1572 1437 ea
1600 1392 1918 1452 tempestate
1944 1383 2096 1440 nefas

514 1488 654 1542 erat,
696 1485 964 1546 martyres
1004 1473 1229 1528 fuerunt
1262 1472 1592 1529 Machabaei:
1632 1486 1686 1529 et
1726 1486 1779 1528 tu
1806 1491 2096 1544 perpessus

516 1581 584 1620 eo
608 1566 751 1635 quod
775 1580 974 1635 negare
996 1565 1142 1620 nolis
1163 1563 1441 1621 Christum
1465 1565 1958 1633 circumscriptum,
1986 1582 2095 1621 non

518 1669 730 1729 martyr
754 1656 1069 1712 censeberis
1092 1657 1116 1709 ?
1141 1654 1383 1711 Joannes
1404 1672 1711 1726 praecursor
1726 1657 1795 1712 ob
1820 1656 2096 1713 defensio-

519 1766 643 1805 nem
718 1751 965 1804 vcritatis
1021 1748 1284 1803 adversus
1362 1748 1631 1803 Herodem
1710 1749 2092 1819 interemptus,

517 1852 817 1914 martyrqu
865 1851 1247 1898 ornamentum
1285 1840 1389 1898 fuit
1421 1860 1435 1897 :
1485 1859 1584 1897 nec
1625 1843 1735 1899 eris
1791 1854 1848 1898 tu
1879 1844 1933 1898 in
1972 1844 2096 1899 albo

518 1944 825 2005 martyrum
857 1948 955 2004 pro
986 1932 1208 1990 Christo
1244 1934 1528 1989 moriens?
1559 1932 1730 1989 Nemo
1758 1952 1845 1990 υοι
1878 1935 2095 1989 seducat

517 2028 765 2079 inanibus
792 2025 959 2080 verbis
988 2041 1007 2081 :
1044 2038 1258 2097 propter
1290 2043 1407 2098 qua:
1458 2029 1592 2082 venit
1636 2029 1720 2082 ira
1751 2028 1851 2083 Dei
1879 2030 1935 2083 in
1956 2028 2096 2099 ﬁlios

517 2118 820 2189 dimdentiw
849 2121 917 2174 ".

588 2210 892 2281 Legitimus
911 2220 1114 2282 martyr
1137 2221 1222 2268 est
1249 2212 1344 2283 qui
1383 2214 1674 2267 conlltetur
1703 2232 1717 2267 :
1754 2223 1806 2268 et
1834 2228 1899 2269 eo
1924 2215 2098 2285 magis

516 2318 627 2371 quo
656 2303 906 2372 pluribus
948 2312 1180 2358 vexatur
1207 2304 1386 2359 malis.
1420 2303 1641 2359 Minime
1675 2320 1771 2361 vos
1811 2307 2099 2361 conturbet

517 2395 737 2450 duratio
784 2395 1183 2465 persecutionis
1217 2413 1233 2451 :
1275 2396 1417 2451 haud
1464 2399 1666 2453 multos
1708 2413 1883 2454 annos
1915 2410 2095 2469 pertu-

516 2487 702 2553 limus,
738 2497 799 2542 ut
841 2488 1050 2558 antiqui
1088 2487 1219 2543 olim
1249 2488 1613 2544 confessores.
1665 2488 1915 2544 Nondum
1962 2505 2096 2545 exa-

516 2580 708 2633 minati
737 2578 944 2634 fuimus
984 2580 1224 2648 legitimo
1253 2580 1377 2650 igne
1402 2581 1804 2650 probatissima:
1839 2583 2099 2637 tentatio-

518 2672 655 2726 nis:
703 2672 882 2726 adhuc
914 2671 1207 2727 admistum
1250 2679 1335 2726 est
1375 2672 1679 2741 plumbum,
1734 2673 1914 2728 adhuc
1965 2688 2100 2743 ruga

517 2764 820 2833 peccatrix.
863 2760 947 2817 Tu
978 2762 1101 2833 quis
1131 2777 1191 2818 es
1222 2763 1313 2832 qui
1354 2764 1931 2833 ineumprelnensorum
1955 2764 2100 2834 judi-

516 2854 727 2907 ciorum
784 2852 1059 2925 profunda
1109 2853 1584 2920 scruteristauw
1637 2855 1733 2909 tibi
1787 2857 2101 2925 prwscripta

517 2956 665 3009 sunt,
696 2945 797 2999 illa
844 2946 1018 3017 cogita
1038 2945 1106 2999 ”.
1139 2945 1375 3000 Abrahae
1407 2961 1593 3001 semen
1643 2947 1795 3015 illud,
1831 2949 1919 3004 cui
1976 2964 2104 3018 pro-

518 3039 710 3106 missa,
755 3036 850 3092 Dei
906 3035 1306 3103 benedictione,
1361 3047 1518 3093 terra:
1560 3048 1761 3095 sanctae
1810 3040 2102 3098 baereditas

517 3130 723 3194 fuerat,
796 3130 1212 3201 quadringentis
1283 3131 1505 3202 triginta
1572 3132 1733 3187 annis
1795 3130 2102 3188 Pharaonis

519 3237 692 3278 manu
754 3226 1075 3279 servitutem
1132 3224 1340 3279 servire
1388 3223 1531 3279 Deus
1572 3225 1836 3293 permisit.
1899 3224 2101 3279 Christi

522 3315 764 3371 Ecclesia
814 3316 883 3370 ab
930 3314 1305 3385 apostolorum
1359 3317 1747 3385 praedicatione
1810 3332 1982 3385 usque
2033 3318 2101 3372 ad

522 3409 967 3477 Constantinum,
1022 3409 1257 3479 primum
1300 3408 1737 3465 Christianorum
1774 3427 1979 3482 regem,
2008 3428 2103 3467 su-

526 3519 622 3572 pra
656 3518 829 3557 annos
870 3501 1137 3557 ducentos
1177 3516 1337 3571 passa
1370 3513 1455 3558 est
1495 3502 1815 3560 frementem
1845 3520 2104 3575 persecu-

525 3595 749 3649 tionem.
776 3593 878 3661 Qui
911 3596 1083 3650 secuti
1107 3605 1255 3661 sunt,
1278 3596 1562 3651 remissam
1584 3597 1825 3666 quidem,
1864 3608 2100 3652 attamen

523 3688 922 3742 diuturniorem
954 3689 1102 3758 passi
1144 3699 1275 3744 sunt
1307 3708 1319 3744 :
1351 3699 1716 3760 praeterquam
1751 3690 1854 3745 sub
1882 3690 2105 3746 Juliano

525 3789 797 3849 apostata.
831 3780 1035 3836 Paulus
1070 3797 1305 3853 magnus
1339 3782 1500 3837 annis
1528 3782 1769 3852 quinque
1804 3791 1859 3836 et
1888 3784 2105 3853 triginta

526 3874 961 3943 persecutionem
1012 3874 1256 3942 pertulit,
1292 3874 1537 3944 quotidie
1566 3874 1807 3927 moriens
1836 3874 1883 3905 νδ
1911 3894 1925 3929 :
1958 3884 2012 3928 et
2044 3886 2103 3929 tu

526 3966 774 4036 quinque
806 3980 1075 4020 annorum
1112 3966 1289 4037 spatio
1315 3965 1585 4035 langues?
1613 3964 1870 4021 Clemens
1901 3966 2107 4020 multo-

527 4072 651 4111 rum
718 4058 1082 4113 certaminum
1136 4057 1221 4112 vir
1274 4058 1327 4112 in
1382 4066 1647 4127 perpetuo
1697 4058 1957 4127 martyrio
2008 4056 2108 4111 fuit

529 4148 721 4219 viginti
750 4158 877 4203 octo
901 4149 1061 4203 annis
1093 4166 1107 4204 :
1155 4156 1211 4204 et
1240 4133 1324 4203 tu.
1346 4148 1488 4202 intra
1535 4163 1741 4217 paucos
1773 4148 1961 4202 delicis
1991 4148 2014 4201 ?
2042 4147 2108 4203 Et

530 4240 677 4309 quod
709 4240 844 4293 mihi
892 4252 1105 4309 tempus
1134 4240 1269 4294 satis
1293 4240 1365 4293 sit
1405 4240 1473 4293 ad
1495 4240 1632 4294 alios
1659 4249 1923 4309 martyres
1953 4254 2107 4292 com-

533 4332 922 4386 memorandos
948 4332 973 4384 Ἰ
1011 4330 1129 4385 Non
1188 4331 1387 4385 audisti
1440 4330 1812 4385 suﬂ‘erentiam
1861 4329 1961 4385 Job
2003 4331 2050 4362 ⁸⁸
2086 4332 2110 4385 ‘t

530 4422 724 4478 Nonne
762 4424 923 4477 annis
952 4424 1264 4494 quindecim
1318 4432 1372 4477 et
1431 4423 1668 4492 amplius
1728 4422 1909 4477 ulcere
1958 4424 2108 4492 gravi

2201 556 2504 625 ἡμετέραν.
2538 557 2650 626 Ούχ
2680 558 2762 609 ὅτι
2806 574 2891 621 τις
2922 558 3032 611 τῶν
3062 559 3399 623 ἀποστόλων,
3444 560 3477 630 ἢ
3514 562 3631 613 τῶν
3664 561 3773 631 μετ’

2200 646 2399 711 αὐτοὺς
2432 648 2624 715 ἁγίων,
2675 649 2866 720 εἴρηκε
2904 650 2978 720 μὴ
3028 653 3511 722 περιγραφόμενον
3566 654 3774 723 σώματι

2199 741 2433 811 Χριστὸν
2460 783 2475 806 ,
2522 741 2701 803 ἄπαγε
2730 742 2743 793 l
2780 741 2857 804 ὡς
2903 744 2952 794 οἱ
2987 742 3268 806 δυσσεϐεῖς
3296 743 3369 797 τά
3401 744 3539 799 νόθα
3580 749 3775 817 προφέ-

2202 851 2389 905 ροντες
2427 834 2669 900 λέγουσι.
2716 834 2936 906 Ταύτην
2972 837 3073 904 τὴν
3110 836 3379 907 εἰλικρινῆ
3412 837 3611 891 πίστιν
3650 856 3778 891 κατ-

2199 925 2449 993 έχωμεν,
2507 919 2551 977 ὦ
2581 925 2842 990 ἀδελφοί·
2903 927 3067 995 τήνδε
3106 928 3208 999 τὴν
3258 928 3433 999 καλὴν
3482 930 3775 1000 ὁμολογίαν

2197 1017 2588 1087 ὁμολογῶμεν,
2640 1018 2763 1087 μηδ’
2814 1016 2953 1080 ὅλως
2999 1020 3473 1089 παραφερόμενοι.
3529 1022 3776 1091 Ἀρνησί-

2198 1126 2412 1178 χριστοι
2461 1110 2511 1161 οἱ
2560 1108 2634 1180 μὴ
2683 1109 2858 1171 οὕτως
2898 1111 3148 1180 ἔχοντεςλ
3179 1112 3683 1182 Χριστομάρτυρες
3728 1113 3776 1164 οι

2198 1201 2561 1269 ἐνιστάμενοι,
2600 1202 2738 1270 μετά
2769 1202 2878 1255 τῶν
2904 1203 3337 1272 τεσσαράκοντα,
3374 1206 3517 1273 μετά
3546 1204 3651 1273 τῆς
3684 1204 3775 1258 ἀπ’

2197 1292 2395 1353 αἰῶνος
2439 1290 2740 1363 ἀθλητικῆς
2773 1293 3119 1364 όμηγύρεως.
3182 1295 3326 1348 οὺά⁸
3363 1295 3511 1365 ὑπὲρ
3543 1295 3642 1347 τοῦ
3702 1297 3777 1367 μὴ

2198 1385 2607 1451 ἀπογεύσασθαι
2655 1386 2815 1438 ὑείων
2864 1386 3043 1455 κρεῶν
3083 1386 3144 1439 τὸ
3194 1387 3504 1455 τηνικαῦτα
3542 1389 3780 1458 παρανό-

2202 1493 2316 1543 μως
2366 1476 2493 1538 τοὺς
2548 1474 2942 1537 Μακκαϐαίους
2996 1477 3339 1548 μαρτύριον·
3392 1478 3594 1531 καὶσὺ
3639 1478 3782 1548 ὑπὲρ

2194 1565 2290 1617 τοῦ
2323 1566 2397 1635 μὴ
2424 1566 2765 1637 ἀρνήσασθαι
2796 1568 3033 1636 Χριστὸν
3073 1569 3535 1639 ἐγγεγραμμένον
3569 1569 3781 1623 πανθα-

2197 1675 2336 1724 νων,
2370 1659 2429 1711 ού
2466 1659 2709 1729 μάρτυς;
2752 1660 3008 1729 Ἰωάννης
3038 1662 3065 1713 6
3097 1661 3415 1732 Πρόδρομος
3448 1662 3596 1733 ὑπὲρ
3629 1662 3782 1729 ἐλεγ-

2201 1748 2302 1818 μοῦ
2332 1748 2591 1817 ἀληθείας
2620 1753 2718 1821 τῆς
2747 1751 2885 1819 πρὸς
2925 1750 3168 1823 Ἡρώδην
3192 1754 3621 1821 τυμπανισθεὶς,
3645 1769 3785 1823 μαρ-

2123 1824 2172 1884 B
2198 1841 2379 1912 τύρων
2420 1841 2716 1913 διάκοσμος
2739 1861 2754 1876 ο
2798 1844 2896 1897 καὶ
2928 1846 2992 1897 σὺ
3026 1846 3126 1898 οὐκ
3153 1847 3214 1897 ἐν
3255 1846 3497 1916 μάρτυσι
3530 1846 3783 1916 θνήσκων

2198 1934 2338 2005 ὑπὲρ
2393 1936 2661 2005 Χριστοῦ;
2706 1936 2928 2005 Μηδεὶς
2980 1935 3134 2005 ὑμᾶς
3178 1936 3535 2001 ἐξαπατάτω
3585 1939 3785 2004 κενοῖς

2193 2028 2431 2095 λόγοις·
2487 2026 2562 2080 δι’
2612 2027 2720 2093 οὒς
2763 2027 2999 2095 ἔρχεται
3038 2028 3078 2096 ὴ
3132 2026 3280 2098 ὀργὴ
3328 2028 3436 2084 τοῦ
3486 2029 3643 2084 Θεοῦ
3682 2028 3783 2083 ἐπι

2194 2117 2337 2182 τοὺς
2367 2118 2539 2184 υἱοὺς
2565 2118 2675 2185 τῆς
2698 2120 3023 2185 ἀπειθείας.

2265 2210 2492 2279 Μάρτυς
2537 2212 2975 2282 ἀπαράγραπτος
3009 2211 3324 2281 ὁμολογῶν·
3357 2212 3453 2264 καὶ
3485 2210 3781 2277 τοσοῦτον,

2196 2301 2281 2370 ἐφ’
2309 2302 2433 2354 ὅσον
2456 2302 2549 2355 καὶ
2579 2302 2868 2368 πλεονάζει
2896 2305 3013 2367 τοῖς
3037 2303 3348 2375 παθήμασι.
3382 2304 3474 2375 Μὴ
3502 2305 3785 2359 σαλευέτω

2197 2391 2340 2461 ὑμᾶς
2374 2394 2408 2463 ή
2448 2392 2815 2464 ἐπικράτησις
2850 2391 2946 2446 τοῦ
2971 2393 3217 2464 διωγμοῦ
3238 2411 3251 2421 ·
3281 2392 3437 2447 οὔπω
3471 2395 3784 2465 ὲπολυετή-

2198 2499 2373 2553 σαμεν
2422 2482 2565 2536 κατὰ
2595 2484 2720 2547 τοὺς
2771 2483 3143 2555 προλαϐόντας
3195 2483 3539 2555 όμολογητάς
3559 2502 3574 2515 ⁸
3632 2484 3785 2537 οὔπω

2197 2574 2562 2646 ὲπυρώθημεν
2596 2575 2675 2645 τῷ
2702 2575 2917 2646 διαρκεῖ
2946 2577 3076 2649 περὶ
3104 2576 3205 2646 τῆς
3242 2577 3631 2648 δοκιμωτάτης
3663 2578 3786 2632 πεί-

2202 2683 2334 2738 ρας’
2375 2668 2455 2721 ἔτι
2490 2668 2740 2739 μόλιϐδος
2782 2672 3058 2743 ὲμμιγήςο
3086 2670 3166 2724 ἔτι
3208 2671 3362 2742 ῥυτὶς
3392 2672 3782 2743 ἀμαρτητική.

2200 2758 2271 2813 Σὺ
2298 2757 2382 2823 τίς
2423 2763 2471 2814 εἰ
2503 2763 2531 2814 6
2561 2759 2881 2831 ἐμϐατεύων
2911 2765 2971 2815 ἐν
3000 2764 3115 2825 τοῖς
3140 2762 3250 2815 τῶν
3292 2762 3633 2835 ἀθεωρήτων
3664 2782 3786 2835 κρι-

2202 2850 2392 2918 μάτων
2447 2850 2705 2922 βάθεσιν;
2754 2854 2824 2907 ’Δ
2878 2853 3222 2924 προσετάγη
3254 2868 3384 2920 σοι,
3426 2856 3623 2909 ταῦτα
3655 2854 3787 2909 δια-

2199 2943 2367 2998 νοοῦ.
2422 2944 2496 2999 Τὸ
2547 2944 2886 3015 ἐπαγγελθὲν
2933 2946 3189 3016 σπέρμα,
3238 2947 3297 3000 ὲν
3346 2947 3575 3020 εὐλογίᾳ
3618 2946 3781 3010 Θεοῦ,

2213 3034 2466 3108 Ἀϐραὰμ
2501 3038 2859 3108 κληρονομεῖν
2903 3037 3006 3108 τὴν
3059 3039 3224 3107 ἀγίαν
3263 3040 3405 3109 γῆν,
3443 3044 3787 3112 τετρακόσια

2201 3129 2494 3200 τριάκοντα
2534 3129 2640 3182 ὑπὸ
2665 3132 2825 3201 χεῖρα
2851 3129 3051 3200 Φαραὼ
3085 3131 3556 3201 προδεδουλῶσθαι
3578 3132 3788 3203 ᾠκονό-

2155 3218 2173 3242 ⁴
2205 3235 2345 3289 μησε
2373 3218 2529 3282 Θεός.
2572 3218 2632 3272 ὐ
2662 3220 3087 3290 Χριστιανισμὸς
3113 3222 3209 3274 ἀπ’
3238 3222 3413 3292 ἀρχῆς
3442 3223 3540 3275 τοῦ
3572 3222 3791 3293 κηρύγ-

2205 3328 2373 3381 ματος
2422 3312 2532 3366 τῶν
2577 3312 2891 3366 ἀποστόλων
2921 3313 3063 3385 ὑπὲρ
3100 3314 3163 3368 τὸ
3208 3314 3583 3371 διακοσιοστὸν
3626 3318 3787 3385 ἔτος,

2205 3403 2371 3473 μέχρι
2403 3401 2500 3456 τοῦ
2531 3404 2943 3459 Κωνσταντίνου
2974 3405 3070 3459 τοῦ
3098 3406 3318 3478 πρώτου
3351 3407 3620 3478 βασιλέως
3650 3412 3791 3480 Χρι-

2203 3494 2436 3550 στιανῶν
2459 3533 2474 3559 ,
2510 3498 2569 3549 ὲν
2606 3497 2834 3569 διωγμῷ
2869 3497 3145 3569 βρέμοντι.
3179 3501 3253 3553 Oi
3279 3502 3595 3571 μετέπειτα,
3627 3503 3789 3570 ὑφει-

2206 3586 2384 3656 μένως
2433 3588 2551 3657 μὲν,
2579 3588 2731 3659 ὅμως
2771 3590 3259 3660 μακροετίζοντεςο
3290 3593 3469 3662 πάρεξ
3494 3594 3592 3646 τοῦ
3644 3593 3794 3646 κατά

2218 3679 2504 3734 Ἰουλιανὸν
2534 3683 2626 3733 τὸν
2651 3682 2987 3757 ἀποστάτην.
3021 3682 3233 3746 Παῦλος
3259 3685 3287 3736 6
3325 3685 3501 3754 μέγας
3530 3701 3795 3753 τριακον-

2203 3773 2438 3825 ταπέντε
2467 3772 2612 3825 ἔτεσι
2654 3773 3015 3844 διωκόμενος,
3049 3775 3144 3827 καὶ
3181 3775 3507 3845 καθημέραν
3540 3776 3795 3848 ἀποθνὴ⁴

2207 3881 2386 3918 σκωνο
2420 3865 2513 3917 καὶ
2549 3865 2614 3918 σὺ
2645 3866 2704 3918 ἐν
2746 3866 2909 3920 πέντε
2948 3867 3163 3937 χρόνοις
3188 3868 3502 3938 ὴτονηκώςς
3546 3869 3793 3940 Κλήμης

2206 3956 2233 4006 6
2268 3953 2564 4019 πολύαθλος
2618 3956 2937 4010 εἰκοσιοκτὼ
2992 3959 3140 4011 ἔτεσι
3189 3959 3524 4030 μαρτυρῶν
3569 3961 3672 4015 καὶ
3726 3963 3793 4015 σὺ

2205 4047 2443 4117 ἀχανιῶν
2469 4048 2528 4100 ὲν
2555 4046 2813 4118 βραχέσι;
2851 4047 2962 4102 Ποῦ
2997 4068 3090 4120 μοι
3125 4052 3317 4122 καιρὸς
3347 4053 3420 4105 τὰ
3459 4053 3571 4105 τῶν
3604 4054 3795 4108 ἄλλων

2210 4138 2503 4211 μαρτύρων
2531 4139 2735 4208 λέγων;
2766 4143 2881 4195 Οὐκ
2908 4142 3149 4214 ἥκουσας
3173 4144 3273 4213 τὴν
3303 4144 3588 4217 ὑπομονὴν
3632 4146 3795 4215 Ἰώϐ;

2206 4232 2344 4301 Οὐχὶ
2387 4233 2781 4287 πεντεκαίδεκα
2812 4233 2931 4303 ἔτη,
2978 4234 3010 4305 ἢ
3045 4236 3139 4288 καὶ
3174 4236 3333 4305 πρὸς,
3370 4236 3521 4289 ἕλκει
3566 4240 3797 4310 πονήρῳ

2208 4325 2559 4389 ἐϐασανίζετο
2639 4326 2777 4395 πρὸς
2822 4328 2934 4389 τοῖς
2982 4328 3356 4399 ἐπενεχθείσιν
3422 4330 3576 4400 αὐτῷ
3608 4330 3799 4393 ἄλλοις

2208 4418 2637 4488 τραγῳδήμασι;
2678 4419 2771 4471 καὶ
2806 4420 2976 4472 ταῦτα
3009 4420 3069 4471 οὐ
3111 4420 3367 4483 συνειδώς
3403 4440 3457 4475 τι
3511 4427 3800 4493 πεπραχέ-

527 4524 761 4571 vexatus
807 4522 911 4579 est,
949 4523 1143 4584 praeter
1168 4515 1304 4570 alios
1335 4514 1430 4584 qui
1462 4514 1659 4584 adjecti
1699 4513 1921 4568 fuerunt
1952 4515 2101 4582 lugu-

2214 4528 2298 4563 ναι
2319 4509 2427 4562 τῶν
2458 4509 2794 4583 ἀριστερῶνσ
2826 4510 3025 4578 μᾶλλον
3060 4511 3159 4580 μὲν
3190 4506 3284 4565 οὖν
3312 4528 3377 4581 γε
3413 4513 3509 4565 καὶ
3535 4513 3647 4565 τῶν
3671 4515 3798 4568 λίαν

527 4608 653 4663 bres
689 4606 902 4662 casus?
932 4606 1110 4674 Atque
1166 4606 1269 4661 hoc
1296 4622 1420 4661 cum
1476 4607 1679 4661 nullius
1710 4605 1814 4659 sibi
1859 4605 1985 4658 mali
2022 4604 2107 4658 fa-

527 4698 735 4755 cinoris
793 4698 1050 4753 conscius
1097 4707 1262 4761 esset,
1323 4697 1457 4764 quin
1510 4698 1690 4766 potius
1749 4696 2105 4749 laudabilium

527 4788 1079 4859 quamplurimorum.
1117 4785 1259 4852 Quid
1315 4797 1495 4841 autem
1530 4788 1582 4841 ei
1639 4788 1934 4855 respondet
1984 4802 2106 4839 ora-

528 4884 713 4938 culum
734 4880 758 4935 ?
778 4898 797 4931 ‹
830 4878 1119 4949 Utjustus,
1140 4879 1339 4948 inquit,
1365 4879 1707 4948 apparens".
1741 4896 1758 4929 ι
1791 4875 1866 4931 Ita
1886 4884 1939 4931 et
1964 4893 2107 4932 nunc

2199 4601 2423 4664 δεξιῶν.
2486 4602 2649 4654 Ἀλλά
2696 4600 2747 4652 τί
2787 4600 2935 4669 αὐτῷ
2980 4603 3008 4654 6
3041 4603 3459 4672 χρηματισμόςς
3506 4622 3525 4655 ι
3562 4605 3688 4658 Ἵνα
3719 4607 3800 4659 δί-

2214 4708 2389 4755 καιος,
2421 4692 2617 4763 φησιν,
2646 4694 2949 4764 ἀναφανῇς.
2984 4712 3001 4744 ι
3031 4693 3190 4748 υῦτω
3224 4696 3320 4749 καὶ
3362 4695 3458 4748 νῦν
3488 4698 3799 4761 κοσκινίζει

2213 4786 2246 4853 ἡ
2286 4785 2519 4853 Πρόνοια
2542 4785 2706 4837 οἱονεὶ
2736 4787 2861 4848 τοὺς
2896 4787 3168 4856 παρόντας
3193 4803 3207 4816 ⁸
3244 4788 3334 4840 ἵνα
3366 4789 3436 4842 τά
3470 4789 3695 4854 ζιζάνια
3718 4790 3800 4846 ἐτι

2214 4877 2413 4946 έκριφῇ
2439 4893 2453 4907 ο
2484 4878 2572 4929 ἵνα
2603 4878 2630 4929 ό
2668 4879 2813 4940 σῖτος
2851 4880 3188 4949 ὲναπομεὶνῃ
3220 4880 3483 4952 καθαρός.

528 4976 733 5031 cribrat
788 4973 1191 5043 quodammodo
1257 4971 1603 5028 Providentia
1681 4971 1932 5026 homines
1974 4972 2139 5042 hujus
2182 4973 2461 5041 temporis,
2494 4982 2555 5027 ut
2598 4987 2720 5042 quae
2765 4974 2951 5028 insunt
2996 4975 3205 5029 zizania
3274 4976 3508 5045 ejiciat:
3561 4988 3623 5033 ut
3683 4977 3801 5033 fru-

530 5075 774 5123 mentum
820 5078 1017 5134 purum
1054 5072 1293 5119 maneat.

599 5156 721 5210 Non
760 5154 919 5215 audis
966 5152 1097 5223 quid
1144 5152 1396 5207 Jeremiae
1443 5150 1623 5205 dicat?
1670 5148 1881 5217 Depone
1922 5165 2010 5202 eos
2059 5149 2115 5202 in

530 5248 929 5317 conﬂatorium,
978 5255 1027 5299 et
1056 5246 1173 5299 vide
1206 5246 1253 5297 si
1284 5244 1567 5312 probatum
1595 5253 1671 5295 est
1700 5243 1836 5294 sicut
1870 5258 1961 5311 ego
1990 5258 2116 5307 pro-

531 5341 686 5394 batus
723 5356 841 5394 sum
893 5355 989 5408 pro
1039 5339 1114 5391 eis
1138 5338 1207 5391 ⁹⁷.
1259 5335 1525 5390 Feramus
1558 5335 1762 5396 adhuc,
1818 5350 1851 5389 o
1903 5335 2114 5389 strenui

530 5430 735 5486 milites
781 5430 1009 5484 Christi.
1059 5427 1185 5480 Dies
1231 5428 1371 5481 sicut
1426 5425 1627 5479 umbro:
1677 5436 1995 5493 prmereunt
2023 5424 2109 5477 ἐς

530 5524 781 5594 quamvis
826 5530 1203 5592 persecutores
1250 5534 1475 5573 manere
1527 5519 1862 5571 existiment.
1915 5514 1974 5570 Si
2030 5531 2112 5569 me

530 5616 789 5686 persecuti
819 5622 965 5679 sunt,
1009 5612 1208 5683 inquit,
1240 5623 1286 5664 et
1328 5627 1416 5665 vos
1447 5622 1826 5680 persequentur
1851 5623 1869 5659 :
1914 5609 1961 5663 si
1998 5624 2110 5661 ser-

2282 5148 2395 5202 Οὐκ
2428 5146 2649 5211 ἀκούεις
2681 5148 2733 5199 τε
2761 5148 2909 5215 λέγει
2936 5147 3015 5218 τῷ
3049 5148 3326 5221 Ἱερεμίας
3352 5150 3545 5217 Κάθες
3570 5155 3799 5221 αὐτοὺς

2208 5246 2296 5308 εἰς
2324 5242 2389 5294 τὸ
2420 5241 2825 5309 χωνευτήριον
2844 5258 2857 5271 ·
2891 5242 2990 5295 καὶ
3024 5244 3252 5311 σκέψαι
3277 5245 3330 5296 εὶ
3358 5243 3637 5312 δοκίμιόν
3661 5247 3802 5301 ἐστι

2208 5333 2403 5399 καθὼς
2426 5333 2539 5402 ἐγὼ
2572 5333 2979 5401 ἐδοκιμάσθην
3000 5336 3153 5401 ὑπὲρ
3179 5334 3399 5390 αὐτῶν.
3446 5338 3801 5407 Ἐνέγκωμεν

2207 5427 2309 5491 ἔτι,
2336 5420 2380 5478 ὦ
2402 5428 2643 5492 γενναῖοι
2672 5426 2999 5495 στρατιῶται
3020 5427 3281 5496 Χριστοῦ.
3303 5431 3373 5481 Αἱ
3401 5429 3618 5497 ἡμέραι
3650 5432 3801 5485 ὡσεὶ

2206 5520 2370 5571 σκιαὶ
2400 5518 2738 5587 παράγουσι
2757 5535 2771 5549 ⁸
2801 5521 2904 5573 κᾶν
2935 5522 2984 5572 οἱ
3018 5520 3304 5583 διώκοντες
3324 5522 3615 5591 ἐπιμένειν
3643 5527 3802 5579 οἴων-

2203 5627 2317 5663 ται.
2348 5612 2416 5664 Εὶ
2448 5609 2553 5679 ἐμὲ
2582 5610 2836 5674 ἐδίωξαν
2856 5652 2872 5677 ,
2910 5615 3068 5683 φησὶ,
3111 5613 3207 5667 καὶ
3237 5612 3395 5683 ὑμᾶς
3426 5614 3794 5678 διώξουσιν·

605 5752 649 5781 θ’
684 5750 875 5819 Ephes.
906 5766 959 5811 ν,
995 5750 1049 5804 6.
1125 5751 1168 5783 ⁸³
1192 5750 1358 5807 Eccli.
1389 5767 1473 5808 tu.
1508 5750 1601 5805 22.
1678 5750 1728 5784 ⁸⁸
1757 5751 1777 5803 Ι
1808 5749 1936 5805 Cor.
1974 5764 2063 5818 xv,
2092 5750 2101 5803 Ξ

2258 5750 2302 5782 ³⁵
2324 5748 2440 5805 Jac.
2471 5764 2526 5814 ν,
2554 5750 2641 5804 ll.
2717 5748 2763 5782 θ’
2787 5746 2889 5806 Job
2920 5765 3113 5809 xxxiii.
3144 5750 3233 5806 52.
3310 5752 3354 5785 ⁸⁷
3385 5749 3555 5807 Zacb.
3595 5770 3671 5810 xi.
3704 5754 3793 5807 15.

535 5824 580 5853 ⁵⁸
609 5822 749 5877 Psal.
791 5836 975 5886 cum,
1012 5822 1065 5875 4.
