3934 6434
104 421 254 484 1⁵229

1310 413 1856 476 EPIS’I‘OLARUM
1915 414 2063 474 LIB.
2098 414 2181 474 II.

3247 409 3381 476 1230

94 539 160 590 ει
201 537 311 588 τὸν
345 536 534 603 λόγον
575 549 694 603 μου
748 531 1081 600 ἐτήρησαν,
1111 530 1210 584 καὶ
1252 531 1363 584 τὸν
1409 517 1699 600 ὑμέτερον

1819 545 2008 584 nonem
2054 545 2229 583 meum
2277 534 2653 592 servaverunt,
2702 535 2754 581 et
2803 534 3030 582 vestrum
3076 525 3383 580 servabunt.

97 628 512 698 τηρήσουσιν·
530 624 718 679 Ἀλλὰ
734 623 922 678 ταῦτα
941 624 1139 677 πάντα
1160 623 1532 692 ποιήσουσιν
1554 621 1699 692 ὑμῖν

97 722 208 776 διὰ
239 719 306 773 τὸ
337 718 525 788 ὄνομά
550 733 699 788 μου·
741 717 832 771 ὅτι
855 718 966 771 οὐκ
1002 717 1207 770 οἴδασι
1237 717 1345 769 τὸν
1374 714 1700 784 πέμψαντά

95 831 202 882 με.
243 812 360 864 Ἐπ’
385 811 645 881 ἀληθείας
676 811 784 880 γὰρ
812 811 913 862 οὑκ
929 810 1158 873 οἴδασιν,
1191 810 1275 862 ὃτι
1315 808 1378 860 '0
1407 808 1554 873 Θεὸς
1597 807 1697 859 καὶ

103 907 318 974 Πατὴρ
363 906 596 974 ἔπεμψε
645 904 755 958 τὸν
817 901 956 955 Υίὸν
1003 901 1190 956 αὑτοῦ
1243 901 1350 954 τὸν
1394 900 1699 970 μονογενῆ

102 1000 442 1068 γενόμενον
476 998 545 1050 ἐκ
588 995 898 1066 γυναικὸς,
934 995 1262 1063 γενόμενον
1307 991 1428 1046 ὑπὸ
1471 993 1662 1061 νόμον
1685 1010 1698 1024 ·

103 1095 214 1145 ἵνα
238 1091 382 1155 τοὺς
404 1089 524 1144 ὑπὸ
557 1090 746 1158 νόμον
767 1086 1129 1157 ἐξαγοράσῃ·
1169 1087 1256 1138 ἵνα
1285 1086 1383 1151 τὴν
1446 1085 1704 1154 οίκουμέ-

102 1201 211 1255 νην
233 1181 312 1254 τῷ
337 1183 452 1253 ἰδίῳ
474 1183 649 1252 Πατρὶ
679 1182 1119 1250 κατακτήσηται.
1146 1179 1218 1231 Ἦ
1255 1179 1365 1249 γὰρ
1395 1180 1462 1233 ἂν
1503 1179 1603 1231 οὐκ
1637 1178 1704 1232 ἂν

103 1275 379 1347 ἠρνοῦντο
409 1276 569 1327 αὑτὸν
610 1272 992 1346 ἐγγράφεσθαι
1017 1288 1031 1302 ·
1066 1272 1246 1335 οὐδεὶς
1271 1271 1381 1342 γὰρ
1413 1273 1476 1324 ἐκ
1509 1289 1703 1339 γυναι-

103 1368 210 1432 κός
269 1366 647 1436 γεννώμενος,
719 1365 1122 1427 ἁνεικόνιστος,
1182 1365 1232 1416 εί
1297 1363 1422 1433 μηδ’
1479 1362 1545 1416 ἂν
1596 1358 1706 1414 εἷεν

105 1460 399 1528 ἕκτρωμα.
439 1456 596 1510 Οῦτω
623 1454 938 1526 τοιγαροῦν,
975 1455 1230 1523 ἀδελφοὶ,
1276 1451 1706 1523 καταρτίζωμεν

105 1551 366 1614 ἑαυτούς.
409 1551 520 1604 Καὶ
551 1549 696 1602 οῦτω
740 1546 1217 1621 παρακαλούμεθα
1251 1549 1365 1608 τοῖς
1395 1546 1579 1614 λόγοις
1612 1544 1706 1598 τοῦ

107 1644 370 1714 Σωτῆρος
421 1641 577 1712 ἡμῶν
643 1640 820 1711 Ἰησοῦ
867 1639 1142 1711 Χριστοῦ·
1199 1638 1564 1708 ἀναμένοντες
1607 1638 1708 1708 τὴν

105 1734 495 1787 ἀνταπόδοσιν.
541 1732 680 1785 Ἀλλ’
715 1730 895 1785 οἴδατε
927 1726 1038 1795 οἶος
1064 1733 1091 1784 ὁ
1124 1730 1399 1791 Λεόντιος·
1432 1729 1708 1800 εὐνούχων

106 1828 296 1896 γένος,
331 1826 390 1878 οὐ
426 1825 585 1894 μόνον
625 1825 844 1894 ἄτιμον,
879 1824 955 1888 ὣς
987 1840 1072 1886 τις
1105 1823 1214 1875 τῶν
1245 1819 1521 1892 θεοφόρων
1556 1823 1708 1893 εἴρη-

108 1935 234 1979 κεν,
261 1917 399 1969 ἀλλὰ
430 1917 525 1969 καὶ
556 1915 996 1986 άρνησίχριστον·
1029 1916 1123 1968 καὶ
1146 1912 1254 1968 οὐδ’
1284 1911 1460 1976 οῦτως
1503 1914 1709 1977 ἀρκού-

114 2028 306 2081 μενον,
363 2009 500 2062 ἀλλά
557 2012 653 2062 καὶ
704 2009 912 2079 ἀγρίως
971 2007 1390 2079 τιμωρούμενον
1447 2009 1709 2077 ἀδελφοὺς

110 2101 301 2172 ἡμῶν.
340 2101 399 2154 '0
435 2102 565 2172 πρὶν
602 2100 873 2174 μαθητὴς,
910 2099 1004 2153 νῦν
1037 2102 1280 2174 ἀρνητὴς
1323 2103 1648 2170 ἰουδαῖζωνο
1681 2106 1709 2158 6

111 2197 175 2247 ἐν
221 2192 474 2263 ἀδελφοῖς
507 2193 878 2263 ὑπερέχουσι,
927 2194 1071 2246 κατά
1121 2194 1231 2247 τῶν
1278 2195 1523 2265 ἀδελφῶν
1568 2195 1709 2266 ὑπὲρ

114 2289 372 2349 ἅπαντας
397 2287 520 2348 τοὺς
549 2286 892 2349 δικάζοντας·
922 2286 951 2338 ό
985 2285 1061 2356 μὴ
1085 2285 1260 2355 λέγων
1287 2288 1476 2352 ἁπλῶς
1500 2288 1707 2353 εἰκόνα,

113 2376 259 2429 ἀλλά
292 2377 457 2444 ἁγίαν
487 2374 695 2440 εἰκόνα,
729 2374 968 2446 Χριστοῦ
998 2378 1185 2446 τυχὸν,
1219 2378 1320 2447 τῆς
1350 2378 1644 2444 Θεοτόκου,

111 2466 370 2519 τινοσοῦν
398 2466 508 2518 τῶν
537 2465 728 2532 ἀγίων·
765 2465 891 2536 ἄρτι
921 2466 1042 2518 ἐστὶ
1073 2466 1270 2534 καίων,
1300 2468 1606 2541 καθαιρῶν,
1638 2469 1713 2533 ὡς

116 2557 227 2627 θὴρ
261 2556 591 2626 μαινόμενος
647 2549 1158 2628 βλασφημῶν.’Ἐξ
1188 2551 1251 2611 οὗ
1303 2560 1399 2612 καὶ
1452 2559 1530 2630 τῷ
1579 2577 1716 2631 κρα-

120 2649 304 2701 τοῦντι
338 2645 696 2717 φιλούμενος,
733 2648 828 2700 καί⁹
865 2648 978 2702 τῶν
1008 2650 1394 2721 μοναστηρίων
1421 2651 1580 2721 ἡμῶν
1612 2651 1714 2721 ἀρ-

121 2758 254 2810 χων,
284 2740 381 2791 καὶ
407 2739 586 2792 πάντα
614 2740 870 2809 πράττων
901 2741 929 2793 6
950 2741 1118 2805 τάλας
1147 2742 1228 2804 εἰς
1256 2742 1497 2814 Χριστοῦ
1533 2741 1713 2811 ῦὸριν.

137 2835 277 2888 Ἀλλ’
312 2834 436 2887 οὐαί
475 2835 597 2905 μοιί
631 2834 742 2904 ἐμὰ
787 2835 897 2906 γάρ
930 2835 999 2889 τά
1051 2837 1263 2889 ἐκείνου
1299 2837 1713 2908 κωμῳδήματα.

124 2928 322 2997 Ὅμως
353 2927 439 2979 ὅτι
487 2925 565 2996 τῷ
615 2926 760 2979 κατὰ
817 2926 997 2996 σάρκα
1047 2927 1282 2998 φύσαντι
1330 2929 1540 2999 ὅμοιος·
1592 2928 1720 2981 ἐπεὶ

124 3026 382 3088 κάκεῖνος
404 3025 612 3101 ,ἐντοῖς
643 3023 813 3078 πάλαι
847 3027 1061 3094 καιροῖς
1098 3026 1408 3095 ἀκροθίνιον
1436 3025 1714 3091 ἀσεϐείας,

124 3117 322 3186 ῶσπερ
349 3118 445 3171 καὶ
472 3117 565 3170 τοῦ
615 3117 860 3189 Ἑρμίου.
892 3121 1096 3190 Ἀμφω
1127 3121 1236 3192 γὰρ
1269 3121 1590 3192 δαιμονῶσι·
1623 3123 1720 3176 καὶ

1804 622 1910 678 Sed
1955 623 2066 677 lucc
2109 627 2288 677 omnia
2315 622 2511 690 facient
2541 621 2684 675 vobis
2714 627 2925 688 propter
2951 634 3137 672 nomen
3170 634 3343 671 meum
3368 629 3389 670 :

1802 716 1928 784 quia
1948 717 2181 769 nesciunt
2199 731 2318 768 eum
2344 715 2434 783 qui
2451 715 2593 766 misit
2624 713 2786 766 me”.
2809 711 2948 766 Vere
2966 711 3111 764 enim
3135 709 3392 779 ignorant

1803 809 1948 878 quod
1984 807 2125 861 Deus
2155 816 2208 860 et
2251 807 2412 860 Pater
2440 805 2584 859 misit
2626 801 2813 856 Filum
2859 818 3017 856 suum
3057 802 3391 871 unigenitum

1804 901 2008 970 factum
2049 915 2113 953 ea:
2146 898 2382 959 muliere,
2415 897 2618 966 factum
2657 894 2752 948 sub
2788 893 2918 963 lege,
2955 902 3014 946 ut
3050 909 3137 946 eos
3168 894 3259 963 qui
3293 892 3390 946 sub

1804 995 1917 1064 lege
1946 1001 2100 1048 erant
2131 992 2411 1045 redimeret
2437 991 2478 1054 ί,
2511 997 2566 1043 et
2597 986 2744 1042 Patri
2779 1001 2879 1040 suo
2903 986 3172 1039 mundum
3206 982 3393 1052 acqui-

1806 1096 1974 1142 reret.
2007 1083 2126 1139 Nisi
2151 1085 2298 1140 enim
2339 1084 2679 1152 ignorarem,
2713 1079 2867 1133 illum
2896 1077 3043 1148 pingi
3082 1091 3190 1131 non
3219 1091 3391 1144 nega-

1806 1189 1928 1235 rent
1958 1197 1972 1232 2
2007 1193 2170 1233 nemo
2197 1178 2400 1247 quippe
2429 1175 2522 1245 qui
2563 1191 2632 1230 ex
2664 1173 2894 1228 muliere
2935 1181 3098 1226 natus
3143 1171 3235 1236 sil,
3267 1170 3392 1225 talis

1805 1281 1892 1326 est
1945 1281 2007 1325 ιιι
2059 1270 2292 1341 exprimi
2354 1284 2464 1323 non
2524 1266 2700 1337 possit
2749 1284 2763 1320 :
2816 1265 3022 1336 alioqui
3080 1264 3390 1319 abortivum

1808 1362 2069 1432 quiddam
2099 1370 2266 1416 esset.
2301 1359 2393 1414 Sic
2423 1359 2629 1428 itaque,
2659 1357 2879 1423 fratres,
2909 1356 3262 1427 perficiamus
3291 1368 3394 1409 nos

1809 1459 1962 1527 ipsos
1992 1474 2006 1510 :
2041 1455 2124 1512 sic
2152 1454 2592 1510 consolationem
2622 1453 2892 1507 habemus
2922 1453 2976 1506 in
3001 1451 3187 1507 verbis
3214 1449 3398 1506 Salva-

1809 1550 1946 1604 toris
1983 1550 2155 1604 nostri
2205 1546 2336 1604 Jesu
2379 1547 2612 1610 Christi,
2646 1554 3031 1616 exspectantes
3073 1560 3397 1600 renumera-

1811 1641 2037 1697 tionem.
2077 1639 2185 1696 Sed
2232 1641 2408 1696 nostis
2442 1639 2623 1710 qualis
2655 1639 2727 1694 sit
2760 1638 3024 1694 Leontius
3062 1655 3076 1692 :
3109 1639 3399 1693 eunucho-

1812 1751 1933 1789 rum
1960 1749 2157 1805 genns,
2191 1749 2302 1788 non
2334 1735 2512 1789 solum
2556 1733 2873 1804 inglorium,
2916 1741 2977 1787 ut
3011 1731 3231 1803 quidam
3264 1746 3396 1786 san-

1815 1838 2032 1883 ctorum
2060 1827 2217 1891 dixit,
2247 1827 2342 1882 sed
2377 1835 2433 1880 et
2461 1825 2743 1880 Christum
2775 1840 3014 1895 negans;
3057 1840 3236 1895 neque
3265 1825 3401 1878 adeo

1814 1920 1901 1974 his
1935 1918 2137 1972 finibus
2167 1932 2227 1972 se
2264 1917 2578 1982 continens,
2617 1931 2806 1970 verum
2842 1914 3039 1969 acerbe
3078 1925 3135 1968 et
3165 1912 3404 1967 crudeli-

1815 2022 1900 2066 ter
1929 2009 2130 2066 fratres
2157 2018 2378 2066 nostros
2402 2009 2754 2063 excrucians.
2782 2007 2887 2074 Qui
2919 2015 3046 2061 ante
3073 2005 3401 2076 discipulus,

1813 2118 1962 2158 nunc
1990 2109 2222 2172 negator
2250 2100 2542 2171 judaizans
2579 2119 2592 2155 :
2627 2100 2721 2169 qui
2754 2100 2898 2154 inter
2927 2099 3128 2153 fratres
3154 2097 3402 2152 eminen-

1812 2195 2003 2258 tiores,
2050 2208 2196 2247 nunc
2237 2204 2426 2247 contra
2467 2191 2662 2245 fratres
2704 2206 2871 2261 supra
2902 2191 3118 2260 judices
3159 2205 3353 2244 omnes
3387 2206 3402 2243 :

1815 2289 1909 2359 qui
1940 2304 2046 2342 non
2073 2288 2396 2357 simpliciter
2425 2286 2720 2356 imaginem
2747 2285 2990 2350 dicebat.
3024 2284 3120 2340 sed
3152 2293 3404 2340 sanctam

1817 2383 2141 2451 imaginem,
2177 2382 2292 2436 sive
2320 2380 2550 2448 Christi,
2589 2381 2704 2434 sive
2734 2378 2980 2450 Deipara:
3010 2385 3067 2433 et
3111 2378 3408 2448 cujuslibet

1817 2481 2168 2542 sanctorum;
2216 2490 2361 2529 nunc
2384 2489 2478 2529 eas
2506 2473 2767 2539 incendit,
2797 2481 2851 2528 et
2885 2472 3086 2539 abolet,
3119 2471 3406 2527 insanien-

1817 2571 1888 2626 tis
1942 2570 2119 2625 instar
2153 2567 2285 2624 fera:
2334 2568 2747 2638 blasphemans.
2782 2565 2936 2623 Unde
2983 2576 3038 2622 et
3087 2567 3405 2637 imperatori

1818 2663 2020 2719 charus
2072 2661 2250 2717 factus
2291 2671 2394 2727 est,
2432 2669 2487 2715 et
2532 2659 2881 2714 monasteriis
2927 2660 3137 2713 nostris
3173 2659 3405 2729 p0titur,

1819 2766 1875 2813 et
1909 2757 2092 2811 omnia
2125 2754 2296 2809 miser
2326 2752 2459 2807 facit
2500 2753 2555 2806 in
2600 2752 2988 2806 contumeliam
3021 2750 3252 2806 Christi.
3299 2749 3408 2804 Sed

1820 2850 1926 2906 heu
1975 2850 2098 2904 me!
2156 2862 2278 2901 mea
2326 2846 2472 2901 enim
2524 2846 2641 2900 haec
2684 2845 2803 2915 ejus
2851 2844 3112 2899 ludibria.
3150 2846 3407 2900 Attamen

1821 2943 2018 2999 similis
2054 2941 2130 2995 illi
2162 2949 2266 3005 est,
2294 2940 2384 3011 qui
2422 2940 2611 3008 genuit
2641 2937 2942 2994 secundum
2975 2953 3197 2994 carnem
3231 2956 3245 2992 :
3279 2951 3406 2991 nam

1820 3047 1875 3092 et
1920 3037 2011 3091 ille
2060 3036 2192 3091 olim
2241 3035 2502 3105 primitiae
2560 3032 2740 3088 fuerat
2775 3032 3098 3102 impietatis,
3153 3031 3296 3086 sicut
3355 3043 3410 3084 et

1821 3128 2056 3184 Hermiaa
2082 3148 2096 3183 :
2130 3129 2296 3183 ambo
2325 3128 2469 3182 enim
2500 3127 2747 3181 furentes
2768 3134 3009 3197 aguntur
3036 3143 3050 3180 :
3083 3140 3186 3180 nec
3217 3125 3412 3179 miscet

122 3211 185 3262 οὐ
234 3210 387 3278 μίγει
426 3209 454 3260 6
493 3208 624 3273 Θεὸς
660 3210 905 3283 κορώνην
946 3213 1040 3265 καῖ⁵
1081 3215 1434 3284 περιστεράν·
1467 3214 1603 3268 ἀλλὰ
1649 3215 1710 3268 τὰ

1825 3222 1969 3278 Deus
2018 3224 2295 3277 cornicem
2346 3221 2639 3288 columbae,
2698 3219 2793 3275 sed
2839 3219 3041 3275 similia
3103 3218 3406 3273 similibus.

119 3304 288 3370 ὃμοια
311 3305 426 3368 τοῖς
459 3303 686 3373 ὁμοίοις.
726 3305 955 3357 Ἐκεῖνοι
987 3307 1085 3376 μὲν
1109 3306 1303 3370 οῦτως.
1330 3308 1439 3360 Καὶ
1468 3307 1585 3376 δοίη
1619 3308 1714 3361 αύ-

119 3398 238 3457 τοῖς
276 3394 483 3464 Κύριος
523 3397 820 3465 ἐπίγνωσιν
848 3397 1130 3468 ἀληθείας,
1164 3397 1579 3469 ἐζωγρημένοις
1610 3399 1716 3452 ὑπὸ

118 3489 218 3541 τοῦ
247 3488 497 3542 διαϐόλου
523 3492 602 3552 εἰς
620 3490 680 3541 τὸ
703 3489 911 3543 ἐκείνου
942 3491 1175 3562 θέλημα.
1210 3491 1386 3562 ’Υμᾶς
1407 3491 1461 3544 δὲ
1483 3491 1716 3561 Χριστὸς

121 3584 222 3636 σὺν
243 3576 327 3646 οἷς
360 3584 387 3634 ὁ
419 3582 734 3651 ἀποστάτης
756 3583 999 3649 κολάζει,
1031 3585 1326 3655 στηρίξειε,
1352 3585 1712 3656 δυναμώσειε,

121 3674 468 3746 κρατύνοιεν,
522 3676 846 3744 ὑπενεγκεῖν
887 3677 967 3730 ἔτι
993 3716 1007 3740 ,
1051 3679 1388 3743 πεινῶντας,
1424 3677 1714 3748 διψῶντας,

117 3766 573 3837 γυμνητεύοντας
598 3808 612 3832 ,
650 3769 1115 3840 κολαφιζομένους
1139 3812 1154 3839 ,
1188 3771 1579 3835 ἀστατοῦντας,
1623 3789 1716 3825 κο-

123 3861 392 3923 πιῶντας,
416 3860 880 3930 λοιδορουμένους,
910 3862 1279 3932 διωκομένους
1304 3905 1318 3928 ,
1358 3864 1717 3934 βλασφημου-

124 3953 361 4022 μένους,
425 3951 505 4016 ὡς
552 3951 1034 4020 περικαθάρματα
1080 3954 1260 4020 ὄντας
1303 3956 1410 4010 τοῦ
1458 3957 1714 4025 κόσμου,

122 4045 373 4096 πάντων
415 4043 723 4113 περίψημα
745 4084 759 4106 ,
792 4043 934 4097 κατά
968 4045 1182 4099 Παῦλον
1210 4047 1302 4100 τὸν
1333 4047 1510 4118 μέγαν
1530 4088 1544 4111 ,
1599 4050 1716 4121 μεθ’

123 4134 186 4194 οῦ
221 4135 336 4191 εἶεν
373 4143 468 4192 καὶ
500 4141 532 4208 ὴ
586 4140 743 4211 μερὶς
779 4140 956 4211 ὑμῶν.
1009 4139 1280 4210 Ἀδελφοί,
1343 4143 1715 4212 προσεύχεσθε

123 4233 257 4302 περὶ
287 4230 448 4301 ἡμῶν
474 4232 584 4286 τῶν
614 4233 992 4303 ἁμαρτωλῶν,
1025 4234 1111 4286 ἵνα
1156 4234 1491 4304 σωζοίμεθα·
1535 4235 1718 4299 ἀξιού-

127 4342 283 4392 μενοι
312 4324 537 4377 πάντων
563 4325 672 4377 τῶν
698 4325 1070 4395 ἐνισταμένων
1100 4325 1194 4378 τοῦ
1222 4328 1452 4396 ἐσχάτου
1483 4327 1713 4397 βαθμοῦ.

136 4416 477 4481 Ἀσπάζεται
514 4418 660 4487 ὑμᾶς
692 4421 720 4471 6
758 4418 855 4471 σὺν
886 4419 1010 4488 ἐμοὶ
1036 4419 1267 4486 ἀδελφὸς
1305 4419 1597 4483 Νικόλαος.
1659 4422 1720 4476 Ἠ

124 4507 302 4577 χάρις
328 4507 439 4560 τοῦ
466 4508 615 4562 Θεοῦ
633 4511 784 4578 μετὰ
805 4509 1048 4563 πάντων
1076 4510 1264 4578 ὑμῶν.
1303 4511 1510 4579 Ἀμήν.

1823 3315 1968 3384 Ergo
1999 3315 2076 3369 illi
2108 3314 2175 3368 ad
2213 3315 2359 3369 hunc
2401 3313 2648 3368 modum.
2673 3312 2772 3367 Det
2802 3313 2909 3370 illis
2939 3309 3205 3365 Dominus
3238 3325 3411 3380 agno-

1824 3425 1978 3464 scere
2024 3409 2338 3474 veritatem,
2395 3422 2534 3477 quos
2580 3415 2770 3476 captos
2821 3405 3071 3460 diabolus
3119 3411 3268 3458 tenet
3313 3417 3412 3472 pro

1823 3515 1923 3556 sua
1971 3499 2271 3553 voluntate.
2333 3496 2443 3551 Vos
2485 3512 2616 3551 vero
2661 3496 2916 3551 Christus
2960 3509 3086 3550 cum
3138 3495 3226 3561 iis,
3269 3507 3410 3564 quos

1823 3600 1990 3649 vexat
2034 3602 2305 3663 apostata,
2353 3590 2668 3657 confirmet,
2716 3592 2972 3660 viresque
3001 3605 3066 3644 ac
3109 3588 3283 3643 robur
3311 3587 3412 3643 tri-

1823 3686 1977 3752 buat,
2023 3697 2085 3740 ut
2130 3686 2404 3741 sustinere
2444 3684 2626 3738 adhuc
2673 3682 2920 3754 possitis,
2975 3680 3304 3744 esurientes,
3335 3679 3412 3734 si-

1823 3780 2044 3843 tientes,
2074 3776 2230 3842 nudi,
2261 3776 2510 3846 colaphis
2540 3775 2692 3836 caesi,
2723 3773 3035 3835 instabiles,
3068 3771 3408 3835 laborantes,

1825 3870 2114 3925 maledicta
2181 3879 2236 3923 et
2281 3869 2720 3938 persecutionem
2796 3865 3101 3936 patientes,
3149 3863 3408 3934 blasphe-

1827 3964 1979 4028 tuati,
2033 3972 2284 4032 tanquam
2316 3972 2664 4032 purgamenta
2711 3960 2869 4029 hujus
2915 3958 3123 4020 mundi,
3176 3957 3412 4011 omnium

1825 4057 2204 4126 peripsema',
2262 4065 2324 4110 ut
2385 4055 2589 4110 Paulus
2657 4069 2889 4123 magnus
2932 4065 3218 4122 :quocum
3283 4064 3411 4118 pars

1827 4158 2007 4204 vestra
2041 4149 2131 4203 sit.
2163 4147 2407 4210 Fratres,
2439 4157 2593 4201 orate
2617 4162 2717 4216 pro
2755 4145 2913 4199 nobis
2939 4142 3322 4213 peccatoribus
3352 4150 3413 4195 ut

1828 4243 2124 4306 salvemur,
2161 4239 2309 4310 digni
2358 4238 2526 4293 habiti
2564 4238 2808 4290 omnium
2838 4236 2932 4306 qui
2964 4234 3288 4288 restiterunt
3323 4233 3413 4292 in-

1828 4335 1957 4387 fimo
1997 4333 2190 4402 gradu.
2225 4331 2439 4385 Salutat
2468 4345 2569 4384 vos
2611 4329 2705 4399 qui
2736 4343 2948 4383 mecum
2994 4337 3081 4383 est
3115 4326 3288 4382 frater
3311 4325 3411 4382 Ni-

1827 4427 2038 4481 colaus.
2097 4423 2288 4479 Gratia
2324 4424 2419 4478 Dei
2452 4441 2569 4478 cum
2597 4423 2839 4477 omnibus
2864 4421 3030 4477 vobis.
3067 4421 3236 4475 Amen
3258 4419 3302 4474 ³.

123 4643 336 4701 ΛΗ’.-
355 4645 676 4719 Θεόδωρος⁸
705 4649 837 4713 ταῖς
892 4649 1206 4716 πανταχοῦ
1247 4648 1710 4718 διεσπαρμέναις

1825 4650 2116 4708 XXXVIII.
2146 4681 2217 4691 —
2244 4650 2552 4705 Theodorus
2601 4649 2793 4719 ubique
2848 4647 3104 4719 dispersis
3152 4646 3408 4717 fraterni-

607 4716 1044 4786 ὰδελφόττισιν.
1085 4720 1261 4793 [τια’.]

2501 4720 2720 4774 tatibus.

839 4834 1168 4885 Catechetica.
1194 4836 1234 4885 E
1259 4849 1459 4887 carcere
1483 4851 1599 4886 suos
1625 4836 1928 4885 adhortatur.
1956 4832 2159 4896 (Baron.
2184 4844 2263 4881 an.
2287 4831 2398 4890 819,
2423 4844 2474 4880 ιι.
2504 4831 2606 4892 18.)

190 4937 474 5005 Χαίρετε,
512 4936 836 5007 ὲπιπόθητοί
887 4955 988 5008 μου
1035 4941 1258 5007 ἀδελφοὶ
1294 4943 1387 4993 καὶ
1429 4941 1711 5011 Πατέρες,

125 5032 203 5084 ὅτι
255 5032 437 5101 χαρᾶς
484 5030 802 5097 εὐαγγέλια.
851 5032 1019 5085 Πάλιν
1053 5032 1368 5102 ἠξιώθημεν
1411 5035 1461 5086 οἱ
1503 5031 1712 5098 ἀνάξιοι

127 5123 464 5191 ὁμολογῆσαι
508 5122 606 5192 τὴν
647 5123 819 5192 καλὴν
848 5125 1164 5192 ὁμολογίαν·
1200 5126 1361 5178 πάλιν
1405 5126 1714 5196 ᾐκίσθημεν

129 5214 265 5283 ὑπὲρ
296 5214 394 5267 τοῦ
439 5214 702 5283 ὀνόματος
739 5217 833 5269 τοῦ
877 5219 1080 5287 Κυρίου
1111 5219 1431 5289 ἀμφότεροι.
1459 5220 1569 5271 Καὶ
1605 5220 1713 5290 γάρ

130 5307 216 5358 καὶ
243 5309 273 5358 ό
299 5308 527 5375 ἀδελφὸς
547 5308 817 5372 Νικόλαος
833 5311 1095 5379 ὲνήθλησε
1118 5311 1384 5365 κάλλιστα
1405 5313 1497 5364 καὶ
1529 5311 1715 5364 πιστό-

130 5416 285 5452 τατα,
326 5400 562 5471 Εἴδομεν
611 5403 676 5456 ἐκ
712 5404 931 5474 σαρκῶν
964 5405 1124 5473 ἡμῶν
1159 5407 1464 5476 κενούμενά
1493 5405 1569 5478 [Γ.
1596 5406 1714 5476 χεό-

137 5488 293 5562 μενα]
328 5493 422 5543 ἐπὶ
451 5493 554 5562 γῆς
589 5492 796 5562 αἵματα
830 5496 880 5547 οἱ
917 5495 1185 5548 ταπεινοί·
1222 5497 1567 5565 ἐθεασάμεθα
1598 5495 1713 5565 μώι

133 5582 342 5648 λωπας,
379 5584 605 5654 ἰχῶρας,
639 5587 707 5637 τά
738 5587 947 5644 τούτοις
983 5587 1275 5641 ἀκόλουθα.
1310 5589 1385 5640 Οὐ
1415 5586 1587 5642 ταῦτα
1617 5604 1718 5657 χα-

136 5677 226 5736 οΞς
250 5693 264 5739 ;
297 5673 360 5726 οὐ
385 5672 560 5725 ταῦτα
589 5675 967 5743 ἀγαλλιάσεως
988 5676 1228 5749 ψυχικῆς
1252 5695 1266 5744 ;
1305 5679 1466 5732 Ἀλλὰ
1488 5679 1571 5741 τίς
1599 5679 1714 5748 είμι

201 5854 244 5881 ’³
267 5851 430 5908 Joan.
467 5869 558 5920 xv,
592 5851 684 5917 ΞΟ,
718 5853 806 5909 ει.
892 5854 1109 5912 'Calat.
1144 5871 1216 5923 iv,
1247 5855 1298 5908 .i.

1896 4937 2140 4993 Gaudete
2167 4979 2182 4998 ,
2224 4935 2444 4991 Fratres
2503 4935 2610 4991 mei
2659 4949 2724 4991 ac
2769 4935 2962 4993 Patres
3018 4937 3409 5004 desiderandi,

1824 5033 2087 5101 quoniam
2135 5029 2320 5098 gaudii
2351 5028 2554 5084 adsunt
2585 5029 2804 5083 nuntia.
2840 5029 2997 5100 Digni
3044 5046 3269 5086 rursum
3313 5031 3413 5085 ha-

1825 5124 1923 5178 biti
1976 5123 2206 5188 fuimus,
2256 5121 2488 5190 indigni,
2531 5122 2626 5192 qui
2668 5122 2959 5191 pulchram
3003 5123 3412 5178 confessionem

1822 5218 2232 5270 confiteremur.
2279 5215 2518 5271 Rursum
2560 5217 2734 5286 plagis
2776 5217 2952 5272 aﬂecti
2994 5218 3157 5272 ambo
3204 5216 3412 5271 fuimus

1825 5324 1924 5380 pro
1968 5310 2189 5364 nomine
2234 5309 2475 5366 Domini.
2539 5313 2756 5367 Etenim
2817 5324 2870 5368 et
2920 5311 3088 5366 frater
3152 5311 3411 5365 Nicolaus

1826 5401 2197 5469 pulcherrime
2240 5411 2294 5455 et
2319 5402 2638 5459 fidelissime
2668 5403 2992 5459 decertavit.
3025 5403 3273 5457 Vidimus
3311 5403 3411 5456 Ill]-

1823 5493 1980 5548 miles
2024 5511 2091 5548 ex
2119 5497 2380 5552 carnibus
2412 5498 2618 5552 nostris
2652 5498 2906 5552 fluentem
2940 5499 2996 5553 in
3039 5509 3240 5553 terram
3278 5513 3411 5552 san-

1829 5585 2050 5654 guinem
2084 5603 2096 5638 :
2131 5589 2524 5656 conspeximus
2557 5588 2783 5651 vibices,
2813 5588 3046 5654 saniem,
3089 5597 3143 5642 et
3168 5603 3289 5657 qua:
3320 5587 3409 5641 his

1824 5678 2106 5747 adjuncta.
2161 5678 2361 5736 Annon
2419 5681 2535 5739 haec
2591 5683 2774 5755 gaudii
2827 5683 2994 5740 sunt?
3053 5697 3238 5739 nonne
3293 5681 3409 5736 [nec

1384 5858 1440 5912 Ἰ
1476 5857 1601 5912 Cor.
1635 5873 1708 5924 IV,
1742 5859 1829 5914 I5.
1868 5859 1885 5889 ³
1912 5858 2021 5914 Tit.
2053 5876 2137 5928 tu,
2176 5861 2260 5915 I5.
