3934 6448
522 412 654 479 1231

1669 408 1729 466 S.
1769 396 2160 463 TIIEODOIU
2201 389 2550 456 STUDIT/E

3645 386 3778 453 1232

517 529 905 586 exsultationis
948 526 1287 599 spiritualis?
1311 523 1418 582 Sed
1450 525 1578 596 quis
1600 537 1703 594 ego
1723 536 1842 577 sum
1875 517 2084 579 infelix,

2213 511 2302 581 ,γὼ
2320 513 2351 565 6
2371 511 2564 577 τάλας,
2599 510 2699 563 σὺν
2728 508 2863 579 ὑμῖν
2884 508 3000 570 τοῖς
3028 506 3203 572 ἀξίοις
3234 504 3478 577 Χριστοῦ
3509 505 3780 577 ὁμολογη-

519 620 616 691 qui
648 621 930 675 vobiscum
958 618 1137 688 dignis
1161 616 1366 673 Christi
1396 614 1810 671 confessoribus
1837 610 2094 664 adnume-

519 727 629 775 rer,
654 712 900 767 omnium
932 710 1215 766 hominum
1241 708 1664 764 inutilissimus?
1683 707 1860 761 Causa
1885 711 2091 766 autem,

521 806 686 874 cujus
738 804 911 875 gratia
957 804 1072 858 haec
1100 802 1470 872 contigerunt,
1522 799 1756 871 pristina
1801 796 1903 851 fuit
1930 793 2094 849 Cate-

519 896 703 952 ehesis
731 914 744 952 :
771 910 894 966 quae
929 909 1054 951 cum
1097 894 1151 948 in
1204 908 1403 949 manus
1438 892 1685 947 venisset
1726 888 2091 958 imperatoris,

520 988 589 1043 ad
621 987 939 1059 magistrum
979 986 1217 1041 militum
1250 1000 1370 1040 eam
1402 983 1572 1047 misit,
1612 982 1868 1038 comitem
1899 982 2098 1038 cohor-

523 1078 594 1133 tis
647 1078 716 1132 ad
760 1092 860 1133 nos
897 1076 1089 1131 venire
1131 1074 1354 1145 iubens.
1403 1072 1507 1139 Qui
1561 1087 1689 1127 cum
1740 1071 1973 1127 ducibus
2033 1086 2098 1127 ac

522 1170 788 1225 militibus
818 1171 1141 1238 intempesta
1181 1176 1343 1222 nocte
1373 1164 1687 1231 adveniens,
1712 1173 1765 1220 et
1791 1164 2097 1220 domuncu-

523 1263 634 1318 lam
671 1263 725 1317 in
750 1277 856 1330 qua
881 1275 1103 1315 eramus
1136 1267 1357 1330 repente
1391 1257 1649 1312 obsidens
1678 1272 1804 1312 cum
1836 1257 2096 1324 clamore,

525 1355 690 1410 veluti
725 1352 898 1409 feram
940 1362 1176 1409 nactus:
1211 1351 1488 1422 objectum
1526 1360 1741 1420 septum
1781 1366 1877 1422 per
1922 1350 2098 1406 fosso-

522 1462 613 1501 res
641 1445 927 1501 celerrime
966 1443 1227 1514 perfregit
1261 1462 1275 1498 :
1304 1442 1505 1498 deinde
1539 1443 1787 1512 protulit,
1828 1442 2095 1508 excussit,

523 1537 766 1593 ostendit
814 1535 1178 1592 Catechesim.
1234 1532 1482 1590 Confessi
1550 1548 1743 1588 sumus
1803 1548 1905 1589 nos
1975 1548 2096 1589 eam

526 1630 742 1694 fecisse,
788 1628 931 1684 sicut
978 1628 1118 1683 Deus
1168 1626 1363 1681 voluit.
1410 1625 1476 1679 Et
1520 1624 1610 1680 ille
1660 1624 1880 1694 quidem
1928 1640 2097 1680 unum

526 1722 633 1778 hoc
658 1722 895 1793 petebat,
939 1727 999 1774 ut
1026 1719 1091 1773 ad
1122 1717 1470 1787 imperatoris
1499 1716 1835 1772 voluntatem
1871 1716 2099 1772 descen-

525 1815 802 1869 deremus.
846 1811 1249 1881 Respondimus
1297 1810 1445 1881 quod
1485 1811 1687 1865 veritas
1736 1808 2093 1879 postulabat:

2191 605 2312 668 ταῖς
2344 602 2663 672 ἐνταγῆναι,
2697 601 2919 656 πάντων
2949 596 3255 669 ἀνθρώπων
3280 596 3358 651 ὣν
3390 598 3777 669 ἀχρειότερος;

2193 696 2270 749 Τὸ
2293 693 2352 749 δέ
2378 694 2549 747 αῖτιον
2576 684 2639 745 ὦ
2659 691 2827 762 χάριν
2843 689 2907 743 τὸ
2930 689 3174 759 συμϐὰν,
3190 691 3224 758 ὴ
3246 687 3423 742 πάλαι
3450 689 3762 759 κατήχησις

2192 788 2263 859 ἣν
2307 786 2401 841 ἐπὶ
2439 787 2629 856 χεῖρας
2656 784 2955 855 δεξάμενος
3000 783 3031 834 6
3063 779 3306 851 κρατῶν,
3346 781 3616 851 πέπομφε
3648 782 3779 852 πρὸς

2195 879 2288 933 τὸν
2339 877 2787 949 στρατηγοῦντα,
2846 870 3256 945 παραγενέσθαι
3307 869 3781 939 ἐγκελευσάμενος

2195 972 2289 1026 τὸν
2330 971 2431 1042 τῆς
2495 970 2698 1041 κόρτης
2752 967 2969 1037 κόμητα
3010 964 3150 1035 πρὸς
3192 965 3367 1034 ἡμᾶς·
3416 964 3479 1027 ὃς
3510 963 3785 1033 ἐληλυθὼς

2198 1064 2296 1117 σὺν
2332 1062 2564 1134 ἄρχουσι
2595 1059 2691 1113 καὶ
2730 1055 3094 1129 στρατιώταις
3139 1056 3198 1107 ἐν
3230 1053 3448 1125 ἀωρίᾳ.
3496 1058 3597 1107 καὶ
3631 1071 3779 1123 περι·

2198 1153 2479 1222 στοιχίσας
2508 1151 2569 1203 τὸ
2600 1148 2823 1203 οἰκίδιον
2854 1149 2913 1202 ἐν
2940 1140 2985 1215 ᾧ
3011 1142 3156 1217 ἦμεν
3189 1143 3402 1214 ἀθρόως
3438 1145 3583 1214 μετὰ
3616 1162 3784 1216 κραυ-

2197 1246 2323 1317 γῆς.
2358 1245 2434 1308 ὡς
2477 1244 2570 1296 ἐπί
2601 1260 2656 1296 τι
2695 1240 3001 1312 θηράσιμον
3032 1237 3273 1311 εὖρεμαυ
3315 1236 3629 1308 ὀρυκτῆρσι
3662 1254 3786 1289 κατ.

2198 1337 2365 1401 έαξαν
2412 1334 2473 1407 [Γ.
2504 1330 2809 1403 κατέαξεν]
2860 1330 2925 1384 τὸ
2966 1329 3311 1399 ἀνάφραγμα
3358 1329 3639 1399 τάχιστα·
3668 1326 3787 1381 εἶτα

2199 1422 2533 1499 ἐξήνεγκεν,
2593 1424 2914 1496 ἀνέκρινεν,
2973 1420 3221 1484 ὑπέδειξε
3281 1420 3385 1491 τὴν
3452 1421 3784 1491 κατήχησιν.

2213 1519 2660 1590 Ὠμολογήσαμεν
2684 1517 2846 1588 ἡμεῖς
2865 1515 3034 1586 αὐτὴν
3060 1514 3425 1583 πεποιηκέναι
3453 1554 3470 1577 ,
3502 1513 3584 1578 ὡς
3611 1517 3638 1567 ὁ
3658 1513 3790 1575 Θεὸς

2198 1610 2487 1681 ἠθέλησεν.
2527 1609 2589 1663 Ὀ
2631 1610 2731 1679 μὲν
2769 1608 2828 1661 ἓν
2866 1608 3049 1677 ἐζήτει
3086 1606 3268 1676 μόνον,
3305 1603 3487 1657 ἐλθεῖν
3516 1606 3673 1674 ἡμᾶς
3712 1605 3792 1666 είς

2198 1702 2260 1755 τὸ
2294 1700 2389 1754 τοῦ
2440 1700 2704 1771 βασιλέως
2757 1699 2991 1769 θέλημα.
3040 1697 3286 1767 Εἴπομεν
3317 1696 3460 1766 ὅπερ
3508 1695 3717 1767 ἀπῄτει
3756 1697 3789 1764 ἡ

2200 1793 2451 1864 ἀλήθεια.
2474 1794 2566 1865 Μὴ
2593 1792 2837 1862 γένοιτοὲ
2868 1790 2969 1844 οὐκ
2994 1788 3298 1860 ἀθετοῦμεν
3326 1788 3419 1841 τὸν
3442 1787 3583 1840 Θεὸν
3609 1787 3789 1858 ἡμῶν·

525 1907 717 1964 Absit!
746 1905 915 1961 Deum
950 1915 1201 1960 nostrum
1246 1919 1355 1959 non
1401 1903 1724 1972 rejicimus;
1756 1913 1811 1957 et
1835 1902 1940 1956 alia
1975 1917 2098 1971 quae

2213 1886 2298 1939 ica
2319 1901 2379 1938 τε
2399 1884 2535 1939 ἄλλα
2553 1880 2621 1953 ἦν
2651 1883 2950 1945 ἀκούοντας
2975 1876 3511 1950 ἀνταποκρίνασθαι.
3553 1878 3648 1930 Ἐν
3672 1876 3797 1929 τού-

527 2006 955 2053 consentaneum
990 2003 1109 2051 erat
1142 1993 1496 2064 respondere.
1527 1992 1667 2048 Tum
1702 1993 1907 2047 acriter
1939 1993 2009 2047 ab
2030 2008 2098 2048 eo

528 2090 805 2146 verberati
833 2102 1046 2144 sumus.
1074 2086 1143 2143 Et
1177 2086 1344 2141 frater
1369 2087 1588 2156 quidem
1619 2086 1753 2141 nihil
1785 2086 2098 2156 huiusmodi

529 2191 653 2253 post
692 2181 924 2251 primam
945 2178 1489 2249 comprehensionem
1525 2187 1579 2233 et
1609 2178 2017 2248 inscriptionem
2044 2179 2099 2232 in

528 2272 793 2328 aerumnis
827 2286 1025 2341 passus
1064 2278 1166 2326 est.
1198 2269 1313 2339 Ego
1339 2283 1466 2323 vero
1502 2268 1724 2323 humilis
1753 2278 1808 2323 et
1851 2269 2102 2323 infirmus

530 2363 776 2419 febribus
801 2360 1084 2416 immensis
1110 2369 1395 2426 correptus
1433 2368 1487 2413 et
1518 2356 1875 2412 intolerandis
1898 2356 2103 2411 dolori-

529 2453 656 2518 bus,
710 2468 902 2524 parum
962 2450 1135 2506 abfuit
1178 2451 1309 2521 quin
1358 2450 1470 2507 vita
1528 2449 1793 2518 privarer.
1846 2447 2103 2501 Attamen

533 2543 713 2600 bonus
757 2540 901 2597 Deus
949 2542 1154 2596 sensim
1212 2540 1473 2595 misertus
1523 2548 1607 2592 est
1649 2537 1775 2602 mei,
1818 2537 2106 2606 adjuvante

532 2635 704 2691 fratre
738 2638 794 2691 in
826 2635 1029 2706 quibus
1050 2633 1235 2687 decuit
1270 2630 1412 2684 :etsi
1438 2630 1619 2683 adhuc
1655 2636 1912 2682 maneant
1935 2628 2106 2697 plagae

532 2727 600 2782 ad
636 2727 901 2794 integrann
928 2723 1217 2780 sanitatem
1252 2720 1494 2775 nondum
1524 2718 1816 2789 perductae.
1846 2718 1971 2775 Haec
2002 2720 2106 2791 igi-

535 2831 625 2875 tur
673 2819 754 2874 sic
792 2833 851 2874 se
894 2816 1120 2880 habent,
1164 2822 1219 2869 et
1246 2812 1355 2868 vim
1401 2812 1527 2867 mali
1561 2812 1713 2869 vobis
1759 2813 2009 2884 exposui,
2054 2814 2108 2869 id

534 2926 737 2982 cupere
783 2923 878 2963 vos
924 2907 1105 2963 sciens
1159 2906 1225 2961 ad
1270 2904 1695 2961 condolendum.
1739 2905 1879 2972 Quid
1925 2914 2107 2961 autem

536 2998 840 3073 posthaec?
870 3007 927 3054 et
969 2998 1133 3053 minae
1173 2996 1476 3069 graviores,
1515 3008 1570 3051 et
1601 2996 1851 3052 custodia
1882 2998 2105 3052 arctior.

534 3097 671 3153 Nam
708 3094 931 3153 verbera
978 3104 1032 3150 et
1073 3094 1417 3159 custodibus,
1464 3104 1519 3149 et
1547 3095 1813 3151 custodiae
1851 3095 2110 3166 praefecto

2198 1995 2312 2041 τοις
2341 1977 2515 2045 ἐδειρε
2549 1975 2788 2046 βαρέωςο
2823 1974 2918 2028 καὶ
2950 1975 2978 2026 ό
3020 1973 3120 2042 μέν
3152 1970 3385 2039 ἀδελφὸς
3414 1969 3578 2023 οὐδὲν
3611 1969 3795 2022 τοιοῦ-

2200 2087 2291 2124 τον
2318 2068 2457 2141 μετὰ
2488 2068 2586 2137 τὴν
2621 2065 2783 2129 εὐθὺς
2813 2062 3094 2132 κάθειρξιν
3126 2064 3221 2115 καὶ
3246 2061 3583 2131 ἀναγραφὴν
3620 2060 3794 2113 δεινὸν

2200 2163 2260 2215 ἐν
2294 2164 2482 2222 πόνοις
2508 2155 2743 2226 ὑπέστη.
2787 2153 2930 2224 Ἐγὼ
2957 2153 3017 2206 δὲ
3052 2155 3081 2206 ό
3124 2148 3383 2212 ταπεινὸς
3424 2150 3527 2202 καὶ
3564 2147 3792 2219 σαθρὸς,

2202 2256 2459 2327 πυρετοῖς
2482 2251 2708 2323 λαύροις
2730 2248 3035 2320 συσχεθεὶς,
3058 2245 3155 2299 καὶ
3178 2247 3364 2306 πόνοις
3384 2242 3794 2304 δυσυποίστοις,

2205 2345 2407 2421 μικροῦ
2437 2345 2547 2398 δεῖν
2574 2340 2926 2413 ἐξηπορήθην
2955 2340 3053 2393 καὶ
3074 2337 3168 2391 τοῦ
3194 2337 3316 2408 ζῇν·
3346 2336 3560 2405 ὃμως”ό
3589 2334 3795 2402 ἀγαθὸς

2202 2440 2337 2505 Θεὸς
2366 2439 2508 2494 κατά
2533 2434 2726 2507 μικρὸν
2749 2434 2919 2489 ἐλεῶν
2938 2430 3135 2503 ἠλέησε
3163 2447 3255 2499 με’
3284 2425 3797 2498 συνυπουργούντος

2205 2534 2301 2589 καὶ
2324 2533 2418 2586 τοῦ
2444 2528 2675 2597 ἀδελφοῦ
2707 2530 2764 2582 ἐν
2791 2528 2904 2589 τοῖς
2928 2525 3230 2593 καθήκουσι
3254 2539 3269 2553 ·
3300 2523 3408 2575 κᾶν
3439 2520 3528 2575 ἐτι
3563 2521 3625 2573 αί
3652 2519 3795 2589 πλη-

2206 2625 2304 2694 γαὶ
2354 2623 2660 2694 ἐπιμένωσι
2716 2619 2791 2690 μὴ
2835 2615 3099 2670 λαῦοῦσαι
3141 2613 3354 2667 τελείαν
3401 2611 3573 2665 ἴασιν.
3607 2608 3795 2663 Ταῦτα

2210 2718 2310 2789 μὲν
2336 2717 2396 2768 ἐν
2425 2714 2657 2777 τούτοις·
2692 2710 2788 2766 καὶ
2811 2708 3123 2779 ἐξηγόρησα
3153 2707 3283 2777 ύμῖν
3309 2705 3373 2757 τὸ
3403 2698 3609 2767 πάθος·
3638 2701 3797 2764 εἰδὼς

2206 2808 2529 2879 ἐφιεμένους
2566 2804 2757 2877 μαθεῖν
2785 2803 2867 2865 είς
2904 2799 3253 2867 συνάλγησιν.
3279 2796 3345 2848 Τί
3378 2790 3476 2850 οὖν
3507 2795 3702 2865 ἐπειδὴ
3728 2793 3799 2849 τὰ

2207 2901 2464 2965 τοιαῦτα;
2500 2898 2612 2952 Καὶ
2648 2897 2682 2967 ἡ
2718 2892 2919 2964 ἀπειλὴ
2965 2890 3274 2959 δεινοτέραν
3313 2888 3486 2959 καὶαή
3520 2887 3799 2957 ἀσφάλεια

2209 2992 2598 3065 κραταιοτέρα.
2630 2988 2842 3057 Δαρμοὶ
2864 2985 2972 3054 γὰρ
3001 2983 3096 3037 καὶ
3117 2983 3209 3035 ἐπὶ
3232 2980 3361 3044 τοὺς
3384 2980 3669 3049 φύλακας,
3698 2980 3798 3033 καὶ

2209 3087 2305 3140 ἐπὶ
2331 3083 2421 3138 τὸν
2455 3079 2849 3152 παραφύλακα.
2890 3074 2997 3130 Τοῦ
3031 3076 3107 3147 μὴ
3150 3074 3349 3143 γρύξαι
3378 3074 3569 3143 ἡμᾶς,
3600 3066 3683 3143 μῆ
3714 3073 3799 3125 ὅτι

534 3188 842 3260 proposita,
875 3193 1061 3241 utnec
1095 3185 1295 3239 mutire
1328 3185 1510 3251 nobis,
1541 3186 1738 3239 nedum
1766 3187 1926 3241 alicui
1960 3188 2110 3242 scri-

2213 3196 2278 3250 γε
2303 3176 2399 3232 καὶ
2418 3176 2652 3246 γράφειν
2678 3171 2808 3227 τινί.
2847 3168 3265 3237 ’Υποπτήξομεν
3288 3161 3399 3236 ἆρα
3425 3163 3525 3217 καὶ
3552 3165 3805 3217 ἀποσιω-

539 3282 669 3335 bere
695 3279 873 3334 liceat.
907 3275 1318 3331 Deterrebimur
1346 3290 1499 3346 ergo,
1549 3284 1605 3329 et
1635 3275 1940 3341 silebimus,
1980 3280 2112 3331 obe-

539 3373 752 3427 dientes
792 3384 903 3441 pra:
950 3368 1148 3423 timore
1194 3366 1509 3422 hominibus
1558 3375 1612 3421 et
1662 3381 1772 3421 non
1820 3367 1963 3422 Deo?
2004 3366 2115 3423 Ne-

540 3481 817 3541 quaquam
866 3481 1017 3522 sane.
1073 3463 1180 3520 Sed
1227 3464 1402 3520 donec
1429 3465 1656 3534 januam
1702 3465 1860 3518 nobis
1906 3465 2115 3535 aperiat

544 3561 831 3623 Dominus,
866 3574 976 3613 non
1012 3557 1363 3621 desistemus,
1393 3556 1537 3627 quod
1579 3557 1632 3610 in
1667 3557 1829 3612 nobis
1862 3568 1968 3622 est,
1997 3557 2115 3613 olli-

545 3655 691 3711 cium
734 3661 1018 3722 praestare,
1050 3649 1474 3705 reformidantes
1513 3665 1577 3705 ac
1612 3649 1864 3705 timentes
1900 3651 2115 3721 impen-

544 3747 680 3801 dens
713 3744 915 3801 silentii
944 3743 1211 3812 judicium
1249 3761 1261 3796 :
1298 3740 1519 3807 Quodsi
1556 3740 1878 3795 subtraxerit
1919 3760 1993 3810 se,
2029 3743 2117 3797 in-

545 3835 688 3905 quit,
721 3849 825 3888 non
850 3832 1073 3903 placebit
1100 3830 1294 3885 animo:
1324 3847 1450 3885 mete
1469 3830 1511 3884 ".
1541 3830 1605 3885 Et
1632 3845 1852 3886 rursum
1876 3832 2114 3902 Aposw-

546 3928 675 3981 lus:
713 3923 826 3980 Nos
868 3934 1044 3979 autem
1105 3939 1209 3977 non
1267 3940 1450 3977 sumus
1498 3922 1869 3977 subtractionis
1914 3924 2017 3993 ﬁlii
2061 3926 2117 3979 in

545 4019 933 4089 perditionem,
991 4016 1081 4071 sed
1120 4014 1245 4083 ﬁdei
1301 4016 1356 4069 in
1406 4016 1802 4082 acquisitionem
1860 4016 2051 4071 anima’
2071 4019 2114 4071 ⁵.

619 4109 772 4165 Hanc
815 4109 885 4164 ob
940 4124 1164 4163 causam
1210 4108 1325 4162 haec
1371 4108 1602 4177 epistola
1656 4124 1776 4163 mea
1819 4108 1887 4163 ad
1926 4124 2118 4164 omnes

548 4205 769 4274 quidem
805 4203 1086 4273 dispersos
1123 4199 1347 4265 fratres,
1378 4201 1471 4270 qui
1504 4203 1905 4271 persecutionis
1939 4204 2118 4257 tribu-

550 4299 807 4352 lationem
841 4312 983 4369 ξρετε
1018 4296 1294 4351 sustinent
1326 4312 1341 4349 :
1376 4296 1647 4364 praecipue
1683 4305 1865 4350 autem
1897 4296 1964 4350 ad
1996 4311 2117 4360 vos,

551 4389 899 4445 confessores
942 4387 1171 4443 Christi.
1209 4386 1614 4452 Sustineamus,
1664 4386 1863 4443 fratres
1897 4389 2002 4442 mei
2038 4388 2121 4442 di-

2212 3274 2493 3342 πήσομεν,
2546 3264 2975 3336 πειθαρχοῦντες
3020 3260 3100 3331 τῷ
3151 3257 3302 3329 φόδῳ
3347 3255 3670 3327 ἀνθρώποις
3708 3258 3804 3308 καὶ

2212 3364 2335 3434 οὐχὶ
2363 3360 2519 3430 Sed);
2552 3355 2852 3427 υύμενοῦν.
2896 3352 3036 3406 Ἀλλ’
3074 3351 3179 3413 ἓως
3213 3349 3280 3402 ἂν
3307 3348 3504 3417 ἀνοίγῃ
3536 3348 3681 3418 ἡμῖν
3712 3346 3805 3398 θύ-

2218 3473 2319 3526 ραν
2358 3456 2386 3507 ό
2426 3451 2655 3523 Κύριος.
2685 3448 2744 3501 οὺ
2795 3441 3121 3513 παυσόμεθα
3164 3440 3225 3493 τὸ
3270 3439 3388 3491 δέον
3436 3436 3805 3509 ἀποπληροῦν

2215 3547 2361 3601 κατά
2397 3546 2457 3598 τὸ
2484 3542 2705 3612 ἐφικτὸν
2735 3540 2887 3611 ἡμῖν,
2917 3534 3239 3605 φοϐούμενοι
3270 3530 3368 3584 καὶ
3399 3528 3709 3600 τρέμοντες
3744 3527 3805 3579 τὸ

2216 3635 2597 3709 ἐπηρτημένον
2627 3633 2727 3701 τῆς
2757 3628 2968 3699 σιωπῆς
3003 3627 3198 3697 κρῖμα.
3246 3620 3385 3675 Ἐὰν
3408 3619 3807 3709 ὑποστέλλῃ-

2216 3748 2345 3795 ται,
2389 3726 2574 3799 φησὶν,
2630 3727 2743 3779 οὐκ
2772 3719 3011 3776 εὐδοκεῖ
3046 3720 3085 3787 ἠ
3122 3710 3294 3786 ψυχή
3327 3730 3449 3783 μου
3500 3710 3573 3764 ἐν
3610 3708 3801 3775 αὐτῷ.

2217 3826 2329 3881 Καὶ
2366 3822 2532 3878 πάλιν
2588 3820 2617 3872 ὁ
2681 3814 3034 3876 ’Δπόστολοςο
3093 3808 3283 3880 Ἡμεῖς
3338 3804 3409 3859 δὲ
3447 3806 3561 3859 οὐκ
3605 3802 3807 3873 ἐσμὲν

2215 3913 2571 3982 ὑποστολῆς
2598 3913 2688 3976 εις
2729 3905 3063 3968 ἀπώλειαν,
3092 3902 3254 3957 ἀλλὰ
3283 3899 3547 3964 πίστεως
3571 3898 3666 3963 εἰς
3698 3913 3805 3950 πε-

2209 4008 2527 4081 ριποίησιν
2553 4000 2783 4072 ψυχῆς.

2288 4103 2388 4154 Διὰ
2421 4096 2580 4153 τοῦτό
2625 4111 2714 4164 μοι
2747 4091 2841 4145 καὶ
2869 4091 2902 4160 ἠ
2931 4086 3183 4158 παροῦσα
3224 4080 3486 4152 ἐπιστολὴ
3521 4080 3667 4151 πρὸς
3704 4080 3806 4151 μὲν

2220 4196 2428 4254 πάντας
2459 4190 2587 4250 τοὺς
2611 4182 3049 4253 διεσπαρμένους
3077 4173 3361 4243 ἀδελφοὺς,
3389 4172 3487 4225 καὶ
3510 4170 3805 4243 διαφέρον-

2218 4305 2318 4351 τας
2345 4286 2438 4338 τὸν
2469 4278 2708 4348 διωγμὸν
2748 4271 3073 4334 θλιπτικῶς·
3118 4266 3409 4335 ἐξαιρέτως
3434 4263 3492 4317 δὲ
3535 4265 3616 4327 είς
3655 4266 3806 4333 ὑμᾶς

2221 4381 2346 4442 τοὺς
2373 4371 2713 4448 ὁμολογητάς
2750 4362 3008 4437 Χριστοῦ.
3046 4354 3668 4448 Ἐνέγκωμενοᾲᾷδελφοί
3698 4374 3803 4425 μου

552 4482 703 4546 lecti,
745 4479 920 4551 magis
958 4479 1139 4532 adhuc
1186 4492 1251 4530 ac
1303 4478 1479 4546 magis
1515 4478 1877 4543 corroborati,
1912 4488 1967 4531 at
2013 4494 2111 4533 non

2222 4446 2520 4538 ἀγαπητοὶ,
2551 4462 2634 4517 ἔτι
2675 4458 2876 4530 μᾶλλον
2916 4449 3341 4522 δυναμούμενοι,
3375 4446 3494 4501 ἀλλ’
3528 4447 3591 4500 οὺ
3630 4464 3807 4501 κατα-

552 4574 837 4631 conterriti
878 4573 933 4627 in
959 4569 1368 4626 aﬂlietionibus.
1400 4570 1606 4623 Carnes
1647 4579 1797 4633 sunt,
1830 4586 1897 4623 ne
1932 4584 2111 4639 parca-

2226 4564 2562 4633 πτήσσοντες
2612 4556 2670 4609 ἐν
2725 4552 2840 4612 τοῖς
2891 4545 3202 4615 παθήμασι.
3255 4541 3467 4611 Σάρκες
3520 4540 3653 4593 εἰσί.
3712 4541 3808 4609 Μὴ

556 4682 699 4722 mus.
744 4663 853 4719 Pro
883 4662 1102 4717 Christo
1144 4663 1431 4715 tormentis
1463 4660 1718 4728 subjecti,
1763 4668 2121 4713 exsultemus.

554 4758 657 4813 Cui
686 4755 967 4810 abundant
994 4753 1235 4814 labores,
1287 4752 1524 4821 amplius
1560 4752 1813 4822 gaudeat,
1860 4761 2125 4820 tanquam

557 4849 797 4921 praemiis
834 4846 1123 4900 abundans
1155 4863 1167 4898 :
1198 4844 1293 4913 qui
1329 4843 1615 4897 verberum
1647 4857 1839 4912 pmnas
1871 4843 2126 4897 reformi-

556 4942 669 5004 dat,
717 4948 920 4991 metum
948 4934 1213 4998 excutiat,
1249 4933 1614 5001 sempiternos
1659 4932 1935 4987 cruciatus
1971 4948 2130 4986 reco-

561 5031 763 5100 gitaus.
794 5024 1015 5080 Illorum
1046 5024 1193 5078 enim
1228 5022 1423 5093 plagm,
1472 5022 1519 5075 si
1553 5037 1677 5075 eum
1715 5022 1798 5076 his
1834 5021 2129 5076 conferan-

564 5130 673 5183 tur,
722 5119 997 5174 somnium
1052 5125 1183 5170 sunt
1242 5122 1297 5169 et
1354 5113 1565 5182 sagittae
1620 5114 1998 5181 parvulorum.
2041 5111 2134 5167 Nee

563 5226 772 5283 quaeso,
801 5211 1043 5265 obtestor
1078 5225 1091 5261 :
1121 5208 1175 5261 in
1208 5206 1471 5260 aerumnis
1518 5220 1618 5273 pro
1649 5204 1871 5258 Christo
1900 5205 2133 5258 delecte-

564 5318 710 5364 mur,
752 5301 1110 5370 quantumvis
1152 5297 1455 5352 secundum
1494 5312 1717 5350 carnem
1758 5297 1867 5349 sint
1908 5310 2131 5349 amarae.

566 5393 1011 5463 Contemplemur
1062 5391 1243 5445 futura
1288 5400 1342 5444 et
1396 5390 1791 5459 permanentia,
1844 5403 1950 5443 non
1998 5404 2139 5456 prae~

576 5485 752 5541 sentis
818 5492 875 5539 et
930 5482 1335 5552 praetereunda.
1412 5481 1743 5550 Expetamus
1814 5481 2135 5550 sanguinem

576 5590 826 5636 nostrum
883 5588 1185 5647 martyrum
1243 5576 1495 5644 sanguini
1547 5573 1881 5635 admiscere,
1935 5581 2139 5640 partem

572 5682 816 5727 nostram
849 5668 1227 5725 confessorum
1256 5668 1396 5735 parti
1428 5686 1441 5721 :
1469 5675 1526 5721 ut
1551 5682 1675 5721 cum
1701 5666 1780 5720 eis
1799 5664 2144 5719 exsultemus

645 5878 667 5905 δ
694 5870 856 5926 Hebr.
887 5882 945 5933 Χ,
976 5865 1064 5918 58.
1144 5866 1163 5896 ⁸
1192 5863 1325 5917 ibid.
1355 5863 1445 5917 59.

2226 4630 2565 4726 φεισώμεθα·
2601 4645 2742 4715 ὑπὲρ
2774 4636 3012 4711 Χριστοῦ
3045 4632 3496 4705 βασανιζόμενοι,
3525 4630 3809 4700 ἀγαλλιώ-

2230 4721 2389 4815 μεθα.
2408 4721 2483 4795 ήὈ
2504 4755 2573 4792 πε
2582 4733 2851 4808 ρισσεύων
2874 4730 2931 4782 ἐν
2950 4728 3062 4791 τοῖς
3083 4726 3285 4786 πόνοις,
3309 4721 3549 4792 χαιρέτω
3578 4722 3807 4791 μᾶλλον.

2227 4814 2303 4902 ὥς
2357 4829 2698 4889 πλεονεκτῶν
2754 4827 2812 4878 ἐν
2862 4824 2975 4885 τοῖς
3029 4817 3279 4890 μισθοῖςο
3326 4817 3355 4868 ό
3400 4814 3811 4881 δειλαινόμενος

2234 4928 2515 4999 μαστίγων
2546 4920 2791 4987 ἐνεγκεῖν
2819 4915 3034 4975 πόνους,
3070 4909 3161 4963 διὰ
3204 4906 3364 4961 τοῦτο
3406 4905 3720 4959 ἀποσειέτω
3752 4907 3813 4957 τὸ

2230 4995 2369 5081 δέος,
2399 5018 2501 5078 τὰς
2537 5011 2792 5072 αἰωνίους
2837 5004 2995 5065 ἀνίας
3034 4998 3409 5067 ἐννοούμενος.
3434 4999 3500 5050 Ai
3529 4995 3641 5065 γὰρ
3671 4995 3814 5063 πλη-

2233 5115 2328 5180 γαὶ
2358 5107 2540 5164 αὐτῶν
2583 5103 2721 5175 πρὸς
2747 5098 2961 5159 ἐκείνας
2986 5133 3003 5157 ,
3042 5093 3179 5162 δναρ
3202 5131 3218 5156 ,
3253 5089 3380 5159 βέλη
3410 5087 3649 5180 νηπίων.
3677 5087 3815 5180 λῖῖαὶ

2233 5176 2448 5267 δέομαι,
2486 5190 2785 5248 ἀντιϐολῶ*
2822 5183 3219 5255 γλυκανθῶμεν
3260 5181 3320 5231 ἐν
3351 5179 3464 5240 τοῖς
3498 5176 3643 5247 ὑπὲρ
3677 5176 3813 5246 Χρι-

2238 5290 2364 5347 στοῦ
2391 5288 2528 5355 ἀλγὴ
2539 5298 2690 5354 μασι’
2720 5280 2820 5335 κᾶν
2846 5277 2966 5329 λίαν
2987 5272 3220 5340 ὀδυνηρὰ
3243 5267 3384 5323 κατά
3413 5267 3619 5336 σάρκα.
3650 5268 3814 5318 ’Δνα-

2238 5382 2533 5453 θεωρῶμεν
2578 5375 2650 5429 τὰ
2694 5373 2957 5444 μέλλοντα
2994 5366 3086 5418 καὶ
3136 5364 3401 5433 μένονταο
3445 5358 3587 5412 ἀλλά
3629 5357 3815 5453 pili-adt

2240 5443 2487 5547 παρόντα
2547 5468 2641 5522 καὶ
2696 5443 3106 5534 παρερχόμενα.
3168 5455 3506 5521 Ποθήσωμεν
3554 5450 3619 5503 τὸ
3674 5443 3816 5517 αἷμα.

2240 5541 2398 5641 in).ti
2446 5562 2599 5633 μίξαι
2642 5558 2721 5619 τῷ
2759 5555 2870 5609 τῶν
2919 5548 3209 5621 μαρτύρων
3254 5545 3485 5641 αῖματν
3543 5543 3625 5641 τὸ.
3652 5541 3815 5610 μέρος

2242 5634 2400 5735 ήμῶν
2427 5661 2495 5728 τῇ
2527 5656 2636 5709 τῶν
2679 5646 3028 5719 ὁμολογητῶν
3077 5639 3260 5712 μερίδι
3282 5655 3297 5673 ο
3332 5636 3421 5689 ἵνα
3466 5634 3819 5705 χορεύσωμεν
