  <div class='ocr_page' id='page_1' title='image "/cluster/home/n/w/nwhite01/storage/ocr_20150623/99/ien.35556001661347/626.png"; bbox 0 0 3934 6440; ppageno 0'>
   <div class='ocr_carea' id='block_1_1' title="bbox 119 423 268 486">
    <p class='ocr_par' dir='ltr' id='par_1_1' title="bbox 119 423 268 486">
     <span class='ocr_line' id='line_1_1' title="bbox 119 423 268 486; baseline 0 -1"><span class='ocrx_word' id='word_1_1' title='bbox 119 423 268 486; x_wconf 56' lang='grc' dir='ltr'><strong>Ῑὲὶϐ</strong></span> 
     </span>
    </p>
   </div>
   <div class='ocr_carea' id='block_1_2' title="bbox 1333 411 2200 475">
    <p class='ocr_par' dir='ltr' id='par_1_2' title="bbox 1333 411 2200 475">
     <span class='ocr_line' id='line_1_2' title="bbox 1333 411 2200 475; baseline -0.006 0"><span class='ocrx_word' id='word_1_2' title='bbox 1333 412 1873 475; x_wconf 82' lang='lat' dir='ltr'><strong>EPISTOLARUM</strong></span> <span class='ocrx_word' id='word_1_3' title='bbox 1913 412 2065 472; x_wconf 86' lang='lat' dir='ltr'><strong>LIB.</strong></span> <span class='ocrx_word' id='word_1_4' title='bbox 2113 411 2200 471; x_wconf 88' lang='lat' dir='ltr'><strong>II.</strong></span> 
     </span>
    </p>
   </div>
   <div class='ocr_carea' id='block_1_3' title="bbox 3258 405 3395 471">
    <p class='ocr_par' dir='ltr' id='par_1_3' title="bbox 3258 405 3395 471">
     <span class='ocr_line' id='line_1_3' title="bbox 3258 405 3395 471; baseline -0.036 0"><span class='ocrx_word' id='word_1_5' title='bbox 3258 405 3395 471; x_wconf 62' lang='lat' dir='ltr'><strong>123i</strong></span> 
     </span>
    </p>
   </div>
   <div class='ocr_carea' id='block_1_4' title="bbox 118 521 1725 597">
    <p class='ocr_par' dir='ltr' id='par_1_4' title="bbox 118 524 1713 597">
     <span class='ocr_line' id='line_1_4' title="bbox 118 524 1713 597; baseline -0.007 -10"><span class='ocrx_word' id='word_1_6' title='bbox 118 549 226 587; x_wconf 87' lang='grc' dir='ltr'><strong>συν</strong></span> <span class='ocrx_word' id='word_1_7' title='bbox 265 530 452 591; x_wconf 74' lang='grc' dir='ltr'>αὐτοῖς</span> <span class='ocrx_word' id='word_1_8' title='bbox 500 527 717 582; x_wconf 75' lang='grc' dir='ltr'>αἰώνια.</span> <span class='ocrx_word' id='word_1_9' title='bbox 759 525 857 590; x_wconf 90' lang='grc' dir='ltr'>Τίς</span> <span class='ocrx_word' id='word_1_10' title='bbox 903 524 1166 597; x_wconf 83' lang='grc' dir='ltr'>φρόνιμος</span> <span class='ocrx_word' id='word_1_11' title='bbox 1189 541 1210 589; x_wconf 85' lang='grc'><strong>;-</strong></span> <span class='ocrx_word' id='word_1_12' title='bbox 1245 526 1326 588; x_wconf 87' lang='grc' dir='ltr'><strong>τίς</strong></span> <span class='ocrx_word' id='word_1_13' title='bbox 1366 526 1565 594; x_wconf 84' lang='grc' dir='ltr'>σοφός;</span> <span class='ocrx_word' id='word_1_14' title='bbox 1629 524 1713 587; x_wconf 88' lang='grc' dir='ltr'><strong>τίς</strong></span> 
     </span>
    </p>
   </div>
   <div class='ocr_carea' id='block_1_5' title="bbox 1830 521 3399 597">
    <p class='ocr_par' dir='ltr' id='par_1_5' title="bbox 1830 521 3399 594">
     <span class='ocr_line' id='line_1_5' title="bbox 1830 521 3399 594; baseline 0.004 -18"><span class='ocrx_word' id='word_1_15' title='bbox 1830 541 1872 579; x_wconf 32' lang='grc' dir='ltr'><strong>κη</strong></span> <span class='ocrx_word' id='word_1_16' title='bbox 1919 534 2209 582; x_wconf 61' lang='lat' dir='ltr'><strong>aeternum.</strong></span> <span class='ocrx_word' id='word_1_17' title='bbox 2259 523 2397 590; x_wconf 86' lang='lat' dir='ltr'><strong>Quis</strong></span> <span class='ocrx_word' id='word_1_18' title='bbox 2450 521 2726 593; x_wconf 85' lang='lat' dir='ltr'><strong>prudens?</strong></span> <span class='ocrx_word' id='word_1_19' title='bbox 2773 522 2899 593; x_wconf 82' lang='lat' dir='ltr'><strong>quis</strong></span> <span class='ocrx_word' id='word_1_20' title='bbox 2960 521 3236 592; x_wconf 74' lang='lat' dir='ltr'><strong>sapiens?</strong></span> <span class='ocrx_word' id='word_1_21' title='bbox 3274 525 3399 594; x_wconf 82' lang='lat' dir='ltr'><strong>quis</strong></span> 
     </span>
    </p>
   </div>
   <div class='ocr_carea' id='block_1_6' title="bbox 118 612 1723 692">
    <p class='ocr_par' dir='ltr' id='par_1_6' title="bbox 118 612 1723 692">
     <span class='ocr_line' id='line_1_6' title="bbox 118 612 1723 692; baseline -0.004 -13"><span class='ocrx_word' id='word_1_22' title='bbox 118 624 293 689; x_wconf 82' lang='grc' dir='ltr'>καλὸς</span> <span class='ocrx_word' id='word_1_23' title='bbox 352 619 819 692; x_wconf 80' lang='grc' dir='ltr'><strong>πραγματευτὴς,</strong></span> <span class='ocrx_word' id='word_1_24' title='bbox 887 617 1076 672; x_wconf 90' lang='grc' dir='ltr'>δοῦναι</span> <span class='ocrx_word' id='word_1_25' title='bbox 1150 612 1293 688; x_wconf 78' lang='grc' dir='ltr'>αἷμα</span> <span class='ocrx_word' id='word_1_26' title='bbox 1355 619 1450 672; x_wconf 76' lang='grc' dir='ltr'><strong>καὶ</strong></span> <span class='ocrx_word' id='word_1_27' title='bbox 1524 616 1723 672; x_wconf 81' lang='grc' dir='ltr'>λαϐεῖν</span> 
     </span>
    </p>
   </div>
   <div class='ocr_carea' id='block_1_7' title="bbox 119 709 1716 787">
    <p class='ocr_par' dir='ltr' id='par_1_7' title="bbox 119 709 1716 787">
     <span class='ocr_line' id='line_1_7' title="bbox 119 709 1716 787; baseline -0.006 -16"><span class='ocrx_word' id='word_1_28' title='bbox 119 718 378 787; x_wconf 87' lang='grc' dir='ltr'>πνεῦμα·</span> <span class='ocrx_word' id='word_1_29' title='bbox 409 715 828 784; x_wconf 82' lang='grc' dir='ltr'><strong>καταφρονῆσαι</strong></span> <span class='ocrx_word' id='word_1_30' title='bbox 873 710 1080 782; x_wconf 84' lang='grc' dir='ltr'>σαρκὸς</span> <span class='ocrx_word' id='word_1_31' title='bbox 1119 713 1217 764; x_wconf 71' lang='grc' dir='ltr'><strong>καὶ</strong></span> <span class='ocrx_word' id='word_1_32' title='bbox 1249 712 1532 780; x_wconf 71' lang='grc' dir='ltr'><strong>ἐπιτυχεῖν</strong></span> <span class='ocrx_word' id='word_1_33' title='bbox 1561 709 1716 781; x_wconf 86' lang='grc' dir='ltr'>βασι-</span> 
     </span>
    </p>
   </div>
   <div class='ocr_carea' id='block_1_8' title="bbox 117 802 1716 874">
    <p class='ocr_par' dir='ltr' id='par_1_8' title="bbox 117 802 1716 874">
     <span class='ocr_line' id='line_1_8' title="bbox 117 802 1716 874; baseline -0.004 -12"><span class='ocrx_word' id='word_1_34' title='bbox 117 810 280 869; x_wconf 80' lang='grc' dir='ltr'>λείας</span> <span class='ocrx_word' id='word_1_35' title='bbox 302 805 470 868; x_wconf 83' lang='grc' dir='ltr'>Θεοῦ;</span> <span class='ocrx_word' id='word_1_36' title='bbox 511 806 565 858; x_wconf 88' lang='lat'><strong>&#39;0</strong></span> <span class='ocrx_word' id='word_1_37' title='bbox 595 803 790 874; x_wconf 70' lang='grc' dir='ltr'>φιλῶν</span> <span class='ocrx_word' id='word_1_38' title='bbox 808 803 924 870; x_wconf 81' lang='grc' dir='ltr'><strong>τὴν</strong></span> <span class='ocrx_word' id='word_1_39' title='bbox 950 803 1165 872; x_wconf 68' lang='grc' dir='ltr'>ψυχὴν</span> <span class='ocrx_word' id='word_1_40' title='bbox 1185 803 1395 866; x_wconf 86' lang='grc' dir='ltr'>αὑτοῦ,</span> <span class='ocrx_word' id='word_1_41' title='bbox 1423 802 1716 857; x_wconf 76' lang='grc' dir='ltr'><strong>ἀπολέσει</strong></span> 
     </span>
    </p>
   </div>
   <div class='ocr_carea' id='block_1_9' title="bbox 120 894 1719 968">
    <p class='ocr_par' dir='ltr' id='par_1_9' title="bbox 120 894 1719 968">
     <span class='ocr_line' id='line_1_9' title="bbox 120 894 1719 968; baseline -0.006 -11"><span class='ocrx_word' id='word_1_42' title='bbox 120 901 329 966; x_wconf 79' lang='grc' dir='ltr'>αὐτὴν</span> <span class='ocrx_word' id='word_1_43' title='bbox 351 939 367 964; x_wconf 87' lang='grc'><strong>,</strong></span> <span class='ocrx_word' id='word_1_44' title='bbox 400 896 556 952; x_wconf 77' lang='grc' dir='ltr'>εἶπεν</span> <span class='ocrx_word' id='word_1_45' title='bbox 602 901 632 952; x_wconf 86' lang='grc' dir='ltr'>ὁ</span> <span class='ocrx_word' id='word_1_46' title='bbox 676 897 901 968; x_wconf 82' lang='grc' dir='ltr'>Κύριος·</span> <span class='ocrx_word' id='word_1_47' title='bbox 927 897 1029 951; x_wconf 84' lang='grc' dir='ltr'>καὶ</span> <span class='ocrx_word' id='word_1_48' title='bbox 1064 899 1097 951; x_wconf 85' lang='grc' dir='ltr'><em>ὁ</em></span> <span class='ocrx_word' id='word_1_49' title='bbox 1125 895 1326 966; x_wconf 77' lang='grc' dir='ltr'>μισῶν</span> <span class='ocrx_word' id='word_1_50' title='bbox 1357 896 1474 964; x_wconf 78' lang='grc' dir='ltr'><strong>τὴν</strong></span> <span class='ocrx_word' id='word_1_51' title='bbox 1502 894 1719 965; x_wconf 68' lang='grc' dir='ltr'>ψυχὴν</span> 
     </span>
    </p>
   </div>
   <div class='ocr_carea' id='block_1_10' title="bbox 119 985 1719 1057">
    <p class='ocr_par' dir='ltr' id='par_1_10' title="bbox 119 985 1719 1057">
     <span class='ocr_line' id='line_1_10' title="bbox 119 985 1719 1057; baseline -0.004 -10"><span class='ocrx_word' id='word_1_52' title='bbox 119 991 320 1047; x_wconf 81' lang='grc' dir='ltr'>αὑτοῦ</span> <span class='ocrx_word' id='word_1_53' title='bbox 345 992 414 1046; x_wconf 85' lang='grc' dir='ltr'><strong>ὲν</strong></span> <span class='ocrx_word' id='word_1_54' title='bbox 441 989 522 1056; x_wconf 83' lang='grc' dir='ltr'>τῷ</span> <span class='ocrx_word' id='word_1_55' title='bbox 549 988 717 1044; x_wconf 76' lang='grc' dir='ltr'>αίῶνι</span> <span class='ocrx_word' id='word_1_56' title='bbox 738 991 948 1055; x_wconf 84' lang='grc' dir='ltr'>τούτῳ,</span> <span class='ocrx_word' id='word_1_57' title='bbox 974 990 1063 1055; x_wconf 80' lang='grc' dir='ltr'><strong>εἰς</strong></span> <span class='ocrx_word' id='word_1_58' title='bbox 1084 987 1240 1055; x_wconf 78' lang='grc' dir='ltr'><strong>ζωὴν</strong></span> <span class='ocrx_word' id='word_1_59' title='bbox 1265 987 1509 1042; x_wconf 73' lang='grc' dir='ltr'>αἰώνιον</span> <span class='ocrx_word' id='word_1_60' title='bbox 1527 985 1719 1057; x_wconf 77' lang='grc' dir='ltr'>φυλά-</span> 
     </span>
    </p>
   </div>
   <div class='ocr_carea' id='block_1_11' title="bbox 121 1080 1720 1152">
    <p class='ocr_par' dir='ltr' id='par_1_11' title="bbox 121 1080 1720 1152">
     <span class='ocr_line' id='line_1_11' title="bbox 121 1080 1720 1152; baseline -0.006 -12"><span class='ocrx_word' id='word_1_61' title='bbox 121 1088 222 1152; x_wconf 75' lang='grc' dir='ltr'><strong>ξει</strong></span> <span class='ocrx_word' id='word_1_62' title='bbox 248 1084 465 1152; x_wconf 74' lang='grc' dir='ltr'>αὐτὴν.</span> <span class='ocrx_word' id='word_1_63' title='bbox 514 1081 929 1152; x_wconf 77' lang='grc' dir='ltr'>Ῥνωτισθῶμεν</span> <span class='ocrx_word' id='word_1_64' title='bbox 960 1084 1088 1145; x_wconf 79' lang='grc' dir='ltr'>τοὺς</span> <span class='ocrx_word' id='word_1_65' title='bbox 1122 1081 1316 1150; x_wconf 82' lang='grc' dir='ltr'>λόγους</span> <span class='ocrx_word' id='word_1_66' title='bbox 1346 1080 1514 1134; x_wconf 83' lang='grc' dir='ltr'>αὑτοῦ</span> <span class='ocrx_word' id='word_1_67' title='bbox 1543 1095 1557 1109; x_wconf 79' lang='grc'><strong>⁸</strong></span> <span class='ocrx_word' id='word_1_68' title='bbox 1590 1081 1720 1133; x_wconf 81' lang='grc' dir='ltr'>ἀκο-</span> 
     </span>
    </p>
   </div>
   <div class='ocr_carea' id='block_1_12' title="bbox 122 1168 1720 1245">
    <p class='ocr_par' dir='ltr' id='par_1_12' title="bbox 122 1168 1720 1245">
     <span class='ocr_line' id='line_1_12' title="bbox 122 1168 1720 1245; baseline -0.004 -18"><span class='ocrx_word' id='word_1_69' title='bbox 122 1176 489 1245; x_wconf 81' lang='grc' dir='ltr'>λουθήσωμεν</span> <span class='ocrx_word' id='word_1_70' title='bbox 508 1171 678 1242; x_wconf 80' lang='grc' dir='ltr'>αὐτῷ.</span> <span class='ocrx_word' id='word_1_71' title='bbox 708 1173 900 1226; x_wconf 80' lang='grc' dir='ltr'>Ὅπου</span> <span class='ocrx_word' id='word_1_72' title='bbox 923 1170 1038 1241; x_wconf 76' lang='grc' dir='ltr'><strong>ἐγώ</strong></span> <span class='ocrx_word' id='word_1_73' title='bbox 1061 1173 1203 1240; x_wconf 81' lang='grc' dir='ltr'>ειμι,</span> <span class='ocrx_word' id='word_1_74' title='bbox 1233 1170 1392 1241; x_wconf 77' lang='grc' dir='ltr'>φησὶ,</span> <span class='ocrx_word' id='word_1_75' title='bbox 1410 1168 1720 1224; x_wconf 80' lang='grc' dir='ltr'>ὲκεῖἕσται</span> 
     </span>
    </p>
   </div>
   <div class='ocr_carea' id='block_1_13' title="bbox 122 1258 1706 1332">
    <p class='ocr_par' dir='ltr' id='par_1_13' title="bbox 122 1258 1706 1332">
     <span class='ocr_line' id='line_1_13' title="bbox 122 1258 1706 1332; baseline -0.006 -12"><span class='ocrx_word' id='word_1_76' title='bbox 122 1266 231 1320; x_wconf 76' lang='grc' dir='ltr'><strong>καί</strong></span> <span class='ocrx_word' id='word_1_77' title='bbox 265 1269 298 1318; x_wconf 89' lang='grc' dir='ltr'><strong>ό</strong></span> <span class='ocrx_word' id='word_1_78' title='bbox 325 1264 606 1330; x_wconf 75' lang='grc' dir='ltr'>διάκονος</span> <span class='ocrx_word' id='word_1_79' title='bbox 633 1265 665 1318; x_wconf 83' lang='grc' dir='ltr'><strong>ό</strong></span> <span class='ocrx_word' id='word_1_80' title='bbox 693 1263 857 1332; x_wconf 76' lang='grc' dir='ltr'>ἐμός.</span> <span class='ocrx_word' id='word_1_81' title='bbox 876 1262 986 1314; x_wconf 84' lang='grc' dir='ltr'>Ποῦ</span> <span class='ocrx_word' id='word_1_82' title='bbox 1005 1262 1248 1327; x_wconf 82' lang='grc' dir='ltr'>ἐκεῖνος;</span> <span class='ocrx_word' id='word_1_83' title='bbox 1281 1261 1409 1314; x_wconf 76' lang='grc' dir='ltr'><strong>Ἐπὶ</strong></span> <span class='ocrx_word' id='word_1_84' title='bbox 1445 1258 1706 1330; x_wconf 72' lang='grc' dir='ltr'>σταυροῦο</span> 
     </span>
    </p>
   </div>
   <div class='ocr_carea' id='block_1_14' title="bbox 121 1351 1715 1428">
    <p class='ocr_par' dir='ltr' id='par_1_14' title="bbox 121 1351 1715 1428">
     <span class='ocr_line' id='line_1_14' title="bbox 121 1351 1715 1428; baseline -0.006 -16"><span class='ocrx_word' id='word_1_85' title='bbox 121 1360 228 1413; x_wconf 78' lang='grc' dir='ltr'><strong>καὶ</strong></span> <span class='ocrx_word' id='word_1_86' title='bbox 258 1358 422 1428; x_wconf 84' lang='grc' dir='ltr'>ήμείς</span> <span class='ocrx_word' id='word_1_87' title='bbox 448 1358 498 1410; x_wconf 84' lang='lat' dir='ltr'><strong>oi</strong></span> <span class='ocrx_word' id='word_1_88' title='bbox 528 1356 798 1418; x_wconf 79' lang='grc' dir='ltr'>ταπεινοὶ,</span> <span class='ocrx_word' id='word_1_89' title='bbox 834 1354 912 1417; x_wconf 87' lang='grc' dir='ltr'>ὼς</span> <span class='ocrx_word' id='word_1_90' title='bbox 949 1352 1325 1424; x_wconf 88' lang='grc' dir='ltr'>μαθητιῶντες</span> <span class='ocrx_word' id='word_1_91' title='bbox 1361 1351 1534 1421; x_wconf 79' lang='grc' dir='ltr'><strong>ᾶύτῷ,</strong></span> <span class='ocrx_word' id='word_1_92' title='bbox 1576 1351 1715 1404; x_wconf 84' lang='grc' dir='ltr'>ἐκεῖ.</span> 
     </span>
    </p>
   </div>
   <div class='ocr_carea' id='block_1_15' title="bbox 123 1442 1719 1522">
    <p class='ocr_par' dir='ltr' id='par_1_15' title="bbox 123 1442 1719 1522">
     <span class='ocr_line' id='line_1_15' title="bbox 123 1442 1719 1522; baseline -0.008 -16"><span class='ocrx_word' id='word_1_93' title='bbox 123 1449 447 1522; x_wconf 85' lang='grc' dir='ltr'>Παρακαλῶ</span> <span class='ocrx_word' id='word_1_94' title='bbox 485 1450 632 1519; x_wconf 83' lang='grc' dir='ltr'>ὑμᾶς</span> <span class='ocrx_word' id='word_1_95' title='bbox 659 1447 954 1516; x_wconf 85' lang='grc' dir='ltr'>ἀνέχεσθαι</span> <span class='ocrx_word' id='word_1_96' title='bbox 982 1443 1078 1498; x_wconf 89' lang='grc' dir='ltr'><strong>τοῦ</strong></span> <span class='ocrx_word' id='word_1_97' title='bbox 1108 1445 1270 1513; x_wconf 82' lang='grc' dir='ltr'><strong>λόγου</strong></span> <span class='ocrx_word' id='word_1_98' title='bbox 1297 1444 1400 1514; x_wconf 82' lang='grc' dir='ltr'>τῆς</span> <span class='ocrx_word' id='word_1_99' title='bbox 1430 1442 1719 1514; x_wconf 83' lang='grc' dir='ltr'>παρακλή-</span> 
     </span>
    </p>
   </div>
   <div class='ocr_carea' id='block_1_16' title="bbox 123 1534 1722 1611">
    <p class='ocr_par' dir='ltr' id='par_1_16' title="bbox 123 1534 1722 1611">
     <span class='ocr_line' id='line_1_16' title="bbox 123 1534 1722 1611; baseline -0.006 -15"><span class='ocrx_word' id='word_1_100' title='bbox 123 1559 294 1606; x_wconf 80' lang='grc' dir='ltr'>σεως.</span> <span class='ocrx_word' id='word_1_101' title='bbox 327 1542 436 1595; x_wconf 76' lang='grc' dir='ltr'><strong>Καὶ</strong></span> <span class='ocrx_word' id='word_1_102' title='bbox 463 1541 575 1611; x_wconf 85' lang='grc' dir='ltr'>γὰρ</span> <span class='ocrx_word' id='word_1_103' title='bbox 611 1539 700 1592; x_wconf 85' lang='grc' dir='ltr'>διὰ</span> <span class='ocrx_word' id='word_1_104' title='bbox 740 1537 988 1608; x_wconf 76' lang='grc' dir='ltr'>βραχέων</span> <span class='ocrx_word' id='word_1_105' title='bbox 1027 1537 1062 1607; x_wconf 77' lang='grc' dir='ltr'>ἡ</span> <span class='ocrx_word' id='word_1_106' title='bbox 1097 1536 1381 1606; x_wconf 86' lang='grc' dir='ltr'>ἐπιστολή.</span> <span class='ocrx_word' id='word_1_107' title='bbox 1413 1534 1722 1588; x_wconf 76' lang='grc' dir='ltr'><strong>Γινώσκετε</strong></span> 
     </span>
    </p>
   </div>
   <div class='ocr_carea' id='block_1_17' title="bbox 122 1616 1719 1704">
    <p class='ocr_par' dir='ltr' id='par_1_17' title="bbox 122 1616 1719 1704">
     <span class='ocr_line' id='line_1_17' title="bbox 122 1616 1719 1704; baseline -0.008 -17"><span class='ocrx_word' id='word_1_108' title='bbox 122 1635 281 1704; x_wconf 78' lang='grc' dir='ltr'>ἡμᾶς</span> <span class='ocrx_word' id='word_1_109' title='bbox 312 1633 439 1694; x_wconf 79' lang='grc' dir='ltr'>τοὺς</span> <span class='ocrx_word' id='word_1_110' title='bbox 474 1616 838 1701; x_wconf 74' lang='grc' dir='ltr'>ἁμαρτωλοὺς</span> <span class='ocrx_word' id='word_1_111' title='bbox 889 1627 1125 1699; x_wconf 78' lang='grc' dir='ltr'><strong>χαίρειν,</strong></span> <span class='ocrx_word' id='word_1_112' title='bbox 1161 1627 1277 1682; x_wconf 80' lang='grc' dir='ltr'>ἀλλ’</span> <span class='ocrx_word' id='word_1_113' title='bbox 1318 1627 1432 1682; x_wconf 80' lang='grc' dir='ltr'>οὐκ,</span> <span class='ocrx_word' id='word_1_114' title='bbox 1463 1625 1719 1695; x_wconf 84' lang='grc' dir='ltr'>ἀθυμεῖν,</span> 
     </span>
    </p>
   </div>
   <div class='ocr_carea' id='block_1_18' title="bbox 121 1717 1720 1792">
    <p class='ocr_par' dir='ltr' id='par_1_18' title="bbox 121 1717 1720 1792">
     <span class='ocr_line' id='line_1_18' title="bbox 121 1717 1720 1792; baseline -0.005 -15"><span class='ocrx_word' id='word_1_115' title='bbox 121 1725 237 1788; x_wconf 72' lang='grc' dir='ltr'>ἕως</span> <span class='ocrx_word' id='word_1_116' title='bbox 270 1724 338 1777; x_wconf 81' lang='grc' dir='ltr'>ἂν</span> <span class='ocrx_word' id='word_1_117' title='bbox 374 1724 534 1792; x_wconf 77' lang='grc' dir='ltr'>ὑμεῖς</span> <span class='ocrx_word' id='word_1_118' title='bbox 565 1722 726 1791; x_wconf 91' lang='grc' dir='ltr'>μόνον</span> <span class='ocrx_word' id='word_1_119' title='bbox 759 1721 997 1791; x_wconf 81' lang='grc' dir='ltr'><strong>στήκετε</strong></span> <span class='ocrx_word' id='word_1_120' title='bbox 1035 1720 1095 1772; x_wconf 79' lang='grc' dir='ltr'><strong>ἐν</strong></span> <span class='ocrx_word' id='word_1_121' title='bbox 1125 1719 1340 1790; x_wconf 84' lang='grc' dir='ltr'><strong>Κυρίῳ.</strong></span> <span class='ocrx_word' id='word_1_122' title='bbox 1384 1717 1720 1783; x_wconf 74' lang='grc' dir='ltr'>Ἀσπάζεται</span> 
     </span>
    </p>
   </div>
   <div class='ocr_carea' id='block_1_19' title="bbox 121 1809 1720 1886">
    <p class='ocr_par' dir='ltr' id='par_1_19' title="bbox 121 1809 1720 1886">
     <span class='ocr_line' id='line_1_19' title="bbox 121 1809 1720 1886; baseline -0.006 -16"><span class='ocrx_word' id='word_1_123' title='bbox 121 1817 277 1886; x_wconf 76' lang='grc' dir='ltr'>ὑμᾶς</span> <span class='ocrx_word' id='word_1_124' title='bbox 335 1814 603 1877; x_wconf 83' lang='grc' dir='ltr'><strong>Νικόλαος</strong></span> <span class='ocrx_word' id='word_1_125' title='bbox 646 1815 676 1867; x_wconf 81' lang='grc' dir='ltr'><strong>ό</strong></span> <span class='ocrx_word' id='word_1_126' title='bbox 731 1812 1087 1882; x_wconf 82' lang='grc' dir='ltr'><strong>σύγκλειστος</strong></span> <span class='ocrx_word' id='word_1_127' title='bbox 1143 1812 1239 1864; x_wconf 82' lang='grc' dir='ltr'>καὶ</span> <span class='ocrx_word' id='word_1_128' title='bbox 1287 1809 1570 1878; x_wconf 84' lang='grc' dir='ltr'>,σύμπονος</span> <span class='ocrx_word' id='word_1_129' title='bbox 1625 1809 1720 1862; x_wconf 79' lang='grc' dir='ltr'><strong>καὶ</strong></span> 
     </span>
    </p>
   </div>
   <div class='ocr_carea' id='block_1_20' title="bbox 125 1886 1794 1977">
    <p class='ocr_par' dir='ltr' id='par_1_20' title="bbox 125 1886 1794 1977">
     <span class='ocr_line' id='line_1_20' title="bbox 125 1886 1794 1977; baseline -0.002 -17"><span class='ocrx_word' id='word_1_130' title='bbox 125 1907 546 1977; x_wconf 80' lang='grc' dir='ltr'><strong>συστρατιώτης</strong></span> <span class='ocrx_word' id='word_1_131' title='bbox 598 1922 721 1976; x_wconf 90' lang='grc' dir='ltr'>μου,</span> <span class='ocrx_word' id='word_1_132' title='bbox 767 1904 924 1976; x_wconf 80' lang='grc' dir='ltr'>ὑμῶν</span> <span class='ocrx_word' id='word_1_133' title='bbox 956 1906 1014 1960; x_wconf 83' lang='grc' dir='ltr'>δὲ</span> <span class='ocrx_word' id='word_1_134' title='bbox 1058 1903 1292 1972; x_wconf 82' lang='grc' dir='ltr'>ἀδελφὸς</span> <span class='ocrx_word' id='word_1_135' title='bbox 1324 1901 1716 1972; x_wconf 79' lang='grc' dir='ltr'><strong>ἀληθέστατος.</strong></span> <span class='ocrx_word' id='word_1_136' title='bbox 1752 1886 1794 1941; x_wconf 75' lang='grc' dir='ltr'>Β</span> 
     </span>
    </p>
   </div>
   <div class='ocr_carea' id='block_1_21' title="bbox 137 1993 1720 2069">
    <p class='ocr_par' dir='ltr' id='par_1_21' title="bbox 137 1993 1720 2069">
     <span class='ocr_line' id='line_1_21' title="bbox 137 1993 1720 2069; baseline -0.006 -15"><span class='ocrx_word' id='word_1_137' title='bbox 137 1998 493 2054; x_wconf 78' lang='grc' dir='ltr'><strong>Ἀσπάσασθε</strong></span> <span class='ocrx_word' id='word_1_138' title='bbox 534 1997 800 2069; x_wconf 79' lang='grc' dir='ltr'><strong>ἀλλήλους</strong></span> <span class='ocrx_word' id='word_1_139' title='bbox 836 1999 898 2050; x_wconf 83' lang='grc' dir='ltr'><strong>ἐν</strong></span> <span class='ocrx_word' id='word_1_140' title='bbox 950 1997 1222 2067; x_wconf 84' lang='grc' dir='ltr'>φιλήματι</span> <span class='ocrx_word' id='word_1_141' title='bbox 1260 1994 1402 2066; x_wconf 83' lang='grc' dir='ltr'>ἁγίῳ</span> <span class='ocrx_word' id='word_1_142' title='bbox 1425 2033 1440 2057; x_wconf 84' lang='grc'><strong>,</strong></span> <span class='ocrx_word' id='word_1_143' title='bbox 1472 1994 1523 2046; x_wconf 79' lang='lat' dir='ltr'><strong>oi.</strong></span> <span class='ocrx_word' id='word_1_144' title='bbox 1550 1993 1720 2063; x_wconf 86' lang='grc' dir='ltr'>ἀθλη-</span> 
     </span>
    </p>
   </div>
   <div class='ocr_carea' id='block_1_22' title="bbox 122 2083 1721 2159">
    <p class='ocr_par' dir='ltr' id='par_1_22' title="bbox 122 2083 1721 2159">
     <span class='ocr_line' id='line_1_22' title="bbox 122 2083 1721 2159; baseline -0.006 -14"><span class='ocrx_word' id='word_1_145' title='bbox 122 2092 221 2145; x_wconf 71' lang='grc' dir='ltr'>ταὶ</span> <span class='ocrx_word' id='word_1_146' title='bbox 257 2091 389 2152; x_wconf 77' lang='grc' dir='ltr'>τοὺς</span> <span class='ocrx_word' id='word_1_147' title='bbox 418 2089 782 2159; x_wconf 82' lang='grc' dir='ltr'>συναθλητάς.</span> <span class='ocrx_word' id='word_1_148' title='bbox 811 2090 862 2143; x_wconf 78' lang='lat' dir='ltr'><strong>oi</strong></span> <span class='ocrx_word' id='word_1_149' title='bbox 885 2089 1242 2158; x_wconf 81' lang='grc' dir='ltr'>δεδιωγμένοι</span> <span class='ocrx_word' id='word_1_150' title='bbox 1263 2088 1390 2152; x_wconf 80' lang='grc' dir='ltr'>τοὺς</span> <span class='ocrx_word' id='word_1_151' title='bbox 1416 2083 1721 2155; x_wconf 57' lang='grc' dir='ltr'><strong>δεδιωγμέὃ</strong></span> 
     </span>
    </p>
   </div>
   <div class='ocr_carea' id='block_1_23' title="bbox 122 2172 1728 2250">
    <p class='ocr_par' dir='ltr' id='par_1_23' title="bbox 122 2172 1728 2250">
     <span class='ocr_line' id='line_1_23' title="bbox 122 2172 1728 2250; baseline -0.006 -14"><span class='ocrx_word' id='word_1_152' title='bbox 122 2199 277 2246; x_wconf 80' lang='grc' dir='ltr'>νους’</span> <span class='ocrx_word' id='word_1_153' title='bbox 309 2183 358 2236; x_wconf 91' lang='grc' dir='ltr'><strong>οί</strong></span> <span class='ocrx_word' id='word_1_154' title='bbox 400 2182 602 2244; x_wconf 87' lang='grc' dir='ltr'>πάντες</span> <span class='ocrx_word' id='word_1_155' title='bbox 644 2181 774 2244; x_wconf 79' lang='grc' dir='ltr'>τοὺς</span> <span class='ocrx_word' id='word_1_156' title='bbox 824 2179 1118 2249; x_wconf 81' lang='grc' dir='ltr'>φιλοῦντας</span> <span class='ocrx_word' id='word_1_157' title='bbox 1147 2180 1293 2250; x_wconf 77' lang='grc' dir='ltr'>ὑμᾶς</span> <span class='ocrx_word' id='word_1_158' title='bbox 1326 2179 1385 2232; x_wconf 86' lang='grc' dir='ltr'><strong>ἐν</strong></span> <span class='ocrx_word' id='word_1_159' title='bbox 1417 2177 1622 2230; x_wconf 79' lang='grc' dir='ltr'><strong>πίστει.</strong></span> <span class='ocrx_word' id='word_1_160' title='bbox 1658 2172 1728 2228; x_wconf 68' lang='lat' dir='ltr'><strong>El</strong></span> 
     </span>
    </p>
   </div>
   <div class='ocr_carea' id='block_1_24' title="bbox 123 2264 1723 2342">
    <p class='ocr_par' dir='ltr' id='par_1_24' title="bbox 123 2264 1723 2342">
     <span class='ocr_line' id='line_1_24' title="bbox 123 2264 1723 2342; baseline -0.005 -16"><span class='ocrx_word' id='word_1_161' title='bbox 123 2291 212 2337; x_wconf 87' lang='grc' dir='ltr'><strong>τις</strong></span> <span class='ocrx_word' id='word_1_162' title='bbox 243 2272 347 2342; x_wconf 83' lang='grc' dir='ltr'>οὐχ</span> <span class='ocrx_word' id='word_1_163' title='bbox 377 2269 632 2342; x_wconf 79' lang='grc' dir='ltr'>ὁμολογεῖ</span> <span class='ocrx_word' id='word_1_164' title='bbox 673 2272 768 2324; x_wconf 85' lang='grc' dir='ltr'>τὸν</span> <span class='ocrx_word' id='word_1_165' title='bbox 802 2271 1009 2341; x_wconf 82' lang='grc' dir='ltr'>Κύριον</span> <span class='ocrx_word' id='word_1_166' title='bbox 1034 2269 1196 2340; x_wconf 85' lang='grc' dir='ltr'>ὴμῶν</span> <span class='ocrx_word' id='word_1_167' title='bbox 1238 2267 1449 2339; x_wconf 80' lang='grc' dir='ltr'>Ἰησοῦν</span> <span class='ocrx_word' id='word_1_168' title='bbox 1483 2264 1723 2337; x_wconf 76' lang='grc' dir='ltr'>Χριστὸν</span> 
     </span>
    </p>
   </div>
   <div class='ocr_carea' id='block_1_25' title="bbox 124 2358 1726 2438">
    <p class='ocr_par' dir='ltr' id='par_1_25' title="bbox 124 2358 1726 2438">
     <span class='ocr_line' id='line_1_25' title="bbox 124 2358 1726 2438; baseline -0.004 -19"><span class='ocrx_word' id='word_1_169' title='bbox 124 2366 555 2438; x_wconf 78' lang='grc' dir='ltr'>ἐγγραφόμενον</span> <span class='ocrx_word' id='word_1_170' title='bbox 588 2364 826 2435; x_wconf 84' lang='grc' dir='ltr'>σώματι,</span> <span class='ocrx_word' id='word_1_171' title='bbox 868 2364 984 2434; x_wconf 70' lang='grc' dir='ltr'>ἤτω</span> <span class='ocrx_word' id='word_1_172' title='bbox 1014 2361 1268 2432; x_wconf 83' lang='grc' dir='ltr'>ἀνάθεμα</span> <span class='ocrx_word' id='word_1_173' title='bbox 1296 2360 1404 2414; x_wconf 82' lang='grc' dir='ltr'>ἀπὸ</span> <span class='ocrx_word' id='word_1_174' title='bbox 1425 2360 1529 2429; x_wconf 83' lang='grc' dir='ltr'>τῆς</span> <span class='ocrx_word' id='word_1_175' title='bbox 1556 2358 1726 2429; x_wconf 87' lang='grc' dir='ltr'>Τριά-</span> 
     </span>
    </p>
   </div>
   <div class='ocr_carea' id='block_1_26' title="bbox 123 2449 1724 2526">
    <p class='ocr_par' dir='ltr' id='par_1_26' title="bbox 123 2449 1724 2526">
     <span class='ocr_line' id='line_1_26' title="bbox 123 2449 1724 2526; baseline -0.004 -14"><span class='ocrx_word' id='word_1_176' title='bbox 123 2457 239 2519; x_wconf 82' lang='grc' dir='ltr'>δος.</span> <span class='ocrx_word' id='word_1_177' title='bbox 285 2457 360 2512; x_wconf 86' lang='grc' dir='ltr'><strong>Ἦ</strong></span> <span class='ocrx_word' id='word_1_178' title='bbox 400 2457 571 2526; x_wconf 78' lang='grc' dir='ltr'>χάρις</span> <span class='ocrx_word' id='word_1_179' title='bbox 617 2455 726 2510; x_wconf 82' lang='grc' dir='ltr'><strong>τοῦ</strong></span> <span class='ocrx_word' id='word_1_180' title='bbox 763 2455 985 2523; x_wconf 81' lang='grc' dir='ltr'>Κυρίου</span> <span class='ocrx_word' id='word_1_181' title='bbox 1017 2451 1189 2523; x_wconf 74' lang='grc' dir='ltr'>ἡμῶν</span> <span class='ocrx_word' id='word_1_182' title='bbox 1229 2451 1435 2519; x_wconf 85' lang='grc' dir='ltr'>Ἰησοῦ</span> <span class='ocrx_word' id='word_1_183' title='bbox 1464 2449 1724 2520; x_wconf 83' lang='grc' dir='ltr'>Χριστοῦ</span> 
     </span>
    </p>
   </div>
   <div class='ocr_carea' id='block_1_27' title="bbox 120 2544 739 2617">
    <p class='ocr_par' dir='ltr' id='par_1_27' title="bbox 120 2544 739 2617">
     <span class='ocr_line' id='line_1_27' title="bbox 120 2544 739 2617; baseline -0.005 -14"><span class='ocrx_word' id='word_1_184' title='bbox 120 2547 259 2616; x_wconf 77' lang='grc' dir='ltr'>μεθ’</span> <span class='ocrx_word' id='word_1_185' title='bbox 287 2546 482 2617; x_wconf 82' lang='grc' dir='ltr'>ὑμῶν.</span> <span class='ocrx_word' id='word_1_186' title='bbox 526 2544 739 2615; x_wconf 79' lang='grc' dir='ltr'>Ἀμήν.</span> 
     </span>
    </p>
   </div>
   <div class='ocr_carea' id='block_1_28' title="bbox 424 2655 1509 2730">
    <p class='ocr_par' dir='ltr' id='par_1_28' title="bbox 424 2655 1509 2730">
     <span class='ocr_line' id='line_1_28' title="bbox 424 2655 1509 2730; baseline -0.002 -16"><span class='ocrx_word' id='word_1_187' title='bbox 424 2659 548 2715; x_wconf 78' lang='lat' dir='ltr'><strong>AO’.</strong></span> <span class='ocrx_word' id='word_1_188' title='bbox 589 2688 661 2701; x_wconf 92' lang='lat'><strong>—</strong></span> <span class='ocrx_word' id='word_1_189' title='bbox 709 2659 1034 2724; x_wconf 77' lang='grc' dir='ltr'>Ἀθανασιῳ</span> <span class='ocrx_word' id='word_1_190' title='bbox 1079 2657 1290 2723; x_wconf 82' lang='grc' dir='ltr'>τέκνῳ.</span> <span class='ocrx_word' id='word_1_191' title='bbox 1336 2655 1509 2730; x_wconf 68' lang='grc' dir='ltr'>ίτιβ’.]</span> 
     </span>
    </p>
   </div>
   <div class='ocr_carea' id='block_1_29' title="bbox 1816 617 3398 688">
    <p class='ocr_par' dir='ltr' id='par_1_29' title="bbox 1816 617 3398 688">
     <span class='ocr_line' id='line_1_29' title="bbox 1816 617 3398 688; baseline -0.001 -16"><span class='ocrx_word' id='word_1_192' title='bbox 1816 618 1996 673; x_wconf 89' lang='lat' dir='ltr'><strong>bonus</strong></span> <span class='ocrx_word' id='word_1_193' title='bbox 2045 619 2378 688; x_wconf 72' lang='lat' dir='ltr'><strong>negotiator,</strong></span> <span class='ocrx_word' id='word_1_194' title='bbox 2425 626 2485 671; x_wconf 92' lang='lat' dir='ltr'><strong>ut</strong></span> <span class='ocrx_word' id='word_1_195' title='bbox 2523 617 2616 672; x_wconf 90' lang='lat' dir='ltr'><strong>det</strong></span> <span class='ocrx_word' id='word_1_196' title='bbox 2657 617 2984 687; x_wconf 89' lang='lat' dir='ltr'><strong>sanguinem</strong></span> <span class='ocrx_word' id='word_1_197' title='bbox 3035 623 3092 670; x_wconf 89' lang='lat' dir='ltr'><strong>et</strong></span> <span class='ocrx_word' id='word_1_198' title='bbox 3137 617 3398 686; x_wconf 88' lang='lat' dir='ltr'><strong>spiritum</strong></span> 
     </span>
    </p>
   </div>
   <div class='ocr_carea' id='block_1_30' title="bbox 1817 707 3400 780">
    <p class='ocr_par' dir='ltr' id='par_1_30' title="bbox 1817 707 3400 780">
     <span class='ocr_line' id='line_1_30' title="bbox 1817 707 3400 780; baseline -0.003 -16"><span class='ocrx_word' id='word_1_199' title='bbox 1817 710 2052 780; x_wconf 86' lang='lat' dir='ltr'><strong>accipiat</strong></span> <span class='ocrx_word' id='word_1_200' title='bbox 2083 728 2097 764; x_wconf 89' lang='lat'><strong>:</strong></span> <span class='ocrx_word' id='word_1_201' title='bbox 2128 724 2351 764; x_wconf 89' lang='lat' dir='ltr'><strong>carnem</strong></span> <span class='ocrx_word' id='word_1_202' title='bbox 2388 716 2738 779; x_wconf 80' lang='lat' dir='ltr'><strong>aspernetur,</strong></span> <span class='ocrx_word' id='word_1_203' title='bbox 2769 717 2824 763; x_wconf 89' lang='lat' dir='ltr'><strong>et</strong></span> <span class='ocrx_word' id='word_1_204' title='bbox 2852 721 3084 778; x_wconf 92' lang='lat' dir='ltr'><strong>regnum</strong></span> <span class='ocrx_word' id='word_1_205' title='bbox 3129 707 3225 762; x_wconf 86' lang='lat' dir='ltr'><strong>Dei</strong></span> <span class='ocrx_word' id='word_1_206' title='bbox 3264 722 3400 763; x_wconf 81' lang='lat' dir='ltr'><strong>con-</strong></span> 
     </span>
    </p>
   </div>
   <div class='ocr_carea' id='block_1_31' title="bbox 1819 796 3402 868">
    <p class='ocr_par' dir='ltr' id='par_1_31' title="bbox 1819 796 3402 868">
     <span class='ocr_line' id='line_1_31' title="bbox 1819 796 3402 868; baseline -0.004 -12"><span class='ocrx_word' id='word_1_207' title='bbox 1819 801 2125 868; x_wconf 84' lang='lat' dir='ltr'><strong>sequatur?</strong></span> <span class='ocrx_word' id='word_1_208' title='bbox 2157 799 2262 866; x_wconf 83' lang='lat' dir='ltr'><strong>Qui</strong></span> <span class='ocrx_word' id='word_1_209' title='bbox 2289 808 2435 854; x_wconf 89' lang='lat' dir='ltr'><strong>amat</strong></span> <span class='ocrx_word' id='word_1_210' title='bbox 2481 801 2717 852; x_wconf 85' lang='lat' dir='ltr'><strong>animam</strong></span> <span class='ocrx_word' id='word_1_211' title='bbox 2752 815 2924 865; x_wconf 86' lang='lat' dir='ltr'><strong>suam,</strong></span> <span class='ocrx_word' id='word_1_212' title='bbox 2947 797 3127 868; x_wconf 78' lang='lat' dir='ltr'><strong>perdet</strong></span> <span class='ocrx_word' id='word_1_213' title='bbox 3155 813 3295 860; x_wconf 83' lang='lat' dir='ltr'><strong>eam,</strong></span> <span class='ocrx_word' id='word_1_214' title='bbox 3323 796 3402 850; x_wconf 89' lang='lat' dir='ltr'><strong>ait</strong></span> 
     </span>
    </p>
   </div>
   <div class='ocr_carea' id='block_1_32' title="bbox 1818 887 3400 961">
    <p class='ocr_par' dir='ltr' id='par_1_32' title="bbox 1818 887 3400 961">
     <span class='ocr_line' id='line_1_32' title="bbox 1818 887 3400 961; baseline -0.004 -17"><span class='ocrx_word' id='word_1_215' title='bbox 1818 891 2116 957; x_wconf 83' lang='lat' dir='ltr'><strong>Dominus;</strong></span> <span class='ocrx_word' id='word_1_216' title='bbox 2162 900 2212 944; x_wconf 87' lang='lat' dir='ltr'><strong>et</strong></span> <span class='ocrx_word' id='word_1_217' title='bbox 2243 892 2333 961; x_wconf 85' lang='lat' dir='ltr'><strong>qui</strong></span> <span class='ocrx_word' id='word_1_218' title='bbox 2365 891 2478 945; x_wconf 87' lang='lat' dir='ltr'><strong>odit</strong></span> <span class='ocrx_word' id='word_1_219' title='bbox 2517 889 2754 944; x_wconf 84' lang='lat' dir='ltr'><strong>animam</strong></span> <span class='ocrx_word' id='word_1_220' title='bbox 2782 904 2934 943; x_wconf 82' lang='lat' dir='ltr'><strong>suam</strong></span> <span class='ocrx_word' id='word_1_221' title='bbox 2965 893 3020 942; x_wconf 89' lang='lat' dir='ltr'><strong>in</strong></span> <span class='ocrx_word' id='word_1_222' title='bbox 3048 887 3145 941; x_wconf 70' lang='lat' dir='ltr'><strong>hoc</strong></span> <span class='ocrx_word' id='word_1_223' title='bbox 3181 888 3400 945; x_wconf 79' lang='lat' dir='ltr'><strong>mundo.</strong></span> 
     </span>
    </p>
   </div>
   <div class='ocr_carea' id='block_1_33' title="bbox 1819 979 3404 1037">
    <p class='ocr_par' dir='ltr' id='par_1_33' title="bbox 1819 979 3404 1037">
     <span class='ocr_line' id='line_1_33' title="bbox 1819 979 3404 1037; baseline -0.002 -1"><span class='ocrx_word' id='word_1_224' title='bbox 1819 983 1874 1036; x_wconf 87' lang='lat' dir='ltr'><strong>in</strong></span> <span class='ocrx_word' id='word_1_225' title='bbox 1910 983 2074 1036; x_wconf 83' lang='lat' dir='ltr'><strong>vitam</strong></span> <span class='ocrx_word' id='word_1_226' title='bbox 2100 993 2355 1037; x_wconf 73' lang='lat' dir='ltr'><strong>wternam</strong></span> <span class='ocrx_word' id='word_1_227' title='bbox 2398 982 2655 1035; x_wconf 76' lang='lat' dir='ltr'><strong>custodiet</strong></span> <span class='ocrx_word' id='word_1_228' title='bbox 2685 997 2803 1036; x_wconf 85' lang='lat' dir='ltr'><strong>eam</strong></span> <span class='ocrx_word' id='word_1_229' title='bbox 2827 981 2870 1036; x_wconf 84' lang='lat'><strong>°.</strong></span> <span class='ocrx_word' id='word_1_230' title='bbox 2901 980 3209 1035; x_wconf 79' lang='lat' dir='ltr'><strong>Audiamus</strong></span> <span class='ocrx_word' id='word_1_231' title='bbox 3240 979 3404 1033; x_wconf 90' lang='lat' dir='ltr'><strong>verba</strong></span> 
     </span>
    </p>
   </div>
   <div class='ocr_carea' id='block_1_34' title="bbox 1820 1071 3404 1143">
    <p class='ocr_par' dir='ltr' id='par_1_34' title="bbox 1820 1071 3404 1143">
     <span class='ocr_line' id='line_1_34' title="bbox 1820 1071 3404 1143; baseline -0.003 -15"><span class='ocrx_word' id='word_1_232' title='bbox 1820 1075 1991 1139; x_wconf 89' lang='lat' dir='ltr'><strong>illius,</strong></span> <span class='ocrx_word' id='word_1_233' title='bbox 2053 1083 2107 1128; x_wconf 92' lang='lat' dir='ltr'><strong>et</strong></span> <span class='ocrx_word' id='word_1_234' title='bbox 2153 1089 2454 1143; x_wconf 86' lang='lat' dir='ltr'><strong>sequamur</strong></span> <span class='ocrx_word' id='word_1_235' title='bbox 2506 1088 2675 1127; x_wconf 86' lang='lat' dir='ltr'><strong>eum:</strong></span> <span class='ocrx_word' id='word_1_236' title='bbox 2713 1071 2814 1126; x_wconf 85' lang='lat' dir='ltr'><strong>Ubi</strong></span> <span class='ocrx_word' id='word_1_237' title='bbox 2873 1088 2992 1127; x_wconf 84' lang='lat' dir='ltr'><strong>sum</strong></span> <span class='ocrx_word' id='word_1_238' title='bbox 3042 1087 3157 1141; x_wconf 82' lang='lat' dir='ltr'><strong>ego,</strong></span> <span class='ocrx_word' id='word_1_239' title='bbox 3202 1071 3404 1141; x_wconf 85' lang='lat' dir='ltr'><strong>inquit,</strong></span> 
     </span>
    </p>
   </div>
   <div class='ocr_carea' id='block_1_35' title="bbox 1820 1162 3404 1220">
    <p class='ocr_par' dir='ltr' id='par_1_35' title="bbox 1820 1162 3404 1220">
     <span class='ocr_line' id='line_1_35' title="bbox 1820 1162 3404 1220; baseline -0.003 0"><span class='ocrx_word' id='word_1_240' title='bbox 1820 1167 1936 1220; x_wconf 82' lang='lat' dir='ltr'><strong>illic</strong></span> <span class='ocrx_word' id='word_1_241' title='bbox 1961 1168 2061 1220; x_wconf 83' lang='lat' dir='ltr'><strong>erit</strong></span> <span class='ocrx_word' id='word_1_242' title='bbox 2089 1175 2140 1220; x_wconf 87' lang='lat' dir='ltr'><strong>et</strong></span> <span class='ocrx_word' id='word_1_243' title='bbox 2170 1167 2415 1219; x_wconf 73' lang='lat' dir='ltr'><strong>minister</strong></span> <span class='ocrx_word' id='word_1_244' title='bbox 2439 1178 2585 1218; x_wconf 86' lang='lat' dir='ltr'><strong>meus</strong></span> <span class='ocrx_word' id='word_1_245' title='bbox 2613 1164 2658 1217; x_wconf 88' lang='grc'><strong>⁷.</strong></span> <span class='ocrx_word' id='word_1_246' title='bbox 2695 1162 2934 1219; x_wconf 86' lang='lat' dir='ltr'><strong>Ubinam</strong></span> <span class='ocrx_word' id='word_1_247' title='bbox 2960 1163 3096 1216; x_wconf 87' lang='lat' dir='ltr'><strong>ille?</strong></span> <span class='ocrx_word' id='word_1_248' title='bbox 3133 1163 3190 1216; x_wconf 90' lang='lat' dir='ltr'><strong>in</strong></span> <span class='ocrx_word' id='word_1_249' title='bbox 3215 1176 3404 1217; x_wconf 89' lang='lat' dir='ltr'><strong>cruce.</strong></span> 
     </span>
    </p>
   </div>
   <div class='ocr_carea' id='block_1_36' title="bbox 1821 1254 3403 1326">
    <p class='ocr_par' dir='ltr' id='par_1_36' title="bbox 1821 1254 3403 1326">
     <span class='ocr_line' id='line_1_36' title="bbox 1821 1254 3403 1326; baseline -0.003 -14"><span class='ocrx_word' id='word_1_250' title='bbox 1821 1259 1889 1313; x_wconf 85' lang='lat' dir='ltr'><strong>Et</strong></span> <span class='ocrx_word' id='word_1_251' title='bbox 1918 1275 2020 1314; x_wconf 91' lang='lat' dir='ltr'><strong>nos</strong></span> <span class='ocrx_word' id='word_1_252' title='bbox 2070 1259 2330 1321; x_wconf 85' lang='lat' dir='ltr'><strong>humiles,</strong></span> <span class='ocrx_word' id='word_1_253' title='bbox 2375 1266 2640 1326; x_wconf 86' lang='lat' dir='ltr'><strong>tanquam</strong></span> <span class='ocrx_word' id='word_1_254' title='bbox 2689 1255 2812 1326; x_wconf 84' lang='lat' dir='ltr'><strong>ejus</strong></span> <span class='ocrx_word' id='word_1_255' title='bbox 2843 1254 3130 1325; x_wconf 88' lang='lat' dir='ltr'><strong>discipuli,</strong></span> <span class='ocrx_word' id='word_1_256' title='bbox 3175 1254 3403 1308; x_wconf 85' lang='lat' dir='ltr'><strong>ibidem.</strong></span> 
     </span>
    </p>
   </div>
   <div class='ocr_carea' id='block_1_37' title="bbox 1823 1345 3402 1406">
    <p class='ocr_par' dir='ltr' id='par_1_37' title="bbox 1823 1345 3402 1406">
     <span class='ocr_line' id='line_1_37' title="bbox 1823 1345 3402 1406; baseline -0.004 -2"><span class='ocrx_word' id='word_1_257' title='bbox 1823 1348 2066 1406; x_wconf 84' lang='lat' dir='ltr'><strong>Obsecro</strong></span> <span class='ocrx_word' id='word_1_258' title='bbox 2125 1364 2224 1404; x_wconf 86' lang='lat' dir='ltr'><strong>vos</strong></span> <span class='ocrx_word' id='word_1_259' title='bbox 2267 1358 2329 1403; x_wconf 89' lang='lat' dir='ltr'><strong>ut</strong></span> <span class='ocrx_word' id='word_1_260' title='bbox 2378 1345 2653 1404; x_wconf 71' lang='lat' dir='ltr'><strong>suli‘eratis</strong></span> <span class='ocrx_word' id='word_1_261' title='bbox 2685 1347 2914 1401; x_wconf 88' lang='lat' dir='ltr'><strong>verbum</strong></span> <span class='ocrx_word' id='word_1_262' title='bbox 2953 1345 3354 1400; x_wconf 79' lang='lat' dir='ltr'><strong>exhortationis</strong></span> <span class='ocrx_word' id='word_1_263' title='bbox 3387 1361 3402 1398; x_wconf 90' lang='lat'><strong>:</strong></span> 
     </span>
    </p>
   </div>
   <div class='ocr_carea' id='block_1_38' title="bbox 1820 1437 3406 1510">
    <p class='ocr_par' dir='ltr' id='par_1_38' title="bbox 1820 1437 3406 1510">
     <span class='ocr_line' id='line_1_38' title="bbox 1820 1437 3406 1510; baseline -0.003 -15"><span class='ocrx_word' id='word_1_264' title='bbox 1820 1440 2022 1495; x_wconf 84' lang='lat' dir='ltr'><strong>etenim</strong></span> <span class='ocrx_word' id='word_1_265' title='bbox 2057 1439 2348 1510; x_wconf 84' lang='lat' dir='ltr'><strong>perpaucis</strong></span> <span class='ocrx_word' id='word_1_266' title='bbox 2378 1438 2580 1508; x_wconf 82' lang='lat' dir='ltr'><strong>scripsi</strong></span> <span class='ocrx_word' id='word_1_267' title='bbox 2611 1438 2790 1493; x_wconf 93' lang='lat' dir='ltr'><strong>vobis.</strong></span> <span class='ocrx_word' id='word_1_268' title='bbox 2834 1437 3042 1492; x_wconf 88' lang='lat' dir='ltr'><strong>Scitote</strong></span> <span class='ocrx_word' id='word_1_269' title='bbox 3072 1453 3173 1491; x_wconf 85' lang='lat' dir='ltr'><strong>nos</strong></span> <span class='ocrx_word' id='word_1_270' title='bbox 3214 1451 3406 1506; x_wconf 77' lang='lat' dir='ltr'><strong>pecca-</strong></span> 
     </span>
    </p>
   </div>
   <div class='ocr_carea' id='block_1_39' title="bbox 1821 1533 3406 1605">
    <p class='ocr_par' dir='ltr' id='par_1_39' title="bbox 1821 1533 3406 1605">
     <span class='ocr_line' id='line_1_39' title="bbox 1821 1533 3406 1605; baseline -0.002 -16"><span class='ocrx_word' id='word_1_271' title='bbox 1821 1545 1970 1590; x_wconf 85' lang='lat' dir='ltr'><strong>tores</strong></span> <span class='ocrx_word' id='word_1_272' title='bbox 2003 1535 2260 1605; x_wconf 87' lang='lat' dir='ltr'><strong>gaudere,</strong></span> <span class='ocrx_word' id='word_1_273' title='bbox 2299 1544 2354 1589; x_wconf 92' lang='lat' dir='ltr'><strong>et</strong></span> <span class='ocrx_word' id='word_1_274' title='bbox 2392 1535 2640 1588; x_wconf 89' lang='lat' dir='ltr'><strong>animum</strong></span> <span class='ocrx_word' id='word_1_275' title='bbox 2689 1548 2799 1588; x_wconf 92' lang='lat' dir='ltr'><strong>non</strong></span> <span class='ocrx_word' id='word_1_276' title='bbox 2832 1533 3195 1604; x_wconf 87' lang='lat' dir='ltr'><strong>despondere.</strong></span> <span class='ocrx_word' id='word_1_277' title='bbox 3227 1548 3406 1603; x_wconf 86' lang='lat' dir='ltr'><strong>quan-</strong></span> 
     </span>
    </p>
   </div>
   <div class='ocr_carea' id='block_1_40' title="bbox 1821 1626 3409 1684">
    <p class='ocr_par' dir='ltr' id='par_1_40' title="bbox 1821 1626 3409 1684">
     <span class='ocr_line' id='line_1_40' title="bbox 1821 1626 3409 1684; baseline -0.002 0"><span class='ocrx_word' id='word_1_278' title='bbox 1821 1628 1916 1684; x_wconf 90' lang='lat' dir='ltr'><strong>diu</strong></span> <span class='ocrx_word' id='word_1_279' title='bbox 1969 1629 2129 1684; x_wconf 87' lang='lat' dir='ltr'><strong>statis</strong></span> <span class='ocrx_word' id='word_1_280' title='bbox 2175 1629 2229 1682; x_wconf 92' lang='lat' dir='ltr'><strong>in</strong></span> <span class='ocrx_word' id='word_1_281' title='bbox 2267 1626 2523 1683; x_wconf 88' lang='lat' dir='ltr'><strong>Domino.</strong></span> <span class='ocrx_word' id='word_1_282' title='bbox 2566 1627 2781 1683; x_wconf 86' lang='lat' dir='ltr'><strong>Salutat</strong></span> <span class='ocrx_word' id='word_1_283' title='bbox 2829 1641 2927 1682; x_wconf 90' lang='lat' dir='ltr'><strong>vos</strong></span> <span class='ocrx_word' id='word_1_284' title='bbox 2961 1627 3224 1682; x_wconf 85' lang='lat' dir='ltr'><strong>Nicolaus</strong></span> <span class='ocrx_word' id='word_1_285' title='bbox 3274 1642 3409 1681; x_wconf 89' lang='lat' dir='ltr'><strong>eon-</strong></span> 
     </span>
    </p>
   </div>
   <div class='ocr_carea' id='block_1_41' title="bbox 1822 1723 3410 1795">
    <p class='ocr_par' dir='ltr' id='par_1_41' title="bbox 1822 1723 3410 1795">
     <span class='ocr_line' id='line_1_41' title="bbox 1822 1723 3410 1795; baseline -0.001 -17"><span class='ocrx_word' id='word_1_286' title='bbox 1822 1725 2077 1795; x_wconf 81' lang='lat' dir='ltr'><strong>captivus</strong></span> <span class='ocrx_word' id='word_1_287' title='bbox 2126 1741 2304 1789; x_wconf 88' lang='lat' dir='ltr'><strong>meus,</strong></span> <span class='ocrx_word' id='word_1_288' title='bbox 2361 1733 2417 1780; x_wconf 91' lang='lat' dir='ltr'><strong>et</strong></span> <span class='ocrx_word' id='word_1_289' title='bbox 2455 1725 2660 1779; x_wconf 92' lang='lat' dir='ltr'><strong>laboris</strong></span> <span class='ocrx_word' id='word_1_290' title='bbox 2712 1724 2918 1791; x_wconf 87' lang='lat' dir='ltr'><strong>socius,</strong></span> <span class='ocrx_word' id='word_1_291' title='bbox 2997 1734 3051 1779; x_wconf 93' lang='lat' dir='ltr'><strong>et</strong></span> <span class='ocrx_word' id='word_1_292' title='bbox 3105 1723 3410 1778; x_wconf 89' lang='lat' dir='ltr'><strong>counnilito</strong></span> 
     </span>
    </p>
   </div>
   <div class='ocr_carea' id='block_1_42' title="bbox 1822 1811 3412 1878">
    <p class='ocr_par' dir='ltr' id='par_1_42' title="bbox 1822 1811 3412 1878">
     <span class='ocr_line' id='line_1_42' title="bbox 1822 1811 3412 1878; baseline 0.001 -12"><span class='ocrx_word' id='word_1_293' title='bbox 1822 1828 2001 1878; x_wconf 88' lang='lat' dir='ltr'><strong>meus,</strong></span> <span class='ocrx_word' id='word_1_294' title='bbox 2059 1822 2244 1868; x_wconf 83' lang='lat' dir='ltr'><strong>vester</strong></span> <span class='ocrx_word' id='word_1_295' title='bbox 2293 1823 2475 1867; x_wconf 89' lang='lat' dir='ltr'><strong>autem</strong></span> <span class='ocrx_word' id='word_1_296' title='bbox 2535 1812 2704 1868; x_wconf 75' lang='lat' dir='ltr'><strong>frater</strong></span> <span class='ocrx_word' id='word_1_297' title='bbox 2759 1814 3106 1869; x_wconf 84' lang='lat' dir='ltr'><strong>verissimus.</strong></span> <span class='ocrx_word' id='word_1_298' title='bbox 3163 1811 3412 1867; x_wconf 82' lang='lat' dir='ltr'><strong>Salutate</strong></span> 
     </span>
    </p>
   </div>
   <div class='ocr_carea' id='block_1_43' title="bbox 1823 1901 3411 1972">
    <p class='ocr_par' dir='ltr' id='par_1_43' title="bbox 1823 1901 3411 1972">
     <span class='ocr_line' id='line_1_43' title="bbox 1823 1901 3411 1972; baseline 0 -15"><span class='ocrx_word' id='word_1_299' title='bbox 1823 1904 2057 1957; x_wconf 87' lang='lat' dir='ltr'><strong>invicem</strong></span> <span class='ocrx_word' id='word_1_300' title='bbox 2105 1902 2160 1956; x_wconf 89' lang='lat' dir='ltr'><strong>in</strong></span> <span class='ocrx_word' id='word_1_301' title='bbox 2194 1901 2386 1956; x_wconf 80' lang='lat' dir='ltr'><strong>osculo</strong></span> <span class='ocrx_word' id='word_1_302' title='bbox 2431 1911 2659 1968; x_wconf 88' lang='lat' dir='ltr'><strong>sancto;</strong></span> <span class='ocrx_word' id='word_1_303' title='bbox 2691 1902 2930 1965; x_wconf 68' lang='lat' dir='ltr'><strong>athletae,</strong></span> <span class='ocrx_word' id='word_1_304' title='bbox 2967 1916 3064 1958; x_wconf 87' lang='lat' dir='ltr'><strong>eos</strong></span> <span class='ocrx_word' id='word_1_305' title='bbox 3099 1903 3197 1972; x_wconf 89' lang='lat' dir='ltr'><strong>qui</strong></span> <span class='ocrx_word' id='word_1_306' title='bbox 3243 1903 3411 1957; x_wconf 87' lang='lat' dir='ltr'><strong>simul</strong></span> 
     </span>
    </p>
   </div>
   <div class='ocr_carea' id='block_1_44' title="bbox 1822 1993 3410 2064">
    <p class='ocr_par' dir='ltr' id='par_1_44' title="bbox 1822 1993 3410 2064">
     <span class='ocr_line' id='line_1_44' title="bbox 1822 1993 3410 2064; baseline -0.001 -16"><span class='ocrx_word' id='word_1_307' title='bbox 1822 2002 2106 2064; x_wconf 80' lang='lat' dir='ltr'><strong>pugnant;</strong></span> <span class='ocrx_word' id='word_1_308' title='bbox 2164 1993 2604 2063; x_wconf 88' lang='lat' dir='ltr'><strong>persecutionem</strong></span> <span class='ocrx_word' id='word_1_309' title='bbox 2645 1993 2812 2064; x_wconf 85' lang='lat' dir='ltr'><strong>passi,</strong></span> <span class='ocrx_word' id='word_1_310' title='bbox 2873 2008 2972 2049; x_wconf 89' lang='lat' dir='ltr'><strong>eos</strong></span> <span class='ocrx_word' id='word_1_311' title='bbox 3010 1994 3106 2063; x_wconf 89' lang='lat' dir='ltr'><strong>qui</strong></span> <span class='ocrx_word' id='word_1_312' title='bbox 3147 2007 3410 2063; x_wconf 89' lang='lat' dir='ltr'><strong>persecu-</strong></span> 
     </span>
    </p>
   </div>
   <div class='ocr_carea' id='block_1_45' title="bbox 1828 2086 3412 2156">
    <p class='ocr_par' dir='ltr' id='par_1_45' title="bbox 1828 2086 3412 2156">
     <span class='ocr_line' id='line_1_45' title="bbox 1828 2086 3412 2156; baseline -0.001 -15"><span class='ocrx_word' id='word_1_313' title='bbox 1828 2089 2033 2141; x_wconf 90' lang='lat' dir='ltr'><strong>tionem</strong></span> <span class='ocrx_word' id='word_1_314' title='bbox 2069 2087 2215 2155; x_wconf 84' lang='lat' dir='ltr'><strong>passi</strong></span> <span class='ocrx_word' id='word_1_315' title='bbox 2250 2095 2416 2150; x_wconf 88' lang='lat' dir='ltr'><strong>sunt;</strong></span> <span class='ocrx_word' id='word_1_316' title='bbox 2443 2087 2690 2141; x_wconf 84' lang='lat' dir='ltr'><strong>universi</strong></span> <span class='ocrx_word' id='word_1_317' title='bbox 2726 2102 2822 2142; x_wconf 87' lang='lat' dir='ltr'><strong>eos</strong></span> <span class='ocrx_word' id='word_1_318' title='bbox 2852 2087 2948 2156; x_wconf 90' lang='lat' dir='ltr'><strong>qui</strong></span> <span class='ocrx_word' id='word_1_319' title='bbox 2992 2100 3091 2141; x_wconf 87' lang='lat' dir='ltr'><strong>vos</strong></span> <span class='ocrx_word' id='word_1_320' title='bbox 3125 2093 3318 2140; x_wconf 88' lang='lat' dir='ltr'><strong>amant</strong></span> <span class='ocrx_word' id='word_1_321' title='bbox 3355 2086 3412 2140; x_wconf 90' lang='lat' dir='ltr'><strong>in</strong></span> 
     </span>
    </p>
   </div>
   <div class='ocr_carea' id='block_1_46' title="bbox 1826 2176 3415 2247">
    <p class='ocr_par' dir='ltr' id='par_1_46' title="bbox 1826 2176 3415 2247">
     <span class='ocr_line' id='line_1_46' title="bbox 1826 2176 3415 2247; baseline -0.001 -14"><span class='ocrx_word' id='word_1_322' title='bbox 1826 2177 1956 2233; x_wconf 80' lang='lat' dir='ltr'><strong>ﬁde.</strong></span> <span class='ocrx_word' id='word_1_323' title='bbox 1988 2176 2044 2232; x_wconf 90' lang='lat' dir='ltr'><strong>Si</strong></span> <span class='ocrx_word' id='word_1_324' title='bbox 2071 2178 2198 2247; x_wconf 87' lang='lat' dir='ltr'><strong>quis</strong></span> <span class='ocrx_word' id='word_1_325' title='bbox 2233 2192 2341 2233; x_wconf 94' lang='lat' dir='ltr'><strong>non</strong></span> <span class='ocrx_word' id='word_1_326' title='bbox 2375 2177 2672 2234; x_wconf 77' lang='lat' dir='ltr'><strong>confitetur</strong></span> <span class='ocrx_word' id='word_1_327' title='bbox 2702 2177 2997 2234; x_wconf 79' lang='lat' dir='ltr'><strong>Dominum</strong></span> <span class='ocrx_word' id='word_1_328' title='bbox 3038 2187 3292 2233; x_wconf 85' lang='lat' dir='ltr'><strong>nostrum</strong></span> <span class='ocrx_word' id='word_1_329' title='bbox 3322 2176 3415 2232; x_wconf 82' lang='lat' dir='ltr'><strong>Je-</strong></span> 
     </span>
    </p>
   </div>
   <div class='ocr_carea' id='block_1_47' title="bbox 1826 2269 3412 2340">
    <p class='ocr_par' dir='ltr' id='par_1_47' title="bbox 1826 2269 3412 2340">
     <span class='ocr_line' id='line_1_47' title="bbox 1826 2269 3412 2340; baseline -0.001 -15"><span class='ocrx_word' id='word_1_330' title='bbox 1826 2285 1947 2325; x_wconf 86' lang='lat' dir='ltr'><strong>sum</strong></span> <span class='ocrx_word' id='word_1_331' title='bbox 1984 2269 2264 2325; x_wconf 86' lang='lat' dir='ltr'><strong>Christum</strong></span> <span class='ocrx_word' id='word_1_332' title='bbox 2315 2285 2548 2340; x_wconf 87' lang='lat' dir='ltr'><strong>corpore</strong></span> <span class='ocrx_word' id='word_1_333' title='bbox 2585 2270 2889 2340; x_wconf 89' lang='lat' dir='ltr'><strong>depictum,</strong></span> <span class='ocrx_word' id='word_1_334' title='bbox 2931 2270 3228 2325; x_wconf 85' lang='lat' dir='ltr'><strong>anathema</strong></span> <span class='ocrx_word' id='word_1_335' title='bbox 3278 2270 3412 2324; x_wconf 88' lang='lat' dir='ltr'><strong>sita</strong></span> 
     </span>
    </p>
   </div>
   <div class='ocr_carea' id='block_1_48' title="bbox 1825 2362 3416 2420">
    <p class='ocr_par' dir='ltr' id='par_1_48' title="bbox 1825 2362 3416 2420">
     <span class='ocr_line' id='line_1_48' title="bbox 1825 2362 3416 2420; baseline -0.001 -1"><span class='ocrx_word' id='word_1_336' title='bbox 1825 2365 2115 2419; x_wconf 87' lang='lat' dir='ltr'><strong>Trinitate.</strong></span> <span class='ocrx_word' id='word_1_337' title='bbox 2153 2362 2342 2418; x_wconf 83' lang='lat' dir='ltr'><strong>Gratia</strong></span> <span class='ocrx_word' id='word_1_338' title='bbox 2378 2363 2593 2418; x_wconf 84' lang='lat' dir='ltr'><strong>Domini</strong></span> <span class='ocrx_word' id='word_1_339' title='bbox 2627 2366 2798 2419; x_wconf 84' lang='lat' dir='ltr'><strong>nostri</strong></span> <span class='ocrx_word' id='word_1_340' title='bbox 2836 2363 2967 2420; x_wconf 74' lang='lat' dir='ltr'><strong>Iesu</strong></span> <span class='ocrx_word' id='word_1_341' title='bbox 3005 2363 3204 2420; x_wconf 75' lang='lat' dir='ltr'><strong>Christi</strong></span> <span class='ocrx_word' id='word_1_342' title='bbox 3240 2364 3416 2418; x_wconf 78' lang='lat' dir='ltr'><strong>vobis-</strong></span> 
     </span>
    </p>
   </div>
   <div class='ocr_carea' id='block_1_49' title="bbox 1825 2454 2207 2509">
    <p class='ocr_par' dir='ltr' id='par_1_49' title="bbox 1825 2454 2207 2509">
     <span class='ocr_line' id='line_1_49' title="bbox 1825 2454 2207 2509; baseline 0 -2"><span class='ocrx_word' id='word_1_343' title='bbox 1825 2469 1964 2508; x_wconf 81' lang='lat' dir='ltr'><strong>cum.</strong></span> <span class='ocrx_word' id='word_1_344' title='bbox 1996 2457 2160 2509; x_wconf 81' lang='lat' dir='ltr'><strong>Amen</strong></span> <span class='ocrx_word' id='word_1_345' title='bbox 2185 2454 2207 2485; x_wconf 80' lang='grc'>⁸</span> 
     </span>
    </p>
   </div>
   <div class='ocr_carea' id='block_1_50' title="bbox 2202 2653 3041 2730">
    <p class='ocr_par' dir='ltr' id='par_1_50' title="bbox 2202 2653 3041 2730">
     <span class='ocr_line' id='line_1_50' title="bbox 2202 2653 3041 2730; baseline 0.005 -22"><span class='ocrx_word' id='word_1_346' title='bbox 2202 2653 2448 2709; x_wconf 73' lang='lat' dir='ltr'><strong>XXXIX.</strong></span> <span class='ocrx_word' id='word_1_347' title='bbox 2478 2683 2550 2696; x_wconf 90' lang='lat'><strong>--</strong></span> <span class='ocrx_word' id='word_1_348' title='bbox 2581 2654 2876 2710; x_wconf 79' lang='lat' dir='ltr'><strong>Athanasio</strong></span> <span class='ocrx_word' id='word_1_349' title='bbox 2906 2655 3041 2730; x_wconf 80' lang='lat' dir='ltr'><strong>ﬁlio.</strong></span> 
     </span>
    </p>
   </div>
   <div class='ocr_carea' id='block_1_51' title="bbox 1120 2787 2363 2853">
    <p class='ocr_par' dir='ltr' id='par_1_51' title="bbox 1120 2787 2363 2853">
     <span class='ocr_line' id='line_1_51' title="bbox 1120 2787 2363 2853; baseline -0.001 -15"><span class='ocrx_word' id='word_1_350' title='bbox 1120 2789 1391 2853; x_wconf 63' lang='lat' dir='ltr'><strong>Proposita</strong></span> <span class='ocrx_word' id='word_1_351' title='bbox 1412 2790 1476 2840; x_wconf 88' lang='lat' dir='ltr'><strong>de</strong></span> <span class='ocrx_word' id='word_1_352' title='bbox 1497 2788 1759 2842; x_wconf 88' lang='lat' dir='ltr'><strong>mendacio</strong></span> <span class='ocrx_word' id='word_1_353' title='bbox 1791 2787 2052 2852; x_wconf 64' lang='lat' dir='ltr'><strong>quaestioni</strong></span> <span class='ocrx_word' id='word_1_354' title='bbox 2073 2789 2363 2852; x_wconf 85' lang='lat' dir='ltr'><strong>respondet.</strong></span> 
     </span>
    </p>
   </div>
   <div class='ocr_carea' id='block_1_52' title="bbox 201 2896 1722 2971">
    <p class='ocr_par' dir='ltr' id='par_1_52' title="bbox 201 2896 1722 2971">
     <span class='ocr_line' id='line_1_52' title="bbox 201 2896 1722 2971; baseline -0.002 -17"><span class='ocrx_word' id='word_1_355' title='bbox 201 2899 353 2971; x_wconf 80' lang='grc' dir='ltr'>Πρὸς</span> <span class='ocrx_word' id='word_1_356' title='bbox 380 2899 495 2962; x_wconf 77' lang='grc' dir='ltr'>τοῖς</span> <span class='ocrx_word' id='word_1_357' title='bbox 532 2898 715 2961; x_wconf 79' lang='grc' dir='ltr'>ἀλλοις</span> <span class='ocrx_word' id='word_1_358' title='bbox 747 2896 841 2950; x_wconf 81' lang='grc' dir='ltr'>καὶ</span> <span class='ocrx_word' id='word_1_359' title='bbox 871 2897 1035 2950; x_wconf 92' lang='grc' dir='ltr'>τοῦτο</span> <span class='ocrx_word' id='word_1_360' title='bbox 1076 2897 1210 2969; x_wconf 77' lang='grc' dir='ltr'>ἡμῖν</span> <span class='ocrx_word' id='word_1_361' title='bbox 1254 2897 1458 2966; x_wconf 83' lang='grc' dir='ltr'>ἀγαθὸν</span> <span class='ocrx_word' id='word_1_362' title='bbox 1498 2901 1556 2950; x_wconf 86' lang='grc' dir='ltr'><strong>ἐν</strong></span> <span class='ocrx_word' id='word_1_363' title='bbox 1600 2900 1722 2962; x_wconf 85' lang='grc' dir='ltr'>ταῖς</span> 
     </span>
    </p>
   </div>
   <div class='ocr_carea' id='block_1_53' title="bbox 126 2987 1722 3064">
    <p class='ocr_par' dir='ltr' id='par_1_53' title="bbox 126 2987 1722 3064">
     <span class='ocr_line' id='line_1_53' title="bbox 126 2987 1722 3064; baseline -0.003 -20"><span class='ocrx_word' id='word_1_364' title='bbox 126 2993 372 3064; x_wconf 74' lang='grc' dir='ltr'>ἡμέραις</span> <span class='ocrx_word' id='word_1_365' title='bbox 399 2989 626 3053; x_wconf 86' lang='grc' dir='ltr'>ταύταις</span> <span class='ocrx_word' id='word_1_366' title='bbox 645 2988 1072 3058; x_wconf 74' lang='grc' dir='ltr'>ἀγωνιζομένοις</span> <span class='ocrx_word' id='word_1_367' title='bbox 1100 2989 1242 3058; x_wconf 82' lang='grc' dir='ltr'>ὑπὲρ</span> <span class='ocrx_word' id='word_1_368' title='bbox 1261 2988 1524 3058; x_wconf 80' lang='grc' dir='ltr'>ἀληθείας</span> <span class='ocrx_word' id='word_1_369' title='bbox 1562 2987 1722 3053; x_wconf 88' lang='grc' dir='ltr'>Θεοῦ,</span> 
     </span>
    </p>
   </div>
   <div class='ocr_carea' id='block_1_54' title="bbox 127 3079 1725 3155">
    <p class='ocr_par' dir='ltr' id='par_1_54' title="bbox 127 3079 1725 3155">
     <span class='ocr_line' id='line_1_54' title="bbox 127 3079 1725 3155; baseline -0.003 -18"><span class='ocrx_word' id='word_1_370' title='bbox 127 3083 461 3155; x_wconf 83' lang='grc' dir='ltr'>συχνότερον</span> <span class='ocrx_word' id='word_1_371' title='bbox 481 3082 582 3153; x_wconf 85' lang='grc' dir='ltr'>τῆς</span> <span class='ocrx_word' id='word_1_372' title='bbox 607 3081 738 3151; x_wconf 82' lang='grc' dir='ltr'>παρ’</span> <span class='ocrx_word' id='word_1_373' title='bbox 761 3081 1012 3150; x_wconf 85' lang='grc' dir='ltr'>ἀλλήλων</span> <span class='ocrx_word' id='word_1_374' title='bbox 1037 3082 1222 3152; x_wconf 81' lang='grc' dir='ltr'>φωνῆς</span> <span class='ocrx_word' id='word_1_375' title='bbox 1245 3081 1333 3134; x_wconf 81' lang='grc' dir='ltr'>διὰ</span> <span class='ocrx_word' id='word_1_376' title='bbox 1354 3079 1451 3135; x_wconf 89' lang='grc' dir='ltr'><strong>τοῦ</strong></span> <span class='ocrx_word' id='word_1_377' title='bbox 1471 3081 1725 3151; x_wconf 83' lang='grc' dir='ltr'>γράμμα-</span> 
     </span>
    </p>
   </div>
   <div class='ocr_carea' id='block_1_55' title="bbox 124 3170 1724 3242">
    <p class='ocr_par' dir='ltr' id='par_1_55' title="bbox 124 3170 1724 3242">
     <span class='ocr_line' id='line_1_55' title="bbox 124 3170 1724 3242; baseline -0.004 -14"><span class='ocrx_word' id='word_1_378' title='bbox 124 3192 226 3238; x_wconf 88' lang='grc' dir='ltr'><strong>τος</strong></span> <span class='ocrx_word' id='word_1_379' title='bbox 265 3172 490 3228; x_wconf 81' lang='grc' dir='ltr'>ἀκούειν</span> <span class='ocrx_word' id='word_1_380' title='bbox 512 3212 528 3236; x_wconf 87' lang='grc'><strong>,</strong></span> <span class='ocrx_word' id='word_1_381' title='bbox 561 3173 657 3225; x_wconf 77' lang='grc' dir='ltr'><strong>καὶ</strong></span> <span class='ocrx_word' id='word_1_382' title='bbox 690 3171 1112 3227; x_wconf 84' lang='grc' dir='ltr'>ἀνακοινοῦσθαι</span> <span class='ocrx_word' id='word_1_383' title='bbox 1150 3171 1250 3234; x_wconf 85' lang='grc' dir='ltr'><strong>τὰς</strong></span> <span class='ocrx_word' id='word_1_384' title='bbox 1291 3172 1349 3222; x_wconf 83' lang='grc' dir='ltr'><strong>ἐν</strong></span> <span class='ocrx_word' id='word_1_385' title='bbox 1377 3170 1579 3242; x_wconf 79' lang='grc' dir='ltr'>καρδίᾳ</span> <span class='ocrx_word' id='word_1_386' title='bbox 1610 3171 1724 3223; x_wconf 84' lang='grc' dir='ltr'>δια-</span> 
     </span>
    </p>
   </div>
   <div class='ocr_carea' id='block_1_56' title="bbox 1892 2894 3416 2970">
    <p class='ocr_par' dir='ltr' id='par_1_56' title="bbox 1892 2894 3416 2970">
     <span class='ocr_line' id='line_1_56' title="bbox 1892 2894 3416 2970; baseline 0.005 -22"><span class='ocrx_word' id='word_1_387' title='bbox 1892 2897 1975 2949; x_wconf 83' lang='lat' dir='ltr'><strong>Ad</strong></span> <span class='ocrx_word' id='word_1_388' title='bbox 2017 2905 2218 2950; x_wconf 75' lang='lat' dir='ltr'><strong>caetera</strong></span> <span class='ocrx_word' id='word_1_389' title='bbox 2257 2894 2401 2949; x_wconf 89' lang='lat' dir='ltr'><strong>bona</strong></span> <span class='ocrx_word' id='word_1_390' title='bbox 2446 2905 2500 2950; x_wconf 85' lang='lat' dir='ltr'><strong>et</strong></span> <span class='ocrx_word' id='word_1_391' title='bbox 2546 2895 2698 2952; x_wconf 90' lang='lat' dir='ltr'><strong>istud</strong></span> <span class='ocrx_word' id='word_1_392' title='bbox 2742 2895 2905 2950; x_wconf 89' lang='lat' dir='ltr'><strong>nobis</strong></span> <span class='ocrx_word' id='word_1_393' title='bbox 2953 2895 3057 2952; x_wconf 85' lang='lat' dir='ltr'><strong>hac</strong></span> <span class='ocrx_word' id='word_1_394' title='bbox 3093 2905 3416 2970; x_wconf 88' lang='lat' dir='ltr'><strong>tempestate</strong></span> 
     </span>
    </p>
   </div>
   <div class='ocr_carea' id='block_1_57' title="bbox 1822 2986 3417 3058">
    <p class='ocr_par' dir='ltr' id='par_1_57' title="bbox 1822 2986 3417 3058">
     <span class='ocr_line' id='line_1_57' title="bbox 1822 2986 3417 3058; baseline 0.003 -14"><span class='ocrx_word' id='word_1_395' title='bbox 1822 2987 2074 3058; x_wconf 88' lang='lat' dir='ltr'><strong>contigit,</strong></span> <span class='ocrx_word' id='word_1_396' title='bbox 2125 2987 2219 3057; x_wconf 89' lang='lat' dir='ltr'><strong>qui</strong></span> <span class='ocrx_word' id='word_1_397' title='bbox 2260 3003 2358 3056; x_wconf 90' lang='lat' dir='ltr'><strong>pro</strong></span> <span class='ocrx_word' id='word_1_398' title='bbox 2391 2986 2486 3042; x_wconf 88' lang='lat' dir='ltr'><strong>Dei</strong></span> <span class='ocrx_word' id='word_1_399' title='bbox 2532 2989 2762 3043; x_wconf 86' lang='lat' dir='ltr'><strong>veritate</strong></span> <span class='ocrx_word' id='word_1_400' title='bbox 2790 2988 3148 3056; x_wconf 87' lang='lat' dir='ltr'><strong>dimicamus,</strong></span> <span class='ocrx_word' id='word_1_401' title='bbox 3192 3002 3256 3047; x_wconf 90' lang='lat' dir='ltr'><strong>ut</strong></span> <span class='ocrx_word' id='word_1_402' title='bbox 3296 2993 3417 3049; x_wconf 81' lang='lat' dir='ltr'><strong>fre-</strong></span> 
     </span>
    </p>
   </div>
   <div class='ocr_carea' id='block_1_58' title="bbox 1823 3080 3418 3150">
    <p class='ocr_par' dir='ltr' id='par_1_58' title="bbox 1823 3080 3418 3150">
     <span class='ocr_line' id='line_1_58' title="bbox 1823 3080 3418 3150; baseline 0.006 -16"><span class='ocrx_word' id='word_1_403' title='bbox 1823 3080 2081 3150; x_wconf 89' lang='lat' dir='ltr'><strong>quentius</strong></span> <span class='ocrx_word' id='word_1_404' title='bbox 2133 3087 2379 3134; x_wconf 90' lang='lat' dir='ltr'><strong>mutuam</strong></span> <span class='ocrx_word' id='word_1_405' title='bbox 2429 3095 2529 3150; x_wconf 91' lang='lat' dir='ltr'><strong>per</strong></span> <span class='ocrx_word' id='word_1_406' title='bbox 2578 3081 2794 3135; x_wconf 88' lang='lat' dir='ltr'><strong>litteras</strong></span> <span class='ocrx_word' id='word_1_407' title='bbox 2850 3097 3041 3137; x_wconf 88' lang='lat' dir='ltr'><strong>vocem</strong></span> <span class='ocrx_word' id='word_1_408' title='bbox 3095 3084 3418 3150; x_wconf 85' lang='lat' dir='ltr'><strong>audiamus.</strong></span> 
     </span>
    </p>
   </div>
   <div class='ocr_carea' id='block_1_59' title="bbox 1825 3171 3421 3242">
    <p class='ocr_par' dir='ltr' id='par_1_59' title="bbox 1825 3171 3421 3242">
     <span class='ocr_line' id='line_1_59' title="bbox 1825 3171 3421 3242; baseline 0.008 -19"><span class='ocrx_word' id='word_1_409' title='bbox 1825 3171 2109 3242; x_wconf 77' lang='lat' dir='ltr'><strong>animique</strong></span> <span class='ocrx_word' id='word_1_410' title='bbox 2141 3173 2317 3227; x_wconf 88' lang='lat' dir='ltr'><strong>nostri</strong></span> <span class='ocrx_word' id='word_1_411' title='bbox 2363 3171 2684 3228; x_wconf 77' lang='lat' dir='ltr'><strong>alIectiones</strong></span> <span class='ocrx_word' id='word_1_412' title='bbox 2725 3173 3212 3232; x_wconf 86' lang='lat' dir='ltr'><strong>communicemus.</strong></span> <span class='ocrx_word' id='word_1_413' title='bbox 3249 3175 3421 3235; x_wconf 78' lang='lat' dir='ltr'><strong>Vides</strong></span> 
     </span>
    </p>
   </div>
   <div class='ocr_carea' id='block_1_60' title="bbox 127 3261 1725 3354">
    <p class='ocr_par' dir='ltr' id='par_1_60' title="bbox 127 3263 1725 3337">
     <span class='ocr_line' id='line_1_60' title="bbox 127 3263 1725 3337; baseline -0.004 -15"><span class='ocrx_word' id='word_1_414' title='bbox 127 3269 337 3330; x_wconf 79' lang='grc' dir='ltr'>θέσεις.</span> <span class='ocrx_word' id='word_1_415' title='bbox 378 3267 544 3337; x_wconf 75' lang='grc' dir='ltr'>Ὁρᾷς</span> <span class='ocrx_word' id='word_1_416' title='bbox 573 3265 706 3335; x_wconf 87' lang='grc' dir='ltr'>γὰρ,</span> <span class='ocrx_word' id='word_1_417' title='bbox 742 3264 944 3334; x_wconf 85' lang='grc' dir='ltr'>ἀδελφέ</span> <span class='ocrx_word' id='word_1_418' title='bbox 965 3264 1322 3336; x_wconf 82' lang='grc' dir='ltr'>ὴγαπημένε,</span> <span class='ocrx_word' id='word_1_419' title='bbox 1348 3263 1498 3328; x_wconf 80' lang='grc' dir='ltr'>ὅπως</span> <span class='ocrx_word' id='word_1_420' title='bbox 1525 3263 1725 3316; x_wconf 79' lang='grc' dir='ltr'>ὡσανεὶ</span> 
     </span>
    </p>
   </div>
   <div class='ocr_carea' id='block_1_61' title="bbox 1830 3261 3419 3354">
    <p class='ocr_par' dir='ltr' id='par_1_61' title="bbox 1830 3261 3419 3336">
     <span class='ocr_line' id='line_1_61' title="bbox 1830 3261 3419 3336; baseline 0.006 -22"><span class='ocrx_word' id='word_1_421' title='bbox 1830 3262 2000 3328; x_wconf 89' lang='lat' dir='ltr'><strong>enim,</strong></span> <span class='ocrx_word' id='word_1_422' title='bbox 2040 3261 2239 3317; x_wconf 88' lang='lat' dir='ltr'><strong>dilecte</strong></span> <span class='ocrx_word' id='word_1_423' title='bbox 2284 3262 2476 3326; x_wconf 83' lang='lat' dir='ltr'><strong>frater,</strong></span> <span class='ocrx_word' id='word_1_424' title='bbox 2539 3271 2601 3316; x_wconf 88' lang='lat' dir='ltr'><strong>ut</strong></span> <span class='ocrx_word' id='word_1_425' title='bbox 2639 3262 2980 3332; x_wconf 67' lang='lat' dir='ltr'><strong>quotidianae</strong></span> <span class='ocrx_word' id='word_1_426' title='bbox 3020 3268 3419 3336; x_wconf 81' lang='lat' dir='ltr'><strong>propemodum</strong></span> 
     </span>
    </p>
   </div>
   <div class='ocr_carea' id='block_1_62' title="bbox 127 3352 1725 3430">
    <p class='ocr_par' dir='ltr' id='par_1_62' title="bbox 127 3355 1722 3430">
     <span class='ocr_line' id='line_1_62' title="bbox 127 3355 1722 3430; baseline -0.004 -16"><span class='ocrx_word' id='word_1_427' title='bbox 127 3359 479 3430; x_wconf 76' lang='grc' dir='ltr'>ἐφημερίδες</span> <span class='ocrx_word' id='word_1_428' title='bbox 529 3360 586 3411; x_wconf 86' lang='grc' dir='ltr'><strong>αί</strong></span> <span class='ocrx_word' id='word_1_429' title='bbox 629 3357 913 3410; x_wconf 76' lang='grc' dir='ltr'>ἐπιστολαὶ</span> <span class='ocrx_word' id='word_1_430' title='bbox 965 3357 1298 3427; x_wconf 82' lang='grc' dir='ltr'>ὑπάρχουσι,</span> <span class='ocrx_word' id='word_1_431' title='bbox 1351 3355 1722 3410; x_wconf 77' lang='grc' dir='ltr'>συνάπτουσαι</span> 
     </span>
    </p>
   </div>
   <div class='ocr_carea' id='block_1_63' title="bbox 1830 3352 3422 3430">
    <p class='ocr_par' dir='ltr' id='par_1_63' title="bbox 1837 3352 3422 3423">
     <span class='ocr_line' id='line_1_63' title="bbox 1837 3352 3422 3423; baseline 0.004 -17"><span class='ocrx_word' id='word_1_432' title='bbox 1837 3352 2080 3422; x_wconf 66' lang='lat' dir='ltr'><strong>epistola:</strong></span> <span class='ocrx_word' id='word_1_433' title='bbox 2110 3359 2241 3408; x_wconf 82' lang='lat' dir='ltr'><strong>sunt</strong></span> <span class='ocrx_word' id='word_1_434' title='bbox 2271 3353 2475 3423; x_wconf 89' lang='lat' dir='ltr'><strong>quibus</strong></span> <span class='ocrx_word' id='word_1_435' title='bbox 2516 3355 2724 3423; x_wconf 88' lang='lat' dir='ltr'><strong>majore</strong></span> <span class='ocrx_word' id='word_1_436' title='bbox 2765 3354 2912 3410; x_wconf 87' lang='lat' dir='ltr'><strong>inter</strong></span> <span class='ocrx_word' id='word_1_437' title='bbox 2950 3371 3052 3412; x_wconf 86' lang='lat' dir='ltr'><strong>nos</strong></span> <span class='ocrx_word' id='word_1_438' title='bbox 3089 3357 3422 3414; x_wconf 82' lang='lat' dir='ltr'><strong>benevolen-</strong></span> 
     </span>
    </p>
   </div>
   <div class='ocr_carea' id='block_1_64' title="bbox 129 3445 1724 3523">
    <p class='ocr_par' dir='ltr' id='par_1_64' title="bbox 129 3445 1724 3523">
     <span class='ocr_line' id='line_1_64' title="bbox 129 3445 1724 3523; baseline -0.004 -18"><span class='ocrx_word' id='word_1_439' title='bbox 129 3453 288 3523; x_wconf 75' lang='grc' dir='ltr'>ἡμᾶς</span> <span class='ocrx_word' id='word_1_440' title='bbox 330 3449 712 3521; x_wconf 81' lang='grc' dir='ltr'>φιλικώτερον.</span> <span class='ocrx_word' id='word_1_441' title='bbox 751 3449 857 3502; x_wconf 85' lang='grc' dir='ltr'>Ἴδε</span> <span class='ocrx_word' id='word_1_442' title='bbox 888 3449 1033 3501; x_wconf 89' lang='grc' dir='ltr'>πόσα</span> <span class='ocrx_word' id='word_1_443' title='bbox 1074 3448 1216 3501; x_wconf 82' lang='grc' dir='ltr'>καλὰ</span> <span class='ocrx_word' id='word_1_444' title='bbox 1244 3448 1274 3499; x_wconf 82' lang='grc' dir='ltr'>ὁ</span> <span class='ocrx_word' id='word_1_445' title='bbox 1310 3447 1452 3517; x_wconf 81' lang='grc' dir='ltr'>ὑπὲρ</span> <span class='ocrx_word' id='word_1_446' title='bbox 1485 3445 1724 3518; x_wconf 78' lang='grc' dir='ltr'>Χριστοῦ</span> 
     </span>
    </p>
   </div>
   <div class='ocr_carea' id='block_1_65' title="bbox 124 3538 1726 3615">
    <p class='ocr_par' dir='ltr' id='par_1_65' title="bbox 124 3538 1726 3615">
     <span class='ocr_line' id='line_1_65' title="bbox 124 3538 1726 3615; baseline -0.006 -15"><span class='ocrx_word' id='word_1_447' title='bbox 124 3545 378 3615; x_wconf 82' lang='grc' dir='ltr'>διωγμὸς</span> <span class='ocrx_word' id='word_1_448' title='bbox 414 3543 728 3614; x_wconf 80' lang='grc' dir='ltr'>παρέσχετο</span> <span class='ocrx_word' id='word_1_449' title='bbox 747 3558 766 3572; x_wconf 71' lang='grc' dir='ltr'><strong><em>ο</em></strong></span> <span class='ocrx_word' id='word_1_450' title='bbox 793 3542 890 3594; x_wconf 71' lang='grc' dir='ltr'><strong>καὶ</strong></span> <span class='ocrx_word' id='word_1_451' title='bbox 919 3541 1000 3594; x_wconf 67' lang='grc' dir='ltr'>ἔτι</span> <span class='ocrx_word' id='word_1_452' title='bbox 1029 3540 1386 3612; x_wconf 79' lang='grc' dir='ltr'>παράσχοιεν·</span> <span class='ocrx_word' id='word_1_453' title='bbox 1423 3539 1562 3593; x_wconf 72' lang='grc' dir='ltr'>ἐπὰν</span> <span class='ocrx_word' id='word_1_454' title='bbox 1597 3538 1726 3608; x_wconf 87' lang='grc' dir='ltr'>θερ-</span> 
     </span>
    </p>
   </div>
   <div class='ocr_carea' id='block_1_66' title="bbox 133 3632 1728 3708">
    <p class='ocr_par' dir='ltr' id='par_1_66' title="bbox 133 3632 1728 3708">
     <span class='ocr_line' id='line_1_66' title="bbox 133 3632 1728 3708; baseline -0.003 -18"><span class='ocrx_word' id='word_1_455' title='bbox 133 3638 403 3708; x_wconf 83' lang='grc' dir='ltr'>μοτέρΟυς</span> <span class='ocrx_word' id='word_1_456' title='bbox 447 3636 595 3706; x_wconf 73' lang='grc' dir='ltr'>ἡμᾶς</span> <span class='ocrx_word' id='word_1_457' title='bbox 639 3635 778 3704; x_wconf 84' lang='grc' dir='ltr'>πρὸς</span> <span class='ocrx_word' id='word_1_458' title='bbox 822 3632 884 3688; x_wconf 82' lang='grc' dir='ltr'>τὸ</span> <span class='ocrx_word' id='word_1_459' title='bbox 928 3633 1056 3699; x_wconf 76' lang='grc' dir='ltr'>ἐξῆς</span> <span class='ocrx_word' id='word_1_460' title='bbox 1082 3633 1333 3696; x_wconf 89' lang='grc' dir='ltr'>λάϐοιεν,</span> <span class='ocrx_word' id='word_1_461' title='bbox 1385 3632 1548 3703; x_wconf 83' lang='grc' dir='ltr'>μηδὲν</span> <span class='ocrx_word' id='word_1_462' title='bbox 1595 3632 1728 3685; x_wconf 82' lang='grc' dir='ltr'>ὕπο-</span> 
     </span>
    </p>
   </div>
   <div class='ocr_carea' id='block_1_67' title="bbox 130 3721 1728 3796">
    <p class='ocr_par' dir='ltr' id='par_1_67' title="bbox 130 3721 1728 3796">
     <span class='ocr_line' id='line_1_67' title="bbox 130 3721 1728 3796; baseline -0.004 -16"><span class='ocrx_word' id='word_1_463' title='bbox 130 3728 483 3796; x_wconf 73' lang='grc' dir='ltr'>πτήσσοντας</span> <span class='ocrx_word' id='word_1_464' title='bbox 539 3725 651 3779; x_wconf 79' lang='grc' dir='ltr'><strong>τῶν</strong></span> <span class='ocrx_word' id='word_1_465' title='bbox 699 3723 1081 3796; x_wconf 81' lang='grc' dir='ltr'>ἀνθρωπίνων.</span> <span class='ocrx_word' id='word_1_466' title='bbox 1157 3722 1319 3775; x_wconf 82' lang='grc' dir='ltr'>Ἀλλὰ</span> <span class='ocrx_word' id='word_1_467' title='bbox 1371 3721 1728 3792; x_wconf 80' lang='grc' dir='ltr'>γλιχομένους</span> 
     </span>
    </p>
   </div>
   <div class='ocr_carea' id='block_1_68' title="bbox 129 3808 1728 3888">
    <p class='ocr_par' dir='ltr' id='par_1_68' title="bbox 129 3808 1728 3888">
     <span class='ocr_line' id='line_1_68' title="bbox 129 3808 1728 3888; baseline -0.003 -17"><span class='ocrx_word' id='word_1_468' title='bbox 129 3819 204 3872; x_wconf 77' lang='grc' dir='ltr'><strong>τὰ</strong></span> <span class='ocrx_word' id='word_1_469' title='bbox 240 3818 554 3888; x_wconf 88' lang='grc' dir='ltr'>θεομίμητα</span> <span class='ocrx_word' id='word_1_470' title='bbox 580 3816 827 3871; x_wconf 80' lang='grc' dir='ltr'>ὕποίσειν</span> <span class='ocrx_word' id='word_1_471' title='bbox 857 3816 1182 3885; x_wconf 84' lang='grc' dir='ltr'>παθήματα,</span> <span class='ocrx_word' id='word_1_472' title='bbox 1215 3815 1283 3868; x_wconf 84' lang='grc' dir='ltr'><strong>δι’</strong></span> <span class='ocrx_word' id='word_1_473' title='bbox 1307 3814 1344 3869; x_wconf 66' lang='grc' dir='ltr'><strong>ἃ</strong></span> <span class='ocrx_word' id='word_1_474' title='bbox 1369 3808 1472 3867; x_wconf 81' lang='grc' dir='ltr'>ὦδε</span> <span class='ocrx_word' id='word_1_475' title='bbox 1500 3815 1728 3867; x_wconf 79' lang='grc' dir='ltr'>κάκεῖσε</span> 
     </span>
    </p>
   </div>
   <div class='ocr_carea' id='block_1_69' title="bbox 131 3902 1732 3982">
    <p class='ocr_par' dir='ltr' id='par_1_69' title="bbox 131 3902 1732 3982">
     <span class='ocr_line' id='line_1_69' title="bbox 131 3902 1732 3982; baseline -0.004 -18"><span class='ocrx_word' id='word_1_476' title='bbox 131 3909 442 3982; x_wconf 86' lang='grc' dir='ltr'>φερόμενος</span> <span class='ocrx_word' id='word_1_477' title='bbox 496 3910 590 3962; x_wconf 77' lang='grc' dir='ltr'>καὶ</span> <span class='ocrx_word' id='word_1_478' title='bbox 640 3909 803 3972; x_wconf 82' lang='grc' dir='ltr'>αὐτὸς</span> <span class='ocrx_word' id='word_1_479' title='bbox 850 3906 1052 3971; x_wconf 84' lang='grc' dir='ltr'>ἀθλείς.</span> <span class='ocrx_word' id='word_1_480' title='bbox 1117 3905 1259 3960; x_wconf 83' lang='grc' dir='ltr'>Ἀλλ’</span> <span class='ocrx_word' id='word_1_481' title='bbox 1311 3902 1371 3960; x_wconf 79' lang='grc' dir='ltr'><strong>εὖ</strong></span> <span class='ocrx_word' id='word_1_482' title='bbox 1420 3905 1571 3960; x_wconf 81' lang='grc' dir='ltr'>ἐσται</span> <span class='ocrx_word' id='word_1_483' title='bbox 1616 3909 1732 3968; x_wconf 89' lang='grc' dir='ltr'>τοῖς</span> 
     </span>
    </p>
   </div>
   <div class='ocr_carea' id='block_1_70' title="bbox 132 3992 1729 4074">
    <p class='ocr_par' dir='ltr' id='par_1_70' title="bbox 132 3992 1729 4074">
     <span class='ocr_line' id='line_1_70' title="bbox 132 3992 1729 4074; baseline -0.004 -19"><span class='ocrx_word' id='word_1_484' title='bbox 132 3999 399 4074; x_wconf 84' lang='grc' dir='ltr'>βοηθοῦσι</span> <span class='ocrx_word' id='word_1_485' title='bbox 429 4001 525 4053; x_wconf 69' lang='grc' dir='ltr'><strong>καὶ</strong></span> <span class='ocrx_word' id='word_1_486' title='bbox 559 3998 981 4072; x_wconf 81' lang='grc' dir='ltr'>συνδιαφέρουσι</span> <span class='ocrx_word' id='word_1_487' title='bbox 1010 4015 1094 4051; x_wconf 89' lang='grc' dir='ltr'><strong>σοι</strong></span> <span class='ocrx_word' id='word_1_488' title='bbox 1125 3997 1195 4051; x_wconf 84' lang='grc' dir='ltr'><strong>τά</strong></span> <span class='ocrx_word' id='word_1_489' title='bbox 1216 3997 1579 4068; x_wconf 83' lang='grc' dir='ltr'>ἀγωνίσματα</span> <span class='ocrx_word' id='word_1_490' title='bbox 1600 4013 1614 4026; x_wconf 73' lang='grc' dir='ltr'><strong>ο</strong></span> <span class='ocrx_word' id='word_1_491' title='bbox 1646 3992 1729 4060; x_wconf 76' lang='grc' dir='ltr'>οἷς</span> 
     </span>
    </p>
   </div>
   <div class='ocr_carea' id='block_1_71' title="bbox 131 4085 1730 4164">
    <p class='ocr_par' dir='ltr' id='par_1_71' title="bbox 131 4085 1730 4164">
     <span class='ocr_line' id='line_1_71' title="bbox 131 4085 1730 4164; baseline -0.003 -17"><span class='ocrx_word' id='word_1_492' title='bbox 131 4097 233 4148; x_wconf 74' lang='grc' dir='ltr'>καὶ</span> <span class='ocrx_word' id='word_1_493' title='bbox 266 4092 451 4157; x_wconf 80' lang='grc' dir='ltr'>καλῶς</span> <span class='ocrx_word' id='word_1_494' title='bbox 486 4092 1068 4164; x_wconf 83' lang='grc' dir='ltr'>προαπελογησάμην,</span> <span class='ocrx_word' id='word_1_495' title='bbox 1100 4091 1194 4144; x_wconf 81' lang='grc' dir='ltr'><strong>καὶ</strong></span> <span class='ocrx_word' id='word_1_496' title='bbox 1237 4085 1495 4160; x_wconf 73' lang='grc' dir='ltr'>αὖθιςδὴ</span> <span class='ocrx_word' id='word_1_497' title='bbox 1529 4089 1730 4142; x_wconf 82' lang='grc' dir='ltr'>ἀπολο-</span> 
     </span>
    </p>
   </div>
   <div class='ocr_carea' id='block_1_72' title="bbox 131 4186 408 4256">
    <p class='ocr_par' dir='ltr' id='par_1_72' title="bbox 131 4186 408 4256">
     <span class='ocr_line' id='line_1_72' title="bbox 131 4186 408 4256; baseline 0.004 -20"><span class='ocrx_word' id='word_1_498' title='bbox 131 4186 408 4256; x_wconf 81' lang='grc' dir='ltr'>γήσομαι.</span> 
     </span>
    </p>
   </div>
   <div class='ocr_carea' id='block_1_73' title="bbox 219 4263 1729 4345">
    <p class='ocr_par' dir='ltr' id='par_1_73' title="bbox 219 4263 1729 4345">
     <span class='ocr_line' id='line_1_73' title="bbox 219 4263 1729 4345; baseline -0.005 -16"><span class='ocrx_word' id='word_1_499' title='bbox 219 4276 348 4329; x_wconf 81' lang='grc' dir='ltr'><strong>Ἐπὶ</strong></span> <span class='ocrx_word' id='word_1_500' title='bbox 367 4275 425 4327; x_wconf 69' lang='grc' dir='ltr'>δὲ</span> <span class='ocrx_word' id='word_1_501' title='bbox 455 4273 554 4345; x_wconf 82' lang='grc' dir='ltr'>τὴν</span> <span class='ocrx_word' id='word_1_502' title='bbox 585 4271 855 4344; x_wconf 76' lang='grc' dir='ltr'>ἐρώτησιν</span> <span class='ocrx_word' id='word_1_503' title='bbox 911 4272 1170 4341; x_wconf 87' lang='grc' dir='ltr'>μέτειμι,</span> <span class='ocrx_word' id='word_1_504' title='bbox 1205 4270 1311 4323; x_wconf 87' lang='grc' dir='ltr'><strong>ἐῶν</strong></span> <span class='ocrx_word' id='word_1_505' title='bbox 1343 4269 1486 4341; x_wconf 80' lang='grc' dir='ltr'>ὑπὲρ</span> <span class='ocrx_word' id='word_1_506' title='bbox 1518 4263 1593 4323; x_wconf 85' lang='grc' dir='ltr'>ὧν</span> <span class='ocrx_word' id='word_1_507' title='bbox 1624 4269 1729 4323; x_wconf 83' lang='grc' dir='ltr'><strong>δώ-</strong></span> 
     </span>
    </p>
   </div>
   <div class='ocr_carea' id='block_1_74' title="bbox 134 4360 1730 4440">
    <p class='ocr_par' dir='ltr' id='par_1_74' title="bbox 134 4360 1730 4440">
     <span class='ocr_line' id='line_1_74' title="bbox 134 4360 1730 4440; baseline -0.002 -19"><span class='ocrx_word' id='word_1_508' title='bbox 134 4385 250 4440; x_wconf 91' lang='grc' dir='ltr'><strong>ρων</strong></span> <span class='ocrx_word' id='word_1_509' title='bbox 285 4365 656 4436; x_wconf 68' lang='grc' dir='ltr'>ἐγκωμιάζεις</span> <span class='ocrx_word' id='word_1_510' title='bbox 687 4381 779 4434; x_wconf 86' lang='grc' dir='ltr'><strong>με.</strong></span> <span class='ocrx_word' id='word_1_511' title='bbox 801 4363 901 4427; x_wconf 79' lang='grc' dir='ltr'><strong>τὰς</strong></span> <span class='ocrx_word' id='word_1_512' title='bbox 923 4360 1220 4428; x_wconf 81' lang='grc' dir='ltr'>ἀντιλέξεις</span> <span class='ocrx_word' id='word_1_513' title='bbox 1250 4363 1522 4417; x_wconf 77' lang='grc' dir='ltr'>ἀποίσεινο</span> <span class='ocrx_word' id='word_1_514' title='bbox 1550 4363 1626 4428; x_wconf 84' lang='grc' dir='ltr'><strong>ὡς</strong></span> <span class='ocrx_word' id='word_1_515' title='bbox 1654 4365 1730 4434; x_wconf 82' lang='grc' dir='ltr'>μὴ</span> 
     </span>
    </p>
   </div>
   <div class='ocr_carea' id='block_1_75' title="bbox 131 4455 1731 4531">
    <p class='ocr_par' dir='ltr' id='par_1_75' title="bbox 131 4455 1731 4531">
     <span class='ocr_line' id='line_1_75' title="bbox 131 4455 1731 4531; baseline -0.004 -17"><span class='ocrx_word' id='word_1_516' title='bbox 131 4459 388 4531; x_wconf 80' lang='grc' dir='ltr'>οίηθῆναί</span> <span class='ocrx_word' id='word_1_517' title='bbox 424 4475 494 4528; x_wconf 86' lang='grc' dir='ltr'><strong>με</strong></span> <span class='ocrx_word' id='word_1_518' title='bbox 524 4455 968 4526; x_wconf 79' lang='grc' dir='ltr'>συγκαταθέσθαι</span> <span class='ocrx_word' id='word_1_519' title='bbox 1004 4457 1120 4520; x_wconf 88' lang='grc' dir='ltr'>τοῖς</span> <span class='ocrx_word' id='word_1_520' title='bbox 1154 4455 1420 4520; x_wconf 84' lang='grc' dir='ltr'>ἐπαίνοις.</span> <span class='ocrx_word' id='word_1_521' title='bbox 1458 4456 1589 4527; x_wconf 75' lang='grc' dir='ltr'><strong>Εἰμὶ</strong></span> <span class='ocrx_word' id='word_1_522' title='bbox 1623 4460 1731 4527; x_wconf 88' lang='grc' dir='ltr'>γὰρ</span> 
     </span>
    </p>
   </div>
   <div class='ocr_carea' id='block_1_76' title="bbox 131 4546 1733 4622">
    <p class='ocr_par' dir='ltr' id='par_1_76' title="bbox 131 4546 1733 4622">
     <span class='ocr_line' id='line_1_76' title="bbox 131 4546 1733 4622; baseline -0.002 -17"><span class='ocrx_word' id='word_1_523' title='bbox 131 4553 346 4622; x_wconf 74' lang='grc' dir='ltr'>ἔρημος</span> <span class='ocrx_word' id='word_1_524' title='bbox 394 4548 600 4613; x_wconf 79' lang='grc' dir='ltr'>παντὸς</span> <span class='ocrx_word' id='word_1_525' title='bbox 646 4546 885 4616; x_wconf 87' lang='grc' dir='ltr'>ἀγαθοῦ.</span> <span class='ocrx_word' id='word_1_526' title='bbox 929 4547 1104 4600; x_wconf 90' lang='grc' dir='ltr'>Ὅπου</span> <span class='ocrx_word' id='word_1_527' title='bbox 1150 4546 1243 4600; x_wconf 82' lang='grc' dir='ltr'><strong>οῦν</strong></span> <span class='ocrx_word' id='word_1_528' title='bbox 1273 4549 1302 4600; x_wconf 84' lang='grc' dir='ltr'><strong>ό</strong></span> <span class='ocrx_word' id='word_1_529' title='bbox 1344 4549 1521 4616; x_wconf 87' lang='grc' dir='ltr'>μέγας</span> <span class='ocrx_word' id='word_1_530' title='bbox 1568 4548 1733 4601; x_wconf 80' lang='grc' dir='ltr'>Βασί-</span> 
     </span>
    </p>
   </div>
   <div class='ocr_carea' id='block_1_77' title="bbox 1831 3446 3420 3522">
    <p class='ocr_par' dir='ltr' id='par_1_77' title="bbox 1831 3446 3420 3522">
     <span class='ocr_line' id='line_1_77' title="bbox 1831 3446 3420 3522; baseline 0.005 -20"><span class='ocrx_word' id='word_1_531' title='bbox 1831 3448 1906 3502; x_wconf 88' lang='lat' dir='ltr'><strong>tia</strong></span> <span class='ocrx_word' id='word_1_532' title='bbox 1937 3448 2281 3515; x_wconf 89' lang='lat' dir='ltr'><strong>copulamur.</strong></span> <span class='ocrx_word' id='word_1_533' title='bbox 2308 3446 2445 3504; x_wconf 76' lang='lat' dir='ltr'><strong>Vide</strong></span> <span class='ocrx_word' id='word_1_534' title='bbox 2484 3458 2620 3519; x_wconf 90' lang='lat' dir='ltr'><strong>quot</strong></span> <span class='ocrx_word' id='word_1_535' title='bbox 2645 3449 2790 3504; x_wconf 88' lang='lat' dir='ltr'><strong>bona</strong></span> <span class='ocrx_word' id='word_1_536' title='bbox 2819 3453 3090 3521; x_wconf 86' lang='lat' dir='ltr'><strong>pepererit</strong></span> <span class='ocrx_word' id='word_1_537' title='bbox 3122 3469 3221 3522; x_wconf 89' lang='lat' dir='ltr'><strong>pro</strong></span> <span class='ocrx_word' id='word_1_538' title='bbox 3255 3455 3420 3510; x_wconf 73' lang='lat' dir='ltr'><strong>Clari-</strong></span> 
     </span>
    </p>
   </div>
   <div class='ocr_carea' id='block_1_78' title="bbox 1832 3542 3419 3618">
    <p class='ocr_par' dir='ltr' id='par_1_78' title="bbox 1832 3542 3419 3618">
     <span class='ocr_line' id='line_1_78' title="bbox 1832 3542 3419 3618; baseline 0.004 -22"><span class='ocrx_word' id='word_1_539' title='bbox 1832 3551 1918 3596; x_wconf 90' lang='lat' dir='ltr'><strong>sto</strong></span> <span class='ocrx_word' id='word_1_540' title='bbox 1973 3542 2316 3612; x_wconf 82' lang='lat' dir='ltr'><strong>persecutio,</strong></span> <span class='ocrx_word' id='word_1_541' title='bbox 2368 3553 2423 3597; x_wconf 86' lang='lat' dir='ltr'><strong>et</strong></span> <span class='ocrx_word' id='word_1_542' title='bbox 2465 3543 2648 3598; x_wconf 83' lang='lat' dir='ltr'><strong>adhuc</strong></span> <span class='ocrx_word' id='word_1_543' title='bbox 2701 3543 2949 3613; x_wconf 86' lang='lat' dir='ltr'><strong>paritura</strong></span> <span class='ocrx_word' id='word_1_544' title='bbox 2998 3546 3092 3608; x_wconf 89' lang='lat' dir='ltr'><strong>sit,</strong></span> <span class='ocrx_word' id='word_1_545' title='bbox 3129 3557 3419 3618; x_wconf 89' lang='lat' dir='ltr'><strong>postquam</strong></span> 
     </span>
    </p>
   </div>
   <div class='ocr_carea' id='block_1_79' title="bbox 1832 3634 3422 3704">
    <p class='ocr_par' dir='ltr' id='par_1_79' title="bbox 1832 3634 3422 3704">
     <span class='ocr_line' id='line_1_79' title="bbox 1832 3634 3422 3704; baseline 0.004 -14"><span class='ocrx_word' id='word_1_546' title='bbox 1832 3649 1936 3690; x_wconf 88' lang='lat' dir='ltr'><strong>nos</strong></span> <span class='ocrx_word' id='word_1_547' title='bbox 1970 3635 2315 3689; x_wconf 88' lang='lat' dir='ltr'><strong>ardentiores</strong></span> <span class='ocrx_word' id='word_1_548' title='bbox 2361 3634 2428 3689; x_wconf 90' lang='lat' dir='ltr'><strong>ad</strong></span> <span class='ocrx_word' id='word_1_549' title='bbox 2471 3650 2537 3689; x_wconf 91' lang='lat' dir='ltr'><strong>ea</strong></span> <span class='ocrx_word' id='word_1_550' title='bbox 2577 3651 2702 3704; x_wconf 79' lang='lat' dir='ltr'><strong>qua:</strong></span> <span class='ocrx_word' id='word_1_551' title='bbox 2734 3638 2946 3691; x_wconf 86' lang='lat' dir='ltr'><strong>instant</strong></span> <span class='ocrx_word' id='word_1_552' title='bbox 2979 3636 3246 3704; x_wconf 73' lang='lat' dir='ltr'><strong>olfecerit,</strong></span> <span class='ocrx_word' id='word_1_553' title='bbox 3285 3642 3422 3696; x_wconf 89' lang='lat' dir='ltr'><strong>nihil</strong></span> 
     </span>
    </p>
   </div>
   <div class='ocr_carea' id='block_1_80' title="bbox 1833 3725 3422 3790">
    <p class='ocr_par' dir='ltr' id='par_1_80' title="bbox 1833 3725 3422 3790">
     <span class='ocr_line' id='line_1_80' title="bbox 1833 3725 3422 3790; baseline 0.003 -10"><span class='ocrx_word' id='word_1_554' title='bbox 1833 3727 2202 3781; x_wconf 86' lang='lat' dir='ltr'><strong>humanorum</strong></span> <span class='ocrx_word' id='word_1_555' title='bbox 2234 3740 2466 3781; x_wconf 89' lang='lat' dir='ltr'><strong>casuum</strong></span> <span class='ocrx_word' id='word_1_556' title='bbox 2501 3725 2947 3790; x_wconf 78' lang='lat' dir='ltr'><strong>extimescentes,</strong></span> <span class='ocrx_word' id='word_1_557' title='bbox 2973 3727 3068 3782; x_wconf 89' lang='lat' dir='ltr'><strong>sed</strong></span> <span class='ocrx_word' id='word_1_558' title='bbox 3100 3726 3198 3783; x_wconf 88' lang='lat' dir='ltr'><strong>Dei</strong></span> <span class='ocrx_word' id='word_1_559' title='bbox 3230 3744 3422 3785; x_wconf 79' lang='lat' dir='ltr'><strong>exem-</strong></span> 
     </span>
    </p>
   </div>
   <div class='ocr_carea' id='block_1_81' title="bbox 1834 3816 3425 3889">
    <p class='ocr_par' dir='ltr' id='par_1_81' title="bbox 1834 3816 3425 3889">
     <span class='ocr_line' id='line_1_81' title="bbox 1834 3816 3425 3889; baseline 0.003 -17"><span class='ocrx_word' id='word_1_560' title='bbox 1834 3818 1922 3886; x_wconf 81' lang='lat' dir='ltr'><strong>pio</strong></span> <span class='ocrx_word' id='word_1_561' title='bbox 1963 3819 2253 3872; x_wconf 86' lang='lat' dir='ltr'><strong>molestias</strong></span> <span class='ocrx_word' id='word_1_562' title='bbox 2287 3816 2602 3888; x_wconf 80' lang='lat' dir='ltr'><strong>perferendi</strong></span> <span class='ocrx_word' id='word_1_563' title='bbox 2632 3817 2888 3888; x_wconf 89' lang='lat' dir='ltr'><strong>cupidos,</strong></span> <span class='ocrx_word' id='word_1_564' title='bbox 2921 3834 3019 3888; x_wconf 91' lang='lat' dir='ltr'><strong>per</strong></span> <span class='ocrx_word' id='word_1_565' title='bbox 3051 3834 3191 3889; x_wconf 90' lang='lat' dir='ltr'><strong>quas</strong></span> <span class='ocrx_word' id='word_1_566' title='bbox 3217 3821 3326 3877; x_wconf 89' lang='lat' dir='ltr'><strong>huc</strong></span> <span class='ocrx_word' id='word_1_567' title='bbox 3368 3833 3425 3877; x_wconf 89' lang='lat' dir='ltr'><strong>et</strong></span> 
     </span>
    </p>
   </div>
   <div class='ocr_carea' id='block_1_82' title="bbox 1833 3907 3422 3979">
    <p class='ocr_par' dir='ltr' id='par_1_82' title="bbox 1833 3907 3422 3979">
     <span class='ocr_line' id='line_1_82' title="bbox 1833 3907 3422 3979; baseline 0.004 -17"><span class='ocrx_word' id='word_1_568' title='bbox 1833 3910 1968 3963; x_wconf 90' lang='lat' dir='ltr'><strong>illuc</strong></span> <span class='ocrx_word' id='word_1_569' title='bbox 1998 3919 2052 3963; x_wconf 92' lang='lat' dir='ltr'><strong>et</strong></span> <span class='ocrx_word' id='word_1_570' title='bbox 2089 3910 2207 3978; x_wconf 87' lang='lat' dir='ltr'><strong>ipse</strong></span> <span class='ocrx_word' id='word_1_571' title='bbox 2256 3909 2496 3979; x_wconf 86' lang='lat' dir='ltr'><strong>agitatus</strong></span> <span class='ocrx_word' id='word_1_572' title='bbox 2527 3907 2779 3964; x_wconf 88' lang='lat' dir='ltr'><strong>dimicas.</strong></span> <span class='ocrx_word' id='word_1_573' title='bbox 2834 3909 2941 3965; x_wconf 89' lang='lat' dir='ltr'><strong>Sed</strong></span> <span class='ocrx_word' id='word_1_574' title='bbox 2983 3921 3125 3966; x_wconf 89' lang='lat' dir='ltr'><strong>recte</strong></span> <span class='ocrx_word' id='word_1_575' title='bbox 3169 3927 3296 3966; x_wconf 90' lang='lat' dir='ltr'><strong>cum</strong></span> <span class='ocrx_word' id='word_1_576' title='bbox 3335 3913 3422 3969; x_wconf 85' lang='lat' dir='ltr'><strong>his</strong></span> 
     </span>
    </p>
   </div>
   <div class='ocr_carea' id='block_1_83' title="bbox 1834 3999 3425 4072">
    <p class='ocr_par' dir='ltr' id='par_1_83' title="bbox 1834 3999 3425 4072">
     <span class='ocr_line' id='line_1_83' title="bbox 1834 3999 3425 4072; baseline 0.003 -18"><span class='ocrx_word' id='word_1_577' title='bbox 1834 4009 2029 4072; x_wconf 79' lang='lat' dir='ltr'><strong>agetur</strong></span> <span class='ocrx_word' id='word_1_578' title='bbox 2058 4001 2152 4070; x_wconf 90' lang='lat' dir='ltr'><strong>qui</strong></span> <span class='ocrx_word' id='word_1_579' title='bbox 2191 4000 2288 4053; x_wconf 90' lang='lat' dir='ltr'><strong>tibi</strong></span> <span class='ocrx_word' id='word_1_580' title='bbox 2327 4015 2487 4069; x_wconf 89' lang='lat' dir='ltr'><strong>opem</strong></span> <span class='ocrx_word' id='word_1_581' title='bbox 2523 3999 2732 4066; x_wconf 82' lang='lat' dir='ltr'><strong>ferunt,</strong></span> <span class='ocrx_word' id='word_1_582' title='bbox 2782 4016 2847 4056; x_wconf 93' lang='lat' dir='ltr'><strong>ac</strong></span> <span class='ocrx_word' id='word_1_583' title='bbox 2885 4003 3089 4058; x_wconf 89' lang='lat' dir='ltr'><strong>bellum</strong></span> <span class='ocrx_word' id='word_1_584' title='bbox 3138 4020 3247 4059; x_wconf 88' lang='lat' dir='ltr'><strong>una</strong></span> <span class='ocrx_word' id='word_1_585' title='bbox 3289 4006 3425 4059; x_wconf 85' lang='lat' dir='ltr'><strong>tole-</strong></span> 
     </span>
    </p>
   </div>
   <div class='ocr_carea' id='block_1_84' title="bbox 1832 4091 3424 4167">
    <p class='ocr_par' dir='ltr' id='par_1_84' title="bbox 1832 4091 3424 4167">
     <span class='ocr_line' id='line_1_84' title="bbox 1832 4091 3424 4167; baseline 0.004 -20"><span class='ocrx_word' id='word_1_586' title='bbox 1832 4103 1957 4147; x_wconf 90' lang='lat' dir='ltr'><strong>rant</strong></span> <span class='ocrx_word' id='word_1_587' title='bbox 1990 4111 2004 4148; x_wconf 89' lang='lat'>:</span> <span class='ocrx_word' id='word_1_588' title='bbox 2033 4106 2176 4163; x_wconf 90' lang='lat' dir='ltr'><strong>quos</strong></span> <span class='ocrx_word' id='word_1_589' title='bbox 2208 4100 2267 4148; x_wconf 89' lang='lat' dir='ltr'><strong>ct</strong></span> <span class='ocrx_word' id='word_1_590' title='bbox 2292 4091 2408 4162; x_wconf 86' lang='lat' dir='ltr'><strong>jam</strong></span> <span class='ocrx_word' id='word_1_591' title='bbox 2439 4102 2570 4148; x_wconf 89' lang='lat' dir='ltr'><strong>ante</strong></span> <span class='ocrx_word' id='word_1_592' title='bbox 2589 4093 2806 4163; x_wconf 76' lang='lat' dir='ltr'><strong>egregie</strong></span> <span class='ocrx_word' id='word_1_593' title='bbox 2833 4093 3078 4161; x_wconf 82' lang='lat' dir='ltr'><strong>defendi,</strong></span> <span class='ocrx_word' id='word_1_594' title='bbox 3112 4111 3424 4167; x_wconf 88' lang='lat' dir='ltr'><strong>rursusque</strong></span> 
     </span>
    </p>
   </div>
   <div class='ocr_carea' id='block_1_85' title="bbox 1832 4183 2147 4240">
    <p class='ocr_par' dir='ltr' id='par_1_85' title="bbox 1832 4183 2147 4240">
     <span class='ocr_line' id='line_1_85' title="bbox 1832 4183 2147 4240; baseline 0.003 -2"><span class='ocrx_word' id='word_1_595' title='bbox 1832 4183 2147 4240; x_wconf 78' lang='lat' dir='ltr'><strong>defendam.</strong></span> 
     </span>
    </p>
   </div>
   <div class='ocr_carea' id='block_1_86' title="bbox 1905 4273 3422 4348">
    <p class='ocr_par' dir='ltr' id='par_1_86' title="bbox 1905 4273 3422 4348">
     <span class='ocr_line' id='line_1_86' title="bbox 1905 4273 3422 4348; baseline 0.002 -18"><span class='ocrx_word' id='word_1_596' title='bbox 1905 4276 1988 4330; x_wconf 83' lang='lat' dir='ltr'><strong>Ad</strong></span> <span class='ocrx_word' id='word_1_597' title='bbox 2038 4275 2525 4345; x_wconf 87' lang='lat' dir='ltr'><strong>interrogationem</strong></span> <span class='ocrx_word' id='word_1_598' title='bbox 2573 4273 2758 4340; x_wconf 89' lang='lat' dir='ltr'><strong>venio,</strong></span> <span class='ocrx_word' id='word_1_599' title='bbox 2812 4275 3078 4331; x_wconf 82' lang='lat' dir='ltr'><strong>amittens</strong></span> <span class='ocrx_word' id='word_1_600' title='bbox 3116 4275 3422 4348; x_wconf 81' lang='lat' dir='ltr'><strong>quidquam</strong></span> 
     </span>
    </p>
   </div>
   <div class='ocr_carea' id='block_1_87' title="bbox 1833 4366 3422 4438">
    <p class='ocr_par' dir='ltr' id='par_1_87' title="bbox 1833 4366 3422 4438">
     <span class='ocr_line' id='line_1_87' title="bbox 1833 4366 3422 4438; baseline 0.003 -17"><span class='ocrx_word' id='word_1_601' title='bbox 1833 4383 2105 4437; x_wconf 88' lang='lat' dir='ltr'><strong>reponere</strong></span> <span class='ocrx_word' id='word_1_602' title='bbox 2137 4366 2194 4421; x_wconf 92' lang='lat' dir='ltr'><strong>in</strong></span> <span class='ocrx_word' id='word_1_603' title='bbox 2225 4382 2417 4421; x_wconf 90' lang='lat' dir='ltr'><strong>earum</strong></span> <span class='ocrx_word' id='word_1_604' title='bbox 2457 4367 2682 4422; x_wconf 83' lang='lat' dir='ltr'><strong>laudum</strong></span> <span class='ocrx_word' id='word_1_605' title='bbox 2715 4367 2891 4422; x_wconf 86' lang='lat' dir='ltr'><strong>vicem</strong></span> <span class='ocrx_word' id='word_1_606' title='bbox 2927 4368 3132 4438; x_wconf 88' lang='lat' dir='ltr'><strong>quibus</strong></span> <span class='ocrx_word' id='word_1_607' title='bbox 3160 4384 3247 4425; x_wconf 89' lang='lat' dir='ltr'><strong>me</strong></span> <span class='ocrx_word' id='word_1_608' title='bbox 3285 4385 3422 4426; x_wconf 91' lang='lat' dir='ltr'><strong>one-</strong></span> 
     </span>
    </p>
   </div>
   <div class='ocr_carea' id='block_1_88' title="bbox 1833 4457 3424 4524">
    <p class='ocr_par' dir='ltr' id='par_1_88' title="bbox 1833 4457 3424 4524">
     <span class='ocr_line' id='line_1_88' title="bbox 1833 4457 3424 4524; baseline 0.004 -13"><span class='ocrx_word' id='word_1_609' title='bbox 1833 4473 1962 4524; x_wconf 86' lang='lat' dir='ltr'><strong>ras;</strong></span> <span class='ocrx_word' id='word_1_610' title='bbox 2009 4471 2080 4511; x_wconf 90' lang='lat' dir='ltr'><strong>ne</strong></span> <span class='ocrx_word' id='word_1_611' title='bbox 2127 4457 2316 4512; x_wconf 89' lang='lat' dir='ltr'><strong>videar</strong></span> <span class='ocrx_word' id='word_1_612' title='bbox 2357 4457 2661 4513; x_wconf 90' lang='lat' dir='ltr'><strong>laudatioui</strong></span> <span class='ocrx_word' id='word_1_613' title='bbox 2701 4459 2987 4514; x_wconf 87' lang='lat' dir='ltr'><strong>assentiri.</strong></span> <span class='ocrx_word' id='word_1_614' title='bbox 3038 4458 3170 4514; x_wconf 90' lang='lat' dir='ltr'><strong>Sum</strong></span> <span class='ocrx_word' id='word_1_615' title='bbox 3219 4463 3424 4518; x_wconf 88' lang='lat' dir='ltr'><strong>etenim</strong></span> 
     </span>
    </p>
   </div>
   <div class='ocr_carea' id='block_1_89' title="bbox 1834 4548 3422 4622">
    <p class='ocr_par' dir='ltr' id='par_1_89' title="bbox 1834 4548 3422 4622">
     <span class='ocr_line' id='line_1_89' title="bbox 1834 4548 3422 4622; baseline 0.005 -20"><span class='ocrx_word' id='word_1_616' title='bbox 1834 4551 2016 4603; x_wconf 88' lang='lat' dir='ltr'><strong>omnis</strong></span> <span class='ocrx_word' id='word_1_617' title='bbox 2046 4549 2174 4604; x_wconf 89' lang='lat' dir='ltr'><strong>boni</strong></span> <span class='ocrx_word' id='word_1_618' title='bbox 2216 4563 2437 4619; x_wconf 83' lang='lat' dir='ltr'><strong>expers.</strong></span> <span class='ocrx_word' id='word_1_619' title='bbox 2475 4548 2578 4605; x_wconf 89' lang='lat' dir='ltr'><strong>Ubi</strong></span> <span class='ocrx_word' id='word_1_620' title='bbox 2626 4551 2794 4622; x_wconf 88' lang='lat' dir='ltr'><strong>igitur</strong></span> <span class='ocrx_word' id='word_1_621' title='bbox 2841 4567 3075 4622; x_wconf 87' lang='lat' dir='ltr'><strong>magnus</strong></span> <span class='ocrx_word' id='word_1_622' title='bbox 3115 4552 3352 4610; x_wconf 81' lang='lat' dir='ltr'><strong>Basilius</strong></span> <span class='ocrx_word' id='word_1_623' title='bbox 3376 4556 3422 4622; x_wconf 84' lang='lat'><strong>’,</strong></span> 
     </span>
    </p>
   </div>
   <div class='ocr_carea' id='block_1_90' title="bbox 130 4637 1725 4715">
    <p class='ocr_par' dir='ltr' id='par_1_90' title="bbox 130 4637 1723 4710">
     <span class='ocr_line' id='line_1_90' title="bbox 130 4637 1723 4710; baseline -0.003 -12"><span class='ocrx_word' id='word_1_624' title='bbox 130 4645 298 4707; x_wconf 83' lang='grc' dir='ltr'>λειος,</span> <span class='ocrx_word' id='word_1_625' title='bbox 323 4643 388 4696; x_wconf 78' lang='grc' dir='ltr'>τὸ</span> <span class='ocrx_word' id='word_1_626' title='bbox 418 4642 535 4710; x_wconf 82' lang='grc' dir='ltr'>φῶς</span> <span class='ocrx_word' id='word_1_627' title='bbox 559 4640 657 4694; x_wconf 89' lang='grc' dir='ltr'><strong>τοῦ</strong></span> <span class='ocrx_word' id='word_1_628' title='bbox 682 4641 915 4709; x_wconf 85' lang='grc' dir='ltr'>κόσμου,</span> <span class='ocrx_word' id='word_1_629' title='bbox 949 4640 1276 4710; x_wconf 80' lang='grc' dir='ltr'>άποφήσειε,</span> <span class='ocrx_word' id='word_1_630' title='bbox 1297 4639 1402 4691; x_wconf 89' lang='grc' dir='ltr'>τίνι</span> <span class='ocrx_word' id='word_1_631' title='bbox 1424 4637 1723 4709; x_wconf 83' lang='grc' dir='ltr'>τολμητέον</span> 
     </span>
    </p>
   </div>
   <div class='ocr_carea' id='block_1_91' title="bbox 1830 4637 3423 4715">
    <p class='ocr_par' dir='ltr' id='par_1_91' title="bbox 1830 4642 3423 4715">
     <span class='ocr_line' id='line_1_91' title="bbox 1830 4642 3423 4715; baseline 0.004 -20"><span class='ocrx_word' id='word_1_632' title='bbox 1830 4642 1919 4696; x_wconf 80' lang='lat' dir='ltr'><strong>lux</strong></span> <span class='ocrx_word' id='word_1_633' title='bbox 1966 4642 2138 4708; x_wconf 87' lang='lat' dir='ltr'><strong>orbis,</strong></span> <span class='ocrx_word' id='word_1_634' title='bbox 2166 4642 2496 4697; x_wconf 84' lang='lat' dir='ltr'><strong>sententiam</strong></span> <span class='ocrx_word' id='word_1_635' title='bbox 2562 4643 2809 4715; x_wconf 88' lang='lat' dir='ltr'><strong>protulit,</strong></span> <span class='ocrx_word' id='word_1_636' title='bbox 2853 4646 2980 4715; x_wconf 86' lang='lat' dir='ltr'><strong>quis</strong></span> <span class='ocrx_word' id='word_1_637' title='bbox 3033 4659 3182 4700; x_wconf 73' lang='lat' dir='ltr'><strong>sanae</strong></span> <span class='ocrx_word' id='word_1_638' title='bbox 3219 4648 3423 4702; x_wconf 85' lang='lat' dir='ltr'><strong>mentis</strong></span> 
     </span>
    </p>
   </div>
   <div class='ocr_carea' id='block_1_92' title="bbox 130 4731 1731 4805">
    <p class='ocr_par' dir='ltr' id='par_1_92' title="bbox 130 4731 1731 4805">
     <span class='ocr_line' id='line_1_92' title="bbox 130 4731 1731 4805; baseline -0.002 -18"><span class='ocrx_word' id='word_1_639' title='bbox 130 4737 315 4805; x_wconf 75' lang='grc' dir='ltr'>ἔχοντι</span> <span class='ocrx_word' id='word_1_640' title='bbox 361 4733 488 4787; x_wconf 88' lang='grc' dir='ltr'>νοῦν</span> <span class='ocrx_word' id='word_1_641' title='bbox 518 4733 658 4796; x_wconf 83' lang='grc' dir='ltr'>ὅλως</span> <span class='ocrx_word' id='word_1_642' title='bbox 689 4731 1120 4802; x_wconf 76' lang='grc' dir='ltr'>άντιφέρεσθαις</span> <span class='ocrx_word' id='word_1_643' title='bbox 1173 4731 1335 4784; x_wconf 87' lang='grc' dir='ltr'>Ἔστι</span> <span class='ocrx_word' id='word_1_644' title='bbox 1384 4731 1442 4784; x_wconf 75' lang='grc' dir='ltr'>δὲ</span> <span class='ocrx_word' id='word_1_645' title='bbox 1471 4732 1630 4786; x_wconf 89' lang='grc' dir='ltr'>τοῦτο</span> <span class='ocrx_word' id='word_1_646' title='bbox 1674 4735 1731 4784; x_wconf 91' lang='grc' dir='ltr'><strong>ἐν</strong></span> 
     </span>
    </p>
   </div>
   <div class='ocr_carea' id='block_1_93' title="bbox 129 4822 1729 4899">
    <p class='ocr_par' dir='ltr' id='par_1_93' title="bbox 129 4822 1729 4899">
     <span class='ocr_line' id='line_1_93' title="bbox 129 4822 1729 4899; baseline -0.003 -19"><span class='ocrx_word' id='word_1_647' title='bbox 129 4831 194 4899; x_wconf 80' lang='grc' dir='ltr'>τῇ</span> <span class='ocrx_word' id='word_1_648' title='bbox 243 4826 518 4897; x_wconf 79' lang='grc' dir='ltr'>ἐρωτήσει</span> <span class='ocrx_word' id='word_1_649' title='bbox 564 4825 676 4877; x_wconf 85' lang='grc' dir='ltr'>τῶν</span> <span class='ocrx_word' id='word_1_650' title='bbox 739 4822 1103 4894; x_wconf 81' lang='grc' dir='ltr'>ἀσκητικῶν,</span> <span class='ocrx_word' id='word_1_651' title='bbox 1156 4822 1301 4877; x_wconf 83' lang='grc' dir='ltr'><strong>καθά</strong></span> <span class='ocrx_word' id='word_1_652' title='bbox 1355 4823 1729 4894; x_wconf 79' lang='grc' dir='ltr'>ὑπεσημήνω’</span> 
     </span>
    </p>
   </div>
   <div class='ocr_carea' id='block_1_94' title="bbox 129 4918 1732 4991">
    <p class='ocr_par' dir='ltr' id='par_1_94' title="bbox 129 4918 1732 4991">
     <span class='ocr_line' id='line_1_94' title="bbox 129 4918 1732 4991; baseline -0.002 -16"><span class='ocrx_word' id='word_1_653' title='bbox 129 4921 304 4990; x_wconf 77' lang='grc' dir='ltr'>ἡγουν</span> <span class='ocrx_word' id='word_1_654' title='bbox 332 4938 346 4953; x_wconf 92' lang='grc'><strong>·</strong></span> <span class='ocrx_word' id='word_1_655' title='bbox 379 4938 399 4972; x_wconf 73' lang='grc' dir='ltr'><strong>ι</strong></span> <span class='ocrx_word' id='word_1_656' title='bbox 446 4919 505 4974; x_wconf 83' lang='lat' dir='ltr'><strong>Ei</strong></span> <span class='ocrx_word' id='word_1_657' title='bbox 557 4921 662 4990; x_wconf 79' lang='grc' dir='ltr'>χρὴ</span> <span class='ocrx_word' id='word_1_658' title='bbox 711 4921 1030 4991; x_wconf 86' lang='grc' dir='ltr'>οίκονομίας</span> <span class='ocrx_word' id='word_1_659' title='bbox 1070 4918 1233 4988; x_wconf 76' lang='grc' dir='ltr'>δῆθεν</span> <span class='ocrx_word' id='word_1_660' title='bbox 1279 4919 1556 4989; x_wconf 86' lang='grc' dir='ltr'>χρησίμου</span> <span class='ocrx_word' id='word_1_661' title='bbox 1598 4919 1732 4990; x_wconf 82' lang='grc' dir='ltr'>ψεύ-</span> 
     </span>
    </p>
   </div>
   <div class='ocr_carea' id='block_1_95' title="bbox 129 5009 1737 5081">
    <p class='ocr_par' dir='ltr' id='par_1_95' title="bbox 129 5009 1737 5081">
     <span class='ocr_line' id='line_1_95' title="bbox 129 5009 1737 5081; baseline -0.001 -17"><span class='ocrx_word' id='word_1_662' title='bbox 129 5009 348 5064; x_wconf 85' lang='grc' dir='ltr'>δεσθαι.</span> <span class='ocrx_word' id='word_1_663' title='bbox 411 5029 428 5063; x_wconf 84' lang='grc' dir='ltr'><strong>ι</strong></span> <span class='ocrx_word' id='word_1_664' title='bbox 471 5011 618 5081; x_wconf 80' lang='grc' dir='ltr'>Πρὸς</span> <span class='ocrx_word' id='word_1_665' title='bbox 656 5011 714 5064; x_wconf 80' lang='grc' dir='ltr'>ὅν</span> <span class='ocrx_word' id='word_1_666' title='bbox 773 5027 974 5081; x_wconf 78' lang='grc' dir='ltr'>φησιν’</span> <span class='ocrx_word' id='word_1_667' title='bbox 1023 5029 1041 5062; x_wconf 76' lang='grc' dir='ltr'><strong>ι</strong></span> <span class='ocrx_word' id='word_1_668' title='bbox 1093 5010 1157 5062; x_wconf 83' lang='grc' dir='ltr'><strong>Ἦ</strong></span> <span class='ocrx_word' id='word_1_669' title='bbox 1188 5009 1463 5080; x_wconf 84' lang='grc' dir='ltr'>ἀπόφασις</span> <span class='ocrx_word' id='word_1_670' title='bbox 1501 5009 1596 5062; x_wconf 83' lang='grc' dir='ltr'><strong>τοῦ</strong></span> <span class='ocrx_word' id='word_1_671' title='bbox 1624 5011 1737 5063; x_wconf 81' lang='grc' dir='ltr'><strong>Κυ-</strong></span> 
     </span>
    </p>
   </div>
   <div class='ocr_carea' id='block_1_96' title="bbox 134 5101 1733 5175">
    <p class='ocr_par' dir='ltr' id='par_1_96' title="bbox 134 5101 1733 5175">
     <span class='ocr_line' id='line_1_96' title="bbox 134 5101 1733 5175; baseline -0.001 -18"><span class='ocrx_word' id='word_1_672' title='bbox 134 5103 254 5175; x_wconf 88' lang='grc' dir='ltr'>ρίου</span> <span class='ocrx_word' id='word_1_673' title='bbox 292 5102 454 5174; x_wconf 81' lang='grc' dir='ltr'>ημῶν</span> <span class='ocrx_word' id='word_1_674' title='bbox 488 5101 670 5173; x_wconf 81' lang='grc' dir='ltr'>Ἰησοῦ</span> <span class='ocrx_word' id='word_1_675' title='bbox 702 5103 942 5174; x_wconf 83' lang='grc' dir='ltr'>Χριστοῦ</span> <span class='ocrx_word' id='word_1_676' title='bbox 972 5102 1134 5157; x_wconf 88' lang='grc' dir='ltr'>τοῦτο</span> <span class='ocrx_word' id='word_1_677' title='bbox 1158 5102 1220 5155; x_wconf 82' lang='grc' dir='ltr'>οὐ</span> <span class='ocrx_word' id='word_1_678' title='bbox 1255 5103 1549 5173; x_wconf 58' lang='grc' dir='ltr'>συγχωρεῦ</span> <span class='ocrx_word' id='word_1_679' title='bbox 1584 5101 1733 5166; x_wconf 75' lang='grc' dir='ltr'>ἅπαξ</span> 
     </span>
    </p>
   </div>
   <div class='ocr_carea' id='block_1_97' title="bbox 133 5193 1731 5264">
    <p class='ocr_par' dir='ltr' id='par_1_97' title="bbox 133 5193 1731 5264">
     <span class='ocr_line' id='line_1_97' title="bbox 133 5193 1731 5264; baseline 0 -18"><span class='ocrx_word' id='word_1_680' title='bbox 133 5195 409 5259; x_wconf 85' lang='grc' dir='ltr'>εἰπόντος,</span> <span class='ocrx_word' id='word_1_681' title='bbox 458 5195 542 5248; x_wconf 83' lang='grc' dir='ltr'>ὃτι</span> <span class='ocrx_word' id='word_1_682' title='bbox 579 5195 642 5248; x_wconf 79' lang='grc' dir='ltr'>τὸ</span> <span class='ocrx_word' id='word_1_683' title='bbox 670 5194 867 5264; x_wconf 76' lang='grc' dir='ltr'>ψεῦδος</span> <span class='ocrx_word' id='word_1_684' title='bbox 905 5197 973 5248; x_wconf 87' lang='grc' dir='ltr'><strong>ἐκ</strong></span> <span class='ocrx_word' id='word_1_685' title='bbox 1011 5193 1108 5248; x_wconf 85' lang='grc' dir='ltr'><strong>τοῦ</strong></span> <span class='ocrx_word' id='word_1_686' title='bbox 1143 5193 1392 5248; x_wconf 87' lang='grc' dir='ltr'>διαϐόλου</span> <span class='ocrx_word' id='word_1_687' title='bbox 1426 5193 1565 5246; x_wconf 81' lang='grc' dir='ltr'>ἐστί’</span> <span class='ocrx_word' id='word_1_688' title='bbox 1613 5194 1731 5247; x_wconf 84' lang='grc' dir='ltr'>δια-</span> 
     </span>
    </p>
   </div>
   <div class='ocr_carea' id='block_1_98' title="bbox 147 5285 1732 5358">
    <p class='ocr_par' dir='ltr' id='par_1_98' title="bbox 147 5285 1732 5358">
     <span class='ocr_line' id='line_1_98' title="bbox 147 5285 1732 5358; baseline 0 -20"><span class='ocrx_word' id='word_1_689' title='bbox 147 5287 312 5358; x_wconf 80' lang='grc' dir='ltr'>ροράν</span> <span class='ocrx_word' id='word_1_690' title='bbox 361 5285 593 5353; x_wconf 84' lang='grc' dir='ltr'>ψεύδους</span> <span class='ocrx_word' id='word_1_691' title='bbox 626 5285 898 5356; x_wconf 87' lang='grc' dir='ltr'>μηδεμίαν</span> <span class='ocrx_word' id='word_1_692' title='bbox 940 5288 1309 5358; x_wconf 84' lang='grc' dir='ltr'>ἐμφήναντος.</span> <span class='ocrx_word' id='word_1_693' title='bbox 1355 5286 1468 5338; x_wconf 78' lang='grc' dir='ltr'><strong>Καὶ</strong></span> <span class='ocrx_word' id='word_1_694' title='bbox 1503 5285 1532 5338; x_wconf 84' lang='grc' dir='ltr'><strong>ό</strong></span> <span class='ocrx_word' id='word_1_695' title='bbox 1569 5285 1732 5339; x_wconf 77' lang='grc' dir='ltr'><strong>Ἀπὸο</strong></span> 
     </span>
    </p>
   </div>
   <div class='ocr_carea' id='block_1_99' title="bbox 146 5368 1730 5450">
    <p class='ocr_par' dir='ltr' id='par_1_99' title="bbox 146 5368 1730 5450">
     <span class='ocr_line' id='line_1_99' title="bbox 146 5368 1730 5450; baseline -0.001 -18"><span class='ocrx_word' id='word_1_696' title='bbox 146 5381 324 5443; x_wconf 74' lang='grc' dir='ltr'>’τολος</span> <span class='ocrx_word' id='word_1_697' title='bbox 363 5378 422 5432; x_wconf 72' lang='grc' dir='ltr'>δι</span> <span class='ocrx_word' id='word_1_698' title='bbox 455 5381 726 5449; x_wconf 89' lang='grc' dir='ltr'>μαρτυρεί</span> <span class='ocrx_word' id='word_1_699' title='bbox 753 5378 993 5450; x_wconf 77' lang='grc' dir='ltr'>γράψας,</span> <span class='ocrx_word' id='word_1_700' title='bbox 1047 5380 1127 5432; x_wconf 86' lang='grc' dir='ltr'>ὅτι</span> <span class='ocrx_word' id='word_1_701' title='bbox 1159 5368 1288 5433; x_wconf 81' lang='grc' dir='ltr'><strong>Κᾶν</strong></span> <span class='ocrx_word' id='word_1_702' title='bbox 1324 5377 1482 5446; x_wconf 78' lang='grc' dir='ltr'>ἀθλῇ</span> <span class='ocrx_word' id='word_1_703' title='bbox 1508 5395 1629 5443; x_wconf 86' lang='grc' dir='ltr'>τις,</span> <span class='ocrx_word' id='word_1_704' title='bbox 1658 5380 1730 5431; x_wconf 87' lang='grc' dir='ltr'>οὐ</span> 
     </span>
    </p>
   </div>
   <div class='ocr_carea' id='block_1_100' title="bbox 137 5467 1729 5541">
    <p class='ocr_par' dir='ltr' id='par_1_100' title="bbox 137 5467 1729 5541">
     <span class='ocr_line' id='line_1_100' title="bbox 137 5467 1729 5541; baseline -0.002 -15"><span class='ocrx_word' id='word_1_705' title='bbox 137 5468 564 5541; x_wconf 71' lang='grc' dir='ltr'>στεφανοῦται,</span> <span class='ocrx_word' id='word_1_706' title='bbox 609 5473 662 5524; x_wconf 82' lang='lat' dir='ltr'><strong>sl</strong></span> <span class='ocrx_word' id='word_1_707' title='bbox 704 5470 792 5540; x_wconf 80' lang='grc' dir='ltr'>μὴ</span> <span class='ocrx_word' id='word_1_708' title='bbox 840 5471 1101 5539; x_wconf 80' lang='grc' dir='ltr'>νομίμως</span> <span class='ocrx_word' id='word_1_709' title='bbox 1145 5469 1425 5536; x_wconf 80' lang='grc' dir='ltr'>ἀθλήσει.</span> <span class='ocrx_word' id='word_1_710' title='bbox 1478 5489 1496 5521; x_wconf 75' lang='grc' dir='ltr'><strong>ι</strong></span> <span class='ocrx_word' id='word_1_711' title='bbox 1540 5467 1729 5523; x_wconf 88' lang='grc' dir='ltr'>Ταῦτα</span> 
     </span>
    </p>
   </div>
   <div class='ocr_carea' id='block_1_101' title="bbox 145 5559 1727 5634">
    <p class='ocr_par' dir='ltr' id='par_1_101' title="bbox 145 5559 1727 5634">
     <span class='ocr_line' id='line_1_101' title="bbox 145 5559 1727 5634; baseline -0.001 -20"><span class='ocrx_word' id='word_1_712' title='bbox 145 5564 236 5634; x_wconf 73' lang='grc' dir='ltr'>μὲν</span> <span class='ocrx_word' id='word_1_713' title='bbox 273 5561 430 5631; x_wconf 87' lang='grc' dir='ltr'><strong>παρά</strong></span> <span class='ocrx_word' id='word_1_714' title='bbox 463 5560 560 5614; x_wconf 90' lang='grc' dir='ltr'><strong>τοῦ</strong></span> <span class='ocrx_word' id='word_1_715' title='bbox 589 5563 827 5632; x_wconf 85' lang='grc' dir='ltr'>Πατρός.</span> <span class='ocrx_word' id='word_1_716' title='bbox 863 5563 1045 5632; x_wconf 85' lang='grc' dir='ltr'>Ἐφης</span> <span class='ocrx_word' id='word_1_717' title='bbox 1078 5560 1136 5614; x_wconf 77' lang='grc' dir='ltr'>δὲ</span> <span class='ocrx_word' id='word_1_718' title='bbox 1165 5559 1533 5632; x_wconf 87' lang='grc' dir='ltr'>προσκεῖσθαι</span> <span class='ocrx_word' id='word_1_719' title='bbox 1565 5561 1623 5613; x_wconf 83' lang='grc' dir='ltr'><strong>ἐν</strong></span> <span class='ocrx_word' id='word_1_720' title='bbox 1648 5559 1727 5632; x_wconf 85' lang='grc' dir='ltr'><strong>τῷ</strong></span> 
     </span>
    </p>
   </div>
   <div class='ocr_carea' id='block_1_102' title="bbox 140 5652 1724 5726">
    <p class='ocr_par' dir='ltr' id='par_1_102' title="bbox 140 5652 1724 5726">
     <span class='ocr_line' id='line_1_102' title="bbox 140 5652 1724 5726; baseline -0.003 -18"><span class='ocrx_word' id='word_1_721' title='bbox 140 5654 424 5726; x_wconf 84' lang='grc' dir='ltr'>κεφαλαίῳ</span> <span class='ocrx_word' id='word_1_722' title='bbox 449 5654 661 5724; x_wconf 86' lang='grc' dir='ltr'>σχόλιον</span> <span class='ocrx_word' id='word_1_723' title='bbox 681 5697 694 5721; x_wconf 90' lang='grc'><strong>,</strong></span> <span class='ocrx_word' id='word_1_724' title='bbox 729 5657 811 5709; x_wconf 82' lang='grc' dir='ltr'>ὅτι</span> <span class='ocrx_word' id='word_1_725' title='bbox 837 5654 1114 5726; x_wconf 88' lang='grc' dir='ltr'>χρησίμου</span> <span class='ocrx_word' id='word_1_726' title='bbox 1144 5653 1334 5706; x_wconf 80' lang='grc' dir='ltr'><strong>¹ἐνεκεν</strong></span> <span class='ocrx_word' id='word_1_727' title='bbox 1366 5655 1398 5724; x_wconf 87' lang='grc' dir='ltr'>ή</span> <span class='ocrx_word' id='word_1_728' title='bbox 1429 5652 1724 5724; x_wconf 84' lang='grc' dir='ltr'>ἐρώτησις,</span> 
     </span>
    </p>
   </div>
   <div class='ocr_carea' id='block_1_103' title="bbox 137 5742 1728 5813">
    <p class='ocr_par' dir='ltr' id='par_1_103' title="bbox 137 5742 1728 5813">
     <span class='ocr_line' id='line_1_103' title="bbox 137 5742 1728 5813; baseline 0.001 -16"><span class='ocrx_word' id='word_1_729' title='bbox 137 5746 233 5797; x_wconf 68' lang='grc' dir='ltr'><strong>οὐκ</strong></span> <span class='ocrx_word' id='word_1_730' title='bbox 258 5742 582 5810; x_wconf 84' lang='grc' dir='ltr'>ἀναγκαίου·</span> <span class='ocrx_word' id='word_1_731' title='bbox 619 5744 681 5796; x_wconf 80' lang='grc' dir='ltr'><strong>ού</strong></span> <span class='ocrx_word' id='word_1_732' title='bbox 715 5745 823 5813; x_wconf 78' lang='grc' dir='ltr'>γὰρ</span> <span class='ocrx_word' id='word_1_733' title='bbox 854 5743 1051 5796; x_wconf 81' lang='grc' dir='ltr'>ταυτὸν</span> <span class='ocrx_word' id='word_1_734' title='bbox 1082 5743 1394 5812; x_wconf 81' lang='grc' dir='ltr'>ἀμφότερα.</span> <span class='ocrx_word' id='word_1_735' title='bbox 1430 5743 1539 5795; x_wconf 79' lang='grc' dir='ltr'><strong>Καὶ</strong></span> <span class='ocrx_word' id='word_1_736' title='bbox 1565 5744 1728 5798; x_wconf 86' lang='grc' dir='ltr'>πάλιν</span> 
     </span>
    </p>
   </div>
   <div class='ocr_carea' id='block_1_104' title="bbox 209 5855 1460 5922">
    <p class='ocr_par' dir='ltr' id='par_1_104' title="bbox 209 5855 1460 5922">
     <span class='ocr_line' id='line_1_104' title="bbox 209 5855 1460 5922; baseline -0.001 -11"><span class='ocrx_word' id='word_1_737' title='bbox 209 5857 411 5912; x_wconf 79' lang='lat' dir='ltr'><strong>‘Joan.</strong></span> <span class='ocrx_word' id='word_1_738' title='bbox 446 5857 649 5922; x_wconf 69' lang='lat'><strong>301,25.</strong></span> <span class='ocrx_word' id='word_1_739' title='bbox 728 5860 748 5889; x_wconf 79' lang='grc'><strong><em>⁷</em></strong></span> <span class='ocrx_word' id='word_1_740' title='bbox 771 5858 904 5913; x_wconf 84' lang='lat' dir='ltr'><strong>ibid.</strong></span> <span class='ocrx_word' id='word_1_741' title='bbox 935 5858 1027 5912; x_wconf 75' lang='grc'>26.</span> <span class='ocrx_word' id='word_1_742' title='bbox 1055 5859 1077 5890; x_wconf 84' lang='grc'>⁸</span> <span class='ocrx_word' id='word_1_743' title='bbox 1102 5855 1119 5908; x_wconf 87' lang='grc'><strong>1</strong></span> <span class='ocrx_word' id='word_1_744' title='bbox 1143 5855 1336 5912; x_wconf 83' lang='lat' dir='ltr'><strong>Thess.</strong></span> <span class='ocrx_word' id='word_1_745' title='bbox 1368 5857 1460 5910; x_wconf 71' lang='lat'><strong>28.</strong></span> 
     </span>
    </p>
   </div>
   <div class='ocr_carea' id='block_1_105' title="bbox 1831 4734 3420 4808">
    <p class='ocr_par' dir='ltr' id='par_1_105' title="bbox 1831 4734 3420 4808">
     <span class='ocr_line' id='line_1_105' title="bbox 1831 4734 3420 4808; baseline 0.003 -20"><span class='ocrx_word' id='word_1_746' title='bbox 1831 4735 2100 4789; x_wconf 81' lang='lat' dir='ltr'><strong>obluctari</strong></span> <span class='ocrx_word' id='word_1_747' title='bbox 2139 4734 2448 4790; x_wconf 85' lang='lat' dir='ltr'><strong>ausit?Est</strong></span> <span class='ocrx_word' id='word_1_748' title='bbox 2474 4737 2619 4792; x_wconf 85' lang='lat' dir='ltr'><strong>istud</strong></span> <span class='ocrx_word' id='word_1_749' title='bbox 2650 4738 2702 4791; x_wconf 91' lang='lat' dir='ltr'><strong>in</strong></span> <span class='ocrx_word' id='word_1_750' title='bbox 2747 4737 3179 4808; x_wconf 87' lang='lat' dir='ltr'><strong>interrogatione</strong></span> <span class='ocrx_word' id='word_1_751' title='bbox 3203 4740 3420 4794; x_wconf 87' lang='lat' dir='ltr'><strong>Asceti-</strong></span> 
     </span>
    </p>
   </div>
   <div class='ocr_carea' id='block_1_106' title="bbox 1831 4827 3421 4899">
    <p class='ocr_par' dir='ltr' id='par_1_106' title="bbox 1831 4827 3421 4899">
     <span class='ocr_line' id='line_1_106' title="bbox 1831 4827 3421 4899; baseline 0.002 -17"><span class='ocrx_word' id='word_1_752' title='bbox 1831 4843 2049 4889; x_wconf 86' lang='lat' dir='ltr'><strong>corum,</strong></span> <span class='ocrx_word' id='word_1_753' title='bbox 2091 4835 2152 4882; x_wconf 87' lang='lat' dir='ltr'><strong>ut</strong></span> <span class='ocrx_word' id='word_1_754' title='bbox 2199 4827 2546 4895; x_wconf 85' lang='lat' dir='ltr'><strong>subnotasti;</strong></span> <span class='ocrx_word' id='word_1_755' title='bbox 2583 4828 2882 4885; x_wconf 86' lang='lat' dir='ltr'><strong>videlicet:</strong></span> <span class='ocrx_word' id='word_1_756' title='bbox 2919 4849 2938 4881; x_wconf 74' lang='grc' dir='ltr'><strong>ι</strong></span> <span class='ocrx_word' id='word_1_757' title='bbox 2971 4827 3231 4899; x_wconf 84' lang='lat' dir='ltr'><strong>Nunquid</strong></span> <span class='ocrx_word' id='word_1_758' title='bbox 3268 4831 3421 4887; x_wconf 90' lang='lat' dir='ltr'><strong>utilis</strong></span> 
     </span>
    </p>
   </div>
   <div class='ocr_carea' id='block_1_107' title="bbox 1831 4918 3421 4988">
    <p class='ocr_par' dir='ltr' id='par_1_107' title="bbox 1831 4918 3421 4988">
     <span class='ocr_line' id='line_1_107' title="bbox 1831 4918 3421 4988; baseline 0.003 -16"><span class='ocrx_word' id='word_1_759' title='bbox 1831 4918 2263 4988; x_wconf 84' lang='lat' dir='ltr'><strong>dispensationis</strong></span> <span class='ocrx_word' id='word_1_760' title='bbox 2321 4935 2489 4973; x_wconf 87' lang='lat' dir='ltr'><strong>causa</strong></span> <span class='ocrx_word' id='word_1_761' title='bbox 2541 4921 2918 4974; x_wconf 82' lang='lat' dir='ltr'><strong>mentiendum</strong></span> <span class='ocrx_word' id='word_1_762' title='bbox 2975 4921 3132 4976; x_wconf 66' lang='lat' dir='ltr'><strong>sit?»</strong></span> <span class='ocrx_word' id='word_1_763' title='bbox 3187 4923 3277 4977; x_wconf 91' lang='lat' dir='ltr'><strong>cui</strong></span> <span class='ocrx_word' id='word_1_764' title='bbox 3333 4939 3421 4978; x_wconf 86' lang='lat' dir='ltr'><strong>re-</strong></span> 
     </span>
    </p>
   </div>
   <div class='ocr_carea' id='block_1_108' title="bbox 1834 5007 3423 5078">
    <p class='ocr_par' dir='ltr' id='par_1_108' title="bbox 1834 5007 3423 5078">
     <span class='ocr_line' id='line_1_108' title="bbox 1834 5007 3423 5078; baseline 0.003 -16"><span class='ocrx_word' id='word_1_765' title='bbox 1834 5007 2087 5078; x_wconf 90' lang='lat' dir='ltr'><strong>spondet.</strong></span> <span class='ocrx_word' id='word_1_766' title='bbox 2133 5028 2152 5060; x_wconf 73' lang='grc' dir='ltr'><strong>ι</strong></span> <span class='ocrx_word' id='word_1_767' title='bbox 2188 5007 2304 5064; x_wconf 87' lang='lat' dir='ltr'><strong>Hoc</strong></span> <span class='ocrx_word' id='word_1_768' title='bbox 2328 5009 2604 5064; x_wconf 87' lang='lat' dir='ltr'><strong>sententia</strong></span> <span class='ocrx_word' id='word_1_769' title='bbox 2639 5008 2858 5063; x_wconf 90' lang='lat' dir='ltr'><strong>Domini</strong></span> <span class='ocrx_word' id='word_1_770' title='bbox 2894 5013 3069 5066; x_wconf 88' lang='lat' dir='ltr'><strong>nostri</strong></span> <span class='ocrx_word' id='word_1_771' title='bbox 3096 5010 3228 5067; x_wconf 79' lang='lat' dir='ltr'><strong>Jesu</strong></span> <span class='ocrx_word' id='word_1_772' title='bbox 3260 5013 3423 5068; x_wconf 82' lang='lat' dir='ltr'><strong>Chri-</strong></span> 
     </span>
    </p>
   </div>
   <div class='ocr_carea' id='block_1_109' title="bbox 1834 5101 3423 5171">
    <p class='ocr_par' dir='ltr' id='par_1_109' title="bbox 1834 5101 3423 5171">
     <span class='ocr_line' id='line_1_109' title="bbox 1834 5101 3423 5171; baseline 0.003 -17"><span class='ocrx_word' id='word_1_773' title='bbox 1834 5101 1906 5155; x_wconf 89' lang='lat' dir='ltr'><strong>sti</strong></span> <span class='ocrx_word' id='word_1_774' title='bbox 1940 5115 2048 5154; x_wconf 89' lang='lat' dir='ltr'><strong>non</strong></span> <span class='ocrx_word' id='word_1_775' title='bbox 2079 5101 2234 5164; x_wconf 88' lang='lat' dir='ltr'><strong>sinit,</strong></span> <span class='ocrx_word' id='word_1_776' title='bbox 2262 5115 2293 5154; x_wconf 90' lang='lat' dir='ltr'><strong>a</strong></span> <span class='ocrx_word' id='word_1_777' title='bbox 2317 5116 2430 5171; x_wconf 90' lang='lat' dir='ltr'><strong>quo</strong></span> <span class='ocrx_word' id='word_1_778' title='bbox 2459 5101 2668 5156; x_wconf 86' lang='lat' dir='ltr'><strong>dictum</strong></span> <span class='ocrx_word' id='word_1_779' title='bbox 2704 5103 2936 5170; x_wconf 67' lang='lat' dir='ltr'><strong>praecise</strong></span> <span class='ocrx_word' id='word_1_780' title='bbox 2973 5113 3060 5159; x_wconf 86' lang='lat' dir='ltr'><strong>est</strong></span> <span class='ocrx_word' id='word_1_781' title='bbox 3081 5105 3150 5170; x_wconf 80' lang='lat'><strong>“,</strong></span> <span class='ocrx_word' id='word_1_782' title='bbox 3194 5106 3423 5159; x_wconf 85' lang='lat' dir='ltr'><strong>menda-</strong></span> 
     </span>
    </p>
   </div>
   <div class='ocr_carea' id='block_1_110' title="bbox 1833 5190 3423 5250">
    <p class='ocr_par' dir='ltr' id='par_1_110' title="bbox 1833 5190 3423 5250">
     <span class='ocr_line' id='line_1_110' title="bbox 1833 5190 3423 5250; baseline 0.002 -5"><span class='ocrx_word' id='word_1_783' title='bbox 1833 5193 1981 5245; x_wconf 90' lang='lat' dir='ltr'><strong>cium</strong></span> <span class='ocrx_word' id='word_1_784' title='bbox 2031 5207 2097 5247; x_wconf 81' lang='lat' dir='ltr'><strong>ex</strong></span> <span class='ocrx_word' id='word_1_785' title='bbox 2167 5190 2391 5247; x_wconf 90' lang='lat' dir='ltr'><strong>diabolo</strong></span> <span class='ocrx_word' id='word_1_786' title='bbox 2445 5207 2612 5248; x_wconf 85' lang='lat' dir='ltr'><strong>esse:</strong></span> <span class='ocrx_word' id='word_1_787' title='bbox 2645 5207 2748 5248; x_wconf 91' lang='lat' dir='ltr'><strong>nec</strong></span> <span class='ocrx_word' id='word_1_788' title='bbox 2803 5193 2976 5247; x_wconf 89' lang='lat' dir='ltr'><strong>ullum</strong></span> <span class='ocrx_word' id='word_1_789' title='bbox 3040 5194 3090 5250; x_wconf 88' lang='lat' dir='ltr'><strong>is</strong></span> <span class='ocrx_word' id='word_1_790' title='bbox 3143 5195 3423 5250; x_wconf 78' lang='lat' dir='ltr'><strong>mendacii</strong></span> 
     </span>
    </p>
   </div>
   <div class='ocr_carea' id='block_1_111' title="bbox 1833 5277 3417 5354">
    <p class='ocr_par' dir='ltr' id='par_1_111' title="bbox 1833 5277 3417 5354">
     <span class='ocr_line' id='line_1_111' title="bbox 1833 5277 3417 5354; baseline 0.003 -21"><span class='ocrx_word' id='word_1_791' title='bbox 1833 5277 2131 5334; x_wconf 89' lang='lat' dir='ltr'><strong>discrimen</strong></span> <span class='ocrx_word' id='word_1_792' title='bbox 2160 5280 2422 5334; x_wconf 89' lang='lat' dir='ltr'><strong>ostendit.</strong></span> <span class='ocrx_word' id='word_1_793' title='bbox 2459 5278 2602 5348; x_wconf 85' lang='lat' dir='ltr'><strong>Quin</strong></span> <span class='ocrx_word' id='word_1_794' title='bbox 2639 5280 2746 5335; x_wconf 89' lang='lat' dir='ltr'><strong>hoc</strong></span> <span class='ocrx_word' id='word_1_795' title='bbox 2779 5281 2920 5337; x_wconf 93' lang='lat' dir='ltr'><strong>idem</strong></span> <span class='ocrx_word' id='word_1_796' title='bbox 2948 5281 3250 5353; x_wconf 84' lang='lat' dir='ltr'><strong>Apostolus</strong></span> <span class='ocrx_word' id='word_1_797' title='bbox 3274 5299 3417 5354; x_wconf 84' lang='lat' dir='ltr'><strong>quo-</strong></span> 
     </span>
    </p>
   </div>
   <div class='ocr_carea' id='block_1_112' title="bbox 1833 5369 3418 5444">
    <p class='ocr_par' dir='ltr' id='par_1_112' title="bbox 1833 5369 3418 5444">
     <span class='ocr_line' id='line_1_112' title="bbox 1833 5369 3418 5444; baseline 0.004 -22"><span class='ocrx_word' id='word_1_798' title='bbox 1833 5384 1942 5439; x_wconf 89' lang='lat' dir='ltr'><strong>que</strong></span> <span class='ocrx_word' id='word_1_799' title='bbox 1971 5378 2206 5424; x_wconf 84' lang='lat' dir='ltr'><strong>testatur</strong></span> <span class='ocrx_word' id='word_1_800' title='bbox 2234 5369 2322 5426; x_wconf 86' lang='lat' dir='ltr'><strong>his</strong></span> <span class='ocrx_word' id='word_1_801' title='bbox 2350 5370 2532 5426; x_wconf 88' lang='lat' dir='ltr'><strong>verbis</strong></span> <span class='ocrx_word' id='word_1_802' title='bbox 2558 5387 2571 5424; x_wconf 89' lang='lat'><strong>:</strong></span> <span class='ocrx_word' id='word_1_803' title='bbox 2604 5370 2724 5425; x_wconf 85' lang='lat' dir='ltr'><strong>Etsi</strong></span> <span class='ocrx_word' id='word_1_804' title='bbox 2754 5381 3032 5426; x_wconf 74' lang='lat' dir='ltr'><strong>certaverit</strong></span> <span class='ocrx_word' id='word_1_805' title='bbox 3062 5372 3280 5444; x_wconf 74' lang='lat' dir='ltr'><strong>aliquis,</strong></span> <span class='ocrx_word' id='word_1_806' title='bbox 3312 5391 3418 5428; x_wconf 85' lang='lat' dir='ltr'><strong>non</strong></span> 
     </span>
    </p>
   </div>
   <div class='ocr_carea' id='block_1_113' title="bbox 1833 5466 3420 5537">
    <p class='ocr_par' dir='ltr' id='par_1_113' title="bbox 1833 5466 3420 5537">
     <span class='ocr_line' id='line_1_113' title="bbox 1833 5466 3420 5537; baseline 0.004 -18"><span class='ocrx_word' id='word_1_807' title='bbox 1833 5477 2122 5519; x_wconf 84' lang='lat' dir='ltr'><strong>coronatur</strong></span> <span class='ocrx_word' id='word_1_808' title='bbox 2181 5466 2286 5522; x_wconf 90' lang='lat' dir='ltr'><strong>nisi</strong></span> <span class='ocrx_word' id='word_1_809' title='bbox 2343 5466 2578 5537; x_wconf 81' lang='lat' dir='ltr'><strong>legitime</strong></span> <span class='ocrx_word' id='word_1_810' title='bbox 2640 5467 3016 5524; x_wconf 73' lang='lat' dir='ltr'><strong>certaverit&quot;.</strong></span> <span class='ocrx_word' id='word_1_811' title='bbox 3062 5488 3084 5521; x_wconf 72' lang='grc' dir='ltr'><strong>ι</strong></span> <span class='ocrx_word' id='word_1_812' title='bbox 3139 5466 3420 5525; x_wconf 85' lang='lat' dir='ltr'><strong>Haetenus</strong></span> 
     </span>
    </p>
   </div>
   <div class='ocr_carea' id='block_1_114' title="bbox 1834 5556 3421 5628">
    <p class='ocr_par' dir='ltr' id='par_1_114' title="bbox 1834 5556 3421 5628">
     <span class='ocr_line' id='line_1_114' title="bbox 1834 5556 3421 5628; baseline 0.001 -17"><span class='ocrx_word' id='word_1_813' title='bbox 1834 5557 2017 5611; x_wconf 86' lang='lat' dir='ltr'><strong>Pater.</strong></span> <span class='ocrx_word' id='word_1_814' title='bbox 2070 5556 2272 5611; x_wconf 80' lang='lat' dir='ltr'><strong>Aiebas</strong></span> <span class='ocrx_word' id='word_1_815' title='bbox 2319 5569 2504 5612; x_wconf 87' lang='lat' dir='ltr'><strong>autem</strong></span> <span class='ocrx_word' id='word_1_816' title='bbox 2548 5558 2855 5628; x_wconf 86' lang='lat' dir='ltr'><strong>appositam</strong></span> <span class='ocrx_word' id='word_1_817' title='bbox 2905 5557 3074 5628; x_wconf 88' lang='lat' dir='ltr'><strong>capiti</strong></span> <span class='ocrx_word' id='word_1_818' title='bbox 3113 5558 3421 5614; x_wconf 86' lang='lat' dir='ltr'><strong>adnotatio-</strong></span> 
     </span>
    </p>
   </div>
   <div class='ocr_carea' id='block_1_115' title="bbox 1835 5647 3415 5722">
    <p class='ocr_par' dir='ltr' id='par_1_115' title="bbox 1835 5647 3415 5722">
     <span class='ocr_line' id='line_1_115' title="bbox 1835 5647 3415 5722; baseline 0.003 -21"><span class='ocrx_word' id='word_1_819' title='bbox 1835 5663 1982 5711; x_wconf 85' lang='lat' dir='ltr'><strong>nem,</strong></span> <span class='ocrx_word' id='word_1_820' title='bbox 2010 5647 2160 5718; x_wconf 91' lang='lat' dir='ltr'><strong>quod</strong></span> <span class='ocrx_word' id='word_1_821' title='bbox 2199 5651 2266 5702; x_wconf 90' lang='lat' dir='ltr'><strong>de</strong></span> <span class='ocrx_word' id='word_1_822' title='bbox 2294 5649 2546 5706; x_wconf 85' lang='lat' dir='ltr'><strong>utilitatis</strong></span> <span class='ocrx_word' id='word_1_823' title='bbox 2583 5665 2750 5706; x_wconf 86' lang='lat' dir='ltr'><strong>causa</strong></span> <span class='ocrx_word' id='word_1_824' title='bbox 2779 5651 3133 5722; x_wconf 86' lang='lat' dir='ltr'><strong>interrogatio</strong></span> <span class='ocrx_word' id='word_1_825' title='bbox 3179 5651 3271 5717; x_wconf 88' lang='lat' dir='ltr'><strong>sit,</strong></span> <span class='ocrx_word' id='word_1_826' title='bbox 3301 5668 3415 5707; x_wconf 92' lang='lat' dir='ltr'><strong>non</strong></span> 
     </span>
    </p>
   </div>
   <div class='ocr_carea' id='block_1_116' title="bbox 1835 5739 3414 5814">
    <p class='ocr_par' dir='ltr' id='par_1_116' title="bbox 1835 5739 3414 5814">
     <span class='ocr_line' id='line_1_116' title="bbox 1835 5739 3414 5814; baseline 0.004 -20"><span class='ocrx_word' id='word_1_827' title='bbox 1835 5742 2199 5796; x_wconf 85' lang='lat' dir='ltr'><strong>necessitatis.</strong></span> <span class='ocrx_word' id='word_1_828' title='bbox 2229 5739 2414 5813; x_wconf 84' lang='lat' dir='ltr'><strong>Neque</strong></span> <span class='ocrx_word' id='word_1_829' title='bbox 2433 5744 2580 5798; x_wconf 90' lang='lat' dir='ltr'><strong>enim</strong></span> <span class='ocrx_word' id='word_1_830' title='bbox 2611 5755 2912 5814; x_wconf 88' lang='lat' dir='ltr'><strong>utrumque</strong></span> <span class='ocrx_word' id='word_1_831' title='bbox 2945 5746 3108 5800; x_wconf 87' lang='lat' dir='ltr'><strong>idem.</strong></span> <span class='ocrx_word' id='word_1_832' title='bbox 3148 5747 3414 5803; x_wconf 78' lang='lat' dir='ltr'><strong>Rursum—</strong></span> 
     </span>
    </p>
   </div>
   <div class='ocr_carea' id='block_1_117' title="bbox 1537 5858 3215 5930">
    <p class='ocr_par' dir='ltr' id='par_1_117' title="bbox 1537 5858 3215 5930">
     <span class='ocr_line' id='line_1_117' title="bbox 1537 5858 3215 5930; baseline 0.008 -20"><span class='ocrx_word' id='word_1_833' title='bbox 1537 5860 1556 5888; x_wconf 84' lang='grc'><strong>⁹</strong></span> <span class='ocrx_word' id='word_1_834' title='bbox 1585 5858 1843 5930; x_wconf 80' lang='lat' dir='ltr'><strong>Interrog.</strong></span> <span class='ocrx_word' id='word_1_835' title='bbox 1881 5861 1966 5914; x_wconf 80' lang='lat'><strong>76.</strong></span> <span class='ocrx_word' id='word_1_836' title='bbox 2048 5860 2268 5916; x_wconf 73' lang='lat' dir='ltr'><strong>“Joan.</strong></span> <span class='ocrx_word' id='word_1_837' title='bbox 2302 5879 2454 5930; x_wconf 84' lang='lat' dir='ltr'><strong>xvm,</strong></span> <span class='ocrx_word' id='word_1_838' title='bbox 2480 5864 2569 5919; x_wconf 67' lang='lat'><strong>41.</strong></span> <span class='ocrx_word' id='word_1_839' title='bbox 2652 5864 2690 5896; x_wconf 82' lang='lat'>“</span> <span class='ocrx_word' id='word_1_840' title='bbox 2722 5864 3026 5922; x_wconf 85' lang='lat' dir='ltr'><strong>llTimoth.</strong></span> <span class='ocrx_word' id='word_1_841' title='bbox 3061 5883 3121 5928; x_wconf 82' lang='grc' dir='ltr'><strong>ιι.</strong></span> <span class='ocrx_word' id='word_1_842' title='bbox 3153 5867 3215 5923; x_wconf 79' lang='grc'>5.</span> 
     </span>
    </p>
   </div>
  </div>
