3934 6442
519 391 657 456 1235

1714 384 1776 444 S.
1809 381 2205 444 THEODORI
2246 381 2590 442 STUDITE

3656 380 3792 447 1236

511 519 626 574 quo
679 502 851 557 altero
913 499 1092 572 capite
1162 501 1231 555 ab
1288 499 1482 556 eodem
1554 498 1783 555 doctore
1838 499 1981 554 tradi
2013 498 2110 572 ",'

2213 503 2257 551 ιν
2292 500 2465 570 ἑτέρῳ
2497 496 2785 568 κεφαλαίῳ
2812 496 2902 550 τὸν
2932 495 3097 551 αὑτὸν
3125 495 3396 569 φωστῆρα
3429 496 3650 567 λέγειν·
3684 502 3792 555 ὅτι·

512 593 822 663 ponendam
853 605 955 661 pro
997 591 1193 645 amicis
1234 591 1475 644 animam
1504 589 1593 644 vel
1623 588 1689 643 ad
1739 598 1969 644 mortem
2005 604 2099 642 us-

513 701 643 753 que,
678 684 794 739 sive
844 684 1058 738 amicus
1088 692 1364 753 peccator,
1412 682 1528 737 sive
1553 682 1739 751 justus
1788 684 1880 736 sit.
1917 683 1993 735 Ita
2038 689 2094 734 ut

513 778 740 831 dubium
776 777 872 842 sit,
901 776 1025 831 hinc
1052 776 1273 846 quidem
1313 791 1446 830 num
1484 774 1770 829 mentiaris
1819 774 2098 832 incidente

515 880 683 920 causa
733 864 829 919 ubi
890 874 1085 934 agatur
1146 863 1459 918 necessario
1518 861 1587 917 de
1642 871 1817 917 morte
1877 860 2096 927 fratris;

515 956 644 1011 inde
683 971 813 1011 vero
855 971 986 1010 num
1015 970 1115 1024 pro
1158 955 1280 1025 ipso
1332 954 1577 1009 animam
1617 968 1811 1023 ponas.
1841 953 1913 1007 At
1952 954 2098 1009 enim

515 1047 621 1101 nisi
649 1046 903 1108 mentiar.
934 1045 1143 1115 inquis,
1178 1054 1362 1100 actum
1396 1052 1482 1099 cst
1516 1044 1584 1099 de
1627 1044 1790 1099 amici
1820 1044 1930 1098 vita
1959 1060 1973 1096 :
2010 1044 2095 1098 sin

515 1149 698 1193 autem
749 1138 1021 1201 mentior,
1062 1153 1165 1192 nec
1204 1137 1449 1208 legitime
1493 1146 1664 1199 certo,
1698 1144 1753 1189 et
1792 1151 1822 1189 a
1854 1134 1965 1190 Deo
2008 1136 2102 1189 de-

517 1231 721 1285 scisco.
756 1230 871 1284 Hoc
912 1230 1075 1297 igitur
1120 1240 1282 1298 caput
1316 1228 1477 1282 aﬂert
1509 1227 1643 1281 mihi
1679 1226 2101 1289 dubitationem,

519 1327 598 1385 et,
631 1330 692 1376 ut
722 1321 983 1386 arbitror,
1024 1320 1213 1375 multis
1243 1320 1409 1374 etiam
1437 1320 1581 1375 aliis.
1614 1318 1871 1374 Conabor
1906 1317 2105 1371 nihilo-

517 1416 723 1480 minus,
748 1418 927 1486 quoad
953 1415 1069 1470 ﬁeri
1094 1414 1316 1485 poterit,
1341 1429 1665 1484 responsum
1687 1411 1820 1467 dare
1848 1412 2104 1467 charitati

521 1517 651 1572 tuae,
694 1505 806 1561 Deo
856 1507 1143 1578 largiente.
1198 1506 1354 1573 Quod
1394 1506 1562 1576 igitur
1607 1505 1909 1561 secundum
1955 1505 2101 1559 illam

516 1598 949 1666 adnotationem,
997 1614 1104 1652 non
1151 1597 1295 1653 idem
1346 1598 1419 1652 sit
1466 1596 1599 1651 utile
1646 1597 1793 1667 quod
1846 1610 2099 1651 necessa-

515 1689 681 1755 rium,
715 1706 903 1745 verum
938 1699 1045 1754 est,
1075 1690 1207 1744 illud
1256 1690 1403 1745 enim
1432 1689 1755 1758 contingens
1796 1696 1899 1743 est.
1937 1688 2099 1743 Verbi

518 1781 696 1850 gratia
728 1795 743 1831 :
788 1781 922 1835 utile
954 1789 1039 1836 cst
1068 1796 1156 1835 me
1189 1796 1312 1835 cum
1343 1780 1437 1834 illo
1462 1780 1681 1834 homine
1712 1779 1778 1834 de
1818 1780 1910 1833 tali
1939 1795 2105 1851 argu-

2199 606 2306 659 περ
2347 589 2430 642 δεῖ
2467 589 2678 645 τιθέναι
2718 588 2817 661 τὴν
2857 589 3037 659 ψυχὴν
3068 590 3212 661 ὑπὲρ
3256 591 3367 643 τῶν
3399 589 3579 659 φίλων
3627 593 3792 664 μέχρι

2200 678 2475 741 θανάτου,
2523 680 2635 733 εἴτε
2686 676 3046 751 ἀμαρτωλοῦ,
3080 679 3192 732 εἴτε
3230 680 3443 734 δικαίου
3488 681 3650 745 ὄντος
3699 685 3790 736 τοῦ

2200 770 2380 840 φίλου.
2442 771 2528 836 Ὠς
2571 768 2823 824 ἐντεῦθεν
2869 771 3099 841 ἀπορεῖν
3125 788 3183 824 σε
3234 771 3331 826 καὶ
3375 771 3453 842 μὴ
3491 772 3793 841 ψεύδεσθαι

2200 862 2338 927 ὅλως
2381 864 2441 915 ἔν
2480 865 2602 927 ταῖς
2652 862 3083 933 συμϐαινούσαις
3123 862 3391 930 ἀνάγκαις
3428 865 3513 927 είς
3561 864 3792 918 θάνατον

2199 953 2465 1023 ἡκούσαις
2494 952 2749 1023 ἀδελφοῖν
2780 953 2875 1006 καὶ
2902 952 3070 1006 πάλιν
3101 953 3199 1028 τὴν
3226 953 3407 1024 ψυχὴν
3444 954 3594 1026 ὑπὲρ
3625 953 3791 1007 αὐτοῦ

2200 1047 2431 1101 τιθέναι.
2476 1046 2602 1099 Ἐἀν
2628 1045 2736 1117 γὰρ
2780 1045 2855 1115 μὴ
2898 1038 3371 1115 ψεύσωμαι,’φὴς
3414 1045 3793 1116 ἀποθνήσκειν

2201 1138 2291 1193 τὸν
2333 1138 2515 1207 φίλον
2550 1139 2646 1193 καὶ
2683 1137 3015 1207 ψευδόμενος
3056 1138 3159 1190 οὐκ
3200 1135 3349 1190 ἀθλῶ
3390 1138 3649 1207 νομίμως
3700 1140 3793 1191 καὶ

2205 1226 2460 1280 ὲκπίπτω
2488 1226 2582 1280 τοῦ
2604 1226 2762 1282 Θεοῦ.
2794 1226 2965 1280 Τοῦτο
2993 1226 3089 1281 οῦν
3115 1225 3177 1279 τὸ
3206 1226 3507 1296 κεφάλαιον
3533 1230 3637 1281 καὶ
3664 1231 3790 1298 ἐμοὶ

2202 1316 2555 1387 ἠπορημένον
2595 1317 2733 1370 ἐστί’
2767 1316 2910 1371 δοκῶ
2943 1317 3001 1371 δὲ
3043 1317 3141 1371 καὶ
3169 1317 3406 1381 πολλοῖς.
3444 1319 3790 1391 Πειράσομαι

2203 1408 2248 1461 δ’
2279 1404 2374 1463 οῦν
2409 1409 2581 1479 ὅμως,
2614 1402 2691 1472 ὧς
2716 1402 2829 1463 οἷόν
2876 1409 2936 1463 τέ
2968 1426 3101 1479 μοι,
3142 1410 3327 1463 δοῦναι
3374 1411 3681 1481 ἀπόκρισιν
3723 1415 3787 1481 τῇ

2203 1501 2395 1573 ἀγάπῃ
2425 1518 2540 1567 σου,
2569 1500 2917 1564 εὐδοκοῦντο“ς
2944 1499 3103 1555 Θεοῦ.
3137 1501 3262 1555 Ὅτι
3294 1500 3394 1571 μὲν
3418 1497 3518 1555 οῦν
3551 1500 3698 1555 κατά
3728 1502 3791 1555 τὸ

2208 1593 2420 1663 σχόλιον
2451 1594 2513 1646 οὐ
2544 1593 2740 1648 ταύτὸν
2768 1595 3039 1665 χρήσιμον
3068 1595 3162 1649 καὶ
3191 1594 3496 1662 ἀναγκαῖον
3514 1635 3529 1661 ,
3564 1594 3789 1664 ἀληθές.

2207 1684 2281 1736 Τὸ
2313 1684 2413 1755 μὲν
2434 1685 2544 1757 γὰρ
2568 1685 2919 1756 ἐνδεχόμενόν
2940 1688 3109 1739 ἔστιν·
3133 1681 3267 1749 οἷον,
3292 1687 3569 1757 χρήσιμον
3585 1687 3653 1757 δὴ
3675 1686 3791 1740 δια·

2207 1773 2467 1844 λεχθῆναί
2504 1794 2572 1847 με
2597 1776 2676 1846 τῷ
2712 1778 2842 1830 δεῖνι
2875 1778 3003 1848 περὶ
3036 1777 3215 1830 τοῦδε·
3253 1778 3395 1831 ἀλλά
3424 1779 3535 1848 μὴν
3578 1779 3687 1831 κᾶν
3728 1779 3788 1830 οὗ

517 1880 705 1926 mento
755 1871 1031 1926 disserere
1060 1887 1075 1925 :
1110 1870 1204 1926 sed
1236 1879 1417 1925 tamen
1466 1871 1570 1924 etsi
1613 1885 1718 1925 non
1750 1850 2100 1933 dissererem,

2213 1867 2536 1938 διαλέξαιμι,
2565 1868 2682 1922 ἔστι
2709 1869 2937 1923 δυνατὸν
2971 1871 3259 1941 ἐπιτυχεῖν
3290 1871 3388 1925 τοῦ
3420 1872 3787 1941 ζητουμένου.

516 1964 633 2018 ﬁeri
666 1974 842 2034 potest
878 1973 937 2019 ut
976 1965 1271 2036 quaesitum
1322 1981 1416 2035 per
1444 1980 1503 2020 se
1543 1965 1806 2021 inveniat.
1866 1967 1933 2022 Et
1979 1984 2105 2022 rur-

2213 1960 2314 2013 Καὶ
2378 1960 2576 2013 πάλινο
2640 1962 2917 2032 χρήσιμόν
2986 1964 3137 2015 ἔστιν
3208 1963 3642 2033 ἀποστραφῆναι
3703 1963 3793 2016 τὸν

516 2071 640 2110 sum
671 2074 685 2109 :
720 2056 853 2111 utile
893 2067 978 2112 est
1022 2059 1092 2111 ab
1127 2073 1315 2113 errore
1354 2058 1668 2128 quempiam
1709 2073 1972 2114 revocare
2004 2078 2018 2114 :
2047 2069 2105 2115 at

2213 2051 2346 2107 Βεῖνα
2365 2069 2379 2082 ·
2410 2054 2548 2109 ἀλλά
2576 2054 2686 2126 γὰρ
2708 2053 2812 2108 κᾶν
2840 2055 3082 2126 σήμερον
3113 2055 3187 2126 μὴ
3217 2054 3582 2124 ἀποστραφῶ,
3612 2055 3794 2109 δυναί-

517 2162 834 2217 quanquam
909 2149 1176 2204 hodierno
1229 2151 1317 2204 die
1369 2164 1478 2205 non
1535 2166 1822 2215 revocent,
1892 2153 2101 2222 possim

2213 2160 2312 2213 μην
2354 2144 2519 2200 αὑτὸν
2549 2145 2740 2216 αὔριον
2784 2147 3230 2219 ἀποστραφῆναι.
3272 2146 3530 2199 Τοιοῦτόν
3575 2147 3697 2198 ἐστι
3733 2146 3791 2200 τὺ

516 2240 698 2305 ipsum
755 2254 878 2294 cras
929 2256 1211 2296 revocare.
1263 2242 1546 2311 Ejusmodi
1597 2254 1681 2298 est
1730 2245 1898 2314 igitur
1953 2244 2100 2314 quod

2213 2236 2496 2306 (ρήσιμον,
2532 2238 2653 2308 ήτοι
2682 2237 3054 2309 ἐνδεχόμενον.
3082 2240 3155 2291 Τὸ
3182 2238 3241 2292 δὲ
3278 2239 3581 2306 ἀναγκαῖον
3602 2278 3619 2301 ,
3647 2240 3791 2293 ἀπα-

517 2329 651 2385 utile
681 2329 906 2397 dicitur,
948 2347 1142 2400 nempe
1177 2333 1527 2402 contingens.
1561 2334 1631 2386 At
1662 2332 1810 2403 quod
1844 2348 2095 2388 necessa-

2213 2326 2458 2397 pat‘rqtév
2486 2331 2623 2384 ἔστι.
2666 2328 2739 2383 Τὸ
2777 2332 2998 2394 πάντως
3040 2330 3116 2401 μὴ
3151 2328 3573 2401 ἀμφοτερίξειν.
3627 2324 3787 2384 Οἶον’

516 2421 687 2484 rium,
726 2420 869 2476 idem
909 2422 1224 2476 inevitabile
1271 2435 1376 2488 est,
1415 2440 1515 2479 nec
1559 2433 1739 2493 potest
1777 2425 2004 2479 omnino
2042 2425 2098 2478 in

2213 2419 2291 2470 :dv
2319 2421 2436 2489 εἰμι
2458 2420 2725 2491 ἀμύητος,
2748 2422 2851 2474 οὐκ
2874 2421 3157 2492 ἐνδέχεται
3183 2423 3257 2494 μὴ
3282 2421 3792 2493 βαπτισθησόμενον

519 2522 813 2581 utramque
839 2524 1048 2582 partem
1082 2514 1281 2584 accipi.
1320 2514 1566 2584 Exempli
1589 2515 1762 2585 gratia
1793 2532 1806 2568 :
1837 2513 1952 2569 Nisi
1978 2530 2101 2569 sum

2213 2509 2440 2581 τωθῆναί
2470 2529 2561 2581 με.
2601 2513 2714 2566 Καὶ
2743 2514 2928 2580 πάλιν,
2953 2515 3049 2569 ἐὰν
3077 2513 3237 2568 εἴπω
3272 2512 3523 2581 Δύναμαι
3549 2513 3633 2584 μὴ
3663 2514 3791 2567 ἀνα-

525 2607 703 2661 sacris
731 2607 1004 2669 initiatus,
1038 2608 1156 2661 ﬁeri
1189 2623 1296 2661 non
1330 2618 1505 2676 potest
1540 2621 1600 2664 ut
1626 2625 1734 2663 non
1759 2609 1980 2663 ablutus
2013 2624 2106 2663 sa-

2213 2604 2377 2664 πνεῖν,
2404 2605 2500 2657 καὶ
2530 2604 2650 2675 ζῇν·
2683 2604 2900 2675 ψεῦδοςο
2937 2608 3238 2678 ἀναγκαῖον
3275 2604 3386 2675 γὰρ
3406 2604 3470 2657 τὸ
3502 2605 3789 2668 ἀναπνεῖν,

518 2696 688 2751 lutem
739 2714 1072 2768 consequar.
1115 2699 1185 2753 At
1226 2715 1448 2754 rursum
1497 2700 1544 2753 si
1602 2700 1837 2755 dixero:
1874 2698 2103 2753 Possum

2213 2690 2266 2750 οὗ
2292 2698 2463 2767 χωρὶς
2494 2697 2596 2751 οὑκ
2624 2698 2740 2754 ἔστι
2772 2700 2894 2771 ζῇν.

518 2804 632 2842 non
675 2788 876 2844 ducere
926 2790 1181 2860 spiritum
1232 2800 1286 2846 et
1323 2791 1538 2856 vivere;
1583 2790 1933 2845 mendacium
1956 2800 2083 2846 est:
2126 2801 2350 2843 necesse
2391 2797 2475 2844 est
2536 2792 2682 2847 enim
2730 2808 2912 2849 aerem
2978 2787 3216 2854 ducere,
3253 2788 3375 2844 sine
3414 2803 3528 2859 quo
3572 2803 3680 2844 nec
3712 2789 3788 2846 fas

516 2898 723 2938 vivere.

592 2978 688 3033 Dei
717 2978 898 3047 itaque
922 2978 1178 3032 mandata
1206 2978 1516 3033 necessarie
1552 2978 1622 3033 ab
1648 2994 1742 3035 ore
1764 2980 1944 3035 veraci
1982 2992 2110 3049 pro-

2290 2979 2357 3033 Δί
2399 2978 2580 3032 τοίνυν
2622 2974 2833 3031 ἐντολαὶ
2875 2971 2969 3026 τοῦ
3018 2971 3155 3026 Θεοῦ
3196 2969 3339 3026 κατά
3384 2972 3446 3026 τὸ
3493 2973 3795 3041 ἀναγκαῖον

523 3069 633 3124 lata
670 3078 833 3134 sunt,
884 3083 949 3124 ac
1012 3069 1323 3124 necessarie
1349 3071 1539 3124 eadem
1584 3071 1939 3126 custodienda
1969 3088 1981 3122 :
2017 3084 2110 3122 nc-

2216 3073 2371 3145 παρά
2415 3072 2509 3126 τοῦ
2560 3066 2827 3140 ἀψευδοῦς
2876 3065 3149 3136 στόματος
3197 3064 3663 3137 διηγορεύθησαν·
3705 3064 3797 3117 καὶ

520 3176 631 3232 que
659 3170 789 3216 sunt
838 3170 1051 3216 natura:
1108 3160 1380 3216 versatilis
1411 3200 1428 3226 ,
1468 3170 1528 3215 ut
1558 3160 1831 3215 interdum
1886 3160 2105 3229 quidem

2213 3164 2275 3230 ἐξ
2305 3164 2552 3234 ἀνάγκης
2594 3160 2869 3230 ὀφείλουσι
2904 3157 3270 3227 φυλάττεσθαι
3293 3174 3307 3187 ·
3344 3159 3406 3213 οὐ
3451 3160 3796 3228 τρεπόμεναι

521 3252 734 3309 servari
762 3268 824 3307 ea
857 3252 939 3307 fas
974 3254 1065 3319 sit,
1105 3254 1382 3307 interdum
1418 3253 1573 3308 nefas
1604 3272 1619 3307 :
1653 3261 1748 3307 aut
1770 3253 1839 3307 ab
1864 3254 1957 3308 illo
1986 3255 2109 3323 qui-

2213 3259 2290 3322 είς
2313 3258 2376 3311 τὸ
2404 3259 2479 3327 πῆ
2514 3255 2612 3325 μὲν
2641 3251 2951 3323 ἐνδέχεσθαι
2994 3251 3385 3321 φυλάττεσθαι,
3418 3256 3497 3323 πῆ
3525 3252 3607 3313 δὲ,
3654 3249 3794 3319 οῦ·ἢ

521 3346 670 3411 dem,
704 3345 773 3399 ab
806 3346 912 3400 isto
939 3345 1163 3399 minimc
1193 3363 1207 3399 :
1238 3355 1326 3399 aut
1362 3347 1455 3399 illo
1487 3346 1674 3415 utique
1705 3353 1968 3416 tempore,
1997 3361 2107 3399 non

2213 3349 2317 3401 ὑπὸ
2354 3346 2508 3400 τοῦδε
2552 3344 2672 3415 μὲν,
2714 3342 2821 3396 ναί·
2859 3341 2964 3395 ὑπὸ
3004 3341 3160 3395 τοῦδε
3190 3341 3270 3407 δὲ,
3305 3340 3365 3394 οῦ
3387 3356 3403 3371 ·
3434 3341 3467 3411 ἢ
3500 3341 3635 3394 ποτὲ
3674 3340 3791 3409 μὲν,

526 3436 656 3489 item
693 3437 819 3502 isto,
844 3436 937 3491 sed
969 3451 1208 3505 semper,
1234 3444 1288 3490 et
1324 3453 1353 3490 a
1383 3436 1578 3506 quovis
1607 3436 1851 3502 homine,
1892 3446 1946 3492 et
1970 3452 2110 3507 quo-

2213 3441 2320 3495 ναί⁶
2354 3439 2487 3493 ποτὲ
2513 3438 2592 3503 δὲ,
2624 3432 2707 3490 οῦ·
2736 3434 2851 3490 ἀλλ’
2882 3434 2987 3487 ἀεί’
3017 3433 3113 3487 καὶ
3144 3435 3239 3487 ἔπι
3268 3433 3471 3496 παντὸς
3497 3431 3793 3501 προσώπου

522 3529 610 3581 vis
663 3536 928 3598 tempore.
985 3527 1326 3598 Quapropter
1358 3530 1494 3583 dixit
1544 3544 1778 3598 magnus
1827 3529 2109 3585 Basilius:

2213 3535 2308 3588 καὶ
2334 3531 2553 3603 καιροῦ.
2586 3531 2743 3583 Κατά
2780 3526 2938 3581 τοῦτο
2968 3527 3189 3597 εἴρηκεν
3232 3525 3261 3578 ό
3288 3525 3459 3595 μέγας
3488 3524 3793 3585 Βασίλειος·

532 3638 553 3671 ι
587 3618 891 3673 Discrimen
933 3620 1204 3675 mendacii
1229 3622 1437 3675 nullum
1480 3622 1740 3688 ostendit,
1778 3640 1796 3673 ι
1830 3631 1887 3675 ιιι
1922 3622 1989 3675 de
2018 3636 2110 3674 ne-

2219 3646 2238 3678 c
2273 3622 2551 3695 Διαφοράν
2579 3621 2811 3691 ψεύδους
2846 3618 3114 3689 μηδεμίαν
3144 3618 3513 3687 ἐμφήναντος
3548 3632 3567 3664 ι
3603 3614 3684 3677 ὡς
3716 3615 3796 3667 ὅτι

527 3712 783 3766 cessitate
811 3712 1098 3781 responsio
1120 3713 1211 3774 sit.
1234 3728 1549 3783 quanquam
1584 3712 1943 3781 interrogatio
1981 3725 2110 3780 pro-

2214 3718 2274 3785 ὲξ
2301 3716 2604 3785 ἀναγκαίου
2637 3716 2669 3785 ἡ
2694 3714 2987 3781 ἀπόφασις·
3014 3709 3117 3763 κᾶν
3145 3711 3178 3779 ή
3213 3708 3484 3779 ἐρώτησις
3514 3704 3793 3776 προκάθη

526 3800 707 3869 posita
739 3799 811 3853 sit
843 3800 910 3854 de
954 3803 1330 3871 contingente.
1389 3803 1533 3856 Idem
1575 3802 1719 3856 enim
1749 3811 1853 3863 est,
1884 3810 1945 3855 ut
1976 3800 2112 3865 dixi,

529 3894 659 3947 utile
688 3903 743 3947 et
770 3894 1118 3962 contingens,
1153 3893 1293 3959 Quid
1320 3904 1505 3963 postea
1537 3894 1649 3961 ﬁet,
1693 3903 1752 3949 ut
1784 3893 2114 3964 praemonui-

528 3986 621 4049 sti,
656 3986 702 4040 si
737 3985 958 4039 fratrem
1014 3986 1151 4039 mori
1205 3986 1524 4053 contingat,
1586 4001 1654 4041 eo
1713 3987 1861 4056 quod
1895 3985 2112 4040 mentiri

527 4094 638 4132 non
674 4078 853 4132 ausim
881 4078 905 4131 ?
939 4077 1053 4133 Hoc
1079 4094 1210 4132 vero
1246 4079 1589 4133 memlacium
1623 4094 1730 4133 non
1769 4089 1873 4141 est.
1897 4080 2111 4148 opinor.

528 4171 692 4226 Juvat
720 4171 1027 4241 exemplum
1069 4170 1173 4223 tale
1206 4170 1258 4223 in
1293 4184 1377 4223 me
1408 4171 1527 4240 ipso
1588 4171 1807 4241 lingere.
1841 4172 2000 4225 Venit
2051 4174 2117 4224 ad

530 4278 620 4320 me
694 4264 872 4330 puella
936 4276 1099 4329 quam
1157 4261 1357 4331 aliquis
1418 4271 1696 4330 stuprator
1772 4263 2116 4332 insequitur,

530 4364 654 4409 orat
714 4373 729 4409 :
788 4356 870 4409 Ne
934 4354 1228 4423 stupratori
1296 4369 1384 4408 me
1453 4355 1653 4423 prodas
1710 4356 1925 4427 roganti
1986 4372 2119 4410 num

531 4446 676 4515 apud
713 4459 766 4501 te
824 4446 973 4500 domi
1036 4445 1190 4508 sim;
1231 4444 1432 4513 alioqui
1499 4460 1586 4498 me
1637 4446 1898 4501 continuo
1946 4447 2119 4500 vitiat.

535 4540 755 4609 igitur,
813 4545 1132 4606 corruptore
1207 4536 1504 4598 veniente,
1572 4551 1635 4589 ac
1707 4546 2111 4603 percontante:

2214 3811 2290 3875 ὡς
2322 3807 2671 3878 ἐνδεχομένη.
2702 3803 2915 3859 Ταυτὸν
2939 3800 3070 3872 γὰρ,
3102 3800 3179 3864 ὡς
3208 3799 3366 3870 ἔφην,
3399 3798 3680 3868 χρήσιμον
3705 3793 3798 3849 καὶ

2214 3902 2587 3972 ἐνδεχόμενον.
2624 3894 2759 3952 Εἶτα
2793 3897 2847 3950 τί
2884 3896 3198 3965 γενήσεται,
3243 3892 3387 3946 καΘά
3424 3891 3710 3961 προέφης,
3742 3891 3796 3940 ἐν

2214 3995 2281 4064 τῇ
2321 3990 2593 4058 συμϐάσει
2641 3986 2738 4041 τοῦ
2786 3985 3157 4056 ἀποθνήσκειν
3183 3985 3278 4037 τὸν
3331 3981 3563 4050 ἀδελφὸν
3613 3980 3693 4051 τῷ
3726 3978 3796 4050 μὴ

2216 4080 2553 4154 αἱρήσασθαί
2578 4098 2646 4151 με
2663 4077 2971 4150 ψεύσασθαι
2992 4093 3007 4143 ;
3040 4075 3213 4129 Τοῦτο
3231 4075 3288 4128 δὲ
3310 4074 3410 4127 οὐκ
3432 4073 3553 4125 ἔστι
3576 4072 3794 4142 ψεῦδος,

2218 4176 2295 4240 ὡς
2324 4175 2488 4228 δοκῶο
2520 4169 2633 4227 οἷον
2666 4169 3132 4243 μετασχηματίζω
3170 4170 3251 4231 εἰς
3283 4167 3524 4236 ἐμαυτὸν
3558 4164 3797 4218 τοιοῦτόν

2218 4288 2290 4322 τι.
2326 4266 2501 4321 Ἦ).οε
2544 4266 2685 4337 κόρη
2719 4263 2857 4336 πρός
2905 4280 2975 4333 με
3013 4260 3318 4329 διωκομένη
3354 4259 3459 4311 ὑπό
3492 4274 3645 4319 τινος
3676 4255 3799 4323 φθο-

2224 4362 2396 4431 ρέως,
2446 4357 2675 4411 αἰτοῦσα
2721 4356 2796 4427 μὴ
2836 4352 3151 4424 φανερῶσαι
3183 4350 3262 4420 τῷ
3293 4349 3486 4419 φθορεῖ
3523 4346 3799 4417 ἐρωτῶντι

2221 4458 2305 4509 ὃτι
2343 4470 2408 4523 με
2449 4450 2771 4521 φυλάττοις·
2819 4446 2943 4499 ἐπεὶ
2980 4444 3194 4513 φθείρει
3226 4458 3293 4511 με
3326 4442 3564 4501 πάντως.
3606 4438 3799 4523 Τοίνυν

2221 4522 2466 4607 ἐλθόντος
2487 4541 2581 4595 τοῦ
2608 4539 2887 4610 φθορέως,
2921 4536 3015 4590 καὶ
3044 4533 3435 4604 ἀνακρίναντος
3458 4547 3472 4560 ⁸
3502 4525 3673 4600 ἦλθεν
3703 4522 3801 4582 ὦδε

536 4608 679 4687 Num
699 4632 846 4685 venit
868 4630 975 4683 huc
1005 4631 1147 4697 apud
1180 4639 1232 4682 te
1252 4628 1427 4697 puella
1459 4626 1482 4679 ?
1506 4627 1561 4680 Si
1592 4640 1804 4695 negem,
1824 4642 1931 4681 non
1958 4643 2110 4681 men-

2219 4639 2352 4708 κόρη
2386 4634 2522 4705 πρός
2552 4608 2649 4700 σεξ
2684 4608 2861 4701 λέγων
2890 4628 3021 4696 ἐγὼ,
3054 4626 3135 4681 οὖα
3170 4627 3232 4679 οὐ
3260 4624 3556 4694 ψεύδομαι⁶
3589 4624 3691 4692 οὐχ
3720 4624 3797 4674 ὅτι

538 4726 649 4781 tior
680 4742 694 4778 :
731 4739 839 4778 non
874 4723 1014 4792 quod
1060 4736 1169 4775 non
1209 4736 1331 4775 esse
1363 4719 1508 4773 domi
1555 4720 1792 4789 puellam
1834 4722 2067 4789 cogitem
2102 4740 2115 4775 :

534 4815 808 4886 sedquod
865 4815 1012 4871 istud
1072 4814 1441 4868 admissurum
1496 4813 1640 4881 apud
1675 4827 1762 4867 me
1797 4813 1974 4867 scelus
2027 4829 2123 4883 per

534 4908 880 4964 reticentiam
938 4920 1152 4975 negem.
1199 4904 1402 4957 lterum
1440 4901 1588 4956 aliud
1634 4922 1648 4956 :
1693 4901 1945 4956 Gladium
1989 4904 2123 4956 mihi

537 5000 816 5058 commisit
837 4998 1038 5067 aliquis
1065 5010 1177 5064 quo
1207 5009 1266 5050 se
1292 4994 1405 5064 ipse
1426 4993 1729 5060 interimat;
1750 5010 1876 5047 mox
1902 4993 2126 5048 veniens

538 5100 686 5151 hunc
735 5108 767 5147 a
801 5107 888 5146 me
923 5090 1181 5160 reposcit.
1202 5088 1261 5142 Si
1309 5088 1499 5142 dixero
1551 5088 1752 5158 igitur:
1792 5083 1903 5140 Nec
1957 5089 2109 5153 novi,

539 5201 644 5241 nec
670 5182 855 5252 accepi
883 5199 898 5247 ;
939 5196 1048 5234 non
1091 5179 1360 5245 mentior;
1386 5193 1547 5233 nosse
1573 5177 1849 5231 enimvero
1868 5192 1952 5231 me
1978 5193 2116 5247 nego

542 5285 638 5329 aut
671 5273 951 5341 accepisse
982 5279 1040 5323 ut
1068 5269 1305 5339 gladium
1339 5267 1433 5320 tibi
1458 5270 1523 5320 ad
1556 5274 1786 5320 mortem
1816 5267 2116 5335 porrigam.

546 5364 681 5417 Nam
715 5364 764 5423 si
791 5363 982 5416 dixero
1012 5376 1026 5412 ε
1067 5358 1156 5412 Sic
1188 5365 1273 5411 est
1303 5373 1318 5409 :
1352 5356 1539 5409 vitiata
1571 5355 1748 5425 puella
1775 5364 1856 5409 est
1882 5401 1898 5424 ,
1928 5366 1985 5410 et
2017 5357 2125 5411 sibi

546 5469 739 5510 necem
785 5454 966 5507 intulit
1000 5452 1093 5522 qui
1125 5449 1365 5521 gladium
1394 5448 1561 5503 dedit.
1594 5445 1709 5501 Hoc
1762 5463 1891 5503 vero
1921 5452 2123 5505 malum

543 5562 627 5606 est
660 5569 674 5604 :
718 5548 919 5602 malum
954 5555 1135 5599 autem
1172 5558 1281 5597 non
1331 5558 1398 5598 ex
1444 5542 1586 5596 bono
1618 5541 1712 5595 sed
1743 5555 1811 5596 ex
1845 5544 2128 5600 mendacio

546 5652 651 5697 est.
684 5637 818 5693 Nam
852 5635 1117 5690 mendacii
1154 5644 1324 5704 pater,
1343 5633 1481 5687 idem
1495 5640 1552 5688 et
1576 5640 1766 5687 auctor
1794 5633 1941 5687 mali.
1966 5635 2128 5691 Puel-

628 5824 669 5860 ι’
697 5823 965 5890 lntct't'og.
1005 5818 1121 5873 176.

2217 4729 2318 4783 οὐκ
2348 4727 2457 4797 ἔχω
2499 4724 2596 4796 τὴν
2635 4724 2805 4795 κόρην
2827 4721 3199 4790 λογιζόμενος’
3234 4716 3351 4771 ἀλλ’
3381 4716 3463 4769 ὅτι
3491 4715 3555 4768 οὐ
3585 4716 3797 4785 ποιήσει

2217 4819 2380 4874 τοῦτο
2427 4817 2597 4887 ἐγγύς
2644 4834 2745 4888 μου
2785 4815 2846 4869 τὸ
2878 4811 3117 4884 πονηρὸν
3155 4808 3299 4864 κατά
3338 4806 3402 4859 τὸ
3442 4806 3800 4874 σιωπώμενον

2222 4913 2404 4978 λέξας.
2445 4910 2555 4962 Καὶ
2585 4907 2746 4962 πάλιν
2771 4905 2919 4961 ἄλλο·
2958 4900 3251 4977 Παρέθετᾴ
3268 4899 3358 4970 μοί
3381 4914 3463 4960 τις
3491 4896 3645 4964 ξίφος
3672 4896 3802 4965 πᾴις

2224 5004 2287 5056 τὸ
2322 5003 2567 5073 ἀναιρεῖν
2596 4998 2810 5053 ἑαυτόν·
2837 4991 2955 5049 εἶτα
2985 4993 3155 5047 ὲλθὼν
3189 4989 3443 5062 ἐπιζητεί
3468 4988 3633 5041 τοῦτο
3673 4981 3807 5073 παρ’

2218 5095 2378 5164 ἐμοῦ.
2423 5072 2552 5145 Ἐἀν
2580 5088 2676 5144 οῦν
2707 5089 2848 5144 εῐπω
2872 5130 2888 5155 ,
2933 5088 3015 5140 ὅτι
3045 5084 3146 5138 οὐκ
3170 5079 3308 5147 οἶδα,
3340 5080 3463 5134 οὐδὲ
3488 5079 3705 5131 ἔλαϐον·
3732 5072 3800 5127 ³οὐ

2221 5184 2529 5256 ψευδοεπῶ.
2564 5184 2678 5236 Οὐκ
2707 5174 2826 5235 οῖδα
2860 5178 2994 5248 γὰρ,
3023 5176 3187 5244 λέγω,
3218 5173 3339 5227 οὐδὲ
3368 5169 3561 5223 ἔλαϐον
3583 5169 3720 5238 πρὸς
3745 5166 3802 5217 τὸ

2224 5277 2501 5330 ἐπιδοῦναί
2551 5276 2617 5346 μέ
2661 5292 2743 5327 σοι
2778 5272 2843 5326 τὸ
2885 5270 3037 5339 ξίφος
3066 5270 3146 5331 εἱς
3187 5266 3441 5321 θάνατον’
3491 5261 3656 5324 ἐπεὶ,
3710 5258 3801 5311 ἐὰν

2228 5362 2391 5425 εἴπω,
2441 5367 2563 5425 ναὶ,
2601 5361 2812 5431 ἐφθάρη
2858 5360 2893 5430 ὴ
2940 5359 3100 5427 κόρη’
3139 5355 3234 5408 καὶ
3277 5350 3513 5420 ἔσφαξεν
3557 5348 3750 5403 ἑαυτὸν
3775 5346 3803 5397 ό

2232 5454 2357 5517 δοὺς
2382 5453 2443 5506 τὸ
2465 5453 2636 5523 ξίφὶοςο
2657 5454 2749 5506 καὶ
2778 5452 2895 5505 ἔστι
2932 5449 3091 5503 τοῦτο
3110 5446 3297 5501 κακόν.
3326 5445 3401 5496 Τὸ
3419 5442 3477 5496 δὲ
3500 5442 3676 5494 κακὸν
3710 5439 3802 5490 οὐκ

2236 5547 2296 5614 ἐξ
2315 5545 2519 5613 ἀγαθοῦ
2540 5586 2555 5609 ,
2584 5544 2699 5598 ἀλλ’
2719 5546 2783 5596 ὲκ
2801 5542 3029 5612 ψεύδους
3053 5556 3067 5570 ο
3092 5538 3280 5609 πατὴρ
3299 5535 3408 5606 γὰρ
3439 5532 3534 5587 τοῦ
3555 5532 3799 5602 ψεύδους,

2236 5638 2265 5689 ὁ
2292 5636 2390 5707 τῆς
2420 5636 2617 5698 κακίας
2650 5635 2900 5700 εὑρετής.
2924 5631 3069 5688 Toxil:
3098 5628 3461 5703 μὴφθαοῆναι
3490 5626 3595 5694 τὴν
3620 5623 3802 5693 κόρην.
