3934 6436
181 411 322 476 1237

1379 406 1920 476 EPISTOLARUM
1966 407 2118 467 LIB.
2161 404 2222 467 ΙΙ

3309 409 3444 476 1238

167 526 271 579 καὶ
303 520 380 596 μὴ
406 520 650 590 ἀναιρεῖν
680 515 874 572 ἑαυτὸν
902 514 993 571 τὸν
1011 515 1318 588 ξιφοδότην,
1341 517 1548 587 ἀγαθόν
1567 535 1579 550 ο
1616 517 1677 571 τὸ
1700 519 1758 571 δὲ

1862 515 1971 570 lam
2003 526 2184 570 autem
2207 530 2318 572 non
2348 515 2553 582 vitiari,
2611 530 2713 572 nec
2739 515 2845 572 sibi
2883 531 3075 573 necem
3126 519 3322 576 afferre
3349 527 3450 593 qui

163 617 397 686 ἀγαθὸν,
426 616 460 686 ἡ
481 613 730 684 ἀλήθεια·
760 613 789 666 6
812 611 946 675 Θεὸς
975 613 1086 682 γὰρ
1118 611 1322 680 ἀγαθὸς
1342 610 1481 681 όμοῦ
1505 613 1601 664 καὶ
1618 611 1757 681 ἀλή-

158 710 224 762 θε
234 727 312 764 ια.
329 708 544 778 Εὑρέθη
566 702 661 760 οὖν
686 705 748 758 τὸ
763 704 955 758 δοκοῦν
975 703 1192 774 ψεῦδος,
1212 703 1756 775 ἀλήθειαόμολογου-

162 803 306 873 μένη
330 797 490 855 εἶναι.
513 800 624 853 Καὶ
639 797 814 868 έθηκα
831 797 930 869 τὴν
949 798 1129 868 ψυχὴν
1151 799 1210 850 έν
1231 797 1310 868 τῷ
1329 797 1490 868 δῆθεν
1506 797 1755 850 δοκοῦντι

153 892 443 963 ψεύσματι
471 890 613 961 ὑπὲρ
638 887 734 941 τοῦ
758 888 935 957 φίλουο
962 887 1058 940 καὶ
1090 885 1331 959 ἔρρωται
1360 887 1756 957 ἀμφοτέρωθεν

154 988 194 1053 ἡ
223 984 439 1054 ἐντολή·
467 985 569 1036 οὐκ
590 985 650 1036 ὲν
675 981 982 1052 ψεύσματι,
1017 981 1135 1034 ἀλλ’
1164 983 1223 1034 ὲν
1266 979 1499 1052 ἀληθείᾳ
1528 981 1754 1035 τελειω-

155 1078 342 1133 θεῖσα.
379 1078 455 1131 Ού
492 1077 746 1148 μέντοιγε
770 1076 957 1128 εἵνεκα
998 1073 1220 1139 ἑαυτοῦ,
1250 1075 1338 1127 ἵνα
1370 1073 1446 1146 μὴ
1475 1075 1753 1138 ἀποθάνω,

151 1170 323 1223 τοῦτο
350 1173 527 1229 ποιεῖν
555 1171 682 1241 χρή’
723 1167 923 1239 ψεῦδος
949 1168 1060 1236 γὰρ
1087 1161 1215 1222 ὧδε.
1247 1166 1389 1220 Οὔτε
1421 1167 1529 1238 μὴν
1555 1168 1754 1237 ὀμόσαι

151 1267 220 1320 τὸ
255 1266 505 1333 καθόλου,
539 1265 662 1319 οὔτε
687 1265 816 1336 περὶ
844 1263 1041 1319 ἑαυτοῦ
1066 1303 1082 1330 ,
1109 1263 1234 1318 οὕτε
1265 1264 1398 1335 περὶ
1448 1264 1613 1319 ἄλλου
1645 1282 1755 1318 σω-

151 1362 384 1431 τηρίαςο
415 1358 704 1431 προφανὴς
734 1358 846 1428 γὰρ
885 1359 920 1429 ὴ
965 1357 1301 1429 παράϐασις.
1335 1355 1494 1410 οὕτω
1525 1357 1585 1409 τὸ
1626 1357 1753 1426 ἐμοὶ

153 1451 492 1520 φαινόμενον
524 1449 664 1519 έχει.
721 1449 877 1502 Ἐπεὶ
905 1450 1000 1504 καὶ
1029 1451 1064 1521 ἡ
1108 1450 1293 1520 Σάρρα
1334 1444 1457 1502 εἷπε
1488 1447 1567 1518 τῷ
1603 1448 1752 1501 Ἀδι-

156 1543 356 1614 μέλεχ,
382 1543 465 1596 ὄτι
524 1541 786 1612 Ἀδελςρή
822 1545 940 1613 ειμι
971 1543 1080 1598 τοῦ
1121 1538 1399 1612 ’Ᾰϐραάμ
1433 1542 1544 1594 Καὶ
1565 1543 1593 1594 6
1617 1559 1752 1612 προ-

154 1638 342 1707 φήτης
391 1635 666 1707 Ἱερεμίας
701 1638 818 1700 τοῖς
865 1636 1152 1708 ἐρωτῶσιν
1181 1636 1352 1691 αὑτὸν
1393 1635 1643 1708 ἄρχουσιο
1691 1636 1752 1690 Τί

151 1746 260 1784 σοι
291 1727 464 1784 εἶπεν
493 1732 526 1783 ό
553 1729 860 1795 ,ϐασιλεύς
875 1745 898 1796 ;
925 1728 1057 1783 ἄλλο
1085 1728 1210 1784 ἀντὶ
1238 1728 1403 1783 ἀλλου
1448 1727 1748 1800 ἀπεκρίθη,

146 1821 350 1875 καθότι
378 1820 613 1874 ὑπέθετο
636 1820 789 1892 αὐτῷ
825 1823 855 1875 6
885 1814 1176 1892 βασιλεὺς,
1206 1821 1317 1876 δέει
1355 1822 1591 1875 θανάτου
1611 1861 1626 1885 ,
1656 1824 1752 1874 καὶ

1863 609 2108 678 gladium
2135 609 2322 678 dedit,
2369 610 2576 665 bonum
2615 619 2700 665 est
2731 625 2746 664 :
2772 610 2977 666 bonum
3011 622 3196 668 autem
3247 617 3452 671 veritas

1859 712 1965 756 est.
2001 700 2144 757 Deus
2167 703 2334 767 enim,
2358 703 2500 758 idem
2522 712 2577 758 et
2604 703 2782 760 bonus
2808 712 2894 759 est
2917 713 2973 760 et
2991 706 3214 762 veritas.
3249 706 3457 777 Depre-

1862 795 2093 850 hensum
2125 804 2208 850 est
2246 796 2414 866 igitur
2467 796 2522 850 id
2555 795 2700 866 quod
2743 796 3092 853 mendacium
3137 798 3450 866 videbatur,

1861 889 1980 940 sine
2019 889 2390 942 controversia
2451 889 2734 943 veritatem
2795 903 2938 944 esse.
2983 887 3078 944 Sio
3121 900 3177 944 et
3205 891 3450 943 animam

1861 981 2043 1050 posui,
2079 983 2134 1036 in
2163 995 2228 1037 eo
2258 981 2510 1036 videlicet
2557 981 2702 1052 quod
2734 983 3078 1036 mendacium
3127 983 3452 1048 videbatur,

1861 1074 2026 1128 amici
2059 1087 2248 1127 causa.
2279 1073 2343 1128 Et
2383 1074 2597 1128 salvum
2622 1082 2706 1129 est
2736 1089 2805 1128 ex
2843 1084 3076 1143 utraque
3105 1084 3259 1145 parte
3288 1091 3452 1130 man-

1860 1165 2072 1232 datum,
2107 1181 2217 1220 non
2243 1167 2298 1219 in
2328 1167 2614 1222 mendacio
2641 1169 2734 1222 sed
2768 1168 2825 1221 in
2865 1168 3092 1223 veritate
3123 1171 3451 1239 praestitum.

1857 1256 2022 1312 Nefas
2079 1260 2268 1327 utique
2326 1260 2428 1312 hoc
2483 1259 2603 1313 fieri
2653 1274 2774 1313 mea
2823 1274 3025 1327 causa,
3078 1276 3146 1314 ne
3197 1263 3400 1316 moriar
3436 1281 3452 1314 :

1857 1347 2206 1401 mendacium
2237 1349 2383 1402 enim
2417 1356 2548 1404 tunc
2586 1357 2693 1404 est.
2728 1349 2842 1404 Nec
2867 1349 3168 1420 jurandum
3202 1354 3454 1420 omnino,

1856 1453 2035 1508 neque
2062 1454 2160 1508 pro
2206 1454 2306 1495 sua
2337 1441 2545 1510 ipsius,
2583 1458 2764 1512 neque
2809 1458 2913 1514 pro
2969 1446 3198 1500 alterius
3232 1446 3453 1501 salute:

1857 1529 2148 1586 manifesta
2179 1546 2264 1587 est
2309 1534 2453 1587 enim
2504 1535 2641 1605 legis
2672 1536 2919 1591 vi‘olatio.
2953 1535 3063 1600 Sic,
3096 1547 3157 1591 ut
3199 1538 3456 1608 equidem

1855 1625 2114 1691 arbitror,
2147 1641 2206 1680 se
2243 1642 2329 1682 tes
2372 1627 2556 1682 habet.
2591 1627 2729 1682 Nam
2753 1640 2808 1684 et
2857 1630 2994 1685 Sara
3035 1631 3174 1686 dixit
3227 1633 3456 1687 Abime-

1855 1717 1974 1772 lech
2003 1735 2018 1772 :
2049 1716 2214 1774 Soror
2242 1735 2360 1772 sum
2402 1720 2634 1775 Abrahae
2670 1721 2736 1776 ".
2789 1720 2857 1777 Et
2897 1721 3164 1779 Jeremias
3189 1725 3454 1794 propheta

1855 1813 2271 1868 sciscitantibus
2325 1829 2394 1868 ex
2448 1829 2516 1870 eo
2556 1816 2899 1886 principibus
2954 1817 3148 1884 :Quid
3211 1819 3308 1872 tibi
3363 1835 3457 1874 rea:

143 1914 278 1968 τότε
307 1914 534 1968 οἰκείου.
565 1913 676 1968 Καὶ
704 1917 785 1978 είς
813 1914 882 1968 τὰ
912 1914 1320 1985 ἀποφθέγματα
1349 1913 1463 1968 τῶν
1486 1915 1752 1986 Πατέρων

1856 1905 1994 1958 dixit
2019 1905 2043 1958 ?
2071 1907 2486 1977 responsionem
2525 1910 2635 1964 alio
2669 1909 2957 1981 derivavit,
2986 1916 3454 1984 quemadmodum

146 2006 466 2078 ἐμφέρεται
491 2007 552 2060 τὺ
579 2005 847 2062 τοιοῦτον.
872 2007 937 2060 Εἰ
962 2007 1021 2060 δέ
1046 2025 1101 2061 τι
1135 2007 1300 2071 αὐτὸς
1327 2008 1480 2078 παρὰ
1504 2006 1758 2074 σεαυτοῦ,

142 2100 184 2170 ἢ
215 2100 348 2168 παρ’
376 2097 568 2171 ἑτέρου
592 2097 798 2167 εὕροις,
820 2099 1290 2171 φανερῶσαιήμίν
1316 2098 1392 2171 μὴ
1415 2101 1756 2172 παραιτήσῃ,

145 2192 294 2264 πρὸς
323 2192 627 2261 ἐπίγνωσιν
655 2193 917 2262 ἀληθείας
939 2231 954 2258 ,
985 2191 1080 2243 καὶ
1131 2192 1418 2263 φωτισμὸν
1446 2193 1566 2257 νοὸς
1597 2193 1758 2264 ἡμῶν

145 2281 432 2354 ἀμυδροῦ.
480 2283 586 2335 Τὸν
632 2281 1165 2351 συγκακοπαθοῦντά
1205 2299 1290 2337 σοι
1333 2283 1752 2356 προσαγορεύω.

153 2376 222 2427 't)
252 2375 354 2430 σὺν
384 2374 512 2447 ἐμοὶ
537 2377 942 2447 προσαγορεύει
968 2391 1049 2430 σε.

536 2668 629 2723 M'.
668 2695 738 2708 --
766 2667 1124 2736 Ναυκρατίῳ
1161 2666 1366 2733 τέκνῳ.
1580 2668 1756 2743 [τιγκ]

1856 2011 1954 2052 rex
1981 1999 2030 2052 ei
2067 1997 2437 2070 suggesserat,
2496 2013 2646 2060 metu
2700 2007 2917 2074 mortis,
2968 2017 3025 2063 et
3055 2016 3186 2065 tunc
3223 2012 3450 2081 quidem

1859 2092 2096 2162 propriae
2170 2093 2236 2146 ⁸⁸.
2298 2094 2367 2150 Ει
2414 2095 2559 2151 inter
2633 2095 2861 2153 Patrum
2943 2105 3246 2157 sententias
3307 2103 3456 2159 istud

1851 2183 2034 2253 ipsum
2071 2184 2354 2241 inseritur.
2402 2186 2556 2254 Quod
2587 2189 2634 2244 si
2669 2189 2804 2260 quid
2839 2191 2926 2246 vel
2959 2207 3056 2262 per
3085 2203 3137 2248 te
3169 2194 3287 2266 ipse
3312 2233 3328 2262 ,
3367 2193 3458 2250 vel

1848 2277 2079 2333 alterius
2104 2294 2207 2348 ope
2234 2281 2532 2347 inveneris,
2551 2283 2867 2353 signiﬁcare
2899 2288 3059 2341 nobis
3107 2301 3179 2342 ne
3200 2291 3448 2359 graveris

1851 2370 1918 2423 ad
1943 2370 2277 2441 agnitionem
2308 2373 2577 2442 veritatis,
2596 2391 2661 2430 ac
2677 2379 2877 2434 mentis
2898 2392 3102 2436 nostra:
3140 2383 3444 2438 hebetioris

1852 2462 2350 2520 collustrationem.
2383 2465 2606 2522 Socium
2642 2484 3028 2528 arumnarum
3059 2485 3277 2531 tuarum
3298 2479 3451 2532 salu-

1851 2563 1928 2608 to.
1959 2553 2064 2620 Qui
2089 2571 2306 2612 mecum
2337 2569 2423 2614 est
2453 2560 2688 2616 salutem
2715 2564 2813 2617 tibi
2855 2565 3008 2621 dicit.

2296 2672 2408 2732 XL.
2435 2705 2492 2715 —-
2517 2674 2817 2733 Naucralio
2853 2680 2992 2750 ﬁlio.

1046 2806 1126 2858 De
1158 2806 1314 2869 lapsis
1338 2819 1614 2869 eorumque
1656 2807 1835 2868 poenis.
1884 2808 2083 2868 (Baron.
2113 2823 2196 2859 an.
2217 2809 2329 2872 816,
2369 2824 2420 2859 n.
2441 2811 2546 2877 19.)

217 2915 437 2982 Εῐωθας
474 2915 565 2969 ἀεὶ
613 2915 828 2985 μακρὸν
869 2914 1150 2969 ποιεῖσθαι
1203 2914 1267 2968 τὸ
1310 2917 1411 2986 τῆς
1461 2914 1759 2985 ἐπιστολῆς

137 3012 476 3084 προοίμιον
519 3007 691 3061 πολλά
740 3010 876 3078 ἠμίν
904 3010 1020 3072 τοῖς
1065 3007 1308 3074 ἀναξίοις
1356 3009 1654 3080 συμφέρων
1689 3010 1757 3063 τά

136 3103 406 3174 ἐγκώμια
432 3140 446 3166 ,
472 3101 574 3155 ούκ
594 3101 724 3156 ὄντα
759 3101 962 3173 ἀληθῆ,
995 3102 1218 3172 φιλικῆς
1257 3102 1316 3154 δὲ
1342 3101 1642 3167 διαθέσεως
1669 3101 1755 3156 ἒν-

136 3200 442 3268 δείγματα.
482 3196 628 3266 Ἐγὼ
654 3198 712 3250 δὲ
739 3199 797 3250 ὲν
838 3197 1090 3270 βραχέσι.
1122 3197 1188 3250 Τί
1225 3196 1389 3250 τοῦτο
1413 3215 1427 3264 ;
1455 3198 1545 3251 ἵνα
1573 3198 1748 3266 ὑγιαί-

136 3307 260 3353 νοις
285 3290 346 3342 ὲν
369 3289 566 3360 Κυρίῳ
589 3330 603 3355 ,
632 3288 832 3358 ἀδελφέ
873 3306 998 3359 μου,
1027 3288 1362 3360 θερμότερος
1392 3290 1480 3343 ἀεὶ
1526 3291 1748 3391 γινόμε-
1776 3335 1818 3391 C

136 3401 242 3447 νος
269 3385 336 3454 τῇ
382 3383 576 3456 ἀγάπῃ
632 3382 871 3454 Χριστοῦ
921 3383 1221 3455 ὑποφέρειν
1253 3383 1325 3437 τά
1360 3383 1503 3454 ὑπὲρ
1554 3381 1743 3436 αὐτοῦ’

136 3476 268 3532 ἀλλ’
297 3478 528 3530 ούτίπου
570 3477 868 3548 ύπολήγειν
899 3478 964 3529 ὲκ
1011 3476 1312 3546 ῥᾳθυμίας.
1362 3475 1474 3528 Καὶ
1526 3475 1612 3545 εἴη
1668 3492 1749 3528 σοι

136 3573 230 3625 ἔτι
268 3569 484 3641 ἔξαψις
517 3569 593 3633 ὡς
620 3571 688 3623 ἂν
718 3569 940 3640 ὲπᾲδειν
974 3583 1033 3620 σε
1077 3569 1217 3638 μετά
1243 3568 1412 3621 Δαόὶδ
1438 3567 1533 3621 τοῦ
1563 3570 1744 3638 ἀγίου’

143 3663 266 3716 Ὃν
316 3665 544 3730 τρόπον
575 3660 853 3714 ἐπιποθεῖ
892 3660 930 3728 ἡ
972 3659 1202 3729 ἔλαφος
1249 3661 1348 3714 ἐπὶ
1395 3662 1502 3728 τὰς
1552 3663 1750 3730 πηγὰς

135 3754 272 3810 τῶν
313 3753 575 3818 ὑδάτων,
622 3751 812 3817 οὕτως
834 3751 1113 3805 ἐπιποθεῖ
1144 3755 1184 3821 ἡ
1220 3752 1392 3822 ψυχή
1425 3770 1546 3823 μου
1598 3755 1749 3822 πρὸς

135 3865 244 3913 σε,
279 3849 313 3900 ό
349 3845 513 3910 Θεός.
568 3842 739 3897 Τοῦτο
777 3843 836 3896 δὲ
880 3843 1124 3916 ἐνεργῶς
1159 3846 1339 3917 ᾀδοιεν
1373 3847 1439 3900 ἄν
1468 3863 1552 3909 τις
1580 3863 1746 3899 κεκα-

138 3938 435 4012 Θαρμένην
474 3937 618 4008 ἔχων
658 3937 759 4008 τὴν
785 3937 1040 4009 καρδίαν,
1074 3938 1108 4010 ἢ
1139 3939 1574 4010 καθαιρομένην,
1613 3957 1632 3990 ι
1673 3933 1749 3994 Οῦ

134 4033 258 4104 γὰρ
309 4030 618 4101 κάθαρσις,
652 4027 728 4093 ὥς
757 4045 925 4100 φησιν
957 4030 985 4081 ό
1020 4028 1285 4098 Θεολόγος
1310 4071 1325 4095 ,
1375 4031 1667 4100 ἐλλαμψις.
1725 4049 1743 4081 ι

125 4129 250 4192 ’Ὧς
279 4125 530 4198 μακαρία
557 4126 589 4195 ἡ
620 4123 767 4194 ψυχὴ
802 4120 965 4192 αὕτη,
1008 4122 1098 4190 ὑφ’
1141 4119 1210 4194 ἧς
1241 4125 1302 4176 τὸ
1339 4125 1522 4178 πάντα
1551 4125 1749 4178 παθεῖν

136 4225 235 4279 διὰ
265 4222 503 4293 Χριστὸν
527 4220 864 4292 έπιπόθητον
894 4219 1039 4286 λίαν,
1072 4221 1168 4272 καὶ
1193 4220 1254 4273 τὸ
1283 4219 1564 4291 βδέλυγμα
1596 4223 1749 4292 ἡγεῖ-

139 4317 278 4372 σθαι
325 4313 476 4368 ἆπαν
520 4312 726 4384 σαρκὸς
766 4312 950 4383 ἔργον.
1013 4309 1182 4375 Εύξαι
1231 4308 1473 4384 [εὖξαι],
1527 4311 1747 4382 ἀδελφὲ,

134 4405 524 4479 ὀσφρανθῆναί
573 4423 643 4476 με
675 4405 771 4476 τῆς
820 4404 1051 4468 εὐωδίας
1091 4405 1339 4476 ταύτης,
1387 4406 1480 4457 τὸν
1509 4405 1744 4458 ὀδωδότα

135 4505 258 4564 τοῖς
292 4499 550 4554 πάθεσιν.
593 4492 760 4560 Οὗτος
790 4499 820 4550 6
854 4497 1074 4566 πρῶτος
1119 4498 1300 4567 λόγος.
1355 4497 1412 4551 ὐ
1459 4498 1745 4570 δεύτερος,

137 4593 280 4665 περὶ
323 4590 422 4644 τοῦ
473 4590 804 4644 ’Δνατολίουο
874 4589 964 4652 Ὧς
994 4590 1241 4661 λυπηρόν
1293 4607 1385 4659 μοι
1427 4589 1488 4642 τὸ
1541 4591 1746 4661 πτῶμα

1938 2912 2168 2985 Semper
2190 2915 2384 2972 solitus
2399 2933 2460 2973 es
2479 2918 2751 2990 prolixius
2769 2920 2950 2979 facere
2970 2923 3276 2984 litterarum
3298 2944 3457 2988 exor-

1854 3005 2006 3060 dium
2041 3024 2056 3061 :
2088 3007 2218 3063 dum
2242 3009 2477 3080 plurima
2515 3012 2572 3068 in
2596 3028 2696 3071 nos
2717 3016 2814 3086 qui
2839 3017 3052 3090 indigni
3076 3036 3291 3089 sumus,
3318 3039 3453 3079 con-

1852 3099 1997 3168 geris
2020 3103 2288 3170 encomia,
2317 3117 2428 3158 non
2458 3119 2584 3161 vera
2613 3107 2702 3163 illa
2725 3109 2967 3180 quidem,
3009 3115 3103 3170 sed
3127 3123 3310 3172 tamen
3334 3121 3454 3175 sin-

1853 3192 2063 3260 gularis
2119 3193 2514 3251 benevolentiae
2565 3212 2912 3270 argumenta.
2964 3206 3036 3260 At
3091 3222 3193 3279 ego
3237 3212 3451 3280 paucis.

1854 3283 1997 3348 Quid
2025 3285 2131 3339 hoc
2164 3285 2265 3340 ?ut
2287 3296 2436 3343 recte
2489 3290 2675 3348 valeas
2704 3295 2759 3348 in
2809 3295 3065 3365 Domino,
3107 3298 3280 3357 frater
3331 3303 3449 3358 mi:

1868 3378 2168 3434 ferventior
2195 3380 2376 3439 factus
2434 3384 2490 3438 in
2520 3386 2659 3453 dies,
2701 3397 2815 3443 tum
2845 3397 2908 3445 ut
2947 3390 3154 3449 Christi
3183 3397 3452 3453 cliaritate

1850 3465 2120 3534 quidlibet
2142 3467 2317 3538 ipsius
2337 3487 2502 3528 causa
2525 3477 2831 3546 perpetiare
2847 3519 2866 3547 ,
2893 3489 3008 3536 tum
3031 3493 3094 3538 ut
3115 3485 3248 3540 nihil
3266 3503 3331 3541 ex
3357 3503 3452 3543 so-

1850 3561 2040 3614 Cordia
2062 3565 2468 3630 pratermittas.
2499 3568 2678 3639 Atque
2709 3571 2920 3627 utinam
2945 3574 3130 3632 fervor
3157 3578 3256 3634 tibi
3287 3594 3448 3636 men-

1851 3651 1920 3705 tis
1952 3654 2117 3719 adsit,
2148 3664 2209 3708 ut
2242 3671 2366 3710 cum
2407 3669 2602 3715 sancto
2652 3661 2854 3720 Davide
2908 3667 3090 3737 possis
3151 3671 3406 3729 accinere
3431 3716 3447 3731 .

1854 3745 2312 3810 Quemadmodum
2337 3751 2603 3806 desiderat
2633 3770 2814 3811 ceruus
2850 3758 2919 3812 ad
2959 3761 3129 3831 fontes
3162 3779 3450 3836 aquarum,

1851 3837 1927 3888 ita
1973 3838 2241 3893 desiderat
2310 3845 2495 3899 anima
2539 3863 2656 3904 mea
2685 3849 2757 3902 ad
2788 3859 2859 3918 te,
2901 3851 3044 3910 Deus
3073 3856 3138 3913 ⁸³.
3174 3857 3232 3912 Id
3265 3870 3448 3915 autem

1851 3946 2052 4003 magno
2080 3937 2268 3990 animo
2301 3941 2586 4005 cecinerit,
2610 3944 2865 4016 quisquis
2896 3949 2982 4002 vel
3016 3961 3252 4022 purgato
3298 3955 3448 4024 jam-

1851 4027 2060 4117 dudum
2131 4030 2298 4085 corde
2337 4030 2536 4101 fuerit,
2567 4036 2654 4091 vel
2711 4041 3001 4110 purgando
3053 4044 3146 4100 det
3193 4061 3445 4117 operam.

1864 4135 1883 4167 ι
1919 4115 2020 4174 Ubi
2051 4121 2199 4175 enim
2227 4127 2481 4194 purgatio
2513 4137 2618 4193 est,
2648 4132 2803 4186 utait
2826 4131 3158 4207 Theologus,
3191 4115 3266 4194 ibi
3318 4141 3448 4196 illu-

1851 4208 2082 4265 minatio
2112 4213 2176 4266 ⁸⁸.
2208 4231 2228 4265 ι
2268 4213 2445 4281 Quam
2480 4219 2609 4274 felix
2643 4221 2736 4276 ille
2778 4225 2999 4282 animus
3031 4241 3136 4297 est,
3167 4231 3258 4286 cui
3286 4248 3445 4288 suin-

1851 4319 1940 4359 ma
1969 4316 2221 4362 votorum
2257 4319 2343 4365 est
2379 4316 2568 4369 omnia
2623 4326 2846 4390 propter
2875 4319 3154 4379 Christum
3185 4328 3394 4396 perpeti
3423 4344 3440 4382 :

1850 4407 1907 4452 et
1938 4399 2370 4458 abominandum
2419 4421 2650 4463 censere
2697 4424 2861 4468 omne
2883 4416 3068 4471 carnis
3097 4431 3237 4487 opus
3264 4421 3277 4473 l
3311 4420 3441 4490 Ora,

1851 4491 2045 4560 frater,
2082 4505 2141 4549 ut
2168 4511 2396 4552 suavem
2437 4501 2585 4556 hunc
2615 4503 2839 4560 odorem
2862 4506 3142 4577 olfaciam,
3167 4521 3224 4567 et
3242 4528 3444 4568 rerum-

1851 4602 2046 4642 narum
2063 4593 2417 4660 perpessione
2435 4595 2730 4652 redoleam.
2759 4597 2886 4656 Haec
2910 4603 3060 4672 prior
3088 4619 3220 4675 pars
3236 4609 3447 4663 oratio-

139 4682 336 4738 αὐτοῦ·
373 4682 514 4755 πλὴν
546 4681 898 4752 ἀπεδεξάμην
932 4699 1027 4734 σου
1057 4682 1160 4753 τὴν
1190 4685 1457 4756 ἰατρείαν.
1495 4685 1618 4738 Ἔτι
1647 4682 1741 4739 οὖν

1856 4681 1957 4734 nis.
1989 4680 2197 4748 Altera,
2223 4683 2290 4738 de
2320 4686 2595 4742 Anatolio.
2631 4687 2807 4756 Quam
2839 4695 3076 4751 acerbus
3123 4699 3258 4753 mihi
3292 4700 3444 4756 illius

138 4774 517 4850 ὲπιμελήθτιτι
562 4775 730 4830 αὑτοῦ
762 4774 1073 4845 φιλαδέλφῳ
1119 4775 1383 4830 διαθέσει.
1434 4777 1492 4830 Ὀ
1521 4778 1741 4849 τρίτος,

138 4871 278 4944 περὶ
309 4863 387 4924 ὧν
418 4867 742 4941 προέτεινας
775 4867 1110 4938 κεφαλαίων.

213 5068 298 5122 A'.
351 5063 482 5120 Ἐὰν
513 5062 798 5136 ὀρθόδοξος
837 5064 1153 5136 διαϐληθεὶς
1189 5067 1266 5130 ὡς
1315 5067 1392 5140 μὴ
1443 5071 1742 5146 κοινωνῶν,

138 5165 356 5235 ποιήσῃ
407 5159 665 5231 σταυρὸν,
711 5159 795 5211 ὅτι
820 5159 1100 5212 Κοινωνῶ·
1133 5159 1304 5231 μηδὲν
1336 5160 1526 5232 ἕτερον
1569 5163 1742 5215 πολυ-

140 5252 566 5323 πραγμονηθεὶς
592 5250 748 5322 παρά
774 5250 883 5305 τῶν
903 5251 1225 5322 αἱρετικῶν·
1246 5252 1414 5306 αὑτοῦ
1442 5253 1500 5305 δὲ
1528 5253 1747 5324 ἔχοντος

144 5347 391 5417 ιρύὸδην
407 5343 487 5414 τῷ
503 5343 774 5414 λογισμῶο
804 5344 1002 5415 ὅτιπερ
1030 5343 1123 5409 Ἐξ
1154 5343 1439 5416 ὀρθοδόξου
1472 5348 1748 5401 κοινωνῶν

144 5437 282 5504 εἰμι·
326 5437 430 5489 ούκ
460 5434 748 5505 οἰκονομία
789 5434 854 5488 τὸ
874 5433 1141 5499 τοιοῦτον,
1177 5435 1315 5489 ἀλλά
1357 5437 1620 5506 προδοσία
1646 5441 1746 5510 τῆς

146 5529 429 5599 ἀληθείας.
448 5529 522 5582 Τὸ
548 5529 827 5599 ἐπιτίμιον
854 5529 1226 5601 ἡμισευμένον
1253 5530 1391 5602 πρὸς
1417 5533 1509 5585 τὸν
1529 5533 1747 5604 όλοτρόο

143 5636 261 5682 πως
289 5623 356 5690 τῇ
389 5619 601 5682 αἱρέσει
635 5621 1068 5692 κοινωνήσαντα.
1106 5622 1281 5676 Πόσον
1308 5624 1364 5677 δὲ
1412 5624 1474 5678 τὸ
1499 5625 1742 5679 τοιοῦτον

1843 4773 2031 4843 lapsus
2061 4777 2302 4833 exstitit!
2342 4776 2447 4834 Sed
2474 4790 2658 4836 tamen
2685 4785 2909 4854 gavisus
2929 4802 3052 4844 sum
3076 4794 3444 4853 medicatione

1844 4873 1956 4920 tua.
1991 4867 2186 4923 Adhuc
2220 4870 2384 4940 igitur
2419 4873 2566 4929 illius
2608 4891 2800 4933 curam
2834 4880 2980 4937 habe
3027 4883 3273 4941 fraterno
3310 4889 3442 4945 affe-

1843 4971 1958 5017 ctu.
1992 4962 2199 5033 Tertia,
2233 4967 2300 5020 de
2327 4969 2602 5038 capitibus
2628 4987 2749 5042 qua:
2794 4979 3150 5046 proposuisti.

1917 5055 1957 5108 l.
1980 5053 2038 5110 Si
2060 5059 2405 5116 orthodoxus
2422 5074 2713 5120 accusatus
2730 5070 2876 5137 quod
2903 5085 3014 5125 non
3045 5077 3439 5145 communicet,

1843 5148 1988 5204 facta
2033 5166 2198 5207 cruce
2220 5153 2421 5210 dixerit
2455 5176 2469 5212 :
2505 5157 2868 5218 Communico
2903 5202 2920 5230 ,
2948 5163 3086 5221 nihil
3119 5169 3170 5223 ei
3199 5172 3443 5242 amplius

1847 5245 2050 5314 negotii
2097 5243 2498 5306 facessentibus
2549 5252 2821 5311 haereticis
2856 5259 3040 5324 ;clam
3091 5274 3275 5318 autem
3318 5268 3440 5336 ipso

1846 5338 2082 5394 habente
2106 5341 2250 5396 istud
2286 5342 2344 5396 in
2375 5344 2582 5412 animo,
2651 5362 2778 5404 cum
2813 5351 3137 5411 orthodoxis
3186 5372 3441 5416 commu-

1845 5434 2008 5502 nico;
2045 5451 2156 5491 non
2180 5439 2521 5508 dispensatio
2556 5442 2704 5499 istud
2735 5455 2837 5514 est,
2885 5450 2981 5504 sed
3022 5452 3264 5520 proditio
3296 5459 3439 5513 veri-

1845 5531 1996 5583 tatis.
2026 5527 2320 5587 Dimidium
2352 5535 2483 5592 huic
2512 5538 2859 5596 subeundum
2883 5559 3061 5614 ptenae
3096 5564 3219 5617 quae
3247 5553 3296 5606 ei
3320 5562 3438 5607 sta-

1844 5623 2020 5678 tuitur
2045 5626 2141 5695 qui
2168 5627 2328 5696 plane
2356 5628 2552 5686 haeresi
2591 5638 3038 5696 communicarit.
3061 5641 3278 5709 Quanta
3305 5662 3439 5703 vero

140 5712 247 5784 ἠδη
277 5709 688 5783 προερωτηθεὶς
720 5714 815 5766 καὶ
838 5713 1192 5784 ἀποκριθεὶς,
1224 5717 1483 5786 περιττόν
1513 5719 1628 5770 ἐστι
1658 5717 1740 5780 δὶς

1856 5730 1903 5770 3a
1932 5717 2023 5783 sit,
2053 5733 2178 5772 cum
2227 5720 2294 5774 ad
2329 5721 2722 5796 interrogatum
2745 5728 2860 5799 jam
2901 5742 3060 5788 antea
3108 5751 3438 5806 responsum

140 5805 213 5857 τά
239 5803 384 5857 αύτά
409 5804 831 5858 ὲπανακυκλετν.

220 5921 264 5952 ⁸³
301 5919 441 5974 Gen.
480 5936 575 5984 xu,
611 5921 660 5974 1.

1834 5812 1926 5876 sit,
1955 5826 2416 5881 supervacaneum
2460 5829 2544 5872 est
2566 5820 2649 5876 bis
2681 5823 2868 5878 eadem
2910 5827 3129 5884 iterare.

769 5922 812 5953 "
842 5921 1041 5977 Jerem.
1077 5939 1304 5989 xxxvm,
1355 5925 1425 5979 ‘25
1464 5942 1614 5996 seqq.
1704 5930 1746 5959 ”
1783 5927 1905 5984 Psal
1964 5945 2073 5995 xiv,
2101 5929 2186 5983 15.
2269 5931 2310 5962 ¹⁶
2334 5931 2492 6002 Greg.
2523 5933 2652 5992 Nan.
2687 5950 2829 5996 orat.
2854 5943 2941 6008 39,
2964 5960 3066 6017 pag
3099 5947 3224 6004 728.
