3934 6438
490 383 630 452 1239

1667 389 1728 450 S.
1760 388 2156 450 THEODORI
2189 389 2537 452 STUDITB
3635 395 3774 462 1940

555 503 623 560 il.
659 501 718 558 Si
749 502 876 573 quis
913 502 1209 573 impiorum
1269 517 1462 569 suasu,
1514 517 1708 558 eorum
1760 502 2077 572 conspectui

2254 503 2330 560 B’.
2385 505 2510 559 Ἐαν
2540 521 2622 569 τις
2668 507 2807 577 πρὸς
2836 507 3219 578 πληροφορίαν
3251 509 3364 564 τῶν
3417 511 3644 567 ἀσεϐῶν
3697 517 3774 567 ἐπ’

479 596 679 668 prodat
714 595 1092 666 presbyterum
1151 595 1454 651 latitantem
1495 606 1718 666 propter
1747 603 1911 649 rectae
1946 593 2072 648 ﬁdei

482 690 703 760 dogma,
733 703 834 743 nec
862 688 1148 743 haereticos
1183 695 1727 749 commemorantem,
1750 695 1806 740 et
1853 686 1922 740 ab
1957 685 2078 756 ipso

485 785 583 837 iiat
642 796 927 836 sacrorum
981 782 1368 852 mysteriorum
1413 780 1727 850 particeps:
1758 787 1813 834 et
1839 778 1943 834 iste
1968 819 1984 844 ,
2018 787 2081 833 ut

484 872 735 943 proditor
757 871 1028 938 veritatis,
1061 874 1114 926 in
1148 887 1366 944 pinnam
1400 887 1546 927 anno
1582 887 1693 926 uno
1718 887 1747 926 a
1772 873 1945 926 sacris
1983 870 2080 926 ab-

486 967 712 1021 stineat.

556 1057 646 1112 Ill.
699 1056 756 1113 Si
805 1058 928 1128 quis
987 1057 1256 1127 juraverit
1306 1072 1407 1112 nec
1465 1072 1525 1112 se
1575 1056 1818 1112 divinam
1883 1056 2076 1125 imagi-

487 1168 612 1208 nem
647 1155 1029 1214 adoraturum,
1062 1167 1162 1206 nec
1194 1152 1531 1212 orthodoxos
1563 1152 1864 1206 monachos
1893 1165 2080 1205 susce-

486 1255 709 1316 pturum
745 1263 759 1306 ;
821 1256 944 1313 post
979 1244 1366 1314 jusjurandum
1427 1252 1611 1298 autem
1647 1243 1862 1312 culpam
1909 1257 2077 1311 agno-

487 1353 650 1394 scens
711 1339 1019 1409 resipiscat,
1050 1349 1104 1391 et
1169 1340 1361 1392 adoret
1419 1336 1634 1391 occulte
1673 1353 1687 1391 :
1725 1351 1892 1406 grave
1941 1335 2080 1389 deli-

483 1440 632 1486 ctum
667 1447 683 1494 ;
712 1431 822 1501 jam
879 1428 1159 1484 Christum
1211 1429 1300 1483 ille
1333 1443 1398 1483 ac
1428 1429 1712 1498 Deiparam
1759 1436 1813 1481 et
1860 1435 2079 1481 sanctos

485 1521 722 1592 ejuravit
755 1539 767 1574 :
799 1519 976 1574 tribus
1013 1520 1175 1575 annis
1219 1520 1308 1575 ille
1337 1519 1538 1574 divinis
1573 1518 1847 1589 mysteriis
1885 1532 2077 1572 arcea-

489 1624 598 1682 tur,
635 1631 745 1670 non
777 1616 897 1671 sine
927 1629 1124 1684 magna
1166 1613 1524 1668 humanitate.

558 1706 648 1762 IV.
687 1704 889 1775 Siquis
939 1720 1035 1774 per
1067 1705 1593 1775 metumiinaginem
1611 1703 1814 1758 Christi
1851 1711 2076 1774 pungat,

2182 594 2373 667 ὅψεσιν
2409 597 2593 651 αὐτῶν
2634 598 2848 666 ἐνεγκο.
2898 603 3355 672 κρυπταζόμενον
3400 605 3776 678 πρεσϐύτερον

2182 687 2324 741 κατὰ
2355 687 2415 740 τὺ
2440 688 2541 758 τῆς
2568 688 2884 759 ὀρθοδοξίας
2907 691 3108 762 δόγμα,
3132 694 3228 747 καὶ
3262 694 3398 765 μηδὲ
3429 695 3775 766 ἀναφέροντα

2179 780 2477 848 αἱρετικὸν·
2509 780 2606 834 καὶ
2637 782 2776 851 πρὸς
2798 784 2964 837 αὐτού
2993 784 3213 854 μεθέξοι
3245 786 3356 839 τῶν
3378 788 3772 858 ἀγιασμάτωνο

2181 870 2277 920 καὶ
2307 861 2463 932 οὗτος
2501 869 2574 933 ὡς
2608 871 2879 943 προδότης
2912 873 3012 944 τῆς
3039 873 3337 944 ἀληθείας,
3390 878 3456 929 τὸ
3493 877 3776 948 ἐπιτίμιον

2181 959 2356 1029 ἐχέτω
2381 962 2629 1015 ἐνιαυτὸν
2656 963 2867 1035 ἁποχὴν
2894 965 3007 1018 τῶν
3036 965 3419 1036 ἁγιασμάτων.

2252 1054 2330 1107 Γ’.
2383 1055 2510 1110 Ἐάν
2536 1073 2622 1119 τις
2654 1057 2860 1127 ὀμόσας
2894 1056 2968 1129 μὴ
3001 1061 3329 1129 προσκυνεῖν
3369 1059 3530 1114 θείαν
3561 1063 3773 1123 εἰκόνα.

2187 1147 2314 1216 μήτ’
2361 1143 2428 1201 αὖ
2478 1147 2735 1215 δέξασθαι
2789 1149 3070 1221 όρθόδοξον
3111 1150 3419 1221 μονάζοντα
3486 1156 3634 1221 μετά
3679 1156 3776 1224 τὴν

2183 1240 2531 1309 ὁρκωμοσίαν
2557 1240 2716 1305 είδὼς
2744 1241 2806 1295 τὺ
2835 1243 3087 1311 πταῖσμα
3105 1282 3121 1306 ,
3153 1247 3387 1316 μετανοῇ
3415 1286 3432 1308 ,
3469 1245 3572 1298 καὶ
3608 1263 3776 1318 προσ-

2185 1332 2320 1400 κυνῇ
2366 1333 2656 1402 κρυπτῶςο
2706 1333 2846 1405 βαρὺ
2895 1335 2956 1389 τὸ
2983 1334 3222 1406 πτῶμαο
3259 1337 3360 1407 ήδη
3388 1337 3625 1408 ἔξαρνος
3654 1340 3775 1408 sye-

2183 1440 2304 1477 νετο
2336 1425 2578 1496 Χριστοῦ
2601 1466 2617 1490 ,
2659 1428 2761 1498 τῆς
2813 1446 2872 1483 τε
2923 1429 3188 1484 Θεοτόκου
3214 1469 3229 1496 ,
3283 1431 3379 1483 καὶ
3414 1431 3529 1486 τῶν
3577 1434 3772 1502 ἁγίων⁹

2182 1515 2371 1587 τριετῆ
2397 1518 2587 1587 χρόνον
2616 1519 2889 1592 εἰργέσθω
2919 1523 3028 1577 τῶν
3051 1520 3434 1595 ἁγιασμάτωνζ
3467 1525 3570 1578 σὺν
3605 1526 3773 1598 πολλῇ

2184 1605 2598 1679 φιλανθρωπίᾳ.

2253 1701 2327 1754 Δ’.
2382 1700 2511 1754 Ἐάν
2553 1719 2640 1766 τις
2668 1704 2879 1774 χρίσειε
2907 1704 3166 1769 δεδοικὼς
3188 1707 3376 1761 είκόνα
3421 1707 3669 1779 Χριστοῦ
3697 1752 3712 1775 ,
3741 1711 3774 1779 ἧ

484 1799 572 1854 vel
615 1799 790 1854 sancti
841 1796 1177 1867 cujuslibet;
1237 1813 1333 1868 per
1377 1810 1584 1852 annum
1631 1812 1659 1849 a
1691 1796 2077 1851 communione

2186 1807 2326 1854 τινος
2355 1790 2464 1844 τῶν
2495 1792 2686 1862 ἁγίων·
2717 1797 2966 1850 ἐνιαυτὸν
2997 1797 3268 1869 είργέσθω
3293 1799 3394 1870 τῆς
3426 1803 3746 1866 κοινωνίας.

486 1891 864 1962 prohibeatur.

561 1981 625 2036 ν.
661 1981 718 2037 Si
743 1983 866 2054 quis
897 1982 1156 2062 sacerdos
1197 1981 1517 2036 bareticum
1557 1979 1774 2049 publice
1837 1989 2078 2032 comme-

490 2081 687 2131 moret.
726 2071 980 2140 privatim
1008 2083 1188 2126 autem
1219 2070 1286 2124 ab
1310 2069 1623 2124 orthodoxo
1645 2069 1831 2137 aliquo
1872 2068 1926 2120 in
1957 2081 2082 2120 ora-

490 2164 694 2217 torium
727 2174 978 2227 vocatus,
1008 2175 1445 2218 commemorare
1489 2160 1802 2215 Itaeisticum
1838 2158 1976 2212 nolit
2008 2173 2078 2211 an

485 2255 807 2326 religiosum
840 2254 1121 2308 hominem
1155 2260 1369 2322 oportet
1397 2251 1450 2305 in
1475 2250 1718 2306 oratorio
1746 2250 1852 2305 isto
1888 2263 2080 2320 preces

488 2363 752 2419 peragere
781 2348 804 2401 ?
831 2345 1070 2400 Minime.

565 2439 654 2496 Vl.
680 2440 763 2496 An
803 2443 978 2510 possit
1009 2437 1210 2506 aliquis
1264 2445 1431 2502 recte,
1465 2437 1596 2490 dum
1648 2443 1871 2504 peccata
1901 2433 2102 2503 poenis.

489 2536 693 2604 expiat,
714 2536 988 2590 asciscere
1023 2533 1260 2601 aliquem
1297 2531 1398 2585 sibi
1425 2529 1634 2583 socium
1661 2527 1727 2581 ad
1751 2527 2078 2582 levationem

489 2642 684 2697 paenae.
718 2626 878 2679 Circa
907 2625 1353 2679 communionem
1382 2622 1628 2690 quidem,
1660 2620 1887 2674 minime
1919 2636 1933 2670 :
1974 2619 2081 2672 cir-

489 2735 554 2773 ca
585 2719 689 2773 alia
720 2727 926 2783 autem,
970 2732 1082 2771 non
1129 2716 1358 2770 omnino
1399 2713 1848 2782 improbandum.
1892 2710 2079 2782 Neque

488 2831 622 2871 vero
652 2815 1020 2885 eleemosynis
1064 2829 1158 2883 per
1197 2829 1255 2869 se
1302 2813 1419 2881 ipse
1463 2819 1640 2880 potest
1677 2810 1977 2879 quidquam
2010 2824 2078 2862 ex

491 2924 561 2965 eo
591 2909 919 2964 subtrahere
950 2907 1094 2976 quod
1135 2917 1221 2961 est
1272 2905 1586 2960 deﬁnitum:
1642 2902 1781 2957 Nam
1836 2902 1930 2971 qui
1961 2916 2079 2971 pce-

493 3019 620 3057 nam
657 3002 887 3071 irrOgat,
922 2999 1077 3054 novit
1125 2998 1352 3053 omnino
1408 3007 1464 3051 et
1497 3011 1812 3067 personam.
1851 3005 1905 3048 et
1937 3004 2078 3047 tem-

489 3111 619 3166 pus,
651 3103 706 3150 et
727 3095 981 3163 adjuncta
1009 3090 1364 3161 perpendere,
1396 3100 1456 3145 ut
1496 3091 1723 3143 relaxet.
1757 3087 1893 3141 Nam
1923 3096 2081 3142 certo

491 3189 620 3250 line,
667 3187 825 3256 juxta
858 3199 1103 3240 canones
1154 3183 1249 3252 qui
1283 3191 1415 3236 sunt
1465 3182 1854 3249 contingenter
1883 3179 2074 3249 positi,

2251 1965 2337 2019 E'.
2391 1966 2517 2020 Ἐάν
2537 1986 2621 2032 τις
2665 1970 2845 2040 ἱερεὺς
2874 1970 3125 2044 ἀναφέρῃ
3154 1972 3247 2026 τὸν
3277 1973 3560 2044 αίρετικδν
3608 1976 3777 2046 δημο-

2183 2055 2294 2126 σίᾳ·
2335 2057 2446 2130 ίδίᾳ
2475 2059 2532 2112 δὲ
2566 2062 3054 2133 προσκαλούμενος
3087 2064 3193 2117 ὑπό
3223 2080 3370 2128 τινος
3394 2066 3688 2136 όρθοδόξου
3719 2071 3775 2121 ὲν

2181 2149 2495 2222 εύκτηρίῳ,
2552 2154 2837 2209 στέλλεται
2886 2155 3188 2228 ἀναφέρειν
3238 2157 3330 2212 τὸν
3375 2160 3693 2225 αίρετικὸνο
3726 2163 3774 2214 εί

2181 2238 2290 2309 ἄρα
2316 2241 2374 2293 ὲν
2403 2241 2482 2312 τῷ
2502 2244 2733 2314 τοιούτῳ
2759 2246 3036 2318 εύκτηρίῳ
3063 2246 3155 2300 τὸν
3190 2247 3396 2318 ἀκριϐῆ
3421 2248 3507 2301 δεῖ
3537 2255 3775 2321 προσεύ-

2180 2330 2371 2400 χεσθαι
2391 2349 2406 2397 ;
2452 2333 2740 2404 Οὐδαμῶς.

2254 2425 2346 2490 ς’.
2400 2425 2526 2479 Ἐάν
2550 2443 2636 2490 τις
2663 2427 2755 2479 ἐπὶ
2782 2425 2861 2496 τῷ
2879 2427 3065 2497 οίκείῳ
3085 2429 3344 2498 ἐπιτιμίῳ
3363 2429 3602 2483 δύναται
3633 2431 3774 2484 κατὰ

2181 2512 2339 2581 λόγον
2367 2517 2771 2591 προσλαϐέσθαι
2796 2518 2920 2572 τινὰ
2955 2519 3032 2581 είς
3074 2520 3479 2590 ὲπικουφισμὸν
3519 2522 3616 2575 τοῦ
3653 2525 3773 2576 ἑπι-

2180 2606 2404 2675 τιμίου;
2460 2609 2554 2661 ἐπὶ
2595 2609 2695 2678 μὲν
2744 2611 2843 2682 τῆς
2882 2611 3200 2674 κοινωνίας,
3233 2611 3528 2682 ούδαμῶςο
3582 2615 3678 2668 ἐπὶ
3717 2614 3774 2667 δὲ

2180 2696 2289 2748 τῶν
2337 2696 2536 2760 ἄλλων,
2575 2699 2675 2752 οὐκ
2710 2699 3042 2771 ἀπόϐλητον.
3090 2698 3228 2753 Οὔτε
3273 2698 3330 2752 δὲ
3369 2701 3773 2770 ὲλεημοσύναις

2179 2787 2380 2842 δύναιτ’
2407 2789 2474 2842 ἂν
2513 2791 2763 2858 ὑφαιρεῖν
2789 2809 2844 2846 τι
2879 2792 2975 2846 τοῦ
3005 2791 3240 2864 ὁρισμοῦ
3278 2792 3355 2856 ὡς
3394 2795 3492 2862 ἀφ’
3547 2795 3769 2849 ἑαυτοῦ.

2192 2877 2250 2933 '0
2279 2881 2389 2952 γὰρ
2416 2882 2785 2950 ὲπιτιμιὰζων
2812 2879 2922 2936 οἶδε
2954 2883 3176 2946 πάντως
3197 2882 3294 2937 καὶ
3322 2883 3650 2954 πρόσωπον,
3680 2887 3776 2939 καί⁵

2179 2971 2393 3040 χρόνον,
2437 2975 2536 3028 καὶ
2578 2975 2646 3028 τὰ
2679 2976 2838 3038 ἐκτὸς
2882 2976 3204 3046 δοκιμάζειν
3243 2977 3385 3047 πρὸς
3429 2978 3496 3031 τὸ
3531 2979 3773 3049 ὑφεῖναι.

2183 3065 2334 3137 Ὅρφ
2361 3067 2472 3137 γὰρ
2522 3068 2616 3120 ἐπὶ
2650 3069 2760 3121 τῶν
2806 3068 3173 3139 ἐνδεχομένως
3205 3069 3479 3138 κειμένων
3527 3071 3776 3124 κανόνων

2182 3157 2500 3226 περιλαϐεῖν
2545 3159 2614 3212 τὰ
2653 3159 2878 3213 τοιαῦτα
2907 3160 3006 3230 οὐχ
3036 3155 3147 3213 οἷόν
3193 3177 3251 3213 τε
3275 3199 3290 3224 ,
3316 3160 3506 3225 καθὼς
3543 3163 3707 3226 αὐτὸς
3747 3166 3778 3216 ὁ

491 3228 620 3250 ....ν,
667 3228 825 3256 ,.......
860 3228 1103 3240 ...ηηηνν
1157 3228 1249 3252 η..-
1284 3228 1415 3236 --.η
1470 3228 1843 3249 -------.υ----,-
1883 3228 2073 3249 rw--.

491 3295 600 3333 non
657 3287 895 3347 possunt
942 3277 1045 3331 ista
1105 3274 1545 3344 comprehendi:
1611 3271 2073 3343 quemadmodum

2187 3250 2363 3319 μέγας
2415 3251 2695 3316 Βασίλειος
2745 3228 3150 3324 είρηκεί-Δοὺς
3195 3253 3306 3324 γὰρ
3356 3253 3436 3323 τῷ
3482 3257 3776 3328 ὲπισκόπῳ

495 3385 728 3439 magnus
759 3369 876 3438 ipse
906 3367 1142 3422 Basilius
1183 3368 1324 3421 dixit
1350 3367 1414 3419 ³⁷.
1459 3365 1604 3419 Dans
1637 3364 1783 3418 enim
1818 3364 2079 3433 episcopo

494 3471 817 3533 potestatem
851 3460 1087 3532 augendi
1128 3475 1194 3514 ac
1219 3459 1550 3518 remittendi,
1597 3474 1704 3512 non
1738 3472 1804 3510 ex
1838 3458 2080 3511 necessi-

492 3567 604 3614 tate
625 3556 876 3611 videlicet
893 3555 1228 3610 ineluctabili
1257 3568 1530 3608 canonem
1554 3552 1759 3614 sanxit,
1784 3551 1876 3603 sed
1899 3550 2078 3619 qunad

493 3652 616 3721 ejus
648 3649 765 3704 ﬁeri
796 3656 1014 3719 potest:
1065 3656 1124 3700 ut
1151 3647 1244 3715 qui
1280 3647 1392 3710 dat,
1437 3643 1905 3714 quemadmodum
1962 3642 2077 3707 (let,

491 3745 698 3798 videat.
731 3741 919 3809 Neque
951 3739 1098 3792 enim
1145 3737 1502 3807 egohumilis
1534 3735 1824 3790 deﬁniendi
1865 3734 2073 3804 cupidi-

493 3847 604 3893 tate
644 3836 739 3891 sed
775 3836 826 3888 vi
858 3835 1108 3896 adactus,
1145 3841 1199 3886 et
1231 3830 1452 3900 quidem
1483 3828 1646 3882 dandi
1679 3826 1898 3881 consilii
1945 3842 2080 3881 cau-

493 3949 576 3998 sa,
608 3940 666 3983 ut
705 3944 850 3998 saepe
875 3929 988 3982 dixi
1030 3925 1334 3994 respondeo
1369 3923 1434 3976 ad
1472 3922 1778 3991 propositas
1801 3920 1934 3972 mihi
1962 3920 2078 3974 sive

494 4042 524 4080 a
567 4034 638 4086 te,
696 4023 814 4076 sive
866 4021 934 4073 ab
974 4018 1084 4073 alio
1126 4016 1481 4087 quzestiones.
1535 4013 1808 4067 Caeterum
1843 4027 1943 4080 pro
1990 4027 2076 4065 me

496 4115 688 4169 humili
718 4127 944 4182 precare
975 4127 987 4162 :
1015 4123 1114 4178 pro
1144 4107 1354 4160 viribus
1391 4120 1549 4174 Opem
1583 4105 1650 4157 iis
1677 4104 1950 4173 praebens,
1981 4104 2073 4172 qui

493 4218 715 4279 propter
766 4205 944 4259 Studii
973 4202 1188 4271 negotia
1216 4201 1509 4265 dimicant,
1543 4198 1992 4267 quandocunque
2024 4208 2078 4250 et

495 4300 814 4368 ubicunque
869 4295 1078 4349 valebis
1134 4294 1191 4347 in
1241 4292 1498 4347 Domino.
1560 4289 1773 4343 Salutat
1821 4297 1872 4342 te
1912 4288 2078 4345 frater

492 4390 778 4445 Nicolaus.

565 4504 708 4558 XLI.
740 4532 812 4544 --
847 4501 1137 4569 TheOphilo
1173 4498 1366 4568 Ephesi
1408 4495 1719 4568 [episcopo].

2182 3343 2433 3408 ἐξουσίαν
2462 3345 2783 3415 προσθήκης
2819 3345 2915 3397 καὶ
2942 3345 3219 3413 ὑφέσεως.
3248 3346 3350 3398 οὐκ
3377 3346 3436 3411 ἐξ
3467 3349 3775 3417 ἀναγκαίου

2181 3439 2349 3507 ήγουν
2399 3439 2780 3509 ἀπαραιτήτου
2814 3438 2908 3490 τὸν
2942 3439 3143 3490 κανόνα
3173 3438 3353 3501 ἔθετο,
3402 3440 3524 3494 ἀλλ’
3559 3444 3777 3513 ἐνδεχο-

2185 3528 2382 3597 μένωςο
2405 3529 2546 3582 ὥστε
2574 3533 2603 3584 ό
2627 3530 2824 3595 διδοὺς,
2856 3530 3102 3601 βλεπέτω
3128 3529 3248 3591 πῶς
3271 3529 3423 3584 διδοῖ.
3458 3532 3637 3600 Κάγὼ
3666 3537 3776 3605 γὰρ

2179 3623 2207 3672 ό
2246 3621 2502 3684 ταπεινὸς
2553 3623 2651 3692 οὐχ
2700 3623 3034 3693 ὁριστικιῖη,
3093 3621 3210 3675 ἁλλ’
3263 3620 3574 3687 ὲκϐιαστῶς
3603 3665 3620 3688 ,
3654 3627 3775 3696 ἦτοι

2182 3712 2687 3782 συμϐουλεπικῶς,
2719 3716 2794 3779 ὡς
2842 3716 3106 3780 πολλάκις
3135 3716 3364 3789 εἴρηκα,
3395 3720 3776 3789 ἀποκρίνομαι

2180 3808 2314 3876 πρὸς
2338 3807 2438 3870 τὰς
2471 3809 2900 3879 προτεινομένας
2933 3827 3025 3880 μοι
3053 3812 3164 3864 εἴτε
3205 3812 3308 3867 ὑπὸ
3338 3811 3455 3878 σοῦ,
3489 3815 3604 3866 εἴτε
3638 3815 3773 3884 παρ’

2178 3899 2338 3952 ἄλλου
2365 3900 2610 3965 πεύσεις.
2641 3901 2715 3954 Τὸ
2737 3901 2922 3955 λοιπὸν
2953 3905 3255 3974 προσεύχου
3282 3907 3413 3977 περὶ
3441 3907 3544 3974 τῆς
3573 3922 3770 3960 ταπει-

2177 3993 2395 4057 νώσεὼς
2430 4012 2553 4064 μου·
2607 3995 2818 4066 βοηθῶν
2846 3997 2908 4049 τὸ
2949 3998 3091 4050 κατὰ
3134 3997 3366 4069 δύναμιν
3410 4002 3526 4062 τοῖς
3574 4002 3660 4062 εἰς
3700 4001 3774 4052 τὰ

2179 4082 2426 4136 Στουδίου
2457 4085 2795 4149 ὲναθλούσιν,
2831 4084 3064 4157 ἐπείπερ
3085 4089 3179 4140 καὶ
3206 4089 3456 4160 ὅπουπερ
3477 4089 3544 4142 ἂν
3575 4090 3773 4162 ίσχύῃς

2177 4182 2234 4236 ὲν
2271 4177 2481 4249 Κυρίῳ.
2524 4181 2582 4232 Ὁ
2611 4180 2839 4250 ἁδελφὸς
2873 4179 3137 4244 Νικόλαος
3168 4181 3576 4252 προσαγορεύει
3609 4199 3695 4238 σε.

2453 4493 2592 4547 MA’.
2630 4524 2700 4534 —
2739 4493 3005 4562 Θεοφίλῳ
3033 4491 3143 4560 τῆς
3191 4492 3664 4566 Ἐφέσου.[τιζ’.]

1474 4612 1548 4661 De
1581 4612 1767 4659 sanctis
1792 4609 2102 4674 imaginibus.
2135 4610 2149 4670 (
2185 4611 2358 4658 Baron.
2392 4622 2468 4657 an.
2491 4606 2605 4666 816,
2629 4622 2678 4656 n.
2707 4604 2808 4669 41.)

566 4726 633 4779 Ει
670 4739 883 4780 sacram
928 4721 1220 4791 epistolam
1267 4728 1417 4773 tuam
1474 4719 1659 4787 accepi
1694 4727 1956 4786 tanquam
1988 4721 2074 4773 di-

2254 4720 2362 4772 Καί
2390 4717 2489 4790 τὴν
2520 4718 2674 4787 ἱεράν
2708 4734 2806 4789 σου
2841 4714 3116 4786 συλλαϐὴν
3154 4713 3428 4783 ἐδεξάμην
3456 4713 3535 4776 ὡς
3563 4712 3774 4782 βιϐλίου

490 4819 699 4874 vinitus
726 4817 992 4884 scriptum
1021 4815 1264 4869 libellum
1289 4853 1304 4878 ,
1355 4823 1408 4866 et
1455 4811 1725 4882 eulogiam
1758 4811 1924 4866 simul
1962 4827 2080 4868 sus-

491 4912 611 4980 cepi
654 4909 820 4963 veluti
861 4907 1068 4961 amoris
1102 4905 1542 4959 incitamentum.
1573 4905 1637 4957 Et
1665 4904 1790 4972 quis
1824 4919 1926 4971 ego
1953 4920 2075 4958 sum

493 5004 682 5068 miser,
701 5000 798 5070 qui
825 5015 854 5052 a
891 5007 1082 5052 sancto
1102 5013 1196 5051 ore
1212 5006 1308 5050 tuo
1331 4997 1410 5050 sic
1426 4995 1636 5059 lauder,
1656 4996 1750 5064 qui
1782 5011 1881 5049 nec
1902 4997 2078 5050 corri-

493 5096 635 5166 giam
664 5093 1022 5148 calceamenti
1062 5091 1140 5144 tui
1173 5090 1386 5144 solvere
1416 5088 1615 5157 dignus
1646 5103 1766 5141 sum
1794 5087 1818 5141 ?
1854 5089 1928 5142 En
1967 5088 2072 5142 hu-

496 5187 749 5241 militatis
813 5183 982 5237 Deum
1046 5181 1359 5236 :emulantis
1419 5181 1746 5250 proprietas.
1805 5177 1907 5242 Tu,
1940 5180 2074 5234 bea-

494 5279 708 5333 tissime
731 5278 915 5341 Patcr,
948 5275 1042 5343 qui
1079 5284 1134 5330 et
1171 5289 1403 5342 magnus
1434 5274 1655 5332 diceris,
1697 5283 1752 5327 et
1770 5273 2072 5336 extolleris,

493 5386 558 5422 ac
587 5367 903 5438 przedicaris
927 5365 1138 5419 Orienti
1166 5373 1330 5434 atque
1355 5363 1660 5423 Occidenti,
1686 5363 1910 5417 maximi
1947 5379 2076 5432 apo-

493 5456 1021 5526 stoli,evangelistae
1067 5472 1132 5510 ac
1169 5455 1406 5524 theologi
1446 5455 1702 5509 thronum
1730 5455 1892 5524 digne
1937 5471 2071 5508 con-

493 5553 765 5606 decorans
799 5564 898 5619 per
946 5564 1007 5603 ea
1052 5565 1174 5619 qua:
1203 5563 1397 5617 passus
1429 5565 1506 5611 es,
1546 5556 1618 5627 Let
1673 5549 1875 5616 pateris
1908 5549 2075 5601 etiam

496 5658 662 5704 nunc,
695 5651 898 5695 sancta:
917 5642 1100 5696 carnis
1143 5651 1248 5694 tua!
1276 5638 1541 5710 sanguine
1579 5638 1747 5691 vitam
1772 5639 2075 5704 illnstraus,

494 5743 546 5787 et
588 5733 731 5802 pingi
764 5733 1047 5787 Christum
1108 5734 1374 5788 conﬁtens
1424 5740 1479 5785 ut
1535 5745 1883 5800 covporeum,
1943 5747 2075 5797 non,

575 5847 616 5876 "
645 5846 780 5899 Can.
817 5847 905 5899 74.

2178 4811 2502 4881 θεόγραφον,
2554 4810 2650 4861 καὶ
2709 4807 2809 4877 τὴν
2859 4809 3114 4876 εὐλογίαν
3171 4805 3644 4876 Δσυναπεδεξὰμην
3696 4805 3770 4867 ὡς

2175 4903 2342 4956 πόθου
2372 4901 2726 4972 ἐμπύρευμα.
2756 4902 2866 4955 Kal.
2893 4902 2977 4965 τίς
3007 4904 3125 4970 εἰμι
3155 4901 3267 4971 ἐγὼ
3295 4902 3324 4953 ὁ
3349 4898 3520 4962 τάλας
3542 4895 3774 4950 τοιαῦτα

2175 5001 2329 5070 παρὰ
2356 4999 2450 5053 τοῦ
2488 5001 2644 5068 ἁγίου
2677 5019 2771 5054 σου
2801 5002 3070 5070 στόματος
3101 4998 3543 5070 εὐφημούμενος,
3575 5000 3603 5050 ὁ
3637 4995 3770 5066 μηδὲ

2171 5090 2265 5144 τοῦ
2292 5091 2451 5145 λῦσαι
2487 5093 2578 5145 τὸν
2617 5093 2819 5163 ίμὰντα
2851 5092 2946 5145 τοῦ
2976 5092 3323 5162 ὑποδήματος
3376 5107 3472 5144 σου
3506 5088 3764 5155 ὲπάξιοςς

2176 5183 2279 5237 Ἴδε
2322 5183 2830 5255 ταπεινοφροσύνης
2871 5185 3212 5256 θεομιμήτου
3247 5182 3542 5252 ἰδιώματα.
3581 5183 3688 5250 Σὺ,
3718 5178 3767 5237 ὦ

2175 5275 2560 5346 μακαριώτατε
2599 5278 2908 5349 προπάτορ,
2939 5277 3110 5348 μέγας
3137 5278 3236 5328 καὶ
3267 5275 3632 5344 λαλούμενος,
3665 5295 3762 5348 μεσ-

2173 5366 2537 5435 γαλυνόμενός
2585 5384 2643 5419 τε
2691 5368 2783 5420 καὶ
2817 5367 3212 5437 ἐπαινούμενος
3259 5367 3521 5438 Ἀνατολῇ
3561 5385 3622 5422 τε
3672 5369 3763 5421 καὶ

2174 5459 2353 5510 Λύσειο
2391 5463 2418 5509 ὁ
2455 5457 2548 5511 τού
2587 5461 2842 5528 μεγίστου
2889 5459 3247 5523 Ἀποστόλου,
3279 5459 3675 5528 εὐαγγελιστοῦ
3702 5476 3762 5512 τε

2177 5554 2269 5604 καὶ
2305 5552 2562 5620 θεολόγου
2616 5551 2904 5623 κοσμήσας
2939 5553 3030 5606 τὸν
3065 5553 3255 5626 θρόνον
3298 5552 3502 5616 ἐπάξια
3529 5594 3544 5617 ,
3593 5554 3658 5607 δι’
3688 5546 3762 5606 ὧν

2174 5640 2440 5710 ἧθληκας,
2474 5643 2568 5695 καὶ
2603 5643 2682 5695 ἔτι
2718 5643 2900 5707 ἀθλεῖς
2928 5683 2945 5707 ,
2987 5644 3181 5714 αἵμασι
3223 5643 3430 5714 σαρκός
3474 5661 3572 5697 σου
3605 5644 3759 5711 ἁγίας

2174 5731 2501 5802 λαμπρύνας
2540 5733 2632 5785 τὸν
2669 5734 2803 5802 βίον,
2837 5736 2931 5788 καὶ
2968 5735 3202 5806 Χριστὸν
3233 5733 3514 5806 ὁμολογῶν
3547 5734 3759 5806 ὲγγράυ
