3934 6484
171 480 322 548 1241

1371 475 1910 538 EPISTOLARUM
1962 477 2112 541 LIB.
2158 480 2242 541 ΙΙ.

3293 491 3431 556 1242

169 598 385 668 quoad:
412 593 487 659 ὡς
513 591 850 664 ἐνσώματον,
879 590 997 645 ἀλλ’
1023 589 1144 662 οὐχὶ
1168 588 1245 654 ὥς
1270 591 1318 644 οἰ
1346 590 1566 654 ἀσεϐεῖς
1593 592 1730 662 ἐξαρ

1832 589 2002 652 sicut
2031 591 2185 662 impii
2222 590 2452 658 faciunt,
2516 608 2746 665 negans,
2780 598 3003 667 quando
3034 598 3250 673 depingi
3299 620 3426 660 eum

166 690 460 760 νούμενος*
500 687 591 741 ἐπ’
633 686 699 740 ἂν
741 686 802 739 οὗ
835 684 1081 756 δέχονται
1110 684 1276 738 αὑτὸν
1323 681 1744 754 εἰκονιζόμενον.

171 785 250 838 ὀ
275 782 388 852 γὰρ
412 780 513 834 οὐκ
537 778 884 843 εἰκονίζεται,
915 777 1037 830 οὐδὲ
1063 776 1396 856 ἐνσώματον.
1437 775 1542 829 Ἐῶ
1565 775 1748 844 λέγειν

163 876 370 946 ὅτιπερ
401 873 497 927 καὶ
524 871 755 941 ἄγγελος
783 869 860 924 ὢν
887 869 1200 939 ἀσώματος,
1227 870 1514 938 αἰσθηταῖς
1541 869 1747 922 εἰκόσιν

165 968 284 1021 ὑπὸ
311 967 422 1020 τῶν
449 965 716 1034 θεολόγων
737 962 1153 1034 ἀναγράφεσθαι
1181 961 1558 1032 παραδέδοται.
1590 963 1654 1014 Ol
1687 961 1748 1014 δὲ

163 1063 266 1114 καὶ
308 1059 403 1112 τὸν
425 1057 740 1128 ἐνσώματον
761 1055 1046 1124 δεσπότην,
1073 1055 1168 1107 καὶ
1197 1054 1286 1107 τὸν
1310 1053 1601 1124 ἀσώματον
1630 1053 1747 1107 δοῦ·

162 1154 288 1218 λον,
317 1151 540 1223 προσέτι
570 1151 666 1205 καὶ
693 1151 791 1220 τήν
824 1165 884 1202 τε
913 1146 1007 1200 τοῦ
1035 1144 1170 1199 Θεοῦ
1199 1146 1447 1218 Μητέρα,
1482 1147 1582 1199 σὺν
1609 1147 1744 1200 πᾶσι

163 1247 385 1316 Κυρίου
414 1245 762 1324 θεράπουσιν,
789 1242 1050 1312 ῆρνηνται
1077 1237 1457 1308 ἐγγεγράφθαι
1476 1277 1490 1302 ,
1525 1237 1612 1290 διὰ
1635 1236 1744 1289 τῶν

162 1339 401 1392 εἰκόνων
427 1336 696 1407 ἀριδήλως
736 1330 1246 1403 συναπαρνούμενοι
1284 1330 1354 1383 τὰ
1385 1329 1740 1400 πρωτότυπα.

162 1433 295 1488 Οὐδ’
320 1432 452 1486 αὐτὸ
477 1430 632 1484 τοῦτο
664 1426 990 1490 ἰννοοῦντες,
1020 1427 1105 1479 ὅτι
1130 1429 1196 1496 τῇ
1224 1425 1505 1496 παραδοχῇ
1534 1424 1628 1477 τοῦ
1663 1424 1743 1476 οἰ-

162 1527 320 1580 κείου
347 1522 692 1596 χαρακτῆρος
720 1520 780 1574 τὸ
793 1515 1013 1590 κρατεῖν
1040 1519 1274 1590 ἔχουσιν·
1301 1517 1401 1570 οὐκ
1416 1516 1742 1589 ἀφαιρεθέν-

157 1634 260 1679 τος
301 1617 335 1684 ἢ
364 1614 779 1686 άτιμασθέντος,
829 1611 1105 1682 ἀφῄρηται
1134 1609 1378 1681 δηλονότι
1415 1608 1512 1663 καὶ
1537 1607 1742 1677 ἠτίμω-

159 1725 258 1762 ται
326 1706 506 1759 αὐτῶν
557 1705 619 1758 τὸ
675 1703 899 1776 κράτος.
949 1702 1089 1756 Ἀλλ’
1138 1703 1286 1772 ὅμως
1344 1700 1407 1753 οὐ
1463 1699 1740 1770 βούλονται

161 1797 412 1852 συνιέναι
441 1795 538 1851 τοῦ
563 1796 853 1867 άγαθῦναι.
895 1795 1158 1858 Ἐκείνοις
1183 1793 1282 1862 μὲν
1310 1788 1405 1846 οὖν
1434 1793 1513 1855 εἰς
1537 1791 1742 1860 κέντρα

156 1888 446 1954 λακτίζειν
471 1888 607 1943 ἐστι.
636 1889 706 1942 Σὲ
733 1887 790 1941 δὲ
819 1889 854 1958 ἡ
885 1887 1122 1956 κραταιὰ
1164 1886 1287 1957 χεὶρ
1328 1883 1740 1956 περιφυλάξειεν

1850 697 1958 736 non
1991 683 2305 741 admittunt.
2340 684 2494 752 Quod
2514 688 2659 742 enim
2693 703 2805 744 non
2823 692 3151 760 exprimitur
3169 698 3425 768 imagine,

1849 790 1951 830 nec
1983 791 2304 846 corporeum
2332 779 2552 848 quidem
2582 791 2685 837 est.
2718 781 2875 837 Mitto
2896 784 3082 840 dicere
3116 789 3261 857 quod
3293 805 3422 845 cum

1850 867 2079 936 angelus
2111 868 2465 940 incorporeus
2504 872 2594 939 sit,
2637 889 2736 943 per
2759 876 3049 932 sensibiles
3096 878 3362 952 imagines
3392 897 3428 939 a

1847 958 2114 1027 theologis
2143 964 2377 1033 exprimi
2433 966 2695 1019 traditum
2730 975 2830 1022 est.
2880 967 2946 1022 lli
2987 979 3168 1024 autem
3229 987 3424 1042 corpo-

1846 1063 2002 1103 reum
2039 1048 2351 1116 Dominum,
2418 1062 2473 1108 et
2528 1055 2918 1124 incorporeum
2971 1056 3260 1121 famulum,
3309 1060 3426 1115 Ma-

1845 1148 2096 1210 tremque
2123 1141 2215 1198 Dei
2249 1145 2476 1214 insuper
2505 1161 2630 1200 cum
2684 1148 2942 1203 omnibus
2983 1148 3198 1205 Domini
3259 1152 3428 1206 mini-

1846 1234 1974 1289 stris
2013 1235 2230 1306 depingi
2258 1248 2550 1306 negarunt,
2589 1255 2686 1310 per
2724 1241 2988 1310 imagines
3022 1243 3274 1300 videlicet
3295 1260 3424 1315 pro-

1845 1334 2026 1397 totypa
2061 1328 2175 1395 ipsa
2219 1328 2383 1383 simul
2425 1339 2707 1400 negantes.
2743 1330 2931 1401 Neque
2984 1335 3086 1389 hoc
3113 1334 3422 1405 intelligen—

1843 1426 1947 1482 tes,
1969 1433 2032 1472 ea
2082 1422 2316 1488 propria:
2361 1422 2549 1491 figurae
2587 1433 2641 1478 et
2693 1425 3028 1480 characteris
3074 1429 3424 1496 susceptione

1841 1511 1948 1564 vim
1987 1526 2140 1566 suam
2168 1520 2223 1566 et
2253 1522 2451 1567 statum
2484 1515 2774 1571 obtinere:
2805 1533 2914 1587 quo
2949 1517 3184 1580 sublato.
3209 1521 3292 1574 vel
3325 1520 3426 1576 de-

1840 1604 2037 1660 decore
2089 1603 2303 1668 aﬂ‘ecto,
2331 1606 2542 1661 tollitur
2591 1608 2783 1675 procul
2823 1609 3013 1676 dubio,
3051 1620 3106 1666 et
3154 1612 3424 1669 dedecore

1841 1697 2075 1752 adicitur
2125 1713 2318 1753 eorum
2361 1701 2444 1754 vis
2494 1702 2679 1756 omnis
2729 1712 2785 1757 et
2845 1702 3108 1773 dignitas.
3165 1705 3421 1762 Attamen

1841 1789 2145 1859 intelligere
2175 1790 2371 1844 nolunt
2424 1799 2486 1845 ut
2526 1791 2670 1845 bene
2713 1801 2899 1861 agant.
2942 1792 3056 1850 lllis
3087 1804 3270 1850 autem
3321 1797 3420 1850 ad-

1839 1895 2036 1935 versus
2062 1880 2342 1934 stimulum
2379 1882 2669 1937 calcitrare
2723 1882 2879 1937 libet.
2927 1883 3005 1939 Te
3042 1901 3173 1940 vero
3227 1897 3425 1955 potens

156 1981 247 2043 εἰς
295 1978 452 2042 κλέος
495 1979 596 2048 τῆς
629 1974 824 2030 ἐαυτοῦ
886 1973 1256 2042 Ἐκκλησίας,
1289 1973 1366 2036 ὼς
1412 1971 1626 2035 στύλον,
1670 1970 1730 2029 ὡς

1849 1987 2048 2028 manus
2101 1972 2376 2028 custodiat
2404 1975 2472 2028 ad
2522 1976 2752 2045 gloriam
2789 1975 3049 2032 Ecclesia:
3073 1991 3206 2042 sum,
3233 1986 3292 2032 ut
3325 1993 3424 2033 co-

158 2070 473 2142 ἑδραίωμα,
514 2069 592 2132 ὡς
621 2069 926 2141 πρόμαχον.
952 2066 1063 2119 Καὶ
1079 2064 1284 2135 ῐδοιμέν
1316 2065 1440 2117 σεοί
1468 2064 1741 2128 ταπεινοὶ,

155 2163 192 2235 ἢ
233 2162 386 2217 ἐνθεν
420 2163 516 2215 ἐπὶ
561 2161 661 2234 τὴν
702 2160 980 2216 Ἀσιάτιδα
1007 2158 1177 2229 χθόνα
1215 2156 1734 2227 ἐπαναστρέφοντα·

153 2256 240 2318 ὡς
288 2258 338 2308 οἰ
392 2255 563 2309 πάλαι
593 2254 701 2309 ἀπὸ
739 2256 840 2323 τῆς
887 2254 944 2305 ἐν
983 2252 1191 2321 Πάτμῳ
1225 2249 1474 2320 φυλακῆς
1504 2249 1606 2320 τὸν,
1642 2245 1740 2300 τοῦ

153 2347 501 2416 Εὑαγγελίου
527 2345 588 2416 ἦ)
601 2362 698 2399 ιον·
731 2345 764 2414 ἢ
796 2347 853 2396 ἐν
872 2345 1123 2415 οὐρανοῖς
1150 2343 1336 2396 ἐπάνω
1365 2341 1501 2395 δέκα
1531 2341 1742 2399 πόλεων

157 2437 500 2510 ῖεραρχικῶς
528 2435 908 2505 δοξαζόμενον.

531 2549 669 2606 MP'.
705 2581 775 2593 —
813 2549 1119 2616 Θαλελαίῳ
1145 2548 1354 2611 τέκνῳ.
1375 2545 1564 2620 [τκγ’.]

1847 2063 2116 2130 lumnam,
2167 2076 2228 2119 ut
2287 2064 2730 2134 fundamentum,
2785 2079 2846 2122 ut
2904 2071 3419 2140 propugnaculum:

1835 2155 2229 2226 videamusque
2281 2166 2333 2212 te
2372 2159 2632 2222 humiles,
2675 2170 2769 2214 aut
2833 2160 2959 2214 inde
3029 2163 3083 2214 in
3110 2163 3413 2216 Asiaticam

1835 2253 2035 2301 terram
2063 2248 2401 2314 redeuntem,
2449 2250 2592 2304 sicut
2637 2250 2715 2305 illi
2752 2251 2882 2306 olim
2912 2267 2976 2306 ex
3034 2253 3206 2306 Patmi
3237 2264 3423 2309 custo-

1835 2338 1923 2393 dia
1951 2340 2123 2394 solem
2164 2339 2486 2412 Evangelii;
2529 2351 2625 2397 aut
2688 2344 2744 2398 in
2802 2345 2958 2400 caelis
3009 2361 3178 2417 supra
3223 2345 3416 2403 decem

1839 2431 2091 2488 civitates
2128 2434 2173 2466 ¹⁸
2196 2435 2470 2504 pontiﬁcis
2499 2438 2674 2508 gloria
2695 2439 3036 2494 decoratum.

2258 2545 2419 2605 XLII.
2460 2580 2530 2590 —-
2563 2550 2827 2606 Thalele
2865 2552 2999 2621 ﬁlio.

149 2665 466 2733 Dogmatica.
519 2663 598 2714 De
645 2663 832 2712 sanctis
882 2660 1202 2726 imaginibus.
1262 2659 1516 2733 Adversus
1575 2657 1895 2733 Gregorium;
1926 2637 2358 2733 adelphiensem,
2400 2661 2488 2721 qui
2550 2659 2888 2710 lconomachis
2948 2661 3241 2712 adhaeserat.
3291 2662 3420 2715 Tum

1397 2721 1729 2782 Chrysostomi
1761 2721 1898 2768 locus
1930 2721 2226 2780 explicatur.

229 2839 302 2890 Ἀ
339 2834 440 2906 μὲν
471 2828 567 2887 οὖν
605 2832 886 2903 έσήμανας
908 2830 997 2884 διὰ
1024 2830 1123 2899 τῆς
1147 2827 1437 2897 ἐπιστολῆς
1467 2827 1732 2895 ἐπέγνων,

147 2931 367 2984 τέκνοιν
418 2924 456 2981 6.
504 2925 562 2979 δὲ
607 2923 720 2994 ἐγὼ
761 2921 1167 2994 ἀποκρινοῦμαί
1220 2935 1336 2981 σοι,
1378 2917 1553 2972 ταῦτά
1596 2919 1733 2971 ἐστι’

147 3019 529 3076 Στέλλεσθαι
556 3014 717 3085 ἡμᾶς
745 3014 865 3069 ἀπὸ
895 3011 1122 3077 παντὸς
1165 3009 1434 3080 ἀδελφοῦ
1469 3008 1738 3074 ἀτάκτως

146 3107 632 3179 περιπατοῦντος
654 3147 670 3171 ,
702 3104 1077 3160 διακελεύεται
1114 3104 1142 3157 6
1190 3103 1336 3174 ἱερὸς
1391 3101 1732 3162 Ἀπόστολος.

147 3201 279 3264 Πῶς
322 3195 419 3252 οὗν
458 3198 608 3266 λέγει
635 3197 934 3269 Γρηγόριος
963 3198 994 3249 6
1028 3194 1140 3248 τῶν
1177 3194 1492 3263 Ἀδελφίων,
1523 3192 1735 3283 ἀλόγως
1761 3226 1802 3283 c

147 3294 300 3364 ὑμᾶς
330 3291 493 3345 αὐτὸν
518 3288 991 3362 ἀποστρέφεσθαι,
1023 3288 1188 3340 ὁπότε
1218 3287 1382 3348 αὐτὸς
1418 3285 1518 3355 οὐχ
1546 3282 1733 3346 ἁπλῶς

146 3385 442 3450 ἀτάκτως,
482 3381 790 3454 όλοτρόπως
823 3379 880 3433 δὲ
918 3379 1240 3450 συναπήχθη
1283 3380 1396 3442 τοῖς
1424 3375 1729 3445 Εἰκονομά-

147 3493 263 3547 χοις
289 3515 306 3540 ,
341 3474 668 3546 ὑπογράψας
695 3476 762 3543 τῇ
793 3471 1023 3542 αἱρέσει,
1063 3469 1357 3524 συνεσθίων
1386 3487 1444 3522 τε
1469 3468 1563 3521 καὶ
1595 3483 1732 3537 συμ-

149 3568 325 3621 πίνων
359 3567 454 3621 καὶ
496 3563 1073 3634 συναναστρεφόμενος
1107 3563 1335 3626 αὒτοῖς;
1377 3561 1441 3614 Εἰ
1483 3559 1543 3612 δέ
1582 3559 1732 3627 λέγοι

149 3655 638 3726 μετανενοηκέναι,
658 3653 753 3707 καὶ
773 3651 1026 3718 ἐπιτίμια
1049 3653 1296 3721 κρατεῖν·
1322 3649 1550 3713 δειξάτω
1573 3648 1732 3701 τοῦτο

144 3750 214 3804 δι’
245 3749 535 3819 ἐγγράφου
576 3744 867 3815 ὁμολογίας
893 3783 908 3808 ,
957 3742 1377 3814 άναθεματίζων
1405 3759 1465 3794 τε
1491 3742 1618 3804 τοὺς
1646 3743 1732 3794 αἰ-

149 3843 402 3913 ρετικοὺς
428 3840 527 3891 σὺν
551 3839 618 3907 τῇ
645 3836 877 3906 αἱρέσει,
903 3837 998 3888 καὶ
1031 3835 1299 3906 μηδαμῶς
1328 3832 1729 3902 συναπτόμενος

144 3932 355 3992 αὐτοῖς.
386 3929 535 3990 Ἕως
565 3927 610 3979 δ’
645 3927 711 3981 ἂν
738 3926 899 3979 τοῦτο
922 3926 982 3978 οὺ
1012 3929 1164 3996 ποιῇ,
1197 3923 1564 3994 άποτρόπαιος
1600 3924 1728 3993 ὑμῖν

143 4024 288 4076 ἔστω
320 4022 438 4084 τοῖς
467 4017 826 4089 φοϐουμένοις
855 4018 946 4071 τὸν
976 4017 1200 4089 Κύριον.
1234 4017 1416 4080 Δόλιος
1443 4018 1551 4086 γάρ
1580 4019 1727 4070 ἐστιν

145 4115 202 4167 ἐν
238 4113 606 4186 προσποιήσει
634 4109 990 4180 ἐπιστροφῆς,
1021 4109 1389 4179 ὑφελκόμενος
1414 4109 1588 4178 ὑμᾶς,
1631 4108 1727 4160 καὶ

145 4203 497 4274 ὑποσπείρων
517 4202 709 4270 λόγους
727 4200 808 4253 λοι
817 4198 1037 4270 μὼδεις,
1059 4199 1133 4263 ὼς
1158 4201 1222 4253 ἐκ
1252 4199 1543 4270 προσώπου
1567 4197 1726 4266 δῆθεν

143 4299 251 4351 τῶν
281 4296 569 4350 ἐναντίων.
615 4293 780 4347 Ὅθεν
823 4295 889 4346 σὺ
933 4292 1009 4355 ὼς
1051 4292 1401 4360 ἀτελέστερος
1451 4291 1726 4358 ἐμπαρεὶς

144 4390 210 4458 τῇ
237 4384 478 4450 διαλέξει
498 4382 665 4436 αὐτοῦ
693 4382 982 4452 ήπόρηκας
1010 4383 1088 4445 εἰς
1107 4380 1269 4434 τοῦτο
1297 4383 1540 4432 κάκεῖνο.
1560 4379 1719 4444 Ἀλλ’,

145 4478 336 4550 ἐπειδὴ
381 4477 593 4549 ᾔτησας
621 4476 719 4546 τὴν
747 4474 924 4540 λύσιν,
953 4475 1131 4539 δέξαιο
1175 4475 1431 4535 συνετῶς.
1466 4475 1539 4526 Τὸ
1567 4476 1721 4544 εἰρη-

1906 2825 2038 2892 Quae
2067 2827 2287 2896 quidem
2337 2843 2436 2898 per
2481 2828 2696 2885 litteras
2753 2830 3098 2902 signiﬁcasti,
3131 2834 3269 2903 haec,
3320 2839 3418 2893 lili.

1832 2918 2074 2987 perlegi:
2107 2935 2229 2988 quae
2255 2919 2499 2975 vicissim
2533 2923 2706 2976 habeo
2732 2924 2828 2977 tibi
2863 2923 3066 2989 dicere,
3121 2927 3238 2984 haec
3267 2941 3415 2986 sunt.

1837 3011 2074 3066 Sanctus
2112 3012 2409 3081 Apostolus
2437 3015 2704 3083 praecipit,
2733 3026 2792 3068 ut
2822 3017 3199 3074 subtrahamus
3227 3038 3321 3076 nos
3350 3026 3416 3077 ab

1834 3105 1980 3156 omni
1999 3103 2167 3172 fratre
2191 3105 2496 3159 ambulante
2533 3107 2838 3164 inordinate
2863 3111 2928 3164 ¹⁹.
2965 3111 3254 3179 Quomodo
3283 3131 3416 3188 ergo

1834 3194 1966 3249 dicit
1992 3194 2286 3266 Gregorius
2337 3196 2739 3266 Adelphiensis,
2787 3215 2882 3255 vos
2943 3203 3120 3274 ipsum
3172 3209 3417 3264 aversari

1837 3283 1956 3338 sine
1989 3299 2153 3339 causa
2191 3287 2456 3356 :quando
2505 3287 2623 3358 ipse
2659 3305 2768 3343 non
2823 3300 3031 3347 tantum
3094 3293 3412 3354 inordinate

1832 3376 2098 3441 ambulat,
2135 3377 2232 3433 sed
2269 3380 2334 3432 ad
2359 3380 2581 3435 eosdem
2627 3383 2786 3452 plane
2818 3401 3000 3442 mores
3054 3402 3177 3442 cum
3219 3392 3413 3446 lcnno-

1831 3470 2041 3525 machis
2079 3471 2276 3526 abduci
2303 3489 2362 3528 se
2393 3489 2591 3542 passus
2637 3484 2744 3541 est,
2796 3479 3155 3538 subscribens
3183 3483 3402 3550 heresi,

1830 3576 1957 3615 cum
1991 3562 2128 3632 ipsis
2166 3564 2312 3630 cibo,
2353 3573 2509 3635 potu,
2575 3571 2974 3626 consuetudine
3029 3576 3360 3644 conjunctus
3394 3579 3408 3632 ἰ

1830 3651 1984 3719 Quod
2047 3656 2090 3709 si
2122 3655 2322 3711 dixerit
2352 3658 2654 3728 resipuisse
2710 3677 2790 3729 se,
2847 3678 2911 3718 ac
2950 3664 3132 3719 delicti
3190 3684 3411 3738 poenam

1837 3746 2162 3814 exsolvere;
2199 3749 2302 3804 hoc
2340 3752 2458 3820 ipsa
2498 3752 2806 3823 subscripta
2854 3755 3202 3814 confessione
3236 3762 3410 3832 signi-

1829 3837 1972 3902 ﬁcet,
2007 3839 2291 3895 haereticos
2321 3857 2446 3895 cum
2488 3842 2683 3898 haeresi
2717 3847 3216 3913 anathematizans,
3255 3853 3408 3906 omni

1827 3943 1951 3983 cum
1992 3930 2127 4000 ipsis
2174 3933 2428 3986 amicitia:
2476 3934 2862 4003 conjunctione
2906 3941 3152 4008 praecisa.
3197 3943 3247 3996 Id
3277 3960 3410 3999 vero

1827 4023 2002 4078 donec
2030 4024 2292 4090 eﬂ‘ecerit,
2327 4027 2396 4080 sit
2423 4026 2513 4081 ille
2536 4027 2872 4086 detestabilis
2897 4033 3053 4087 vobis
3080 4034 3173 4103 qui
3199 4036 3404 4093 timetis

1828 4113 2138 4171 Dominum.
2175 4115 2355 4172 Nectit
2391 4118 2537 4172 enim
2579 4120 2756 4184 dolos,
2796 4122 2926 4176 dum
2964 4125 3402 4193 resipiscentiam

1826 4204 2070 4268 simulat,
2106 4206 2361 4262 irretiens
2394 4222 2512 4272 vos,
2538 4217 2594 4263 et
2619 4209 2912 4278 pestiferos
2952 4214 3164 4268 occulte
3187 4229 3403 4269 sermo-

1825 4310 1923 4349 nes
1961 4311 2173 4362 serens,
2207 4305 2470 4367 tanquam
2519 4315 2584 4353 ex
2626 4315 2859 4368 persona
2892 4303 3142 4360 videlicet
3202 4305 3402 4362 adver-

1824 4387 2116 4442 sariorum.
2143 4386 2298 4445 Unde
2316 4399 2394 4455 tu,
2414 4401 2599 4461 utpOte
2617 4393 2960 4461 imbecillior,
2984 4395 3133 4452 illius
3155 4401 3404 4455 oratione

1826 4479 2006 4545 laesus,
2043 4481 2192 4536 circa
2237 4482 2343 4537 hoc
2395 4491 2452 4537 et
2490 4484 2624 4538 illud
2688 4485 2895 4541 haesisti
2952 4489 3121 4543 animi
3178 4491 3400 4546 dubius.

145 4573 301 4626 κέναι
353 4570 446 4623 τὸν
490 4568 900 4637 Χρυσόστομον·
952 4584 971 4617 ι
1044 4565 1103 4618 '0
1155 4566 1423 4636 ἡμέτερος
1488 4565 1721 4636 Χριστὸς

1832 4567 1933 4623 Sed
1961 4571 2402 4642 quandoquidem
2457 4575 2791 4630 solutionem
2839 4579 3150 4634 sciscitatus
3183 4596 3262 4645 es,
3307 4599 3400 4637 so-

142 4663 347 4732 τοίχοις
369 4661 432 4713 οὑ
462 4659 896 4730 περιγράφεται⁹
935 4674 953 4706 ι
996 4657 1413 4726 ἐγκωμιάζοντα
1441 4657 1531 4709 τὸν
1566 4656 1720 4725 ἇγιον

153 4754 462 4824 Ῥωμανόν·
496 4753 596 4822 οὐχ
628 4750 812 4813 ἁπλῶς
837 4747 1202 4818 ἐκλαμσάνειν
1223 4749 1324 4812 δεῖ,
1353 4749 1488 4802 ἀλλὰ
1517 4749 1719 4817 γνῶναι

142 4848 246 4901 τίνι
293 4844 678 4912 διαλεγόμενος
706 4842 956 4914 εἴρηκεν·
993 4840 1181 4910 ἐπειδὴ
1212 4842 1270 4892 ἐν
1311 4842 1429 4903 ταῖς
1452 4838 1717 4904 διαλέξεσι

141 4937 565 5009 παρατηρητέον
610 4935 705 4988 καὶ
739 4933 952 5004 χρόνον,
980 4931 1079 4985 καὶ
1103 4933 1419 5000 πρόσωπον,
1457 4934 1554 4985 καὶ
1587 4932 1716 5003 τρό-

140 5045 262 5082 πον.
295 5027 528 5096 Χρόνον,
557 5024 647 5077 διὰ
673 5025 734 5076 τὸ
764 5024 840 5094 μὴ
867 5021 935 5074 τά
961 5019 1100 5073 αὐτὰ
1124 5019 1581 5090 νενομοθετῆσθαι
1602 5023 1717 5084 τοῖς

140 5119 311 5172 πάλαι
348 5115 487 5187 πρὸς
515 5115 643 5177 τοὺς
692 5114 751 5166 ἐν
779 5114 844 5183 τῇ
876 5111 1084 5182 χάριτι.
1114 5109 1433 5179 Πρόσωπον,
1482 5111 1563 5164 ὅτι
1591 5111 1720 5166 ἄλλο

139 5205 438 5277 αἱρετικὸν,
465 5205 560 5258 καὶ
588 5202 775 5275 ἕτερον
816 5201 1123 5272 όρθοδόξου.
1154 5201 1388 5272 Τρόπον,
1434 5203 1622 5272 ἐπειδὴ
1657 5205 1718 5258 οὐ

137 5297 337 5350 ταυτόν
366 5297 484 5349 ἐστι
515 5293 864 5365 δογματικῶς
900 5293 1272 5362 διαλέγεσθαι,
1314 5294 1410 5347 καὶ
1443 5293 1719 5349 ἁπλοϊκώ-

136 5403 298 5458 τερον
345 5383 653 5452 προτείνειν
700 5385 792 5437 τὸν
827 5383 1006 5451 λόγον.
1060 5382 1101 5435 Τ
1109 5382 1179 5434 ἰνι
1224 5376 1318 5434 οὖν
1359 5381 1660 5436 διελέλεκτο
1690 5383 1719 5436 6

137 5478 564 5549 Χρυσόστομος;
611 5472 722 5547 ἆρά
759 5492 824 5544 γε
866 5474 1136 5545 όρθοδόξῳ
1181 5474 1572 5544 άναστηλοῦντι
1615 5475 1715 5548 τὴν

136 5573 326 5626 εἰκόνα
352 5565 622 5642 Χριστοῢ;
657 5568 931 5640 οὐδαμῶς
967 5568 1103 5622 ἀλλά
1135 5584 1241 5620 τινι
1269 5567 1516 5636 Ἕλληνι·
1536 5567 1594 5632 ὃς
1617 5568 1714 5638 τὴν

139 5667 359 5720 πάντων
401 5663 810 5736 ὑπερκειμένην
858 5663 1058 5728 αἰτίαν,
1108 5662 1204 5716 καὶ
1241 5661 1306 5714 ἐκ
1348 5660 1459 5715 τῶν
1502 5664 1560 5715 ἐν
1602 5665 1716 5726 τοῖς

138 5751 288 5810 οὖσιν
329 5756 577 5826 ἐσχάτων
609 5755 1023 5826 χαρακτηρίζει,
1058 5752 1134 5816 ὥς
1165 5769 1330 5823 φησιν
1362 5754 1390 5807 6
1415 5753 1555 5817 θεῖος
1595 5755 1714 5807 Διο-

139 5845 338 5909 νύσιος·
387 5847 478 5902 καὶ
517 5846 671 5900 οὐδὲν
708 5847 880 5918 αὐτὴν
910 5845 1198 5914 ὑπερέχειν
1224 5847 1357 5916 φησὶ
1399 5846 1508 5900 τῶν
1540 5846 1711 5899 πλατ-

209 5959 253 5990 ¹⁸
287 5958 418 6014 Luc.
460 5975 570 6028 xix,
613 5960 696 6028 l9,
731 5959 815 6013 l7.

1818 4663 1982 4717 lerter
2010 4664 2214 4733 accipe.
2261 4663 2416 4730 Quod
2449 4665 2874 4737 Chrysostomus
2913 4669 3084 4737 dixit,
3125 4672 3178 4725 in
3206 4673 3398 4728 lauda-

1819 4754 1966 4808 tione
1992 4757 2170 4809 sancti
2207 4755 2462 4822 Romani,
2501 4775 2521 4808 ι
2549 4758 2805 4814 Christus
2852 4771 3047 4815 noster
3096 4764 3401 4832 parietibus

1814 4863 1925 4901 non
1982 4848 2451 4903 circumscribitur
2475 4849 2547 4916 ⁸ο,
2575 4869 2594 4901 ι
2630 4865 2738 4904 non
2760 4859 2844 4906 est
2881 4853 3203 4923 simpliciter
3255 4859 3400 4912 acci-

1813 4935 2074 5005 piendum
2106 4956 2121 4992 :
2164 4938 2257 4992 sed
2287 4940 2680 5008 explorandum
2700 4955 2862 5009 quem
2893 4949 3005 4995 tum
3028 4942 3397 5013 alloqueretur

1816 5043 1939 5084 cum
2005 5029 2120 5086 haec
2152 5031 2396 5087 diceret:
2433 5032 2875 5102 quandoquidem
2937 5033 2995 5089 in
3053 5034 3396 5092 sermocina-

1821 5121 1971 5176 tione
1991 5122 2275 5177 observari
2303 5139 2527 5179 necesse
2549 5131 2633 5177 est
2654 5133 2709 5179 et
2736 5133 2972 5194 tempus,
2995 5137 3048 5181 et
3075 5142 3392 5197 personam,

1816 5224 1870 5267 et
1899 5214 2149 5268 modum.
2191 5213 2451 5285 Tempus,
2501 5216 2647 5284 quod
2705 5231 2816 5270 non
2875 5217 3064 5271 eadem
3124 5228 3392 5288 prmcepta

1815 5307 2092 5363 veteribus
2112 5307 2333 5372 dantur,
2358 5317 2521 5376 atque
2540 5308 2607 5364 iis
2637 5309 2731 5378 qui
2766 5319 2895 5365 sunt
2922 5311 3025 5365 sub
3048 5309 3165 5380 lege
3181 5315 3388 5382 gratiae.

1817 5395 2145 5463 Personam,
2180 5399 2326 5468 quod
2363 5399 2471 5453 alia
2513 5399 2870 5468 sitbaeretici,
2924 5402 3211 5457 orthodoxi
3260 5403 3387 5460 alia.

1811 5488 2056 5552 Modum,
2091 5489 2533 5559 quandoquidem
2565 5491 2712 5546 aliud
2760 5502 2846 5549 est
2878 5493 3186 5563 dogmatice
3217 5495 3392 5550 disse-

1811 5589 1954 5639 rere,
1989 5576 2134 5630 aliud
2164 5577 2499 5646 simpliciore
2535 5579 2627 5633 ﬁlo
2643 5582 2946 5636 orationem
2981 5591 3182 5637 texere.
3215 5583 3386 5649 Quem

1813 5663 1978 5735 igitur
2005 5666 2431 5737 Chrysostomus
2453 5679 2536 5723 est
2564 5671 2836 5727 allocutus
2865 5674 2887 5726 ?
2917 5672 2999 5728 An
3024 5674 3387 5729 orthodoxum

1813 5757 1907 5827 qui
1946 5756 2164 5812 Christo
2201 5759 2492 5829 imaginem
2536 5763 2777 5818 statuit?
2815 5763 3076 5832 Minime;
3129 5766 3222 5821 sed
3255 5782 3387 5837 gen-

1815 5849 1962 5904 tilem
2013 5851 2348 5920 quempiam,
2400 5853 2495 5923 qui
2545 5870 2855 5925 supremam
2905 5874 3086 5914 rerum
3137 5859 3384 5914 omnium

898 5961 937 5990 ‘9
977 5959 1020 6013 ll
1050 5959 1244 6016 Thess.
1269 5977 1349 6025 ιιι,
1378 5959 1430 6016 6.
1509 5961 1553 5991 ὀ
1584 5959 1742 6016 Hom.
1774 5963 1862 6029 ll,
1891 5961 1958 6017 dc
1991 5959 2047 6016 S.
2076 5961 2345 6019 Romano.
