3934 6440
542 385 679 451 1243

1704 398 1764 459 S.
1817 399 2211 464 TIIEODORI
2263 407 2610 473 STUDITIE

3674 425 3793 490 1244

524 511 748 550 causam
767 495 832 550 ad
873 496 1103 552 formam
1123 499 1520 560 vilissimarum
1552 520 1673 576 qua:
1703 508 1922 576 quidem
1955 509 2101 564 exsi-

2208 516 2454 586 τομένων
2487 520 2636 592 αὐτῷ
2681 523 2859 579 ἀθέων
2900 508 2998 581 και
3037 528 3339 587 πολυειδῶν
3377 537 3789 606 μορφωμάτων.

526 597 694 650 stant,
728 587 993 658 depingit,
1019 599 1079 642 ut
1125 591 1201 647 ait
1257 595 1479 651 divinus
1526 595 1870 668 Dionysius:
1930 613 2107 668 neque

530 682 698 749 ipsam
733 692 885 748 putat
910 684 1015 736 ulla
1051 700 1109 739 re
1151 700 1410 755 praestare
1459 689 1650 745 formis
1697 692 1807 746 illis
1845 693 2107 762 multipli-

528 775 681 826 cibus
717 789 781 827 ac
807 775 1108 831 divinitatis
1127 780 1440 846 expertibus
1464 797 1604 849 quas
1630 784 1716 837 illa
1739 783 1910 837 finxit.
1945 785 2109 856 Egre-

527 881 611 931 gie
645 866 808 934 igitur
840 876 894 920 et
953 869 1110 923 valde
1158 873 1408 940 apposite
1468 871 1632 927 Pater
1688 879 2102 944 pronuntiavit:

535 977 550 1007 ι
586 958 836 1014 Christus
871 971 1054 1032 noster
1075 964 1377 1032 parietibus
1416 982 1523 1020 non
1557 968 2101 1025 circumscribitur»

527 1031 1072 1120 subintelligendum,
1120 1058 1417 1111 secundum
1469 1069 1721 1114 naturam
1776 1063 2103 1130 divinitatis,

529 1157 587 1195 ut
617 1144 818 1197 ethnici
856 1145 1003 1200 illius
1052 1147 1160 1210 dii,
1197 1150 1290 1216 qui
1327 1151 1465 1204 intra
1503 1153 1738 1220 parietes
1798 1155 2007 1220 sedent,
2041 1171 2106 1209 eo

528 1235 702 1302 spatio
721 1237 985 1299 conclusi,
1016 1254 1115 1291 nec
1155 1241 1300 1294 aliud
1345 1243 1547 1297 habent
1575 1246 1720 1314 quod
1772 1247 2106 1317 intelligatur

528 1329 730 1392 animo,
776 1346 938 1396 quam
993 1332 1137 1400 quod
1191 1335 1433 1388 cernitur
1486 1338 1848 1393 intuentibus.
1905 1339 2106 1397 Oculos

529 1420 799 1473 habentet
825 1437 930 1474 non
964 1424 1146 1477 vident
1178 1443 1188 1476 :
1227 1441 1413 1490 aures,
1453 1438 1504 1480 et
1539 1446 1645 1482 non
1683 1431 1948 1499 audiunt;
1982 1449 2103 1488 ma-

529 1528 652 1575 nus,
671 1521 722 1565 et
752 1529 858 1566 non
892 1517 1106 1584 palpant
1135 1519 1350 1585 :pedes,
1373 1530 1427 1572 et
1452 1537 1557 1574 non
1580 1522 1860 1577 ambulant
1885 1542 1899 1578 :
1921 1542 2102 1592 nares,

527 1617 579 1657 et
610 1621 718 1658 non
773 1607 1044 1661 odorant:
1090 1609 1234 1662 sicut
1267 1626 1296 1663 a
1326 1609 1596 1680 Propheta
1642 1617 2010 1683 exprobratur
2033 1621 2102 1676 “.

603 1700 666 1750 At
696 1697 951 1754 Christus
980 1710 1163 1754 noster
1193 1718 1300 1757 non
1339 1705 1635 1759 secundum
1663 1717 1941 1762 externam
1978 1727 2102 1778 spe-

528 1790 666 1844 ciem
708 1792 889 1854 modo,
935 1801 1019 1845 est
1054 1794 1216 1847 homo
1267 1798 1482 1865 proprie
1512 1814 1577 1852 ac
1623 1815 1770 1861 vere,
1830 1802 2099 1871 siquidem

2212 609 2408 675 Καλῶς
2443 609 2536 667 οὖν
2569 617 2663 670 καὶ
2709 619 2853 673 πάνυ
2899 621 3129 686 εἰκότως
3163 625 3265 696 ἔφη
3315 628 3344 679 ὁ
3391 628 3613 700 Πατήρ·
3680 651 3702 683 ι
3740 634 3788 686 ’0

2211 703 2481 776 ἡμέτερος
2509 709 2742 780 Χριστος
2773 712 2972 782 τοίχοις
2995 714 3057 767 οὺ
3089 719 3518 787 περιγράφεται·
3559 741 3580 775 ι
3632 741 3790 795 προσ-

2211 799 2584 853 υπακουστὲον
2616 801 2682 872 τῇ
2712 803 2812 872 τῆς
2843 805 3098 876 θεότητος
3123 809 3306 878 φύσει·
3333 810 3410 874 ὡς
3439 813 3554 865 τῶν
3586 816 3790 868 ἐκείνου

2211 887 2350 942 Θεῶν
2378 891 2437 943 ὲν
2465 892 2668 962 τοίχοις
2719 894 3040 966 ἱδρυμένων,
3087 902 3253 953 κάκεῖ
3296 908 3786 975 περιωρισμένων-

2209 981 2308 1033 οὐκ
2345 982 2578 1052 ἐχόντων
2629 1002 2684 1038 τι
2733 986 2863 1041 ἄλλο
2903 990 3193 1060 νοούμενον
3237 996 3368 1064 παρ’
3413 996 3443 1048 ὃ
3499 996 3790 1066 βλέτοονται

2211 1071 2273 1144 [1⁸.
2306 1073 2587 1149 βλέπεται]
2616 1080 2727 1141 τοῖς
2757 1081 2978 1148 ὁρῶσιν.
3017 1084 3315 1156 Ὀφθαλμοὶ
3343 1088 3556 1153 αὐτοῖς,
3608 1093 3712 1144 καὶ
3735 1093 3787 1144 οὐ

2211 1163 2522 1234 βλέπουσιν·
2557 1162 2692 1234 ὦτα,
2742 1173 2839 1224 καὶ
2883 1173 2983 1225 οὐκ
3013 1175 3296 1229 ἁκούουσιο
3344 1181 3555 1249 χεῖρες,
3591 1181 3696 1233 καὶ
3735 1181 3789 1232 οὐ

2206 1258 2522 1328 ψηλαφῶσι.
2565 1263 2753 1326 Πόδες,
2795 1266 2892 1317 καὶ
2930 1268 2992 1320 οὑ
3021 1270 3411 1337 περιπατοῦσι·
3467 1275 3623 1342 ῥῖνες
3649 1312 3666 1336 ,
3708 1276 3790 1326 καὶ

2205 1351 2307 1404 οὐκ
2364 1352 2767 1422 ὀσφραίνονται·
2828 1357 2972 1412 καθὰ
3005 1362 3359 1431 προφητικῶς
3413 1364 3788 1437 κατηγοροῦν-

2204 1460 2313 1496 ται.

2286 1711 2346 1765 Ὅ
2375 1712 2432 1766 δὲ
2465 1714 2731 1786 ἡμέτερος
2760 1715 2989 1786 Χριστὸς
3033 1717 3094 1770 οὐ
3126 1717 3270 1771 κατὰ
3295 1718 3358 1772 τὸ
3388 1718 3677 1791 ὁρώμενον
3711 1720 3792 1791 μό-

2209 1819 2299 1856 νον
2352 1805 2636 1874 άνθρωπος
2684 1807 2888 1878 κυρίως
2919 1809 3013 1860 καὶ
3041 1809 3287 1878 άληθῶς·
3325 1811 3564 1880 ἐπείπερ
3610 1812 3790 1881 ὅμοιος

529 1883 725 1936 similis
757 1885 915 1937 nobis
965 1901 1058 1954 per
1086 1888 1270 1941 omnia
1295 1892 1492 1955 audiit,
1532 1900 1586 1945 et
1610 1908 1863 1961 corpore,
1908 1906 1960 1950 et
1984 1898 2101 1950 ani-

2209 1899 2342 1966 ἡμῖν
2385 1862 3144 1970 κατὰγπάνταιχρηματίσαςί
3176 1862 3270 1954 καὶ
3317 1862 3662 1974 ἐνσώματοςζ
3702 1908 3790 1957 καὶ

528 1991 640 2038 ma,
675 1986 728 2029 et
749 1986 924 2036 wtate.
956 1987 1010 2032 et
1044 1981 1466 2051 quibuscunque
1495 1984 1683 2048 rebus,
1721 2003 1843 2054 qua:
1868 2004 1934 2043 ex
1967 2004 2106 2044 con-

529 2068 674 2122 fesso
699 2070 952 2123 humanae
997 2082 1208 2126 natura:
1258 2085 1602 2142 competunt,
1645 2078 1870 2148 dempto
1923 2083 2103 2137 solum

527 2171 752 2229 peccato
775 2180 792 2215 :
830 2165 923 2217 sed
960 2172 1014 2216 et
1067 2164 1209 2218 Deus
1264 2177 1457 2220 natura
1498 2184 1564 2223 ac
1593 2173 1839 2240 veritate,
1869 2184 1922 2228 et
1962 2176 2104 2230 idem

527 2260 761 2318 utroque
786 2262 1070 2306 constans.
1130 2252 1374 2324 Exempli
1429 2261 1605 2327 gratia
1659 2261 1782 2316 dico
1843 2267 2108 2332 quemad-

527 2344 748 2395 modum
773 2343 972 2397 alicubi
994 2346 1134 2398 idem
1159 2347 1588 2417 Chrysostomus
1607 2353 1880 2423 loquitur:
1914 2376 1932 2408 ι
1959 2357 2105 2414 infra

526 2433 808 2504 fatigatur,
847 2452 1010 2505 supra
1035 2449 1344 2494 commovet
1386 2441 1694 2508 elementa;
1731 2446 1874 2501 infra
1909 2453 2100 2518 esurit,

525 2541 691 2594 supra
745 2529 948 2583 emittit
999 2530 1240 2597 imbres;
1291 2532 1432 2587 infra
1478 2547 1658 2605 pavet,
1697 2553 1859 2608 supra
1910 2551 2102 2611 tonat;

526 2617 670 2671 infra
727 2635 909 2672 coram
967 2623 1222 2676 tribunali
1284 2634 1444 2690 astat,
1474 2643 1637 2697 supra
1694 2633 1955 2702 prospicit
1986 2638 2110 2690 uni-

527 2726 706 2765 versa.
744 2731 762 2762 ι
809 2713 1005 2767 Eadem
1049 2717 1214 2785 igitur
1247 2719 1510 2773 sententia
1567 2723 1820 2792 gentilem
1854 2737 1936 2782 est
1967 2729 2104 2783 allo-

526 2810 732 2858 cutus:
773 2821 791 2854 ι
825 2803 1079 2860 Christus
1126 2816 1310 2862 noster
1365 2811 1665 2879 parietibus
1717 2829 1826 2869 non
1873 2819 2106 2873 circum-

525 2895 804 2949 scribitur.
846 2914 865 2947 ι
901 2894 1011 2950 Nec
1062 2909 1189 2966 puta
1225 2903 1545 2957 sententiam
1580 2909 1891 2963 accuratius
1921 2913 2106 2980 expri-

527 2989 783 3040 mendam
872 2999 1093 3059 pr0pter
1177 2992 1428 3049 haeresim
1515 3014 1658 3054 nunc
1720 3000 2100 3059 insanientem.

526 3076 874 3134 Manifestum
896 3091 1074 3135 autem
1100 3093 1184 3137 est
1210 3086 1354 3154 quod
1373 3095 1426 3140 et
1453 3086 1759 3159 fatigatum,
1777 3101 1833 3147 et
1855 3095 2103 3150 esurien-

2208 1981 2468 2059 ἔμπνους,
2512 1991 2606 2043 καὶ
2646 1991 2844 2061 ὲνῆλιξ,
2881 1993 2973 2046 καὶ
3004 1992 3103 2046 ὅσα
3133 1993 3266 2046 ἄλλα
3299 1995 3559 2065 γνώριμα
3606 1999 3790 2067 τῇὰν-

2208 2083 2453 2153 Opto-itali;
2508 2081 2688 2152 φύσει,
2743 2083 2880 2155 πλὴν
2947 2085 3112 2154 μόνης
3160 2087 3471 2157 ἁμαρτίαςο
3519 2089 3661 2141 ἀλλὰ
3702 2091 3789 2142 καὶ

2207 2175 2337 2237 Θεὸς
2368 2175 2525 2244 φύσει
2554 2175 2650 2227 καὶ⁹
2678 2175 2904 2246 ἀληθείᾳ
2927 2193 2940 2205 ·
2967 2178 3062 2229 καὶ
3087 2178 3114 2229 ὁ
3139 2178 3298 2240 αὐτὸς
3329 2179 3643 2249 ἀμφότερα.
3671 2175 3789 2233 Οἷόν

2205 2286 2258 2322 τι
2286 2270 2460 2336 λέγω’
2493 2268 2566 2332 ὥς
2603 2268 2734 2338 φησί
2766 2286 2867 2320 που
2899 2271 2928 2321 ὁ
2963 2269 3124 2332 αὐτὸς
3153 2271 3548 2340 Χρυσόστομος
3569 2289 3584 2303 ⁸
3631 2292 3649 2324 ι
3681 2274 3789 2325 Ki-

2205 2379 2281 2414 τω
2316 2362 2503 2431 κοπιᾷ,
2555 2363 2650 2414 καὶ
2698 2360 2810 2413 ἄνω
2862 2364 3152 2431 συγκροτεῖ
3200 2363 3270 2413 τὰ
3316 2367 3604 2432 στοιχεῖαο
3646 2365 3790 2417 κάτω

2207 2456 2386 2524 πεινᾷ,
2418 2455 2510 2507 καὶ
2544 2454 2749 2508 ἄνωθεν
2783 2453 2970 2515 ὑετοὺς
2996 2457 3253 2525 χορηγεῖ·
3287 2455 3438 2507 κάτω
3470 2456 3672 2526 δειλιᾷ,
3697 2455 3788 2508 καὶ

2206 2548 2318 2601 ἄνω
2346 2546 2572 2617 βροντᾷ⁹
2609 2549 2758 2599 κάτω
2787 2546 3118 2615 δικαστηρίῳ
3151 2545 3506 2614 παρίσταται,
3535 2548 3635 2598 καὶ
3656 2549 3790 2600 ἄνω-

2208 2636 2300 2689 θεν
2347 2638 2524 2689 πάντα
2561 2636 2777 2706 Θεωρεῖ.
2813 2653 2832 2687 )
2877 2635 3036 2688 Κατὰ
3063 2633 3221 2687 τοῦτο
3250 2629 3342 2686 οὖν
3387 2635 3614 2704 εῐρηται
3645 2634 3789 2703 αὑτῴ

2207 2729 2344 2799 πρὸς
2388 2729 2481 2781 τὸν
2526 2729 2795 2798 Ἕλληνα·
2837 2746 2857 2779 ι
2893 2727 2950 2780 '0
3000 2727 3266 2797 ἡμέτερος
3299 2727 3539 2797 Χριστὸς
3590 2728 3789 2796 τοίχοις

2203 2823 2265 2874 οὺ
2299 2819 2719 2891 περιγράφεται.
2757 2838 2776 2870 ι
2811 2821 2923 2872 Καὶ
2957 2820 3052 2889 οὐχ
3092 2821 3278 2888 ἡγεῖτο
3315 2819 3523 2890 χρῆναι
3566 2821 3791 2891 ἁκριὸο⁶

2204 2912 2480 2980 λογεῖσθαι
2510 2911 2638 2981 περὶ
2657 2910 2754 2981 τὴν
2784 2911 3056 2979 ἀπόφασιν
3078 2911 3261 2963 εἵνεκα
3297 2911 3396 2980 τῆς
3423 2909 3548 2963 νυνὶ
3587 2910 3789 2962 λυττώ-

2207 3021 2307 3073 σης
2342 3005 2630 3074 αἱρέσεως.
2669 3002 2835 3074 Δῆλον
2867 3003 2924 3055 δὲ
2963 3004 3045 3056 ὃτι
3073 3003 3160 3055 τὸν
3197 3002 3473 3055 κοπιῶντα
3523 3003 3622 3056 καὶ
3669 3018 3788 3055 πει-

2205 3099 2404 3163 νῶντα,
2455 3097 2736 3152 δειλιῶντά
2787 3115 2848 3150 τε
2901 3097 2997 3150 καὶ
3054 3097 3462 3167 παριστάμενον
3516 3095 3790 3166 κριτηρίῳ

529 3179 657 3234 tem,
708 3179 760 3224 et
811 3185 1118 3240 paventem,
1172 3183 1228 3229 et
1279 3187 1544 3232 astantem
1604 3197 1788 3236 coram
1837 3187 2096 3241 tribunali

2207 3184 2346 3244 οῐδεν
2376 3190 2632 3259 ἀσφαλῶς
2651 3191 2679 3242 ὁ
2701 3191 2874 3258 ἅγιος,
2905 3189 3154 3258 σώματος
3176 3189 3490 3260 χαρακτῆρι
3522 3190 3789 3259 περιγρά-

527 3262 658 3315 vidit
697 3263 839 3317 haud
889 3265 1052 3319 dubie
1083 3267 1163 3320 vir
1212 3279 1435 3326 sanctus
1479 3271 1652 3341 eiligie
1692 3282 1941 3345 corporis
1993 3279 2104 3334 cir-

525 3359 844 3425 cumscribi,
879 3361 993 3415 sive
1016 3362 1067 3415 in
1100 3363 1305 3431 pariete
1326 3366 1623 3431 coloribus,
1657 3368 1774 3422 sive
1808 3370 1860 3422 in
1897 3372 2100 3431 tabula.

526 3449 594 3504 Et
634 3466 760 3504 vero
797 3452 848 3504 in
895 3455 1056 3506 rebus
1103 3457 1408 3524 perspicuis
1454 3460 1892 3529 explanationem
1936 3479 2102 3520 causa

528 3543 676 3597 nulla
717 3545 992 3612 poscebat.
1023 3545 1157 3600 Nam
1191 3549 1235 3600 si
1263 3550 1509 3618 corporis
1545 3563 1819 3620 expertem
1850 3557 2102 3626 angelum

527 3636 702 3690 visum
735 3653 763 3689 a
783 3654 840 3691 se
865 3650 1050 3692 narrat
1081 3641 1132 3692 in
1158 3641 1414 3711 imagine,
1453 3644 1728 3700 Christum
1753 3662 2099 3719 corporatum

526 3744 635 3782 non
668 3729 806 3781 idem
847 3730 899 3783 in
932 3731 1167 3799 imagine
1195 3734 1393 3787 viderit
1426 3736 1449 3788 ?
1486 3737 1760 3794 Dementis
1798 3746 1986 3813 utique
2016 3754 2102 3800 est

526 3822 595 3874 de
619 3822 736 3874 viro
754 3833 943 3877 saneto
971 3825 1076 3879 tale
1108 3826 1312 3894 aliquid
1358 3831 1643 3896 suspicari.
1672 3832 1730 3886 Si
1759 3834 1923 3903 igitur
1956 3839 2101 3894 hunc

527 3923 717 3968 testem
771 3919 1142 3972 advocantsui
1179 3920 1328 3988 pravi
1376 3921 1666 3990 dogmatis,
1695 3941 1792 3979 cur
1845 3932 2098 3984 eumdem

527 4007 803 4075 rejiciuut,
864 4023 927 4063 ac
970 4010 1054 4063 vel
1093 4013 1367 4080 angelum,
1409 4015 1488 4067 vel
1515 4029 1546 4069 θ
1601 4019 1807 4071 sanctis
1862 4020 2099 4090 aliquem

525 4099 672 4167 pingi
695 4114 834 4166 :egre
859 4100 1071 4154 ferunt?
1104 4103 1237 4156 Cum
1256 4104 1613 4160 dicatalirubi
1632 4108 2052 4179 Clirysostomus
2082 4132 2095 4168 :

529 4205 548 4236 ι
586 4187 740 4251 Quod
795 4189 962 4258 igitur
997 4191 1047 4243 in
1087 4193 1401 4248 nominibus
1435 4193 1661 4264 fecistis,
1711 4198 1815 4253 hoc
1845 4200 2096 4269 ipsumin

522 4277 768 4345 ejusdem
838 4279 1072 4347 imagine
1120 4283 1455 4350 praestitistis
1478 4285 1543 4349 “,
1589 4305 1608 4336 ι
1668 4290 1842 4343 sancti
1899 4290 2098 4346 Meletii

524 4370 752 4426 scilicet.
793 4391 811 4422 ι
848 4373 985 4425 Nam
1013 4383 1064 4427 et
1096 4374 1148 4427 in
1177 4378 1502 4430 annulorum
1531 4379 1686 4446 palis,
1716 4393 1771 4434 et
1797 4382 1850 4434 in
1886 4385 2099 4450 poculis

523 4463 854 4530 paterisque,
885 4473 939 4516 et
986 4465 1040 4517 in
1072 4467 1448 4521 cubiculorum
1480 4472 1805 4538 parietibus,
1829 4475 2098 4543 etubique

2207 3284 2425 3354 φεσθαι,
2448 3284 2558 3337 εἴτε
2591 3286 2649 3336 ὲν
2676 3285 2842 3352 τοίχῳ
2861 3283 3165 3354 χρώμασιν,
3199 3285 3307 3335 εἴτε
3342 3284 3400 3334 ὲν
3431 3284 3646 3337 πίνακι.
3681 3284 3790 3336 Καὶ

2205 3378 2263 3430 ὲν
2291 3379 2405 3439 τοῖς
2441 3374 2726 3446 ἐναργέσιν
2768 3374 2867 3426 οὐκ
2904 3369 2971 3444 ἦν
3015 3373 3170 3441 λόγος
3202 3373 3347 3443 αὐτῴ
3379 3374 3784 3443 διασαφήσεως.

2205 3468 2269 3522 Et
2303 3468 2413 3539 γὰρ
2443 3468 2536 3521 τὸν
2578 3465 2869 3537 ἀσώματον
2914 3465 3146 3532 ἄγγελον
3183 3465 3309 3516 [δεῖν
3353 3464 3457 3532 ἔφη
3501 3466 3558 3516 ἐν
3594 3465 3785 3526 εἰκόνι,

2204 3562 2296 3615 τὸν
2355 3560 2666 3631 ὲνσὼματον
2722 3558 2956 3630 Χριστὸν
3007 3558 3068 3610 οὐ
3121 3557 3307 3645 βλέπει
3350 3555 3787 3626 εἰκονιζόμενονς

2203 3653 2410 3723 ἠλίθιον
2451 3649 2544 3707 οὗν
2584 3651 2827 3706 τοιοῦτόν
2870 3668 2924 3704 τι
2970 3650 3100 3720 περὶ
3140 3648 3234 3702 τοῦ
3271 3648 3430 3716 ἁγίου
3463 3647 3788 3718 ὑπολαμϐά-

2204 3761 2336 3798 νειν.
2367 3744 2429 3797 Et
2458 3740 2549 3797 οὖν
2579 3747 2657 3807 εἰς
2688 3743 2994 3815 μαρτυρίαν
3018 3741 3180 3795 αὑτὸν
3210 3739 3389 3808 ἔχουσι
3416 3739 3508 3792 τοῦ
3542 3740 3787 3810 πονηροῦ

2204 3837 2385 3891 αὐτῶν
2413 3835 2680 3904 δόγματος
2700 3851 2715 3866 ο
2747 3834 2798 3886 τί
2824 3833 2916 3887 τὸν
2941 3832 3103 3886 αὑτὸν
3131 3833 3552 3898 ἁποὸἀλλονται,
3596 3835 3672 3902 μὴ
3704 3833 3788 3884 δε-

2203 3931 2421 4000 χόμενοι
2447 3925 2677 3994 ἄγγελον
2699 3925 3078 3990 είκονίξεσθαι,
3119 3925 3242 3993 μηδ’
3265 3924 3334 3978 αὖ
3359 3942 3482 3977 τινα
3513 3925 3628 3978 τῶν
3667 3926 3787 3977 Θεο-

2203 4021 2412 4091 φόρων;
2445 4019 2692 4087 λέγοντος
2713 4011 2810 4069 ὧδέ
2840 4033 2946 4070 που
2969 4015 3062 4068 τοῦ
3093 4014 3482 4084 Χρυσοστόμου
3504 4031 3518 4044 ·
3558 4036 3579 4067 ‹
3603 4016 3786 4086 Ὅπερ

2202 4109 2332 4178 γοῦν
2365 4111 2422 4162 ἐν
2457 4109 2719 4178 ὀνόμασιν
2757 4106 3073 4178 ἐποιήσατε,
3113 4103 3270 4156 τοῦτο
3308 4106 3401 4156 ἐπὶ
3433 4106 3536 4175 τῆς
3573 4108 3788 4168 εἰκόνος

2202 4205 2475 4274 ἐπράξατε
2505 4202 2606 4272 τῆς
2635 4201 2843 4254 ἐκείνου
2869 4217 2882 4233 ·
2921 4220 2940 4254 ι
2979 4201 3145 4269 ἦγουν
3171 4199 3438 4252 Μελετίου
3468 4199 3565 4252 τοῦ
3599 4202 3782 4268 ἁγίου’

2207 4316 2225 4348 ι
2256 4298 2364 4350 Καὶ
2400 4298 2509 4365 γὰρ
2549 4296 2642 4348 καὶ
2685 4297 2741 4348 ἐν
2770 4293 3067 4348 δακτυλίων
3094 4293 3424 4361 σφενδόναις,
3457 4295 3555 4348 καὶ
3593 4298 3654 4348 ὲν
3693 4299 3787 4345 ex-

2202 4390 2411 4459 πόμασι
2466 4389 2560 4441 καὶ
2617 4387 2856 4457 φιάλαις,
2906 4386 3001 4439 καὶ
3043 4388 3099 4437 ὲν
3144 4383 3401 4451 θαλάμων
3435 4387 3662 4456 τοίχοις,
3690 4389 3787 4440 καὶ

2202 4478 2472 4548 πανταχοῦ
2516 4480 2613 4550 τὴν
2656 4480 2840 4531 εἰκόνα
2868 4477 2968 4546 τὴν
2998 4476 3156 4543 ἁγίαν
3195 4477 3410 4542 ἐκείνην
3450 4479 3784 4548 διεχάραξαν

522 4554 726 4621 passim
775 4565 1017 4609 sanctam
1056 4557 1205 4611 illam
1252 4559 1544 4628 imaginem
1600 4565 1752 4617 multi
1795 4565 2097 4637 insculpse-

2206 4547 2412 4621 πολλοί,
2437 4587 2454 4618 ι
2495 4547 2632 4620 Ἀλλ’
2655 4569 2803 4636 ὅμως
2829 4566 2952 4619 οὐδὲ
2992 4566 3222 4619 ἀκοῦσαι
3251 4568 3418 4621 αὐτοῦ
3467 4547 3780 4638 ἀνέχονται.

522 4655 651 4698 ι·υιιι
678 4647 772 4716 (l).
809 4665 827 4697 ι
863 4645 973 4702 Nec
1020 4659 1198 4702 tamen
1244 4666 1404 4707 aures
1441 4654 1488 4707 ei
1530 4657 1768 4723 praebere
1804 4659 2095 4715 sustinent.

522 4735 599 4790 De
629 4738 854 4793 historia
873 4741 1044 4794 sancti
1079 4741 1348 4796 Pancratii
1379 4745 1520 4812 quod
1549 4764 1653 4801 non
1691 4749 1895 4818 liqueat
1927 4767 1956 4805 a
1988 4768 2097 4821 quo

521 4829 594 4883 sit
624 4841 870 4897 exarata,
922 4832 1051 4900 quid
1101 4843 1214 4887 tum
1245 4834 1590 4908 ?Martyrum
1636 4851 1784 4909 gesta
1838 4843 2098 4913 pleraque

521 4922 704 4975 omnia
741 4926 889 4978 nullo
938 4937 1065 4980 sunt
1114 4927 1373 4998 inscripta
1411 4932 1565 4985 lilulo
1602 4951 1614 4986 :
1656 4945 1714 4986 at
1753 4943 1879 4988 sunt
1909 4937 2094 4990 eadem

520 5022 701 5067 tamen
748 5015 1008 5070 sincera:
1061 5029 1222 5087 atque
1266 5021 1391 5075 inde
1457 5023 1707 5078 doctores
1767 5025 2097 5094 depromunt

520 5115 840 5174 argumenta
880 5109 932 5161 in
978 5121 1275 5182 martyrum
1313 5114 1548 5168 laudem.
1579 5114 1788 5170 Colitur
1815 5119 1869 5171 in
1907 5119 2094 5174 Sicilia

519 5205 744 5251 sanctus
784 5197 1127 5269 Pancratius,
1169 5205 1282 5258 aede
1331 5208 1587 5274 maxima,
1629 5209 1681 5262 in
1712 5225 1820 5279 qua
1845 5221 1899 5264 et
1922 5214 2090 5265 mira—

520 5288 640 5341 cuia
673 5290 756 5342 edi
789 5302 1029 5347 narrant.
1057 5293 1162 5360 Qui
1182 5295 1344 5364 igitur
1380 5298 1660 5352 historiam
1695 5317 1802 5354 non
1833 5302 2088 5370 admittit,

517 5390 812 5450 martyrem
867 5400 974 5439 una
1007 5386 1256 5443 videlicet
1309 5403 1661 5459 aspernatur.
1697 5391 1821 5448 Haec
1864 5396 2084 5464 quidem

2201 4661 2337 4729 Περὶ
2365 4659 2461 4729 τῆς
2489 4660 2728 4730 ἱστορίας
2757 4659 2850 4713 τοῦ
2882 4660 3040 4728 ἁγίου
3075 4661 3449 4732 Παγκρατίου,
3491 4663 3574 4716 ὅτι
3605 4663 3667 4715 οὑ
3689 4663 3782 4730 δη-

2199 4752 2284 4805 λοῖ
2313 4752 2452 4823 πρὸς
2492 4753 2637 4814 τίνος
2682 4753 3014 4827 ωνεγρᾲφη,
3051 4754 3102 4806 τί
3131 4753 3323 4819 τοῦτος
3368 4755 3558 4824 σχεδὸν
3601 4757 3782 4809 πάντα

2198 4844 2268 4896 τὰ
2290 4845 2765 4914 μαρτυρογρὰφια,
2795 4845 3145 4917 ἀνεπίγραφα
3171 4847 3307 4899 είσιν
3325 4863 3339 4877 ⁸
3369 4846 3486 4899 ἀλλ’
3513 4849 3663 4916 ὅμως
3690 4846 3782 4917 βε-

2200 4933 2330 4988 6αιά
2387 4936 2521 4988 εἰσιν
2575 4936 2829 4990 κάκεῖθεν
2892 4938 2940 4990 οἱ
3002 4937 3312 4992 διδάσκαλοι
3377 4940 3779 5010 ἁφορμίζονται

2196 5031 2372 5080 ποιεῖν
2423 5029 2490 5082 τὰ
2539 5029 2643 5082 τῶν
2692 5031 3159 5100 μαρτυρησάντων
3202 5031 3476 5102 ἐγκώμια.
3530 5033 3588 5085 ὐ
3625 5034 3780 5100 ἅγιος

2197 5118 2544 5186 Παγκράτιος
2571 5121 2628 5170 ἐν
2661 5119 2882 5190 Σικελία
2901 5121 3150 5190 τιμᾶται,
3184 5121 3296 5190 ναῷ
3321 5122 3569 5192 μεγίστῳ
3590 5139 3603 5153 ·
3636 5124 3692 5174 ἐν
3730 5115 3778 5189 ᾧ

2197 5226 2328 5276 φασι
2363 5210 2458 5261 καὶ
2492 5211 2694 5279 σημεῖα
2729 5209 3083 5278 γεγενῆσθαι,
3141 5211 3205 5264 Ὁ
3245 5206 3338 5264 οὖν
3381 5211 3458 5282 μὴ
3485 5211 3775 5280 δεχόμενος

2195 5303 2295 5369 τὴν
2347 5301 2602 5368 ἱστορίαν,
2646 5299 3047 5354 συναπεὸάλετο
3079 5300 3170 5354 τὸν
3209 5302 3462 5372 μάρτυρα
3509 5301 3772 5370 δηλονότι.

2194 5393 2382 5446 Ταῦτα
2418 5392 2514 5463 μὲν
2544 5393 2619 5457 ὡς
2642 5395 2701 5447 ὲν
2741 5392 2959 5461 ὀλίγοις.
2987 5393 3059 5446 Σὺ
3102 5393 3180 5458 δὲ,
3215 5393 3426 5456 τέκνον,
3473 5392 3681 5462 ὑγίαινέ
3709 5407 3770 5444 τε

587 5554 630 5584 ¹¹
657 5554 803 5611 Psal.
837 5572 993 5623 cmi,
1023 5561 1076 5625 6,
1111 5562 1165 5615 7.
1240 5566 1283 5596 ι’
1324 5563 1483 5619 Hom.
1513 5566 1604 5631 45,
1634 5569 1701 5624 de
1730 5568 1790 5624 S.
1813 5567 2028 5625 Mcletio
2065 5571 2434 5627 Antiocheno.

2017 5707 2247 5764 ΝΟΤᾸΞ.

586 5827 663 5898 (1)
701 5829 946 5886 Meminit
971 5831 1134 5904 hujus
1167 5835 1507 5907 Nicephorus
1541 5840 1590 5895 in
1627 5844 2000 5901 Antirrhctico
2037 5862 2137 5902 ms.
