3934 6438
160 411 306 475 1245

1370 415 1913 476 EPISTOLARUM
1966 416 2117 474 LIB.
2167 414 2245 474 II.

3301 411 3436 474 1246

154 526 262 577 καὶ
301 522 497 588 σώζοιο
520 539 536 556 ⁶
577 526 795 581 καὶτοῦ
829 524 1132 599 Γρηγορίου
1175 527 1395 598 μακρὰν
1438 523 1742 596 απόστηθιο

1862 523 2056 592 paucis.
2087 523 2170 580 Tu
2202 538 2350 593 vero,
2405 525 2503 592 illi,
2542 525 2726 582 salvus
2769 525 2847 582 sis
2883 533 2938 580 et
2989 523 3280 580 incolumis
3319 540 3334 577 :
3369 532 3426 577 et

159 619 240 688 μή
281 635 339 671 σε
366 618 529 690 ὀλέσῃ
561 619 619 687 ἐξ
651 620 1007 692 ἁπροσεξίας.

627 821 759 875 MI“.
783 851 854 863 —
886 821 1257 892 Ἐγκλείστῃ.
1288 818 1469 894 [τκε⁹.]

1850 629 1882 669 a
1921 613 2184 686 Gregorio
2222 618 2453 674 abscede
2482 619 2692 689 procul,
2725 633 2793 674 ne
2829 618 3161 689 imprudenti
3189 617 3286 672 tibi
3312 616 3434 672 exi-

1852 707 1987 761 tium
2014 707 2229 763 afferat.

2375 823 2557 880 XLIII.
2582 857 2651 871 -—
2673 819 2928 880 Ἰηείιισω.

532 933 790 998 Praecepta
813 937 1097 986 monasticae
1118 938 1234 985 vita:
1259 935 1411 986 tradit
1442 948 1455 982 :
1483 931 1633 983 simul
1655 943 1766 994 quas
1788 929 1849 978 ad
1872 935 2199 983 constantiam
2224 934 2274 984 in
2307 935 2547 986 catholica
2573 936 2669 985 fide
2697 935 3064 985 adhortaretur.

249 1043 521 1112 ’Δνέγνων
547 1061 641 1096 σου
675 1043 737 1096 τὸ
765 1043 1002 1116 γράμμα
1033 1045 1134 1114 τῆς
1159 1042 1448 1107 εύλαόείσς
1469 1059 1483 1072 ·
1519 1039 1657 1097 ἀλλὰ
1678 1038 1764 1103 τίς

158 1138 191 1189 ὁ
224 1134 447 1196 ἔπαινος
479 1133 538 1187 ὃν
568 1135 832 1204 ἐποίησας
865 1135 998 1204 ἡμῖν
1031 1134 1202 1199 ξένοις
1235 1128 1354 1186 οὖσι
1385 1131 1586 1194 παντὸς
1619 1131 1760 1198 ἀγα-

163 1226 302 1292 θοῦ;
332 1226 414 1290 τίς
437 1225 494 1280 δὲ
523 1227 586 1298 δὴ
612 1228 704 1281 καὶ
745 1228 779 1298 ἡ
807 1225 1128 1298 ἐπιζήτησις
1149 1225 1241 1280 τοῦ
1271 1222 1646 1280 διδασκαλικοῦ
1673 1223 1762 1276 λό-

160 1337 296 1387 γου,
326 1318 399 1390 μὴ
435 1318 650 1389 ἔχουσιν
679 1321 1054 1384 οἰκειοποτεῖν,
1091 1320 1190 1390 οὐχ
1223 1319 1302 1372 ὄτι
1323 1328 1392 1386 γε
1428 1315 1522 1370 καὶ
1551 1315 1760 1385 ἑτέροις

163 1410 358 1480 ἄρδειν
403 1412 653 1479 νάματας
683 1411 831 1480 ὅμως
866 1409 1051 1480 ἐπειδὴ
1095 1409 1425 1479 γέγραπται,
1455 1403 1642 1463 Παντὶ
1678 1403 1757 1468 τῷ

161 1504 442 1558 αίτοῦντί
463 1520 537 1558 σε
563 1503 757 1558 δίδον
787 1503 967 1570 δέξαιο
991 1500 1351 1573 βραχυλογίαν
1378 1500 1499 1552 τινὰ
1528 1499 1625 1566 τῆς
1656 1513 1759 1548 πε-

163 1595 492 1665 νιχρότητος
536 1595 715 1666 ἡμῶν.
744 1594 866 1648 Τῶν
896 1597 954 1647 ὲν
979 1594 1057 1665 τῷ
1085 1591 1250 1662 κοινῷ
1288 1591 1386 1662 βίῳ
1416 1591 1758 1658 ἀναστρεφο-

168 1689 356 1760 μένων
388 1690 486 1760 οὑχ
523 1689 698 1754 οὕτως
722 1689 925 1744 δύναιτ’
959 1690 1026 1743 ἂν
1047 1690 1074 1742 ὀ
1094 1689 1192 1757 τῆς
1216 1687 1454 1752 διανοίας
1480 1683 1758 1755 ὀφθαλμὸς

165 1782 540 1854 κεκαθάρθαι,
604 1784 676 1847 ώς
743 1782 1070 1846 ὲνατενίζειν
1129 1777 1628 1852 ἀπαρεμποδίστως
1678 1778 1757 1848 τῷ

168 1875 367 1929 κάλλει
416 1875 518 1945 τῆς
569 1875 728 1947 δόξης
772 1875 866 1928 τοῦ
900 1874 1035 1928 Θεοῦ
1062 1891 1075 1906 ·
1105 1868 1215 1926 οἶόν
1242 1892 1348 1927 τινι
1385 1874 1532 1943 λύμῃ
1560 1874 1624 1942 τῇ
1658 1872 1756 1942 τῆς

171 1969 383 2038 σαρκὸς
423 1969 769 2039 προσπαθείᾳ
811 1968 1141 2038 μυωπάζων.
1182 1967 1344 2037 Ἡμῖν
1385 1966 1443 2019 δὲ
1475 1962 1557 2028 οἷς
1591 1966 1755 2017 πᾶσιν

164 2061 537 2120 ἀποτακτέον,
573 2060 669 2113 καὶ
717 2060 880 2129 μόνον
920 2059 1012 2112 τὸν
1049 2058 1285 2130 Χριστοῦ
1321 2057 1552 2129 σταυρὸν
1579 2057 1757 2127 αἴρειν

163 2153 646 2222 ἐγκελευομένοις,
673 2153 908 2222 εὐπετὴς
936 2155 968 2222 ἡ
997 2151 1223 2205 θεοπτία
1242 2168 1255 2181 ⁸
1292 2152 1459 2222 ἤγουν
1493 2150 1555 2204 τὸ
1591 2149 1758 2220 μηδὲν

164 2245 306 2300 ἄλλο
335 2245 428 2297 καὶ
451 2245 597 2315 ἔχειν
627 2246 722 2298 καὶ
756 2245 994 2304 ἐννοεῖν,
1029 2244 1061 2314 ἢ
1111 2245 1170 2298 τὸ
1219 2244 1337 2307 πῶς
1363 2244 1755 2314 εὐαρεστήσοι-

167 2355 278 2408 μεν
320 2336 400 2406 τῷ
426 2336 650 2409 Κυρίῳ·
681 2337 898 2408 καθαρᾷ
933 2337 1130 2406 καρδίᾳ,
1169 2335 1456 2408 λατρεύειν
1495 2334 1664 2404 αύτῷ,
1699 2337 1757 2389 ὲν

162 2427 479 2499 ἀποῤῥήξει
502 2428 684 2498 πάσης
709 2430 944 2500 σχέσεως
969 2429 1260 2499 σαρκικῆς.
1289 2430 1469 2481 Ἔστω
1491 2424 1583 2482 οῦν
1603 2429 1756 2498 ὑμῶν

162 2520 206 2589 ἡ
241 2519 345 2588 τῆς
373 2519 698 2589 ὲγκλείσεως
729 2521 982 2591 περιοχὴ,
1014 2521 1169 2583 πόλις
1191 2520 1325 2573 Θεοῦ
1354 2521 1754 2590 πεποικιλμένη

164 2609 428 2683 χρυσέοις
456 2609 880 2681 κατορθώμασι·
919 2614 994 2683 μὴ
1029 2612 1176 2677 κλεῖς
1213 2613 1343 2683 περὶ
1371 2612 1432 2665 τὸ
1465 2613 1628 2682 σῶμα
1655 2613 1756 2680 μό-

162 2721 286 2768 νον,
316 2703 454 2758 and:
479 2705 588 2776 γὰρ
619 2706 714 2758 καὶ
764 2706 905 2759 κατά
952 2707 1190 2776 πνεῦμα.
1243 2707 1530 2777 Προσῆκον
1577 2705 1757 2759 τοίνυν

164 2796 403 2865 φεύγειν
445 2797 591 2868 ὑμᾶς
619 2799 718 2860 τὰς
748 2799 860 2852 τῶν
883 2800 1090 2870 ἀνδρῶν
1117 2800 1288 2868 ὄψεις,
1315 2801 1413 2862 τὰς
1455 2799 1592 2868 πρὸς
1630 2799 1756 2861 τοὺς

163 2890 270 2957 ἀφ’
303 2890 537 2960 αἵματος
580 2891 820 2961 σχέσεις.
850 2891 946 2954 τὰς
992 2892 1129 2962 πρὸς
1157 2891 1277 2945 ὅλον
1309 2891 1400 2944 τὸν
1427 2893 1631 2961 κόσμον
1669 2910 1757 2961 φι-

157 2981 329 3045 λίας·
383 2983 554 3046 αὐτὰς
613 2983 670 3036 δὲ
730 2983 816 3054 ἐφ’
866 2984 1066 3048 ἑαυτὰς
1116 2984 1616 3055 συνανεστράφθαι·
1663 2983 1755 3036 καὶ

162 3075 322 3145 ἔχειν
360 3075 489 3144 μίαν
519 3074 697 3146 ψυχὴν
746 3077 842 3128 καὶ
893 3059 1139 3147 καρδίαν,
1177 3076 1320 3130 κατὰ
1365 3076 1600 3147 μίμησιν
1647 3076 1755 3129 τῶν

161 3167 415 3238 ἀρχῆθεν
447 3171 539 3222 ἐπὶ
566 3169 673 3222 τῶν
699 3169 1014 3222 ἀποστόλων
1037 3169 1503 3223 πεπιστευκότων.
1543 3167 1608 3222 Ἠ
1631 3165 1754 3220 καθ-

1930 1039 2058 1113 Legi
2088 1044 2370 1113 epistolam
2399 1043 2618 1114 pietatis
2651 1054 2778 1107 tuae,
2800 1043 2894 1097 sed
2921 1058 3043 1113 quae
3074 1041 3194 1097 laus
3224 1058 3289 1098 ea
3320 1049 3432 1109 est,

1857 1148 1964 1204 qua
1999 1151 2098 1189 nos
2125 1133 2350 1190 all'ecisti
2377 1135 2469 1206 qui
2506 1151 2698 1191 sumus
2726 1136 2794 1190 ab
2823 1136 2974 1190 omni
3015 1136 3160 1190 bono
3192 1137 3383 1204 inopes
3412 1136 3436 1190 ?

1857 1235 1952 1279 aut
1982 1227 2111 1295 quid
2147 1243 2178 1281 a
2222 1227 2378 1282 nobis
2423 1228 2666 1298 magistri
2705 1229 2908 1282 monita
2950 1227 3182 1300 flagitas,
3217 1229 3310 1297 qui
3347 1227 3432 1282 vix

1856 1332 2051 1373 sumus
2085 1320 2318 1388 propriae
2350 1319 2440 1374 siti
2471 1320 2751 1389 explenda:
2781 1335 2960 1388 pares,
2991 1321 3188 1374 nedum
3220 1329 3278 1373 ut
3314 1317 3437 1374 aliis

1853 1409 2008 1477 rigua
2039 1412 2422 1480 praebeamus?
2455 1411 2724 1478 Quoniam
2776 1421 2956 1467 tamen
2997 1413 3259 1482 scriptum
3297 1421 3383 1465 est
3416 1429 3431 1466 :

1859 1503 2016 1558 Omni
2043 1505 2236 1571 petenti
2260 1514 2307 1558 te
2335 1505 2504 1560 tribue
2533 1506 2577 1538 "
2607 1523 2627 1560 :
2659 1506 2910 1575 exiguam
2944 1520 3043 1574 pro
3077 1515 3260 1559 nostra
3317 1505 3439 1557 ino-

1853 1597 1941 1665 pia
1968 1596 2269 1651 orationem
2307 1597 2512 1668 accipe.
2546 1597 2650 1664 Qui
2681 1599 2734 1652 in
2785 1597 3032 1653 saeculari
3063 1597 3170 1651 vita
3211 1596 3436 1667 degunt,

1855 1690 2001 1745 haud
2035 1692 2273 1760 proclive
2319 1701 2404 1747 est
2448 1701 2506 1746 ut
2547 1691 2637 1746 hic
2669 1691 2868 1748 mentis
2899 1690 3088 1745 oculus
3121 1691 3193 1744 ita
3241 1705 3439 1759 purga.

1852 1791 1942 1838 tus
1977 1785 2066 1848 sit,
2098 1794 2158 1838 ut
2186 1786 2307 1839 sine
2338 1785 2494 1839 obice
2530 1784 2774 1838 intendat
2825 1782 2995 1838 aciem
3031 1783 3086 1837 in
3130 1782 3436 1849 pulchritu-

1857 1879 2036 1932 dinem
2095 1878 2280 1947 gloriae
2343 1876 2438 1932 Dei
2489 1895 2504 1932 :
2557 1879 2713 1948 quasi
2771 1876 3008 1945 quadam
3069 1875 3434 1944 lippitudine,

1858 1971 2040 2026 carnis
2060 1969 2254 2024 affectu
2286 1970 2596 2024 eaeeutiens.
2620 1967 2791 2024 Nobis
2818 1984 2946 2022 vero
2969 1982 3107 2037 quos
3125 1966 3439 2020 renuntiare

1859 2065 2114 2119 omnibus
2142 2063 2306 2123 rebus
2344 2073 2578 2133 oportet,
2603 2064 2694 2131 qui
2724 2071 2778 2117 et
2801 2062 2975 2116 solam
2996 2060 3197 2115 Christi
3216 2074 3436 2113 erucem

1859 2159 2048 2213 tollere
2089 2158 2228 2226 jussi
2268 2171 2481 2218 sumus,
2519 2155 2678 2210 facile
2712 2163 2794 2208 est
2826 2153 2993 2207 Deum
3031 2154 3228 2207 intueri
3263 2170 3278 2206 :
3333 2151 3438 2205 hoc

1857 2251 1962 2305 est,
1987 2242 2134 2297 aliud
2164 2245 2296 2297 nihil
2324 2255 2571 2313 spectare
2600 2243 2681 2296 vel
2708 2243 2950 2312 cogitare
2974 2258 3137 2312 quam
3170 2239 3436 2311 quemad-

1842 2336 2077 2390 modum
2109 2336 2341 2390 Domino
2388 2335 2698 2404 placeamus
2730 2352 2744 2388 :
2788 2336 2992 2388 mundo
3035 2335 3200 2389 corde
3235 2334 3284 2386 ei
3321 2349 3439 2388 ser-

1860 2429 1994 2492 vire,
2019 2427 2248 2498 praeciso
2280 2429 2429 2504 omni
2453 2429 2635 2482 carnis
2672 2427 2888 2482 affectu.
2913 2426 2994 2480 Sit
3042 2441 3172 2496 ergo
3213 2424 3435 2481 claustri

1857 2522 2020 2577 vestri
2058 2521 2320 2584 ambitus,
2347 2521 2541 2576 civitas
2583 2521 2700 2586 Dei,
2747 2520 3040 2574 virtutibus
3083 2518 3240 2586 quasi
3297 2532 3435 2570 auro

1858 2616 2115 2669 distincta
2145 2634 2160 2668 :
2195 2630 2293 2669 nec
2327 2629 2530 2684 corpus
2562 2614 2722 2668 modo
2764 2613 3030 2676 clavibus,
3062 2612 3154 2667 sed
3185 2622 3239 2666 et
3271 2607 3434 2680 spiri-

1857 2720 1948 2762 tus
1981 2708 2325 2763 cohibeatur.
2358 2705 2455 2760 Est
2484 2706 2648 2776 igitur
2673 2716 3096 2760 consentaneum
3117 2716 3171 2757 nt
3191 2705 3435 2757 virorum

1858 2809 2212 2869 conspectum
2247 2799 2490 2864 fugiatis,
2521 2799 2773 2853 allectum
2807 2813 2935 2865 erga
2965 2797 3433 2866 consanguineds,

1857 2894 2128 2949 amicitias
2179 2907 2308 2962 erga
2360 2892 2625 2946 mundum
2676 2891 3033 2944 universum:
3085 2898 3140 2943 et
3186 2899 3244 2942 ut
3295 2889 3436 2942 inter

1856 3003 1955 3042 vos
2011 2987 2160 3056 ipsas
2194 2985 2435 3055 degatis,
2469 2984 2823 3049 habeatisque
2865 2982 3102 3036 animam
3168 2997 3328 3034 unam
3381 2987 3437 3033 et
3527 3032 3536 3037 -

1857 3095 1954 3136 cor
2000 3093 2195 3143 unum,
2244 3077 2311 3131 ad
2359 3076 2668 3144 exemplum
2725 3088 2918 3128 eorum
2961 3073 3054 3142 qui
3098 3072 3207 3138 jam
3239 3071 3368 3124 olim
3402 3086 3435 3125 a

1858 3169 2148 3240 principio,
2216 3165 2588 3237 apostolorum
2661 3163 2998 3234 temporibus
3062 3161 3431 3215 crediderunt.

161 3259 459 3330 ηγουμένη
517 3258 659 3313 οῦτω
710 3258 1060 3330 καθηγεῖσθω
1102 3260 1178 3323 ώς
1212 3259 1453 3330 Χριστοῦ
1485 3261 1754 3329 ἐπέχουσα

1862 3261 2156 3331 Ρηεροείιο
2217 3260 2298 3314 sic
2355 3265 2509 3328 regat
2559 3265 2820 3326 tanquam
2879 3253 3084 3308 Christi
3139 3267 3432 3322 personam

160 3352 524 3425 χαρακτῆρα,
551 3353 783 3407 ποιοῦσα
812 3352 1052 3422 πρῶτον,
1079 3348 1178 3406 εἷθ’
1200 3352 1376 3417 οὕτως
1404 3353 1752 3406 διδάσκουσαο

165 3447 346 3517 μηδὲν
395 3446 805 3516 ὲλλιμπάνουσα
857 3447 966 3499 τῶν
1016 3445 1138 3500 κατ’
1176 3447 1396 3515 ἐντολὴν
1438 3445 1757 3516 πρακτικῶς

163 3538 577 3593 ὑποδεικνύναι.
620 3539 684 3592 Ἦ
718 3539 1246 3609 καθυποτασσομένη
1285 3537 1427 3591 οῦτω
1470 3537 1757 3591 πείθεσθαι

162 3631 268 3686 καὶ
304 3631 571 3696 ὑπείκειν,
607 3633 683 3692 ὡς
710 3633 860 3703 αύτῷ
889 3631 1110 3703 Χριστῷ
1140 3631 1241 3704 τὴν
1275 3632 1524 3701 ὑπακοὴν
1557 3629 1756 3684 ἀνύου-

166 3741 262 3776 aa.
299 3723 478 3776 Ὅπου
520 3722 577 3776 δὲ
603 3723 798 3786 ταῦτα,
837 3725 954 3777 ἐκεῖ
996 3725 1178 3795 πάσης
1221 3724 1586 3794 ἁγαθοεργίας
1625 3739 1760 3793 καρ-

165 3818 310 3880 πόςο
369 3809 431 3870 οὗ
488 3818 546 3871 δὲ
599 3819 661 3871 οὐ
715 3818 908 3884 ταῦτα,
945 3818 1065 3871 ἐκεῖ
1119 3817 1339 3881 πάντως
1391 3817 1460 3870 τὰ
1517 3818 1756 3881 ἐναντία,

165 3908 434 3981 ἐταιρίαι.
488 3910 835 3980 φιλονεικίαι,
893 3909 1233 3982 ψιθυρισμοί,
1291 3909 1756 3981 ίδιοκτημοσύναι,

166 3999 510 4071 φυσιώσεις,
568 4003 970 4072 προσπάθειαι,
1034 4003 1172 4072 πρός
1231 4019 1293 4056 τε
1354 4002 1591 4073 ἀλλήλας
1661 4003 1759 4056 καὶ

166 4090 314 4162 πρὸς
369 4090 498 4156 τοὺς
552 4091 772 4159 ἔξωθεν,
803 4095 912 4146 είτε
965 4094 1030 4146 ὲκ
1074 4093 1288 4162 γένους,
1324 4095 1436 4146 εἴτε
1482 4095 1549 4147 ἐκ
1576 4094 1758 4164 φιλίας

166 4183 364 4252 ἄλλης.

243 4274 408 4329 οὕτω
437 4275 535 4345 μὲν
569 4270 663 4330 οὖν
693 4276 768 4339 ώς
794 4278 852 4331 ὲν
883 4277 1051 4349 ὀλίγῳ
1089 4279 1122 4349 ἠ
1159 4278 1289 4348 περὶ
1320 4277 1473 4331 τοῦδε
1505 4278 1758 4349 ὑπόμνη-

169 4385 280 4432 σις.
326 4366 470 4436 Ἐγὼ
507 4367 564 4419 δὲ
592 4369 622 4423 ὁ
651 4369 905 4432 ταπεινὸς
937 4368 1263 4440 παρακαλῶ,
1301 4369 1399 4424 σὺν
1429 4369 1508 4442 τῷ
1538 4370 1639 4441 βίῳ
1665 4371 1760 4424 καὶ

165 4463 272 4532 τὴν
308 4461 494 4515 πίστιν
527 4463 902 4534 ἢγλαῖσμένην
933 4463 1233 4535 κεκτῆσθαι
1276 4467 1451 4535 ὑμᾶς’
1490 4465 1761 4536 μηδαμῶς

167 4555 631 4652 τῇΔΧριστομάχῳ
672 4557 880 4627 αίρέσει
924 4561 1225 4621 κοινωνεῖν,
1249 4559 1372 4629 ἥτις
1417 4559 1755 4628 Ἰουδαϊσμοῦ
1789 4597 1833 4652 D

166 4645 330 4699 οὐδὲν
358 4646 652 4717 διενήνοχε,
685 4646 784 4718 τὴν
838 4649 1104 4719 σωτήριον
1147 4651 1385 4720 Χριστοῦ
1423 4651 1755 4722 οἰκονομίαν,

167 4738 263 4792 διὰ
287 4739 390 4809 τῆς
421 4739 789 4812 καθαιρέσεως
823 4741 933 4793 τῶν
967 4741 1181 4796 σεπτῶν
1214 4743 1440 4797 εἰκόνων
1488 4744 1655 4798 αὐτοῦ
1698 4762 1757 4798 τε

169 4825 441 4897 Χριστοῦ,
477 4829 574 4896 τῆς
619 4846 679 4882 τε
715 4829 981 4883 Θεοτόκου
1028 4829 1124 4884 καὶ
1163 4832 1382 4886 πάντων
1411 4833 1520 4886 τῶν
1563 4834 1756 4904 ἁγίων,

169 4916 486 4990 ἀρνουμένῃ
505 4934 518 4948 ·
551 4920 851 4991 ἐπειδήπερ
881 4923 913 4992 ὴ
945 4922 1110 4977 εἰκὼν
1145 4925 1340 4979 ταυτόν
1361 4926 1479 4980 ἐστι
1501 4926 1579 4998 τῷ
1603 4945 1758 4998 πρω-

167 5007 394 5078 τοτύπῳ
425 5013 559 5081 τιμῇ
582 5029 639 5064 τε
667 5014 760 5067 καί⁵
787 5018 1154 5085 προσκυνήσει
1176 5033 1189 5046 ⁸
1222 5012 1333 5072 οἷον
1359 5020 1446 5071 ἐπ’
1471 5019 1638 5072 αὐτοῦ
1664 5019 1758 5073 τοῦ

171 5099 446 5166 ζωοποιοῦ
466 5099 753 5174 [σταυροῦ]
777 5104 983 5159 καὶτοῦ
1011 5106 1208 5161 τύπου.
1225 5108 1316 5178 Μὴ
1329 5109 1393 5179 δὴ
1411 5108 1505 5163 οῦν
1522 5111 1764 5182 ἀρνήση-

171 5191 270 5245 σθε
288 5192 381 5244 τὸν
397 5193 633 5264 Χριστὸν
651 5197 708 5248 αί
722 5199 1085 5271 Χριστοφόροι
1110 5201 1188 5273 τῷ
1216 5203 1356 5272 ἁγίῳ
1374 5205 1604 5275 περιὸλή
1614 5223 1765 5276 ματι·

177 5286 318 5354 μήτε
342 5287 468 5349 τοὺς
483 5289 772 5353 τοσούτους
797 5292 1022 5358 κόπους,
1039 5294 1134 5359 οὓς
1151 5295 1414 5350 ἁνατλᾶτε
1434 5297 1525 5350 τὸν
1546 5299 1603 5352 ὲν
1627 5316 1771 5370 παρ-

174 5378 333 5449 θενίᾳ
364 5379 477 5449 βίον
514 5383 654 5450 μετὰ
672 5382 1009 5457 καθείρξεως
1040 5387 1542 5454 διανύουσαι,ἔνθεν
1561 5390 1768 5458 ὀλέσαι,

174 5473 273 5528 καὶ
319 5471 420 5542 τῆς
467 5474 855 5548 ἀντικειμένης
895 5479 1131 5550 μερίδος,
1159 5482 1296 5552 ὅπερ
1326 5483 1493 5553 ἀπείη
1537 5484 1632 5536 καὶ
1677 5484 1764 5538 ὲν-

175 5566 319 5616 νοεῖν
366 5564 464 5617 καὶ
504 5563 710 5633 λέγειν.
751 5569 1072 5639 γινόμεναι·
1119 5572 1234 5625 ἀλλ’
1264 5571 1588 5628 εἰδυῖαι’ὄτι
1638 5573 1762 5628 οὗτε

176 5655 294 5722 βίος
322 5654 449 5725 δίχα
479 5657 715 5723 πίστεως
757 5661 949 5734 ὀρθῆς,
979 5661 1094 5716 οὔτ’
1124 5660 1191 5719 αὖ
1221 5665 1400 5729 πίστις
1445 5667 1572 5737 δίχα
1619 5668 1763 5739 πρά-

177 5747 317 5814 ξεως
367 5747 518 5813 Θείας
562 5749 754 5815 σώζειν
793 5754 1036 5822 δύναιτο,
1078 5758 1472 5832 ἀμφοτέρωθεν
1505 5763 1652 5834 εῐητε
1685 5764 1763 5818 δι·-

249 5863 296 5896 ²³
327 5865 461 5922 Luc.
494 5884 568 5930 νι,
598 5867 685 5924 50.
765 5871 808 5902 ’⁸
833 5873 956 5928 Aet.
991 5888 1031 5932 ι.
1070 5873 1122 5927 l.

1857 3352 2159 3414 sustinens,
2207 3350 2444 3419 primum
2487 3348 2717 3411 faciens,
2751 3346 2946 3401 deinde
2975 3345 3057 3399 sic
3107 3343 3310 3397 docens
3335 3343 3380 3373 “
3418 3357 3434 3393 :

1858 3447 1998 3502 nihil
2049 3433 2470 3516 praetermittens
2524 3456 2713 3496 eorum
2775 3454 2896 3507 quae
2962 3445 3092 3493 sunt
3147 3438 3407 3506 imperata

1857 3539 2105 3607 exemplo
2149 3544 2476 3590 monstrare.
2528 3533 2662 3599 Qua:
2713 3532 2930 3587 subdita
2965 3541 3067 3594 est,
3111 3530 3186 3584 ita
3224 3529 3404 3582 obtem

1859 3648 2050 3704 perare
2079 3646 2144 3684 ac
2177 3643 2369 3698 parere
2398 3635 2745 3692 consuescat,
2789 3635 3049 3695 tanquam
3079 3623 3297 3678 Christo
3328 3621 3430 3690 ipsi

1860 3739 2066 3779 morem
2099 3731 2270 3791 gerat.
2291 3719 2422 3774 Nam
2447 3720 2563 3773 hare
2591 3719 2679 3773 ubi
2719 3717 2990 3780 affuerint,
3017 3717 3088 3770 ibi
3108 3717 3288 3769 omnis
3305 3713 3432 3769 boni

1859 3819 2039 3886 aperis
2089 3814 2342 3869 fruetus:
2397 3813 2491 3868 ubi
2526 3830 2632 3868 non
2692 3812 2874 3866 adsint
2923 3809 3032 3872 illa,
3073 3808 3148 3862 ibi
3210 3806 3435 3862 omnino

1859 3909 2162 3972 contraria,
2221 3907 2626 3968 conventicula,
2674 3903 3079 3966 contentiones,
3127 3914 3438 3954 murmura-

1859 4006 2068 4067 tiones,
2092 4001 2300 4071 privata
2332 3999 2567 4070 peculia,
2618 4007 2802 4052 tumor
2835 3995 3004 4049 animi
3034 4013 3049 4062 ;
3083 3993 3266 4048 vitiosi
3301 3990 3434 4045 affe-

1860 4105 1980 4150 ctus
2026 4106 2138 4146 tum
2194 4107 2323 4164 erga
2376 4108 2435 4147 se
2490 4090 2745 4151 invicem,
2774 4098 2888 4142 tum
2938 4102 3063 4157 erga
3121 4095 3435 4148 extraneos,

1860 4189 1975 4243 sive
1999 4185 2068 4239 ob
2084 4185 2488 4255 cognationem,
2514 4183 2628 4238 sive
2677 4182 2748 4234 ob
2773 4180 2932 4233 aliam
2955 4176 3435 4232 necessitudinem.

1928 4278 2126 4334 Paucis
2161 4279 2344 4346 itaque
2372 4277 2550 4332 verbis
2569 4278 2682 4329 haec
2708 4273 2776 4328 de
2808 4273 2914 4328 isto
2937 4278 3261 4341 argumento
3287 4283 3438 4321 eom-

1860 4373 2090 4428 monitio
2119 4370 2199 4425 fit.
2232 4371 2345 4441 Ego
2391 4367 2612 4423 humilis
2654 4367 2907 4428 obsecro,
2937 4371 2996 4416 ut
3031 4376 3156 4415 cum
3191 4359 3438 4412 moribus

1861 4467 2127 4522 illibatam
2173 4461 2336 4517 ﬁdem
2394 4457 2678 4522 tueamini,
2727 4455 2879 4510 nullo
2916 4452 3082 4507 modo
3129 4449 3440 4505 communi-

1861 4568 2051 4614 cantes
2091 4551 2635 4610 Christomaehorum
2685 4547 2900 4613 haeresi,
2945 4559 3069 4615 qum
3110 4542 3244 4596 nihil
3276 4557 3304 4594 a
3343 4538 3440 4593 Ju-

1862 4652 2077 4707 daismo
2093 4649 2386 4715 discrepat,
2419 4644 2712 4699 salutarem
2735 4638 2936 4693 Christi
2964 4636 3432 4706 dispensationem

1863 4759 2090 4815 negans,
2123 4737 2357 4796 sublatis
2385 4752 2415 4792 e
2444 4736 2623 4791 medio
2653 4732 2978 4788 venerandis
3004 4729 3175 4799 ipsius
3207 4726 3438 4790 Christi,

1864 4849 1977 4895 tum
2013 4836 2278 4906 Deiparte,
2305 4831 2664 4897 omniumque
2705 4833 3019 4880 sanctorum
3056 4820 3385 4891 imaginibus
3423 4836 3437 4872 :

1864 4925 2306 5002 quandoquidem
2371 4923 2552 4990 imago
2612 4919 2756 4972 idem
2808 4925 2893 4970 est
2942 4929 3068 4969 eum
3130 4922 3440 4982 prototypo,

1867 5025 2074 5077 honore
2128 5026 2184 5074 et
2237 5015 2592 5071 adoratione:
2625 5010 2762 5065 utin
2807 5007 3018 5061 vivifica
3079 5006 3250 5074 ipsius
3280 5020 3444 5059 cruce

1862 5111 2150 5182 contingit,
2183 5118 2239 5164 et
2273 5109 2326 5162 in
2359 5105 2604 5177 ejusdem
2631 5102 2826 5172 elligie.
2860 5097 3040 5153 Nolite
3083 5099 3248 5168 igitur
3281 5096 3444 5150 Chri-

1864 5219 2010 5263 stum
2046 5217 2267 5273 negare,
2297 5201 2391 5272 qui
2446 5212 2606 5254 sacro
2640 5195 2830 5250 habitu
2855 5193 3133 5248 Christum
3169 5191 3399 5261 gestatis
3427 5209 3440 5244 :

1867 5315 1969 5355 nec
2011 5307 2287 5352 tantorum
2336 5293 2607 5355 laborum,
2642 5304 2780 5360 quos
2819 5296 3095 5342 transacto
3128 5285 3184 5338 in
3218 5282 3448 5350 virgini-

1869 5401 1980 5446 tate
2035 5405 2154 5444 aavo
2211 5388 2356 5442 intra
2405 5385 2642 5440 claustra
2708 5379 2980 5450 perfertis,
3009 5377 3135 5432 inde
3171 5376 3447 5446 jaetnram

1867 5483 2052 5544 facite,
2091 5481 2146 5535 in
2185 5477 2628 5534 adversariorum
2683 5481 2882 5538 castra,
2941 5470 3087 5542 quod
3126 5470 3211 5525 vel
3266 5469 3448 5522 dicere

1865 5576 1954 5630 vel
2003 5574 2245 5643 cogitare
2301 5568 2454 5625 nefas
2496 5577 2601 5631 est,
2637 5567 3084 5622 transvolantes:
3137 5562 3231 5617 sed
3284 5561 3450 5630 probe

1869 5669 2252 5740 intelligentes,
2280 5679 2382 5720 nec
2402 5677 2582 5718 mores
2608 5664 2727 5718 sine
2751 5670 2897 5716 recta
2926 5659 3053 5722 fide,
3104 5672 3202 5711 nec
3227 5669 3448 5708 rursum

1871 5761 2030 5818 fidem
2065 5759 2183 5817 sine
2229 5755 2432 5814 divinis
2459 5753 2738 5826 Operibus,
2781 5751 2976 5809 eﬂ‘erre
2998 5749 3232 5807 salutem
3265 5761 3443 5820 posse,
