3934 6482
469 438 607 499 1247
1650 431 1712 489 S.
1753 427 2072 488 THEODO‘

2194 425 2545 487 STUDITA!
3616 423 3754 486 1248

461 555 696 616 utraque
719 545 847 601 dote
875 542 1128 614 fulgeatis
1165 540 1234 596 ad
1272 539 1506 611 gloriam
1534 538 1652 600 Dei,
1680 538 1748 593 ad
1776 538 2040 593 Ecclesia:
2069 587 2072 597 ,

2180 535 2491 606 υγασμέναι
2537 534 2621 598 τίς
2664 532 2827 599 δόξαν
2865 532 3028 601 Θεοῦ,
3058 533 3142 597 είς
3174 532 3334 597 κλέος
3360 530 3470 604 τῆς
3507 533 3760 607 Ἐκκλη-

460 636 829 706 splendorem,
862 635 928 691 ad
953 633 1398 691 consecutionem
1419 641 1749 687 aeternorum
1774 630 2045 685 bonorum

2177 628 2295 693 πίας,
2319 630 2399 691 είς
2428 626 2706 694 ἐπίτευξιν
2735 626 2844 680 τῶν
2865 628 2923 682 ἐν
2950 628 3308 696 ἐπαγγελίαις
3336 626 3589 682 αίωνίων
3624 631 3765 699 ἀγα-

459 744 585 799 quaa
617 730 888 798 promissa
918 728 1049 783 sunt
1078 746 1092 781 ε
1124 736 1346 781 orantes
1384 723 1551 780 etiam
1597 737 1698 793 pro
1727 723 1888 779 nobis
1918 736 2048 793 pec-

2177 720 2261 774 tt'bv
2283 738 2299 753 ο
2318 719 2754 791 προσευχόμεναι
2784 720 2878 774 καὶ
2904 721 3033 791 περὶ
3062 720 3219 791 ήμῶν
3238 720 3351 774 τῶν
3379 721 3763 793 ἁμαρτωλῶν,

461 822 769 886 catoribus,
801 829 865 875 ut
888 820 1023 875 salvi
1063 820 1261 875 simus.

2177 815 2225 879 Tt;
2257 813 2325 869 ἂν
2356 811 2693 884 σωζοίμεθα.

907 953 1095 1010 XLIV.
1118 987 1189 999 -—
1210 953 1449 1010 Simeoni
1471 953 1610 1024 ﬁlio.

2563 952 2696 1007 MA'.
2722 982 2793 994 —
2823 951 3070 1022 Συμεὼν
3091 950 3300 1017 τέκνῳ.
3342 949 3540 1023 [τκζ’.]

873 1070 994 1121 Cum
1014 1068 1126 1119 aliis
1146 1082 1326 1119 novem
1354 1068 1556 1131 latenti,
1583 1069 1648 1119 de
1680 1070 1746 1120 iis
1767 1066 1853 1131 qui
1872 1067 2108 1130 martyrio
2134 1081 2191 1119 se
2214 1066 2309 1132 ipsi
2334 1066 2593 1131 objiciunt.
2630 1069 2830 1132 (Baron.
2858 1081 2938 1119 an.
2970 1068 3083 1130 818,
3116 1082 3169 1118 n.
3194 1067 3299 1130 18.)

540 1176 678 1232 Sero
718 1177 962 1246 quidem,
1005 1176 1103 1230 sed
1146 1187 1330 1229 tamen
1385 1176 1599 1231 litteras
1658 1186 1783 1230 tuas
1844 1175 2053 1245 accepi,

2246 1175 2374 1245 Ὀψὲ
2409 1174 2529 1245 μὲν,
2564 1177 2715 1247 ὅμως
2744 1174 3015 1245 ἐδεξάμην
3043 1173 3115 1226 τά
3142 1172 3460 1243 ἀντίγραφά
3508 1187 3639 1236 σου,
3680 1171 3767 1225 τέ-

468 1271 567 1335 fili,
602 1280 656 1325 et
703 1269 912 1341 gratias
964 1269 1051 1339 egi
1098 1267 1333 1322 Domino
1385 1277 1500 1322 tum
1555 1268 1626 1323 ob
1676 1267 2054 1323 defensionem

2177 1282 2289 1318 ιινον
2314 1282 2330 1297 ο
2360 1266 2863 1337 καὶ¹ηὺχαρίστησα
2898 1265 2979 1335 τῷ
3016 1264 3210 1337 Κυρίῳ
3241 1265 3335 1318 ἐπὶ
3372 1266 3441 1334 τῇ
3487 1264 3771 1336 ἀπολογίᾳ

468 1373 644 1427 tuam,
679 1370 794 1415 tum
830 1362 902 1414 ob
948 1360 1230 1415 solertiam
1267 1368 1322 1413 et
1370 1375 1560 1414 curam
1591 1375 1698 1430 qua
1734 1369 1813 1413 tot
1856 1359 2057 1415 fratres

2177 1374 2281 1417 που,
2311 1360 2378 1429 τῇ
2409 1374 2470 1410 τε
2502 1357 2718 1434 συνέσει
2747 1357 2842 1411 καὶ
2869 1355 3124 1411 διασώσει
3152 1373 3166 1388 ·
3205 1356 3399 1427 ὅτιπερ
3430 1356 3536 1409 καὶ
3570 1358 3769 1410 roso-5-

468 1463 620 1508 tutos
671 1462 899 1523 prtestas
947 1453 1016 1506 ab
1066 1452 1456 1506 haereticorum
1510 1452 1745 1522 laqueis.
1794 1452 1889 1521 qui
1947 1466 2056 1506 non

2177 1468 2292 1514 τους
2327 1450 2602 1520 ἀδελφοὺς
2617 1451 2761 1522 ἔχεις
2799 1448 3276 1521 συνδιαφυλάττων
3310 1450 3420 1503 ἀπὸ
3450 1450 3559 1517 τῆς
3592 1450 3771 1520 θήρας

467 1560 701 1614 corpora
759 1544 853 1599 sed
911 1543 1127 1597 animos
1183 1542 1504 1611 discerpunt
1560 1562 1573 1597 :
1634 1558 1950 1613 quanquam
2005 1551 2059 1597 et

2177 1543 2274 1597 ιῶν
2306 1544 2711 1615 αίρετιζόντων,
2746 1544 2840 1597 καὶ.
2871 1543 2934 1614 ού
2978 1544 3207 1614 σάρκας,
3231 1540 3367 1597 ἀλλά
3408 1542 3601 1614 ψυχὰς
3627 1560 3771 1596 σπα-

471 1653 705 1707 corpora
733 1678 748 1703 ,
804 1636 982 1706 plagis
1031 1635 1414 1704 mortibusque
1460 1634 1646 1690 illatis.
1702 1634 1835 1690 Esto
1880 1644 2062 1691 mente

2177 1637 2481 1709 ρασσόντων
2501 1653 2515 1667 ·
2551 1637 2692 1709 πλὴν
2718 1638 2801 1691 ὅτι
2830 1637 2927 1692 καὶ
2962 1634 3213 1708 σώματα,
3247 1635 3316 1690 δι’
3336 1629 3414 1690 ὧν
3436 1637 3772 1709 ἐπιφέρουσι

476 1732 712 1800 integra,
752 1730 827 1783 lili
868 1729 942 1782 mi
975 1728 1193 1791 dilecte,
1234 1737 1492 1783 strenuus
1523 1738 1662 1791 esto,
1700 1727 1894 1783 fratres
1933 1736 2060 1784 tuos

472 1839 622 1894 rege.
671 1823 759 1878 fac
804 1838 929 1878 esse
980 1837 1079 1877 eos
1130 1822 1315 1875 animo
1359 1821 1554 1879 alacri.
1600 1836 1723 1891 quae
1774 1820 2060 1875 veritatem

472 1919 707 1971 attinent
756 1915 975 1981 exhibe,
1028 1914 1099 1969 ad
1150 1916 1473 1986 martyrium
1533 1913 1771 1984 impelle.
1820 1913 2062 1983 Tempus

474 2006 620 2059 enim
643 2005 694 2058 id
724 2006 1003 2074 postulat:
1028 2021 1344 2075 quanquam
1369 2006 1515 2075 iuste
1538 2006 1777 2059 latebras
1802 2006 2059 2076 petiistis.

474 2095 757 2165 Projicere
787 2098 934 2150 enim
974 2097 1215 2166 seipsum
1266 2097 1320 2151 in
1359 2098 1744 2162 tentationem,
1794 2098 2062 2166 quemad-

476 2188 702 2243 modum
740 2196 801 2241 ut
829 2188 1107 2244 docereris
1151 2191 1376 2259 rOgasti,
1412 2189 1544 2243 illud
1580 2200 1687 2255 est,
1725 2190 1927 2260 impelli
1962 2205 2063 2245 sua

476 2290 677 2350 sponte
707 2296 1066 2351 quemquam,
1110 2292 1168 2335 ut
1201 2298 1261 2337 se
1301 2284 1417 2352 ipse
1450 2282 1900 2339 interfectoribus
1928 2297 2064 2354 pro-

476 2375 591 2430 dat.
624 2373 783 2441 Quod
827 2375 869 2428 si
916 2384 1142 2431 sanctus
1190 2374 1451 2442 Gordius,
1504 2376 1964 2446 quemadmodum
2011 2383 2067 2431 et

478 2466 572 2519 alii
617 2466 864 2519 nonnulli
900 2481 931 2521 e
971 2467 1329 2536 martyribus,
1374 2468 1621 2523 obtulere
1650 2468 1796 2523 ultro
1828 2482 1949 2523 sese
1974 2467 2064 2533 ";

478 2560 562 2615 sic
594 2570 902 2630 temporum
930 2560 1070 2614 ratio
1096 2561 1355 2630 poscebat
1382 2579 1394 2614 :
1425 2562 1666 2623 nemine,
1695 2569 1757 2615 ut
1784 2560 1864 2625 ﬁt,
1897 2560 2067 2615 libere

481 2652 772 2721 loquente,
812 2662 866 2707 et
902 2653 1283 2708 vehementius
1328 2653 1725 2709 exardescente
1766 2653 2064 2722 impietate.

477 2741 692 2797 Deinde
724 2743 806 2797 illi
836 2753 890 2797 et
926 2758 1065 2813 puro
1097 2744 1264 2798 corde
1300 2741 1469 2797 Deum
1500 2743 1685 2797 intuiti
1715 2742 1883 2807 clare,
1920 2751 1976 2796 et
1998 2742 2069 2797 ab

479 2833 672 2887 eodem
697 2834 933 2889 incitati.
958 2834 1096 2888 Nam
1121 2844 1177 2887 et
1201 2849 1432 2904 magnus
1456 2831 1773 2888 Praecursor
1795 2832 2070 2903 intrepido

2163 1729 2387 1800 πληγῶν
2438 1729 2533 1783 καὶ
2586 1729 2853 1784 θανάτων.
2896 1728 3157 1799 Ὑγίαινε,
3196 1727 3279 1782 υίέ
3328 1715 3434 1798 pou
3478 1728 3769 1798 ἀγαπητὲ,

2162 1821 2443 1891 ἁρίστευε,
2504 1821 2642 1894 ἡγοῦ
2698 1821 2811 1876 τῶν
2862 1821 3109 1892 ἀδελφῶν
3160 1838 3277 1884 σου,
3331 1822 3771 1893 προθυμοποίει,

2163 1915 2531 1986 παραδείκνυε
2555 1915 2625 1969 τά
2656 1916 2756 1986 τῆς
2787 1914 3069 1984 ἀληθείας,
3106 1913 3400 1985 παράθηγε
3432 1917 3517 1977 είς
3553 1931 3774 1985 μαρτυ-

2166 2007 2309 2077 ρίαν.
2355 2008 2413 2061 Ὀ
2439 2008 2550 2077 γὰρ
2596 2009 2790 2079 καιρὸς
2817 2006 3091 2073 τοιοῦτος·
3120 2008 3227 2063 κᾶν
3258 2008 3652 2078 ὑποκρύϐεσθε
3682 2010 3773 2060 ἐν·

2164 2101 2367 2169 νόμως.
2395 2101 2470 2155 Τὸ
2506 2100 2618 2172 γὰρ
2644 2101 2934 2174 ἐπιρρίψαι
2956 2102 3148 2156 ἑαυτὸν
3177 2104 3235 2154 ἐν
3265 2102 3593 2173 πειρασμῷ,
3626 2101 3775 2155 καθά

2164 2195 2439 2266 ἐζήτησας
2470 2194 2687 2265 μαθεῖν,
2727 2193 2885 2248 τοῦτό
2918 2195 3055 2257 ἐστι,
3092 2194 3155 2247 τὸ
3182 2194 3276 2263 ἀφ’
3307 2193 3507 2247 ἑαυτοῦ
3536 2194 3775 2265 κινηθῆ-

2164 2285 2254 2339 ναί
2279 2302 2425 2349 τινα,
2466 2285 2561 2338 καὶ
2590 2285 2906 2356 φανερῶσαι
2932 2281 3127 2339 ἑαυτὸν
3158 2286 3273 2350 τοῖς
3309 2283 3662 2353 φονεύουσιν.
3710 2285 3776 2337 El

2163 2376 2224 2431 δέ
2275 2376 2357 2431 δτι
2394 2378 2424 2430 ὁ
2471 2376 2625 2445 ᾶγιος
2655 2376 2898 2448 Γόρδιος,
2928 2375 3120 2446 ῶσπερ
3153 2377 3249 2430 καί
3283 2394 3432 2441 τινες
3465 2376 3623 2431 ἄλλοι
3660 2377 3775 2429 τῶν

2171 2467 2487 2539 μαρτύρων,
2517 2467 2842 2541 αὐτόκλητοι
2866 2462 3022 2539 ἧκον·
3050 2469 3080 2521 ὁ
3108 2469 3311 2543 τρόπος
3337 2467 3517 2531 οὕτως
3541 2467 3774 2538 ἀπῄτειθ

2165 2560 2381 2622 οὐδενὸς
2409 2559 2487 2623 ὡς
2518 2560 2677 2631 ἔτυχε
2710 2561 3251 2633 παρρησιαζομένου,
3283 2565 3380 2615 καλ⁸
3409 2559 3777 2627 ἀναπτούσης

2167 2653 2269 2722 τῆς
2300 2653 2490 2718 ἀθεῖας
2513 2654 2892 2727 σφοδρότερον.
2934 2655 3168 2709 Ἔπειτα
3192 2655 3286 2709 καὶ
3316 2653 3543 2726 καθαρᾷ
3575 2656 3779 2726 καρδίᾳ

2169 2742 2305 2797 Θεὸν
2353 2744 2831 2816 ἐνοπτρισάμενοι,
2882 2745 2977 2799 καὶ
3040 2746 3180 2815 πρὸς
3232 2742 3398 2797 αὑτοῦ
3451 2745 3776 2815 νυχθέντεξ.

2182 2828 2342 2889 Ἐπεὶ
2372 2836 2467 2890 καὶ
2504 2836 2535 2890 ὁ
2566 2836 2740 2909 μέγας
2782 2836 3098 2908 Πρόδρομος
3129 2833 3530 2905 ῥιψοκινδύνως
3577 2834 3777 2906 ἤλεγξε

481 2925 667 2979 animo
734 2922 1003 2980 Herodem
1070 2924 1345 2996 coarguit.
1406 2924 1716 2980 Novissime
1778 2939 1911 2979 vero
1974 2922 2068 2979 Dei

2177 2928 2264 2983 τὸν
2297 2927 2567 3001 Ἡρώδην.
2599 2931 2761 3001 Ἀρτι
2788 2930 2846 2983 δὲ
2875 2927 3064 2980 πολλοὶ
3085 2927 3269 2999 χάριτι
3298 2924 3439 2980 Θεοῦ
3471 2927 3779 2995 ἐνιστάμε-

482 3015 747 3071 benelieio
774 3016 1024 3070 restitere
1051 3016 1207 3069 multi
1231 3023 1287 3069 et
1311 3015 1632 3086 martyrium
1657 3018 2060 3071 sustinuerunt.

480 3106 648 3163 Nefas
702 3107 908 3178 alioqui
966 3108 1018 3161 in
1074 3108 1317 3177 pericula
1370 3124 1492 3164 sese
1550 3107 1774 3165 inferre.
1830 3108 2065 3166 Gavisus

483 3210 669 3255 autem
702 3216 822 3256 sum
867 3200 1243 3267 vehementer,
1274 3201 1421 3271 quod
1458 3202 1641 3257 caeteri
1667 3211 1845 3257 tecum
1878 3201 2068 3258 Patres

484 3294 844 3363 conspirant,
880 3292 1124 3360 Quorum
1170 3296 1387 3349 nomina
1421 3304 1544 3349 sunt
1587 3296 1641 3349 in
1677 3295 1811 3348 libro
1841 3295 2023 3350 vita"
2051 3337 2065 3351 .

483 3402 627 3457 quos
670 3396 726 3440 et
779 3402 875 3456 per
921 3396 972 3441 te
1009 3388 1223 3452 saluto,
1266 3403 1502 3457 quorum
1559 3387 1766 3441 sanctis
1814 3388 2070 3457 precibus

484 3495 620 3551 egeo
650 3478 721 3534 ad
760 3480 957 3534 salutis
1006 3478 1335 3533 subsidium.
1371 3478 1543 3533 Valde
1576 3492 1666 3533 me
1709 3477 1884 3548 juvat,
1922 3477 2070 3547 quod

485 3574 556 3629 ab
590 3571 825 3644 Hypatio
856 3570 1026 3626 fratre
1073 3571 1199 3625 honi
1241 3571 1445 3640 aliquid
1482 3571 1817 3637 impetraris.
1845 3567 2070 3624 Fratres

483 3669 542 3722 in
574 3667 838 3738 angustiis
875 3665 1363 3734 comprobentur",
1413 3673 1476 3719 ut
1508 3680 1681 3719 sacra:
1723 3666 1937 3735 pagina:
1975 3663 2074 3718 ad-

490 3770 738 3816 monent.
792 3760 839 3813 A
893 3770 1083 3813 nostra
1132 3758 1280 3813 enim
1335 3759 1605 3813 tenuitate
1660 3758 1807 3812 nulla
1864 3758 2074 3811 utilitas

487 3854 749 3923 cuiquam
781 3860 912 3908 est:
959 3867 1276 3921 quanquam
1312 3852 1430 3921 ipse
1471 3852 1538 3905 de
1581 3851 1742 3906 nobis
1788 3849 2076 3919 magniﬁce

486 3947 732 4017 loqueris
760 3960 829 4000 ex
858 3944 1150 4001 charitate.
1191 3943 1463 4010 Quoniam
1493 3957 1624 3997 vero
1658 3951 1713 3997 et
1742 3942 2075 3998 catechesim

486 4037 693 4109 rogasti
745 4051 910 4107 quam
958 4035 1125 4090 habui
1178 4036 1245 4089 ad
1292 4034 1583 4089 universos
1628 4032 1849 4099 fratres,
1901 4048 2078 4105 nuper

488 4133 558 4186 ad
602 4139 655 4186 te
694 4129 844 4185 misi.
880 4127 963 4184 Tu
1013 4128 1148 4183 mihi
1200 4144 1365 4199 porro
1393 4128 1616 4183 assidua
1645 4142 1806 4197 prece
1844 4128 2074 4183 salutem

487 4240 678 4280 exora.
705 4224 906 4294 Accepi
938 4223 1198 4294 poculum
1229 4237 1501 4293 servoque
1527 4230 1586 4276 ut
1615 4222 1687 4276 sit
1711 4221 1873 4276 obvia
1902 4221 2077 4292 magis

2165 3039 2246 3076 νοι
2267 3023 2361 3075 καὶ
2387 3020 2795 3094 μαρτυροῦντες
2816 3036 2830 3051 ο
2861 3018 2959 3073 καὶ
2978 3019 3080 3073 οὐκ
3104 3019 3333 3084 ἔννομον
3356 3017 3419 3072 τὸ
3450 3018 3777 3090 ἐπιρρίψαι.

2179 3113 2415 3183 Ἐχάρην
2440 3113 2497 3165 δὲ
2523 3112 2645 3165 λίαν
2678 3112 2760 3165 ὅτι
2794 3110 2890 3164 καὶ
2928 3110 3111 3181 ἕτεροι
3145 3109 3398 3177 Πατέρες
3427 3108 3771 3179 συμπνέουσ-

2169 3222 2272 3270 σοι,
2301 3198 2411 3260 Ὦν
2441 3203 2516 3258 τὰ
2542 3204 2805 3273 ὀνόματα
2837 3203 2907 3257 ἐν
2927 3202 3125 3270 ,ϐίϐλῳ
3152 3199 3321 3270 ζωῆς·
3355 3199 3455 3265 οὓς
3481 3200 3581 3255 καὶ
3610 3216 3779 3270 προσ-

2168 3296 2421 3369 αγορεύω
2457 3296 2546 3350 διὰ
2578 3295 2697 3361 σοῦ,
2740 3296 2834 3349 καὶ
2863 3295 3131 3366 δεδέημαι
3171 3293 3283 3346 τῶν
3312 3292 3493 3360 ἁγίων
3532 3310 3779 3364 προσευ-

2169 3390 2280 3462 χῶν
2314 3391 2393 3454 είς
2426 3390 2753 3460 ἐπικουρίαν
2781 3389 3082 3459 σωτηρίας.
3116 3385 3347 3456 Ὄφελον
3374 3386 3460 3443 ὅτι
3487 3387 3647 3457 παρὰ
3679 3386 3778 3439 τοῦ

2171 3480 2404 3553 ἀδελφοῦ
2444 3481 2709 3535 ’Υπατίου
2738 3474 2897 3550 εὖρές
2930 3497 2986 3533 τι
3008 3478 3119 3534 τῶν
3147 3479 3353 3536 καλῶν.
3396 3479 3677 3550 Ἀδελφοί
3709 3481 3780 3533 ἐν

2172 3576 2464 3647 ἀνάγκαις
2488 3578 2770 3632 ἔστωσαν
2805 3573 3127 3645 χρήσιμον
3171 3577 3208 3647 ἡ
3237 3574 3432 3649 Γρατρὴ
3477 3573 3778 3643 ἐγκελεύε-

2174 3689 2286 3726 ται.
2319 3670 2481 3742 Παρὰ
2516 3671 2626 3742 γάρ
2650 3669 2749 3739 τῆς
2778 3670 2919 3741 ἐμῆς
2948 3668 3335 3732 ταπεινώσεως
3354 3668 3514 3721 οὐδὲν
3535 3668 3735 3736 ὄφελος
3756 3681 3775 3696 ⁸

2175 3763 2283 3817 κᾶν
2324 3762 2488 3826 αὐτὸς
2532 3763 2885 3833 μεγαλαυχῇς
2932 3762 3082 3833 ἡμᾶς
3131 3763 3190 3829 ἐξ
3226 3762 3473 3830 ἀγάπης.
3516 3758 3679 3812 Ἐπεὶ
3720 3758 3778 3811 δὲ

2176 3854 2451 3927 ἐζήτησας
2481 3854 2578 3909 καὶ
2611 3855 2942 3927 κατήχησιν,
2965 3854 3035 3927 ἣν
3064 3853 3203 3925 πρὸς
3230 3853 3445 3915 πάντας
3468 3852 3600 3915 τοὺς
3627 3851 3777 3907 ἀδελ·

2178 3949 2314 4019 φοὺς
2362 3947 2615 4017 ἐποίησα,
2653 3948 2781 4016 ἄρτι
2823 3946 3113 4001 ἐπέστειλα
3162 3945 3259 3999 καὶ
3291 3946 3428 4016 πρός
3462 3960 3548 3997 σε.
3592 3943 3669 3997 Σύ
3718 3959 3778 3996 τε

2180 4038 2883 4112 προσεύχουάδιαλείπτως
2927 4038 3027 4110 τὴν
3081 4035 3358 4108 σωτηρίαν
3392 4053 3507 4107 μοι.
3555 4036 3632 4089 Τὸ
3662 4051 3780 4087 κισ-

2186 4132 2374 4185 σύϐιον
2422 4132 2736 4204 ἐδεξάμην
2783 4136 2877 4185 καὶ
2908 4130 3049 4184 ἔστω
3098 4146 3193 4183 σου
3247 4131 3330 4193 είς
3360 4129 3781 4201 ἐναργεστέραν

2188 4227 2433 4297 μνήμην.
2481 4226 2593 4296 Τὴν
2620 4224 2843 4278 ἐννεάδα
2868 4222 2975 4277 τῶν
3008 4221 3258 4292 ἀδελφῶν
3286 4239 3389 4292 μου
3420 4224 3523 4276 καὶ
3566 4222 3779 4275 τέκνων

488 4319 572 4374 tui
634 4317 967 4381 recordatio.
1035 4314 1243 4371 Novem
1316 4314 1515 4371 fratres
1589 4330 1744 4370 meos
1819 4314 2072 4385 ﬁliosque

2182 4317 2610 4389 προσαγορεύω,
2681 4316 2915 4371 πλεῖστα
2979 4315 3236 4387 δεόμενος
3285 4314 3382 4370 καὶ
3428 4317 3531 4385 τῆς
3585 4314 3779 4384 εὐχῆς.

491 4410 709 4467 salvere
738 4409 932 4479 jubeo,
989 4408 1150 4464 enixe
1202 4423 1391 4477 preces
1442 4407 1767 4478 implorans.
1818 4405 2078 4463 Nicolaus

491 4505 661 4560 frater
708 4506 805 4575 qui
840 4517 1053 4558 mecum
1085 4511 1173 4556 est
1216 4500 1479 4566 inclusus,
1518 4500 1619 4554 tibi
1660 4516 1787 4555 cum
1818 4500 2079 4557 omnibus

490 4597 727 4653 salutem
763 4596 915 4652 dicit.
948 4594 1135 4650 Gratia
1168 4593 1477 4647 vobiscum.
1510 4592 1706 4647 Amen.

871 4729 1034 4788 XLV.
1057 4760 1131 4771 —
1152 4729 1356 4785 Basilio
1388 4729 1689 4798 prwposito.

2192 4409 2253 4463 Ὀ
2308 4409 2538 4478 ἀδελφὸς
2601 4408 2871 4471 Νικόλαος
2925 4408 2955 4461 ὁ
2997 4408 3097 4461 σὺν
3140 4405 3265 4472 ἐμοὶ
3316 4406 3779 4475 ἐγκεκλεισμένος

2181 4500 2581 4573 προσαγορεύει
2635 4518 2698 4554 σε
2751 4502 2850 4555 σὺν
2894 4501 3081 4555 πᾶσιν.
3138 4499 3203 4554 Ἦ
3233 4498 3395 4571 χάρις
3445 4498 3571 4569 μεθ’
3599 4497 3777 4568 ὑμῶν.

2194 4592 2387 4663 Ἀμήν.

2457 4728 2594 4785 ME'.
2626 4758 2695 4769 —
2717 4731 3016 4795 Βασιλείᾳ)
3051 4727 3383 4799 ἡγουμένῳ.
3403 4724 3600 4800 [τλς’.]

1109 4846 1190 4899 De
1211 4844 1515 4907 recipiendis
1536 4842 1685 4907 lapsis
1706 4845 1873 4907 deque
1900 4857 2077 4896 eorum
2101 4848 2423 4910 pcenitentia.
2450 4847 2652 4910 (Baron.
2686 4860 2765 4896 an.
2798 4845 2910 4905 816,
2934 4859 2985 4895 n.
3008 4842 3112 4906 19.)

563 4953 793 5009 Brevem
825 4951 1119 5024 epistolam
1165 4961 1337 5015 tuam,
1372 4949 1535 5005 Pater
1566 4960 1776 5011 sancte,
1823 4951 1925 5021 legi
1958 4966 2083 5006 cum

494 5049 781 5116 voluptate
815 5046 1079 5116 tanquam
1109 5060 1177 5100 ex
1211 5060 1349 5114 puro
1382 5044 1552 5099 corde
1598 5042 1897 5112 profectam
1928 5062 1944 5099 :
1985 5061 2087 5101 nec

497 5141 753 5196 laudibus
808 5148 994 5194 tamen
1043 5138 1348 5194 delectatus
1392 5152 1555 5204 sum,
1613 5137 1817 5208 quippe
1893 5152 2090 5208 expers

496 5248 692 5289 earum
740 5247 881 5303 quas
926 5230 1398 5286 commemorasti.
1451 5228 1556 5285 Sed
1615 5239 1695 5293 tu,
1750 5230 1796 5285 si
1844 5229 1921 5285 ita
1983 5231 2087 5294 vis,

497 5324 685 5397 potius
728 5340 828 5380 ora
878 5333 940 5379 ut
982 5333 1196 5394 partem
1252 5339 1317 5378 ac
1369 5331 1575 5378 statum
1632 5331 1784 5377 tuum
1840 5322 2091 5393 proxime

498 5418 787 5489 attingam.
834 5416 946 5472 Sed
992 5418 1095 5473 hac
1138 5418 1207 5472 de
1255 5432 1316 5471 re
1348 5416 1633 5470 hactenus.
1671 5413 1892 5471 Utinam
1932 5430 2082 5481 vero,

499 5510 967 5581 quemadmodum
999 5510 1103 5575 ais,
1158 5508 1312 5563 utilis
1353 5506 1464 5562 Deo
1512 5508 1585 5562 sit
1628 5506 1846 5578 Hypatii
1895 5506 2085 5563 fratris

499 5616 690 5671 opera,
727 5601 1027 5656 alteriusve
1060 5600 1357 5670 cujuslibet
1384 5613 1576 5653 eorum
1615 5599 1709 5668 qui
1753 5598 2036 5653 decertant
2067 5615 2084 5653 :

503 5703 564 5751 ut
586 5693 669 5747 vel
695 5708 788 5763 per
810 5694 960 5763 ipsos
989 5696 1289 5748 habeamus
1318 5701 1372 5746 et
1397 5704 1499 5746 nos
1528 5691 1761 5746 humiles
1786 5690 2082 5761 propitium

503 5786 739 5839 Numen.
777 5784 1136 5856 interrogatio
1161 5785 1229 5839 de
1254 5783 1339 5837 his
1374 5781 1469 5852 qui
1500 5781 1739 5851 prolapsi
1768 5792 1896 5837 sunt
1926 5782 1979 5836 in
2020 5797 2085 5836 ea

575 5903 623 5936 ³³
660 5902 824 5961 Basil.
857 5903 1016 5959 Hom.
1053 5904 1109 5959 in
1144 5902 1203 5959 S.
1243 5903 1504 5959 Gordium
1543 5909 1861 5971 martyrem.
1937 5900 1983 5933 "
2022 5898 2256 5970 Philipp.
2280 5915 2352 5968 tv,
2382 5899 2435 5954 5.

2266 4954 2473 5018 Ἡδέως
2514 4970 2609 5007 σου
2646 4953 2891 5021 ἀνέγνων
2935 4951 3000 5006 τὸ
3029 4950 3439 5021 γραμματεῖον,
3490 4943 3540 5004 ὦ
3577 4950 3777 5023 πατρό-

2183 5067 2282 5120 της
2306 5048 2459 5116 ἁγία,
2485 5047 2561 5110 ὡς
2577 5048 2685 5101 ἀπὸ
2714 5045 2945 5116 καρδίας
2967 5045 3214 5117 καθαρᾶς
3236 5060 3573 5115 προσενηνεγ
3591 5046 3772 5115 μένονο

2183 5143 2245 5195 ού
2273 5142 2379 5212 μὴν
2412 5140 2470 5194 ὲν
2499 5143 2613 5203 τοῖς
2640 5141 2885 5203 ἐπαίνοις
2922 5139 3119 5210 ἥσθην,
3146 5140 3221 5203 ὡς
3265 5138 3417 5205 ξένος
3465 5139 3581 5192 τῶν
3621 5137 3776 5190 λελε-

2185 5230 2426 5300 γμένων.
2481 5229 2621 5283 Ἀλλ’
2655 5228 2841 5294 αὐτὸς,
2874 5231 2924 5283 εί
2970 5229 3171 5300 βούλει,
3218 5228 3419 5299 μᾶλλον
3469 5230 3775 5299 προσεύχου

2184 5323 2288 5393 τῆς
2343 5323 2562 5393 μερίδος
2611 5323 2706 5377 καὶ
2740 5322 2985 5387 στάσεώς
3017 5340 3111 5376 σου
3155 5322 3392 5393 ἐγγύθεν
3423 5322 3772 5393 παραθίγειν.

2189 5415 2360 5470 Τοῦτο
2392 5415 2495 5486 μὲν
2522 5414 2784 5471 τοιοῦτον.
2814 5413 2915 5486 Εῐη
2939 5415 2994 5470 δὲ
3018 5416 3161 5488 κατά
3186 5416 3246 5469 τὸ
3276 5414 3431 5486 ῥῆμά
3456 5432 3553 5468 σου
3588 5432 3777 5487 χρησι-

2192 5508 2380 5580 μεύειν
2408 5506 2486 5578 τῷ
2524 5507 2645 5579 Θεῷ
2688 5507 2950 5562 Ὑπάτιόν
2978 5525 3038 5561 τε
3064 5508 3157 5561 τὸν
3185 5506 3437 5576 ἀδελφὸν,
3470 5508 3567 5562 καὶ
3596 5510 3775 5562 ὅντινα

2189 5601 2350 5656 ἄλλον
2390 5601 2500 5654 τῶν
2536 5600 2935 5655 ἐναθλούντωνο
2967 5601 3043 5665 ώς
3076 5602 3142 5655 ἂν
3186 5600 3253 5655 δι’
3276 5601 3460 5655 αὐτῶν
3508 5602 3774 5673 σχοίημεν

2192 5695 2289 5746 καὶ
2319 5695 2482 5764 ἡμεῖς
2507 5694 2557 5745 οί
2579 5693 2825 5746 ταπεινοὶ
2848 5693 3078 5763 εὐμενὲς
3099 5692 3159 5747 τὸ
3186 5693 3362 5747 Θείον.
3396 5693 3473 5746 Τὸ
3510 5692 3771 5763 ἐρώτημα

2190 5783 2301 5835 τῶν
2331 5784 2693 5855 ἐμπαρέντων
2742 5786 2799 5835 ἐν
2844 5786 2956 5847 τοῖς
2981 5785 3124 5839 κατά
3150 5783 3311 5854 φύσιν
3354 5784 3386 5855 ἢ
3432 5786 3587 5855 παρὰ
3614 5782 3771 5853 φύσιν

2514 5899 2557 5930 ’⁷
2599 5895 2759 5953 Prov.
2798 5914 2931 5964 xvu,
2970 5898 3057 5952 17.
