3934 6442
514 388 647 455 1251

1705 397 1772 459 S.
1801 397 2199 460 THEODORI
2225 400 2579 464 STUDITIE

3668 409 3790 475 19.52

509 508 667 576 Quod
696 522 827 563 vero
860 515 912 562 te
956 523 1065 563 una
1103 524 1228 563 cum
1270 508 1578 566 textoribus
1627 510 2078 580 adnumerarunt,

2191 515 2483 589 θαυμάσῃς
2515 533 2530 551 ο
2559 516 2784 572 τοιαῦτα
2818 518 2928 590 γὰρ
2950 520 3067 583 τοῖς
3096 516 3309 588 ἁγίοις·
3350 520 3553 576 ἔπειτα
3583 523 3678 577 ὅτι
3708 526 3791 577 καὶ

512 612 771 672 tanquam
829 603 973 671 regis
1030 603 1400 672 mancipium,
1444 603 1634 659 desine
1665 606 1859 660 mirari
1895 625 1910 661 :
1970 622 2100 662 nam

511 694 639 747 talia
699 695 903 747 sanctis
966 695 1335 764 contingunt:
1403 694 1598 750 deinde
1649 697 1733 750 vel
1765 697 1918 753 inviti
1971 711 2103 753 vere

510 784 865 836 ostenderunt
890 784 1115 845 mundo,
1136 796 1186 838 te
1210 783 1475 838 famulum
1507 800 1629 841 esse
1653 788 1798 856 regis
1822 789 2097 855 cmlestis,

511 876 820 943 exemplum
872 875 1110 930 obeundi
1160 892 1258 945 pro
1306 878 1415 931 Deo
1476 878 1767 947 martyrii,
1800 881 2099 950 reprelien-

510 982 689 1020 sorein
751 968 1070 1036 impietatis.
1128 968 1317 1038 Itaque
1347 980 1429 1023 sta
1482 968 1614 1024 forti
1646 970 1854 1032 animo,
1886 970 2097 1026 Christi

510 1059 666 1113 miles
695 1077 707 1111 :
743 1074 861 1113 esm
887 1076 947 1114 ex
978 1061 1126 1114 omni
1156 1071 1309 1129 parte
1339 1071 1596 1117 strenuus
1628 1080 1641 1116 :
1675 1062 1889 1118 Labora
1915 1080 1933 1119 :
1965 1080 2098 1130 opus

508 1148 595 1217 fa;
620 1150 953 1219 evangelista;
971 1152 1052 1215 ³⁸;
1087 1151 1493 1206 confessionem
1542 1162 1691 1207 tuam
1723 1153 1889 1223 imple
1921 1196 1935 1208 .
1970 1168 2096 1209 cum

507 1240 678 1294 Denm
717 1243 930 1296 occulte
982 1244 1187 1297 habeas
1232 1243 1579 1312 adjutorem;
1625 1246 1911 1299 custodem
1966 1246 2093 1300 vita:

506 1343 611 1386 tute
645 1335 919 1402 angelum,
958 1337 1050 1403 qui
1088 1346 1138 1389 te
1166 1346 1339 1390 totum
1363 1338 1762 1406 complectatur
1792 1352 1857 1392 ac
1886 1336 2092 1404 foveat,

504 1426 597 1495 qui
630 1428 694 1481 de
743 1436 795 1482 te
835 1427 990 1481 valde
1025 1428 1264 1491 laetetur.
1302 1431 1396 1500 qui
1418 1445 1621 1509 (preces
1653 1439 1779 1485 tuas
1813 1428 1882 1483 ad
1916 1431 2091 1484 Deum

503 1518 716 1572 deferat
751 1520 805 1573 in
843 1521 1071 1576 odorem
1124 1522 1433 1587 suavitatis,
1472 1523 1525 1576 in
1571 1523 1773 1593 quibus
1819 1531 1875 1577 et
1914 1523 2090 1579 nostri

503 1623 798 1676 memento,
852 1614 948 1683 qui
1002 1615 1253 1683 quamvis
1310 1625 1630 1685 peccatores
1679 1616 1977 1687 plurimum
2034 1629 2088 1672 te

502 1719 772 1758 amamus.

968 1815 1180 1871 XLVII.
1211 1850 1281 1860 —
1310 1818 1625 1889 Prteposito.

2208 607 2282 679 μὴ
2311 607 2647 679 βουλόμενοι,
2678 610 2753 674 ὡς
2782 610 3000 682 ἀληθῶς
3030 611 3317 677 ὑπέδειξαν
3338 613 3418 683 τῷ
3444 614 3655 685 κόσμῳ
3688 616 3793 669 δοῦ‹

2203 698 2294 752 λόν
2340 717 2399 753 σε
2437 696 2575 754 εἶναι
2622 701 2716 754 τοῦ
2760 702 3024 771 βασιλέως
3065 704 3173 757 τῶν
3206 705 3472 777 οὐρανῶν,
3528 706 3791 782 ἔνδειγμα

2207 792 2510 862 μαρτυρίας
2543 792 2703 856 Θεοῦ,
2735 793 2957 863 ἔλεγχον
2986 795 3263 859 ἀσεϐείας.
3300 797 3469 867 Στῆθι
3512 799 3638 865 οὖν,
3676 818 3790 869 γεν-

2202 882 2319 932 ναῖε
2348 882 2654 950 στρατιῶτα
2703 885 2939 954 Χριστοῦ
2966 901 2981 917 ’
3017 886 3336 956 ἀρίστευσον
3380 891 3612 954 τελείως
3635 908 3654 921 ·
3700 896 3795 946 Ka-

2201 976 2553 1039 κοπαθησον
2608 977 2786 1045 ἔργον
2840 979 3103 1046 ποίησον
3158 982 3638 1049 εὐαγγελιστοῦν
3702 986 3792 1047 τὴν

2199 1061 2492 1131 ὁμολογίαν
2523 1082 2616 1117 σου
2660 1065 3111 1139 πληροφόρησον
3166 1070 3306 1140 ἔχων
3356 1071 3613 1141 ἀοράτως
3668 1074 3791 1127 Θεὸν

2202 1153 2493 1225 ἐπίκουρον
2515 1197 2531 1221 ,
2566 1156 2660 1210 τὸν
2707 1158 2923 1227 φύλακα
2957 1161 3057 1230 τῆς
3086 1161 3234 1232 ζωῆς
3280 1180 3376 1216 σου
3420 1160 3673 1232 ἄγγελον
3700 1184 3792 1219 κυ-

2198 1245 2433 1300 κλοῦντά
2459 1264 2541 1313 σε,
2581 1252 2914 1320 περιέποντά
2944 1269 3026 1317 σε,
3058 1254 3319 1324 χαίροντα
3366 1255 3511 1315 λίαν.
3558 1258 3667 1313 καὶ
3700 1260 3792 1322 τὰς

2198 1339 2508 1409 προσευχάς
2538 1359 2631 1394 σου
2660 1344 3001 1415 ἀναφέροντα
3052 1348 3135 1411 είς
3179 1347 3313 1401 Θεδν
3354 1351 3439 1413 είς
3474 1349 3665 1421 ὀσμὴν
3704 1350 3792 1402 εύ-

2195 1430 2390 1493 ωδίας·
2436 1434 2495 1486 ἐν
2526 1428 2615 1498 αἷς
2646 1436 2893 1507 μέμνησο
2941 1437 3038 1493 καὶ
3080 1439 3238 1510 ἡμῶν
3272 1441 3382 1495 τῶν
3432 1441 3789 1515 ἁμαρτωλῶν

2197 1524 2321 1593 μὲν,
2354 1526 2666 1582 ποθούντων
2691 1529 2749 1583 δέ
2782 1547 2842 1583 σε
2871 1530 3013 1586 λίαν.

2650 1814 2784 1870 ΜΖ⁹.
2814 1845 2885 1858 -
2914 1816 3276 1890 Ἦγουμένῳ.
3298 1820 3499 1899 [τμη’,]

1747 1936 2009 1987 Conﬁrmat
2030 1928 2213 1985 Christi
2233 1927 2585 1979 confessorem.

571 2042 653 2098 Ex
683 2057 794 2110 quo
823 2051 877 2096 te
904 2042 1147 2096 intellexi
1173 2043 1492 2098 damnatum
1525 2042 1827 2114 injudicio,
1846 2053 1900 2099 et
1922 2042 2080 2097 Chri-
2113 2049 2156 2103 Β

497 2136 565 2191 sti
621 2150 784 2189 causa
822 2148 1047 2196 cmsum,
1094 2149 1125 2187 o
1166 2133 1569 2199 amantissime,
1623 2134 1853 2203 gaudeo,
1894 2143 1948 2187 et
1982 2131 2081 2185 tibi

498 2228 763 2297 gratulor.
798 2224 910 2279 Hoc
950 2228 1094 2280 enim
1124 2227 1384 2296 gaudium
1422 2235 1475 2280 et
1506 2227 1799 2282 exsultatio
1834 2236 1935 2289 est,
1973 2241 2080 2279 non

493 2318 649 2387 juxta
679 2319 864 2372 mundi
892 2318 1133 2371 laetitiam
1174 2336 1187 2371 :
1236 2318 1351 2373 htec
1386 2319 1530 2373 enim
1561 2319 1855 2373 illaetabilis
1898 2334 1913 2372 :
1961 2333 2081 2386 quae

497 2426 624 2465 cum
658 2427 776 2465 esse
815 2411 1000 2465 laetitia
1027 2411 1293 2475 videatur,
1336 2426 1446 2464 non
1476 2420 1560 2466 est
1595 2412 1795 2481 reipsa,
1827 2412 2077 2481 quando-

495 2503 717 2572 quidem
744 2503 942 2556 labitur
968 2503 1055 2555 illa
1092 2516 1191 2555 nec
1217 2513 1366 2557 stare
1394 2511 1590 2570 potest,
1621 2502 1923 2571 eademque
1948 2518 2074 2556 cum

495 2594 721 2658 desinit,
754 2603 986 2647 mortem
1017 2603 1275 2662 operatur
1305 2611 1317 2645 :
1351 2593 1444 2648 sed
1476 2608 1597 2647 eam
1636 2593 1782 2658 dico,
1814 2609 1936 2663 quae
1962 2594 2077 2647 sola

496 2687 798 2743 secundum
851 2685 1020 2739 Deum
1079 2695 1209 2740 est:
1280 2687 1393 2755 ipsa
1450 2687 1595 2741 enim
1644 2686 1867 2741 unicum
1905 2686 2077 2741 animi

495 2779 959 2833 oblectamentum
1006 2788 1108 2841 est,
1139 2787 1193 2832 et
1230 2788 1496 2847 perpetuo
1524 2777 1629 2833 sibi
1661 2786 1942 2842 constans,
1981 2791 2076 2830 cu-

490 2870 585 2942 jus
614 2872 737 2925 linis
764 2872 873 2924 vita
907 2872 1259 2938 sempiterna.
1307 2869 1675 2935 Quamobrem
1710 2868 1832 2939 jure
1864 2869 2074 2939 gaudeo

494 2974 550 3017 et
574 2963 817 3033 gratulor
843 2961 959 3027 tibi,
1014 2959 1176 3015 Pater
1220 2960 1702 3016 reverendissime.
1734 2959 1868 3014 Nam
1902 2959 2070 3028 quod,

495 3063 554 3107 nt
582 3056 754 3114 aiunt,
791 3063 1032 3115 centum,
1069 3054 1211 3106 nivis
1257 3054 1390 3114 ritu,
1422 3054 1673 3120 impacta:
1711 3062 1839 3106 sunt
1878 3052 2070 3120 plagae,

492 3145 694 3215 quibus
718 3142 934 3197 concisa
970 3141 1151 3206 cutis;
1182 3140 1297 3196 [nec
1327 3157 1459 3195 vero
1499 3156 1640 3194 nova
1676 3141 1861 3209 gaudii
1891 3157 2074 3195 acces-

492 3236 575 3289 sio
598 3233 882 3288 est.-lstud
909 3232 1126 3301 quidem
1172 3246 1279 3285 non
1306 3231 1424 3285 sine
1445 3231 1629 3299 aliquo
1666 3230 1872 3285 doloris
1908 3247 2071 3286 sensu

490 3327 619 3380 licet
671 3326 868 3379 absens
897 3324 1103 3392 accepi.
1140 3320 1244 3376 Sed
1295 3321 1406 3375 Deo
1442 3331 1623 3375 tamen
1667 3320 1860 3391 gloria,
1896 3321 1986 3389 qui
2023 3329 2073 3374 te

2266 2035 2485 2105 Ἐπειδὴ
2508 2034 2711 2105 ἔμαθον
2744 2033 3120 2106 είσαγὼγιμόν
3152 2054 3211 2090 σε
3249 2036 3531 2105 γενέσθαι,
3570 2039 3672 2095 καὶ
3700 2059 3786 2096 τι-

2182 2125 2386 2193 τύφθαι
2415 2124 2555 2193 ὑπὲρ
2584 2124 2848 2193 Χριστοῦ,
2881 2118 2926 2177 ὦ
2956 2125 3276 2197 τριπόθητε,
3310 2127 3491 2197 χαίρω
3520 2130 3625 2183 καὶ
3654 2148 3786 2199 συγ-

2182 2217 2359 2288 χαίρω
2384 2233 2487 2268 σοι.
2513 2214 2684 2268 Τοῦτο
2712 2215 2820 2286 γὰρ
2849 2219 2992 2286 χαρὰ
3022 2219 3119 2271 καὶ
3150 2219 3475 2287 ἀγαλλίασις
3498 2238 3511 2251 ·
3544 2224 3611 2276 ού
3642 2226 3784 2280 κατὰ

2179 2310 2277 2381 τὴν
2328 2308 2422 2374 τρῦ
2469 2307 2676 2377 κόσμου
2729 2304 2905 2379 χαρὰν
2936 2308 3185 2381 (ἀχαρὴς
3229 2310 3340 2383 γὰρ
3384 2312 3505 2381 ἥδε,
3548 2314 3788 2369 δοκοῦσα

2187 2400 2310 2470 μὲν,
2344 2400 2446 2452 οὐκ
2471 2395 2606 2453 οῦσα
2633 2399 2711 2463 δὲ,
2745 2398 2976 2469 ἐπείπερ
3025 2400 3223 2470 ῥέουσα
3259 2403 3358 2473 οὐχ
3400 2404 3651 2463 ἵσταται.
3691 2408 3786 2460 καὶ

2178 2492 2486 2544 τελευτῶσα
2516 2491 2745 2545 θάνατον
2798 2491 3261 2563 κατεργάζεται),
3298 2494 3437 2548 ἀλλὰ
3472 2498 3575 2567 τὴν
3637 2499 3783 2551 κατᾶ

2180 2583 2315 2635 Θεὸν
2341 2599 2353 2611 ·
2388 2582 2528 2651 αῦτη
2565 2583 2676 2654 γὰρ
2724 2583 2821 2636 καὶ¹
2870 2583 3005 2653 μόνη
3059 2582 3220 2654 [Reg
3257 2586 3379 2640 cod.
3421 2587 3615 2661 μόνον]
3648 2589 3788 2657 θυμ-

2178 2672 2328 2743 ηδία,
2366 2676 2459 2725 καὶ
2489 2674 2751 2736 ὡσαύτως
2777 2673 2995 2743 ἔχουσα,
3030 2669 3099 2746 ἧς
3121 2675 3183 2727 τὺ
3211 2676 3366 2740 τέλος
3397 2676 3515 2748 ζωὴ
3540 2679 3785 2744 αἰώνιος.

2176 2765 2415 2826 Εἰκότως
2448 2761 2540 2819 οῦν
2573 2766 2728 2837 γήθω
2786 2767 2882 2820 καὶ
2916 2767 3177 2837 συγγήθω
3214 2785 3317 2832 σοι,
3353 2770 3543 2842 Πάτερ
3588 2772 3787 2843 τιμιώ-

2174 2874 2323 2911 τατε.
2342 2856 2599 2921 Ἀλλ’ὄτι,
2615 2856 2689 2920 ὥς
2707 2875 2860 2925 φασι,
2885 2859 3318 2913 ἐκατοστεύουσα
3341 2862 3375 2932 ἡ
3398 2864 3590 2932 νιφὰς,
3612 2864 3788 2935 καίγι

2177 2947 2512 3018 βαρύδαρτος
2530 2963 2544 2979 ο
2571 2946 2646 3000 ἴδε
2674 2948 2739 3019 [ί.
2765 2948 2885 3022 ἥδε]
2906 2949 3066 3003 πάλιν
3093 2950 3346 3015 ἐπίτασις
3380 2956 3484 3022 τῆς
3513 2956 3789 3027 εὐφροσύ-

2175 3054 2294 3106 νης.
2330 3039 2444 3089 0οκ
2472 3036 2696 3099 ἀπαθῶς
2727 3038 2937 3110 ἤνεγκα
2968 3041 3066 3111 τὴν
3094 3041 3263 3111 ἀκοὴν
3295 3045 3390 3095 καὶ
3414 3044 3600 3100 ἀπών.
3640 3048 3785 3100 Ἀλλ’

2174 3127 2323 3196 ὅμως
2346 3127 2473 3190 δόξα
2496 3127 2573 3198 τῷ
2595 3128 2879 3194 δοξάσαντί
2912 3149 2969 3185 σε
2996 3131 3137 3203 Θεῷ.
3183 3134 3306 3186 Ἐπὶ
3330 3134 3510 3189 νώτου
3538 3155 3599 3191 τε
3624 3156 3788 3192 κτανο

2174 3219 2333 3289 θῆναι
2361 3218 2468 3272 ὑπὸ
2491 3219 2602 3273 τῶν
2632 3221 2866 3288 ἀσεϐῶν,
2898 3223 3166 3278 ἄσϐεστόν
3197 3240 3290 3279 σου
3318 3226 3381 3279 τὸ
3414 3228 3601 3293 κλέος,
3633 3231 3785 3295 ἱερόν

2176 3328 2270 3364 σου
2296 3313 2357 3364 τὸ
2395 3311 2587 3376 πάθος,
2620 3314 2900 3384 στήριγμα
2928 3316 3034 3369 τῶν
3067 3320 3607 3389 συνομολογούντων,
3634 3339 3782 3393 προ-

491 3417 838 3488 glorificavit.
872 3414 1003 3467 Nam
1035 3414 1180 3484 quod
1224 3413 1489 3467 immania
1535 3413 1761 3467 vulnera
1813 3410 1978 3464 dorso
2008 3411 2077 3465 ab

2184 3402 2357 3473 θυμία
2384 3403 2494 3457 τῶν
2517 3403 2964 3475 ὀρθοδοξούντων,
3002 3408 3291 3479 διάρρηξις
3320 3411 3432 3465 τῶν
3464 3416 3783 3484 αίρετιζόν-

491 3511 675 3578 impiis
701 3508 983 3578 excepisti,
1015 3508 1135 3560 laus
1183 3516 1272 3559 tua
1302 3506 1629 3559 immortalis
1664 3515 1767 3570 est,
1793 3503 2077 3574 perpessio

490 3612 704 3668 sancta,
753 3600 1156 3655 ﬁrmamentum
1209 3612 1399 3651 eorum
1431 3597 1524 3664 qni
1567 3597 1773 3665 pariter
1804 3594 2075 3649 conﬁten-

492 3709 602 3763 tur,
669 3697 922 3750 alacritas
956 3693 1407 3756 orthodoxorutn,
1457 3691 1843 3745 haareticorum
1877 3689 2071 3743 fremi-

493 3801 603 3853 tus,
636 3789 922 3844 redilicatio
954 3786 1212 3842 Ecclesiae
1244 3785 1357 3841 Dei.
1400 3784 1630 3854 Lapides
1666 3784 1839 3837 sancti
1861 3783 2074 3837 volvun-

492 3894 581 3937 tur
601 3898 756 3951 super
792 3894 985 3934 terram
1008 3879 1069 3945 ",
1104 3878 1252 3931 ntait
1277 3877 1541 3947 pr0plieta
1564 3918 1579 3935 .
1606 3874 1879 3941 Quorsum
1907 3874 2075 3928 istud?

491 3975 559 4028 ad
593 3974 1015 4043 aaquabilitatem
1036 3970 1275 4040 pietatis,
1313 3970 1378 4023 ad
1409 3968 1669 4023 Ecclesiae
1698 3978 2065 4024 structuram.

490 4064 611 4135 Ipse
643 4066 808 4134 igitur
832 4080 974 4118 unus
1001 4063 1246 4116 omnium
1281 4078 1309 4115 a
1351 4060 1559 4129 Spiritu
1584 4070 1797 4126 sancto,
1825 4059 2072 4127 angnlari

492 4159 656 4225 lapidi
692 4169 975 4227 coaptntus
998 4174 1055 4211 es
1082 4165 1137 4211 et
1167 4162 1603 4225 coagmentatus.
1648 4153 1753 4208 Sed
1784 4161 1838 4208 et
1870 4152 2071 4216 nostri,

492 4253 584 4321 qui
615 4263 928 4320 peccatores
964 4265 1178 4312 sumus,
1209 4256 1505 4309 memento,
1550 4262 1583 4300 o
1610 4246 1977 4308 sanctissime,
2017 4246 2070 4298 in

491 4344 836 4398 orationibus
868 4360 881 4394 :
912 4357 977 4395 ne
1009 4358 1038 4394 a
1070 4351 1343 4395 structura
1372 4338 1716 4402 excidamus,
1747 4338 1841 4393 sed
1870 4336 2071 4391 alicubi

489 4437 577 4491 vel
628 4446 887 4505 tanquam
934 4436 1065 4489 silex
1119 4433 1486 4494 inveniamur,
1518 4432 1695 4501 gratia
1727 4446 1792 4487 ac
1822 4430 2072 4500 benigni-

493 4538 601 4583 tate
630 4530 817 4599 optimi
871 4528 961 4583 Dei
992 4528 1185 4581 nostri.

489 4619 792 4674 XLVlll.——
829 4618 1129 4674 Theodorus
1191 4619 1440 4687 dispersis
1484 4617 1674 4687 ubique
1728 4614 2071 4670 Fraternita-

556 4713 693 4765 tibus
735 4728 852 4764 cum
906 4713 974 4766 iis
1027 4714 1115 4781 qui
1147 4714 1201 4766 in
1234 4712 1557 4781 confessione
1601 4708 1807 4764 Christi
1839 4717 2066 4774 certant,

554 4802 804 4856 salutent.

2174 3513 2305 3555 των.
2334 3498 2588 3568 οἰκοδομὴ
2616 3499 2715 3569 τῆς
2744 3497 2838 3553 τοῦ
2865 3499 3001 3552 Θεοῦ
3032 3501 3383 3574 Ἐκκλησίας.
3412 3508 3587 3560 Λίθοι
3625 3508 3788 3579 ἅγιοι

2176 3586 2491 3641 κυλίονται
2536 3588 2635 3642 ἐπὶ
2677 3589 2789 3658 τῆς
2819 3588 2950 3660 γῆς,
2984 3590 3059 3653 ὥς
3088 3608 3253 3662 φησιν
3294 3594 3322 3644 ὁ
3352 3597 3675 3664 προφήτης.
3714 3598 3785 3651 Τί

2173 3676 2374 3744 τοῦτο;
2427 3679 2506 3741 είς
2543 3679 2848 3751 ὁμαλισμὸν
2883 3681 3188 3745 εὐσεϐείας.
3223 3684 3304 3745 είς
3337 3683 3637 3756 ἐνδόμησιν
3680 3689 3787 3758 τῆς

2184 3771 2536 3843 Ἐκκλησίας.
2566 3772 2687 3827 Τῶν
2711 3776 2968 3829 ἁπάντων
2990 3771 3084 3830 οὖν
3116 3771 3197 3839 εἷς
3223 3777 3318 3830 καὶ
3345 3778 3513 3842 αὐτὸς
3546 3779 3654 3832 ὑπὸ
3680 3779 3783 3834 τοῦ

2172 3865 2332 3934 ἁγίου
2368 3866 2693 3936 Πνεύματος
2720 3869 2797 3937 τῷ
2831 3870 3217 3941 ἀκρογωνιαίῳ
3260 3869 3392 3941 λίθῳ
3428 3873 3783 3944 συναρμολο-

2172 3956 2440 4026 γούμενος
2487 3957 2580 4011 καὶ
2626 3958 3119 4030 συμϐιϐαζόμενος.
3160 3961 3325 4015 Ἀλλὰ
3378 3961 3632 4033 μέμνησο
3681 3963 3784 4017 καὶ

2174 4046 2332 4115 ἡμῶν
2380 4046 2489 4100 τῶν
2522 4047 2885 4118 ἁμαρτωλῶν,
2920 4049 3212 4116 ἁγιώτατε,
3264 4052 3323 4103 ἐν
3365 4053 3489 4112 ταῖς
3535 4068 3785 4120 προσευ-

2172 4140 2316 4209 χαῖς,
2370 4139 2445 4211 μὴ
2490 4142 2793 4194 ἀποπεσεῖν
2833 4141 2936 4211 τῆς
2976 4141 3338 4213 ὲνδομήσεως,
3371 4141 3491 4197 ἀλλ’
3526 4136 3631 4196 ὧδέ
3664 4159 3775 4196 που

2172 4229 2274 4283 κᾶν
2300 4230 2376 4294 ὼς
2398 4232 2556 4302 χάλιξ
2585 4232 2900 4306 εὑρεθῆναι,
2920 4234 3105 4305 χάριτι
3128 4236 3223 4288 καὶ
3251 4233 3643 4307 φιλανθρωπίᾳ
3671 4232 3777 4290 τοῦ

2170 4322 2379 4392 ἀγαθοῦ
2404 4324 2539 4379 Θεοῦ
2569 4328 2602 4397 ή
2613 4325 2753 4397 μῶν.

2169 4602 2312 4660 MH'.
2344 4636 2411 4647 —-
2439 4605 2739 4674 Θεόδωρος
2776 4606 2905 4672 ταῖς
2933 4605 3247 4674 πανταχοῦ
3293 4603 3775 4676 διεσπαρμέναις

2246 4699 2616 4769 ἀδελφότησι
2636 4697 2761 4752 σὺν
2789 4698 2915 4764 τοῖς
2946 4696 3318 4752 ἐναθλοῦσιν
3342 4699 3415 4752 ἐν
3438 4696 3516 4769 τῇ
3541 4700 3774 4768 ὁμολο-

2247 4791 2349 4861 γίᾳ
2380 4790 2660 4859 Χριστοῦ,
2690 4790 2941 4859 χαίρειν.
2975 4789 3155 4863 [τνα’.]

1359 4896 1435 4947 Ad
1458 4897 1765 4960 patientiam,
1788 4896 1971 4947 Christi
2002 4911 2241 4962 amorem,
2269 4905 2325 4949 et
2345 4897 2771 4963 perseverantiam
2802 4901 3012 4950 excitat.

562 5000 736 5057 Omne
782 5004 1039 5073 gaudium
1085 5005 1399 5059 existimare
1460 5006 1692 5071 debetis,
1741 5004 1959 5074 fratres,
2012 5008 2069 5063 in

492 5098 744 5167 presenti
826 5099 1173 5152 tribulatione
1239 5117 1253 5153 :
1333 5100 1777 5169 quandoquidem
1847 5111 2071 5171 propter

490 5188 767 5244 Christum
817 5199 871 5244 et
931 5192 1237 5258 persecutio
1285 5203 1369 5247 est
1403 5208 1592 5247 eorum
1627 5195 1722 5263 qui
1774 5208 2064 5262 vexantur,

491 5290 545 5335 et
575 5297 765 5336 eorum
819 5300 1006 5338 carcer
1043 5286 1133 5353 qui
1176 5286 1488 5340 detinentur
1521 5304 1535 5339 :
1584 5287 1745 5355 adjici
1780 5298 1977 5357 potest,
2014 5298 2069 5345 et

490 5390 680 5427 eorum
716 5377 939 5430 verbera
992 5377 1085 5446 qui
1112 5379 1415 5431 caeduntur.
1473 5377 1592 5433 Non
1644 5380 1807 5449 igitur
1838 5383 2068 5437 cessabo

491 5472 545 5515 ct
579 5478 767 5518 omnes
810 5466 1142 5533 conjunctim
1170 5477 1224 5521 et
1270 5468 1499 5522 seorsim
1534 5470 1783 5538 singulos
1812 5473 2058 5541 compel—

492 5555 629 5618 lare,
661 5557 886 5623 liortari,
925 5574 1315 5615 commnncre:
1375 5564 1626 5630 quamvis
1666 5579 1773 5617 non
1820 5565 1921 5617 sim
1956 5581 2061 5619 ne-

495 5651 641 5700 scius
702 5665 823 5703 esse
876 5665 972 5703 vos
1025 5652 1079 5705 in
1137 5654 1239 5705 fide
1290 5654 1537 5716 stabiles,
1585 5665 1638 5709 et
1672 5657 1871 5711 habere
1917 5656 2063 5711 domi

494 5740 928 5798 adhortationem
952 5761 1015 5799 ac
1040 5746 1450 5801 documentum.
1490 5748 1596 5801 Sed
1640 5761 1817 5804 tamen
1850 5750 2065 5806 debitor

564 5852 607 5883 ³³
647 5850 688 5904 ll
721 5852 956 5911 Tiinoth.
994 5873 1066 5924 iv,
1102 5857 1152 5913 5.
1253 5860 1296 5891 3"
1336 5858 1499 5915 Zach.
1539 5876 1610 5927 ix,
1648 5858 1713 5916 16
1753 5877 1866 5919 sec.
1899 5860 2063 5916 LXX.

2238 5010 2430 5063 Πᾶσαν
2460 5010 2635 5081 χαρὰν
2669 5009 2924 5081 ἡγητέον,
2953 5009 3173 5081 ἀδελφοί
3209 5028 3335 5081 μου,
3370 5011 3429 5063 ὲν
3466 5013 3585 5076 τοῖς
3618 5030 3776 5085 παρ-

2166 5101 2288 5156 οῦσι
2319 5101 2611 5173 θλιὸεροίς.
2665 5101 2930 5173 Ἐπείπερ
2958 5104 3046 5156 διὰ
3068 5103 3303 5173 Χριστὸν
3338 5103 3432 5156 καὶ
3460 5104 3489 5155 ὀ
3520 5105 3776 5176 διωγμὸς

2168 5195 2275 5248 τῶν
2302 5194 2671 5265 διωκομένων,
2696 5197 2790 5248 καὶ
2817 5197 2871 5247 αἱ
2902 5195 3142 5262 φυλακαὶ
3173 5195 3282 5247 τῶν
3310 5194 3767 5265 καθειργμένων

2166 5287 2462 5358 προσθείην
2492 5288 2537 5341 δ’
2566 5287 2651 5351 ἂν,
2684 5288 2780 5342 καὶ
2808 5291 2864 5342 αί
2910 5289 3177 5360 μάστιγες
3226 5289 3336 5344 τῶν
3386 5294 3773 5361 μαστιγουμέ-

2166 5400 2294 5435 νων.
2328 5382 2443 5433 Οὐκ
2466 5380 2847 5451 ἀποπαύσοιμι
2872 5381 3160 5452 τοιγαροῦν
3191 5383 3287 5435 καὶ
3319 5386 3475 5453 κοινῇ
3506 5387 3639 5437 πᾶσι
3668 5392 3772 5439 καὶ

2164 5475 2273 5545 ίδίᾳ
2330 5475 2544 5545 ἑκάστῳ
2592 5476 2956 5545 προσφωνεῖν,
3014 5476 3375 5545 παρακαλεῖν,
3438 5478 3769 5550 ὑπομιμνή-

2164 5584 2348 5620 σκεινο
2381 5566 2589 5634 καίπερ
2632 5565 2791 5629 εἰδὼς
2831 5567 3261 5637 ἐστηριγμένους
3301 5569 3449 5639 ὑμᾶς
3481 5571 3540 5621 ἐν
3567 5573 3629 5640 τῆ
3666 5574 3765 5624 πί-

2166 5674 2300 5721 στει,
2334 5661 2429 5711 καὶ
2456 5658 2667 5711 οἴκοθεν
2700 5658 2924 5729 ἔχοντας
2959 5658 3019 5712 τὸ
3048 5660 3464 5731 παρακλητικὸν
3500 5664 3594 5714 καὶ
3622 5679 3753 5713 νου-

2166 5749 2468 5822 θετητικόν.
2510 5750 2648 5805 Ἀλλ’
2675 5751 2825 5822 ὅμως
2856 5750 3141 5822 ὀφειλέτης
3182 5752 3299 5823 εἰμὶ
3350 5756 3376 5807 ὁ
3423 5754 3758 5825 ἁμαρτωλὸς
