3934 6438
99 400 128 464 1
140 401 248 466 253

1301 405 1844 468 EPISTOLARUM
1881 405 2029 466 LIB.
2103 404 2187 465 II.

3247 396 3379 460 125A

90 510 194 562 καὶ
218 509 280 561 τὸ
309 509 437 579 παρ’
467 507 711 579 ἐμαυτοῦ
742 508 1092 580 προστιθέναι
1126 507 1285 582 (Reg.
1313 512 1437 567 cod.
1466 528 1690 582 προστι-

1810 527 1937 577 ιιιιιι,
1969 512 2070 566 etsi
2107 517 2379 580 peccator,
2405 517 2466 562 ut
2491 515 2546 564 et
2579 506 2787 578 aliquid
2820 506 2887 562 de
2927 504 3383 569 meoconferam,

91 596 263 668 θεῖν],
291 597 467 659 ἄλλως
499 615 560 650 τε
595 601 691 651 καὶ
718 598 813 652 τοῦ
844 600 1011 652 πόθου
1051 600 1468 671 ἐκϐιαζομένου.
1523 599 1698 667 Ζηλῶ

87 688 212 754 γὰρ
243 686 402 754 ὑμᾶς
425 687 586 756 ζήλῳ
614 689 761 742 Θεοῦ
783 705 796 718 ·
828 688 1313 761 ὲγκαλλωπίζομαι
1339 694 1367 745 6
1390 690 1699 745 ἀκαλλώπι-

91 796 229 843 στος
281 783 403 842 ταῖς
441 781 864 850 ὁμολογητικαῖς
910 781 1065 852 ὑμῶν
1111 782 1357 852 ἀρεταῖς.
1408 784 1566 853 Χαρά
1606 801 1695 852 μοι

91 875 195 924 καὶ
261 872 522 940 στέφανος
584 874 763 942 ὑμεῖς,
815 873 1049 945 ἔρεισμα
1105 875 1199 927 καὶ
1247 877 1696 943 ἁκαταγώνιστον

91 965 457 1035 κραταίωμα.
514 966 626 1019 Ναὶ
667 966 859 1038 ἐρωτῶ
893 968 984 1020 καὶ
1014 968 1321 1037 παρακαλῶ
1364 969 1696 1032 ἁσαλεύτους

90 1058 380 1126 διαμένειν
425 1058 674 1122 ἅπαντας
714 1061 773 1112 ὲν
811 1061 959 1132 πάσῃ
991 1060 1228 1132 εὐθυμία
1267 1063 1360 1114 καὶ
1392 1061 1693 1132 προθυμία.

89 1147 390 1218 Πάντοτε,
425 1152 590 1221 φησὶν
621 1153 648 1204 6
672 1150 815 1214 θεῖος
844 1151 1187 1217 Ἀπὸστολος,
1216 1154 1451 1222 χαίρετε
1470 1169 1484 1183 ⁶
1528 1153 1694 1207 ἀδια-

92 1243 365 1309 λείπτως
414 1245 831 1312 προσεύχεσθε
859 1261 872 1272 ·
919 1244 990 1296 ἐν
1035 1244 1216 1298 παντὶ
1261 1245 1693 1313 εὐχαριστεῖτε.

94 1338 214 1390 Καὶ
239 1335 300 1387 οὐ
325 1335 469 1405 χαρὰ
491 1334 666 1388 ταῦτα
700 1337 794 1388 καὶ
824 1335 1172 1404 ἀγαλλίασις;
1204 1337 1286 1389 ὅτι
1321 1338 1506 1410 ξ’ῖπερ
1536 1352 1692 1404 συμ-

93 1428 444 1496 πάσχομεν,
477 1429 574 1482 καὶ
614 1428 1239 1498 συνδοξασθησόμεθα
1263 1447 1274 1458 ·
1301 1433 1353 1483 εὶ
1385 1430 1693 1484 ἀποθάνω-

86 1538 235 1589 μεν,
272 1520 371 1573 καὶ
409 1519 788 1590 συζήσομειι·⁹
837 1523 890 1575 εἰ
935 1523 1374 1591 ὑπομείνωμεν,
1408 1524 1508 1576 καὶ
1537 1540 1692 1591 συμ-

94 1613 575 1677 ϐασιλεύσομεν,
608 1614 684 1676 ὼς
712 1614 1047 1684 γέγραπται.
1084 1614 1329 1684 Ἠλεκηὴ
1367 1615 1690 1683 ἐπαγγελία,

92 1704 382 1773 ἀγαπητοί
411 1706 422 1758 ι
462 1706 522 1757 Et
552 1705 663 1774 γὰρ
689 1707 768 1768 εἰς
798 1705 910 1775 πῦρ
937 1705 1324 1776 ἐμϐληθῶμεν,
1354 1707 1609 1777 οἷσωμενο
1644 1708 1693 1760 si

92 1797 200 1849 καὶ
224 1796 420 1867 Θηρσὶν
446 1797 775 1867 ὲκδοθῶμεν,
802 1799 1134 1868 ἐνέγκωμεν.
1155 1799 1312 1852 Οὕτω
1332 1800 1439 1869 γὰρ
1460 1800 1693 1869 ἤνεγκαν

92 1893 147 1943 οξ
212 1890 310 1943 ἀπ’
346 1890 542 1953 αἰῶνος
579 1891 1029 1959 ἀθλοφοροῦντες,
1057 1893 1248 1961 ἄνδρες
1285 1909 1346 1945 τε
1378 1893 1470 1945 καὶ
1505 1897 1693 1960 γυναῖ-

94 1999 223 2047 κες,
245 1981 315 2035 τά
339 1982 548 2034 ἐκεῖθεν
578 1983 996 2053 προόλέποντες,
1022 1986 1116 2036 καὶ
1143 1984 1201 2036 τὸ
1229 1983 1404 2054 παρὸν
1433 1985 1694 2055 ὀδυνηρὸν

92 2076 225 2137 ταῖς
269 2074 454 2127 ἐλπίσι
492 2075 867 2144 κουφίζοντες,
902 2076 998 2129 καὶ
1037 2076 1253 2147 τρυφὴν
1297 2077 1593 2147 ἡγούμενοι
1625 2077 1694 2130 τὰ

93 2165 386 2227 ἐπώδυνα,
421 2166 519 2219 καὶ
564 2167 663 2236 τὴν
696 2165 1019 2239 προσθήκην
1051 2167 1161 2221 τῶν
1192 2169 1537 2240 παθημάτων
1570 2171 1695 2221 ὲπι-

94 2257 437 2327 Θυμοῦντες.
469 2259 570 2310 οὐκ
613 2259 1073 2326 ἀποστυγοῦντες,
1113 2259 1302 2331 ὥσπερ
1333 2262 1382 2312 οἱ
1415 2262 1483 2313 τὰ
1524 2261 1696 2313 πλείω

92 2354 368 2419 χρήματα
396 2351 503 2404 τῶν
531 2352 866 2421 συνεταίρων
887 2352 1230 2422 ἁρπάζοντες
1249 2368 1262 2382 ·
1294 2353 1369 2416 ὡς
1400 2354 1514 2406 ίστε
1539 2355 1698 2424 ὑμεῖς

92 2442 199 2510 ἀφ’
236 2443 448 2497 ἑαυτῶν
496 2445 827 2514 γευσάμενοι
878 2444 982 2514 τῆς
1030 2445 1302 2500 ἀθανάτου
1337 2445 1694 2518 γλυκύτητος.

91 2529 172 2585 Ὠ
203 2535 381 2603 κόσμε
410 2534 610 2589 πλάνεῐ
637 2537 717 2589 ὅτι
757 2538 953 2607 πικρόν
989 2555 1082 2590 σου
1123 2539 1184 2590 τὸ
1222 2538 1414 2592 δοκοῦν
1442 2541 1561 2608 ἡδὺ,
1604 2541 1698 2593 καὶ

94 2629 439 2695 θανάσιμον,
464 2630 608 2682 κατὰ
631 2632 813 2683 πᾶσαν
842 2632 1035 2702 ἡδονὴν
1063 2633 1156 2685 καὶ
1181 2637 1561 2706 περιχάρειαν.
1589 2637 1699 2688 Καὶ

91 2716 143 2773 ὦ
174 2720 313 2774 πόθε
342 2722 603 2792 Χριστοῦ,
639 2723 724 2776 ὅτι
755 2724 837 2776 σοὶ
869 2721 900 2794 ἡ
940 2726 1179 2792 εὐλογία,
1214 2728 1305 2780 καὶ
1347 2729 1378 2798 ἡ
1413 2729 1580 2798 χαρὰ,
1607 2730 1699 2781 καὶ⁸

92 2818 130 2884 ἡ
155 2814 498 2885 δεσποσύνη,
536 2817 629 2868 καὶ
667 2816 761 2869 ἐπὶ
796 2819 922 2882 τοὺς
946 2821 1211 2889 κατόχους
1239 2837 1353 2876 σου,
1391 2822 1558 2875 Ἴδετε
1596 2842 1700 2892 πη-

91 2907 281 2970 λίκοις
317 2908 460 2977 ὑμᾶς
497 2908 775 2979 φθέγμασι
830 2912 1135 2981 παρακαλῶ
1184 2915 1212 2964 6
1253 2915 1516 2986 εὐτελήςο
1554 2916 1614 2969 οὔ
1647 2916 1700 2968 τί

92 3020 208 3055 που
235 3001 350 3055 τῶν
375 3004 730 3070 ἀξιεπαίνων,
763 3005 878 3059 ἀλλ’
907 3007 992 3058 ὃτι
1020 3006 1276 3075 φιλικοῖς.
1304 3009 1460 3060 Ὅσοι
1499 3007 1700 3078 βραδὺ-

91 3114 248 3168 τητα
276 3097 541 3164 ἡγοῦνται
567 3097 664 3167 τὴν
694 3099 1004 3167 ἐπισκοπὴν
1031 3100 1233 3170 Κυρίου
1253 3118 1267 3131 ·
1297 3102 1474 3153 ἐκεῖνο
1506 3102 1704 3155 ἐννοεί-

1802 605 1924 667 ipso
1968 604 2170 672 alioqui
2203 617 2390 657 amore
2434 602 2767 671 impellente.
2827 598 3082 653 Ᾱίυιυιοι·
3129 601 3266 652 enim
3296 615 3383 650 vos

1802 695 1898 749 Dei
1933 695 2330 748 wntulatione”
2355 712 2373 747 :
2425 705 2477 748 et
2507 711 2627 746 cum
2661 694 2795 746 nihil
2840 694 3070 746 habeam
3102 695 3244 744 unde
3271 694 3384 758 glo-

1800 789 1932 842 riari
1975 791 2206 858 possim,
2264 786 2629 842 confessionis
2676 795 2872 839 vestrae
2924 786 3222 837 virtutibus
3270 786 3385 852 glo-

1802 882 1930 935 rior.
1974 881 2240 935 Gaudium
2299 879 2434 933 mihi
2484 889 2535 932 ct
2578 894 2779 931 corona
2813 895 2908 931 vos
2941 878 3158 939 estis“,
3227 874 3374 928 fulci-

1799 985 2041 1028 mentum
2073 985 2125 1028 et
2148 975 2310 1027 robur
2337 973 2623 1026 invictum.
2663 970 2856 1039 Utique
2884 986 3074 1038 pl't‘COl'
3097 979 3148 1022 et
3173 970 3382 1031 hortor,

1798 1077 1857 1122 ut
1883 1083 2074 1121 omnes
2098 1067 2237 1120 firmi
2266 1065 2534 1119 maneatis
2567 1064 2618 1117 in
2650 1066 2799 1116 omni
2857 1064 3059 1131 gaudio
3107 1073 3156 1114 ot
3188 1063 3385 1114 alueri-

1797 1167 1928 1212 tatc.
1977 1158 2191 1226 Semper
2240 1157 2480 1226 gaudete,
2528 1155 2699 1222 inquit
2756 1155 2975 1206 divinus
3027 1155 3321 1222 Apostolus
3363 1192 3380 1216 ,

1797 1251 1910 1304 sine
1933 1250 2318 1303 intermissione
2341 1258 2486 1301 orate
2520 1264 2537 1300 :
2571 1248 2622 1298 in
2655 1246 2896 1299 omnibus
2931 1247 3136 1315 gratias
3166 1245 3380 1313 agite“.

1796 1343 1991 1396 Annon
2022 1343 2162 1396 istud
2197 1342 2456 1410 gaudium
2481 1351 2562 1394 cst
2585 1349 2638 1394 et
2666 1338 3006 1392 exsultatio?
3042 1337 3310 1404 Quoniam
3338 1336 3386 1390 si

1797 1436 2167 1504 compatimur,
2218 1445 2267 1488 et
2316 1433 2836 1501 rongloriﬁcabimnr
2896 1446 2914 1482 :
2971 1433 3016 1482 si
3071 1429 3387 1483 commortui

1797 1528 2083 1596 fuerimus,
2137 1537 2185 1578 et
2247 1523 2672 1578 convivemus“:
2728 1523 2773 1574 si
2843 1521 3269 1584 sustinuerinms,
3337 1527 3386 1571 et

1797 1619 2230 1688 conregnabimus
2252 1617 2315 1678 ³³,
2367 1618 2510 1669 sicut
2571 1614 2836 1682 scriptum
2899 1626 3001 1666 est.
3040 1611 3211 1677 Quale
3261 1627 3387 1679 pro-

1797 1712 2051 1776 missum,
2078 1709 2311 1763 dilecti?
2340 1709 2506 1778 Igitur
2533 1708 2613 1760 vel
2645 1708 2690 1760 si
2717 1707 3082 1774 conjiciamur
3115 1707 3165 1756 in
3210 1705 3384 1771 ignes,

1799 1803 2040 1858 feramus
2088 1821 2100 1854 :
2144 1803 2228 1856 vel
2279 1802 2324 1856 si
2371 1803 2651 1854 tradamur
2709 1799 2920 1860 bestiis,
2964 1798 3255 1867 patiamur.
3298 1796 3388 1850 Sic

1797 1899 1944 1953 enim
1971 1898 2141 1951 tulere
2173 1896 2268 1965 qui
2303 1895 2370 1948 ab
2398 1894 2548 1948 omni
2602 1908 2718 1947 avo
2753 1893 3001 1945 vicerunt
3034 1892 3136 1943 viri
3175 1906 3236 1944 ac
3263 1905 3386 1941 tnu-

1794 1992 1979 2045 lieres.
2042 1989 2282 2042 Alterius
2324 1989 2450 2040 vita:
2498 1986 2643 2040 bona
2682 1984 3104 2052 prospicientes,
3142 1998 3386 2050 prmsen-

1797 2091 2020 2149 temque
2047 2079 2354 2133 molestiam
2391 2092 2485 2146 spe
2541 2077 2826 2141 lenientes,
2855 2090 3130 2128 a‘rtunnas
3165 2072 3385 2124 delicia-

1795 2189 1919 2227 rum
1966 2173 2088 2226 loco
2143 2172 2402 2234 habuere,
2459 2179 2513 2223 et
2569 2169 2939 2222 accessionem
2992 2172 3390 2236 exoptaverunt

1796 2265 2068 2327 dolorum,
2121 2262 2318 2315 nedum
2352 2276 2493 2329 aegre
2527 2263 2700 2313 tulere
2735 2277 2748 2312 :
2796 2259 3259 2328 quemadmmlum
3289 2257 3383 2326 qui

1798 2357 2140 2427 copiosiores
2187 2369 2352 2423 quam
2410 2353 2545 2406 socii
2596 2360 2798 2420 cogunt
2825 2366 2981 2419 opes.
3020 2350 3077 2403 Id
3105 2351 3248 2416 quod
3287 2364 3385 2411 per

1799 2466 1896 2506 vos
1923 2450 2026 2519 ipsi
2054 2449 2253 2512 nostis,
2302 2445 2668 2499 immortalem
2714 2445 2856 2498 hanc
2903 2443 3113 2510 experti
3147 2442 3390 2494 dulcedi-

1801 2561 1947 2600 nem.
1985 2543 2029 2598 Ο
2066 2543 2265 2596 munde
2309 2541 2511 2594 fallax!
2551 2554 2717 2608 quam
2758 2553 2945 2592 amara
2977 2547 3061 2592 est
3094 2548 3146 2591 et
3185 2537 3390 2589 letifera

1803 2642 1892 2695 illa
1925 2651 2013 2693 tua
2037 2654 2158 2708 qua:
2180 2638 2395 2691 videtur
2426 2637 2669 2688 suavitas
2695 2635 2707 2686 !
2742 2649 2904 2701 quam
2938 2629 3087 2683 omni
3125 2626 3390 2696 voluptati

1802 2735 2111 2802 lzctilizeque
2141 2730 2445 2784 contraria!
2480 2727 2523 2780 Ο
2559 2726 2764 2780 Christi
2820 2741 2994 2786 amor,
3044 2723 3137 2775 tibi
3174 2720 3394 2773 benedi-

1804 2828 1934 2890 ctio,
1962 2824 2241 2893 gaudium,
2273 2820 2581 2888 imperium,
2622 2829 2675 2871 et
2699 2818 2764 2870 iis
2788 2817 2876 2886 qui
2909 2825 3036 2868 sunt
3064 2814 3140 2867 tui
3172 2827 3397 2880 compo-

1805 2931 1906 2975 tes.
1960 2917 2166 2971 Videtis
2197 2916 2397 2985 quibus
2448 2930 2570 2982 ego,
2607 2911 2700 2979 qui
2734 2909 2980 2963 tantillns
3029 2924 3169 2969 sum,
3208 2907 3393 2959 verbis

1805 3025 1904 3064 vos
1949 3010 2228 3069 adhorter,
2277 3022 2376 3059 nec
2415 3005 2523 3057 illis
2575 3003 2795 3071 quidem
2843 2999 3158 3066 exquisitis,
3192 2998 3282 3050 sed
3313 3005 3390 3048 ta-

1809 3119 1930 3157 men
1961 3102 2175 3156 amicis.
2211 3100 2538 3166 Quicunque
2569 3094 2783 3146 Domini
2821 3093 3187 3145 visitationem
3223 3089 3398 3141 tardi.

91 3207 317 3253 τωσαν,
364 3191 447 3242 ὅτι
487 3191 557 3243 Τὸ
596 3192 868 3258 χρηστὸν
909 3192 1016 3246 τοῦ
1063 3193 1210 3246 Θεοῦ
1252 3197 1339 3259 εἰς
1375 3194 1701 3263 μετάνοιαν

1810 3197 1935 3250 tatis
1971 3193 2316 3253 insimulant,
2349 3205 2535 3243 srcum
2573 3187 2650 3239 illi
2689 3193 2965 3252 reputent,
3021 3180 3400 3250 benignitatem

94 3285 237 3350 ἄγει
265 3282 393 3346 τοὺς
416 3281 736 3346 διώκοντας,
761 3286 839 3346 εἰς
858 3283 1088 3353 δοκιμὴν
1124 3285 1178 3336 δὲ
1209 3286 1336 3348 τοὺς
1369 3287 1700 3355 πάσχοντας,

95 3377 220 3428 Καὶ
271 3376 348 3444 μὴ
379 3373 782 3442 ἀθυμείτωσαν,
822 3376 954 3444 μηδὲ
987 3376 1056 3429 τὰ
1084 3377 1325 3445 κρίματα
1369 3379 1574 3447 Κυρίου
1619 3379 1707 3444 ἐξ-

96 3467 478 3532 εταζέτωσαν.
514 3468 629 3520 Οὐκ
682 3469 1044 3537 εὐγνωμόνων
1096 3469 1299 3522 δούλων
1337 3470 1555 3539 λέγειν’
1602 3471 1708 3535 ἓως

97 3563 276 3624 πότες
315 3561 430 3613 Οὐκ
457 3555 579 3613 εἷπε
604 3559 764 3613 τοῦτο
805 3560 923 3614 Ἰὼϐ
953 3563 980 3613 6
1009 3561 1272 3630 ἀοίδιμος,
1304 3563 1402 3632 οὐχ
1425 3564 1453 3615 6
1480 3563 1706 3628 Πέτρος,

96 3655 219 3706 οὐδ’
247 3657 276 3708 ὁ
306 3653 540 3721 Παῦλος,
598 3655 646 3707 οἱ
700 3653 1010 3726 μυρίαθλοι,
1059 3655 1179 3708 οὐδέ
1217 3668 1303 3718 τις
1356 3655 1464 3709 τῶν
1502 3656 1711 3727 μαρτύ-

104 3768 252 3819 ρων.

180 3927 350 3982 Οἶδεν
376 3931 403 3984 6
432 3931 735 4003 ἀκοίμητος
765 3931 1044 4004 ὀφθαλμὸς
1073 3933 1134 3986 τὸ
1173 3934 1378 4005 ἀρκοῦν
1408 3936 1495 3987 ἐπ’
1531 3935 1713 4005 ἀμφο-

99 4025 317 4093 τέροις.
355 4022 469 4074 Οὐκ
508 4023 700 4088 ἐλεεῖς,
746 4025 829 4078 ὅτι
858 4025 1248 4092 Θησαυρίζεις
1289 4026 1481 4092 ἐαυτῷ
1526 4027 1715 4095 ὀργὴν

103 4117 178 4168 ἐν
206 4114 405 4183 ἡμέρᾳ
437 4114 620 4183 ὀργῆς
652 4117 750 4170 καὶ
779 4118 1226 4186 ἀποκαλύψεως
1255 4118 1350 4171 καὶ
1390 4119 1714 4188 δικαιοκρι-

104 4212 260 4275 σίας
294 4207 406 4261 τοῦ
441 4209 612 4275 Θεοῦ,
652 4212 681 4264 6
718 4211 983 4275 τοιοῦτος,
1012 4206 1073 4265 οῦ
1110 4213 1210 4264 οὐκ
1239 4211 1355 4265 ἐστι
1395 4213 1571 4281 πέρας
1615 4213 1715 4281 τῆς

104 4301 422 4362 κολάσεως,
455 4301 574 4354 οὐδὲ
629 4301 983 4374 ὲξαγόρευσις
1023 4305 1132 4358 τῶν
1177 4305 1234 4357 ὲν
1287 4304 1423 4375 πυρὶ
1464 4303 1716 4374 ἀσϐέστῳ

106 4393 466 4450 ἀνυποίστων
509 4394 715 4460 ἀνιῶν;
751 4397 861 4449 Καὶ
909 4398 1251 4469 παρακαλεῖν
1302 4399 1447 4467 ὑμᾶς
1492 4399 1576 4450 δεῖ
1619 4397 1718 4469 τὴν

106 4486 341 4557 ἀνοχὴν,
378 4485 503 4539 ὅσον
532 4486 591 4538 τὸ
615 4486 702 4555 ἐφ’
727 4489 894 4557 ἡμῖν’
925 4490 974 4541 εί
1007 4488 1080 4559 μὴ
1116 4488 1182 4542 ἂν
1210 4488 1297 4542 διὰ
1331 4489 1457 4552 τοὺς
1489 4489 1719 4559 ὀλλυμές

1809 3289 1906 3341 Dei
1939 3288 2010 3339 ad
2034 3285 2399 3354 pwnitentinm
2435 3278 2754 3332 adducere"
2786 3291 2882 3330 eos
2923 3275 3016 3342 qui
3065 3286 3401 3341 persequun-

1811 3393 1916 3448 tur,
1969 3381 2034 3433 ad
2091 3377 2472 3447 probationem
2522 3387 2618 3426 eos
2669 3371 2762 3440 qui
2816 3368 3120 3438 patiuntur.
3163 3363 3270 3416 Nec
3307 3366 3371 3418 de

1810 3472 2120 3542 spondcant
2146 3469 2415 3528 animum,
2461 3479 2560 3518 nec
2589 3462 2797 3532 judicia
2832 3460 3048 3512 Domini
3088 3459 3398 3525 explorent.

1807 3565 1973 3622 Nefas
2005 3573 2089 3619 est
2139 3577 2328 3617 servos
2358 3557 2627 3613 candidos
2664 3571 2727 3609 ac
2776 3554 2979 3624 probos
3019 3552 3201 3603 dicere
3239 3567 3251 3600 :
3296 3545 3402 3600 Us-

1810 3659 2074 3730 quequo?
2111 3656 2226 3710 Non
2283 3656 2335 3708 in
2378 3655 2518 3705 hanc
2558 3665 2744 3702 vocem
2795 3647 2978 3715 erupit
3016 3645 3252 3713 inclytus
3279 3641 3402 3705 Job,

1810 3771 1922 3808 non
1949 3751 2168 3814 Petrus,
2203 3762 2311 3803 non
2342 3745 2568 3807 Paulus,
2597 3741 2699 3793 viri
2759 3740 3119 3808 plurimorum
3149 3736 3406 3788 certami-

1815 3861 1966 3907 num,
1998 3860 2103 3897 non
2137 3858 2166 3894 e
2198 3836 2535 3908 martyribus
2585 3833 2902 3902 quisquam.

1886 3937 2048 3990 Novit
2099 3931 2324 4004 pervigil
2376 3930 2569 3983 oculus
2626 3925 2753 3995 quid
2815 3923 3060 3991 utrisque
3108 3927 3403 3987 competat.

1816 4029 1933 4084 Non
1977 4039 2026 4082 te
2079 4027 2155 4079 lui
2193 4026 2436 4085 miseret,
2465 4021 2556 4090 qui
2591 4019 2915 4071 tltesaurisas
2949 4016 3044 4068 tibi
3074 4017 3212 4068 iram
3241 4017 3293 4065 in
3325 4014 3404 4065 die

1817 4125 1912 4177 ira:
1955 4130 2004 4174 et
2046 4118 2381 4172 reuelationis
2412 4123 2460 4167 et
2487 4111 2620 4181 justi
2649 4110 2842 4178 judicii
2879 4107 3050 4172 Dei“,
3085 4106 3336 4175 quisquis
3364 4105 3410 4158 is

1817 4232 1897 4279 es,
1933 4213 2023 4268 ubi
2079 4211 2266 4265 null'us
2294 4205 2547 4277 supplicii
2577 4204 2723 4266 linis,
2751 4217 2849 4254 nec
2885 4201 2967 4254 fas
3008 4209 3086 4251 est
3121 4198 3300 4264 eloqui
3328 4198 3411 4248 in-

1819 4305 2128 4364 tolerabiles
2160 4303 2211 4356 in
2248 4305 2368 4372 igne
2405 4297 2732 4353 inexstincto
2758 4293 3010 4348 dolores?
3048 4291 3266 4345 Hortari
3316 4305 3410 4342 vos

1821 4401 2010 4470 utique
2041 4397 2108 4451 ad
2141 4394 2508 4451 tolerantiam.
2531 4398 2795 4460 quantum
2829 4395 2911 4441 est
2943 4387 3108 4439 situm
3144 4387 3196 4437 in
3227 4385 3408 4442 nobis,

1823 4505 2002 4562 opera:
2044 4487 2280 4558 pretium
2309 4492 2412 4544 est,
2437 4483 2629 4535 saltem
2673 4479 2744 4532 ob
2770 4493 2864 4531 eos
2896 4476 2986 4545 qui
3021 4483 3268 4544 pereunt,
3302 4485 3350 4526 et
3382 4489 3411 4526 a

107 4599 264 4643 νους,
299 4580 399 4633 καὶ
426 4581 855 4643 ἐκπεπτωκότας
891 4583 991 4649 τῆς
1036 4582 1336 4651 ὑπομονῆς.
1386 4582 1443 4636 Ὀ
1493 4581 1705 4650 ἐπειγό-

1821 4583 2076 4650 patientia
2097 4578 2437 4634 exciderunt.
2463 4573 2566 4639 Qui
2600 4580 2828 4625 mortem
2850 4568 3153 4638 peccatoris
3199 4567 3414 4619 enixius

112 4689 286 4741 μενος
322 4672 420 4725 τὸν
462 4673 690 4726 θάνατον
723 4675 850 4727 ἰδεῖν
881 4674 975 4727 τοῦ
1007 4673 1358 4745 ἁμαρτωλοῦ,
1392 4676 1451 4727 οὐ
1493 4675 1718 4728 δύναται

108 4769 349 4836 εἰρήνην
401 4764 544 4834 ἔχειν
586 4768 722 4838 πρὸς
754 4766 844 4820 τὸν
878 4766 1012 4820 Θεόν
1040 4784 1053 4798 ο
1081 4760 1142 4819 οὗ
1167 4770 1349 4838 χεῖρον
1392 4767 1566 4821 οὐδέν.
1608 4768 1720 4819 Ἀεὶ

108 4861 224 4929 γὰρ
275 4861 335 4911 ὲν
392 4863 605 4931 ταραχῇ
657 4861 798 4914 κατά
841 4861 1019 4930 ψυχὴν
1065 4860 1369 4931 ἐπιθυμῶν,
1403 4861 1543 4931 ὅπερ
1589 4861 1722 4925 Θεὸς

111 4953 448 5018 ἀποστυγεῖ,
486 4953 580 5004 καὶ
606 4953 775 5007 θέλων
800 4953 828 5006 ὃ
856 4955 916 5006 οὐ
942 4953 1107 5009 θέλει.
1157 4954 1443 5007 Ἐντεῦθεν
1474 4954 1720 5024 ἀκηδίαι,

113 5044 401 5106 ἐκλύσεις,
428 5043 792 5116 βλασφημίαι,
821 5047 915 5099 καὶ
948 5046 1015 5099 τὰ
1046 5046 1209 5100 λοιπὰ
1243 5046 1603 5115 βλαστήματα
1621 5047 1722 5115 τῆς

115 5140 416 5208 πονηρίας.
451 5137 732 5207 Εῖπωμεν,
755 5139 1005 5208 ἀδελφοί·
1041 5139 1364 5207 Γενηθήτω
1393 5139 1460 5192 τὸ
1491 5138 1726 5207 θέλημὰ

114 5248 237 5287 σου
260 5248 278 5263 ο
310 5233 379 5284 ὲκ
414 5231 660 5302 καρδίας.
703 5232 1024 5301 Κτηνώὸης
1061 5232 1362 5302 ἐγενήθην
1407 5233 1566 5301 παρὰ
1600 5232 1722 5292 σοὶ,

120 5323 294 5392 κάγὼ
323 5323 657 5388 διαπαντὸς
676 5323 827 5391 μετὰ
847 5324 983 5379 σοῦ.
1021 5326 1131 5379 Καὶ
1163 5325 1336 5387 οὕτως
1361 5324 1727 5396 εἰρηνεύουσσι

118 5419 149 5483 ἦ
194 5413 350 5484 ψυχὴ
405 5415 724 5485 παρρησίαν
761 5415 872 5482 ἕξει
930 5417 1066 5485 πρὸς
1121 5417 1287 5470 Θεόν’
1339 5416 1724 5470 ὲκατονταετί-

123 5507 242 5570 ζειν
307 5509 366 5557 ὲν
407 5509 524 5568 τοῖς
573 5507 712 5578 ὑπὲρ
765 5508 930 5561 αὐτοῦ
991 5509 1284 5580 παθήμασι
1343 5509 1723 5580 προαιρουμέ-

124 5618 213 5668 νη.
256 5598 398 5652 Οῦτε
437 5600 549 5667 γὰρ
603 5601 698 5654 ἐὰν
746 5600 1137 5671 κατευξὼμεθα
1166 5601 1228 5654 τὸ
1260 5602 1442 5670 τάχος,
1487 5603 1721 5670 ἐπιστῇ·

122 5690 239 5742 οὒτ’
301 5690 368 5742 ἂν
423 5691 820 5762 ὲπευξώμεθα,
873 5693 1156 5765 βραδυνεῖ·
1206 5691 1344 5746 ἀλλὰ
1399 5693 1522 5746 τότε
1582 5692 1724 5758 ἦξει,

198 5833 244 5862 ³⁸
292 5829 336 5883 ll
366 5829 493 5884 Cor.
531 5846 605 5894 ιιι,
639 5829 696 5884 ‘2.
809 5830 854 5862 "
893 5831 1128 5899 Philipp.
1167 5846 1240 5894 tv,
1276 5831 1327 5884 i.

1437 5829 1482 5862 "
1523 5829 1540 5884 I
1574 5829 1770 5882 Thess.
1811 5845 1864 5890 ν,
1903 5827 1990 5880 16.

128 5906 172 5940 ⁵ο
221 5905 389 5959 item.
427 5919 484 5970 ιι,
518 5903 571 5957 4.
613 5903 654 5935 ⁴¹
689 5900 822 5958 ibid.
855 5901 909 5960 5.
984 5897 1251 5959 uMatth.
1285 5917 1359 5972 γι,
1394 5901 1479 5958 10.
1538 5901 1582 5935 ⁴³
1613 5899 1705 5957 Ρδε

1811 5915 1960 5966 .xxn,
1992 5897 2083 5957 ‘25.

1818 4683 1969 4747 Optat
2005 4671 2231 4736 intueri,
2287 4684 2472 4738 pacem
2529 4667 2574 4720 is
2621 4664 2822 4718 habere
2869 4677 2994 4715 cum
3033 4659 3141 4712 Deo
3176 4659 3407 4725 nequit:

1818 4786 1928 4840 quo
1959 4767 2094 4822 nihil
2125 4772 2210 4819 est
2241 4761 2458 4816 tetrius.
2493 4758 2723 4826 Semper
2753 4755 2898 4809 enim
2928 4752 3252 4823 perturbato
3283 4753 3404 4802 ani-

1821 4878 1912 4918 mo
1959 4870 2064 4925 est,
2092 4842 2344 4927 quisquis
2381 4868 2502 4922 qua:
2535 4851 2681 4904 Deus
2722 4858 3008 4902 aversatur
3057 4844 3283 4912 expetit,
3323 4852 3414 4893 aut

1821 4972 1885 5012 ea
1921 4955 2036 5007 vult
2087 4967 2207 5021 quae
2243 4948 2383 5001 Deus
2415 4946 2568 4998 nolit.
2605 4943 2741 4995 Hinc
2781 4941 2999 4994 nedium
3028 4979 3042 5002 ,
3077 4937 3245 4990 animi
3299 4936 3414 4985 lan-

1820 5063 1980 5120 guor,
2007 5041 2407 5098 maledicentia,
2444 5053 2506 5090 ac
2549 5034 2731 5087 caeteri
2769 5032 2982 5084 fructus
3022 5027 3415 5096 improbitatis.

1822 5118 2101 5194 Dicamus,
2153 5130 2370 5188 fratres,
2405 5124 2531 5178 Fiat
2582 5125 2823 5177 voluntas
2892 5121 3075 5183 tua“;
3136 5118 3301 5184 idque
3351 5130 3418 5167 ex

1821 5229 2021 5284 animo.
2080 5222 2147 5277 Ut
2180 5222 2482 5290 jnmentnm
2516 5216 2688 5284 factus
2729 5230 2843 5266 sum
2900 5212 3038 5278 apud
3102 5223 3170 5273 te,
3217 5217 3266 5260 et
3324 5222 3418 5273 ego

1821 5335 2024 5386 semper
2048 5313 2299 5370 tecum".
2332 5311 2509 5378 Atque
2540 5309 2610 5360 ita
2654 5315 2877 5376 pacatus
2907 5305 3123 5356 animus
3152 5300 3410 5353 lidueiam

1830 5410 2052 5466 habebit
2112 5407 2177 5460 ad
2242 5406 2407 5457 Deum
2430 5401 2493 5463 “,
2524 5408 2706 5453 certus
2767 5397 2849 5450 vel
2895 5409 3068 5448 annos
3106 5401 3326 5446 centum
3364 5390 3418 5440 in

1830 5505 2112 5559 laboribus
2141 5503 2257 5570 ejus
2283 5513 2449 5552 causa
2480 5496 2695 5563 degere.
2735 5493 2918 5561 Neque
2947 5491 3091 5544 enim
3123 5487 3165 5541 si
3208 5483 3418 5538 accele-

1833 5597 2100 5650 rationem
2135 5577 2516 5660 imprecemur,
2554 5587 2778 5642 instabit
2807 5603 2818 5638 :
2853 5601 2949 5636 nec
2981 5583 3025 5636 si
3056 5583 3419 5651 deprecemur

1837 5704 2043 5743 lnorant
2103 5687 2278 5740 faciet.
2319 5685 2422 5738 Sed
2477 5694 2607 5737 tunc
2655 5681 2854 5742 veniet,
2880 5677 3119 5746 quando,
3155 5675 3249 5744 qui
3295 5681 3422 5727 ante

2095 5825 2139 5857 ³⁸
2180 5824 2342 5877 Rom.
2374 5839 2490 5884 vni,
2527 5820 2610 5872 Π.
2714 5818 2758 5851 ³³
2798 5814 2842 5872 ll
2876 5814 3119 5872 Timoth.
3157 5827 3217 5879 tt,
3257 5811 3346 5867 12.

2178 5895 2222 5929 ⁸*
2255 5894 2276 5951 ι
2306 5892 2464 5951 Joau.
2502 5907 2586 5954 ιιι,
2619 5891 2709 5945 9.1.
