3934 6442
534 390 668 452 1255

1729 388 1790 445 S.
1821 386 2220 445 THEODORI
2251 387 2600 446 STUDITIE

3696 370 3814 433 1256

533 500 721 555 mundi
767 499 1216 554 constitutionem
1271 497 1501 563 deliniit,
1558 497 1856 551 convenire
1898 497 2109 568 justum

2245 497 2448 569 πηνίκα
2471 501 2500 550 ό
2525 497 2633 567 πρὸ
2662 494 2969 566 καταϐολῆς
2995 495 3199 564 κόσμου
3226 489 3498 559 διορίσας,
3524 483 3589 539 τὸ
3613 485 3814 554 συμφέ-

530 590 795 660 judicium
825 590 975 645 novit
1007 588 1170 644 Deus.
1204 588 1533 653 Precamini,
1564 602 1663 642 oro
1686 602 1804 653 vos,
1834 602 1935 657 pro
1958 588 2116 643 nobis

2242 605 2309 640 ιον
2360 588 2569 642 δίκαιον
2624 589 2797 657 κρῖμα
2847 581 2957 638 οἶδε
3008 584 3165 646 Θεός.
3232 575 3634 653 Προσεύχεσθε
3696 575 3812 645 περὶ

534 684 627 752 qui
686 693 1005 753 peccatores
1056 697 1272 745 sumus,
1311 690 1367 736 ut
1412 683 1646 736 salutem
1681 694 2115 751 consequamur.

533 776 794 831 Nicotaus
868 775 1038 830 frater
1111 788 1291 830 veSter
1335 783 1391 828 et
1448 788 1606 829 meus
1650 786 1843 828 omnes
1895 771 2115 828 salutat.

538 869 726 925 Gratia
756 869 1061 924 vobiscum.
1086 868 1283 922 Amen.

537 981 725 1037 XLIX.
755 1014 825 1026 --
858 980 1146 1036 Exsulibus
1172 990 1386 1051 propter
1412 978 1698 1033 Dominum
1718 980 1917 1033 sanctis
1942 976 2123 1032 Patri-

603 1077 697 1129 bus
734 1077 860 1144 meis
886 1071 1586 1145 spiritualibus,Tbeodorus
1615 1073 1867 1126 minimus
1898 1072 2116 1143 presby-

606 1179 684 1223 ter
713 1187 774 1223 ac
802 1172 1118 1237 preposilus
1143 1167 1500 1233 Studitarum,
1532 1168 1588 1221 in
1617 1166 1844 1220 Domino
1867 1164 2096 1219 salutem

2213 679 2375 750 ἡμῶν
2431 680 2540 733 τῶν
2605 676 2984 749 ἁμαρτωλῶν,
3044 671 3389 746 παρακαλῶ,
3459 670 3556 722 ῐνα
3618 666 3807 730 σωζοί-

2222 772 2382 844 μεθα.
2453 771 2512 826 ’0
2563 770 2795 840 ἀδελφὸς
2855 769 3009 840 ὑμῶν
3069 785 3136 839 τε
3188 766 3285 820 καὶ
3335 762 3473 834 ἐμοῦ
3545 760 3812 822 Νικόλαος

2220 866 2619 939 προσαγορεύει
2645 866 2913 931 ἅπαντας.
2953 865 3019 918 Ἦ
3056 865 3217 936 χάρις
3252 861 3370 934 μεθ’
3399 860 3583 931 ὖμῶνο
3622 858 3811 925 Ἀμήν·

2227 982 2365 1039 MO’.
2384 1014 2456 1025 —
2485 982 2616 1050 Τοῖς
2643 982 2743 1036 διὰ
2772 982 2992 1051 Κύριον
3036 976 3602 1049 πεφυταόευμένοις
3637 987 3812 1025 πνευ-

2294 1073 2567 1145 ματικοῖς
2594 1075 2784 1144 ἁγίοις
2810 1091 2929 1144 μου
2956 1070 3248 1140 Πατράσι,
3272 1069 3593 1145 Θεόδωρος
3616 1066 3814 1133 ἐλάχι-

2296 1183 2445 1233 στος
2461 1167 2882 1236 πρεσϐύτερος,
2897 1164 2997 1219 καὶ
3012 1164 3350 1234 ἡγούμενος
3365 1158 3485 1214 τῶν
3500 1155 3815 1219 Στουδίου,

2292 1259 2362 1313 ἐν
2383 1258 2578 1326 Κυρίῳ
2603 1258 2855 1327 χαίρειν.
2880 1252 3069 1329 [τνῇ

537 1353 682 1415 Quod
721 1351 902 1421 Christi
945 1365 1104 1421 causa
1118 1352 1317 1415 profugi
1349 1354 1656 1421 secesserint
1680 1350 2001 1421 in_montem_,
2026 1353 2305 1421 gratulatur
2345 1357 2577 1421 tanquam
2615 1351 2741 1421 caelo
2766 1362 2845 1421 [ac
2882 1347 2991 1397 Deo
3023 1344 3374 1421 propioribus}
3405 1355 3522 1392 mox
3557 1340 3622 1392 ad
3660 1340 3813 1399 varia,

934 1414 1064 1464 circa
1090 1408 1339 1477 lapsorum
1374 1427 1561 1477 pinnas,
1590 1415 1945 1477 vitandamque
1972 1408 2407 1464 l'conomachorum
2430 1408 2741 1471 societatem,
2763 1408 3074 1473 interrogata
3094 1408 3387 1470 respondet.

608 1498 705 1556 Vel
728 1501 797 1554 ab
818 1501 1126 1555 orthodoxo
1158 1515 1268 1554 uno
1303 1500 1553 1570 accipere
1580 1499 1785 1570 aliquid
1814 1500 2119 1555 litterarum

536 1589 869 1646 difﬁcillimis
919 1590 1071 1644 hisce
1110 1589 1666 1658 temporibus,multo
1708 1606 1838 1644 vero
1873 1592 2047 1660 magis
2087 1606 2119 1644 a

2298 1499 2411 1553 Καὶ
2434 1499 2527 1568 ἀφ’
2563 1497 2683 1560 ἑνὸς
2710 1494 2803 1549 τοῦ
2830 1493 3114 1566 ὀρθοδόξου
3157 1495 3220 1548 τὸ
3252 1490 3514 1559 δέξασθαι
3555 1504 3818 1560 γραμμα-

2228 1594 2368 1645 τεῖον
2395 1593 2451 1644 ὲν
2479 1592 2601 1653 ταῖς
2629 1588 2897 1660 χαλεπαῖς
2941 1587 3180 1658 ἡμέραις
3211 1585 3465 1647 ταύταις,
3500 1584 3581 1655 μὴ
3631 1584 3720 1635 ὅτι
3764 1597 3821 1648 γε

535 1682 725 1737 multis
755 1682 809 1735 in
839 1697 1007 1736 unum
1038 1682 1382 1752 congregatis
1406 1691 1515 1735 tam
1543 1697 1641 1751 pro
1670 1682 1774 1737 hac
1802 1690 2125 1752 tempestate

2242 1687 2295 1739 ὲκ
2316 1682 2529 1737 πολλῶν
2557 1684 2651 1735 ἐπὶ
2675 1682 2739 1735 τὸ
2768 1681 2899 1735 αὐτὸ
2934 1680 3393 1751 συνεληλυθότων,
3429 1676 3585 1740 ξένον
3612 1690 3733 1738 πως
3756 1674 3820 1743 τῷ

438 1848 459 1857 ἐ
535 1791 762 1841 novum,
814 1790 980 1845 quam
1044 1750 1240 1845 hyeme
1270 1790 1417 1839 ,rosa
1466 1750 1615 1830 foliis
1642 1775 1814 1830 dives.
1852 1750 1929 1830 Et
1958 1784 2042 1831 est
2072 1773 2125 1828 id

2242 1776 2427 1848 ιαιρῷ,
2456 1777 2533 1840 ὡς
2556 1777 2613 1841 ὲν
2639 1775 2873 1845 χειμῶνι
2894 1750 3236 1841 πολύφυλλον
3264 1771 3440 1843 ῥόδον.
3477 1769 3593 1821 Καὶ
3620 1771 3692 1837 τῇ
3725 1769 3821 1837 ἐμῇ

536 1866 834 1924 humilitati
882 1881 1016 1920 mete
1054 1865 1358 1934 jucundum
1414 1866 1469 1919 in
1533 1867 1768 1935 primis:
1805 1868 1878 1920 ita
1928 1875 1986 1920 ut
2043 1864 2127 1919 vel

537 1960 711 2029 ipsius
762 1958 1137 2028 inscriptionis
1166 1959 1366 2012 intuitu
1403 1957 1629 2027 spiritus
1659 1958 2034 2021 exsultaverit,
2069 1966 2125 2013 et

536 2051 759 2120 gratias,
792 2058 853 2103 ut
876 2065 974 2120 par
1003 2058 1107 2115 est,
1143 2048 1375 2103 Domino
1402 2050 1573 2117 egerit
1604 2068 1617 2103 :
1644 2049 1735 2118 qui
1779 2050 1835 2104 in
1868 2051 2125 2119 praesenti

538 2143 943 2214 persecutione,
967 2140 1258 2195 Achabicae
1284 2140 1703 2211 simili,reliquit
1722 2142 1827 2196 sibi
1860 2143 2126 2208 totviros,

536 2238 627 2307 qui
670 2252 772 2290 nou
820 2243 1172 2289 curvaverant
1207 2250 1378 2304 genua
1422 2244 1544 2288 ante
1602 2233 1957 2289 Baal“.Nec
1993 2252 2129 2305 pau-

537 2332 713 2385 ciores
742 2330 889 2385 enim
910 2343 1031 2384 esse
1061 2344 1206 2383 nunc
1236 2343 1359 2383 reor
1378 2329 1469 2397 qui
1490 2326 1649 2382 fracti
1675 2344 1783 2381 non
1811 2328 1940 2391 sint,
1963 2344 2127 2397 quam

541 2432 672 2478 tunc
719 2424 868 2477 luere
899 2438 914 2475 :
958 2438 1066 2476 non
1113 2431 1334 2490 propter
1360 2436 1455 2477 eos
1489 2422 1652 2475 modo
1682 2422 1777 2491 qui
1811 2437 1879 2476 ex
1912 2422 2131 2478 confes-

538 2517 692 2570 sione
733 2515 1092 2569 innotuerunt
1126 2530 1139 2565 :
1170 2528 1362 2567 verum
1391 2514 1553 2567 etiam
1580 2514 1652 2567 ob
1689 2529 1786 2569 eos
1816 2514 1910 2583 qui
1943 2514 2051 2569 huc
2074 2524 2128 2569 et
2166 2574 2171 2577 ,

538 2609 670 2663 illuc
706 2608 1009 2662 incolumes
1043 2621 1289 2667 evasere,
1326 2608 1383 2659 in
1434 2606 1813 2660 solitudinibus
1868 2616 2129 2672 errantes,

537 2705 596 2752 in
630 2701 890 2753 utentibus
914 2738 928 2761 ,
962 2709 1011 2752 et
1073 2697 1357 2767 speluncis,
1389 2707 1438 2749 et
1485 2698 1721 2750 cavernis
1772 2696 2023 2762 terrae“;
2074 2704 2133 2751 ut

539 2793 784 2861 Apostoli
835 2792 1015 2845 verbis
1058 2800 1181 2845 utar
1214 2807 1227 2843 :
1260 2788 1723 2859 quemadmodum
1778 2798 1981 2843 emtum
2035 2804 2130 2842 ve.—

542 2894 718 2939 strum
758 2895 917 2935 mons
948 2880 1039 2933 ille
1073 2878 1354 2949 tergemini
1388 2878 1628 2938 verticis,
1668 2886 1933 2945 tanquam
1966 2880 2134 2933 decus

544 2974 853 3030 immortale
902 2982 1252 3033 consecutus,
1288 2978 1550 3026 ostentat.
1594 2970 1704 3023 Deo
1748 2969 1917 3040 igitur
1948 2980 2133 3040 grates

543 3067 787 3135 agendas,
815 3065 907 3134 qui
940 3064 1096 3118 dives
1124 3071 1207 3116 est
1228 3062 1283 3115 in
1307 3076 1427 3127 vos,
1458 3070 1512 3115 et
1545 3060 1599 3114 in
1624 3076 1816 3116 omnes
1846 3062 1941 3131 qui
1975 3063 2128 3117 invo-

541 3169 671 3214 cant
708 3172 905 3211 nomen
939 3156 1059 3226 ejus
1091 3156 1161 3213 ⁵⁷.
1200 3154 1424 3209 Sacram
1480 3154 1624 3208 banc
1672 3163 1911 3208 vestram
1946 3154 2129 3226 fugam

540 3251 706 3307 laudo
732 3268 744 3304 :
766 3258 1005 3305 vestrum
1037 3248 1167 3303 illud
1210 3248 1263 3301 in
1295 3256 1480 3302 monte
1504 3247 1843 3302 domicilium
1873 3248 2131 3315 przedico,

543 3346 923 3401 calamitosum
971 3341 1100 3397 illud
1154 3341 1375 3411 quidem
1422 3379 1438 3403 ,
1489 3340 1582 3395 sed
1637 3349 1816 3393 tamen
1860 3339 2131 3394 divinum.

540 3434 721 3490 Moses
748 3436 799 3487 in
837 3442 1022 3487 monte
1045 3431 1176 3486 Sina
1205 3446 1330 3485 cum
1364 3428 1471 3484 Deo
1508 3438 1593 3484 est
1621 3428 1951 3484 collocutus.
1984 3428 2134 3485 Elias

541 3531 597 3585 in
632 3536 818 3583 monte
871 3524 1052 3580 lloreb
1086 3524 1256 3578 Deum
1288 3520 1523 3585 intueri,
1574 3531 1839 3591 quantum
1893 3520 1977 3575 l'as
2028 3531 2132 3585 est,

543 3624 761 3675 meruit.
795 3619 956 3674 Jesus
991 3620 1107 3688 ipse
1151 3614 1529 3670 divinissimus
1582 3613 1636 3667 in
1675 3621 1915 3668 montem
1945 3628 2137 3669 ascen-

541 3714 624 3768 dit
654 3722 710 3766 ut
732 3713 915 3776 homo,
939 3710 1006 3764 ad
1033 3710 1323 3763 orandum.
1347 3706 1487 3771 Quid
1514 3706 1659 3761 istud
1688 3706 1766 3761 rei
1783 3706 2135 3776 est?signum

543 3820 664 3861 esse
696 3804 951 3857 existimo
987 3803 1185 3856 mentis
1208 3798 2000 3868 ascensus,contemplandum
2033 3812 2133 3850 no-

545 3900 650 3955 bis.
678 3896 815 3951 Nam
847 3897 925 3951 uti
956 3910 1117 3951 mons
1153 3893 1356 3949 elatior
1394 3903 1478 3948 est
1509 3892 1757 3962 subjecta
1792 3890 2016 3961 planitie
2056 3888 2137 3943 lo-

545 3992 736 4062 cisque
761 3989 1019 4045 concavis
1058 4005 1072 4041 :
1104 3986 1293 4039 eadem
1327 3984 1680 4054 proportione
1723 3980 1996 4051 precantis
2019 3981 2137 4033 ani-

545 4103 673 4143 mus
699 4102 766 4142 ex
804 4083 1024 4140 sublimi
1070 4083 1189 4135 loco
1216 4080 1464 4136 ascendit
1496 4078 1563 4132 ad
1618 4076 1815 4131 Deum.
1848 4073 2065 4140 Videte,
2104 4088 2136 4128 ο

545 4177 1019 4239 desideratissimi,
1042 4175 1221 4243 qualis
1247 4182 1301 4226 et
1344 4181 1555 4242 quanta
1588 4170 1750 4225 sedes
1802 4181 1984 4224 vestra
2036 4168 2131 4221 sit.

544 4272 725 4327 Nostri
750 4284 912 4341 porro
935 4274 1285 4331 mementote,
1316 4264 1411 4334 qui
1438 4273 1757 4334 peccatores
1791 4278 2009 4329 sumus,
2039 4262 2137 4331 qui

550 4367 638 4421 hic
671 4363 822 4418 humi
847 4362 1099 4433 degimus
1135 4378 1148 4413 :
1178 4368 1238 4414 ut
1258 4358 1642 4415 consocicmnr
1667 4356 1849 4422 vobis,
1882 4355 1978 4427 qui
2007 4358 2140 4410 estis

2227 1869 2554 1931 ταπεινώσει
2577 1868 2768 1939 χάριεν
2805 1867 2886 1920 ὅτι
2918 1864 3187 1937 μάλιστα·
3218 1863 3362 1916 ὥστε
3396 1861 3495 1915 ἀπ’
3528 1860 3710 1928 αὐτῆς
3735 1861 3821 1929 τῆς

2229 1959 2561 2032 προγραφῆς
2612 1958 2906 2030 σκιρτῆσαι
2942 1976 3044 2029 μου
3087 1956 3150 2010 τὸ
3188 1955 3430 2025 πνεῦμα,
3460 1955 3558 2007 καὶ
3591 1954 3822 2023 ἁνθομο⁹

2228 2054 2571 2124 λογήσασυαι
2600 2050 2796 2123 Κυρίῳ
2820 2051 2889 2105 τὰ
2914 2050 3101 2104 εἰκότα
3130 2066 3145 2080 ’
3175 2048 3234 2111 ὃς
3261 2051 3356 2102 καὶ
3390 2051 3449 2101 ὲν
3485 2046 3570 2115 τῷ
3601 2047 3821 2115 παρόντι

2242 2146 2554 2218 Ἀχαὸαῖκῷ
2578 2146 2825 2215 διωγμῷ,
2857 2144 3183 2198 κατέλιπεν
3202 2140 3395 2207 ἐαυτῷ
3425 2140 3727 2203 τοσούτους
3745 2139 3821 2208 μὴ

2228 2240 2586 2309 κάμψαντος
2609 2239 2757 2307 γόνυ
2781 2236 2853 2307 τῇ
2872 2237 3059 2291 Βάαλ.
3083 2231 3371 2305 υῐμαιγὰρ
3390 2233 3502 2286 τῶν
3523 2233 3823 2303 τηνικαῦτα

2234 2332 2556 2406 ἰσαρίθμους
2580 2328 2723 2386 εἷναι
2741 2331 2868 2395 τοὺς
2892 2330 2986 2383 νῦν
3006 2331 3285 2400 ἁκαμπεῖς
3301 2346 3317 2361 ·
3346 2330 3406 2381 οὐ
3426 2328 3594 2398 μόνον
3616 2327 3707 2381 διὰ
3725 2327 3824 2379 τῶν

2232 2428 2311 2489 εἰς
2339 2421 2618 2495 προῦπτον
2648 2421 2919 2493 κειμένων
2948 2421 3009 2487 ἐξ
3040 2422 3333 2492 ὁμολογίας
3361 2438 3375 2452 ·
3413 2419 3559 2473 ἀλλὰ
3600 2419 3713 2490 γὰρ
3741 2419 3825 2471 καὶ

2230 2519 2318 2572 διὰ
2346 2517 2453 2571 τῶν
2474 2511 2578 2571 ὦδέ
2601 2533 2661 2569 τε
2688 2516 2913 2569 κάκεῖσε
2935 2515 3411 2585 διασεσωσμένων,
3430 2512 3505 2565 ἐν
3529 2513 3822 2582 ἐρημίαις,

2231 2611 2330 2663 καὶ
2362 2609 2550 2677 ὄρεσι,
2575 2608 2675 2661 καὶ
2706 2608 3038 2676 σπηλαίοις
3065 2607 3165 2662 καί
3188 2606 3318 2673 ταῖς
3343 2604 3523 2672 ὀπαῖς
3557 2605 3676 2675 τῆς
3699 2605 3822 2676 τῆς,

2231 2699 2609 2763 ἀποπολικῶς
2649 2700 2855 2753 εἰπεῖν’
2891 2699 3147 2769 καθάπερ
3190 2699 3291 2751 καὶ
3310 2696 3413 2767 τὴν
3457 2696 3624 2767 ὑμῶν
3658 2698 3826 2768 opaea

2231 2793 2293 2845 τὸ
2353 2793 2686 2863 τρικόρυφον
2743 2791 2869 2862 ὅρος
2928 2791 3005 2853 ὠς
3057 2788 3371 2861 τρισόλϐιον
3438 2788 3607 2854 κλέος
3671 2790 3827 2858 φέρον

2234 2886 2556 2957 ὡραϊζεται.
2596 2885 2773 2955 Χάρις
2810 2880 2903 2937 οῦν
2931 2883 3009 2954 τῷ
3035 2881 3154 2951 Θεῴ
3187 2880 3267 2951 τῷ
3289 2880 3641 2936 ,πλουτοῦντι
3690 2882 3829 2951 ὑμᾶς

2237 2979 2334 3032 σὺν
2404 2978 2538 3031 πᾶσι
2597 2979 2710 3039 τοῖς
2767 2972 3223 3053 ἐπικαλουμένοις
3283 2972 3346 3026 τὸ
3408 2972 3590 3043 ὄνομα
3642 2971 3827 3025 αὐτοῦ.

2249 3069 2488 3123 Ἐπαινῶ
2519 3068 2618 3138 τὴν
2644 3067 2798 3137 ἱερὰν
2824 3064 3117 3135 φυγαδείαν
3146 3065 3301 3134 ὑμῶν
3322 3081 3339 3096 ο
3365 3064 3526 3134 ὐμνῶ
3547 3066 3653 3135 τὴν
3680 3067 3830 3135 ὀρει-

2241 3159 2337 3227 νὴν
2369 3157 2644 3212 συνοικίαν
2676 3155 2832 3226 ὑμῶν
2850 3173 2866 3188 ·
2891 3155 2972 3208 ὅτι
2995 3156 3042 3207 εί
3071 3154 3167 3207 καὶ
3194 3152 3503 3224 τληπαθὴς,
3532 3153 3689 3222 ὅμως
3718 3150 3831 3203 θεο⁴

2241 3249 2414 3311 ποιός.
2462 3247 2665 3317 Μωσῆς
2712 3249 2772 3299 ὲν
2819 3246 2938 3317 δρει
2982 3245 3061 3315 τῷ
3104 3244 3302 3311 Σιναίῳ
3342 3241 3466 3313 Θεῷ
3510 3242 3829 3312 συνωμίλει.

2254 3339 2440 3401 Ἠλίας
2486 3341 2543 3394 ἐν
2589 3338 2706 3408 ὄρει
2760 3338 2838 3408 τῷ
2870 3335 3074 3408 Χωρὴό
3102 3335 3257 3405 ,Θεὸν
3314 3334 3446 3387 ἰδεῖν
3498 3333 3578 3397 ὡς
3613 3333 3832 3387 δυνατὸν

2240 3432 2493 3502 ἠξίωται.
2539 3432 2747 3501 Ἰησοῦς
2774 3431 2935 3494 αὐτὸς
2962 3433 2992 3483 ὁ
3025 3427 3469 3500 θεαρχικὼτατος
3510 3429 3595 3492 εἰς
3624 3428 3688 3482 τὸ
3714 3428 3833 3498 δρος

2241 3526 2451 3580 ἄνεισιν
2498 3521 2988 3595 ἀνθρωποπρεπῶς
3033 3519 3461 3593 προσεύξασθαι.
3521 3521 3594 3574 Τί
3645 3518 3831 3581 τοῦτος

2242 3620 2267 3671 ὲ
2277 3621 2368 3689 μοι
2408 3619 2556 3671 δοκεῖ
2595 3616 2862 3687 σύμϐολον
2890 3614 2991 3684 τῆς
3023 3615 3165 3670 κατὰ
3193 3614 3373 3686 ψυχὴν
3402 3614 3733 3677 ἀναδάσεως
3752 3611 3836 3665 ιτδ

2244 3709 2511 3781 θεώρημα
2552 3704 2713 3765 εἶναι.
2757 3708 2844 3771 Ὦς
2890 3708 2999 3778 γὰρ
3037 3709 3099 3760 τὸ
3138 3706 3263 3778 ὅρος
3299 3706 3696 3778 ὑπερανεστώς
3723 3707 3835 3758 ἐστι

2243 3801 2342 3871 τῆς
2369 3799 2642 3871 ὑπωρείου
2683 3799 2934 3862 πεδιάδος
2963 3800 3059 3853 καὶ
3087 3798 3188 3869 τῆς
3211 3798 3559 3870 κοιλότητοςο
3598 3797 3837 3864 τοσούτῳ

2241 3893 2305 3962 δὴ
2349 3893 2536 3963 μέτρῳ
2582 3893 2611 3945 ὁ
2654 3890 2779 3955 νοῦς
2829 3891 2924 3945 τοῦ
2970 3892 3415 3963 προσευχομένου
3463 3892 3651 3946 ἄνεισι
3702 3889 3836 3959 πρὸς

2242 3984 2375 4037 Θεὸν
2396 3983 2486 4035 διὰ
2512 3981 2610 4035 τοῦ
2638 3981 2917 4052 μετεώρου
2940 3982 3133 4036 τόπου.
3176 3981 3395 4051 Ὁρᾶτε,
3419 3973 3465 4033 ὧ
3495 3981 3835 4053 τριπόθητοι,

2242 4070 2354 4129 οἷον
2388 4076 2484 4128 καὶ
2516 4074 2703 4145 ἡλίκον
2742 4073 2899 4145 ὑμῶν
2943 4074 3005 4127 τὸ
3054 4074 3401 4146 ἐνδιαίτημα.
3438 4071 3835 4143 Μιμνήσκεσοε

2244 4168 2341 4220 καὶ
2367 4166 2526 4237 ἡμῶν
2552 4165 2661 4219 τῶν
2691 4165 3033 4237 ἁμαρτωλῶν
3076 4165 3172 4219 καὶ
3200 4164 3510 4236 χαμοζώων
3540 4162 3797 4216 ἐντεῦθεν
3821 4176 3833 4187 ·

2245 4259 2321 4323 ὡς
2353 4257 2420 4313 ἂν
2448 4256 2854 4329 συναφθείημεν
2880 4258 3010 4327 ὑμῖν
3030 4260 3143 4319 τοῖς
3170 4256 3491 4325 ὐψιπετὲσιν
3523 4256 3706 4317 ἀετοῖς
3730 4254 3841 4307 Κν-

2249 4352 2384 4426 ρίου.
2426 4351 2564 4405 Ἀλλ’
2588 4351 2760 4421 ἐχέτω
2786 4350 2883 4419 μὲν
2907 4349 3079 4402 ταῦτα
3100 4342 3297 4411 ὧδε,“εί
3324 4348 3420 4400 καὶ
3444 4347 3474 4398 ὁ
3500 4347 3668 4410 πόθος
3688 4346 3839 4417 ᾄττει

548 4458 787 4514 altivolaa
813 4454 1031 4510 Domini
1051 4454 1269 4523 aquilae.
1294 4452 1399 4507 Sed
1419 4452 1486 4507 de
1522 4451 1607 4506 his
1638 4449 1931 4512 hactenus,
1963 4461 2135 4517 quan.

2249 4446 2412 4499 πλέον
2438 4445 2639 4513 λέγειν.
2669 4443 2733 4495 Τί
2759 4443 2818 4495 δὲ
2850 4443 2931 4505 εἰς
2958 4440 3215 4493 τοσοῦτον
3239 4437 3540 4509 ἐληλύθατε
3563 4438 3841 4491 ταπεινώσ-

543 4567 709 4623 quam
747 4550 899 4618 plura
928 4546 1111 4601 dicere
1141 4546 1294 4600 ardet
1326 4545 1566 4598 animus.
1599 4543 1731 4608 Quze
1762 4556 1890 4594 vero
1918 4550 2027 4593 tam
2051 4539 2146 4592 de-

547 4645 712 4698 misse
739 4641 806 4695 de
829 4639 984 4718 vybis
1016 4639 1223 4693 sentire
1286 4627 1456 4691 caus'a
1508 4634 1824 4703 impulit,ut
1854 4648 1883 4685 a
1912 4646 2020 4695 me,
2052 4635 2146 4699 qui

547 4752 669 4793 sum
698 4735 981 4797 indoctus,
1007 4744 1272 4798 responsa
1312 4729 1537 4782 discatis
1574 4727 1641 4780 ad
1665 4728 1998 4794 interrogata
2024 4737 2147 4793 quae

549 4828 855 4898 protulistis
872 4826 894 4878 ?
912 4840 1034 4877 cum
1052 4838 1175 4892 quae
1190 4820 1395 4875 Christi
1414 4820 1586 4889 gratia
1603 4826 1706 4881 est,
1724 4816 1853 4886 quid
1873 4817 2145 4885 agendum

550 4924 730 4991 sitper
755 4935 873 4983 vos,
898 4917 1001 4985 ipsi
1022 4915 1249 4969 teneatis
1269 4913 1380 4967 :sin
1411 4910 1615 4971 minus,
1652 4926 1743 4978 per
1760 4923 1854 4963 eos
1878 4917 2023 4962 certe
2052 4906 2145 4974 qui

549 5028 603 5070 et
627 5014 885 5081 dignitate
914 5007 1197 5065 etdicendi
1232 5005 1492 5060 facultate
1528 5012 1810 5073 praastant.
1835 4999 1977 5055 Sunt
1998 5000 2145 5054 enim

551 5103 792 5174 plurimi,
822 5110 882 5156 ut
914 5098 1282 5155 subindicavit
1303 5094 1501 5157 oratio,
1522 5110 1662 5163 quos
1683 5093 1899 5147 edoceri
1922 5105 2147 5145 necesse

547 5207 651 5253 est.
677 5196 894 5251 Veritus
920 5194 1085 5265 igitur
1110 5207 1177 5246 ne
1206 5204 1303 5244 vos
1329 5186 1675 5251 contristare,
1693 5186 1965 5254 simulque
1989 5183 2145 5237 vobis

554 5290 935 5357 obtemperare
970 5285 1113 5339 nolle
1135 5284 1322 5337 videar
1345 5302 1358 5337 :
1382 5290 1581 5337 memet
1612 5280 1680 5334 ad
1712 5292 1917 5332 morem
1952 5292 2141 5347 geren-

549 5380 679 5433 dum
716 5380 965 5446 accingo.
1006 5377 1076 5429 At
1106 5374 1238 5429 illud
1297 5374 1451 5444 prius
1499 5372 1675 5426 habeo
1720 5370 1906 5424 dicere
1944 5385 1958 5422 :
1994 5367 2139 5422 banc

554 5471 812 5525 haeresim
846 5470 862 5538 (
890 5484 1207 5538 quanquam
1253 5468 1557 5533 majoribus
1586 5466 1701 5519 visa
1736 5464 1875 5517 forte
1905 5472 2009 5528 est,
2041 5471 2137 5515 ant

552 5564 881 5632 quibusdam
912 5561 1211 5615 etiamnum
1268 5561 1540 5621 videatur,
1574 5574 1682 5612 non
1738 5557 1969 5611 scelesta
2004 5555 2142 5610 adeo

556 5673 655 5711 nec
680 5656 837 5710 valde
866 5656 1107 5725 gravis),
1136 5653 1268 5707 mibi
1293 5663 1461 5717 certe,
1496 5653 1590 5722 qui
1622 5652 1789 5705 hebes
1820 5665 1967 5713 sum,
2000 5648 2141 5702 nihil

555 5750 701 5803 aliud
761 5749 952 5813 videri,
993 5764 1158 5818 quam
1213 5746 1419 5802 Christi
1479 5746 1825 5816 negationem
1880 5756 2023 5798 esse.
2082 5740 2139 5797 Si

2255 4554 2391 4599 σεως
2419 4537 2639 4607 μέτρον,
2672 4534 2802 4604 παρ’
2834 4533 2971 4602 ἐμοῦ
3001 4531 3096 4585 τοῦ
3120 4530 3364 4601 ἀμαθοῦς
3393 4530 3587 4600 μαθεῖν
3604 4524 3680 4584 ὧν
3702 4547 3842 4601 προ-

2250 4629 2487 4681 ετείνατε
2520 4627 2768 4680 πεύσεων
2792 4624 2891 4687 τὰς
2913 4624 3237 4695 ἀποκρίσεις
3259 4640 3273 4688 ;
3308 4621 3465 4677 αὐτοὶ
3489 4622 3678 4693 χάριτι
3706 4623 3843 4693 Χρι-

2252 4720 2377 4773 στοῦ
2425 4721 2518 4787 ἀφ’
2568 4717 2778 4772 ἑαυτῶν
2813 4718 3013 4781 εἰδότες
3066 4717 3129 4770 τὸ
3158 4716 3311 4770 δέονο
3366 4717 3414 4769 εί
3456 4716 3515 4769 δὲ
3553 4717 3655 4786 μὴ,
3703 4715 3842 4785 πρὸς

2248 4816 2355 4868 τῶν
2391 4814 2735 4886 προεχόντων
2782 4812 2877 4865 καὶ
2920 4808 3194 4880 ἀξιώματι
3233 4809 3327 4862 καὶ
3369 4808 3538 4878 λόγῳ.
3574 4806 3699 4860 Εἰσὶ
3728 4809 3843 4876 γάρ

2248 4907 2605 4971 πλεῖστοι,ὼς
2629 4903 2906 4969 ὑπέδειξεν
2933 4907 2962 4958 ὁ
2990 4902 3168 4972 λόγος,
3186 4902 3494 4971 ὀφείλοντες
3522 4899 3843 4969 ἐκδιδαχθῆ-

2246 5020 2356 5056 ναι.
2384 5002 2483 5055 ⁹Ἰν’
2516 4996 2612 5055 οὖν
2654 5001 2728 5071 μὴ
2772 4998 2907 5063 δόξω
2948 4998 3136 5051 λυπεῖν
3162 4997 3328 5067 ὑμᾶς,
3358 4996 3477 5065 ἅμα
3513 5011 3576 5047 τε
3624 4995 3719 5047 καὶ
3748 4992 3841 5044 δε-

2247 5096 2376 5159 διὼς
2422 5094 2487 5148 τὸ
2535 5095 2790 5164 ἀνήκοον,
2848 5091 3081 5162 καθίημι
3137 5088 3372 5161 ἐμαυτὸν
3424 5088 3564 5159 πρὸς
3609 5089 3673 5140 τὸ
3714 5086 3842 5139 ἐπί-

2246 5205 2455 5258 ταγμα.
2502 5186 2663 5239 Ἀλλὰ
2693 5184 2906 5256 πρῶτον
2938 5185 3115 5236 ἐκεῖνο
3138 5182 3247 5253 ἔχω
3272 5181 3330 5234 λέ
3345 5196 3480 5252 τειν·
3506 5181 3591 5234 ὅτι
3621 5182 3657 5250 ἡ
3687 5179 3844 5249 αἴρει

2248 5299 2333 5343 σις
2382 5280 2543 5351 αῦτη,
2576 5280 2626 5332 εἰ
2663 5279 2762 5332 καὶ
2794 5280 2906 5342 τοῖς
2950 5276 3317 5348 προλαϐοῦσιν
3351 5274 3528 5345 ἐφάνη
3567 5272 3765 5334 ἄλλως.
3806 5270 3840 5340 ἦ

2246 5373 2337 5426 καί
2368 5390 2479 5425 τισι
2513 5371 2755 5441 φαίνοιτο
2796 5369 2915 5435 νῦν,
2947 5369 3319 5439 μεσοπόνηρος
3360 5368 3456 5421 καὶ
3480 5367 3542 5418 οὐ
3573 5365 3695 5418 λίαν
3733 5380 3840 5432 χαι-

2244 5468 2414 5537 λεπή,·
2443 5468 2566 5535 ἐμοὶ
2606 5463 2738 5531 γοῦν
2781 5464 2860 5535 τῷ
2893 5462 3189 5533 ἀμύδρωπι
3234 5462 3387 5515 οὐδὲν
3425 5459 3557 5514 ἄλλο
3587 5457 3755 5521 δοκεῖ,
3802 5456 3838 5525 ἦ

2243 5562 2474 5633 ἄρνησις
2528 5558 2764 5633 Χριστοῦ
2828 5554 2990 5611 εἶναι.
3046 5557 3109 5609 Ei
3157 5556 3267 5626 γὰρ
3317 5556 3375 5607 ὲν
3434 5554 3502 5623 τῇ
3553 5550 3721 5604 είκόνι
3778 5546 3842 5599 τὸ

2244 5653 2551 5723 ἀρχέτυπον
2580 5650 2923 5721 ὲκφαίνεται,
2967 5640 3042 5711 ὥς
3075 5664 3241 5717 φησιν
3284 5648 3313 5699 ὁ
3342 5644 3621 5712 πάνσοφος
3647 5637 3838 5694 Διονύ-

2246 5761 2361 5804 σιος
2381 5761 2394 5775 ·
2428 5745 2525 5797 καὶ
2560 5746 2609 5797 εί
2647 5746 2681 5815 ἡ
2713 5742 2813 5813 τῆς
2840 5739 3049 5804 εἰκόνος
3080 5737 3218 5810 τιμὴ
3263 5739 3358 5792 ἐπὶ
3386 5736 3448 5790 τὸ
3482 5732 3837 5807 πρωτότυπον

622 5886 671 5919 ⁵⁸
696 5886 763 5942 ιιι
802 5883 935 5957 Reg.
964 5899 1077 5951 XIX,
1108 5883 1196 5939 18.
1259 5883 1305 5917 ⁸⁸
1337 5880 1503 5939 Hebr.
1526 5897 1602 5949 χι,
1641 5881 1729 5936 38.
1802 5880 1846 5913 ⁸⁷
1872 5878 2032 5935 Rom.
2074 5894 2131 5945 κ,
2164 5877 2252 5933 l2.
