3934 6472
184 400 327 464 1257

1391 408 1932 469 EPISTOLABUM
2009 411 2150 470 Lili-
2201 415 2283 474 li.

3331 422 3488 490 1258

172 511 470 576 διαϐαίνει,
508 508 584 575 ὥς
617 529 784 582 φησιν
817 515 845 567 ὁ
878 511 1050 584 μέγας
1077 515 1357 581 Βασίλειος
1381 537 1393 550 ·
1431 519 1735 583 ἐξουδένωττ

1839 525 1861 578 ι
1889 517 2037 573 enim
2062 520 2115 573 in
2149 512 2390 592 imagine
2421 523 2780 596 archetypum
2819 527 3020 592 elucet,
3056 540 3111 583 ut
3140 532 3485 601 sapientissi-

170 605 236 659 δὲ
279 605 374 659 νῦν
415 607 450 677 ἡ
487 605 653 658 εἰκὼν
682 605 944 678 Χριστοῦ,
975 609 1232 680 ἤρνηται,
1263 612 1577 684 πεπάτηται
1625 613 1780 682 παρά

167 699 289 754 τῶν
329 700 732 771 Χριστομάχων
755 717 769 731 ·
817 703 926 773 ἄρα
959 705 1019 756 ἐν
1057 707 1125 776 τῇ
1158 705 1325 758 εἰκόνι
1374 707 1540 759 αὐτοῦ
1572 709 1667 759 καὶ
1691 707 1780 760 διὰ

168 797 280 864 τῆς
317 793 524 858 εἰκόνος
557 794 766 866 ἠρνήθη
811 797 1068 866 Χριστὸς,
1101 800 1405 869 ἠτιμάσοη,
1437 800 1777 871 ἀπεδοκιμά-

170 887 284 960 σθη
333 888 640 953 Ἰουδαϊκῶς
670 906 684 920 ·
722 890 816 943 καὶ
843 891 1074 954 ἀλλοίως
1098 893 1199 946 οὐκ
1232 893 1381 947 ἔστιν
1404 896 1779 965 ὑπεξαγαγεῖν

164 978 234 1032 τὺ
267 979 551 1052 Θεώρημα.
587 980 686 1035 Διά
718 981 875 1036 τοῦτο
905 983 1120 1056 Ορήνων
1159 986 1251 1038 καὶ
1292 988 1542 1040 κοπετῶν
1585 989 1613 1041 ὁ
1651 1008 1775 1043 και-

169 1070 269 1139 ρός
291 1087 306 1100 ·
333 1071 420 1123 διὰ
445 1074 604 1125 τοῦτο
632 1077 723 1124 καὶ
755 1073 1000 1128 τοσοῦτοι
1026 1077 1076 1128 οἰ
1111 1078 1478 1145 ἐνιστάμενοι,
1515 1080 1575 1132 οὐ
1611 1081 1774 1151 μόνον

164 1161 391 1232 ἄνδρες,
417 1164 552 1218 ἀλλὰ
581 1167 674 1219 καὶ
704 1170 968 1235 γυναῖκες
987 1185 1001 1198 ·
1038 1169 1110 1233 ὡς
1145 1170 1384 1239 λογικῶς
1416 1191 1477 1226 τε
1510 1176 1602 1228 καὶ
1633 1193 1775 1246 πρα-

162 1253 460 1322 γματικῶς
498 1256 838 1327 ἀρνουμένου
877 1259 1119 1329 Χριστοῦ
1143 1277 1156 1290 ·
1190 1261 1326 1332 ὅπερ
1351 1264 1444 1317 ἐπὶ
1471 1265 1578 1317 τῶν
1604 1267 1771 1321 πάλαι

159 1343 440 1413 αἱρέσεων
468 1346 568 1398 οὐκ
590 1340 802 1400 ὦπται·
829 1347 1067 1416 λογικῶς
1100 1352 1220 1420 μὲν,
1256 1355 1314 1406 ἐν
1337 1354 1413 1424 τῷ
1444 1355 1623 1425 λέγειν
1645 1359 1772 1423 τοὺς

157 1437 410 1502 ἀσεὸεῖς,
446 1440 521 1511 μὴ
563 1437 674 1493 οἷόν
716 1460 776 1494 τε
810 1443 1191 1514 ἐγγεγράφθαι
1239 1449 1478 1517 Χριστὸν
1515 1451 1770 1522 σώματος

155 1532 513 1601 χαρακτῆρι·
549 1537 952 1604 πραγματικῶς
985 1538 1063 1603 δὲ,
1104 1540 1184 1592 ὅτι
1225 1543 1552 1614 καθαιροῦσι
1584 1549 1768 1603 πᾶσαν

157 1624 357 1676 εἰκόνα
391 1625 552 1693 ἁγίαν
577 1627 838 1695 Χριστοῦ,
861 1631 962 1699 τῆς
989 1631 1275 1701 Θεοτόκου,
1309 1637 1580 1705 ἀγγέλων,
1608 1641 1764 1711 ἁγίου

156 1717 500 1797 παντὸςκαὶ
530 1721 711 1787 ἁγίας,
760 1724 826 1775 ἐκ
867 1725 1051 1797 πάσης
1091 1728 1441 1800 Ἑκκλησίας,
1478 1734 1586 1788 ἀπὸ
1629 1754 1764 1790 παν-

150 1810 254 1873 τὸς
294 1811 441 1881 ἱεροῦ
470 1814 846 1884 ἀναθήματος,
880 1818 1014 1888 πυρὶ
1043 1821 1449 1891 παραδιδόντες,
1484 1829 1760 1883 ἐπιτωθά-

150 1903 372 1968 ζοντες,
409 1906 679 1972 γελῶντες
708 1909 768 1963 τὸ
806 1911 951 1980 μέγα
981 1913 1080 1984 τῆς
1108 1915 1411 1980 εὐσεϐείας
1434 1923 1754 1993 μυστήριον,

152 1996 443 2068 βδέλυγμα
475 2001 712 2071 Χριστὸν
741 2005 1198 2077 ἐγγεγραμμένον
1224 2011 1320 2064 σὺν
1339 2013 1526 2083 Μητρὶ
1553 2018 1646 2068 καὶ
1670 2015 1756 2070 Θε-

151 2089 429 2161 ράπουσιν
459 2094 866 2161 ἀποκαλοῦντες
887 2100 1052 2170 ’ὅπερ
1083 2105 1300 2171 φρονεῖν
1331 2105 1425 2158 καὶ
1455 2106 1634 2176 λέγειν
1660 2110 1754 2164 καὶ

147 2182 444 2252 πράττειν,
522 2183 792 2242 Ἰουδαίων
846 2191 967 2244 ἐστὶ
1017 2193 1113 2246 καὶ
1171 2193 1461 2268 Ἑλλήνων.
1518 2201 1582 2253 Οἱ
1643 2203 1752 2274 γὰρ

152 2276 405 2346 ’Ἄραϐες
436 2279 532 2333 καὶ
569 2281 772 2336 Σκύθαι
812 2285 954 2339 αἱδοί
1000 2287 1271 2360 χρώμενοι
1313 2293 1468 2347 οὐδὲν
1511 2295 1751 2351 τοιοῦτον

145 2368 438 2438 ἐφάνησαν
465 2375 853 2444 πεποιηκότες.
889 2377 1012 2442 Πῶς
1034 2375 1128 2432 οὖν
1156 2382 1257 2434 οὐκ
1287 2382 1517 2455 ἄρνησις
1543 2388 1642 2458 τῆς
1669 2392 1750 2442 οξ-

145 2462 422 2531 κονομίας
450 2465 690 2536 Χριστοῦ
717 2468 923 2535 ταῦτα;
969 2471 1109 2526 Ἀλλ’
1133 2475 1228 2528 ἐπὶ
1267 2476 1366 2539 τάς
1397 2481 1691 2548 προτάσεις
1721 2487 1750 2538 ό

142 2551 334 2620 λόγος.
364 2554 520 2618 Τινὲς
573 2558 630 2623 ἐξ
667 2559 803 2624 ἰδίας
845 2565 1220 2634 προαιρέσεως
1273 2568 1578 2640 ὑπέκυψαν,
1616 2575 1746 2628 ἄνευ

141 2643 246 2696 τοῦ
275 2650 791 2716 καταναγκάζοντος
811 2667 824 2682 ’
857 2654 1008 2709 ἄλλοι
1041 2657 1180 2726 μετά
1212 2659 1470 2730 πληγῶν·
1502 2665 1650 2718 ἄλλοι
1679 2668 1746 2720 δι’

137 2736 386 2807 ἀπειλῆς
415 2741 509 2793 καὶ
542 2742 744 2813 μόνης·
767 2745 950 2817 ἕτεροι
984 2749 1113 2804 ἄνευ
1143 2752 1398 2824 ἀπειλῆς,
1443 2759 1538 2810 καὶ
1575 2757 1746 2829 βασά-

137 2847 276 2894 νων,
317 2831 448 2898 δέει,
481 2837 575 2887 καὶ
611 2836 774 2906 μόνον
794 2856 808 2870 ·
844 2840 996 2895 ἄλλοι
1029 2844 1115 2898 διὰ
1141 2846 1202 2898 τὸ
1234 2847 1308 2919 μὴ
1341 2852 1597 2906 ἐκπεσεῖν
1634 2856 1743 2910 τῶν

140 2922 321 2977 ἰδίων.
352 2926 508 2989 Τινὲς
536 2927 591 2981 δέ
623 2930 719 2982 καὶ
754 2934 896 2986 κατά
925 2934 1174 3004 ἄγνοιαν.
1207 2941 1446 3008 Τούτους
1477 2946 1740 3019 ἐπιστρέ-

134 3029 350 3081 φοντας
373 3015 490 3080 πῶς
511 3018 593 3070 δεῖ
613 3019 975 3092 ἀποδέχεσθαι
995 3043 1009 3091 ;
1034 3028 1517 3101 ἐπιδεικνυμένους
1537 3035 1739 3107 δηλαδὴ

129 3105 332 3171 ἀξίους
360 3111 610 3180 καρποὺς
630 3112 731 3182 τῆς
762 3117 1051 3185 μετανοίας
1078 3120 1349 3187 ἅπαντας.
1375 3126 1532 3191 Τίνες
1567 3129 1622 3180 δὲ
1651 3124 1741 3184 οὐ·-

1883 627 2006 666 nms
2042 612 2338 684 Dionysius
2374 616 2484 669 ait:
2516 631 2580 672 ae
2614 618 2658 672 si
2694 618 2953 691 imaginis
2997 624 3175 676 honor
3203 625 3269 678 ad
3301 637 3482 694 proto-

1882 711 2065 772 typum
2099 708 2367 770 ascendit,
2400 717 2458 762 ut
2489 725 2720 781 magnus
2742 714 2988 784 loquitur
3024 713 3301 772 Basilius:
3341 735 3483 774 nunc

1880 807 2061 852 autem
2118 800 2422 876 despicatui
2454 804 2640 859 habita
2681 816 2766 862 est
2800 807 2979 880 imago
3011 809 3238 877 Christi,
3263 825 3478 881 negata,

1879 894 2198 948 conculcata
2255 911 2284 948 a
2331 897 2786 968 Chrystomachis
2821 920 2834 957 :
2871 903 3063 974 utique
3113 904 3372 963 Christus
3423 910 3478 965 in

1876 986 2113 1054 imagine
2147 987 2321 1056 ipsius
2369 998 2422 1043 et
2455 1005 2550 1059 per
2583 992 2880 1062 imaginem
2914 1005 3148 1064 negatus
3175 1007 3280 1062 est,
3315 1001 3475 1070 igno—

1877 1078 2047 1132 :ninia
2071 1079 2320 1146 affectus,
2346 1098 2500 1138 more
2528 1081 2758 1139 Judaico
2791 1091 3118 1159 reprobatus
3142 1111 3155 1146 :
3185 1109 3286 1149 nec
3312 1098 3467 1152 colli-

1874 1185 2002 1240 gere
2033 1170 2204 1234 aliud,
2234 1188 2294 1227 re
2328 1174 2490 1244 plane
2525 1189 2832 1246 persiieeta,
2863 1182 3009 1236 licet.
3046 1183 3257 1242 Idcirco
3314 1191 3472 1260 plan-

1872 1258 2034 1328 gendi
2062 1269 2116 1314 et
2141 1261 2384 1331 ejulandi
2445 1273 2662 1333 tempus
2705 1266 2851 1322 istud
2880 1280 2965 1324 est
2994 1289 3007 1325 :
3039 1273 3246 1331 idcirco
3275 1258 3330 1332 et
3359 1289 3468 1335 tam

1871 1352 2029 1408 multi
2059 1355 2420 1420 reluctantur,
2454 1373 2566 1412 non
2609 1360 2709 1414 viri
2735 1363 2918 1429 modo,
2973 1365 3068 1420 sed
3103 1377 3158 1422 et
3187 1370 3465 1436 mulieres,

1869 1461 1934 1500 eo
1966 1447 2110 1516 quod
2143 1464 2252 1502 non
2290 1466 2423 1506 voce
2456 1453 2657 1520 solum,
2693 1455 2789 1509 sed
2828 1466 2882 1510 et
2911 1473 3080 1527 opere
3134 1461 3253 1532 ipso
3309 1465 3469 1521 Chri-

1869 1550 1986 1595 stus
2030 1552 2306 1610 negatur:
2340 1545 2487 1613 quod
2531 1545 2586 1600 in
2635 1548 2865 1604 vetustis
2907 1550 3211 1610 hmresibus
3243 1558 3466 1618 minime

1867 1631 2049 1686 visum
2090 1643 2197 1687 est.
2253 1635 2400 1691 Voce
2427 1638 2672 1707 quidem,
2703 1656 2830 1696 cum
2863 1652 3058 1714 negent
3087 1646 3238 1718 impii
3267 1666 3462 1722 corpo-

1865 1737 1958 1777 rea
1993 1725 2360 1783 similitudine
2409 1728 2558 1802 pingi
2603 1730 2888 1790 Christum
2943 1752 3146 1806 posse:
3176 1755 3338 1812 opere
3365 1762 3461 1799 au-

1863 1825 1973 1870 tem
2005 1817 2146 1887 ipso,
2203 1836 2330 1874 cum
2382 1837 2601 1878 omnem
2653 1838 2906 1883 evertant
2947 1829 3154 1886 Christi
3214 1848 3458 1894 sanctam

1789 1889 1836 1948 Β
1865 1907 2182 1978 imaginem,
2225 1912 2498 1984 Deiparze,
2551 1922 2873 1991 angelorum
2899 1967 2914 1991 ,
2944 1927 3118 1982 sancti
3149 1943 3214 1983 ac
3256 1943 3459 1990 sanctae

1859 1999 2105 2068 cujusvis
2130 2046 2145 2069 ,
2189 2019 2255 2058 ex
2287 2007 2437 2060 omni
2476 2010 2590 2064 aede
2624 2027 2804 2074 saera,
2853 2030 2922 2069 ex
2960 2019 3112 2074 omni
3136 2035 3297 2078 sacro
3338 2040 3456 2080 rno-

1857 2105 2146 2160 numento,
2175 2095 2288 2168 igni
2317 2100 2616 2164 tradentes.
2652 2108 2920 2164 conviciis
2952 2108 3306 2181 insectantes,
3340 2133 3454 2171 ina-

1850 2197 2020 2254 gnum
2051 2187 2272 2258 pietatis
2321 2196 2642 2263 mysterium
2681 2197 2972 2257 irridentes
2999 2242 3014 2268 ,
3051 2204 3329 2262 Christum
3360 2211 3450 2265 de-

1854 2278 2078 2347 pictum,
2112 2297 2235 2336 cum
2271 2294 2444 2340 matre
2479 2295 2531 2342 et
2580 2288 2828 2360 famulis,
2865 2295 3289 2357 abominandam
3333 2316 3446 2360 rem

1854 2384 2233 2441 nuncupantes
2260 2379 2434 2446 :quod
2460 2382 2679 2450 quidem
2700 2385 2962 2454 cogitare,
2985 2399 3041 2444 et
3061 2391 3262 2458 dicere,
3289 2406 3343 2451 et
3365 2397 3446 2453 fa-

1851 2465 2606 2544 cere,.luda:orumcstatque
2626 2479 2932 2546 gentilium.
2969 2483 3175 2541 Arabes
3199 2489 3341 2543 enim
3383 2507 3446 2547 ac

1853 2557 2068 2628 Scythae
2095 2565 2396 2618 reverentia
2434 2567 2604 2634 ducti,
2636 2572 2771 2626 nihil
2797 2573 2906 2629 tale
2951 2576 3052 2632 visi
3081 2591 3207 2635 sunt
3239 2587 3447 2652 praesti-

1853 2649 2002 2704 lisse.
2041 2649 2180 2717 Quid
2211 2664 2296 2710 est
2327 2659 2486 2727 igitur
2513 2660 2974 2731 dispensationem
3003 2667 3203 2725 Christi
3227 2649 3443 2743 negaret

1848 2741 1892 2795 si
1918 2742 2018 2797 hoc
2037 2760 2144 2798 non
2161 2756 2244 2801 est
2259 2748 2282 2802 ?
2296 2747 2398 2803 Sed
2418 2752 2484 2805 ad
2504 2756 2905 2823 propositiones
2929 2771 3230 2818 revertatur
3245 2768 3438 2822 oratio.

1847 2831 2080 2898 Quidam
2106 2842 2326 2907 propria
2356 2854 2550 2912 sponte
2598 2863 2792 2904 manus
2837 2850 3066 2919 dedere,
3106 2857 3318 2913 nemine
3348 2876 3441 2927 per

1845 2924 1952 2978 vim
1982 2939 2210 2997 cogente
2231 2950 2241 2984 :
2261 2932 2350 2985 alii
2371 2949 2494 2988 cum
2522 2938 2694 3008 plagis
2717 2959 2730 2995 :
2753 2940 2842 2996 alii
2870 2943 3037 3002 minis
3066 2947 3324 3004 duntaxat
3346 2967 3437 3005 ex-

1845 3018 2014 3074 territi
2048 3038 2061 3085 ;
2097 3023 2191 3076 alii
2222 3027 2357 3080 citra
2409 3030 2588 3083 minas
2623 3047 2688 3087 ac
2740 3036 3009 3106 supplicia
3037 3081 3051 3105 ,
3082 3040 3199 3096 solo
3245 3051 3386 3098 metu
3416 3061 3430 3109 ;

1847 3107 1964 3174 alii,
2009 3127 2077 3165 ne
2125 3128 2460 3174 emerentur
2493 3121 2653 3178 bonis
2695 3143 2708 3178 :
2747 3129 2994 3182 nonnulli
3027 3139 3204 3185 autem
3232 3148 3324 3202 per
3352 3135 3445 3187 in-I

127 3216 260 3266 τοι;
312 3199 515 3272 Ἀποχὴ
546 3203 658 3256 τῶν
690 3206 1073 3278 ἀγιασμάτων,
1117 3215 1254 3281 μετά
1285 3219 1730 3286 προσκλαύσεως,

1841 3204 2153 3260 scientiam.
2189 3208 2253 3262 lli
2287 3210 2332 3265 si
2367 3213 2724 3283 resipiscant,
2766 3235 2873 3287 qua
2927 3222 3138 3278 ratione
3188 3227 3431 3280 suntad-

128 3289 235 3342 καὶ
264 3290 526 3344 ἐπιπόνου
564 3293 835 3363 δεήσεως·
869 3300 962 3353 ἐπὶ
992 3302 1092 3372 μὲν
1122 3305 1228 3356 τῶν
1255 3306 1507 3377 πρώτων,
1539 3315 1733 3382 τριετί-

125 3383 308 3448 ζουσα
339 3399 353 3413 ·
390 3386 484 3438 ἐπὶ
519 3386 578 3440 δὲ
615 3389 721 3443 τῶν
763 3391 1053 3465 δευτέρων,
1091 3396 1431 3463 διετίζουσα·
1476 3404 1570 3457 ἐπὶ
1619 3407 1731 3460 τῶν

122 3478 340 3548 τρίτων
371 3481 465 3533 καὶ
496 3485 771 3554 τετάρτων
803 3487 900 3539 καὶ
925 3488 1214 3557 πέμπτων,
1247 3494 1279 3562 ή
1311 3494 1420 3546 τῶν
1455 3495 1691 3565 πρώτων
1711 3517 1725 3531 ·

122 3573 229 3624 ἐπὶ
280 3573 392 3626 τῶν
440 3576 637 3641 ἓκτων,
691 3581 1022 3636 ἐνιαυσιαία.
1053 3585 1208 3637 Μετὰ
1247 3588 1347 3656 τὴν
1377 3589 1726 3661 ἐκπλήρωσιν

123 3666 254 3728 πῶς
287 3665 372 3719 δεῖ
401 3667 545 3737 ἔχειν
579 3672 811 3741 utfit-023;;
857 3675 918 3727 Εἱ
958 3677 1056 3745 μὲν
1085 3676 1144 3741 ἐξ
1183 3680 1460 3748 ἱερατικοῦ
1501 3685 1724 3756 πληρώ-

122 3774 330 3826 ματος,
361 3760 455 3812 καὶ
484 3761 581 3832 οὐχ
610 3763 916 3836 ὑπέγραψε,
966 3771 1163 3840 μηκέτι
1202 3774 1445 3844 μετέχων
1470 3777 1572 3847 τῆς
1600 3781 1726 3832 ἀσε-

118 3847 260 3911 6οῦς
292 3851 582 3916 κοινωνίας
607 3872 711 3917 τις.
763 3857 850 3920 Ὡς
881 3860 936 3911 ἐν
962 3853 1008 3928 ᾧ
1039 3863 1299 3918 ἐτέτακτο
1330 3869 1539 3941 κλήρῳ.
1572 3872 1634 3925 Εἰ
1664 3873 1721 3926 δέ

118 3940 225 3993 καὶ
267 3941 616 4013 ὑπογράψας,
657 3948 741 4018 εἴη
783 3950 859 4014 ὡς
899 3955 1219 4025 εἰργόμενος
1269 3961 1368 4029 τῆς
1406 3963 1721 4036 ἱερουργίας

115 4032 234 4094 ἕως
274 4033 561 4104 όρθοδόξου
600 4041 818 4094 συνόδου
845 4059 858 4073 ·
911 4048 1185 4102 κοινωνῶν
1229 4049 1274 4103 δ’
1301 4048 1394 4105 οῦν
1430 4054 1579 4124 ὅμως
1609 4057 1721 4110 τῶν

115 4127 514 4195 ἀγιασμάτων.
559 4131 687 4196 Τοῖς
742 4138 919 4205 πάντη
970 4139 1226 4195 ἀσεϐέσιν
1267 4147 1315 4196 εί
1355 4144 1531 4211 ἔξεστι
1577 4150 1722 4204 κατά

112 4219 376 4288 ἀνάγκην
404 4221 556 4286 δέους
586 4223 768 4292 ἕνεκα,
803 4229 834 4298 ἦ
861 4230 947 4283 δια
976 4231 1153 4302 λιμὸν,
1182 4236 1214 4306 ἢ
1258 4239 1349 4290 καὶ
1376 4240 1505 4292 ἄνευ
1546 4242 1718 4312 ἀνάγ-

114 4330 249 4383 κης,
281 4314 315 4384 ῆ
361 4317 456 4368 καὶ
491 4315 580 4370 διὰ
612 4318 734 4388 βίαν
766 4321 951 4387 ἄλλοις
979 4329 1351 4395 κοινωνοῦσιν,
1397 4332 1718 4403 όροοδὸξους

109 4407 169 4459 δὲ
194 4406 405 4470 αὐτοὺς
433 4409 778 4478 ὁμολογοῦσι,
798 4417 1102 4472 συνεσθίειν
1125 4438 1139 4486 ;
1174 4423 1397 4495 Οὐδαμῆ
1419 4427 1673 4497 οὐδαμῶς
1699 4446 1714 4462 ·

1836 3296 2085 3353 mittendi
2139 3300 2162 3354 ?
2209 3302 2406 3372 Utique
2455 3309 2498 3361 si
2551 3309 2746 3378 dignos
2793 3311 3041 3368 videlicet
3100 3317 3428 3384 paenitentia:

1833 3389 2047 3447 fructus
2065 3410 2257 3452 omnes
2273 3399 2583 3454 exhibeant.
2617 3402 2720 3468 Qui
2750 3417 2878 3458 sunt
2897 3405 2972 3459 illi
2996 3422 3158 3476 porro
3179 3407 3386 3464 fructus
3408 3413 3429 3446 ⁸³

1832 3482 2008 3539 Dilata
2044 3486 2404 3544 Eu'charistiaa
2433 3495 2727 3563 perceptio,
2763 3511 2886 3550 cum
2930 3496 3078 3559 ﬂetu,
3115 3508 3166 3553 et
3197 3499 3420 3558 assidua

1829 3575 2232 3645 deprecatione,
2259 3584 2452 3650 primis
2477 3585 2720 3654 quidem,
2743 3604 2838 3657 per
2875 3591 3167 3646 triennium
3198 3609 3422 3650 :secun-

1828 3667 1932 3731 dis,
1962 3684 2058 3736 per
2114 3685 2291 3729 annos
2339 3676 2526 3733 duos:
2560 3682 2759 3747 tertiis,
2815 3685 3049 3751 quartis,
3077 3697 3130 3741 et
3184 3688 3412 3754 quintis.

1826 3763 2289 3827 quemadmodum
2332 3768 2526 3835 primis
2554 3787 2566 3822 :
2603 3775 2775 3828 sextis
2804 3775 3073 3846 denique,
3102 3780 3262 3834 unius
3282 3781 3410 3833 anni

1827 3854 2025 3920 spatio.
2064 3854 2276 3921 Quibus
2308 3860 2400 3913 ubi
2458 3863 2728 3931 perfuncti
2780 3867 3001 3935 fuerint,
3038 3887 3147 3941 qua
3205 3873 3414 3927 ratione

1827 3956 1954 3997 sunt
1993 3946 2222 4001 habendi
2249 3951 2271 4002 ?
2295 3948 2349 4003 Si
2383 3953 2602 4019 quidem
2635 3965 2719 4010 est
2769 3976 2833 4012 ex
2867 3963 3190 4017 sacerdotali
3223 3963 3417 4018 ordine

1829 4037 2054 4106 aliquis,
2090 4057 2188 4095 nec
2211 4044 2560 4114 subscripsit,
2595 4064 2697 4103 nec
2719 4049 2821 4104 fuit
2857 4053 3037 4122 impia:
3068 4058 3417 4112 communio-

1824 4133 1909 4186 nis
1931 4135 2236 4204 particeps;
2273 4137 2326 4190 in
2350 4155 2460 4208 quo
2488 4141 2774 4199 ordinatus
2800 4153 2883 4199 est
2910 4148 3058 4203 clero
3078 4160 3411 4218 permaneat.

1823 4221 1917 4276 Siti
1949 4241 2079 4280 vero
2124 4229 2448 4301 subscripsit
2489 4232 2632 4288 idem
2667 4250 2682 4300 ;
2728 4235 3014 4295 abstentus
3056 4256 3085 4295 a
3140 4257 3198 4297 re
3255 4258 3410 4297 sacra

1825 4316 2070 4372 facienda
2106 4320 2177 4374 sit
2211 4338 2386 4391 usque
2421 4325 2487 4378 ad
2523 4326 2791 4396 synodum
2834 4333 3194 4389 orthodoxam
3226 4352 3239 4388 :
3267 4349 3412 4390 com-

1821 4411 2058 4466 municet
2086 4421 2266 4468 tamen
2293 4416 2463 4471 sacris
2507 4421 2799 4489 mysteriis.
2831 4420 2890 4477 Si
2917 4426 3228 4481 hominibus
3253 4428 3400 4482 omni

108 4497 158 4548 εί
199 4498 277 4566 μή
322 4496 378 4548 τί
421 4514 485 4565 γε
523 4503 638 4563 τοῖς
673 4504 945 4573 ἐσχάτοις,
987 4509 1088 4562 οὐκ
1127 4511 1456 4583 ἀδιαφόρως,
1503 4496 1622 4571 ἀλλ’
1652 4519 1711 4585 ἐξ

1839 4523 1878 4559 :x
1899 4514 2050 4576 parte
2074 4510 2276 4580 impiis,
2297 4523 2516 4582 propter
2538 4516 2913 4572 necessitatem
2936 4520 3222 4590 ingruente
3241 4531 3405 4587 metu,

107 4591 425 4657 ἀναγκαίου
455 4593 602 4651 τινὸς
623 4598 852 4665 τρόπου,
884 4600 1032 4666 ἅπαξ
1061 4604 1093 4674 ἡ
1125 4604 1221 4668 δίς.
1262 4609 1325 4660 Εἰ
1355 4609 1466 4663 τῶν
1498 4613 1713 4677 τούτοις

109 4684 401 4753 ἐδωδίμων
442 4687 510 4738 τὰ
535 4688 765 4758 λείψανα
798 4694 999 4747 ἐσθίειν
1041 4700 1181 4751 κατὰ
1227 4702 1496 4774 ἀνάγκην,
1543 4706 1574 4774 ἢ
1614 4708 1711 4760 καὶ

106 4777 565 4850 ἅνευ’ἀνάγκης,
608 4781 744 4835 διότι
794 4790 1304 4859 προεσχημάτισται
1353 4797 1409 4846 ἐν
1452 4797 1638 4862 αὐτοῖς
1682 4800 1711 4851 ό

109 4867 377 4936 σταυρός;
409 4868 469 4920 ΕΞ
514 4870 613 4939 μὲν
655 4874 804 4939 παρὰ
839 4877 1051 4944 ἱερέως,
1088 4880 1340 4950 οὐδαμῶς
1365 4900 1378 4912 ·
1415 4886 1462 4937 εί
1499 4886 1554 4938 δὲ
1606 4889 1702 4957 μὴ,

108 4958 498 5028 μεταληπτέον
541 4962 682 5014 κατά
710 4965 852 5032 βίαν.
888 4968 949 5019 Εἰ
983 4969 1038 5021 δέ
1073 4973 1153 5031 εἰς
1181 4975 1476 5045 εὐκτηριον
1522 4979 1704 5032 αὐτῶν

104 5050 461 5119 εἰσέρχεσθαι
492 5053 660 5121 εὐχῆς
688 5055 849 5126 χάριν
869 5073 883 5088 ·
922 5061 1015 5110 καὶ
1047 5063 1095 5112 εί
1131 5062 1212 5114 δεῖ
1239 5064 1336 5134 τὴν
1374 5068 1538 5132 ἁγίαν
1569 5073 1702 5123 ἀνα-

102 5143 282 5210 φορὰν
349 5144 409 5196 ἐν
467 5146 616 5215 αὐτῷ
667 5149 935 5202 ἐπιτελεῖν
991 5155 1129 5220 μετά
1187 5155 1323 5218 ἰδίας
1378 5163 1697 5233 τραπέζηςς

103 5233 379 5301 Οὐδαμῶς
435 5236 719 5309 ἑκάτερον.
762 5241 824 5295 Εἰ
878 5244 959 5296 δεῖ
1005 5247 1216 5318 χαίρειν
1260 5252 1462 5316 αὐτοῖς,
1496 5254 1695 5324 λέγειν,

101 5324 195 5378 καὶ
223 5325 607 5393 ἁσπάζεσθαις
640 5335 925 5404 Οὐδαμῶς,
958 5337 1032 5400 ὥς
1078 5357 1241 5409 φησιν
1265 5345 1291 5395 ό
1328 5345 1501 5413 μέγας
1533 5348 1697 5403 Βασί-

101 5414 268 5479 λειος.
340 5416 399 5471 Ὀ
460 5420 669 5488 Κύριος
718 5426 961 5481 ἐκώλυσε
1013 5430 1103 5484 τὸν
1156 5434 1334 5488 κοινὸν
1379 5438 1695 5509 ἀσπασμόν.

101 5509 269 5560 Ὥστε
322 5509 483 5562 τοῦτο
539 5515 680 5567 κατά
712 5518 1016 5584 σύμῦασιν·
1048 5524 1122 5586 ὡς
1149 5525 1202 5578 δὲ
1248 5527 1306 5590 ἐξ
1349 5530 1573 5600 ἀγάπης
1605 5536 1696 5585 καὶ

99 5600 310 5667 φιλίας,
343 5603 636 5668 φευκτέον·
676 5608 761 5660 ἵνα
795 5612 1054 5684 πληρωοῇ
1101 5618 1158 5668 ἐν
1191 5618 1385 5688 τούτῳ.
1434 5622 1548 5674 Οὐκ
1579 5624 1694 5677 ἔστι

99 5692 282 5762 λέγειν
323 5696 542 5766 χαίρειν
583 5702 696 5762 τοῖς
734 5704 1010 5760 ἀσεϐέσιν.
1047 5709 1166 5762 Εἰσί
1204 5729 1348 5776 τινες
1377 5715 1486 5766 τῶν
1523 5733 1691 5786 μονα-

100 5788 367 5860 στηρίων,
421 5789 472 5842 οἳ
526 5789 651 5843 οὔτε
706 5792 869 5864 λόγῳ,
913 5799 1035 5850 οὐτε
1065 5802 1214 5874 ἔργῳ
1247 5806 1510 5876 συνῆλθον
1543 5814 1690 5880 φυγῆ

506 5882 781 5944 Parum.
817 5891 930 5949 Gn.
966 5893 1176 5954 XCIX.

1821 4602 1902 4653 vel
1938 4603 2009 4656 ob
2040 4605 2261 4670 famem,
2287 4606 2369 4659 vel
2420 4607 2581 4661 etiam
2613 4608 2749 4663 citra
2781 4615 3162 4669 necessitatem
3195 4627 3284 4670 aut
3312 4630 3408 4683 per

1815 4693 1946 4758 vim,
1973 4695 2062 4746 alii
2095 4699 2500 4752 communicent
2521 4701 2612 4768 qui
2646 4703 2988 4760 orthodoxos
3018 4722 3078 4762 se
3109 4709 3402 4777 profitean-

1814 4795 1921 4846 tur,
1950 4801 2018 4839 an
2047 4787 2169 4843 licet
2203 4806 2325 4844 cum
2357 4792 2476 4846 istis
2514 4794 2700 4847 cibum
2758 4813 2977 4853 sumere
3008 4800 3031 4853 ?
3063 4799 3219 4856 Nullo
3252 4817 3404 4871 pror-

1810 4891 1906 4929 sus
1929 4879 2130 4932 tnodo:
2163 4881 2267 4934 nisi
2303 4880 2441 4935 forte
2470 4883 2580 4936 sint
2608 4901 2672 4938 ex
2704 4885 2891 4942 intima
2920 4890 3075 4960 plebe
3103 4909 3117 4946 :
3149 4907 3248 4946 nec
3277 4907 3400 4961 pas—

1807 4969 1911 5022 sim
1960 4987 2022 5024 ac
2052 4975 2378 5042 promiscue,
2414 4976 2507 5029 sed
2551 4993 2683 5032 casu
2732 4982 2919 5051 aliquo
2945 4986 3282 5048 necessario,
3310 4999 3394 5040 sc-

1805 5065 1909 5118 mel
1949 5075 2043 5119 aut
2077 5067 2298 5123 iterum.
2342 5068 2424 5122 An
2458 5070 2586 5125 licet
2614 5088 2806 5128 eorum
2843 5091 3016 5131 caena:
3045 5079 3304 5147 reliquias
3327 5094 3394 5132 ex

1805 5160 2154 5227 necessitate,
2201 5164 2286 5216 vel
2318 5165 2454 5218 citra
2483 5167 2861 5220 necessitatem
2914 5171 3072 5223 edere
3093 5210 3107 5233 ,
3139 5185 3204 5225 eo
3250 5172 3394 5238 quod

1804 5253 1856 5305 in
1922 5253 2009 5307 his
2079 5255 2297 5323 signum
2358 5258 2542 5312 crucis
2607 5259 2760 5327 prius
2808 5276 3126 5327 expressum
3167 5263 3292 5315 sit?
3332 5263 3392 5318 Si

1801 5343 2020 5413 quidem
2057 5361 2087 5398 ει
2129 5350 2448 5413 sacerdote,
2485 5350 2709 5403 minime
2743 5369 2757 5403 :
2791 5351 2873 5404 sin
2910 5352 3115 5418 minus,
3169 5367 3394 5424 cogente

1799 5440 1847 5491 vi
1881 5439 2023 5490 sumi
2056 5450 2296 5508 Oportet.
2323 5443 2403 5495 An
2435 5443 2557 5496 licet
2577 5443 2845 5496 orationis
2871 5457 3040 5499 causa
3067 5449 3387 5502 eorumdem

1797 5531 2096 5584 oratorium
2125 5534 2334 5602 ingredi
2369 5534 2392 5586 ?
2426 5549 2489 5588 ac
2525 5551 2651 5587 num
2687 5535 2810 5588 licet
2850 5547 3095 5591 sanctam
3131 5541 3202 5593 ibi
3242 5541 3390 5595 ebla-

1799 5621 2001 5674 tionem
2033 5637 2292 5691 peragere
2326 5640 2450 5677 cum
2501 5640 2691 5679 mensa
2733 5628 2952 5695 propria
2981 5627 3288 5686 ?Neutrum
3319 5634 3388 5686 li-

1795 5724 1900 5768 cet.
1942 5713 2024 5766 An
2059 5713 2141 5767 fas
2173 5724 2257 5767 est
2287 5717 2545 5786 gratulari
2578 5717 2732 5786 ipsis,
2766 5719 3114 5777 confabulari
3145 5742 3267 5780 cum
3299 5728 3384 5787 iis,

1794 5807 2013 5868 eosdem
2063 5809 2350 5863 salutare?
2376 5808 2732 5880 Neutiquam,
2768 5823 2825 5867 ut
2855 5813 2931 5867 ait
2981 5831 3211 5888 magnus
3242 5819 3386 5872 Basi-

2980 5907 3059 5965 to
