3934 6440
510 338 647 405 1259

1709 340 1770 398 S.
1811 337 2209 399 TliEODORI
2252 338 2601 400 STUDITIE

3679 336 3812 400 ιεω

504 453 632 507 ltus.
703 450 996 507 Communi
1080 449 1413 505 salutatione
1472 447 1738 503 Dominus
1797 448 2101 503 interdixit.

2210 447 2305 519 τὴν
2337 447 2615 518 σωτηρίαν
2646 444 3030 517 ποριζόμενοι·
3055 448 3148 501 καὶ
3174 447 3338 501 πάλιν
3369 447 3512 518 μετὰ
3544 446 3647 519 τὴν
3681 448 3809 500 ὑπο-

502 542 875 611 Quamobrem
933 537 1077 593 istud
1131 554 1200 592 ex
1247 538 1544 593 occasione
1593 536 1688 590 ﬁat
1717 555 1730 591 :
1760 546 1821 591 ut
1867 552 1999 592 vero
2033 554 2099 593 ex

506 636 769 693 amicitiae
799 649 863 689 ac
916 632 1307 687 benevolentia:
1341 631 1765 704 signiﬁcatione,
1822 632 2103 686 declinan-

504 730 636 786 dum
672 748 686 784 :
727 737 787 783 ut
812 728 893 783 sic
916 725 1062 781 istud
1101 725 1397 795 impleatur
1424 744 1437 779 :
1472 724 1633 779 Nefas
1661 735 1747 780 est
1778 726 1961 780 dicere
1991 729 2104 781 A\e

503 823 692 894 impiis
718 822 784 875 ⁵⁸.
846 818 987 874 Sunt.
1021 820 1243 890 quidem
1286 835 1318 874 e
1354 820 1753 873 monachorum
1804 830 1948 875 cmtu
2007 819 2102 890 qni

503 932 684 987 neque
712 915 879 971 verbo
918 929 1099 985 neque
1130 928 1294 984 opere
1333 923 1758 978 consenserunt,
1794 914 1917 982 fuga
1953 914 2104 968 salu-

504 1023 612 1067 tem
665 1010 947 1067 consecuti
985 1028 998 1064 :
1035 1024 1369 1079 rursumque
1432 1017 1555 1077 post
1610 1009 1977 1063 secessionem
2033 1009 2103 1061 ab

503 1103 691 1175 impiis
744 1120 805 1159 se
863 1103 1211 1158 subtraxere.
1254 1100 1421 1156 [tecte
1463 1102 1648 1156 habet.
1700 1102 1756 1155 Si
1810 1111 1999 1154 autem
2034 1102 2101 1154 ab

502 1197 686 1268 impiis
717 1211 873 1251 sacra
905 1206 1125 1267 peracta
1157 1196 1267 1249 sint
1298 1195 1352 1248 in
1399 1194 1639 1249 Ecclesia
1701 1197 1883 1265 aliqua
1935 1194 2102 1249 semel

501 1294 787 1356 duntaxat,
830 1292 884 1345 in
915 1306 1035 1345 eam
1079 1289 1289 1360 ingredi
1327 1298 1583 1359 poterunt
1613 1289 1760 1343 solas
1831 1286 2102 1359 peracturi

502 1400 695 1457 preces
728 1402 743 1441 :
779 1385 824 1438 si
854 1400 984 1439 vero
1012 1384 1236 1453 saepius,
1268 1383 1527 1437 secedant
1558 1383 1626 1436 ab
1651 1399 1713 1436 ea
1765 1383 2098 1451 longissime.

505 1475 811 1531 Saeculares
833 1475 1054 1545 quidam
1087 1490 1151 1529 ac
1178 1474 1432 1528 monachi
1455 1476 1790 1543 impietatem
1813 1473 2105 1528 vebeme-n-

505 1576 590 1621 ter
647 1567 993 1620 detestantur
1048 1581 1113 1620 ac
1172 1565 1390 1631 lugent:
1423 1574 1644 1633 propter
1680 1565 1861 1618 minas
1918 1575 2103 1618 autem

508 1659 825 1729 impiorum,
861 1658 928 1710 ad
957 1672 1146 1710 eorum
1184 1672 1243 1711 se
1283 1657 1728 1710 communionem
1775 1657 2102 1725 adjungunt,

510 1753 582 1806 ita
612 1767 708 1807 cos
735 1751 877 1805 allici
905 1767 1065 1820 posse
1096 1749 1368 1813 arbitrati,
1404 1766 1594 1818 preces
1631 1762 1814 1803 autem
1848 1752 1962 1805 ﬁeri
2003 1768 2103 1820 pro

2205 540 2451 611 χώρησιν
2478 540 2587 591 τῶν
2610 538 2825 592 ἀσεϐῶν
2854 540 3415 609 ἀνθυποστρὲφοντες.
3452 536 3529 593 Εὖ
3566 540 3633 593 ἂν
3669 540 3804 610 ἔχοι.

2206 634 2267 686 Et
2300 632 2357 685 δὲ
2393 632 2488 685 καὶ
2521 630 2912 703 ὲλειτουργήθη
2966 634 2998 703 ἡ
3040 634 3336 705 Ἐκκλησία
3370 634 3477 687 ὑπὸ
3514 635 3632 686 τῶν
3675 638 3804 688 ἀσε-

2206 727 2338 789 ϐῶν,
2378 726 2425 778 εἰ
2461 725 2535 795 μὴ
2577 723 2757 788 ἅπαξ·
2794 725 3087 778 εἰσίτωσαν
3119 726 3497 792 ἐπιτελοῦντες
3550 731 3613 781 ἐν
3668 732 3803 799 αὐτῇ

2204 821 2303 882 τὰς
2335 817 2644 887 προσευχὰς
2682 817 2877 886 μόνον’
2918 820 2963 869 εἰ
3005 816 3062 869 δὲ
3093 818 3373 883 πολλάκις,
3408 822 3803 891 ὑποχιυρεέτω-

2209 928 2304 965 σαν
2333 909 2537 979 ταύτης
2573 910 2782 981 πόρρω.
2814 910 3082 979 Κοσμικοί
3106 912 3247 974 τινές
3278 914 3415 966 εἰσιν
3444 916 3475 984 ἦ
3505 917 3604 966 καὶ
3639 933 3806 984 μονα-

2207 1005 2311 1074 χοὶ,
2348 1003 2591 1074 σφοδρῶς
2623 1003 3043 1072 μυσαττόμενοι,
3082 1002 3112 1071 ἢ
3141 1004 3235 1055 καὶ
3271 1005 3683 1076 ἀποδυρόμενοι
3708 1009 3802 1072 τὴν

2206 1097 2463 1152 ἀσέϐειαν
2485 1114 2499 1128 ·
2532 1096 2619 1149 διὰ
2641 1096 2695 1149 δὲ
2720 1096 2817 1159 τὰς
2850 1096 3079 1158 ἀπειλὰς
3112 1096 3220 1149 τῶν
3248 1098 3422 1150 ἀθέων
3456 1102 3802 1171 προσέρχον-

2205 1210 2296 1245 ται
2330 1194 2394 1262 τῇ
2439 1190 2620 1244 αὐτῶν
2671 1192 2950 1262 κοινωνίᾳ,
2990 1193 3227 1260 οἰόμενοι
3260 1193 3431 1263 αὐτὴν
3467 1194 3803 1267 δηλητήριον

2207 1280 2369 1345 εἶναι,
2397 1283 2675 1337 αἰτοῦνται
2714 1284 2769 1336 δὲ
2817 1285 2984 1355 εὐχὴν
3025 1285 3165 1355 ὑπὲρ
3212 1285 3390 1338 αὐτῶν
3424 1288 3583 1356 ἡμᾶς
3626 1292 3801 1341 ποιεῖ-

2209 1378 2354 1430 σθαι.
2400 1378 2460 1429 Et
2497 1376 2704 1441 ἔξεστιν
2734 1379 2916 1440 αὐτοῖς
2958 1376 3307 1446 μεταδιδόναι
3354 1378 3463 1430 τῶν
3495 1379 3666 1430 θείων
3701 1398 3803 1448 μυ·

2209 1471 2449 1541 στηρίων
2479 1487 2496 1537 ς
2542 1470 2722 1540 Ιίὑχὴν
2753 1471 2852 1540 μὲν
2884 1470 3159 1525 ποιεῖσθαι
3179 1471 3318 1536 εξόν,
3346 1471 3406 1522 οὑ
3445 1470 3553 1540 μὴν
3580 1473 3803 1536 μεταδι-

2205 1566 2373 1628 δόναι,
2401 1563 2501 1616 κᾶν
2544 1565 2571 1616 ὃ
2604 1582 2657 1615 τι
2691 1564 2921 1631 λέγωσιν
2955 1564 2987 1634 ἢ
3035 1565 3336 1633 πράττωσι.
3370 1565 3658 1633 Σταυροὺς
3712 1565 3801 1617 ἐὰν

2208 1654 2395 1707 ίστῶσι
2426 1655 2566 1706 κατὰ
2602 1655 2698 1716 τὰς
2734 1655 3064 1723 λεωφόρους,
3100 1657 3148 1707 εἰ
3190 1656 3271 1707 δεῖ
3323 1661 3695 1724 προσκυνείν;
3728 1658 3800 1710 ΟΣ)

2209 1747 2502 1801 κωλυτέον.
2536 1746 2595 1797 Εἰ
2620 1748 2699 1799 δεῖ
2721 1747 2828 1799 τῶν
2856 1748 3111 1799 τοιούτων
3140 1749 3237 1808 τὰς
3278 1750 3598 1816 προσφορὰς
3633 1766 3802 1816 προσ-

506 1842 643 1913 ipsis
676 1858 707 1896 a
738 1844 895 1895 nobis
932 1842 1247 1910 etilagitant.
1282 1840 1361 1893 An
1397 1842 1519 1895 licet
1549 1843 1633 1895 his
1668 1841 1854 1896 divina
1898 1856 2101 1913 myste-

2210 1838 2491 1909 κομίζεινς
2526 1838 2813 1906 Οὐδαμῶς.
2851 1839 3035 1891 Ταῦτα
3082 1836 3173 1892 οὖν
3217 1840 3291 1902 ώς
3339 1843 3367 1892 ὁ
3405 1840 3616 1909 Κύριος
3664 1842 3800 1893 κατὰ

507 1935 588 1989 ria
625 1934 935 2004 impertiri?
964 1934 1155 1988 l’reces
1184 1934 1398 2002 quidem
1435 1948 1689 2003 peragere
1734 1935 1877 1997 licet.
1903 1936 2104 2003 imper-

510 2026 599 2081 tiri
638 2041 767 2082 vero
800 2011 955 2081 saera
1005 2041 1110 2079 non
1169 2026 1313 2083 licet.
1350 2026 1611 2095 quidquid
1666 2026 1741 2080 illi
1785 2028 1973 2081 dicant
2010 2039 2105 2082 aut

505 2129 691 2192 agant.
724 2119 779 2175 Si
813 2136 972 2176 secus
998 2123 1139 2174 viam
1168 2120 1439 2188 publicam
1487 2136 1681 2175 cruces
1712 2122 1745 2174 ii
1773 2124 2094 2186 statuerint,

507 2228 580 2268 an
622 2222 752 2268 sunt
813 2213 1107 2266 adoranda:
1140 2212 1332 2265 ?Nihi|
1391 2222 1553 2266 vetat.
1601 2215 1681 2267 An
1724 2216 1849 2269 licet
1906 2216 2099 2269 horum

507 2304 815 2360 oblationes
853 2305 1233 2359 consecrare?
1266 2303 1509 2357 Minime.
1542 2303 1667 2359 Haec
1701 2307 1867 2375 igitur
1894 2324 1992 2375 pro
2037 2324 2101 2363 eo

509 2412 581 2453 ac
613 2396 884 2451 Dominus
910 2396 965 2451 in
998 2405 1237 2450 mentem
1268 2397 1475 2465 injecit,
1509 2397 1706 2451 elecuti
1732 2414 1924 2454 sumus
1953 2419 1965 2454 :
1995 2416 2099 2454 non

508 2495 669 2562 quasi
698 2492 1011 2545 sancientes
1045 2490 1214 2561 legem
1244 2508 1257 2544 :
1292 2506 1469 2560 neque
1520 2497 1665 2545 enim
1705 2509 1770 2546 ex
1796 2494 2101 2549 antistitum

511 2605 745 2645 numero
789 2605 1004 2654 sumus,
1056 2604 1227 2660 penes
1261 2606 1403 2661 quos
1434 2600 1683 2660 potestas
1715 2600 1798 2645 est
1830 2592 2102 2647 condendi

512 2697 755 2738 canones
788 2682 925 2746 :sed
980 2683 1271 2737 consilium
1302 2686 1516 2745 dantes,
1553 2685 1811 2753 quoniam
1857 2685 2101 2753 ejusdem

515 2776 797 2831 vobiscum
840 2777 1049 2832 ordinis
1075 2792 1269 2832 sumus
1299 2794 1312 2830 :
1345 2792 1410 2830 ac
1441 2784 1728 2846 propterea
1776 2777 1924 2846 quod
1952 2778 1985 2830 ii
2010 2776 2105 2831 de-

516 2876 647 2923 sunt
673 2871 765 2940 qui
799 2879 1043 2925 statuere
1092 2886 1309 2924 summo
1334 2870 1460 2939 jure
1506 2869 1761 2934 debeant,
1794 2871 1900 2925 huc
1931 2887 1961 2925 a
2002 2887 2102 2924 νο-

514 2960 819 3017 bis-coacti
871 2963 1281 3018 descendimus.
1314 2961 1425 3017 Vos
1456 2978 1587 3017 vero
1608 3005 1623 3029 ,
1653 2964 1844 3019 Patres
1871 2966 2106 3020 sanctis-

517 3054 666 3120 simi,
692 3056 909 3110 veniam
972 3057 1118 3119 date,
1150 3056 1194 3109 si
1252 3055 1385 3125 quid
1444 3058 1497 3109 in
1533 3056 1808 3126 praedictis
1835 3056 2105 3125 displicet.

519 3144 888 3218 Praeterquam
924 3150 1068 3219 quod
1102 3148 1347 3203 medicus
1397 3157 1511 3203 tum
1548 3149 1717 3203 animi
1751 3158 1862 3203 tum
1910 3164 2107 3218 corpo-

2207 1931 2333 1984 νοῦν
2364 1933 2642 2000 ἐπήγαγεν
2670 1934 2820 2001 ἡμῖν,
2852 1932 3263 1999 ἐφθεγξάμεθα·
3298 1933 3359 1985 οὐ
3390 1933 3799 2001 νομοθετικῶς·

2206 2025 2511 2095 ἐπεὶ,μηδέ
2554 2029 2721 2094 ἐσμεν
2766 2026 2874 2077 τῶν
2913 2025 3346 2095 ἱεραρχούντων·
3384 2026 3568 2077 αὐτῶν
3602 2028 3715 2095 γὰρ
3748 2026 3801 2077 τὸ

2206 2118 2415 2170 τυποῦν
2482 2118 2825 2180 κανονικὼς·
2899 2118 3035 2171 ἀλλὰ
3090 2118 3613 2184 συμϐουλευτικώς,

2207 2211 2374 2279 ἐσμεν
2401 2209 2527 2279 ὑμῖν
2554 2212 2843 2278 ὁμοταγεῖς
2868 2211 2962 2263 καὶ
2989 2212 3176 2280 ἐπειδὴ
3205 2212 3261 2278 ἐξ
3291 2212 3531 2281 ἀπορίας
3556 2212 3668 2263 τῶν
3699 2215 3801 2282 ἱερ-

2206 2300 2449 2372 αρχικὼς
2509 2302 2833 2369 ὁρειλὸντων
2868 2303 3154 2356 τνπῶταιο
3215 2306 3667 2373 ἀναγκασθέντες
3714 2305 3801 2374 ἀφ’

2208 2396 2361 2463 ὑμῶν
2409 2394 2751 2464 ἐληλύθαμεν
2791 2397 2871 2459 εἰς
2914 2394 3094 2449 τοῦτο.
3140 2397 3331 2465 Ὑμεῖς
3374 2399 3455 2458 δὲ,
3504 2399 3800 2466 ἁγιώτατοι

2208 2488 2471 2557 Πατέρες,
2514 2490 2815 2555 σύγγνωτε,
2851 2488 2903 2540 εἴ
2941 2490 2994 2540 τί
3028 2491 3177 2542 ἐστιν
3223 2492 3539 2559 ἁπαρέσκον
3576 2492 3708 2560 ὑμῖν
3748 2496 3801 2543 ἐν

2206 2582 2320 2642 τοῖς
2354 2582 2686 2651 εἰρημένοις.
2726 2582 2871 2649 Πλὴν
2911 2582 2991 2634 ὅτι
3037 2583 3065 2634 ὁ
3118 2583 3296 2651 ἰατρὸς
3341 2584 3436 2634 καὶ
3489 2584 3675 2651 ψυχῆς
3711 2584 3801 2635 καὶ

2210 2670 2484 2741 σώματος,
2527 2675 2624 2727 καὶ
2656 2672 2952 2743 προσώπου
2986 2675 3269 2743 ποιότητα,
3306 2676 3399 2727 καὶ
3441 2674 3645 2743 καιροῦ
3683 2676 3802 2727 ἰδιο-

2207 2778 2366 2832 τητα,
2399 2762 2514 2827 ἕξιν
2540 2779 2598 2814 τε
2641 2763 2733 2815 καὶ
2779 2762 2970 2825 πάθος,
2997 2763 3225 2831 δύναμίν
3271 2780 3330 2814 τε
3366 2765 3460 2815 καὶ
3507 2766 3799 2833 ἀδρανειαν

2209 2852 2531 2923 ἐπιτηροίη⁸
2566 2854 2660 2905 καὶ
2694 2851 2836 2905 οὕτω
2883 2853 3230 2923 φαρμακεύοι
3265 2854 3361 2905 καὶ
3401 2855 3554 2907 ἰᾶται
3580 2872 3593 2885 ·
3632 2856 3802 2909 ἐλλεί-

2208 2943 2336 3011 ψεσι
2388 2944 2485 2996 καὶ
2547 2943 2887 3013 προσθήκαις
2940 2941 3255 3013 χρώμενος·
3312 2944 3348 2997 ἂ
3405 2946 3465 2995 ἐν
3518 2945 3801 3016 κεφαλαίῳ

2211 3057 2530 3128 περιλαϐεῖν
2559 3059 2656 3127 οὐχ
2693 3053 2804 3111 οἷόν
2836 3075 2895 3110 τε
2934 3058 3261 3123 κανονικῶςο
3302 3059 3376 3123 ὡς
3423 3063 3522 3114 καὶ
3568 3064 3725 3116 αὐτοὶ
3753 3064 3799 3116 οἱ

2211 3153 2359 3220 ἆγιοι
2391 3151 2633 3222 Πατέρες
2665 3150 2821 3221 ἡμῶν
2844 3151 3133 3221 ὡρίσαντο.

516 3240 617 3306 ris,
647 3251 700 3294 et
729 3253 979 3309 personae
1042 3242 1385 3311 qualitatem,
1450 3252 1505 3297 et
1568 3243 1829 3310 temporis
1888 3242 2377 3313 opportunitatem,
2428 3244 2695 3308 habitum,
2756 3242 3007 3305 atl‘ectus,
3056 3244 3224 3308 vires,
3256 3244 3802 3317 imbecillitatemque

516 3334 919 3403 contemplatur
956 3352 970 3388 :
1004 3344 1057 3388 et
1090 3335 1170 3389 sic
1202 3334 1443 3389 remedia
1477 3335 1700 3391 conticit
1728 3336 2093 3406 adhibetque:
2136 3339 2516 3391 medicamenti
2558 3339 2779 3392 modum
2851 3353 2995 3391 nunc
3034 3352 3264 3407 augens,
3313 3356 3465 3394 nunc
3500 3343 3756 3395 Ininuens
3785 3359 3800 3395 :

516 3437 640 3492 quae
698 3440 809 3477 uno
866 3425 1047 3495 capite
1077 3440 1142 3481 ac
1172 3441 1373 3497 genere
1428 3428 1819 3497 comprehendi
1846 3430 1950 3485 rite
1989 3445 2099 3485 non
2140 3440 2370 3501 possunt
2402 3449 2415 3485 :
2448 3430 2908 3500 quemadmodum
2942 3430 3047 3499 ipsi
3106 3446 3327 3501 quoque
3360 3436 3543 3488 sancti
3609 3435 3795 3490 Patres

514 3512 692 3568 nostri
722 3513 1078 3571 deﬁnierunt.

1010 3630 1073 3685 L.
1105 3661 1175 3672 —-
1202 3629 1445 3686 Luciano
1482 3628 1617 3699 ﬁlio.

2601 3628 2687 3685 N'.
2720 3660 2788 3672 -—-
2819 3631 3128 3699 Λουκιανῷ
3162 3634 3371 3703 τέκνῳ.
3412 3635 3595 3710 [ενδ

1260 3742 1539 3794 Ρωιιίιειιιὶ
1560 3741 1925 3794 absolutionem
1961 3745 2264 3809 impertitur.
2303 3746 2505 3809 (Baron.
2540 3759 2620 3795 an.
2653 3745 2763 3806 816,
2796 3760 2846 3795 ιι.
2883 3745 2982 3807 19.)

588 3846 735 3905 Deus
761 3860 952 3905 noster
985 3852 1229 3922 optimus
1252 3894 1268 3919 ,
1299 3868 1424 3907 cum
1458 3853 1713 3907 humanae
1738 3863 1946 3909 naturae
2002 3855 2109 3908 im-

516 3939 871 3998 becillitatem
928 3944 1169 4007 noverit,
1210 3944 1441 4013 ﬁerique
1480 3944 1755 3998 interdum
1791 3954 1870 4009 ut,
1909 3961 2109 4015 quam-

517 4032 605 4087 vis
634 4031 907 4088 inoﬂ'enso
930 4032 1067 4102 pede
1099 4034 1311 4103 ingredi
1333 4035 1532 4105 aliquis
1550 4036 1819 4099 videatur,
1853 4038 1897 4091 is
1928 4050 2107 4091 tamen

521 4124 572 4179 si
605 4125 846 4178 remittat
879 4124 1187 4192 paululum,
1222 4140 1333 4195 quo
1377 4127 1553 4181 nescit
1589 4128 1753 4182 modo
1782 4128 2104 4197 dejiciatur:

521 4214 723 4284 insigni
751 4215 1091 4283 benignitate
1119 4216 1498 4285 pmnitentiam
1530 4217 1681 4271 dedit
1717 4258 1731 4283 ,
1763 4233 1885 4288 quae
1924 4219 2107 4272 homi-

522 4319 648 4359 nem
684 4319 716 4359 a
788 4304 945 4373 lapsu
999 4312 1265 4370 revocet,
1313 4305 1672 4374 restituatque
1717 4304 1770 4357 in
1812 4306 2105 4373 integrum,

520 4395 976 4466 Quandoquidem
1015 4396 1181 4466 igitur
1211 4406 1264 4451 et
1308 4396 1446 4466 ipSe,
1481 4395 1652 4449 frater
1709 4397 1806 4463 mi,
1856 4398 2110 4450 similiter

522 4488 802 4544 otfendisti
833 4530 848 4553 ,
881 4503 947 4542 ac
979 4488 1269 4543 laudabilis
1320 4487 1658 4558 ptenitentia:
1689 4498 1903 4557 tempus
1930 4490 2110 4559 exple-

521 4582 591 4636 sti
625 4595 640 4645 ;
680 4578 883 4634 acerbo
917 4580 1084 4632 animi
1116 4580 1325 4641 dolore,
1360 4578 1709 4649 profusisque
1741 4580 1994 4651 lacrytnis
2052 4590 2109 4634 ut

518 4671 727 4741 accepi,
757 4677 986 4724 exorato
1010 4668 1158 4735 Deo;
1202 4685 1349 4724 nunc
1378 4684 1506 4723 vero
1536 4669 1930 4724 absolutionem
1962 4671 2108 4724 elila~

520 4765 661 4835 gitas
693 4782 706 4817 :
735 4765 810 4835 (t)
872 4762 1338 4836 quemadmodum
1380 4771 1434 4817 et
1486 4762 1553 4814 ab
1598 4777 1885 4816 (economo
1933 4773 1987 4816 et
2040 4764 2107 4819 ab

520 4861 795 4914 oeconomi
827 4860 1035 4913 vicario
1061 4856 1434 4923 significatum
1465 4854 1598 4907 mihi
1628 4864 1711 4908 est
1738 4872 1751 4906 :
1782 4856 1918 4907 hanc
1944 4857 2108 4909 habe-

516 4961 576 5005 to
615 4968 645 5006 a
676 4952 927 5016 Domino,
980 4961 1033 5005 et
1078 4950 1209 5015 eris,
1265 4947 1340 5001 tili
1386 4948 1479 5012 mi,
1505 4948 1572 5001 ab
1608 4948 1871 5002 hodierno
1899 4950 1986 5003 die
2020 4966 2107 5002 sa-

518 5058 648 5107 nus,
689 5050 744 5097 in
769 5043 991 5099 Christo
1022 5043 1288 5112 gaudens,
1322 5046 1377 5091 et
1405 5038 1459 5091 in
1493 5039 1610 5107 ipso
1643 5055 1905 5109 prospere
1936 5042 2102 5094 vitam

2298 3855 2355 3908 ὐ
2406 3855 2611 3924 ἀγαθὸς
2659 3855 2816 3925 ἡμῶν
2846 3854 2997 3917 Θεὸς,
3032 3856 3187 3919 εἰδὼς
3214 3857 3275 3908 τὸ
3303 3857 3405 3927 τῆς
3446 3859 3804 3931 ἀνθρωπίνης

2212 3946 2429 4014 φύσεως
2461 3945 2757 4008 εὐόλισθον,
2788 3946 2879 3997 καὶ
2908 3947 2987 3997 ὅτι
3025 3947 3073 3997 εί
3100 3948 3196 3998 καὶ
3223 3946 3371 3999 δοκεῖ
3398 3966 3481 4011 τις
3516 3952 3802 4018 κατορθῶν

2211 4036 2567 4105 πορεύεσθαι,
2604 4037 2677 4098 ώς
2705 4039 2804 4088 οὐκ
2833 4032 2941 4087 οἶδε
2973 4036 3167 4105 μικρὸν
3204 4038 3532 4108 ῥαθυμήσας
3566 4044 3805 4096 ὑποσκε-

2210 4126 2451 4190 λίζεται·
2510 4126 2907 4196 φιλανθρώπως
2970 4129 3283 4198 ἐδωρήσατο
3325 4132 3425 4199 τὴν
3479 4134 3800 4199 μετάνοιαν,

2212 4217 2663 4287 ἀνακαλουμένην
2693 4218 2781 4269 τὸν
2819 4219 3105 4291 ἄνθρωπον
3136 4221 3233 4289 τῆς
3265 4222 3551 4284 πτώσεως,
3593 4229 3683 4278 καὶ
3720 4228 3802 4287 εἱς

2210 4314 2270 4364 τὸ
2302 4313 2453 4379 ὑγιὲς
2479 4313 2953 4366 ἁποκαθιστὼσαν.
2992 4314 3144 4366 Ἐπεὶ
3176 4311 3269 4368 οὗν
3300 4318 3391 4367 καὶ
3426 4318 3614 4380 αὐτὸς,
3648 4319 3804 4371 ἀδελ-

2212 4407 2278 4474 φέ
2315 4424 2438 4473 μου,
2478 4405 2751 4466 πέπονθας
2783 4406 2811 4458 ὃ
2845 4405 3136 4468 πέπονθας,
3178 4408 3271 4459 καὶ
3313 4407 3401 4459 τὸν
3442 4411 3544 4477 τῆς
3584 4410 3800 4474 ἀξιολῦ-

2211 4514 2309 4566 γου
2338 4498 2626 4567 μετανοίας
2652 4497 2842 4568 καιρὸν
2878 4498 3265 4568 πεπλήρωκας,
3301 4499 3469 4569 πολλῇ
3499 4502 3800 4564 κατανύξει

2212 4592 2307 4645 καὶ
2335 4591 2610 4653 πλείστοις
2635 4591 2917 4662 δάκρυσιν,
2950 4590 3025 4654 ὡς
3057 4591 3292 4660 ἀκήκοα,
3318 4590 3391 4653 ώς
3420 4592 3766 4661 ἐξιλεωσαμε

2210 4702 2298 4747 νος
2322 4686 2411 4735 τον
2440 4683 2601 4736 Θεόν·
2636 4684 2950 4755 ὲπιζητοίης
2981 4683 3040 4735 δὲ
3068 4684 3192 4754 ἄρτι
3218 4683 3369 4733 λύσιν
3395 4700 3409 4713 ·
3434 4683 3580 4735 καθὰ
3610 4684 3702 4736 διά
3742 4703 3802 4737 τε

2210 4775 2302 4828 τοῦ
2349 4776 2633 4844 οἰκονόμου
2680 4776 2773 4827 καὶ
2817 4774 2908 4828 τοῦ
2946 4776 3347 4845 παροικονόμου
3388 4767 3635 4843 ἐδηλώθη
3681 4794 3800 4844 μοι.

2209 4868 2309 4937 Εἵη
2344 4885 2424 4920 σοι
2450 4868 2589 4937 αὕτη
2622 4869 2767 4939 παρὰ
2798 4867 3001 4934 Κυρίου
3026 4884 3037 4897 ’
3066 4867 3161 4919 καὶ
3190 4867 3285 4937 ἔσῃ
3320 4866 3577 4931 ὑγιαίνων
3610 4868 3675 4917 ἐκ
3703 4866 3801 4918 τοῦ

2207 4958 2388 5029 δεῦρο,
2438 4960 2520 5011 υἱέ
2570 4977 2693 5029 μου,
2748 4961 2840 5012 καὶ
2884 4961 3089 5030 χαίρων
3139 4961 3197 5012 ἐν
3240 4958 3481 5028 Χριστῷ,
3516 4961 3612 5009 καὶ
3662 4977 3803 5011 ιατ-

2210 5050 2566 5121 ευοδούμενος
2610 5056 2665 5105 ἐν
2720 5052 2909 5121 αὐτῷ’
2972 5052 3169 5120 μηκέτι
3228 5050 3563 5119 συμπίπτειν
3616 5050 3803 5111 διδους

519 5150 706 5205 agens,
737 5146 793 5191 ut
832 5154 898 5191 ne
928 5118 1158 5207 posthac
1187 5133 1411 5189 decidas
1442 5130 1676 5200 obligata
1712 5132 1942 5186 Domino
1974 5134 2099 5197 ﬁde,

2210 5142 2409 5208 ἐγγύας
2448 5142 2528 5213 τῷ
2570 5145 2835 5215 Δεσπότῃ,
2875 5141 3009 5193 ἀλλὰ
3041 5143 3295 5210 θνήσκειν
3331 5141 3469 5210 ὑπὲρ
3503 5141 3691 5205 αὐτοῦ,
3720 5142 3803 5205 ὠς

520 5230 612 5282 sed
640 5244 738 5297 pro
773 5230 891 5298 ipso
926 5241 1153 5283 mortem
1183 5228 1373 5290 obeas,
1407 5224 1865 5293 quemadmodum
1903 5236 1955 5279 et
1990 5227 2104 5294 ipse

518 5334 619 5389 pro
668 5330 720 5375 te
776 5321 1017 5390 pertulit.
1070 5324 1239 5375 Antea
1296 5319 1458 5389 igitur
1486 5334 1583 5387 per
1617 5318 1823 5372 litteras
1868 5318 2097 5385 ejulans,

518 5409 777 5479 indignus
801 5413 945 5478 licet,
967 5414 1047 5467 sic
1075 5420 1125 5467 te
1147 5410 1544 5481 compellabam
1574 5427 1586 5463 :
1609 5409 1799 5475 Adam,
1824 5409 1911 5463 ubi
1935 5427 1987 5464 es
2012 5410 2099 5464 "?

590 5521 637 5553 “
670 5524 711 5577 ιι
745 5523 1023 5583 Joan.10.
1101 5525 1146 5558 ⁸⁸
1174 5525 1312 5581 Gen.
1347 5542 1429 5590 ιιι,
1461 5524 1515 5578 9.

2208 5232 2305 5282 καὶ
2363 5233 2525 5296 αὐτὸς
2565 5234 2705 5303 ὑπὲρ
2747 5232 2840 5285 σοῦ
2884 5230 3073 5285 ἔπαθε.
3125 5232 3393 5301 Πρότερον
3426 5233 3527 5300 μὲν
3558 5230 3651 5285 οὖν
3704 5234 3800 5286 διὰ

2209 5322 2539 5391 γράμματος
2559 5327 2586 5377 ὁ
2608 5324 2820 5386 ἀνάξιος
2838 5322 3260 5393 κλαυθμυρικῶς
3284 5324 3631 5393 ἐφθεγξάμην
3650 5327 3798 5394 7:925;

2209 5411 2269 5463 σέ
2292 5428 2307 5443 ο
2341 5413 2533 5484 Ἀδὰμ,
2558 5414 2677 5466 ποῦ
2700 5409 2788 5476 εἷς
2812 5414 2909 5484 τὴν
2937 5414 3086 5467 θείαν
3111 5414 3291 5486 φωνὴν
3312 5416 3558 5470 ὑπειπών
3580 5435 3592 5447 ·
3618 5417 3712 5469 διά
3733 5416 3798 5468 τὸ

2032 5617 2268 5673 ΝΟΤᾸΞ.

597 5731 674 5793 (1)
710 5730 863 5813 lianc
888 5734 1315 5813 absolutionem,
1351 5733 1578 5813 minime
1619 5735 2076 5813 sacramentalem
2112 5736 2343 5805 explicat
2386 5736 2545 5792 Joan.
2582 5734 2863 5805 Jejunator
2905 5739 2956 5795 in
2994 5739 3176 5797 libello
3226 5739 3591 5799 Pwnitentiali
3632 5744 3787 5813 apud

520 5800 683 5857 Joan.
719 5803 989 5856 Morinum
1028 5807 1076 5857 in
1102 5804 1499 5856 Commentario
1528 5803 1590 5855 de
1628 5802 1966 5859 Pwnitentia.
