3934 6440
77 389 218 454 1261

1275 381 1813 443 EPISTOLARUM
1860 381 2005 441 LIB.
2066 381 2147 440 II-

3218 379 3353 441 126?.

75 501 140 566 ἐξ
172 498 380 570 ὑψηλοῦ
413 518 472 554 σε
505 500 619 571 βίου
646 499 812 554 οἱονεὶ
844 498 1276 570 παραδεισιακοῦ
1306 496 1664 552 ἐκπεπτωκέ-

1788 497 1867 552 Dei
1898 511 2087 550 vocem
2133 495 2437 562 ineulcans,
2467 496 2614 566 quod
2653 511 2721 550 ex
2759 495 2977 550 sublimi
3011 495 3128 548 vita-
3160 511 3355 562 genere

75 607 196 644 ναι.
229 590 344 644 Νῦν
373 591 431 643 δὲ
466 593 768 654 ἀναγκαῖον
811 588 1191 656 άποτολμῆσαί
1225 606 1291 658 με
1335 587 1427 640 τὸν
1468 585 1673 639 τάλανα

1774 599 2036 660 tanquam
2054 604 2121 643 ex
2148 589 2401 657 paradiso
2422 590 2747 644 excidisscs.
2781 587 2934 642 Nunc
2967 603 3096 641 vero
3132 602 3355 642 necesse

73 681 180 735 καὶ
197 682 394 734 εἰπεῖν’
422 682 628 753 Εἰρήνη
654 700 758 748 σοι,
782 680 1014 744 ἀνάστα,
1038 680 1271 751 Χριστος
1292 677 1525 732 κελεύει·
1548 675 1673 748 ζῆθι

1788 690 1852 736 :st
1907 681 2168 735 miserum
2226 694 2314 733 me
2369 680 2628 733 audacter
2667 694 2732 733 ac
2772 678 2943 732 libere
2975 678 3158 732 dicere
3193 695 3206 731 :
3242 674 3354 732 Pax

73 773 164 836 εἰς
186 771 384 826 αἰῶνα.

295 887 426 942 NA'.
447 916 519 928 —
545 885 862 954 Ἀλϐενέκᾳ
897 887 1414 958 πρωτοσπαθαρίᾳ.
1493 883 1670 958 [τνζῌ]

1776 772 1873 826 tibi
1907 789 1918 824 :
1948 785 2207 841 exsurge,
2236 770 2489 824 Christus
2514 769 2669 839 jubet
2699 787 2712 824 :
2745 769 2802 824 in
2837 777 3106 824 aeternum
3136 769 3284 823 vive.

2056 881 2142 939 LI.
2167 913 2235 925 -—
2265 883 2538 936 Albeneca:
2582 883 3040 952 protospatltariw.

685 1018 998 1070 Renuntiare
1033 1020 1216 1070 saeculo
1238 1025 1527 1082 cupientem
1547 1020 1695 1068 docet
1713 1031 1814 1081 quo
1841 1024 1985 1079 pacto
2006 1019 2055 1068 id
2079 1018 2346 1082 impetrare
2368 1033 2394 1067 a
2415 1020 2590 1068 marito
2613 1019 2784 1080 possit.

165 1146 406 1212 Ἐξένισέ
433 1164 502 1218 με
525 1147 588 1202 τὸ
613 1148 854 1219 γράμμα
882 1149 981 1218 τῆς
1006 1148 1290 1214 εὐγενείας
1315 1165 1408 1200 σου
1437 1148 1537 1200 οὐκ
1562 1146 1672 1199 όλί-

77 1255 211 1306 γον·
247 1236 392 1291 οῦτω
427 1238 525 1309 μὲν
577 1239 641 1292 ὲκ
686 1239 938 1308 φιλοθέου
985 1239 1213 1309 καρδίας
1261 1237 1667 1308 ὑπαγορευθένο

77 1329 230 1383 οὕτω
268 1330 325 1382 δὲ
373 1331 479 1383 ὑπὸ
534 1330 1006 1401 συντετριμμένης
1053 1329 1149 1382 καὶ
1199 1329 1674 1398 τεταπεινωμένης

76 1422 384 1485 διαθέσεως
417 1422 658 1493 πραχθέν
679 1438 692 1451 ·
723 1421 865 1474 ὥστε
900 1421 982 1483 δὶς
1013 1421 1105 1472 ἐπὶ
1128 1420 1189 1472 τὸ
1213 1420 1345 1474 αὐτὸ
1373 1421 1676 1488 ἀναγνόντα

82 1532 157 1584 με
193 1514 491 1581 ἐπιλέγειν.
521 1513 617 1575 Τίς
641 1513 735 1565 καὶ⁵
763 1512 924 1565 ὁποία
952 1511 1047 1564 καὶ
1068 1511 1226 1582 ἡλίκη
1263 1513 1296 1581 ἡ
1336 1511 1481 1583 ψυχὴ
1516 1512 1679 1582 αῦτη,

84 1608 115 1675 ἡ
164 1605 340 1657 ταῦτα
399 1603 746 1674 φθεγγομένη
797 1603 934 1674 πρός
965 1621 1032 1674 με
1058 1606 1151 1657 τὸν
1183 1605 1567 1677 ταλαίπωρον;
1603 1606 1682 1670 ὡς

78 1696 142 1748 δὲ
218 1697 314 1749 καὶ
367 1697 520 1764 παρὰ
575 1695 672 1748 τοῦ
734 1696 1212 1767 γραμματηφόρου
1259 1699 1534 1769 ἀνηγγέλη
1590 1716 1680 1767 μοι

78 1790 234 1862 ᾰπερ
301 1789 453 1860 ζώσῃ
516 1791 668 1858 φωνῇ
733 1789 976 1857 παρέθου
1029 1788 1180 1859 αὐτῷ
1235 1791 1508 1855 ἐξειπεῖν’
1557 1793 1680 1845 τότε

79 1883 187 1934 καὶ
251 1880 455 1951 μᾶλλον
493 1879 742 1950 ἠγάσθην
789 1879 933 1944 λίαν,
980 1881 1074 1932 καὶ
1122 1880 1349 1944 ἐδόξασα
1395 1881 1487 1934 τόν
1542 1883 1678 1950 ἁγα-

79 1975 183 2026 θὺν
235 1973 397 2042 ἡμῶν
449 1972 603 2037 Θεὸν,
663 1971 723 2035 ὃς
785 1971 1078 2025 ὲνέπνευσὲ
1133 1988 1215 2024 σοι
1274 1973 1517 2027 τοιοῦτον
1562 1975 1677 2028 δια-
1708 1951 1747 2005 Β

78 2065 380 2133 λογισμὸν,
442 2063 540 2116 καὶ
597 2063 678 2125 είς
741 2060 902 2133 ἔργον
961 2059 1132 2131 αὐτὴν
1189 2065 1524 2132 προαγαγεῖν
1581 2065 1677 2133 ἐφ-

83 2176 131 2211 ιε
140 2159 339 2228 μένην.

157 2249 326 2316 Μέγα
346 2246 636 2317 τοιγαροῦν
664 2249 723 2299 τὸ
743 2245 903 2315 ἔργον
930 2245 958 2299 6
978 2246 1346 2316 ὲπεπόθησας,
1371 2248 1557 2319 κυρία,
1583 2249 1677 2302 καὶ

77 2339 200 2391 τὼν
239 2337 594 2390 δυσανύστων
617 2353 633 2368 ο
665 2335 727 2388 οὐ
765 2336 926 2406 μόνον
954 2336 1042 2389 διὰ
1087 2337 1149 2389 τὸ
1208 2337 1412 2407 ὑψηλὸν
1458 2341 1553 2392 καὶ
1581 2340 1676 2393 οὑ-

79 2431 279 2501 ράνιον
308 2430 402 2483 τοῦ
432 2430 548 2500 βίου
588 2430 775 2499 (οὐδὲν
799 2429 908 2500 γὰρ
938 2428 1064 2483 ἄλλο
1089 2431 1122 2501 ἡ
1151 2431 1421 2502 άποταγὴ,
1448 2433 1480 2501 ἢ
1518 2449 1682 2485 σταυ-

84 2523 192 2594 ροῦ
227 2523 327 2576 xal.
348 2522 581 2576 θανάτου
629 2521 932 2590 ἐπαγγελία
959 2521 1038 2592 τῷ
1097 2539 1162 2591 γε
1211 2523 1483 2594 ἀληθινῶς
1515 2528 1680 2594 μονά-

83 2635 254 2672 σαντι
279 2618 320 2682 ),
355 2616 493 2669 ἀλλὰ
521 2617 614 2670 καὶ
638 2615 726 2669 διὰ
753 2616 816 2669 τὸ
842 2617 1084 2671 δεδέσθαι
1111 2635 1170 2671 σε
1193 2619 1372 2690 ἀνδρί·
1398 2616 1566 2689 οὗπερ
1584 2621 1681 2691 οὐχ

80 2711 165 2772 ὡς
201 2710 392 2778 ἔτυχεν
424 2709 539 2761 ἐστι
575 2709 980 2778 διαζευχθῆναι,
1004 2710 1094 2763 διὰ
1120 2711 1181 2763 τὸ
1201 2710 1564 2765 θεοσύναπτόν
1599 2731 1680 2766 σοι

89 2799 246 2856 εἶναι
290 2802 555 2871 δηλονότι.
606 2800 703 2864 Τίς
743 2797 836 2855 οῦν
889 2803 1368 2874 ἀποσυνάψειεν,ἢ
1411 2805 1608 2876 δηλαδὴ
1653 2808 1682 2859 6

97 2893 357 2961 συνάψας
380 2934 396 2957 ,
432 2894 525 2945 ἐπὶ
568 2893 791 2962 μείζονα
825 2895 1165 2964 ὴπειγμένην
1198 2895 1481 2965 προελθεῖν
1527 2896 1681 2948 πολι-

85 2986 256 3040 τείαν
289 3003 304 3050 ;
343 2988 434 3037 Δεῖ
460 2981 552 3039 οὖν
604 2985 853 3056 καθάπερ
877 2988 911 3056 ἡ
939 2986 1168 3056 διαταγὴ
1200 2986 1294 3039 τοῦ
1333 2987 1495 3054 ἁγίου,
1521 2990 1684 3040 Βασι-

82 3080 244 3132 λείου
274 3078 492 3148 πρῶτον
521 3079 590 3132 τά
620 3081 756 3147 πρὸς
783 3079 875 3131 τὸν
902 3077 1174 3148 ὁμόζυγον
1197 3075 1254 3132 εὖ
1287 3080 1588 3133 διαθέσθαι.
1618 3079 1682 3132 Τί

80 3173 297 3237 ’τοῦτο;
362 3171 790 3241 Ἀπογυμνῶσαι
842 3171 936 3224 τὸν
967 3171 1228 3241 λογισμὸν
1261 3173 1358 3241 τῆς
1400 3173 1638 3241 ἐφέσεως
1666 3190 1680 3205 ο

1843 1149 1931 1202 Me
1955 1148 2146 1202 litterae
2185 1145 2490 1201 nobilitatis
2509 1156 2614 1200 tuae
2640 1144 2784 1198 haud
2809 1144 3155 1198 mediocriter
3171 1159 3361 1213 percu-

1775 1239 1888 1294 lere
1922 1257 1934 1292 :
1970 1248 2099 1294 sunt
2135 1242 2284 1293 enim
2322 1248 2431 1292 tam
2465 1239 2726 1308 religioso
2775 1237 2943 1290 animi
2976 1236 3172 1290 aﬂ'ectu
3198 1237 3365 1292 dicta-

1776 1340 1868 1397 tas,
1896 1340 2007 1386 tam
2058 1331 2253 1386 intimo
2285 1332 2361 1401 pii
2417 1331 2626 1386 doloris
2653 1346 2820 1386 sensu
2851 1329 3136 1394 confectae,
3169 1339 3229 1384 ut
3266 1331 3363 1384 iis-

1778 1427 1900 1478 dem
1927 1425 2122 1480 iterum
2160 1423 2412 1494 perlectis
2442 1426 2495 1478 in
2548 1425 2695 1478 hanc
2735 1425 2971 1493 denique
3013 1431 3200 1478 vocem
3232 1440 3363 1476 ern—

1779 1517 1950 1587 perim
1986 1535 1999 1572 ε
2029 1516 2161 1583 Quae
2185 1525 2239 1570 et
2266 1517 2463 1585 qualis,
2490 1525 2545 1570 et
2566 1523 2771 1585 quanta
2809 1517 2987 1570 anima
3013 1525 3114 1579 est,
3139 1531 3258 1584 quae
3295 1514 3364 1568 ad

1780 1624 1868 1663 me
1927 1609 2200 1662 infelicem
2259 1608 2360 1661 ista
2411 1607 2761 1677 perscribit?
2805 1605 2878 1661 Ut
2941 1623 3070 1662 vero
3114 1608 3366 1661 nuntiata

1780 1709 1911 1753 sunt
1939 1699 2072 1752 mihi
2107 1714 2136 1752 a
2166 1700 2445 1754 tabellario
2476 1714 2540 1754 ea
2573 1715 2696 1768 qua:
2728 1697 2847 1751 viva
2884 1711 3014 1751 voce
3049 1706 3107 1750 ut
3147 1711 3364 1749 mecum

1781 1791 1870 1845 ille
1907 1792 2339 1845 communicaret
2374 1790 2647 1844 mandasti
2696 1807 2710 1856 ;
2748 1799 2877 1844 tunc
2935 1803 3065 1843 vero
3109 1788 3367 1857 obstupui

1783 1886 1956 1938 multo
1997 1884 2392 1947 vehementius,
2439 1893 2493 1938 et
2522 1883 2736 1937 laudavi
2785 1881 2952 1936 Deum
2990 1890 3237 1935 nostrum
3268 1897 3368 1951 op-

1782 1979 1975 2033 timum
2008 1976 2101 2045 qui
2135 1976 2241 2029 tale
2287 1976 2382 2030 tibi
2409 1977 2745 2045 propositum
2781 1975 2835 2027 in
2884 1983 3123 2028 mentem
3161 1975 3365 2043 injecit,

1780 2068 2036 2137 idemque
2069 2076 2120 2121 te
2144 2064 2459 2135 perﬁciendi
2494 2066 2790 2135 cupiditate
2821 2063 3081 2118 incendit.

1849 2246 2104 2318 Magnum
2161 2247 2350 2317 utique
2408 2245 2666 2315 quiddam
2728 2255 2812 2300 est
2871 2246 3018 2316 quod
3070 2247 3366 2316 expetiisti,

1778 2342 2023 2404 domina,
2082 2348 2137 2394 et
2166 2341 2418 2404 arduum,
2457 2356 2563 2393 non
2618 2341 2782 2394 modo
2838 2352 3061 2410 pr0pter
3121 2343 3368 2398 etelestis

1780 2429 2106 2502 hujus’vita:
2148 2433 2582 2497 sublimitatem;
2621 2432 2756 2485 nihil
2791 2434 2935 2485 enim
2975 2433 3120 2487 aliud
3159 2451 3366 2489 renun-

1781 2525 1935 2579 tiatio
1994 2533 2100 2586 est,
2159 2539 2324 2593 quam
2375 2525 2560 2578 crucis
2613 2540 2677 2578 ac
2748 2527 2943 2581 mortis
3020 2527 3367 2583 denuntiatio

1781 2615 1827 2667 ei
1892 2615 1985 2683 qui
2049 2630 2174 2669 vere
2229 2615 2534 2670 monachus
2594 2616 2694 2683 sit;
2751 2631 2944 2672 verum
2997 2619 3161 2673 etiam
3223 2623 3368 2690 quod

1794 2707 1871 2762 sis
1890 2722 2016 2762 cum
2052 2708 2170 2762 viro
2195 2709 2471 2778 copulata,
2498 2724 2526 2762 a
2557 2724 2667 2777 quo
2701 2708 2881 2763 divelli
2915 2725 3171 2778 magnum
3196 2692 3372 2783 nego-

1782 2798 1919 2852 tium
1963 2807 2067 2865 est,
2137 2808 2424 2869 propterea
2483 2802 2626 2868 quod
2661 2801 2856 2855 ambos
2889 2802 3139 2856 videlicet
3167 2818 3369 2858 conso-

1783 2891 2009 2946 ciaverit
2068 2891 2296 2946 Deus”.
2347 2892 2481 2958 Quis
2526 2908 2656 2962 ergo
2704 2894 3013 2965 disjunget?
3051 2896 3172 2964 Ipse
3206 2897 3369 2951 nitui-

1783 2997 1904 3036 rum
1942 2982 2035 3052 qui
2068 2983 2377 3049 conjunxit,
2410 2983 2502 3053 qui
2535 2985 2788 3054 progredi
2821 2987 2968 3055 cogit
3002 2988 3071 3040 ad
3108 2997 3374 3056 prazstan-

1784 3077 1895 3130 tius
1951 3079 2075 3131 vita:
2118 3078 2454 3131 institutum.
2506 3078 2744 3134 Necesse
2791 3091 2875 3135 est
2918 3083 3101 3152 igitur,
3132 3101 3196 3138 ex
3231 3100 3370 3153 pra:-

1785 3170 1988 3237 scripto
2035 3170 2206 3224 sancti
2244 3170 2450 3232 Basilii,
2486 3186 2550 3224 ea
2583 3173 2816 3240 primum
2851 3189 2973 3242 quae
3001 3177 3067 3230 ad
3104 3179 3363 3230 maritum

82 3263 384 3328 ὑποδεῖξαι
444 3263 506 3315 τὸ
549 3261 644 3331 τοῦ
707 3262 918 3331 κόσμου
957 3263 1188 3331 μάταιον
1222 3263 1321 3314 καὶ
1358 3262 1642 3331 ὀνειρῶδες
1667 3279 1680 3291 ·

1789 3267 2038 3328 spectant
2095 3270 2243 3313 recte
2311 3262 2588 3329 componi.
2653 3261 2794 3326 Quid
2852 3263 2995 3318 istud
3054 3268 3179 3321 eSt?
3233 3269 3372 3333 Quid

82 3358 166 3420 ὡς
199 3355 360 3408 οὐδὲν
398 3354 623 3424 μόνιμον
651 3355 709 3408 ὲν
725 3354 895 3424 αὐτῷ,
930 3355 1067 3407 ἀλλὰ
1099 3355 1447 3425 παρατρέχον
1479 3354 1568 3406 ἶσα
1595 3359 1688 3408 καὶ

86 3451 308 3512 σκιαῖς,
346 3447 449 3500 κᾶν
478 3448 774 3518 περιχαρὲς
821 3464 897 3513 τι,
950 3448 1053 3500 κᾶν
1094 3448 1513 3512 ἀπολαυστικὸν,
1582 3448 1686 3502 κᾶν

85 3539 424 3601 πολύολϐον,
456 3539 557 3592 κᾶν
604 3539 872 3607 ὲνήδονον,
907 3537 1007 3592 κᾶν
1071 3538 1312 3608 βασιλεία
1339 3539 1500 3609 αύτὴ.
1544 3538 1688 3592 Ὠσεὶ

86 3632 264 3694 ἄνθος
293 3632 403 3698 γάρ
425 3628 517 3682 τοῦ
533 3629 708 3697 ἀγροῦ
735 3629 914 3682 πάντα
944 3628 1268 3697 άφίπτατσι.
1303 3631 1410 3681 Καὶ
1435 3631 1496 3681 οὑ
1529 3629 1688 3682 τοῦτο

88 3725 270 3794 μόνον
295 3736 310 3750 °
343 3720 480 3773 ἀλλὰ
532 3721 624 3774 καὶ
667 3722 841 3789 κρῖμα
859 3720 1236 3790 ἀπαραίτητον
1271 3722 1363 3773 ἐπὶ
1392 3720 1500 3771 τῶν
1520 3737 1686 3790 προσ-

86 3813 293 3877 παθῶς
327 3812 612 3880 ζησάντων
647 3813 704 3864 ὲν
735 3813 812 3879 τῷ
847 3811 1078 3880 παρόντι
1111 3810 1290 3874 αἰῶνι,
1321 3812 1415 3864 καὶ
1447 3812 1521 3881 μὴ
1547 3811 1688 3865 κατὰ

84 3908 197 3970 τὰς
231 3904 459 3966 ἐντολὰς
491 3903 588 3956 τοῦ
616 3902 856 3974 Χριστοῦ
883 3918 895 3934 ⁸
948 3904 1086 3973 ὅπερ
1131 3905 1368 3976 ἐργῶδες
1403 3905 1685 3958 ἐκτελέσαι

89 4006 150 4070 ἐν
174 3999 261 4069 τῷ
292 3997 457 4062 κοινῷ
483 3996 602 4066 βίῳ.
631 3997 817 4050 Ταῦτα
869 3997 1124 4064 λάλησον,
1152 3997 1560 4067 παρακάλεσον,
1589 4001 1685 4051 ὲκ-

89 4088 372 4161 μείλιξαι,
415 4088 490 4150 ὼς
538 4088 604 4140 ἂν
643 4088 893 4152 πείσειας
923 4088 1085 4142 αὐτὸν
1127 4089 1558 4159 συναιρήσασθαί
1601 4105 1685 4141 σοι

87 4185 186 4237 τὸν
229 4181 439 4235 σκοπὸν
459 4180 560 4250 τῆς
593 4180 902 4250 ἀποταγῆςο
942 4181 1004 4234 Τί
1038 4180 1148 4249 γὰρ
1182 4176 1372 4246 οἶδας,
1405 4183 1557 4250 φησὶ,
1583 4183 1686 4250 γύ-

86 4292 221 4337 ναι,
261 4275 319 4327 εί
345 4272 452 4325 τὸν
503 4271 693 4338 ἄνδρα
722 4273 990 4337 σώσεις;
1025 4275 1134 4326 Καὶ
1167 4273 1324 4327 τοῦτο
1368 4276 1460 4327 ἐπὶ
1491 4275 1685 4344 χρόνον

92 4367 312 4420 ἱκανόν.
352 4365 464 4417 Kal.
491 4365 660 4434 εἰμὲν
694 4365 1022 4430 συνέλθοιεν,
1057 4363 1115 4419 εὖ
1135 4367 1200 4420 ἂν
1228 4366 1340 4435 ἔχοι
1363 4383 1379 4399 ο
1415 4370 1464 4419 εί
1501 4368 1556 4421 δὲ
1585 4369 1682 4438 μὴ,

88 4461 219 4512 τότε
247 4459 300 4510 εί
337 4455 596 4508 τοσοῦτον
625 4457 855 4509 ἀνάπτει
884 4474 942 4508 σε
972 4459 999 4509 6
1029 4456 1165 4509 Θεοῦ
1202 4457 1386 4520 πόθος,
1422 4459 1684 4528 πράττεις

88 4554 162 4605 τὰ
209 4549 451 4614 δόξαντά
494 4565 598 4612 σοι,
635 4549 728 4600 καὶ
764 4549 839 4618 μὴ
897 4548 1224 4617 βουλομένου
1265 4549 1360 4601 τοῦ
1394 4550 1680 4620 όμόξυγος.

1790 3350 2002 3405 consilii
2039 3351 2270 3420 ceperis,
2303 3353 2516 3419 aperire
2543 3370 2560 3418 :_
2599 3369 2763 3424 quam
2805 3357 2920 3409 sint
2959 3372 3046 3411 res
3085 3361 3375 3416 mundanae

1791 3443 1980 3499 inanes
2023 3459 2088 3499 ac
2137 3445 2336 3499 somnii
2367 3446 2601 3510 similes,
2653 3463 2992 3517 suggerere:
3028 3459 3084 3504 ut
3119 3453 3256 3507 nihil
3289 3454 3377 3510 hic

1790 3534 1955 3590 ﬁxum
1987 3536 2056 3590 sit
2085 3551 2149 3589 ac
2176 3536 2390 3601 stabile,
2424 3537 2559 3591 nihil
2595 3552 2702 3592 non
2728 3538 2905 3593 instar
2926 3541 3130 3597 umbra:
3160 3553 3379 3613 prater-

1790 3626 1928 3693 iens,
1969 3627 2324 3696 quantumvis
2365 3628 2671 3696 jucundum
2731 3631 2867 3686 illud
2911 3643 3236 3704 gratumque
3281 3637 3373 3696 sit,

1788 3719 2192 3789 quantumlibet
2230 3718 2513 3774 felicitatis
2543 3721 2736 3777 aﬂ‘erat
2763 3739 2828 3778 ac
2857 3725 3172 3794 voluptatis.
3209 3729 3293 3783 vel
3327 3730 3374 3784 si

1791 3821 2031 3880 potestas
2085 3813 2232 3883 regia
2288 3811 2477 3868 fuerit.
2529 3812 2666 3869 Nam
2720 3817 2870 3872 velut
2910 3817 3011 3873 llos
3044 3821 3158 3889 agri
3187 3823 3373 3878 omnia

1789 3915 2142 3959 evanescunt.
2207 3902 2396 3975 Neque
2463 3907 2566 3961 hoc
2626 3908 2808 3963 solum
2841 3929 2854 3963 :
2895 3911 2992 3965 sed
3025 3913 3374 3982 etjudicium

1791 3992 2130 4046 inexorabile
2159 3992 2265 4047 erit
2287 4008 2501 4057 eorum,
2529 3994 2625 4063 qui
2649 3995 2701 4050 in
2725 3998 2978 4066 praesenti
3009 4013 3125 4055 aevo
3160 4001 3375 4058 vitiosis

1789 4084 2071 4140 affectibus
2102 4085 2368 4154 inquinati
2402 4086 2663 4151 vixerint,
2695 4103 2797 4143 nec
2831 4091 3132 4147 secundum
3166 4093 3374 4152 Christi

1788 4184 2054 4246 praecepta
2089 4195 2104 4230 :
2134 4175 2188 4230 id
2218 4177 2364 4244 quod
2407 4176 2721 4247 perdifﬁcile
2757 4189 2844 4235 est
2879 4181 2938 4236 in
2970 4186 3220 4241 saeculari
3242 4187 3374 4242 vita.

1788 4267 1914 4323 Haec
1941 4268 2180 4338 loquere,
2213 4268 2524 4334 adhortare,
2549 4271 2843 4327 verborum
2863 4273 3124 4331 blanditia
3151 4279 3372 4358 adhibe,

1786 4370 1848 4416 ut
1902 4361 2144 4415 animum
2205 4361 2253 4416 is
2303 4361 2526 4417 inducat
2575 4365 3003 4422 renuntiationis
3026 4371 3373 4438 propositum

1785 4469 1895 4508 una
1941 4463 2116 4508 tecnm
2153 4454 2427 4523 amplecti.
2478 4453 2627 4508 Unde
2671 4458 2812 4510 enim
2841 4460 2967 4524 scis,
3001 4459 3205 4530 inquit,
3254 4481 3372 4516 mu-

1788 4546 1905 4610 lier,
1926 4546 1970 4598 si
1999 4547 2169 4599 virum
2196 4545 2398 4598 salvum
2455 4545 2619 4614 facies
2643 4547 2724 4599 “?
2769 4548 2835 4602 Et
2874 4549 3020 4603 istud
3048 4552 3115 4604 ad
3160 4561 3377 4623 tempus

103 4641 276 4705 Ἀλλ’,
309 4638 389 4702 ὡς
417 4640 762 4709 προείρηται,
783 4639 1172 4704 δυσεξάνυστον
1200 4639 1261 4692 τὸ
1289 4644 1522 4710 πρᾶγμα
1547 4659 1560 4672 ·
1593 4644 1683 4696 καὶ

1792 4637 1925 4691 satis
1946 4646 2048 4691 est.
2084 4636 2164 4691 Ac
2198 4637 2243 4690 si
2285 4637 2507 4706 quidem
2544 4638 2650 4692 'ille
2697 4643 3059 4707 consenserit,
3102 4643 3242 4699 belle
3278 4646 3380 4699 ha-

93 4735 347 4806 μάλιστα
381 4734 440 4784 ὲν
470 4734 588 4794 ταῖς
619 4731 715 4784 τοῦ
741 4732 986 4802 διωγμοῦ
1025 4734 1264 4804 ἡμέραις
1284 4750 1297 4761 ·
1332 4735 1426 4786 καὶ
1456 4735 1540 4786 ὃτι
1568 4735 1689 4804 οὐχὶ

89 4828 345 4897 τυχοῦσα
375 4823 534 4894 αὑτὴ,
579 4825 715 4878 ἀλλὰ
765 4825 872 4876 τῶν
899 4825 1305 4895 ὑπερεχουσῶν,
1340 4827 1433 4878 καί
1462 4843 1525 4894 γε
1582 4826 1691 4878 τῶν

93 4918 390 4987 συναίμων
431 4919 497 4986 τῇ
559 4915 936 4986 βασιλευούσῃ.
986 4917 1099 4983 Ἐφ’
1146 4909 1190 4983 ᾧ
1232 4920 1327 4968 καὶ
1389 4917 1691 4986 θαυμάζειν

91 5013 214 5064 ἔστί
244 5027 368 5071 πως
389 5010 448 5060 ὲν
477 5011 543 5078 τῇ
578 5008 719 5074 ἄγαν
752 5007 964 5080 εὐδοξίᾳ
1006 5008 1101 5062 τοῦ
1151 5010 1276 5079 τῇδε
1311 5002 1449 5078 βίου,
1485 5009 1691 5078 ταύτην

91 5100 537 5169 βδελυσσομένη,
590 5100 689 5170 τὴν
746 5102 1078 5162 ταπείνωσιν
1123 5103 1359 5170 Χριστοῦ
1410 5101 1691 5170 ἐπιποθείς

90 5191 457 5246 ἐνδύσασθαι.
520 5192 828 5260 Εὐλογητὸς
856 5193 1064 5262 Κύριος
1097 5195 1124 5244 6
1154 5192 1296 5245 οὕτω
1327 5193 1561 5245 πείθων⁶
1595 5195 1691 5246 καὶ

91 5288 205 5356 γὰρ
245 5285 389 5355 πρὸς
420 5282 520 5352 τὴν
546 5285 638 5336 τοῦ
674 5284 810 5336 Θεοῦ
838 5285 994 5348 δόξαν
1036 5286 1110 5348 ὡς
1166 5286 1379 5355 ἀληθῶς
1415 5286 1692 5356 βδέλυγμά

90 5384 215 5430 ἐστι
245 5380 316 5430 τὰ
347 5375 535 5440 ἔνδοξα
580 5375 675 5427 τοῦ
729 5377 960 5446 ματαίου
1006 5378 1143 5447 βίου.
1192 5379 1358 5447 Ἔχου
1390 5380 1567 5430 τοίνυν
1596 5380 1690 5431 τοῦ

93 5470 394 5522 καλλίστου
422 5467 542 5534 βίου
583 5483 697 5520 σου.
762 5468 970 5523 ’Λκούω
1011 5471 1119 5539 γὰρ
1169 5465 1255 5521 οἶα
1293 5471 1686 5540 ἁ⁴ίαθουργεῖςο

94 5564 191 5614 καὶ
223 5561 348 5622 πῶς
383 5559 655 5629 ἁφιεμένη
684 5561 784 5622 τὰς
818 5561 1105 5626 βασιλικὰς
1140 5561 1457 5631 διατριϐὰς,
1495 5563 1690 5632 σχολά-

95 5653 212 5715 ζεις
251 5652 313 5702 ὲν
355 5650 526 5719 ἑαυτῄ
558 5651 651 5702 καὶ
677 5651 735 5700 ἐν
781 5652 1026 5718 ἀγαθοῖς.
1060 5651 1217 5703 Ἔστι
1259 5656 1364 5723 γὰρ
1399 5655 1494 5706 καὶ
1527 5653 1584 5706 ἐν
1615 5651 1690 5722 τῷ

168 5826 220 5858 ⁵ο
289 5823 490 5880 Matth.
553 5843 667 5894 xrv,
701 5831 754 5882 6.
855 5829 893 5864 ⁵¹
930 5828 1098 5886 lCor.
1144 5846 1240 5899 vn,
1291 5831 1380 5886 16.

1794 4728 1882 4783 bet
1911 4747 1924 4781 :
1959 4729 2042 4782 sin
2075 4730 2278 4790 minus,
2322 4739 2453 4782 tunc
2480 4729 2521 4782 si
2564 4739 2615 4784 te
2643 4731 2733 4784 Dei
2774 4741 2958 4786 tantus
2999 4750 3155 4788 amor
3185 4737 3376 4791 incen-

1788 4821 1887 4886 dit,
1918 4820 1969 4873 id
2003 4820 2202 4874 ellicies
2225 4819 2372 4888 quod
2407 4820 2616 4874 libitum
2649 4821 2774 4883 erit,
2807 4823 2891 4875 vel
2917 4823 3090 4878 invito
3119 4826 3374 4896 conjuge.

1792 4913 1896 4966 Sed
1937 4927 2025 4964 res
2070 4927 2155 4974 ea,
2204 4920 2265 4964 ut
2325 4912 2531 4965 dictum
2587 4922 2672 4966 est
2733 4922 2912 4978 antea,
2953 4916 3184 4969 multum
3213 4918 3380 4972 habet

1789 5005 2124 5059 diﬂicultatis
2152 5021 2215 5059 ac
2250 5005 2492 5058 laboris:
2527 5007 2827 5072 praesertim
2865 5023 2995 5061 vero
3029 5015 3374 5077 persecutio-

1793 5096 1877 5149 nis
1901 5105 2145 5163 tempore
2180 5112 2192 5147 :
2223 5107 2276 5148 et
2313 5095 2458 5163 quod
2489 5111 2597 5148 non
2630 5097 2882 5165 quazlihet
2913 5114 2944 5151 e
2979 5099 3132 5168 plebe
3157 5102 3252 5164 sis,
3283 5104 3379 5156 sed

1791 5203 1820 5238 e
1853 5187 2134 5254 primariis
2184 5197 2240 5239 et
2301 5186 2644 5256 principibus
2696 5187 2935 5252 feminis,
2991 5206 3056 5244 ac
3118 5191 3379 5260 Augusta:

1791 5280 2237 5349 consanguineis.
2297 5277 2452 5333 Unde
2511 5290 2563 5334 et
2615 5281 2801 5334 mirari
2839 5283 2987 5336 subit
3017 5285 3378 5352 quemadmo-

1790 5373 1920 5426 dum
1973 5373 2025 5424 in
2088 5383 2196 5425 tam
2247 5373 2551 5425 abundanti
2597 5374 2724 5427 vita:
2776 5376 3062 5444 praesentis
3087 5377 3279 5442 gloria,
3315 5393 3380 5432 ea

1791 5465 2096 5533 repudiata,
2119 5464 2321 5518 Christi
2354 5465 2963 5522 humilitateminduere
2994 5471 3377 5538 concupiscas.

1797 5558 2122 5613 Benedictus
2155 5557 2420 5612 Dominus
2454 5574 2484 5612 a
2530 5575 2639 5626 quo
2668 5560 2784 5616 hazc
2832 5561 3028 5631 injecta
3060 5577 3214 5616 mens
3247 5573 3332 5616 est
3363 5579 3376 5615 :

1799 5667 1925 5708 vere
1979 5651 2125 5706 enim
2184 5666 2293 5719 pra:
2356 5651 2448 5705 Dei
2482 5650 2678 5720 gloria,
2732 5654 3096 5709 abominanda
3155 5669 3244 5710 res
3298 5663 3379 5709 est
