3934 6438
470 373 611 438 19.63

1682 368 1745 429 S.
1776 367 2176 430 Tl-IEODORI
2215 368 2569 431 STUDITAS

3662 375 3795 439 126i

460 488 739 561 quidquid
789 496 873 544 est
942 487 997 543 in
1054 479 1335 541 hacinani
1388 483 1501 538 vita
1550 482 1881 553 gloriosum.
1933 482 2085 540 Tene

2198 482 2293 555 βίῳ
2336 482 2611 555 σωθῆναι,
2657 485 2757 540 καὶ
2791 486 2934 560 μετά
2971 487 3202 562 ἀνδρός*
3237 490 3334 543 καὶ
3368 487 3545 543 πάλιν
3575 491 3719 561 πρὸς
3746 492 3802 545 τὸ

470 585 642 655 igitur
695 592 849 639 tuum
896 580 1167 649 optitunm
1214 580 1339 633 vita:
1380 577 1718 634 institutum.
1761 578 1881 634 Tua
1922 579 2072 634 enim

461 679 609 734 facta
650 678 887 733 illustria
943 676 1129 737 audio,
1186 683 1241 729 et
1298 672 1770 745 quemadmodum
1821 674 2075 730 abdicata

463 770 777 840 principum
843 767 1241 831 familiaritate,
1307 764 1407 819 tibi
1460 765 1553 819 uni
1602 780 1669 819 ac
1694 764 1863 820 rebus
1911 764 2077 821 bonis

460 879 644 919 vaces.
690 861 826 917 Nam
855 873 910 917 et
940 863 996 915 in
1023 862 1132 915 isto
1162 859 1288 914 vita:
1313 873 1515 930 genere
1539 857 1777 914 salutem
1806 860 2076 929 consequi

463 967 640 1028 potes,
669 957 833 1011 etiam
871 970 999 1009 cum
1040 954 1158 1007 viro
1194 968 1208 1005 :
1260 951 1459 1006 deimle
1486 959 1669 1005 ant-em
1706 951 2072 1022 subsequenti

463 1061 730 1121 tempore,
768 1060 826 1104 ut
857 1047 1228 1103 fortunaverit
1257 1044 1546 1107 Dominus,
1582 1044 1662 1099 sie
1691 1052 1746 1099 et
1781 1060 1933 1115 ages,
1974 1060 2075 1100 nec

464 1145 646 1199 virum
675 1144 1037 1209 eontristans,
1078 1142 1173 1196 sed
1209 1138 1396 1209 potius
1417 1136 1703 1193 inﬂectens
1735 1136 1923 1191 divina
1947 1153 2078 1191 cou-

2176 574 2331 646 ἑξῆς,
2384 576 2460 639 ὡς
2490 578 2519 629 ό
2564 575 2771 648 Κύριος
2829 578 3175 645 εὐοδιῦσειεν,
3207 580 3356 635 οὕτω
3403 584 3507 635 καὶ
3534 582 3796 653 διαγίνη,

2180 672 2258 746 μὴ
2299 670 2551 725 λυποῦσα
2598 670 2692 726 τὸν
2738 671 3040 742 ὁμόζυγον,
3077 673 3215 727 ἀλλὰ
3246 673 3454 744 μᾶλλον
3493 678 3797 744 κατακάμσ

2175 783 2394 823 πτουσα
2424 766 2514 819 διὰ
2541 766 2641 837 τῆς
2674 764 2865 819 ἐνθέου
2890 767 3191 836 διαγωγῆς.
3227 771 3365 841 Περὶ
3394 771 3501 842 τῆς
3530 771 3795 841 ἀδελφῆς,

2175 862 2464 934 δεδήλωκα
2486 861 2628 932 αὐτῇ
2652 861 2715 915 τὸ
2744 863 3168 934 παριστάμενόν
3204 882 3317 932 μοι.
3336 863 3483 933 Περὶ
3508 863 3609 916 τοῦ
3650 867 3794 916 οἰκο-

2180 958 2350 1028 νόμου
2392 955 2490 1009 καὶ
2536 956 2832 1027 ἀγαπητοῦ
2886 956 3115 1022 τέκνου,
3152 956 3387 1011 πλεῖστά
3419 974 3508 1009 σοι
3546 960 3791 1027 ἀπευχα-

2188 1048 2393 1122 ριστῶ,
2447 1049 2759 1119 συμπαθῶς
2813 1050 3137 1122 ὲπειχθείσῃ
3181 1048 3336 1121 [cur].
3389 1049 3524 1119 Reg.
3567 1051 3795 1120 ἐπιχθέ-

2187 1139 2327 1213 στῃ]
2359 1141 2499 1212 πρὸς
2528 1141 2715 1196 αὐτόν.
2751 1142 2953 1212 Εὖροις
2983 1142 3132 1207 ἕλεος
3168 1143 3324 1213 παρὰ
3354 1142 3578 1215 Κυρίῳ.

470 1238 804 1294 versatione.
852 1236 929 1293 De
950 1250 1166 1303 sorore,
1185 1233 1491 1304 signiﬁcavi
1522 1232 1570 1288 ei
1606 1245 1720 1302 quo
1757 1246 1845 1285 res
1876 1247 2011 1285 mea:
2027 1231 2151 1287 loco
2180 1246 2388 1290 essent.
2423 1236 2496 1289 De
2520 1249 2814 1291 meonomo
2850 1238 3070 1306 lilioqne
3096 1236 3481 1300 dilectissimo,
3520 1238 3797 1293 maximas

478 1332 575 1389 tibi
609 1334 817 1403 gratias
843 1348 969 1402 ago,
1001 1328 1152 1401 quod
1180 1328 1333 1382 omni
1358 1343 1485 1382 eum
1520 1326 1885 1382 humanitatis
1922 1324 2104 1382 oliieio
2151 1328 2231 1384 sis
2260 1340 2578 1400 prosecuta.
2615 1329 2661 1383 A
2690 1328 2927 1385 Domino
2956 1330 3399 1384 misericordiam
3422 1344 3796 1400 consequare.

804 1456 810 1463 -
903 1424 1011 1479 ιιι.
1053 1455 1125 1465 -
1166 1423 1361 1478 Maria:
1394 1423 1638 1475 moniali.

2543 1422 2674 1477 NB’.
2717 1453 2788 1462 —
2825 1424 3021 1491 Μαρίᾳ
3046 1422 3420 1493 μοναζούσῃ.

1157 1518 1267 1567 Non
1305 1516 1573 1580 improbat,
1598 1517 1731 1579 quod
1756 1515 2130 1579 persecutionis
2156 1522 2293 1567 metu
2314 1517 2408 1568 sub
2432 1518 2657 1567 saeculari
2688 1517 2862 1568 habitu
2890 1519 3096 1567 lateret.

544 1606 677 1680 Legi
714 1606 1040 1663 reverentiae
1075 1615 1182 1661 tua:
1211 1604 1556 1669 schedulam,
1588 1619 1654 1659 ae
1695 1604 1846 1674 pimn
1879 1604 2081 1657 consi-

470 1699 609 1756 lium
671 1698 964 1754 intellexi:
1004 1696 1154 1768 quod
1205 1697 1351 1751 idem
1414 1711 1540 1751 cum
1596 1697 1755 1749 beato
1786 1694 1881 1748 illo
1920 1694 2083 1749 Patre

473 1794 820 1865 propositum
885 1792 1088 1847 habeas
1155 1804 1383 1862 propter
1440 1788 1723 1844 Christum
1787 1789 2078 1859 patiendi:

472 1888 641 1958 idque
689 1886 816 1957 jure
867 1886 1120 1956 optimo:
1174 1895 1237 1939 ut
1286 1884 1465 1954 palam
1497 1884 1589 1949 sit,
1651 1897 1813 1937 unam
1867 1884 2083 1953 utrique

2198 1884 2428 1956 Χριστοῦ
2460 1884 2695 1955 πάσχειν
2716 1902 2729 1917 ο
2781 1885 2876 1939 καὶ
2905 1886 3137 1947 εἰκότως
3157 1901 3171 1914 ·

473 1996 696 2037 carnem
728 1990 783 2035 et
816 1990 1054 2035 mentem
1107 1994 1273 2033 unam
1332 1994 1476 2039 esse.
1533 1994 1634 2033 nec
1668 1989 1720 2032 te
1759 1978 2079 2048 discrepare

474 2074 599 2130 ﬁde.
666 2071 777 2128 Deo
835 2073 1003 2143 igitur
1052 2082 1235 2143 grates
1290 2070 1536 2141 agendae,
1592 2071 1689 2140 qui
1726 2086 1827 2125 vos
1879 2072 1974 2135 ita,
2009 2086 2077 2125 ex

484 2166 663 2238 ipsius
688 2178 835 2220 metu
866 2176 923 2220 et
959 2181 1168 2231 amore,
1211 2164 1481 2234 disjunxit
1523 2164 1758 2219 invicem
1798 2164 2076 2235 Evangelii

473 2260 677 2333 gladio,
713 2258 894 2330 quoad
939 2273 1182 2329 corpus;
1231 2272 1568 2327 rursumque
1611 2272 1723 2312 uno
1773 2259 1971 2326 spiritu
2013 2271 2078 2310 ac

475 2371 667 2420 sensu,
705 2353 888 2425 quoad
932 2354 1180 2408 animum
1222 2353 1587 2407 conseciavit.
1634 2351 1855 2406 Enitere
1887 2352 2076 2419 igitur,

474 2449 700 2503 domina
754 2462 896 2511 mea,
933 2456 991 2500 ut
1034 2445 1231 2516 aequali
1283 2461 1407 2500 cum
1449 2460 1515 2498 (ιο
1545 2445 1866 2500 conditione
1913 2445 2079 2516 digna

476 2541 784 2603 censearis,
839 2551 900 2593 ut
943 2539 1055 2594 illic
1094 2540 1274 2595 eidem
1316 2553 1603 2603 occurras,
1638 2548 1699 2593 ut
1733 2539 1811 2592 sis
1843 2554 1968 2592 cum
2014 2555 2082 2594 eo

479 2649 716 2705 semper,
768 2635 946 2704 ipsum
994 2632 1225 2704 eligens,
1278 2640 1337 2687 ut
1394 2632 1510 2701 ipse
1558 2640 1613 2686 te
1661 2632 1843 2703 elegit.
1876 2632 2082 2702 Insigni

479 2728 625 2783 enim
667 2726 938 2781 charitate
990 2740 1182 2779 curam
1236 2723 1326 2779 ille
1377 2724 1653 2793 ingentem
1687 2724 1739 2777 in
1778 2724 1957 2779 salute
1993 2734 2083 2778 tua

479 2819 828 2889 procuranda
860 2819 1127 2888 suscepit,
1172 2817 1640 2887 quemadmodum
1670 2826 1726 2872 et
1760 2816 1878 2887 ipse
1904 2819 2032 2871 novi
2069 2835 2082 2872 :

483 2926 611 2967 nam
645 2913 691 2966 is
737 2911 1028 2965 humilitati
1088 2925 1224 2965 meae
1278 2918 1542 2979 tanquam
1578 2908 1690 2963 (ilio
1721 2925 1821 2964 sua
1867 2909 2084 2980 negotia

484 3002 955 3058 communicabat.
988 3000 1146 3069 Quod
1190 3010 1413 3072 propter
1450 3001 1854 3071 persecutionis
1880 3002 2090 3056 diﬂiril-

485 3096 619 3149 lima
677 3105 963 3166 tempora,
1043 3094 1427 3150 dissimulandi
1498 3110 1689 3159 causa,
1766 3095 2089 3149 smcularem

484 3198 714 3244 externo
756 3190 943 3245 habitu
977 3199 1235 3244 ornatum
1278 3187 1445 3257 geris,
1493 3188 1659 3259 idque
1714 3188 1955 3254 modice,
1992 3203 2093 3243 nec

2269 1606 2541 1675 Ἀνέγνων
2583 1620 2678 1657 σου
2706 1605 2807 1676 τὴν
2849 1604 3044 1673 τιμίαν
3074 1600 3373 1673 συλλαϐὴν,
3417 1604 3517 1657 καὶ
3544 1604 3801 1675 ἐπέγνων

2185 1715 2280 1751 σου
2311 1698 2405 1753 τὸν
2440 1698 2642 1771 εὐσεϐῆ
2679 1699 2977 1767 λογισμόν·
3011 1699 3096 1751 ὃτι
3137 1701 3237 1769 τῆς
3273 1698 3449 1767 αὐτῆς
3484 1699 3567 1769 τῷ
3608 1718 3799 1770 μακα-

2188 1792 2291 1865 ρίῳ
2325 1792 2523 1864 ἐκείνῳ
2571 1794 2751 1864 Πατρὶ
2784 1791 3085 1855 διαθέσεως
3119 1790 3438 1851 ἀκολούθως
3471 1791 3625 1862 ἔχεις
3658 1794 3801 1864 ὑπὲρ

3212 1884 3300 1936 ἵνα
3336 1888 3478 1955 φανῇ
3512 1886 3597 1937 ὃτι
3630 1888 3668 1957 ἡ
3706 1889 3803 1957 μία

2188 1979 2325 2047 σὰρξ
2374 1978 2434 2032 ἓν
2488 1979 2583 2032 καὶ
2642 1977 2899 2049 φρόνημα
2958 1980 3189 2049 κρατεῖ,
3225 1982 3325 2050 οὐχ
3379 1982 3801 2051 ὲτεροζυγοῦσα

2187 2070 2317 2139 περὶ
2342 2070 2443 2140 τὴν
2474 2068 2684 2123 πίστιν.
2734 2070 2912 2139 Χάρις
2942 2064 3036 2123 οὖν
3062 2070 3143 2141 τῷ
3167 2069 3289 2141 Θεῷ
3315 2070 3393 2141 τῷ
3436 2071 3615 2135 οὕτως
3649 2074 3799 2144 ὑμᾶς

2183 2161 2273 2215 διὰ
2311 2161 2405 2216 τὸν
2433 2161 2601 2232 φόϐον
2628 2162 2736 2227 ζκαὶ
2771 2161 2942 2214 πόθον
2977 2162 3147 2216 αὐτοῦ
3182 2161 3536 2229 διαζεύξαντι
3567 2167 3670 2218 ἀπ’
3703 2167 3799 2219 ἀ).-

2184 2255 2364 2327 λὴλων
2412 2254 2662 2327 μαχαίρᾳ
2707 2256 3045 2327 εὐαγγελικῇ
3088 2258 3447 2327 σωματικῶς,
3480 2260 3583 2312 καὶ
3627 2260 3799 2313 πάλιν

2184 2349 2265 2421 τῷ
2287 2350 2370 2403 ἑνὶ
2394 2350 2669 2420 πνεύματι
2701 2351 2796 2401 καὶ
2826 2351 3141 2421 φρονήματι
3170 2349 3479 2419 συνάψαντι
3514 2351 3797 2422 ψυχικῶς.

2188 2444 2503 2498 Σπούδασον
2542 2443 2658 2509 οῦν,
2700 2442 2872 2514 κυρία
2910 2461 3037 2514 μου,
3077 2443 3176 2513 τῆς
3221 2444 3345 2514 ἴσης
3377 2444 3537 2515 αὐτῷ
3571 2447 3801 2516 μερίδος

2189 2538 2528 2610 ἀξιωθῆναι,
2577 2538 2677 2591 καὶ⁸
2736 2536 3135 2603 συντεύξασθαι
3199 2538 3347 2603 ἐκεῖ,
3398 2539 3495 2591 καὶ
3551 2543 3803 2591 συνεῖναι

2190 2633 2394 2698 εἰσαεὶ,
2428 2632 2767 2701 αἱρουμένην
2803 2630 2952 2700 αὑτῴ
2984 2629 3059 2693 ὡς
3090 2630 3385 2701 ᾑρετίσατό
3416 2647 3497 2683 σε.
3541 2631 3659 2684 Καὶ
3692 2633 3804 2701 γὰρ

2194 2722 2363 2793 πολλῇ
2418 2722 2611 2793 ἀγάπῃ
2674 2721 2877 2791 πολλὴν
2923 2721 3021 2774 καὶ
3069 2720 3328 2791 φροντίδα
3387 2722 3553 2790 ἔσχεν
3614 2721 3678 2773 ἐν
3734 2725 3801 2791 τῇ

2193 2815 2443 2887 σωτηρίᾳ
2486 2833 2616 2878 σου,
2670 2815 2747 2879 ὡς
2796 2812 2916 2868 οῖδα
2948 2814 3137 2884 κάγώ·
3173 2814 3366 2867 καθότι
3400 2814 3687 2868 κοινωνῶν
3735 2810 3807 2885 ἦν

2192 2913 2259 2979 τῇ
2292 2908 2626 2962 ταπεινώσει
2674 2927 2776 2978 μου
2809 2908 2880 2961 τὰ
2906 2908 3031 2962 καθ’
3058 2908 3221 2961 αὑτὸν
3252 2908 3329 2971 ὡς
3358 2907 3484 2977 υἱῷ.
3516 2908 3657 2978 Περὶ
3697 2909 3806 2978 τῆς

2195 3003 2341 3054 κατὰ
2375 3002 2623 3072 ἀνάγκην
2656 3001 2751 3054 τοῦ
2782 3000 3028 3070 διωγμοῦ
3061 3001 3430 3071 ὑποκριτικῆς
3460 3017 3559 3053 σου
3591 3001 3807 3066 ἔξωθεν

2196 3096 2690 3165 κοσμοφορήσεως,
2736 3094 2872 3164 πρὸς
2926 3094 3124 3165 μικρὸν
3172 3094 3368 3164 χρόνον
3407 3098 3506 3147 καὶ
3556 3094 3805 3165 τρόπον·

2198 3186 2432 3257 εὓρηται
2478 3187 2537 3239 ὲν
2582 3181 2697 3250 τοῖς
2735 3186 2913 3254 ἁγίοις
2951 3189 3097 3239 κατά
3126 3203 3249 3239 τινα
3293 3187 3608 3255 ἀναγκαίαν
3659 3187 3808 3241 ὑπό-

485 3282 632 3339 diu:
698 3293 972 3353 repertmu
1022 3280 1169 3337 istud
1228 3283 1281 3335 in
1338 3283 1548 3336 sanctis
1597 3297 1667 3336 ex
1701 3297 1870 3337 causa
1907 3283 2089 3353 aliqua

2200 3278 2386 3333 θεσιν·
2428 3280 2507 3342 εἰς
2548 3278 2602 3332 δὲ
2636 3280 2697 3331 τὸ
2736 3278 2846 3344 ἀεὶ,
2897 3278 3172 3349 οὐδαμῶς.
3224 3281 3431 3333 Λοιπὸν
3461 3281 3567 3332 οὐκ
3598 3276 3723 3335 οἴδα
3752 3284 3809 3333 τί

486 3376 798 3431 necessaria
836 3395 850 3430 :
893 3376 949 3429 in
996 3389 1160 3428 oniue
1198 3389 1330 3429 vero
1359 3383 1596 3443 tempus,
1629 3374 1897 3441 minime;
1935 3382 2099 3429 ca-te-

490 3487 611 3526 rum
662 3472 791 3541 quid
823 3470 1078 3526 dicturus
1110 3470 1215 3525 sim
1268 3469 1473 3524 haereo.
1506 3467 1645 3523 Nam
1690 3470 1735 3523 si
1768 3481 1965 3523 auctor
1992 3470 2096 3523 sim

488 3571 550 3617 ut
583 3561 767 3617 ﬂetum
805 3562 1054 3616 habitum
1101 3561 1370 3631 deponas,
1426 3561 1692 3632 imparem
1726 3572 1778 3616 te
1832 3562 2098 3632 martyrio

487 3658 680 3713 dices:
717 3658 1009 3713 vocaberis
1036 3658 1183 3713 enim
1234 3667 1291 3713 ct
1330 3656 1397 3711 ad
1430 3672 1647 3729 poenas.
1693 3655 1749 3711 Si
1784 3672 2009 3712 rursum
2047 3667 2097 3711 te

490 3748 573 3803 sic
622 3749 934 3816 dimittam,
990 3749 1196 3819 scripta
1261 3749 1411 3804 nulla
1461 3751 1768 3804 auctoritas
1828 3758 1912 3805 est
1971 3764 2095 3819 qua:

491 3838 842 3911 sum-agetur.
870 3841 1096 3897 Duobus
1131 3840 1299 3912 igitur
1325 3841 1627 3913 propositis
1652 3841 1835 3903 malis,
1868 3850 2099 3911 praesta-

489 3933 658 3991 bilius
710 3942 799 3990 est
842 3935 985 3991 clam
1042 3934 1341 3990 mouialem
1386 3949 1533 3998 esse,
1582 3949 1776 4003 quam,
1829 3936 1875 3989 si
1910 3934 2098 4003 plagas

490 4026 699 4096 perpeti
756 4041 1025 4097 nequeas,
1076 4025 1342 4097 perduelli
1413 4025 1826 4081 communicare
1876 4023 2097 4089 haeresi,

493 4125 660 4188 atque
687 4132 714 4171 a
741 4117 964 4173 Christo
1009 4118 1342 4182 desciscere,
1392 4116 1449 4172 in
1492 4132 1604 4187 quo
1634 4131 1759 4172 sors
1788 4127 1881 4171 tua
1917 4114 2098 4171 futura

493 4221 582 4266 est
614 4212 971 4281 sempiterna.

1020 4324 1152 4380 Llll.
1184 4356 1256 4367 ——
1280 4324 1532 4381 Moniali.

2199 3376 2359 3428 εἴπω.
2410 3373 2536 3427 Ἐὰν
2586 3374 2870 3445 ἐπιτρέψω
2908 3373 3065 3445 ῥίψαι
3117 3373 3214 3443 τὴν
3248 3375 3567 3444 ὑπόκρισιν,
3621 3376 3807 3438 εἰποις

2200 3468 2266 3520 ἂν
2300 3467 2375 3538 μὴ
2409 3469 2599 3537 φέρειν
2632 3466 2692 3520 τὸ
2730 3465 3069 3538 μαρτύριον·
3103 3466 3372 3537 ὲνεχθήσῃ
3420 3467 3532 3538 γὰρ
3579 3468 3678 3520 καὶ¹
3725 3470 3809 3531 εἰς

2198 3561 2431 3632 βάσανα.
2478 3560 2606 3614 Ἐάν
2640 3577 2699 3614 τε
2734 3560 2900 3614 πάλιν
2935 3562 3291 3630 ὲπαφήσαιμι
3315 3560 3527 3624 οὕτως,
3562 3561 3666 3614 οὐκ
3693 3562 3809 3631 ἔχω

2196 3655 2484 3727 Γραφικὴν
2537 3655 2869 3727 μαρτυρίαν.
2920 3657 3026 3716 Δύο
3066 3654 3247 3708 τοίνυν
3303 3654 3492 3706 κακῶν
3568 3671 3807 3725 προκει-

2200 3750 2400 3820 μένων,
2441 3748 2689 3819 κρεῖττόν
2743 3751 2860 3802 ἐστι
2905 3748 3362 3820 κρυπτομόναχον
3414 3746 3581 3814 εἶναι,
3637 3749 3670 3819 ἢ
3726 3748 3807 3820 μὴ

2195 3842 2432 3910 φέροντα
2465 3842 2566 3902 τὰς
2614 3842 2867 3912 πληγὰς,
2909 3843 3239 3913 κοινωνῆσαι
3286 3845 3354 3913 τῇ
3393 3843 3674 3913 ἀρνητικῇ
3713 3844 3806 3895 αἱ·

2199 3937 2379 4005 ρέσει,
2431 3937 2529 3988 καὶ
2567 3936 2871 4008 ἀποστῆναι
2919 3934 3183 4008 Χριστοῦ,
3228 3935 3316 4005 ἐφ’
3352 3928 3399 4003 ᾧ
3449 3934 3609 3988 ἔσται
3647 3936 3741 3988 ἀεὶ
3772 3936 3807 4004 ἠ

2200 4029 2362 4098 μερίς
2394 4044 2510 4080 σου.

2667 4324 2795 4379 NI".
2829 4354 2900 4364 —-
2934 4319 3311 4389 Μοναζούσῃ.
3330 4319 3342 4393 |
3365 4319 3503 4388 τξα’.
3526 4320 3548 4395 ]

1286 4413 1591 4467 Hortatoria.
1630 4414 1696 4466 lit
1729 4426 1819 4479 pro
1837 4418 1975 4464 recta
1999 4415 2095 4465 ﬁde
2120 4412 2411 4477 martyrium
2441 4416 2670 4479 perferre
2702 4423 2869 4480 parata
2904 4418 2985 4465 sit.

570 4505 645 4561 Ea
704 4504 971 4574 temporis
1029 4502 1262 4574 hujusce
1321 4503 1570 4561 conditio
1618 4514 1725 4571 est,
1782 4513 1841 4559 ut
1874 4504 1943 4561 de
1971 4504 2098 4561 aliis

497 4615 600 4656 nos
637 4613 761 4655 esse
789 4597 1057 4653 sollicitos
1078 4606 1362 4668 oporteat:
1396 4612 1523 4653 cum
1558 4598 1676 4669 pari
1712 4598 1898 4653 animo
1924 4599 2099 4654 simus

498 4708 566 4747 ac
589 4690 707 4762 pari
748 4688 853 4744 [ide
896 4688 1108 4759 praediti
1140 4708 1155 4745 :
1203 4690 1653 4761 quandoquidem
1705 4691 1876 4747 veluti
1912 4691 1968 4745 in
1998 4690 2099 4746 Ee-

498 4784 723 4840 clesiam
778 4790 945 4837 uuam
992 4782 1108 4837 sive
1161 4794 1367 4839 emtum
1422 4786 1747 4841 convocavit
1803 4785 1949 4841 Deus
2005 4800 2101 4839 eos

500 4892 692 4931 omnes
732 4874 827 4945 qui
863 4890 961 4945 pro
987 4874 1213 4939 veritate
1236 4877 1525 4942 dimicant,
1563 4878 1618 4932 in
1660 4893 1834 4949 eaque
1868 4892 2101 4933 consen-

503 4970 667 5021 tiunt.
703 4967 1178 5033 Quemadmodum
1242 4968 1410 5036 igitur
1442 4969 1581 5025 citra
1611 4970 1835 5025 offensa:
1876 4970 2098 5039 pericu-

505 5058 620 5112 lum
654 5074 762 5112 non
791 5068 898 5124 est,
929 5058 1024 5128 qni
1056 5073 1183 5113 cum
1208 5060 1458 5130 ejusdem
1487 5062 1808 5116 monasterii
1840 5062 1933 5125 sit,
1968 5061 2102 5114 nihil

505 5153 574 5207 de
627 5151 1020 5221 condiscipulis
1068 5162 1256 5219 curet;
1293 5164 1387 5208 aut
1450 5155 1777 5223 praepositus
1827 5155 1919 5224 qui
1956 5154 2101 5208 nulla

508 5245 715 5313 pariter
759 5243 827 5299 de
870 5245 1160 5314 discipulis
1196 5246 1571 5300 sollicitudine
1606 5246 1678 5300 sit
1710 5264 1722 5299 :
1758 5248 1837 5301 sic
1867 5257 1954 5301 est
1977 5262 2103 5315 pro-

508 5335 651 5392 fectu
673 5338 740 5391 de
770 5338 926 5391 nobis
961 5337 1224 5393 omnibus
1255 5356 1269 5393 :
1301 5338 1773 5409 quandoquidem,
1807 5349 1865 5391 ut
1891 5338 2099 5392 dictum

509 5437 617 5491 est,
673 5429 917 5483 Ecclesia
985 5445 1092 5482 una
1120 5432 1410 5485 emnohica
1456 5446 1673 5484 sumus.
1706 5430 1889 5484 lnviso
1926 5443 1976 5484 te
2013 5446 2107 5498 per

510 5520 821 5587 epistolam,
881 5530 934 5575 et
999 5537 1134 5591 rogo
1192 5524 1473 5593 quomodo
1534 5524 1725 5592 utique
1782 5524 1835 5577 in
1872 5522 2105 5577 Domino

511 5608 719 5669 valeas,
756 5623 913 5664 soror
947 5613 1211 5680 spiritalis
1246 5629 1259 5666 :
1310 5622 1495 5668 utrum
1547 5613 1600 5667 in
1652 5614 1870 5685 egregia
1905 5613 2109 5669 Christi

512 5701 856 5756 confessione
906 5719 1269 5772 permaneas:
1325 5722 1391 5759 an
1441 5707 1746 5775 depositum
1800 5706 1921 5761 tidci
1959 5707 2096 5761 inte-

512 5808 668 5860 grum
714 5808 898 5847 serves
942 5810 1043 5863 0pc
1102 5796 1338 5865 Spiritus
1387 5799 1609 5853 sancti:
1653 5814 1720 5853 an
1769 5798 1848 5854 sis
1882 5799 1935 5853 in
1987 5799 2099 5856 Deo

513 5886 889 5954 corroborata,
933 5904 1029 5944 nec
1060 5889 1256 5959 impios
1285 5906 1637 5960 cxpavescas.

2283 4505 2343 4559 ὐ
2388 4506 2585 4579 Παρὼν
2631 4505 2825 4578 καιρὸς
2872 4505 3140 4570 τοιοῦτος,
3192 4504 3252 4569 ὃς
3284 4505 3598 4574 ἀναγκάζει
3648 4507 3806 4576 ἡμᾶς

2202 4605 2478 4676 μεριμνᾷν
2517 4604 2660 4675 ὑπὲρ
2694 4602 2979 4674 ἀλλήλων·
3015 4602 3103 4657 διὰ
3130 4602 3190 4655 τὸ
3219 4602 3320 4671 τῆς
3366 4601 3663 4672 ἰσόψυχίας
3702 4603 3805 4657 καὶ

2200 4700 2531 4770 ὁμοπιστίας
2576 4699 2827 4768 ἀξίωμα·
2888 4698 3080 4768 ἐπειδὴ
3106 4696 3185 4760 ὡς
3246 4696 3377 4767 μίαν
3446 4696 3803 4768 Ἐκκλησίαν

2201 4793 2370 4862 ἤγουν
2424 4790 2673 4844 συνοδίαν
2722 4789 3129 4844 συνεκα).έσατο
3165 4790 3193 4842 ὁ
3219 4788 3352 4851 Θεὸς
3383 4788 3643 4851 ἅπαντας
3671 4790 3808 4853 τοὺς

2206 4884 2600 4953 ἀντεχομένους
2645 4882 2747 4951 τῆς
2800 4881 3099 4953 ἀληθείας,
3154 4883 3249 4933 καὶ
3298 4881 3355 4933 ὲν
3415 4880 3555 4950 αὐτῇ
3602 4882 3807 4951 ὁμολο-

2205 4976 2460 5045 γοῦντας.
2495 4976 2761 5047 Καθάπερ
2797 4970 2892 5029 οὖν
2945 4975 3045 5027 οὐκ
3074 4973 3356 5026 ἀκίνδυνον
3381 4971 3459 5041 τῷ
3494 4972 3597 5042 τῆς
3628 4974 3809 5045 αὐτῆς

2210 5070 2376 5140 μονῆς
2409 5070 2557 5134 ὖντι,
2594 5070 2667 5138 μὴ
2698 5068 2840 5138 ὑπὲρ
2869 5067 2981 5120 τῶν
3018 5063 3399 5135 συμμαθητῶν
3430 5064 3803 5133 φροντιοῦντι,

2206 5160 2238 5230 ἢ
2268 5161 2691 5231 καθηγουμένῳ,
2722 5159 2782 5213 τὸ
2816 5160 2891 5229 μὴ
2924 5158 3054 5227 περὶ
3088 5156 3198 5209 τῶν
3223 5155 3501 5225 φοιτητῶν
3532 5156 3806 5224 ὡσαύτως

2206 5250 2549 5319 φροντίζειν
2596 5248 2740 5301 οὕτω
2781 5248 2845 5319 δὴ
2902 5248 2996 5299 καὶ
3045 5247 3179 5317 ήμίν
3228 5248 3427 5299 πᾶσινο
3471 5248 3800 5321 ἐπειδήπερ,

2205 5342 2281 5403 ὡς
2311 5340 2529 5410 εἴρηται
2550 5382 2565 5404 ,
2596 5343 2697 5409 μία
2735 5339 3034 5409 Ἐκκλησία
3065 5338 3383 5409 κοινοϐιακη
3417 5343 3607 5411 ἐσμεν.
3650 5344 3803 5395 Ἐπιο

2208 5433 2515 5502 σκέπτομαι
2566 5450 2623 5485 σε
2651 5433 2737 5485 διὰ
2779 5433 2875 5485 τοῦ
2904 5432 3272 5501 γράμματος,
3306 5432 3402 5485 καὶ
3443 5433 3637 5500 ἐρωτῶ
3681 5434 3800 5496 πῶς

2205 5525 2268 5595 δὴ
2308 5526 2453 5596 ἔχεις
2492 5529 2549 5578 ὲν
2583 5526 2772 5595 Κυρίῳ
2796 5563 2811 5585 ,
2863 5519 2907 5577 ὦ
2944 5524 3148 5596 ἀδελφὴ
3185 5529 3570 5595 πνευματική·
3615 5528 3666 5577 εί
3699 5527 3801 5595 ἑμ-

2211 5620 2390 5687 μὲνεις
2420 5621 2479 5669 ἐν
2512 5620 2576 5687 τῇ
2624 5618 2761 5686 καλῇ
2789 5616 3055 5686 ὁμολογίᾳ
3086 5618 3328 5688 Χριστοῦ
3349 5636 3363 5649 ν
3399 5619 3450 5670 εί
3475 5621 3668 5688 τηρείς
3698 5617 3800 5688 τὴν

2208 5708 2683 5778 παρακαταθήκην
2724 5708 2821 5776 τῆς
2848 5707 3087 5772 πίστεως
3130 5708 3219 5762 διὰ
3265 5708 3591 5778 Πνεύματος
3637 5708 3798 5774 ἁγίου

2206 5800 2422 5870 ἀσφαλῆ
2446 5818 2458 5831 ο
2489 5802 2538 5854 εἰ
2566 5799 2812 5872 κρατύνη
2844 5803 2901 5856 ἐν
2944 5800 3061 5873 θεῷ
3089 5801 3165 5873 μὴ
3195 5803 3515 5873 πτυρομὲνη
3545 5801 3657 5855 ἀπὸ
3689 5798 3798 5853 τῶν

2204 5892 2438 5949 ἀσεϐῶν.
