3934 6520
168 492 309 559 1265

157 695 358 749 σοῦτον
403 695 479 758 ὡς
517 692 584 746 ἂν
619 693 770 765 ᾄδειν
803 711 863 747 σε
905 695 1005 748 σὺν
1035 693 1115 766 τῷ
1146 693 1288 765 ᾶγίῳ
1319 694 1514 747 Δαϐίδο
1556 697 1639 748 Οὐ
1670 712 1776 764 φο-

158 785 508 855 ϐηθήσομαι
569 785 640 838 ἐν
694 784 776 850 τῷ
832 785 1252 854 ταράσσεσθαι
1313 784 1432 854 τὴν
1480 784 1621 854 γῆν,
1673 786 1772 839 καὶ

155 881 584 946 μετατίθεσθαι
649 880 756 950 ὄρη
811 880 882 934 ἐν
919 881 1195 949 καρδίαις
1257 878 1610 935 θαλασσῶν.
1661 881 1774 933 Καὶ

155 975 275 1046 γὰρ
313 974 340 1026 ό
373 975 450 1038 ὡς
481 975 702 1044 ἀληθῶς
737 973 1122 1045 βεϐαιὸπιστος
1146 1015 1161 1040 ,
1196 974 1605 1046 ἁμετακίνητός
1653 976 1770 1026 ἐστι

155 1069 402 1139 πάμπαν
431 1069 532 1139 τῆς
560 1069 786 1140 ἀγάπης
834 1068 1076 1140 Χριστοῦ
1094 1085 1108 1100 ο
1147 1063 1216 1142 ἧς
1242 1069 1302 1122 οὺ
1332 1067 1536 1138 θλίψις,
1564 1068 1626 1121 οὐ
1653 1085 1774 1121 στε-

154 1162 439 1233 νοχωρία,
490 1162 552 1214 οὐ
604 1161 801 1232 λιμὸς,
843 1163 905 1216 οὑ
955 1162 1230 1232 διωγμὸς,
1278 1163 1340 1215 οὐ
1389 1161 1666 1224 κίνδυνος,
1709 1161 1770 1213 οὐ

159 1256 416 1326 μάχαιρα
455 1255 714 1328 χωρίζειν
745 1255 998 1310 δύναται.
1025 1255 1214 1327 Ταύτῃ
1247 1255 1314 1327 τῇ
1350 1253 1681 1324 πεποιθήσει
1720 1255 1770 1305 οἱ

156 1348 312 1418 ἅγιοι
347 1350 549 1413 πάντες
587 1350 1028 1421 ἐτελειώθησαν*
1077 1353 1145 1421 τῇ
1178 1351 1317 1420 αὐτῇ
1354 1349 1452 1403 καὶ
1501 1350 1535 1420 ὴ
1581 1348 1648 1421 σὴ
1687 1364 1770 1400 τι-

160 1442 361 1515 μιότης
394 1443 501 1514 εἴη.
545 1443 620 1497 Οὐ
651 1445 762 1515 γὰρ
800 1440 854 1497 εἷ
895 1443 1238 1515 ἀγενεστέρα
1279 1443 1524 1513 Θέκλης,
1551 1441 1773 1513 Φεὸρω-

160 1535 318 1599 νίας,
351 1535 449 1588 καὶ
472 1534 568 1589 τοῦ
600 1537 734 1607 περὶ
754 1536 928 1600 αὑτὰς
963 1535 1241 1607 μακαρίου
1274 1533 1441 1605 χοροῦ
1466 1551 1480 1565 ·
1521 1533 1772 1604 θυγάτηρ

153 1629 336 1692 Θεοῦ,
384 1629 574 1700 νύμφη
637 1629 912 1699 Χριστοῦ,
974 1630 1052 1694 ὡς
1105 1631 1392 1695 κάκεῖναι,
1445 1628 1541 1682 καὶ
1604 1628 1768 1697 αὐτή.

167 1721 350 1793 ’Υπὲρ
382 1719 444 1778 οῦ
474 1727 567 1777 καί
589 1723 755 1777 τανῦν
784 1724 845 1777 τὸ
886 1724 1192 1795 μαρτύριον
1218 1723 1412 1794 ῶσπερ
1443 1721 1769 1794 τηνικαῦτα.

167 1817 598 1888 ’Υπομείνωμεν
645 1814 762 1885 οῦν,
796 1817 1137 1888 παρακαλῶ,
1165 1818 1264 1888 οὐχ
1290 1818 1372 1871 ὅτι
1401 1818 1460 1870 ὲν
1486 1810 1567 1877 οἷς
1603 1817 1772 1885 ἐσμεν

157 1910 507 1974 θλιηπτικοίςο
573 1912 711 1964 ἀλλὰ
789 1912 895 1965 κᾶν
961 1912 1030 1965 τὰ
1101 1911 1484 1984 προειρημένα
1550 1909 1768 1963 ἅπαντα

1380 491 1929 556 EPISTOLARUM
1993 496 2143 558 LIB.
2188 497 2271 558 ΙΙ.

235 597 417 672 Εὖγε,
452 595 614 671 εῦγε’
660 602 1018 674 στηριχοείης
1071 601 1155 656 ἔτι
1205 592 1506 667 πλειόνως·
1541 603 1639 658 καὶ
1688 621 1776 656 το·
1802 606 1853 666 Λ
1953 605 2123 678 Euge,
2150 623 2289 680 euge
2331 627 2346 664 :

3338 502 3472 568 1266

2396 608 2577 664 adhuc
2608 609 2846 679 amplius
2877 612 3190 666 conl‘ortare
3224 631 3237 664 :
3282 614 3391 668 imo
3423 616 3479 670 in

1876 707 2090 755 tantum
2145 712 2207 755 ut
2260 716 2386 755 cum
2455 711 2650 756 sancto
2710 700 2878 756 David
2929 701 3114 773 possis
3177 701 3480 760 accinere:

1878 791 2004 846 Non
2058 794 2251 847 timebo
2279 795 2405 847 dum
2432 795 2738 848 turbabitur
2788 806 2932 849 terra
2961 836 2974 859 ,
3006 805 3058 850 et
3089 795 3485 865 transferentur

1849 893 1851 895 ’
1877 895 2080 938 montes
2112 885 2169 938 in
2196 902 2287 938 cor
2314 887 2478 940 maris
2497 887 2566 940 ⁵².
2606 887 2903 942 Enimvero
2927 887 3019 955 qui
3056 903 3288 958 prorsus
3323 889 3483 943 firma

1875 974 1978 1029 fide
2009 984 2114 1039 est,
2148 974 2415 1030 dimoveri
2468 977 2696 1032 omnino
2734 977 2928 1047 nequit
2952 993 2983 1032 a
3011 977 3286 1034 charitate
3316 979 3484 1035 Chri-

1873 1068 1944 1121 sti
1991 1085 2003 1120 :
2039 1067 2068 1120 a
2117 1083 2224 1136 qua
2267 1084 2376 1120 non
2436 1069 2744 1136 tribulatio,
2775 1085 2886 1125 non
2921 1071 3211 1143 angustia,
3247 1085 3358 1126 non
3396 1070 3479 1126 fa-

1874 1175 2012 1227 mes,
2065 1177 2174 1215 non
2221 1164 2556 1232 persecutio,
2593 1180 2700 1218 non
2746 1166 3078 1236 periculum,
3124 1181 3234 1220 non
3266 1167 3482 1238 gladius

1873 1262 2057 1324 potest
2110 1269 2370 1324 separare
2386 1256 2455 1310 ⁵³.
2501 1255 2617 1312 Hac
2649 1257 2851 1313 ﬁducia
2906 1274 3102 1315 omnes
3131 1259 3308 1315 sancti
3342 1275 3482 1315 con-

1873 1349 2138 1403 summati
2172 1359 2304 1404 sunt
2336 1367 2350 1404 :
2398 1350 2594 1404 eadem
2629 1350 2995 1405 reverentiam
3030 1359 3181 1407 tuam
3218 1367 3482 1408 consum-

1875 1450 2005 1496 met.
2035 1439 2223 1512 Neque
2245 1445 2390 1497 enim
2416 1460 2478 1500 es
2497 1443 2700 1500 Thecla
2722 1444 3038 1513 ignobilior,
3059 1454 3156 1500 aut
3184 1445 3478 1514 Febronia,

1875 1544 1970 1588 aut
2003 1532 2148 1589 felici
2194 1535 2411 1590 illarum
2471 1546 2619 1591 coetu
2655 1555 2669 1591 :
2711 1551 2839 1590 eum
2867 1537 2946 1593 sis
2977 1534 3074 1591 Dei
3107 1536 3239 1604 tilia,
3274 1536 3480 1592 Christi

1877 1625 2117 1695 Sponsa,
2156 1627 2624 1696 quemadmodum
2652 1628 2778 1693 illae,
2813 1627 2896 1683 sic
2933 1636 2988 1684 et
3019 1627 3138 1697 ipsa
3177 1644 3188 1678 :
3219 1643 3383 1695 quam
3409 1631 3481 1685 ob

1873 1735 2100 1775 causam
2126 1736 2272 1775 nunc
2297 1736 2520 1791 quoque
2576 1723 2899 1793 mattyrium
2953 1722 3144 1786 instat,
3206 1721 3282 1776 uti
3325 1723 3478 1778 olim.

1876 1809 2267 1868 Sustineamus
2299 1814 2486 1885 igitur,
2529 1813 2787 1879 obsecro,
2821 1830 2929 1869 non
2964 1815 3132 1870 modo
3155 1830 3250 1870 eas
3274 1815 3477 1886 quibus

1875 1905 2179 1975 premimur
2225 1905 2533 1972 molestias,
2581 1905 2678 1960 sed
2714 1906 2796 1961 vel
2829 1906 2874 1962 si
2907 1923 3075 1976 supra
3116 1906 3263 1962 dicta
3295 1909 3478 1964 omnia

153 2004 390 2072 ἐπιστῇ.
430 2002 1023 2072 Ἀπροσωπόληπτος
1051 2005 1083 2057 ὁ
1113 2004 1259 2067 Θεός
1281 2020 1293 2033 ’
1317 2004 1382 2073 τῇ
1412 2002 1550 2072 αὐτῇ
1577 2001 1769 2071 ἀγάπῃ

1877 1997 2152 2068 ingruant.
2213 1995 2342 2050 Non
2386 2007 2464 2051 est
2524 2015 2873 2068 personarum
2942 2009 3186 2070 acceptor
3237 1999 3474 2055 Deus“:
3535 1989 3539 1992 ’

151 2092 398 2161 ἀγαπῶν
441 2095 614 2163 ἡμᾶς,
729 2095 989 2164 ἠγάπησε
1038 2095 1134 2147 καὶ
1176 2094 1305 2156 τοὺς
1350 2093 1542 2147 πάλαι.
1578 2091 1767 2144 Ταῦτα

148 2185 233 2249 ὡς
270 2187 329 2238 ὲν
365 2185 570 2260 ὀλίγοις
592 2203 605 2216 ·
651 2186 809 2250 εἰδὼς
858 2187 941 2239 ὅτι
971 2187 1188 2240 οἴκοθεν
1223 2187 1320 2239 καὶ
1360 2186 1421 2251 ἐξ
1452 2185 1630 2240 ἄλλων
1667 2185 1766 2248 τὰς

149 2278 550 2350 παρακλήσεις
607 2278 722 2349 ἔχει
775 2281 937 2350 σουὴ
986 2280 1438 2350 σεμνοπρέπεια·
1489 2280 1641 2349 ὅμως
1671 2279 1767 2332 καὶ

149 2374 296 2444 παρ’
326 2374 511 2444 ἡμῶν,
545 2375 633 2428 ἵνα
658 2375 847 2444 γνοίης
871 2375 953 2428 ὅτι
988 2374 1457 2445 οἰκειοπαθοῦμέν
1488 2391 1572 2427 σοι
1610 2373 1766 2441 dust-

148 2467 408 2539 λομένως
431 2484 444 2496 ·
476 2470 574 2522 καὶ
599 2471 749 2532 ὅπως
773 2467 1083 2540 προσεύχῃ,
1112 2467 1208 2522 τοῦ
1231 2467 1592 2537 στηρίζεσθαι
1619 2469 1768 2538 ἡμᾶς

145 2563 289 2623 τοὺς
319 2561 706 2632 ἁμαρτωλούς.

483 2680 610 2735 ΝΔ’.
673 2710 722 2720 -
758 2680 1060 2747 Βασιλείῳ
1093 2678 1404 2747 πατρικίῳ.
1445 2675 1630 2749 [ρξε’.]

1873 2093 2065 2146 eadem
2096 2107 2198 2146 nos
2248 2091 2524 2147 cliaritate
2557 2093 2732 2164 diligit
2765 2110 2871 2163 qua
2909 2104 2964 2149 et
3002 2095 3240 2165 majores
3265 2095 3476 2152 dilexit.

1875 2183 1984 2239 Sed
2046 2185 2163 2238 haec
2223 2184 2416 2254 paucis
2463 2203 2476 2240 :
2533 2201 2658 2240 cum
2710 2187 2881 2256 probe
2928 2187 3100 2241 sciam
3152 2188 3475 2256 gravitatem

1859 2286 2026 2350 ~tuam
2078 2277 2230 2332 domi
2289 2286 2457 2347 atque
2507 2278 2577 2332 ab
2603 2278 2726 2334 aliis
2770 2279 2971 2333 habere
3003 2278 3207 2333 solatia
3246 2295 3260 2332 :
3293 2288 3474 2334 tamen

1872 2383 1927 2426 et
1952 2385 1982 2423 a
2010 2370 2168 2425 nobis
2191 2371 2308 2424 haec
2328 2370 2468 2425 habe
2496 2389 2509 2426 :
2538 2379 2596 2424 ut
2625 2371 2901 2443 intelligas
2935 2387 3037 2426 nos
3067 2376 3177 2426 tuls
3203 2370 3386 2436 rebus,
3411 2378 3476 2428 ut

1876 2480 1976 2534 par
2014 2473 2118 2529 est,
2173 2461 2311 2517 allici
2347 2471 2447 2517 :et
2487 2472 2546 2516 ut
2595 2463 2755 2520 nobis
2819 2465 3210 2535 peccatoribus
3235 2464 3380 2519 vires
3410 2477 3475 2519 ac

1874 2554 2046 2610 robur
2088 2552 2344 2624 precibus
2378 2553 2659 2622 impetres.

2297 2669 2434 2725 LIV.
2467 2701 2539 2711 —
2568 2671 2777 2727 Basilio
2815 2674 3066 2743 patricio.

1431 2787 1729 2839 Consolatur
1773 2781 1826 2833 in
1861 2786 2026 2832 morte
2061 2779 2171 2832 (illi,

227 2904 349 2973 Τῆς
397 2899 740 2972 θεομιμήτου
790 2915 886 2950 σου
936 2895 1414 2965 συγκαταϐἀσεως
1459 2893 1644 2964 ἔργον,
1700 2891 1762 2944 οὐ

151 2999 330 3071 μόνον
354 2997 435 3058 εἰς
463 2995 586 3065 ὄψιν
623 3010 717 3045 σου
763 2994 915 3062 ἱερὰν
947 2993 1196 3060 ἐνεγκεῖν
1223 2990 1315 3042 τὸν
1341 2989 1571 3055 ἀδελφὸν
1607 2984 1766 3056 ἡμῶν

149 3096 217 3148 ἐν
248 3091 558 3160 πνεύματι,
604 3087 867 3160 ὁμιλῆσαι
908 3104 969 3139 τε
997 3088 1066 3138 τὰ
1093 3086 1355 3151 δόξαντα,
1408 3082 1553 3136 οὕτω
1595 3097 1767 3151 προσ-

152 3183 310 3254 ηνῶς
353 3183 445 3234 καὶ
469 3180 711 3252 μετρίως
733 3195 745 3209 ·
781 3177 896 3231 ἀλλ’
925 3179 1008 3231 ὃτι
1031 3180 1126 3230 καὶ
1156 3176 1254 3248 τὴν
1292 3175 1490 3246 κυρίαν
1519 3175 1614 3226 καὶ
1640 3174 1764 3241 ἐμοὶ

153 3273 476 3342 σεὸασμίαν
521 3271 840 3344 πατρικίαν,
894 3272 1014 3339 ᾶμα
1042 3273 1158 3331 τοῖς
1203 3269 1622 3335 εὐγενεστάτοις
1668 3283 1762 3317 σου
1792 3309 1834 3364 C

153 3371 417 3443 βλαστοῖς
444 3365 691 3436 ἀγαγὼν,
740 3364 920 3417 κλῖναί
964 3381 1023 3416 τε
1054 3365 1115 3414 οὐ
1145 3361 1413 3431 κεφαλὴν,
1458 3361 1598 3412 ἀλλὰ
1631 3359 1762 3427 γόνυ

152 3460 306 3534 πρὸς
346 3459 510 3512 αὑτὸν
549 3456 949 3526 ἐπιτέτραφας.
981 3455 1045 3505 Ὢ
1079 3453 1180 3523 τῆς
1212 3458 1479 3523 μεγίστης
1523 3468 1618 3502 σου
1665 3467 1765 3501 τα-

157 3551 644 3624 πεινοφροσύνηςί
691 3547 737 3601 ὣ
782 3548 884 3617 τῆς
933 3546 1186 3616 φιλοθέου
1224 3545 1530 3607 συνέσεωςῑ
1578 3541 1623 3594 ὣ
1665 3543 1766 3610 τῆς

157 3645 622 3721 ὑπερὸαλλούσης
685 3660 779 3696 σου
830 3645 888 3695 ὲν
944 3638 1294 3710 ἁμαρτωλοῖς
1343 3635 1616 3692 πίστεωςὶ
1656 3633 1767 3721 lini.

155 3719 580 3806 οὐκ-ἀποτεύξῃ
601 3731 696 3786 τοῦ
718 3730 820 3801 τῆς
845 3727 1202 3792 εὐαποδεξίας
1230 3723 1448 3795 μισθοῦ.
1478 3721 1577 3774 Διὰ
1595 3719 1769 3773 ταῦτα

159 3851 258 3886 σοι
293 3831 476 3883 πάντα
497 3845 509 3860 ·
542 3827 637 3880 καὶ
662 3824 744 3877 ἔτι
780 3823 943 3876 πλέον
969 3821 1046 3884 είς
1079 3817 1285 3889 ἀρετῆς
1313 3816 1498 3883 λόγον,
1539 3811 1768 3872 εἰκότως

156 3929 189 3980 ὁ
223 3925 361 3989 ἐμὸς
399 3921 666 3989 δεσπότης
722 3917 816 3971 καὶ
863 3915 1058 3985 αἵματι
1097 3912 1192 3966 καὶ
1241 3908 1519 3979 πνεύματι
1578 3903 1769 3974 φιλού-

163 4032 338 4090 μενος
373 4013 606 4081 γέγονας
649 4009 787 4078 πρὸς
830 4007 1049 4060 πάντων
1098 4002 1211 4056 τῶν
1246 3999 1640 4071 γνωρισάντων
1675 3995 1772 4048 καὶ

161 4108 429 4184 ὁρώντων
463 4123 544 4160 σε.
596 4106 705 4158 Καὶ
747 4102 1028 4174 μάρτυρες
1057 4098 1151 4151 τοῦ
1188 4097 1348 4162 λόγου
1386 4095 1444 4148 αἱ
1496 4091 1642 4145 κατὰ
1671 4089 1772 4151 τὰς

161 4205 330 4270 ἀξίας
381 4197 649 4271 ὑπεροχαί
684 4214 810 4258 σου,
855 4193 1060 4265 ἀρετῆς
1119 4189 1355 4242 ἔπαθλον
1416 4184 1768 4256 ὑπάρξασαι·

162 4301 258 4369 ἐφ’
360 4298 456 4350 σὺν
491 4294 569 4365 τῷ
595 4293 697 4363 τῆς
743 4290 962 4359 φύσεως
992 4288 1143 4357 νόμῳ
1191 4281 1492 4368 μορφῴσας
1527 4277 1682 4340 υἱούς
1710 4292 1773 4329 τε

163 4393 269 4447 καὶ
295 4371 646 4457 θυγατέρας,
709 4384 828 4453 ἅμα
876 4384 944 4452 τῇ
983 4377 1273 4450 όμοζύγῳο
1331 4374 1549 4436 εἰκόνας
1604 4371 1774 4432 ὅντως

163 4483 430 4552 ἐναργεῖς
478 4479 578 4550 τῆς
631 4473 919 4535 εὐσεϐείας
970 4489 1064 4523 σου
1113 4465 1501 4530 ὲναπέδειξας·
1556 4465 1621 4516 ὲκ
1672 4463 1776 4531 τῆς

160 4575 312 4648 πρὸς
345 4574 406 4625 σε
454 4567 891 4638 ὲπιφαινομένης
938 4564 1125 4626 αὐτοῖς
1155 4563 1475 4632 ὁμοιότητος
1512 4560 1772 4624 ἐπιγινω-

163 4667 482 4736 σκομένους
516 4663 916 4733 ἀψευδέστατα.

246 4756 394 4809 Ἀλλ’
427 4757 454 4807 ὁ
487 4753 588 4824 μὲν
634 4752 764 4822 περὶ
792 4749 984 4802 τούτου
1036 4746 1194 4812 λόγος
1225 4741 1486 4804 τοιοῦτος.
1530 4741 1664 4792 Τίνα
1713 4738 1772 4791 δὲ

161 4853 330 4918 λόγον
371 4841 832 4914 παραμυθητικὸν
875 4840 968 4892 ἐπὶ
1010 4836 1088 4905 τῷ
1128 4834 1294 4887 πάθει
1323 4832 1416 4884 τοῦ
1449 4831 1769 4902 Προδρόμου

162 4940 474 5014 ὁμωνύμου
501 4938 691 5008 ἑρνους
724 4951 817 4985 σου
845 4927 1257 4998 παγκαλλίστου
1301 4923 1584 4994 ἐξεύροιμι
1619 4925 1646 4974 ὁ
1678 4939 1772 5014 τα-

163 5012 393 5098 πεινὸς,
439 5021 725 5083 λεαίνοντα
761 5025 958 5096 μικρόν
1008 5038 1061 5072 τι
1111 5019 1172 5071 τὸ
1202 5018 1309 5071 τῶν
1367 5016 1550 5086 ςιμίων
1577 5012 1769 5083 ψυχῶν

164 5127 329 5200 ὑμῶν
375 5122 657 5193 θλιὸερόν;
692 5121 815 5171 ἐπεὶ
853 5111 1144 5184 ἀπηγγέλη
1185 5127 1277 5180 μοι
1313 5109 1448 5178 πρὸς
1478 5103 1765 5200 αὐτοῦτοῦ

163 5197 408 5288 ἀδελφοῦ
433 5219 616 5269 ὁποῖον
637 5212 698 5265 τὸ
719 5210 909 5278 ἄλγος·
940 5201 1030 5259 οἵα
1055 5203 1122 5257 τὰ
1144 5203 1356 5272 δάκρυα
1384 5197 1767 5260 ἁποστάζοντα

165 5314 356 5385 θερμά
388 5309 447 5376 ἐξ
476 5304 774 5376 ὀφθαλμῶν
799 5319 812 5332 ·
843 5301 940 5364 τάς
978 5316 1037 5352 τε
1075 5294 1405 5389 ἀνακλήσεις
1428 5331 1441 5356 ,
1471 5289 1768 5389 ἐλεεινολοῐ

163 5379 298 5476 γίας
319 5419 381 5455 τε
412 5400 508 5453 καὶ
532 5400 912 5467 στοναχήσεις·
937 5394 1011 5454 ὼς
1031 5387 1328 5443 ἀκούσαντι
1357 5384 1567 5435 ἕκαστα
1584 5379 1653 5433 τὰ
1673 5379 1766 5432 τοῦ

165 5474 367 5558 παιδὸς
403 5491 885 5560 πλεονεκτήματα,
917 5483 1111 5559 παθεῖν
1134 5497 1186 5534 τι
1222 5478 1418 5545 μικροῦ
1442 5474 1550 5526 δεῖν
1581 5475 1767 5542 ὁμοιο-

165 5589 348 5651 παθὲς
375 5586 530 5655 ὑμῖν.
558 5583 624 5635 Ὢ
660 5582 777 5645 πῶς
811 5576 1182 5648 ὡμοιώθημεν
1209 5571 1286 5640 τῷ
1317 5567 1483 5620 Δαϐὶδ
1518 5565 1769 5635 πενθήρη

163 5682 392 5753 ψαλμὸν
425 5678 517 5731 ἐπὶ
548 5675 625 5744 τῲ
653 5673 756 5742 υἱῷ
787 5668 1016 5744 ᾄσαντιί
1054 5667 1114 5746 Εἰ
1142 5665 1195 5716 δὲ
1242 5664 1446 5722 ἐκεῖνος
1475 5658 1650 5720 οὕτως
1675 5659 1770 5710 ἐπὶ

166 5771 471 5841 ἀτασθάλῳ
507 5769 603 5822 καὶ
634 5767 931 5841 ἀντάραντι
975 5761 1070 5813 καὶ
1100 5755 1315 5810 δικαίαν
1343 5754 1498 5822 δίκην
1539 5753 1637 5822 τῆς
1666 5767 1770 5802 πα-

164 5867 433 5941 τραλοίας
463 5863 699 5916 δὼσαντι
718 5875 734 5890 ·
770 5856 822 5910 τί
852 5855 934 5908 δεῖ
969 5850 1205 5906 ἐνταῦθα
1236 5850 1448 5911 είπεῖν;
1478 5844 1576 5898 καὶ
1606 5843 1767 5914 πηλί-

237 5985 287 6016 ⁹¹
328 5981 608 6042 Psal.xt.v,
632 5976 698 6030 ὖ.
775 5972 823 6005 ⁵³
851 5971 1009 6026 Rom.
1039 5985 1160 6031 vui.
1192 5966 1281 6024 35.
1360 5965 1405 5998 ”
1437 5963 1556 6019 Act.
1592 5979 1649 6027 ιι,
1682 5961 1771 6017 δι.

1946 2887 2072 2942 Fuit
2116 2886 2319 2942 divinae
2379 2887 2670 2958 cujusdam
2730 2889 3106 2955 demissionis,
3166 2894 3309 2964 quod
3365 2910 3472 2951 non

1873 2984 2038 3037 modo
2091 2983 2146 3035 in
2178 2997 2399 3036 sacrum
2435 2990 2795 3053 conspectum
2837 2994 2994 3039 tuum
3053 2988 3239 3043 venire
3283 3002 3475 3058 passus

1873 3075 1952 3130 sis
1976 3073 2207 3128 fratrem
2248 3087 2502 3128 nostrum
2535 3075 2865 3144 spiritalem,
2895 3092 3073 3147 eaque
3107 3076 3314 3146 profari
3355 3095 3475 3149 quia

1883 3168 2100 3230 liberet,
2166 3176 2276 3221 tam
2331 3168 2526 3222 leuiter
2581 3184 2648 3224 ac
2694 3170 3027 3225 moderate:
3084 3187 3272 3226 verum
3308 3173 3470 3227 etiam

1871 3259 2154 3311 dominam
2209 3259 2456 3328 mihique
2485 3260 2858 3315 venerandam
2907 3259 3194 3332 patriéiam
3226 3279 3348 3319 eum
3378 3280 3473 3319 no-

1870 3348 2138 3404 bilissima
2202 3359 2294 3403 tua
2328 3351 2518 3404 sobole
2572 3353 2892 3416 adduxeris,
2938 3353 3308 3424 jusserisque,
3360 3369 3469 3409 non

1869 3450 2054 3510 caput,
2085 3441 2179 3495 sed
2211 3457 2352 3511 genu
2388 3451 2516 3496 ante
2553 3441 2732 3512 ipsum
2778 3442 3086 3500 inﬂectere.
3123 3443 3168 3498 Ο
3199 3445 3468 3516 insignem

1869 3533 2036 3586 animi
2069 3533 2460 3587 demissioncm
2488 3535 2501 3588 l
2529 3549 2563 3589 ο
2600 3536 2814 3605 plenam
2859 3537 3060 3605 pietate
3095 3539 3467 3607 prudentiam!

1870 3642 1904 3680 o
1953 3625 2182 3679 nimiam
2231 3635 2380 3680 tuam
2420 3627 2472 3679 in
2521 3627 2906 3696 peccatoribus
2958 3628 3474 3698 liduciamiNeque

1870 3735 2004 3776 vero
2072 3721 2429 3777 admissionis
2487 3723 2655 3792 hujus
2707 3724 2936 3792 praemio
2993 3723 3344 3781 fraudabere.
3398 3724 3473 3782 Ea

1873 3826 2097 3888 propter
2133 3815 2230 3869 tibi
2262 3815 2448 3867 omnia
2475 3814 2668 3869 insunt
2699 3832 2714 3869 :
2761 3831 2826 3870 ac
2858 3818 3034 3888 magis
3064 3817 3230 3871 etiam
3261 3819 3330 3872 ob
3363 3819 3474 3871 vir-

1873 3920 2066 3975 tutem,
2091 3908 2291 3964 merito
2317 3908 2588 3964 Dominus
2621 3924 2776 3962 meus
2809 3918 2864 3964 et
2897 3911 3168 3980 sanguine
3191 3920 3246 3964 et
3275 3911 3469 3980 spiritu

1874 4004 2076 4058 Charus
2135 4017 2196 4056 es
2251 4002 2512 4056 omnibus
2563 4003 2657 4071 qui
2709 4012 2760 4057 te
2814 4012 3087 4057 noverunt
3119 4012 3172 4059 et
3203 4004 3472 4059 viderunt.

1874 4095 2056 4163 Atque
2105 4093 2301 4146 harum
2359 4108 2547 4146 rerum
2606 4103 2774 4148 testes
2842 4104 2973 4149 sunt
3003 4095 3108 4150 illae
3137 4111 3234 4165 pro
3265 4096 3471 4150 meritis

1875 4186 2248 4257 prterogativae
2272 4195 2402 4249 tuae,
2437 4187 2641 4256 quippe
2670 4188 2896 4241 totidem
2937 4190 3165 4257 praemia
3201 4189 3417 4244 virtutis
3454 4206 3469 4242 ε

1876 4280 1942 4332 ad
1982 4294 2147 4348 quam
2182 4293 2331 4342 cum,
2367 4289 2422 4331 tu
2460 4277 2625 4331 simul
2667 4292 2792 4331 cum
2842 4293 3035 4344 uxore,
3073 4278 3228 4347 juxta
3267 4290 3473 4334 natura:

1876 4371 2050 4441 legem
2084 4369 2227 4423 lilios
2278 4367 2535 4438 filiasque
2568 4367 2876 4422 informasti
2909 4385 2924 4435 ;
2983 4386 3113 4425 vere
3142 4371 3471 4442 conspicuas

1876 4462 2101 4534 pietatis
2144 4472 2253 4517 tuae
2286 4463 2555 4533 imagines
2598 4461 2878 4524 eﬂinaisti,
2935 4477 3056 4531 quae
3086 4479 3151 4517 ex
3179 4463 3470 4520 indiscreta

1879 4565 2058 4609 tecum
2105 4570 2170 4609 ac
2203 4553 2496 4608 manifesta
2543 4553 2904 4610 similitudine
2942 4556 3248 4611 certissime
3276 4555 3470 4627 digno-

1805 4661 1847 4714 ι)
1878 4655 2124 4701 scautur.

1947 4737 2056 4790 Sed
2092 4737 2161 4790 de
2188 4736 2292 4790 hoc
2319 4743 2649 4805 argumento
2686 4736 2980 4790 hactenus.
3013 4737 3188 4803 Quam
3212 4754 3343 4794 vero
3373 4753 3474 4811 ego

1875 4829 2102 4883 humilis
2171 4828 2605 4883 consolatoriam
2682 4829 2995 4882 orationem
3069 4813 3346 4884 inveniam
3414 4832 3470 4885 in

1873 4921 2230 4991 pulcherrimi
2281 4920 2395 4974 nati
2427 4922 2502 4973 tui
2537 4931 2739 4987 morte,
2777 4922 2873 4991 qui
2905 4921 3240 4977 Prazcursori
3269 4937 3472 4992 cogno-

1871 5015 2036 5069 minis
2073 5013 2220 5067 fuit?
2276 5029 2520 5084 quanam
2571 5023 2691 5068 arte
2741 5014 2826 5068 vel
2884 5013 3159 5069 tantillum
3212 5015 3469 5086 mitigabo

1871 5106 2310 5160 venerandarum
2347 5107 2659 5160 animarum
2695 5116 3011 5163 vestrarum
3050 5105 3471 5178 azgritudinem?

1874 5200 2006 5254 Mihi
2040 5203 2187 5256 enim
2225 5202 2295 5256 ab
2326 5202 2521 5257 eodem
2554 5201 2725 5259 fratre
2756 5203 3067 5258 nuntiatum
3094 5211 3198 5270 est,
3231 5212 3467 5273 quantus

1877 5294 1948 5349 sit
1975 5306 2152 5350 vester
2203 5297 2386 5361 dolor,
2414 5298 2626 5368 quales,
2691 5314 2856 5367 quam
2901 5299 3175 5355 ferventes
3197 5314 3261 5354 ex
3291 5297 3466 5354 oculis

1877 5387 2137 5458 lacrymae
2163 5399 2424 5443 manent:
2458 5406 2581 5459 quae
2615 5390 2811 5445 deinde
2835 5391 3271 5461 implorationes,
3300 5406 3465 5461 quam

1878 5478 2129 5549 lugubris
2187 5483 2388 5548 oratio,
2444 5498 2567 5551 quae
2611 5483 2896 5551 suspiria:
2956 5494 3015 5537 ut
3065 5498 3187 5538 cum
3218 5483 3466 5553 singulas

1879 5572 2036 5641 pueri
2079 5573 2239 5628 dotes
2283 5575 2559 5638 audirem,
2607 5576 2725 5645 pari
2756 5575 3152 5645 propemodum
3180 5573 3465 5630 vobiscum

1878 5664 2086 5719 doloris
2115 5666 2311 5722 affectu
2352 5682 2747 5722 commovet-er.
2795 5666 2932 5730 Heu,
2979 5682 3143 5736 quam
3178 5666 3364 5720 Davidi
3391 5667 3466 5721 si-

1880 5755 2040 5810 miles
2064 5755 2241 5812 eﬂ‘ecti
2275 5773 2489 5822 sumus,
2517 5772 2644 5812 cum
2675 5757 2988 5811 luctudsum
3018 5755 3084 5808 de
3108 5755 3218 5808 lilio
3243 5770 3464 5809 carmen

1880 5847 2158 5904 accineret
2186 5850 2198 5902 !
2235 5849 2392 5916 Quod
2423 5850 2469 5906 si
2498 5849 2589 5905 ille
2620 5849 2700 5905 sie
2724 5847 2952 5904 allectus
2971 5857 3054 5902 est
3079 5861 3209 5916 erga
3233 5845 3463 5920 impium
