3934 6430
523 395 660 460 1267

1724 396 1784 457 S.
1818 396 2217 457 TIIEODORI
2256 394 2606 457 ΞΤΠΒΙΤιΕ

3678 389 3813 455 1268

515 528 583 570 ac
615 516 967 585 perduellem,
1015 516 1242 571 meritas
1282 514 1561 586 parricidii
1588 530 1782 586 pmnas
1816 517 2059 571 luentem
2094 536 2106 571 :

2224 535 2309 570 κον
2354 516 2547 587 ἔρανον
2592 513 2689 568 τοῦ
2742 514 2903 585 λόγου
2943 513 3315 588 ποιήσασθαις
3367 510 3600 583 Οῖχεται
3660 513 3813 578 παῖς,

516 610 648 679 quid
688 626 831 664 nunc
862 609 1193 664 dicendum?
1244 620 1340 664 aut
1397 625 1561 679 quam
1600 624 1828 665 necesse
1872 620 1956 665 est
1988 626 2113 666 ora-

517 705 685 759 tionis
717 704 952 759 conferri
988 704 1289 774 symbolam
1315 702 1519 757 ?.Puer
1548 702 1757 758 interiit
1784 719 1908 757 cum
1934 705 2113 760 aetatis

518 794 649 847 ﬂore
700 795 819 863 ipso
862 793 1157 855 frueretur.
1197 802 1253 848 et
1290 802 1483 860 suopte
1513 794 1734 863 ingenio
1760 803 1815 848 et
1850 795 2112 865 magistri

515 898 649 939 voce
684 885 1046 955 pereruditus,
1082 884 1332 939 moi-ilius
1374 893 1428 938 et
1458 898 1715 939 sermone
1742 884 1999 949 blandus,
2029 884 2113 940 vel

516 980 636 1048 ipso
662 988 888 1047 aspectu
930 977 1181 1046 quemvis
1214 977 1266 1031 in
1304 976 1389 1031 sui
1422 990 1668 1031 amorem
1712 977 1965 1031 alliciens
1995 995 2009 1031 :
2039 987 2112 1044 et,

515 1073 662 1143 quod
708 1071 886 1139 majus
937 1080 1043 1136 est,
1076 1086 1249 1140 purus
1298 1084 1554 1140 corpore,
1589 1071 1777 1125 animo
1804 1070 2112 1125 candidus:

516 1165 648 1219 illud
706 1164 928 1234 quidem
964 1163 1034 1217 ob
1082 1162 1477 1234 virginitatem,
1526 1178 1651 1233 quae
1681 1163 1782 1217 dos
1812 1163 2112 1216 maximam

515 1256 679 1311 habet
727 1255 1258 1322 admirabilitatem;
1317 1271 1500 1325 neque
1555 1255 1703 1310 enim
1768 1255 2111 1325 perditorum

517 1364 667 1404 more
726 1349 974 1404 irretitus
1031 1358 1136 1410 est,
1194 1347 1288 1402 sed
1346 1348 1543 1402 vitium
1597 1348 1925 1417 superavit:
1965 1345 2110 1401 istud

518 1446 729 1503 autem,
785 1440 933 1508 quod
971 1438 1179 1492 nullam
1244 1454 1371 1493 cum
1427 1439 1620 1493 hatresi
1656 1454 1778 1509 quae
1808 1454 1954 1492 nunc
1983 1437 2112 1491 bac-

517 1532 715 1586 chatur
777 1533 1097 1586 societatem
1155 1532 1360 1587 inierit.
1404 1531 1596 1601 Itaque
1639 1530 1902 1586 divinitus
1934 1531 2117 1585 coiere

518 1626 571 1677 in
615 1642 785 1680 unum
841 1625 1125 1695 integritas
1158 1627 1352 1689 animi,
1403 1624 1799 1695 integritasque
1843 1624 2112 1693 corporis.

518 1718 733 1783 Quanta
797 1720 947 1785 digni
991 1718 1151 1775 laude
1204 1731 1483 1790 parentes,
1528 1721 1618 1788 qui
1658 1719 1819 1773 talem
1857 1718 2115 1788 genuisse

518 1825 750 1877 puerum
799 1810 1048 1866 feruntur
1084 1833 1096 1867 :
1154 1812 1247 1881 qui
1294 1827 1398 1865 non
1437 1813 1612 1865 solum
1658 1827 1909 1880 corpore,
1934 1815 2026 1865 sed
2062 1819 2118 1865 et

520 1904 739 1973 spiritu,
775 1914 883 1958 tam
933 1906 1149 1975 egregia
1183 1905 1364 1959 indole
1398 1906 1606 1974 prolem
1648 1904 1886 1959 ﬁnxere!
1918 1904 1962 1958 Ο
1991 1903 2112 1959 feli-
2145 1891 2187 1947 Β

520 2013 639 2051 cem
674 2010 915 2068 partum,
946 2002 1059 2055 sive
1089 2003 1235 2071 quod
1277 2000 1487 2070 patrios
1518 2015 1702 2055 mores
1731 2000 1979 2055 imitatus
2005 2009 2113 2068 est,

521 2092 636 2145 sive
666 2092 811 2160 quod
841 2093 893 2146 in
942 2109 1000 2146 se
1030 2093 1148 2163 ipse
1176 2092 1461 2147 Christum
1512 2094 1783 2162 expressit
1816 2110 1828 2147 :
1867 2093 1960 2163 qui
1988 2108 2114 2147 cum

521 2198 753 2238 nascens
800 2200 865 2239 ex
928 2183 1153 2253 Virgine
1190 2185 1559 2254 virginitatem
1603 2186 1813 2239 honore
1844 2185 2108 2250 aﬂ‘ecerit,

519 2276 605 2330 sui
659 2277 944 2343 asseclam,
1006 2287 1195 2347 utpote
1245 2278 1415 2331 tilium
1468 2278 1629 2342 lucis,
1667 2278 1837 2331 lilium
1872 2289 2115 2332 vestrum

520 2368 754 2437 excepit.-
813 2369 953 2435 Quid
980 2370 1150 2439 ergo?
1191 2368 1399 2425 Luctus
1458 2369 1536 2433 id,
1591 2385 1659 2423 an
1710 2369 1913 2423 laetitiae
1942 2383 2109 2439 argn-

522 2472 764 2514 mentnm
787 2462 810 2515 ?
836 2461 1030 2516 Gaudii
1059 2462 1243 2532 utique
1267 2479 1281 2529 ;
1315 2462 1441 2517 licet
1464 2476 1759 2516 maerorem
1786 2461 1940 2515 vobis
1964 2461 2111 2517 illius

520 2568 785 2608 excessus
829 2555 1093 2609 attulerit.
1133 2554 1255 2624 Ipse
1302 2571 1450 2609 nunc
1485 2554 1687 2625 gaudio
1714 2554 2025 2624 triumphat
2055 2555 2112 2608 in

524 2647 700 2710 uelis,
747 2648 1000 2718 princeps
1035 2649 1236 2704 factus.
1273 2647 1339 2703 Et
1385 2662 1486 2702 nos
1520 2647 1687 2719 igitur
1710 2649 1949 2717 gaudere
1994 2647 2113 2717 ejus

525 2739 786 2809 gaudium
847 2740 1102 2811 deinceps
1160 2756 1389 2796 necesse
1438 2750 1544 2801 est,
1592 2755 1697 2793 non
1759 2755 1884 2794 eum
1956 2750 2144 2794 nostro

2216 608 2349 663 αὐτὸ
2370 610 2470 680 τῆς
2493 608 2713 680 ἡλικίας
2742 607 2893 677 ἄγων
2920 609 2982 662 τὸ
3004 608 3293 679 βιώσιμον,
3322 606 3693 668 εὐπαίδευτος
3719 607 3813 659 καὶ

2214 700 2404 775 τρόπῳ
2452 704 2547 756 καὶ
2584 702 2749 773 λόγῳ,
2792 702 3030 775 εὐμελής
3075 705 3171 757 καὶ
3199 702 3319 774 ἤθει
3366 702 3462 755 καὶ
3497 700 3815 771 φθέγματι·

2218 796 2313 850 ἀπ’
2344 794 2517 865 αὐτῆς
2546 795 2643 866 τῆς
2678 795 2924 866 ὁράσεως
2948 796 3029 859 είς
3050 797 3273 866 φίλτρον
3300 793 3705 863 ἐπισπώμενος
3727 794 3815 845 τὸν

2218 888 2495 958 θεώμενον
2514 904 2528 918 ⁸
2560 888 2624 940 τὸ
2653 886 2863 958 μεῖξον,
2898 886 3140 958 καθαρὸς
3166 888 3227 941 τὸ
3252 887 3413 958 σῶμα
3434 929 3451 952 ,
3491 886 3693 948 λευκὸς
3721 884 3817 955 τὴν

2216 982 2401 1053 ψυχήν
2421 998 2435 1011 ⁸
2466 983 2529 1035 τὸ
2552 981 2653 1053 μὲν
2678 983 2745 1050 τῇ
2775 981 3070 1052 παρθενίᾳ,
3100 981 3238 1053 ὅπερ
3265 982 3415 1033 ἐστὶν
3444 979 3814 1047 ἀξιάγαστον·

2222 1076 2299 1148 μὴ
2328 1075 2470 1131 κατὰ
2518 1077 2647 1139 τούς
2679 1074 3014 1147 ρηξίφρονας
3067 1073 3263 1137 ἁλοὺς,
3292 1073 3432 1127 ἀλλὰ
3460 1073 3564 1126 τοῦ
3608 1073 3817 1135 πάθους

2220 1168 2660 1240 ὐπεραλλόμενος
2680 1185 2695 1199 ο
2721 1168 2783 1221 τὸ
2802 1168 2860 1222 δὲ
2891 1170 2958 1239 τῇ
2989 1159 3259 1237 ἁμεθεξίᾳ
3280 1165 3383 1235 τῆς
3412 1166 3512 1219 νῦν
3542 1166 3820 1238 κορυϐαν-

2218 1262 2424 1333 τιὼσης
2487 1260 2778 1334 αἱρέσεως.
2837 1262 3016 1331 Ὅπερ
3075 1260 3404 1329 θαυμασίως
3470 1261 3559 1319 είς
3618 1259 3819 1313 ταυτὸν

2221 1352 2839 1427 συνέδραμεν,ἀφθορία
2868 1353 3077 1424 ψυχῆς,
3118 1352 3355 1423 ἀφθορία
3399 1352 3686 1421 σώματος.
3732 1350 3820 1414 Ὦς

2218 1449 2500 1502 ἐπαινετοὶ
2531 1448 2580 1501 oi
2620 1447 2982 1519 γεννήτορες,
3031 1444 3275 1498 τοιούτου
3322 1444 3517 1506 παιδὸς
3573 1445 3819 1514 πατέρες

2219 1539 2699 1611 χρηματίσαντες,
2744 1537 3093 1607 ἐνεγκόντες,
3133 1537 3193 1589 οὐ
3246 1533 3582 1607 σωματικῶς
3632 1535 3820 1605 μόνον,

2218 1633 2358 1687 ἀλλὰ
2380 1634 2477 1687 καὶ
2509 1632 2901 1703 πνευματικῶς
2940 1630 3310 1701 εὐφυέστατον
3352 1628 3546 1698 ἕρνοςῐ
3586 1628 3685 1691 Ὠς
3714 1645 3821 1697 μα-

2220 1729 2483 1800 καριστὸς
2515 1730 2543 1781 6
2566 1728 2725 1796 γόνος
2743 1744 2757 1757 ο
2784 1724 2922 1797 ὁμοῦ
2951 1726 3051 1795 μέν
3076 1722 3381 1793 πατρώζων
3404 1736 3418 1749 ·
3463 1720 3603 1790 ὁμοῦ
3630 1720 3693 1772 δὲ
3726 1720 3821 1773 καὶ

2220 1821 2415 1875 ἑαυτὸν
2458 1819 2684 1891 Χριστῷ
2720 1818 3140 1889 ίνδαλματίσας·
3178 1816 3237 1880 ὃς
3279 1818 3348 1886 τῇ
3386 1814 3656 1884 παρθένῳ
3689 1831 3818 1881 γεν-

2217 1914 2371 1983 νήσει
2400 1912 2499 1983 τὴν
2532 1909 2833 1982 παρθενίαν
2862 1910 3123 1979 τιμήσας,
3159 1906 3359 1959 ὀπαδὸν
3384 1905 3457 1968 ὡς
3485 1905 3603 1957 υἱὸν
3632 1906 3820 1973 φωτκ

2216 2004 2313 2058 τὸν
2359 2003 2474 2056 υἱὸν
2504 2003 2660 2071 ὐμῶν
2690 2001 2905 2072 εἴληφε.
2936 2000 3002 2052 Τί
3033 1994 3161 2065 οὗν;
3194 1996 3477 2066 κλαυθμοῦ
3514 1996 3578 2047 τὸ
3603 1997 3817 2066 δρᾶμα,

2218 2097 2497 2168 ἢχαρᾶς;
2540 2094 2755 2167 Δηλαδὴ
2808 2093 3169 2163 εὐφροσύνης,
3237 2090 3341 2145 κᾶν
3393 2089 3554 2152 ἀνίας
3606 2089 3749 2159 ὐμῖν
3788 2090 3816 2141 6

2217 2187 2497 2261 χωρισμὸς
2525 2186 2689 2241 αὐτοῦ
2734 2186 3075 2257 ἐνεποίησεν.
3105 2177 3276 2247 Οὗτος
3310 2182 3496 2254 χαίρει
3528 2185 3679 2253 χαρᾷ
3718 2180 3814 2235 νῦν

2217 2279 2277 2328 ἐν
2306 2277 2555 2347 οὐρανοῖς
2574 2317 2589 2339 ,
2623 2275 2868 2346 πρέσϐυς
2891 2273 3316 2344 καθιστάμενος.
3353 2274 3446 2325 Δεῖ
3466 2268 3563 2325 οὖν
3586 2272 3816 2342 συγχαί-

2222 2386 2339 2441 ρειν
2378 2370 2525 2439 ἡμᾶς
2559 2367 2637 2437 τῷ
2670 2366 2982 2439 χαιρομένῳ
3028 2366 3273 2437 ἀπάρτι,
3304 2365 3443 2418 ἀλλὰ
3491 2365 3569 2435 μὴ
3616 2365 3816 2425 λυπεῖν

2220 2462 2388 2515 αὐτὸν
2427 2462 2484 2515 ἐν
2514 2460 2591 2531 τῷ
2644 2458 2954 2512 λυπεῖσθαι.
3009 2458 3191 2529 Πέρας
3217 2459 3245 2511 6
3289 2456 3446 2525 λόγος
3478 2458 3688 2529 ἐχέτω·
3718 2458 3817 2527 τὴν

2219 2549 2314 2603 ἐπὶ
2344 2551 2413 2621 τῇ
2462 2547 2783 2620 πεμφθείσῃ
2823 2546 3045 2619 εὐλογία
3088 2548 3444 2619 εὐχαριστίαν
3476 2548 3579 2603 καὶ
3607 2548 3816 2603 ἀπολο-

2219 2644 2345 2712 γίαν
2377 2659 2653 2711 συναποφε
2662 2641 2909 2712 ρόμενος.

2217 2751 2455 2791 mcerore
2507 2734 2859 2791 contristare.
2894 2735 3099 2791 llabeat
3130 2736 3279 2791 hunc
3307 2736 3539 2807 epistola
3572 2737 3809 2799 exitum,

528 2850 628 2903 pro
652 2836 979 2890 transmisso
1023 2853 1251 2891 munere
1285 2838 1587 2906 gratiarum
1630 2834 1901 2890 actionem
1954 2834 2119 2891 simul
2157 2840 2213 2888 et
2240 2831 2653 2887 excusationem
2682 2830 2947 2886 referens.

996 2954 1105 3008 LV.
1144 2987 1209 2995 —
1243 2952 1491 3024 Cregora:
1523 2958 1680 3013 laico.

2534 2952 2659 3006 ΝΕ.
2721 2983 2772 2993 -
2807 2950 3085 3022 ι’ρηγορᾷ
3106 2949 3317 3018 λατκῷ·
3348 2951 3537 3025 [εἴη’-1

1455 3052 1556 3101 Pro
1578 3054 1672 3101 nde
1694 3055 1946 3114 captivum
1978 3052 2195 3100 roborat.
2223 3049 2427 3113 (Baron.
2460 3063 2539 3099 an.
2567 3048 2680 3110 818,
2713 3062 2763 3096 ιι.
2790 3047 2893 3111 19.)

604 3138 784 3201 Salve,
826 3138 1112 3191 confessor
1140 3136 1367 3192 Christi.
1406 3137 1600 3193 Merito
1638 3140 1731 3195 Dei
1763 3140 2037 3194 hominem
2069 3148 2118 3195 te

2295 3160 2490 3229 Χαῖρε,
2553 3157 2866 3227 ὁμολογητά
2925 3155 3019 3210 τοῦ
3076 3157 3353 3228 Χριστοῦ·
3415 3161 3650 3226 εἰκότως
3720 3164 3819 3218 ἄν-

531 3233 660 3285 oiim
690 3230 955 3300 appellavi
986 3248 999 3285 :
1038 3246 1103 3285 eu
1137 3231 1397 3286 mentitus
1434 3248 1540 3286 non
1574 3242 1658 3287 est
1684 3232 1911 3287 humilis
1939 3248 2123 3288 sermo

532 3340 705 3386 mens,
754 3324 848 3394 qui
886 3324 1140 3379 sublimis
1172 3324 1224 3377 in
1277 3333 1329 3377 te
1360 3326 1634 3393 apparuit.
1685 3324 1973 3391 Quomodo
1996 3340 2121 3379 car-

532 3418 660 3471 eer?
692 3415 887 3469 Ferrea
923 3417 1087 3469 etiam
1124 3417 1344 3471 vincula
1371 3418 1635 3479 sustines,
1674 3427 1733 3471 ut
1777 3417 1962 3481 audio,
1994 3432 2119 3471 cor-

534 3524 666 3577 pore
697 3508 1049 3563 eoustrictus.
1085 3508 1195 3562 Res
1248 3508 1543 3562 laboriosa.
1576 3506 1965 3563 Verumtamen
1992 3524 2122 3562 con-

534 3601 740 3654 t'ortare
788 3600 842 3653 in
903 3598 1157 3664 Domino,
1216 3609 1402 3653 sancte
1472 3610 1529 3653 et
1593 3608 1897 3667 martyrum
1971 3615 2122 3665 more

532 3692 873 3761 depugnans.
935 3690 1104 3756 Belle,
1166 3692 1325 3755 belle,
1378 3691 1565 3757 frater,
1626 3693 1806 3762 qualis
1857 3674 2117 3748 eluxistil

533 3794 796 3854 quantum
854 3787 1124 3839 exaltatus
1180 3788 1285 3840 es!
1343 3785 1497 3841 Unus
1540 3802 1607 3839 ex
1657 3787 1915 3841 omnibus
1950 3787 2123 3842 laicus

534 3880 623 3938 (de
657 3879 723 3933 iis
751 3879 948 3949 loquor
974 3880 1067 3948 qui
1100 3880 1202 3934 sub
1227 3880 1329 3934 hoc
1360 3881 1592 3950 imperio
1638 3880 1863 3952 degunt)
1889 3892 1943 3935 tu
1971 3882 2122 3937 solus

535 3973 645 4025 Deo
671 3973 953 4026 coulessor
994 3982 1254 4027 ostensus
1287 3990 1347 4027 es
1380 3983 1433 4028 et
1463 3974 1670 4044 angelis
1702 3983 1755 4027 et
1786 3974 2120 4030 hominibus.

533 4064 725 4119 Cernis
766 4066 984 4118 ubinam
1019 4074 1073 4119 te
1099 4067 1381 4119 detineant
1416 4066 1836 4135 persecutores?
1876 4066 1933 4119 In
1967 4068 2117 4135 pala-

536 4158 663 4210 lin:
721 4171 818 4209 ceu
882 4157 1233 4225 margaritam
1272 4197 1287 4221 ,
1374 4173 1470 4211 eeu
1532 4173 1717 4227 regem
1775 4158 2119 4212 allectuum:

534 4248 787 4317 quamvis
854 4249 928 4301 ita
983 4264 1088 4301 non
1136 4250 1392 4306 sentiant.
1453 4248 1532 4303 Ne
1579 4251 1795 4315 timeas,
1827 4252 2020 4316 amice,
2056 4268 2124 4307 ne

535 4344 795 4398 terrearis
822 4346 891 4399 ob
920 4344 1263 4399 imminentia
1315 4345 1577 4412 verbera;
1604 4346 1848 4411 sustine;
1871 4345 2123 4401 Christus

533 4452 642 4490 una
678 4438 995 4501 sublevans,
1046 4437 1209 4492 simul
1261 4437 1552 4507 adjuvans,
1583 4448 1643 4492 ut
1675 4439 1838 4492 simul
1873 4455 2122 4508 pugnans

533 4540 588 4583 et
628 4532 789 4585 siuml
831 4547 1148 4601 percussus.
1193 4530 1249 4585 Si
1291 4546 1423 4598 ergo
1456 4547 1482 4584 a
1518 4534 1778 4601 quopiam
1823 4549 1855 4587 e
1889 4533 2124 4587 subditis
2157 4510 2205 4568 θ

534 4625 808 4686 detentus,
845 4625 1231 4693 imperatorem
1266 4624 1493 4677 haberes
1520 4624 1883 4690 defensorem,
1920 4633 2122 4678 etcum

536 4717 869 4780 verberaris,
904 4720 1081 4770 tecum
1114 4725 1166 4769 et
1198 4716 1384 4770 animo
1409 4726 1463 4770 et
1491 4716 1685 4771 aﬂ‘ectu
1731 4717 2073 4771 verberatum
2107 4735 2119 4769 :

539 4826 721 4863 nonne
775 4811 881 4877 pali
944 4810 1231 4878 gauderes,
1301 4822 1687 4863 ornamentum
1761 4811 2119 4879 amplectens,

535 4901 692 4969 quasi
742 4902 997 4969 patiendo
1051 4902 1361 4969 perciperes
1393 4916 1531 4969 quas
1570 4900 1923 4955 desiderabas
1966 4916 2116 4969 opes,

537 4994 791 5063 gloriam,
854 4994 1268 5061 principatum?
1319 4994 1543 5058 Quanto
1572 5008 1701 5046 vero
1729 4994 1903 5060 magis
1931 4993 2037 5045 hoc
2071 4994 2124 5045 in

539 5100 597 5137 re
652 5084 903 5152 praesenti
959 5084 1343 5137 sentiendum!
1379 5082 1535 5148 Quod
1583 5093 1638 5136 ct
1684 5082 2124 5150 amplecteudum

540 5178 701 5230 nobis
757 5176 1089 5241 necessario,
1133 5186 1191 5228 ut
1252 5190 1357 5228 non
1422 5175 1599 5229 somni
1660 5176 1857 5227 similia
1920 5179 2032 5228 haec
2074 5185 2129 5227 et

543 5267 748 5325 inania.
800 5266 890 5318 sed
927 5266 1255 5334 sempiterna
1295 5274 1349 5318 et
1395 5281 1521 5318 vera
1557 5278 1611 5319 et
1644 5263 1937 5318 ineffabilia
1967 5264 2125 5350 lbona

542 5372 971 5426 consequamur,
1023 5367 1224 5410 aeterna
1279 5358 1546 5428 supplicia
1585 5357 1949 5419 declinantes,
1977 5372 2122 5425 quae,

542 5452 631 5519 qui
660 5450 803 5519 pingi
848 5448 1131 5504 Christum
1167 5461 1385 5519 negant,
1440 5450 1831 5505 sustinebunt:
1865 5464 1892 5502 a
1919 5452 2123 5517 quibus

545 5543 859 5605 liberemur,
918 5543 1110 5602 frater,
1139 5556 1237 5611 pro
1268 5544 1425 5597 nobis
1456 5543 1689 5596 invicem
1722 5551 1964 5595 orantes.

772 5654 903 5709 LVI.
928 5687 992 5698 —-
1018 5652 1181 5707 Leoni
1214 5654 1451 5709 Patricio
1482 5667 1529 5709 et
1561 5654 1878 5710 Sacellario.

2225 3251 2441 3322 θρωπον
2479 3250 2573 3304 τοῦ
2632 3248 2768 3302 Θεοῦ
2802 3248 2971 3302 πάλαι
3009 3250 3436 3320 προσηγόρευσὰ
3473 3268 3568 3303 σε·
3612 3254 3716 3318 ἴδε,
3750 3256 3813 3309 οὐ

2222 3342 2515 3414 διεψεύσθη
2547 3344 2576 3396 6
2631 3342 2890 3405 ταπεινός
2945 3359 3046 3411 μου
3106 3342 3286 3411 λόγος,
3345 3343 3553 3413 ὑψηλὸς
3607 3348 3667 3399 ἐν
3737 3347 3820 3399 σοὶ

2222 3436 2582 3507 ἀποφανθείς.
2650 3435 2836 3505 Πῶςή
2890 3435 3145 3505 φυλακή,
3200 3436 3389 3507 φέρεις
3430 3438 3527 3489 καὶ
3579 3440 3817 3508 σίδηρα,

2220 3527 2296 3591 ὡς
2329 3526 2546 3589 ἀκούω,
2584 3525 2733 3579 ἔνδον
2775 3526 3096 3595 πιεζόμενος
3146 3527 3245 3589 τὰς
3287 3527 3518 3596 σάρκας.
3552 3530 3819 3592 Κοπιίδες

2222 3619 2285 3670 τὸ
2317 3619 2571 3687 πρᾶγμα.
2626 3618 2775 3689 Πλὴν
2822 3618 3263 3689 ὲνδυναμωθείης
3304 3619 3363 3671 ὲν
3397 3620 3622 3690 Κυρίῳ,
3652 3623 3821 3683 ὁσὲως

2224 3714 2320 3767 καὶ
2381 3712 2738 3784 μαρτυρικῶς
2793 3710 3044 3767 διαθλῶν,
3098 3711 3197 3774 Ὢ,
3243 3709 3319 3778 ὣ,
3371 3710 3612 3779 ἁδελφὲ,
3663 3718 3821 3777 ποῖος

2224 3798 2566 3871 ἐξέλαμψαςι
2596 3800 2783 3871 ἡλίκον
2813 3800 3070 3871 ὐψὼθηςι
3100 3796 3195 3864 Εἷς
3227 3802 3291 3854 ἐκ
3334 3802 3556 3856 πάντων
3594 3804 3816 3871 λαῖκδς,

2223 3892 2332 3945 τῶν
2368 3893 2473 3947 ὐπὸ
2500 3892 2658 3961 τήνδε
2684 3891 2783 3965 τὴν
2813 3892 3065 3959 ἐξουσίαν
3088 3892 3263 3961 λέγω,
3300 3894 3365 3946 σὺ
3397 3896 3561 3963 μόνος
3592 3897 3670 3964 τῷ
3698 3899 3818 3968 Θεῷ

2225 3983 2501 4052 ὁμολογῶν
2532 3983 2859 4054 ὐπεδείχθης
2896 3984 2993 4036 καὶ
3032 3986 3288 4053 ἀγγέλοις
3336 3989 3433 4040 καὶ
3468 3990 3815 4058 ἀνθρώποις.

2235 4074 2398 4143 Ὀρᾷς
2429 4072 2531 4125 ποῦ
2556 4090 2612 4126 σε
2637 4075 3077 4143 καὶλκατέχουσιν
3117 4077 3165 4127 oi
3194 4075 3419 4130 διῶκται
3447 4094 3463 4141 ;
3498 4079 3595 4141 Είς
3623 4083 3693 4134 τὰ
3721 4082 3819 4151 βα-

2227 4164 2430 4216 σίλεια·
2470 4163 2545 4225 ὼς
2598 4165 2967 4233 μαργαρίτην,
3012 4165 3087 4225 ὡς
3124 4165 3352 4233 βασιλέα
3410 4168 3523 4220 τῶν
3580 4173 3813 4225 παθῶν·

2226 4254 2327 4307 κᾶν
2354 4255 2452 4323 οὐχ
2485 4253 2656 4317 οὕτως
2691 4256 2975 4324 νομίζωσι.
3018 4258 3205 4328 Μηδὲ,
3235 4258 3393 4327 φίλε,
3432 4260 3655 4333 δείσῃς,
3687 4266 3818 4335 μηδ’

2226 4342 2293 4399 αὖ
2329 4346 2575 4417 φοϐηθῇς
2614 4347 2883 4417 μάστιγας
2931 4349 3272 4418 ἐρχομέναςο
3303 4351 3630 4417 ὑποίσειας·
3672 4360 3813 4430 Χρι-

2228 4439 2351 4502 στὸς
2401 4441 2429 4492 ὁ
2474 4437 2875 4507 συγκουφίζων,
2934 4442 2963 4493 6
3014 4441 3689 4514 συναντιλαμδανόμενος,
3739 4452 3815 4514 ὡς

2232 4530 2509 4585 συναθλῶν
2538 4532 2633 4585 καὶ
2666 4532 3120 4602 συντυπτόμενος.
3163 4534 3289 4587 Ἐὰν
3312 4530 3407 4588 οὖν
3436 4542 3816 4610 κατεχόμενος

2228 4623 2332 4675 ὐπό
2377 4639 2523 4685 τινος
2561 4622 2670 4674 τῶν
2719 4622 2825 4675 ὐπὸ
2870 4625 3062 4693 χεῖρα,
3119 4620 3262 4694 εἶχες
3316 4626 3409 4680 τὸν
3448 4627 3816 4698 βασιλεύοντα

2226 4715 2735 4785 ὐπερασπιζόμενόν
2771 4732 2896 4781 σου,
2942 4716 3036 4768 καὶ
3068 4716 3128 4768 ἐν
3156 4716 3233 4787 τῷ
3262 4718 3514 4789 δέρεσθαι
3551 4725 3812 4794 συνδερό-

2226 4807 2386 4876 μενόν
2412 4824 2494 4859 σοι
2520 4810 2585 4878 τῇ
2610 4807 2876 4860 διαθέσει·
2905 4810 3006 4860 οὐκ
3038 4809 3105 4862 ἂν
3134 4809 3352 4882 ἔχαιρες
3381 4813 3602 4878 παθεῖν,
3636 4818 3814 4883 φιλῶν

2220 4898 2312 4951 τὸν
2342 4898 2575 4968 κόσμον·
2611 4899 2687 4962 ὡς
2717 4898 2783 4951 ἂν
2808 4898 2884 4967 τῷ
2916 4898 3079 4951 πάθει
3109 4900 3325 4969 eapse...
3353 4899 3390 4953 ἃ
3412 4902 3634 4966 ἐπόθεις
3670 4907 3812 4976 χρή-

2232 5007 2378 5056 ματα
2401 5031 2414 5051 ,
2447 4991 2640 5056 δόξας,
2674 4994 2948 5059 πρωτεῖας
2996 4992 3153 5060 Πόσῳ
3176 4992 3240 5061 δὴ
3278 4988 3381 5059 ᾧδε
3416 4993 3621 5061 μᾶλλον
3649 4998 3812 5050 τοῦτο

2226 5084 2468 5150 νοητὲον.
2493 5084 2559 5134 ⁸0
2589 5083 2683 5134 καὶ
2707 5080 2963 5152 φιλητέον
2997 5083 3133 5149 ἡμῖν
3160 5080 3219 5146 ἐξ
3247 5082 3573 5147 ἀναγκαίων
3609 5085 3702 5139 ἵνα
3733 5088 3812 5158 μὴ

2226 5174 2293 5225 τὰ
2332 5173 2589 5243 όνειριύδη
2633 5174 2808 5225 ταῦτα
2847 5174 2940 5226 καὶ
2988 5175 3224 5243 μάταια·
3259 5174 3395 5226 ἀλλὰ
3422 5175 3491 5228 τὰ
3527 5178 3683 5232 ἀΐδια
3717 5185 3814 5234 καὶ

2225 5266 2455 5339 ἀληθινὰ
2500 5268 2594 5321 καὶ
2646 5267 2989 5336 ἀνεκλὰλητα
3030 5267 3209 5334 ἀγαθὰ
3256 5268 3668 5339 ἀπολάϐοιμεν·
3703 5293 3809 5344 φυ-

2226 5359 2416 5425 γόντες
2456 5358 2555 5419 τὰς
2591 5356 2843 5419 αἰωνίους
2881 5356 3187 5425 τιμωρίαςο
3221 5355 3287 5418 ἃς
3317 5358 3366 5409 οι
3397 5360 3809 5433 ἀπαρνούμενοι

2228 5448 2461 5528 Χριστζιν
2491 5446 2888 5517 ἐγγράφεσθαι,
2908 5446 3326 5512 ὐποστήσονται·
3352 5441 3428 5502 ὧν
3449 5453 3807 5526 ρυσθείημεν,

2230 5540 2426 5607 ἁδελφὲ
2449 5580 2463 5603 ,
2499 5540 2641 5609 ὐπέρ
2666 5537 2914 5605 ἀλλήλων
2949 5538 3397 5607 προσευχόμενοι.

2226 5653 2370 5721 Nq'.
2394 5682 2464 5692 --
2498 5651 2708 5706 Λέοντι
2733 5650 3029 5719 Πατρικίῳ
3049 5651 3147 5705 καὶ
3170 5655 3575 5725 Σιικελλιιρίῳ.
3615 5658 3807 5733 [tat-.32]

1564 5769 1937 5821 Persecutionis
1962 5766 2287 5817 acerbitatem
2316 5780 2425 5814 cum
2450 5766 2536 5813 illo
2557 5766 2800 5827 deplorat.

617 5845 688 5902 En
746 5849 788 5902 si
851 5866 1013 5905 nosse
1066 5850 1343 5906 desideras
1394 5868 1512 5922 qum
1572 5864 1813 5909 nostram
1870 5852 2129 5906 humilem

2314 5850 2373 5901 Ei
2445 5848 2603 5910 αὐτὸς
2663 5848 2835 5916 φιλεῖς
2910 5848 3203 5921 μανθᾶνειν
3271 5852 3340 5907 τὰ
3393 5853 3489 5924 τῆς
3542 5854 3810 5924 ταπεινῆς
