  <div class='ocr_page' id='page_1' title='image "/cluster/home/n/w/nwhite01/storage/ocr_20150623/99/ien.35556001661347/644.png"; bbox 0 0 3934 6508; ppageno 0'>
   <div class='ocr_carea' id='block_1_1' title="bbox 171 489 315 552">
    <p class='ocr_par' dir='ltr' id='par_1_1' title="bbox 171 489 315 552">
     <span class='ocr_line' id='line_1_1' title="bbox 171 489 315 552; baseline -0.014 0"><span class='ocrx_word' id='word_1_1' title='bbox 171 489 315 552; x_wconf 72' lang='grc'><strong>1269</strong></span> 
     </span>
    </p>
   </div>
   <div class='ocr_carea' id='block_1_2' title="bbox 1391 489 2248 554">
    <p class='ocr_par' dir='ltr' id='par_1_2' title="bbox 1391 489 2248 554">
     <span class='ocr_line' id='line_1_2' title="bbox 1391 489 2248 554; baseline 0.007 -6"><span class='ocrx_word' id='word_1_2' title='bbox 1391 489 1931 551; x_wconf 73' lang='lat' dir='ltr'><strong>EPISTOLARUM</strong></span> <span class='ocrx_word' id='word_1_3' title='bbox 1972 492 2120 553; x_wconf 89' lang='lat' dir='ltr'><strong>LIB.</strong></span> <span class='ocrx_word' id='word_1_4' title='bbox 2165 493 2248 554; x_wconf 78' lang='lat' dir='ltr'><strong>ll.</strong></span> 
     </span>
    </p>
   </div>
   <div class='ocr_carea' id='block_1_3' title="bbox 3330 495 3462 556">
    <p class='ocr_par' dir='ltr' id='par_1_3' title="bbox 3330 495 3462 556">
     <span class='ocr_line' id='line_1_3' title="bbox 3330 495 3462 556; baseline -0.008 0"><span class='ocrx_word' id='word_1_5' title='bbox 3330 495 3462 556; x_wconf 67' lang='lat'><strong>1270</strong></span> 
     </span>
    </p>
   </div>
   <div class='ocr_carea' id='block_1_4' title="bbox 170 600 1774 678">
    <p class='ocr_par' dir='ltr' id='par_1_4' title="bbox 170 600 1771 675">
     <span class='ocr_line' id='line_1_4' title="bbox 170 600 1771 675; baseline -0.001 -17"><span class='ocrx_word' id='word_1_6' title='bbox 170 604 325 675; x_wconf 81' lang='grc' dir='ltr'>ζωῆς</span> <span class='ocrx_word' id='word_1_7' title='bbox 368 604 556 674; x_wconf 74' lang='grc' dir='ltr'>ἡμῶν,</span> <span class='ocrx_word' id='word_1_8' title='bbox 592 605 668 666; x_wconf 83' lang='grc' dir='ltr'><strong>ὡς</strong></span> <span class='ocrx_word' id='word_1_9' title='bbox 715 604 781 672; x_wconf 79' lang='grc' dir='ltr'>τῇ</span> <span class='ocrx_word' id='word_1_10' title='bbox 827 600 1009 672; x_wconf 84' lang='grc' dir='ltr'>ἀγαθῇ</span> <span class='ocrx_word' id='word_1_11' title='bbox 1044 601 1138 655; x_wconf 59' lang='grc' dir='ltr'><strong>καλ⁵</strong></span> <span class='ocrx_word' id='word_1_12' title='bbox 1166 602 1481 675; x_wconf 80' lang='grc' dir='ltr'>φιλαλλήλῳ</span> <span class='ocrx_word' id='word_1_13' title='bbox 1528 604 1771 657; x_wconf 78' lang='grc' dir='ltr'><strong>διαθέσει</strong></span> 
     </span>
    </p>
   </div>
   <div class='ocr_carea' id='block_1_5' title="bbox 1882 600 3461 678">
    <p class='ocr_par' dir='ltr' id='par_1_5' title="bbox 1882 606 3461 678">
     <span class='ocr_line' id='line_1_5' title="bbox 1882 606 3461 678; baseline 0.005 -19"><span class='ocrx_word' id='word_1_14' title='bbox 1882 608 2042 660; x_wconf 84' lang='lat' dir='ltr'><strong>vitam</strong></span> <span class='ocrx_word' id='word_1_15' title='bbox 2063 617 2343 678; x_wconf 84' lang='lat' dir='ltr'><strong>spectant,</strong></span> <span class='ocrx_word' id='word_1_16' title='bbox 2370 606 2836 678; x_wconf 80' lang='lat' dir='ltr'><strong>quemadmodum</strong></span> <span class='ocrx_word' id='word_1_17' title='bbox 2860 622 2926 661; x_wconf 81' lang='lat' dir='ltr'><strong>ex</strong></span> <span class='ocrx_word' id='word_1_18' title='bbox 2950 607 3164 662; x_wconf 88' lang='lat' dir='ltr'><strong>sincera</strong></span> <span class='ocrx_word' id='word_1_19' title='bbox 3190 623 3253 662; x_wconf 90' lang='lat' dir='ltr'><strong>ac</strong></span> <span class='ocrx_word' id='word_1_20' title='bbox 3277 623 3461 667; x_wconf 84' lang='lat' dir='ltr'><strong>mutua</strong></span> 
     </span>
    </p>
   </div>
   <div class='ocr_carea' id='block_1_6' title="bbox 171 699 1775 772">
    <p class='ocr_par' dir='ltr' id='par_1_6' title="bbox 171 699 1775 772">
     <span class='ocr_line' id='line_1_6' title="bbox 171 699 1775 772; baseline -0.003 -17"><span class='ocrx_word' id='word_1_21' title='bbox 171 703 459 772; x_wconf 80' lang='grc' dir='ltr'>χρώμενος</span> <span class='ocrx_word' id='word_1_22' title='bbox 485 702 717 771; x_wconf 72' lang='grc' dir='ltr'>εἴρηκας</span> <span class='ocrx_word' id='word_1_23' title='bbox 737 716 750 730; x_wconf 97' lang='grc'><strong>·</strong></span> <span class='ocrx_word' id='word_1_24' title='bbox 789 700 955 752; x_wconf 82' lang='grc' dir='ltr'>πόσον</span> <span class='ocrx_word' id='word_1_25' title='bbox 986 699 1098 769; x_wconf 81' lang='grc' dir='ltr'>ἐγὼ</span> <span class='ocrx_word' id='word_1_26' title='bbox 1126 702 1154 754; x_wconf 86' lang='grc' dir='ltr'>ὁ</span> <span class='ocrx_word' id='word_1_27' title='bbox 1184 702 1440 765; x_wconf 83' lang='grc' dir='ltr'>ταπεινὸς</span> <span class='ocrx_word' id='word_1_28' title='bbox 1483 701 1775 772; x_wconf 81' lang='grc' dir='ltr'>προθυμη-</span> 
     </span>
    </p>
   </div>
   <div class='ocr_carea' id='block_1_7' title="bbox 172 794 1770 865">
    <p class='ocr_par' dir='ltr' id='par_1_7' title="bbox 172 794 1770 865">
     <span class='ocr_line' id='line_1_7' title="bbox 172 794 1770 865; baseline -0.002 -16"><span class='ocrx_word' id='word_1_29' title='bbox 172 798 329 864; x_wconf 88' lang='grc' dir='ltr'>θείην</span> <span class='ocrx_word' id='word_1_30' title='bbox 377 794 718 848; x_wconf 78' lang='grc' dir='ltr'><strong>ἐπιστέλλειν</strong></span> <span class='ocrx_word' id='word_1_31' title='bbox 763 797 829 864; x_wconf 84' lang='grc' dir='ltr'>τῇ</span> <span class='ocrx_word' id='word_1_32' title='bbox 882 794 1281 865; x_wconf 69' lang='grc' dir='ltr'>ἀνυπερϐλήτῳ</span> <span class='ocrx_word' id='word_1_33' title='bbox 1333 811 1429 846; x_wconf 90' lang='grc' dir='ltr'><strong>σου</strong></span> <span class='ocrx_word' id='word_1_34' title='bbox 1487 795 1770 864; x_wconf 79' lang='grc' dir='ltr'><strong>ὑπεροχῇ·</strong></span> 
     </span>
    </p>
   </div>
   <div class='ocr_carea' id='block_1_8' title="bbox 173 886 1770 957">
    <p class='ocr_par' dir='ltr' id='par_1_8' title="bbox 173 886 1770 957">
     <span class='ocr_line' id='line_1_8' title="bbox 173 886 1770 957; baseline -0.006 -12"><span class='ocrx_word' id='word_1_35' title='bbox 173 893 313 946; x_wconf 61' lang='grc' dir='ltr'>αὐτὸ</span> <span class='ocrx_word' id='word_1_36' title='bbox 362 889 520 941; x_wconf 87' lang='grc' dir='ltr'>τοῦτο</span> <span class='ocrx_word' id='word_1_37' title='bbox 588 886 879 957; x_wconf 77' lang='grc' dir='ltr'><strong>μανθάνων</strong></span> <span class='ocrx_word' id='word_1_38' title='bbox 921 891 1024 947; x_wconf 67' lang='grc' dir='ltr'><strong>τὰς</strong></span> <span class='ocrx_word' id='word_1_39' title='bbox 1072 887 1334 949; x_wconf 76' lang='grc' dir='ltr'>εὐκταίας</span> <span class='ocrx_word' id='word_1_40' title='bbox 1388 886 1581 953; x_wconf 78' lang='grc' dir='ltr'>ὑγείας</span> <span class='ocrx_word' id='word_1_41' title='bbox 1638 902 1770 937; x_wconf 88' lang='grc' dir='ltr'>σου·</span> 
     </span>
    </p>
   </div>
   <div class='ocr_carea' id='block_1_9' title="bbox 173 977 1775 1051">
    <p class='ocr_par' dir='ltr' id='par_1_9' title="bbox 173 977 1775 1051">
     <span class='ocr_line' id='line_1_9' title="bbox 173 977 1775 1051; baseline -0.005 -14"><span class='ocrx_word' id='word_1_42' title='bbox 173 987 276 1040; x_wconf 75' lang='grc' dir='ltr'><strong>καὶ</strong></span> <span class='ocrx_word' id='word_1_43' title='bbox 307 983 481 1037; x_wconf 77' lang='grc' dir='ltr'>δοκῶν</span> <span class='ocrx_word' id='word_1_44' title='bbox 526 982 658 1051; x_wconf 77' lang='grc' dir='ltr'><strong>ὁρᾷν</strong></span> <span class='ocrx_word' id='word_1_45' title='bbox 694 998 792 1033; x_wconf 89' lang='grc' dir='ltr'><strong>σου</strong></span> <span class='ocrx_word' id='word_1_46' title='bbox 833 980 895 1032; x_wconf 74' lang='grc' dir='ltr'>τὸ</span> <span class='ocrx_word' id='word_1_47' title='bbox 944 980 1268 1048; x_wconf 77' lang='grc' dir='ltr'>φιλούμενον</span> <span class='ocrx_word' id='word_1_48' title='bbox 1316 979 1645 1049; x_wconf 81' lang='grc' dir='ltr'>πρόσωπον·</span> <span class='ocrx_word' id='word_1_49' title='bbox 1680 977 1775 1030; x_wconf 73' lang='grc' dir='ltr'><strong>καὶ</strong></span> 
     </span>
    </p>
   </div>
   <div class='ocr_carea' id='block_1_10' title="bbox 173 1073 1774 1145">
    <p class='ocr_par' dir='ltr' id='par_1_10' title="bbox 173 1073 1774 1145">
     <span class='ocr_line' id='line_1_10' title="bbox 173 1073 1774 1145; baseline -0.006 -12"><span class='ocrx_word' id='word_1_50' title='bbox 173 1079 398 1133; x_wconf 77' lang='grc' dir='ltr'>ἀκούειν</span> <span class='ocrx_word' id='word_1_51' title='bbox 424 1094 516 1129; x_wconf 84' lang='grc' dir='ltr'><strong>σου</strong></span> <span class='ocrx_word' id='word_1_52' title='bbox 539 1079 640 1145; x_wconf 79' lang='grc' dir='ltr'><strong>τῆς</strong></span> <span class='ocrx_word' id='word_1_53' title='bbox 665 1075 938 1144; x_wconf 78' lang='grc' dir='ltr'>ἡδυτάτης</span> <span class='ocrx_word' id='word_1_54' title='bbox 966 1075 1148 1143; x_wconf 85' lang='grc' dir='ltr'>φωνῆς</span> <span class='ocrx_word' id='word_1_55' title='bbox 1171 1090 1183 1102; x_wconf 92' lang='grc'><strong>·</strong></span> <span class='ocrx_word' id='word_1_56' title='bbox 1209 1076 1273 1144; x_wconf 84' lang='grc' dir='ltr'>τῇ</span> <span class='ocrx_word' id='word_1_57' title='bbox 1299 1073 1437 1142; x_wconf 75' lang='grc' dir='ltr'>πρὸς</span> <span class='ocrx_word' id='word_1_58' title='bbox 1468 1074 1556 1124; x_wconf 73' lang='grc' dir='ltr'><strong>τὸν</strong></span> <span class='ocrx_word' id='word_1_59' title='bbox 1587 1089 1774 1143; x_wconf 80' lang='grc' dir='ltr'>γραμ-</span> 
     </span>
    </p>
   </div>
   <div class='ocr_carea' id='block_1_11' title="bbox 178 1164 1768 1244">
    <p class='ocr_par' dir='ltr' id='par_1_11' title="bbox 178 1164 1768 1244">
     <span class='ocr_line' id='line_1_11' title="bbox 178 1164 1768 1244; baseline -0.004 -19"><span class='ocrx_word' id='word_1_60' title='bbox 178 1173 500 1244; x_wconf 74' lang='grc' dir='ltr'>ματηφόρον</span> <span class='ocrx_word' id='word_1_61' title='bbox 539 1168 988 1238; x_wconf 77' lang='grc' dir='ltr'>συγκαταϐατικῇ</span> <span class='ocrx_word' id='word_1_62' title='bbox 1035 1166 1225 1237; x_wconf 59' lang='grc' dir='ltr'>ὁμιλίᾳ</span> <span class='ocrx_word' id='word_1_63' title='bbox 1271 1167 1366 1219; x_wconf 74' lang='grc' dir='ltr'><strong>καὶ</strong></span> <span class='ocrx_word' id='word_1_64' title='bbox 1403 1164 1608 1236; x_wconf 72' lang='grc' dir='ltr'>θεωρίᾳ</span> <span class='ocrx_word' id='word_1_65' title='bbox 1641 1167 1768 1219; x_wconf 71' lang='lat' dir='ltr'><strong>sou!</strong></span> 
     </span>
    </p>
   </div>
   <div class='ocr_carea' id='block_1_12' title="bbox 173 1258 1774 1337">
    <p class='ocr_par' dir='ltr' id='par_1_12' title="bbox 173 1258 1774 1337">
     <span class='ocr_line' id='line_1_12' title="bbox 173 1258 1774 1337; baseline -0.031 20"><span class='ocrx_word' id='word_1_66' title='bbox 173 1269 322 1337; x_wconf 68' lang='grc' dir='ltr'><strong>Δέῖῃ</strong></span> <span class='ocrx_word' id='word_1_67' title='bbox 361 1264 475 1334; x_wconf 63' lang='grc' dir='ltr'><strong>γὰρ</strong></span> <span class='ocrx_word' id='word_1_68' title='bbox 525 1263 615 1316; x_wconf 56' lang='grc' dir='ltr'><strong>διὰ</strong></span> <span class='ocrx_word' id='word_1_69' title='bbox 662 1261 797 1314; x_wconf 61' lang='grc' dir='ltr'>θεὸν</span> <span class='ocrx_word' id='word_1_70' title='bbox 840 1260 1252 1329; x_wconf 50' lang='grc' dir='ltr'>εὐμενέστλτα,</span> <span class='ocrx_word' id='word_1_71' title='bbox 1307 1258 1404 1310; x_wconf 71' lang='grc' dir='ltr'><strong>καὶ</strong></span> <span class='ocrx_word' id='word_1_72' title='bbox 1437 1259 1647 1327; x_wconf 75' lang='grc' dir='ltr'>ὁμιλεῖς</span> <span class='ocrx_word' id='word_1_73' title='bbox 1679 1260 1774 1310; x_wconf 81' lang='grc' dir='ltr'>εὑ-</span> 
     </span>
    </p>
   </div>
   <div class='ocr_carea' id='block_1_13' title="bbox 174 1351 1772 1430">
    <p class='ocr_par' dir='ltr' id='par_1_13' title="bbox 174 1351 1772 1430">
     <span class='ocr_line' id='line_1_13' title="bbox 174 1351 1772 1430; baseline -0.004 -19"><span class='ocrx_word' id='word_1_74' title='bbox 174 1363 416 1430; x_wconf 76' lang='grc' dir='ltr'>πρὸσιτα</span> <span class='ocrx_word' id='word_1_75' title='bbox 465 1358 559 1410; x_wconf 68' lang='grc' dir='ltr'>καὶ</span> <span class='ocrx_word' id='word_1_76' title='bbox 606 1355 684 1425; x_wconf 81' lang='grc' dir='ltr'><strong>τῷ</strong></span> <span class='ocrx_word' id='word_1_77' title='bbox 728 1355 965 1424; x_wconf 75' lang='grc' dir='ltr'>τυχόντι.</span> <span class='ocrx_word' id='word_1_78' title='bbox 1025 1354 1123 1415; x_wconf 88' lang='grc' dir='ltr'>Ὃς</span> <span class='ocrx_word' id='word_1_79' title='bbox 1175 1352 1272 1403; x_wconf 66' lang='grc' dir='ltr'><strong>καὶ</strong></span> <span class='ocrx_word' id='word_1_80' title='bbox 1320 1351 1630 1420; x_wconf 74' lang='grc' dir='ltr'>ἀπήγγειλέ</span> <span class='ocrx_word' id='word_1_81' title='bbox 1682 1369 1772 1421; x_wconf 90' lang='grc' dir='ltr'><strong>μοι</strong></span> 
     </span>
    </p>
   </div>
   <div class='ocr_carea' id='block_1_14' title="bbox 174 1442 1774 1518">
    <p class='ocr_par' dir='ltr' id='par_1_14' title="bbox 174 1442 1774 1518">
     <span class='ocr_line' id='line_1_14' title="bbox 174 1442 1774 1518; baseline -0.006 -12"><span class='ocrx_word' id='word_1_82' title='bbox 174 1457 331 1516; x_wconf 75' lang='grc' dir='ltr'>ὅπως</span> <span class='ocrx_word' id='word_1_83' title='bbox 367 1449 787 1518; x_wconf 77' lang='grc' dir='ltr'>ἐπιστυγνάζεις</span> <span class='ocrx_word' id='word_1_84' title='bbox 833 1449 948 1508; x_wconf 85' lang='grc' dir='ltr'>τοῖς</span> <span class='ocrx_word' id='word_1_85' title='bbox 997 1445 1099 1514; x_wconf 79' lang='grc' dir='ltr'><strong>ἤδη</strong></span> <span class='ocrx_word' id='word_1_86' title='bbox 1150 1444 1294 1496; x_wconf 77' lang='grc' dir='ltr'>κατὰ</span> <span class='ocrx_word' id='word_1_87' title='bbox 1344 1442 1444 1502; x_wconf 77' lang='grc' dir='ltr'>τὰς</span> <span class='ocrx_word' id='word_1_88' title='bbox 1498 1443 1774 1513; x_wconf 79' lang='grc' dir='ltr'>ἁμαρτίας</span> 
     </span>
    </p>
   </div>
   <div class='ocr_carea' id='block_1_15' title="bbox 174 1537 1773 1619">
    <p class='ocr_par' dir='ltr' id='par_1_15' title="bbox 174 1537 1773 1619">
     <span class='ocr_line' id='line_1_15' title="bbox 174 1537 1773 1619; baseline -0.008 -18"><span class='ocrx_word' id='word_1_89' title='bbox 174 1548 341 1619; x_wconf 75' lang='grc' dir='ltr'>ἡμῶν</span> <span class='ocrx_word' id='word_1_90' title='bbox 386 1543 822 1614; x_wconf 76' lang='grc' dir='ltr'>τετολμημένοις</span> <span class='ocrx_word' id='word_1_91' title='bbox 844 1558 858 1572; x_wconf 83' lang='grc'><strong>·</strong></span> <span class='ocrx_word' id='word_1_92' title='bbox 899 1539 1126 1602; x_wconf 75' lang='grc' dir='ltr'>στένων,</span> <span class='ocrx_word' id='word_1_93' title='bbox 1165 1537 1262 1591; x_wconf 70' lang='grc' dir='ltr'>καὶ</span> <span class='ocrx_word' id='word_1_94' title='bbox 1294 1537 1477 1604; x_wconf 81' lang='grc' dir='ltr'>ἀλγῶν</span> <span class='ocrx_word' id='word_1_95' title='bbox 1508 1539 1607 1608; x_wconf 75' lang='grc' dir='ltr'><strong>τὴν</strong></span> <span class='ocrx_word' id='word_1_96' title='bbox 1637 1555 1773 1609; x_wconf 87' lang='grc' dir='ltr'>καρ-</span> 
     </span>
    </p>
   </div>
   <div class='ocr_carea' id='block_1_16' title="bbox 172 1630 1773 1708">
    <p class='ocr_par' dir='ltr' id='par_1_16' title="bbox 172 1630 1773 1708">
     <span class='ocr_line' id='line_1_16' title="bbox 172 1630 1773 1708; baseline -0.007 -13"><span class='ocrx_word' id='word_1_97' title='bbox 172 1643 299 1696; x_wconf 83' lang='grc' dir='ltr'>δίαν</span> <span class='ocrx_word' id='word_1_98' title='bbox 329 1641 414 1708; x_wconf 76' lang='grc' dir='ltr'>εφ’</span> <span class='ocrx_word' id='word_1_99' title='bbox 441 1630 658 1706; x_wconf 79' lang='grc' dir='ltr'>ὲκάστῳ</span> <span class='ocrx_word' id='word_1_100' title='bbox 678 1637 787 1688; x_wconf 85' lang='grc' dir='ltr'><strong>τῶν</strong></span> <span class='ocrx_word' id='word_1_101' title='bbox 819 1634 1185 1703; x_wconf 83' lang='grc' dir='ltr'>γιγνομένων.</span> <span class='ocrx_word' id='word_1_102' title='bbox 1220 1633 1328 1685; x_wconf 82' lang='grc' dir='ltr'>Καὶ</span> <span class='ocrx_word' id='word_1_103' title='bbox 1363 1633 1610 1694; x_wconf 81' lang='grc' dir='ltr'>εἰκότως.</span> <span class='ocrx_word' id='word_1_104' title='bbox 1641 1633 1773 1684; x_wconf 75' lang='grc' dir='ltr'><strong>’Λν-</strong></span> 
     </span>
    </p>
   </div>
   <div class='ocr_carea' id='block_1_17' title="bbox 175 1726 1773 1805">
    <p class='ocr_par' dir='ltr' id='par_1_17' title="bbox 175 1726 1773 1805">
     <span class='ocr_line' id='line_1_17' title="bbox 175 1726 1773 1805; baseline -0.007 -16"><span class='ocrx_word' id='word_1_105' title='bbox 175 1739 400 1805; x_wconf 75' lang='grc' dir='ltr'>θρωπος</span> <span class='ocrx_word' id='word_1_106' title='bbox 425 1734 536 1801; x_wconf 79' lang='grc' dir='ltr'>γὰρ</span> <span class='ocrx_word' id='word_1_107' title='bbox 560 1727 610 1783; x_wconf 79' lang='grc' dir='ltr'>εἷ</span> <span class='ocrx_word' id='word_1_108' title='bbox 638 1729 794 1790; x_wconf 90' lang='grc' dir='ltr'>Θεοῦ,</span> <span class='ocrx_word' id='word_1_109' title='bbox 817 1728 940 1780; x_wconf 85' lang='grc' dir='ltr'>νοῦν</span> <span class='ocrx_word' id='word_1_110' title='bbox 971 1727 1109 1797; x_wconf 72' lang='grc' dir='ltr'>ἔχων</span> <span class='ocrx_word' id='word_1_111' title='bbox 1136 1726 1303 1796; x_wconf 65' lang='grc' dir='ltr'>ἱερὸν,</span> <span class='ocrx_word' id='word_1_112' title='bbox 1336 1727 1516 1796; x_wconf 70' lang='grc' dir='ltr'>ψυχὴν</span> <span class='ocrx_word' id='word_1_113' title='bbox 1540 1729 1773 1797; x_wconf 79' lang='grc' dir='ltr'>Χριστο-</span> 
     </span>
    </p>
   </div>
   <div class='ocr_carea' id='block_1_18' title="bbox 174 1819 1771 1900">
    <p class='ocr_par' dir='ltr' id='par_1_18' title="bbox 174 1819 1771 1900">
     <span class='ocr_line' id='line_1_18' title="bbox 174 1819 1771 1900; baseline -0.005 -20"><span class='ocrx_word' id='word_1_114' title='bbox 174 1831 332 1900; x_wconf 84' lang='grc' dir='ltr'>φιλῆ,</span> <span class='ocrx_word' id='word_1_115' title='bbox 363 1825 568 1895; x_wconf 83' lang='grc' dir='ltr'>γνῶσιν</span> <span class='ocrx_word' id='word_1_116' title='bbox 607 1821 851 1889; x_wconf 76' lang='grc' dir='ltr'>θεοτελῆ,</span> <span class='ocrx_word' id='word_1_117' title='bbox 884 1819 1125 1872; x_wconf 83' lang='grc' dir='ltr'>διάνοιαν</span> <span class='ocrx_word' id='word_1_118' title='bbox 1166 1819 1411 1890; x_wconf 78' lang='grc' dir='ltr'>ἐμμελῆ,</span> <span class='ocrx_word' id='word_1_119' title='bbox 1449 1819 1608 1884; x_wconf 68' lang='grc' dir='ltr'>δόξαν</span> <span class='ocrx_word' id='word_1_120' title='bbox 1639 1820 1771 1872; x_wconf 82' lang='grc' dir='ltr'>εἰλι-</span> 
     </span>
    </p>
   </div>
   <div class='ocr_carea' id='block_1_19' title="bbox 173 1912 1774 1993">
    <p class='ocr_par' dir='ltr' id='par_1_19' title="bbox 173 1912 1774 1993">
     <span class='ocr_line' id='line_1_19' title="bbox 173 1912 1774 1993; baseline -0.002 -23"><span class='ocrx_word' id='word_1_121' title='bbox 173 1923 377 1993; x_wconf 77' lang='grc' dir='ltr'>κρινῆ·</span> <span class='ocrx_word' id='word_1_122' title='bbox 435 1922 490 1972; x_wconf 80' lang='grc' dir='ltr'><strong>ἐν</strong></span> <span class='ocrx_word' id='word_1_123' title='bbox 537 1913 618 1980; x_wconf 76' lang='grc' dir='ltr'>οἷς</span> <span class='ocrx_word' id='word_1_124' title='bbox 664 1913 989 1985; x_wconf 74' lang='grc' dir='ltr'>σφαδάζεις,</span> <span class='ocrx_word' id='word_1_125' title='bbox 1045 1913 1118 1984; x_wconf 81' lang='grc' dir='ltr'>μὴ</span> <span class='ocrx_word' id='word_1_126' title='bbox 1170 1913 1470 1982; x_wconf 66' lang='grc' dir='ltr'>δυνάμενος</span> <span class='ocrx_word' id='word_1_127' title='bbox 1507 1912 1774 1983; x_wconf 77' lang='grc' dir='ltr'>βοηθῆσαι</span> 
     </span>
    </p>
   </div>
   <div class='ocr_carea' id='block_1_20' title="bbox 1879 699 3465 770">
    <p class='ocr_par' dir='ltr' id='par_1_20' title="bbox 1879 699 3465 770">
     <span class='ocr_line' id='line_1_20' title="bbox 1879 699 3465 770; baseline 0.003 -17"><span class='ocrx_word' id='word_1_128' title='bbox 1879 699 2148 755; x_wconf 86' lang='lat' dir='ltr'><strong>charitate</strong></span> <span class='ocrx_word' id='word_1_129' title='bbox 2175 701 2497 770; x_wconf 78' lang='lat' dir='ltr'><strong>signiﬁcasti</strong></span> <span class='ocrx_word' id='word_1_130' title='bbox 2520 719 2532 753; x_wconf 87' lang='lat'><strong>:</strong></span> <span class='ocrx_word' id='word_1_131' title='bbox 2559 709 2764 770; x_wconf 87' lang='lat' dir='ltr'><strong>quanta</strong></span> <span class='ocrx_word' id='word_1_132' title='bbox 2781 712 2871 754; x_wconf 90' lang='lat' dir='ltr'><strong>me</strong></span> <span class='ocrx_word' id='word_1_133' title='bbox 2899 701 3160 756; x_wconf 77' lang='lat' dir='ltr'><strong>humilem</strong></span> <span class='ocrx_word' id='word_1_134' title='bbox 3185 703 3465 758; x_wconf 88' lang='lat' dir='ltr'><strong>alacritate</strong></span> 
     </span>
    </p>
   </div>
   <div class='ocr_carea' id='block_1_21' title="bbox 1879 794 3466 860">
    <p class='ocr_par' dir='ltr' id='par_1_21' title="bbox 1879 794 3466 860">
     <span class='ocr_line' id='line_1_21' title="bbox 1879 794 3466 860; baseline 0.006 -16"><span class='ocrx_word' id='word_1_135' title='bbox 1879 807 1974 860; x_wconf 90' lang='lat' dir='ltr'><strong>par</strong></span> <span class='ocrx_word' id='word_1_136' title='bbox 2021 803 2104 847; x_wconf 83' lang='lat' dir='ltr'><strong>est</strong></span> <span class='ocrx_word' id='word_1_137' title='bbox 2152 794 2217 846; x_wconf 88' lang='lat' dir='ltr'><strong>ad</strong></span> <span class='ocrx_word' id='word_1_138' title='bbox 2259 794 2592 847; x_wconf 88' lang='lat' dir='ltr'><strong>eminentem</strong></span> <span class='ocrx_word' id='word_1_139' title='bbox 2643 804 2790 848; x_wconf 90' lang='lat' dir='ltr'><strong>luam</strong></span> <span class='ocrx_word' id='word_1_140' title='bbox 2833 794 3214 849; x_wconf 83' lang='lat' dir='ltr'><strong>excellentiam</strong></span> <span class='ocrx_word' id='word_1_141' title='bbox 3259 795 3466 853; x_wconf 85' lang='lat' dir='ltr'><strong>litteras</strong></span> 
     </span>
    </p>
   </div>
   <div class='ocr_carea' id='block_1_22' title="bbox 1879 884 3471 955">
    <p class='ocr_par' dir='ltr' id='par_1_22' title="bbox 1879 884 3471 955">
     <span class='ocr_line' id='line_1_22' title="bbox 1879 884 3471 955; baseline 0.007 -21"><span class='ocrx_word' id='word_1_142' title='bbox 1879 884 2011 936; x_wconf 85' lang='lat' dir='ltr'><strong>dare</strong></span> <span class='ocrx_word' id='word_1_143' title='bbox 2057 900 2069 935; x_wconf 92' lang='lat'><strong>:</strong></span> <span class='ocrx_word' id='word_1_144' title='bbox 2124 900 2247 938; x_wconf 86' lang='lat' dir='ltr'><strong>cum</strong></span> <span class='ocrx_word' id='word_1_145' title='bbox 2303 887 2405 940; x_wconf 87' lang='lat' dir='ltr'><strong>hoc</strong></span> <span class='ocrx_word' id='word_1_146' title='bbox 2457 887 2634 955; x_wconf 90' lang='lat' dir='ltr'><strong>ipsum</strong></span> <span class='ocrx_word' id='word_1_147' title='bbox 2662 888 2727 941; x_wconf 89' lang='lat' dir='ltr'><strong>de</strong></span> <span class='ocrx_word' id='word_1_148' title='bbox 2756 897 2807 941; x_wconf 91' lang='lat' dir='ltr'><strong>te</strong></span> <span class='ocrx_word' id='word_1_149' title='bbox 2843 887 3084 950; x_wconf 84' lang='lat' dir='ltr'><strong>discam,</strong></span> <span class='ocrx_word' id='word_1_150' title='bbox 3120 888 3259 943; x_wconf 82' lang='lat' dir='ltr'><strong>belle</strong></span> <span class='ocrx_word' id='word_1_151' title='bbox 3295 897 3374 954; x_wconf 89' lang='lat' dir='ltr'><strong>te,</strong></span> <span class='ocrx_word' id='word_1_152' title='bbox 3410 901 3471 945; x_wconf 84' lang='lat' dir='ltr'><strong>ut</strong></span> 
     </span>
    </p>
   </div>
   <div class='ocr_carea' id='block_1_23' title="bbox 1880 977 3469 1048">
    <p class='ocr_par' dir='ltr' id='par_1_23' title="bbox 1880 977 3469 1048">
     <span class='ocr_line' id='line_1_23' title="bbox 1880 977 3469 1048; baseline 0.008 -20"><span class='ocrx_word' id='word_1_153' title='bbox 1880 977 2235 1046; x_wconf 89' lang='lat' dir='ltr'><strong>cupidissime</strong></span> <span class='ocrx_word' id='word_1_154' title='bbox 2278 990 2448 1048; x_wconf 88' lang='lat' dir='ltr'><strong>opto,</strong></span> <span class='ocrx_word' id='word_1_155' title='bbox 2493 982 2725 1035; x_wconf 88' lang='lat' dir='ltr'><strong>valere:</strong></span> <span class='ocrx_word' id='word_1_156' title='bbox 2778 997 2904 1036; x_wconf 89' lang='lat' dir='ltr'><strong>eum</strong></span> <span class='ocrx_word' id='word_1_157' title='bbox 2959 983 3354 1039; x_wconf 81' lang='lat' dir='ltr'><strong>suavissimum</strong></span> <span class='ocrx_word' id='word_1_158' title='bbox 3405 1001 3469 1041; x_wconf 91' lang='lat' dir='ltr'><strong>os</strong></span> 
     </span>
    </p>
   </div>
   <div class='ocr_carea' id='block_1_24' title="bbox 1881 1073 3467 1144">
    <p class='ocr_par' dir='ltr' id='par_1_24' title="bbox 1881 1073 3467 1144">
     <span class='ocr_line' id='line_1_24' title="bbox 1881 1073 3467 1144; baseline 0.007 -22"><span class='ocrx_word' id='word_1_159' title='bbox 1881 1078 2031 1122; x_wconf 89' lang='lat' dir='ltr'><strong>tuum</strong></span> <span class='ocrx_word' id='word_1_160' title='bbox 2091 1073 2282 1125; x_wconf 87' lang='lat' dir='ltr'><strong>videar</strong></span> <span class='ocrx_word' id='word_1_161' title='bbox 2337 1073 2579 1136; x_wconf 88' lang='lat' dir='ltr'><strong>intueri,</strong></span> <span class='ocrx_word' id='word_1_162' title='bbox 2641 1089 2707 1128; x_wconf 91' lang='lat' dir='ltr'><strong>ac</strong></span> <span class='ocrx_word' id='word_1_163' title='bbox 2762 1074 3226 1144; x_wconf 77' lang='lat' dir='ltr'><strong>iucundissimam</strong></span> <span class='ocrx_word' id='word_1_164' title='bbox 3280 1093 3467 1133; x_wconf 89' lang='lat' dir='ltr'><strong>vocem</strong></span> 
     </span>
    </p>
   </div>
   <div class='ocr_carea' id='block_1_25' title="bbox 1880 1165 3468 1241">
    <p class='ocr_par' dir='ltr' id='par_1_25' title="bbox 1880 1165 3468 1241">
     <span class='ocr_line' id='line_1_25' title="bbox 1880 1165 3468 1241; baseline 0.009 -26"><span class='ocrx_word' id='word_1_165' title='bbox 1880 1165 2090 1229; x_wconf 86' lang='lat' dir='ltr'><strong>audire,</strong></span> <span class='ocrx_word' id='word_1_166' title='bbox 2120 1165 2209 1218; x_wconf 91' lang='lat' dir='ltr'><strong>ubi</strong></span> <span class='ocrx_word' id='word_1_167' title='bbox 2233 1166 2634 1221; x_wconf 87' lang='lat' dir='ltr'><strong>humanissimo</strong></span> <span class='ocrx_word' id='word_1_168' title='bbox 2656 1177 2751 1222; x_wconf 91' lang='lat' dir='ltr'><strong>tuo</strong></span> <span class='ocrx_word' id='word_1_169' title='bbox 2774 1170 3016 1240; x_wconf 89' lang='lat' dir='ltr'><strong>alloquio</strong></span> <span class='ocrx_word' id='word_1_170' title='bbox 3038 1182 3329 1241; x_wconf 90' lang='lat' dir='ltr'><strong>etaspectu</strong></span> <span class='ocrx_word' id='word_1_171' title='bbox 3361 1173 3468 1230; x_wconf 82' lang='lat' dir='ltr'><strong>l&#39;rui</strong></span> 
     </span>
    </p>
   </div>
   <div class='ocr_carea' id='block_1_26' title="bbox 1881 1256 3469 1328">
    <p class='ocr_par' dir='ltr' id='par_1_26' title="bbox 1881 1256 3469 1328">
     <span class='ocr_line' id='line_1_26' title="bbox 1881 1256 3469 1328; baseline 0.008 -20"><span class='ocrx_word' id='word_1_172' title='bbox 1881 1256 2165 1313; x_wconf 82' lang='lat' dir='ltr'><strong>tabellario</strong></span> <span class='ocrx_word' id='word_1_173' title='bbox 2199 1267 2392 1312; x_wconf 89' lang='lat' dir='ltr'><strong>nostro</strong></span> <span class='ocrx_word' id='word_1_174' title='bbox 2436 1260 2599 1313; x_wconf 79' lang='lat' dir='ltr'><strong>licet!</strong></span> <span class='ocrx_word' id='word_1_175' title='bbox 2644 1259 2863 1328; x_wconf 80' lang='lat' dir='ltr'><strong>Excipis</strong></span> <span class='ocrx_word' id='word_1_176' title='bbox 2911 1263 3056 1317; x_wconf 89' lang='lat' dir='ltr'><strong>enim</strong></span> <span class='ocrx_word' id='word_1_177' title='bbox 3110 1264 3469 1321; x_wconf 88' lang='lat' dir='ltr'><strong>blandissime</strong></span> 
     </span>
    </p>
   </div>
   <div class='ocr_carea' id='block_1_27' title="bbox 1880 1350 3465 1427">
    <p class='ocr_par' dir='ltr' id='par_1_27' title="bbox 1880 1350 3465 1427">
     <span class='ocr_line' id='line_1_27' title="bbox 1880 1350 3465 1427; baseline 0.008 -25"><span class='ocrx_word' id='word_1_178' title='bbox 1880 1360 2102 1420; x_wconf 82' lang='lat' dir='ltr'><strong>propter</strong></span> <span class='ocrx_word' id='word_1_179' title='bbox 2150 1350 2348 1416; x_wconf 84' lang='lat' dir='ltr'><strong>Deum,</strong></span> <span class='ocrx_word' id='word_1_180' title='bbox 2405 1368 2470 1407; x_wconf 91' lang='lat' dir='ltr'><strong>ac</strong></span> <span class='ocrx_word' id='word_1_181' title='bbox 2519 1353 2783 1408; x_wconf 83' lang='lat' dir='ltr'><strong>benevole</strong></span> <span class='ocrx_word' id='word_1_182' title='bbox 2828 1354 3015 1411; x_wconf 73' lang='lat' dir='ltr'><strong>aﬂaris</strong></span> <span class='ocrx_word' id='word_1_183' title='bbox 3063 1357 3148 1411; x_wconf 93' lang='lat' dir='ltr'><strong>vel</strong></span> <span class='ocrx_word' id='word_1_184' title='bbox 3195 1359 3465 1427; x_wconf 88' lang='lat' dir='ltr'><strong>privatum</strong></span> 
     </span>
    </p>
   </div>
   <div class='ocr_carea' id='block_1_28' title="bbox 1882 1445 3468 1516">
    <p class='ocr_par' dir='ltr' id='par_1_28' title="bbox 1882 1445 3468 1516">
     <span class='ocr_line' id='line_1_28' title="bbox 1882 1445 3468 1516; baseline 0.004 -18"><span class='ocrx_word' id='word_1_185' title='bbox 1882 1445 2207 1514; x_wconf 81' lang='lat' dir='ltr'><strong>quemlibet.</strong></span> <span class='ocrx_word' id='word_1_186' title='bbox 2242 1445 2321 1498; x_wconf 81' lang='lat' dir='ltr'><strong>Ad</strong></span> <span class='ocrx_word' id='word_1_187' title='bbox 2357 1461 2443 1498; x_wconf 90' lang='lat' dir='ltr'><strong>me</strong></span> <span class='ocrx_word' id='word_1_188' title='bbox 2474 1455 2652 1498; x_wconf 78' lang='lat' dir='ltr'><strong>autem</strong></span> <span class='ocrx_word' id='word_1_189' title='bbox 2688 1446 2776 1500; x_wconf 89' lang='lat' dir='ltr'><strong>ille</strong></span> <span class='ocrx_word' id='word_1_190' title='bbox 2811 1448 3036 1509; x_wconf 90' lang='lat' dir='ltr'><strong>retulit,</strong></span> <span class='ocrx_word' id='word_1_191' title='bbox 3079 1463 3240 1516; x_wconf 90' lang='lat' dir='ltr'><strong>quam</strong></span> <span class='ocrx_word' id='word_1_192' title='bbox 3275 1453 3468 1507; x_wconf 90' lang='lat' dir='ltr'><strong>acerbo</strong></span> 
     </span>
    </p>
   </div>
   <div class='ocr_carea' id='block_1_29' title="bbox 1880 1537 3465 1610">
    <p class='ocr_par' dir='ltr' id='par_1_29' title="bbox 1880 1537 3465 1610">
     <span class='ocr_line' id='line_1_29' title="bbox 1880 1537 3465 1610; baseline 0.003 -18"><span class='ocrx_word' id='word_1_193' title='bbox 1880 1537 2066 1592; x_wconf 88' lang='lat' dir='ltr'><strong>animo</strong></span> <span class='ocrx_word' id='word_1_194' title='bbox 2097 1554 2160 1591; x_wconf 90' lang='lat' dir='ltr'><strong>ea</strong></span> <span class='ocrx_word' id='word_1_195' title='bbox 2191 1537 2476 1607; x_wconf 70' lang='lat' dir='ltr'><strong>ferasqtta:</strong></span> <span class='ocrx_word' id='word_1_196' title='bbox 2499 1540 2610 1609; x_wconf 86' lang='lat' dir='ltr'><strong>jam</strong></span> <span class='ocrx_word' id='word_1_197' title='bbox 2639 1539 2737 1601; x_wconf 88' lang='lat' dir='ltr'><strong>illi,</strong></span> <span class='ocrx_word' id='word_1_198' title='bbox 2764 1549 2989 1608; x_wconf 83' lang='lat' dir='ltr'><strong>propter</strong></span> <span class='ocrx_word' id='word_1_199' title='bbox 3014 1551 3236 1610; x_wconf 85' lang='lat' dir='ltr'><strong>peccata</strong></span> <span class='ocrx_word' id='word_1_200' title='bbox 3259 1553 3465 1606; x_wconf 89' lang='lat' dir='ltr'><strong>nostra,</strong></span> 
     </span>
    </p>
   </div>
   <div class='ocr_carea' id='block_1_30' title="bbox 1880 1630 3470 1703">
    <p class='ocr_par' dir='ltr' id='par_1_30' title="bbox 1880 1630 3470 1703">
     <span class='ocr_line' id='line_1_30' title="bbox 1880 1630 3470 1703; baseline 0.003 -19"><span class='ocrx_word' id='word_1_201' title='bbox 1880 1631 2000 1684; x_wconf 85' lang='lat' dir='ltr'><strong>ausi</strong></span> <span class='ocrx_word' id='word_1_202' title='bbox 2040 1639 2172 1684; x_wconf 90' lang='lat' dir='ltr'><strong>sunt</strong></span> <span class='ocrx_word' id='word_1_203' title='bbox 2204 1630 2448 1684; x_wconf 80' lang='lat' dir='ltr'><strong>facinora</strong></span> <span class='ocrx_word' id='word_1_204' title='bbox 2490 1649 2502 1684; x_wconf 93' lang='lat'><strong>:</strong></span> <span class='ocrx_word' id='word_1_205' title='bbox 2540 1631 2910 1701; x_wconf 76' lang='lat' dir='ltr'><strong>ingemiSCens</strong></span> <span class='ocrx_word' id='word_1_206' title='bbox 2937 1671 2952 1696; x_wconf 95' lang='lat'><strong>,</strong></span> <span class='ocrx_word' id='word_1_207' title='bbox 2993 1647 3057 1685; x_wconf 89' lang='lat' dir='ltr'><strong>ac</strong></span> <span class='ocrx_word' id='word_1_208' title='bbox 3096 1632 3324 1701; x_wconf 81' lang='lat' dir='ltr'><strong>singulis</strong></span> <span class='ocrx_word' id='word_1_209' title='bbox 3350 1649 3470 1703; x_wconf 73' lang='lat' dir='ltr'><strong>quze</strong></span> 
     </span>
    </p>
   </div>
   <div class='ocr_carea' id='block_1_31' title="bbox 1879 1725 3470 1783">
    <p class='ocr_par' dir='ltr' id='par_1_31' title="bbox 1879 1725 3470 1783">
     <span class='ocr_line' id='line_1_31' title="bbox 1879 1725 3470 1783; baseline 0.003 -4"><span class='ocrx_word' id='word_1_210' title='bbox 1879 1725 2142 1779; x_wconf 88' lang='lat' dir='ltr'><strong>accidunt</strong></span> <span class='ocrx_word' id='word_1_211' title='bbox 2189 1726 2349 1779; x_wconf 82' lang='lat' dir='ltr'><strong>malis</strong></span> <span class='ocrx_word' id='word_1_212' title='bbox 2378 1725 2624 1780; x_wconf 85' lang='lat' dir='ltr'><strong>oll&#39;ensus</strong></span> <span class='ocrx_word' id='word_1_213' title='bbox 2659 1739 2784 1778; x_wconf 92' lang='lat' dir='ltr'><strong>cum</strong></span> <span class='ocrx_word' id='word_1_214' title='bbox 2822 1725 3020 1780; x_wconf 90' lang='lat' dir='ltr'><strong>intimo</strong></span> <span class='ocrx_word' id='word_1_215' title='bbox 3050 1739 3214 1779; x_wconf 85' lang='lat' dir='ltr'><strong>sensu</strong></span> <span class='ocrx_word' id='word_1_216' title='bbox 3243 1725 3470 1783; x_wconf 87' lang='lat' dir='ltr'><strong>doloris.</strong></span> 
     </span>
    </p>
   </div>
   <div class='ocr_carea' id='block_1_32' title="bbox 1879 1818 3470 1888">
    <p class='ocr_par' dir='ltr' id='par_1_32' title="bbox 1879 1818 3470 1888">
     <span class='ocr_line' id='line_1_32' title="bbox 1879 1818 3470 1888; baseline 0.003 -16"><span class='ocrx_word' id='word_1_217' title='bbox 1879 1819 1947 1873; x_wconf 86' lang='lat' dir='ltr'><strong>Et</strong></span> <span class='ocrx_word' id='word_1_218' title='bbox 1978 1820 2194 1873; x_wconf 86' lang='lat' dir='ltr'><strong>merito.</strong></span> <span class='ocrx_word' id='word_1_219' title='bbox 2240 1818 2377 1872; x_wconf 88' lang='lat' dir='ltr'><strong>Nam</strong></span> <span class='ocrx_word' id='word_1_220' title='bbox 2411 1830 2467 1874; x_wconf 85' lang='lat' dir='ltr'><strong>et</strong></span> <span class='ocrx_word' id='word_1_221' title='bbox 2498 1821 2664 1874; x_wconf 91' lang='lat' dir='ltr'><strong>homo</strong></span> <span class='ocrx_word' id='word_1_222' title='bbox 2697 1819 2790 1874; x_wconf 90' lang='lat' dir='ltr'><strong>Dei</strong></span> <span class='ocrx_word' id='word_1_223' title='bbox 2830 1836 2923 1886; x_wconf 78' lang='lat' dir='ltr'><strong>es,</strong></span> <span class='ocrx_word' id='word_1_224' title='bbox 2962 1819 3050 1874; x_wconf 88' lang='lat' dir='ltr'><strong>cui</strong></span> <span class='ocrx_word' id='word_1_225' title='bbox 3094 1835 3248 1875; x_wconf 89' lang='lat' dir='ltr'><strong>sacra</strong></span> <span class='ocrx_word' id='word_1_226' title='bbox 3283 1837 3470 1888; x_wconf 89' lang='lat' dir='ltr'><strong>mens,</strong></span> 
     </span>
    </p>
   </div>
   <div class='ocr_carea' id='block_1_33' title="bbox 1881 1912 3474 1984">
    <p class='ocr_par' dir='ltr' id='par_1_33' title="bbox 1881 1912 3474 1984">
     <span class='ocr_line' id='line_1_33' title="bbox 1881 1912 3474 1984; baseline 0.004 -20"><span class='ocrx_word' id='word_1_227' title='bbox 1881 1914 2070 1967; x_wconf 87' lang='lat' dir='ltr'><strong>anima</strong></span> <span class='ocrx_word' id='word_1_228' title='bbox 2104 1912 2313 1968; x_wconf 86' lang='lat' dir='ltr'><strong>Christi</strong></span> <span class='ocrx_word' id='word_1_229' title='bbox 2347 1928 2540 1968; x_wconf 86' lang='lat' dir='ltr'><strong>amans</strong></span> <span class='ocrx_word' id='word_1_230' title='bbox 2563 1954 2577 1976; x_wconf 88' lang='lat'><strong>,</strong></span> <span class='ocrx_word' id='word_1_231' title='bbox 2607 1913 2791 1967; x_wconf 90' lang='lat' dir='ltr'><strong>divina</strong></span> <span class='ocrx_word' id='word_1_232' title='bbox 2824 1914 3017 1983; x_wconf 91' lang='lat' dir='ltr'><strong>peritia</strong></span> <span class='ocrx_word' id='word_1_233' title='bbox 3037 1953 3054 1977; x_wconf 85' lang='lat'><strong>,</strong></span> <span class='ocrx_word' id='word_1_234' title='bbox 3083 1915 3474 1984; x_wconf 86' lang='lat' dir='ltr'><strong>circumspecta</strong></span> 
     </span>
    </p>
   </div>
   <div class='ocr_carea' id='block_1_34' title="bbox 172 2004 1774 2084">
    <p class='ocr_par' dir='ltr' id='par_1_34' title="bbox 172 2004 1774 2084">
     <span class='ocr_line' id='line_1_34' title="bbox 172 2004 1774 2084; baseline -0.007 -15"><span class='ocrx_word' id='word_1_235' title='bbox 172 2019 292 2077; x_wconf 79' lang='grc' dir='ltr'>τοῖς</span> <span class='ocrx_word' id='word_1_236' title='bbox 351 2013 673 2084; x_wconf 73' lang='grc' dir='ltr'>πράγμασι,</span> <span class='ocrx_word' id='word_1_237' title='bbox 721 2009 863 2062; x_wconf 71' lang='grc' dir='ltr'>κατὰ</span> <span class='ocrx_word' id='word_1_238' title='bbox 905 2007 968 2060; x_wconf 75' lang='grc' dir='ltr'><strong>τὸ</strong></span> <span class='ocrx_word' id='word_1_239' title='bbox 1021 2006 1244 2068; x_wconf 81' lang='grc' dir='ltr'>εἰωθός·</span> <span class='ocrx_word' id='word_1_240' title='bbox 1298 2004 1414 2059; x_wconf 84' lang='grc' dir='ltr'>ἀλλ’</span> <span class='ocrx_word' id='word_1_241' title='bbox 1449 2005 1592 2075; x_wconf 82' lang='grc' dir='ltr'>ὁρῶν</span> <span class='ocrx_word' id='word_1_242' title='bbox 1632 2004 1774 2058; x_wconf 74' lang='grc' dir='ltr'>οὕτω</span> 
     </span>
    </p>
   </div>
   <div class='ocr_carea' id='block_1_35' title="bbox 1882 2004 3473 2084">
    <p class='ocr_par' dir='ltr' id='par_1_35' title="bbox 1882 2006 3473 2078">
     <span class='ocr_line' id='line_1_35' title="bbox 1882 2006 3473 2078; baseline 0.001 -15"><span class='ocrx_word' id='word_1_243' title='bbox 1882 2009 2181 2078; x_wconf 77' lang='lat' dir='ltr'><strong>cogitatio,</strong></span> <span class='ocrx_word' id='word_1_244' title='bbox 2245 2025 2432 2062; x_wconf 87' lang='lat' dir='ltr'><strong>rerum</strong></span> <span class='ocrx_word' id='word_1_245' title='bbox 2485 2006 2827 2062; x_wconf 80' lang='lat' dir='ltr'><strong>existimatio</strong></span> <span class='ocrx_word' id='word_1_246' title='bbox 2890 2007 3153 2073; x_wconf 87' lang='lat' dir='ltr'><strong>sincera;</strong></span> <span class='ocrx_word' id='word_1_247' title='bbox 3213 2009 3473 2078; x_wconf 88' lang='lat' dir='ltr'><strong>quocirca</strong></span> 
     </span>
    </p>
   </div>
   <div class='ocr_carea' id='block_1_36' title="bbox 173 2097 1769 2170">
    <p class='ocr_par' dir='ltr' id='par_1_36' title="bbox 173 2097 1769 2170">
     <span class='ocr_line' id='line_1_36' title="bbox 173 2097 1769 2170; baseline -0.007 -8"><span class='ocrx_word' id='word_1_248' title='bbox 173 2107 601 2163; x_wconf 76' lang='grc' dir='ltr'>κινδυνεύουσαν</span> <span class='ocrx_word' id='word_1_249' title='bbox 633 2104 734 2169; x_wconf 87' lang='grc' dir='ltr'>τὴν</span> <span class='ocrx_word' id='word_1_250' title='bbox 784 2100 1134 2170; x_wconf 79' lang='grc' dir='ltr'>Ἐκκλησίαν,</span> <span class='ocrx_word' id='word_1_251' title='bbox 1184 2098 1264 2166; x_wconf 74' lang='grc' dir='ltr'><strong>’ἢν</strong></span> <span class='ocrx_word' id='word_1_252' title='bbox 1303 2097 1769 2166; x_wconf 78' lang='grc' dir='ltr'>περιεποιήσατο</span> 
     </span>
    </p>
   </div>
   <div class='ocr_carea' id='block_1_37' title="bbox 172 2189 1770 2267">
    <p class='ocr_par' dir='ltr' id='par_1_37' title="bbox 172 2189 1770 2267">
     <span class='ocr_line' id='line_1_37' title="bbox 172 2189 1770 2267; baseline -0.008 -12"><span class='ocrx_word' id='word_1_253' title='bbox 172 2203 402 2267; x_wconf 66' lang='grc' dir='ltr'>Κύριος</span> <span class='ocrx_word' id='word_1_254' title='bbox 423 2197 535 2251; x_wconf 82' lang='grc' dir='ltr'>,διὰ</span> <span class='ocrx_word' id='word_1_255' title='bbox 581 2195 688 2249; x_wconf 84' lang='grc' dir='ltr'><strong>τοῦ</strong></span> <span class='ocrx_word' id='word_1_256' title='bbox 719 2195 942 2247; x_wconf 78' lang='grc' dir='ltr'>οἰκείου</span> <span class='ocrx_word' id='word_1_257' title='bbox 981 2194 1252 2260; x_wconf 82' lang='grc' dir='ltr'>αἵματος.</span> <span class='ocrx_word' id='word_1_258' title='bbox 1285 2189 1356 2244; x_wconf 83' lang='grc' dir='ltr'>Ὥ</span> <span class='ocrx_word' id='word_1_259' title='bbox 1385 2191 1618 2244; x_wconf 80' lang='grc' dir='ltr'>δέσποτα</span> <span class='ocrx_word' id='word_1_260' title='bbox 1639 2232 1652 2254; x_wconf 94' lang='grc'><strong>,</strong></span> <span class='ocrx_word' id='word_1_261' title='bbox 1691 2193 1770 2253; x_wconf 85' lang='grc' dir='ltr'>εἰς</span> 
     </span>
    </p>
   </div>
   <div class='ocr_carea' id='block_1_38' title="bbox 171 2282 1765 2358">
    <p class='ocr_par' dir='ltr' id='par_1_38' title="bbox 171 2282 1765 2358">
     <span class='ocr_line' id='line_1_38' title="bbox 171 2282 1765 2358; baseline -0.006 -12"><span class='ocrx_word' id='word_1_262' title='bbox 171 2289 269 2346; x_wconf 79' lang='grc' dir='ltr'>οἷα</span> <span class='ocrx_word' id='word_1_263' title='bbox 311 2291 460 2344; x_wconf 76' lang='grc' dir='ltr'>δεινά</span> <span class='ocrx_word' id='word_1_264' title='bbox 508 2288 848 2358; x_wconf 70' lang='grc' dir='ltr'>ἐφθάσαμεν·</span> <span class='ocrx_word' id='word_1_265' title='bbox 887 2285 982 2338; x_wconf 77' lang='grc' dir='ltr'><strong>καὶ</strong></span> <span class='ocrx_word' id='word_1_266' title='bbox 1030 2285 1194 2354; x_wconf 84' lang='grc' dir='ltr'>ἡλίκα</span> <span class='ocrx_word' id='word_1_267' title='bbox 1230 2284 1378 2337; x_wconf 82' lang='grc' dir='ltr'><strong>κακά</strong></span> <span class='ocrx_word' id='word_1_268' title='bbox 1418 2282 1765 2353; x_wconf 75' lang='grc' dir='ltr'>τεθεάμεθαί</span> 
     </span>
    </p>
   </div>
   <div class='ocr_carea' id='block_1_39' title="bbox 188 2375 1772 2453">
    <p class='ocr_par' dir='ltr' id='par_1_39' title="bbox 188 2375 1772 2453">
     <span class='ocr_line' id='line_1_39' title="bbox 188 2375 1772 2453; baseline -0.006 -17"><span class='ocrx_word' id='word_1_269' title='bbox 188 2383 451 2453; x_wconf 69' lang='grc' dir='ltr'>Ἀμοιῦαὶ</span> <span class='ocrx_word' id='word_1_270' title='bbox 473 2380 647 2432; x_wconf 87' lang='grc' dir='ltr'>ταῦτα</span> <span class='ocrx_word' id='word_1_271' title='bbox 672 2377 1054 2448; x_wconf 71' lang='grc' dir='ltr'>προλαϐόντων</span> <span class='ocrx_word' id='word_1_272' title='bbox 1073 2377 1294 2446; x_wconf 79' lang='grc' dir='ltr'>ἀμαρτη</span> <span class='ocrx_word' id='word_1_273' title='bbox 1306 2375 1512 2444; x_wconf 80' lang='grc' dir='ltr'>μάτων.</span> <span class='ocrx_word' id='word_1_274' title='bbox 1551 2375 1772 2444; x_wconf 80' lang='grc' dir='ltr'>Ἐπειδὴ</span> 
     </span>
    </p>
   </div>
   <div class='ocr_carea' id='block_1_40' title="bbox 172 2468 1768 2547">
    <p class='ocr_par' dir='ltr' id='par_1_40' title="bbox 172 2468 1768 2547">
     <span class='ocr_line' id='line_1_40' title="bbox 172 2468 1768 2547; baseline -0.008 -16"><span class='ocrx_word' id='word_1_275' title='bbox 172 2477 291 2547; x_wconf 71' lang='grc' dir='ltr'><strong>γὰρ</strong></span> <span class='ocrx_word' id='word_1_276' title='bbox 336 2477 448 2528; x_wconf 64' lang='grc' dir='ltr'>οὐκ</span> <span class='ocrx_word' id='word_1_277' title='bbox 490 2470 935 2540; x_wconf 76' lang='grc' dir='ltr'>ἐδοκιμάσαμεν</span> <span class='ocrx_word' id='word_1_278' title='bbox 984 2471 1091 2522; x_wconf 77' lang='grc' dir='ltr'><strong>τὸν</strong></span> <span class='ocrx_word' id='word_1_279' title='bbox 1135 2468 1285 2522; x_wconf 85' lang='grc' dir='ltr'>Θεὸν</span> <span class='ocrx_word' id='word_1_280' title='bbox 1313 2469 1479 2537; x_wconf 72' lang='grc' dir='ltr'>ἔχειν</span> <span class='ocrx_word' id='word_1_281' title='bbox 1523 2468 1593 2520; x_wconf 79' lang='grc' dir='ltr'><strong>ἐν</strong></span> <span class='ocrx_word' id='word_1_282' title='bbox 1644 2469 1768 2520; x_wconf 78' lang='grc' dir='ltr'>ἐπι-</span> 
     </span>
    </p>
   </div>
   <div class='ocr_carea' id='block_1_41' title="bbox 174 2561 1774 2642">
    <p class='ocr_par' dir='ltr' id='par_1_41' title="bbox 174 2561 1774 2642">
     <span class='ocr_line' id='line_1_41' title="bbox 174 2561 1774 2642; baseline -0.006 -19"><span class='ocrx_word' id='word_1_283' title='bbox 174 2570 426 2642; x_wconf 74' lang='grc' dir='ltr'>γνώσει,</span> <span class='ocrx_word' id='word_1_284' title='bbox 464 2567 553 2620; x_wconf 81' lang='grc' dir='ltr'>διὰ</span> <span class='ocrx_word' id='word_1_285' title='bbox 583 2564 833 2634; x_wconf 78' lang='grc' dir='ltr'><strong>φυλακῆς</strong></span> <span class='ocrx_word' id='word_1_286' title='bbox 867 2563 974 2616; x_wconf 83' lang='grc' dir='ltr'><strong>τῶν</strong></span> <span class='ocrx_word' id='word_1_287' title='bbox 1002 2562 1236 2616; x_wconf 79' lang='grc' dir='ltr'>ἐντολῶν</span> <span class='ocrx_word' id='word_1_288' title='bbox 1268 2562 1435 2616; x_wconf 80' lang='grc' dir='ltr'>αὑτοῦ</span> <span class='ocrx_word' id='word_1_289' title='bbox 1457 2578 1470 2592; x_wconf 81' lang='lat'><strong><em>°</em></strong></span> <span class='ocrx_word' id='word_1_290' title='bbox 1510 2561 1625 2614; x_wconf 87' lang='grc' dir='ltr'>ἀλλ’</span> <span class='ocrx_word' id='word_1_291' title='bbox 1647 2561 1774 2614; x_wconf 84' lang='grc' dir='ltr'>ἐλύ-</span> 
     </span>
    </p>
   </div>
   <div class='ocr_carea' id='block_1_42' title="bbox 177 2655 1776 2733">
    <p class='ocr_par' dir='ltr' id='par_1_42' title="bbox 177 2655 1776 2733">
     <span class='ocr_line' id='line_1_42' title="bbox 177 2655 1776 2733; baseline -0.007 -16"><span class='ocrx_word' id='word_1_292' title='bbox 177 2681 362 2733; x_wconf 85' lang='grc' dir='ltr'>σαμεν</span> <span class='ocrx_word' id='word_1_293' title='bbox 395 2662 454 2713; x_wconf 80' lang='grc' dir='ltr'><strong>οὐ</strong></span> <span class='ocrx_word' id='word_1_294' title='bbox 492 2659 640 2730; x_wconf 89' lang='grc' dir='ltr'>μίαν,</span> <span class='ocrx_word' id='word_1_295' title='bbox 688 2657 828 2712; x_wconf 73' lang='grc' dir='ltr'>ἀλλὰ</span> <span class='ocrx_word' id='word_1_296' title='bbox 864 2657 960 2708; x_wconf 72' lang='grc' dir='ltr'><strong>καὶ</strong></span> <span class='ocrx_word' id='word_1_297' title='bbox 1017 2657 1240 2718; x_wconf 75' lang='grc' dir='ltr'>πολλὰς,</span> <span class='ocrx_word' id='word_1_298' title='bbox 1272 2656 1364 2707; x_wconf 70' lang='grc' dir='ltr'><strong>καὶ</strong></span> <span class='ocrx_word' id='word_1_299' title='bbox 1406 2655 1512 2726; x_wconf 72' lang='grc' dir='ltr'>ἰδίᾳ</span> <span class='ocrx_word' id='word_1_300' title='bbox 1548 2655 1642 2707; x_wconf 73' lang='grc' dir='ltr'><strong>καὶ</strong></span> <span class='ocrx_word' id='word_1_301' title='bbox 1681 2656 1776 2725; x_wconf 84' lang='grc' dir='ltr'><strong>ὁη-</strong></span> 
     </span>
    </p>
   </div>
   <div class='ocr_carea' id='block_1_43' title="bbox 181 2747 1774 2828">
    <p class='ocr_par' dir='ltr' id='par_1_43' title="bbox 181 2747 1774 2828">
     <span class='ocr_line' id='line_1_43' title="bbox 181 2747 1774 2828; baseline -0.006 -19"><span class='ocrx_word' id='word_1_302' title='bbox 181 2756 354 2828; x_wconf 73' lang='grc' dir='ltr'>μοσία</span> <span class='ocrx_word' id='word_1_303' title='bbox 389 2755 675 2823; x_wconf 84' lang='grc' dir='ltr'>σχίσαντες</span> <span class='ocrx_word' id='word_1_304' title='bbox 706 2751 767 2803; x_wconf 78' lang='grc' dir='ltr'><strong>τὸ</strong></span> <span class='ocrx_word' id='word_1_305' title='bbox 798 2749 1133 2816; x_wconf 72' lang='grc' dir='ltr'>[εὐαγγέλιον</span> <span class='ocrx_word' id='word_1_306' title='bbox 1161 2749 1254 2801; x_wconf 86' lang='grc' dir='ltr'><strong>τοῦ</strong></span> <span class='ocrx_word' id='word_1_307' title='bbox 1281 2748 1518 2818; x_wconf 86' lang='grc' dir='ltr'>Χριστοῦ</span> <span class='ocrx_word' id='word_1_308' title='bbox 1544 2764 1559 2777; x_wconf 88' lang='grc'><strong>·</strong></span> <span class='ocrx_word' id='word_1_309' title='bbox 1594 2747 1774 2811; x_wconf 73' lang='grc' dir='ltr'>οἶσθα,</span> 
     </span>
    </p>
   </div>
   <div class='ocr_carea' id='block_1_44' title="bbox 175 2836 1776 2918">
    <p class='ocr_par' dir='ltr' id='par_1_44' title="bbox 175 2836 1776 2918">
     <span class='ocr_line' id='line_1_44' title="bbox 175 2836 1776 2918; baseline -0.006 -15"><span class='ocrx_word' id='word_1_310' title='bbox 175 2854 209 2903; x_wconf 89' lang='grc' dir='ltr'>ὁ</span> <span class='ocrx_word' id='word_1_311' title='bbox 259 2849 447 2918; x_wconf 78' lang='grc' dir='ltr'>σοφὸς,</span> <span class='ocrx_word' id='word_1_312' title='bbox 500 2846 535 2900; x_wconf 82' lang='grc' dir='ltr'>ἃ</span> <span class='ocrx_word' id='word_1_313' title='bbox 585 2845 764 2901; x_wconf 79' lang='grc' dir='ltr'>λέγω·</span> <span class='ocrx_word' id='word_1_314' title='bbox 803 2843 1124 2912; x_wconf 81' lang='grc' dir='ltr'>παρέδωκεν</span> <span class='ocrx_word' id='word_1_315' title='bbox 1172 2843 1320 2912; x_wconf 77' lang='grc' dir='ltr'>ἡμᾶς</span> <span class='ocrx_word' id='word_1_316' title='bbox 1369 2843 1396 2893; x_wconf 87' lang='grc' dir='ltr'>ὁ</span> <span class='ocrx_word' id='word_1_317' title='bbox 1425 2842 1559 2905; x_wconf 76' lang='grc' dir='ltr'>Θεὸς</span> <span class='ocrx_word' id='word_1_318' title='bbox 1591 2845 1648 2894; x_wconf 82' lang='grc' dir='ltr'><strong>ἐν</strong></span> <span class='ocrx_word' id='word_1_319' title='bbox 1693 2836 1776 2903; x_wconf 79' lang='grc' dir='ltr'>οἷς</span> 
     </span>
    </p>
   </div>
   <div class='ocr_carea' id='block_1_45' title="bbox 175 2933 1773 3009">
    <p class='ocr_par' dir='ltr' id='par_1_45' title="bbox 175 2933 1773 3009">
     <span class='ocr_line' id='line_1_45' title="bbox 175 2933 1773 3009; baseline -0.003 -18"><span class='ocrx_word' id='word_1_320' title='bbox 175 2941 501 3009; x_wconf 74' lang='grc' dir='ltr'>πάσχομεν·</span> <span class='ocrx_word' id='word_1_321' title='bbox 535 2938 634 2989; x_wconf 72' lang='grc' dir='ltr'><strong>ἵνα</strong></span> <span class='ocrx_word' id='word_1_322' title='bbox 660 2936 745 3004; x_wconf 76' lang='grc' dir='ltr'>μὴ</span> <span class='ocrx_word' id='word_1_323' title='bbox 773 2935 894 2988; x_wconf 81' lang='grc' dir='ltr'><strong>σὺν</strong></span> <span class='ocrx_word' id='word_1_324' title='bbox 925 2933 1003 2999; x_wconf 78' lang='grc' dir='ltr'><strong>τῷ</strong></span> <span class='ocrx_word' id='word_1_325' title='bbox 1047 2936 1251 3002; x_wconf 74' lang='grc' dir='ltr'>κόσμῳ</span> <span class='ocrx_word' id='word_1_326' title='bbox 1297 2934 1773 3002; x_wconf 71' lang='grc' dir='ltr'>κατακριθῶμεν·</span> 
     </span>
    </p>
   </div>
   <div class='ocr_carea' id='block_1_46' title="bbox 174 3021 1777 3098">
    <p class='ocr_par' dir='ltr' id='par_1_46' title="bbox 174 3021 1777 3098">
     <span class='ocr_line' id='line_1_46' title="bbox 174 3021 1777 3098; baseline -0.007 -15"><span class='ocrx_word' id='word_1_327' title='bbox 174 3032 349 3098; x_wconf 85' lang='grc' dir='ltr'>καίγε</span> <span class='ocrx_word' id='word_1_328' title='bbox 387 3030 436 3081; x_wconf 84' lang='grc' dir='ltr'>οἱ</span> <span class='ocrx_word' id='word_1_329' title='bbox 461 3027 750 3087; x_wconf 86' lang='grc' dir='ltr'>δοκοῦντες</span> <span class='ocrx_word' id='word_1_330' title='bbox 775 3021 913 3078; x_wconf 79' lang='grc' dir='ltr'>εἶναί</span> <span class='ocrx_word' id='word_1_331' title='bbox 945 3042 1019 3078; x_wconf 89' lang='grc' dir='ltr'><strong>τι.</strong></span> <span class='ocrx_word' id='word_1_332' title='bbox 1049 3024 1212 3075; x_wconf 82' lang='grc' dir='ltr'>Ὥστε</span> <span class='ocrx_word' id='word_1_333' title='bbox 1241 3022 1325 3090; x_wconf 76' lang='grc' dir='ltr'>μὴ</span> <span class='ocrx_word' id='word_1_334' title='bbox 1361 3023 1777 3090; x_wconf 72' lang='grc' dir='ltr'>ὐψούσΟωο-αν</span> 
     </span>
    </p>
   </div>
   <div class='ocr_carea' id='block_1_47' title="bbox 175 3114 1771 3186">
    <p class='ocr_par' dir='ltr' id='par_1_47' title="bbox 175 3114 1771 3186">
     <span class='ocr_line' id='line_1_47' title="bbox 175 3114 1771 3186; baseline -0.009 -8"><span class='ocrx_word' id='word_1_335' title='bbox 175 3127 251 3179; x_wconf 81' lang='grc' dir='ltr'><strong>ἐν</strong></span> <span class='ocrx_word' id='word_1_336' title='bbox 307 3120 545 3186; x_wconf 77' lang='grc' dir='ltr'>ἑαυτοῖς</span> <span class='ocrx_word' id='word_1_337' title='bbox 588 3121 638 3171; x_wconf 76' lang='grc' dir='ltr'><strong>οἱ</strong></span> <span class='ocrx_word' id='word_1_338' title='bbox 691 3117 1050 3178; x_wconf 73' lang='grc' dir='ltr'>ἀσεϐοῦντες,</span> <span class='ocrx_word' id='word_1_339' title='bbox 1104 3117 1178 3178; x_wconf 83' lang='grc' dir='ltr'>ὡς</span> <span class='ocrx_word' id='word_1_340' title='bbox 1236 3115 1344 3183; x_wconf 80' lang='grc' dir='ltr'>ἄρα</span> <span class='ocrx_word' id='word_1_341' title='bbox 1400 3114 1771 3179; x_wconf 78' lang='grc' dir='ltr'>εὐσεϐοῦντες,</span> 
     </span>
    </p>
   </div>
   <div class='ocr_carea' id='block_1_48' title="bbox 175 3206 1774 3278">
    <p class='ocr_par' dir='ltr' id='par_1_48' title="bbox 175 3206 1774 3278">
     <span class='ocr_line' id='line_1_48' title="bbox 175 3206 1774 3278; baseline -0.008 -10"><span class='ocrx_word' id='word_1_342' title='bbox 175 3216 322 3274; x_wconf 65' lang='grc' dir='ltr'>ἀλλὰ</span> <span class='ocrx_word' id='word_1_343' title='bbox 381 3215 476 3266; x_wconf 73' lang='grc' dir='ltr'><strong>καὶ</strong></span> <span class='ocrx_word' id='word_1_344' title='bbox 509 3213 628 3263; x_wconf 89' lang='grc' dir='ltr'>λίαν</span> <span class='ocrx_word' id='word_1_345' title='bbox 676 3210 1099 3278; x_wconf 79' lang='grc' dir='ltr'>γινωσκέτωσαν</span> <span class='ocrx_word' id='word_1_346' title='bbox 1128 3206 1364 3275; x_wconf 73' lang='grc' dir='ltr'>Χριστὸν</span> <span class='ocrx_word' id='word_1_347' title='bbox 1394 3206 1677 3275; x_wconf 78' lang='grc' dir='ltr'>ἀρνεῖσθαι</span> <span class='ocrx_word' id='word_1_348' title='bbox 1707 3210 1774 3275; x_wconf 85' lang='grc' dir='ltr'>τῇ</span> 
     </span>
    </p>
   </div>
   <div class='ocr_carea' id='block_1_49' title="bbox 174 3297 1774 3376">
    <p class='ocr_par' dir='ltr' id='par_1_49' title="bbox 174 3297 1774 3376">
     <span class='ocr_line' id='line_1_49' title="bbox 174 3297 1774 3376; baseline -0.009 -14"><span class='ocrx_word' id='word_1_349' title='bbox 174 3309 444 3376; x_wconf 80' lang='grc' dir='ltr'>ἁθετήσει</span> <span class='ocrx_word' id='word_1_350' title='bbox 473 3305 573 3374; x_wconf 78' lang='grc' dir='ltr'><strong>τῆς</strong></span> <span class='ocrx_word' id='word_1_351' title='bbox 605 3304 807 3371; x_wconf 81' lang='grc' dir='ltr'>σεπτῆς</span> <span class='ocrx_word' id='word_1_352' title='bbox 855 3300 1020 3353; x_wconf 78' lang='grc' dir='ltr'>αὑτοῦ</span> <span class='ocrx_word' id='word_1_353' title='bbox 1065 3300 1272 3360; x_wconf 82' lang='grc' dir='ltr'>εἰκόνος</span> <span class='ocrx_word' id='word_1_354' title='bbox 1295 3339 1307 3358; x_wconf 86' lang='grc'><strong>,</strong></span> <span class='ocrx_word' id='word_1_355' title='bbox 1341 3297 1397 3360; x_wconf 83' lang='grc' dir='ltr'>ὃς</span> <span class='ocrx_word' id='word_1_356' title='bbox 1433 3299 1512 3349; x_wconf 74' lang='grc' dir='ltr'>ἔτι</span> <span class='ocrx_word' id='word_1_357' title='bbox 1539 3297 1774 3349; x_wconf 74' lang='grc' dir='ltr'>ἀναϐάλ-</span> 
     </span>
    </p>
   </div>
   <div class='ocr_carea' id='block_1_50' title="bbox 1879 2097 3471 2169">
    <p class='ocr_par' dir='ltr' id='par_1_50' title="bbox 1879 2097 3471 2169">
     <span class='ocr_line' id='line_1_50' title="bbox 1879 2097 3471 2169; baseline 0.006 -21"><span class='ocrx_word' id='word_1_358' title='bbox 1879 2097 2239 2152; x_wconf 85' lang='lat' dir='ltr'><strong>vehementer</strong></span> <span class='ocrx_word' id='word_1_359' title='bbox 2274 2098 2492 2167; x_wconf 84' lang='lat' dir='ltr'><strong>angeris</strong></span> <span class='ocrx_word' id='word_1_360' title='bbox 2525 2098 2671 2166; x_wconf 91' lang='lat' dir='ltr'><strong>quod</strong></span> <span class='ocrx_word' id='word_1_361' title='bbox 2720 2113 2876 2167; x_wconf 88' lang='lat' dir='ltr'><strong>opem</strong></span> <span class='ocrx_word' id='word_1_362' title='bbox 2912 2097 3056 2152; x_wconf 83' lang='lat' dir='ltr'><strong>ferre</strong></span> <span class='ocrx_word' id='word_1_363' title='bbox 3101 2106 3208 2152; x_wconf 84' lang='lat' dir='ltr'><strong>non</strong></span> <span class='ocrx_word' id='word_1_364' title='bbox 3263 2101 3471 2169; x_wconf 88' lang='lat' dir='ltr'><strong>possis.</strong></span> 
     </span>
    </p>
   </div>
   <div class='ocr_carea' id='block_1_51' title="bbox 1881 2189 3474 2260">
    <p class='ocr_par' dir='ltr' id='par_1_51' title="bbox 1881 2189 3474 2260">
     <span class='ocr_line' id='line_1_51' title="bbox 1881 2189 3474 2260; baseline 0.003 -18"><span class='ocrx_word' id='word_1_365' title='bbox 1881 2198 1938 2242; x_wconf 88' lang='lat' dir='ltr'><strong>ut</strong></span> <span class='ocrx_word' id='word_1_366' title='bbox 1969 2191 2154 2245; x_wconf 89' lang='lat' dir='ltr'><strong>soles:</strong></span> <span class='ocrx_word' id='word_1_367' title='bbox 2194 2189 2497 2245; x_wconf 82' lang='lat' dir='ltr'><strong>Ecclesiam</strong></span> <span class='ocrx_word' id='word_1_368' title='bbox 2532 2200 2714 2245; x_wconf 90' lang='lat' dir='ltr'><strong>autem</strong></span> <span class='ocrx_word' id='word_1_369' title='bbox 2760 2190 2830 2244; x_wconf 91' lang='lat' dir='ltr'><strong>ita</strong></span> <span class='ocrx_word' id='word_1_370' title='bbox 2879 2190 3278 2260; x_wconf 84' lang='lat' dir='ltr'><strong>periclitantem</strong></span> <span class='ocrx_word' id='word_1_371' title='bbox 3316 2191 3474 2247; x_wconf 89' lang='lat' dir='ltr'><strong>intel-</strong></span> 
     </span>
    </p>
   </div>
   <div class='ocr_carea' id='block_1_52' title="bbox 1883 2282 3473 2354">
    <p class='ocr_par' dir='ltr' id='par_1_52' title="bbox 1883 2282 3473 2354">
     <span class='ocr_line' id='line_1_52' title="bbox 1883 2282 3473 2354; baseline 0.006 -22"><span class='ocrx_word' id='word_1_372' title='bbox 1883 2282 2020 2351; x_wconf 83' lang='lat' dir='ltr'><strong>ligas</strong></span> <span class='ocrx_word' id='word_1_373' title='bbox 2045 2322 2060 2344; x_wconf 96' lang='lat'><strong>,</strong></span> <span class='ocrx_word' id='word_1_374' title='bbox 2105 2299 2264 2352; x_wconf 87' lang='lat' dir='ltr'><strong>quam</strong></span> <span class='ocrx_word' id='word_1_375' title='bbox 2309 2283 2568 2336; x_wconf 79' lang='lat' dir='ltr'><strong>Dominus</strong></span> <span class='ocrx_word' id='word_1_376' title='bbox 2595 2284 2874 2353; x_wconf 77' lang='lat' dir='ltr'><strong>acquisivit</strong></span> <span class='ocrx_word' id='word_1_377' title='bbox 2908 2285 3166 2354; x_wconf 77' lang='lat' dir='ltr'><strong>sanguine</strong></span> <span class='ocrx_word' id='word_1_378' title='bbox 3196 2302 3291 2339; x_wconf 75' lang='lat' dir='ltr'><strong>suo</strong></span> <span class='ocrx_word' id='word_1_379' title='bbox 3320 2287 3385 2339; x_wconf 84' lang='grc'><strong><em>⁵³⁵.</em></strong></span> <span class='ocrx_word' id='word_1_380' title='bbox 3428 2285 3473 2341; x_wconf 93' lang='grc'>0</span> 
     </span>
    </p>
   </div>
   <div class='ocr_carea' id='block_1_53' title="bbox 1884 2373 3472 2446">
    <p class='ocr_par' dir='ltr' id='par_1_53' title="bbox 1884 2373 3472 2446">
     <span class='ocr_line' id='line_1_53' title="bbox 1884 2373 3472 2446; baseline 0.005 -22"><span class='ocrx_word' id='word_1_381' title='bbox 1884 2373 2150 2438; x_wconf 85' lang='lat' dir='ltr'><strong>Domine,</strong></span> <span class='ocrx_word' id='word_1_382' title='bbox 2209 2376 2260 2429; x_wconf 93' lang='lat' dir='ltr'><strong>in</strong></span> <span class='ocrx_word' id='word_1_383' title='bbox 2307 2391 2448 2444; x_wconf 91' lang='lat' dir='ltr'><strong>quas</strong></span> <span class='ocrx_word' id='word_1_384' title='bbox 2479 2377 2802 2431; x_wconf 80' lang='lat' dir='ltr'><strong>devenimus</strong></span> <span class='ocrx_word' id='word_1_385' title='bbox 2841 2377 3220 2431; x_wconf 85' lang='lat' dir='ltr'><strong>calamitates!</strong></span> <span class='ocrx_word' id='word_1_386' title='bbox 3273 2388 3472 2446; x_wconf 87' lang='lat' dir='ltr'><strong>quanta</strong></span> 
     </span>
    </p>
   </div>
   <div class='ocr_carea' id='block_1_54' title="bbox 1882 2469 3472 2542">
    <p class='ocr_par' dir='ltr' id='par_1_54' title="bbox 1882 2469 3472 2542">
     <span class='ocr_line' id='line_1_54' title="bbox 1882 2469 3472 2542; baseline 0.003 -22"><span class='ocrx_word' id='word_1_387' title='bbox 1882 2469 2125 2523; x_wconf 88' lang='lat' dir='ltr'><strong>vidimus</strong></span> <span class='ocrx_word' id='word_1_388' title='bbox 2186 2470 2374 2523; x_wconf 80' lang='lat' dir='ltr'><strong>mala!</strong></span> <span class='ocrx_word' id='word_1_389' title='bbox 2434 2469 2616 2531; x_wconf 76' lang='lat' dir='ltr'><strong>Poma,</strong></span> <span class='ocrx_word' id='word_1_390' title='bbox 2655 2471 2772 2525; x_wconf 76' lang='lat' dir='ltr'><strong>haec</strong></span> <span class='ocrx_word' id='word_1_391' title='bbox 2813 2471 2965 2541; x_wconf 87' lang='lat' dir='ltr'><strong>justa</strong></span> <span class='ocrx_word' id='word_1_392' title='bbox 3015 2471 3306 2525; x_wconf 87' lang='lat' dir='ltr'><strong>criminutn</strong></span> <span class='ocrx_word' id='word_1_393' title='bbox 3349 2488 3472 2542; x_wconf 65' lang='lat' dir='ltr'><strong>quae</strong></span> 
     </span>
    </p>
   </div>
   <div class='ocr_carea' id='block_1_55' title="bbox 1885 2563 3469 2634">
    <p class='ocr_par' dir='ltr' id='par_1_55' title="bbox 1885 2563 3469 2634">
     <span class='ocr_line' id='line_1_55' title="bbox 1885 2563 3469 2634; baseline 0.003 -20"><span class='ocrx_word' id='word_1_394' title='bbox 1885 2572 2303 2630; x_wconf 60' lang='lat' dir='ltr'><strong>[\I‘PPCPSSPI‘IIIIL</strong></span> <span class='ocrx_word' id='word_1_395' title='bbox 2331 2563 2786 2634; x_wconf 88' lang='lat' dir='ltr'><strong>Quandoquidem</strong></span> <span class='ocrx_word' id='word_1_396' title='bbox 2819 2563 2966 2617; x_wconf 88' lang='lat' dir='ltr'><strong>enim</strong></span> <span class='ocrx_word' id='word_1_397' title='bbox 3001 2580 3104 2617; x_wconf 84' lang='lat' dir='ltr'><strong>non</strong></span> <span class='ocrx_word' id='word_1_398' title='bbox 3136 2564 3469 2633; x_wconf 72' lang='lat' dir='ltr'><strong>probavimus</strong></span> 
     </span>
    </p>
   </div>
   <div class='ocr_carea' id='block_1_56' title="bbox 1885 2651 3468 2721">
    <p class='ocr_par' dir='ltr' id='par_1_56' title="bbox 1885 2651 3468 2721">
     <span class='ocr_line' id='line_1_56' title="bbox 1885 2651 3468 2721; baseline 0.003 -17"><span class='ocrx_word' id='word_1_399' title='bbox 1885 2651 2056 2705; x_wconf 75' lang='lat' dir='ltr'><strong>Deum</strong></span> <span class='ocrx_word' id='word_1_400' title='bbox 2099 2654 2288 2706; x_wconf 80' lang='lat' dir='ltr'><strong>habere</strong></span> <span class='ocrx_word' id='word_1_401' title='bbox 2335 2656 2387 2706; x_wconf 85' lang='lat' dir='ltr'><strong>in</strong></span> <span class='ocrx_word' id='word_1_402' title='bbox 2420 2655 2613 2708; x_wconf 76' lang='lat' dir='ltr'><strong>notitia</strong></span> <span class='ocrx_word' id='word_1_403' title='bbox 2649 2655 2695 2686; x_wconf 80' lang='grc'><strong>⁵⁸</strong></span> <span class='ocrx_word' id='word_1_404' title='bbox 2725 2698 2740 2721; x_wconf 91' lang='grc'><strong>,</strong></span> <span class='ocrx_word' id='word_1_405' title='bbox 2783 2655 3041 2709; x_wconf 90' lang='lat' dir='ltr'><strong>mandata</strong></span> <span class='ocrx_word' id='word_1_406' title='bbox 3088 2655 3235 2710; x_wconf 91' lang='lat' dir='ltr'><strong>illius</strong></span> <span class='ocrx_word' id='word_1_407' title='bbox 3276 2656 3468 2710; x_wconf 88' lang='lat' dir='ltr'><strong>obser-</strong></span> 
     </span>
    </p>
   </div>
   <div class='ocr_carea' id='block_1_57' title="bbox 1884 2747 3468 2816">
    <p class='ocr_par' dir='ltr' id='par_1_57' title="bbox 1884 2747 3468 2816">
     <span class='ocr_line' id='line_1_57' title="bbox 1884 2747 3468 2816; baseline 0.004 -20"><span class='ocrx_word' id='word_1_408' title='bbox 1884 2753 2110 2808; x_wconf 85' lang='lat' dir='ltr'><strong>vantes;</strong></span> <span class='ocrx_word' id='word_1_409' title='bbox 2147 2747 2240 2798; x_wconf 90' lang='lat' dir='ltr'><strong>sed</strong></span> <span class='ocrx_word' id='word_1_410' title='bbox 2271 2761 2378 2798; x_wconf 92' lang='lat' dir='ltr'><strong>non</strong></span> <span class='ocrx_word' id='word_1_411' title='bbox 2408 2762 2576 2799; x_wconf 88' lang='lat' dir='ltr'><strong>llllllm</strong></span> <span class='ocrx_word' id='word_1_412' title='bbox 2602 2748 2787 2812; x_wconf 88' lang='lat' dir='ltr'><strong>modo,</strong></span> <span class='ocrx_word' id='word_1_413' title='bbox 2818 2761 3002 2801; x_wconf 79' lang='lat' dir='ltr'><strong>verum</strong></span> <span class='ocrx_word' id='word_1_414' title='bbox 3027 2762 3093 2802; x_wconf 81' lang='lat' dir='ltr'><strong>ex</strong></span> <span class='ocrx_word' id='word_1_415' title='bbox 3127 2748 3211 2801; x_wconf 90' lang='lat' dir='ltr'><strong>his</strong></span> <span class='ocrx_word' id='word_1_416' title='bbox 3237 2748 3468 2816; x_wconf 83' lang='lat' dir='ltr'><strong>plurima</strong></span> 
     </span>
    </p>
   </div>
   <div class='ocr_carea' id='block_1_58' title="bbox 1887 2837 3465 2910">
    <p class='ocr_par' dir='ltr' id='par_1_58' title="bbox 1887 2837 3465 2910">
     <span class='ocr_line' id='line_1_58' title="bbox 1887 2837 3465 2910; baseline 0.003 -22"><span class='ocrx_word' id='word_1_417' title='bbox 1887 2837 2256 2904; x_wconf 73' lang='lat' dir='ltr'><strong>neglexitnus,</strong></span> <span class='ocrx_word' id='word_1_418' title='bbox 2311 2848 2365 2891; x_wconf 93' lang='lat' dir='ltr'><strong>et</strong></span> <span class='ocrx_word' id='word_1_419' title='bbox 2420 2839 2676 2908; x_wconf 79' lang='lat' dir='ltr'><strong>privatim</strong></span> <span class='ocrx_word' id='word_1_420' title='bbox 2732 2848 2787 2893; x_wconf 93' lang='lat' dir='ltr'><strong>et</strong></span> <span class='ocrx_word' id='word_1_421' title='bbox 2840 2840 3059 2910; x_wconf 89' lang='lat' dir='ltr'><strong>publice</strong></span> <span class='ocrx_word' id='word_1_422' title='bbox 3117 2838 3465 2910; x_wconf 77' lang='lat' dir='ltr'><strong>Evangelium</strong></span> 
     </span>
    </p>
   </div>
   <div class='ocr_carea' id='block_1_59' title="bbox 1883 2931 3469 3001">
    <p class='ocr_par' dir='ltr' id='par_1_59' title="bbox 1883 2931 3469 3001">
     <span class='ocr_line' id='line_1_59' title="bbox 1883 2931 3469 3001; baseline 0 -16"><span class='ocrx_word' id='word_1_423' title='bbox 1883 2931 2088 2985; x_wconf 68' lang='lat' dir='ltr'><strong>Christi</strong></span> <span class='ocrx_word' id='word_1_424' title='bbox 2146 2931 2501 2998; x_wconf 87' lang='lat' dir='ltr'><strong>scindentes;</strong></span> <span class='ocrx_word' id='word_1_425' title='bbox 2559 2932 2860 3001; x_wconf 82' lang='lat' dir='ltr'><strong>intelligis,</strong></span> <span class='ocrx_word' id='word_1_426' title='bbox 2922 2932 3005 2985; x_wconf 88' lang='lat' dir='ltr'><strong>vir</strong></span> <span class='ocrx_word' id='word_1_427' title='bbox 3048 2932 3298 3000; x_wconf 84' lang='lat' dir='ltr'><strong>sapiens,</strong></span> <span class='ocrx_word' id='word_1_428' title='bbox 3339 2932 3469 3001; x_wconf 89' lang='lat' dir='ltr'><strong>quid</strong></span> 
     </span>
    </p>
   </div>
   <div class='ocr_carea' id='block_1_60' title="bbox 1885 3003 3465 3095">
    <p class='ocr_par' dir='ltr' id='par_1_60' title="bbox 1885 3003 3465 3095">
     <span class='ocr_line' id='line_1_60' title="bbox 1885 3003 3465 3095; baseline 0.002 -20"><span class='ocrx_word' id='word_1_429' title='bbox 1885 3024 2083 3088; x_wconf 84' lang='lat' dir='ltr'><strong>velim;</strong></span> <span class='ocrx_word' id='word_1_430' title='bbox 2133 3024 2342 3079; x_wconf 88' lang='lat' dir='ltr'><strong>idcirco</strong></span> <span class='ocrx_word' id='word_1_431' title='bbox 2373 3026 2592 3079; x_wconf 85' lang='lat' dir='ltr'><strong>tradidit</strong></span> <span class='ocrx_word' id='word_1_432' title='bbox 2631 3041 2733 3080; x_wconf 86' lang='lat' dir='ltr'><strong>nos</strong></span> <span class='ocrx_word' id='word_1_433' title='bbox 2765 3024 2905 3081; x_wconf 90' lang='lat' dir='ltr'><strong>Deus</strong></span> <span class='ocrx_word' id='word_1_434' title='bbox 2950 3025 3034 3080; x_wconf 91' lang='lat' dir='ltr'><strong>his</strong></span> <span class='ocrx_word' id='word_1_435' title='bbox 3060 3041 3180 3095; x_wconf 68' lang='lat' dir='ltr'><strong>quae</strong></span> <span class='ocrx_word' id='word_1_436' title='bbox 3203 3003 3465 3095; x_wconf 76' lang='lat' dir='ltr'><strong>patimur,</strong></span> 
     </span>
    </p>
   </div>
   <div class='ocr_carea' id='block_1_61' title="bbox 1885 3104 3470 3174">
    <p class='ocr_par' dir='ltr' id='par_1_61' title="bbox 1885 3104 3470 3174">
     <span class='ocr_line' id='line_1_61' title="bbox 1885 3104 3470 3174; baseline 0.003 -5"><span class='ocrx_word' id='word_1_437' title='bbox 1885 3126 1940 3169; x_wconf 83' lang='lat' dir='ltr'><strong>ut</strong></span> <span class='ocrx_word' id='word_1_438' title='bbox 1977 3134 2078 3169; x_wconf 82' lang='lat' dir='ltr'><strong>non</strong></span> <span class='ocrx_word' id='word_1_439' title='bbox 2111 3133 2231 3169; x_wconf 79' lang='lat' dir='ltr'><strong>cum</strong></span> <span class='ocrx_word' id='word_1_440' title='bbox 2266 3119 2359 3170; x_wconf 79' lang='lat' dir='ltr'><strong>hoc</strong></span> <span class='ocrx_word' id='word_1_441' title='bbox 2388 3118 2583 3171; x_wconf 83' lang='lat' dir='ltr'><strong>mundo</strong></span> <span class='ocrx_word' id='word_1_442' title='bbox 2602 3104 2982 3172; x_wconf 75' lang='lat' dir='ltr'><strong>damnamur&quot;</strong></span> <span class='ocrx_word' id='word_1_443' title='bbox 3012 3138 3024 3173; x_wconf 90' lang='lat'><strong>:</strong></span> <span class='ocrx_word' id='word_1_444' title='bbox 3067 3120 3170 3174; x_wconf 90' lang='lat' dir='ltr'><strong>etsi</strong></span> <span class='ocrx_word' id='word_1_445' title='bbox 3228 3120 3470 3173; x_wconf 80' lang='lat' dir='ltr'><strong>videmur</strong></span> 
     </span>
    </p>
   </div>
   <div class='ocr_carea' id='block_1_62' title="bbox 1867 3209 3466 3276">
    <p class='ocr_par' dir='ltr' id='par_1_62' title="bbox 1867 3209 3466 3276">
     <span class='ocr_line' id='line_1_62' title="bbox 1867 3209 3466 3276; baseline 0.001 -16"><span class='ocrx_word' id='word_1_446' title='bbox 1867 3209 2086 3276; x_wconf 84' lang='lat' dir='ltr'><strong>.aliquid</strong></span> <span class='ocrx_word' id='word_1_447' title='bbox 2113 3225 2254 3262; x_wconf 82' lang='lat' dir='ltr'><strong>esse.</strong></span> <span class='ocrx_word' id='word_1_448' title='bbox 2290 3210 2662 3274; x_wconf 84' lang='lat' dir='ltr'><strong>Quamobrem</strong></span> <span class='ocrx_word' id='word_1_449' title='bbox 2701 3227 2806 3264; x_wconf 86' lang='lat' dir='ltr'><strong>non</strong></span> <span class='ocrx_word' id='word_1_450' title='bbox 2841 3210 3147 3263; x_wconf 72' lang='lat' dir='ltr'><strong>cxaltentnr</strong></span> <span class='ocrx_word' id='word_1_451' title='bbox 3187 3211 3241 3264; x_wconf 83' lang='lat' dir='ltr'><strong>in</strong></span> <span class='ocrx_word' id='word_1_452' title='bbox 3280 3219 3466 3263; x_wconf 78' lang='lat' dir='ltr'><strong>semet-</strong></span> 
     </span>
    </p>
   </div>
   <div class='ocr_carea' id='block_1_63' title="bbox 1884 3301 3466 3373">
    <p class='ocr_par' dir='ltr' id='par_1_63' title="bbox 1884 3301 3466 3373">
     <span class='ocr_line' id='line_1_63' title="bbox 1884 3301 3466 3373; baseline 0.003 -21"><span class='ocrx_word' id='word_1_453' title='bbox 1884 3301 2011 3369; x_wconf 75' lang='lat' dir='ltr'><strong>ipsis</strong></span> <span class='ocrx_word' id='word_1_454' title='bbox 2041 3301 2084 3331; x_wconf 81' lang='grc'><strong>⁵³</strong></span> <span class='ocrx_word' id='word_1_455' title='bbox 2121 3303 2273 3370; x_wconf 87' lang='lat' dir='ltr'><strong>impii</strong></span> <span class='ocrx_word' id='word_1_456' title='bbox 2308 3343 2321 3365; x_wconf 91' lang='lat'><strong>,</strong></span> <span class='ocrx_word' id='word_1_457' title='bbox 2359 3313 2621 3371; x_wconf 90' lang='lat' dir='ltr'><strong>tanquam</strong></span> <span class='ocrx_word' id='word_1_458' title='bbox 2652 3304 2762 3358; x_wconf 87' lang='lat' dir='ltr'><strong>sint</strong></span> <span class='ocrx_word' id='word_1_459' title='bbox 2799 3303 2989 3372; x_wconf 91' lang='lat' dir='ltr'><strong>utique</strong></span> <span class='ocrx_word' id='word_1_460' title='bbox 3021 3303 3092 3373; x_wconf 91' lang='lat' dir='ltr'><strong>pii</strong></span> <span class='ocrx_word' id='word_1_461' title='bbox 3133 3323 3144 3358; x_wconf 91' lang='lat'>:</span> <span class='ocrx_word' id='word_1_462' title='bbox 3187 3304 3278 3357; x_wconf 88' lang='lat' dir='ltr'><strong>sed</strong></span> <span class='ocrx_word' id='word_1_463' title='bbox 3312 3303 3466 3372; x_wconf 87' lang='lat' dir='ltr'><strong>plane</strong></span> 
     </span>
    </p>
   </div>
   <div class='ocr_carea' id='block_1_64' title="bbox 176 3380 1774 3465">
    <p class='ocr_par' dir='ltr' id='par_1_64' title="bbox 176 3390 1767 3465">
     <span class='ocr_line' id='line_1_64' title="bbox 176 3390 1767 3465; baseline -0.008 -11"><span class='ocrx_word' id='word_1_464' title='bbox 176 3405 340 3454; x_wconf 84' lang='grc' dir='ltr'>λεται</span> <span class='ocrx_word' id='word_1_465' title='bbox 364 3401 656 3465; x_wconf 74' lang='grc' dir='ltr'>ἐπαφεῖναι</span> <span class='ocrx_word' id='word_1_466' title='bbox 688 3398 787 3464; x_wconf 83' lang='grc' dir='ltr'><strong>τὴν</strong></span> <span class='ocrx_word' id='word_1_467' title='bbox 814 3395 1117 3463; x_wconf 78' lang='grc' dir='ltr'>ἐκδίκησιν,</span> <span class='ocrx_word' id='word_1_468' title='bbox 1152 3393 1328 3459; x_wconf 83' lang='grc' dir='ltr'>φειδοῖ</span> <span class='ocrx_word' id='word_1_469' title='bbox 1373 3390 1466 3442; x_wconf 73' lang='grc' dir='ltr'><strong>καὶ</strong></span> <span class='ocrx_word' id='word_1_470' title='bbox 1508 3390 1643 3459; x_wconf 78' lang='grc' dir='ltr'><strong>ἐλέῳ</strong></span> <span class='ocrx_word' id='word_1_471' title='bbox 1678 3407 1767 3460; x_wconf 82' lang='grc' dir='ltr'>φι-</span> 
     </span>
    </p>
   </div>
   <div class='ocr_carea' id='block_1_65' title="bbox 1882 3380 3464 3465">
    <p class='ocr_par' dir='ltr' id='par_1_65' title="bbox 1882 3393 3464 3464">
     <span class='ocr_line' id='line_1_65' title="bbox 1882 3393 3464 3464; baseline 0.004 -20"><span class='ocrx_word' id='word_1_472' title='bbox 1882 3393 2189 3460; x_wconf 71' lang='lat' dir='ltr'><strong>iutelligant</strong></span> <span class='ocrx_word' id='word_1_473' title='bbox 2239 3397 2427 3464; x_wconf 84' lang='lat' dir='ltr'><strong>negari</strong></span> <span class='ocrx_word' id='word_1_474' title='bbox 2476 3397 2800 3458; x_wconf 89' lang='lat' dir='ltr'><strong>Christum,</strong></span> <span class='ocrx_word' id='word_1_475' title='bbox 2844 3397 2935 3450; x_wconf 91' lang='lat' dir='ltr'><strong>ubi</strong></span> <span class='ocrx_word' id='word_1_476' title='bbox 2989 3396 3298 3450; x_wconf 87' lang='lat' dir='ltr'><strong>veneranda</strong></span> <span class='ocrx_word' id='word_1_477' title='bbox 3346 3395 3464 3464; x_wconf 87' lang='lat' dir='ltr'><strong>ejus</strong></span> 
     </span>
    </p>
   </div>
   <div class='ocr_carea' id='block_1_66' title="bbox 176 3482 1778 3564">
    <p class='ocr_par' dir='ltr' id='par_1_66' title="bbox 176 3482 1778 3564">
     <span class='ocr_line' id='line_1_66' title="bbox 176 3482 1778 3564; baseline -0.008 -16"><span class='ocrx_word' id='word_1_478' title='bbox 176 3493 539 3564; x_wconf 80' lang='grc' dir='ltr'>λανθρωπίας</span> <span class='ocrx_word' id='word_1_479' title='bbox 571 3491 664 3544; x_wconf 70' lang='grc' dir='ltr'><strong>καὶ</strong></span> <span class='ocrx_word' id='word_1_480' title='bbox 714 3487 1008 3556; x_wconf 85' lang='grc' dir='ltr'>μετανοίας</span> <span class='ocrx_word' id='word_1_481' title='bbox 1029 3504 1042 3516; x_wconf 89' lang='grc'><strong>·</strong></span> <span class='ocrx_word' id='word_1_482' title='bbox 1077 3482 1186 3537; x_wconf 79' lang='grc' dir='ltr'>οἶδε</span> <span class='ocrx_word' id='word_1_483' title='bbox 1217 3485 1270 3536; x_wconf 84' lang='grc' dir='ltr'><strong>δὲ</strong></span> <span class='ocrx_word' id='word_1_484' title='bbox 1307 3485 1362 3535; x_wconf 81' lang='grc' dir='ltr'><strong>ἐν</strong></span> <span class='ocrx_word' id='word_1_485' title='bbox 1393 3484 1533 3535; x_wconf 79' lang='grc' dir='ltr'>τέλει</span> <span class='ocrx_word' id='word_1_486' title='bbox 1564 3485 1778 3550; x_wconf 86' lang='grc' dir='ltr'>ἀμυνα-</span> 
     </span>
    </p>
   </div>
   <div class='ocr_carea' id='block_1_67' title="bbox 179 3574 1776 3651">
    <p class='ocr_par' dir='ltr' id='par_1_67' title="bbox 179 3574 1776 3651">
     <span class='ocr_line' id='line_1_67' title="bbox 179 3574 1776 3651; baseline -0.01 -10"><span class='ocrx_word' id='word_1_487' title='bbox 179 3590 310 3641; x_wconf 81' lang='grc' dir='ltr'>σθαι</span> <span class='ocrx_word' id='word_1_488' title='bbox 345 3588 470 3648; x_wconf 72' lang='grc' dir='ltr'>τοὺς</span> <span class='ocrx_word' id='word_1_489' title='bbox 523 3581 979 3651; x_wconf 76' lang='grc' dir='ltr'>ὰνεπιστρόφους,</span> <span class='ocrx_word' id='word_1_490' title='bbox 1014 3579 1184 3638; x_wconf 70' lang='grc' dir='ltr'>Αὐτὸς</span> <span class='ocrx_word' id='word_1_491' title='bbox 1216 3576 1309 3629; x_wconf 84' lang='grc' dir='ltr'><strong>οῦν</strong></span> <span class='ocrx_word' id='word_1_492' title='bbox 1341 3576 1667 3644; x_wconf 80' lang='grc' dir='ltr'>προσεύχου,</span> <span class='ocrx_word' id='word_1_493' title='bbox 1701 3574 1776 3638; x_wconf 77' lang='grc' dir='ltr'>ὡς</span> 
     </span>
    </p>
   </div>
   <div class='ocr_carea' id='block_1_68' title="bbox 177 3668 1776 3749">
    <p class='ocr_par' dir='ltr' id='par_1_68' title="bbox 177 3668 1776 3749">
     <span class='ocr_line' id='line_1_68' title="bbox 177 3668 1776 3749; baseline -0.01 -15"><span class='ocrx_word' id='word_1_494' title='bbox 177 3679 464 3749; x_wconf 83' lang='grc' dir='ltr'>Θεοφιλὴς,</span> <span class='ocrx_word' id='word_1_495' title='bbox 501 3678 605 3747; x_wconf 76' lang='grc' dir='ltr'><strong>τὴν</strong></span> <span class='ocrx_word' id='word_1_496' title='bbox 635 3675 743 3727; x_wconf 84' lang='grc' dir='ltr'><strong>τῶν</strong></span> <span class='ocrx_word' id='word_1_497' title='bbox 786 3671 1067 3742; x_wconf 81' lang='grc' dir='ltr'>δυσχερῶν</span> <span class='ocrx_word' id='word_1_498' title='bbox 1113 3670 1287 3722; x_wconf 89' lang='grc' dir='ltr'>λύσιν.</span> <span class='ocrx_word' id='word_1_499' title='bbox 1337 3668 1497 3720; x_wconf 85' lang='grc' dir='ltr'><strong>Ἀλλά</strong></span> <span class='ocrx_word' id='word_1_500' title='bbox 1533 3668 1606 3737; x_wconf 85' lang='grc' dir='ltr'>μὴ</span> <span class='ocrx_word' id='word_1_501' title='bbox 1646 3670 1776 3737; x_wconf 78' lang='grc' dir='ltr'>ἡμῖν</span> 
     </span>
    </p>
   </div>
   <div class='ocr_carea' id='block_1_69' title="bbox 175 3760 1775 3843">
    <p class='ocr_par' dir='ltr' id='par_1_69' title="bbox 175 3760 1775 3843">
     <span class='ocr_line' id='line_1_69' title="bbox 175 3760 1775 3843; baseline -0.009 -17"><span class='ocrx_word' id='word_1_502' title='bbox 175 3775 485 3843; x_wconf 80' lang='grc' dir='ltr'>ἐπίτρεπε·</span> <span class='ocrx_word' id='word_1_503' title='bbox 535 3769 584 3822; x_wconf 80' lang='grc' dir='ltr'>οἳ</span> <span class='ocrx_word' id='word_1_504' title='bbox 639 3770 738 3821; x_wconf 81' lang='grc' dir='ltr'><strong>ούκ</strong></span> <span class='ocrx_word' id='word_1_505' title='bbox 775 3765 1056 3837; x_wconf 64' lang='grc' dir='ltr'>ἀρκοῦμεν</span> <span class='ocrx_word' id='word_1_506' title='bbox 1105 3763 1209 3815; x_wconf 78' lang='grc' dir='ltr'>κᾶν</span> <span class='ocrx_word' id='word_1_507' title='bbox 1243 3761 1373 3831; x_wconf 80' lang='grc' dir='ltr'>περὶ</span> <span class='ocrx_word' id='word_1_508' title='bbox 1403 3760 1511 3813; x_wconf 81' lang='grc' dir='ltr'>τῶν</span> <span class='ocrx_word' id='word_1_509' title='bbox 1559 3761 1775 3813; x_wconf 84' lang='grc' dir='ltr'>οἰκείων</span> 
     </span>
    </p>
   </div>
   <div class='ocr_carea' id='block_1_70' title="bbox 177 3856 1772 3936">
    <p class='ocr_par' dir='ltr' id='par_1_70' title="bbox 177 3856 1772 3936">
     <span class='ocr_line' id='line_1_70' title="bbox 177 3856 1772 3936; baseline -0.009 -14"><span class='ocrx_word' id='word_1_510' title='bbox 177 3865 476 3936; x_wconf 74' lang='grc' dir='ltr'>ἁμαρτιῶν</span> <span class='ocrx_word' id='word_1_511' title='bbox 521 3861 859 3927; x_wconf 78' lang='grc' dir='ltr'>ὲξιλεοῦσθαι</span> <span class='ocrx_word' id='word_1_512' title='bbox 905 3858 997 3911; x_wconf 76' lang='grc' dir='ltr'>τὸν</span> <span class='ocrx_word' id='word_1_513' title='bbox 1027 3857 1230 3926; x_wconf 81' lang='grc' dir='ltr'>ἀγαθὸν</span> <span class='ocrx_word' id='word_1_514' title='bbox 1264 3856 1417 3910; x_wconf 79' lang='grc' dir='ltr'>Θεόν.</span> <span class='ocrx_word' id='word_1_515' title='bbox 1473 3856 1662 3926; x_wconf 85' lang='grc' dir='ltr'>Ὅμως</span> <span class='ocrx_word' id='word_1_516' title='bbox 1690 3857 1772 3909; x_wconf 82' lang='grc' dir='ltr'><strong>ὅτι</strong></span> 
     </span>
    </p>
   </div>
   <div class='ocr_carea' id='block_1_71' title="bbox 177 3949 826 4022">
    <p class='ocr_par' dir='ltr' id='par_1_71' title="bbox 177 3949 826 4022">
     <span class='ocr_line' id='line_1_71' title="bbox 177 3949 826 4022; baseline -0.008 -15"><span class='ocrx_word' id='word_1_517' title='bbox 177 3955 280 4007; x_wconf 75' lang='grc' dir='ltr'><strong>καὶ</strong></span> <span class='ocrx_word' id='word_1_518' title='bbox 311 3956 474 4022; x_wconf 80' lang='grc' dir='ltr'>ἡμεῖς</span> <span class='ocrx_word' id='word_1_519' title='bbox 505 3949 656 4004; x_wconf 83' lang='grc' dir='ltr'>αίτού</span> <span class='ocrx_word' id='word_1_520' title='bbox 667 3949 826 4020; x_wconf 88' lang='grc' dir='ltr'>μεθα.</span> 
     </span>
    </p>
   </div>
   <div class='ocr_carea' id='block_1_72' title="bbox 1879 3485 3463 3558">
    <p class='ocr_par' dir='ltr' id='par_1_72' title="bbox 1879 3485 3463 3558">
     <span class='ocr_line' id='line_1_72' title="bbox 1879 3485 3463 3558; baseline 0.003 -21"><span class='ocrx_word' id='word_1_521' title='bbox 1879 3485 2061 3555; x_wconf 71' lang='lat' dir='ltr'><strong>imago</strong></span> <span class='ocrx_word' id='word_1_522' title='bbox 2093 3488 2390 3556; x_wconf 82' lang='lat' dir='ltr'><strong>abrogatur</strong></span> <span class='ocrx_word' id='word_1_523' title='bbox 2419 3505 2430 3540; x_wconf 95' lang='lat'>:</span> <span class='ocrx_word' id='word_1_524' title='bbox 2478 3489 2570 3558; x_wconf 92' lang='lat' dir='ltr'><strong>qui</strong></span> <span class='ocrx_word' id='word_1_525' title='bbox 2604 3489 2968 3544; x_wconf 85' lang='lat' dir='ltr'><strong>nihilominus</strong></span> <span class='ocrx_word' id='word_1_526' title='bbox 3010 3489 3213 3543; x_wconf 81' lang='lat' dir='ltr'><strong>inferre</strong></span> <span class='ocrx_word' id='word_1_527' title='bbox 3247 3504 3463 3558; x_wconf 67' lang='lat' dir='ltr'><strong>poenam</strong></span> 
     </span>
    </p>
   </div>
   <div class='ocr_carea' id='block_1_73' title="bbox 1876 3583 3465 3654">
    <p class='ocr_par' dir='ltr' id='par_1_73' title="bbox 1876 3583 3465 3654">
     <span class='ocr_line' id='line_1_73' title="bbox 1876 3583 3465 3654; baseline 0.003 -22"><span class='ocrx_word' id='word_1_528' title='bbox 1876 3591 2173 3635; x_wconf 84' lang='lat' dir='ltr'><strong>cunctatur</strong></span> <span class='ocrx_word' id='word_1_529' title='bbox 2220 3600 2286 3636; x_wconf 79' lang='lat' dir='ltr'><strong>ex</strong></span> <span class='ocrx_word' id='word_1_530' title='bbox 2322 3585 2657 3654; x_wconf 86' lang='lat' dir='ltr'><strong>benignitate</strong></span> <span class='ocrx_word' id='word_1_531' title='bbox 2690 3600 2818 3654; x_wconf 81' lang='lat' dir='ltr'><strong>erga</strong></span> <span class='ocrx_word' id='word_1_532' title='bbox 2854 3586 3108 3641; x_wconf 86' lang='lat' dir='ltr'><strong>homines</strong></span> <span class='ocrx_word' id='word_1_533' title='bbox 3145 3601 3208 3639; x_wconf 91' lang='lat' dir='ltr'><strong>ac</strong></span> <span class='ocrx_word' id='word_1_534' title='bbox 3250 3583 3465 3639; x_wconf 50' lang='lat' dir='ltr'><strong>miseri‘</strong></span> 
     </span>
    </p>
   </div>
   <div class='ocr_carea' id='block_1_74' title="bbox 1875 3675 3466 3748">
    <p class='ocr_par' dir='ltr' id='par_1_74' title="bbox 1875 3675 3466 3748">
     <span class='ocr_line' id='line_1_74' title="bbox 1875 3675 3466 3748; baseline 0.002 -21"><span class='ocrx_word' id='word_1_535' title='bbox 1875 3675 2086 3738; x_wconf 90' lang='lat' dir='ltr'><strong>cordia,</strong></span> <span class='ocrx_word' id='word_1_536' title='bbox 2118 3685 2287 3745; x_wconf 89' lang='lat' dir='ltr'><strong>utque</strong></span> <span class='ocrx_word' id='word_1_537' title='bbox 2322 3678 2446 3731; x_wconf 87' lang='lat' dir='ltr'><strong>illos</strong></span> <span class='ocrx_word' id='word_1_538' title='bbox 2482 3679 2549 3731; x_wconf 90' lang='lat' dir='ltr'><strong>ad</strong></span> <span class='ocrx_word' id='word_1_539' title='bbox 2583 3679 2961 3748; x_wconf 66' lang='lat' dir='ltr'><strong>paenitentiam</strong></span> <span class='ocrx_word' id='word_1_540' title='bbox 3002 3679 3275 3734; x_wconf 85' lang='lat' dir='ltr'><strong>adducat:</strong></span> <span class='ocrx_word' id='word_1_541' title='bbox 3315 3677 3466 3732; x_wconf 83' lang='lat' dir='ltr'><strong>n0vit</strong></span> 
     </span>
    </p>
   </div>
   <div class='ocr_carea' id='block_1_75' title="bbox 1876 3769 3462 3841">
    <p class='ocr_par' dir='ltr' id='par_1_75' title="bbox 1876 3769 3462 3841">
     <span class='ocr_line' id='line_1_75' title="bbox 1876 3769 3462 3841; baseline 0.003 -23"><span class='ocrx_word' id='word_1_542' title='bbox 1876 3774 2058 3820; x_wconf 86' lang='lat' dir='ltr'><strong>autem</strong></span> <span class='ocrx_word' id='word_1_543' title='bbox 2085 3769 2228 3824; x_wconf 88' lang='lat' dir='ltr'><strong>malo</strong></span> <span class='ocrx_word' id='word_1_544' title='bbox 2256 3770 2478 3824; x_wconf 88' lang='lat' dir='ltr'><strong>demum</strong></span> <span class='ocrx_word' id='word_1_545' title='bbox 2505 3769 2722 3826; x_wconf 82' lang='lat' dir='ltr'><strong>aﬂicere</strong></span> <span class='ocrx_word' id='word_1_546' title='bbox 2738 3787 2832 3826; x_wconf 88' lang='lat' dir='ltr'><strong>eos</strong></span> <span class='ocrx_word' id='word_1_547' title='bbox 2856 3771 2948 3841; x_wconf 91' lang='lat' dir='ltr'><strong>qui</strong></span> <span class='ocrx_word' id='word_1_548' title='bbox 2972 3787 3079 3824; x_wconf 92' lang='lat' dir='ltr'><strong>non</strong></span> <span class='ocrx_word' id='word_1_549' title='bbox 3113 3771 3462 3840; x_wconf 88' lang='lat' dir='ltr'><strong>resipiscunt.</strong></span> 
     </span>
    </p>
   </div>
   <div class='ocr_carea' id='block_1_76' title="bbox 1880 3859 3465 3935">
    <p class='ocr_par' dir='ltr' id='par_1_76' title="bbox 1880 3859 3465 3935">
     <span class='ocr_line' id='line_1_76' title="bbox 1880 3859 3465 3935; baseline -0.013 -2"><span class='ocrx_word' id='word_1_550' title='bbox 1880 3859 1960 3912; x_wconf 78' lang='grc' dir='ltr'><strong>Τυ</strong></span> <span class='ocrx_word' id='word_1_551' title='bbox 1994 3861 2160 3931; x_wconf 66' lang='grc' dir='ltr'>ἱείιυιν</span> <span class='ocrx_word' id='word_1_552' title='bbox 2183 3905 2196 3927; x_wconf 90' lang='grc'><em>,</em></span> <span class='ocrx_word' id='word_1_553' title='bbox 2234 3865 2438 3935; x_wconf 88' lang='lat' dir='ltr'><strong>quippe</strong></span> <span class='ocrx_word' id='word_1_554' title='bbox 2471 3863 2582 3920; x_wconf 88' lang='lat' dir='ltr'><strong>Deo</strong></span> <span class='ocrx_word' id='word_1_555' title='bbox 2607 3875 2831 3935; x_wconf 80' lang='lat' dir='ltr'><strong>gratus,</strong></span> <span class='ocrx_word' id='word_1_556' title='bbox 2863 3879 3234 3919; x_wconf 58' lang='lat' dir='ltr'><strong>aerumnarum</strong></span> <span class='ocrx_word' id='word_1_557' title='bbox 3265 3862 3465 3917; x_wconf 90' lang='lat' dir='ltr'><strong>libera-</strong></span> 
     </span>
    </p>
   </div>
   <div class='ocr_carea' id='block_1_77' title="bbox 1884 3953 3465 4025">
    <p class='ocr_par' dir='ltr' id='par_1_77' title="bbox 1884 3953 3465 4025">
     <span class='ocr_line' id='line_1_77' title="bbox 1884 3953 3465 4025; baseline 0.001 -20"><span class='ocrx_word' id='word_1_558' title='bbox 1884 3953 2088 4008; x_wconf 87' lang='lat' dir='ltr'><strong>tionem</strong></span> <span class='ocrx_word' id='word_1_559' title='bbox 2126 3959 2382 4025; x_wconf 90' lang='lat' dir='ltr'><strong>precibus</strong></span> <span class='ocrx_word' id='word_1_560' title='bbox 2419 3974 2608 4013; x_wconf 80' lang='lat' dir='ltr'><strong>exora.</strong></span> <span class='ocrx_word' id='word_1_561' title='bbox 2665 3957 2773 4012; x_wconf 90' lang='lat' dir='ltr'><strong>Sed</strong></span> <span class='ocrx_word' id='word_1_562' title='bbox 2825 3959 2936 4012; x_wconf 87' lang='lat' dir='ltr'><strong>noli</strong></span> <span class='ocrx_word' id='word_1_563' title='bbox 2990 3958 3092 4012; x_wconf 83' lang='lat' dir='ltr'><strong>has</strong></span> <span class='ocrx_word' id='word_1_564' title='bbox 3127 3957 3282 4011; x_wconf 89' lang='lat' dir='ltr'><strong>nobis</strong></span> <span class='ocrx_word' id='word_1_565' title='bbox 3321 3955 3465 4009; x_wconf 88' lang='lat' dir='ltr'><strong>vices</strong></span> 
     </span>
    </p>
   </div>
   <div class='ocr_carea' id='block_1_78' title="bbox 180 4040 1774 4124">
    <p class='ocr_par' dir='ltr' id='par_1_78' title="bbox 180 4040 1774 4113">
     <span class='ocr_line' id='line_1_78' title="bbox 180 4040 1774 4113; baseline -0.003 -13"><span class='ocrx_word' id='word_1_566' title='bbox 180 4048 486 4106; x_wconf 82' lang='lat' dir='ltr'><strong>mandare.</strong></span> <span class='ocrx_word' id='word_1_567' title='bbox 545 4044 636 4113; x_wconf 89' lang='lat' dir='ltr'><strong>qui</strong></span> <span class='ocrx_word' id='word_1_568' title='bbox 685 4043 774 4096; x_wconf 81' lang='lat' dir='ltr'><strong>vix</strong></span> <span class='ocrx_word' id='word_1_569' title='bbox 828 4056 987 4111; x_wconf 89' lang='lat' dir='ltr'><strong>pares</strong></span> <span class='ocrx_word' id='word_1_570' title='bbox 1022 4057 1215 4096; x_wconf 91' lang='lat' dir='ltr'><strong>sumus</strong></span> <span class='ocrx_word' id='word_1_571' title='bbox 1251 4041 1518 4111; x_wconf 88' lang='lat' dir='ltr'><strong>placando</strong></span> <span class='ocrx_word' id='word_1_572' title='bbox 1561 4040 1646 4095; x_wconf 91' lang='lat' dir='ltr'><strong>vel</strong></span> <span class='ocrx_word' id='word_1_573' title='bbox 1681 4057 1774 4112; x_wconf 90' lang='lat' dir='ltr'><strong>pro</strong></span> 
     </span>
    </p>
   </div>
   <div class='ocr_carea' id='block_1_79' title="bbox 1882 4040 3465 4124">
    <p class='ocr_par' dir='ltr' id='par_1_79' title="bbox 1882 4051 3465 4124">
     <span class='ocr_line' id='line_1_79' title="bbox 1882 4051 3465 4124; baseline 0.002 -23"><span class='ocrx_word' id='word_1_574' title='bbox 1882 4051 2064 4106; x_wconf 81' lang='lat' dir='ltr'><strong>ccatis</strong></span> <span class='ocrx_word' id='word_1_575' title='bbox 2130 4055 2371 4123; x_wconf 80' lang='lat' dir='ltr'><strong>prepriis</strong></span> <span class='ocrx_word' id='word_1_576' title='bbox 2404 4054 2515 4110; x_wconf 87' lang='lat' dir='ltr'><strong>Deo</strong></span> <span class='ocrx_word' id='word_1_577' title='bbox 2576 4056 2808 4124; x_wconf 87' lang='lat' dir='ltr'><strong>optimo.</strong></span> <span class='ocrx_word' id='word_1_578' title='bbox 2845 4054 3216 4108; x_wconf 84' lang='lat' dir='ltr'><strong>Nihilominus</strong></span> <span class='ocrx_word' id='word_1_579' title='bbox 3252 4051 3381 4106; x_wconf 89' lang='lat' dir='ltr'><strong>illud</strong></span> <span class='ocrx_word' id='word_1_580' title='bbox 3413 4059 3465 4105; x_wconf 91' lang='lat' dir='ltr'><strong>ct</strong></span> 
     </span>
    </p>
   </div>
   <div class='ocr_carea' id='block_1_80' title="bbox 180 4137 797 4206">
    <p class='ocr_par' dir='ltr' id='par_1_80' title="bbox 180 4137 797 4206">
     <span class='ocr_line' id='line_1_80' title="bbox 180 4137 797 4206; baseline -0.013 -10"><span class='ocrx_word' id='word_1_581' title='bbox 180 4155 292 4197; x_wconf 83' lang='lat' dir='ltr'><strong>nos</strong></span> <span class='ocrx_word' id='word_1_582' title='bbox 327 4138 428 4206; x_wconf 82' lang='lat' dir='ltr'><strong>ipsi</strong></span> <span class='ocrx_word' id='word_1_583' title='bbox 466 4137 797 4206; x_wconf 77' lang='lat' dir='ltr'><strong>ﬂagitamus.</strong></span> 
     </span>
    </p>
   </div>
   <div class='ocr_carea' id='block_1_81' title="bbox 365 4226 1781 4300">
    <p class='ocr_par' dir='ltr' id='par_1_81' title="bbox 365 4226 1781 4300">
     <span class='ocr_line' id='line_1_81' title="bbox 365 4226 1781 4300; baseline 0.001 -17"><span class='ocrx_word' id='word_1_584' title='bbox 365 4231 490 4285; x_wconf 72' lang='lat' dir='ltr'><strong>NZ&#39;.</strong></span> <span class='ocrx_word' id='word_1_585' title='bbox 523 4259 595 4268; x_wconf 87' lang='lat'><strong>—-—</strong></span> <span class='ocrx_word' id='word_1_586' title='bbox 626 4227 992 4293; x_wconf 82' lang='grc' dir='ltr'>Ἀναστασίῳ</span> <span class='ocrx_word' id='word_1_587' title='bbox 1026 4228 1560 4296; x_wconf 77' lang='grc' dir='ltr'>πρωτοσπαθαρίῳ.</span> <span class='ocrx_word' id='word_1_588' title='bbox 1584 4226 1781 4300; x_wconf 87' lang='grc' dir='ltr'>[τπγ’.]</span> 
     </span>
    </p>
   </div>
   <div class='ocr_carea' id='block_1_82' title="bbox 2170 4226 3221 4300">
    <p class='ocr_par' dir='ltr' id='par_1_82' title="bbox 2170 4226 3221 4300">
     <span class='ocr_line' id='line_1_82' title="bbox 2170 4226 3221 4300; baseline 0.007 -20"><span class='ocrx_word' id='word_1_589' title='bbox 2170 4226 2330 4283; x_wconf 87' lang='lat' dir='ltr'><strong>LVII.</strong></span> <span class='ocrx_word' id='word_1_590' title='bbox 2355 4259 2423 4269; x_wconf 91' lang='lat'><strong>-——-</strong></span> <span class='ocrx_word' id='word_1_591' title='bbox 2454 4229 2742 4283; x_wconf 78' lang='lat' dir='ltr'><strong>Anastasio</strong></span> <span class='ocrx_word' id='word_1_592' title='bbox 2772 4230 3221 4300; x_wconf 82' lang='lat' dir='ltr'><strong>protospatltario.</strong></span> 
     </span>
    </p>
   </div>
   <div class='ocr_carea' id='block_1_83' title="bbox 692 4346 2960 4411">
    <p class='ocr_par' dir='ltr' id='par_1_83' title="bbox 692 4346 2960 4411">
     <span class='ocr_line' id='line_1_83' title="bbox 692 4346 2960 4411; baseline 0.001 -16"><span class='ocrx_word' id='word_1_593' title='bbox 692 4347 868 4395; x_wconf 86' lang='lat' dir='ltr'><strong>Crates</strong></span> <span class='ocrx_word' id='word_1_594' title='bbox 889 4357 976 4406; x_wconf 89' lang='lat' dir='ltr'><strong>pro</strong></span> <span class='ocrx_word' id='word_1_595' title='bbox 1000 4346 1155 4407; x_wconf 87' lang='lat' dir='ltr'><strong>ipsius</strong></span> <span class='ocrx_word' id='word_1_596' title='bbox 1179 4360 1298 4408; x_wconf 83' lang='lat' dir='ltr'><strong>erga</strong></span> <span class='ocrx_word' id='word_1_597' title='bbox 1321 4360 1376 4395; x_wconf 90' lang='lat' dir='ltr'><strong>se</strong></span> <span class='ocrx_word' id='word_1_598' title='bbox 1398 4347 1565 4396; x_wconf 88' lang='lat' dir='ltr'><strong>studio</strong></span> <span class='ocrx_word' id='word_1_599' title='bbox 1597 4349 1701 4409; x_wconf 83' lang='lat' dir='ltr'><strong>agit</strong></span> <span class='ocrx_word' id='word_1_600' title='bbox 1734 4361 1745 4397; x_wconf 89' lang='lat'><strong><em>:</em></strong></span> <span class='ocrx_word' id='word_1_601' title='bbox 1786 4352 1888 4396; x_wconf 90' lang='lat' dir='ltr'><strong>tum</strong></span> <span class='ocrx_word' id='word_1_602' title='bbox 1921 4348 2105 4411; x_wconf 89' lang='lat' dir='ltr'><strong>quibus</strong></span> <span class='ocrx_word' id='word_1_603' title='bbox 2132 4350 2366 4397; x_wconf 81' lang='lat' dir='ltr'><strong>aerumnis</strong></span> <span class='ocrx_word' id='word_1_604' title='bbox 2388 4349 2707 4398; x_wconf 84' lang='lat' dir='ltr'><strong>conﬂictetur</strong></span> <span class='ocrx_word' id='word_1_605' title='bbox 2736 4351 2960 4410; x_wconf 80' lang='lat' dir='ltr'><strong>exponit.</strong></span> 
     </span>
    </p>
   </div>
   <div class='ocr_carea' id='block_1_84' title="bbox 269 4454 1780 4526">
    <p class='ocr_par' dir='ltr' id='par_1_84' title="bbox 269 4454 1780 4526">
     <span class='ocr_line' id='line_1_84' title="bbox 269 4454 1780 4526; baseline -0.001 -16"><span class='ocrx_word' id='word_1_606' title='bbox 269 4459 361 4519; x_wconf 86' lang='grc' dir='ltr'>Ὠς</span> <span class='ocrx_word' id='word_1_607' title='bbox 391 4455 532 4526; x_wconf 85' lang='grc' dir='ltr'>καλὴ</span> <span class='ocrx_word' id='word_1_608' title='bbox 559 4457 593 4526; x_wconf 81' lang='grc' dir='ltr'><strong>ἡ</strong></span> <span class='ocrx_word' id='word_1_609' title='bbox 630 4454 782 4524; x_wconf 80' lang='grc' dir='ltr'>φιλία</span> <span class='ocrx_word' id='word_1_610' title='bbox 806 4495 821 4517; x_wconf 93' lang='grc'><strong>,</strong></span> <span class='ocrx_word' id='word_1_611' title='bbox 875 4456 946 4508; x_wconf 76' lang='grc' dir='ltr'>τά</span> <span class='ocrx_word' id='word_1_612' title='bbox 978 4473 1038 4508; x_wconf 89' lang='grc' dir='ltr'><strong>τε</strong></span> <span class='ocrx_word' id='word_1_613' title='bbox 1070 4455 1203 4508; x_wconf 82' lang='grc' dir='ltr'>ἄλλα</span> <span class='ocrx_word' id='word_1_614' title='bbox 1225 4496 1239 4521; x_wconf 91' lang='grc'><strong>,</strong></span> <span class='ocrx_word' id='word_1_615' title='bbox 1296 4457 1387 4507; x_wconf 59' lang='grc' dir='ltr'><strong>καὶ¹</strong></span> <span class='ocrx_word' id='word_1_616' title='bbox 1425 4457 1507 4508; x_wconf 84' lang='grc' dir='ltr'>ὅτι</span> <span class='ocrx_word' id='word_1_617' title='bbox 1562 4456 1780 4510; x_wconf 81' lang='grc' dir='ltr'>ἀποῦσα</span> 
     </span>
    </p>
   </div>
   <div class='ocr_carea' id='block_1_85' title="bbox 179 4549 1780 4619">
    <p class='ocr_par' dir='ltr' id='par_1_85' title="bbox 179 4549 1780 4619">
     <span class='ocr_line' id='line_1_85' title="bbox 179 4549 1780 4619; baseline -0.001 -16"><span class='ocrx_word' id='word_1_618' title='bbox 179 4555 261 4615; x_wconf 79' lang='grc' dir='ltr'>ὡς</span> <span class='ocrx_word' id='word_1_619' title='bbox 321 4550 575 4619; x_wconf 84' lang='grc' dir='ltr'>παροῦσα</span> <span class='ocrx_word' id='word_1_620' title='bbox 629 4549 755 4610; x_wconf 77' lang='grc' dir='ltr'>τοὺς</span> <span class='ocrx_word' id='word_1_621' title='bbox 812 4549 1170 4617; x_wconf 77' lang='grc' dir='ltr'>φιλουμένους</span> <span class='ocrx_word' id='word_1_622' title='bbox 1220 4549 1534 4617; x_wconf 72' lang='grc' dir='ltr'>εὐεργετεῖν</span> <span class='ocrx_word' id='word_1_623' title='bbox 1596 4549 1780 4603; x_wconf 80' lang='grc' dir='ltr'>εἴωθε.</span> 
     </span>
    </p>
   </div>
   <div class='ocr_carea' id='block_1_86' title="bbox 183 4640 1780 4712">
    <p class='ocr_par' dir='ltr' id='par_1_86' title="bbox 183 4640 1780 4712">
     <span class='ocr_line' id='line_1_86' title="bbox 183 4640 1780 4712; baseline -0.006 -13"><span class='ocrx_word' id='word_1_624' title='bbox 183 4642 428 4712; x_wconf 80' lang='grc' dir='ltr'>Τοιαύτη</span> <span class='ocrx_word' id='word_1_625' title='bbox 479 4642 544 4710; x_wconf 82' lang='grc' dir='ltr'>δὴ</span> <span class='ocrx_word' id='word_1_626' title='bbox 592 4643 624 4710; x_wconf 80' lang='grc' dir='ltr'><strong>ἡ</strong></span> <span class='ocrx_word' id='word_1_627' title='bbox 680 4643 991 4710; x_wconf 75' lang='grc' dir='ltr'>περιφανής</span> <span class='ocrx_word' id='word_1_628' title='bbox 1045 4656 1136 4691; x_wconf 88' lang='grc' dir='ltr'><strong>σου</strong></span> <span class='ocrx_word' id='word_1_629' title='bbox 1194 4641 1288 4692; x_wconf 57' lang='grc' dir='ltr'><strong>καὶ⁴</strong></span> <span class='ocrx_word' id='word_1_630' title='bbox 1323 4641 1510 4710; x_wconf 73' lang='grc' dir='ltr'>ἀγάπη</span> <span class='ocrx_word' id='word_1_631' title='bbox 1545 4640 1642 4692; x_wconf 74' lang='grc' dir='ltr'><strong>καὶ</strong></span> <span class='ocrx_word' id='word_1_632' title='bbox 1689 4641 1780 4693; x_wconf 85' lang='grc' dir='ltr'>εύ-</span> 
     </span>
    </p>
   </div>
   <div class='ocr_carea' id='block_1_87' title="bbox 185 4730 1777 4803">
    <p class='ocr_par' dir='ltr' id='par_1_87' title="bbox 185 4730 1777 4803">
     <span class='ocr_line' id='line_1_87' title="bbox 185 4730 1777 4803; baseline -0.005 -12"><span class='ocrx_word' id='word_1_633' title='bbox 185 4737 381 4791; x_wconf 78' lang='grc' dir='ltr'>σέϐεια</span> <span class='ocrx_word' id='word_1_634' title='bbox 408 4734 542 4803; x_wconf 77' lang='grc' dir='ltr'>πρός</span> <span class='ocrx_word' id='word_1_635' title='bbox 591 4748 657 4800; x_wconf 66' lang='grc' dir='ltr'><strong>με</strong></span> <span class='ocrx_word' id='word_1_636' title='bbox 686 4732 774 4783; x_wconf 70' lang='grc' dir='ltr'>τὸν</span> <span class='ocrx_word' id='word_1_637' title='bbox 808 4731 1068 4799; x_wconf 79' lang='grc' dir='ltr'>δύστηνον</span> <span class='ocrx_word' id='word_1_638' title='bbox 1098 4731 1333 4783; x_wconf 85' lang='grc' dir='ltr'>ἔκπαλαι</span> <span class='ocrx_word' id='word_1_639' title='bbox 1365 4732 1456 4783; x_wconf 74' lang='grc' dir='ltr'><strong>καὶ</strong></span> <span class='ocrx_word' id='word_1_640' title='bbox 1492 4732 1655 4801; x_wconf 82' lang='grc' dir='ltr'>μέχρι</span> <span class='ocrx_word' id='word_1_641' title='bbox 1684 4730 1777 4783; x_wconf 89' lang='grc' dir='ltr'><strong>τοῦ</strong></span> 
     </span>
    </p>
   </div>
   <div class='ocr_carea' id='block_1_88' title="bbox 183 4823 1779 4898">
    <p class='ocr_par' dir='ltr' id='par_1_88' title="bbox 183 4823 1779 4898">
     <span class='ocr_line' id='line_1_88' title="bbox 183 4823 1779 4898; baseline -0.005 -16"><span class='ocrx_word' id='word_1_642' title='bbox 183 4829 353 4898; x_wconf 82' lang='grc' dir='ltr'>δεῦρο</span> <span class='ocrx_word' id='word_1_643' title='bbox 375 4843 386 4855; x_wconf 91' lang='grc'><strong>·</strong></span> <span class='ocrx_word' id='word_1_644' title='bbox 422 4827 514 4877; x_wconf 77' lang='grc' dir='ltr'><strong>καὶ</strong></span> <span class='ocrx_word' id='word_1_645' title='bbox 546 4823 801 4894; x_wconf 85' lang='grc' dir='ltr'>παροῦσα</span> <span class='ocrx_word' id='word_1_646' title='bbox 828 4823 945 4875; x_wconf 76' lang='grc' dir='ltr'>κατ’</span> <span class='ocrx_word' id='word_1_647' title='bbox 970 4823 1302 4893; x_wconf 77' lang='grc' dir='ltr'>ὀφθαλμοὺς,</span> <span class='ocrx_word' id='word_1_648' title='bbox 1327 4823 1421 4874; x_wconf 62' lang='grc' dir='ltr'><strong>καὶ</strong></span> <span class='ocrx_word' id='word_1_649' title='bbox 1457 4824 1514 4873; x_wconf 81' lang='grc' dir='ltr'><strong>ἐν</strong></span> <span class='ocrx_word' id='word_1_650' title='bbox 1538 4841 1779 4894; x_wconf 86' lang='grc' dir='ltr'>τοσουτῳ</span> 
     </span>
    </p>
   </div>
   <div class='ocr_carea' id='block_1_89' title="bbox 1955 4455 3465 4528">
    <p class='ocr_par' dir='ltr' id='par_1_89' title="bbox 1955 4455 3465 4528">
     <span class='ocr_line' id='line_1_89' title="bbox 1955 4455 3465 4528; baseline 0 -16"><span class='ocrx_word' id='word_1_651' title='bbox 1955 4458 2230 4512; x_wconf 78' lang='lat' dir='ltr'><strong>Eximium</strong></span> <span class='ocrx_word' id='word_1_652' title='bbox 2261 4459 2523 4528; x_wconf 85' lang='lat' dir='ltr'><strong>quiddam</strong></span> <span class='ocrx_word' id='word_1_653' title='bbox 2559 4459 2806 4513; x_wconf 89' lang='lat' dir='ltr'><strong>amicitia</strong></span> <span class='ocrx_word' id='word_1_654' title='bbox 2833 4465 2947 4522; x_wconf 92' lang='lat' dir='ltr'><strong>est,</strong></span> <span class='ocrx_word' id='word_1_655' title='bbox 2980 4473 3104 4512; x_wconf 94' lang='lat' dir='ltr'><strong>cum</strong></span> <span class='ocrx_word' id='word_1_656' title='bbox 3144 4455 3213 4511; x_wconf 90' lang='lat' dir='ltr'><strong>ob</strong></span> <span class='ocrx_word' id='word_1_657' title='bbox 3241 4465 3465 4512; x_wconf 58' lang='lat' dir='ltr'><strong>exteras</strong></span> 
     </span>
    </p>
   </div>
   <div class='ocr_carea' id='block_1_90' title="bbox 1883 4553 3463 4622">
    <p class='ocr_par' dir='ltr' id='par_1_90' title="bbox 1883 4553 3463 4622">
     <span class='ocr_line' id='line_1_90' title="bbox 1883 4553 3463 4622; baseline -0.004 -14"><span class='ocrx_word' id='word_1_658' title='bbox 1883 4568 2104 4616; x_wconf 87' lang='lat' dir='ltr'><strong>causas,</strong></span> <span class='ocrx_word' id='word_1_659' title='bbox 2141 4562 2253 4606; x_wconf 93' lang='lat' dir='ltr'><strong>tum</strong></span> <span class='ocrx_word' id='word_1_660' title='bbox 2294 4553 2438 4622; x_wconf 91' lang='lat' dir='ltr'><strong>quod</strong></span> <span class='ocrx_word' id='word_1_661' title='bbox 2471 4553 2539 4608; x_wconf 91' lang='lat' dir='ltr'><strong>de</strong></span> <span class='ocrx_word' id='word_1_662' title='bbox 2575 4553 2897 4606; x_wconf 86' lang='lat' dir='ltr'><strong>absentibus</strong></span> <span class='ocrx_word' id='word_1_663' title='bbox 2936 4567 3093 4619; x_wconf 62' lang='lat' dir='ltr'><strong>atque</strong></span> <span class='ocrx_word' id='word_1_664' title='bbox 3127 4567 3193 4606; x_wconf 83' lang='lat' dir='ltr'><strong>ac</strong></span> <span class='ocrx_word' id='word_1_665' title='bbox 3225 4567 3463 4620; x_wconf 62' lang='lat' dir='ltr'><strong>praesen-</strong></span> 
     </span>
    </p>
   </div>
   <div class='ocr_carea' id='block_1_91' title="bbox 1883 4641 3463 4710">
    <p class='ocr_par' dir='ltr' id='par_1_91' title="bbox 1883 4641 3463 4710">
     <span class='ocr_line' id='line_1_91' title="bbox 1883 4641 3463 4710; baseline -0.003 -12"><span class='ocrx_word' id='word_1_666' title='bbox 1883 4644 2029 4698; x_wconf 87' lang='lat' dir='ltr'><strong>tilnts</strong></span> <span class='ocrx_word' id='word_1_667' title='bbox 2060 4644 2256 4697; x_wconf 88' lang='lat' dir='ltr'><strong>amicis</strong></span> <span class='ocrx_word' id='word_1_668' title='bbox 2285 4645 2422 4696; x_wconf 88' lang='lat' dir='ltr'><strong>bene</strong></span> <span class='ocrx_word' id='word_1_669' title='bbox 2455 4643 2651 4697; x_wconf 88' lang='lat' dir='ltr'><strong>mereri</strong></span> <span class='ocrx_word' id='word_1_670' title='bbox 2707 4644 2868 4697; x_wconf 80' lang='lat' dir='ltr'><strong>solet.</strong></span> <span class='ocrx_word' id='word_1_671' title='bbox 2919 4641 3071 4695; x_wconf 88' lang='lat' dir='ltr'><strong>Talis</strong></span> <span class='ocrx_word' id='word_1_672' title='bbox 3111 4642 3298 4710; x_wconf 90' lang='lat' dir='ltr'><strong>utique</strong></span> <span class='ocrx_word' id='word_1_673' title='bbox 3328 4642 3463 4696; x_wconf 89' lang='lat' dir='ltr'><strong>insi-</strong></span> 
     </span>
    </p>
   </div>
   <div class='ocr_carea' id='block_1_92' title="bbox 1884 4731 3461 4804">
    <p class='ocr_par' dir='ltr' id='par_1_92' title="bbox 1884 4731 3461 4804">
     <span class='ocr_line' id='line_1_92' title="bbox 1884 4731 3461 4804; baseline 0 -18"><span class='ocrx_word' id='word_1_674' title='bbox 1884 4736 2006 4804; x_wconf 79' lang='lat' dir='ltr'><strong>gnis</strong></span> <span class='ocrx_word' id='word_1_675' title='bbox 2049 4735 2136 4788; x_wconf 89' lang='lat' dir='ltr'><strong>illa</strong></span> <span class='ocrx_word' id='word_1_676' title='bbox 2179 4744 2268 4787; x_wconf 90' lang='lat' dir='ltr'><strong>tua</strong></span> <span class='ocrx_word' id='word_1_677' title='bbox 2306 4734 2683 4788; x_wconf 84' lang='lat' dir='ltr'><strong>benevolentia</strong></span> <span class='ocrx_word' id='word_1_678' title='bbox 2718 4734 3004 4802; x_wconf 87' lang='lat' dir='ltr'><strong>pietasque</strong></span> <span class='ocrx_word' id='word_1_679' title='bbox 3034 4749 3164 4798; x_wconf 77' lang='lat' dir='ltr'><strong>erga</strong></span> <span class='ocrx_word' id='word_1_680' title='bbox 3203 4748 3288 4787; x_wconf 92' lang='lat' dir='ltr'><strong>me</strong></span> <span class='ocrx_word' id='word_1_681' title='bbox 3319 4731 3461 4786; x_wconf 82' lang='lat' dir='ltr'><strong>infe-</strong></span> 
     </span>
    </p>
   </div>
   <div class='ocr_carea' id='block_1_93' title="bbox 1873 4823 3457 4896">
    <p class='ocr_par' dir='ltr' id='par_1_93' title="bbox 1873 4823 3457 4896">
     <span class='ocr_line' id='line_1_93' title="bbox 1873 4823 3457 4896; baseline -0.001 -18"><span class='ocrx_word' id='word_1_682' title='bbox 1873 4825 2040 4891; x_wconf 77' lang='lat' dir='ltr'><strong>licem</strong></span> <span class='ocrx_word' id='word_1_683' title='bbox 2069 4825 2390 4896; x_wconf 85' lang='lat' dir='ltr'><strong>jamdudum</strong></span> <span class='ocrx_word' id='word_1_684' title='bbox 2425 4840 2598 4893; x_wconf 89' lang='lat' dir='ltr'><strong>usque</strong></span> <span class='ocrx_word' id='word_1_685' title='bbox 2630 4823 2695 4877; x_wconf 92' lang='lat' dir='ltr'><strong>ad</strong></span> <span class='ocrx_word' id='word_1_686' title='bbox 2729 4823 3052 4876; x_wconf 88' lang='lat' dir='ltr'><strong>hodiernum</strong></span> <span class='ocrx_word' id='word_1_687' title='bbox 3075 4824 3240 4886; x_wconf 88' lang='lat' dir='ltr'><strong>diem,</strong></span> <span class='ocrx_word' id='word_1_688' title='bbox 3260 4831 3457 4878; x_wconf 87' lang='lat' dir='ltr'><strong>etcum</strong></span> 
     </span>
    </p>
   </div>
   <div class='ocr_carea' id='block_1_94' title="bbox 183 4898 1774 4990">
    <p class='ocr_par' dir='ltr' id='par_1_94' title="bbox 183 4914 1774 4990">
     <span class='ocr_line' id='line_1_94' title="bbox 183 4914 1774 4990; baseline -0.006 -15"><span class='ocrx_word' id='word_1_689' title='bbox 183 4916 592 4990; x_wconf 72' lang='grc' dir='ltr'>ἀπειροπλὴθεῖ</span> <span class='ocrx_word' id='word_1_690' title='bbox 657 4917 822 4984; x_wconf 82' lang='grc' dir='ltr'>μήκει</span> <span class='ocrx_word' id='word_1_691' title='bbox 883 4915 1186 4967; x_wconf 77' lang='grc' dir='ltr'>διεστῶσα·</span> <span class='ocrx_word' id='word_1_692' title='bbox 1241 4914 1350 4966; x_wconf 78' lang='grc' dir='ltr'><strong>ἀπὸ</strong></span> <span class='ocrx_word' id='word_1_693' title='bbox 1401 4914 1648 4977; x_wconf 85' lang='grc' dir='ltr'>Σικελίας</span> <span class='ocrx_word' id='word_1_694' title='bbox 1710 4932 1774 4984; x_wconf 86' lang='grc' dir='ltr'><strong>με</strong></span> 
     </span>
    </p>
   </div>
   <div class='ocr_carea' id='block_1_95' title="bbox 1882 4898 3459 4990">
    <p class='ocr_par' dir='ltr' id='par_1_95' title="bbox 1882 4917 3459 4987">
     <span class='ocr_line' id='line_1_95' title="bbox 1882 4917 3459 4987; baseline 0.001 -17"><span class='ocrx_word' id='word_1_695' title='bbox 1882 4927 1935 4973; x_wconf 91' lang='lat' dir='ltr'><strong>te</strong></span> <span class='ocrx_word' id='word_1_696' title='bbox 1959 4933 2144 4972; x_wconf 89' lang='lat' dir='ltr'><strong>coram</strong></span> <span class='ocrx_word' id='word_1_697' title='bbox 2178 4929 2482 4987; x_wconf 89' lang='lat' dir='ltr'><strong>spectarem</strong></span> <span class='ocrx_word' id='word_1_698' title='bbox 2509 4917 2706 4982; x_wconf 90' lang='lat' dir='ltr'><strong>oculis,</strong></span> <span class='ocrx_word' id='word_1_699' title='bbox 2739 4930 2793 4972; x_wconf 90' lang='lat' dir='ltr'><strong>et</strong></span> <span class='ocrx_word' id='word_1_700' title='bbox 2818 4934 2963 4972; x_wconf 92' lang='lat' dir='ltr'><strong>nunc</strong></span> <span class='ocrx_word' id='word_1_701' title='bbox 2985 4934 3108 4973; x_wconf 89' lang='lat' dir='ltr'><strong>cum</strong></span> <span class='ocrx_word' id='word_1_702' title='bbox 3133 4927 3284 4972; x_wconf 89' lang='lat' dir='ltr'><strong>tanto</strong></span> <span class='ocrx_word' id='word_1_703' title='bbox 3310 4917 3459 4971; x_wconf 86' lang='lat' dir='ltr'><strong>loco-</strong></span> 
     </span>
    </p>
   </div>
   <div class='ocr_carea' id='block_1_96' title="bbox 185 5005 1776 5080">
    <p class='ocr_par' dir='ltr' id='par_1_96' title="bbox 185 5005 1776 5080">
     <span class='ocr_line' id='line_1_96' title="bbox 185 5005 1776 5080; baseline -0.004 -15"><span class='ocrx_word' id='word_1_704' title='bbox 185 5010 565 5080; x_wconf 74' lang='grc' dir='ltr'>εὐεργετοῦσα</span> <span class='ocrx_word' id='word_1_705' title='bbox 601 5010 658 5060; x_wconf 76' lang='grc' dir='ltr'><strong>ἒν</strong></span> <span class='ocrx_word' id='word_1_706' title='bbox 711 5008 790 5079; x_wconf 79' lang='grc' dir='ltr'><strong>τῷ</strong></span> <span class='ocrx_word' id='word_1_707' title='bbox 847 5007 1128 5076; x_wconf 77' lang='grc' dir='ltr'>Βυζαντίῳ</span> <span class='ocrx_word' id='word_1_708' title='bbox 1175 5005 1336 5068; x_wconf 69' lang='grc' dir='ltr'>ὄντα,</span> <span class='ocrx_word' id='word_1_709' title='bbox 1398 5008 1493 5058; x_wconf 78' lang='grc' dir='ltr'><strong>καὶ</strong></span> <span class='ocrx_word' id='word_1_710' title='bbox 1543 5007 1648 5058; x_wconf 83' lang='grc' dir='ltr'><strong>ἀπὸ</strong></span> <span class='ocrx_word' id='word_1_711' title='bbox 1683 5005 1776 5058; x_wconf 88' lang='grc' dir='ltr'><strong>τοῦ</strong></span> 
     </span>
    </p>
   </div>
   <div class='ocr_carea' id='block_1_97' title="bbox 184 5095 1779 5179">
    <p class='ocr_par' dir='ltr' id='par_1_97' title="bbox 184 5095 1779 5179">
     <span class='ocr_line' id='line_1_97' title="bbox 184 5095 1779 5179; baseline -0.011 -19"><span class='ocrx_word' id='word_1_712' title='bbox 184 5103 493 5168; x_wconf 78' lang='grc' dir='ltr'>Βυζαντίου</span> <span class='ocrx_word' id='word_1_713' title='bbox 534 5095 636 5155; x_wconf 84' lang='grc' dir='ltr'>ὦδε</span> <span class='ocrx_word' id='word_1_714' title='bbox 685 5104 910 5155; x_wconf 85' lang='grc' dir='ltr'>κάκεῖσε</span> <span class='ocrx_word' id='word_1_715' title='bbox 944 5099 1399 5169; x_wconf 80' lang='grc' dir='ltr'>περιωρισμένον,</span> <span class='ocrx_word' id='word_1_716' title='bbox 1448 5099 1636 5179; x_wconf 78' lang='grc' dir='ltr'>ὥσπερ</span> <span class='ocrx_word' id='word_1_717' title='bbox 1684 5099 1779 5151; x_wconf 68' lang='grc' dir='ltr'><strong>καὶ</strong></span> 
     </span>
    </p>
   </div>
   <div class='ocr_carea' id='block_1_98' title="bbox 184 5190 1780 5261">
    <p class='ocr_par' dir='ltr' id='par_1_98' title="bbox 184 5190 1780 5261">
     <span class='ocr_line' id='line_1_98' title="bbox 184 5190 1780 5261; baseline -0.006 -10"><span class='ocrx_word' id='word_1_718' title='bbox 184 5197 382 5251; x_wconf 88' lang='grc' dir='ltr'>τανῦν.</span> <span class='ocrx_word' id='word_1_719' title='bbox 438 5195 547 5246; x_wconf 80' lang='grc' dir='ltr'>Καὶ</span> <span class='ocrx_word' id='word_1_720' title='bbox 580 5193 632 5245; x_wconf 84' lang='grc' dir='ltr'><strong>τί</strong></span> <span class='ocrx_word' id='word_1_721' title='bbox 662 5193 840 5255; x_wconf 86' lang='grc' dir='ltr'>τοῦτο,</span> <span class='ocrx_word' id='word_1_722' title='bbox 875 5194 958 5245; x_wconf 82' lang='grc' dir='ltr'><strong>ὅτι</strong></span> <span class='ocrx_word' id='word_1_723' title='bbox 993 5195 1072 5254; x_wconf 86' lang='grc' dir='ltr'><strong>είς</strong></span> <span class='ocrx_word' id='word_1_724' title='bbox 1116 5192 1400 5260; x_wconf 81' lang='grc' dir='ltr'>ἄνθρωπον</span> <span class='ocrx_word' id='word_1_725' title='bbox 1455 5190 1780 5261; x_wconf 77' lang='grc' dir='ltr'>ἁμαρτωλὸν</span> 
     </span>
    </p>
   </div>
   <div class='ocr_carea' id='block_1_99' title="bbox 188 5282 1778 5354">
    <p class='ocr_par' dir='ltr' id='par_1_99' title="bbox 188 5282 1778 5354">
     <span class='ocr_line' id='line_1_99' title="bbox 188 5282 1778 5354; baseline -0.007 -9"><span class='ocrx_word' id='word_1_726' title='bbox 188 5292 287 5345; x_wconf 76' lang='grc' dir='ltr'><strong>καὶ</strong></span> <span class='ocrx_word' id='word_1_727' title='bbox 309 5287 531 5350; x_wconf 78' lang='grc' dir='ltr'>ἀνάξιον</span> <span class='ocrx_word' id='word_1_728' title='bbox 575 5288 672 5354; x_wconf 81' lang='grc' dir='ltr'>τῆς</span> <span class='ocrx_word' id='word_1_729' title='bbox 703 5285 984 5353; x_wconf 72' lang='grc' dir='ltr'>εὐγενείας</span> <span class='ocrx_word' id='word_1_730' title='bbox 1019 5302 1112 5337; x_wconf 90' lang='grc' dir='ltr'><strong>σου</strong></span> <span class='ocrx_word' id='word_1_731' title='bbox 1144 5284 1286 5337; x_wconf 72' lang='grc' dir='ltr'>οὕτω</span> <span class='ocrx_word' id='word_1_732' title='bbox 1309 5287 1599 5352; x_wconf 77' lang='grc' dir='ltr'>πράττεις·</span> <span class='ocrx_word' id='word_1_733' title='bbox 1640 5282 1778 5353; x_wconf 84' lang='grc' dir='ltr'>πλὴν</span> 
     </span>
    </p>
   </div>
   <div class='ocr_carea' id='block_1_100' title="bbox 188 5375 1779 5448">
    <p class='ocr_par' dir='ltr' id='par_1_100' title="bbox 188 5375 1779 5448">
     <span class='ocr_line' id='line_1_100' title="bbox 188 5375 1779 5448; baseline -0.006 -12"><span class='ocrx_word' id='word_1_734' title='bbox 188 5385 273 5436; x_wconf 83' lang='grc' dir='ltr'>ὅτι</span> <span class='ocrx_word' id='word_1_735' title='bbox 314 5377 620 5445; x_wconf 80' lang='grc' dir='ltr'>ἀγαπῶντὰ</span> <span class='ocrx_word' id='word_1_736' title='bbox 654 5395 713 5429; x_wconf 90' lang='grc' dir='ltr'><strong>σε</strong></span> <span class='ocrx_word' id='word_1_737' title='bbox 755 5376 874 5430; x_wconf 81' lang='grc' dir='ltr'>λίαν</span> <span class='ocrx_word' id='word_1_738' title='bbox 907 5377 994 5429; x_wconf 71' lang='grc' dir='ltr'><strong>διὰ</strong></span> <span class='ocrx_word' id='word_1_739' title='bbox 1023 5378 1123 5448; x_wconf 76' lang='grc' dir='ltr'><strong>τὴν</strong></span> <span class='ocrx_word' id='word_1_740' title='bbox 1153 5379 1210 5429; x_wconf 79' lang='grc' dir='ltr'><strong>ἐν</strong></span> <span class='ocrx_word' id='word_1_741' title='bbox 1241 5377 1442 5430; x_wconf 85' lang='grc' dir='ltr'>ἆπασιν</span> <span class='ocrx_word' id='word_1_742' title='bbox 1464 5375 1663 5445; x_wconf 80' lang='grc' dir='ltr'>ἀρετὴν</span> <span class='ocrx_word' id='word_1_743' title='bbox 1685 5376 1779 5429; x_wconf 74' lang='grc' dir='ltr'><strong>καὶ</strong></span> 
     </span>
    </p>
   </div>
   <div class='ocr_carea' id='block_1_101' title="bbox 189 5468 1778 5544">
    <p class='ocr_par' dir='ltr' id='par_1_101' title="bbox 189 5468 1778 5544">
     <span class='ocr_line' id='line_1_101' title="bbox 189 5468 1778 5544; baseline -0.006 -16"><span class='ocrx_word' id='word_1_744' title='bbox 189 5472 474 5544; x_wconf 74' lang='grc' dir='ltr'>φιλοθεῖαν</span> <span class='ocrx_word' id='word_1_745' title='bbox 510 5487 638 5521; x_wconf 82' lang='grc' dir='ltr'>σου·</span> <span class='ocrx_word' id='word_1_746' title='bbox 692 5471 758 5541; x_wconf 88' lang='grc' dir='ltr'>ῆν</span> <span class='ocrx_word' id='word_1_747' title='bbox 802 5471 919 5541; x_wconf 80' lang='grc' dir='ltr'>ᾄδει</span> <span class='ocrx_word' id='word_1_748' title='bbox 970 5471 1029 5522; x_wconf 78' lang='grc' dir='ltr'><strong>οὐ</strong></span> <span class='ocrx_word' id='word_1_749' title='bbox 1086 5470 1244 5539; x_wconf 84' lang='grc' dir='ltr'>μόνον</span> <span class='ocrx_word' id='word_1_750' title='bbox 1303 5469 1553 5530; x_wconf 81' lang='grc' dir='ltr'>Σικελία,</span> <span class='ocrx_word' id='word_1_751' title='bbox 1615 5468 1778 5538; x_wconf 66' lang='grc' dir='ltr'>καὶὴ</span> 
     </span>
    </p>
   </div>
   <div class='ocr_carea' id='block_1_102' title="bbox 189 5559 1780 5632">
    <p class='ocr_par' dir='ltr' id='par_1_102' title="bbox 189 5559 1780 5632">
     <span class='ocr_line' id='line_1_102' title="bbox 189 5559 1780 5632; baseline -0.003 -13"><span class='ocrx_word' id='word_1_752' title='bbox 189 5566 338 5619; x_wconf 79' lang='grc' dir='ltr'>τίσδε</span> <span class='ocrx_word' id='word_1_753' title='bbox 385 5561 538 5632; x_wconf 77' lang='grc' dir='ltr'>χώρα</span> <span class='ocrx_word' id='word_1_754' title='bbox 576 5562 669 5613; x_wconf 74' lang='grc' dir='ltr'><strong>καὶ</strong></span> <span class='ocrx_word' id='word_1_755' title='bbox 712 5562 822 5625; x_wconf 85' lang='grc' dir='ltr'>τίς·</span> <span class='ocrx_word' id='word_1_756' title='bbox 875 5562 1011 5615; x_wconf 80' lang='grc' dir='ltr'><strong>ἀλλᾶ</strong></span> <span class='ocrx_word' id='word_1_757' title='bbox 1056 5562 1311 5628; x_wconf 76' lang='grc' dir='ltr'>καὶαὺτὴ</span> <span class='ocrx_word' id='word_1_758' title='bbox 1356 5562 1386 5630; x_wconf 83' lang='grc' dir='ltr'><strong>ἡ</strong></span> <span class='ocrx_word' id='word_1_759' title='bbox 1422 5559 1780 5629; x_wconf 79' lang='grc' dir='ltr'>βασιλεύουσα</span> 
     </span>
    </p>
   </div>
   <div class='ocr_carea' id='block_1_103' title="bbox 193 5651 1780 5721">
    <p class='ocr_par' dir='ltr' id='par_1_103' title="bbox 193 5651 1780 5721">
     <span class='ocr_line' id='line_1_103' title="bbox 193 5651 1780 5721; baseline -0.003 -13"><span class='ocrx_word' id='word_1_760' title='bbox 193 5657 372 5717; x_wconf 79' lang='grc' dir='ltr'>πόλις.</span> <span class='ocrx_word' id='word_1_761' title='bbox 417 5654 515 5705; x_wconf 72' lang='grc' dir='ltr'><strong>Διὰ</strong></span> <span class='ocrx_word' id='word_1_762' title='bbox 540 5651 698 5704; x_wconf 86' lang='grc' dir='ltr'>τοῦτο</span> <span class='ocrx_word' id='word_1_763' title='bbox 729 5653 822 5704; x_wconf 68' lang='grc' dir='ltr'><strong>καὶ</strong></span> <span class='ocrx_word' id='word_1_764' title='bbox 853 5652 1136 5721; x_wconf 76' lang='grc' dir='ltr'>βασιλεῦσι</span> <span class='ocrx_word' id='word_1_765' title='bbox 1170 5654 1230 5703; x_wconf 80' lang='grc' dir='ltr'><strong>σὺ</strong></span> <span class='ocrx_word' id='word_1_766' title='bbox 1265 5652 1506 5721; x_wconf 72' lang='grc' dir='ltr'>φιλητὸς,</span> <span class='ocrx_word' id='word_1_767' title='bbox 1539 5655 1632 5704; x_wconf 70' lang='grc' dir='ltr'><strong>καὶ</strong></span> <span class='ocrx_word' id='word_1_768' title='bbox 1668 5657 1780 5715; x_wconf 88' lang='grc' dir='ltr'>τοῖς</span> 
     </span>
    </p>
   </div>
   <div class='ocr_carea' id='block_1_104' title="bbox 192 5742 1778 5814">
    <p class='ocr_par' dir='ltr' id='par_1_104' title="bbox 192 5742 1778 5814">
     <span class='ocr_line' id='line_1_104' title="bbox 192 5742 1778 5814; baseline -0.001 -16"><span class='ocrx_word' id='word_1_769' title='bbox 192 5750 248 5798; x_wconf 81' lang='grc' dir='ltr'>ὲν</span> <span class='ocrx_word' id='word_1_770' title='bbox 283 5747 468 5798; x_wconf 77' lang='grc' dir='ltr'>τέλει·</span> <span class='ocrx_word' id='word_1_771' title='bbox 501 5745 594 5797; x_wconf 73' lang='grc' dir='ltr'>καὶ</span> <span class='ocrx_word' id='word_1_772' title='bbox 628 5745 683 5795; x_wconf 84' lang='grc' dir='ltr'>αἱ</span> <span class='ocrx_word' id='word_1_773' title='bbox 727 5744 876 5810; x_wconf 79' lang='grc' dir='ltr'>ἀξίαι</span> <span class='ocrx_word' id='word_1_774' title='bbox 911 5761 993 5795; x_wconf 91' lang='grc' dir='ltr'><strong>σοι</strong></span> <span class='ocrx_word' id='word_1_775' title='bbox 1041 5746 1135 5797; x_wconf 82' lang='grc' dir='ltr'>ἀπ’</span> <span class='ocrx_word' id='word_1_776' title='bbox 1169 5746 1389 5814; x_wconf 77' lang='grc' dir='ltr'>ἀρετῆς.</span> <span class='ocrx_word' id='word_1_777' title='bbox 1424 5742 1580 5795; x_wconf 73' lang='grc' dir='ltr'>Οὕτω</span> <span class='ocrx_word' id='word_1_778' title='bbox 1606 5744 1778 5810; x_wconf 74' lang='grc' dir='ltr'>φιλῶν</span> 
     </span>
    </p>
   </div>
   <div class='ocr_carea' id='block_1_105' title="bbox 191 5833 1779 5904">
    <p class='ocr_par' dir='ltr' id='par_1_105' title="bbox 191 5833 1779 5904">
     <span class='ocr_line' id='line_1_105' title="bbox 191 5833 1779 5904; baseline -0.003 -14"><span class='ocrx_word' id='word_1_779' title='bbox 191 5840 283 5890; x_wconf 62' lang='grc' dir='ltr'>τὸν</span> <span class='ocrx_word' id='word_1_780' title='bbox 317 5837 474 5900; x_wconf 76' lang='grc' dir='ltr'>Θεὸν,</span> <span class='ocrx_word' id='word_1_781' title='bbox 493 5835 792 5904; x_wconf 80' lang='grc' dir='ltr'>πεφίλησαι</span> <span class='ocrx_word' id='word_1_782' title='bbox 814 5836 907 5888; x_wconf 70' lang='grc' dir='ltr'><strong>καὶ</strong></span> <span class='ocrx_word' id='word_1_783' title='bbox 941 5835 1033 5888; x_wconf 83' lang='grc' dir='ltr'><strong>ὑπ’</strong></span> <span class='ocrx_word' id='word_1_784' title='bbox 1063 5836 1228 5889; x_wconf 80' lang='grc' dir='ltr'>αὑτοῦ</span> <span class='ocrx_word' id='word_1_785' title='bbox 1255 5837 1348 5889; x_wconf 77' lang='grc' dir='ltr'><strong>καὶ</strong></span> <span class='ocrx_word' id='word_1_786' title='bbox 1368 5833 1518 5904; x_wconf 73' lang='grc' dir='ltr'>παρὰ</span> <span class='ocrx_word' id='word_1_787' title='bbox 1542 5834 1649 5886; x_wconf 75' lang='grc' dir='ltr'><strong>τῶν</strong></span> <span class='ocrx_word' id='word_1_788' title='bbox 1681 5836 1779 5886; x_wconf 83' lang='grc' dir='ltr'><strong>αὺ-</strong></span> 
     </span>
    </p>
   </div>
   <div class='ocr_carea' id='block_1_106' title="bbox 264 5951 1778 6018">
    <p class='ocr_par' dir='ltr' id='par_1_106' title="bbox 264 5951 1778 6018">
     <span class='ocr_line' id='line_1_106' title="bbox 264 5951 1778 6018; baseline 0.001 -13"><span class='ocrx_word' id='word_1_789' title='bbox 264 5954 310 5986; x_wconf 67' lang='lat'><strong>”</strong></span> <span class='ocrx_word' id='word_1_790' title='bbox 343 5955 463 6009; x_wconf 76' lang='lat' dir='ltr'><strong>Act.</strong></span> <span class='ocrx_word' id='word_1_791' title='bbox 502 5970 591 6012; x_wconf 76' lang='lat' dir='ltr'><strong>xx.</strong></span> <span class='ocrx_word' id='word_1_792' title='bbox 618 5954 711 6009; x_wconf 76' lang='lat'><strong>‘28.</strong></span> <span class='ocrx_word' id='word_1_793' title='bbox 785 5953 830 5984; x_wconf 51' lang='grc' dir='ltr'>ἐ</span> <span class='ocrx_word' id='word_1_794' title='bbox 860 5951 1019 6007; x_wconf 76' lang='grc' dir='ltr'>Ιὶοιιι.</span> <span class='ocrx_word' id='word_1_795' title='bbox 1052 5969 1088 6016; x_wconf 87' lang='lat' dir='ltr'><strong>t,</strong></span> <span class='ocrx_word' id='word_1_796' title='bbox 1130 5952 1222 6010; x_wconf 65' lang='lat'><strong>98.</strong></span> <span class='ocrx_word' id='word_1_797' title='bbox 1301 5955 1344 5985; x_wconf 85' lang='grc'><strong>⁵⁷</strong></span> <span class='ocrx_word' id='word_1_798' title='bbox 1378 5955 1396 6007; x_wconf 85' lang='grc'><strong>1</strong></span> <span class='ocrx_word' id='word_1_799' title='bbox 1431 5953 1556 6009; x_wconf 86' lang='lat' dir='ltr'><strong>Cor.</strong></span> <span class='ocrx_word' id='word_1_800' title='bbox 1585 5970 1656 6018; x_wconf 72' lang='lat' dir='ltr'><strong>tu,</strong></span> <span class='ocrx_word' id='word_1_801' title='bbox 1690 5953 1778 6007; x_wconf 74' lang='lat'><strong>32.</strong></span> 
     </span>
    </p>
   </div>
   <div class='ocr_carea' id='block_1_107' title="bbox 1881 5007 3456 5082">
    <p class='ocr_par' dir='ltr' id='par_1_107' title="bbox 1881 5007 3456 5082">
     <span class='ocr_line' id='line_1_107' title="bbox 1881 5007 3456 5082; baseline -0.002 -18"><span class='ocrx_word' id='word_1_802' title='bbox 1881 5027 2002 5064; x_wconf 86' lang='lat' dir='ltr'><strong>rum</strong></span> <span class='ocrx_word' id='word_1_803' title='bbox 2034 5011 2320 5064; x_wconf 83' lang='lat' dir='ltr'><strong>intervallo</strong></span> <span class='ocrx_word' id='word_1_804' title='bbox 2343 5010 2579 5064; x_wconf 88' lang='lat' dir='ltr'><strong>dissides</strong></span> <span class='ocrx_word' id='word_1_805' title='bbox 2604 5026 2619 5063; x_wconf 91' lang='lat'><strong>:</strong></span> <span class='ocrx_word' id='word_1_806' title='bbox 2646 5026 2771 5064; x_wconf 93' lang='lat' dir='ltr'><strong>cum</strong></span> <span class='ocrx_word' id='word_1_807' title='bbox 2796 5026 2862 5064; x_wconf 77' lang='lat' dir='ltr'><strong>ex</strong></span> <span class='ocrx_word' id='word_1_808' title='bbox 2892 5009 3078 5064; x_wconf 85' lang='lat' dir='ltr'><strong>Sicilia</strong></span> <span class='ocrx_word' id='word_1_809' title='bbox 3104 5026 3190 5067; x_wconf 90' lang='lat' dir='ltr'><strong>me</strong></span> <span class='ocrx_word' id='word_1_810' title='bbox 3216 5007 3456 5082; x_wconf 82' lang='lat' dir='ltr'><strong>Byzantii</strong></span> 
     </span>
    </p>
   </div>
   <div class='ocr_carea' id='block_1_108' title="bbox 1883 5102 3458 5174">
    <p class='ocr_par' dir='ltr' id='par_1_108' title="bbox 1883 5102 3458 5174">
     <span class='ocr_line' id='line_1_108' title="bbox 1883 5102 3458 5174; baseline -0.002 -18"><span class='ocrx_word' id='word_1_811' title='bbox 1883 5113 2317 5156; x_wconf 87' lang='lat' dir='ltr'><strong>commorantem</strong></span> <span class='ocrx_word' id='word_1_812' title='bbox 2342 5143 2356 5165; x_wconf 92' lang='lat'><strong>,</strong></span> <span class='ocrx_word' id='word_1_813' title='bbox 2392 5114 2444 5157; x_wconf 91' lang='lat' dir='ltr'><strong>et</strong></span> <span class='ocrx_word' id='word_1_814' title='bbox 2475 5119 2505 5157; x_wconf 92' lang='lat' dir='ltr'><strong>a</strong></span> <span class='ocrx_word' id='word_1_815' title='bbox 2539 5103 2799 5174; x_wconf 74' lang='lat' dir='ltr'><strong>Byzantio</strong></span> <span class='ocrx_word' id='word_1_816' title='bbox 2833 5102 2921 5157; x_wconf 90' lang='lat' dir='ltr'><strong>hic</strong></span> <span class='ocrx_word' id='word_1_817' title='bbox 2949 5104 3030 5159; x_wconf 89' lang='lat' dir='ltr'><strong>vel</strong></span> <span class='ocrx_word' id='word_1_818' title='bbox 3065 5104 3176 5159; x_wconf 90' lang='lat' dir='ltr'><strong>illic</strong></span> <span class='ocrx_word' id='word_1_819' title='bbox 3203 5102 3458 5158; x_wconf 83' lang='lat' dir='ltr'><strong>exsulan-</strong></span> 
     </span>
    </p>
   </div>
   <div class='ocr_carea' id='block_1_109' title="bbox 1886 5193 3456 5265">
    <p class='ocr_par' dir='ltr' id='par_1_109' title="bbox 1886 5193 3456 5265">
     <span class='ocr_line' id='line_1_109' title="bbox 1886 5193 3456 5265; baseline 0 -17"><span class='ocrx_word' id='word_1_820' title='bbox 1886 5206 2015 5260; x_wconf 83' lang='lat' dir='ltr'><strong>tem,</strong></span> <span class='ocrx_word' id='word_1_821' title='bbox 2055 5197 2335 5252; x_wconf 81' lang='lat' dir='ltr'><strong>beneﬁciis</strong></span> <span class='ocrx_word' id='word_1_822' title='bbox 2363 5213 2584 5260; x_wconf 89' lang='lat' dir='ltr'><strong>oneras,</strong></span> <span class='ocrx_word' id='word_1_823' title='bbox 2614 5199 2761 5252; x_wconf 91' lang='lat' dir='ltr'><strong>sicut</strong></span> <span class='ocrx_word' id='word_1_824' title='bbox 2787 5208 2840 5250; x_wconf 88' lang='lat' dir='ltr'><strong>et</strong></span> <span class='ocrx_word' id='word_1_825' title='bbox 2865 5213 3031 5251; x_wconf 92' lang='lat' dir='ltr'><strong>nunc.</strong></span> <span class='ocrx_word' id='word_1_826' title='bbox 3065 5196 3273 5265; x_wconf 87' lang='lat' dir='ltr'><strong>Ecquid</strong></span> <span class='ocrx_word' id='word_1_827' title='bbox 3311 5193 3456 5251; x_wconf 88' lang='lat' dir='ltr'><strong>istud</strong></span> 
     </span>
    </p>
   </div>
   <div class='ocr_carea' id='block_1_110' title="bbox 1884 5287 3456 5358">
    <p class='ocr_par' dir='ltr' id='par_1_110' title="bbox 1884 5287 3456 5358">
     <span class='ocr_line' id='line_1_110' title="bbox 1884 5287 3456 5358; baseline -0.001 -18"><span class='ocrx_word' id='word_1_828' title='bbox 1884 5287 1964 5341; x_wconf 87' lang='lat' dir='ltr'><strong>rei</strong></span> <span class='ocrx_word' id='word_1_829' title='bbox 2001 5298 2108 5350; x_wconf 90' lang='lat' dir='ltr'><strong>est,</strong></span> <span class='ocrx_word' id='word_1_830' title='bbox 2136 5288 2282 5355; x_wconf 88' lang='lat' dir='ltr'><strong>quod</strong></span> <span class='ocrx_word' id='word_1_831' title='bbox 2317 5302 2446 5356; x_wconf 69' lang='lat' dir='ltr'><strong>erga</strong></span> <span class='ocrx_word' id='word_1_832' title='bbox 2484 5289 2758 5342; x_wconf 90' lang='lat' dir='ltr'><strong>hominem</strong></span> <span class='ocrx_word' id='word_1_833' title='bbox 2793 5299 3162 5358; x_wconf 81' lang='lat' dir='ltr'><strong>peccatorem,</strong></span> <span class='ocrx_word' id='word_1_834' title='bbox 3203 5303 3267 5343; x_wconf 87' lang='lat' dir='ltr'><strong>ac</strong></span> <span class='ocrx_word' id='word_1_835' title='bbox 3295 5301 3456 5356; x_wconf 81' lang='lat' dir='ltr'><strong>gene-</strong></span> 
     </span>
    </p>
   </div>
   <div class='ocr_carea' id='block_1_111' title="bbox 1882 5377 3455 5447">
    <p class='ocr_par' dir='ltr' id='par_1_111' title="bbox 1882 5377 3455 5447">
     <span class='ocr_line' id='line_1_111' title="bbox 1882 5377 3455 5447; baseline -0.003 -14"><span class='ocrx_word' id='word_1_836' title='bbox 1882 5380 2109 5433; x_wconf 87' lang='lat' dir='ltr'><strong>rositate</strong></span> <span class='ocrx_word' id='word_1_837' title='bbox 2143 5391 2234 5433; x_wconf 87' lang='lat' dir='ltr'><strong>tua</strong></span> <span class='ocrx_word' id='word_1_838' title='bbox 2272 5381 2575 5447; x_wconf 75' lang='lat' dir='ltr'><strong>indignum,</strong></span> <span class='ocrx_word' id='word_1_839' title='bbox 2608 5381 2689 5433; x_wconf 88' lang='lat' dir='ltr'><strong>sic</strong></span> <span class='ocrx_word' id='word_1_840' title='bbox 2717 5396 2776 5432; x_wconf 89' lang='lat' dir='ltr'><strong>es</strong></span> <span class='ocrx_word' id='word_1_841' title='bbox 2812 5381 3085 5434; x_wconf 88' lang='lat' dir='ltr'><strong>animatus</strong></span> <span class='ocrx_word' id='word_1_842' title='bbox 3124 5395 3138 5433; x_wconf 88' lang='lat'><strong>:</strong></span> <span class='ocrx_word' id='word_1_843' title='bbox 3175 5379 3279 5435; x_wconf 83' lang='lat' dir='ltr'><strong>nisi</strong></span> <span class='ocrx_word' id='word_1_844' title='bbox 3313 5377 3455 5447; x_wconf 89' lang='lat' dir='ltr'><strong>quod</strong></span> 
     </span>
    </p>
   </div>
   <div class='ocr_carea' id='block_1_112' title="bbox 1881 5472 3454 5541">
    <p class='ocr_par' dir='ltr' id='par_1_112' title="bbox 1881 5472 3454 5541">
     <span class='ocr_line' id='line_1_112' title="bbox 1881 5472 3454 5541; baseline -0.004 -16"><span class='ocrx_word' id='word_1_845' title='bbox 1881 5474 1969 5526; x_wconf 90' lang='lat' dir='ltr'><strong>ille</strong></span> <span class='ocrx_word' id='word_1_846' title='bbox 1994 5481 2043 5525; x_wconf 93' lang='lat' dir='ltr'><strong>te</strong></span> <span class='ocrx_word' id='word_1_847' title='bbox 2071 5475 2419 5526; x_wconf 86' lang='lat' dir='ltr'><strong>vehementer</strong></span> <span class='ocrx_word' id='word_1_848' title='bbox 2440 5472 2614 5541; x_wconf 78' lang='lat' dir='ltr'><strong>diligit</strong></span> <span class='ocrx_word' id='word_1_849' title='bbox 2635 5481 2855 5540; x_wconf 90' lang='lat' dir='ltr'><strong>propter</strong></span> <span class='ocrx_word' id='word_1_850' title='bbox 2876 5473 3182 5526; x_wconf 90' lang='lat' dir='ltr'><strong>absolutam</strong></span> <span class='ocrx_word' id='word_1_851' title='bbox 3201 5472 3454 5525; x_wconf 87' lang='lat' dir='ltr'><strong>virtutem</strong></span> 
     </span>
    </p>
   </div>
   <div class='ocr_carea' id='block_1_113' title="bbox 1878 5562 3454 5630">
    <p class='ocr_par' dir='ltr' id='par_1_113' title="bbox 1878 5562 3454 5630">
     <span class='ocr_line' id='line_1_113' title="bbox 1878 5562 3454 5630; baseline -0.002 -16"><span class='ocrx_word' id='word_1_852' title='bbox 1878 5577 1943 5614; x_wconf 88' lang='lat' dir='ltr'><strong>ac</strong></span> <span class='ocrx_word' id='word_1_853' title='bbox 1977 5562 2232 5629; x_wconf 89' lang='lat' dir='ltr'><strong>pietatem</strong></span> <span class='ocrx_word' id='word_1_854' title='bbox 2263 5572 2433 5624; x_wconf 86' lang='lat' dir='ltr'><strong>tuam,</strong></span> <span class='ocrx_word' id='word_1_855' title='bbox 2467 5577 2627 5630; x_wconf 85' lang='lat' dir='ltr'><strong>quant</strong></span> <span class='ocrx_word' id='word_1_856' title='bbox 2654 5577 2761 5614; x_wconf 90' lang='lat' dir='ltr'><strong>non</strong></span> <span class='ocrx_word' id='word_1_857' title='bbox 2794 5562 2981 5616; x_wconf 87' lang='lat' dir='ltr'><strong>Sicilia</strong></span> <span class='ocrx_word' id='word_1_858' title='bbox 3005 5563 3191 5628; x_wconf 90' lang='lat' dir='ltr'><strong>modo,</strong></span> <span class='ocrx_word' id='word_1_859' title='bbox 3226 5571 3320 5616; x_wconf 89' lang='lat' dir='ltr'><strong>aut</strong></span> <span class='ocrx_word' id='word_1_860' title='bbox 3341 5562 3454 5614; x_wconf 66' lang='lat' dir='ltr'><strong>hate</strong></span> 
     </span>
    </p>
   </div>
   <div class='ocr_carea' id='block_1_114' title="bbox 1879 5649 3452 5720">
    <p class='ocr_par' dir='ltr' id='par_1_114' title="bbox 1879 5649 3452 5720">
     <span class='ocr_line' id='line_1_114' title="bbox 1879 5649 3452 5720; baseline -0.001 -16"><span class='ocrx_word' id='word_1_861' title='bbox 1879 5653 1963 5705; x_wconf 87' lang='lat' dir='ltr'><strong>vel</strong></span> <span class='ocrx_word' id='word_1_862' title='bbox 1992 5651 2093 5704; x_wconf 88' lang='lat' dir='ltr'><strong>ista</strong></span> <span class='ocrx_word' id='word_1_863' title='bbox 2123 5651 2274 5720; x_wconf 83' lang='lat' dir='ltr'><strong>regio</strong></span> <span class='ocrx_word' id='word_1_864' title='bbox 2297 5652 2677 5714; x_wconf 88' lang='lat' dir='ltr'><strong>concelebrat,</strong></span> <span class='ocrx_word' id='word_1_865' title='bbox 2721 5649 2816 5704; x_wconf 89' lang='lat' dir='ltr'><strong>sed</strong></span> <span class='ocrx_word' id='word_1_866' title='bbox 2856 5661 2910 5704; x_wconf 91' lang='lat' dir='ltr'><strong>et</strong></span> <span class='ocrx_word' id='word_1_867' title='bbox 2950 5655 3068 5719; x_wconf 90' lang='lat' dir='ltr'><strong>ipsa</strong></span> <span class='ocrx_word' id='word_1_868' title='bbox 3107 5649 3452 5720; x_wconf 77' lang='lat' dir='ltr'><strong>imperatoria</strong></span> 
     </span>
    </p>
   </div>
   <div class='ocr_carea' id='block_1_115' title="bbox 1888 5742 3456 5814">
    <p class='ocr_par' dir='ltr' id='par_1_115' title="bbox 1888 5742 3456 5814">
     <span class='ocr_line' id='line_1_115' title="bbox 1888 5742 3456 5814; baseline -0.006 -13"><span class='ocrx_word' id='word_1_869' title='bbox 1888 5747 2102 5801; x_wconf 85' lang='lat' dir='ltr'><strong>civitas.</strong></span> <span class='ocrx_word' id='word_1_870' title='bbox 2158 5747 2501 5814; x_wconf 74' lang='lat' dir='ltr'><strong>Quapropter</strong></span> <span class='ocrx_word' id='word_1_871' title='bbox 2543 5755 2596 5798; x_wconf 92' lang='lat' dir='ltr'><strong>et</strong></span> <span class='ocrx_word' id='word_1_872' title='bbox 2638 5745 2860 5811; x_wconf 78' lang='lat' dir='ltr'><strong>regibus</strong></span> <span class='ocrx_word' id='word_1_873' title='bbox 2890 5742 3024 5812; x_wconf 89' lang='lat' dir='ltr'><strong>ipsis</strong></span> <span class='ocrx_word' id='word_1_874' title='bbox 3060 5753 3115 5796; x_wconf 93' lang='lat' dir='ltr'><strong>tu</strong></span> <span class='ocrx_word' id='word_1_875' title='bbox 3148 5745 3357 5798; x_wconf 85' lang='lat' dir='ltr'><strong>.cbarus</strong></span> <span class='ocrx_word' id='word_1_876' title='bbox 3403 5746 3456 5792; x_wconf 87' lang='lat' dir='ltr'><strong>et</strong></span> 
     </span>
    </p>
   </div>
   <div class='ocr_carea' id='block_1_116' title="bbox 1888 5834 3453 5907">
    <p class='ocr_par' dir='ltr' id='par_1_116' title="bbox 1888 5834 3453 5907">
     <span class='ocr_line' id='line_1_116' title="bbox 1888 5834 3453 5907; baseline -0.005 -16"><span class='ocrx_word' id='word_1_877' title='bbox 1888 5837 2286 5905; x_wconf 87' lang='lat' dir='ltr'><strong>optimatibus:</strong></span> <span class='ocrx_word' id='word_1_878' title='bbox 2340 5852 2403 5891; x_wconf 86' lang='lat' dir='ltr'><strong>ac</strong></span> <span class='ocrx_word' id='word_1_879' title='bbox 2442 5836 2733 5907; x_wconf 82' lang='lat' dir='ltr'><strong>dignitates</strong></span> <span class='ocrx_word' id='word_1_880' title='bbox 2773 5835 2868 5890; x_wconf 89' lang='lat' dir='ltr'><strong>tibi</strong></span> <span class='ocrx_word' id='word_1_881' title='bbox 2912 5835 2982 5891; x_wconf 91' lang='lat' dir='ltr'><strong>ob</strong></span> <span class='ocrx_word' id='word_1_882' title='bbox 3000 5835 3254 5890; x_wconf 88' lang='lat' dir='ltr'><strong>virtutem</strong></span> <span class='ocrx_word' id='word_1_883' title='bbox 3295 5834 3453 5888; x_wconf 58' lang='lat' dir='ltr'><strong>data.</strong></span> 
     </span>
    </p>
   </div>
   <div class='ocr_carea' id='block_1_117' title="bbox 1894 5951 2372 6017">
    <p class='ocr_par' dir='ltr' id='par_1_117' title="bbox 1894 5951 2372 6017">
     <span class='ocr_line' id='line_1_117' title="bbox 1894 5951 2372 6017; baseline -0.006 -9"><span class='ocrx_word' id='word_1_884' title='bbox 1894 5952 1939 5984; x_wconf 80' lang='lat'><strong>“‘</strong></span> <span class='ocrx_word' id='word_1_885' title='bbox 1976 5951 2121 6008; x_wconf 81' lang='lat' dir='ltr'><strong>Psal.</strong></span> <span class='ocrx_word' id='word_1_886' title='bbox 2160 5969 2284 6017; x_wconf 66' lang='grc' dir='ltr'><strong>ων,</strong></span> <span class='ocrx_word' id='word_1_887' title='bbox 2319 5953 2372 6006; x_wconf 90' lang='lat'><strong>7.</strong></span> 
     </span>
    </p>
   </div>
  </div>
