3934 6430
502 383 633 447 1271

1698 383 1759 444 S.
1793 382 2191 444 THEODORI
2233 379 2582 445 STUDITE

3652 380 3788 447 1272

500 497 595 554 Sic
619 541 633 561 ,
673 514 799 553 cum
837 496 1008 553 Deum
1042 497 1272 566 diligas,
1302 503 1359 550 et
1379 494 1451 551 ab
1481 493 1602 567 ipso
1632 494 1902 566 diligeris,
1932 507 1991 551 et
2020 496 2091 552 ab

2215 496 2312 550 τοῦ.
2360 493 2502 562 Ἐγὼ
2526 492 2584 546 δὲ
2615 490 2752 561 ὁμοῦ
2776 491 2874 562 μὲν
2909 488 3207 562 άπόθητος,
3237 489 3376 564 ὁμοῦ
3405 492 3465 548 δὲ
3492 494 3593 548 καὶ
3610 493 3785 568 ὀρφα.

496 593 584 647 eis
620 591 716 663 qui
754 600 880 645 sunt
913 591 1054 661 ejus.
1091 588 1203 659 Ego
1243 603 1371 643 vero
1417 603 1520 643 nec
1553 589 1811 657 cuiquam
1843 590 2085 655 charus,

498 696 554 742 et
584 687 727 741 idem
764 683 1084 755 parentibus
1108 682 1431 737 destitutus.
1482 681 1785 752 Dereliquit
1819 682 1966 737 enim
2001 699 2089 739 me

499 789 656 852 pater
684 794 841 833 meus
872 777 1115 848 migrans
1156 776 1222 830 ad
1261 773 1580 839 Dominum,
1616 776 2088 846 quemadmodum

500 884 554 929 et
583 874 697 944 ipse
726 870 952 926 omnino
978 869 1145 925 nosH.
1175 867 1444 925 Similiter
1466 880 1521 925 et
1537 869 1858 941 Calogerus.
1891 869 2091 925 Archi-

501 967 790 1036 episcopus
817 972 872 1019 et
898 963 1039 1018 idem
1070 962 1260 1029 frater,
1295 962 1449 1019 solus
1477 973 1564 1019 est
1592 964 1842 1019 relictus.
1877 961 2087 1019 Verum

501 1070 554 1113 et
578 1061 714 1128 ipse,
741 1067 963 1128 propter
985 1072 1048 1111 ea
1080 1072 1204 1126 qua:
1231 1072 1331 1111 nos
1352 1056 1894 1127 comprehenderunt
1925 1057 2088 1121 mala,

501 1151 824 1221 longissimo
882 1159 1160 1205 terrarum
1215 1149 1393 1219 spatio
1451 1149 1753 1207 dirimitur.
1809 1151 2092 1221 Angustias

503 1246 634 1300 mihi
672 1246 931 1315 utrinque
957 1263 971 1300 :
1006 1260 1134 1316 qua:
1163 1254 1351 1299 tamen
1380 1242 1586 1302 Christi
1614 1261 1784 1301 causa
1811 1245 2094 1301 latissimae

502 1355 564 1393 ac
590 1338 933 1394 suavissimae
965 1347 1116 1393 sunt.
1158 1338 1263 1395 Sed
1293 1338 1425 1409 quid
1467 1339 1535 1394 ad
1572 1338 1916 1395 inﬁdelitatis
1953 1348 2092 1393 tem-

500 1441 807 1502 pestatem:
863 1433 916 1486 in
964 1447 1075 1503 qua
1118 1432 1414 1488 universus
1457 1433 1857 1503 propemodum
1898 1431 2091 1499 orbis,

501 1525 598 1594 qui
641 1524 771 1580 huic
818 1535 979 1595 paret
1027 1526 1297 1595 imperio,
1326 1526 1674 1596 naufragium
1708 1524 1877 1580 facit?
1914 1523 2050 1580 Vide
2076 1564 2091 1589 ,

502 1618 727 1672 domine
749 1659 765 1683 ,
796 1618 864 1672 ad
901 1634 1024 1686 qtne
1054 1617 1198 1673 mala
1236 1618 1497 1673 reservati
1532 1633 1724 1673 sumus
1756 1636 1768 1672 :
1802 1633 1925 1688 qua:
1956 1617 2092 1671 nihil

505 1712 587 1765 vel
614 1728 807 1781 parum
841 1712 1137 1767 admodum
1160 1728 1190 1767 a
1213 1711 1499 1767 Judaismo
1527 1713 1841 1780 discrepent
1870 1730 1883 1767 :
1914 1729 2093 1783 quan-

506 1804 805 1872 doquidem
851 1804 1094 1870 Christi,
1144 1805 1635 1873 sanctissiunauluze
1693 1804 1981 1875 Deiparaa,
2042 1816 2098 1862 et

2195 588 2305 651 νος.
2362 584 2420 638 '0
2456 584 2642 654 πατήρ
2692 599 2796 653 μου
2837 583 3168 651 ἐγκατέλιπε
3196 602 3299 655 με,
3343 586 3617 658 χωρήσας
3656 587 3789 659 πρὸς

2197 679 2421 751 Κύριον,
2454 676 2601 730 καθά
2638 676 2855 739 πάντως
2888 675 3117 745 διέγνως
3143 677 3239 731 καὶ
3270 679 3459 744 αὑτός.
3510 680 3787 745 Ὡσαύτως

2197 772 2291 825 καὶ⁹
2313 774 2341 825 6
2368 770 2729 842 Καλόγηρως.
2774 769 2833 823 '0
2859 769 3085 839 ἁδελφὸς
3114 772 3210 825 καὶ
3234 772 3681 843 ἀρχιεπίσκοπος
3703 775 3792 847 μοι

2197 883 2287 931 νος
2307 883 2398 936 μοι
2420 863 2934 933 ἐγκαταλέλειπται.
2976 862 3137 919 Ἀλλά
3166 867 3261 920 καὶ⁵
3278 861 3457 930 οὗτος,
3481 868 3578 921 διὰ
3604 869 3675 923 τὰ
3694 868 3788 922 νῦν

2198 959 2563 1030 κατειληφότα
2585 959 2736 1029 ἡμᾶς
2770 956 2940 1023 δεινά,
2971 957 3372 1029 διεσπασμένος
3421 960 3550 1015 λίαν
3575 963 3790 1034 πόρρω.

2198 1052 2368 1106 Στενά
2386 1069 2477 1121 μοι
2498 1049 2860 1119 ἑκατέρωθεν
2886 1050 3037 1121 ὅμως
3073 1050 3157 1104 ὅτι
3179 1051 3267 1106 διὰ
3287 1052 3532 1123 Χριστὸν
3561 1054 3663 1108 καὶ
3677 1056 3793 1108 λίαν

2199 1145 2406 1214 γλυκέα
2426 1144 2521 1197 καὶ
2536 1143 2829 1213 εὑρύτατα.
2862 1142 3027 1196 Ἀλλὰ
3057 1143 3110 1197 τί
3140 1143 3276 1215 πρὸς
3295 1145 3389 1198 τὸν
3417 1145 3677 1203 κλύδωνα
3694 1148 3791 1218 τῆς

2199 1238 2490 1297 ἀπιστίαςο
2549 1236 2634 1304 ἐφ’
2679 1228 2725 1305 ᾧ
2769 1236 2831 1289 τὸ
2876 1236 3224 1306 παγκόσμιον
3267 1238 3392 1291 ὅσον
3428 1239 3491 1292 τὸ
3520 1241 3671 1293 κατὰ
3694 1240 3793 1313 τὴν

2201 1330 2323 1386 καθ’
2356 1330 2508 1401 ἡμᾶς
2537 1328 2787 1394 ἐξουσίαν
2835 1328 3125 1396 ναυάγιον;
3159 1328 3269 1393 ἴδε,
3295 1328 3537 1383 δέσποτα
3556 1371 3573 1393 ,
3596 1333 3681 1395 είς
3710 1327 3796 1386 οἶα

2202 1424 2415 1496 πονηρὰ
2447 1421 2892 1492 ἐταμιεύθημεν,
2917 1420 3071 1475 οὐδὲν
3099 1420 3133 1492 ἢ
3175 1420 3376 1491 μικρόν
3409 1440 3462 1475 τι
3487 1423 3796 1477 ἀποδέοντι

2213 1513 2583 1583 Ἰουδαῖσμοῦο
2608 1514 2775 1584 ἡνίκα
2805 1515 2838 1585 ή
2878 1512 3043 1567 εἰκὼν
3075 1514 3349 1585 Χριστοῦ,
3384 1516 3487 1586 τῆς
3523 1533 3582 1569 τε
3627 1518 3797 1585 ἁγίας

2200 1609 2488 1675 Θεοτόκου,
2520 1608 2613 1662 καὶ
2644 1608 2847 1669 παντὸς
2870 1606 3027 1673 ἁγίου
3049 1646 3063 1669 ,
3086 1606 3369 1677 ἡθέτηται,
3404 1608 3793 1675 ἐξουδένωται,

2202 1703 2566 1775 ἐνυϐρίζεται.
2616 1700 2790 1763 Αὐτὸς
2836 1701 2945 1770 γὰρ
3011 1700 3249 1771 Χριστὸς
3315 1702 3414 1754 σὺν
3472 1702 3652 1775 μητρὶ
3702 1704 3799 1757 καὶ

2204 1796 2534 1866 θεράπουσίν
2577 1797 2724 1848 ἐστιν
2749 1795 2778 1847 6
2800 1793 2973 1847 ταῦτα
3001 1798 3375 1862 ὑφιστάμενος
3394 1810 3409 1823 '
3441 1796 3548 1850 κᾶν
3567 1798 3630 1850 οὖ
3663 1799 3797 1869 δοκῇ

507 1898 682 1953 sancti
715 1896 961 1966 cujusvis
993 1897 1170 1965 imago
1198 1906 1377 1965 spreta
1398 1937 1412 1961 ,
1457 1897 1615 1950 nihili
1653 1896 1840 1951 habita
1863 1939 1878 1963 ,
1929 1897 2097 1961 dede-

2215 1896 2312 1955 :oi’;
2343 1890 2720 1961 ἀρνουμένοις.
2766 1888 2931 1942 Ἀλλά
2962 1905 3021 1940 σε
3054 1887 3257 1957 Κύριος
3293 1887 3587 1958 φυλάξειεν
3618 1892 3680 1944 ἐν
3723 1891 3801 1961 τῷ

506 2006 634 2044 core
660 1990 854 2045 affecta
879 1999 984 2045 est.
1019 1988 1141 2058 Ipse
1166 1988 1313 2042 enim
1343 1987 1601 2044 Christus
1624 2030 1640 2055 ,
1669 2004 1797 2044 cum
1838 1999 2017 2045 matre
2047 1998 2103 2043 et

2215 1983 2343 2057 Βρθῷ
2384 1984 2696 2054 φρονήματι
2742 1980 3227 2035 ἁκαταϐάπτιστον
3250 1997 3263 2010 °
3296 1982 3345 2033 εἰ
3373 1984 3607 2046 καὶτοῖς
3640 1985 3800 2053 αἱρε-

508 2085 773 2152 famulis,
824 2086 927 2140 ista
986 2082 1291 2154 perpetitur
1334 2099 1348 2135 :
1395 2082 1497 2135 etsi
1555 2080 1887 2151 negantibus
1941 2080 2102 2135 aliter

2215 2079 2375 2138 ιικοῖς
2422 2075 2632 2146 κύμασι
2668 2074 3244 2146 καταρραντιζόμενον
3272 2072 3474 2138 ἔξωθεν
3495 2090 3509 2103 ·
3544 2075 3674 2128 ἐπεὶ
3702 2078 3801 2146 οὐχ

507 2179 746 2233 videtur.
800 2175 997 2231 Verum
1054 2174 1330 2231 custodiat
1389 2182 1441 2227 te
1504 2172 1776 2228 Dominus
1834 2174 1890 2228 in
1949 2187 2101 2231 recta

2215 2166 2314 2223 >ἷόν
2365 2184 2423 2222 τε
2459 2168 2746 2234 διαφυγεῖν
2778 2183 2839 2218 σε
2882 2166 3230 2219 παντάπασιν
3277 2167 3337 2219 ἐν
3368 2165 3523 2237 μέσῳ
3559 2170 3802 2238 στρεφό-

508 2272 803 2335 seutentia,
833 2278 1124 2339 servetque
1153 2284 1183 2322 a
1220 2266 1546 2337 naufragio;
1580 2281 1900 2337 quanquam
1926 2266 2097 2322 haere-

2215 2279 2383 2330 asvov.
2413 2262 2524 2314 Καὶ
2552 2261 2643 2313 τὸν
2675 2259 2818 2327 ὑπὲρ
2848 2259 2948 2327 τῆς
2989 2258 3132 2328 ἐμῆς
3180 2257 3574 2323 ταπεινώσεως
3600 2262 3803 2328 μισθόν

508 2366 586 2420 sis
609 2363 870 2419 fluctibus
891 2363 1239 2418 extrinsecus
1254 2362 1592 2431 respergaris
1614 2374 1626 2414 :
1649 2360 2093 2431 quandoquidem

507 2456 787 2511 declinare
830 2456 883 2510 id
929 2455 1156 2509 minime
1200 2462 1393 2524 potes,
1443 2454 1499 2507 in
1543 2453 1722 2508 media
1771 2462 2099 2524 tempestate

2208 2373 2289 2409 cet
2323 2354 2596 2424 παράσχοι
2629 2352 3057 2418 πολυπλασίονα,
3099 2345 3203 2407 ὧδέ
3233 2369 3293 2405 τε
3337 2353 3434 2405 καὶ
3461 2356 3519 2407 ἐν
3552 2354 3633 2425 τῷ
3672 2356 3804 2425 μελ-

2205 2450 2351 2503 λοντι
2380 2449 2561 2502 αἰῶνι.

511 2551 748 2619 positus.
780 2547 931 2602 Idem
959 2556 1013 2602 et
1053 2545 1379 2601 humilitatis
1413 2560 1548 2598 meae
1586 2544 1704 2599 vice
1747 2545 2103 2616 multiplicem
2144 2541 2242 2598 tibi
2272 2539 2550 2610 persolvat
2611 2538 2939 2603 mercedem,
2974 2544 3090 2591 tum
3151 2537 3207 2591 in
3234 2539 3359 2604 isto,
3384 2546 3500 2592 tum
3530 2538 3587 2592 in
3614 2537 3804 2595 futuro

508 2645 729 2701 smculo.

846 2735 1022 2791 LVI”.
1048 2768 1112 2777 --
1140 2734 1422 2787 Fratribus
1464 2733 1766 2788 Stttdianis.

2331 2726 2464 2782 NH'.
2494 2757 2564 2769 —
2597 2725 2727 2791 Τοῖς
2749 2718 2839 2791 εἷς
2860 2722 2934 2778 τὰ
2962 2722 3255 2779 Στουδίου
3284 2724 3599 2794 ἀδελφοῖς·
3628 2724 3801 2801 [υεῗ

1081 2828 1348 2877 Monachos
1368 2825 1638 2877 Studianos
1659 2827 1711 2874 in
1738 2824 1924 2877 Christi
1958 2824 2275 2875 confessione
2307 2823 2583 2872 confirmat.
2611 2821 2812 2881 (Bai-on.
2845 2831 2925 2867 an.
2953 2817 3067 2877 8t8,
3093 2830 3144 2865 n.
3170 2816 3273 2879 20.)

581 2913 800 2968 Salvete
846 2911 901 2964 in
945 2908 1217 2975 Domino,
1266 2911 1467 2964 fratres
1499 2923 1564 2962 ac
1587 2910 1825 2964 Patres:
1868 2908 2098 2971 salvete,

514 3005 715 3058 milites
789 3000 995 3055 Christi
1061 3018 1074 3053 :
1126 3000 1298 3061 salve,
1360 2997 1596 3053 fratrum
1647 2999 1819 3064 trias,
1898 3007 2102 3052 sanctae

515 3094 803 3151 Trinitatis
830 3093 1001 3162 gratia
1026 3092 1201 3155 dives,
1234 3107 1362 3145 vere.
1391 3090 1541 3162 digni
1573 3090 1777 3145 talibus
1813 3090 2101 3144 salutatio-

518 3191 683 3243 nibus
705 3229 720 3253 ,
744 3185 874 3257 quia
903 3194 1127 3255 prOpter
1150 3182 1432 3238 Christum
1457 3197 1721 3251 generose
1743 3181 2101 3235 durissimum

518 3296 797 3338 carcerem
848 3278 1144 3349 patimini,
1190 3292 1217 3330 a
1271 3276 1498 3331 Leontio
1554 3274 1769 3330 nefario
1813 3275 2009 3329 vexati.
2060 3272 2104 3328 Ο

521 3373 802 3429 Judaicam
828 3370 1162 3441 apostasiam
1191 3370 1203 3423 !
1235 3368 1290 3423 Si
1321 3369 1556 3438 agrestis
1592 3368 1701 3422 fera
1727 3377 1892 3431 esset,
1916 3367 2106 3422 satiari

523 3467 709 3535 utique
764 3464 880 3533 jam
932 3470 1164 3531 posset,
1224 3462 1547 3530 sanguinem
1605 3468 1848 3513 vestrum
1917 3458 2107 3512 tandiu

524 3557 700 3626 ptenis
742 3554 974 3609 fundens
1024 3562 1078 3609 et
1128 3553 1409 3606 hauriens.
1463 3550 1531 3604 At
1581 3565 1730 3605 nunc
1778 3549 2111 3605 insatiabilis

527 3658 711 3707 manet
726 3646 1007 3717 sanguinis
1045 3654 1202 3716 potor
1224 3643 1616 3707 damoniacus,
1649 3643 1855 3696 nullum
1887 3658 2111 3697 sensum

526 3738 938 3802 misericordiae,
962 3736 1165 3791 nullam
1192 3735 1554 3789 humanitatis
1575 3733 2111 3789 commiserationem

526 3846 653 3903 erga
695 3846 793 3885 vos
840 3828 1147 3898 suscipiens
1200 3841 1372 3895 agnos
1423 3824 1665 3895 Christi,
1722 3824 1818 3881 sed
1869 3823 2113 3894 afﬂigens

527 3924 789 3992 omnique
820 3920 982 3974 modo
1014 3919 1282 3973 devorare
1312 3933 1410 3971 vos
1443 3933 1568 3973 cum
1601 3918 1804 3972 Satana
1838 3916 2071 3971 moliens
2100 3933 2112 3969 :

532 4025 589 4072 ut
639 4016 903 4086 glorietur
945 4013 1152 4066 draco:
1197 4021 1254 4065 ut
1304 4026 1399 4081 per
1445 4026 1575 4075 vos,
1612 4026 1713 4064 nos
1736 4024 1928 4063 omnes
1952 4010 2113 4062 etiam

531 4103 964 4173 perterrefaciat.
1000 4101 1104 4156 Sed
1132 4102 1360 4155 frustra.
1396 4100 1603 4155 Fidelis
1630 4103 1771 4155 enim
1809 4100 1943 4153 Deus
1965 4141 1979 4166 ,
2028 4101 2119 4169 qui

533 4213 639 4250 non
673 4199 904 4263 patietur
945 4211 1033 4247 vos
1087 4194 1281 4246 tentari
1328 4209 1492 4262 supra
1528 4211 1688 4257 quam
1727 4194 1975 4262 potestis,
2030 4193 2119 4246 sed

536 4286 694 4353 faciet
732 4286 894 4335 etiam
938 4298 1058 4335 cum
1106 4284 1392 4336 tentatione
1421 4292 1762 4352 proventum,
1811 4293 1868 4335 ut
1907 4285 2120 4352 possitis

532 4374 795 4425 sustinere
823 4371 890 4423 ⁵³.
928 4369 1314 4424 Recordamini
1356 4380 1676 4425 sanctorum
1712 4371 1807 4440 qui
1855 4386 1883 4423 a
1917 4374 2120 4426 saeculo

539 4469 794 4529 fuerunt,
829 4462 956 4532 quia
994 4476 1156 4515 nemo
1203 4462 1568 4516 tentationum
1614 4470 1669 4516 et
1699 4462 2119 4516 tribulationum

536 4572 735 4627 expers
776 4555 985 4625 placuit
1033 4552 1166 4607 Deo.
1216 4553 1316 4608 Hic
1363 4553 1586 4624 quidem
1635 4564 1819 4609 sectus
1872 4566 1989 4621 est;
2034 4556 2123 4610 ille

2274 2907 2509 2979 Χαίρετε
2540 2906 2598 2957 ἐν
2626 2904 2841 2971 Κυρίῳ,
2862 2901 3082 2969 ἀδελφοὶ
3115 2905 3207 2954 καὶ
3243 2901 3520 2970 Πατέρες·
3550 2902 3801 2974 χαίρετε,

2205 2997 2539 3070 στρατιῶται
2580 2994 2673 3048 τοῦ
2711 2995 2984 3065 Χριστοῦ“
3012 2995 3256 3065 χαίρετε,
3295 2996 3454 3064 τριὰς
3494 2996 3805 3064 ἀδελφικὴ,

2204 3091 2304 3159 τῆς
2352 3089 2515 3152 ἁγίας
2561 3087 2795 3158 Τριάδος
2842 3086 2943 3157 τὴν
2988 3087 3151 3158 χάριν
3209 3086 3806 3158 καταπ>.ον.›τήσαντες’

2207 3184 2375 3245 ὅντως
2414 3180 2555 3247 ἄξιοι
2586 3180 2844 3234 τοιούτων
2879 3180 3289 3250 χαιρετισμῶνθ
3312 3181 3396 3233 ὅτι
3435 3181 3526 3234 διὰ
3562 3184 3807 3253 Χριστὸν

2211 3274 2403 3344 φέρετε
2426 3272 2691 3340 γενναίως
2718 3273 2817 3341 τὴν
2843 3271 3157 3341 δεινοτάτην
3189 3272 3460 3343 φυλακὴν,
3495 3273 3604 3327 ὑπὸ
3632 3277 3809 3328 Λεον-

2212 3364 2329 3418 τίου
2360 3362 2452 3417 τοῦ
2483 3364 2780 3435 ἀλάστορος
2811 3363 3189 3433 κολαζόμενοι.
3226 3363 3291 3415 Ὠ
3322 3364 3422 3433 τῆς
3463 3366 3811 3431 ἁποστασίας

2212 3456 2307 3510 τοῦ
2353 3455 2810 3526 Ἰουδαιόιρρονοςί
2864 3456 2926 3508 Et
2974 3455 3080 3526 θὴρ
3125 3451 3194 3526 ἦν
3237 3457 3467 3526 ἄγριος,
3524 3460 3812 3526 τοσούτοις

2216 3549 2427 3619 χρόνοις
2483 3548 2724 3601 ὲκκενῶν
2772 3551 2838 3619 τῇ
2895 3547 3139 3601 κακώσει
3198 3551 3294 3601 καὶ
3346 3549 3523 3603 πίνων
3552 3551 3617 3603 τὸ
3666 3548 3814 3623 αἷμα

2214 3640 2390 3711 ὑμῶν,
2428 3640 2691 3711 ἐκορέσθη
2729 3640 2815 3695 ἄν.
2858 3640 2916 3693 '0
2949 3638 3007 3692 δὲ
3055 3639 3211 3708 μένει
3243 3640 3543 3709 ἀκόρεστος
3577 3645 3815 3713 αἱματοο

2217 3734 2387 3804 πότης
2414 3733 2777 3805 ἀγριοὺμενος
2802 3736 2829 3787 ὁ
2856 3732 3155 3803 δαιμονῶν,
3190 3734 3251 3787 οὑ
3276 3732 3579 3803 λαμϐάνων
3610 3737 3812 3805 αἰσθη-

2219 3843 2302 3877 σιν
2333 3824 2550 3888 ἐλέους,
2599 3824 2702 3877 οὑκ
2748 3824 3034 3893 οίκτιρμὸν
3076 3824 3493 3895 φιλανθρωπίας
3544 3828 3628 3891 είς
3660 3828 3814 3897 ὑμᾶς

2218 3914 2285 3966 τὰ
2344 3914 2507 3984 ἀρνία
2552 3912 2645 3966 τοῦ
2691 3913 2952 3983 Χριστοῦ,
2996 3912 3112 3966 ἀλλ’
3165 3913 3432 3968 ἐκθλίϐων
3487 3916 3588 3969 καὶ
3643 3921 3812 3971 παντὶ

2218 4007 2406 4076 τρόπῳ
2437 4005 2834 4076 μηχανουργῶν
2866 4008 2964 4060 σὺν
2990 4007 3067 4076 τῷ
3098 4008 3275 4060 Σατᾶν
3305 4012 3605 4061 καταπιεῖν
3628 4013 3778 4079 ὑμᾶς
3797 4027 3811 4039 ·

2220 4097 2307 4149 ἵνα
2345 4096 2757 4166 ὲγκαυχήσηται
2795 4098 2821 4148 6
2854 4095 3104 4164 δράκων·
3134 4096 3224 4149 ἵνα
3265 4098 3478 4169 πτοήσῃ
3534 4099 3605 4152 δι’
3656 4102 3814 4170 ὑμῶν

2223 4187 2320 4240 καὶ
2366 4187 2516 4256 ἡμᾶς
2568 4186 2810 4250 πάντας·
2860 4186 2973 4238 ἀλλ’
3023 4187 3293 4258 οὐδαμῶς.
3351 4189 3581 4257 Πιστὸς
3635 4194 3748 4260 τὰρ
3783 4196 3818 4247 ό

2224 4279 2401 4345 Θεὸς,
2442 4277 2512 4345 ὃς
2559 4280 2672 4332 οὐκ
2721 4278 2886 4331 ἐάσει
2934 4277 3091 4348 ὑμᾶς
3124 4280 3525 4348 πειρασθῆναι
3583 4284 3742 4353 ὑπὲρ
3783 4286 3817 4339 ὃ

2224 4370 2523 4425 δύνασθε⁸
2572 4370 2735 4424 ἀλλὰ
2768 4368 3009 4437 ποιήσει
3062 4370 3184 4423 σὺν
3224 4370 3305 4435 τῷ
3355 4376 3674 4443 πειρασμῷ
3716 4374 3819 4429 καί

2224 4465 2341 4531 τὴν
2368 4464 2639 4529 ἔκϐασιν,
2660 4462 2766 4517 τοῦ
2788 4463 3088 4517 δύνασθαι
3114 4465 3471 4533 ὑπενεγκεῖν
3532 4467 3818 4541 Ἀναμνή-

2228 4559 2392 4625 σθητε
2419 4557 2527 4610 τῶν
2554 4556 2649 4610 ἀπ’
2681 4555 2876 4617 αἰῶνος
2917 4556 3109 4625 ἁγίων,
3142 4558 3224 4610 ὅτι
3249 4557 3426 4621 οὐδεὶς
3462 4558 3593 4613 ἄνευ
3614 4578 3820 4634 πειρα-

536 4651 855 4720 lapidatus;
914 4649 1061 4701 alius
1112 4647 1237 4717 igne
1287 4655 1693 4716 consumptus;
1748 4648 1838 4701 alii
1896 4648 2108 4702 distenti

2227 4651 2429 4721 τηρίων
2458 4652 2553 4704 καὶ
2584 4650 2795 4705 πολλῶν
2827 4648 3062 4717 θλίψεων
3088 4648 3423 4720 εὐηρέστησε
3452 4650 3532 4720 τῷ
3562 4653 3709 4723 θεῷ.
3758 4655 3819 4709 ⁸0

538 4754 666 4797 sunt
695 4743 762 4795 °°.
794 4741 860 4794 Et
889 4741 1037 4810 quod
1070 4748 1285 4808 tempus
1316 4741 1548 4795 sulltciat
1578 4741 1931 4795 recensendas
1963 4741 2124 4796 nobis

539 4836 945 4903 circumposita:
989 4832 1119 4886 nubi
1170 4841 1507 4903 martyrum;
1561 4849 1796 4903 quorum
1855 4849 1950 4888 vos
1995 4850 2123 4889 cum

541 4928 837 4997 participes
904 4926 1025 4979 sitis
1082 4934 1138 4978 et
1192 4926 1554 4979 certaminum
1612 4926 1790 4989 socii,
1848 4928 2121 4993 gaudete,

542 5018 741 5073 fratres
780 5016 921 5080 mei,
961 5016 1162 5085 gaudio
1195 5015 1457 5070 ineffabili
1489 5055 1505 5077 ,
1551 5032 1779 5085 regnum
1816 5018 2128 5072 obtinentes

543 5119 736 5164 contra
763 5109 1014 5164 haeresim
1037 5151 1052 5174 ,
1095 5122 1285 5163 contra
1316 5110 1563 5164 affectus.
1597 5109 1676 5163 Tu
1701 5153 1715 5176 ,
1749 5111 1958 5163 nomini
1993 5125 2126 5164 cou-

545 5213 802 5268 pruenter
826 5243 843 5267 ,
874 5201 1001 5256 forti
1033 5218 1094 5257 es
1120 5202 1307 5257 attimo
1332 5243 1347 5266 ,
1372 5202 1655 5257 Carterius
1683 5220 1694 5253 :
1730 5216 1785 5257 tu
1831 5204 1882 5256 in
1918 5202 2126 5272 patien-

549 5296 621 5348 tia
670 5295 825 5348 dives
850 5334 865 5361 ,
905 5296 1363 5362 opulentissimus
1401 5295 1791 5364 Aphthonius:
1838 5305 1893 5347 tu
1943 5295 2125 5347 divina

546 5387 818 5441 charitate
848 5386 1264 5451 corroboratus,
1283 5386 1571 5440 verissime
1596 5389 1854 5454 Agapius.
1882 5386 2131 5439 Carceris

548 5478 858 5533 obscuritas
901 5488 1118 5531 aeternae
1152 5478 1303 5533 vobis
1342 5487 1398 5531 et
1436 5478 1835 5532 inaccessibilis
1871 5478 2009 5531 lucis
2046 5486 2133 5532 est

547 5566 889 5620 conciliatrix
924 5582 937 5618 :
974 5564 1169 5628 fames,
1198 5566 1438 5635 paradisi
1470 5567 1790 5620 deliciarum
1817 5584 1831 5632 ;
1863 5567 2085 5623 nuditas
2110 5608 2124 5633 ,

554 5660 702 5723 pallii
741 5658 1201 5722 immortalitatis;
1240 5658 1500 5723 solitudo,
1534 5660 1967 5715 conversationis
2000 5675 2127 5714 cum

553 5751 697 5816 Deo;
730 5768 883 5806 coma
918 5749 1158 5816 intonsa,
1188 5751 1401 5805 decora:
1431 5753 1770 5807 venustatis:
1803 5761 1863 5807 ut
1890 5754 2123 5810 revelata

623 5866 668 5896 "
702 5866 717 5919 l
752 5868 879 5920 Cor.
918 5883 975 5926 χ.
1015 5868 1097 5921 hi.
1182 5869 1225 5897 ’⁵ο
1265 5865 1428 5921 Hebr.
1468 5884 1539 5921 xtl
1568 5907 1580 5930 .
1618 5867 1707 5922 '55.

2212 4744 2328 4814 -μὲν
2362 4744 2597 4814 ἐπρίσθη
2625 4761 2639 4774 ·
2680 4746 2708 4797 6
2759 4744 2815 4796 δὲ
2867 4742 3164 4814 ἐλιθάσθη⁶
3212 4742 3372 4807 ἄλλος
3436 4746 3816 4813 πυρίκαυστος

2224 4837 2480 4907 γέγονεν·
2522 4838 2706 4908 ἕτερος
2754 4835 3235 4904 ἀπετυμπανίσθη.
3285 4835 3397 4888 Καὶ
3447 4835 3554 4888 ποῦ
3619 4839 3814 4908 καιρὸς

2226 4928 2540 4998 ἐξαριθμεῖν
2586 4929 2647 4981 τὸ
2690 4925 3073 4997 περικείμενον
3118 4928 3249 4995 ἡμῖν
3297 4927 3460 4994 νέφος
3492 4928 3604 4979 τῶν
3667 4946 3813 5000 μαρ-

2227 5018 2441 5089 τύρωνς
2475 5014 2549 5071 ὧν
2572 5019 2723 5082 ὄντες
2757 5019 2852 5071 καὶ
2901 5018 3060 5087 ὑμεῖς
3092 5018 3339 5072 κοινωνοὶ
3388 5020 3483 5073 καὶ
3513 5020 3810 5087 σύναθλοι,

2228 5111 2477 5182 χαίρετε,
2532 5111 2749 5180 ἀδελφοί
2805 5127 2943 5180 μου,
3004 5112 3145 5180 χαρᾷ
3194 5110 3581 5182 άνεκλαλήτῳ’
3656 5112 3817 5183 βασι-

2224 5202 2471 5267 λεύοντες
2510 5203 2651 5257 κατά
2690 5204 2785 5271 τῆς
2823 5201 3117 5272 αίρέσεως,
3161 5201 3305 5255 κατὰ
3334 5201 3443 5254 τῶν
3476 5203 3692 5263 παθῶν.
3738 5205 3812 5256 ΣΞ»

2226 5297 2254 5347 6
2285 5295 2623 5366 φερωνὺμως
2654 5292 3062 5365 καρτερὸψυχός
3094 5309 3195 5361 μου
3228 5293 3568 5365 Καρτέριος·
3601 5295 3669 5347 σὺ
3701 5297 3729 5347 6
3758 5297 3817 5345 ἐν

2229 5388 2473 5457 ὑπομονῇ
2520 5385 3005 5456 δεδαψιὶευμὲνος,
3058 5373 3442 5453 ἀφθονώτατος
3492 5384 3810 5453 Ἀφθόνιος’

2232 5480 2296 5530 σὺ
2351 5479 2379 5528 ὁ
2428 5476 2825 5547 εὑσθενημένος
2886 5476 2954 5546 τῇ
3014 5474 3134 5545 θείᾳ
3198 5475 3425 5548 ἀγάπῃ,
3463 5475 3813 5545 ἀληθέστατα

2246 5568 2524 5637 Ἀγάπιος.
2558 5570 2633 5621 Τὸ
2676 5566 2911 5633 ζοφῶδες
2950 5565 3051 5636 τῆς
3093 5569 3335 5640 φρουρᾶς
3374 5567 3638 5638 πρόξενον
3684 5567 3814 5635 ὑμῖν

2233 5661 2327 5716 τοῦ
2361 5661 2580 5715 αἰωνίου
2610 5660 2705 5713 καὶ
2735 5657 3032 5728 ἀπροσίτου
3070 5660 3278 5728 φωτός·
3315 5662 3349 5730 ἡ
3387 5660 3775 5730 λιμοκτόνησις
3797 5698 3814 5723 ,

2232 5754 2330 5824 τῆς
2374 5756 2584 5824 τρυφῆς
2636 5750 2733 5805 τοῦ
2781 5751 3153 5843 παραδείσουθ
3200 5754 3234 5825 ἡ
3272 5754 3684 5825 γυμνήτευσις,
3719 5748 3815 5806 τοῦ
