3934 6482
177 451 316 518 1273

1386 455 1935 520 EPISTOLARUM
1971 458 2123 523 LIB.
2158 461 2245 523 II.

3325 472 3463 537 1274

164 568 270 633 τῆς
318 564 624 628 ἀθανασίας
670 561 1056 637 περιϐολαίουο
1107 563 1141 632 ἡ
1172 561 1430 634 μόνωσις,
1487 564 1588 631 τῆς
1629 562 1751 634 μετὲ

1871 561 2010 620 facie
2043 563 2136 621 Dei
2169 567 2398 636 gloriam
2430 569 2806 642 conspiciatis.
2853 571 2972 627 Non
3023 575 3285 645 gaudium
3339 597 3470 638 sunt

169 659 308 713 Θεοῦ
358 659 668 729 διαγωγῆςο
709 661 742 729 ἡ
774 658 878 728 τῆς
907 657 1086 728 κόμης
1114 657 1348 729 ἄκαρσις
1369 696 1384 720 ,
1425 657 1528 728 τῆς
1560 656 1768 728 εὐπρεο

164 752 314 818 ποῦς
343 752 676 825 θεομορφίας
696 769 710 782 '
743 753 824 816 είς
851 752 913 806 τὸ
945 751 1453 824 ἀνακεκαλυμμένῳ
1486 750 1768 822 προσώπῳ

158 845 272 915 τὴν
323 845 486 910 δόξαν
540 845 748 916 Κυρίου
796 845 1286 918 κατοπτρίζεσθαι.
1338 845 1454 899 Οὐκ
1485 843 1568 897 ἔνι
1619 843 1768 915 χαρά

162 938 381 999 ταῦτα;
450 938 550 991 οὐκ
606 938 685 991 ἔνι
745 938 1070 1007 ἀγαλλίασις
1131 941 1315 1010 πάσης
1380 937 1764 1006 ἀγαλλιάσεως

162 1029 578 1102 ὑπεραίρουσα;
612 1032 765 1102 Τάχα
790 1032 1084 1104 ὀφείλομεν
1119 1034 1212 1086 καὶ
1243 1030 1539 1095 ἀνιᾶσθαι,
1569 1030 1651 1084 ὅτι
1687 1030 1762 1101 μὴ

161 1126 267 1177 καὶ
294 1127 374 1188 εἰς
408 1123 564 1190 ξύλον
589 1127 619 1179 ὁ
654 1126 812 1193 ποῦς,
843 1130 938 1182 καὶ
963 1128 1152 1192 ἅλυσις
1184 1125 1571 1198 περικειμένη.
1599 1125 1790 1188 Ὀσον,

159 1219 282 1287 γὰρ
320 1219 606 1285 πλεονάζει
636 1223 706 1274 1‘1
737 1220 1039 1292 παθήματα
1058 1261 1074 1285 ,
1103 1219 1359 1275 τοσοῦτον
1390 1221 1486 1273 καὶ
1515 1220 1546 1290 ή
1582 1218 1765 1290 παρά-

160 1311 368 1381 κλησις
399 1312 499 1383 τῆς
531 1314 690 1386 δόξης
716 1315 810 1369 τοῦ
838 1314 996 1370 Θεοῦ.
1025 1315 1214 1368 Ταῦτα
1250 1315 1308 1367 ὲν
1334 1313 1539 1380 ὀλίγοις
1559 1324 1574 1340 ⁰
1608 1310 1766 1376 είδὼς

160 1401 251 1455 ὃτι
298 1403 508 1458 οἴκοθεν
536 1405 690 1476 ἔχετε
725 1407 824 1480 τὴν
853 1406 1155 1478 ὑπομονὴν,
1193 1404 1550 1473 παρεκάλεσα
1580 1403 1726 1474 ὑμᾶς
1747 1443 1763 1470 ,

160 1498 438 1570 φίλτατοι.
491 1500 682 1573 Ὑμεῖς
727 1502 783 1555 δὲ
816 1501 1124 1579 ἀντιδοίητέ
1158 1518 1270 1571 μοι,
1303 1501 1402 1554 σὺν
1452 1498 1532 1569 τῷ
1569 1500 1787 1552 συνόντι

160 1591 342 1669 ρεύει,
372 1592 471 1658 τὰς
495 1594 648 1665 ἱερὰς
674 1595 985 1666 προσευχάς
1019 1595 1099 1658 είς
1128 1593 1192 1646 τὸ
1224 1591 1497 1657 σώζεσθαι
1527 1593 1696 1664 ἡμᾶς.

539 1755 670 1811 ΝΘ’.
703 1784 778 1798 --
807 1755 1245 1824 Μογαζούσαις.
1276 1755 1431 1829 [υκ’.]

153 1893 397 1959 Triginta
430 1891 682 1942 moniales
723 1905 838 1955 quas
873 1905 964 1955 pro
987 1890 1185 1943 Christo
1238 1895 1583 1959 carcerem_et
1615 1888 1825 1942 verbera

1869 655 2020 711 ista?
2070 657 2190 717 Non
2246 663 2545 720 exsultatio
2598 665 2752 720 omni
2814 668 3191 725 exsultatione
3249 674 3468 744 major?

1867 747 2034 822 Egre
2079 751 2267 809 forsan
2309 757 2471 812 laturi
2508 774 2740 828 sumus;
2789 762 2936 831 quod
2971 779 3080 817 non
3120 764 3331 824 inditus
3366 786 3466 840 pes

1865 842 2038 914 ligno,
2072 862 2179 901 non
2215 848 2472 920 imposita
2499 861 2714 908 catena.
2745 853 2868 920 Quo
2897 855 3051 910 enim
3087 859 3260 929 magis
3291 861 3468 916 abun-

1863 935 2304 1007 dantazrumnae,
2333 949 2488 997 tanto
2526 943 2900 1001 abundantior
2939 949 3248 1004 consolatio
3278 952 3466 1022 gloria

1864 1028 1982 1083 Dei.
2013 1029 2138 1086 llaec
2183 1035 2376 1103 paucis
2411 1054 2425 1091 :
2470 1037 2656 1093 sciens
2685 1055 2781 1095 vos
2821 1056 2851 1095 a
2900 1043 3058 1098 vobis
3096 1043 3232 1114 ipsis
3262 1045 3468 1101 habere

1865 1122 2228 1192 patientiam,
2267 1127 2520 1185 hortatus
2561 1146 2721 1193 sum,
2775 1133 3117 1192 charissimi.
3176 1135 3286 1194 Vos
3331 1154 3462 1194 vero

1866 1217 2150 1286 rependite
2182 1219 2351 1286 mihi,
2391 1224 2670 1294 simulque
2709 1223 2934 1283 Nicolao
2981 1231 3075 1299 qui
3121 1246 3335 1286 mecum
3379 1243 3464 1289 est

1865 1309 2026 1366 fratri
2094 1322 2307 1382 nostro,
2342 1316 2435 1386 qui
2475 1333 2575 1373 vos
2626 1327 2682 1373 et
2739 1322 2978 1389 salutat,
3034 1339 3220 1381 sacras
3275 1341 3462 1396 preces

1865 1415 2079 1460 vestras
2105 1447 2120 1472 ,
2149 1416 2209 1461 ut
2239 1410 2372 1463 salvi
2404 1409 2607 1467 simus.

1860 1497 2117 1572 Νικολάῳ
2163 1501 2240 1574 τῷ
2279 1501 2496 1576 ἀδελφῷ
2549 1505 2730 1577 ἡμῶν,
2762 1505 2822 1570 ὃς
2852 1507 2997 1580 ὑμᾶς
3031 1511 3128 1565 καὶ
3180 1529 3453 1584 προσαγο-

2347 1719 2350 1722 ἢ
2374 1761 2515 1821 LIX.
2538 1796 2608 1807 —
2624 1763 2971 1822 Monialibus.

1885 1895 2220 1963 pertulerant,
2255 1897 2442 1957 laudat,
2476 1903 2532 1948 et
2571 1899 2633 1949 ad
2679 1909 3108 1963 perseverantiam
3152 1903 3458 1954 adhortatur.

1471 1954 1676 2016 (ΒΜ-οη.
1707 1967 1788 2003 an.
1820 1953 1934 2018 816,
1960 1969 2010 2007 n.
2037 1958 2144 2022 20.)

231 2092 415 2162 Χρέος
454 2088 616 2159 εἴπερ
666 2087 796 2142 ἄλλο
827 2104 879 2140 τι
924 2087 1050 2158 ἐμοὶ
1077 2085 1156 2156 τῷ
1185 2084 1448 2156 ταπεινῷ,
1487 2085 1633 2154 ὑμᾶς
1657 2083 1751 2147 τὰς

1933 2083 2153 2152 Debeo,
2192 2087 2240 2143 si
2281 2087 2416 2158 quid
2459 2087 2637 2156 aliud,
2677 2088 2905 2146 humilis
2945 2107 3048 2159 ego
3085 2108 3205 2156 vos.
3242 2093 3460 2154 Domini

164 2187 258 2240 τοῦ
293 2184 503 2255 Κυρίου
545 2180 784 2251 ἀδελφὰς
832 2181 928 2234 καὶ
979 2181 1222 2250 μητέρας
1261 2180 1405 2233 κατὰ
1432 2178 1493 2233 τὸ
1521 2178 1717 2249 ἀληθὲς
1740 2217 1757 2245 ,

153 2281 237 2344 ὡς
284 2279 448 2339 αὐτὸς
483 2276 684 2346 ἔφησεν
711 2276 743 2343 ἡ
775 2274 1037 2344 ἀλήθεια,
1077 2274 1222 2344 λόγῳ
1271 2274 1631 2344 παρακαλεῖν,
1663 2275 1760 2328 καὶ

156 2368 492 2439 παραινέσει
537 2367 817 2436 ἀλείφειν⁹
849 2364 1230 2434 ὑπομενούσας
1259 2364 1347 2417 διὰ
1392 2365 1629 2435 Χριστὸν
1662 2364 1760 2418 καὶ

156 2464 425 2534 στέρησιν
463 2459 670 2532 μητρὸς
719 2457 1125 2528 πνευματικῆς,
1158 2457 1254 2510 καὶ
1283 2456 1558 2522 διάζευξιν
1588 2455 1760 2528 ἀλλή-

155 2557 293 2620 λων,
326 2557 420 2610 καὶ
465 2555 634 2626 μονῆς
677 2552 908 2622 εὐαγοῦς
953 2552 1270 2623 ἀφαίρεσιν,
1300 2551 1395 2605 καί
1415 2569 1478 2620 γε
1509 2551 1761 2621 φυλακῆς

154 2653 421 2722 τήρησιν,
470 2647 573 2719 ήδη
615 2644 1125 2718 προμαστιχθείσας
1168 2644 1430 2713 ὁμολογία
1471 2643 1754 2715 ἀληθείας.

167 2743 339 2798 Ἀλλὰ
362 2742 415 2794 τί
460 2739 718 2794 τοσοῦτον
746 2740 886 2793 εἴπω
911 2738 1158 2806 ἐπαίρων
1189 2737 1344 2808 ὑμῶν
1368 2736 1428 2791 τὸ
1461 2736 1760 2806 ἀξιόχρεων

157 2836 480 2907 ὲγκὼμιον;
528 2835 674 2897 Μιᾶς
741 2831 911 2903 μονῆς
967 2831 1064 2901 ὅλη
1115 2830 1416 2900 ἀδελφότης
1470 2846 1761 2901 τριακοντσ

155 2928 399 2998 άριθμος
431 2929 488 2979 ὲν
512 2924 590 2997 τῷ
618 2925 851 2995 παρόντι
882 2928 1082 2994 χρόνῳ,
1111 2923 1200 2976 ὅτε
1224 2922 1610 2993 ἐξετράπησαν
1625 2921 1761 2992 ὁμοῦ

159 3023 268 3092 μὲν
294 3021 556 3090 ἄρχοντες
581 3019 677 3071 καὶ
703 3017 1016 3088 ἀρχόμενοι,
1043 3015 1152 3068 δέει
1182 3016 1415 3069 Θανάτου
1440 3031 1760 3085 παρακρου-

155 3115 392 3184 σάμενοι
429 3110 521 3164 τὸν
556 3108 652 3163 τοῦ
689 3108 898 3179 Κυρίου
936 3106 1128 3175 λόγον·
1163 3105 1302 3175 ὁμοῦ
1342 3105 1398 3158 δὲ
1431 3106 1761 3175 μονάζοντες

152 3208 255 3261 καὶ
286 3203 642 3276 μονάζουσαι,
664 3203 713 3254 εί
737 3200 830 3255 καί
853 3217 1000 3262 τινες
1020 3197 1294 3266 ὀλιγοστοὶ
1326 3197 1756 3266 ὑπελείφθησαν·

151 3298 513 3370 ὁμοψυχῆσαι
563 3294 759 3357 οὕτως,
815 3294 911 3347 καὶ
961 3291 1055 3346 τὸν
1088 3291 1231 3362 ὑπὲρ
1277 3289 1518 3360 Χριστοῦ
1566 3289 1759 3343 ἄεθλον

151 3390 553 3461 ἀναδήσασθαι,
584 3387 746 3441 τοῦτο
773 3388 888 3448 τοῖς
913 3385 1083 3439 πάλαι
1110 3385 1325 3455 χρόνοις
1351 3382 1752 3452 παραϐλητέον.

153 3484 283 3538 Τῶν
313 3481 486 3551 ἁγίων
514 3478 931 3549 τεσσαράκοντα
953 3479 987 3548 ὴ
1021 3476 1302 3543 ὁμοίωσις,
1338 3476 1371 3547 ἦ
1401 3492 1541 3528 τισιν
1571 3475 1753 3537 ἄλλοις

149 3578 267 3632 τῶν
317 3575 606 3647 μακαρίων
638 3571 955 3641 άθλοφόρων
987 3569 1474 3638 ὲξεικονιζόμενον.
1526 3567 1612 3629 Ὠς
1645 3586 1749 3637 μα-

152 3678 353 3740 κάριαι
379 3669 559 3738 ὑμεῖς,
608 3665 706 3737 μία
734 3666 834 3732 τῆς
867 3664 995 3734 μιᾶς
1025 3661 1102 3732 τῷ
1125 3660 1375 3732 διαπύρῳ
1407 3659 1551 3730 ζήλῳ
1581 3662 1750 3731 ὑπερ-

151 3763 487 3827 6άλλουσαι,
521 3760 616 3812 καὶ
637 3761 808 3812 πᾶσαι
836 3756 972 3825 ὁμοῦ
997 3754 1233 3824 ἀλλήλας
1262 3752 1648 3824 παραθήξασαι
1666 3755 1748 3818 είς

149 3860 218 3911 τὸ
249 3859 348 3926 τῆς
382 3855 672 3927 ὁμολογίας
715 3851 952 3905 στάδιον.
1005 3850 1186 3915 Ἀξιον
1215 3849 1396 3918 θέαμα
1445 3848 1747 3918 ἀγγελικῆς

151 3948 416 4019 χορείας·
457 3944 805 4016 μαρτυρικῆς
852 3940 1181 4011 ὁμηγύρεως
1231 3938 1538 4008 ἐπέραστον
1586 3937 1745 4008 Θεῷ,

153 4042 304 4112 ὑπὲρ
326 4033 389 4093 οὗ
418 4041 514 4092 καὶ
543 4037 613 4090 τὰ
641 4035 963 4106 παθήματα.
1007 4032 1177 4102 Δεῦρο
1207 4031 1270 4100 δὴ
1300 4026 1416 4091 οὖν,
1445 4030 1745 4102 θυγατέρες

149 4136 258 4204 τῆς
284 4135 399 4189 ἄνω
436 4131 822 4203 Ἰερουσαλὴμ,
851 4128 1112 4199 κλήματα
1133 4126 1236 4196 τῆς
1261 4125 1523 4195 ἀληθινῆς
1563 4126 1744 4196 ἀμπέ-

149 4229 272 4292 λου,
315 4226 618 4298 μαθήτριαι
649 4224 898 4294 άψευδῶς
926 4220 1020 4275 τοῦ
1043 4221 1218 4289 Λόγου
1236 4236 1250 4249 °
1282 4218 1746 4289 άγαλλιασώμεθα

152 4319 526 4391 θεοπρεπῶςο
583 4312 1154 4384 ἀνθομολογησώμεθα
1208 4310 1285 4382 τῷ
1363 4310 1746 4380 δυναμώσαντι

151 4411 305 4478 ὑμᾶς
335 4407 557 4480 Χριστῷ
602 4407 827 4459 ὑποῖσαι
857 4405 927 4457 τὰ.
965 4404 1250 4471 φθάσαντα
1271 4418 1285 4432 ο
1323 4396 1443 4454 εἶτα
1471 4403 1564 4454 καὶ
1608 4402 1744 4472 πρὸς

148 4505 222 4558 τὰ
279 4501 544 4573 μέλλοντα
610 4496 1187 4571 παρασκευασώμεθα.
1239 4495 1305 4547 Τί
1372 4494 1564 4560 τοῦτο;
1624 4494 1744 4547 Κᾶν

149 4595 317 4658 αὖθις
369 4592 671 4663 μάστιγες,
726 4591 830 4644 κᾶν
857 4588 1063 4658 δεσμά,
1099 4586 1201 4640 κᾶν
1236 4586 1370 4656 πῦρ,
1412 4586 1515 4638 κᾶν
1558 4582 1738 4653 ξίφος·

154 4685 431 4760 μηδαμῶς
494 4686 823 4755 ἀναδυῆναι,
886 4683 1022 4736 ἀλλὰ
1082 4681 1262 4734 πάντα
1317 4677 1738 4749 προθυμηθῆναι

153 4780 409 4846 ἐνεγκεῖν
459 4776 555 4828 σὺν
610 4773 855 4846 Χριστῷ.
927 4772 1242 4842 Ἰσχύσομεν
1301 4769 1441 4839 γάρ·
1505 4767 1737 4837 ἐπείπερ
1769 4803 1812 4858 D

151 4873 388 4944 εἴρηκε·
448 4867 530 4934 Τῷ
583 4868 933 4921 πιστεύοντι
991 4863 1188 4917 πάντα
1237 4859 1487 4915 δυνατά.
1539 4860 1734 4929 Ὀρᾶτε

149 4961 242 5019 οἷα
271 4964 343 5017 τὰ
377 4960 662 5030 ἐγκώμια;
695 4957 759 5010 Τί
791 4957 998 5019 λοιπὸν,
1044 4957 1112 5008 τὰ
1173 4953 1435 5025 μέλλοντα
1488 4953 1731 5003 ἀνταπο-

149 5058 400 5126 δόματα,
441 5051 689 5123 βασιλεία
719 5048 986 5122 οὐρανῶν,
1029 5047 1173 5117 χαρά
1203 5044 1604 5112 ἀνεκλάλητος;
1641 5042 1732 5112 Μή

149 5165 236 5211 τις
262 5142 356 5199 οὖν
390 5145 777 5198 ὑποπίπτουσα
809 5139 888 5209 τῷ
919 5140 1165 5208 Σατανᾷο
1207 5139 1281 5207 μή
1314 5153 1398 5198 τις
1442 5135 1732 5204 φιλόζωος,

151 5242 230 5304 ὼς
251 5233 334 5300 εἷς
363 5237 472 5291 τῶν
499 5235 932 5307 τεσσαράκοντα,
950 5235 1014 5286 ὲκ
1030 5231 1141 5283 τῶν
1165 5230 1476 5302 τριάκοντα.
1502 5230 1732 5282 Ἐκεῖνοι

152 5335 253 5402 τῆς
304 5329 631 5401 ἐγκρατείας
672 5327 733 5381 τὸ
779 5324 1145 5393 ἀπεικόνισμα
1173 5340 1186 5354 ο
1225 5324 1382 5392 ὑμεῖς
1424 5324 1524 5391 τῆς
1577 5321 1738 5385 ἁγίας

154 5421 387 5494 Τριάδος
435 5420 494 5473 τὺ
550 5419 928 5488 ὑποτύπωμα,
984 5415 1274 5487 τριαδικῶς
1321 5412 1735 5482 δεκατούμενον.

155 5513 396 5582 Τοιαύτη
444 5513 477 5581 ἡ
526 5510 793 5582 οὐδαμινὴ
823 5507 981 5580 ἡμῶν
1009 5507 1378 5578 παράκλησις.
1442 5506 1631 5576 Ὑμεῖς
1684 5505 1740 5559 δὲ

153 5604 455 5676 ἀντιδοίητέ
481 5620 574 5674 μοι
592 5603 690 5665 τὰς
724 5603 1055 5675 προσευχάς,
1086 5593 1132 5654 ὦ
1155 5600 1389 5672 μητέρες
1418 5597 1737 5669 τρισόλὸιοι,

155 5702 236 5764 εἰς
276 5696 552 5770 σωτηρίας
592 5695 821 5765 ἑφόδιον.

657 5961 728 6000 an

238 5968 282 6000 ⁶¹
323 5966 494 6023 Marc.
525 5981 578 6021 ix
602 6006 618 6032 ,

1785 3444 1825 3502 C

1862 2193 2052 2234 revera
2101 2195 2324 2236 sorores
2357 2195 2673 2254 matresque
2698 2225 2714 2252 ,
2769 2193 2831 2240 ut
2881 2184 3092 2242 Veritas
3125 2188 3241 2258 ipsa
3275 2191 3412 2245 dixit
3440 2234 3455 2258 ,

1859 2273 2044 2329 verbis
2071 2274 2316 2341 hortari,
2348 2285 2404 2330 et
2441 2279 2664 2332 monitis
2698 2279 3002 2334 accendere
3025 2321 3040 2346 ,
3074 2297 3198 2351 quae
3230 2296 3457 2355 propter

1861 2365 2165 2430 Christum,
2198 2376 2252 2421 et
2279 2368 2580 2436 spiritualis
2608 2372 2800 2425 matris
2831 2372 3215 2440 privationem,
3250 2387 3304 2431 et
3337 2395 3456 2432 mu-

1862 2463 2012 2510 tuam
2044 2473 2072 2509 a
2098 2457 2256 2512 vobis
2278 2462 2702 2527 separatiunem,
2728 2470 2782 2516 et
2807 2463 2983 2516 sancti
3011 2467 3246 2520 cmnobii
3267 2469 3456 2523 adem-

1864 2548 2108 2617 ptionem
2130 2589 2145 2613 ,
2173 2559 2228 2604 et
2256 2552 2498 2605 carceris
2529 2551 2836 2607 cuStodiam
2871 2554 3157 2610 sustinetis
3179 2598 3193 2621 ,
3227 2561 3452 2616 verbera

1855 2640 1969 2710 jam
2008 2649 2135 2696 ante
2171 2657 2270 2712 pro
2308 2644 2560 2698 veritatis
2606 2643 2959 2701 confessione
2999 2662 3290 2717 perpessa.
3345 2653 3452 2707 Sed

1863 2733 1999 2804 quid
2050 2734 2186 2790 satis
2227 2750 2488 2805 magnum
2535 2737 2715 2790 dicam
2738 2777 2752 2800 ,
2783 2739 3109 2807 praeclarum
3141 2744 3452 2799 encomium

1862 2834 2106 2880 vestrum
2148 2827 2461 2883 extollens?
2494 2827 2672 2883 Unius
2705 2833 3034 2886 monasterii
3074 2837 3453 2904 congregatio-

1862 2931 1986 2970 nem
2013 2917 2350 2981 universam,
2380 2932 2633 2972 sororum
2659 2935 2891 2974 numero
2919 2921 3162 2989 triginta,
3191 2925 3290 2978 hoc
3317 2937 3451 2981 tem-

1861 3024 1994 3079 pore
2039 3025 2164 3064 cum
2214 3025 2322 3064 una
2370 3009 2734 3067 desciverunt
2779 3013 3060 3084 principes
3109 3026 3164 3071 et
3212 3019 3447 3084 subditi,

1860 3099 2089 3155 verbum
2136 3098 2357 3155 Domini
2398 3103 2591 3158 mortis
2628 3116 2776 3158 metu
2809 3106 3159 3175 rejicientcs,
3195 3112 3446 3166 monachi

1859 3193 2025 3248 etiam
2079 3194 2184 3263 ipsi
2231 3203 2286 3249 et
2331 3197 2606 3252 mouiales
2636 3237 2650 3263 ,
2695 3198 2820 3254 licet
2873 3201 3034 3270 pauci
3083 3203 3306 3272 quidam
3338 3206 3447 3261 sint

1863 3290 2096 3358 reliqui;
2146 3292 2226 3344 sic
2257 3291 2457 3344 animis
2483 3293 2836 3361 conspirasse
2860 3334 2876 3358 ,
2919 3305 3304 3368 certamenque
3348 3316 3444 3368 pro

1858 3381 2081 3436 Christo
2122 3384 2435 3451 suscepisse
2460 3421 2476 3446 ,
2513 3384 2615 3438 hoc
2645 3400 2774 3438 vero
2811 3401 2934 3439 cum
2967 3387 3163 3456 priscis
3196 3400 3278 3445 est
3311 3400 3444 3446 tem-

1858 3474 2083 3543 poribus
2117 3475 2917 3545 comparaudum.Sanctorum
2939 3481 3295 3552 quadraginta
3330 3486 3442 3539 hare

1851 3569 2154 3624 similitudo
2174 3611 2189 3634 ,
2220 3571 2526 3624 aliorumve
2558 3574 2946 3642 quorumpiam
2996 3591 3028 3628 e
3073 3575 3242 3631 beat-is
3271 3580 3442 3633 victo-

1849 3660 2005 3714 ribus
2035 3675 2298 3730 expressa
2324 3662 2586 3717 imitatio.
2620 3660 2798 3728 Quam
2830 3666 3004 3723 beatas
3033 3683 3128 3724 vos
3153 3671 3306 3733 estis,
3336 3673 3440 3727 alia

1849 3751 2014 3806 aliam
2047 3753 2259 3808 ardenti
2294 3754 2411 3808 zelo
2446 3770 2756 3825 superans,
2803 3768 2859 3813 et
2893 3773 3088 3814 omnes
3121 3763 3324 3830 pariter
3371 3763 3439 3816 ad

1849 3845 2215 3900 confessionis
2239 3840 2477 3902 stadiu'm
2500 3864 2598 3904 vos
2625 3849 2858 3905 invicem
2889 3855 3180 3908 acuentes!
3211 3853 3437 3924 Dignum

1849 3938 2112 4007 angelicis
2160 3939 2346 3995 choris
2389 3950 2810 4012 martyrumque
2855 3954 3000 3999 coetu
3034 3949 3436 4015 spectaculum.

1851 4027 1961 4083 Deo
2020 4029 2295 4099 imprimis
2325 4039 2576 4100 gratum,
2610 4033 2771 4101 cujus
2807 4049 2973 4089 causa
3006 4049 3271 4106 suscepta:
3302 4037 3436 4091 allii-

1848 4121 2081 4176 ctiones.
2103 4122 2306 4178 Adeste
2326 4123 2660 4193 igitur,ﬁlia:
2689 4125 2928 4179 caelestis
2951 4123 3275 4192 Jerusalem,
3297 4143 3435 4182 verae

1847 4214 1976 4269 vitis
2006 4215 2258 4284 palmites
2279 4256 2294 4282 ,
2328 4212 2491 4271 Verbi
2527 4217 2669 4270 haud
2702 4216 2884 4272 dubia:
2910 4218 3196 4289 discipulae
3227 4237 3239 4273 :
3293 4221 3434 4274 divi-

1848 4325 1979 4364 num
2022 4310 2076 4364 in
2123 4325 2331 4365 morem
2359 4311 2701 4366 exsultemus
2731 4328 2745 4364 :
2779 4312 3005 4367 Christo
3037 4315 3430 4380 contiteamur,

1847 4404 1939 4472 qui
1986 4417 2084 4457 vos
2125 4403 2192 4457 ad
2239 4402 2521 4457 toleranda
2562 4418 2684 4472 qua:
2731 4407 3116 4473 praeterierunt
3151 4407 3435 4462 confirma-

1846 4494 1966 4548 vit:
2005 4493 2207 4546 deinde
2250 4493 2318 4546 ad
2362 4492 2544 4547 futura
2586 4510 2808 4563 quoque
2855 4497 3233 4568 accingamur.
3267 4498 3433 4565 Ouid-

1843 4600 1969 4639 nam
2001 4584 2108 4638 hoc
2135 4584 2213 4637 rei
2247 4583 2366 4638 est?
2390 4583 2504 4639 Etsi
2541 4601 2760 4639 rursum
2786 4587 3036 4652 verbera,
3066 4590 3167 4645 etsi
3196 4591 3429 4656 vincula,

1842 4676 1944 4730 etsi
1975 4675 2253 4745 ignis,etsi
2273 4675 2486 4744 gladius
2518 4693 2531 4731 :
2567 4677 2718 4730 nullo
2743 4680 2907 4733 modo
2929 4679 3197 4749 refugere,
3221 4683 3314 4737 sed
3337 4683 3431 4736 iaz-

1841 4770 1911 4823 tis
1930 4768 2125 4821 animis
2139 4767 2384 4838 perferre
2415 4771 2598 4824 omnia
2620 4786 2821 4841 cupere
2837 4789 2962 4829 cum
2979 4776 3219 4831 Christo.
3245 4776 3429 4830 Enim-

1843 4875 1973 4913 vero
2003 4860 2350 4928 poterimus:
2384 4864 2832 4933 quandoquidem
2853 4865 3239 4921 dixitz0mm'a
3259 4869 3419 4936 passio

1842 4951 1972 5005 bilia
2006 4962 2127 5006 sunt
2157 4954 2392 5009 credenti
2419 4955 2488 5009 ⁶¹.
2523 4955 2762 5012 Cernitis
2785 4960 2970 5027 qualia
3003 4961 3112 5015 sint
3137 4961 3429 5015 encomia?

1841 5044 1985 5110 Quid
2017 5046 2235 5100 demum
2279 5045 2476 5101 futurae
2517 5049 2942 5117 retributiones,
2998 5067 3221 5122 regnum
3264 5056 3430 5106 cosio-

1843 5153 1997 5204 rum,
2041 5139 2299 5210 gaudium
2340 5140 2634 5196 ineffabile.
2689 5141 2845 5197 Nulla
2883 5159 3013 5211 ergo
3049 5145 3265 5198 Satanae
3296 5159 3424 5198 suc-

1843 5233 2145 5297 cumbens,
2192 5233 2341 5287 nulla
2378 5234 2500 5287 vitae
2543 5250 2772 5300 amans,
2828 5236 2973 5290 sicut
3025 5236 3113 5289 ille
3169 5253 3306 5291 unus
3359 5251 3424 5290 ex

1837 5323 2232 5391 quadraginta,
2278 5325 2329 5376 in
2376 5323 2462 5378 his
2497 5324 2718 5391 triginta
2773 5327 3098 5392 reperiatur.
3146 5325 3223 5378 Illi
3257 5326 3425 5380 absti-

1840 5415 2040 5468 nentia:
2080 5413 2386 5484 symbolum
2422 5433 2435 5468 :
2483 5430 2580 5468 vos
2620 5424 2824 5468 sancta:
2859 5411 3145 5467 Trinitatis
3199 5413 3427 5467 simula-

1839 5521 1992 5560 crum
2045 5506 2332 5575 tripliciter
2363 5507 2730 5561 decumatutn.
2785 5504 2934 5558 Talis
2985 5515 3071 5559 est
3122 5506 3307 5559 intima
3372 5515 3425 5560 et

1840 5598 2000 5654 nihili
2033 5599 2346 5653 exhortatio
2387 5607 2600 5654 nostra.
2641 5598 2747 5651 Vos
2779 5612 2908 5652 vero
2950 5614 3141 5667 preces
3171 5600 3302 5653 mihi
3333 5641 3347 5664 ,
3392 5613 3425 5654 0

1844 5699 2048 5744 matres
2101 5698 2184 5744 ter
2232 5690 2424 5757 beata,
2497 5687 2566 5743 ad
2620 5686 2816 5743 salutis
2867 5687 2973 5743 iter
3031 5689 3422 5759 perficiendum

1841 5780 2141 5852 rependite.
