3934 6466
484 383 626 450 1275

937 500 1050 558 LK.
1070 531 1139 544 ——-
1162 502 1245 556 Ad
1288 501 1611 558 Cattouicaa.

1677 393 1739 451 S.
1776 389 2177 452 THEODORI
2214 387 2561 451 STUDITzE

3637 388 3779 454 1276

2567 501 2604 519 ι-

2564 502 2644 557 Ξ’.
2685 529 2759 543 -
2795 504 3177 571 Κανονικαῖς.
3213 502 3399 577 [υκε’.]

1044 620 1235 671 Gratias
1256 618 1363 683 agit
1386 635 1476 685 pro
1500 617 1762 671 beneﬂciis
1782 617 1835 669 in
1854 618 2174 670 Naucratium
2202 619 2427 682 aliosque
2445 618 2627 670 Christi
2652 619 2964 670 confessorcs
2993 618 3202 673 collatis.

557 727 627 783 Et
655 726 1035 798 superioribus
1086 729 1431 798 temporibus
1480 730 1761 801 egregium
1795 729 2110 801 specimen,

2253 729 2365 782 Kal.
2399 728 2507 781 ἀπὸ
2534 726 2644 782 τῶν
2681 730 3062 801 προλαϐόντων
3102 708 3293 804 ἱκανὴν
3337 729 3627 797 ἀπόδειξιν
3674 730 3779 802 τῆς

488 823 735 893 religiosi
768 822 935 876 vestri
976 836 1104 892 erga
1141 838 1393 879 nosrram
1439 824 1806 879 humilitatem
1845 823 2073 878 allectus

488 917 829 986 accepimus,
870 925 925 970 et
958 932 1107 972 nunc
1147 925 1207 972 ιιι
1236 934 1362 974 cmn
1402 920 1684 973 maxime:
1723 918 1799 973 ita
1830 928 1888 972 ut
1917 918 2075 988 plane

487 1011 961 1079 obstupescamus,
986 1027 1110 1065 etnu
1128 1028 1249 1081 qua
1268 1022 1595 1083 quantaeque
1619 1013 1731 1067 sint
1758 1012 2075 1082 largitiones

486 1111 679 1155 vestrm
712 1101 993 1155 intuemur
1028 1120 1041 1155 :
1080 1110 1249 1170 atque
1280 1104 1370 1157 ubi
1405 1104 1583 1158 edocti
1614 1120 1801 1159 sumus
1838 1120 1867 1157 a
1902 1105 2075 1157 tabel-

486 1189 662 1255 lario,
715 1192 807 1259 qui
859 1200 1141 1260 spectator
1191 1191 1309 1261 ipse
1348 1193 1659 1257 intellexit,
1712 1205 1914 1263 quanta
1943 1208 2075 1247 cura

487 1281 646 1339 vobis
677 1284 1099 1355 sollicitudoque
1134 1286 1225 1344 sit.
1255 1286 1517 1351 cltaritas,
1552 1286 1979 1347 cmnmiseratio,
2008 1284 2074 1338 ad

488 1376 696 1440 cibum,
721 1386 932 1446 potum,
959 1379 1457 1449 vestimentumque
1488 1382 1930 1450 suggerendutn;
1968 1394 2077 1448 qua

490 1469 773 1524 alacritate
820 1471 1071 1525 tenuitati
1123 1484 1327 1526 nostra:
1372 1472 1807 1527 subtninistretis
1853 1472 1901 1525 si
1941 1470 2074 1540 quid

491 1562 559 1616 ad
596 1564 762 1615 vitam
797 1564 1168 1619 necessarium
1198 1574 1282 1619 est
1314 1579 1327 1615 :
1375 1581 1539 1634 quam
1589 1565 1787 1633 cupide
1841 1564 2076 1633 idipsum

494 1654 811 1724 inquiratis,
847 1665 906 1709 ut
941 1672 1106 1725 opere
1138 1657 1256 1725 ipso
1289 1656 1540 1711 eﬂ’ectum
1571 1657 1729 1710 detis.
1761 1654 1951 1710 Nonne
1981 1656 2080 1726 igi-

494 1757 586 1803 tur
613 1749 737 1819 jure
769 1749 983 1818 optimo
1014 1758 1193 1819 grates
1227 1747 1335 1804 Deo
1374 1765 1533 1819 agere
1565 1765 1652 1803 me
1687 1749 1755 1803 de
1795 1748 1881 1802 bis
1916 1749 2080 1802 rebus

494 1858 598 1912 par
630 1852 748 1909 est,
794 1844 887 1912 qui
942 1851 1145 1897 matres
1184 1858 1512 1912 sororesque
1550 1842 1826 1908 spiritales
1862 1841 2080 1896 invene-

498 1932 639 1988 rim?
675 1933 867 1988 Annon
898 1944 951 1989 et
983 1934 1180 1988 merito
1209 1944 1644 1989 consentaneum
1678 1944 1763 1989 est
1792 1945 1851 1989 ut
1887 1936 2080 1991 laudes

496 2026 659 2081 vobis
690 2027 934 2081 acciuam
962 2068 977 2090 ,
1004 2042 1138 2097 qua:
1166 2026 1336 2080 Deum
1362 2044 1428 2081 ex
1459 2036 1573 2081 toto
1603 2028 1767 2081 corde
1793 2026 2083 2093 quaeritis?

500 2119 781 2180 Gaudete,
836 2128 1039 2174 matres
1090 2136 1156 2173 ac
1205 2119 1328 2174 lilia;
1376 2121 1429 2174 itt
1485 2120 1736 2175 Domino.
1792 2118 2080 2184 Gaudete,

498 2227 620 2279 quae
640 2210 964 2280 Evangelica
1003 2212 1258 2265 tnandata
1290 2211 1482 2267 sedulo
1509 2212 1786 2281 perticitis.
1812 2211 2080 2275 Gaudete,

499 2302 610 2358 lilia
635 2304 749 2375 agri
780 2304 1060 2374 spiritalis,
1095 2306 1147 2358 in
1180 2304 1374 2359 mediis
1398 2304 1618 2374 quidem
1648 2303 1821 2372 spinis
1855 2302 2044 2372 positae
2064 2344 2079 2369 ,

498 2396 546 2451 si
574 2396 726 2451 locus
751 2406 1062 2466 spectetur;
1086 2396 1171 2451 sin
1198 2406 1381 2450 autem
1409 2410 1606 2459 mores,
1641 2396 1801 2465 longe
1825 2395 1893 2449 ab
1914 2396 2082 2449 haere-

498 2490 607 2544 tico
638 2488 854 2559 spineto
880 2490 1193 2542 summotae.
1224 2487 1493 2552 Gaudete,
1512 2498 1691 2542 cretus
1709 2487 2083 2557 egregius,in-

497 2581 674 2636 vicem
741 2582 1101 2644 cohaerentes,
1129 2589 1183 2635 et
1221 2579 1288 2633 ad
1340 2577 1435 2633 Dei
1481 2578 1809 2648 obsequium
1848 2579 2083 2634 invicem

501 2676 791 2744 colligatae.
825 2673 1041 2739 Quanta
1070 2684 1249 2728 vestra
1282 2673 1374 2727 illa
1406 2672 1708 2727 secundum
1754 2672 1922 2727 Deum
1954 2688 2085 2726 con-

503 2766 691 2822 cordia
739 2776 860 2832 est,
906 2766 999 2820 illa
1043 2766 1221 2821 amica
1261 2765 1615 2836 coniunctio,
1662 2764 1752 2819 illa
1798 2766 1905 2819 vita
1951 2764 2087 2819 soli-

506 2857 647 2910 taria
669 2858 681 2909 !

575 2947 786 3015 Gaude,
835 2948 1053 3004 domina
1092 2947 1248 3003 alteri
1282 2948 1599 3004 consociata
1632 2948 1890 3011 domine,
1928 2948 2091 3001 matri

509 3052 717 3101 mater,
777 3040 1127 3095 moderatrici
1166 3039 1541 3104 moderatrix;
1605 3039 1769 3095 simul
1802 3039 2091 3110 prmposita

508 3133 785 3203 simulque
852 3132 1094 3187 subdita.
1152 3131 1327 3197 Quam
1374 3132 1588 3203 egregia
1631 3142 1723 3192 tua
1778 3132 2097 3186 exercitatio

509 3233 595 3279 est
654 3234 818 3294 atque
883 3223 1195 3293 professio!
1230 3236 1290 3277 ut
1341 3240 1409 3279 ex
1452 3224 1760 3278 obedientia
1798 3225 2099 3277 mercedem

509 3318 755 3389 colligas,
793 3326 848 3371 et
868 3318 1172 3387 praepositae
1203 3317 1555 3372 securitatem
1605 3327 1850 3387 pne'stes.
1886 3316 2094 3382 Gaude,

2174 819 2434 886 εὐσεὸοῦς
2483 820 2639 891 ὑμῶν
2682 821 2823 892 πρὸς
2871 823 2971 890 τὴν
3017 824 3353 877 ταπείνωσιν
3381 823 3549 893 ἡμῶν
3590 823 3775 876 διαθέο

2176 933 2314 987 σε-ως
2364 917 2691 987 εἰλήφαμεν,
2748 914 2844 969 νῦν
2894 915 2951 969 δὲ
3003 917 3098 969 καὶ
3150 918 3328 987 μάλα’
3366 916 3446 980 ὡς
3508 918 3779 985 ἐκστῆναι

2174 983 2322 1079 ἡμᾶς
2338 1009 2416 1081 τῷ
2442 983 2583 1071 ὄντι,
2600 1008 2989 1073 διαϐλέποντας
3011 1011 3111 1073 τὰς
3131 983 3342 1081 δωρεὰς
3367 1010 3548 1082 ὑμῶν,
3576 983 3777 1063 ὁπόσαι

2174 1106 2268 1158 καὶ
2313 1103 2538 1173 ἡλίκαιο
2601 1103 2792 1155 ἔπειτα
2845 1102 2939 1154 καὶ
2996 1102 3407 1170 ἐκδιδαχθέντες
3463 1104 3621 1173 παρά
3677 1100 3777 1153 τοῦ

2175 1194 2654 1265 γραμματηφόρου
2700 1192 2925 1262 αὐτοψεὶ
2969 1192 3361 1262 ὑπειληφότας,
3394 1194 3497 1263 ὅση
3534 1196 3567 1263 ἡ
3604 1192 3779 1261 φειδὼ

2177 1286 2273 1340 καὶ
2316 1288 2348 1358 ἠ
2396 1286 2619 1357 φροντὶς
2662 1285 2940 1356 περίεστιν
2990 1284 3155 1354 ὑμῖν·
3201 1286 3394 1347 ἐλεεῖν,
3451 1286 3777 1356 οἰκτείρειν,

2176 1379 2418 1449 τρέφειν,
2452 1378 2713 1441 ποτίζειν,
2753 1375 3083 1429 ὲνδιδύσκειν
3102 1391 3115 1406 ο
3138 1375 3265 1428 εἴτι
3295 1375 3423 1430 ἄλλο
3459 1376 3779 1443 ἐπιτήδειον

2179 1470 2325 1538 ζωῆς
2356 1471 2436 1533 εἰς
2476 1469 2574 1538 τὴν
2620 1468 2898 1522 εὐτέλειαν
2928 1468 3089 1539 ἡμῶν
3132 1469 3525 1538 ἐπειγομὲναις
3557 1471 3776 1522 ποιεῖν.

2179 1566 2272 1618 καὶ
2314 1563 2678 1633 ὲκζητούσαις
2709 1562 2901 1630 μαθεῖν
2931 1564 3010 1624 εἰς
3053 1560 3112 1615 τὸ
3146 1562 3339 1613 τελεῖν.
3370 1556 3523 1631 τΑριι
3556 1556 3655 1612 οὖν
3675 1561 3781 1612 οὐκ

2179 1656 2403 1719 εἰκότως
2425 1657 2770 1726 εὐχαριστεῖν
2801 1672 2868 1725 με
2893 1656 3041 1709 ἔστιν
3075 1656 3132 1708 ὲν
3162 1653 3372 1717 τούτοις
3400 1656 3477 1722 τῷ
3504 1652 3648 1723 Θεῷ,
3676 1672 3783 1722 μη-

2179 1751 2344 1818 τέρας
2379 1749 2651 1818 εὑρηκότα
2682 1748 2776 1801 καὶ
2809 1748 3045 1816 ἀδελφὰς
3076 1747 3492 1817 πνευματικὰςς
3532 1742 3647 1814 ἆρα
3678 1746 3781 1798 οὐκ

2182 1845 2549 1915 όφειλομένως
2575 1845 2786 1917 πρέπον
2823 1862 2913 1916 μοι
2945 1844 3147 1915 ῦμνους
3183 1844 3312 1914 ὑμῖν
3345 1843 3650 1905 ἀναθεῖναι,
3685 1844 3781 1895 ὲκ-

2184 1934 2476 2007 ζητούσαις
2524 1936 2657 1990 Θεὸν
2678 1936 3041 2008 ὁλοκαρδίως;
3080 1936 3347 2005 Χαίρετε,
3390 1935 3634 2006 μητέρες
3680 1937 3781 1986 atat

2185 2030 2488 2099 Θυγατέρες
2545 2031 2604 2083 ἐν
2658 2031 2870 2099 Κυρίῳο
2923 2029 3175 2100 χαίρετε,
3223 2029 3605 2099 φιλεργάτιδες
3665 2026 3781 2080 τῶν

2185 2121 2560 2189 εὐαγγελικῶν
2611 2121 3076 2191 προσταγμάτων.
3136 2120 3401 2191 Χαίρετε,
3459 2119 3625 2190 κρίνα
3681 2118 3779 2173 τοῦ

2185 2211 2357 2281 ἀγροῦ
2380 2212 2471 2264 τοῦ
2502 2211 2726 2283 νοητοῦ,
2760 2214 2817 2265 ὲν
2853 2213 3004 2282 μέσῳ
3038 2212 3291 2266 ἀκανθῶν
3318 2214 3596 2283 ὲνειμέναι
3632 2212 3783 2265 κατά

2182 2303 2347 2356 τόπον
2368 2320 2381 2334 ’
2410 2304 2551 2357 κατά
2591 2304 2649 2357 δὲ
2673 2303 2898 2375 τρόπον,
2934 2306 3034 2374 τῆς
3061 2304 3344 2375 αἱρετικῆς
3405 2303 3781 2366 ἀκανθὼσεως

2185 2397 2525 2468 πορρωτέρω
2581 2396 2829 2451 θέουσαι.
2878 2398 3139 2468 Χαίρετε,
3179 2399 3212 2469 ἡ
3268 2398 3409 2468 καλὴ
3447 2396 3688 2467 ξυνωρὶς
3723 2399 3782 2448 ὲν

2184 2490 2446 2562 ἀλλήλαις
2472 2492 2755 2561 ἐχόμεναι,
2794 2491 2891 2544 καὶ
2924 2490 2994 2545 δι’
3028 2489 3275 2563 ἀλλήλων
3306 2491 3443 2561 πρὸς
3476 2491 3615 2544 Θεὸν
3650 2508 3783 2544 συν-

2184 2582 2574 2654 δεσμούμεναι..
2614 2584 2811 2655 Ἦλίκη
2839 2584 2995 2653 ὑμῶν
3035 2587 3067 2653 ἡ
3104 2585 3248 2638 κατὰ
3278 2585 3412 2638 Θεὸν
3445 2584 3680 2657 ὁμόνοια.
3703 2602 3716 2615 ·
3747 2586 3785 2654 ἡ

2185 2676 2506 2749 ἀγαπητικὴ
2534 2677 2782 2742 σύνδεσις
2803 2694 2816 2707 ·
2848 2679 2883 2750 ἡ
2917 2677 3182 2750 μοναδικὴ
3215 2678 3434 2749 βίωσιςί

2262 2954 2457 3024 Χαῖρε,
2486 2954 2520 3023 ἡ
2549 2951 2716 3024 κυρία
2741 2952 2842 3022 τῆς
2874 2950 3070 3023 κυρίας
3090 2951 3153 3021 ’ἡ
3190 2951 3373 3020 μήτηρ
3401 2949 3501 3017 τῆς
3532 2948 3747 3019 μητρός
3767 2963 3785 2979 '

2194 3050 2230 3121 ἡ
2279 3045 2667 3115 καθηγουμένη
2714 3044 2817 3114 τῆς
2842 3042 3297 3114 καθηγουμένης·
3349 3039 3488 3110 ὁμοῦ
3540 3041 3640 3111 μὲν
3686 3042 3789 3111 ἆρ-

2197 3158 2386 3212 χουσα,
2416 3138 2554 3210 ὁμοῦ
2584 3139 2640 3191 δὲ
2672 3138 2767 3191 καὶ
2793 3136 3094 3207 ἀρχομένη.
3125 3135 3212 3198 Ὠς
3250 3134 3390 3204 καλή
3422 3152 3517 3187 σου
3544 3137 3577 3204 ή
3612 3136 3788 3204 ἐργα-

2201 3227 2291 3279 σία
2335 3229 2427 3279 καὶ
2478 3227 2539 3280 τὸ
2584 3224 2955 3294 ἐπιτήδευμαο
2989 3225 3079 3277 ἴνα
3122 3224 3217 3277 καὶ
3260 3224 3351 3277 τὸν
3403 3223 3463 3288 ἐξ
3500 3224 3789 3293 ὑποταγῆς

2204 3318 2395 3389 μισθὸν
2438 3316 2707 3389 ὲρανίζῃ,
2752 3317 2846 3370 καὶ
2890 3319 2957 3387 τῇ
2997 3315 3315 3387 προεστώσῃ
3365 3314 3644 3386 ἀσφαλείᾳ
3680 3315 3790 3366 ὐπ-

509 3422 624 3466 tum
662 3427 785 3481 qua:
839 3427 898 3465 es
932 3410 1219 3478 magistra,
1252 3419 1365 3464 tum
1401 3426 1523 3480 quae
1552 3425 1611 3465 es
1667 3410 1886 3465 subdita
1925 3428 1939 3464 :
1982 3410 2098 3498 illa,

2213 3412 2408 3483 άρχῃς.
2440 3412 2633 3480 Χαῖρε,
2662 3412 2694 3480 ἡ
2725 3410 3110 3481 καθηγουμένη
3133 3409 3223 3462 καὶ
3251 3408 3698 3478 ὑποτασσομένη·
3731 3408 3793 3460 τὸ

510 3504 655 3573 quod
687 3503 935 3574 pluribus
984 3518 1154 3572 praees
1183 3519 1199 3568 ;
1231 3504 1355 3567 ista,
1416 3504 1560 3574 quod
1596 3504 1689 3558 uni
1742 3519 1919 3574 pares.
1951 3503 2100 3559 Felix

510 3598 800 3668 prudentia
833 3607 949 3660 tua,
976 3599 1089 3652 sive
1118 3612 1242 3666 qua:
1295 3597 1460 3666 regis,
1525 3598 1641 3651 sive
1679 3612 1800 3664 qua:
1857 3598 2060 3666 regeris
2086 3636 2100 3662 ,

510 3696 567 3742 et
596 3688 648 3741 in
686 3700 899 3758 portum
932 3688 1447 3743 salutisdeduceris.
1480 3685 1625 3743 Laus
1665 3689 1854 3758 utique
1882 3687 2098 3741 brevis:

516 3780 609 3835 sed
644 3781 769 3834 licet
799 3796 873 3833 οι
893 3781 1083 3849 paucis
1111 3779 1280 3832 multa
1318 3778 1640 3849 intelligere.
1689 3777 1968 3845 Rependat
2008 3793 2104 3832 vo-

515 3872 601 3925 bis
630 3871 893 3925 Dominus
929 3870 1044 3923 vice
1068 3878 1261 3923 nostra
1279 3869 1603 3931 mercedem,
1637 3867 1887 3921 similiter
1953 3882 2103 3921 teco-

516 3966 666 4018 nomi
693 3964 829 4028 rice,
860 3962 979 4018 vice
1017 3962 1263 4031 cujusvis
1309 3961 1536 4016 alterius
1571 3960 1637 4013 de
1680 3976 1790 4030 quo
1824 3960 1959 4014 bene
1987 3974 2102 4013 me-

517 4058 638 4112 ritae
675 4058 827 4112 estis.
861 4057 1145 4111 Custodite
1178 4069 1302 4119 vos,
1339 4056 1597 4116 obsecro,
1624 4052 1694 4107 ab
1718 4053 1934 4117 haeresi,
1995 4067 2102 4121 qua

520 4148 655 4202 nihil
714 4149 909 4202 animae
962 4148 1257 4202 exitiosius
1312 4158 1435 4201 est:
1470 4148 1631 4216 cujus
1665 4146 1980 4201 communio
2007 4183 2022 4207 ,
2073 4159 2105 4198 a

522 4242 745 4295 Christo
768 4240 1026 4294 alienatio
1057 4252 1161 4296 est.
1196 4239 1372 4293 Simul
1402 4249 1640 4293 vestram
1690 4237 1904 4290 vivendi
1938 4236 2108 4289 ratio-

525 4347 649 4385 nem
682 4331 891 4385 reddite
913 4331 1362 4399 splendidiorem,
1394 4331 1544 4384 velut
1568 4340 1817 4383 catenam
1850 4342 2068 4381 auream
2089 4368 2105 4393 ,

528 4429 583 4473 et
630 4436 657 4472 a
700 4420 1049 4475 multitudine
1082 4421 1428 4489 sejunctam;
1462 4431 1522 4473 ut
1577 4434 1642 4473 ex
1684 4427 1916 4487 utraque
1955 4428 2109 4486 parte

527 4527 757 4581 ornatae,
790 4534 915 4572 cum
972 4516 1175 4572 lucidis
1214 4516 1552 4585 lampadibus
1588 4515 1641 4568 in
1676 4514 1891 4567 Domini
1933 4513 2109 4568 thala-

528 4627 678 4668 mum
743 4611 1098 4682 perveniatis,
1138 4609 1490 4679 sempiternis
1506 4607 1666 4662 bonis
1699 4605 1965 4661 fruiturte.

978 4721 1491 4781 LXl.-—Naucratio
1516 4723 1651 4792 ﬁlio.

2209 3505 2331 3576 μὲν,
2374 3503 2483 3557 τῶν
2522 3503 2769 3555 πολλῶν’
2803 3501 2864 3554 τὸ
2905 3501 2999 3564 δὲ,
3045 3504 3111 3572 τῇ
3160 3502 3279 3570 μιᾷ.
3311 3501 3585 3569 Μακαρία
3620 3516 3717 3552 σου
3756 3502 3790 3568 ή

2206 3598 2422 3661 σύνεσις
2442 3614 2455 3627 ·
2477 3596 2801 3667 κυϐερνῶσα
2823 3596 2914 3648 καὶ
2936 3593 3066 3647 κυὸε
3078 3593 3349 3663 ρνωμένη,
3372 3592 3466 3644 καὶ
3488 3594 3568 3654 εἰς
3592 3592 3793 3658 λιμένα

2204 3690 2483 3761 σωτηρίας
2512 3685 2950 3759 ἀπευθυνομένη.
3002 3684 3219 3756 Βραχέα
3254 3684 3322 3736 τὰ
3347 3682 3605 3752 ἐγκώμια
3626 3697 3640 3710 ο
3670 3682 3793 3735 ἀλλ’

2204 3783 2264 3848 ἐξ
2287 3783 2486 3851 ὀλίγων
2510 3781 2578 3834 τὰ
2607 3780 2780 3834 πολλὰ
2810 3777 3259 3843 συνεξακούεται.
3278 3776 3632 3848 ’Δνταποδῲη
3661 3776 3795 3845 ὑμῖν

2206 3876 2411 3943 Κύριος
2436 3874 2527 3926 τὸν
2558 3871 2700 3942 ὑπὲρ
2742 3870 2902 3941 ἡμῶν
2934 3868 3157 3940 μισθόνο
3203 3876 3296 3921 τον
3329 3868 3471 3939 ὑπὲρ
3504 3867 3600 3920 τοῦ
3644 3868 3796 3919 οἰκο-

2205 3968 2394 4036 νόμου,
2434 3967 2526 4019 τὸν
2574 3966 2715 4035 ὑπὲρ
2745 3962 3058 4016 οὑτινοσοῦν
3088 3962 3250 4015 ἄλλου
3291 3956 3351 4014 εὖ
3395 3962 3791 4022 πανϐἀνοντος.

2205 4058 2482 4122 Φυλάξατε
2530 4057 2612 4109 ἔτι
2655 4057 2855 4119 ἑαυτὰς
2880 4096 2895 4123 ,
2932 4053 3236 4125 παρακαλῶ
3258 4094 3274 4119 ,
3312 4054 3412 4122 τῆς
3440 4053 3793 4123 ψυχοφθόρου

2208 4151 2474 4221 αἱρέσεως
2493 4165 2507 4180 ο
2536 4142 2603 4219 ἧς
2635 4149 2669 4219 ἡ
2702 4147 2958 4200 κοινωνία
2989 4145 3346 4215 ἀλλοτρίωσις
3374 4143 3643 4213 Χριστοῦ.
3678 4142 3796 4211 Τὴν

2209 4243 2485 4295 πολιτείαν
2546 4239 2683 4311 ὁμοῦ
2758 4239 3120 4310 φαιδροτέραν
3186 4228 3636 4307 ἀπεργάζοισθε,
3690 4238 3794 4305 τὴν

2209 4334 2415 4404 χρυσῆν
2463 4333 2650 4403 σειρὰν
2699 4332 2794 4384 καὶ¹
2835 4333 2951 4392 τοῖς
2998 4329 3212 4391 πολλοῖς
3255 4328 3531 4382 ἀπλοκονο
3591 4330 3680 4382 ἵνα
3737 4328 3797 4392 ἐξ

2212 4424 2541 4496 ἀμφοτέρων
2571 4422 2982 4493 κοσμούμεναι,
3017 4421 3297 4491 λαμπραῖς
3344 4423 3465 4482 ταῖς
3508 4420 3796 4492 λαμπάσιν

2211 4520 2291 4581 εἰς
2317 4517 2407 4569 τὸν
2436 4515 2704 4588 νυμφῶνα
2738 4512 2941 4585 Κυρίου
2979 4513 3391 4583 καταντήσοιτε,
3418 4513 3530 4565 τῶν
3554 4512 3798 4566 αἰωνίων

2209 4608 2432 4677 ἀγαθῶν
2457 4608 2853 4662 ἀπολαύουσαι.

2488 4720 2611 4776 ΞΑ’.
2636 4752 2704 4761 -
2724 4719 3075 4788 Ναυκρατίῳ
3106 4717 3317 4785 τέκνῳ.
3360 4715 3509 4790 [υδν.]

1411 4838 1593 4891 Christi
1617 4839 1956 4890 confessorem
1981 4834 2245 4901 praeconia.
2275 4837 2481 4899 (Baron.
2505 4850 2585 4887 an.
2610 4836 2723 4896 818,
2747 4850 2798 4887 η.
2818 4836 2921 4900 ει.)

602 4948 735 5003 Tam
781 4949 945 5003 lltlum
973 4960 1164 5004 nactus
1187 4964 1247 5004 es
1276 4949 1640 5015 tabellarium,
1688 4960 1747 5004 ut
1793 4949 1882 5003 Dei
1916 4948 2107 5019 optimi

2284 4947 2543 5000 Τοιούτου
2578 4944 2769 5000 πιστοῦ
2816 4945 3297 5017 γραμματηφόροι)
3351 4944 3793 5013 ὲπιτετύχηκας,

531 5042 889 5111 providentia}
938 5041 1404 5109 dispensationem
1458 5057 1576 5097 esse
1633 5042 1937 5111 putaverim
2011 5057 2112 5111 ego

538 5132 781 5191 humilis.
809 5149 905 5201 per
930 5148 1053 5187 eum
1106 5134 1317 5189 litteras
1356 5134 1425 5188 ad
1462 5144 1512 5188 te
1565 5134 1729 5197 mitti,
1768 5134 1842 5188 [ili
1898 5146 2106 5189 sancte.

538 5225 691 5290 Quod
724 5240 888 5291 porro
912 5227 1207 5282 didicimus
1238 5235 1290 5281 te
1318 5236 1466 5281 recte
1500 5228 1677 5280 valere
1698 5241 1824 5279 cum
1855 5226 2113 5279 omnibus

538 5316 946 5372 confessoribus
978 5333 1043 5372 ac
1069 5318 1330 5373 fratribus
1354 5320 1485 5377 tuis,
1516 5321 1795 5385 quomodo
1832 5334 1941 5371 non
1975 5318 2114 5371 foret

543 5409 697 5461 nobis
729 5408 1101 5476 peccatoribus
1116 5425 1279 5463 causa
1310 5410 1699 5473 laztandi;cum
1716 5419 1770 5463 tu
1794 5411 2114 5478 praesertim,

544 5499 634 5566 qui
668 5500 987 5567 coryphaeus
1012 5515 1092 5561 es,
1126 5498 1403 5551 constanti
1446 5498 1630 5552 aninto
1680 5497 1777 5564 sis,
1816 5510 1981 5568 atque
2012 5499 2118 5553 huc

542 5593 670 5661 illuc
706 5591 899 5645 feraris
953 5607 1049 5661 per
1077 5591 1333 5660 epistolas
1361 5590 1547 5659 plenas
1569 5591 1850 5646 cltaritatis
1888 5601 1941 5647 et
1968 5591 2120 5646 solli-

541 5684 799 5738 citudinis
828 5700 955 5753 erga
987 5700 1199 5748 omnes,
1256 5693 1313 5737 ιιι
1372 5684 1548 5737 virum
1607 5684 1848 5738 divinum
1914 5686 2114 5740 decet?

547 5775 748 5831 Deinde
772 5779 915 5846 quod
945 5785 998 5831 et
1051 5776 1217 5830 frater
1246 5776 1522 5829 Adrianus
1564 5777 1852 5831 incolumis
1870 5779 2116 5846 pervenit

547 5886 719 5937 usque
749 5870 813 5924 ad
842 5886 935 5925 eos
966 5869 1058 5939 qui
1093 5869 1214 5924 istic
1247 5876 1395 5933 sunt,
1429 5867 1540 5939 jam
1573 5884 1704 5924 cura
1738 5869 1895 5925 levati
1920 5886 2113 5927 sumus

2214 5042 2281 5095 δι’
2315 5034 2376 5095 οὗ
2405 5042 2719 5111 οἰκονομίαν
2767 5041 3064 5111 ἡγησάμην
3097 5034 3239 5092 εἶναι
3273 5038 3368 5092 τοῦ
3414 5038 3624 5107 ἀγαθοῦ
3661 5038 3795 5091 Θεοῦ

2215 5135 2371 5205 ἡμῶν
2404 5135 2559 5204 κάγὼ
2588 5138 2616 5188 ὁ
2643 5134 2900 5196 ταπεινὸς
2932 5132 3239 5185 ἐπιστεῖλαί
3270 5148 3373 5195 σοι,
3405 5132 3551 5203 ἱερὸν
3582 5133 3793 5187 τέκνον.

2217 5229 2358 5282 Αὐτὸ
2392 5229 2492 5298 μὲν
2519 5225 2613 5281 οὗν
2643 5228 2703 5280 τὸ
2731 5227 2923 5298 μαθεῖν
2945 5226 3113 5296 ἡμᾶς,
3135 5225 3215 5277 ὅτι
3245 5223 3509 5291 ὑγιαίνεις
3536 5228 3633 5278 σὺν
3663 5228 3793 5277 πᾶσι.

2216 5325 2330 5385 τοῖς
2363 5321 2724 5392 ὁμολογηταῖς
2756 5321 2853 5373 καὶ
2882 5318 3130 5388 ἀδελφοῖς
3162 5334 3254 5369 σου
3276 5333 3290 5349 ·
3328 5316 3447 5380 πῶς
3476 5314 3637 5387 (Reg.
3670 5319 3789 5371 cod.

2218 5414 2394 5483 πόσης
2483 5412 2710 5483 χαρᾶς]
2768 5413 2871 5465 οὐκ
2941 5410 3007 5464 ἂν
3075 5406 3187 5462 εἷεν
3243 5409 3376 5479 ἡμῖν
3433 5413 3549 5472 τοῖς
3604 5409 3791 5477 ἀμαρ-

2220 5506 2408 5567 τωλοῖς
2452 5507 2627 5576 χαρόν
2676 5504 2768 5557 σοῦ
2808 5503 3043 5572 μάλιστα
3091 5500 3187 5553 τοῦ
3231 5501 3666 5571 κορυφαιοτάτου
3710 5501 3793 5551 εὐ-

2223 5595 2565 5659 σταθοῦντος,
2595 5596 2691 5648 καὶ
2723 5593 3270 5663 συμπεριφερομένου
3304 5593 3381 5663 τῷ
3405 5593 3549 5661 λόγῳ
3574 5592 3793 5658 ἀγάπης

2222 5692 2318 5742 καὶ
2366 5690 2645 5759 φροντίδος
2696 5687 2835 5757 πρὸς
2877 5685 3126 5749 ἅπαντας
3173 5684 3528 5756 θεοπρεπῶςς
3567 5684 3793 5735 Ἔπειτα

2220 5783 2303 5834 ὃτι
2332 5782 2427 5833 καὶ
2456 5782 2484 5833 ὁ
2514 5777 2741 5847 ἀδελφὸς
2777 5777 3052 5848 Ἀδριανὸς
3079 5778 3463 5831 ἀποσέσωσται
3499 5774 3666 5846 μέχρι
3690 5774 3792 5825 τῶν

2225 5871 2435 5937 αὐτόθι,
2474 5870 2775 5941 ἀνείυημεν
2813 5872 2912 5939 τῆς
2956 5870 3252 5941 μερίμνης,
3288 5868 3789 5938 εὐχαριστήσαντες
