3934 6438
171 392 316 459 12⁸77

1387 395 1928 461 EPISTOLARUM
1973 402 2122 464 LIB.
2166 405 2254 467 Π.

3331 417 3471 482 19.78

166 514 252 584 τῷ
285 513 506 584 Κυρίῳ·
539 516 587 568 εἰ
627 515 720 569 καὶ
764 518 846 570 ὅτι
892 514 1068 569 εἰσαεὶ
1095 513 1185 568 διὰ
1215 513 1308 568 τὸν
1339 515 1570 585 ἀδελφὸν
1609 516 1764 569 Ἐπι-

1875 525 1922 571 et
1953 528 2133 588 grates
2186 518 2418 574 Domino
2472 521 2729 591 egimus:
2779 539 3098 596 quanquam
3141 544 3357 599 semper
3403 539 3474 588 ob

167 609 387 678 φάνιον,
437 609 582 662 καθά
616 611 1004 682 προεδήλωσας
1037 609 1376 680 ἐμμέριμνοί
1421 612 1624 681 ἐσμεν,
1667 611 1767 664 καὶ

169 701 599 772 ὲμπαρἀκευοι
665 703 804 773 πρὸς
857 703 1189 774 πειρασμὸν,
1249 704 1640 773 ὑπονοούμενοι
1697 702 1771 757 τὰ

168 791 532 861 ὑφορμῶντα,
573 793 716 846 κατὰ
748 794 808 846 τὸ
836 795 1005 857 εἰκός.
1034 795 1184 866 Ὄπη
1232 795 1394 866 δὲ·τῷ
1433 795 1554 866 Θεῷ
1593 794 1770 866 φίλον,

172 884 354 952 ἐχέτω
411 885 586 938 ταῦτα
639 886 732 939 καὶ
801 887 1041 953 ἀγέσθω·
1116 887 1246 955 Τοῖς
1289 889 1568 958 ἀγαπῶσι
1621 888 1774 943 Θεὸν

180 975 388 1028 πάντα
433 977 723 1046 συνεργεῖ
743 980 832 1044 εἰς
861 977 926 1031 τὸ
956 979 1214 1048 ἀγαθόν·
1245 979 1318 1044 ῶς
1352 997 1518 1049 φησιν
1557 983 1586 1033 ό
1626 980 1771 1051 ἱερὸς

175 1068 362 1138 λόγος.
399 1070 689 1134 Τοιούτους
720 1073 887 1142 ἡμᾶς,
913 1073 1129 1143 ἀδελφέ,
1160 1075 1464 1145 προσεύχου
1491 1074 1768 1142 γενέσθαι·

169 1162 280 1215 κᾶν
311 1166 530 1234 μακράν
560 1165 732 1234 ἐσμεν
759 1166 868 1218 ἀπὸ
898 1165 1034 1218 Θεοῦ
1064 1169 1184 1229 ταῖς
1215 1168 1518 1238 ἁμαρτίαις
1539 1182 1552 1195 ⁸
1588 1166 1682 1220 καὶ
1708 1167 1769 1220 οὐ

169 1257 606 1329 φοϐηθησόμεθα
652 1260 705 1311 τί
756 1261 1038 1329 ποιήσειεν
1083 1263 1217 1332 ἡμῖν
1249 1261 1559 1329 ἄνθρωπος.
1600 1261 1771 1314 Οὐδὲν

166 1347 267 1404 οὖν
298 1352 561 1416 τοιοῦτον,
611 1349 722 1407 οἷον
748 1348 887 1426 ᾖσας
915 1355 1048 1423 ἡμῖν
1078 1354 1440 1421 καταστέφων
1467 1355 1581 1416 τοῖς
1610 1352 1771 1406 ἐπαί-

167 1460 307 1507 νοις,
341 1444 679 1515 ὑπέστημεν.
714 1446 777 1498 Εἰ
807 1445 866 1498 δὲ
897 1446 992 1500 καί
1026 1463 1078 1499 τι
1107 1445 1306 1510 δεξιὸν,
1331 1445 1468 1499 ἀλλά
1493 1444 1588 1498 καὶ
1609 1445 1770 1498 τοῦτο

164 1539 237 1592 δι’
277 1540 423 1610 ὑμᾶς
451 1542 547 1592 καλ⁸
592 1540 683 1608 ὑφ’
721 1538 911 1610 ὑμῶν·
959 1541 1082 1602 ταῖς
1130 1539 1316 1609 εὐχαῖς
1353 1537 1770 1608 δυναμωθέντες

166 1632 266 1684 καὶ
310 1631 672 1707 ἀξιωθέντες..
693 1633 791 1702 Ei'r,
826 1633 922 1686 καὶ
949 1632 1087 1701 προς
1114 1631 1176 1684 τὸ
1221 1631 1350 1701 ἑξῆς
1380 1631 1441 1684 τὸ
1475 1631 1624 1695 ἕλεος
1669 1628 1767 1683 τοῦ

167 1725 382 1794 Κυρίου
414 1725 498 1794 ἐφ’
543 1727 694 1795 ἡμᾶς
718 1727 847 1791 τοὺς
875 1726 1151 1791 ἀναξίους.
1186 1724 1404 1797 ’Ἢσθην
1433 1726 1518 1779 ὅτι
1547 1740 1763 1793 συμπε-

1876 609 2102 665 fratrem
2140 612 2530 682 Epiphanium,
2584 618 3049 682 quemadmodum
3087 629 3216 674 ante
3251 625 3469 691 signiﬁ—

1876 703 2038 764 casti,
2064 704 2282 758 solliciti
2313 714 2367 758 et
2400 707 2548 760 anxii
2583 724 2774 763 sumus
2799 719 2852 763 et
2883 711 2948 764 ad
2985 714 3339 766 lentatiouem
3373 731 3469 783 pa-

1876 796 2001 860 rati,
2029 795 2279 863 adversa,
2308 809 2367 853 ut
2399 816 2496 868 par
2518 812 2620 864 cst,
2656 804 2839 857 animo
2871 815 3288 873 praesumentes.
3325 806 3472 872 Quo-

1877 902 2095 956 cunque
2127 898 2308 942 autem
2378 889 2542 942 modo
2584 890 2695 945 Deo
2739 893 2980 957 libuerit,
3029 897 3225 949 cedant
3274 898 3374 950 ista
3417 909 3471 952 et

1877 981 2111 1033 evadant
2144 999 2158 1040 :
2199 981 2550 1051 Diligentibus
2588 983 2753 1038 Deum
2777 987 2957 1040 omnia
3006 1001 3364 1057 cooperantur
3413 992 3466 1044 in

1876 1071 2070 1126 bonum
2098 1076 2142 1106 ⁶¹
2169 1116 2182 1139 ,
2217 1085 2274 1129 ιιι
2301 1078 2456 1131 aiunt
2501 1093 2672 1133 sacra:
2717 1082 2943 1150 paginae.
2978 1081 3136 1137 Tales
3175 1101 3274 1138 nos
3327 1086 3466 1153 ﬁeri,

1875 1161 2065 1229 frater,
2099 1181 2265 1220 exora
2300 1187 2312 1220 :
2343 1183 2658 1238 quanquam
2701 1172 2771 1223 ob
2797 1182 3016 1239 peccata
3076 1177 3315 1242 procula
3358 1176 3466 1230 Deo

1874 1258 2139 1312 absumus
2167 1277 2180 1313 :
2218 1261 2649 1316 uectimcbimus
2675 1264 2805 1333 quid
2827 1263 2992 1318 faciat
3013 1267 3171 1320 nobis
3202 1270 3362 1323 homo
3396 1269 3461 1325 ”.

1871 1347 2018 1403 Nihil
2096 1352 2284 1421 utique
2339 1356 2449 1408 tale
2515 1356 2755 1424 perpessi
2827 1373 3020 1412 sumus
3080 1361 3241 1430 quale
3317 1377 3466 1417 com-

1873 1447 2219 1511 memorasti,
2253 1445 2507 1502 laudibus
2541 1463 2642 1503 nos
2676 1463 2973 1504 exornans.
3033 1451 3090 1504 Si
3125 1453 3253 1520 quid
3281 1463 3460 1509 autem

1872 1544 1960 1591 est
1983 1537 2210 1607 dignum
2256 1539 2434 1607 laude,
2489 1540 2636 1595 istud
2670 1558 2799 1598 vero
2860 1545 3039 1613 ipsum
3078 1556 3303 1615 prepter
3356 1563 3457 1603 vos

1872 1637 1927 1683 et
1954 1645 1983 1683 a
2021 1630 2179 1684 vobis
2211 1641 2294 1686 est
2327 1650 2340 1685 :
2367 1633 2625 1701 precibus
2659 1636 2855 1689 vestris
2886 1637 3152 1703 roborati,
3203 1638 3462 1709 digniqne

1873 1721 2042 1776 habiti
2077 1737 2289 1778 sumus.
2321 1722 2544 1778 Utinam
2595 1735 2648 1780 et
2680 1727 2935 1798 deinceps
2983 1727 3249 1783 Dominus
3298 1732 3460 1786 mise-

171 1817 468 1887 ριηνέχθης
497 1821 564 1890 τῇ
596 1819 865 1891 πατρικίᾳ
887 1821 943 1872 ὲν
965 1821 1173 1891 Κυρίῳ,
1194 1820 1288 1872 καὶ
1317 1794 1475 1871 τοῦτο
1494 1819 1562 1871 δι’
1589 1819 1760 1888 ἡμᾶς.

1875 1813 2164 1868 ricordiam
2209 1814 2368 1870 nobis
2417 1815 2545 1870 licet
2599 1818 2837 1886 indignis
2875 1794 3176 1874 iexhiheat.
3223 1820 3462 1880 Gavisus

167 1907 284 1959 Kal.
341 1908 448 1977 γὰρ
507 1908 738 1978 κάκείνη
785 1909 918 1962 αὐτὸ
961 1910 1123 1962 τοῦτό
1177 1927 1267 1981 μοι
1309 1908 1614 1979 δεδήλωκε·
1670 1908 1763 1961 καὶ

169 2002 476 2070 προσετέθη
552 2002 756 2072 μᾶλλον
815 2004 1196 2071 ἀγαθοποιεῖν.
1264 2005 1340 2056 Δι’
1402 2003 1555 2073 ἡμᾶς
1623 2002 1760 2072 ζῇς,

164 2093 401 2162 ἀδελφέ’
434 2093 571 2148 ἀλλὰ
602 2096 698 2150 καὶ
735 2098 898 2166 ἡμεῖς
944 2098 1012 2151 δι’
1064 2098 1232 2167 ὑμᾶς.
1271 2097 1362 2165 Μὴ
1397 2094 1647 2166 θαύμαζε
1681 2095 1762 2148 ὅτι

166 2186 608 2257 κορυδαντιῶσιν
648 2190 698 2242 oi
734 2189 1192 2261 Χριστοδιῶκται,
1243 2190 1366 2261 μηδ’
1395 2190 1476 2242 δτι
1509 2188 1762 2258 ἀνέχεται

165 2281 433 2351 Χριστός.
469 2284 561 2335 Δεῖ
587 2283 769 2337 πάντα
816 2283 1173 2354 τελεσθῆναι*
1222 2285 1310 2337 ἵνα
1341 2285 1437 2338 καὶ
1467 2285 1516 2336 οἱ
1546 2284 1763 2353 δόκιμοι

165 2375 545 2445 φανερώτεροι
590 2376 949 2447 ἐκλάμψωσιο
996 2379 1093 2432 καὶ
1130 2380 1181 2432 οἱ
1214 2379 1546 2448 ἀνομοῦντες
1581 2377 1765 2431 τέλεον

166 2465 506 2517 ἁποτίσωσιν
550 2459 624 2518 ῶν
672 2469 999 2536 εἰργάσαντο
1051 2467 1151 2539 τὴν
1211 2468 1584 2538 ἀντιμισθίαν.
1635 2469 1767 2521 Ἀπ-

167 2555 417 2609 έσταλκά
440 2574 520 2609 σοι
546 2556 899 2626 βιϐλιδάκιον,
931 2559 1024 2611 καὶ
1047 2557 1314 2629 τετράδας
1335 2558 1763 2628 δεκατέσσαραςο

169 2647 258 2716 ἐφ’
293 2642 373 2709 οἷς
415 2649 524 2700 εισι
571 2647 720 2716 λόγοι
755 2651 850 2703 καὶ
899 2650 1004 2720 βίοι
1036 2650 1146 2704 τῶν
1187 2651 1435 2718 ἀδελφῶν
1465 2652 1766 2722 ἐμμέτροις

170 2738 384 2808 στίχοις
405 2755 417 2767 ·
449 2740 594 2812 ἅπερ
626 2741 896 2809 ἀναγνοὺς
939 2741 1099 2804 αὑτός
1132 2758 1189 2794 τε
1228 2740 1322 2794 καί
1355 2757 1504 2804 τινες
1529 2739 1639 2795 τῶν
1679 2759 1769 2794 πι-

168 2833 319 2886 στῶν
377 2833 646 2900 ἀδελφῶν,
706 2833 966 2902 ἀσφαλῶς
1013 2833 1388 2904 κατάκρυψον.
1450 2834 1617 2887 Οὐδὲν
1673 2830 1767 2887 οὖν

169 2925 336 2987 ποιῶ,
369 2926 588 2994 ἀδελφέ,
617 2927 767 2992 ἀξιον
798 2927 960 2995 λόγου
981 2944 994 2956 ·
1023 2927 1139 2978 ἀλλ’
1170 2927 1361 2998 ἐπειδὴ
1385 2927 1651 2998 εὐκαιρῶ,
1672 2927 1770 2980 καὶ

170 3019 366 3088 ἐπειδὴ
401 3020 674 3088 νύσσομαι
736 3020 812 3083 ὠς
859 3021 965 3073 ὑπὸ
1012 3020 1106 3073 τοῦ
1159 3021 1316 3088 ἁγίου
1369 3038 1470 3090 μου
1518 3021 1765 3091 Πατρόςο

171 3111 398 3164 ἀκούων
444 3129 502 3181 τε
558 3113 723 3166 πάλιν
787 3113 883 3166 τοῦ
929 3113 1074 3166 θείου
1129 3113 1346 3167 Παύλου
1399 3113 1650 3181 λέγοντος
1689 3115 1768 3184 τῷ

169 3205 321 3274 ἁγίῳ
357 3177 636 3277 Τιμοθέῳο
671 3206 768 3272 Μὴ
795 3206 1006 3276 ἀμέλει
1034 3207 1140 3261 τοῦ
1159 3207 1232 3260 ἐν
1253 3207 1352 3261 σοὶ
1374 3177 1767 3277 χαρίσματοξ·
1799 3185 1840 3240 C

171 3299 254 3361 ὡς
307 3299 526 3364 ἀνάξιος
579 3299 720 3369 μετά
761 3300 925 3369 φόϐου
977 3301 1072 3354 καὶ
1121 3302 1327 3371 τρόμου
1361 3301 1501 3354 ποιῶ
1531 3300 1568 3354 ἃ
1607 3299 1766 3354 ποιῶ.

173 3393 285 3444 Τὸν
317 3392 547 3462 ἀδελφὸν
579 3393 907 3448 Ἀθανάσιον
944 3401 1041 3448 σὺν
1074 3395 1152 3464 τῷ
1179 3396 1566 3464 παροικονόμῳ
1597 3396 1771 3448 ἄσπα-

176 3501 294 3536 σαί.
337 3484 401 3536 El.
449 3487 544 3537 καὶ
607 3486 844 3557 ἔγραψα,
904 3487 980 3552 ὡς
1030 3488 1112 3540 ὅτι
1162 3487 1412 3559 εἰσῆλθεν
1468 3489 1496 3541 ὁ
1542 3486 1770 3555 ἀδελφὸς

187 3576 514 3646 Ἂδριανὸς,
550 3579 761 3647 ἀγνοῶν
797 3576 979 3632 εἶπον⁶
1019 3578 1247 3649 ὕστερον
1292 3580 1478 3650 μαθὼν
1506 3581 1588 3632 ὅτι
1616 3579 1770 3633 οὔπω

173 3671 416 3737 ἔφθασεν
473 3672 640 3742 ἡνίκα
707 3674 1046 3735 ἐπέστειλας.
1114 3672 1172 3725 Ὁ
1221 3673 1449 3741 ἀδελφὸς
1500 3673 1766 3736 Νικόλαος

174 3763 414 3815 πλεῖστά.
465 3781 523 3816 σε
573 3764 1014 3835 προσαγορεύει,
1067 3764 1383 3834 αἰδούμενος
1413 3765 1539 3828 τοὺς
1573 3763 1766 3832 λόγους

176 3873 300 3909 σου.
362 3858 420 3909 '0
465 3857 670 3927 Κύριος
719 3861 859 3928 μετά
887 3858 981 3911 τοῦ
1011 3858 1325 3929 πνεύματός
1372 3875 1489 3923 σου,
1515 3857 1767 3927 ,ἀδελφό-

177 3966 380 4004 πατεο.

557 4220 676 4276 EB’.
710 4253 770 4264 —
795 4221 1165 4291 Κατήχησις.
1207 4222 1404 4297 [υλς¹.]

1867 1922 1986 1961 sum
2004 1906 2147 1975 quod
2180 1923 2302 1962 cum
2335 1909 2562 1977 patricia
2592 1912 2823 1963 comiter
2847 1911 2897 1964 in
2928 1910 3161 1965 Domino
3186 1921 3240 1966 et
3285 1914 3465 1968 indul-

1864 2009 2052 2067 genter
2081 2001 2276 2070 egeris,
2309 2001 2474 2071 idque
2509 2012 2733 2072 propter
2763 2020 2886 2058 nos.
2923 2002 3058 2058 Nam
3101 2014 3156 2058 ct
3200 2007 3288 2060 illa
3329 2005 3462 2063 mihi

1866 2093 2010 2147 istud
2033 2093 2209 2162 ipsum
2231 2095 2556 2164 signiﬁcavit
2581 2115 2593 2150 :
2620 2097 2970 2167 decrevitque
2996 2100 3118 2167 plus
3144 2099 3303 2154 solito
3330 2101 3464 2155 bene

1865 2183 2076 2240 facere.
2105 2185 2332 2256 Propter
2376 2205 2474 2242 nos
2505 2189 2662 2254 vivis,
2697 2189 2903 2244 frater:
2945 2193 3040 2245 sed
3071 2203 3123 2244 et
3179 2209 3279 2246 nos
3308 2208 3462 2264 teque

1867 2288 2092 2348 propter
2152 2295 2272 2333 vos.
2333 2279 2454 2334 Noli
2502 2283 2688 2336 mirari
2752 2282 2899 2352 quod
2959 2283 3164 2338 Christi
3208 2300 3462 2354 persecu-

1866 2377 2011 2423 tores
2065 2370 2366 2436 insaniant,
2399 2380 2494 2426 aut
2535 2374 2683 2442 quod
2743 2373 2999 2429 Christus
3049 2376 3246 2430 tacitus
3297 2375 3458 2432 ferat.

1867 2457 2294 2526 Oportetomnia
2309 2466 2679 2524 consummari
2697 2466 2762 2530 ⁸⁵,
2781 2475 2840 2519 ιιι
2859 2468 2949 2536 qui
2976 2467 3185 2537 probati
3205 2480 3331 2524 sunt
3355 2485 3443 2524 ma

1873 2551 2131 2608 nil‘estius
2173 2553 2439 2623 fulgeant,
2463 2567 2516 2610 et
2548 2557 2719 2627 iniqui
2746 2559 2966 2614 tandem
3003 2575 3190 2614 eorum
3217 2577 3337 2630 quae
3360 2579 3459 2633 pa-

1872 2645 2070 2699 trarint
2091 2649 2478 2715 peculas-luant.
2500 2649 2618 2704 Misi
2646 2652 2711 2705 ad
2733 2662 2782 2705 te
2806 2651 3048 2706 libellum
3076 2663 3130 2707 et
3150 2655 3460 2724 quaternio-

1873 2754 1972 2791 nes
2007 2741 2444 2807 quatuordecim,
2469 2743 2520 2796 in
2546 2745 2747 2812 quibus
2769 2754 2897 2797 sunt
2922 2761 3222 2808 sermones,
3249 2756 3301 2800 et
3326 2745 3460 2804 Vita:

1872 2833 2101 2887 fratrum
2139 2835 2366 2889 metrico
2393 2838 2635 2891 carmine
2670 2857 2683 2892 :
2722 2853 2843 2907 quae
2895 2855 3018 2894 cum
3056 2849 3110 2894 tu
3163 2840 3375 2911 legeris,
3406 2853 3460 2898 et

1872 2925 2062 2979 elidis
2121 2925 2384 2981 fratribus
2435 2929 2715 2994 nonnulli;
2774 2931 3059 2999 diligenter
3116 2933 3454 2988 abscondito.

1871 3019 2022 3074 Nihil
2057 3023 2313 3091 equidem
2358 3038 2483 3091 ago,
2527 3021 2713 3085 frater,
2763 3023 2909 3091 quod
2941 3023 3105 3077 ullius
3150 3024 3303 3092 pretii
3351 3025 3454 3078 sit:

1875 3114 1970 3168 sed
2009 3115 2270 3183 quoniam
2302 3115 2433 3167 mihi
2475 3116 2716 3184 suppetit
2746 3116 2918 3168 otimn
2947 3155 2960 3180 ,
2999 3131 3064 3169 ac
3094 3116 3256 3170 veluti
3287 3117 3426 3170 exsti

1875 3206 2055 3258 mulor
2089 3221 2118 3259 a
2154 3215 2344 3260 sancto
2385 3205 2542 3260 l’atre
2571 3222 2716 3272 meo,
2746 3222 3080 3277 rursumque
3121 3208 3285 3261 audio
3316 3208 3456 3261 divi-

1877 3316 2006 3352 nmn
2042 3298 2268 3353 Paulum
2301 3301 2366 3352 ad
2408 3311 2657 3354 sanctum
2717 3300 3068 3355 Timotheum
3112 3301 3184 3354 ita
3213 3300 3454 3355 scriben-

1875 3402 1980 3446 tem
2019 3410 2031 3445 :
2071 3391 2199 3444 Noli
2237 3393 2494 3463 negligere
2525 3394 2755 3463 gratiam
2786 3409 2902 3463 qua:
2932 3395 2983 3446 in
3037 3402 3084 3446 le
3112 3401 3186 3445 est
3225 3394 3268 3424 ⁸⁸
3298 3410 3312 3459 ;
3340 3402 3456 3446 tan-

1875 3502 2040 3553 quam
2083 3485 2338 3554 iudignus
2367 3501 2489 3539 cum
2523 3486 2721 3539 timore
2750 3501 2814 3538 ac
2863 3495 3101 3540 tremore
3142 3486 3282 3540 facio
3333 3500 3453 3555 qua:

1875 3575 2039 3628 facio.
2102 3575 2345 3628 Fratrem
2381 3575 2747 3630 Athanasium
2783 3591 2908 3629 cum
2945 3578 3219 3631 oeconomi
3250 3578 3451 3631 vicario

1873 3670 2072 3723 saluta.
2111 3666 2176 3720 Et
2205 3669 2248 3720 si
2274 3668 2466 3735 scripsi
2511 3670 2734 3720 fratrem
2790 3667 3092 3721 Adrianum
3127 3671 3227 3722 iter
3271 3665 3453 3722 confe-

1873 3761 2038 3823 cisse,
2093 3762 2350 3830 iguorans
2425 3761 2586 3814 dixi:
2635 3762 2988 3830 postmodum
3030 3762 3268 3815 intellexi
3325 3776 3449 3815 eum

1874 3854 2118 3906 nondum
2149 3853 2464 3923 pervenisse
2500 3868 2626 3906 cum
2655 3854 2722 3906 ad
2781 3869 2866 3906 me
2919 3855 3212 3924 scripsisti.
3262 3852 3452 3906 Frater

1871 3944 2130 4000 Nicolaus
2152 3946 2442 4014 plurimam
2467 3945 2700 3998 salutem
2731 3945 2896 4011 dicit,
2916 3960 2980 4000 ac
3000 3960 3294 3999 sermones
3327 3953 3450 3996 tuos

1878 4040 2172 4094 admodum
2202 4049 2502 4094 reveretur.
2527 4037 2792 4093 Dominus
2825 4053 2951 4092 cum
2977 4038 3173 4107 spiritu
3206 4048 3320 4102 tuo,
3351 4034 3453 4088 fra-

1879 4141 1962 4188 ter
2011 4133 2086 4187 mi
2123 4148 2186 4187 ac
2215 4143 2386 4203 pater.

2368 4223 2928 4279 LXll.—Catechesis.

684 4316 724 4367 Ε
749 4316 1041 4377 Smyrnensi
1066 4331 1290 4379 carcere,
1318 4321 1568 4381 dispersos
1597 4319 1774 4370 fratres
1804 4335 1922 4371 suos
1947 4321 2254 4371 cohortatur.
2291 4321 2492 4382 (Baron.
2520 4333 2602 4366 an.
2623 4318 2735 4377 819,
2755 4332 2805 4365 ιι.
2834 4317 2938 4380 22.)

258 4397 460 4469 Πρὼην
510 4399 640 4468 ὑμῖν
701 4399 762 4464 ἐξ
821 4401 1180 4453 Ἀνατολικῶν
1234 4404 1768 4472 ἀναγινωσκόμενος,

179 4491 284 4545 νῦν
305 4493 416 4544 ἀπὺ
437 4492 769 4563 Θρακησίων
799 4493 1181 4562 ὲπιφαίνομαι.
1207 4496 1290 4548 Ἐν
1320 4497 1428 4564 γάρ
1458 4498 1522 4566 τῇ
1547 4497 1768 4568 Σμύρνῃ

186 4586 570 4657 μεθωρίσαντο
610 4589 760 4657 ἡμᾶς
797 4588 848 4640 οἱ
883 4588 1145 4658 ἄρχοντες
1183 4587 1276 4640 τοῦ
1317 4590 1513 4651 αἰῶνος
1541 4589 1731 4642 τούτου
1753 4605 1766 4620 ·

183 4682 282 4733 καὶ
312 4679 516 4750 μᾶλλον
558 4681 656 4748 τῆς
684 4680 962 4750 προτέρας
989 4679 1239 4749 φυλακῆς
1266 4681 1673 4751 ἀσφαλέστερόν
1708 4697 1769 4732 τε

185 4772 284 4824 καὶ
335 4770 860 4841 πειραστικώτερον.
911 4772 1064 4824 Ἀλλ’
1095 4770 1125 4823 ὁ
1159 4773 1340 4839 λόγος
1374 4772 1480 4824 τοῦ
1516 4771 1664 4825 Θεοῦ
1701 4775 1772 4826 οὐ

183 4864 426 4917 δέδεται
447 4879 460 4892 ·
493 4864 603 4916 οὐδ’
631 4867 660 4917 ό
683 4864 845 4925 πόθος
877 4864 1113 4933 ἠρεμεῖ,
1153 4864 1272 4916 οὐδὲ
1301 4865 1333 4933 ἡ
1369 4864 1560 4934 ἐντολὴ
1595 4881 1776 4933 παρα-

187 4958 398 5026 «me.
450 4957 550 5009 Διά
599 4957 758 5009 τοῦτο
811 4958 840 5008 ὀ
888 4956 1145 5019 ταπεινὸς
1208 4957 1370 5009 πάλιν
1425 4956 1771 5025 φθέγγομαιο

185 5051 424 5120 Χαίρετε
459 5053 518 5103 ὲν
543 5051 752 5120 Κυρίῳ,
783 5050 1026 5119 Πατέρες
1054 5051 1148 5102 καὶ
1176 5049 1416 5116 ἀδελφοὶ,
1439 5049 1685 5119 χαίρετε,
1726 5050 1774 5101 οἱ

183 5143 540 5212 δεδιωγμένοι
569 5143 754 5195 ἕνεκεν
785 5140 1132 5211 δικαιοσύνης
1151 5156 1164 5168 ⁸
1185 5139 1429 5212 χαίρετε,
1459 5141 1508 5191 οἱ
1538 5144 1594 5192 ὲν
1623 5140 1776 5209 ὄρεσι

189 5237 286 5288 καὶ
343 5236 630 5305 σπηλαίοις
671 5235 1108 5305 ἐνδιαιτώμενοι⁹
1154 5234 1289 5288 ἀλλά
1335 5235 1441 5304 μὴν
1477 5235 1570 5286 καὶ
1624 5237 1673 5287 οἱ
1719 5235 1776 5288 ὲν

190 5329 406 5390 πόλεσι,
451 5329 547 5380 καὶ
603 5329 1035 5398 ὲρημικωτέροις
1082 5329 1270 5389 τόποις
1312 5327 1773 5399 κρυπταςόμενοι.

192 5421 256 5472 Εἰ
305 5419 417 5489 γὰρ
477 5421 706 5471 πάντοτε
759 5420 872 5472 δεῖν
917 5422 1064 5489 ἡμᾶς
1114 5421 1326 5489 χαίρειν
1376 5421 1777 5488 ἐπιτέτραπται

193 5513 351 5585 παρά
391 5511 469 5583 τῷ
507 5512 850 5584 Ἀποστόλῳ·
901 5516 1052 5567 πόσω
1084 5532 1146 5582 γε
1182 5515 1379 5584 μᾶλλον
1422 5517 1566 5585 ἄρτι,
1613 5516 1777 5568 ὁπότε

193 5611 341 5677 ὑπερ
387 5606 624 5676 Χριστοῦ
657 5607 728 5658 τὰ
772 5607 1075 5676 παθήματα
1107 5607 1201 5659 τοῦ
1244 5607 1657 5677 ἐγγραφομένου
1698 5607 1776 5677 τῷ

193 5701 393 5752 πίνακι
417 5712 432 5727 ⁵
466 5695 561 5749 τοῦ
591 5697 996 5766 ἐμφαινομένου
1040 5698 1098 5748 ὲν
1140 5700 1206 5767 τῇ
1237 5697 1412 5767 οἰκεία
1447 5697 1649 5749 εἰκόνι·
1682 5695 1778 5748 τοῦ

269 5813 318 5843 ⁸²
355 5811 514 5865 Rom.
548 5826 664 5874 vm,
696 5809 788 5863 28.
863 5812 908 5843 ⁸³
939 5811 1082 5865 Psal.
1135 5825 1278 5866 cxvu
1305 5852 1320 5876 ,
1355 5812 1407 5867 6.
1483 5810 1528 5843 ⁸⁵
1561 5812 1581 5864 Ι
1649 5811 1775 5866 Cor.
1811 5825 1888 5877 sl,
1921 5810 2009 5866 19.

201 5884 245 5916 ⁸⁷
267 5883 454 5937 Matth.
493 5899 576 5950 ιιι,
610 5883 697 5937 10.
773 5881 818 5914 ⁵⁸
844 5880 864 5934 ι
891 5881 1086 5938 Thess.
1110 5897 1161 5945 ν,
1192 5884 1276 5937 16.

1949 4405 2134 4475 Nuper
2185 4420 2216 4458 a
2247 4403 2400 4457 vobis
2429 4403 2600 4456 lectus
2629 4417 2693 4454 ex
2724 4399 2969 4464 Oriente,
3008 4416 3154 4455 nunc
3183 4416 3247 4455 ex
3279 4400 3453 4454 Thra-

1877 4498 1960 4553 cia
2029 4498 2299 4551 advenio.
2361 4495 2648 4565 Smyrnam
2692 4493 2836 4547 enim
2903 4507 3002 4548 nos
3063 4495 3454 4549 transtulerunt

1877 4591 2154 4660 principes
2206 4589 2392 4643 salculi
2440 4589 2625 4656 hujus,
2667 4597 2719 4640 et
2752 4586 2958 4640 arctius
2996 4602 3156 4655 quam
3202 4587 3254 4639 in
3286 4586 3451 4656 priori

1804 4714 1848 4770 Β
1878 4696 2106 4756 ειιιέειε
2151 4679 2505 4745 severiusque
2567 4676 2905 4730 custodiunt.
2957 4674 3059 4728 Sed
3094 4678 3302 4728 verbum
3356 4675 3452 4727 Dei

1877 4789 1981 4826 non
2009 4784 2086 4826 est
2137 4771 2418 4840 alligatum
2448 4771 2494 4800 “
2523 4807 2538 4831 ,
2575 4783 2676 4822 nec
2730 4770 2959 4836 quiescit
3011 4785 3184 4834 amor,
3219 4784 3316 4821 nec
3377 4767 3453 4819 si-

1876 4867 1950 4920 let
1985 4866 2324 4918 mandatum.
2365 4861 2657 4931 Propterea
2695 4861 2916 4914 humilis
2958 4862 3154 4914 iterum
3219 4863 3448 4925 loquor:

1881 4957 2122 5012 Gaudete
2151 4957 2203 5008 in
2239 4954 2491 5017 Domino,
2524 4952 2713 5007 Patres
2744 4962 2797 5004 et
2823 4951 3019 5005 fratres
3054 4969 3067 5004 :
3104 4953 3330 5019 gaudete
3359 4948 3450 5016 qui

1877 5051 2313 5122 persecutionem
2346 5045 2857 5115 propterjustitiam
2916 5045 3159 5112 patimini
3198 5042 3239 5073 ⁵⁷
3270 5059 3282 5095 :
3318 5055 3450 5109 gau-

1879 5145 2000 5196 dete
2053 5141 2146 5210 qui
2174 5140 2226 5192 iu
2251 5137 2530 5191 montibus
2557 5147 2608 5189 ct
2647 5135 2924 5203 speluncis
2975 5133 3303 5188 versamini:
3355 5130 3448 5184 sed

1876 5244 1931 5289 et
1973 5234 2065 5302 qui
2101 5235 2153 5285 in
2185 5233 2432 5294 urbibus,
2468 5238 2520 5282 et
2551 5230 2641 5298 qui
2680 5228 3075 5282 desertioribus
3110 5228 3162 5278 in
3202 5225 3334 5278 locis
3352 5225 3450 5277 ab-

1877 5329 1973 5382 diti
2019 5328 2216 5381 laletis.
2267 5326 2322 5380 Si
2343 5326 2486 5378 enim
2519 5339 2734 5393 semper
2763 5323 2996 5392 gaudere
3042 5335 3142 5373 nos
3199 5327 3450 5387 oportere

1880 5421 2091 5475 monuit
2123 5420 2420 5488 Apostolus
2449 5420 2492 5450 ⁵⁸
2526 5427 2772 5487 ;quauto
2805 5415 2976 5483 magis
3002 5429 3149 5467 nunc
3183 5428 3306 5466 cum
3352 5426 3448 5480 pro

1878 5512 2096 5567 Christo
2132 5511 2399 5580 patimini,
2433 5512 2523 5578 qui
2564 5510 2614 5567 in
2655 5508 2833 5560 tabula
2865 5506 3110 5572 depictus
3150 5513 3251 5564 est,
3277 5503 3366 5570 qui
3395 5501 3450 5554 iu

1880 5607 2115 5674 imagine
2166 5620 2262 5659 sua
2291 5605 2554 5665 cernitur,
2611 5600 2703 5666 qui
2762 5613 2856 5665 per
2910 5611 3032 5648 eam
3103 5591 3451 5647 honoratur?

1879 5697 1998 5751 Non
2047 5710 2165 5750 mea
2208 5703 2336 5749 sunt
2383 5692 2570 5747 miseri
2614 5689 2851 5744 hominis
2899 5689 3013 5740 haec
3065 5687 3274 5744 verba;
3314 5686 3452 5739 Dio-

2122 5804 2388 5860 "lTim.
2446 5818 2537 5868 tv,
2597 5801 2682 5857 14.
2796 5801 2842 5834 ⁶⁶
2893 5800 2933 5854 ΙΙ
2983 5798 3127 5854 Tim.
3213 5813 3275 5854 tl.
3345 5797 3379 5852 9
