3934 6456
465 398 605 464 1279

1652 398 1716 462 S.
1753 400 2152 464 THEODORI
2196 398 2546 463 STUDIT/E

3614 389 3757 457 1280

456 510 601 582 uysii
624 506 1022 578 sapientissimi
1056 516 1207 571 sunt,
1241 517 1297 562 et
1334 506 1517 577 magni
1550 506 1762 565 Basilii.
1792 508 1903 564 Nec
1929 509 2041 581 jam

2167 508 2465 579 τιμωμένου
2495 505 2565 561 δι’
2595 505 2805 578 aiming;
2849 504 2942 575 Μὴ
2971 504 3082 578 γὰρ
3118 502 3232 576 ἐμὰ
3258 504 3329 559 τά
3379 504 3615 575 ῥήματα
3654 520 3751 555 του

453 611 672 671 tempus
700 611 784 657 est
812 602 1041 657 aliorum
1069 612 1388 657 sanctorum
1412 602 1713 658 sententias
1743 603 1829 658 his
1851 602 2047 660 litteris

454 708 748 763 apponere.
782 695 945 754 Audi.
973 695 1179 757 mlunt,
1204 704 1251 747 et
1281 693 1501 748 auribus
1549 696 1776 765 percipe,
1807 704 1949 751 terra
1976 696 2044 749 “.

456 784 616 840 Moab
645 786 869 855 sprevit,
902 785 1201 857 Byzantina
1272 788 1447 858 regio,
1503 789 1714 845 scilicet
1764 789 2049 861 Evangeli-

454 892 579 933 cutu
610 878 797 947 iugum
833 879 1079 933 excussit
1109 895 1123 941 ;
1160 880 1309 934 velut
1341 880 1511 935 vitula
1537 882 1838 945 insaniens,
1879 883 2048 939 habe-

456 983 557 1023 nas
586 968 925 1026 detrectavit.
961 969 1092 1027 Vias
1122 980 1246 1027 tuas
1279 975 1424 1029 scire
1458 975 1608 1043 uolo,
1640 974 1798 1031 factis
1836 977 2050 1032 verbis-

456 1075 565 1128 qtte
614 1061 993 1128 pronuntiavit
1028 1064 1075 1095 '°
1113 1102 1125 1116 .
1167 1064 1543 1137 Corybantum
1609 1083 1761 1125 more
1818 1070 2046 1142 agitur:

457 1153 665 1207 insanit
698 1171 710 1207 :
737 1157 1059 1225 sanguinem
1092 1157 1232 1212 bibit
1258 1166 1319 1213 ut
1360 1160 1530 1215 leaena
1558 1176 1574 1215 :
1620 1170 1680 1217 ut
1703 1162 1860 1234 aspis
1887 1179 2051 1221 aures

458 1245 715 1303 obturat:
750 1249 1083 1317 reprehensa
1116 1249 1443 1307 reluctatur.

528 1527 692 1582 Venit
751 1526 816 1581 ad
863 1542 985 1582 eam
1025 1542 1133 1582 vox
1206 1527 1627 1584 commonitoria
1688 1528 2055 1584 velutecaalo

462 1621 657 1682 missa,
704 1636 737 1675 a
776 1636 1058 1691 supremo,
1091 1636 1120 1675 a
1160 1621 1408 1676 Romano
1454 1620 1861 1687 thronozouid
1921 1621 2055 1677 feci-

461 1713 531 1768 sti
568 1712 865 1768 ?clamans
893 1729 909 1780 ;
942 1711 1221 1768 Chrisuim
1265 1712 1496 1783 negasti,
1525 1711 1727 1769 Christi
1783 1716 2057 1787 abrogans

463 1801 779 1873 imaginem;
814 1802 1077 1872 Deiparae,
1105 1813 1159 1857 et
1208 1815 1522 1857 sanctorum
1573 1804 1844 1859 omnium.
1892 1808 2058 1875 Aperi

2149 599 2393 671 οἰκτροῦ
2425 599 2707 653 Διονυσίου
2734 598 2830 653 τοῦ
2860 599 3166 669 πανσόφου,
3197 598 3291 652 καὶ
3326 596 3623 651 Βασιλείου
3656 596 3750 648 τοῦ

2154 692 2418 765 μεγάλου.
2453 692 2561 745 Καὶ
2581 691 2735 745 οὔπω
2768 693 2961 762 καιρὸς
2998 692 3108 745 τῶν
3136 690 3313 744 ἄλλων
3337 688 3627 759 θεοφόρων
3652 688 3752 750 τάς

2152 788 2381 858 χρήσεις
2407 787 2651 852 εἰσάγειν
2680 786 2737 836 ἐν
2767 786 2904 855 τῷδε
2929 785 3006 855 τῷ
3032 786 3342 857 γράμματι.
3376 785 3616 846 Ἄκουε,
3646 784 3752 835 οὺς

2142 880 2314 949 ρανὲ,
2334 881 2432 933 καὶ
2458 878 2756 940 ἐνωτίζου,
2791 877 2884 947 τῆ.
2914 880 3089 933 Μωὲὸ
3110 877 3397 947 ἡθέτησεν,
3419 879 3455 946 ή
3482 875 3753 941 Βυζαντὶς

2152 972 2427 1042 δηλονότι·
2480 972 2571 1024 τὸν
2614 969 2972 1038 εὐαγγελικδν
3016 972 3182 1038 ζυγὸν
3237 971 3616 1024 ἀπεσείσατο*
3676 968 3751 1031 ὡς

2152 1067 2388 1136 δάμαλις
2420 1063 2809 1137 παροιστρῶσα
2837 1063 3165 1134 ὴφηνίασεν.
3200 1062 3389 1127 Ὁδοὺς
3418 1080 3517 1116 σου
3548 1061 3753 1115 είδέναι

2151 1161 2211 1212 οὐ
2242 1157 2521 1227 βούλομαι.
2543 1154 2948 1229 πραγματικῶς
2973 1171 3034 1207 τε
3068 1154 3164 1209 καὶ
3180 1154 3420 1221 λογικῶς
3456 1153 3751 1223 ἀπεφθὲγ·

2156 1248 2305 1315 ξατο.
2368 1247 2747 1320 Κορυϐαντιᾷ,
2784 1247 3064 1318 μαίνεται,
3099 1248 3394 1316 αίμοποτεῖ
3415 1246 3498 1311 ὡς
3521 1246 3750 1300 λέαινα·

2153 1342 2231 1407 ὼς
2276 1341 2445 1405 ἀσπὶς
2489 1338 2616 1412 μύει
2662 1339 2762 1404 τὰς
2811 1338 3005 1403 ἀκοὰς,
3065 1338 3405 1409 ἐλεγχομένη
3450 1338 3757 1392 ἀποτινάσ-

2157 1450 2334 1487 σεται.

2227 1521 2406 1581 Ἦκεν
2433 1526 2572 1597 αὐτῇ
2611 1524 2765 1595 φωνὴ
2809 1522 3196 1595 ὑπομνηστικὴ
3235 1521 3313 1586 ὡς
3342 1522 3437 1575 ἀπ’
3485 1520 3754 1591 οὐρανοῦ,

2156 1621 2220 1675 ἐκ
2247 1620 2343 1675 τοῦ
2379 1620 2835 1693 κορυφαιοτάτου,
2870 1620 2935 1673 ἐκ
2964 1617 3059 1671 τοῦ
3073 1616 3389 1688 Ῥωμαϊκοῦ
3417 1615 3616 1687 θρόνου
3640 1631 3654 1643 ·
3688 1614 3755 1668 Τί

2156 1713 2476 1784 πέπραχαςς
2532 1712 2731 1783 βοῶσα.
2768 1710 3003 1783 Χριστὸν
3046 1710 3315 1782 ἧρνησαι,
3357 1708 3604 1778 Χριστοῦ
3655 1707 3759 1779 τὴν

2158 1804 2347 1859 εἰκόνα
2380 1803 2672 1870 ἀθετοῦσα,
2708 1803 2808 1874 τῆς
2823 1802 3114 1867 Θεοτόκου,
3142 1802 3253 1855 τῶν
3285 1800 3507 1855 πάντων
3538 1799 3745 1868 ἁγίων.

463 1896 807 1957 obedientem
832 1911 1041 1961 aurem,
1064 1895 1191 1951 audi
1219 1896 1553 1967 evangelica,
1580 1896 1903 1967 apostolica,
1937 1913 2062 1969 pro-

2169 1896 2413 1961 Ἀνοιξον
2439 1896 2667 1967 εὐήκοον
2692 1891 2785 1960 οὖς
2802 1911 2818 1926 ·
2836 1894 3091 1949 ἐνώτισαι
3113 1895 3305 1963 λόγους
3328 1892 3756 1962 εὐαγγελικοὺς.

465 1990 705 2059 phetica,
736 2000 959 2060 paterna
1018 1988 1309 2043 verba..Et
1344 2004 1453 2044 non
1497 1989 1743 2053 admisit,
1779 2005 1889 2044 nou
1930 2006 2055 2047 sus-

464 2086 609 2156 cepit
633 2103 646 2139 :
666 2085 761 2139 sed
788 2083 1025 2138 avellens
1058 2083 1292 2152 seipsam
1324 2098 1355 2137 a
1390 2083 1545 2153 quini
1575 2084 1797 2140 verticis
1825 2099 2056 2155 corpore

468 2179 766 2245 Ecclesiae;
799 2176 1244 2248 quandoquidem
1298 2177 1601 2231 etiamnum
1640 2176 1775 2232 vivit
1811 2187 1867 2233 et
1892 2176 2055 2233 Nice-

467 2272 679 2342 phorus
705 2284 893 2337 sacer;
933 2269 1198 2325 adversus
1235 2270 1878 2341 Deurmomuipotcntem
1931 2286 2056 2326 cer-

469 2365 617 2419 vices
669 2363 848 2433 erigit,
882 2361 1104 2417 Christo
1151 2363 1441 2428 insultans,
1489 2374 1679 2419 sancta
1704 2364 2053 2434 proculcans.

470 2455 624 2511 'l‘alia
670 2465 801 2511 sunt
872 2454 994 2525 ejus
1061 2454 1330 2523 facinora,
1375 2471 1408 2510 o
1456 2456 1933 2513 desiderantissimi.
1991 2456 2060 2513 Et

470 2551 757 2605 nobiscum
791 2548 952 2613 Deus,
983 2547 1199 2613 Oriens,
1226 2548 1513 2615 Occidens,
1548 2551 1767 2621 Aquilo,
1796 2567 1967 2607 mare.
1994 2554 2057 2607 In

475 2642 560 2697 his
589 2643 843 2712 gaudium
872 2659 886 2696 :
916 2642 998 2696 sin
1028 2641 1208 2697 luctus
1237 2642 1424 2709 etiam,
1457 2653 1678 2713 prepter
1700 2658 1797 2699 eos
1817 2643 1910 2712 qui
1930 2659 2058 2713 per-

471 2744 626 2789 eunt.
674 2734 788 2805 Age
822 2749 953 2805 ergo
982 2742 1124 2789 state
1153 2733 1343 2799 fortes,
1385 2736 1557 2805 gratis
1600 2735 1799 2791 animis
1831 2736 1932 2792 has
1960 2751 2059 2806 pro

474 2827 694 2881 Christo
750 2842 1057 2892 aerumnas,
1106 2827 1264 2898 quasi
1328 2828 1652 2893 thesauros,
1702 2828 2057 2899 abripientes.

474 2920 652 2987 Quam
707 2929 1075 2992 opportunum
1126 2930 1343 2994 tempus
1393 2924 1767 2989 certantibus,
1821 2924 2063 2979 suaviter

477 3014 720 3083 spirans,
771 3014 1068 3085 unguentis
1117 3015 1532 3070 tribulationum
1590 3014 1842 3086 fragrans
1896 3031 2063 3086 supra

476 3109 664 3161 omnia
700 3116 947 3161 aromata
973 3108 985 3160 ε
1016 3106 1165 3161 Fluit
1192 3117 1494 3178 martyrum
1533 3109 1758 3177 sanguis
1783 3111 1837 3163 in
1873 3097 2062 3165 Eccle-

479 3200 642 3261 siam,
677 3199 911 3269 irrigans
940 3214 1063 3254 eam
1092 3201 1232 3255 ultra
1270 3216 1433 3271 quam
1478 3200 1642 3256 Edem
1683 3202 2058 3272 quadruplicis

2156 1990 2588 2054 ἀποστολικοὺς,
2651 1989 3065 2061 προφητικοὺς,
3124 1986 3445 2058 πατρικούς.
3516 1986 3634 2040 Καὶ
3692 1987 3756 2040 οὐ

2156 2071 2494 2155 προσήκατο,
2537 2083 2639 2136 οὐκ
2680 2081 2932 2146 ἐδέξατο·
2986 2081 3125 2135 ἀλλά
3168 2080 3512 2151 διαρῤήξασα
3544 2079 3758 2149 ἐαυτὴν

2154 2176 2251 2230 τοῦ
2285 2175 2702 2246 πεντακορύφου
2735 2174 2989 2245 σώματος
3020 2173 3120 2243 τῆς
3150 2173 3480 2242 Ἐκκλησίας
3500 2187 3515 2201 δ
3554 2171 3759 2243 ἐπειδὴ

2156 2267 2237 2321 ἐτι
2267 2268 2332 2338 ζῇ
2361 2268 2456 2320 καὶ
2490 2265 2802 2338 Νικηφόρος
2844 2267 2873 2319 ὁ
2906 2264 3049 2337 ἱερός
3069 2280 3082 2293 ·
3117 2264 3390 2335 τραχηλιᾷ
3432 2262 3577 2316 κατά
3607 2262 3757 2316 Θεοῦ

2157 2361 2634 2431 παντοκράτοροςε
2702 2358 3065 2429 ἐνυϐρίζουσα
3096 2356 3350 2427 Χριστὸν,
3388 2356 3645 2409 πατοῦσα
3688 2358 3759 2409 τὰ

2158 2455 2311 2522 ἀγια.
2343 2452 2580 2506 Τοιαῦτα
2612 2450 2681 2505 τὰ
2720 2451 2855 2522 παρ’
2888 2449 3061 2520 αὐτῆς
3086 2490 3101 2514 ,
3150 2444 3196 2503 ὧ
3243 2448 3590 2520 τριπόθητοι.
3639 2450 3761 2503 Καὶ

2162 2547 2282 2617 μεθ’
2312 2546 2468 2618 ἡμῶν
2490 2548 2519 2599 ὁ
2540 2544 2694 2613 Θεὸς,
2711 2543 2996 2614 Ἀνατολὴ,
3023 2542 3208 2606 Δύσις,
3234 2542 3437 2615 Βορρἀ
3473 2543 3756 2596 Θάλασσα.

2171 2640 2261 2695 Ἐν
2313 2639 2604 2710 τούτοις-ἠ
2648 2638 2826 2710 χαρά·
2868 2638 2918 2691 εί
2965 2637 3023 2691 δὲ
3063 2638 3161 2691 καὶ
3209 2636 3426 2708 θρῆνος,
3472 2637 3564 2690 διὰ
3618 2637 3758 2701 τοὺς

2161 2732 2592 2802 ἀπολλυμένους.
2627 2729 2798 2801 Δεῦρο
2824 2731 2889 2800 δὴ
2924 2729 3090 2800 στῆτέ
3125 2747 3216 2800 μοι
3263 2731 3503 2798 γενναῖοι
3524 2771 3539 2792 ,
3580 2730 3759 2800 εὐχά-

2165 2841 2360 2897 ριστοι,
2388 2823 2727 2892 ἁρπάζοντες
2757 2821 2827 2874 τὰ
2851 2822 2993 2893 ὑπὲρ
3018 2820 3256 2890 Χριστοῦ
3292 2821 3597 2893 παθήματα
3617 2862 3632 2885 ,
3679 2824 3761 2887 ὡς

2164 2915 2611 2986 θησαυρίσματα.
2631 2908 2757 2977 Οἷος
2780 2915 2808 2966 ὁ
2833 2914 3023 2984 καιρὸς
3051 2913 3254 2982 ἀγαθὸς
3279 2914 3416 2985 πρὸς
3442 2917 3569 2977 τοὺς
3605 2917 3759 2983 ἀγω-

2163 3008 2503 3077 νιζομένους,
2551 3005 2842 3076 ὴδύπνους,
2913 3006 3161 3078 μυρίζων
3208 3008 3278 3059 τὰ
3325 3005 3761 3076 ἀθλοφορήμ-ατα

2166 3104 2307 3174 ὑπὲρ
2336 3103 2514 3156 πάντα
2538 3102 2608 3155 τὰ
2640 3100 2913 3173 ἀρώματα
2944 3102 2958 3155 1
2996 3097 3145 3171 Αἷμα
3175 3103 3260 3171 ῥεῖ
3288 3101 3627 3172 μαρτυρικδν
3664 3102 3763 3155 ἐπὶ

2165 3196 2267 3268 τὴν
2305 3196 2656 3265 Ἐκκλησίαν,
2688 3195 2853 3266 ἄρδον
2876 3195 3056 3265 ἀὐτὴν
3086 3196 3226 3266 ὑπὲρ
3264 3195 3423 3264 Ἐδὲμ
3462 3197 3527 3249 ἐκ
3542 3188 3760 3266 ’τετρα-

480 3285 723 3341 ﬂuminis
748 3286 896 3341 fonte
936 3287 1235 3357 perfusam.
1270 3288 1553 3343 Accedunt
1584 3300 1887 3356 martyrum
1912 3290 2061 3343 chori

2168 3289 2417 3359 ποτάμου
2444 3290 2654 3359 κρήνης
2678 3289 3067 3359 ποτιουμένην.
3094 3289 3490 3360 Προστίθενται
3522 3289 3575 3360 οἱ
3602 3289 3763 3360 χοροὶ

481 3378 576 3448 qui
629 3380 776 3433 omni
825 3390 982 3435 aetate
1038 3380 1308 3435 fuerunt:
1354 3397 1475 3450 quae
1514 3381 1643 3435 olim
1683 3381 2066 3437 coufessoruut

483 3470 769 3526 felicitates
825 3473 1282 3543 prmdicabautur,
1327 3488 1475 3526 nunc
1521 3472 1696 3528 oculis
1746 3483 2064 3529 cernuntur.

482 3566 566 3618 An
614 3564 780 3635 igitur
811 3582 917 3620 non
966 3566 1191 3621 festines
1221 3567 1286 3621 ad
1330 3576 1604 3621 certamen
1653 3568 1769 3622 haec
1815 3567 2064 3632 audiens,

482 3656 767 3712 fastidiens
784 3668 1120 3726 montanam,
1153 3667 1247 3714 aut
1272 3658 1497 3723 deserti,
1522 3668 1615 3713 aut
1634 3660 2069 3730 qualemcunque

483 3751 943 3805 oecultationem?
983 3754 1233 3806 Attamen
1278 3767 1439 3806 mane
1488 3752 1578 3807 ubi
1643 3767 1702 3806 es
1733 3769 1746 3806 :
1782 3751 1952 3807 habes
2014 3761 2069 3805 et

483 3854 540 3899 tu
572 3844 962 3899 beatitudinem
985 3846 1281 3916 ingentem.
1316 3845 1444 3911 Ora,
1478 3855 1533 3901 et
1564 3846 1725 3900 lauda
1752 3847 2066 3912 beatiores;

486 3948 714 4008 percute
745 3938 877 3993 mihi
910 3938 1351 4009 iuaspectabilem
1383 3939 1678 3993 draconem
1705 3956 1719 4000 ;
1749 3938 1957 3993 dehella
1988 3939 2072 3991 iu-

485 4031 745 4087 testinum
802 4032 986 4086 carnis
1046 4033 1285 4097 bellum;
1323 4031 1501 4085 vincat
1558 4034 1804 4101 spiritus,
1870 4031 2074 4085 serviat

486 4135 688 4191 corpus
729 4138 742 4173 :
775 4129 834 4174 ut
880 4121 1126 4174 libertate
1184 4119 1394 4173 fruatur
1427 4120 1607 4174 anima
1640 4133 1896 4188 tanquam
1941 4120 2068 4172 hera

487 4229 550 4268 ac
605 4214 850 4277 domina,
896 4229 1082 4282 pacem
1128 4211 1334 4267 habens
1368 4228 1490 4266 rum
1529 4213 1661 4283 Deo:
1708 4211 1822 4266 Hoc
1854 4212 1900 4267 si
1932 4212 2026 4265 flat
2054 4253 2068 4278 ,

487 4306 868 4376 quotidianum
902 4303 1248 4375 martyrium,
1282 4319 1312 4357 a
1353 4302 1467 4359 Deo
1498 4313 1657 4359 textae
1683 4303 1925 4360 corollae.

2168 3384 2277 3437 τῶν
2311 3383 2406 3437 ἀπ’
2446 3382 2641 3445 αἰῶνος
2670 3382 2995 3454 μαρτύρων
3028 3382 3139 3435 τῶν
3161 3382 3517 3453 ὁμολογητῶν
3542 3386 3613 3435 τά
3646 3386 3762 3435 πά-

2170 3474 2258 3529 λαι
2297 3476 2734 3545 μακαριζόμενα,
2769 3477 2827 3527 ἐν
2847 3474 3148 3546 ὀφθαλμοῖς
3165 3475 3260 3528 νῦν
3282 3476 3637 3546 ὁρᾶται.”Αρ’
3665 3471 3763 3528 οὖν

2170 3569 2270 3622 οὐκ
2303 3570 2501 3642 ἐπείγῃ
2522 3570 2659 3640 πρὸς
2677 3568 2776 3639 τὴν
2801 3568 3029 3637 ἄθλησιν
3060 3570 3089 3621 ὁ
3114 3569 3351 3631 ἀκούων,
3382 3567 3762 3637 δυσχεραίνων

2169 3660 2270 3732 τὴν
2294 3662 2530 3731 ὀρεινὴν,
2559 3662 2590 3731 ἢ
2622 3660 2720 3732 τὴν
2754 3660 3015 3731 ἐρημίαν,
3045 3660 3079 3731 ἢ
3106 3659 3203 3731 τὴν
3224 3659 3474 3712 ὁπωσοῦν
3506 3677 3763 3730 κρυπτά-

2167 3752 2320 3819 δίανς
2360 3753 2500 3806 Ἀλλ’
2529 3753 2681 3822 ὅμως
2724 3753 2851 3823 μένε
2895 3753 2952 3803 ἐν
2984 3745 3065 3813 οἷς
3102 3746 3194 3803 ἐἷ’
3245 3750 3389 3821 ἔχεις
3426 3752 3521 3804 καὶ
3558 3754 3625 3806 σὺ
3664 3755 3766 3807 τὸν

2175 3842 2530 3914 μακαρισμὸν
2576 3843 2784 3913 ἡλίκον.
2826 3840 3180 3911 Προσεύχου,
3226 3842 3323 3895 καὶ
3374 3843 3594 3897 ἐπαίνει
3632 3848 3765 3910 τοὺς

2172 3938 2305 3991 πλεο
2315 3938 2685 4009 μακαρίστους
2703 3956 2715 3967 ο
2758 3938 2918 4007 βάλλε
2948 3954 3039 4008 μοι
3066 3937 3160 3990 τὸν
3190 3937 3422 4006 ἀόρατον
3451 3938 3761 4009 δράκοντα·

2172 4033 2343 4102 τρέπε
2374 4049 2465 4101 μοι
2491 4032 2581 4084 τὸν
2614 4031 2877 4101 ἐμφύλιον
2908 4031 3009 4099 τῆς
3042 4030 3245 4100 σαρκὸς
3280 4030 3764 4100 πόλεμον-νικάτω

2173 4126 2233 4178 τὸ
2295 4124 2547 4193 πνεῦμα’
2602 4122 2874 4176 δουλούτω
2923 4122 2985 4175 τὸ
3036 4122 3226 4192 σῶμα·
3285 4122 3360 4185 ὡς
3406 4123 3473 4176 ἂν
3525 4125 3558 4193 ἡ
3611 4124 3764 4195 ψυχὴ

2177 4214 2571 4285 ἐλευθεριάζει,
2603 4217 2637 4284 ἡ
2670 4214 2836 4284 κυρία
2873 4213 2971 4267 καὶ
3002 4214 3284 4275 δέσποινα,
3312 4215 3536 4285 εἰρήνην
3559 4215 3763 4285 ἔχουσα

2178 4309 2313 4379 πρὸς
2342 4308 2433 4361 τὸν
2460 4307 2614 4361 Θεόν.
2653 4307 2780 4360 Ἐὰν
2808 4305 2869 4359 οὔ
2883 4323 2976 4371 τω,
3026 4305 3329 4377 μαρτύριον
3369 4307 3763 4379 καθεκάστηψ

2180 4401 2436 4468 στέφανοι
2468 4399 2775 4453 θεόπλοκοι.

562 4487 639 4543 De
670 4488 827 4541 nobis
856 4488 1235 4557 peccatoribus
1269 4505 1335 4542 ne.
1369 4488 1489 4543 sitis
1516 4488 1683 4551 anxii,
1712 4488 1858 4549 licet,
1882 4486 2063 4541 audie-

2251 4489 2386 4559 Περὶ
2439 4489 2597 4560 ἡμῶν
2644 4488 2755 4542 τῶν
2815 4487 3160 4559 ἁμαρτωλῶν
3210 4491 3288 4559 μὴ
3339 4488 3602 4543 ἀνιᾶσθε·
3658 4492 3767 4546 κάν

491 4578 612 4633 ritis
638 4587 693 4632 et
719 4592 819 4631 nos
849 4575 1075 4646 ﬂagellis
1113 4592 1287 4631 cases
1328 4578 1522 4631 iterum
1583 4576 1776 4631 fuisse.
1828 4576 2077 4631 Tulimus

492 4687 594 4741 ope
624 4680 922 4724 vestrarum
954 4684 1173 4737 precum
1233 4683 1356 4724 cum
1389 4668 1685 4737 gratiarum
1720 4667 1958 4733 actione,
1988 4667 2076 4721 hi-

495 4764 681 4818 lariter
717 4780 730 4815 :
768 4762 871 4817 etsi
908 4762 1165 4815 diuturna
1216 4776 1323 4815 non
1370 4762 1471 4815 fuit
1522 4762 1796 4817 acerbitas
1845 4761 2073 4816 doloris.

494 4854 731 4909 Tantum
778 4870 845 4908 ne
889 4865 1109 4909 sanctas
1160 4870 1354 4908 manus
1384 4864 1591 4908 vestras
1621 4854 1911 4908 extendere
1957 4870 2078 4908 COS-

494 4952 633 4998 sate.
670 4941 969 5011 Speramus
1000 4943 1143 4994 enim
1191 4941 1443 5011 quamvis
1477 4941 1630 4993 valde
1663 4941 1981 5004 imbecilles,
2011 4942 2077 4994 de

493 5036 715 5089 Amalec
749 5036 854 5089 isto
887 5043 1149 5101 tropzcuut
1201 5043 1503 5086 erecturos.
1535 5030 1746 5085 Salutat
1775 5047 1872 5086 vos
1903 5031 2078 5101 pluri-

498 5146 647 5184 mum
697 5128 957 5183 Nicolaus
1001 5126 1170 5181 frater
1223 5136 1429 5180 vester.
1485 5124 1730 5178 Salutate
1762 5127 1982 5180 invicem
2019 5126 2076 5180 iu

497 5223 677 5276 osculo
711 5233 893 5276 sancto
916 5224 983 5287 τι,
1025 5221 1161 5277 socii
1202 5220 1407 5285 socios,
1448 5220 1599 5288 parvi
1633 5234 1877 5287 magnos,
1914 5229 2079 5289 atque

498 5316 749 5385 inprimis
781 5316 989 5371 vicinos
1019 5314 1229 5369 Patres.
1263 5314 1510 5382 Cumque
1543 5328 1573 5367 a
1608 5313 1764 5369 vobis
1791 5314 1927 5368 lecta
1960 5314 2078 5367 fue-

498 5409 571 5461 rit
596 5408 846 5477 epistola,
868 5423 935 5462 ue
956 5408 1135 5478 pigeat
1159 5416 1213 5461 et
1242 5408 1386 5476 apud
1415 5405 1535 5460 illos
1561 5406 1685 5476 legi,
1714 5406 1760 5461 si
1792 5408 1956 5461 modo
1994 5407 2080 5461 di-

500 5515 602 5569 gna
652 5497 816 5553 fuerit
858 5518 871 5552 :
916 5498 1360 5568 quandoquidem
1431 5498 1739 5553 unanimes-
1785 5513 1997 5561 omnes,
2027 5506 2081 5553 et

506 5601 675 5638 unum
702 5600 921 5654 corpus,
961 5587 1212 5656 quamvis
1258 5587 1473 5641 diversa
1515 5586 1780 5641 membra.
1819 5586 2078 5645 Dominus

504 5674 661 5730 Jesus
689 5677 940 5733 Christus
964 5679 1250 5735 vobiscum
1274 5689 1328 5736 et
1357 5679 1643 5735 nobiscum
1676 5682 2075 5749 peccatoribus.

510 5769 704 5823 Amen.

581 5879 626 5914 θ’
658 5882 762 5939 Isa.
795 5883 835 5951 1,
858 5885 914 5939 2.
990 5886 1033 5918 ⁷⁸
1058 5885 1179 5942 Job.
1219 5903 1331 5953 ut,
1368 5886 1452 5941 H.
1527 5888 1571 5918 τί
1604 5886 1788 5944 llCor.
1818 5905 1935 5955 xm,
1966 5890 2049 5945 1‘2.

2180 4581 2456 4649 ἀκηκόατε
2487 4583 2567 4634 ὅτι
2589 4580 2684 4634 καὶ
2716 4576 2873 4643 αὖθις
2906 4579 3387 4651 ἐμαπιγὼθημεν.
3416 4581 3768 4653 Ἦνέγκσμεν

2179 4676 2367 4745 εὐχαῖς
2418 4674 2573 4743 ὑμῶν
2618 4675 2981 4746 εὐχαρίστως,
3034 4673 3390 4745 περιχαρῶςο
3452 4674 3558 4728 κᾶν
3625 4677 3770 4747 πρὸς

2178 4766 2358 4834 ὀλίγον
2392 4767 2425 4834 ή
2459 4764 2732 4835 δρίμυξις.
2780 4764 2958 4819 Μόνον
2989 4765 3063 4835 μὴ
3088 4763 3253 4833 ἀνῆτε
3281 4765 3380 4827 τὰς
3411 4766 3567 4829 ὁσίας
3606 4768 3767 4837 ὑμῶν

2181 4861 2369 4929 χεῖρας
2408 4859 2763 4921 ἐκτείνοντες.
2793 4859 3133 4927 Πιστεύομεν
3164 4858 3294 4928 γὰρ,
3317 4859 3363 4910 εί
3387 4858 3483 4911 καὶ
3510 4859 3768 4923 ἀσθενεῖς

2179 4951 2319 5013 λίαν,
2355 4954 2413 5003 ἐν
2442 4952 2619 5022 τούτῳ
2644 4952 2734 5004 τὸν
2768 4951 3016 5020 Ἀμαλὴκ
3039 4949 3450 5020 τροπώσασθαι.
3488 4953 3766 5017 Ἀσπάζε-

2180 5061 2269 5095 ται
2298 5043 2465 5098 πολλὰ
2509 5044 2772 5107 Νικόλαος
2817 5045 2845 5096 ὁ
2885 5042 3115 5111 ἀδελφὸς
3156 5042 3332 5110 ὑμῶν.
3376 5044 3767 5101 Ἀσπάσασθε

2179 5136 2495 5200 ἀλλήλους
2520 5137 2590 5189 ἐν
2618 5136 2906 5205 φιλήματι
2936 5135 3086 5204 ἁγίῳ
3112 5149 3126 5163 ·
3158 5135 3214 5187 ai
3246 5135 3487 5188 συνοδίαι
3516 5137 3616 5199 τὰς
3641 5155 3766 5191 συν-

2179 5226 2359 5289 οδίας·
2402 5228 2450 5279 οἱ
2498 5230 2686 5298 μικροὶ
2731 5228 2859 5290 τοὺς
2909 5226 3215 5298 μεγάλους·
3271 5228 3366 5280 καὶ
3411 5229 3598 5297 μέντοι
3639 5233 3764 5295 τοὺς

2182 5318 2581 5389 πλησιάζοντας
2635 5322 2909 5391 Πατέρας.
2964 5321 3077 5373 Καὶ
3106 5321 3233 5374 ὅταν
3264 5321 3590 5394 ἀναγνωσθῇ
3634 5324 3763 5395 παρ’

2181 5412 2307 5481 ὑμῖν
2340 5414 2372 5482 ὴ
2404 5413 2659 5484 ἐπιστολή
2681 5428 2695 5442 ο
2727 5413 2805 5484 μὴ
2852 5411 3265 5483 παραιτήσησθε
3310 5414 3406 5467 καὶ
3452 5415 3585 5486 παρ’
3616 5416 3762 5469 ἐκεί-

2180 5519 2294 5565 νοις
2329 5504 2751 5573 ἀναγνωσθῆναι
2776 5520 2790 5534 ·
2824 5504 2919 5556 ἐὰν
2944 5499 2978 5575 ᾖ
3009 5501 3135 5568 ἀξία
3169 5502 3332 5572 μόνον
3358 5523 3371 5536 ·
3400 5506 3594 5575 ἐπειδὴ
3627 5508 3764 5562 πάν-

2180 5612 2273 5657 τες
2302 5596 2567 5666 ὁμόψυχοι
2592 5638 2607 5658 ,
2652 5598 2744 5650 καὶ
2782 5595 2839 5648 ἐν
2867 5595 3064 5666 σῶμα,
3096 5596 3201 5649 κᾶν
3224 5597 3462 5669 διάφορα
3504 5599 3667 5670 μέλη.
3706 5600 3763 5653 '0

2182 5686 2387 5758 Κύριος
2443 5686 2651 5758 Ἰησοῦς
2679 5687 2914 5761 Χριστὸς
2962 5689 3081 5760 μεθ’
3124 5689 3279 5762 ὑμῶν
3308 5694 3402 5747 καὶ
3439 5694 3566 5764 μεθ’
3604 5696 3763 5767 ἡμῶν

2182 5777 2290 5833 τῶν
2317 5779 2681 5851 ἁμαρτωλῶν.
2721 5779 2913 5851 Ἀμήν.
