3934 6480
211 430 356 497 1281

443 549 560 603 ΞΡ.
591 580 662 589 -
684 551 1037 620 Ναυκρατίῳ
1066 552 1273 622 τέκνῳ.
1318 554 1505 632 [υ).ζ’.]

1430 441 1977 508 EPISTULARUM
2015 449 2163 510 LIB.
2201 451 2270 510 II.
3365 462 3502 524 1282

2304 560 2489 616 LXIII.
2526 589 2593 601 —-
2630 560 2934 616 Naucratio
2976 564 3110 633 ﬁlio.

195 669 412 720 Romani
437 667 694 744 episir0p_i_._
716 668 1027 744 afiorumque
1054 671 1448 744 Occidentalium
1479 676 1728 744 adversus
1746 677 2108 744 Iconomachos
2129 682 2357 742 suffragia
2397 678 2649 742 praadicat.
2679 679 2859 730 Postea
2896 697 3041 732 suum
3065 695 3176 730 cum
3202 684 3500 744 Chonarum,

639 732 872 796 Phrygiae
897 737 1050 794 urbis,
1084 739 1334 799 praefecto,
1357 740 1558 788 homine
1581 739 1837 800 haeretico,
1865 754 2186 805 congressum
2211 732 2408 794 narrat:
2435 744 2641 804 (Baron.
2673 757 2754 793 an.
2781 745 2892 807 819,
2919 759 2969 795 η.
2992 745 3093 801 ‘25.)

275 837 353 888 (i5-
403 835 792 906 πλησθήσεται
844 838 905 891 τὸ
962 837 1055 912 οῦς
1114 859 1216 912 μου
1279 843 1387 896 ἀπὸ
1438 842 1634 912 φωνῶν
1702 859 1758 895 σο

1864 880 1870 902 ι
1975 843 2090 898 Non
2130 847 2422 900 satiabitur
2468 843 2620 897 auris
2653 859 2769 898 mea
2799 861 2991 901 vocum
3037 859 3252 900 tuarum
3287 845 3497 899 auditu.

193 931 546 999 ἀκροάσεως.
575 933 776 997 Φωνεῖς
801 931 907 1002 γὰρ
934 934 1210 1003 ἀναγκαῖα
1244 940 1337 993 καὶ
1369 939 1790 1005 κατεπείγοντα·

190 1025 229 1078 ἂ
266 1027 360 1078 καὶ
405 1023 501 1077 νῦν
531 1025 847 1090 ὲνωτισοεὶς
871 1069 885 1093 ,
914 1021 959 1081 ὦ
1005 1032 1105 1082 παῖ
1133 1030 1296 1094 καλὲ,
1323 1027 1432 1104 ᾗσα
1479 1033 1506 1084 ὁ
1539 1033 1796 1095 ταπεινὸς

191 1115 536 1186 χαριστήρια
563 1135 576 1148 ·
615 1118 690 1180 ὡς
728 1118 788 1170 οὐ
837 1120 1197 1175 καταλέλοιπε
1229 1124 1412 1176 τέλεον
1450 1124 1656 1194 Κύριος
1695 1126 1792 1195 τὴν

205 1209 546 1279 Ἰὖκκλησίαν
577 1211 774 1263 αὑτοῦ·
827 1213 943 1265 ἀλλ’
976 1214 1176 1279 ἔδειξεν
1209 1216 1289 1269 ἔτι
1322 1218 1464 1286 ἔχειν
1497 1217 1594 1288 τὴν
1640 1220 1792 1288 ἰσχὺν

187 1301 400 1370 αὐτῆς·
455 1305 688 1374 κινήσας
723 1306 847 1369 τοὺς
872 1308 981 1360 ἀπὸ
1029 1309 1246 1373 Δύσεως
1292 1311 1556 1378 ἀδελφοὺς
1610 1312 1787 1382 ἡμῶν,

186 1397 418 1467 ἔλεγχον
446 1399 543 1466 τῆς
585 1399 872 1468 παροινίας
903 1401 1012 1452 τῶν
1038 1402 1188 1471 τῇδε.
1232 1403 1324 1455 καὶ
1367 1405 1651 1473 φωτισμὸν
1681 1405 1788 1457 τῶν

185 1493 687 1562 νυκτομαχούντων
736 1498 799 1564 τῇ
854 1495 1085 1565 αἱρέσει.
1145 1495 1265 1548 Κᾶν
1315 1498 1684 1553 ἀπεσείσαντο
1737 1501 1786 1553 οἱ

181 1585 565 1655 ἀτεράμονες·
611 1587 712 1640 κᾶν
757 1587 1075 1657 ὀφθαλμοὺς
1113 1590 1341 1659 καρδῖας
1389 1591 1489 1644 οὐκ
1541 1593 1780 1663 ἤνοιξαν.

181 1678 476 1749 Μαρτυρῶ
532 1679 656 1750 ἄρτι
726 1681 1064 1734 κατενώπιον
1110 1681 1246 1735 Θεοῦ
1293 1685 1385 1736 καὶ
1427 1669 1777 1757 ἀνθρώπων·

179 1771 417 1835 ἑαυτοὺς
453 1773 771 1844 ἀπέρρηξαν
803 1773 896 1826 τοῦ
936 1772 1189 1842 σώματος
1242 1774 1335 1827 τοῦ
1387 1777 1649 1846 Χριστοῦ,
1686 1779 1778 1832 τοῦ

180 1878 249 1914 κο
263 1864 534 1934 ρυφιακοῦ
562 1865 777 1935 Θρόνου,
797 1865 853 1916 ἐν
947 1866 1182 1936 Χριστὸς
1207 1866 1361 1920 ἔθετο
1389 1868 1486 1923 τὰς
1509 1869 1655 1932 κλεῖς
1682 1871 1779 1937 τῆς

175 1954 458 2018 πίστεως·
509 1949 578 2026 ἧς
637 1955 697 2008 οὑ
751 1957 1085 2026 κατίσχυσαν
1135 1958 1233 2009 ἀπ’
1278 1959 1505 2021 αἰῶνος,
1556 1959 1666 2010 οὐδ’
1711 1958 1776 2012 ἂν

173 2047 558 2118 κατισχύςωσι
593 2048 758 2119 μέχρι
803 2050 1114 2113 συντελείας
1143 2051 1310 2103 πύλαι
1347 2051 1474 2122 ᾇδου
1498 2093 1512 2116 ,
1561 2053 1628 2106 τὰ
1667 2053 1774 2105 τῶν

173 2138 482 2210 αίρετικῶν
516 2139 722 2210 δηλαδὴ
750 2141 993 2211 στόματα
1019 2159 1031 2171 ·
1057 2141 1130 2204 ὠς
1156 2144 1188 2212 ή
1218 2142 1311 2195 τοῦ
1348 2143 1612 2210 ἀψευδοῦς
1640 2144 1772 2196 ὑπό-

1899 935 2218 992 Necessaria
2269 942 2413 992 enitn
2468 938 2802 1005 loqueriset
2851 953 3197 1008 opportuna:
3231 941 3413 1008 qualia
3445 953 3498 994 et

1897 1046 2044 1084 nunc.
2106 1035 2353 1098 audiens,
2407 1052 2439 1087 ο
2490 1034 2561 1087 fili
2615 1037 2852 1106 egregie,
2888 1037 3212 1090 charisteria
3269 1034 3493 1087 humilis

1894 1124 2178 1178 decantavi
2215 1143 2228 1180 :
2262 1133 2516 1196 quoniam
2573 1151 2680 1188 non
2736 1132 3027 1196 dereliquit
3069 1130 3120 1183 in
3171 1132 3328 1182 finem
3383 1129 3491 1180 Do-

1893 1217 2078 1273 minus
2119 1221 2419 1278 Ecclesiam
2474 1244 2629 1281 suam
2667 1245 2680 1292 ;
2718 1227 2812 1281 sed
2849 1226 3007 1277 ilIam-
3042 1225 3184 1276 Vires
3228 1239 3358 1275 suas
3390 1223 3486 1274 ad-

1893 1310 1999 1362 lmc
2045 1310 2246 1367 habere
2303 1317 2510 1381 docuit,
2541 1321 2732 1374 fratres
2764 1327 2987 1372 nostros
3018 1317 3264 1369 excitans
3293 1315 3361 1367 ab
3393 1329 3486 1366 oc-

1889 1417 2021 1457 casu
2052 1404 2117 1457 ad
2153 1409 2627 1474 reprehensionem
2657 1412 2988 1466 temulentiae
3038 1409 3389 1469 nostratium,
3425 1415 3482 1459 et

1888 1495 2343 1553 illuminationem
2381 1501 2603 1557 haeresis
2635 1511 2798 1556 noctu
2853 1501 3256 1556 dimicantium.
3292 1499 3482 1563 Quan-

1887 1599 2048 1652 quam
2092 1587 2401 1655 rejecerunt
2453 1590 2747 1658 prazfracti,
2797 1601 2850 1644 et
2900 1590 3082 1643 cordis
3133 1588 3322 1641 oculos
3371 1604 3477 1640 non

1885 1692 2241 1746 aperuerunt.
2278 1678 2473 1736 Testor
2495 1699 2639 1737 nunc
2668 1699 2854 1736 coram
2890 1680 2998 1734 Deo
3023 1692 3076 1733 ct
3109 1679 3424 1732 hominibus
3461 1697 3475 1732 :

1883 1772 2096 1839 Seipsos
2147 1776 2470 1828 avulserunt
2511 1791 2540 1828 a
2573 1791 2807 1845 corpore
2856 1774 3083 1838 Christi,
3112 1781 3167 1825 et
3219 1786 3480 1840 supremo

1882 1862 2125 1914 vertit-ali
2170 1865 2389 1925 throno,
2424 1865 2474 1918 in
2510 1883 2620 1935 quo
2668 1867 2924 1920 Christus
2976 1865 3160 1919 claves
3197 1862 3381 1933 posuit
3414 1863 3477 1914 fi-

1880 1952 1966 2005 dei
2003 1971 2018 2006 :
2053 1953 2320 2010 adversus
2360 1973 2525 2025 quam
2553 1959 3020 2027 nonprzcvalucre
3056 1958 3345 2019 hactenus,
3378 1970 3476 2009 nec

1880 2049 2255 2113 pra-valebunt
2319 2065 2496 2118 usque
2571 2051 2635 2103 ad
2711 2053 3244 2105 consummationem
3310 2059 3475 2118 porta:

1879 2136 2039 2190 inferi
2074 2140 2139 2202 η,
2174 2157 2269 2194 ora
2299 2143 2513 2197 scilicet
2545 2143 2928 2197 lucretirmum
2969 2162 2980 2196 :
3019 2147 3160 2198 sicut
3199 2142 3473 2212 pollicitus
3525 2157 3541 2164 ‘

174 2248 391 2300 σχεσις.
428 2232 684 2304 Χαιρέτω
715 2229 808 2286 οὖν
837 2237 864 2287 ὁ
898 2235 1323 2305 μακαριώτατος
1353 2237 1448 2287 καὶ
1476 2238 1758 2288 ἀποστολι‹

1877 2242 1960 2286 est
2003 2232 2095 2301 qui
2135 2249 2241 2286 non
2278 2236 2563 2288 mentitur.
2619 2235 2867 2290 Gaudeat
2917 2237 3084 2306 igitur
3118 2235 3471 2288 beatissimus

168 2325 274 2388 κὸς
299 2328 392 2378 καὶ
416 2326 738 2396 φερώνυμος
784 2327 1092 2397 Πασχάλιος
1113 2345 1126 2357 ·
1159 2329 1242 2382 ὅτι
1270 2329 1329 2381 τὸ
1361 2329 1524 2399 ἔργον
1558 2329 1765 2401 Πέτρου

168 2417 555 2487 ἐξεπλήρωσε.
606 2419 893 2490 Σκιρτάτω
943 2421 1048 2483 πᾶς
1093 2420 1392 2490 ὀρθοδόξων
1422 2421 1644 2485 Οίασος·
1686 2423 1768 2474 ὅτι

168 2508 299 2562 κατ’
329 2510 646 2581 ὀφθαλμοὺς
676 2509 782 2563 εἶδε
827 2512 926 2583 τὴν
973 2513 1281 2584 ἐπισκοπὴν
1321 2513 1592 2584 Χριστοῦ,
1625 2515 1767 2568 κατά

165 2603 301 2663 τοὺς
338 2601 506 2656 πάλαι
540 2604 726 2670 ἁγίους
757 2605 1012 2675 Πατέρας
1039 2606 1215 2676 ἡμῶν.
1249 2606 1331 2658 Τὰ
1356 2606 1464 2677 γὰρ
1495 2607 1629 2660 ἄλλα
1659 2609 1766 2678 ὅπη

166 2696 248 2765 τῷ
273 2695 393 2764 Θεῷ
425 2696 558 2765 φίλα
586 2700 824 2766 ἀγέσθω.
845 2700 900 2752 ’Λ
913 2700 1147 2767 ρόευέτω
1170 2701 1230 2753 τὸ
1259 2703 1599 2771 μαρτυρικὸν
1626 2697 1765 2772 αἷμα

166 2788 272 2859 τὴν
313 2789 678 2858 Ἐκκλησίαν·
715 2793 1035 2857 αὐξανέσοω
1072 2794 1099 2845 ὁ
1141 2795 1301 2863 χορὸς
1344 2795 1452 2846 τῶν
1489 2795 1761 2866 ὁμολογη-

165 2881 280 2936 τῶν
303 2896 316 2910 ⁸
343 2883 505 2936 τοῦτο
539 2883 759 2937 εὐδοκία
782 2885 914 2937 Θεοῦ
939 2902 951 2914 ·
987 2886 1145 2938 τοῦτο
1173 2887 1317 2956 χαρὰ
1353 2888 1445 2939 καὶ
1501 2887 1763 2956 ἀγαλλία-

166 2992 256 3038 σις
280 2992 293 3004 ·
322 2976 427 3029 κᾶν
450 2976 537 3029 διὰ
565 2979 690 3040 τοὺς
718 2978 1132 3049 ἀπολλυμένους
1157 2981 1544 3035 ἐλεεινότατον.

163 3196 167 3198 -
240 3159 311 3214 Τί
359 3163 587 3231 φήσοιεν
633 3164 682 3216 οἱ
734 3165 1003 3230 havriat;
1053 3166 1343 3237 Ἀνατολὴν
1387 3169 1487 3220 οὐκ
1540 3167 1755 3237 ἔχουσι·

168 3255 395 3318 Δὺσεως
422 3257 765 3326 ἐστέρηνται·
796 3259 888 3311 τοῦ
920 3260 1338 3329 πεντακορῦςρου
1371 3260 1756 3330 ἐκκλησιαστι-

163 3345 268 3398 κοῦ
299 3347 552 3416 σώματος
613 3349 702 3420 (ζῇ
746 3350 856 3420 γὰρ
897 3351 976 3404 ἔτι
1033 3353 1123 3405 καὶ
1159 3343 1469 3421 Νικηφόρος
1507 3355 1533 3404 ὁ
1570 3352 1754 3421 ἱερὸς)

162 3440 599 3512 διεσπάσθησαν.
651 3443 861 3497 Οὐκοῦν
904 3445 1293 3514 ὴλλοτρίωνται
1346 3444 1603 3514 Χριστῷ·
1645 3446 1756 3513 ἄρα

165 3532 587 3602 ἑνεκρώοησαν·
625 3536 732 3604 ἄρα
776 3537 833 3589 ἐν
878 3538 1057 3589 σκότει
1101 3536 1536 3606 διαπορεύονται.
1595 3537 1656 3589 Εἰ
1699 3537 1754 3588 δὲ

161 3628 251 3679 ὅτι
287 3628 550 3696 ἄρχουσιν
597 3629 684 3680 ἐπ’
739 3630 950 3699 ἐρήμου
1000 3629 1298 3698 αἱρέσεως,
1346 3629 1504 3682 τοῦτο
1534 3632 1629 3682 καὶ
1662 3631 1759 3700 λῃ-

165 3718 295 3769 σταί
316 3735 329 3748 ·
364 3720 484 3769 ἐπεὶ
508 3718 602 3770 καὶ
635 3720 958 3782 κτείνουσιν,
995 3719 1184 3788 ὥσπερ
1217 3721 1309 3772 καὶ
1337 3716 1481 3773 οὗτοι
1503 3740 1514 3750 ·
1544 3722 1756 3788 αἵματα

163 3808 498 3871 κενοῦντες,
554 3810 628 3870 ὡς
682 3810 810 3873 ἔπος
868 3813 1071 3875 εἰπεῖν,
1124 3811 1491 3882 καθεκάστην.
1553 3814 1756 3883 Ἐλέτω

160 3899 342 3952 ταῦτα
390 3894 513 3953 ὦδε.
554 3901 770 3955 Ἠλίκον
833 3903 889 3955 δὲ
942 3903 1147 3974 ᾄσομαι
1207 3905 1299 3956 ἐπὶ
1348 3907 1414 3972 τῇ
1479 3905 1752 3974 μεταϐολῇ

160 3991 460 4056 Δεοντίου;
495 3995 559 4046 Ὠ
603 3993 715 4046 τῶν
771 3997 1044 4065 μεγίστων
1090 3994 1182 4047 τοῦ
1221 3995 1354 4047 Θεοῦ
1415 3997 1747 4065 τεραστῐωνί

159 4085 236 4138 Σὺ
291 4085 413 4154 μὲν,
456 4079 501 4138 ὦ
543 4088 664 4151 τᾶν,
711 4088 788 4150 εἰς
821 4086 978 4140 τοῦτο
1011 4089 1233 4140 κάκεῖνο
1271 4069 1750 4158 μετέσχημάτισας

159 4177 254 4228 τὸν
301 4177 643 4249 δύσχριστον.
688 4180 829 4248 Ἐγὼ
859 4180 915 4232 δὲ
947 4180 1343 4250 Κυπριανίζειν
1377 4181 1537 4232 αὐτὸν
1578 4182 1635 4232 ἐν
1673 4181 1750 4251 τῷ

161 4267 456 4338 πράγματι
504 4269 716 4341 ᾠήθην·
760 4272 1206 4344 ἀποκρουσθέντα
1256 4274 1410 4342 παρὰ
1441 4273 1536 4325 τοῦ
1594 4273 1748 4342 βασι-

158 4357 302 4422 λέως
336 4362 680 4433 προδραμεῖν
703 4369 816 4428 τοῖς
837 4366 1199 4437 ἀολοφοροῦσι
1225 4367 1320 4418 καὶ
1345 4366 1748 4436 ἐναγωνιζομέ-

156 4469 273 4514 νοις
294 4467 308 4479 ·
342 4457 463 4506 κατ’
502 4454 796 4509 Ἰουστίναν
836 4457 936 4528 τὴν
968 4460 1234 4527 ἀοίδιμον.
1269 4457 1390 4528 Δῴη
1423 4459 1626 4530 Κύριος
1660 4462 1747 4512 τέο

156 4543 279 4596 λεον
306 4546 400 4596 ἐπὶ
426 4547 635 4615 ἀμφοῖν
661 4549 729 4599 τὰ
759 4550 1048 4619 ἀμφότερα
1080 4551 1490 4618 ἀποφανθῆναι.
1537 4551 1600 4603 'H
1643 4569 1745 4620 φυ-

153 4633 299 4703 λακή
334 4650 427 4686 σου
462 4637 544 4689 ὅτι
581 4637 860 4709 ἐνδότερον
887 4640 1126 4706 ἐγένετο,
1175 4642 1422 4710 λυπηρόν
1452 4661 1540 4711 μοι
1570 4643 1658 4694 διὰ
1683 4643 1743 4694 τὸ

153 4724 386 4787 ἀσθενές
420 4743 533 4779 σου.
588 4729 735 4798 Πλὴν
773 4731 922 4800 ἴσχυε
956 4732 1050 4784 καὶ
1093 4732 1380 4803 κραταιοῦ,
1432 4733 1741 4802 ὁμολογητὰ

153 4817 430 4886 Χριστοῦ,
480 4820 554 4886 ὡς
603 4824 1092 4893 προεσημὰναμεν.
1149 4825 1266 4877 Ἵνα
1315 4826 1370 4877 δὲ
1429 4827 1614 4896 γνοίης
1658 4827 1738 4878 ἔτι

1876 2335 1931 2379 et
1961 2327 2298 2395 apostolicus
2325 2339 2379 2383 et
2405 2330 2623 2383 nomine
2652 2345 2752 2384 suo
2776 2329 2975 2399 dignus
3003 2329 3301 2393 Paschalis,
3330 2344 3466 2396 quo-

1877 2418 2023 2472 niam
2057 2417 2201 2473 Petri
2235 2436 2373 2494 Opus
2401 2423 2736 2489 adimplevit.
2784 2421 3031 2476 Exsultet
3068 2423 3246 2476 onmis
3276 2423 3467 2475 ortho-

1875 2511 2144 2566 doxorum
2177 2515 2400 2576 chorus,
2440 2515 2568 2583 quia
2600 2516 2667 2568 ob
2711 2520 2901 2569 oculos
2929 2516 3056 2568 vidit
3090 2517 3462 2583 episcopatum

1875 2606 2107 2670 Christi,
2147 2608 2449 2661 secundum
2510 2619 2732 2663 sanctos
2791 2609 2918 2662 olim
2977 2610 3170 2663 Patres
3222 2619 3459 2662 nostros.

1873 2698 2082 2752 Caetera
2127 2701 2273 2753 enim
2309 2712 2368 2754 ut
2403 2701 2512 2755 Deo
2561 2704 2738 2756 visum
2777 2701 2938 2757 fuerit
2979 2701 3247 2754 ferantur.
3274 2701 3460 2771 Irriget

1873 2806 2175 2861 martyrum
2227 2794 2451 2862 sanguis
2499 2791 2825 2858 Ecclesiam,
2873 2804 3131 2864 angescat
3176 2794 3458 2848 confesso-

1870 2899 1993 2936 rum
2032 2884 2235 2938 chorus
2267 2902 2278 2936 :
2310 2886 2410 2937 hoc
2437 2885 2545 2937 Deo
2580 2896 2823 2954 gratum;
2857 2887 2962 2940 hoc
2994 2887 3251 2955 gaudium
3280 2897 3331 2939 et
3361 2903 3456 2940 ex-

1869 2976 2096 3029 sultatio
2123 2995 2135 3031 :
2163 2978 2416 3046 quamvis
2446 2989 2669 3047 propter
2716 2995 2812 3033 eos
2865 2983 2956 3049 qui
3000 2991 3227 3050 pereunt
3267 2979 3456 3033 miser-

1868 3070 2091 3124 timum.

1939 3162 2078 3228 Quid
2133 3163 2315 3216 dicere
2361 3163 2573 3232 possint
2628 3164 2977 3218 adversarii?
3015 3164 3291 3219 Orientem
3344 3179 3448 3216 non

1867 3255 2071 3308 habent
2103 3274 2117 3320 ;
2161 3253 2457 3309 Oecidente
2498 3258 2692 3326 privati
2755 3269 2883 3310 sunt
2919 3277 2930 3311 :
2966 3274 2993 3309 a
3027 3258 3178 3326 quini
3231 3259 3449 3312 vertit-is

1865 3364 2096 3418 corpore
2176 3352 2546 3404 ecclesiastico
2617 3351 2790 3404 avulsi
2863 3361 3024 3415 sunt;
3115 3352 3245 3403 sirit
3303 3357 3444 3404 enim

1864 3448 2162 3498 etiamnum
2205 3458 2257 3498 et
2308 3444 2647 3513 Nicephorus
2704 3461 2880 3498 sacer.
2923 3444 3092 3514 Igitur
3147 3463 3174 3499 a
3225 3446 3446 3500 Christo

1866 3537 2084 3587 alienati
2145 3547 2271 3588 sunt
2307 3554 2318 3586 :
2361 3537 2524 3604 igitur
2581 3538 2781 3590 mortui
2819 3556 2832 3590 :
2866 3538 3033 3606 igitur
3097 3542 3148 3590 in
3207 3537 3443 3590 tenebris

1865 3625 2166 3676 ambulant.
2203 3623 2357 3688 Quod
2396 3623 2440 3676 si
2486 3624 2850 3693 principatum
2885 3634 3066 3677 tenent
3121 3625 3172 3677 in
3225 3624 3443 3677 han-esis

1859 3713 2099 3774 deserto,
2133 3716 2235 3768 hoc
2278 3713 2488 3768 faciunt
2522 3725 2572 3768 et
2611 3715 2853 3770 latrones
2882 3735 2895 3770 :
2943 3717 3142 3785 quippe
3167 3717 3257 3783 qui
3293 3716 3440 3770 occi-

1859 3803 1994 3856 dunt
2030 3805 2217 3865 etiam,
2254 3804 2394 3857 sicut
2439 3804 2527 3857 isti
2564 3823 2577 3858 :
2615 3806 2959 3874 sanguinem,
3008 3816 3064 3858 ut
3122 3821 3231 3858 uno
3274 3806 3438 3858 verbo

1857 3897 2054 3957 dicam,
2085 3897 2330 3965 quotidie
2371 3897 2682 3950 fundentes.
2730 3897 2804 3950 De
2860 3897 2945 3949 his
2979 3905 3160 3949 autem
3197 3897 3260 3949 ad
3296 3897 3439 3949 hunc

1857 3992 2098 4044 modum.
2129 3992 2404 4056 Quantum
2439 4006 2565 4044 vero
2607 3991 2892 4044 concinam
2931 3989 2982 4041 in
3019 3988 3229 4042 Leontii
3260 3998 3435 4041 muta-

1856 4081 2041 4135 tione?
2073 4078 2116 4134 Ο
2152 4082 2386 4134 maxima
2421 4080 2514 4133 Dei
2544 4080 2818 4150 prodigia!
2857 4078 2936 4132 Tu
2969 4081 3210 4148 quidem,
3235 4081 3432 4139 amice.

1854 4172 1906 4226 in
1952 4173 2054 4225 hoc
2104 4181 2156 4225 et
2193 4173 2320 4225 illud
2366 4173 2569 4225 Christi
2614 4173 2824 4226 hostem
2863 4171 3287 4226 transformasti.
3325 4172 3434 4241 Ego

1854 4283 1982 4320 vero
2005 4266 2398 4337 Cyprianizare
2431 4267 2583 4320 illum
2622 4268 2674 4320 in
2707 4267 2924 4336 negotio
2942 4267 3239 4320 arbitratus
3272 4283 3428 4321 sum:

1849 4368 2136 4414 extrusum
2186 4362 2254 4414 ab
2295 4361 2644 4429 imperatore,
2684 4361 2749 4413 ad
2785 4369 3060 4414 certantes
3098 4369 3152 4415 et
3187 4362 3239 4414 in
3263 4376 3434 4430 agone

1847 4464 2131 4507 versantes
2175 4467 2483 4516 accurrere,
2519 4451 2676 4521 juxta
2711 4452 2980 4506 celebrem
3011 4451 3304 4507 Justitiam.
3340 4453 3432 4506 Det

1847 4542 2115 4598 Dominus
2137 4555 2194 4598 ut
2227 4545 2278 4596 in
2299 4543 2544 4613 utrisque
2578 4545 2792 4596 tandem
2821 4558 3051 4613 utraque
3081 4546 3429 4614 conspician-

1848 4647 1957 4690 tur.
2013 4637 2273 4691 Custodia
2319 4646 2408 4690 tua
2455 4637 2594 4705 quod
2622 4639 2856 4692 interius
2891 4639 3113 4691 reducta
3142 4650 3244 4702 est,
3270 4652 3430 4705 grave

1845 4729 1978 4781 mihi
2013 4739 2094 4783 est
2127 4739 2344 4798 propter
2371 4729 2742 4782 infirmitatem
2777 4741 2946 4783 tuam.
2993 4731 3260 4784 Cancrum
3291 4745 3424 4784 con-

1843 4819 2047 4873 fortare
2080 4829 2132 4873 et
2172 4820 2403 4880 sustine,
2441 4819 2726 4873 confessor
2756 4821 2981 4885 Christi,
3021 4830 3080 4874 ut
3116 4831 3239 4873 ante
3262 4818 3427 4888 signi-

151 4905 508 4978 λευκότερον,
556 4915 889 4983 προστίθημι
921 4917 1013 4968 καὶ
1044 4913 1245 4968 ταῦτα·
1286 4916 1358 4979 ὡς
1391 4917 1471 4969 ἔτι
1502 4918 1732 4984 ἀσφαλί-

1864 4913 2148 4966 icavimus.
2184 4910 2250 4965 Ut
2283 4925 2461 4966 autem
2497 4913 2698 4967 clarius
2742 4914 2922 4966 adhuc
2956 4927 3272 4983 cognoscas,
3313 4911 3423 4963 haec

151 4994 305 5057 ξεται
336 5000 488 5068 ἡμᾶς
537 5003 565 5054 ὁ
609 5005 976 5074 φρούραρχος.
1009 5006 1107 5057 Διά
1140 5006 1224 5071 τί,
1257 5008 1350 5058 καί
1381 5007 1533 5071 πῶς;
1583 5009 1735 5060 Ἐπεὶ

151 5089 261 5158 γὰρ
309 5091 392 5143 δεῖ
437 5095 720 5166 οἰκονομίᾳ
764 5097 1070 5166 κεχρῆσθαι
1119 5101 1174 5151 ἐν
1220 5104 1328 5162 τοῖς
1377 5101 1733 5167 ἀναγκαίοις·

151 5182 398 5249 ὁπηνίκα
426 5189 849 5259 συνωψίσοημεν
880 5191 956 5260 τῷ
981 5193 1182 5243 Χωνὼν
1214 5194 1536 5263 αίρεσιάρχῃ
1602 5195 1740 5262 (ἐκεῖ

151 5275 259 5341 γὰρ
303 5275 524 5344 πρῶτον
564 5281 892 5350 ἀπήχθημεν
923 5283 1028 5333 ὑπὸ
1075 5283 1181 5334 τῶν
1229 5284 1335 5334 ἀπὸ
1376 5285 1736 5338 ’Λνατολικῶν

150 5364 404 5433 ἀράντων
437 5369 626 5439 ἡμᾶς),
675 5374 768 5424 καὶ
798 5375 928 5440 γόνυ
964 5374 1270 5444 ἐκλίναμεν,
1313 5377 1734 5447 συγγονυκλιτή-

153 5475 345 5521 σαντος
407 5462 696 5516 κάκείνου·
765 5469 858 5520 καὶ
931 5470 1301 5536 ἡσπασάμεϐα
1369 5470 1551 5522 αὐτόν.
1624 5472 1733 5524 Καὶ

149 5549 336 5620 ἐπειδὴ
367 5552 548 5604 εἴασεν
575 5556 654 5616 είς
685 5559 880 5611 ταυτὸν
911 5560 1086 5612 ἐλθεῖν
1145 5561 1242 5629 ἐμέ
1273 5578 1330 5612 τε
1360 5563 1452 5613 καὶ
1497 5564 1587 5614 τὸν
1632 5565 1730 5617 κύ-

153 5656 267 5710 ριον
310 5640 662 5694 Ἀθανάτων·
707 5650 802 5700 καὶ
859 5653 1184 5722 συνεπίομεν
1231 5653 1379 5723 αὑτῴ
1431 5655 1578 5719 ἅπαξ
1637 5659 1730 5709 καὶ

148 5733 261 5796 δεῖξ’
321 5734 380 5786 οὐ
445 5734 630 5804 μέντοι
690 5743 1100 5812 συνεφάγομεν·
1153 5745 1579 5815 ἐκλιπαροῦντος
1632 5748 1729 5800 τοῦ

148 5825 342 5892 ὅψεως,
375 5828 468 5878 καὶ
492 5827 868 5894 ψιθυρίζοντος
898 5834 1177 5899 ἀπατηλὰ.
1215 5838 1400 5906 Τούτῳ
1431 5837 1506 5908 τῷ
1541 5843 1726 5908 μέτρῳ

217 5941 259 5972 ’⁸
285 5938 476 5995 Matth.
511 5957 624 6011 ιγι,
658 5942 743 5996 I3.

1839 5006 1980 5059 addo
2016 5023 2027 5057 :
2061 5005 2275 5059 clausos
2307 5023 2449 5057 nunc
2481 5006 2646 5058 etiam
2684 5022 2783 5058 nos
2814 5016 2959 5060 tenet
3008 5004 3244 5057 carceris
3281 5018 3419 5070 pm-

1837 5097 2032 5152 fectus.
2077 5099 2278 5163 Quare,
2312 5109 2366 5152 et
2401 5099 2725 5168 quomodo?
2753 5101 3022 5164 Quoniam
3053 5108 3264 5166 oportet
3304 5097 3416 5149 dis-

1835 5193 2158 5263 pensatione
2213 5194 2290 5246 uti
2345 5193 2398 5246 in
2449 5195 2610 5247 rebus
2659 5195 2986 5248 necessariis
3023 5212 3034 5246 :
3074 5192 3294 5259 quando
3331 5207 3414 5245 ct-

1837 5286 1966 5339 bum
1999 5287 2338 5353 sumpsimus
2372 5302 2496 5339 cum
2523 5286 2834 5339 Chonarum
2871 5285 3250 5339 lneresiarcha.
3287 5285 3416 5337 Illuc

1839 5380 2042 5448 quippe
2085 5377 2304 5433 deducti
2350 5379 2585 5446 primum
2644 5379 2848 5432 fuimus
2883 5379 2950 5430 ah
2987 5378 3051 5430 iis
3081 5377 3172 5445 qui
3213 5392 3314 5430 nos
3347 5393 3413 5430 ex

1835 5471 2057 5525 Oriente
2093 5472 2434 5525 abduxerant
2467 5489 2478 5523 :
2510 5482 2562 5524 et
2587 5470 2999 5540 genuﬂeximus,
3023 5469 3415 5538 genuflectente

1836 5567 2037 5634 pariter
2074 5566 2166 5619 illo
2200 5583 2211 5618 :
2247 5575 2299 5617 et
2335 5565 2568 5632 amplexi
2607 5579 2730 5615 eum
2773 5579 2986 5617 sumus.
3033 5561 3096 5612 Et
3121 5571 3410 5630 postquam

1833 5657 2081 5727 permisit
2135 5667 2191 5711 ut
2243 5672 2409 5708 unum
2447 5656 2499 5708 in
2551 5655 2728 5708 locum
2776 5654 3191 5708 conveniremus
3231 5670 3329 5723 ego
3357 5662 3413 5708 et

1832 5750 2089 5804 dominus
2133 5749 2484 5806 Athanasius.
2525 5747 2764 5800 bibimus
2815 5763 2919 5798 una
2967 5763 3088 5798 cum
3137 5763 3201 5798 eo
3241 5748 3409 5801 semel

1828 5850 1992 5911 atque
2044 5842 2238 5894 iterum
2267 5857 2278 5893 :
2309 5853 2655 5908 nequaquam
2695 5847 2869 5890 tamen
2922 5838 3282 5906 comedimus,
3307 5839 3408 5892 ob-
