  <div class='ocr_page' id='page_1' title='image "/cluster/home/n/w/nwhite01/storage/ocr_20150623/99/ien.35556001661347/651.png"; bbox 0 0 3934 6430; ppageno 0'>
   <div class='ocr_carea' id='block_1_1' title="bbox 490 369 631 435">
    <p class='ocr_par' dir='ltr' id='par_1_1' title="bbox 490 369 631 435">
     <span class='ocr_line' id='line_1_1' title="bbox 490 369 631 435; baseline -0.014 0"><span class='ocrx_word' id='word_1_1' title='bbox 490 369 631 435; x_wconf 78' lang='grc'><strong>1283</strong></span> 
     </span>
    </p>
   </div>
   <div class='ocr_carea' id='block_1_2' title="bbox 1687 360 2566 434">
    <p class='ocr_par' dir='ltr' id='par_1_2' title="bbox 1687 360 2566 434">
     <span class='ocr_line' id='line_1_2' title="bbox 1687 360 2566 434; baseline -0.016 0"><span class='ocrx_word' id='word_1_2' title='bbox 1687 373 1751 434; x_wconf 94' lang='lat' dir='ltr'><strong>S.</strong></span> <span class='ocrx_word' id='word_1_3' title='bbox 1791 362 2186 432; x_wconf 82' lang='lat' dir='ltr'><strong>THEODORI</strong></span> <span class='ocrx_word' id='word_1_4' title='bbox 2217 360 2566 424; x_wconf 61' lang='lat' dir='ltr'><strong>STUDITAE</strong></span> 
     </span>
    </p>
   </div>
   <div class='ocr_carea' id='block_1_3' title="bbox 3627 354 3763 417">
    <p class='ocr_par' dir='ltr' id='par_1_3' title="bbox 3627 354 3763 417">
     <span class='ocr_line' id='line_1_3' title="bbox 3627 354 3763 417; baseline -0.015 0"><span class='ocrx_word' id='word_1_5' title='bbox 3627 354 3763 417; x_wconf 68' lang='lat'><strong>1284</strong></span> 
     </span>
    </p>
   </div>
   <div class='ocr_carea' id='block_1_4' title="bbox 491 464 2071 563">
    <p class='ocr_par' dir='ltr' id='par_1_4' title="bbox 491 483 2066 563">
     <span class='ocr_line' id='line_1_4' title="bbox 491 483 2066 563; baseline -0.005 -19"><span class='ocrx_word' id='word_1_6' title='bbox 491 498 723 545; x_wconf 88' lang='lat' dir='ltr'><strong>testante</strong></span> <span class='ocrx_word' id='word_1_7' title='bbox 752 500 1024 563; x_wconf 78' lang='lat' dir='ltr'><strong>serpente,</strong></span> <span class='ocrx_word' id='word_1_8' title='bbox 1047 502 1103 549; x_wconf 88' lang='lat' dir='ltr'><strong>et</strong></span> <span class='ocrx_word' id='word_1_9' title='bbox 1129 492 1514 549; x_wconf 86' lang='lat' dir='ltr'><strong>insusurrante</strong></span> <span class='ocrx_word' id='word_1_10' title='bbox 1547 488 1917 545; x_wconf 78' lang='lat' dir='ltr'><strong>fraudulenta.</strong></span> <span class='ocrx_word' id='word_1_11' title='bbox 1950 483 2066 538; x_wconf 83' lang='lat' dir='ltr'><strong>Hac</strong></span> 
     </span>
    </p>
   </div>
   <div class='ocr_carea' id='block_1_5' title="bbox 2180 464 3761 563">
    <p class='ocr_par' dir='ltr' id='par_1_5' title="bbox 2180 464 3761 548">
     <span class='ocr_line' id='line_1_5' title="bbox 2180 464 3761 548; baseline -0.006 -19"><span class='ocrx_word' id='word_1_12' title='bbox 2180 475 2524 548; x_wconf 64' lang='grc' dir='ltr'>ἐχρησάμεθα</span> <span class='ocrx_word' id='word_1_13' title='bbox 2548 514 2565 538; x_wconf 93' lang='grc'><strong>,</strong></span> <span class='ocrx_word' id='word_1_14' title='bbox 2603 471 2941 544; x_wconf 80' lang='grc' dir='ltr'><strong>ἀπαχθέντες</strong></span> <span class='ocrx_word' id='word_1_15' title='bbox 2970 470 3146 537; x_wconf 76' lang='grc' dir='ltr'>ἐνθεν,</span> <span class='ocrx_word' id='word_1_16' title='bbox 3180 470 3276 524; x_wconf 72' lang='grc' dir='ltr'>καὶ</span> <span class='ocrx_word' id='word_1_17' title='bbox 3327 469 3465 539; x_wconf 80' lang='grc' dir='ltr'>πρὸς</span> <span class='ocrx_word' id='word_1_18' title='bbox 3497 469 3591 521; x_wconf 76' lang='grc' dir='ltr'>τὸν</span> <span class='ocrx_word' id='word_1_19' title='bbox 3621 471 3683 519; x_wconf 86' lang='grc' dir='ltr'>ὲν</span> <span class='ocrx_word' id='word_1_20' title='bbox 3719 464 3761 535; x_wconf 81' lang='grc' dir='ltr'>ᾧ</span> 
     </span>
    </p>
   </div>
   <div class='ocr_carea' id='block_1_6' title="bbox 489 577 2070 641">
    <p class='ocr_par' dir='ltr' id='par_1_6' title="bbox 489 577 2070 641">
     <span class='ocr_line' id='line_1_6' title="bbox 489 577 2070 641; baseline -0.006 -2"><span class='ocrx_word' id='word_1_21' title='bbox 489 583 864 639; x_wconf 72' lang='lat' dir='ltr'><strong>moderatione</strong></span> <span class='ocrx_word' id='word_1_22' title='bbox 897 587 980 640; x_wconf 88' lang='lat' dir='ltr'><strong>usi</strong></span> <span class='ocrx_word' id='word_1_23' title='bbox 1011 602 1204 641; x_wconf 87' lang='lat' dir='ltr'><strong>sumus</strong></span> <span class='ocrx_word' id='word_1_24' title='bbox 1258 599 1384 640; x_wconf 91' lang='lat' dir='ltr'><strong>cum</strong></span> <span class='ocrx_word' id='word_1_25' title='bbox 1419 583 1639 638; x_wconf 89' lang='lat' dir='ltr'><strong>abducti</strong></span> <span class='ocrx_word' id='word_1_26' title='bbox 1691 581 1815 636; x_wconf 89' lang='lat' dir='ltr'><strong>inde</strong></span> <span class='ocrx_word' id='word_1_27' title='bbox 1872 577 2070 632; x_wconf 81' lang='lat' dir='ltr'><strong>fuisse-</strong></span> 
     </span>
    </p>
   </div>
   <div class='ocr_carea' id='block_1_7' title="bbox 489 668 2074 744">
    <p class='ocr_par' dir='ltr' id='par_1_7' title="bbox 489 668 2074 744">
     <span class='ocr_line' id='line_1_7' title="bbox 489 668 2074 744; baseline -0.005 -14"><span class='ocrx_word' id='word_1_28' title='bbox 489 691 614 730; x_wconf 84' lang='lat' dir='ltr'><strong>mus</strong></span> <span class='ocrx_word' id='word_1_29' title='bbox 637 676 701 728; x_wconf 87' lang='lat' dir='ltr'><strong>ad</strong></span> <span class='ocrx_word' id='word_1_30' title='bbox 733 676 1049 738; x_wconf 87' lang='lat' dir='ltr'><strong>draconem,</strong></span> <span class='ocrx_word' id='word_1_31' title='bbox 1085 689 1322 744; x_wconf 83' lang='lat' dir='ltr'><strong>quocum</strong></span> <span class='ocrx_word' id='word_1_32' title='bbox 1359 674 1445 727; x_wconf 90' lang='lat' dir='ltr'><strong>hic</strong></span> <span class='ocrx_word' id='word_1_33' title='bbox 1471 686 1779 727; x_wconf 79' lang='lat' dir='ltr'><strong>versamur.</strong></span> <span class='ocrx_word' id='word_1_34' title='bbox 1809 668 1914 735; x_wconf 84' lang='lat' dir='ltr'><strong>Qui</strong></span> <span class='ocrx_word' id='word_1_35' title='bbox 1946 682 2074 722; x_wconf 91' lang='lat' dir='ltr'><strong>cum</strong></span> 
     </span>
    </p>
   </div>
   <div class='ocr_carea' id='block_1_8' title="bbox 489 756 2075 830">
    <p class='ocr_par' dir='ltr' id='par_1_8' title="bbox 489 756 2075 830">
     <span class='ocr_line' id='line_1_8' title="bbox 489 756 2075 830; baseline -0.005 -12"><span class='ocrx_word' id='word_1_36' title='bbox 489 761 685 818; x_wconf 87' lang='lat' dir='ltr'><strong>seriem</strong></span> <span class='ocrx_word' id='word_1_37' title='bbox 722 772 849 816; x_wconf 87' lang='lat' dir='ltr'><strong>ante</strong></span> <span class='ocrx_word' id='word_1_38' title='bbox 883 762 1180 826; x_wconf 78' lang='lat' dir='ltr'><strong>didicisset,</strong></span> <span class='ocrx_word' id='word_1_39' title='bbox 1218 761 1353 815; x_wconf 92' lang='lat' dir='ltr'><strong>nihil</strong></span> <span class='ocrx_word' id='word_1_40' title='bbox 1408 761 1644 830; x_wconf 85' lang='lat' dir='ltr'><strong>amplius</strong></span> <span class='ocrx_word' id='word_1_41' title='bbox 1688 760 1844 819; x_wconf 88' lang='lat' dir='ltr'><strong>ursit,</strong></span> <span class='ocrx_word' id='word_1_42' title='bbox 1898 766 1957 811; x_wconf 93' lang='lat' dir='ltr'><strong>ut</strong></span> <span class='ocrx_word' id='word_1_43' title='bbox 1980 756 2075 826; x_wconf 88' lang='lat' dir='ltr'><strong>qui</strong></span> 
     </span>
    </p>
   </div>
   <div class='ocr_carea' id='block_1_9' title="bbox 490 841 2072 915">
    <p class='ocr_par' dir='ltr' id='par_1_9' title="bbox 490 841 2072 915">
     <span class='ocr_line' id='line_1_9' title="bbox 490 841 2072 915; baseline -0.004 -16"><span class='ocrx_word' id='word_1_44' title='bbox 490 846 819 913; x_wconf 85' lang='lat' dir='ltr'><strong>persuadere</strong></span> <span class='ocrx_word' id='word_1_45' title='bbox 850 862 960 899; x_wconf 92' lang='lat' dir='ltr'><strong>non</strong></span> <span class='ocrx_word' id='word_1_46' title='bbox 994 853 1178 915; x_wconf 89' lang='lat' dir='ltr'><strong>posset</strong></span> <span class='ocrx_word' id='word_1_47' title='bbox 1218 862 1232 899; x_wconf 91' lang='lat'><strong>:</strong></span> <span class='ocrx_word' id='word_1_48' title='bbox 1270 844 1456 913; x_wconf 87' lang='lat' dir='ltr'><strong>injecit</strong></span> <span class='ocrx_word' id='word_1_49' title='bbox 1480 855 1685 902; x_wconf 85' lang='lat' dir='ltr'><strong>tamen.</strong></span> <span class='ocrx_word' id='word_1_50' title='bbox 1719 841 1926 897; x_wconf 88' lang='lat' dir='ltr'><strong>utvidit</strong></span> <span class='ocrx_word' id='word_1_51' title='bbox 1948 855 2072 905; x_wconf 90' lang='lat' dir='ltr'><strong>nos,</strong></span> 
     </span>
    </p>
   </div>
   <div class='ocr_carea' id='block_1_10' title="bbox 489 930 2074 1005">
    <p class='ocr_par' dir='ltr' id='par_1_10' title="bbox 489 930 2074 1005">
     <span class='ocr_line' id='line_1_10' title="bbox 489 930 2074 1005; baseline -0.003 -16"><span class='ocrx_word' id='word_1_52' title='bbox 489 938 558 990; x_wconf 90' lang='lat' dir='ltr'><strong>de</strong></span> <span class='ocrx_word' id='word_1_53' title='bbox 598 946 920 1005; x_wconf 81' lang='lat' dir='ltr'><strong>argumento</strong></span> <span class='ocrx_word' id='word_1_54' title='bbox 978 951 1329 1005; x_wconf 63' lang='lat' dir='ltr'><strong>sermonem,</strong></span> <span class='ocrx_word' id='word_1_55' title='bbox 1359 937 1484 1005; x_wconf 88' lang='lat' dir='ltr'><strong>quia</strong></span> <span class='ocrx_word' id='word_1_56' title='bbox 1547 934 1682 988; x_wconf 84' lang='lat' dir='ltr'><strong>nihil</strong></span> <span class='ocrx_word' id='word_1_57' title='bbox 1739 942 1843 997; x_wconf 87' lang='lat' dir='ltr'><strong>est,</strong></span> <span class='ocrx_word' id='word_1_58' title='bbox 1878 930 2074 1002; x_wconf 84' lang='lat' dir='ltr'><strong>inquit,</strong></span> 
     </span>
    </p>
   </div>
   <div class='ocr_carea' id='block_1_11' title="bbox 489 1029 1754 1099">
    <p class='ocr_par' dir='ltr' id='par_1_11' title="bbox 489 1029 1754 1099">
     <span class='ocr_line' id='line_1_11' title="bbox 489 1029 1754 1099; baseline -0.001 -17"><span class='ocrx_word' id='word_1_59' title='bbox 489 1038 585 1082; x_wconf 85' lang='lat' dir='ltr'><strong>aut</strong></span> <span class='ocrx_word' id='word_1_60' title='bbox 628 1029 1003 1099; x_wconf 79' lang='lat' dir='ltr'><strong>perexiguum,</strong></span> <span class='ocrx_word' id='word_1_61' title='bbox 1036 1029 1085 1082; x_wconf 92' lang='lat' dir='ltr'><strong>id</strong></span> <span class='ocrx_word' id='word_1_62' title='bbox 1127 1029 1195 1083; x_wconf 90' lang='lat' dir='ltr'><strong>de</strong></span> <span class='ocrx_word' id='word_1_63' title='bbox 1232 1045 1342 1099; x_wconf 89' lang='lat' dir='ltr'><strong>quo</strong></span> <span class='ocrx_word' id='word_1_64' title='bbox 1384 1038 1467 1084; x_wconf 88' lang='lat' dir='ltr'><strong>est</strong></span> <span class='ocrx_word' id='word_1_65' title='bbox 1499 1031 1754 1099; x_wconf 64' lang='lat' dir='ltr'><strong>quaestio.</strong></span> 
     </span>
    </p>
   </div>
   <div class='ocr_carea' id='block_1_12' title="bbox 562 1120 2072 1193">
    <p class='ocr_par' dir='ltr' id='par_1_12' title="bbox 562 1120 2072 1193">
     <span class='ocr_line' id='line_1_12' title="bbox 562 1120 2072 1193; baseline 0 -20"><span class='ocrx_word' id='word_1_66' title='bbox 562 1122 640 1175; x_wconf 81' lang='lat' dir='ltr'><strong>Ad</strong></span> <span class='ocrx_word' id='word_1_67' title='bbox 661 1139 783 1191; x_wconf 71' lang='lat' dir='ltr'><strong>qua:</strong></span> <span class='ocrx_word' id='word_1_68' title='bbox 815 1123 1198 1193; x_wconf 79' lang='lat' dir='ltr'><strong>respondimus</strong></span> <span class='ocrx_word' id='word_1_69' title='bbox 1217 1164 1232 1187; x_wconf 92' lang='lat'><strong>,</strong></span> <span class='ocrx_word' id='word_1_70' title='bbox 1269 1124 1350 1177; x_wconf 87' lang='lat' dir='ltr'><strong>vel</strong></span> <span class='ocrx_word' id='word_1_71' title='bbox 1380 1141 1443 1177; x_wconf 80' lang='lat' dir='ltr'><strong>ex</strong></span> <span class='ocrx_word' id='word_1_72' title='bbox 1470 1124 1629 1190; x_wconf 83' lang='lat' dir='ltr'><strong>longe</strong></span> <span class='ocrx_word' id='word_1_73' title='bbox 1654 1120 1906 1176; x_wconf 77' lang='lat' dir='ltr'><strong>maximis</strong></span> <span class='ocrx_word' id='word_1_74' title='bbox 1930 1134 2072 1173; x_wconf 79' lang='lat' dir='ltr'><strong>esse.</strong></span> 
     </span>
    </p>
   </div>
   <div class='ocr_carea' id='block_1_13' title="bbox 492 1205 2075 1281">
    <p class='ocr_par' dir='ltr' id='par_1_13' title="bbox 492 1205 2075 1281">
     <span class='ocr_line' id='line_1_13' title="bbox 492 1205 2075 1281; baseline -0.001 -18"><span class='ocrx_word' id='word_1_75' title='bbox 492 1208 650 1274; x_wconf 83' lang='lat' dir='ltr'><strong>Quod</strong></span> <span class='ocrx_word' id='word_1_76' title='bbox 683 1212 726 1263; x_wconf 93' lang='lat' dir='ltr'><strong>si</strong></span> <span class='ocrx_word' id='word_1_77' title='bbox 757 1211 936 1279; x_wconf 86' lang='lat' dir='ltr'><strong>jubes,</strong></span> <span class='ocrx_word' id='word_1_78' title='bbox 978 1212 1221 1281; x_wconf 85' lang='lat' dir='ltr'><strong>inquam,</strong></span> <span class='ocrx_word' id='word_1_79' title='bbox 1260 1212 1364 1275; x_wconf 90' lang='lat' dir='ltr'><strong>die,</strong></span> <span class='ocrx_word' id='word_1_80' title='bbox 1408 1222 1462 1265; x_wconf 89' lang='lat' dir='ltr'><strong>et</strong></span> <span class='ocrx_word' id='word_1_81' title='bbox 1502 1212 1745 1265; x_wconf 77' lang='lat' dir='ltr'><strong>vicissim</strong></span> <span class='ocrx_word' id='word_1_82' title='bbox 1778 1209 1924 1265; x_wconf 89' lang='lat' dir='ltr'><strong>audi.</strong></span> <span class='ocrx_word' id='word_1_83' title='bbox 1966 1205 2075 1262; x_wconf 78' lang='lat' dir='ltr'><strong>Sed</strong></span> 
     </span>
    </p>
   </div>
   <div class='ocr_carea' id='block_1_14' title="bbox 493 1298 2075 1373">
    <p class='ocr_par' dir='ltr' id='par_1_14' title="bbox 493 1298 2075 1373">
     <span class='ocr_line' id='line_1_14' title="bbox 493 1298 2075 1373; baseline -0.001 -18"><span class='ocrx_word' id='word_1_84' title='bbox 493 1303 812 1357; x_wconf 89' lang='lat' dir='ltr'><strong>omittamus</strong></span> <span class='ocrx_word' id='word_1_85' title='bbox 851 1305 901 1356; x_wconf 93' lang='lat' dir='ltr'><strong>in</strong></span> <span class='ocrx_word' id='word_1_86' title='bbox 927 1304 1234 1372; x_wconf 70' lang='lat' dir='ltr'><strong>praesentia,</strong></span> <span class='ocrx_word' id='word_1_87' title='bbox 1277 1304 1419 1373; x_wconf 87' lang='lat' dir='ltr'><strong>qttod</strong></span> <span class='ocrx_word' id='word_1_88' title='bbox 1451 1315 1505 1358; x_wconf 92' lang='lat' dir='ltr'><strong>et</strong></span> <span class='ocrx_word' id='word_1_89' title='bbox 1553 1302 1757 1357; x_wconf 78' lang='lat' dir='ltr'><strong>factum</strong></span> <span class='ocrx_word' id='word_1_90' title='bbox 1810 1310 1914 1356; x_wconf 86' lang='lat' dir='ltr'><strong>est.</strong></span> <span class='ocrx_word' id='word_1_91' title='bbox 1956 1298 2075 1353; x_wconf 81' lang='lat' dir='ltr'><strong>Alia</strong></span> 
     </span>
    </p>
   </div>
   <div class='ocr_carea' id='block_1_15' title="bbox 493 1392 2077 1463">
    <p class='ocr_par' dir='ltr' id='par_1_15' title="bbox 493 1392 2077 1463">
     <span class='ocr_line' id='line_1_15' title="bbox 493 1392 2077 1463; baseline 0.001 -18"><span class='ocrx_word' id='word_1_92' title='bbox 493 1392 710 1461; x_wconf 81' lang='lat' dir='ltr'><strong>quidem</strong></span> <span class='ocrx_word' id='word_1_93' title='bbox 741 1395 919 1447; x_wconf 84' lang='lat' dir='ltr'><strong>dicere</strong></span> <span class='ocrx_word' id='word_1_94' title='bbox 962 1395 1180 1463; x_wconf 79' lang='lat' dir='ltr'><strong>longum</strong></span> <span class='ocrx_word' id='word_1_95' title='bbox 1223 1396 1297 1449; x_wconf 90' lang='lat' dir='ltr'><strong>sit</strong></span> <span class='ocrx_word' id='word_1_96' title='bbox 1332 1412 1345 1449; x_wconf 93' lang='lat'>:</span> <span class='ocrx_word' id='word_1_97' title='bbox 1382 1395 1448 1448; x_wconf 89' lang='lat' dir='ltr'><strong>ad</strong></span> <span class='ocrx_word' id='word_1_98' title='bbox 1497 1396 1669 1449; x_wconf 79' lang='lat' dir='ltr'><strong>linem-</strong></span> <span class='ocrx_word' id='word_1_99' title='bbox 1705 1393 1877 1448; x_wconf 90' lang='lat' dir='ltr'><strong>tendit</strong></span> <span class='ocrx_word' id='word_1_100' title='bbox 1900 1392 2077 1446; x_wconf 83' lang='lat' dir='ltr'><strong>oratio</strong></span> 
     </span>
    </p>
   </div>
   <div class='ocr_carea' id='block_1_16' title="bbox 493 1484 2076 1553">
    <p class='ocr_par' dir='ltr' id='par_1_16' title="bbox 493 1484 2076 1553">
     <span class='ocr_line' id='line_1_16' title="bbox 493 1484 2076 1553; baseline 0 -16"><span class='ocrx_word' id='word_1_101' title='bbox 493 1484 653 1551; x_wconf 87' lang='lat' dir='ltr'><strong>cujus</strong></span> <span class='ocrx_word' id='word_1_102' title='bbox 707 1485 878 1553; x_wconf 82' lang='lat' dir='ltr'><strong>gratia</strong></span> <span class='ocrx_word' id='word_1_103' title='bbox 907 1499 1138 1540; x_wconf 79' lang='lat' dir='ltr'><strong>exorsus</strong></span> <span class='ocrx_word' id='word_1_104' title='bbox 1173 1502 1320 1541; x_wconf 88' lang='lat' dir='ltr'><strong>sum.</strong></span> <span class='ocrx_word' id='word_1_105' title='bbox 1373 1484 1603 1539; x_wconf 82' lang='lat' dir='ltr'><strong>Putabat</strong></span> <span class='ocrx_word' id='word_1_106' title='bbox 1632 1484 1863 1538; x_wconf 88' lang='lat' dir='ltr'><strong>callidus</strong></span> <span class='ocrx_word' id='word_1_107' title='bbox 1891 1498 1949 1537; x_wconf 92' lang='lat' dir='ltr'><strong>se</strong></span> <span class='ocrx_word' id='word_1_108' title='bbox 1976 1498 2076 1537; x_wconf 89' lang='lat' dir='ltr'><strong>nos</strong></span> 
     </span>
    </p>
   </div>
   <div class='ocr_carea' id='block_1_17' title="bbox 492 1572 2061 1641">
    <p class='ocr_par' dir='ltr' id='par_1_17' title="bbox 492 1572 2061 1641">
     <span class='ocr_line' id='line_1_17' title="bbox 492 1572 2061 1641; baseline 0 -16"><span class='ocrx_word' id='word_1_109' title='bbox 492 1572 697 1625; x_wconf 85' lang='lat' dir='ltr'><strong>sensim</strong></span> <span class='ocrx_word' id='word_1_110' title='bbox 736 1572 1116 1641; x_wconf 87' lang='lat' dir='ltr'><strong>peliecturum,</strong></span> <span class='ocrx_word' id='word_1_111' title='bbox 1147 1590 1252 1627; x_wconf 89' lang='lat' dir='ltr'><strong>non</strong></span> <span class='ocrx_word' id='word_1_112' title='bbox 1291 1589 1599 1628; x_wconf 86' lang='lat' dir='ltr'><strong>sermonem</strong></span> <span class='ocrx_word' id='word_1_113' title='bbox 1624 1572 1692 1626; x_wconf 90' lang='lat' dir='ltr'><strong>de</strong></span> <span class='ocrx_word' id='word_1_114' title='bbox 1727 1572 2061 1640; x_wconf 79' lang='lat' dir='ltr'><strong>imaginibus</strong></span> 
     </span>
    </p>
   </div>
   <div class='ocr_carea' id='block_1_18' title="bbox 492 1660 2065 1724">
    <p class='ocr_par' dir='ltr' id='par_1_18' title="bbox 492 1660 2065 1724">
     <span class='ocr_line' id='line_1_18' title="bbox 492 1660 2065 1724; baseline 0.002 -12"><span class='ocrx_word' id='word_1_115' title='bbox 492 1660 845 1722; x_wconf 82' lang='lat' dir='ltr'><strong>conferendo.</strong></span> <span class='ocrx_word' id='word_1_116' title='bbox 908 1662 1001 1715; x_wconf 89' lang='lat' dir='ltr'><strong>sed</strong></span> <span class='ocrx_word' id='word_1_117' title='bbox 1064 1661 1450 1715; x_wconf 77' lang='lat' dir='ltr'><strong>benefaciendo</strong></span> <span class='ocrx_word' id='word_1_118' title='bbox 1498 1660 1764 1724; x_wconf 82' lang='lat' dir='ltr'><strong>fortasse,</strong></span> <span class='ocrx_word' id='word_1_119' title='bbox 1799 1670 1853 1714; x_wconf 91' lang='lat' dir='ltr'><strong>et</strong></span> <span class='ocrx_word' id='word_1_120' title='bbox 1884 1662 2065 1715; x_wconf 82' lang='lat' dir='ltr'><strong>amice</strong></span> 
     </span>
    </p>
   </div>
   <div class='ocr_carea' id='block_1_19' title="bbox 493 1750 2072 1820">
    <p class='ocr_par' dir='ltr' id='par_1_19' title="bbox 493 1750 2072 1820">
     <span class='ocr_line' id='line_1_19' title="bbox 493 1750 2072 1820; baseline 0.001 -18"><span class='ocrx_word' id='word_1_121' title='bbox 493 1751 879 1819; x_wconf 87' lang='lat' dir='ltr'><strong>colloqueudo,</strong></span> <span class='ocrx_word' id='word_1_122' title='bbox 937 1762 993 1804; x_wconf 90' lang='lat' dir='ltr'><strong>et</strong></span> <span class='ocrx_word' id='word_1_123' title='bbox 1047 1750 1385 1820; x_wconf 64' lang='lat' dir='ltr'><strong>praefecturae</strong></span> <span class='ocrx_word' id='word_1_124' title='bbox 1443 1752 1776 1804; x_wconf 85' lang='lat' dir='ltr'><strong>mentionem</strong></span> <span class='ocrx_word' id='word_1_125' title='bbox 1838 1751 2072 1804; x_wconf 86' lang='lat' dir='ltr'><strong>interse—</strong></span> 
     </span>
    </p>
   </div>
   <div class='ocr_carea' id='block_1_20' title="bbox 2174 560 3762 636">
    <p class='ocr_par' dir='ltr' id='par_1_20' title="bbox 2174 560 3762 636">
     <span class='ocr_line' id='line_1_20' title="bbox 2174 560 3762 636; baseline -0.005 -17"><span class='ocrx_word' id='word_1_126' title='bbox 2174 568 2343 636; x_wconf 78' lang='grc' dir='ltr'>ἐσμεν</span> <span class='ocrx_word' id='word_1_127' title='bbox 2386 566 2675 635; x_wconf 73' lang='grc' dir='ltr'>δράκοντα.</span> <span class='ocrx_word' id='word_1_128' title='bbox 2712 566 2809 627; x_wconf 86' lang='grc' dir='ltr'>’ος</span> <span class='ocrx_word' id='word_1_129' title='bbox 2856 560 3161 633; x_wconf 84' lang='grc' dir='ltr'>προμαθὼν</span> <span class='ocrx_word' id='word_1_130' title='bbox 3206 562 3299 617; x_wconf 76' lang='grc' dir='ltr'>τὸν</span> <span class='ocrx_word' id='word_1_131' title='bbox 3338 560 3557 632; x_wconf 78' lang='grc' dir='ltr'><strong>εἱρμὸν,</strong></span> <span class='ocrx_word' id='word_1_132' title='bbox 3608 560 3762 613; x_wconf 70' lang='grc' dir='ltr'>οὐδὲν</span> 
     </span>
    </p>
   </div>
   <div class='ocr_carea' id='block_1_21' title="bbox 2174 652 3761 727">
    <p class='ocr_par' dir='ltr' id='par_1_21' title="bbox 2174 652 3761 727">
     <span class='ocr_line' id='line_1_21' title="bbox 2174 652 3761 727; baseline -0.004 -17"><span class='ocrx_word' id='word_1_133' title='bbox 2174 657 2336 710; x_wconf 80' lang='grc' dir='ltr'><strong>πλέον</strong></span> <span class='ocrx_word' id='word_1_134' title='bbox 2363 657 2695 727; x_wconf 71' lang='grc' dir='ltr'>ἠνάγκασεν,</span> <span class='ocrx_word' id='word_1_135' title='bbox 2728 656 2802 719; x_wconf 85' lang='grc' dir='ltr'>ὼς</span> <span class='ocrx_word' id='word_1_136' title='bbox 2836 654 2912 727; x_wconf 86' lang='grc' dir='ltr'>μὴ</span> <span class='ocrx_word' id='word_1_137' title='bbox 2946 656 3144 725; x_wconf 74' lang='grc' dir='ltr'>ἰσχύων</span> <span class='ocrx_word' id='word_1_138' title='bbox 3175 658 3394 709; x_wconf 65' lang='grc' dir='ltr'>πεῖσαν</span> <span class='ocrx_word' id='word_1_139' title='bbox 3434 652 3761 722; x_wconf 83' lang='grc' dir='ltr'>συνεκίνησε</span> 
     </span>
    </p>
   </div>
   <div class='ocr_carea' id='block_1_22' title="bbox 2173 744 3761 819">
    <p class='ocr_par' dir='ltr' id='par_1_22' title="bbox 2173 744 3761 819">
     <span class='ocr_line' id='line_1_22' title="bbox 2173 744 3761 819; baseline -0.002 -19"><span class='ocrx_word' id='word_1_140' title='bbox 2173 747 2218 799; x_wconf 73' lang='grc' dir='ltr'>δ’</span> <span class='ocrx_word' id='word_1_141' title='bbox 2246 744 2339 801; x_wconf 85' lang='grc' dir='ltr'>οὖν</span> <span class='ocrx_word' id='word_1_142' title='bbox 2374 749 2521 819; x_wconf 84' lang='grc' dir='ltr'>ὅμως</span> <span class='ocrx_word' id='word_1_143' title='bbox 2554 748 2745 815; x_wconf 78' lang='grc' dir='ltr'><strong>λόγους</strong></span> <span class='ocrx_word' id='word_1_144' title='bbox 2779 749 2836 801; x_wconf 78' lang='grc' dir='ltr'>ὲν</span> <span class='ocrx_word' id='word_1_145' title='bbox 2881 747 2960 819; x_wconf 83' lang='grc' dir='ltr'>τῷ</span> <span class='ocrx_word' id='word_1_146' title='bbox 2989 748 3118 802; x_wconf 89' lang='grc' dir='ltr'><strong>ίδείν</strong></span> <span class='ocrx_word' id='word_1_147' title='bbox 3148 749 3297 818; x_wconf 77' lang='grc' dir='ltr'>ἡμᾶς</span> <span class='ocrx_word' id='word_1_148' title='bbox 3327 747 3461 817; x_wconf 79' lang='grc' dir='ltr'>περὶ</span> <span class='ocrx_word' id='word_1_149' title='bbox 3487 746 3593 815; x_wconf 80' lang='grc' dir='ltr'>τῆς</span> <span class='ocrx_word' id='word_1_150' title='bbox 3632 746 3761 798; x_wconf 83' lang='grc' dir='ltr'>ὑπο-</span> 
     </span>
    </p>
   </div>
   <div class='ocr_carea' id='block_1_23' title="bbox 2175 836 3758 910">
    <p class='ocr_par' dir='ltr' id='par_1_23' title="bbox 2175 836 3758 910">
     <span class='ocr_line' id='line_1_23' title="bbox 2175 836 3758 910; baseline -0.001 -20"><span class='ocrx_word' id='word_1_151' title='bbox 2175 837 2379 902; x_wconf 78' lang='grc' dir='ltr'><strong>θέσεως</strong></span> <span class='ocrx_word' id='word_1_152' title='bbox 2397 854 2411 866; x_wconf 80' lang='grc'>⁶</span> <span class='ocrx_word' id='word_1_153' title='bbox 2456 838 2545 900; x_wconf 84' lang='grc' dir='ltr'>Ὠς</span> <span class='ocrx_word' id='word_1_154' title='bbox 2568 838 2728 891; x_wconf 83' lang='grc' dir='ltr'>οὐδέν</span> <span class='ocrx_word' id='word_1_155' title='bbox 2749 839 2889 906; x_wconf 71' lang='grc' dir='ltr'>ἐστι,</span> <span class='ocrx_word' id='word_1_156' title='bbox 2920 838 3075 910; x_wconf 67' lang='grc' dir='ltr'>φησι,</span> <span class='ocrx_word' id='word_1_157' title='bbox 3110 839 3204 892; x_wconf 71' lang='grc' dir='ltr'><strong>καὶ</strong></span> <span class='ocrx_word' id='word_1_158' title='bbox 3231 838 3469 909; x_wconf 77' lang='grc' dir='ltr'>σμικρὸν</span> <span class='ocrx_word' id='word_1_159' title='bbox 3496 836 3561 890; x_wconf 81' lang='grc' dir='ltr'>τὸ</span> <span class='ocrx_word' id='word_1_160' title='bbox 3586 839 3758 908; x_wconf 73' lang='grc' dir='ltr'>ἀμφι-</span> 
     </span>
    </p>
   </div>
   <div class='ocr_carea' id='block_1_24' title="bbox 2177 930 2566 1001">
    <p class='ocr_par' dir='ltr' id='par_1_24' title="bbox 2177 930 2566 1001">
     <span class='ocr_line' id='line_1_24' title="bbox 2177 930 2566 1001; baseline 0.003 -18"><span class='ocrx_word' id='word_1_161' title='bbox 2177 930 2566 1001; x_wconf 78' lang='grc' dir='ltr'>σὸητούμενονο</span> 
     </span>
    </p>
   </div>
   <div class='ocr_carea' id='block_1_25' title="bbox 2247 1109 3756 1183">
    <p class='ocr_par' dir='ltr' id='par_1_25' title="bbox 2247 1109 3756 1183">
     <span class='ocr_line' id='line_1_25' title="bbox 2247 1109 3756 1183; baseline 0 -18"><span class='ocrx_word' id='word_1_162' title='bbox 2247 1110 2392 1183; x_wconf 76' lang='grc' dir='ltr'>Πρὸς</span> <span class='ocrx_word' id='word_1_163' title='bbox 2428 1109 2465 1165; x_wconf 77' lang='grc' dir='ltr'>ἃ</span> <span class='ocrx_word' id='word_1_164' title='bbox 2494 1110 2897 1182; x_wconf 82' lang='grc' dir='ltr'><strong>ἀπεκρινάμην,</strong></span> <span class='ocrx_word' id='word_1_165' title='bbox 2926 1111 3007 1165; x_wconf 82' lang='grc' dir='ltr'>ὅτι</span> <span class='ocrx_word' id='word_1_166' title='bbox 3029 1111 3140 1165; x_wconf 76' lang='grc' dir='ltr'><strong>Καὶ</strong></span> <span class='ocrx_word' id='word_1_167' title='bbox 3167 1110 3277 1164; x_wconf 83' lang='grc' dir='ltr'><strong>τῶν</strong></span> <span class='ocrx_word' id='word_1_168' title='bbox 3305 1111 3584 1180; x_wconf 77' lang='grc' dir='ltr'><strong>μεγίστων</strong></span> <span class='ocrx_word' id='word_1_169' title='bbox 3616 1112 3756 1165; x_wconf 86' lang='grc' dir='ltr'>λίαν.</span> 
     </span>
    </p>
   </div>
   <div class='ocr_carea' id='block_1_26' title="bbox 2174 1203 3760 1274">
    <p class='ocr_par' dir='ltr' id='par_1_26' title="bbox 2174 1203 3760 1274">
     <span class='ocr_line' id='line_1_26' title="bbox 2174 1203 3760 1274; baseline 0.001 -18"><span class='ocrx_word' id='word_1_170' title='bbox 2174 1203 2307 1269; x_wconf 72' lang='grc' dir='ltr'>Καὶ,</span> <span class='ocrx_word' id='word_1_171' title='bbox 2344 1204 2392 1256; x_wconf 91' lang='grc' dir='ltr'><strong>εί</strong></span> <span class='ocrx_word' id='word_1_172' title='bbox 2420 1203 2684 1266; x_wconf 82' lang='grc' dir='ltr'>κελεύεις,</span> <span class='ocrx_word' id='word_1_173' title='bbox 2725 1203 2851 1273; x_wconf 87' lang='grc' dir='ltr'>λέγε</span> <span class='ocrx_word' id='word_1_174' title='bbox 2881 1206 2977 1257; x_wconf 78' lang='grc' dir='ltr'>καὶ</span> <span class='ocrx_word' id='word_1_175' title='bbox 3004 1205 3290 1258; x_wconf 83' lang='grc' dir='ltr'>ἀντάκουε.</span> <span class='ocrx_word' id='word_1_176' title='bbox 3323 1205 3466 1257; x_wconf 81' lang='grc' dir='ltr'>Ἀλλ’</span> <span class='ocrx_word' id='word_1_177' title='bbox 3500 1207 3760 1274; x_wconf 77' lang='grc' dir='ltr'><strong>ἐάσωμεν</strong></span> 
     </span>
    </p>
   </div>
   <div class='ocr_carea' id='block_1_27' title="bbox 2174 1291 3727 1365">
    <p class='ocr_par' dir='ltr' id='par_1_27' title="bbox 2174 1291 3727 1365">
     <span class='ocr_line' id='line_1_27' title="bbox 2174 1291 3727 1365; baseline 0 -18"><span class='ocrx_word' id='word_1_178' title='bbox 2174 1293 2234 1347; x_wconf 82' lang='grc' dir='ltr'>τὸ</span> <span class='ocrx_word' id='word_1_179' title='bbox 2268 1294 2383 1357; x_wconf 89' lang='grc' dir='ltr'>νῦν,</span> <span class='ocrx_word' id='word_1_180' title='bbox 2416 1294 2443 1347; x_wconf 85' lang='grc' dir='ltr'><strong>ὃ</strong></span> <span class='ocrx_word' id='word_1_181' title='bbox 2474 1295 2569 1347; x_wconf 76' lang='grc' dir='ltr'><strong>καὶ</strong></span> <span class='ocrx_word' id='word_1_182' title='bbox 2596 1296 2808 1363; x_wconf 78' lang='grc' dir='ltr'>γέγονε.</span> <span class='ocrx_word' id='word_1_183' title='bbox 2846 1291 3029 1349; x_wconf 86' lang='grc' dir='ltr'>Τᾶλλα</span> <span class='ocrx_word' id='word_1_184' title='bbox 3073 1296 3172 1365; x_wconf 80' lang='grc' dir='ltr'>μὲν</span> <span class='ocrx_word' id='word_1_185' title='bbox 3208 1293 3405 1346; x_wconf 85' lang='grc' dir='ltr'>πολλοῦ</span> <span class='ocrx_word' id='word_1_186' title='bbox 3434 1296 3499 1347; x_wconf 80' lang='grc' dir='ltr'>τὸ</span> <span class='ocrx_word' id='word_1_187' title='bbox 3539 1296 3727 1363; x_wconf 81' lang='grc' dir='ltr'>λέγειν</span> 
     </span>
    </p>
   </div>
   <div class='ocr_carea' id='block_1_28' title="bbox 2175 1385 3756 1457">
    <p class='ocr_par' dir='ltr' id='par_1_28' title="bbox 2175 1385 3756 1457">
     <span class='ocr_line' id='line_1_28' title="bbox 2175 1385 3756 1457; baseline 0 -18"><span class='ocrx_word' id='word_1_188' title='bbox 2175 1386 2267 1439; x_wconf 78' lang='grc' dir='ltr'><strong>ἐπὶ</strong></span> <span class='ocrx_word' id='word_1_189' title='bbox 2295 1386 2352 1439; x_wconf 81' lang='grc' dir='ltr'>δὲ</span> <span class='ocrx_word' id='word_1_190' title='bbox 2382 1386 2441 1438; x_wconf 69' lang='grc' dir='ltr'>τὸ</span> <span class='ocrx_word' id='word_1_191' title='bbox 2473 1385 2801 1456; x_wconf 81' lang='grc' dir='ltr'><strong>τελεώτερον</strong></span> <span class='ocrx_word' id='word_1_192' title='bbox 2832 1388 2859 1439; x_wconf 90' lang='grc' dir='ltr'><strong>ό</strong></span> <span class='ocrx_word' id='word_1_193' title='bbox 2882 1387 2969 1454; x_wconf 73' lang='grc' dir='ltr'><strong>λόγ</strong></span> <span class='ocrx_word' id='word_1_194' title='bbox 2982 1404 3038 1449; x_wconf 86' lang='grc' dir='ltr'><strong>ος</strong></span> <span class='ocrx_word' id='word_1_195' title='bbox 3060 1427 3075 1451; x_wconf 90' lang='grc'><strong>,</strong></span> <span class='ocrx_word' id='word_1_196' title='bbox 3124 1386 3191 1438; x_wconf 83' lang='grc' dir='ltr'><strong>δι’</strong></span> <span class='ocrx_word' id='word_1_197' title='bbox 3216 1386 3244 1439; x_wconf 85' lang='grc' dir='ltr'>ὃ</span> <span class='ocrx_word' id='word_1_198' title='bbox 3274 1390 3367 1441; x_wconf 75' lang='grc' dir='ltr'><strong>καὶ</strong></span> <span class='ocrx_word' id='word_1_199' title='bbox 3390 1387 3756 1457; x_wconf 71' lang='grc' dir='ltr'><strong>ἀπηρξάμην.</strong></span> 
     </span>
    </p>
   </div>
   <div class='ocr_carea' id='block_1_29' title="bbox 2178 1479 3757 1550">
    <p class='ocr_par' dir='ltr' id='par_1_29' title="bbox 2178 1479 3757 1550">
     <span class='ocr_line' id='line_1_29' title="bbox 2178 1479 3757 1550; baseline 0.001 -20"><span class='ocrx_word' id='word_1_200' title='bbox 2178 1479 2335 1549; x_wconf 83' lang='grc' dir='ltr'>ᾯετο</span> <span class='ocrx_word' id='word_1_201' title='bbox 2359 1480 2386 1531; x_wconf 78' lang='grc' dir='ltr'><strong>ὁ</strong></span> <span class='ocrx_word' id='word_1_202' title='bbox 2417 1479 2588 1542; x_wconf 80' lang='grc' dir='ltr'>δεινὸς</span> <span class='ocrx_word' id='word_1_203' title='bbox 2611 1479 2754 1533; x_wconf 74' lang='grc' dir='ltr'>κατὰ</span> <span class='ocrx_word' id='word_1_204' title='bbox 2788 1481 2982 1549; x_wconf 70' lang='grc' dir='ltr'>μικρὸν</span> <span class='ocrx_word' id='word_1_205' title='bbox 3009 1482 3156 1550; x_wconf 80' lang='grc' dir='ltr'>ἡμᾶς</span> <span class='ocrx_word' id='word_1_206' title='bbox 3179 1480 3358 1533; x_wconf 82' lang='grc' dir='ltr'>ἓλκειν</span> <span class='ocrx_word' id='word_1_207' title='bbox 3379 1497 3393 1510; x_wconf 90' lang='grc'><strong>·</strong></span> <span class='ocrx_word' id='word_1_208' title='bbox 3433 1482 3537 1533; x_wconf 78' lang='grc' dir='ltr'>οὐκ</span> <span class='ocrx_word' id='word_1_209' title='bbox 3563 1484 3632 1533; x_wconf 80' lang='grc' dir='ltr'>ἐκ</span> <span class='ocrx_word' id='word_1_210' title='bbox 3664 1479 3757 1533; x_wconf 85' lang='grc' dir='ltr'><strong>τοῦ</strong></span> 
     </span>
    </p>
   </div>
   <div class='ocr_carea' id='block_1_30' title="bbox 2145 1568 3757 1640">
    <p class='ocr_par' dir='ltr' id='par_1_30' title="bbox 2145 1568 3757 1640">
     <span class='ocr_line' id='line_1_30' title="bbox 2145 1568 3757 1640; baseline 0.002 -20"><span class='ocrx_word' id='word_1_211' title='bbox 2145 1568 2453 1640; x_wconf 78' lang='grc' dir='ltr'>’συναίρειν</span> <span class='ocrx_word' id='word_1_212' title='bbox 2486 1569 2643 1637; x_wconf 86' lang='grc' dir='ltr'>λόγον</span> <span class='ocrx_word' id='word_1_213' title='bbox 2676 1570 2803 1640; x_wconf 69' lang='grc' dir='ltr'>περὶ</span> <span class='ocrx_word' id='word_1_214' title='bbox 2854 1571 3111 1623; x_wconf 80' lang='grc' dir='ltr'><strong>εἰκόνων·</strong></span> <span class='ocrx_word' id='word_1_215' title='bbox 3156 1571 3269 1624; x_wconf 83' lang='grc' dir='ltr'>ἀλλ’</span> <span class='ocrx_word' id='word_1_216' title='bbox 3313 1574 3377 1624; x_wconf 79' lang='grc' dir='ltr'>ἐκ</span> <span class='ocrx_word' id='word_1_217' title='bbox 3423 1572 3520 1624; x_wconf 82' lang='grc' dir='ltr'><strong>τοῦ</strong></span> <span class='ocrx_word' id='word_1_218' title='bbox 3550 1572 3757 1639; x_wconf 83' lang='grc' dir='ltr'>ἀγαθο-</span> 
     </span>
    </p>
   </div>
   <div class='ocr_carea' id='block_1_31' title="bbox 2174 1656 3760 1729">
    <p class='ocr_par' dir='ltr' id='par_1_31' title="bbox 2174 1656 3760 1729">
     <span class='ocr_line' id='line_1_31' title="bbox 2174 1656 3760 1729; baseline 0.001 -19"><span class='ocrx_word' id='word_1_219' title='bbox 2174 1660 2348 1711; x_wconf 73' lang='grc' dir='ltr'>ποεείν</span> <span class='ocrx_word' id='word_1_220' title='bbox 2381 1660 2544 1728; x_wconf 82' lang='grc' dir='ltr'>τυχόν</span> <span class='ocrx_word' id='word_1_221' title='bbox 2565 1675 2577 1687; x_wconf 74' lang='grc'><strong><em>⁸</em></strong></span> <span class='ocrx_word' id='word_1_222' title='bbox 2605 1659 2699 1712; x_wconf 81' lang='grc' dir='ltr'><strong>τοῦ</strong></span> <span class='ocrx_word' id='word_1_223' title='bbox 2736 1678 2793 1711; x_wconf 88' lang='grc' dir='ltr'><strong>τε</strong></span> <span class='ocrx_word' id='word_1_224' title='bbox 2826 1660 3014 1726; x_wconf 85' lang='grc' dir='ltr'>φιλικά</span> <span class='ocrx_word' id='word_1_225' title='bbox 3044 1656 3249 1729; x_wconf 69' lang='grc' dir='ltr'>ὁμιλεῖν</span> <span class='ocrx_word' id='word_1_226' title='bbox 3285 1660 3379 1714; x_wconf 73' lang='grc' dir='ltr'>καὶ</span> <span class='ocrx_word' id='word_1_227' title='bbox 3403 1660 3760 1712; x_wconf 77' lang='grc' dir='ltr'>ἀνατίθεσθαι</span> 
     </span>
    </p>
   </div>
   <div class='ocr_carea' id='block_1_32' title="bbox 2172 1748 3761 1819">
    <p class='ocr_par' dir='ltr' id='par_1_32' title="bbox 2172 1748 3761 1819">
     <span class='ocr_line' id='line_1_32' title="bbox 2172 1748 3761 1819; baseline 0 -19"><span class='ocrx_word' id='word_1_228' title='bbox 2172 1749 2301 1811; x_wconf 79' lang='grc' dir='ltr'>τοὺς</span> <span class='ocrx_word' id='word_1_229' title='bbox 2327 1748 2430 1818; x_wconf 81' lang='grc' dir='ltr'>τῆς</span> <span class='ocrx_word' id='word_1_230' title='bbox 2463 1748 2721 1819; x_wconf 78' lang='grc' dir='ltr'>ὲξαρχίας</span> <span class='ocrx_word' id='word_1_231' title='bbox 2760 1749 2951 1815; x_wconf 82' lang='grc' dir='ltr'>λόγους</span> <span class='ocrx_word' id='word_1_232' title='bbox 2999 1754 3015 1815; x_wconf 90' lang='grc'><strong>(</strong></span> <span class='ocrx_word' id='word_1_233' title='bbox 3042 1749 3135 1801; x_wconf 73' lang='grc' dir='ltr'><strong>ἐπὶ</strong></span> <span class='ocrx_word' id='word_1_234' title='bbox 3181 1750 3291 1818; x_wconf 81' lang='grc' dir='ltr'>γὰρ</span> <span class='ocrx_word' id='word_1_235' title='bbox 3322 1748 3429 1800; x_wconf 80' lang='grc' dir='ltr'><strong>τῶν</strong></span> <span class='ocrx_word' id='word_1_236' title='bbox 3464 1750 3635 1801; x_wconf 77' lang='grc' dir='ltr'>πέντε</span> <span class='ocrx_word' id='word_1_237' title='bbox 3663 1748 3761 1800; x_wconf 83' lang='grc' dir='ltr'><strong>Θε·</strong></span> 
     </span>
    </p>
   </div>
   <div class='ocr_carea' id='block_1_33' title="bbox 494 1839 2071 1916">
    <p class='ocr_par' dir='ltr' id='par_1_33' title="bbox 494 1841 2071 1912">
     <span class='ocr_line' id='line_1_33' title="bbox 494 1841 2071 1912; baseline -0.001 -17"><span class='ocrx_word' id='word_1_238' title='bbox 494 1844 664 1895; x_wconf 90' lang='lat' dir='ltr'><strong>rendo</strong></span> <span class='ocrx_word' id='word_1_239' title='bbox 696 1841 1089 1904; x_wconf 89' lang='lat' dir='ltr'><strong>(Thematihus</strong></span> <span class='ocrx_word' id='word_1_240' title='bbox 1141 1844 1285 1898; x_wconf 91' lang='lat' dir='ltr'><strong>enim</strong></span> <span class='ocrx_word' id='word_1_241' title='bbox 1342 1843 1589 1912; x_wconf 85' lang='lat' dir='ltr'><strong>quinque</strong></span> <span class='ocrx_word' id='word_1_242' title='bbox 1625 1841 1909 1912; x_wconf 69' lang='lat' dir='ltr'><strong>praefectus</strong></span> <span class='ocrx_word' id='word_1_243' title='bbox 1940 1842 2071 1911; x_wconf 85' lang='lat' dir='ltr'><strong>est),</strong></span> 
     </span>
    </p>
   </div>
   <div class='ocr_carea' id='block_1_34' title="bbox 2180 1839 3762 1916">
    <p class='ocr_par' dir='ltr' id='par_1_34' title="bbox 2186 1839 3762 1912">
     <span class='ocr_line' id='line_1_34' title="bbox 2186 1839 3762 1912; baseline -0.001 -19"><span class='ocrx_word' id='word_1_244' title='bbox 2186 1842 2370 1910; x_wconf 75' lang='grc' dir='ltr'>μάτων</span> <span class='ocrx_word' id='word_1_245' title='bbox 2416 1841 2703 1909; x_wconf 78' lang='grc' dir='ltr'><strong>τέθειται),</strong></span> <span class='ocrx_word' id='word_1_246' title='bbox 2741 1842 2833 1895; x_wconf 70' lang='grc' dir='ltr'>καὶ</span> <span class='ocrx_word' id='word_1_247' title='bbox 2874 1841 2983 1912; x_wconf 85' lang='grc' dir='ltr'>μὴν</span> <span class='ocrx_word' id='word_1_248' title='bbox 3031 1841 3125 1893; x_wconf 79' lang='grc' dir='ltr'>καὶ</span> <span class='ocrx_word' id='word_1_249' title='bbox 3170 1842 3240 1893; x_wconf 71' lang='grc' dir='ltr'><strong>τὰ</strong></span> <span class='ocrx_word' id='word_1_250' title='bbox 3282 1839 3375 1893; x_wconf 87' lang='grc' dir='ltr'><strong>τοῦ</strong></span> <span class='ocrx_word' id='word_1_251' title='bbox 3424 1841 3762 1910; x_wconf 76' lang='grc' dir='ltr'><strong>κρατοῦντος</strong></span> 
     </span>
    </p>
   </div>
   <div class='ocr_carea' id='block_1_35' title="bbox 493 1932 2071 2004">
    <p class='ocr_par' dir='ltr' id='par_1_35' title="bbox 493 1932 2071 2004">
     <span class='ocr_line' id='line_1_35' title="bbox 493 1932 2071 2004; baseline 0 -17"><span class='ocrx_word' id='word_1_252' title='bbox 493 1935 625 2004; x_wconf 86' lang='lat' dir='ltr'><strong>quin</strong></span> <span class='ocrx_word' id='word_1_253' title='bbox 659 1945 712 1987; x_wconf 87' lang='lat' dir='ltr'><strong>et</strong></span> <span class='ocrx_word' id='word_1_254' title='bbox 754 1936 1138 2004; x_wconf 85' lang='lat' dir='ltr'><strong>imperatorem</strong></span> <span class='ocrx_word' id='word_1_255' title='bbox 1197 1934 1396 1989; x_wconf 88' lang='lat' dir='ltr'><strong>divinis</strong></span> <span class='ocrx_word' id='word_1_256' title='bbox 1451 1934 1707 1988; x_wconf 86' lang='lat' dir='ltr'><strong>laudibus</strong></span> <span class='ocrx_word' id='word_1_257' title='bbox 1742 1932 2071 1987; x_wconf 80' lang='lat' dir='ltr'><strong>extollendo.</strong></span> 
     </span>
    </p>
   </div>
   <div class='ocr_carea' id='block_1_36' title="bbox 495 2023 2074 2094">
    <p class='ocr_par' dir='ltr' id='par_1_36' title="bbox 495 2023 2074 2094">
     <span class='ocr_line' id='line_1_36' title="bbox 495 2023 2074 2094; baseline -0.001 -17"><span class='ocrx_word' id='word_1_258' title='bbox 495 2024 679 2086; x_wconf 78' lang='lat' dir='ltr'><strong>Venit,</strong></span> <span class='ocrx_word' id='word_1_259' title='bbox 721 2024 1044 2092; x_wconf 85' lang='lat' dir='ltr'><strong>hujusmodi</strong></span> <span class='ocrx_word' id='word_1_260' title='bbox 1103 2024 1379 2094; x_wconf 84' lang='lat' dir='ltr'><strong>colloquia</strong></span> <span class='ocrx_word' id='word_1_261' title='bbox 1435 2035 1620 2077; x_wconf 81' lang='lat' dir='ltr'><strong>movet</strong></span> <span class='ocrx_word' id='word_1_262' title='bbox 1652 2041 1664 2077; x_wconf 90' lang='lat'>:</span> <span class='ocrx_word' id='word_1_263' title='bbox 1696 2034 1769 2085; x_wconf 87' lang='lat' dir='ltr'><strong>et,</strong></span> <span class='ocrx_word' id='word_1_264' title='bbox 1822 2023 1965 2091; x_wconf 87' lang='lat' dir='ltr'><strong>quod</strong></span> <span class='ocrx_word' id='word_1_265' title='bbox 2008 2038 2074 2075; x_wconf 89' lang='lat' dir='ltr'><strong>ne</strong></span> 
     </span>
    </p>
   </div>
   <div class='ocr_carea' id='block_1_37' title="bbox 495 2114 2070 2184">
    <p class='ocr_par' dir='ltr' id='par_1_37' title="bbox 495 2114 2070 2184">
     <span class='ocr_line' id='line_1_37' title="bbox 495 2114 2070 2184; baseline -0.004 -12"><span class='ocrx_word' id='word_1_266' title='bbox 495 2116 664 2173; x_wconf 82' lang='lat' dir='ltr'><strong>semel</strong></span> <span class='ocrx_word' id='word_1_267' title='bbox 714 2117 933 2184; x_wconf 89' lang='lat' dir='ltr'><strong>quidem</strong></span> <span class='ocrx_word' id='word_1_268' title='bbox 978 2116 1181 2171; x_wconf 79' lang='lat' dir='ltr'><strong>fecerat</strong></span> <span class='ocrx_word' id='word_1_269' title='bbox 1219 2116 1272 2169; x_wconf 91' lang='lat' dir='ltr'><strong>in</strong></span> <span class='ocrx_word' id='word_1_270' title='bbox 1324 2130 1563 2179; x_wconf 88' lang='lat' dir='ltr'><strong>carcere,</strong></span> <span class='ocrx_word' id='word_1_271' title='bbox 1602 2126 1788 2183; x_wconf 90' lang='lat' dir='ltr'><strong>potum</strong></span> <span class='ocrx_word' id='word_1_272' title='bbox 1825 2114 2070 2183; x_wconf 58' lang='lat' dir='ltr'><strong>praebuit.</strong></span> 
     </span>
    </p>
   </div>
   <div class='ocr_carea' id='block_1_38' title="bbox 493 2205 2070 2277">
    <p class='ocr_par' dir='ltr' id='par_1_38' title="bbox 493 2205 2070 2277">
     <span class='ocr_line' id='line_1_38' title="bbox 493 2205 2070 2277; baseline -0.002 -17"><span class='ocrx_word' id='word_1_273' title='bbox 493 2207 699 2260; x_wconf 78' lang='lat' dir='ltr'><strong>Ansius</strong></span> <span class='ocrx_word' id='word_1_274' title='bbox 726 2208 933 2277; x_wconf 86' lang='lat' dir='ltr'><strong>accepi,</strong></span> <span class='ocrx_word' id='word_1_275' title='bbox 966 2209 1111 2262; x_wconf 87' lang='lat' dir='ltr'><strong>ebibi</strong></span> <span class='ocrx_word' id='word_1_276' title='bbox 1133 2216 1216 2261; x_wconf 88' lang='lat' dir='ltr'><strong>ter</strong></span> <span class='ocrx_word' id='word_1_277' title='bbox 1246 2207 1561 2276; x_wconf 75' lang='lat' dir='ltr'><strong>obsignans,</strong></span> <span class='ocrx_word' id='word_1_278' title='bbox 1598 2206 1797 2259; x_wconf 83' lang='lat' dir='ltr'><strong>facttnn</strong></span> <span class='ocrx_word' id='word_1_279' title='bbox 1826 2205 2070 2258; x_wconf 79' lang='lat' dir='ltr'><strong>extimui.</strong></span> 
     </span>
    </p>
   </div>
   <div class='ocr_carea' id='block_1_39' title="bbox 494 2297 2071 2369">
    <p class='ocr_par' dir='ltr' id='par_1_39' title="bbox 494 2297 2071 2369">
     <span class='ocr_line' id='line_1_39' title="bbox 494 2297 2071 2369; baseline -0.002 -18"><span class='ocrx_word' id='word_1_280' title='bbox 494 2297 646 2353; x_wconf 78' lang='lat' dir='ltr'><strong>Vah!</strong></span> <span class='ocrx_word' id='word_1_281' title='bbox 685 2298 853 2354; x_wconf 87' lang='lat' dir='ltr'><strong>Paulo</strong></span> <span class='ocrx_word' id='word_1_282' title='bbox 895 2309 1017 2369; x_wconf 90' lang='lat' dir='ltr'><strong>post</strong></span> <span class='ocrx_word' id='word_1_283' title='bbox 1062 2302 1201 2354; x_wconf 89' lang='lat' dir='ltr'><strong>clam</strong></span> <span class='ocrx_word' id='word_1_284' title='bbox 1262 2301 1505 2355; x_wconf 88' lang='lat' dir='ltr'><strong>abducit.</strong></span> <span class='ocrx_word' id='word_1_285' title='bbox 1555 2300 1715 2368; x_wconf 85' lang='lat' dir='ltr'><strong>Injeci</strong></span> <span class='ocrx_word' id='word_1_286' title='bbox 1764 2313 2071 2352; x_wconf 83' lang='lat' dir='ltr'><strong>sermonem</strong></span> 
     </span>
    </p>
   </div>
   <div class='ocr_carea' id='block_1_40' title="bbox 493 2387 2077 2447">
    <p class='ocr_par' dir='ltr' id='par_1_40' title="bbox 493 2387 2077 2447">
     <span class='ocr_line' id='line_1_40' title="bbox 493 2387 2077 2447; baseline -0.003 -2"><span class='ocrx_word' id='word_1_287' title='bbox 493 2391 562 2445; x_wconf 88' lang='lat' dir='ltr'><strong>de</strong></span> <span class='ocrx_word' id='word_1_288' title='bbox 587 2392 832 2447; x_wconf 83' lang='lat' dir='ltr'><strong>veritate.</strong></span> <span class='ocrx_word' id='word_1_289' title='bbox 885 2391 1221 2445; x_wconf 85' lang='lat' dir='ltr'><strong>lncitabatur</strong></span> <span class='ocrx_word' id='word_1_290' title='bbox 1254 2403 1308 2445; x_wconf 88' lang='lat' dir='ltr'><strong>et</strong></span> <span class='ocrx_word' id='word_1_291' title='bbox 1339 2393 1448 2446; x_wconf 88' lang='lat' dir='ltr'><strong>ille.</strong></span> <span class='ocrx_word' id='word_1_292' title='bbox 1486 2390 1784 2445; x_wconf 87' lang='lat' dir='ltr'><strong>Sententiis</strong></span> <span class='ocrx_word' id='word_1_293' title='bbox 1815 2390 1953 2441; x_wconf 90' lang='lat' dir='ltr'><strong>ultro</strong></span> <span class='ocrx_word' id='word_1_294' title='bbox 2001 2387 2077 2441; x_wconf 87' lang='lat' dir='ltr'><strong>ci—</strong></span> 
     </span>
    </p>
   </div>
   <div class='ocr_carea' id='block_1_41' title="bbox 494 2479 2076 2551">
    <p class='ocr_par' dir='ltr' id='par_1_41' title="bbox 494 2479 2076 2551">
     <span class='ocr_line' id='line_1_41' title="bbox 494 2479 2076 2551; baseline -0.003 -15"><span class='ocrx_word' id='word_1_295' title='bbox 494 2489 692 2551; x_wconf 85' lang='lat' dir='ltr'><strong>troque</strong></span> <span class='ocrx_word' id='word_1_296' title='bbox 731 2482 1162 2551; x_wconf 83' lang='lat' dir='ltr'><strong>depugnavimus</strong></span> <span class='ocrx_word' id='word_1_297' title='bbox 1195 2500 1208 2549; x_wconf 90' lang='lat'><strong>;</strong></span> <span class='ocrx_word' id='word_1_298' title='bbox 1248 2483 1349 2537; x_wconf 90' lang='lat' dir='ltr'><strong>illo.</strong></span> <span class='ocrx_word' id='word_1_299' title='bbox 1370 2483 1586 2551; x_wconf 83' lang='lat' dir='ltr'><strong>quidem</strong></span> <span class='ocrx_word' id='word_1_300' title='bbox 1627 2483 1784 2551; x_wconf 90' lang='lat' dir='ltr'><strong>pleno</strong></span> <span class='ocrx_word' id='word_1_301' title='bbox 1814 2495 1909 2533; x_wconf 86' lang='lat' dir='ltr'><strong>ore</strong></span> <span class='ocrx_word' id='word_1_302' title='bbox 1946 2479 2076 2532; x_wconf 87' lang='lat' dir='ltr'><strong>ridi-</strong></span> 
     </span>
    </p>
   </div>
   <div class='ocr_carea' id='block_1_42' title="bbox 494 2570 2071 2641">
    <p class='ocr_par' dir='ltr' id='par_1_42' title="bbox 494 2570 2071 2641">
     <span class='ocr_line' id='line_1_42' title="bbox 494 2570 2071 2641; baseline -0.003 -15"><span class='ocrx_word' id='word_1_303' title='bbox 494 2574 615 2627; x_wconf 88' lang='lat' dir='ltr'><strong>cule</strong></span> <span class='ocrx_word' id='word_1_304' title='bbox 676 2573 971 2635; x_wconf 70' lang='lat' dir='ltr'><strong>etfutieutc,</strong></span> <span class='ocrx_word' id='word_1_305' title='bbox 1018 2588 1103 2627; x_wconf 87' lang='lat' dir='ltr'><strong>me</strong></span> <span class='ocrx_word' id='word_1_306' title='bbox 1164 2588 1293 2626; x_wconf 88' lang='lat' dir='ltr'><strong>vero</strong></span> <span class='ocrx_word' id='word_1_307' title='bbox 1358 2574 1587 2627; x_wconf 73' lang='lat' dir='ltr'><strong>remisse</strong></span> <span class='ocrx_word' id='word_1_308' title='bbox 1640 2573 1693 2625; x_wconf 89' lang='lat' dir='ltr'><strong>in</strong></span> <span class='ocrx_word' id='word_1_309' title='bbox 1743 2570 2071 2641; x_wconf 82' lang='lat' dir='ltr'><strong>quibusdam</strong></span> 
     </span>
    </p>
   </div>
   <div class='ocr_carea' id='block_1_43' title="bbox 494 2664 2071 2734">
    <p class='ocr_par' dir='ltr' id='par_1_43' title="bbox 494 2664 2071 2734">
     <span class='ocr_line' id='line_1_43' title="bbox 494 2664 2071 2734; baseline -0.003 -16"><span class='ocrx_word' id='word_1_310' title='bbox 494 2666 823 2734; x_wconf 85' lang='lat' dir='ltr'><strong>procedente</strong></span> <span class='ocrx_word' id='word_1_311' title='bbox 855 2684 869 2720; x_wconf 90' lang='lat'><strong>:</strong></span> <span class='ocrx_word' id='word_1_312' title='bbox 900 2680 964 2719; x_wconf 91' lang='lat' dir='ltr'><strong>eo</strong></span> <span class='ocrx_word' id='word_1_313' title='bbox 989 2665 1135 2733; x_wconf 88' lang='lat' dir='ltr'><strong>quod</strong></span> <span class='ocrx_word' id='word_1_314' title='bbox 1161 2666 1226 2719; x_wconf 90' lang='lat' dir='ltr'><strong>ad</strong></span> <span class='ocrx_word' id='word_1_315' title='bbox 1253 2666 1639 2733; x_wconf 88' lang='lat' dir='ltr'><strong>imperatorem</strong></span> <span class='ocrx_word' id='word_1_316' title='bbox 1676 2664 1920 2717; x_wconf 88' lang='lat' dir='ltr'><strong>tenderet</strong></span> <span class='ocrx_word' id='word_1_317' title='bbox 1949 2676 2071 2715; x_wconf 86' lang='lat' dir='ltr'><strong>ser-</strong></span> 
     </span>
    </p>
   </div>
   <div class='ocr_carea' id='block_1_44' title="bbox 496 2756 2073 2828">
    <p class='ocr_par' dir='ltr' id='par_1_44' title="bbox 496 2756 2073 2828">
     <span class='ocr_line' id='line_1_44' title="bbox 496 2756 2073 2828; baseline -0.004 -15"><span class='ocrx_word' id='word_1_318' title='bbox 496 2774 608 2823; x_wconf 87' lang='lat' dir='ltr'><strong>mo,</strong></span> <span class='ocrx_word' id='word_1_319' title='bbox 648 2769 700 2813; x_wconf 90' lang='lat' dir='ltr'><strong>ct</strong></span> <span class='ocrx_word' id='word_1_320' title='bbox 762 2773 829 2812; x_wconf 88' lang='lat' dir='ltr'><strong>ne</strong></span> <span class='ocrx_word' id='word_1_321' title='bbox 880 2775 1003 2812; x_wconf 86' lang='lat' dir='ltr'><strong>cum</strong></span> <span class='ocrx_word' id='word_1_322' title='bbox 1032 2759 1269 2812; x_wconf 86' lang='lat' dir='ltr'><strong>tumultu</strong></span> <span class='ocrx_word' id='word_1_323' title='bbox 1305 2759 1744 2828; x_wconf 83' lang='lat' dir='ltr'><strong>sejungeremnr.</strong></span> <span class='ocrx_word' id='word_1_324' title='bbox 1779 2756 2073 2823; x_wconf 80' lang='lat' dir='ltr'><strong>Postquam</strong></span> 
     </span>
    </p>
   </div>
   <div class='ocr_carea' id='block_1_45' title="bbox 498 2848 2075 2920">
    <p class='ocr_par' dir='ltr' id='par_1_45' title="bbox 498 2848 2075 2920">
     <span class='ocr_line' id='line_1_45' title="bbox 498 2848 2075 2920; baseline -0.004 -15"><span class='ocrx_word' id='word_1_325' title='bbox 498 2866 631 2905; x_wconf 79' lang='lat' dir='ltr'><strong>sane</strong></span> <span class='ocrx_word' id='word_1_326' title='bbox 661 2851 1094 2920; x_wconf 86' lang='lat' dir='ltr'><strong>propositionem</strong></span> <span class='ocrx_word' id='word_1_327' title='bbox 1144 2866 1321 2905; x_wconf 86' lang='lat' dir='ltr'><strong>meam</strong></span> <span class='ocrx_word' id='word_1_328' title='bbox 1364 2861 1419 2904; x_wconf 88' lang='lat' dir='ltr'><strong>et</strong></span> <span class='ocrx_word' id='word_1_329' title='bbox 1461 2851 1574 2919; x_wconf 89' lang='lat' dir='ltr'><strong>ipse</strong></span> <span class='ocrx_word' id='word_1_330' title='bbox 1602 2849 1797 2915; x_wconf 74' lang='lat' dir='ltr'><strong>obieci,</strong></span> <span class='ocrx_word' id='word_1_331' title='bbox 1831 2862 1936 2900; x_wconf 89' lang='lat' dir='ltr'><strong>non</strong></span> <span class='ocrx_word' id='word_1_332' title='bbox 1979 2848 2075 2899; x_wconf 87' lang='lat' dir='ltr'><strong>ha-</strong></span> 
     </span>
    </p>
   </div>
   <div class='ocr_carea' id='block_1_46' title="bbox 496 2942 2075 3013">
    <p class='ocr_par' dir='ltr' id='par_1_46' title="bbox 496 2942 2075 3013">
     <span class='ocr_line' id='line_1_46' title="bbox 496 2942 2075 3013; baseline -0.003 -14"><span class='ocrx_word' id='word_1_333' title='bbox 496 2944 616 2999; x_wconf 79' lang='lat' dir='ltr'><strong>buit</strong></span> <span class='ocrx_word' id='word_1_334' title='bbox 646 2946 789 3013; x_wconf 89' lang='lat' dir='ltr'><strong>quod</strong></span> <span class='ocrx_word' id='word_1_335' title='bbox 822 2946 1190 3013; x_wconf 84' lang='lat' dir='ltr'><strong>responderet.</strong></span> <span class='ocrx_word' id='word_1_336' title='bbox 1243 2945 1305 2997; x_wconf 85' lang='lat' dir='ltr'><strong>Et</strong></span> <span class='ocrx_word' id='word_1_337' title='bbox 1338 2944 1449 2997; x_wconf 81' lang='lat' dir='ltr'><strong>dixi</strong></span> <span class='ocrx_word' id='word_1_338' title='bbox 1486 2962 1498 2997; x_wconf 90' lang='lat'><strong>:</strong></span> <span class='ocrx_word' id='word_1_339' title='bbox 1534 2943 1791 3010; x_wconf 74' lang='lat' dir='ltr'><strong>Qtnenam</strong></span> <span class='ocrx_word' id='word_1_340' title='bbox 1826 2953 1909 2995; x_wconf 86' lang='lat' dir='ltr'><strong>est</strong></span> <span class='ocrx_word' id='word_1_341' title='bbox 1959 2942 2075 2995; x_wconf 60' lang='lat' dir='ltr'><strong>haec</strong></span> 
     </span>
    </p>
   </div>
   <div class='ocr_carea' id='block_1_47' title="bbox 498 3034 2075 3105">
    <p class='ocr_par' dir='ltr' id='par_1_47' title="bbox 498 3034 2075 3105">
     <span class='ocr_line' id='line_1_47' title="bbox 498 3034 2075 3105; baseline -0.002 -15"><span class='ocrx_word' id='word_1_342' title='bbox 498 3036 877 3105; x_wconf 80' lang='lat' dir='ltr'><strong>blasphemia?</strong></span> <span class='ocrx_word' id='word_1_343' title='bbox 902 3035 1059 3089; x_wconf 83' lang='lat' dir='ltr'><strong>Pater</strong></span> <span class='ocrx_word' id='word_1_344' title='bbox 1078 3048 1131 3090; x_wconf 89' lang='lat' dir='ltr'><strong>et</strong></span> <span class='ocrx_word' id='word_1_345' title='bbox 1157 3036 1393 3104; x_wconf 88' lang='lat' dir='ltr'><strong>Spiritus</strong></span> <span class='ocrx_word' id='word_1_346' title='bbox 1427 3036 1904 3090; x_wconf 86' lang='lat' dir='ltr'><strong>communicarunt</strong></span> <span class='ocrx_word' id='word_1_347' title='bbox 1925 3034 1976 3086; x_wconf 91' lang='lat' dir='ltr'><strong>in</strong></span> <span class='ocrx_word' id='word_1_348' title='bbox 2010 3034 2075 3087; x_wconf 90' lang='lat' dir='ltr'><strong>iis</strong></span> 
     </span>
    </p>
   </div>
   <div class='ocr_carea' id='block_1_48' title="bbox 498 3122 2076 3194">
    <p class='ocr_par' dir='ltr' id='par_1_48' title="bbox 498 3122 2076 3194">
     <span class='ocr_line' id='line_1_48' title="bbox 498 3122 2076 3194; baseline -0.001 -17"><span class='ocrx_word' id='word_1_349' title='bbox 498 3140 621 3193; x_wconf 72' lang='lat' dir='ltr'><strong>qua:</strong></span> <span class='ocrx_word' id='word_1_350' title='bbox 650 3122 905 3178; x_wconf 87' lang='lat' dir='ltr'><strong>Christus</strong></span> <span class='ocrx_word' id='word_1_351' title='bbox 940 3125 1256 3178; x_wconf 87' lang='lat' dir='ltr'><strong>humanitus</strong></span> <span class='ocrx_word' id='word_1_352' title='bbox 1294 3124 1485 3194; x_wconf 78' lang='lat' dir='ltr'><strong>gessit,</strong></span> <span class='ocrx_word' id='word_1_353' title='bbox 1523 3124 1752 3178; x_wconf 86' lang='lat' dir='ltr'><strong>annon?</strong></span> <span class='ocrx_word' id='word_1_354' title='bbox 1785 3125 1850 3177; x_wconf 82' lang='lat' dir='ltr'><strong>Et</strong></span> <span class='ocrx_word' id='word_1_355' title='bbox 1873 3124 1959 3178; x_wconf 90' lang='lat' dir='ltr'><strong>ille</strong></span> <span class='ocrx_word' id='word_1_356' title='bbox 1982 3140 2076 3176; x_wconf 90' lang='lat' dir='ltr'><strong>an-</strong></span> 
     </span>
    </p>
   </div>
   <div class='ocr_carea' id='block_1_49' title="bbox 2177 1926 3760 2003">
    <p class='ocr_par' dir='ltr' id='par_1_49' title="bbox 2177 1926 3760 2003">
     <span class='ocr_line' id='line_1_49' title="bbox 2177 1926 3760 2003; baseline 0 -20"><span class='ocrx_word' id='word_1_357' title='bbox 2177 1932 2501 1997; x_wconf 77' lang='grc' dir='ltr'>ὲκΟειὰζειν.</span> <span class='ocrx_word' id='word_1_358' title='bbox 2536 1926 2734 1997; x_wconf 81' lang='grc' dir='ltr'>Ἦκεν,</span> <span class='ocrx_word' id='word_1_359' title='bbox 2790 1933 3009 2003; x_wconf 75' lang='grc' dir='ltr'><strong>ἐκίνησε</strong></span> <span class='ocrx_word' id='word_1_360' title='bbox 3055 1934 3165 1996; x_wconf 69' lang='grc' dir='ltr'>τὰς’</span> <span class='ocrx_word' id='word_1_361' title='bbox 3201 1932 3457 1990; x_wconf 78' lang='grc' dir='ltr'>τοιαύτας</span> <span class='ocrx_word' id='word_1_362' title='bbox 3498 1933 3760 2000; x_wconf 75' lang='grc' dir='ltr'>ὁμιλίας·</span> 
     </span>
    </p>
   </div>
   <div class='ocr_carea' id='block_1_50' title="bbox 2175 2023 3762 2095">
    <p class='ocr_par' dir='ltr' id='par_1_50' title="bbox 2175 2023 3762 2095">
     <span class='ocr_line' id='line_1_50' title="bbox 2175 2023 3762 2095; baseline -0.001 -19"><span class='ocrx_word' id='word_1_363' title='bbox 2175 2024 2254 2076; x_wconf 82' lang='grc' dir='ltr'>ἔτι</span> <span class='ocrx_word' id='word_1_364' title='bbox 2301 2023 2329 2075; x_wconf 82' lang='grc' dir='ltr'>ὃ</span> <span class='ocrx_word' id='word_1_365' title='bbox 2372 2025 2481 2077; x_wconf 76' lang='grc' dir='ltr'>οὐδ’</span> <span class='ocrx_word' id='word_1_366' title='bbox 2526 2024 2674 2089; x_wconf 77' lang='grc' dir='ltr'>ἅπαξ</span> <span class='ocrx_word' id='word_1_367' title='bbox 2718 2024 2974 2093; x_wconf 75' lang='grc' dir='ltr'>εποίησεν</span> <span class='ocrx_word' id='word_1_368' title='bbox 3015 2024 3072 2077; x_wconf 82' lang='grc' dir='ltr'>ὲν</span> <span class='ocrx_word' id='word_1_369' title='bbox 3106 2027 3172 2095; x_wconf 81' lang='grc' dir='ltr'><strong>τῇ</strong></span> <span class='ocrx_word' id='word_1_370' title='bbox 3222 2023 3459 2094; x_wconf 78' lang='grc' dir='ltr'>φυλακῇ,</span> <span class='ocrx_word' id='word_1_371' title='bbox 3511 2023 3762 2075; x_wconf 77' lang='grc' dir='ltr'><strong>ἐπέδωκε</strong></span> 
     </span>
    </p>
   </div>
   <div class='ocr_carea' id='block_1_51' title="bbox 2177 2115 3761 2192">
    <p class='ocr_par' dir='ltr' id='par_1_51' title="bbox 2177 2115 3761 2192">
     <span class='ocr_line' id='line_1_51' title="bbox 2177 2115 3761 2192; baseline -0.002 -23"><span class='ocrx_word' id='word_1_372' title='bbox 2177 2119 2347 2169; x_wconf 80' lang='grc' dir='ltr'><strong>πιεῖν.</strong></span> <span class='ocrx_word' id='word_1_373' title='bbox 2379 2117 2614 2170; x_wconf 79' lang='grc' dir='ltr'>Ἐλαϐον</span> <span class='ocrx_word' id='word_1_374' title='bbox 2648 2116 2891 2192; x_wconf 38' lang='grc' dir='ltr'>δαχοείςσ·</span> <span class='ocrx_word' id='word_1_375' title='bbox 2932 2116 3085 2169; x_wconf 79' lang='grc' dir='ltr'>ἔπιον</span> <span class='ocrx_word' id='word_1_376' title='bbox 3118 2116 3575 2187; x_wconf 72' lang='grc' dir='ltr'>κατασφραγίσας</span> <span class='ocrx_word' id='word_1_377' title='bbox 3600 2115 3726 2183; x_wconf 81' lang='grc' dir='ltr'>τρίς</span> <span class='ocrx_word' id='word_1_378' title='bbox 3746 2131 3761 2143; x_wconf 93' lang='grc'>·</span> 
     </span>
    </p>
   </div>
   <div class='ocr_carea' id='block_1_52' title="bbox 2174 2208 3764 2279">
    <p class='ocr_par' dir='ltr' id='par_1_52' title="bbox 2174 2208 3764 2279">
     <span class='ocr_line' id='line_1_52' title="bbox 2174 2208 3764 2279; baseline 0 -20"><span class='ocrx_word' id='word_1_379' title='bbox 2174 2208 2446 2278; x_wconf 75' lang='grc' dir='ltr'>ἐφοϐήθην</span> <span class='ocrx_word' id='word_1_380' title='bbox 2474 2209 2534 2261; x_wconf 69' lang='grc' dir='ltr'><strong>τὸ</strong></span> <span class='ocrx_word' id='word_1_381' title='bbox 2560 2209 2764 2278; x_wconf 76' lang='grc' dir='ltr'>δρᾶμα.</span> <span class='ocrx_word' id='word_1_382' title='bbox 2814 2209 2959 2265; x_wconf 64' lang='lat' dir='ltr'><strong>osa!</strong></span> <span class='ocrx_word' id='word_1_383' title='bbox 2992 2210 3149 2262; x_wconf 84' lang='grc' dir='ltr'>Κατὰ</span> <span class='ocrx_word' id='word_1_384' title='bbox 3177 2208 3371 2279; x_wconf 74' lang='grc' dir='ltr'>βραχὺ,</span> <span class='ocrx_word' id='word_1_385' title='bbox 3414 2208 3764 2277; x_wconf 72' lang='grc' dir='ltr'>ἀνεπαισθή-</span> 
     </span>
    </p>
   </div>
   <div class='ocr_carea' id='block_1_53' title="bbox 2173 2299 3761 2369">
    <p class='ocr_par' dir='ltr' id='par_1_53' title="bbox 2173 2299 3761 2369">
     <span class='ocr_line' id='line_1_53' title="bbox 2173 2299 3761 2369; baseline 0.001 -19"><span class='ocrx_word' id='word_1_386' title='bbox 2173 2315 2280 2362; x_wconf 89' lang='grc' dir='ltr'><strong>τως</strong></span> <span class='ocrx_word' id='word_1_387' title='bbox 2308 2301 2585 2369; x_wconf 76' lang='grc' dir='ltr'>κατασπᾷ.</span> <span class='ocrx_word' id='word_1_388' title='bbox 2615 2300 2831 2369; x_wconf 82' lang='grc' dir='ltr'>Συνῆρα</span> <span class='ocrx_word' id='word_1_389' title='bbox 2854 2300 3010 2366; x_wconf 84' lang='grc' dir='ltr'>λόγον</span> <span class='ocrx_word' id='word_1_390' title='bbox 3040 2300 3169 2369; x_wconf 82' lang='grc' dir='ltr'>περὶ</span> <span class='ocrx_word' id='word_1_391' title='bbox 3192 2299 3465 2369; x_wconf 75' lang='grc' dir='ltr'>ἀληθείας.</span> <span class='ocrx_word' id='word_1_392' title='bbox 3488 2300 3761 2368; x_wconf 75' lang='grc' dir='ltr'>Ὠτρύνθη</span> 
     </span>
    </p>
   </div>
   <div class='ocr_carea' id='block_1_54' title="bbox 2174 2392 3760 2462">
    <p class='ocr_par' dir='ltr' id='par_1_54' title="bbox 2174 2392 3760 2462">
     <span class='ocr_line' id='line_1_54' title="bbox 2174 2392 3760 2462; baseline 0.001 -19"><span class='ocrx_word' id='word_1_393' title='bbox 2174 2393 2448 2454; x_wconf 82' lang='grc' dir='ltr'>κάκεῖνος.</span> <span class='ocrx_word' id='word_1_394' title='bbox 2470 2392 2961 2462; x_wconf 76' lang='grc' dir='ltr'>’Λντετοξεύσαμεν</span> <span class='ocrx_word' id='word_1_395' title='bbox 2982 2392 3242 2461; x_wconf 78' lang='grc' dir='ltr'>χρήσεσιν</span> <span class='ocrx_word' id='word_1_396' title='bbox 3265 2392 3528 2462; x_wconf 75' lang='grc' dir='ltr'>ἀλλήλους</span> <span class='ocrx_word' id='word_1_397' title='bbox 3550 2408 3563 2420; x_wconf 92' lang='grc'><strong>·</strong></span> <span class='ocrx_word' id='word_1_398' title='bbox 3584 2392 3760 2444; x_wconf 77' lang='grc' dir='ltr'>αὑτοῦ</span> 
     </span>
    </p>
   </div>
   <div class='ocr_carea' id='block_1_55' title="bbox 2179 2484 3764 2556">
    <p class='ocr_par' dir='ltr' id='par_1_55' title="bbox 2179 2484 3764 2556">
     <span class='ocr_line' id='line_1_55' title="bbox 2179 2484 3764 2556; baseline -0.001 -20"><span class='ocrx_word' id='word_1_399' title='bbox 2179 2484 2274 2552; x_wconf 80' lang='grc' dir='ltr'>μὲν</span> <span class='ocrx_word' id='word_1_400' title='bbox 2306 2485 2833 2554; x_wconf 73' lang='grc' dir='ltr'>ἁποστοματίζοντος</span> <span class='ocrx_word' id='word_1_401' title='bbox 2884 2485 3276 2556; x_wconf 83' lang='grc' dir='ltr'>χλευαστικῶς,</span> <span class='ocrx_word' id='word_1_402' title='bbox 3313 2484 3490 2553; x_wconf 81' lang='grc' dir='ltr'>κάμοῦ</span> <span class='ocrx_word' id='word_1_403' title='bbox 3522 2485 3764 2553; x_wconf 67' lang='grc' dir='ltr'>ὑφειμέ-</span> 
     </span>
    </p>
   </div>
   <div class='ocr_carea' id='block_1_56' title="bbox 2176 2573 3764 2645">
    <p class='ocr_par' dir='ltr' id='par_1_56' title="bbox 2176 2573 3764 2645">
     <span class='ocr_line' id='line_1_56' title="bbox 2176 2573 3764 2645; baseline -0.003 -16"><span class='ocrx_word' id='word_1_404' title='bbox 2176 2593 2280 2637; x_wconf 85' lang='grc' dir='ltr'><strong>νως</strong></span> <span class='ocrx_word' id='word_1_405' title='bbox 2334 2577 2629 2645; x_wconf 74' lang='grc' dir='ltr'>ἐρχομένου</span> <span class='ocrx_word' id='word_1_406' title='bbox 2665 2575 2722 2627; x_wconf 80' lang='grc' dir='ltr'>ἓν</span> <span class='ocrx_word' id='word_1_407' title='bbox 2755 2591 2902 2627; x_wconf 84' lang='grc' dir='ltr'><strong>τισι⁸</strong></span> <span class='ocrx_word' id='word_1_408' title='bbox 2952 2575 3039 2630; x_wconf 76' lang='grc' dir='ltr'><strong>διὰ</strong></span> <span class='ocrx_word' id='word_1_409' title='bbox 3086 2575 3148 2629; x_wconf 82' lang='grc' dir='ltr'>τὸ</span> <span class='ocrx_word' id='word_1_410' title='bbox 3198 2573 3588 2627; x_wconf 81' lang='grc' dir='ltr'>ἁποτείνασθαι</span> <span class='ocrx_word' id='word_1_411' title='bbox 3631 2574 3764 2635; x_wconf 73' lang='grc' dir='ltr'>τοὺς</span> 
     </span>
    </p>
   </div>
   <div class='ocr_carea' id='block_1_57' title="bbox 2174 2666 3763 2738">
    <p class='ocr_par' dir='ltr' id='par_1_57' title="bbox 2174 2666 3763 2738">
     <span class='ocr_line' id='line_1_57' title="bbox 2174 2666 3763 2738; baseline -0.001 -20"><span class='ocrx_word' id='word_1_412' title='bbox 2174 2666 2366 2734; x_wconf 80' lang='grc' dir='ltr'>λόγους</span> <span class='ocrx_word' id='word_1_413' title='bbox 2398 2668 2533 2738; x_wconf 75' lang='grc' dir='ltr'>πρὸς</span> <span class='ocrx_word' id='word_1_414' title='bbox 2560 2671 2652 2721; x_wconf 67' lang='grc' dir='ltr'><strong>τὸν</strong></span> <span class='ocrx_word' id='word_1_415' title='bbox 2688 2668 2913 2738; x_wconf 79' lang='grc' dir='ltr'>βασιλέα</span> <span class='ocrx_word' id='word_1_416' title='bbox 2935 2686 2949 2700; x_wconf 79' lang='grc' dir='ltr'><strong>ο</strong></span> <span class='ocrx_word' id='word_1_417' title='bbox 2984 2668 3079 2720; x_wconf 73' lang='grc' dir='ltr'>καὶ</span> <span class='ocrx_word' id='word_1_418' title='bbox 3118 2668 3181 2719; x_wconf 78' lang='grc' dir='ltr'>τὸ</span> <span class='ocrx_word' id='word_1_419' title='bbox 3228 2668 3301 2737; x_wconf 81' lang='grc' dir='ltr'>μὴ</span> <span class='ocrx_word' id='word_1_420' title='bbox 3336 2669 3546 2736; x_wconf 79' lang='grc' dir='ltr'>ταραχῇ</span> <span class='ocrx_word' id='word_1_421' title='bbox 3587 2683 3763 2718; x_wconf 83' lang='grc' dir='ltr'>κατα-</span> 
     </span>
    </p>
   </div>
   <div class='ocr_carea' id='block_1_58' title="bbox 2173 2758 3758 2829">
    <p class='ocr_par' dir='ltr' id='par_1_58' title="bbox 2173 2758 3758 2829">
     <span class='ocr_line' id='line_1_58' title="bbox 2173 2758 3758 2829; baseline -0.001 -20"><span class='ocrx_word' id='word_1_422' title='bbox 2173 2758 2455 2827; x_wconf 80' lang='grc' dir='ltr'>διαστῆναι</span> <span class='ocrx_word' id='word_1_423' title='bbox 2484 2758 2747 2827; x_wconf 80' lang='grc' dir='ltr'>ἀλλήλων.</span> <span class='ocrx_word' id='word_1_424' title='bbox 2802 2759 3020 2829; x_wconf 79' lang='grc' dir='ltr'>Ἐπειδὴ</span> <span class='ocrx_word' id='word_1_425' title='bbox 3052 2759 3148 2811; x_wconf 80' lang='grc' dir='ltr'>καὶ</span> <span class='ocrx_word' id='word_1_426' title='bbox 3179 2758 3441 2828; x_wconf 86' lang='grc' dir='ltr'>πρότασίν</span> <span class='ocrx_word' id='word_1_427' title='bbox 3477 2774 3580 2826; x_wconf 88' lang='grc' dir='ltr'><strong>μου</strong></span> <span class='ocrx_word' id='word_1_428' title='bbox 3622 2774 3758 2826; x_wconf 56' lang='grc' dir='ltr'>προ.</span> 
     </span>
    </p>
   </div>
   <div class='ocr_carea' id='block_1_59' title="bbox 2174 2843 3760 2919">
    <p class='ocr_par' dir='ltr' id='par_1_59' title="bbox 2174 2843 3760 2919">
     <span class='ocr_line' id='line_1_59' title="bbox 2174 2843 3760 2919; baseline -0.003 -18"><span class='ocrx_word' id='word_1_429' title='bbox 2174 2849 2449 2911; x_wconf 81' lang='grc' dir='ltr'>τείναντος</span> <span class='ocrx_word' id='word_1_430' title='bbox 2478 2850 2747 2919; x_wconf 70' lang='grc' dir='ltr'>ἠπόρησε.</span> <span class='ocrx_word' id='word_1_431' title='bbox 2780 2851 2887 2902; x_wconf 76' lang='grc' dir='ltr'><strong>Καὶ</strong></span> <span class='ocrx_word' id='word_1_432' title='bbox 2909 2843 3082 2901; x_wconf 75' lang='grc' dir='ltr'>εἷπονσ</span> <span class='ocrx_word' id='word_1_433' title='bbox 3109 2848 3441 2917; x_wconf 77' lang='grc' dir='ltr'>Βλασφημία</span> <span class='ocrx_word' id='word_1_434' title='bbox 3462 2847 3549 2909; x_wconf 88' lang='grc' dir='ltr'><strong>τίς</strong></span> <span class='ocrx_word' id='word_1_435' title='bbox 3579 2846 3760 2915; x_wconf 58' lang='lat' dir='ltr'><strong>aii-:1};</strong></span> 
     </span>
    </p>
   </div>
   <div class='ocr_carea' id='block_1_60' title="bbox 2186 2925 3763 3011">
    <p class='ocr_par' dir='ltr' id='par_1_60' title="bbox 2186 2925 3763 3011">
     <span class='ocr_line' id='line_1_60' title="bbox 2186 2925 3763 3011; baseline 0 -20"><span class='ocrx_word' id='word_1_436' title='bbox 2186 2940 2243 2991; x_wconf 84' lang='grc' dir='ltr'>Ὀ</span> <span class='ocrx_word' id='word_1_437' title='bbox 2278 2939 2465 3011; x_wconf 84' lang='grc' dir='ltr'>Πατὴρ</span> <span class='ocrx_word' id='word_1_438' title='bbox 2496 2925 2591 2992; x_wconf 75' lang='grc' dir='ltr'>καὶ</span> <span class='ocrx_word' id='word_1_439' title='bbox 2620 2941 2681 2993; x_wconf 74' lang='grc' dir='ltr'>τὸ</span> <span class='ocrx_word' id='word_1_440' title='bbox 2717 2940 2941 3011; x_wconf 82' lang='grc' dir='ltr'>Πνεῦμα</span> <span class='ocrx_word' id='word_1_441' title='bbox 2967 2941 3363 3010; x_wconf 82' lang='grc' dir='ltr'>κεκοινώνηκεν</span> <span class='ocrx_word' id='word_1_442' title='bbox 3395 2942 3454 2992; x_wconf 81' lang='grc' dir='ltr'>ὲν</span> <span class='ocrx_word' id='word_1_443' title='bbox 3482 2934 3566 3003; x_wconf 77' lang='grc' dir='ltr'>οἷς</span> <span class='ocrx_word' id='word_1_444' title='bbox 3596 2940 3763 3010; x_wconf 80' lang='grc' dir='ltr'>ἕδρα-</span> 
     </span>
    </p>
   </div>
   <div class='ocr_carea' id='block_1_61' title="bbox 2179 3032 3761 3104">
    <p class='ocr_par' dir='ltr' id='par_1_61' title="bbox 2179 3032 3761 3104">
     <span class='ocr_line' id='line_1_61' title="bbox 2179 3032 3761 3104; baseline 0 -22"><span class='ocrx_word' id='word_1_445' title='bbox 2179 3047 2267 3082; x_wconf 86' lang='grc' dir='ltr'><strong>σεν</strong></span> <span class='ocrx_word' id='word_1_446' title='bbox 2300 3032 2655 3101; x_wconf 81' lang='grc' dir='ltr'>ἀνθρωπίνως</span> <span class='ocrx_word' id='word_1_447' title='bbox 2674 3035 2700 3085; x_wconf 88' lang='grc' dir='ltr'><strong>ό</strong></span> <span class='ocrx_word' id='word_1_448' title='bbox 2716 3034 2970 3101; x_wconf 85' lang='grc' dir='ltr'>Χριστὸς,</span> <span class='ocrx_word' id='word_1_449' title='bbox 2990 3034 3077 3086; x_wconf 72' lang='grc' dir='ltr'>ναὶ</span> <span class='ocrx_word' id='word_1_450' title='bbox 3098 3033 3130 3104; x_wconf 79' lang='grc' dir='ltr'>ἢ</span> <span class='ocrx_word' id='word_1_451' title='bbox 3162 3032 3222 3085; x_wconf 79' lang='grc' dir='ltr'><strong>οῦ</strong></span> <span class='ocrx_word' id='word_1_452' title='bbox 3245 3032 3332 3097; x_wconf 86' lang='grc' dir='ltr'><strong>;Ὀ</strong></span> <span class='ocrx_word' id='word_1_453' title='bbox 3353 3032 3410 3084; x_wconf 77' lang='grc' dir='ltr'>δὲ</span> <span class='ocrx_word' id='word_1_454' title='bbox 3437 3033 3761 3095; x_wconf 76' lang='grc' dir='ltr'>κατένευσε,</span> 
     </span>
    </p>
   </div>
   <div class='ocr_carea' id='block_1_62' title="bbox 2175 3122 3759 3195">
    <p class='ocr_par' dir='ltr' id='par_1_62' title="bbox 2175 3122 3759 3195">
     <span class='ocr_line' id='line_1_62' title="bbox 2175 3122 3759 3195; baseline 0 -20"><span class='ocrx_word' id='word_1_455' title='bbox 2175 3123 2269 3175; x_wconf 76' lang='grc' dir='ltr'>καὶ</span> <span class='ocrx_word' id='word_1_456' title='bbox 2290 3123 2648 3195; x_wconf 75' lang='grc' dir='ltr'>διισχυρίζετο</span> <span class='ocrx_word' id='word_1_457' title='bbox 2668 3122 2841 3186; x_wconf 77' lang='grc' dir='ltr'>οὕτως</span> <span class='ocrx_word' id='word_1_458' title='bbox 2869 3125 3032 3195; x_wconf 80' lang='grc' dir='ltr'>ἔχειν.</span> <span class='ocrx_word' id='word_1_459' title='bbox 3062 3126 3163 3177; x_wconf 88' lang='grc' dir='ltr'><strong>Διά</strong></span> <span class='ocrx_word' id='word_1_460' title='bbox 3182 3142 3264 3177; x_wconf 89' lang='grc' dir='ltr'><strong>τοι</strong></span> <span class='ocrx_word' id='word_1_461' title='bbox 3285 3124 3459 3176; x_wconf 81' lang='grc' dir='ltr'>ταῦτα</span> <span class='ocrx_word' id='word_1_462' title='bbox 3482 3127 3516 3193; x_wconf 76' lang='grc' dir='ltr'><strong>ἡ</strong></span> <span class='ocrx_word' id='word_1_463' title='bbox 3540 3122 3641 3191; x_wconf 73' lang='lat' dir='ltr'><strong>iisz</strong></span> <span class='ocrx_word' id='word_1_464' title='bbox 3652 3140 3759 3186; x_wconf 89' lang='grc' dir='ltr'>σις,</span> 
     </span>
    </p>
   </div>
   <div class='ocr_carea' id='block_1_63' title="bbox 496 3204 2071 3288">
    <p class='ocr_par' dir='ltr' id='par_1_63' title="bbox 496 3215 2067 3285">
     <span class='ocr_line' id='line_1_63' title="bbox 496 3215 2067 3285; baseline -0.001 -15"><span class='ocrx_word' id='word_1_465' title='bbox 496 3216 635 3278; x_wconf 86' lang='lat' dir='ltr'><strong>nuit.</strong></span> <span class='ocrx_word' id='word_1_466' title='bbox 675 3225 726 3269; x_wconf 90' lang='lat' dir='ltr'><strong>et</strong></span> <span class='ocrx_word' id='word_1_467' title='bbox 753 3215 1043 3271; x_wconf 83' lang='lat' dir='ltr'><strong>alIirmavit</strong></span> <span class='ocrx_word' id='word_1_468' title='bbox 1072 3218 1143 3271; x_wconf 82' lang='lat' dir='ltr'><strong>ita</strong></span> <span class='ocrx_word' id='word_1_469' title='bbox 1179 3232 1291 3270; x_wconf 89' lang='lat' dir='ltr'><strong>rem</strong></span> <span class='ocrx_word' id='word_1_470' title='bbox 1326 3217 1545 3270; x_wconf 85' lang='lat' dir='ltr'><strong>habere.</strong></span> <span class='ocrx_word' id='word_1_471' title='bbox 1582 3216 1807 3285; x_wconf 87' lang='lat' dir='ltr'><strong>Propter</strong></span> <span class='ocrx_word' id='word_1_472' title='bbox 1838 3218 1951 3271; x_wconf 57' lang='lat' dir='ltr'><strong>haec</strong></span> <span class='ocrx_word' id='word_1_473' title='bbox 1979 3231 2067 3269; x_wconf 89' lang='lat' dir='ltr'><strong>re-</strong></span> 
     </span>
    </p>
   </div>
   <div class='ocr_carea' id='block_1_64' title="bbox 2180 3204 3760 3288">
    <p class='ocr_par' dir='ltr' id='par_1_64' title="bbox 2180 3213 3760 3288">
     <span class='ocr_line' id='line_1_64' title="bbox 2180 3213 3760 3288; baseline 0.001 -23"><span class='ocrx_word' id='word_1_474' title='bbox 2180 3213 2327 3284; x_wconf 77' lang='grc' dir='ltr'>καὶὴ</span> <span class='ocrx_word' id='word_1_475' title='bbox 2361 3214 2436 3277; x_wconf 85' lang='grc' dir='ltr'><strong>ὡς</strong></span> <span class='ocrx_word' id='word_1_476' title='bbox 2475 3219 2532 3267; x_wconf 86' lang='grc' dir='ltr'>ὲν</span> <span class='ocrx_word' id='word_1_477' title='bbox 2568 3216 2719 3288; x_wconf 80' lang='grc' dir='ltr'><strong>μάχῃ</strong></span> <span class='ocrx_word' id='word_1_478' title='bbox 2761 3216 3060 3280; x_wconf 80' lang='grc' dir='ltr'>διάστασις.</span> <span class='ocrx_word' id='word_1_479' title='bbox 3104 3216 3162 3268; x_wconf 82' lang='grc' dir='ltr'>Ὀ</span> <span class='ocrx_word' id='word_1_480' title='bbox 3186 3216 3239 3269; x_wconf 80' lang='grc' dir='ltr'>δὲ</span> <span class='ocrx_word' id='word_1_481' title='bbox 3264 3214 3519 3282; x_wconf 77' lang='grc' dir='ltr'>ἐξελθὼν,</span> <span class='ocrx_word' id='word_1_482' title='bbox 3557 3218 3760 3284; x_wconf 77' lang='grc' dir='ltr'>φησίν·</span> 
     </span>
    </p>
   </div>
   <div class='ocr_carea' id='block_1_65' title="bbox 503 3308 2069 3380">
    <p class='ocr_par' dir='ltr' id='par_1_65' title="bbox 503 3308 2069 3380">
     <span class='ocr_line' id='line_1_65' title="bbox 503 3308 2069 3380; baseline 0 -18"><span class='ocrx_word' id='word_1_483' title='bbox 503 3308 675 3363; x_wconf 88' lang='lat' dir='ltr'><strong>missa</strong></span> <span class='ocrx_word' id='word_1_484' title='bbox 728 3311 1031 3375; x_wconf 85' lang='lat' dir='ltr'><strong>contentio,</strong></span> <span class='ocrx_word' id='word_1_485' title='bbox 1063 3319 1117 3364; x_wconf 90' lang='lat' dir='ltr'><strong>et</strong></span> <span class='ocrx_word' id='word_1_486' title='bbox 1163 3311 1320 3379; x_wconf 88' lang='lat' dir='ltr'><strong>quasi</strong></span> <span class='ocrx_word' id='word_1_487' title='bbox 1351 3326 1380 3362; x_wconf 92' lang='lat' dir='ltr'><strong>a</strong></span> <span class='ocrx_word' id='word_1_488' title='bbox 1413 3325 1591 3380; x_wconf 78' lang='lat' dir='ltr'><strong>pugna</strong></span> <span class='ocrx_word' id='word_1_489' title='bbox 1629 3310 1932 3364; x_wconf 84' lang='lat' dir='ltr'><strong>discessum</strong></span> <span class='ocrx_word' id='word_1_490' title='bbox 1967 3317 2069 3363; x_wconf 90' lang='lat' dir='ltr'><strong>est.</strong></span> 
     </span>
    </p>
   </div>
   <div class='ocr_carea' id='block_1_66' title="bbox 496 3401 2067 3470">
    <p class='ocr_par' dir='ltr' id='par_1_66' title="bbox 496 3401 2067 3470">
     <span class='ocr_line' id='line_1_66' title="bbox 496 3401 2067 3470; baseline -0.001 -15"><span class='ocrx_word' id='word_1_491' title='bbox 496 3401 569 3455; x_wconf 79' lang='lat' dir='ltr'><strong>At</strong></span> <span class='ocrx_word' id='word_1_492' title='bbox 618 3401 704 3455; x_wconf 92' lang='lat' dir='ltr'><strong>ille</strong></span> <span class='ocrx_word' id='word_1_493' title='bbox 742 3402 1023 3455; x_wconf 89' lang='lat' dir='ltr'><strong>discedens</strong></span> <span class='ocrx_word' id='word_1_494' title='bbox 1057 3419 1071 3454; x_wconf 91' lang='lat'>:</span> <span class='ocrx_word' id='word_1_495' title='bbox 1110 3402 1186 3455; x_wconf 85' lang='lat' dir='ltr'><strong>Ita</strong></span> <span class='ocrx_word' id='word_1_496' title='bbox 1238 3403 1519 3470; x_wconf 85' lang='lat' dir='ltr'><strong>putabam,</strong></span> <span class='ocrx_word' id='word_1_497' title='bbox 1567 3402 1764 3470; x_wconf 86' lang='lat' dir='ltr'><strong>inquit,</strong></span> <span class='ocrx_word' id='word_1_498' title='bbox 1796 3402 1942 3453; x_wconf 90' lang='lat' dir='ltr'><strong>hunc</strong></span> <span class='ocrx_word' id='word_1_499' title='bbox 1971 3414 2067 3468; x_wconf 89' lang='lat' dir='ltr'><strong>pe-</strong></span> 
     </span>
    </p>
   </div>
   <div class='ocr_carea' id='block_1_67' title="bbox 499 3489 2067 3562">
    <p class='ocr_par' dir='ltr' id='par_1_67' title="bbox 499 3489 2067 3562">
     <span class='ocr_line' id='line_1_67' title="bbox 499 3489 2067 3562; baseline 0 -18"><span class='ocrx_word' id='word_1_500' title='bbox 499 3491 648 3544; x_wconf 85' lang='lat' dir='ltr'><strong>nitus</strong></span> <span class='ocrx_word' id='word_1_501' title='bbox 703 3489 837 3543; x_wconf 86' lang='lat' dir='ltr'><strong>nihil</strong></span> <span class='ocrx_word' id='word_1_502' title='bbox 894 3492 1033 3545; x_wconf 92' lang='lat' dir='ltr'><strong>scire</strong></span> <span class='ocrx_word' id='word_1_503' title='bbox 1063 3509 1076 3544; x_wconf 92' lang='lat'><strong>:</strong></span> <span class='ocrx_word' id='word_1_504' title='bbox 1109 3490 1203 3543; x_wconf 91' lang='lat' dir='ltr'><strong>sed</strong></span> <span class='ocrx_word' id='word_1_505' title='bbox 1250 3501 1307 3543; x_wconf 89' lang='lat' dir='ltr'><strong>et</strong></span> <span class='ocrx_word' id='word_1_506' title='bbox 1354 3492 1622 3559; x_wconf 74' lang='lat' dir='ltr'><strong>elinguem</strong></span> <span class='ocrx_word' id='word_1_507' title='bbox 1676 3506 1798 3562; x_wconf 84' lang='lat' dir='ltr'><strong>eum</strong></span> <span class='ocrx_word' id='word_1_508' title='bbox 1839 3490 2067 3544; x_wconf 89' lang='lat' dir='ltr'><strong>reddidi.</strong></span> 
     </span>
    </p>
   </div>
   <div class='ocr_carea' id='block_1_68' title="bbox 500 3575 2071 3647">
    <p class='ocr_par' dir='ltr' id='par_1_68' title="bbox 500 3575 2071 3647">
     <span class='ocr_line' id='line_1_68' title="bbox 500 3575 2071 3647; baseline 0 -17"><span class='ocrx_word' id='word_1_509' title='bbox 500 3575 613 3647; x_wconf 74' lang='lat' dir='ltr'><strong>Ego</strong></span> <span class='ocrx_word' id='word_1_510' title='bbox 642 3592 769 3630; x_wconf 89' lang='lat' dir='ltr'><strong>vero</strong></span> <span class='ocrx_word' id='word_1_511' title='bbox 798 3594 986 3630; x_wconf 89' lang='lat' dir='ltr'><strong>noram</strong></span> <span class='ocrx_word' id='word_1_512' title='bbox 1012 3578 1229 3645; x_wconf 82' lang='lat' dir='ltr'><strong>quidem</strong></span> <span class='ocrx_word' id='word_1_513' title='bbox 1269 3578 1419 3630; x_wconf 90' lang='lat' dir='ltr'><strong>illum</strong></span> <span class='ocrx_word' id='word_1_514' title='bbox 1448 3579 1656 3631; x_wconf 81' lang='lat' dir='ltr'><strong>ratione</strong></span> <span class='ocrx_word' id='word_1_515' title='bbox 1687 3578 1987 3642; x_wconf 74' lang='lat' dir='ltr'><strong>carentem,</strong></span> <span class='ocrx_word' id='word_1_516' title='bbox 2015 3587 2071 3631; x_wconf 87' lang='lat' dir='ltr'><strong>et</strong></span> 
     </span>
    </p>
   </div>
   <div class='ocr_carea' id='block_1_69' title="bbox 499 3666 2071 3737">
    <p class='ocr_par' dir='ltr' id='par_1_69' title="bbox 499 3666 2071 3737">
     <span class='ocr_line' id='line_1_69' title="bbox 499 3666 2071 3737; baseline 0.001 -18"><span class='ocrx_word' id='word_1_517' title='bbox 499 3683 663 3737; x_wconf 84' lang='lat' dir='ltr'><strong>quam</strong></span> <span class='ocrx_word' id='word_1_518' title='bbox 710 3669 943 3720; x_wconf 81' lang='lat' dir='ltr'><strong>maxime</strong></span> <span class='ocrx_word' id='word_1_519' title='bbox 994 3669 1206 3721; x_wconf 75' lang='lat' dir='ltr'><strong>fatuum</strong></span> <span class='ocrx_word' id='word_1_520' title='bbox 1248 3684 1371 3722; x_wconf 85' lang='lat' dir='ltr'><strong>cum</strong></span> <span class='ocrx_word' id='word_1_521' title='bbox 1413 3669 1709 3736; x_wconf 84' lang='lat' dir='ltr'><strong>impietate.</strong></span> <span class='ocrx_word' id='word_1_522' title='bbox 1747 3666 1926 3722; x_wconf 90' lang='lat' dir='ltr'><strong>Unum</strong></span> <span class='ocrx_word' id='word_1_523' title='bbox 1971 3684 2071 3722; x_wconf 85' lang='lat' dir='ltr'><strong>au-</strong></span> 
     </span>
    </p>
   </div>
   <div class='ocr_carea' id='block_1_70' title="bbox 500 3758 2076 3829">
    <p class='ocr_par' dir='ltr' id='par_1_70' title="bbox 500 3758 2076 3829">
     <span class='ocr_line' id='line_1_70' title="bbox 500 3758 2076 3829; baseline 0 -16"><span class='ocrx_word' id='word_1_524' title='bbox 500 3769 607 3814; x_wconf 88' lang='lat' dir='ltr'><strong>tem</strong></span> <span class='ocrx_word' id='word_1_525' title='bbox 640 3759 884 3829; x_wconf 78' lang='lat' dir='ltr'><strong>quaesivi,</strong></span> <span class='ocrx_word' id='word_1_526' title='bbox 916 3770 973 3812; x_wconf 90' lang='lat' dir='ltr'><strong>ut</strong></span> <span class='ocrx_word' id='word_1_527' title='bbox 1003 3758 1280 3812; x_wconf 76' lang='lat' dir='ltr'><strong>fictionem</strong></span> <span class='ocrx_word' id='word_1_528' title='bbox 1308 3760 1659 3827; x_wconf 88' lang='lat' dir='ltr'><strong>deponerem,</strong></span> <span class='ocrx_word' id='word_1_529' title='bbox 1683 3769 1733 3813; x_wconf 93' lang='lat' dir='ltr'><strong>et</strong></span> <span class='ocrx_word' id='word_1_530' title='bbox 1762 3760 1921 3812; x_wconf 87' lang='lat' dir='ltr'><strong>aliam</strong></span> <span class='ocrx_word' id='word_1_531' title='bbox 1957 3774 2076 3829; x_wconf 87' lang='lat' dir='ltr'><strong>per-</strong></span> 
     </span>
    </p>
   </div>
   <div class='ocr_carea' id='block_1_71' title="bbox 497 3850 2074 3921">
    <p class='ocr_par' dir='ltr' id='par_1_71' title="bbox 497 3850 2074 3921">
     <span class='ocr_line' id='line_1_71' title="bbox 497 3850 2074 3921; baseline -0.002 -16"><span class='ocrx_word' id='word_1_532' title='bbox 497 3866 689 3905; x_wconf 87' lang='lat' dir='ltr'><strong>sonam</strong></span> <span class='ocrx_word' id='word_1_533' title='bbox 721 3866 958 3921; x_wconf 78' lang='lat' dir='ltr'><strong>agerem,</strong></span> <span class='ocrx_word' id='word_1_534' title='bbox 988 3852 1198 3920; x_wconf 88' lang='lat' dir='ltr'><strong>qualem</strong></span> <span class='ocrx_word' id='word_1_535' title='bbox 1230 3851 1383 3905; x_wconf 86' lang='lat' dir='ltr'><strong>decet</strong></span> <span class='ocrx_word' id='word_1_536' title='bbox 1431 3852 1695 3904; x_wconf 84' lang='lat' dir='ltr'><strong>adversus</strong></span> <span class='ocrx_word' id='word_1_537' title='bbox 1745 3850 1936 3904; x_wconf 89' lang='lat' dir='ltr'><strong>ducem</strong></span> <span class='ocrx_word' id='word_1_538' title='bbox 1970 3851 2074 3903; x_wconf 86' lang='lat' dir='ltr'><strong>im-</strong></span> 
     </span>
    </p>
   </div>
   <div class='ocr_carea' id='block_1_72' title="bbox 496 3942 2075 4011">
    <p class='ocr_par' dir='ltr' id='par_1_72' title="bbox 496 3942 2075 4011">
     <span class='ocr_line' id='line_1_72' title="bbox 496 3942 2075 4011; baseline -0.001 -16"><span class='ocrx_word' id='word_1_539' title='bbox 496 3944 715 4011; x_wconf 82' lang='lat' dir='ltr'><strong>pietatis</strong></span> <span class='ocrx_word' id='word_1_540' title='bbox 747 3960 760 3995; x_wconf 91' lang='lat'><strong>:</strong></span> <span class='ocrx_word' id='word_1_541' title='bbox 795 3943 920 4011; x_wconf 89' lang='lat' dir='ltr'><strong>quia</strong></span> <span class='ocrx_word' id='word_1_542' title='bbox 954 3942 1107 3996; x_wconf 81' lang='lat' dir='ltr'><strong>nefas</strong></span> <span class='ocrx_word' id='word_1_543' title='bbox 1137 3952 1221 3996; x_wconf 82' lang='lat' dir='ltr'><strong>est</strong></span> <span class='ocrx_word' id='word_1_544' title='bbox 1250 3952 1375 3996; x_wconf 89' lang='lat' dir='ltr'><strong>ante</strong></span> <span class='ocrx_word' id='word_1_545' title='bbox 1425 3957 1625 4010; x_wconf 86' lang='lat' dir='ltr'><strong>porcos</strong></span> <span class='ocrx_word' id='word_1_546' title='bbox 1682 3947 1895 3995; x_wconf 86' lang='lat' dir='ltr'><strong>mittere</strong></span> <span class='ocrx_word' id='word_1_547' title='bbox 1930 3957 2075 3994; x_wconf 79' lang='lat' dir='ltr'><strong>mar-</strong></span> 
     </span>
    </p>
   </div>
   <div class='ocr_carea' id='block_1_73' title="bbox 497 4033 2075 4103">
    <p class='ocr_par' dir='ltr' id='par_1_73' title="bbox 497 4033 2075 4103">
     <span class='ocr_line' id='line_1_73' title="bbox 497 4033 2075 4103; baseline -0.001 -16"><span class='ocrx_word' id='word_1_548' title='bbox 497 4035 698 4103; x_wconf 77' lang='lat' dir='ltr'><strong>garitas</strong></span> <span class='ocrx_word' id='word_1_549' title='bbox 732 4034 799 4085; x_wconf 86' lang='grc'><strong>⁷³.</strong></span> <span class='ocrx_word' id='word_1_550' title='bbox 840 4033 975 4086; x_wconf 83' lang='lat' dir='ltr'><strong>Hinc</strong></span> <span class='ocrx_word' id='word_1_551' title='bbox 1024 4049 1214 4102; x_wconf 85' lang='lat' dir='ltr'><strong>magna</strong></span> <span class='ocrx_word' id='word_1_552' title='bbox 1268 4035 1531 4087; x_wconf 71' lang='lat' dir='ltr'><strong>custodia:</strong></span> <span class='ocrx_word' id='word_1_553' title='bbox 1578 4049 1732 4096; x_wconf 88' lang='lat' dir='ltr'><strong>cura,</strong></span> <span class='ocrx_word' id='word_1_554' title='bbox 1763 4042 1815 4085; x_wconf 86' lang='lat' dir='ltr'><strong>et</strong></span> <span class='ocrx_word' id='word_1_555' title='bbox 1850 4033 2075 4085; x_wconf 88' lang='lat' dir='ltr'><strong>interdi-</strong></span> 
     </span>
    </p>
   </div>
   <div class='ocr_carea' id='block_1_74' title="bbox 497 4123 2078 4178">
    <p class='ocr_par' dir='ltr' id='par_1_74' title="bbox 497 4123 2078 4178">
     <span class='ocr_line' id='line_1_74' title="bbox 497 4123 2078 4178; baseline -0.001 -1"><span class='ocrx_word' id='word_1_556' title='bbox 497 4134 642 4177; x_wconf 89' lang='lat' dir='ltr'><strong>ctum</strong></span> <span class='ocrx_word' id='word_1_557' title='bbox 684 4140 751 4178; x_wconf 87' lang='lat' dir='ltr'><strong>ne</strong></span> <span class='ocrx_word' id='word_1_558' title='bbox 798 4124 1067 4176; x_wconf 89' lang='lat' dir='ltr'><strong>hominem</strong></span> <span class='ocrx_word' id='word_1_559' title='bbox 1106 4124 1273 4176; x_wconf 89' lang='lat' dir='ltr'><strong>ullum</strong></span> <span class='ocrx_word' id='word_1_560' title='bbox 1308 4124 1591 4177; x_wconf 77' lang='lat' dir='ltr'><strong>videmnus</strong></span> <span class='ocrx_word' id='word_1_561' title='bbox 1624 4142 1636 4177; x_wconf 93' lang='lat'><strong>:</strong></span> <span class='ocrx_word' id='word_1_562' title='bbox 1672 4124 1888 4177; x_wconf 89' lang='lat' dir='ltr'><strong>tametsi</strong></span> <span class='ocrx_word' id='word_1_563' title='bbox 1922 4123 2078 4176; x_wconf 91' lang='lat' dir='ltr'><strong>aliter</strong></span> 
     </span>
    </p>
   </div>
   <div class='ocr_carea' id='block_1_75' title="bbox 497 4212 2077 4285">
    <p class='ocr_par' dir='ltr' id='par_1_75' title="bbox 497 4212 2077 4285">
     <span class='ocr_line' id='line_1_75' title="bbox 497 4212 2077 4285; baseline -0.001 -17"><span class='ocrx_word' id='word_1_564' title='bbox 497 4216 771 4283; x_wconf 87' lang='lat' dir='ltr'><strong>dispenset</strong></span> <span class='ocrx_word' id='word_1_565' title='bbox 814 4213 974 4267; x_wconf 90' lang='lat' dir='ltr'><strong>Deus.</strong></span> <span class='ocrx_word' id='word_1_566' title='bbox 1035 4212 1157 4267; x_wconf 73' lang='lat' dir='ltr'><strong>llrec</strong></span> <span class='ocrx_word' id='word_1_567' title='bbox 1202 4215 1325 4269; x_wconf 85' lang='lat' dir='ltr'><strong>licet</strong></span> <span class='ocrx_word' id='word_1_568' title='bbox 1368 4231 1458 4283; x_wconf 89' lang='lat' dir='ltr'><strong>per</strong></span> <span class='ocrx_word' id='word_1_569' title='bbox 1520 4215 1945 4285; x_wconf 79' lang='lat' dir='ltr'><strong>digressionem,</strong></span> <span class='ocrx_word' id='word_1_570' title='bbox 1982 4230 2077 4267; x_wconf 90' lang='lat' dir='ltr'><strong>ne-</strong></span> 
     </span>
    </p>
   </div>
   <div class='ocr_carea' id='block_1_76' title="bbox 2188 3303 3766 3375">
    <p class='ocr_par' dir='ltr' id='par_1_76' title="bbox 2188 3303 3766 3375">
     <span class='ocr_line' id='line_1_76' title="bbox 2188 3303 3766 3375; baseline 0.001 -19"><span class='ocrx_word' id='word_1_571' title='bbox 2188 3303 2437 3356; x_wconf 83' lang='grc' dir='ltr'>Ἐδόκουν</span> <span class='ocrx_word' id='word_1_572' title='bbox 2464 3306 2547 3357; x_wconf 82' lang='grc' dir='ltr'>ὅτι</span> <span class='ocrx_word' id='word_1_573' title='bbox 2578 3305 2698 3375; x_wconf 74' lang='grc' dir='ltr'>ᾔδει</span> <span class='ocrx_word' id='word_1_574' title='bbox 2729 3322 2783 3357; x_wconf 86' lang='grc' dir='ltr'><strong>τι</strong></span> <span class='ocrx_word' id='word_1_575' title='bbox 2812 3305 2921 3358; x_wconf 73' lang='grc' dir='ltr'>οὐδ’</span> <span class='ocrx_word' id='word_1_576' title='bbox 2952 3306 3121 3369; x_wconf 73' lang='grc' dir='ltr'>ὅλωςο</span> <span class='ocrx_word' id='word_1_577' title='bbox 3152 3304 3289 3358; x_wconf 83' lang='grc' dir='ltr'>ἀλλὰ</span> <span class='ocrx_word' id='word_1_578' title='bbox 3316 3306 3409 3357; x_wconf 74' lang='grc' dir='ltr'>καὶ</span> <span class='ocrx_word' id='word_1_579' title='bbox 3441 3304 3766 3373; x_wconf 81' lang='grc' dir='ltr'>ἀπεστομά-</span> 
     </span>
    </p>
   </div>
   <div class='ocr_carea' id='block_1_77' title="bbox 2176 3396 3765 3467">
    <p class='ocr_par' dir='ltr' id='par_1_77' title="bbox 2176 3396 3765 3467">
     <span class='ocr_line' id='line_1_77' title="bbox 2176 3396 3765 3467; baseline 0 -19"><span class='ocrx_word' id='word_1_580' title='bbox 2176 3413 2303 3449; x_wconf 89' lang='grc' dir='ltr'>τισα</span> <span class='ocrx_word' id='word_1_581' title='bbox 2352 3396 2536 3451; x_wconf 82' lang='grc' dir='ltr'>αὐτόν.</span> <span class='ocrx_word' id='word_1_582' title='bbox 2588 3397 2729 3464; x_wconf 87' lang='grc' dir='ltr'><strong>Ἐγὼ</strong></span> <span class='ocrx_word' id='word_1_583' title='bbox 2778 3398 2836 3451; x_wconf 82' lang='grc' dir='ltr'>δὲ</span> <span class='ocrx_word' id='word_1_584' title='bbox 2882 3397 3054 3466; x_wconf 80' lang='grc' dir='ltr'>ἔγνων</span> <span class='ocrx_word' id='word_1_585' title='bbox 3107 3396 3207 3467; x_wconf 85' lang='grc' dir='ltr'>μὲν</span> <span class='ocrx_word' id='word_1_586' title='bbox 3251 3398 3410 3450; x_wconf 81' lang='grc' dir='ltr'>αὐτὸν</span> <span class='ocrx_word' id='word_1_587' title='bbox 3444 3397 3639 3463; x_wconf 84' lang='grc' dir='ltr'>ἄλογον</span> <span class='ocrx_word' id='word_1_588' title='bbox 3680 3398 3765 3449; x_wconf 86' lang='grc' dir='ltr'>ὅτι</span> 
     </span>
    </p>
   </div>
   <div class='ocr_carea' id='block_1_78' title="bbox 2181 3486 3765 3570">
    <p class='ocr_par' dir='ltr' id='par_1_78' title="bbox 2181 3486 3765 3570">
     <span class='ocr_line' id='line_1_78' title="bbox 2181 3486 3765 3570; baseline -0.001 -30"><span class='ocrx_word' id='word_1_589' title='bbox 2181 3486 2415 3557; x_wconf 84' lang='grc' dir='ltr'>μάλιστα</span> <span class='ocrx_word' id='word_1_590' title='bbox 2451 3489 2546 3540; x_wconf 75' lang='grc' dir='ltr'>σὺν</span> <span class='ocrx_word' id='word_1_591' title='bbox 2579 3487 2936 3558; x_wconf 71' lang='grc' dir='ltr'>ἀσεϐείᾳ.⁸Εν</span> <span class='ocrx_word' id='word_1_592' title='bbox 2960 3489 3017 3541; x_wconf 82' lang='grc' dir='ltr'>δὲ</span> <span class='ocrx_word' id='word_1_593' title='bbox 3052 3487 3312 3556; x_wconf 71' lang='grc' dir='ltr'>ἐζήτησα,</span> <span class='ocrx_word' id='word_1_594' title='bbox 3345 3489 3442 3570; x_wconf 69' lang='grc' dir='ltr'>τὴν</span> <span class='ocrx_word' id='word_1_595' title='bbox 3470 3488 3765 3556; x_wconf 78' lang='grc' dir='ltr'>ὑπόκρισιν</span> 
     </span>
    </p>
   </div>
   <div class='ocr_carea' id='block_1_79' title="bbox 2171 3578 3767 3650">
    <p class='ocr_par' dir='ltr' id='par_1_79' title="bbox 2171 3578 3767 3650">
     <span class='ocr_line' id='line_1_79' title="bbox 2171 3578 3767 3650; baseline -0.001 -19"><span class='ocrx_word' id='word_1_596' title='bbox 2171 3578 2474 3632; x_wconf 82' lang='grc' dir='ltr'>ἀποθέσθαι</span> <span class='ocrx_word' id='word_1_597' title='bbox 2504 3596 2593 3650; x_wconf 84' lang='grc' dir='ltr'><strong>με,</strong></span> <span class='ocrx_word' id='word_1_598' title='bbox 2624 3582 2713 3633; x_wconf 79' lang='grc' dir='ltr'>καὶ</span> <span class='ocrx_word' id='word_1_599' title='bbox 2745 3581 2875 3635; x_wconf 81' lang='grc' dir='ltr'>ἄλλο</span> <span class='ocrx_word' id='word_1_600' title='bbox 2907 3582 3199 3650; x_wconf 87' lang='grc' dir='ltr'>πρόσωπον</span> <span class='ocrx_word' id='word_1_601' title='bbox 3242 3580 3535 3641; x_wconf 76' lang='grc' dir='ltr'>ἑπιδεῖξαι’</span> <span class='ocrx_word' id='word_1_602' title='bbox 3568 3578 3644 3640; x_wconf 83' lang='grc' dir='ltr'>ὡς</span> <span class='ocrx_word' id='word_1_603' title='bbox 3683 3579 3767 3631; x_wconf 85' lang='grc' dir='ltr'><strong>δεῖ</strong></span> 
     </span>
    </p>
   </div>
   <div class='ocr_carea' id='block_1_80' title="bbox 2172 3668 3766 3741">
    <p class='ocr_par' dir='ltr' id='par_1_80' title="bbox 2172 3668 3766 3741">
     <span class='ocr_line' id='line_1_80' title="bbox 2172 3668 3766 3741; baseline -0.002 -20"><span class='ocrx_word' id='word_1_604' title='bbox 2172 3668 2310 3739; x_wconf 79' lang='grc' dir='ltr'>πρὸς</span> <span class='ocrx_word' id='word_1_605' title='bbox 2341 3669 2691 3741; x_wconf 84' lang='grc' dir='ltr'>ἀσεϐἀρχην·</span> <span class='ocrx_word' id='word_1_606' title='bbox 2743 3672 2867 3723; x_wconf 76' lang='grc' dir='ltr'>ἐπεὶ</span> <span class='ocrx_word' id='word_1_607' title='bbox 2914 3671 2973 3724; x_wconf 85' lang='grc' dir='ltr'>οὐ</span> <span class='ocrx_word' id='word_1_608' title='bbox 3010 3669 3233 3740; x_wconf 82' lang='grc' dir='ltr'>θεμιτὸν</span> <span class='ocrx_word' id='word_1_609' title='bbox 3274 3672 3353 3732; x_wconf 83' lang='grc' dir='ltr'>εἰς</span> <span class='ocrx_word' id='word_1_610' title='bbox 3403 3668 3503 3731; x_wconf 80' lang='grc' dir='ltr'>ὕας</span> <span class='ocrx_word' id='word_1_611' title='bbox 3544 3668 3766 3738; x_wconf 73' lang='grc' dir='ltr'>βάλλειν</span> 
     </span>
    </p>
   </div>
   <div class='ocr_carea' id='block_1_81' title="bbox 2170 3760 3767 3830">
    <p class='ocr_par' dir='ltr' id='par_1_81' title="bbox 2170 3760 3767 3830">
     <span class='ocr_line' id='line_1_81' title="bbox 2170 3760 3767 3830; baseline -0.001 -18"><span class='ocrx_word' id='word_1_612' title='bbox 2170 3761 2298 3822; x_wconf 78' lang='grc' dir='ltr'>τοὺς</span> <span class='ocrx_word' id='word_1_613' title='bbox 2327 3762 2698 3830; x_wconf 86' lang='grc' dir='ltr'>μαργαρίτας.</span> <span class='ocrx_word' id='word_1_614' title='bbox 2741 3760 3021 3815; x_wconf 83' lang='grc' dir='ltr'>Ἐντεῦθεν</span> <span class='ocrx_word' id='word_1_615' title='bbox 3049 3762 3082 3830; x_wconf 85' lang='grc' dir='ltr'>ἠ</span> <span class='ocrx_word' id='word_1_616' title='bbox 3126 3760 3299 3830; x_wconf 83' lang='grc' dir='ltr'>πολλὴ</span> <span class='ocrx_word' id='word_1_617' title='bbox 3326 3761 3624 3828; x_wconf 77' lang='grc' dir='ltr'>ἀσφάλεια,</span> <span class='ocrx_word' id='word_1_618' title='bbox 3668 3760 3767 3812; x_wconf 71' lang='grc' dir='ltr'>καὶ</span> 
     </span>
    </p>
   </div>
   <div class='ocr_carea' id='block_1_82' title="bbox 2175 3852 3765 3925">
    <p class='ocr_par' dir='ltr' id='par_1_82' title="bbox 2175 3852 3765 3925">
     <span class='ocr_line' id='line_1_82' title="bbox 2175 3852 3765 3925; baseline 0.001 -22"><span class='ocrx_word' id='word_1_619' title='bbox 2175 3852 2523 3920; x_wconf 77' lang='grc' dir='ltr'>παραγγελία</span> <span class='ocrx_word' id='word_1_620' title='bbox 2555 3853 2649 3906; x_wconf 86' lang='grc' dir='ltr'><strong>τοῦ</strong></span> <span class='ocrx_word' id='word_1_621' title='bbox 2684 3854 2760 3925; x_wconf 83' lang='grc' dir='ltr'><strong>μὴ</strong></span> <span class='ocrx_word' id='word_1_622' title='bbox 2787 3855 2915 3907; x_wconf 73' lang='grc' dir='ltr'>[δεῖν</span> <span class='ocrx_word' id='word_1_623' title='bbox 2941 3855 3088 3923; x_wconf 78' lang='grc' dir='ltr'>ἡμᾶς</span> <span class='ocrx_word' id='word_1_624' title='bbox 3118 3854 3423 3925; x_wconf 80' lang='grc' dir='ltr'>ἄνθρωπον,</span> <span class='ocrx_word' id='word_1_625' title='bbox 3456 3853 3561 3905; x_wconf 77' lang='grc' dir='ltr'>κᾶν</span> <span class='ocrx_word' id='word_1_626' title='bbox 3586 3852 3765 3912; x_wconf 83' lang='grc' dir='ltr'>ἄλλως</span> 
     </span>
    </p>
   </div>
   <div class='ocr_carea' id='block_1_83' title="bbox 2180 3946 3761 4018">
    <p class='ocr_par' dir='ltr' id='par_1_83' title="bbox 2180 3946 3761 4018">
     <span class='ocr_line' id='line_1_83' title="bbox 2180 3946 3761 4018; baseline 0.004 -21"><span class='ocrx_word' id='word_1_627' title='bbox 2180 3946 2438 4018; x_wconf 80' lang='grc' dir='ltr'>οἰκονομῇ</span> <span class='ocrx_word' id='word_1_628' title='bbox 2489 3950 2643 4013; x_wconf 77' lang='grc' dir='ltr'>θεός.</span> <span class='ocrx_word' id='word_1_629' title='bbox 2694 3948 2883 4001; x_wconf 85' lang='grc' dir='ltr'>Ταῦτα</span> <span class='ocrx_word' id='word_1_630' title='bbox 2932 3950 2980 4002; x_wconf 81' lang='grc' dir='ltr'><strong>εί</strong></span> <span class='ocrx_word' id='word_1_631' title='bbox 3035 3951 3129 4002; x_wconf 77' lang='grc' dir='ltr'>καὶ</span> <span class='ocrx_word' id='word_1_632' title='bbox 3176 3946 3761 4017; x_wconf 78' lang='grc' dir='ltr'>παρεκόατικώτερον.</span> 
     </span>
    </p>
   </div>
   <div class='ocr_carea' id='block_1_84' title="bbox 2181 4035 3764 4109">
    <p class='ocr_par' dir='ltr' id='par_1_84' title="bbox 2181 4035 3764 4109">
     <span class='ocr_line' id='line_1_84' title="bbox 2181 4035 3764 4109; baseline 0 -23"><span class='ocrx_word' id='word_1_633' title='bbox 2181 4035 2329 4103; x_wconf 86' lang='grc' dir='ltr'>ὅμως</span> <span class='ocrx_word' id='word_1_634' title='bbox 2359 4038 2670 4105; x_wconf 82' lang='grc' dir='ltr'>ἀναγκαίως</span> <span class='ocrx_word' id='word_1_635' title='bbox 2701 4037 2919 4108; x_wconf 75' lang='grc' dir='ltr'>εἴρηται</span> <span class='ocrx_word' id='word_1_636' title='bbox 2938 4053 2951 4069; x_wconf 88' lang='grc'><strong>·</strong></span> <span class='ocrx_word' id='word_1_637' title='bbox 2977 4037 3113 4109; x_wconf 82' lang='grc' dir='ltr'>πρὸς</span> <span class='ocrx_word' id='word_1_638' title='bbox 3146 4038 3208 4090; x_wconf 81' lang='grc' dir='ltr'>τὸ</span> <span class='ocrx_word' id='word_1_639' title='bbox 3241 4037 3461 4107; x_wconf 81' lang='grc' dir='ltr'>θερμῶς</span> <span class='ocrx_word' id='word_1_640' title='bbox 3490 4036 3764 4089; x_wconf 83' lang='grc' dir='ltr'>αἰτεῖσθαί</span> 
     </span>
    </p>
   </div>
   <div class='ocr_carea' id='block_1_85' title="bbox 2184 4126 3765 4199">
    <p class='ocr_par' dir='ltr' id='par_1_85' title="bbox 2184 4126 3765 4199">
     <span class='ocr_line' id='line_1_85' title="bbox 2184 4126 3765 4199; baseline 0.002 -23"><span class='ocrx_word' id='word_1_641' title='bbox 2184 4141 2244 4177; x_wconf 89' lang='grc' dir='ltr'><strong>σε</strong></span> <span class='ocrx_word' id='word_1_642' title='bbox 2272 4126 2535 4196; x_wconf 79' lang='grc' dir='ltr'>ῥυσοῆναι</span> <span class='ocrx_word' id='word_1_643' title='bbox 2567 4130 2715 4197; x_wconf 74' lang='grc' dir='ltr'>ἡμᾶς</span> <span class='ocrx_word' id='word_1_644' title='bbox 2748 4129 2857 4181; x_wconf 81' lang='grc' dir='ltr'><strong>ἀπὸ</strong></span> <span class='ocrx_word' id='word_1_645' title='bbox 2887 4131 2989 4199; x_wconf 80' lang='grc' dir='ltr'>τῆς</span> <span class='ocrx_word' id='word_1_646' title='bbox 3022 4128 3244 4198; x_wconf 71' lang='grc' dir='ltr'>ἐνέδρας</span> <span class='ocrx_word' id='word_1_647' title='bbox 3268 4128 3363 4181; x_wconf 87' lang='grc' dir='ltr'><strong>τοῦ</strong></span> <span class='ocrx_word' id='word_1_648' title='bbox 3398 4128 3657 4191; x_wconf 77' lang='grc' dir='ltr'>ἀσεϐοῦς.</span> <span class='ocrx_word' id='word_1_649' title='bbox 3704 4128 3765 4179; x_wconf 86' lang='lat'><strong>&#39;0</strong></span> 
     </span>
    </p>
   </div>
   <div class='ocr_carea' id='block_1_86' title="bbox 2184 4216 3073 4289">
    <p class='ocr_par' dir='ltr' id='par_1_86' title="bbox 2184 4216 3073 4289">
     <span class='ocr_line' id='line_1_86' title="bbox 2184 4216 3073 4289; baseline 0.004 -21"><span class='ocrx_word' id='word_1_650' title='bbox 2184 4216 2413 4285; x_wconf 83' lang='grc' dir='ltr'>ἀδελφός</span> <span class='ocrx_word' id='word_1_651' title='bbox 2444 4236 2537 4272; x_wconf 86' lang='grc' dir='ltr'><strong>σου</strong></span> <span class='ocrx_word' id='word_1_652' title='bbox 2562 4224 2964 4289; x_wconf 82' lang='grc' dir='ltr'>προσαγορεύει</span> <span class='ocrx_word' id='word_1_653' title='bbox 2990 4236 3073 4272; x_wconf 85' lang='grc' dir='ltr'><strong>σε.</strong></span> 
     </span>
    </p>
   </div>
   <div class='ocr_carea' id='block_1_87' title="bbox 498 4306 3767 4379">
    <p class='ocr_par' dir='ltr' id='par_1_87' title="bbox 498 4306 3767 4379">
     <span class='ocr_line' id='line_1_87' title="bbox 498 4306 3767 4379; baseline 0.001 -20"><span class='ocrx_word' id='word_1_654' title='bbox 498 4306 739 4360; x_wconf 88' lang='lat' dir='ltr'><strong>cessario</strong></span> <span class='ocrx_word' id='word_1_655' title='bbox 797 4315 978 4359; x_wconf 89' lang='lat' dir='ltr'><strong>tamen</strong></span> <span class='ocrx_word' id='word_1_656' title='bbox 1008 4306 1147 4359; x_wconf 84' lang='lat' dir='ltr'><strong>dicta</strong></span> <span class='ocrx_word' id='word_1_657' title='bbox 1188 4316 1336 4370; x_wconf 90' lang='lat' dir='ltr'><strong>sunt,</strong></span> <span class='ocrx_word' id='word_1_658' title='bbox 1382 4323 1490 4377; x_wconf 88' lang='lat' dir='ltr'><strong>quo</strong></span> <span class='ocrx_word' id='word_1_659' title='bbox 1528 4310 1688 4362; x_wconf 78' lang='lat' dir='ltr'><strong>enixe</strong></span> <span class='ocrx_word' id='word_1_660' title='bbox 1756 4308 2000 4377; x_wconf 86' lang='lat' dir='ltr'><strong>postules</strong></span> <span class='ocrx_word' id='word_1_661' title='bbox 2052 4315 2112 4360; x_wconf 92' lang='lat' dir='ltr'><strong>ut</strong></span> <span class='ocrx_word' id='word_1_662' title='bbox 2153 4308 2223 4361; x_wconf 89' lang='lat' dir='ltr'><strong>ab</strong></span> <span class='ocrx_word' id='word_1_663' title='bbox 2257 4310 2408 4379; x_wconf 87' lang='lat' dir='ltr'><strong>impii</strong></span> <span class='ocrx_word' id='word_1_664' title='bbox 2450 4311 2667 4367; x_wconf 86' lang='lat' dir='ltr'><strong>insidiis</strong></span> <span class='ocrx_word' id='word_1_665' title='bbox 2731 4312 3047 4367; x_wconf 89' lang='lat' dir='ltr'><strong>liberemur.</strong></span> <span class='ocrx_word' id='word_1_666' title='bbox 3082 4308 3270 4365; x_wconf 82' lang='lat' dir='ltr'><strong>Frater</strong></span> <span class='ocrx_word' id='word_1_667' title='bbox 3299 4320 3424 4364; x_wconf 89' lang='lat' dir='ltr'><strong>tuus</strong></span> <span class='ocrx_word' id='word_1_668' title='bbox 3462 4310 3561 4364; x_wconf 87' lang='lat' dir='ltr'><strong>tibi</strong></span> <span class='ocrx_word' id='word_1_669' title='bbox 3616 4310 3767 4364; x_wconf 79' lang='lat' dir='ltr'><strong>salu-</strong></span> 
     </span>
    </p>
   </div>
   <div class='ocr_carea' id='block_1_88' title="bbox 497 4399 787 4457">
    <p class='ocr_par' dir='ltr' id='par_1_88' title="bbox 497 4399 787 4457">
     <span class='ocr_line' id='line_1_88' title="bbox 497 4399 787 4457; baseline -0.014 0"><span class='ocrx_word' id='word_1_670' title='bbox 497 4412 603 4457; x_wconf 88' lang='lat' dir='ltr'><strong>tem</strong></span> <span class='ocrx_word' id='word_1_671' title='bbox 637 4399 787 4453; x_wconf 80' lang='lat' dir='ltr'><strong>dicit.</strong></span> 
     </span>
    </p>
   </div>
   <div class='ocr_carea' id='block_1_89' title="bbox 1065 4508 3157 4574">
    <p class='ocr_par' dir='ltr' id='par_1_89' title="bbox 1065 4508 3157 4574">
     <span class='ocr_line' id='line_1_89' title="bbox 1065 4508 3157 4574; baseline 0 -15"><span class='ocrx_word' id='word_1_672' title='bbox 1065 4510 1164 4559; x_wconf 90' lang='lat' dir='ltr'><strong>Pro</strong></span> <span class='ocrx_word' id='word_1_673' title='bbox 1193 4508 1388 4561; x_wconf 81' lang='lat' dir='ltr'><strong>Christo</strong></span> <span class='ocrx_word' id='word_1_674' title='bbox 1408 4514 1660 4559; x_wconf 86' lang='lat' dir='ltr'><strong>certantes</strong></span> <span class='ocrx_word' id='word_1_675' title='bbox 1683 4510 1916 4573; x_wconf 60' lang='lat' dir='ltr'><strong>pradicat</strong></span> <span class='ocrx_word' id='word_1_676' title='bbox 1947 4514 2300 4572; x_wconf 78' lang='lat' dir='ltr'><strong>conﬁrmatque</strong></span> <span class='ocrx_word' id='word_1_677' title='bbox 2323 4512 2580 4572; x_wconf 86' lang='lat' dir='ltr'><strong>proposito</strong></span> <span class='ocrx_word' id='word_1_678' title='bbox 2612 4518 2881 4571; x_wconf 82' lang='lat' dir='ltr'><strong>martyrum</strong></span> <span class='ocrx_word' id='word_1_679' title='bbox 2907 4510 3157 4574; x_wconf 80' lang='lat' dir='ltr'><strong>exemplo.</strong></span> 
     </span>
    </p>
   </div>
   <div class='ocr_carea' id='block_1_90' title="bbox 566 4694 2073 4771">
    <p class='ocr_par' dir='ltr' id='par_1_90' title="bbox 566 4694 2073 4771">
     <span class='ocr_line' id='line_1_90' title="bbox 566 4694 2073 4771; baseline 0.007 -23"><span class='ocrx_word' id='word_1_680' title='bbox 566 4694 755 4751; x_wconf 75' lang='lat' dir='ltr'><strong>LXIV.</strong></span> <span class='ocrx_word' id='word_1_681' title='bbox 788 4696 1090 4750; x_wconf 78' lang='lat' dir='ltr'><strong>Theodorus</strong></span> <span class='ocrx_word' id='word_1_682' title='bbox 1126 4709 1367 4767; x_wconf 87' lang='lat' dir='ltr'><strong>peccator</strong></span> <span class='ocrx_word' id='word_1_683' title='bbox 1405 4704 1713 4765; x_wconf 79' lang='lat' dir='ltr'><strong>monachus,</strong></span> <span class='ocrx_word' id='word_1_684' title='bbox 1740 4704 2073 4771; x_wconf 74' lang='lat' dir='ltr'><strong>spiritalibus</strong></span> 
     </span>
    </p>
   </div>
   <div class='ocr_carea' id='block_1_91' title="bbox 492 4782 2075 4855">
    <p class='ocr_par' dir='ltr' id='par_1_91' title="bbox 492 4782 2075 4855">
     <span class='ocr_line' id='line_1_91' title="bbox 492 4782 2075 4855; baseline 0.008 -21"><span class='ocrx_word' id='word_1_685' title='bbox 492 4784 618 4835; x_wconf 84' lang='lat' dir='ltr'><strong>meis</strong></span> <span class='ocrx_word' id='word_1_686' title='bbox 640 4782 891 4836; x_wconf 83' lang='lat' dir='ltr'><strong>Putribus</strong></span> <span class='ocrx_word' id='word_1_687' title='bbox 913 4800 973 4836; x_wconf 90' lang='lat' dir='ltr'><strong>ac</strong></span> <span class='ocrx_word' id='word_1_688' title='bbox 990 4786 1249 4852; x_wconf 72' lang='lat' dir='ltr'><strong>fratribus</strong></span> <span class='ocrx_word' id='word_1_689' title='bbox 1265 4788 1355 4854; x_wconf 84' lang='lat' dir='ltr'><strong>qui</strong></span> <span class='ocrx_word' id='word_1_690' title='bbox 1375 4790 1596 4855; x_wconf 77' lang='lat' dir='ltr'><strong>confessi</strong></span> <span class='ocrx_word' id='word_1_691' title='bbox 1613 4802 1753 4855; x_wconf 76' lang='lat' dir='ltr'><strong>siml,</strong></span> <span class='ocrx_word' id='word_1_692' title='bbox 1773 4792 2075 4846; x_wconf 81' lang='lat' dir='ltr'><strong>decertant-</strong></span> 
     </span>
    </p>
   </div>
   <div class='ocr_carea' id='block_1_92' title="bbox 492 4878 2070 4947">
    <p class='ocr_par' dir='ltr' id='par_1_92' title="bbox 492 4878 2070 4947">
     <span class='ocr_line' id='line_1_92' title="bbox 492 4878 2070 4947; baseline 0.01 -21"><span class='ocrx_word' id='word_1_693' title='bbox 492 4892 590 4942; x_wconf 81' lang='lat' dir='ltr'><strong>que</strong></span> <span class='ocrx_word' id='word_1_694' title='bbox 640 4878 693 4928; x_wconf 84' lang='lat' dir='ltr'><strong>in</strong></span> <span class='ocrx_word' id='word_1_695' title='bbox 750 4878 1047 4930; x_wconf 74' lang='lat' dir='ltr'><strong>carceribus</strong></span> <span class='ocrx_word' id='word_1_696' title='bbox 1080 4892 1099 4931; x_wconf 90' lang='lat'><strong><em>:</em></strong></span> <span class='ocrx_word' id='word_1_697' title='bbox 1130 4894 1352 4947; x_wconf 82' lang='lat' dir='ltr'><strong>quorum</strong></span> <span class='ocrx_word' id='word_1_698' title='bbox 1410 4881 1621 4935; x_wconf 81' lang='lat' dir='ltr'><strong>nomina</strong></span> <span class='ocrx_word' id='word_1_699' title='bbox 1673 4888 1888 4939; x_wconf 80' lang='lat' dir='ltr'><strong>suntin</strong></span> <span class='ocrx_word' id='word_1_700' title='bbox 1934 4889 2070 4941; x_wconf 83' lang='lat' dir='ltr'><strong>libro</strong></span> 
     </span>
    </p>
   </div>
   <div class='ocr_carea' id='block_1_93' title="bbox 491 4969 635 5020">
    <p class='ocr_par' dir='ltr' id='par_1_93' title="bbox 491 4969 635 5020">
     <span class='ocr_line' id='line_1_93' title="bbox 491 4969 635 5020; baseline 0.014 -2"><span class='ocrx_word' id='word_1_701' title='bbox 491 4969 635 5020; x_wconf 73' lang='lat' dir='ltr'><strong>rilar&#39;.</strong></span> 
     </span>
    </p>
   </div>
   <div class='ocr_carea' id='block_1_94' title="bbox 567 5098 2060 5169">
    <p class='ocr_par' dir='ltr' id='par_1_94' title="bbox 567 5098 2060 5169">
     <span class='ocr_line' id='line_1_94' title="bbox 567 5098 2060 5169; baseline 0.009 -16"><span class='ocrx_word' id='word_1_702' title='bbox 567 5098 664 5153; x_wconf 87' lang='lat' dir='ltr'><strong>Ubi</strong></span> <span class='ocrx_word' id='word_1_703' title='bbox 709 5101 913 5169; x_wconf 77' lang='lat' dir='ltr'><strong>accepi,</strong></span> <span class='ocrx_word' id='word_1_704' title='bbox 950 5117 982 5153; x_wconf 82' lang='grc' dir='ltr'><strong>ο</strong></span> <span class='ocrx_word' id='word_1_705' title='bbox 1009 5103 1485 5168; x_wconf 80' lang='lat' dir='ltr'><strong>desideratissimi,</strong></span> <span class='ocrx_word' id='word_1_706' title='bbox 1529 5108 1905 5164; x_wconf 83' lang='lat' dir='ltr'><strong>testimonium</strong></span> <span class='ocrx_word' id='word_1_707' title='bbox 1940 5115 2060 5167; x_wconf 78' lang='lat' dir='ltr'><strong>exi-</strong></span> 
     </span>
    </p>
   </div>
   <div class='ocr_carea' id='block_1_95' title="bbox 490 5190 2066 5265">
    <p class='ocr_par' dir='ltr' id='par_1_95' title="bbox 490 5190 2066 5265">
     <span class='ocr_line' id='line_1_95' title="bbox 490 5190 2066 5265; baseline 0.011 -24"><span class='ocrx_word' id='word_1_708' title='bbox 490 5190 611 5241; x_wconf 81' lang='lat' dir='ltr'><strong>mia:</strong></span> <span class='ocrx_word' id='word_1_709' title='bbox 668 5201 861 5243; x_wconf 70' lang='lat' dir='ltr'><strong>vestrae</strong></span> <span class='ocrx_word' id='word_1_710' title='bbox 913 5194 1277 5249; x_wconf 74' lang='lat' dir='ltr'><strong>confessionis</strong></span> <span class='ocrx_word' id='word_1_711' title='bbox 1326 5211 1423 5265; x_wconf 90' lang='lat' dir='ltr'><strong>pro</strong></span> <span class='ocrx_word' id='word_1_712' title='bbox 1479 5197 1744 5265; x_wconf 83' lang='lat' dir='ltr'><strong>Christo;</strong></span> <span class='ocrx_word' id='word_1_713' title='bbox 1782 5202 1837 5252; x_wconf 91' lang='lat' dir='ltr'><strong>in</strong></span> <span class='ocrx_word' id='word_1_714' title='bbox 1874 5201 2066 5258; x_wconf 89' lang='lat' dir='ltr'><strong>laudes</strong></span> 
     </span>
    </p>
   </div>
   <div class='ocr_carea' id='block_1_96' title="bbox 489 5282 2069 5361">
    <p class='ocr_par' dir='ltr' id='par_1_96' title="bbox 489 5282 2069 5361">
     <span class='ocr_line' id='line_1_96' title="bbox 489 5282 2069 5361; baseline 0.009 -28"><span class='ocrx_word' id='word_1_715' title='bbox 489 5282 641 5348; x_wconf 91' lang='lat' dir='ltr'><strong>erupi</strong></span> <span class='ocrx_word' id='word_1_716' title='bbox 678 5298 691 5333; x_wconf 90' lang='lat'><strong>:</strong></span> <span class='ocrx_word' id='word_1_717' title='bbox 733 5282 1028 5350; x_wconf 79' lang='lat' dir='ltr'><strong>gloriﬁcavi</strong></span> <span class='ocrx_word' id='word_1_718' title='bbox 1073 5283 1239 5337; x_wconf 86' lang='lat' dir='ltr'><strong>Deum</strong></span> <span class='ocrx_word' id='word_1_719' title='bbox 1294 5289 1384 5356; x_wconf 87' lang='lat' dir='ltr'><strong>qui</strong></span> <span class='ocrx_word' id='word_1_720' title='bbox 1424 5305 1519 5340; x_wconf 87' lang='lat' dir='ltr'><strong>vos</strong></span> <span class='ocrx_word' id='word_1_721' title='bbox 1549 5305 1609 5341; x_wconf 75' lang='lat' dir='ltr'><strong>es</strong></span> <span class='ocrx_word' id='word_1_722' title='bbox 1646 5292 1931 5361; x_wconf 81' lang='lat' dir='ltr'><strong>peregrina</strong></span> <span class='ocrx_word' id='word_1_723' title='bbox 1982 5310 2069 5347; x_wconf 61' lang='lat' dir='ltr'><strong>re.</strong></span> 
     </span>
    </p>
   </div>
   <div class='ocr_carea' id='block_1_97' title="bbox 490 5376 2066 5452">
    <p class='ocr_par' dir='ltr' id='par_1_97' title="bbox 490 5376 2066 5452">
     <span class='ocr_line' id='line_1_97' title="bbox 490 5376 2066 5452; baseline 0.011 -29"><span class='ocrx_word' id='word_1_724' title='bbox 490 5376 652 5442; x_wconf 79' lang='lat' dir='ltr'><strong>gione</strong></span> <span class='ocrx_word' id='word_1_725' title='bbox 684 5376 736 5427; x_wconf 90' lang='lat' dir='ltr'><strong>in</strong></span> <span class='ocrx_word' id='word_1_726' title='bbox 778 5376 979 5444; x_wconf 82' lang='lat' dir='ltr'><strong>regiam</strong></span> <span class='ocrx_word' id='word_1_727' title='bbox 1035 5376 1310 5431; x_wconf 86' lang='lat' dir='ltr'><strong>civitatem</strong></span> <span class='ocrx_word' id='word_1_728' title='bbox 1350 5382 1585 5445; x_wconf 85' lang='lat' dir='ltr'><strong>vocavit,</strong></span> <span class='ocrx_word' id='word_1_729' title='bbox 1630 5393 1887 5452; x_wconf 83' lang='lat' dir='ltr'><strong>tauquam</strong></span> <span class='ocrx_word' id='word_1_730' title='bbox 1935 5400 2066 5441; x_wconf 83' lang='lat' dir='ltr'><strong>oves</strong></span> 
     </span>
    </p>
   </div>
   <div class='ocr_carea' id='block_1_98' title="bbox 488 5465 2062 5540">
    <p class='ocr_par' dir='ltr' id='par_1_98' title="bbox 488 5465 2062 5540">
     <span class='ocr_line' id='line_1_98' title="bbox 488 5465 2062 5540; baseline 0.01 -24"><span class='ocrx_word' id='word_1_731' title='bbox 488 5465 805 5530; x_wconf 87' lang='lat' dir='ltr'><strong>rationales,</strong></span> <span class='ocrx_word' id='word_1_732' title='bbox 837 5466 904 5519; x_wconf 90' lang='lat' dir='ltr'><strong>ad</strong></span> <span class='ocrx_word' id='word_1_733' title='bbox 938 5467 1375 5537; x_wconf 82' lang='lat' dir='ltr'><strong>profundendum</strong></span> <span class='ocrx_word' id='word_1_734' title='bbox 1408 5473 1726 5540; x_wconf 83' lang='lat' dir='ltr'><strong>sanguinem</strong></span> <span class='ocrx_word' id='word_1_735' title='bbox 1759 5474 1809 5527; x_wconf 92' lang='lat' dir='ltr'><strong>in</strong></span> <span class='ocrx_word' id='word_1_736' title='bbox 1839 5479 2062 5531; x_wconf 87' lang='lat' dir='ltr'><strong>odorem</strong></span> 
     </span>
    </p>
   </div>
   <div class='ocr_carea' id='block_1_99' title="bbox 487 5548 2063 5633">
    <p class='ocr_par' dir='ltr' id='par_1_99' title="bbox 487 5548 2063 5633">
     <span class='ocr_line' id='line_1_99' title="bbox 487 5548 2063 5633; baseline 0.01 -25"><span class='ocrx_word' id='word_1_737' title='bbox 487 5556 770 5610; x_wconf 73' lang='lat' dir='ltr'><strong>enavitatis</strong></span> <span class='ocrx_word' id='word_1_738' title='bbox 813 5556 916 5627; x_wconf 87' lang='lat' dir='ltr'><strong>ipsi</strong></span> <span class='ocrx_word' id='word_1_739' title='bbox 944 5578 958 5613; x_wconf 87' lang='lat'><strong>:</strong></span> <span class='ocrx_word' id='word_1_740' title='bbox 984 5568 1237 5630; x_wconf 85' lang='lat' dir='ltr'><strong>tanquam</strong></span> <span class='ocrx_word' id='word_1_741' title='bbox 1276 5562 1449 5615; x_wconf 82' lang='lat' dir='ltr'><strong>lucem</strong></span> <span class='ocrx_word' id='word_1_742' title='bbox 1477 5579 1666 5617; x_wconf 86' lang='lat' dir='ltr'><strong>eorum</strong></span> <span class='ocrx_word' id='word_1_743' title='bbox 1702 5568 1793 5633; x_wconf 75' lang='lat' dir='ltr'><strong>qui</strong></span> <span class='ocrx_word' id='word_1_744' title='bbox 1832 5548 1882 5621; x_wconf 73' lang='lat' dir='ltr'><strong>in</strong></span> <span class='ocrx_word' id='word_1_745' title='bbox 1913 5579 2063 5623; x_wconf 87' lang='lat' dir='ltr'><strong>tene-</strong></span> 
     </span>
    </p>
   </div>
   <div class='ocr_carea' id='block_1_100' title="bbox 488 5647 2062 5726">
    <p class='ocr_par' dir='ltr' id='par_1_100' title="bbox 488 5647 2062 5726">
     <span class='ocr_line' id='line_1_100' title="bbox 488 5647 2062 5726; baseline 0.012 -25"><span class='ocrx_word' id='word_1_746' title='bbox 488 5647 604 5703; x_wconf 87' lang='lat' dir='ltr'><strong>bris</strong></span> <span class='ocrx_word' id='word_1_747' title='bbox 635 5648 898 5706; x_wconf 90' lang='lat' dir='ltr'><strong>dimicant</strong></span> <span class='ocrx_word' id='word_1_748' title='bbox 928 5653 1193 5710; x_wconf 70' lang='lat' dir='ltr'><strong>hazreticze</strong></span> <span class='ocrx_word' id='word_1_749' title='bbox 1214 5654 1462 5726; x_wconf 79' lang='lat' dir='ltr'><strong>caliginis</strong></span> <span class='ocrx_word' id='word_1_750' title='bbox 1487 5657 1499 5710; x_wconf 73' lang='grc' dir='ltr'><strong>ί</strong></span> <span class='ocrx_word' id='word_1_751' title='bbox 1534 5657 1839 5714; x_wconf 87' lang='lat' dir='ltr'><strong>Incredibili</strong></span> <span class='ocrx_word' id='word_1_752' title='bbox 1869 5662 2062 5719; x_wconf 86' lang='lat' dir='ltr'><strong>deinde</strong></span> 
     </span>
    </p>
   </div>
   <div class='ocr_carea' id='block_1_101' title="bbox 552 5805 1039 5872">
    <p class='ocr_par' dir='ltr' id='par_1_101' title="bbox 552 5805 1039 5872">
     <span class='ocr_line' id='line_1_101' title="bbox 552 5805 1039 5872; baseline 0.004 -11"><span class='ocrx_word' id='word_1_753' title='bbox 552 5806 600 5840; x_wconf 77' lang='lat'><em>&quot;</em></span> <span class='ocrx_word' id='word_1_754' title='bbox 626 5805 815 5864; x_wconf 78' lang='lat' dir='ltr'><strong>Matth.</strong></span> <span class='ocrx_word' id='word_1_755' title='bbox 856 5825 946 5872; x_wconf 68' lang='lat' dir='ltr'><strong>ut.</strong></span> <span class='ocrx_word' id='word_1_756' title='bbox 985 5812 1039 5871; x_wconf 75' lang='grc'>6.</span> 
     </span>
    </p>
   </div>
   <div class='ocr_carea' id='block_1_102' title="bbox 2178 4706 3763 4776">
    <p class='ocr_par' dir='ltr' id='par_1_102' title="bbox 2178 4706 3763 4776">
     <span class='ocr_line' id='line_1_102' title="bbox 2178 4706 3763 4776; baseline -0.002 -16"><span class='ocrx_word' id='word_1_757' title='bbox 2178 4706 2281 4760; x_wconf 90' lang='grc' dir='ltr'>ΞΔ.</span> <span class='ocrx_word' id='word_1_758' title='bbox 2323 4736 2393 4746; x_wconf 92' lang='lat'><strong>——</strong></span> <span class='ocrx_word' id='word_1_759' title='bbox 2450 4706 2749 4776; x_wconf 81' lang='grc' dir='ltr'>Θεόδωρος</span> <span class='ocrx_word' id='word_1_760' title='bbox 2804 4710 2838 4760; x_wconf 84' lang='lat' dir='ltr'><strong>d</strong></span> <span class='ocrx_word' id='word_1_761' title='bbox 2884 4706 3233 4775; x_wconf 74' lang='grc' dir='ltr'>ἁμαρτωλὸς</span> <span class='ocrx_word' id='word_1_762' title='bbox 3266 4709 3583 4775; x_wconf 76' lang='grc' dir='ltr'>μοναχὸς,</span> <span class='ocrx_word' id='word_1_763' title='bbox 3638 4706 3763 4773; x_wconf 85' lang='grc' dir='ltr'>τοῖς</span> 
     </span>
    </p>
   </div>
   <div class='ocr_carea' id='block_1_103' title="bbox 2245 4800 3763 4870">
    <p class='ocr_par' dir='ltr' id='par_1_103' title="bbox 2245 4800 3763 4870">
     <span class='ocr_line' id='line_1_103' title="bbox 2245 4800 3763 4870; baseline 0.001 -18"><span class='ocrx_word' id='word_1_764' title='bbox 2245 4800 2669 4870; x_wconf 77' lang='grc' dir='ltr'>πνευματικοῖς</span> <span class='ocrx_word' id='word_1_765' title='bbox 2699 4818 2813 4868; x_wconf 84' lang='grc' dir='ltr'><strong>μου</strong></span> <span class='ocrx_word' id='word_1_766' title='bbox 2844 4800 3113 4869; x_wconf 83' lang='grc' dir='ltr'>Πατράσι</span> <span class='ocrx_word' id='word_1_767' title='bbox 3147 4801 3246 4853; x_wconf 78' lang='grc' dir='ltr'>καὶ</span> <span class='ocrx_word' id='word_1_768' title='bbox 3279 4800 3595 4868; x_wconf 58' lang='grc' dir='ltr'>ἀδελφοῖς,</span> <span class='ocrx_word' id='word_1_769' title='bbox 3622 4804 3763 4868; x_wconf 69' lang='grc' dir='ltr'>ὁμο-</span> 
     </span>
    </p>
   </div>
   <div class='ocr_carea' id='block_1_104' title="bbox 2242 4886 3761 4962">
    <p class='ocr_par' dir='ltr' id='par_1_104' title="bbox 2242 4886 3761 4962">
     <span class='ocr_line' id='line_1_104' title="bbox 2242 4886 3761 4962; baseline 0.001 -16"><span class='ocrx_word' id='word_1_770' title='bbox 2242 4893 2566 4962; x_wconf 75' lang='grc' dir='ltr'>λογήσασι,</span> <span class='ocrx_word' id='word_1_771' title='bbox 2601 4894 2697 4946; x_wconf 69' lang='grc' dir='ltr'>καὶ</span> <span class='ocrx_word' id='word_1_772' title='bbox 2728 4893 3099 4947; x_wconf 77' lang='grc' dir='ltr'>ἐναθλοῦσιν</span> <span class='ocrx_word' id='word_1_773' title='bbox 3124 4894 3194 4946; x_wconf 75' lang='grc' dir='ltr'><strong>ἐν</strong></span> <span class='ocrx_word' id='word_1_774' title='bbox 3230 4893 3491 4961; x_wconf 70' lang='grc' dir='ltr'>εΙρχταῖς</span> <span class='ocrx_word' id='word_1_775' title='bbox 3514 4911 3528 4923; x_wconf 93' lang='grc'><strong>·</strong></span> <span class='ocrx_word' id='word_1_776' title='bbox 3574 4886 3661 4945; x_wconf 83' lang='grc' dir='ltr'><strong>ὧν</strong></span> <span class='ocrx_word' id='word_1_777' title='bbox 3686 4894 3761 4947; x_wconf 78' lang='grc' dir='ltr'>τὰ</span> 
     </span>
    </p>
   </div>
   <div class='ocr_carea' id='block_1_105' title="bbox 2244 4985 3229 5059">
    <p class='ocr_par' dir='ltr' id='par_1_105' title="bbox 2244 4985 3229 5059">
     <span class='ocr_line' id='line_1_105' title="bbox 2244 4985 3229 5059; baseline 0.004 -24"><span class='ocrx_word' id='word_1_778' title='bbox 2244 4986 2505 5052; x_wconf 80' lang='grc' dir='ltr'>ὀνόματα</span> <span class='ocrx_word' id='word_1_779' title='bbox 2527 4985 2597 5036; x_wconf 81' lang='grc' dir='ltr'><strong>ἐν</strong></span> <span class='ocrx_word' id='word_1_780' title='bbox 2616 4985 2813 5050; x_wconf 70' lang='grc' dir='ltr'>,ϐίϐλῳ</span> <span class='ocrx_word' id='word_1_781' title='bbox 2841 4985 3011 5054; x_wconf 76' lang='grc' dir='ltr'>ζωῆς.</span> <span class='ocrx_word' id='word_1_782' title='bbox 3042 4985 3229 5059; x_wconf 51' lang='lat' dir='ltr'><strong>[vim]</strong></span> 
     </span>
    </p>
   </div>
   <div class='ocr_carea' id='block_1_106' title="bbox 2251 5113 3759 5192">
    <p class='ocr_par' dir='ltr' id='par_1_106' title="bbox 2251 5113 3759 5192">
     <span class='ocr_line' id='line_1_106' title="bbox 2251 5113 3759 5192; baseline 0.005 -24"><span class='ocrx_word' id='word_1_783' title='bbox 2251 5117 2553 5190; x_wconf 83' lang='grc' dir='ltr'>Ἀκηκοὼς,</span> <span class='ocrx_word' id='word_1_784' title='bbox 2589 5113 2633 5171; x_wconf 82' lang='grc' dir='ltr'>ὧ</span> <span class='ocrx_word' id='word_1_785' title='bbox 2662 5119 3003 5190; x_wconf 72' lang='grc' dir='ltr'>τριπόθητοι,</span> <span class='ocrx_word' id='word_1_786' title='bbox 3032 5121 3093 5174; x_wconf 85' lang='grc' dir='ltr'>τὸ</span> <span class='ocrx_word' id='word_1_787' title='bbox 3120 5121 3418 5191; x_wconf 80' lang='grc' dir='ltr'>μαρτύριον</span> <span class='ocrx_word' id='word_1_788' title='bbox 3450 5121 3556 5192; x_wconf 68' lang='grc' dir='ltr'>τῆς</span> <span class='ocrx_word' id='word_1_789' title='bbox 3587 5122 3759 5189; x_wconf 85' lang='grc' dir='ltr'>καλῆς</span> 
     </span>
    </p>
   </div>
   <div class='ocr_carea' id='block_1_107' title="bbox 2166 5206 3757 5283">
    <p class='ocr_par' dir='ltr' id='par_1_107' title="bbox 2166 5206 3757 5283">
     <span class='ocr_line' id='line_1_107' title="bbox 2166 5206 3757 5283; baseline 0.007 -26"><span class='ocrx_word' id='word_1_790' title='bbox 2166 5206 2321 5275; x_wconf 81' lang='grc' dir='ltr'>ὑμῶν</span> <span class='ocrx_word' id='word_1_791' title='bbox 2355 5208 2649 5278; x_wconf 69' lang='grc' dir='ltr'>ὁμολογίας</span> <span class='ocrx_word' id='word_1_792' title='bbox 2697 5212 2837 5281; x_wconf 83' lang='grc' dir='ltr'>ὑπὲρ</span> <span class='ocrx_word' id='word_1_793' title='bbox 2884 5212 3167 5281; x_wconf 85' lang='grc' dir='ltr'>Χριστοῦ,</span> <span class='ocrx_word' id='word_1_794' title='bbox 3220 5212 3479 5283; x_wconf 74' lang='grc' dir='ltr'>ὕμνησαο</span> <span class='ocrx_word' id='word_1_795' title='bbox 3529 5216 3757 5278; x_wconf 78' lang='grc' dir='ltr'>ἐδόξασα</span> 
     </span>
    </p>
   </div>
   <div class='ocr_carea' id='block_1_108' title="bbox 2166 5298 3755 5376">
    <p class='ocr_par' dir='ltr' id='par_1_108' title="bbox 2166 5298 3755 5376">
     <span class='ocr_line' id='line_1_108' title="bbox 2166 5298 3755 5376; baseline 0.006 -27"><span class='ocrx_word' id='word_1_796' title='bbox 2166 5298 2258 5351; x_wconf 85' lang='grc' dir='ltr'>τὸν</span> <span class='ocrx_word' id='word_1_797' title='bbox 2285 5300 2418 5351; x_wconf 74' lang='grc' dir='ltr'>Θεὸν</span> <span class='ocrx_word' id='word_1_798' title='bbox 2464 5303 2554 5353; x_wconf 72' lang='grc' dir='ltr'>τὸν</span> <span class='ocrx_word' id='word_1_799' title='bbox 2584 5303 2893 5356; x_wconf 83' lang='grc' dir='ltr'>καλέσαντα</span> <span class='ocrx_word' id='word_1_800' title='bbox 2918 5305 3064 5372; x_wconf 82' lang='grc' dir='ltr'>ὑμᾶς</span> <span class='ocrx_word' id='word_1_801' title='bbox 3097 5305 3163 5356; x_wconf 82' lang='grc' dir='ltr'>ἐκ</span> <span class='ocrx_word' id='word_1_802' title='bbox 3205 5306 3304 5373; x_wconf 79' lang='grc' dir='ltr'>τῆς</span> <span class='ocrx_word' id='word_1_803' title='bbox 3348 5306 3659 5376; x_wconf 82' lang='grc' dir='ltr'>ἀλλοδαπῆς</span> <span class='ocrx_word' id='word_1_804' title='bbox 3695 5308 3755 5358; x_wconf 78' lang='grc' dir='ltr'>ἐν</span> 
     </span>
    </p>
   </div>
   <div class='ocr_carea' id='block_1_109' title="bbox 2165 5393 3753 5465">
    <p class='ocr_par' dir='ltr' id='par_1_109' title="bbox 2165 5393 3753 5465">
     <span class='ocr_line' id='line_1_109' title="bbox 2165 5393 3753 5465; baseline 0.002 -18"><span class='ocrx_word' id='word_1_805' title='bbox 2165 5397 2231 5464; x_wconf 83' lang='grc' dir='ltr'>τῇ</span> <span class='ocrx_word' id='word_1_806' title='bbox 2265 5393 2498 5462; x_wconf 78' lang='grc' dir='ltr'>βασιλίδι</span> <span class='ocrx_word' id='word_1_807' title='bbox 2525 5395 2637 5447; x_wconf 82' lang='grc' dir='ltr'>τῶν</span> <span class='ocrx_word' id='word_1_808' title='bbox 2662 5396 2895 5459; x_wconf 83' lang='grc' dir='ltr'>πόλεων,</span> <span class='ocrx_word' id='word_1_809' title='bbox 2923 5396 3087 5447; x_wconf 78' lang='grc' dir='ltr'>οἱονεὶ</span> <span class='ocrx_word' id='word_1_810' title='bbox 3111 5398 3282 5465; x_wconf 82' lang='grc' dir='ltr'>ἄρνας</span> <span class='ocrx_word' id='word_1_811' title='bbox 3314 5396 3592 5463; x_wconf 76' lang='grc' dir='ltr'>λογικοὺς,</span> <span class='ocrx_word' id='word_1_812' title='bbox 3611 5393 3753 5465; x_wconf 77' lang='grc' dir='ltr'>αἷμα</span> 
     </span>
    </p>
   </div>
   <div class='ocr_carea' id='block_1_110' title="bbox 2170 5485 3749 5556">
    <p class='ocr_par' dir='ltr' id='par_1_110' title="bbox 2170 5485 3749 5556">
     <span class='ocr_line' id='line_1_110' title="bbox 2170 5485 3749 5556; baseline 0.003 -20"><span class='ocrx_word' id='word_1_813' title='bbox 2170 5485 2405 5536; x_wconf 79' lang='grc' dir='ltr'>κενῶσαι</span> <span class='ocrx_word' id='word_1_814' title='bbox 2434 5486 2514 5546; x_wconf 83' lang='grc' dir='ltr'><strong>είς</strong></span> <span class='ocrx_word' id='word_1_815' title='bbox 2537 5485 2711 5555; x_wconf 77' lang='grc' dir='ltr'>ὀσμὴν</span> <span class='ocrx_word' id='word_1_816' title='bbox 2739 5486 2967 5547; x_wconf 81' lang='grc' dir='ltr'>εὐωδίας</span> <span class='ocrx_word' id='word_1_817' title='bbox 2990 5487 3140 5556; x_wconf 84' lang='grc' dir='ltr'><strong>αὐτῷ</strong></span> <span class='ocrx_word' id='word_1_818' title='bbox 3161 5504 3173 5516; x_wconf 92' lang='grc'><strong>·</strong></span> <span class='ocrx_word' id='word_1_819' title='bbox 3198 5488 3313 5555; x_wconf 68' lang='grc' dir='ltr'>φῶς</span> <span class='ocrx_word' id='word_1_820' title='bbox 3336 5488 3447 5539; x_wconf 82' lang='grc' dir='ltr'>τῶν</span> <span class='ocrx_word' id='word_1_821' title='bbox 3475 5491 3536 5541; x_wconf 84' lang='grc' dir='ltr'>ὲν</span> <span class='ocrx_word' id='word_1_822' title='bbox 3568 5491 3749 5541; x_wconf 77' lang='grc' dir='ltr'>σκότει</span> 
     </span>
    </p>
   </div>
   <div class='ocr_carea' id='block_1_111' title="bbox 2169 5571 3750 5649">
    <p class='ocr_par' dir='ltr' id='par_1_111' title="bbox 2169 5571 3750 5649">
     <span class='ocr_line' id='line_1_111' title="bbox 2169 5571 3750 5649; baseline 0.004 -23"><span class='ocrx_word' id='word_1_823' title='bbox 2169 5576 2269 5643; x_wconf 66' lang='grc' dir='ltr'>τῆς</span> <span class='ocrx_word' id='word_1_824' title='bbox 2298 5577 2587 5645; x_wconf 82' lang='grc' dir='ltr'>αἱρετικῆς</span> <span class='ocrx_word' id='word_1_825' title='bbox 2624 5576 3017 5645; x_wconf 83' lang='grc' dir='ltr'>νυκτομαχίας.</span> <span class='ocrx_word' id='word_1_826' title='bbox 3060 5575 3194 5631; x_wconf 84' lang='grc' dir='ltr'>Εἶτα</span> <span class='ocrx_word' id='word_1_827' title='bbox 3242 5571 3515 5649; x_wconf 66' lang='grc' dir='ltr'>ἐπιθυμίᾳ</span> <span class='ocrx_word' id='word_1_828' title='bbox 3551 5581 3750 5633; x_wconf 76' lang='grc' dir='ltr'><strong>ἐπεθύ-</strong></span> 
     </span>
    </p>
   </div>
   <div class='ocr_carea' id='block_1_112' title="bbox 2171 5669 3747 5745">
    <p class='ocr_par' dir='ltr' id='par_1_112' title="bbox 2171 5669 3747 5745">
     <span class='ocr_line' id='line_1_112' title="bbox 2171 5669 3747 5745; baseline 0.004 -25"><span class='ocrx_word' id='word_1_829' title='bbox 2171 5684 2320 5739; x_wconf 82' lang='grc' dir='ltr'>μησα</span> <span class='ocrx_word' id='word_1_830' title='bbox 2352 5672 2377 5722; x_wconf 79' lang='grc' dir='ltr'>ὁ</span> <span class='ocrx_word' id='word_1_831' title='bbox 2400 5669 2659 5732; x_wconf 82' lang='grc' dir='ltr'>ταπεινὸς</span> <span class='ocrx_word' id='word_1_832' title='bbox 2700 5670 2824 5724; x_wconf 75' lang='grc' dir='ltr'>ἰδεῖν</span> <span class='ocrx_word' id='word_1_833' title='bbox 2854 5672 3002 5742; x_wconf 81' lang='grc' dir='ltr'>ὑμᾶς</span> <span class='ocrx_word' id='word_1_834' title='bbox 3026 5676 3155 5736; x_wconf 76' lang='grc' dir='ltr'>τοὺς</span> <span class='ocrx_word' id='word_1_835' title='bbox 3183 5671 3447 5743; x_wconf 73' lang='grc' dir='ltr'>ἀθλητὰς,</span> <span class='ocrx_word' id='word_1_836' title='bbox 3467 5674 3561 5727; x_wconf 69' lang='grc' dir='ltr'>καὶ</span> <span class='ocrx_word' id='word_1_837' title='bbox 3594 5691 3747 5745; x_wconf 82' lang='grc' dir='ltr'>περι·</span> 
     </span>
    </p>
   </div>
  </div>
