3934 6524
123 449 265 514 1285

1347 457 1891 520 EPISTOLARUM
1933 461 2082 521 LIB.
2124 461 2202 520 II.

3278 461 3416 525 1286

121 558 436 625 πτύξασθαι
464 557 562 614 ἕνα
594 558 717 614 καθ’
769 562 886 628 ἕνα,
925 562 1076 635 πόθῳ
1117 564 1370 638 διαπύρῳ
1398 568 1714 638 ἑλκόμενος.

1826 571 2127 639 cupiditate
2149 568 2333 624 exarsi
2360 584 2460 640 ego
2490 568 2742 631 humilis,
2775 583 2868 624 vos
2901 569 3133 625 athletas
3153 570 3419 637 intuendi,

132 653 281 706 Ἀλλ’
323 653 511 725 ἐπειδὴ
562 653 725 706 τοῦτο
778 658 1110 726 σωματικῶς
1155 659 1450 714 ἀδύνατον·
1495 661 1584 715 διὰ
1621 662 1718 716 τοῦ

119 746 453 818 γράμματος
484 748 777 818 ἁρπαγεὶς,
806 751 902 802 καὶ
933 750 1097 821 μέσος
1123 752 1319 816 ἑστὼς,
1351 754 1447 807 καὶ
1477 755 1721 819 ἀσπάζο-

123 857 226 908 μαι
254 840 322 892 τὰ
349 838 481 908 ἅγια
515 840 670 911 ὑμῶν
697 841 840 912 ἴχνη,
873 845 981 896 καὶ
1014 844 1157 914 φιλῶ
1184 846 1455 916 φλιήματι
1483 847 1624 917 ἁγίῳ
1651 849 1721 901 τὰ

123 933 250 1004 ἱερὰ
290 933 445 1002 ὑμῶν
478 934 772 1004 πρόσωπα.
792 933 863 989 Ὦ
889 938 1046 990 καλοὶ
1078 939 1416 1009 στρατιῶται
1452 938 1716 1009 Χριστοῦ,

118 1026 199 1090 ὠς
238 1027 334 1080 ἀπ’
367 1028 625 1096 οὐρανίου
657 1031 1050 1102 στρατολογίας
1082 1033 1450 1102 κεκλημένοι·
1485 1027 1530 1086 ὦ
1559 1034 1721 1088 ἀστέ-

121 1137 219 1190 ρες
249 1123 459 1189 φαεινοὶ
493 1123 552 1174 ἐν
585 1125 742 1176 νυκτὶ
783 1125 1040 1188 ἀσεϐείας
1075 1126 1465 1195 διαυγάζοντες
1496 1128 1716 1200 ὀρθοδο-

118 1214 278 1279 ξίανί
327 1215 468 1287 ὑπὲρ
507 1216 732 1286 χρυσίον
777 1218 1248 1290 τιμαλφέστεροι,
1302 1220 1445 1290 ὑπὲρ
1499 1221 1717 1292 σμάρα-

115 1309 254 1376 γδον
304 1312 397 1364 καὶ
444 1313 730 1383 μάργαρον
777 1314 1253 1383 ἐκλαμπρότεροιῑ
1298 1314 1519 1377 Πολλοῖς
1572 1315 1715 1385 ὑμᾶς

114 1399 351 1469 ὀνόμασι
375 1403 743 1472 καταστέφειν
775 1404 1074 1472 ἀξιολόγως
1108 1407 1417 1476 ἐφιέμενος,
1455 1407 1515 1458 ού
1540 1423 1718 1476 παρα-

115 1491 407 1563 χωροῦμαι
425 1494 502 1564 τῷ
535 1495 720 1567 μέτρῳ
743 1501 839 1566 τῆς
866 1499 1158 1568 ἐπιστολῆς
1178 1501 1709 1572 στενοχωρούμενος.

132 1585 250 1638 Ἑνὶ
294 1587 352 1640 δὲ
403 1587 548 1658 λόγῳ
597 1588 660 1641 τὸ
706 1590 815 1640 πᾶν
867 1589 1181 1660 περιλαϐὼν
1227 1591 1478 1662 λέγοιμι’
1523 1595 1602 1646 ὅτι
1653 1595 1714 1647 τὸ

118 1680 429 1750 μαρτύριον
474 1682 634 1751 ὑμῶν
677 1682 986 1736 ἰσοστάσιον
1020 1687 1142 1746 τοῖς
1190 1685 1303 1738 ἄνω
1355 1688 1710 1757 μαρτυρίοιςυ

116 1773 358 1844 ἐπείπερ
406 1775 698 1844 τηλαυγῶς
745 1777 982 1848 Χριστὸν
1030 1778 1285 1847 ὁμολογεί
1329 1782 1356 1831 ὁ
1391 1781 1488 1850 τὴν
1528 1783 1713 1834 εἰκόνα

115 1867 367 1937 Χριστοῦ
411 1868 692 1938 ὁμολογῶν
745 1869 1033 1939 δέχεσθαι’
1065 1872 1136 1935 ὡς
1169 1873 1348 1925 καὶτὸ
1397 1877 1495 1944 τῆς
1539 1876 1710 1946 ἀρνή-

119 1977 264 2022 σεως
295 1960 429 2031 ἔχει.
477 1962 543 2014 Ἦ
585 1963 688 2032 γὰρ
718 1965 816 2032 τῆς
855 1964 1228 2035 εἰκόνος,τιμὴ
1270 1967 1364 2019 ἐπὶ
1404 1969 1466 2020 τὸ
1496 1971 1711 2039 πρωτό-

110 2068 288 2104 τυπον
322 2051 631 2117 ἀναϐαίνει,
665 2054 741 2117 ῶς
779 2056 806 2106 ὁ
836 2055 1007 2124 μέγας
1039 2057 1319 2120 Βασίλειος
1345 2058 1447 2129 ἔφη
1471 2077 1484 2089 ·
1520 2063 1613 2114 καὶ
1651 2062 1712 2115 τὸ

109 2144 429 2214 ἀρχέτυπον
461 2147 517 2196 ὲν
560 2148 623 2216 τῇ
662 2147 832 2199 εἰκόνι
872 2148 1214 2217 ἑκφαίνεται,
1273 2151 1348 2214 ὡς
1394 2148 1552 2216 αὖθις
1588 2157 1711 2206 Διο-

110 2237 303 2302 νύσιος
340 2239 366 2290 ὁ
406 2237 684 2306 πάνσοφος
734 2235 878 2294 εἷπε.
917 2242 1025 2293 Καὶ
1057 2243 1181 2295 ἐπεὶ
1229 2244 1464 2313 Χριστὸς
1498 2246 1711 2317 ἄνθρω-

108 2347 217 2391 πος
254 2331 504 2398 τέλειος,
563 2332 732 2403 μηδὲν
781 2333 1116 2398 ἐκλελοιπὼς
1161 2337 1272 2390 τῶν
1301 2339 1357 2390 έν
1403 2339 1713 2410 ἀνθρώποις

111 2423 547 2494 Θεωρουμένων·
570 2425 684 2495 ἔχει
716 2427 774 2477 τὸ
807 2424 1235 2491 ἐξεικονίζεσθαι
1260 2430 1335 2493 ὡς
1357 2433 1464 2492 πᾶς
1496 2431 1713 2504 ἄνθρω-

111 2532 255 2579 πος’
306 2516 498 2586 ῶσπερ
533 2515 646 2587 ἔχει
689 2518 749 2570 τὸ
803 2517 877 2589 μὴ
914 2521 1359 2590 περιγράφεσθαι
1388 2562 1402 2585 ,
1445 2523 1581 2575 καΟὸ
1620 2523 1716 2575 καὶ

111 2607 253 2669 Θεὸς
281 2608 309 2660 ὁ
341 2608 505 2670 αὐτὸς
539 2608 767 2672 τέλειος.
803 2610 864 2661 Ei
912 2610 957 2661 δ’
997 2613 1096 2664 οὐκ
1145 2614 1481 2683 ὲγγράςςοιτο
1523 2632 1714 2683 σωμα-

113 2699 257 2768 τικῷ
298 2700 652 2770 χαρακτῆρι,
690 2701 915 2754 ούτίπου
966 2704 1274 2774 ἄνθρωπος.
1333 2707 1567 2776 Σημεῖόν
1606 2709 1716 2779 γὰρ

111 2794 341 2865 πρῶτον
374 2795 468 2846 καὶ
501 2795 702 2865 ἀληθὲς
753 2798 834 2849 ὅτι
868 2797 1157 2868 ἄνθρωπος
1182 2842 1196 2863 ,
1231 2801 1278 2852 εί
1331 2800 1710 2865 ἐξεικόνισται.

108 2889 228 2941 Καὶ
257 2887 410 2940 οὔπω
437 2888 570 2958 περὶ
602 2891 703 2958 τῆς
736 2888 1026 2961 δεσποίνης
1064 2893 1160 2945 τοῦ
1194 2895 1394 2957 παντὸς
1423 2895 1715 2963 Θεοτόκου,

108 2983 210 3034 καὶ
238 2980 378 3033 ὅλων
415 2979 716 3052 συλλήϐδην
750 2982 859 3035 τῶν
898 2962 1071 3052 ἁγίων
1092 3001 1104 3013 ·
1138 2979 1213 3039 ὧν
1244 2988 1567 3059 stigmam]
1609 2989 1716 3044 τῶν

111 3072 339 3125 σεπτῶν
374 3073 557 3125 αὐτῶν
590 3075 820 3127 εἰκόνων
867 3077 1171 3146 ἀναίρεσις.
1232 3080 1376 3132 Ἀλλ’
1428 3082 1455 3132 ὁ
1515 3080 1716 3133 συνιὼν

112 3166 296 3218 συνιεῖ
320 3181 334 3196 ·
374 3165 468 3217 καὶ
502 3166 530 3216 ὁ
557 3166 768 3220 ἀθετῶν
818 3169 1004 3221 ἀοετεί
1033 3171 1297 3241 ὀλεθρίως
1319 3187 1334 3202 ⁸
1367 3177 1480 3236 τοῖς
1516 3174 1718 3240 λογίοις
1744 3207 1786 3263 C

109 3260 649 3330 ἀντιφθεγγόμενος.
685 3263 793 3316 Καὶ
830 3266 861 3333 ἡ
895 3263 1114 3327 ἐξουσία
1140 3267 1243 3336 δρᾷ
1264 3268 1349 3319 ἀεὶ
1374 3267 1714 3331 ἐξουσιαστι-

110 3355 269 3418 κῶς·
308 3356 402 3408 καὶ
447 3356 498 3407 οί
552 3354 649 3409 τοῦ
697 3355 832 3409 Θεοῦ
876 3356 1072 3425 ὀλίγοι,
1112 3359 1162 3410 εί
1208 3359 1302 3411 καὶ
1343 3359 1546 3421 πάντες
1578 3360 1717 3411 πλά-

112 3462 342 3516 σματαο
379 3447 474 3498 καὶ
500 3447 658 3510 τέλος
691 3451 758 3520 τῇ
793 3449 1073 3521 Οεοκλήτῳ
1099 3451 1277 3520 πέτρᾳ
1301 3451 1509 3503 ἄνωθεν
1536 3452 1628 3503 καὶ
1656 3450 1715 3515 ἐξ

107 3539 297 3609 ἀρχῆς
349 3538 518 3592 πύλαι
567 3538 694 3611 ᾅδου
741 3543 1226 3612 προσρήγνυνται·
1289 3541 1406 3596 ἀλλ’
1463 3542 1715 3614 οὐδαμῶς

110 3632 489 3700 κατίσχυσαν,
523 3631 631 3684 οὐδ’
661 3631 729 3685 ἂν
764 3634 1175 3702 κατισχύσωσιν
1214 3634 1382 3704 αὐτῆς
1405 3651 1418 3663 ·
1449 3635 1525 3696 ὡς
1554 3638 1587 3706 ἡ
1619 3635 1714 3688 τοῦ

109 3723 393 3793 ἀψευδοῦς
426 3724 745 3796 ὑπόσχεσις.
777 3726 887 3790 Διὸ,
919 3727 1164 3795 Ιιατέρες
1197 3744 1299 3797 μου
1334 3728 1429 3780 καὶ
1473 3729 1714 3796 ἀδελφοὶ,

108 3815 380 3883 στήκετε
411 3817 482 3870 ἐν
515 3816 589 3886 τῇ
639 3820 876 3883 πίστει,
912 3819 1283 3887 ἀνδρίζεσθε,
1324 3822 1718 3888 κραταιοῦσθε

109 3910 188 3962 ὲν
238 3910 460 3976 Κυρίῳ.
502 3911 568 3965 Oi
615 3912 769 3982 χοροὶ
811 3911 921 3964 τῶν
958 3912 1252 3982 μαρτύρων
1307 3915 1443 3985 πρὸς
1491 3916 1719 3979 ἑαυτοὺς

113 4001 269 4072 ὑμᾶς
297 4001 661 4068 ὲγκαλοῦνται
681 4018 694 4032 ⁸
714 4001 826 4055 τῶν
856 4003 1206 4073 ὁμολογητῶν
1234 4004 1720 4067 ὡσαύτως.Ίάῦτα

112 4093 196 4158 ὡς
224 4095 286 4148 ἓν
317 4093 546 4164 ὀλίγοις.
606 4097 976 4159 Συνὰπτοντες
1011 4098 1138 4161 ὑμῖν
1171 4098 1402 4160 ἑαυτοὺς
1446 4099 1495 4150 οἱ
1540 4099 1722 4166 ἐλάχι-

115 4201 265 4254 στοι,
312 4188 408 4240 καὶ
438 4188 692 4251 ἀπόντες,
722 4187 800 4257 τῷ
839 4188 1152 4256 πνεύματι·
1189 4188 1264 4251 ὡς
1295 4188 1360 4242 ἂν
1383 4188 1603 4257 γνοίητε
1640 4190 1723 4240 ὅτι

119 4285 280 4354 ἔχετε
318 4282 478 4355 μέλος
522 4282 750 4352 ἔσχατον
781 4277 886 4336 ὧδέ
915 4263 1016 4335 πού
1053 4283 1494 4352 περιωρισμένον
1523 4283 1616 4334 ἐπὶ
1657 4285 1721 4352 τῇ

122 4379 268 4447 αὐτῇ
297 4375 595 4447 ὁμολογίᾳ*
650 4377 745 4429 καὶ
794 4377 982 4428 αἰτοῦν
1035 4377 1178 4444 ὑμᾶς
1216 4374 1618 4444 συλλαμϐάνειν
1663 4377 1720 4424 ἐν

119 4472 247 4531 ταῖς
279 4469 466 4536 ἁγίαις
497 4472 825 4540 προσευχαῖς
849 4509 863 4532 ,
909 4469 1139 4521 κατόπιν
1189 4469 1325 4520 ἰέναι
1373 4467 1481 4520 τῶν
1521 4467 1720 4536 τιμίων

121 4566 154 4618 ὖ
164 4563 286 4632 μῶν
330 4562 513 4632 ἰχνῶν.

121 4674 252 4713 rum
307 4655 485 4726 spatio
537 4653 927 4724 disiungimur,
976 4654 1167 4720 spiritu
1221 4652 1379 4706 vobis
1438 4652 1826 4707 consociamus
1892 4672 1906 4707 :

1823 676 1887 716 ac
1941 661 2291 732 amplexandi
2357 678 2837 732 unumquemque,
2891 662 3117 717 incenso
3175 666 3419 719 omnium

1823 771 2011 808 amore
2044 766 2374 824 pertractus.
2413 755 2518 810 Sed
2567 757 2826 826 quoniam
2867 756 2981 810 fieri
3021 772 3127 809 non
3164 766 3340 826 potcst
3363 768 3423 812 ut

1822 860 2008 898 coram
2044 846 2217 900 adsim
2288 863 2522 916 corpore
2558 866 2572 914 ;
2611 865 2706 917 per
2765 850 2979 904 litteras
3036 846 3319 920 abreptus,
3355 869 3420 908 ac

1823 935 1988 988 veluti
2037 945 2189 991 stans
2250 937 2304 991 in
2362 938 2565 1002 medio,
2599 950 2653 992 ct
2707 941 3055 995 sanctissima
3116 945 3420 1011 amplector

1821 1028 2050 1097 vestigia
2098 1038 2300 1093 vestra,
2331 1039 2384 1083 et
2414 1046 2509 1084 ora
2537 1047 2693 1085 sacra
2729 1035 2921 1087 osculo
2955 1045 3147 1088 Sancto
3181 1052 3417 1091 exoscuo

1822 1117 1926 1172 lor.
1963 1118 2006 1171 Ο
2041 1122 2250 1174 strenui
2287 1123 2488 1177 milites
2523 1123 2750 1186 Christi,
2779 1126 2934 1194 quasi
2965 1127 3172 1180 cadesti
3202 1129 3413 1184 delectu

1819 1213 2150 1281 conscripti!
2189 1230 2222 1267 ο
2260 1216 2440 1270 sidera
2477 1217 2657 1271 lucida
2709 1234 2806 1287 per
2860 1219 3153 1286 impietatis
3194 1233 3411 1277 noctem

1819 1314 1984 1359 rectae
2019 1307 2142 1359 lidci
2180 1308 2466 1376 splendore
2502 1307 2762 1377 fulgentia
2793 1312 2806 1362 l
2850 1310 2997 1363 omni
3047 1327 3180 1365 auro
3211 1316 3414 1382 pretio—

1820 1401 1996 1453 siora!
2032 1402 2322 1472 smaragdo
2353 1412 2406 1455 et
2444 1403 2647 1456 unione
2704 1403 3025 1457 micantiora
3055 1406 3066 1458 !
3105 1406 3238 1459 Cum
3274 1408 3412 1463 tnui-

1819 1491 1892 1544 tis
1927 1508 2024 1546 vos
2058 1508 2327 1548 exornare
2353 1494 2690 1557 nominibus,
2726 1505 2783 1549 ut
2818 1511 2916 1564 par
2939 1505 3042 1560 cst,
3067 1499 3409 1568 desiderem;

1819 1599 1927 1636 non
1957 1583 2147 1636 sinunt
2185 1585 2437 1652 epistolae
2497 1586 2664 1640 unius
2715 1588 2983 1657 angustiae
3013 1589 3413 1656 quibusiuclu-

1817 1675 1938 1731 dor.
2001 1674 2123 1730 Uno
2159 1688 2340 1731 autem
2377 1680 2541 1732 verbo
2602 1680 2856 1734 universa
2889 1682 3210 1750 complexus
3255 1684 3404 1737 dixe-

1817 1771 1944 1836 rim,
1976 1772 2325 1840 superiorum
2359 1782 2669 1842 temporum
2708 1776 2984 1844 martyriis
3018 1785 3258 1830 vestrum
3295 1795 3416 1833 esse

1821 1881 1921 1934 par
1972 1875 2026 1919 et
2082 1868 2292 1935 aequale
2343 1869 2665 1938 martyrium
2698 1887 2710 1922 :
2739 1872 3184 1940 quandoquidem
3217 1876 3416 1927 “niani-

1821 1957 1960 2011 fesle
1986 1958 2269 2014 Christum
2326 1961 2636 2027 conﬁtetur,
2665 1966 2758 2033 qui
2790 1980 2848 2017 se
2881 1963 3087 2018 Christi
3122 1965 3411 2034 imaginem

1821 2054 2114 2107 conﬁtetur
2146 2055 2438 2110 admittere
2474 2075 2486 2110 :
2526 2057 2783 2126 idemque
2809 2058 2877 2111 de
2915 2059 3207 2127 negatione
3239 2061 3406 2114 vicis-

1821 2146 1922 2198 sim
1953 2147 2324 2202 sentiendum.
2375 2148 2632 2219 lmaginis
2664 2153 2813 2204 enim
2856 2152 3033 2206 honos
3065 2153 3129 2205 ad
3178 2163 3414 2223 pretoty-

1822 2253 1952 2307 pum
1985 2241 2206 2301 transit,
2240 2253 2299 2294 ut
2331 2255 2562 2311 magnus
2592 2243 2731 2295 dixit
2783 2241 3024 2296 Basilius
3059 2259 3072 2295 :
3111 2254 3164 2295 ct
3196 2248 3244 2295 in
3279 2245 3415 2296 ima-

1822 2329 1946 2398 gine
1978 2331 2336 2402 archetypum
2375 2334 2638 2399 cernitur,
2675 2344 2733 2386 ut
2764 2350 2983 2388 rursum
3017 2325 3088 2387 ait
3121 2335 3412 2404 sapientis»

1822 2421 1997 2476 simus
2030 2423 2342 2494 Dionysius.
2376 2424 2442 2478 Et
2469 2427 2733 2495 quoniam
2773 2428 3028 2482 Christus
3076 2427 3242 2482 homo
3291 2446 3414 2498 per-

1824 2513 2004 2569 fectus
2034 2525 2138 2580 est,
2167 2517 2251 2569 cui
2275 2518 2618 2572 nihileorum
2655 2521 2828 2574 defuit
2855 2537 2976 2588 qua:
3010 2521 3062 2573 in
3099 2520 3413 2577 hominibus

1824 2606 2106 2660 intuemur
2139 2624 2152 2659 :
2186 2619 2380 2663 natura
2432 2611 2618 2676 habet,
2675 2611 2902 2680 perinde
2933 2628 2997 2665 ac
3023 2613 3204 2681 qui\is
3237 2613 3413 2666 humi-

1825 2715 1977 2764 lium,
2006 2707 2064 2751 ut
2094 2700 2355 2754 delineari
2393 2703 2562 2772 possit
2603 2721 2617 2756 :
2659 2704 3122 2772 quemadmodum
3169 2706 3330 2758 habet
3359 2713 3415 2758 ttt

1823 2793 2203 2848 circumscribi
2245 2810 2352 2847 non
2406 2796 2598 2864 possit,
2649 2809 2920 2864 quatenus
2973 2797 3115 2850 idem
3168 2806 3220 2849 et
3268 2795 3411 2853 Deus

1825 2886 2101 2957 perfectus
2129 2896 2233 2941 est.
2289 2888 2445 2954 Quod
2494 2891 2539 2943 si
2583 2905 2848 2958 corporea
2899 2891 3261 2944 similitudine
3314 2891 3411 2944 dc-

1825 2981 1974 3052 piugi
2007 2994 2116 3033 non
2149 2992 2348 3052 potest,
2385 2985 2575 3052 utique
2626 2999 2724 3038 nec
2777 2985 2942 3038 homo
2967 2996 3072 3039 cSI.
3111 2987 3412 3052 Argumen-

1826 3084 1940 3130 tum
1995 3078 2140 3131 enim
2202 3075 2439 3141 primum
2472 3082 2555 3127 est
2590 3089 2654 3128 ac
2689 3089 2900 3136 verum,
2938 3077 3082 3144 quod
3126 3077 3287 3130 homo
3321 3081 3411 3142 sit,

1824 3171 1867 3222 si
1901 3180 1985 3224 est
2012 3169 2284 3239 ejusmodi
2323 3176 2380 3220 ut
2423 3167 2544 3235 ejus
2578 3168 2760 3236 imago
2816 3169 3124 3237 eﬂiugatur.
3170 3170 3410 3226 Necdum

1821 3263 2017 3330 loquor
2050 3263 2117 3316 de
2145 3261 2334 3330 regina
2360 3260 2601 3312 universi
2643 3259 2866 3328 Deipara
2903 3279 2915 3313 :
2945 3273 3037 3314 aut
3067 3264 3132 3317 de
3157 3265 3412 3318 omnibus

1818 3362 2027 3415 sanctis
2063 3359 2362 3429 generatim
2393 3374 2669 3427 :quorum
2703 3367 3052 3426 contemptus
3103 3369 3207 3424 est,
3253 3375 3413 3414 vene-

1819 3451 2118 3504 randarum
2175 3449 2422 3518 ipsorum
2461 3448 2758 3516 imaginum
2793 3448 3023 3502 eversio.
3067 3449 3171 3501 Sed
3201 3452 3290 3518 qui
3327 3450 3412 3503 itt-

1818 3541 2076 3611 telligens
2125 3549 2228 3604 est,
2263 3540 2516 3608 intelligit
2550 3556 2563 3592 :
2598 3551 2651 3592 et
2677 3540 2769 3608 qui
2806 3552 3020 3608 spretor
3066 3551 3168 3606 est,
3215 3542 3412 3595 damno

1819 3651 1920 3690 suo
1949 3635 2178 3703 spernit,
2205 3634 2380 3688 sacris
2413 3632 2629 3701 paginis
2657 3634 3062 3687 contradicens.
3091 3633 3154 3687 Et
3180 3636 3416 3689 abutun-

1819 3743 1908 3784 tur
1941 3729 2160 3799 quidem
2199 3728 2430 3797 imperio
2466 3738 2767 3795 potestates
2798 3745 2811 3782 :
2843 3738 2896 3782 et
2931 3729 3022 3795 qui
3049 3745 3145 3795 pro
3179 3729 3284 3782 Deo
3315 3729 3400 3782 di-

1820 3825 2027 3877 micant
2049 3821 2205 3892 pauei
2227 3831 2388 3886 sunt;
2426 3836 2743 3890 quanquam
2774 3836 2967 3875 omnes
2989 3823 3057 3875 ab
3081 3839 3144 3880 eo
3168 3821 3368 3876 conditi
3396 3839 3411 3888 ;

1821 3917 2057 3985 denique
2095 3916 2160 3967 ad
2195 3925 2425 3982 petram,
2465 3912 2545 3966 sic
2598 3913 2742 3966 enim
2797 3912 2938 3967 Deus
2983 3915 3235 3983 appellat,
3269 3914 3411 3982 jam-

1825 4009 2034 4079 pridem
2073 4017 2236 4076 atque
2274 4021 2303 4059 a
2355 4005 2626 4076 principio
2681 4014 2850 4074 porta:
2880 4005 3042 4059 inferi
3070 4007 3366 4060 alliduntur
3399 4024 3412 4060 :

1825 4103 1917 4156 sed
1986 4115 2336 4168 nequaquam
2415 4099 2750 4168 praavaluere
2803 4117 2815 4152 :
2878 4114 2977 4152 nec
3045 4101 3418 4167 prmvalehunt

1826 4196 2089 4248 adversus
2139 4207 2259 4244 eam
2285 4191 2352 4251 7",
2382 4200 2440 4243 ut
2469 4190 2744 4259 pollicitus
2790 4198 2874 4243 est
2912 4190 2958 4243 is
2990 4190 3082 4258 qui
3113 4206 3274 4244 verax
3307 4201 3408 4244 est.

1827 4284 2226 4347 Quamobrem,
2258 4280 2449 4334 Patres
2482 4280 2584 4333 mei
2639 4281 2949 4348 fratresque
2984 4300 2996 4334 :
3035 4279 3183 4334 State
3210 4282 3263 4332 in
3293 4281 3416 4349 ﬁde,

1827 4376 2048 4431 viriliter
2078 4377 2239 4445 agite,
2269 4373 2654 4442 confortamiui
2688 4375 2742 4426 in
2771 4373 2996 4426 Domino
3037 4375 3103 4427 ⁷⁵.
3141 4373 3243 4428 Vos
3268 4376 3330 4427 ad
3358 4390 3415 4427 se

1831 4469 1986 4523 chori
2018 4480 2321 4538 martyrum
2355 4467 2589 4519 inritant
2614 4482 2769 4535 aeque
2800 4482 2862 4519 ac
2888 4467 3288 4521 confessorutn.
3314 4467 3414 4520 Sed

1758 4555 1797 4606 Ι)
1832 4563 1935 4615 ista
1979 4561 2215 4630 paucis:
2249 4573 2478 4627 nosque,
2527 4558 2622 4626 qui
2675 4557 2885 4610 minimi
2931 4575 3143 4624 sumus,
3174 4568 3226 4611 et
3268 4559 3416 4612 loco-

1973 4662 2035 4706 ut
2075 4652 2390 4721 intelligatis
2455 4650 2655 4703 habere
2687 4666 2784 4704 vos
2854 4653 3160 4705 membrum
3226 4654 3419 4705 vilissi-

124 4766 307 4810 mum,
339 4748 483 4818 quod
512 4748 713 4802 alicubi
748 4763 847 4816 pro
880 4748 1067 4800 eadem
1099 4744 1447 4800 confessione
1465 4745 1717 4797 exsulat:
1763 4761 1827 4798 ae
1857 4746 2038 4815 poscit
2105 4752 2163 4799 ut
2233 4743 2366 4797 illud
2413 4756 2634 4811 quoque
2683 4742 2889 4796 sanctis
2945 4744 3198 4812 precibus
3227 4744 3417 4796 vestris

125 4843 398 4905 exoretis,
434 4849 493 4893 ut
547 4838 631 4894 fas
655 4840 728 4893 sit
755 4839 1061 4892 veneranda
1095 4839 1322 4908 vestigia
1372 4845 1554 4891 vestra
1592 4837 1875 4906 subsequi.

381 4961 502 5016 ΞΕ’.
537 4991 607 5001 -
641 4959 992 5027 Ναυκρατίῳ
1025 4958 1238 5020 τέκνῳ.
1286 4957 1405 5029 [υλθ
1429 4959 1472 5028 .j

2251 4954 2411 5009 LXV.
2438 4983 2509 4995 —
2534 4951 2834 5006 Naucratio
2859 4953 2995 5022 ﬁlio.

124 5081 443 5142 Dogmatica,
467 5084 521 5127 et
540 5079 679 5127 valde
705 5078 1005 5144 necessaria,
1025 5077 1087 5144 de
1113 5089 1250 5124 sacra
1271 5074 1448 5144 Christi
1473 5072 1686 5144 imagine
1712 5088 1723 5121 :
1753 5086 2012 5144 exponens
2033 5074 2281 5144 quomodo
2309 5068 2524 5144 intelligi
2552 5075 2798 5139 .oporteat
2827 5068 2998 5144 ‘quod
3022 5065 3412 5144 _imago_Christi

232 5132 444 5205 perinde
489 5155 544 5191 ac
600 5145 706 5203 ipse
746 5140 968 5191 Christus
994 5132 1248 5186 adoretur
1275 5152 1285 5185 :
1311 5140 1542 5186 nimirum
1570 5132 1780 5185 ratione
1803 5132 2151 5187 similitudinis
2188 5138 2293 5184 sive
2331 5132 2611 5191 relationis,
2637 5146 2734 5179 non
2761 5137 2928 5179 autem
2954 5132 3292 5177 coiuirmative
3333 5135 3416 5176 aut

230 5202 547 5253 itaturaliter.

221 5309 447 5376 Ἐπειδὴ
474 5306 678 5376 ἔμαθον
703 5306 855 5376 παρὰ
876 5304 970 5359 τοῦ
996 5303 1500 5376 γραμματηφόρου,
1524 5298 1568 5357 ὦ
1606 5305 1737 5357 καλὲ

132 5400 364 5467 ἀδελφὲ,
392 5401 476 5451 ὅτι
497 5399 670 5469 ἔριδες
694 5401 750 5452 ὲν
776 5401 904 5469 ὑμῖν
935 5399 1250 5466 ἁνεφύησαν
1282 5397 1449 5466 (λέγω
1473 5397 1529 5447 δὲ
1555 5396 1737 5460 τοῦτο,

133 5499 225 5550 ὅτι
258 5496 286 5548 ὁ
320 5493 420 5562 μὲν
450 5492 625 5559 λέγει·
670 5493 814 5559 Ἐγὼ
849 5495 952 5562 τὴν
979 5492 1164 5544 εἰκόνα
1195 5490 1432 5559 Χριστοῦ
1462 5490 1537 5550 ὡς
1577 5489 1740 5541 αὑτὸν

135 5589 254 5642 τδνο
286 5584 526 5654 Χριστὸν
584 5586 914 5654 προσκυνῶ·
971 5588 1000 5637 ὁ
1047 5585 1103 5637 δὲ
1157 5583 1564 5653 ἀπαναίνεται),
1617 5582 1742 5635 οὒτε

140 5676 378 5736 ἀλύπως
428 5673 723 5740 ὲδεξάμηψ
780 5672 938 5735 εἰδὼς
974 5674 1055 5724 ὅτι
1110 5673 1166 5724 αἱ
1221 5669 1529 5739 ἐρεσχελίαι
1578 5664 1738 5721 αὗται

139 5766 303 5839 παρὰ
332 5763 429 5816 τοῦ
457 5763 703 5816 διαϐόλου
741 5765 1233 5836 ὑποσπειρόμεναι,
1263 5767 1481 5837 τέμνειν
1512 5764 1737 5818 εἰώθασι

225 5943 277 5979 υ
299 5940 490 5998 Matth.
531 5958 664 6011 xrn,
696 5943 782 5998 18.
860 5942 949 5998 ⁷⁸1
983 5943 1112 6000 Cor.
1150 5960 1258 6010 xw,
1301 5945 1388 5999 15.

1909 5304 2207 5373 Postquam
2257 5320 2287 5358 a
2350 5301 2633 5355 tabellario
2684 5298 2871 5364 didici,
2941 5297 3108 5350 frater
3163 5295 3412 5365 egregie.

1838 5405 2058 5450 exortas
2089 5396 2230 5447 inter
2257 5410 2351 5446 vos
2380 5408 2500 5446 esse
2524 5390 2902 5444 contentiones
2933 5388 3056 5456 (hoc
3081 5397 3260 5438 autem
3292 5389 3417 5437 dico

1841 5487 1989 5557 quod
2050 5501 2245 5554 nempe
2299 5486 2440 5538 alius
2490 5485 2634 5537 dicat
2668 5501 2680 5535 :
2710 5483 2824 5547 Ego
2873 5479 3163 5546 imaginem
3213 5474 3416 5528 Christi

1842 5581 1983 5634 sicut
2034 5578 2210 5645 ipsum
2259 5577 2537 5630 Christum
2589 5574 2779 5637 adoro,
2828 5572 2967 5623 alius
3003 5572 3188 5623 dicere
3235 5569 3418 5621 detre-

1851 5673 1982 5735 ctet)
2009 5687 2021 5731 ;
2047 5685 2154 5721 non
2188 5668 2306 5720 sine
2342 5681 2575 5718 turpi-ore
2607 5664 2656 5715 id
2694 5664 2900 5730 accepi,
2931 5662 3112 5715 sciens
3143 5664 3287 5712 rixas
3315 5659 3419 5709 hu-

1843 5760 2107 5833 jusmodi,
2149 5774 2271 5830 qua:
2308 5774 2337 5812 a
2366 5757 2585 5812 diabolo
2620 5755 2980 5820 suscitantur,
3023 5753 3214 5807 solitas
3248 5753 3420 5822 ipsam
