3934 6430
528 353 665 418 19.87

1717 349 1780 413 S.
1814 349 2209 411 THEODORI
2251 350 2603 414 STUDIT/E

3679 356 3813 419 1988

524 481 750 542 quoque
790 480 981 523 sanam
1016 470 1226 535 partem
1274 458 1714 515 orthodoxorum
1753 458 2108 515 discindere:

2220 463 2312 515 καὶ
2343 461 2478 514 αὐτὸ
2498 462 2561 515 τὸ
2580 461 2827 531 ὑγιαῖνον
2850 463 3014 552 μέρρς
3039 463 3137 534 τῆς
3158 463 3498 537 ὀρθοδοξέας’
3524 464 3675 536 ὅπερ
3697 468 3812 519 ἐστὶ

525 578 651 635 qua:
680 576 770 616 res
801 558 1042 615 laetitiam
1083 556 1240 612 aﬂ‘ert
1264 553 1626 620 adversariis,
1658 568 1726 609 ex
1768 552 2108 608 inlirmitati-

526 655 635 711 bus
669 652 874 708 nostris
902 666 1059 706 suam
1094 650 1341 721 ipsorum
1386 646 1727 717 impietatem
1756 645 1939 701 valere
1970 660 2109 701 con-

527 746 892 805 ﬁrmantibus.
931 744 1039 799 Nec
1068 759 1196 799 vero
1240 741 1806 811 couvenirejudicavi
1836 750 1897 796 ut
1941 741 2111 795 silen—

526 843 604 896 tiu
635 852 942 910 premerem
968 836 1116 907 quod
1150 837 1459 899 audieram,
1494 835 1587 890 sed
1614 844 1674 889 ut
1699 834 1919 905 aliquod
1944 834 2109 889 etiam

530 936 644 1004 ipse
693 931 995 987 curationis
1052 928 1355 983 remedium
1401 927 1514 982 Deo
1558 936 1837 982 annuente
1883 925 2111 981 adhibe-

525 1042 663 1081 reui.
692 1025 1011 1094 Arguntettti
1038 1039 1170 1096 ergo
1198 1038 1413 1078 summa
1448 1022 1572 1077 talis
1602 1032 1707 1077 est.
1738 1020 2013 1076 Partieula
2035 1018 2111 1082 ὡς

527 1119 581 1172 in
625 1118 812 1172 divina
862 1116 1156 1186 Scriptura
1208 1116 1483 1171 interdum
1534 1118 1772 1171 sumitur
1799 1116 1865 1171 ad
1897 1114 2110 1186 signiﬁ-

526 1209 759 1263 candam
808 1206 1226 1262 similitudinem
1277 1222 1292 1260 :
1341 1204 1615 1260 interdum
1669 1202 2108 1258 aﬂirmationem.

526 1301 714 1355 I‘riure
744 1299 910 1355 modo
944 1319 957 1354 :
997 1297 1196 1352 Factus
1228 1315 1346 1352 sum
1385 1298 1522 1351 sicut
1557 1296 1676 1368 (ὡς)
1707 1312 1890 1367 passer
1920 1294 2111 1349 solita-

527 1397 638 1448 rius
684 1395 737 1447 in
796 1394 1022 1447 tecto".
1056 1390 1118 1445 Et
1159 1410 1171 1446 :
1220 1390 1330 1462 Ego
1385 1392 1522 1445 sicut
1570 1389 1689 1461 (ὡς)
1744 1390 1884 1443 oliva
1924 1388 2112 1458 fructi-

527 1486 643 1554 [eru
667 1485 731 1540 ⁷⁷.
768 1483 1075 1539 Posteriore
1099 1501 1111 1536 :
1136 1462 1309 1547 Quam
1337 1482 1456 1549 (ὡς)
1488 1480 1653 1534 bonus
1676 1478 1847 1533 Israel
1874 1478 2106 1533 Deus"!

530 1579 595 1635 Et
628 1599 640 1634 :
675 1578 849 1643 Quam
874 1578 991 1648 (ὡς)
1020 1577 1214 1630 dilecta
1248 1574 1590 1629 tabernacula
1620 1583 1735 1637 (ita,
1766 1572 1989 1627 Domine
2008 1573 2112 1627 vir-

530 1682 703 1725 tutum
727 1672 803 1724 τοι
853 1668 970 1723 Non
1002 1672 1146 1723 enim
1183 1668 1483 1723 secundum
1536 1666 1979 1728 Similitudinetn,
2015 1663 2110 1719 sed

532 1768 599 1823 ad
651 1766 1067 1820 aliirmationem
1101 1763 1191 1817 hic
1230 1776 1410 1816 sermo
1441 1768 1548 1817 est.
1586 1759 1853 1826 Quocirca
1903 1759 1948 1813 si
1984 1758 2111 1827 quis

531 1859 624 1913 illo
661 1857 820 1910 modo
848 1856 994 1910 dicat
1029 1869 1087 1909 se
1113 1854 1342 1908 adorare
1392 1853 1686 1922 imaginem
1718 1850 1921 1905 Christi
1965 1850 2110 1904 sicut
2143 1836 2180 1888 Β

533 1949 710 2018 ipsum
743 1946 1049 2009 Christum,
1084 1955 1230 2001 recte
1281 1945 1490 2000 sentit:
1522 1944 1610 1997 sin
1651 1954 1833 1997 autem
1870 1941 2110 1997 allirma-

533 2040 661 2103 tive,
699 2052 1069 2107 nequaquam.
1120 2033 1309 2105 Neque
1355 2034 1501 2089 enim
1548 2044 1740 2088 natura
1787 2033 1927 2087 ident
1981 2041 2111 2089 sunt

530 2132 885 2202 archetypum
917 2138 971 2184 et
1005 2129 1207 2197 imago,
1238 2127 1332 2182 sed
1360 2128 1500 2181 idem
1527 2126 1904 2182 similitudine.
1934 2127 2116 2181 Ambo

529 2226 674 2282 enim
741 2239 865 2295 qute
918 2227 1106 2279 eadem
1179 2223 1342 2277 modo
1405 2221 1742 2283 efferuntur,
1803 2221 2109 2275 substantia

534 2329 765 2384 prorsus
818 2312 1099 2369 dill'erttnt.
1150 2311 1226 2365 De
1279 2312 1611 2383 imaginibus
1672 2311 1862 2381 utique
1914 2311 2111 2381 loquor

531 2422 655 2475 qua:
698 2416 814 2461 arte
853 2407 1011 2462 liunt.
1053 2403 1175 2471 Quo
1221 2406 1387 2475 igitur
1418 2412 1577 2473 pacto
1628 2403 1916 2474 imaginem
1970 2404 2114 2458 sicut

534 2500 717 2569 ipsum
750 2500 1030 2554 Christum
1086 2496 1411 2553 aﬂirmative
1459 2498 1729 2562 adorabit,
1777 2514 1901 2551 cum
1950 2497 2007 2551 in
2045 2512 2109 2552 ea

531 2590 787 2647 Christus
831 2592 1055 2662 physice
1112 2606 1221 2645 non
1286 2591 1379 2653 sit,
1415 2590 1512 2646 sed
1563 2590 1811 2655 relative,
1864 2589 1979 2644 sive
2018 2605 2113 2660 per

534 2682 1009 2739 similitudinem?
1037 2681 1252 2752 Alioqui
1284 2697 1475 2736 verum
1515 2696 1622 2736 non
1654 2679 1817 2735 fuerit
1843 2681 1990 2751 quod
2022 2681 2114 2734 di-

535 2775 683 2830 citur
717 2792 732 2829 :
763 2774 1133 2845 Archetypum
1184 2775 1238 2828 in
1277 2774 1514 2844 imagine
1562 2774 1920 2843 conspicitur,
1959 2782 2015 2827 et
2058 2773 2112 2827 itt

537 2866 776 2935 imagine
834 2866 1093 2921 adoratur
1144 2865 1422 2919 Christus.
1486 2863 1729 2919 Dicendo
1785 2864 2002 2934 itaque,
2059 2864 2115 2917 in

537 2957 786 3026 imagine,
841 2957 1072 3010 alterum
1124 2957 1180 3010 in
1232 2957 1407 3010 altero
1438 2955 1874 3011 demonstratum
1910 2965 2018 3018 est,
2062 2966 2116 3011 et

537 3050 687 3103 aliud
756 3066 851 3119 per
906 3050 1053 3104 aliud
1111 3049 1395 3104 adoratur.
1473 3047 1617 3102 Vidit
1686 3049 2116 3120 Cltrysostoutus

539 3141 793 3208 angelum
855 3138 909 3193 in
971 3140 1210 3209 imagine
1266 3157 1279 3193 :

540 3234 719 3303 ipsum
744 3230 813 3285 ”.
872 3231 1161 3287 Cernimus
1219 3247 1319 3286 nos
1378 3232 1656 3286 Christum
1714 3231 1768 3286 in
1831 3232 2114 3301 intagine:

537 3323 771 3392 apostoli
804 3338 934 3377 vero
974 3321 1255 3378 Christum
1288 3323 1489 3392 ipsum.
1526 3321 1764 3375 Vidimus
1814 3323 1984 3385 enim,
2031 3322 2117 3375 itt-

538 3416 678 3484 quit,
712 3414 995 3469 Dominum
1020 3416 1088 3469 “.
1122 3416 1431 3471 Aderamus
1464 3416 1615 3469 illum
1646 3417 1699 3469 itt
1728 3417 1950 3485 propria
1980 3416 2116 3469 inta-

537 3509 665 3579 gine
696 3524 709 3559 :
742 3507 817 3560 illi
845 3522 975 3561 vero
997 3522 1123 3561 eum
1155 3509 1357 3573 ipsum.
1389 3506 1457 3561 Et
1489 3508 1719 3561 videntes
1748 3524 1888 3570 eum,
1916 3508 2114 3577 inquit,

536 3602 891 3674 adoraryrunt
917 3599 983 3654 “'.
1013 3598 1325 3654 Secundum
1358 3600 1769 3655 similitudinem
1807 3615 1939 3670 ergo
1978 3600 2113 3654 ado-

534 3705 688 3751 ratur
745 3696 801 3749 in
855 3694 1091 3764 imagine
1141 3694 1441 3759 Christus,
1500 3695 1613 3749 sive
1674 3694 1937 3761 relative,
1994 3694 2110 3749 sive

536 3787 905 3858 homouyme;
969 3802 1095 3840 nam
1152 3784 1344 3840 eodem
1410 3786 1662 3843 recidunt
1722 3787 1884 3840 ambo
1931 3802 1945 3838 :
1998 3801 2105 3840 non

2210 554 2504 626 χαροποιὺν
2527 558 2641 619 τοῖς
2664 557 2952 622 ἐναντίοις,
2978 560 3042 611 ὲκ
3068 558 3177 612 τῶν
3200 561 3496 631 ἡμετέρων
3518 562 3813 632 ἀρρωστη-

2212 649 2398 721 μάτων
2441 648 2502 703 τὸ
2534 651 2739 703 οἰκεῖον
2778 652 3036 722 ἀσέϐημα
3073 654 3496 725 βεδαιουμένοις
3538 651 3601 709 εὖ
3647 656 3811 731 ἔχειν.

2209 741 2348 797 Οὔτε
2389 743 2496 814 μὴν
2525 745 2702 813 σιωπῇ
2749 744 2811 797 τὸ
2844 745 3113 799 ἀκουσοὲν
3145 750 3449 819 κατασχεῖν
3483 748 3664 803 καλὸν
3700 749 3812 801 Evr;-

2212 855 2371 908 μισα,
2403 836 2542 891 ἀλλά
2563 855 2616 890 τι
2653 839 2750 891 καὶ
2791 840 2925 908 παρ’
2952 841 3193 909 ἐμαυτοῦ
3229 842 3536 913 φάρμακον
3564 844 3815 913 ἐξευρεῖν

2211 932 2534 1003 Θεραπείας,
2571 931 2707 985 Θεοῦ
2740 931 3115 995 εὐδοκοῦντος.
3157 934 3347 987 Ἔστιν
3380 935 3480 989 οὖν
3517 937 3580 989 τὸ
3617 936 3815 1006 λῆμμα

2209 1024 2471 1078 τοιοῦτον.
2513 1024 2608 1084 Τὸ.
2647 1024 2755 1089 ὡς,
2784 1023 2862 1093 πῆ
2905 1024 3004 1093 μὲν
3054 1025 3149 1076 ἐπὶ
3190 1026 3513 1093 ὁμοιώσεως
3552 1027 3815 1099 εἴληπται

2210 1116 2459 1187 παρὰ“τῇ
2494 1115 2839 1186 θεοπνεύστῳ
2861 1117 3077 1189 Γραφῇ·
3105 1117 3183 1184 πῆ
3209 1117 3266 1169 δὲ
3298 1120 3394 1171 ἐπὶ
3429 1119 3812 1189 βεϐαιώσεως.

2210 1210 2285 1263 Τὸ
2337 1210 2556 1279 πρῶτον
2579 1226 2594 1241 ο
2663 1211 2993 1278 Ἐγενόμην
3038 1210 3119 1273 ὡς
3165 1212 3497 1278 στρουθίον
3545 1213 3818 1282 porri-Ter

2210 1301 2307 1355 ἐπὶ
2343 1300 2584 1372 δώματι.
2625 1303 2755 1356 Καί·
2806 1300 2953 1371 Ἐγὼ
2982 1302 3259 1367 dig-edam
3291 1302 3713 1372 κατάκτιρπος.
3747 1306 3817 1357 T’z

2210 1395 2483 1467 δεύτερονο
2531 1396 2623 1462 Ὠς
2673 1394 2898 1465 ἀγαθὸς
2926 1397 2958 1449 ό
2983 1395 3130 1461 Θεὸς
3166 1394 3275 1449 τοῦ
3336 1396 3594 1463 Ἰσραήλ
3626 1398 3649 1449 .¹
3687 1400 3813 1452 Καί·

2222 1488 2319 1553 Ὠς
2367 1486 2647 1558 ἀγαπητὰ
2704 1488 2776 1541 τὰ
2829 1486 3199 1557 σκηνὼμιιτὰ
3256 1505 3396 1553 σου,
3457 1491 3647 1557 Κύριε·
3684 1490 3817 1543 τῶν

2211 1580 2564 1647 δυνάμεων]
2589 1581 2663 1633 Ού
2707 1581 2818 1652 γὰρ
2848 1581 2972 1633 καθ’
3002 1582 3305 1651 ὁμοίωσιν,
3324 1581 3465 1637 ἀλλὰ
3512 1582 3817 1651 βεδαῐωσιν

2212 1671 2451 1726 ἐνταῦθα
2477 1673 2505 1725 ὀ
2536 1673 2716 1741 λόγος.
2752 1674 2813 1727 Ei
2844 1670 2937 1727 οὗν
2961 1673 3104 1727 οὕτω
3133 1675 3289 1741 λέγοι
3342 1693 3428 1738 τις
3470 1680 3817 1745 προσκυνεῖν

2212 1766 2312 1835 τὴν
2345 1766 2533 1818 εἰκόνα
2564 1765 2831 1833 Χριστοῦ,
2866 1766 2941 1829 ὡς
2978 1767 3143 1819 αὑτὸν
3172 1767 3433 1838 Χριστὸν,
3468 1767 3717 1839 ἔρρωται
3744 1769 3818 1838 τῷ

2211 1859 2560 1929 φρονήματιυ
2610 1860 2658 1911 εί
2704 1858 2759 1911 δὲ
2810 1858 3215 1928 βεϐαιωτικῶς,
3267 1859 3548 1929 οὐδαμῶς.
3590 1864 3671 1913 Οὐ
3710 1863 3817 1932 γὰρ

2210 1951 2413 2007 ταυτὸν
2450 1951 2613 2005 εἰκὼν
2645 1952 2739 2004 καὶ
2775 1952 3083 2023 ἀρχέτυπον
3114 1955 3180 2024 τῇ
3213 1952 3373 2022 φύσει
3397 1994 3411 2015 ,
3442 1954 3585 2007 ἀλλὰ
3612 1956 3815 2008 tam?”

2212 2049 2276 2117 τῇ
2316 2044 2596 2116 ὁμοιώσει.
2634 2045 3011 2113 Ταυτιξὸμενα
3042 2046 3151 2115 γὰρ
3184 2047 3371 2117 ἄμφω,
3402 2050 3467 2117 τῇ
3500 2048 3672 2118 οὐσία
3700 2050 3817 2101 δια·

2213 2138 2460 2207 φορεῖται
2500 2136 2846 2189 παντάπασιν
2870 2152 2882 2163 ·
2914 2139 3005 2189 ἐπὶ
3034 2136 3143 2189 τῶν
3175 2138 3452 2207 τεχνητῶν
3484 2140 3728 2192 εἰκόνων
3754 2141 3816 2209 δὴ

2211 2224 2375 2294 λέγω.
2423 2224 2546 2289 Πῶς
2583 2220 2675 2278 οὖν
2714 2226 2815 2296 τὴν
2841 2226 3025 2279 εἰκόνα
3069 2226 3145 2290 ὡς
3179 2228 3339 2280 αὑτὸν
3363 2230 3607 2298 Χριστὸν
3639 2248 3818 2301 προσ-

2213 2317 2435 2385 κυνήσει
2476 2314 2880 2383 βεϐαιωτικῶς·
2927 2318 3028 2370 οὐκ
3076 2319 3134 2369 ἐν
3165 2319 3300 2389 αὐτῇ
3335 2320 3490 2382 ὖντος
3529 2320 3631 2374 τοῦ
3680 2323 3819 2391 Χρι-

2216 2407 2341 2461 στοῦ
2374 2407 2642 2477 φυσικῶς.
2669 2408 2805 2461 ἀλλά
2836 2410 3124 2479 σχετικῶςο
3149 2412 3317 2481 ἤγουν
3341 2411 3816 2483 ὁμοίωματαῶςῖ

2213 2500 2537 2568 Διέψευσται
2576 2502 2672 2570 τῆς
2714 2500 2975 2569 ἀληθείας
3006 2504 3103 2555 καὶ
3150 2504 3329 2565 ἄλλως
3360 2505 3420 2557 τὸ
3464 2505 3817 2578 λεγόμενον·

2228 2592 2317 2643 Ἐν
2352 2591 2524 2644 εἰκόνι
2558 2592 2878 2660 ὲκφαίνεται
2926 2591 2987 2644 τὸ
3021 2594 3360 2662 ἀρχέτυπονο
3397 2596 3491 2649 καὶ
3543 2600 3604 2650 ἐν
3642 2600 3821 2651 εἰκόνι

2217 2684 2604 2750 προσκυνεῖται
2642 2682 2897 2751 Χριστός.
2932 2682 3005 2734 Τὸ
3030 2679 3122 2737 οῦν
3156 2687 3357 2745 εἰπεῖν,
3390 2686 3461 2739 ἐν
3488 2690 3717 2754 εικόνι,
3764 2693 3821 2741 ἐν

2216 2772 2389 2843 ἑτέρῳ
2416 2772 2602 2842 ἕτερον
2629 2774 2941 2846 δεδήλωται·
2976 2775 3070 2829 καὶ
3113 2777 3179 2830 δι’
3218 2778 3377 2831 ἄλλου
3404 2779 3538 2834 ἄλλο
3567 2800 3822 2853 προσκυ-

2218 2866 2411 2917 νεῖται.
2449 2861 2601 2917 Εἷδεν
2635 2867 2663 2917 ὁ
2697 2866 3080 2937 Χρυσόστομος
3112 2868 3343 2935 ἄγγελον
3367 2872 3424 2922 ἐν
3457 2873 3640 2924 εἰκόνι
3663 2891 3676 2901 ·
3716 2876 3744 2925 ὁ
3768 2875 3822 2926 δὲ

2219 2956 2524 3026 Κορνήλιος
2552 2956 2712 3009 αὑτὸν
2750 2957 2841 3009 τὸν
2874 2958 3126 3026 ἄγγελον.
3158 2960 3437 3030 Βλέπομεν
3471 2963 3726 3033 Χριστὸν
3766 2968 3823 3016 ἐν

2218 3049 2408 3103 εἰκόνιο
2440 3051 2489 3103 οἱ
2535 3050 2594 3102 δὲ
2636 3051 2922 3104 ἀπόστολοι
2968 3053 3131 3104 αὑτὸν
3168 3054 3260 3105 τὸν
3290 3055 3552 3124 Χριστόν.
3598 3059 3827 3127 Ἑωρὰ-

1334 3139 1628 3194 Cornelius
1682 3154 1811 3193 vero
1862 3141 2113 3210 angelum

2222 3156 2412 3208 καμεν
2438 3142 2570 3212 γὰρ,
2594 3144 2750 3212 φησι,
2779 3142 2885 3196 τὸν
2911 3144 3147 3210 Κύριον.
3184 3146 3499 3216 Προσκυνοῦ
3510 3167 3617 3218 μεν
3648 3154 3823 3205 aee»,

2222 3235 2280 3286 ἐν
2303 3236 2368 3304 τῇ
2406 3235 2584 3305 οἰκεία
2607 3236 2797 3289 εἰκόνι·
2824 3238 2870 3288 οἱ
2898 3237 2952 3290 δὲ
2976 3238 3141 3291 αὑτὸν
3172 3240 3401 3292 ἐκεῖνον.
3428 3242 3539 3294 Καὶ
3580 3243 3826 3308 ἰδόντες

2220 3323 2438 3391 αὑτὸν,
2484 3326 2648 3395 φησι,
2676 3328 3172 3395 προσεκύνησαν.
3219 3329 3688 3400 Ὀμοιωματικῶς
3729 3334 3823 3387 οὖν

2220 3420 2609 3486 προσκυνεῖται
2640 3417 2698 3468 ὲν
2742 3418 2931 3480 εἰκόνι,
2965 3418 3064 3471 εἴτ’
3102 3415 3197 3471 οὖν
3236 3421 3528 3490 σχετικῶς,
3570 3426 3678 3477 εῖτ*
3730 3427 3825 3480 οὖν

2219 3508 2561 3578 ὁμωνύμως,
2608 3512 2637 3563 ὁ
2681 3510 2936 3583 Χριστός·
2982 3514 3062 3576 εἰς
3111 3514 3307 3566 ταυτὸν
3356 3515 3468 3587 γὰρ
3521 3518 3827 3591 ἀμφότερα

2222 3602 2539 3673 συντρέχει⁶
2590 3604 2691 3657 οὐκ
2742 3606 3105 3668 αύτοπτικῶς.
3153 3610 3263 3661 Καὶ
3308 3609 3434 3679 δίχα
3476 3606 3577 3665 οὖν
3612 3616 3830 3677 εἰκόνος

2216 3696 2333 3746 ἐστὶ
2361 3696 2835 3766 προσκυνούμενος
2863 3698 3096 3767 νοερῶς·
3139 3700 3203 3752 ού
3246 3700 3357 3774 γὰρ
3403 3708 3637 3769 παντως
3675 3710 3824 3761 πᾶν·

2213 3802 2338 3839 τοτε
2373 3788 2606 3859 αἰσθητῇ
2634 3790 2805 3843 εἰκόνι
2835 3788 3112 3860 βλέποιτο.

536 3889 722 3935 autem
750 3882 896 3952 quod
942 3884 1057 3951 ipse
1084 3895 1364 3935 cernatur.
1397 3880 1463 3935 Et
1492 3884 1611 3935 sine
1642 3882 1881 3952 imagine
1911 3896 2109 3936 rursus
2148 3890 2330 3936 mente
2384 3894 2440 3937 et
2502 3884 2837 3956 cogitatione
2867 3887 3151 3954 adoratur,
3186 3903 3311 3943 cum
3360 3891 3555 3947 sensili
3589 3908 3819 3966 semper

540 3975 780 4047 imagine
813 3978 962 4033 cerni
997 3978 1220 4031 omnino
1248 3993 1353 4030 non
1386 3977 1579 4047 possit.

624 4070 781 4138 Quod
826 4072 872 4126 si
917 4072 1042 4140 quis
1087 4072 1276 4125 dicat:
1312 4070 1472 4141 Ergo,
1520 4069 1971 4141 quandoquidem
2021 4086 2120 4140 per

538 4165 925 4233 cegilationem
984 4164 1214 4219 adorare
1254 4165 1387 4219 mihi
1435 4166 1581 4231 licet,
1634 4178 2114 4234 supervacaneum

539 4263 624 4309 est
672 4262 731 4307 ut
788 4254 843 4307 in
896 4253 1132 4322 imagine
1164 4269 1179 4306 :
1211 4254 1373 4319 sciat,
1404 4253 1658 4323 quisquis
1706 4261 1810 4318 est,
1859 4263 2114 4323 negatum

540 4345 705 4401 etiam
741 4346 823 4399 sic
852 4359 976 4398 esse
1006 4346 1151 4413 quod
1182 4345 1438 4400 Christus
1466 4352 1647 4399 mente
1675 4344 1953 4398 adoretur.
2000 4344 2117 4399 Nisi

541 4438 689 4493 enim
741 4451 898 4492 meus
941 4436 1309 4505 contemplata
1358 4436 1524 4490 fuerit
1581 4436 1732 4490 illum
1772 4435 1825 4489 in
1877 4435 2119 4491 hominis

544 4530 904 4587 similitudine
934 4528 999 4583 ad
1031 4529 1309 4582 dexteram
1344 4526 1438 4581 Dei
1465 4535 1521 4582 et
1551 4520 1735 4581 Patris
1774 4525 2115 4589 consedisse,

543 4623 919 4677 adorationem
968 4638 1076 4676 non
1123 4620 1323 4677 inferet
1353 4638 1367 4676 :
1400 4620 1504 4676 nisi
1538 4620 1678 4674 forte
1706 4617 1946 4673 Verbum
1998 4634 2119 4674 car-

544 4732 669 4771 nem
699 4714 903 4770 l‘actum
944 4729 1066 4769 esse
1115 4722 1293 4784 neget.
1331 4712 1487 4780 Quod
1539 4721 1720 4765 autem
1776 4710 1974 4765 similis
2019 4712 2118 4763 lio-

546 4809 677 4862 miui
718 4807 891 4862 factus
943 4807 1034 4883 sit,
1072 4806 1175 4861 ﬁde
1203 4807 1369 4877 digna
1419 4804 1577 4860 testis
1628 4812 1712 4857 est
1752 4803 1977 4873 imago:
2010 4817 2117 4872 qua

545 4912 797 4968 suscepta
849 4910 901 4953 et
961 4901 1211 4962 adorata,
1274 4909 1566 4968 susceptus
1617 4907 1701 4952 est
1750 4898 2121 4964 adoraturque

543 4993 795 5047 Christus
826 5010 837 5044 :
868 4992 1011 5046 sicut
1043 5006 1072 5045 e
1111 4992 1390 5045 contrario
1436 4993 1480 5045 si
1517 5000 1829 5059 respuatur.
1858 4987 2123 5042 Adoravit

543 5085 813 5153 Ahgarus,
852 5084 954 5137 (ide
1002 5096 1275 5152 suscepta,
1323 5082 1761 5137 intellectualiter
1789 5080 2067 5135 Christum
2102 5096 2116 5132 :

544 5175 796 5229 adoravit
848 5185 901 5227 et
960 5177 1133 5227 multo
1196 5172 1546 5228 manilestius
1613 5172 1667 5225 itt
1724 5171 1961 5241 imagine
2010 5186 2117 5223 nun

546 5264 858 5318 manufacta
905 5265 975 5319 ab
1010 5265 1128 5333 ipso
1168 5264 1392 5319 Christo
1442 5263 1508 5317 ad
1540 5270 1662 5316 eum
1712 5266 1900 5318 missa.
1936 5262 2119 5329 Quare

546 5358 601 5411 in
650 5358 741 5411 illa
784 5369 839 5411 et
888 5358 1195 5411 secundum
1244 5358 1681 5420 similitudinem,
1730 5368 1783 5411 et
1830 5357 1993 5412 simul
2028 5372 2122 5425 per

548 5449 907 5513 intellectum,
945 5450 1205 5503 adoratus
1254 5458 1338 5503 est
1376 5448 1673 5503 Christus:
1704 5464 1850 5503 nunc
1897 5449 2118 5515 quidem

548 5540 649 5603 sic.
688 5542 741 5594 in
777 5542 961 5595 futuro
993 5551 1174 5595 autem
1226 5540 1430 5595 saeculo
1476 5538 1747 5594 iutuitive.
1780 5543 1855 5594 Ac
1882 5540 2119 5593 visibilis

547 5633 769 5699 quidem
805 5635 976 5701 ipsius
1023 5634 1115 5689 Dei
1148 5632 1529 5703 apparitionis,
1579 5641 1639 5685 ut
1684 5632 2123 5700 sapientissimus

619 5744 665 5773 ’⁸
695 5744 835 5799 Psal.
866 5762 937 5805 Cl.
973 5749 1026 5807 8.
1139 5746 1351 5803 "Psal.
1387 5762 1460 5811 LI,
1499 5746 1586 5799 l0.

550 5809 599 5842 “
637 5812 823 5867 Matth.
856 5833 1044 5881 xxvut,
1078 5816 1161 5870 Π.

1683 5746 1727 5775 7“
1753 5744 1897 5800 Psal.
1929 5762 2099 5809 Lxxtt,
2138 5746 2183 5797 Ι.

2288 4067 2351 4121 Εἰ
2387 4068 2445 4121 δέ
2478 4084 2565 4132 τις
2598 4068 2757 4140 φαίη·
2791 4070 3035 4137 Οὐκοῦν,
3064 4073 3256 4143 ἐπειδὴ
3292 4074 3417 4128 ἔστι
3466 4092 3561 4143 μοι
3612 4080 3827 4150 νοερῶ;

2221 4164 2589 4231 προσκυνεῖν,
2633 4162 2905 4233 παρέλκον
2956 4165 3017 4217 ὲν
3059 4168 3259 4219 εικόνι·
3295 4168 3429 4220 ἴστω
3479 4171 3507 4222 ὁ
3546 4171 3822 4237 τοιοῦτος⁹

2223 4251 2493 4322 ὴρνῆσθαι
2534 4250 2714 4304 καὶτὸ
2756 4252 2959 4324 νοερῶς
2989 4260 3317 4327 προσκυνεῖν
3350 4259 3618 4329 Χριστόν.
3646 4261 3716 4317 Ei
3749 4264 3825 4332 pit

2220 4345 2333 4415 γὰρ
2363 4345 2391 4396 ὁ
2422 4343 2546 4407 νοῦς
2569 4346 2950 4417 ἐνοπτρισθείη
2973 4349 3031 4399 ὲν
3059 4348 3365 4420 ὁμοιώματι
3388 4351 3688 4422 ἀνθρώπου
3725 4358 3828 4409 αύ-

2224 4436 2315 4489 τὸν
2344 4437 2403 4487 ὲν
2431 4435 2581 4507 δεξιᾷ
2613 4436 2706 4489 τοῦ
2743 4436 2879 4489 Θεοῦ
2926 4438 3019 4491 καὶ
3050 4439 3260 4510 Πατρὸς
3295 4442 3670 4512 κεκαθῆσθαι·
3721 4450 3828 4500 οὐκ

2228 4528 2450 4581 είσοίσει
2478 4528 2577 4599 τὴν
2600 4528 3003 4600 προσκύνησιν·
3038 4531 3087 4583 εί
3120 4532 3197 4603 μή
3223 4550 3276 4586 τι
3305 4534 3413 4605 ἄρα
3436 4535 3827 4601 ἀποσκευαζει

2228 4620 2407 4690 σάρκα
2435 4620 2685 4688 γενέσθαι
2716 4619 2809 4674 τὸν
2840 4622 3034 4689 Λάγον.
3056 4622 3163 4676 Τοῦ
3198 4623 3254 4677 δὲ
3287 4625 3615 4695 ὡμοιῶσθαι
3650 4631 3826 4682 αὐτὸν

2226 4713 2499 4785 ἀνθρώπῳ
2518 4753 2534 4779 ,
2570 4714 2780 4784 μάρτυς
2809 4716 2842 4786 ὴ
2868 4714 3033 4769 εἰκὼν
3058 4716 3226 4769 αὑτοῦ
3256 4721 3421 4788 πιστή
3446 4734 3462 4749 ·
3495 4721 3595 4772 καὶ
3620 4724 3690 4791 τῇ
3722 4724 3826 4775 αύ-

2222 4806 2325 4874 τῆς
2358 4806 2634 4878 παραδοχῇ
2682 4810 2776 4860 καὶ
2818 4810 3224 4880 προσκυνήσει,
3264 4809 3674 4880 παραδέδεκται
3725 4816 3825 4867 καὶ

2225 4902 2612 4968 προσκυνεῖται
2645 4901 2912 4969 Χριστόςο
2954 4902 3028 4965 ὼς
3065 4902 3303 4971 ἔμπαλιν
3352 4902 3447 4953 ὲπὶ
3475 4903 3578 4974 τῆς
3609 4904 3822 4977 ἀθετή-

2222 5007 2382 5052 σεως.
2440 4992 2851 5063 Προσεκύνησεν
2910 4993 3196 5064 Δῦγαρος,
3246 4995 3542 5065 δεξάμενος
3604 5000 3819 5063 πίστιν,

2223 5080 2426 5150 νοερῶς
2463 5084 2726 5155 Χριστόν·
2757 5085 3131 5155 προσεκύνησε
3166 5086 3222 5137 δὲ
3257 5086 3460 5156 μᾶλλον
3497 5089 3666 5143 αὑτὸν
3708 5093 3819 5161 ὲμ-

2223 5174 2554 5244 φανέστερον
2601 5175 2660 5227 ἐν
2706 5178 2771 5246 τῇ
2818 5176 2957 5246 πρὸς
2999 5176 3164 5229 αὑτοῦ
3198 5178 3440 5248 Χριστοῦ
3487 5182 3814 5255 πεμφθεῖσι-ι

2223 5267 2371 5336 αὐτῷ
2402 5270 2803 5341 ἀχειροποιήτῳ
2837 5271 3027 5323 εἰκόνι.
3061 5272 3223 5323 Ὥστε
3270 5275 3328 5325 ὲν
3356 5274 3497 5346 αὐτῇ
3527 5278 3817 5347 ὀμοιωμα-

2225 5361 2392 5423 τικῶς
2419 5362 2554 5431 ὁμοῦ
2596 5379 2655 5414 τε
2694 5367 2789 5415 καὶ
2834 5362 3035 5431 νοερῶ;
3068 5365 3513 5436 προσκεκύνηται
3548 5371 3815 5442 Χριστός·

2224 5451 2316 5502 νῦν
2349 5453 2445 5520 μὲν
2472 5452 2666 5515 οὕτως·
2702 5456 2758 5505 ἐν
2783 5454 2838 5507 δὲ
2866 5453 2938 5522 τῷ
2967 5453 3215 5523 μέλλοντι
3241 5455 3401 5510 αίῶνι
3429 5461 3809 5526 αύτοπτικῶς·

2222 5542 2320 5612 τῆς
2358 5544 2456 5611 μὲν
2485 5546 2685 5612 ὁρατῆς
2717 5542 2882 5597 αὐτοῦ
2913 5545 3253 5613 θεοφανείας,
3278 5547 3354 5612 ὥς
3393 5567 3559 5619 φησιν
3585 5556 3615 5606 ὁ
3642 5554 3811 5606 πολύ-

2226 5651 2386 5701 coeo;
2416 5636 2715 5703 Διονύσιος,
2750 5640 2807 5690 ὲν
2833 5637 3130 5705 πανάγνοις
3158 5639 3414 5713 θεωρίαις
3442 5646 3808 5718 ἀποπληῳύ-

2280 5745 2325 5776 "
2350 5762 2577 5811 Lxxxm,
2614 5747 2669 5800 2.
2770 5747 2816 5779 ⁸⁸
2841 5747 2961 5803 Act.
2998 5765 3050 5815 κ,
3084 5748 3172 5804 30.
3276 5752 3320 5785 ⁸¹
3378 5752 3544 5812 Joan.
3581 5772 3673 5823 xx,
3704 5757 3797 5812 25.
