3934 6498
165 450 304 512 1289

1354 449 1890 509 EPISTOLARUM
1954 450 2024 509 L1
2036 453 2101 510 Β.
2158 451 2241 511 II.

3297 453 3434 516 1990

165 578 345 634 μενοι,
389 561 717 629 φανοτάταις
767 563 919 634 ἡμᾶς
975 567 1368 634 μαρμαρυγαῖς
1425 581 1753 635 περιαστρά-

1866 569 1944 622 ait
2019 567 2314 636 Dionysius
2350 567 2436 632 ⁸³,
2498 569 2828 625 castissimis
2881 570 3435 640 contemplationibus

164 653 442 724 πτούσης·
491 653 566 717 ὡς
592 655 720 716 τοὺς
758 653 1005 724 μαθητάς
1051 657 1109 707 ὲν
1144 655 1327 726 ἐκείνῃ
1373 659 1440 726 τῇ
1485 656 1736 727 θειοτάτῃ

168 745 613 815 μεταμορφώσειο
649 744 750 814 τῆς
784 745 842 798 δὲ
884 746 1082 816 νοητῆς
1113 746 1278 799 αὑτοῦ
1321 746 1652 814 φωτοδοσιας
1687 749 1746 801 ὲν

167 836 376 891 ἀπαθεῖ
410 835 505 888 καὶ
535 835 686 908 ἀΰλῳ
713 835 794 905 τῷ
820 834 896 906 νῷ
925 837 1266 906 μετέχοντες.
1291 836 1498 900 Ταῦτα,
1527 837 1636 891 εἴτε
1666 836 1751 892 ὲλ-

167 929 366 993 λιπῶς,
390 929 501 982 εἴτε
530 929 865 999 ἀρκούντως,
899 930 1040 998 πρὸς
1066 928 1244 1000 ήμῶν.
1277 929 1455 999 ’Υμᾶς
1480 929 1536 982 δὲ
1567 948 1749 1001 παρα.-

165 1019 320 1073 καλῶ
347 1021 406 1074 ἐν
427 1021 542 1083 τοῖς
583 1020 712 1092 περὶ
751 1018 886 1073 Θεοῦ
921 1019 1102 1088 λόγοις
1130 1017 1377 1082 εὐλαϐῶς
1412 1038 1471 1073 τε
1504 1020 1622 1090 ἅμα
1655 1022 1749 1073 καὶ

167 1111 556 1183 προσεκτικῶς
583 1117 681 1174 τὰς
711 1109 1071 1183 ὲπιζητήσεις
1100 1111 1394 1165 ποιεῖσθαι”
1425 1113 1521 1164 καὶ
1549 1112 1582 1183 ἢ
1615 1112 1748 1184 παρ’

169 1203 404 1270 ἑαυτῶν,
427 1205 459 1274 ἢ
485 1207 611 1274 παρ’
639 1203 844 1275 ἑτέρων
865 1204 928 1257 τὸ
954 1204 1154 1275 ἀληθὲς
1172 1203 1532 1275 ἐξευρίσκειν,
1557 1205 1748 1276 πόρρω

167 1295 408 1364 ἀφέντας
444 1295 504 1349 τὺ
543 1295 867 1370 ἐρεσχελεῖν·
900 1297 962 1350 οὐ
985 1297 1095 1366 μὴν
1119 1295 1256 1349 ἀλλὰ.
1278 1297 1372 1348 καὶ
1394 1295 1449 1349 εἴ
1469 1313 1521 1348 τι
1551 1295 1750 1364 ἐσφαλ-

174 1388 341 1456 μένον
363 1389 420 1440 ὲν
447 1391 559 1453 τοῖς
589 1388 1279 1460 εἰρημένοις,διορθὼσεως
1297 1391 1498 1460 τυχεῖν·
1519 1388 1751 1460 ἐπείπερ

170 1476 453 1547 ὸλιγόνους
480 1481 576 1534 καὶ
607 1479 930 1551 ἁμαρτωλὸς
955 1479 1088 1547 ἐγώ.

545 1786 684 1854 εσυ.
712 1816 782 1826 -
800 1786 1167 1855 Κατήχησις.
1193 1785 1381 1858 [υμε’.]

1857 658 2027 729 pleni,
2076 658 2437 714 lucidissimis
2485 660 2870 729 splendoribus
2930 677 3031 716 nos
3092 663 3431 724 irradiantis.

1855 751 2085 822 perinde
2110 766 2173 804 ac
2200 751 2506 820 discipulos
2537 754 2592 806 in
2624 753 2970 808 divinissima
3006 753 3097 808 illa
3138 753 3434 821 transﬁgu—

1854 844 2108 908 ratione;
2176 842 2537 912 intelligibilis
2617 859 2748 899 vero
2822 845 2945 915 ejus
3006 845 3430 907 illustrationis,

1856 935 2162 989 secundum
2195 945 2436 990 mentem
2476 938 2825 1006 passionibus
2857 947 2911 992 et
2957 938 3191 992 materia
3237 953 3432 991 caren-

1846 1041 1993 1095 tem,
2047 1029 2346 1100 participes
2405 1031 2634 1086 erimus.
2691 1033 2869 1100 Atque
2930 1031 3085 1093 lucc,
3150 1031 3266 1084 sive
3321 1045 3430 1083 non

1845 1120 2024 1190 plene,
2077 1121 2194 1175 sive
2246 1120 2606 1184 suliicientcr,
2657 1136 2689 1175 a
2746 1122 2909 1177 nobis
2974 1121 3229 1191 accipite.
3281 1119 3436 1190 Rugn

1845 1218 2027 1263 autem
2061 1224 2161 1265 vos
2191 1219 2272 1277 ut,
2305 1226 2430 1265 cum
2462 1211 2531 1266 de
2562 1209 2672 1265 Deo
2714 1225 2896 1265 sermo
2939 1221 3043 1276 est,
3075 1209 3334 1279 religiose
3382 1220 3436 1262 et

1847 1309 2051 1357 attente
2086 1302 2421 1371 quaestiones
2473 1303 2761 1369 moveatis,
2814 1304 3214 1372 veritatemque
3261 1310 3359 1355 aut
3403 1317 3431 1353 a

1851 1394 2004 1447 vobis
2041 1395 2197 1462 ipsis,
2228 1405 2323 1449 aut
2364 1396 2432 1451 ab
2482 1395 2606 1450 aliis
2642 1393 2955 1465 inquiratis,
2989 1396 3180 1462 procul
3231 1393 3433 1462 reiecta

1852 1485 2209 1539 contentione
2253 1501 2269 1538 :
2311 1486 2407 1540 sed
2453 1494 2509 1539 et
2555 1485 2600 1540 si
2641 1485 2772 1554 quid
2821 1484 2878 1538 iit
2916 1485 2985 1539 iis
3031 1497 3155 1554 quae
3189 1483 3434 1537 diximus

1853 1592 2094 1633 erratum
2136 1587 2242 1642 est,
2271 1578 2564 1646 currigatis
2593 1595 2609 1633 :
2643 1591 2770 1633 cum
2816 1578 2999 1647 exigui
3047 1579 3153 1634 sim
3204 1575 3431 1646 ingenii,

1857 1681 1913 1725 et
1943 1680 2220 1742 peccator.

2330 1783 2518 1839 LXVI.
2541 1816 2610 1825 —
2637 1784 2961 1843 Cateclteais.

172 1901 397 1954 Primum
419 1901 584 1965 aliqua
607 1903 668 1950 de
694 1905 798 1952 suis
837 1904 990 1951 rebus
1011 1901 1184 1952 scribit
1205 1923 1216 1951 :
1240 1902 1422 1951 deinde
1445 1903 1684 1953 adversus
1705 1901 2068 1965 Iconomachos.
2091 1900 2299 1949 Romani
2323 1904 2474 1950 etiam
2499 1903 2744 1965 pontiﬁcis
2766 1901 3021 1952 sententia
3044 1904 3299 1954 damnatos
3319 1918 3434 1954 esse

272 1967 486 2029 letatur.
507 1963 639 2013 Suos
663 1966 721 2012 ad
751 1966 1172 2029 perseverantiam
1211 1966 1474 2029 hortatur:
1510 1968 1702 2026 piarum
1739 1963 2030 2013 feminarum
2075 1975 2242 2012 curam
2276 1965 2587 2014 commendat
2611 1978 2623 2012 :
2647 1963 2845 2014 demum
2869 1965 3088 2029 patiendi
3127 1979 3217 2028 pro
3239 1965 3436 2018 Christo

265 2023 487 2074 studium
512 2030 716 2075 excitat.
742 2023 953 2087 (Buron.
979 2040 1060 2076 an.
1087 2027 1198 2085 8l8,
1220 2039 1268 2074 ιι,
1309 2026 1406 2088 l5.)

245 2108 323 2160 Τὸ
363 2108 537 2180 παρὸν
566 2110 762 2172 κοινῶς
811 2112 945 2164 πᾶσι
979 2112 1070 2162 καὶ
1101 2111 1201 2164 οὐκ
1247 2110 1352 2182 ἰδία
1391 2110 1608 2180 ἑκάστῳ
1638 2111 1753 2163 ἑπι-

1929 2107 2177 2163 Praesens
2206 2105 2468 2176 temporis
2507 2107 2752 2161 conditio
2781 2108 2973 2177 poscit.
3009 2119 3068 2164 ut
3096 2109 3432 2179 c0njunctim

172 2200 387 2254 στεῖλαί
417 2218 483 2269 με
509 2217 524 2231 ο
555 2201 654 2254 οὐκ
683 2202 748 2255 ὲκ
781 2205 1240 2273 καταφρονήσεως
1262 2244 1276 2268 ,
1309 2201 1431 2256 οὐδὲ
1462 2202 1522 2266 ἐξ
1563 2202 1757 2269 ὀλιγω-

174 2289 324 2359 ρίας.
357 2291 556 2360 ἄπαγε·
590 2292 706 2354 πῶς
739 2291 847 2362 γάρ
877 2291 944 2345 ἂν
967 2295 1446 2363 καταφρονήσαιμι
1471 2292 1581 2345 τῶν
1609 2291 1757 2362 ἐμῶν

175 2379 506 2448 σπλάγχνων
545 2379 640 2433 καὶ
678 2380 1029 2453 ὀμολογητῶν
1065 2382 1324 2453 Χριστοῦ,
1363 2383 1439 2454 μὴ
1468 2384 1589 2452 οὐχὶ
1624 2384 1759 2453 μᾶλ-

174 2473 271 2524 λον
313 2474 408 2525 καὶ
437 2473 497 2524 τὸ
531 2467 674 2545 αἷμά
705 2490 806 2542 μου
841 2473 1036 2527 κενοῦν
1077 2475 1200 2527 ἀντὶ
1239 2475 1489 2545 μέλανος,
1525 2477 1620 2528 καὶ
1661 2477 1758 2538 τὰς

175 2563 391 2632 σάρκας
420 2539 682 2632 παρέχειν
699 2539 824 2618 ἀντὶ
856 2564 1083 2634 χάρτουο
1108 2567 1188 2629 εἰς
1209 2539 1273 2618 τὸ
1307 2567 1672 2635 καθεκάστην,
1707 2568 1757 2618 εἰ

171 2647 290 2706 οἷόν
320 2670 378 2705 τε
411 2649 500 2724 ἧν,
537 2655 771 2726 γράφειν
804 2657 897 2709 καὶ
935 2660 1278 2728 προσφωνεῖν
1309 2659 1489 2728 apag;
1526 2659 1632 2712 Καὶ
1659 2659 1758 2728 οὑχ

171 2746 260 2798 ὅτι
295 2745 394 2798 οὐκ
417 2746 541 2800 ἐστὲ
569 2747 664 2816 ἀφ’
689 2748 1336 2822 ὲαυτῶνὲστηριγμένοι.
1367 2748 1497 2805 Οἶδα
1525 2753 1636 2824 γὰρ
1661 2755 1757 2807 καὶ

173 2838 485 2909 πέπεισμαι
526 2841 628 2910 ὅση
667 2842 795 2910 ὑμῖν
838 2845 874 2913 ἡ
927 2843 1076 2915 παρά
1122 2843 1258 2897 Θεοῦ
1296 2844 1527 2914 δύναμις
1552 2861 1566 2874 ⁸
1618 2845 1756 2900 ἀλλά

172 2931 270 2985 τὸν
297 2931 534 2999 ἐμαυτοῦ
565 2932 732 2985 πόθον
770 2934 1123 3004 θεραπέυων,
1167 2940 1262 2990 καὶ
1304 2938 1364 2990 τὸ
1402 2938 1503 3005 τῆς
1534 2939 1758 3009 ἐντολῆς

173 3023 517 3096 ἀποπληρῶν
537 3025 715 3096 χρέος.
746 3026 928 3080 Αἴτιον
943 3029 1000 3080 δὲ
1029 3028 1092 3081 τὸ
1120 3031 1217 3100 τῆς
1247 3031 1517 3100 φυλακῆς,
1555 3032 1760 3100 μᾶλλον

173 3116 608 3188 ἀσφαλέστερον⁸
645 3117 1078 3189 μεθορισθὲντων
1105 3125 1138 3191 ἡ
1149 3123 1264 3190 μῶν
1290 3125 1435 3194 ἄρτι,
1460 3124 1636 3188 καθὼς
1663 3125 1757 3177 καὶ

175 3207 601 3279 προηκούσατε,
651 3211 710 3276 ἐξ
769 3210 1132 3264 Ἀνατολικῶν
1181 3214 1260 3277 εἰς
1305 3215 1646 3286 Θρᾳκησίους
1698 3218 1755 3268 ὲν

174 3297 434 3371 Σμύρνῃ·
465 3299 546 3370 τῷ
569 3318 626 3354 τε
658 3303 732 3372 μὴ
756 3301 1010 3366 δέξασθαι
1043 3305 1352 3374 ἀντίγραφα
1396 3307 1502 3358 ἀπὸ
1541 3308 1752 3376 χρόνου·

173 3392 277 3442 καὶ
316 3391 490 3454 ἄλλως
520 3393 600 3444 ὅτι
625 3396 734 3457 τοῖς
762 3395 898 3457 ἴσοις
920 3395 1248 3463 ἀγωνισταῖς
1272 3398 1303 3466 ὴ
1335 3397 1472 3467 αὑτὴ
1497 3398 1753 3469 ἐπιστολὴ

172 3480 468 3550 ἀρκέσειεν
491 3483 620 3554 ἄρα.

248 3659 421 3731 Δεῦρο
447 3660 512 3731 δὴ
536 3656 652 3726 οὖν,
681 3663 902 3733 ἀδελφοί
934 3682 1059 3735 μου,
1090 3663 1309 3735 ᾇσωμεν
1343 3669 1431 3718 καὶ
1472 3667 1569 3720 νῦν
1598 3687 1756 3738 χαρι⁴

175 3754 282 3824 στή
293 3769 404 3822 ρια,
426 3755 509 3808 ὅτι
530 3753 843 3826 ἠξιώθημεν
864 3756 1137 3809 δουλεύειν
1168 3757 1287 3827 Θεῷ
1312 3759 1474 3822 ζῶντι
1501 3762 1595 3812 καὶ
1621 3762 1754 3829 ἁλη-

174 3842 335 3912 θινῴ·
363 3845 425 3896 οὐ
464 3844 590 3916 μὴν,
620 3845 753 3898 ἁλλά
787 3849 878 3898 καὶ
903 3846 963 3900 τὸ
989 3846 1127 3918 ὑπὲρ
1147 3848 1310 3900 αὑτοῦ
1341 3850 1588 3920 πάσχειν·
1620 3852 1756 3922 ὅπερ

176 3936 301 3988 ἐστὶ
331 3935 490 4006 δόξης
529 3936 746 4008 ἀπάσης
783 3937 1143 4006 ἐνδοξότερον,
1186 3940 1280 3992 καὶ
1316 3942 1490 4012 χαρᾶς
1536 3943 1756 4012 ἀπάσης

175 4025 554 4097 χαριέστερονο
601 4029 688 4081 Ἐν
721 4029 824 4082 τίνι
856 4031 965 4100 γάρ
989 4031 1049 4084 τὸ
1080 4031 1249 4093 πάθος
1279 4032 1440 4102 ὐμίνς
1489 4034 1630 4086 Ἀλλ’
1659 4036 1757 4103 οὐχ

174 4117 328 4187 ὑπὲρ
362 4117 456 4169 τοῦ
495 4120 764 4187 Χριστοῦ;
800 4122 1035 4192 Χριστὸν
1068 4123 1424 4193 ὁμολογοῦσιν
1471 4126 1756 4196 ἄνθρωπον

173 4208 482 4275 γεγονότα,
517 4208 787 4279 ἀληθινῶς
833 4212 996 4283 σαρκὶ
1028 4214 1465 4284 περιγράφεσθαι
1491 4231 1505 4244 ⁸
1539 4216 1636 4268 εἴτ’
1663 4213 1757 4268 οὖν

172 4296 603 4362 ὲξεικονίξεσθαι
625 4317 636 4327 ·
669 4300 764 4352 καὶ
791 4301 891 4371 τὴν
924 4305 1024 4371 τῆς
1062 4303 1269 4368 εἰκόνος
1311 4306 1628 4377 παραδοχὴν
1659 4306 1756 4376 τῆς

171 4387 648 4458 ἐνανθρωπήσεως
681 4391 846 4443 αὑτοῦ
884 4387 1026 4445 εἶναι
1065 4395 1358 4447 πίστωσιν·
1398 4391 1464 4468 ἦς
1498 4398 1753 4464 ἀναιρου-

175 4479 353 4549 μένης
391 4480 486 4532 καὶ
538 4480 926 4554 ἀθετουμένης,
975 4485 1219 4554 δηλονότι
1261 4488 1632 4559 συνανῄρηται
1667 4492 1758 4541 καὶ

174 4569 544 4642 συνηθέτηται
572 4574 663 4626 καὶ
704 4575 1187 4646 ήένανθρώπησις.
1232 4578 1374 4631 Ἀλλ’
1401 4581 1589 4649 ἐπειδὴ
1619 4583 1722 4634 ὲτύ

169 4664 428 4734 φλωσεν
460 4667 495 4717 ό
541 4664 686 4731 Θεὸς
741 4666 847 4721 τοῦ
888 4667 1104 4734 αἰῶνος
1134 4671 1345 4724 τούτου
1380 4671 1452 4724 τὰ
1488 4674 1758 4739 νοήματα

168 4750 290 4804 τῶν
335 4751 743 4824 Εἰκονομάχων,
781 4757 920 4825 πρὸς
963 4756 1024 4808 τὸ
1071 4757 1146 4826 μὴ
1176 4758 1415 4826 αὐγάσαι
1448 4759 1634 4820 αὐτοῖς
1665 4762 1757 4811 τὸν

1858 2197 2119 2251 omnibus
2146 2211 2256 2250 non
2281 2197 2514 2266 singulis
2540 2197 2792 2266 privatim
2822 2199 3034 2254 litteras
3057 2198 3204 2264 dem,
3230 2216 3338 2254 nun
3369 2216 3436 2254 ex

1858 2297 2175 2358 contemptu
2225 2287 2309 2341 vel
2369 2288 2658 2358 neglectu,
2718 2289 2860 2342 absit
2915 2307 2928 2343 :
2982 2305 3106 2343 nam
3157 2293 3437 2359 quomodo

1858 2380 2068 2434 viscera
2121 2395 2239 2434 mea
2279 2395 2533 2449 spernam
2575 2389 2630 2435 et
2671 2379 3024 2436 confessores
3075 2383 3301 2446 Christi,
3336 2399 3437 2438 nec

1859 2472 2044 2542 potius
2082 2472 2403 2542 sanguinem
2435 2472 2555 2526 vice
2594 2474 2880 2526 atramenti
2914 2469 3162 2536 fmtdztm,
3201 2475 3433 2544 pellem-

1858 2579 1965 2632 que
2017 2578 2114 2632 pro
2159 2565 2350 2617 charta
2395 2562 2688 2632 praebeam,
2747 2571 2805 2617 ut
2853 2565 3085 2635 singulis
3120 2566 3333 2631 diebus,
3386 2567 3435 2621 si

1861 2653 1976 2707 ﬁeri
2009 2653 2204 2722 possit,
2235 2667 2332 2707 vos
2371 2652 2590 2722 scriptis
2625 2654 2818 2707 litteris
2846 2652 3137 2722 alloquar?
3162 2652 3233 2705 At
3261 2667 3436 2720 neque

1862 2744 2074 2799 idcirco
2103 2743 2249 2813 quod
2279 2758 2375 2811 per
2402 2758 2497 2796 vos
2539 2742 2638 2812 ipsi
2670 2742 2828 2796 ﬁrmo
2864 2744 3031 2796 animi
3068 2743 3265 2797 robore
3294 2757 3434 2812 pra:-

1857 2838 1973 2894 diti.
2013 2852 2122 2893 non
2173 2837 2318 2892 sitis.
2380 2835 2515 2890 Novi
2569 2837 2721 2889 enim
2770 2851 2833 2890 ac
2883 2851 3204 2905 persuasum
3259 2835 3435 2889 habeo

1858 2938 2062 2999 quanta
2097 2929 2170 2984 sit
2199 2928 2356 2984 vobis
2399 2943 2430 2982 ι
2464 2927 2574 2981 Deo
2607 2927 2781 2982 virtus
2814 2946 2827 2982 :
2855 2927 2950 2981 sed
2992 2926 3267 2981 desiderio
3314 2941 3435 2979 meo

1858 3022 2271 3082 obsecundans,
2296 3034 2361 3074 ac
2391 3020 2632 3073 mandati
2665 3019 2913 3074 debitum
2944 3020 3254 3073 exsolvens.
3287 3017 3434 3072 Scri-

1857 3114 2020 3170 bendi
2046 3121 2228 3167 autem
2255 3126 2422 3166 causa
2451 3119 2555 3177 est,
2585 3109 2900 3178 diligentior
2931 3110 3105 3164 multo
3135 3109 3385 3164 custodia
3417 3125 3432 3161 :

1856 3205 2003 3276 quod
2070 3202 2306 3259 traducti
2362 3217 2596 3266 sumus,
2641 3200 3104 3272 quemadmodum
3162 3210 3217 3254 et
3281 3201 3435 3271 prius

1856 3293 2243 3356 inandivistis,
2298 3307 2364 3346 ex
2417 3290 2658 3346 Orientis
2719 3299 2900 3345 tractu
2961 3290 3016 3344 in
3063 3288 3434 3344 Thracenscm

1858 3385 2150 3455 Smyrnam
2189 3403 2201 3437 ι
2235 3396 2343 3438 tum
2378 3399 2507 3437 vero
2541 3382 2687 3453 quod
2723 3380 3050 3452 jamdudum
3099 3379 3168 3435 ad
3200 3394 3302 3434 nos
3342 3395 3432 3434 re-

1779 3495 1822 3553 c
1857 3479 2058 3548 scripta
2107 3492 2217 3531 non
2271 3475 2624 3546 perferuntur
2659 3493 2671 3528 :
2706 3475 2925 3540 deinde,
2963 3473 3112 3544 quod
3157 3489 3222 3526 ex
3276 3488 3435 3542 azqno

1855 3568 2247 3623 dimicantibus
2273 3566 2505 3637 epistola
2541 3582 2648 3620 una
2683 3565 2901 3620 abunde
2933 3564 3120 3620 futura
3151 3573 3254 3619 est.

1925 3661 2080 3730 Agite
2135 3660 2354 3729 itaque,
2399 3659 2597 3712 fratres
2647 3659 2800 3712 mei:
2845 3674 2992 3713 nunc
3053 3671 3274 3728 quoque
3327 3669 3432 3710 non

1856 3751 1975 3806 sine
2009 3761 2170 3806 cantu
2203 3761 2387 3821 grates
2412 3766 2662 3820 agamus,
2683 3750 2828 3820 quod
2860 3749 3012 3819 digni
3046 3749 3222 3804 habiti
3241 3763 3435 3802 sumus

1856 3843 1949 3911 qui
1972 3841 2084 3896 Deo
2107 3843 2232 3896 vivo
2257 3857 2321 3896 ac
2349 3857 2477 3896 vero
2508 3843 2815 3897 serviamus
2843 3857 2859 3894 :
2884 3855 3063 3910 neque
3091 3841 3195 3893 hoc
3229 3839 3432 3902 solum,

1857 3932 1953 3985 sed
1995 3942 2048 3986 et
2091 3931 2182 4002 qui
2217 3945 2317 4001 pro
2355 3932 2474 4002 ipso
2508 3932 2780 4001 patiamur
2812 3948 2826 3983 :
2854 3928 3004 4000 quod
3055 3943 3274 3983 omnem
3314 3927 3434 3997 glo-

1858 4024 1995 4077 riam
2063 4033 2322 4093 superat,
2383 4038 2717 4094 omnemque
2781 4022 3051 4076 laetitiam.
3108 4018 3246 4074 Nam
3310 4035 3435 4090 qua

1859 4116 2012 4170 vobis
2064 4131 2228 4170 causa
2275 4114 2552 4186 patiendi?
2585 4118 2782 4170 Annon
2834 4124 3060 4185 propter
3101 4113 3432 4168 Christum?

1857 4207 2003 4277 quod
2048 4205 2332 4262 Christum
2372 4207 2653 4261 hominem
2691 4207 2894 4262 factum
2934 4205 3275 4260 conlitemini
3309 4221 3436 4259 vere

1858 4313 2026 4352 carne
2054 4298 2458 4362 circumscribi,
2503 4307 2668 4367 atque
2703 4298 2839 4353 adeo
2870 4298 3132 4352 delineari
3179 4297 3431 4368 pictura;

1857 4405 1922 4445 ac
1950 4391 2192 4461 ejusdem
2225 4392 2483 4463 imaginis
2520 4391 2950 4461 susceptionem,
2996 4391 3142 4444 illius
3175 4390 3435 4457 incorpo-

1860 4482 2087 4538 rationis
2139 4482 2298 4538 ﬁdem
2351 4498 2650 4553 essezqua
2703 4481 2921 4538 sublata
2976 4491 3033 4536 et
3080 4491 3432 4551 contempta,

1859 4575 2068 4629 tollitur
2101 4575 2331 4630 omnino
2379 4584 2434 4628 et
2479 4574 2853 4630 contemnitur
2890 4575 3287 4643 incorporatio.
3324 4573 3430 4628 Sed

1859 4670 2120 4736 quoniam
2173 4666 2312 4722 Deus
2354 4666 2512 4736 hujus
2557 4668 2743 4743 surculi
2771 4668 3054 4721 excwcavit
3095 4677 3288 4720 memet
3317 4667 3431 4721 Ico-

1861 4761 2258 4814 nomachorum
2283 4759 2353 4825 “,
2386 4771 2446 4813 ut
2471 4776 2538 4814 ne
2570 4758 2849 4829 aﬂ'ulgeret
2873 4759 2940 4814 iis
2971 4759 3230 4828 splendor
3255 4759 3431 4828 ipsius

171 4843 464 4912 φωτισμὸν
503 4843 606 4913 τῆς
647 4847 855 4910 εἰκόνος
901 4848 1104 4900 αὐτοῦ’
1140 4849 1230 4902 διὰ
1265 4849 1422 4902 τοῦτο
1465 4851 1525 4902 ὲν
1571 4852 1752 4902 σκότει

1858 4850 2158 4920 imaginis:
2193 4851 2402 4906 idcirco
2461 4851 2515 4904 in
2575 4850 2814 4906 tenebris
2876 4850 3218 4904 ambulantes
3273 4850 3434 4902 Chri-

169 4934 624 5003 διαπορευόμενοι
652 4938 942 5008 ἀρνοῦνται
965 4940 1218 5010 Χριστὸν,
1246 4940 1570 5011 ἀρνούμενοι
1589 4942 1753 4994 αὑτοῦ

1858 4954 1998 4996 stum
2017 4944 2312 5014 abuegant,
2345 4943 2517 5014 ipsius
2546 4944 2838 5015 imaginem
2866 4944 3198 5013 abnegantes
3229 4960 3243 4997 :
3271 4955 3436 5011 atque

169 5027 279 5092 τὴν
310 5024 496 5076 εἰκόνα
548 5026 642 5078 καὶ
669 5029 1038 5095 φιλονεικοῦσι
1067 5031 1276 5092 πάντας
1310 5032 1753 5101 συνεκτυφλωθῆ-

1858 5035 2006 5088 omni
2043 5052 2147 5105 ope
2190 5039 2531 5092 contendunt
2587 5047 2644 5092 ut
2673 5052 2868 5090 omnes
2921 5051 3046 5089 cum
3084 5036 3218 5106 ipsis
3253 5051 3433 5090 caecu—

168 5132 266 5169 ναι
295 5115 510 5175 αὐτοῖς·
541 5115 849 5182 διώκοντες,
877 5122 1200 5185 αἰκίζοντες,
1225 5121 1634 5189 φυλακίξοντες,
1662 5123 1753 5176 καὶ

1858 5126 1995 5180 tiant
2028 5145 2042 5180 :
2077 5136 2490 5197 persequentes,
2545 5127 2836 5194 caedentes,
2870 5127 3076 5181 carceri
3112 5127 3434 5196 mancipan-

171 5209 254 5270 ὡς
282 5210 460 5260 εἰπεῖν
489 5209 577 5261 ἀεὶ
620 5211 1029 5277 ἀποκτένοντες.
1089 5215 1229 5266 Ἀλλ’
1262 5215 1358 5284 οὐχ
1387 5215 1598 5279 ἒλξουσι
1634 5219 1753 5278 τοὺς

1858 5228 1960 5284 tes,
2012 5235 2076 5274 ac
2139 5223 2534 5291 propemodum
2575 5235 2788 5289 semper
2836 5220 3168 5275 occidentes.
3213 5220 3284 5273 At
3325 5235 3432 5273 non

173 5300 583 5372 βεϐαιωθέντας
630 5305 724 5355 καὶ
784 5307 1207 5376 ἐστηριγμένους
1260 5311 1324 5377 τῇ
1379 5309 1753 5378 ἀμεταπτώτῳ

1865 5313 2183 5380 pertrahent
2223 5328 2318 5367 eos
2346 5315 2438 5383 qui
2491 5312 2797 5367 conﬁrmati
2837 5322 2964 5368 sunt
2999 5327 3063 5366 ac
3089 5313 3434 5367 corroborati

173 5390 434 5460 ἀληθεία.
464 5392 586 5445 Οὐδ’
618 5394 678 5445 οὑ
713 5400 818 5464 μην
852 5397 1108 5465 διέφυγον
1151 5398 1226 5468 μὴ
1253 5401 1371 5468 οὐχὶ
1405 5401 1499 5451 καὶ
1529 5401 1633 5451 ὑπὸ
1663 5400 1755 5451 τοῦ

171 5481 487 5554 κορυφαίου
552 5487 740 5555 θρόνου
789 5489 886 5556 τῆς
951 5491 1275 5560 Ἐκκλησὶας
1332 5491 1752 5562 διελεγχθῆναι,

172 5573 368 5636 καθὼς
396 5576 490 5628 καὶ
519 5577 738 5644 ἐγένετο
762 5623 775 5645 ,
811 5582 902 5632 καὶ
934 5582 1130 5636 οἴδατε.
1167 5584 1274 5635 Καὶ
1306 5579 1372 5654 ἦν
1412 5583 1508 5651 μὲν
1535 5585 1666 5653 ἡμῖν
1693 5585 1754 5636 τὸ

172 5663 425 5731 ἀσφαλὲς
457 5664 552 5718 καὶ
581 5665 905 5737 εἱλικρινὲς,
948 5671 1043 5722 καὶ
1073 5671 1178 5737 πρὸ
1220 5671 1319 5741 τῆς
1360 5673 1468 5724 τῶν
1511 5671 1754 5724 Δυτικῶν

171 5754 470 5819 ἐλεύσεως.
508 5755 879 5825 Προσεγένετο
916 5760 972 5812 δὲ
1012 5761 1172 5815 πλέον
1217 5764 1297 5815 ὅτι
1350 5763 1584 5832 μάλιστα
1627 5766 1755 5817 κάν-

248 5872 295 5904 ⁸³
321 5872 387 5927 de
413 5872 534 5930 Div.
567 5877 880 5940 nominibus.
909 5895 1033 5948 cap.
1061 5881 1111 5934 l.
1188 5881 1233 5914 "
1257 5882 1298 5937 ll
1329 5883 1453 5939 Cor.
1489 5899 1559 5949 tv,
1597 5884 1647 5937 4.

477 5972 744 6036 Pauor.
797 5975 891 6038 Gn
964 5977 1176 6042 XCIX.

1863 5405 2192 5458 immutabili
2239 5408 2491 5458 veritate.
2525 5404 2668 5460 Sane
2713 5422 2820 5459 non
2869 5404 3195 5474 effugerunt,
3237 5403 3366 5474 quin
3403 5419 3433 5457 a

1861 5509 2118 5563 supremo
2148 5493 2410 5550 Ecclesia:
2433 5496 2627 5550 throno
2652 5506 3031 5567 arguerentur,
3059 5495 3202 5550 sicut
3230 5495 3432 5551 factum

1860 5595 1964 5651 est,
2000 5597 2054 5642 et
2087 5590 2190 5658 ipsi
2220 5589 2392 5644 scitis.
2430 5589 2498 5643 Et
2527 5589 2686 5643 nobis
2721 5589 2934 5657 quidem
2967 5598 3080 5643 tuta
3126 5597 3181 5642 et
3219 5589 3435 5643 sincera

1865 5690 2024 5732 erant
2058 5681 2262 5748 omnia,
2291 5681 2455 5736 etiam
2492 5691 2617 5736 ante
2651 5678 3080 5736 Occidentalium
3115 5680 3431 5733 adventum.

1862 5768 2163 5828 Plurimum
2215 5789 2342 5830 vero
2385 5774 2549 5830 etiam
2584 5774 2710 5830 inde
2747 5775 2999 5839 accessit,
3033 5784 3091 5828 ut
3140 5787 3435 5843 cognoscas

2923 5976 2991 6034 41
