3934 6428
545 368 678 433 1291

1732 360 1793 420 S.
1818 354 2211 417 THEODORI
2265 355 2611 414 STUDITJE

3669 352 3785 415 1292

542 494 689 539 mus,
722 474 796 529 uti
825 471 1137 542 superiores
1177 478 1387 530 mtatcs,
1432 467 1511 523 sic
1543 475 1595 520 et
1628 476 1869 521 nostram
1903 477 2122 534 quoque

2236 462 2435 523 ιεῦθεν,
2459 463 2535 525 ὡς
2559 462 2624 515 ἂν
2646 461 2863 531 γνῶμεν
2886 461 2969 514 ὅτι
2994 459 3265 514 ἀκόλουθα
3290 464 3411 525 ταῖς
3431 461 3546 515 ἄνω
3574 466 3793 529 γενεαῖς,

544 569 655 622 Deo
687 579 832 620 curm
874 578 1018 624 esse.
1050 570 1214 630 atque
1246 560 1313 614 ab
1354 558 1475 627 ipso
1505 568 1631 612 ante
1656 557 1901 611 omnium
1935 554 2126 609 oculos

437 718 447 730 γ
543 659 802 714 constitui
838 655 1238 717 testimonium,
1271 652 1419 721 quod
1466 650 1534 704 ab
1580 664 1646 703 eo
1689 647 1851 701 alieni
1885 647 1994 700 sint
2028 644 2123 714 qui

546 750 839 818 imaginem
892 752 1114 815 negant.
1164 744 1222 797 Si
1275 743 1422 797 enim
1473 757 1501 793 a
1564 739 1855 810 coryphazo
1906 736 2125 806 abrupti

542 852 689 907 sunt,
742 850 797 896 et
842 840 910 895 ab
963 840 1085 893 aliis
1128 838 1305 891 tribus
1350 835 1715 906 patriarchis;
1759 831 1949 901 utique
2000 840 2055 884 et
2094 844 2124 882 a

542 935 787 997 Christo,
845 935 938 1004 qui
1000 944 1166 1003 caput
1224 942 1309 986 est
1366 929 1749 999 praedictorum
1783 942 1798 980 :
1834 935 1889 980 et
1943 925 2127 995 lugere

543 1030 758 1082 illorum
788 1042 952 1082 causa
994 1037 1049 1080 et
1087 1040 1321 1080 mcerere
1350 1022 1626 1086 convenit,
1657 1029 1845 1075 nostra
1882 1032 2013 1073 vero
2038 1018 2128 1072 lte-

542 1122 645 1176 tari
682 1136 846 1190 supra
886 1119 1135 1174 modum.

615 1213 883 1282 Deinceps
914 1212 1121 1280 itaque,
1156 1208 1362 1271 dilecti,
1405 1206 1646 1261 carceris
1678 1205 1959 1259 molestias
2002 1218 2126 1272 per-

549 1304 813 1365 feramus,
869 1318 934 1358 ac
989 1303 1328 1357 tentationes
1379 1314 1502 1368 quae
1560 1298 1917 1368 impendent;
1978 1295 2125 1351 istud

544 1397 746 1465 ipsum,
787 1395 1034 1464 quotidie
1063 1394 1225 1457 mori,
1259 1391 1632 1446 testimonium
1665 1390 1917 1453 reddere,
1940 1390 2127 1442 decer-

548 1499 663 1541 tare
707 1486 888 1557 quoad
943 1499 1120 1554 usque
1169 1483 1323 1553 pacis
1377 1490 1593 1551 tempus
1647 1480 1945 1534 adveniat:
1984 1479 2126 1549 quod

546 1580 816 1633 Dominus
840 1576 1108 1648 judicavit
1145 1576 1280 1629 satis
1328 1589 1452 1629 esse
1503 1573 1571 1627 ad
1615 1587 1805 1627 eorum
1846 1572 2126 1641 probatio-

545 1686 671 1724 nem
720 1670 816 1739 qui
865 1668 1221 1733 conﬁtenlur,
1272 1675 1326 1721 et
1377 1666 1444 1719 ad
1486 1665 1750 1719 ultionem
1794 1679 1984 1718 eorum
2032 1663 2129 1733 qui

544 1763 706 1817 ﬁdem
739 1762 955 1817 veritati
1004 1761 1296 1830 abrogant.
1341 1760 1467 1813 Dies
1504 1759 1650 1812 diem
1686 1757 1868 1811 trudat
1902 1771 2000 1825 per
2029 1769 2127 1824 pa-
2162 1805 2201 1861 Β

548 1853 797 1906 tientiam
843 1860 897 1906 et
929 1852 1270 1907 alacritatem
1302 1868 1316 1903 :
1351 1865 1545 1904 manus
1575 1848 1960 1918 qualecunque
1990 1860 2128 1914 opus

547 1957 805 2014 operetur
852 1944 1085 2014 :lingua
1137 1944 1337 2014 psallat
1382 1959 1394 1995 :
1435 1957 1637 2011 corpus
1691 1943 1745 1994 in
1809 1940 2125 1995 servitutem

547 2041 880 2108 redigatur:
918 2039 1022 2093 sibi
1073 2039 1190 2108 ipse
1243 2038 1490 2093 attendat
1553 2037 1797 2101 animus,
1853 2049 1922 2089 ne
1979 2033 2129 2087 vitiis

548 2132 752 2201 pandat
790 2129 937 2186 fores
967 2149 981 2184 :
1017 2140 1076 2184 ut
1105 2146 1170 2185 eo
1218 2139 1378 2200 pacto
1428 2128 1670 2197 spatiosa
1720 2126 1813 2181 ﬁat
1855 2126 2125 2183 custodia.

549 2225 816 2295 gratiosa,
856 2224 1125 2294 jucunda,
1161 2223 1368 2277 Christi
1404 2222 1669 2292 palatium
1705 2235 1719 2274 :
1750 2236 1875 2274 nam
1926 2235 2013 2275 res
2054 2219 2131 2272 vi-

547 2320 710 2372 detur
754 2324 948 2372 contra
980 2332 1039 2371 se
1069 2316 1291 2370 habere.
1340 2314 1515 2370 Penes
1544 2330 1642 2368 vos
1672 2325 1756 2369 est
1802 2313 2001 2368 ﬁducia
2036 2328 2131 2366 eo-

549 2426 672 2465 rum
706 2412 799 2480 qui
836 2410 971 2464 l'oris
1003 2419 1154 2472 sunt,
1191 2409 1435 2462 virorum
1473 2423 1537 2462 ac
1568 2408 1883 2471 mulierum,
1917 2406 2131 2460 monia-

550 2505 686 2557 lium
739 2517 803 2555 ac
850 2502 1072 2572 plebis:
1126 2512 1183 2555 et
1227 2500 1347 2568 iure
1402 2502 1609 2569 optimo
1640 2519 1652 2554 :
1682 2500 2127 2570 quandoquidem

549 2595 757 2649 Christi
799 2593 1066 2648 beneﬁcio
1099 2594 1191 2646 lux
1223 2592 1357 2646 estis
1388 2592 1654 2662 Byzantii,
1687 2608 1754 2647 ne
1777 2592 1952 2646 dicam
1980 2592 2133 2646 orbis

553 2686 747 2739 totius.
777 2683 883 2738 Sed
917 2683 1197 2738 diabolum
1235 2683 1554 2736 intueamur
1581 2682 1998 2736 interserentem
2024 2679 2135 2734 fru-

550 2786 739 2832 mento
799 2775 1010 2829 zizania
1055 2784 1154 2831 :et
1201 2778 1441 2845 spiritali
1505 2775 1688 2828 cribro
1737 2774 1895 2827 ﬁdem
1944 2772 2133 2843 utique

552 2870 933 2933 admittamus,
981 2868 1325 2924 excutiamus
1357 2878 1539 2922 autem
1569 2866 1798 2921 allectus
1833 2886 1845 2921 :
1876 2882 1943 2922 ne
1969 2868 2135 2938 spiri-

554 2963 679 3017 talis
718 2976 848 3031 ager
875 2962 1281 3031 pessumdetur.
1333 2960 1536 3016 Habuit
1579 2969 1634 3014 et
1671 2977 1902 3031 magnus
1930 2961 2134 3016 Paulus

552 3054 933 3117 charissimas,
976 3056 1207 3124 Appiani
1234 3054 1305 3118 ⁸⁵,
1344 3053 1624 3108 Persidem
1649 3053 1695 3084 ⁸⁸
1728 3072 1740 3105 :
1776 3064 1830 3108 et
1870 3053 2132 3108 Evodiam

554 3157 732 3215 rogat,
768 3157 821 3199 et
856 3147 1177 3217 Syntychen
1214 3149 1567 3214 deprecatur,
1600 3145 1841 3215 ldipsum
1874 3160 2055 3211 sapere
2081 3146 2134 3196 in
2162 3161 2204 3219 α

552 3236 780 3289 Domino
804 3230 891 3290 ’τε
927 3246 1187 3307 tanquam
1239 3236 1492 3290 laborum
1530 3239 2000 3305 certaminumque
2044 3252 2135 3291 so-

554 3328 667 3381 cias
707 3334 761 3380 et
785 3326 1106 3395 adjutrices.
1156 3326 1224 3380 Et
1253 3326 1456 3380 habere
1495 3327 1727 3380 omnino
1764 3341 1990 3381 necesse
2027 3335 2131 3391 est,

553 3421 648 3473 sed
698 3419 1165 3497 quemadmodum
1218 3420 1309 3475 ille
1358 3420 1569 3475 habuit.
1607 3419 1817 3476 Deinde
1865 3419 2039 3490 inquit
2069 3421 2135 3473 de

552 3509 806 3565 Priscilla
838 3521 891 3564 et
919 3511 1161 3581 Aquila:
1197 3510 1479 3580 Siquidem
1512 3528 1609 3581 pro
1645 3512 1824 3565 anima
1858 3527 1971 3564 mea
2023 3526 2136 3563 cer-

552 3605 688 3656 vices
719 3620 845 3657 suos
868 3613 1253 3672 supposuerunt
1276 3604 1346 3658 ⁸⁸.

627 3695 794 3751 Vides
841 3698 1047 3751 amoris
1098 3698 1372 3762 ardorem,
1410 3707 1463 3751 et
1492 3698 1739 3767 Apostoli
1780 3698 2134 3753 commenda-

553 3778 795 3843 tionem?
846 3788 958 3857 Sic,
1005 3790 1203 3844 fratres
1245 3791 1373 3855 mei,
1406 3800 1460 3845 et
1514 3806 1613 3846 nos
1661 3798 1717 3844 et
1766 3806 1882 3855 vos,
1930 3792 2133 3859 pariter

553 3882 861 3936 habeamus
891 3890 947 3935 et
986 3882 1389 3950 amplectamur
1434 3896 1527 3937 eas
1556 3896 1679 3951 quae
1719 3881 1964 3951 ejusdem
2002 3896 2135 3935 con-

552 3973 779 4028 ditionis
810 3988 874 4027 ac
904 3973 1107 4035 meriti,
1142 3972 1301 4028 nobis
1334 3972 1767 4042 adiunctae-sunt
1802 3988 1865 4028 ac
1890 3974 2082 4028 deditae
2116 3993 2130 4029 :

554 4077 615 4121 ut
655 4079 709 4122 et
755 4068 1095 4137 gloriﬁcetur
1126 4067 1292 4131 Deus,
1331 4076 1386 4121 et
1422 4083 1522 4122 nos
1575 4067 1976 4132 illuminemur,
2022 4083 2131 4121 non

554 4160 907 4230 inquinemur
947 4170 1130 4213 autem
1174 4170 1225 4214 et
1266 4160 1673 4229 perturbemur.
1712 4159 1785 4213 De
1830 4160 1987 4214 vobis
2034 4161 2136 4212 tri-

554 4255 656 4306 bus
698 4253 764 4307 ad
797 4268 883 4306 tne
920 4253 1191 4321 perlatum
1222 4260 1327 4318 est,
1372 4252 1724 4307 consociatos
1761 4267 1856 4307 vos
1885 4268 2007 4307 esse
2040 4268 2133 4320 per

552 4351 933 4421 pCBnitentiam
994 4358 1049 4404 et.
1108 4351 1473 4418 mutationem
1527 4348 1741 4404 Leontii
1794 4366 1808 4402 :
1857 4358 1912 4404 et
1959 4349 2130 4403 Deum

554 4443 855 4511 gloriﬁcavi
902 4459 1002 4513 ego
1051 4452 1329 4513 peccator,
1362 4451 1476 4496 tum
1525 4444 1595 4497 ob
1633 4442 1780 4497 illius
1834 4442 2131 4512 mitigatio-

554 4551 700 4596 nem,
737 4536 783 4588 si
829 4535 994 4589 modo
1035 4545 1369 4603 perseveret,
1404 4543 1521 4589 tum
1555 4536 1626 4589 ob
1662 4546 1909 4589 vestrum
1955 4541 2132 4587 certa-

554 4645 679 4683 men
716 4650 725 4682 :
762 4628 932 4698 quod,
985 4636 1243 4698 tanquam
1280 4644 1310 4683 e
1350 4628 1570 4682 camino
1620 4629 1764 4699 ignis
1809 4639 1919 4683 tres
1957 4627 2134 4682 sancti

552 4722 732 4790 pueri,
774 4722 854 4775 sic
888 4729 943 4776 et
992 4720 1094 4789 ipsi
1146 4734 1177 4774 e
1230 4727 1373 4774 tetro
1427 4734 1651 4774 carcere
1695 4721 1851 4774 illaesi
1893 4721 2131 4786 exiistis,

554 4825 789 4885 tyranno
814 4814 1131 4883 perterrito.
1176 4811 1280 4867 Sed
1317 4812 1521 4877 adhuc,
1558 4810 1656 4865 viri
1704 4814 1940 4874 strenui,
1968 4814 2133 4867 dimi-

553 4915 692 4981 cate,
728 4915 782 4959 et
811 4920 910 4960 vos
958 4904 1025 4958 ad
1069 4904 1428 4957 tentationem
1484 4914 1798 4973 comparate
1845 4920 2016 4973 usque
2064 4904 2131 4958 ad

555 4998 899 5068 sanguinem.
948 4995 1080 5051 Hac
1117 4996 1263 5050 enim
1313 4995 1399 5049 lex
1434 4995 1683 5065 martyrii
1734 5004 1840 5050 est.
1891 4998 2015 5049 Sint
2050 4996 2130 5049 illi

552 5091 824 5144 benedicti
877 5090 972 5161 qui
1031 5105 1131 5144 vos
1180 5088 1578 5151 corroborant,
1639 5103 1735 5142 seu
1788 5088 1975 5150 domi,
2031 5104 2126 5143 seu

554 5185 707 5239 foris.
735 5180 851 5236 Nos
892 5183 1079 5237 miseri
1116 5197 1337 5236 rursum
1382 5181 1555 5251 plagis
1597 5181 1723 5234 caesi
1763 5196 1955 5235 sumus
1989 5198 2003 5234 :
2035 5182 2127 5235 sed

553 5292 677 5329 cum
708 5276 1008 5344 gratiarum
1045 5275 1263 5327 actione
1301 5272 1615 5340 excepimus
1650 5288 1662 5324 :
1690 5280 1745 5325 et
1774 5287 1921 5326 nunc
1954 5273 2129 5343 magis

551 5371 716 5423 etiam
748 5367 908 5420 nobis
936 5367 1234 5436 placemus.
1271 5364 1452 5429 Quare
1484 5379 1582 5418 nec
1606 5379 1701 5419 vos
1725 5365 2128 5420 contristemini

552 5464 605 5515 in
644 5459 952 5514 humilitate
983 5466 1206 5522 nostra;
1254 5456 1346 5511 sed
1395 5455 1627 5524 gaudete
1654 5456 1859 5525 potius,
1894 5465 1948 5509 et
1979 5466 2130 5510 orate

555 5562 611 5605 ut
631 5552 915 5605 valeamus
943 5548 1120 5603 adhuc
1152 5548 1204 5600 in
1238 5546 1522 5610 omnibus,
1554 5556 1609 5600 et.
1631 5562 1695 5600 ea
1733 5548 1968 5601 tolerare
2003 5562 2125 5616 qua:

554 5658 584 5696 a
622 5640 981 5710 potestatibus
1024 5635 1354 5701 inferuntur,
1403 5645 1457 5690 et.
1506 5652 1571 5692 ea
1604 5636 1876 5690 sustinere
1906 5652 2027 5705 qua:
2054 5636 2123 5691 ab

620 5822 666 5851 "
693 5817 927 5872 Philem.
961 5835 970 5869 I
1039 5820 1086 5869 l.

2228 556 2322 607 καὶ
2348 555 2447 625 τὴν
2480 555 2601 609 καθ’
2630 556 2782 625 ἡμᾶς
2812 557 2841 609 ὁ
2869 555 3004 618 Θεὸς
3030 556 3347 608 ἐπισκοπῶν
3372 558 3687 609 ἐπισκοπεῖ·
3716 555 3795 609 καὶ

2228 647 2320 700 ὑπ’
2346 648 2468 717 ὄψιν
2504 649 2680 716 ἤγαγε
2713 649 2774 700 τὸ
2802 647 3126 719 μαρτύριον,
3163 648 3246 701 ὅτι
3276 647 3678 719 ἡλλοτρίωνται
3708 650 3793 701 αύ-

2225 740 2322 794 τοῦ
2361 741 2412 792 οἱ
2451 741 2551 811 τῆς
2597 739 2804 803 εἰκόνος
2850 740 3105 810 ἀρνηταί.
3138 740 3200 792 Et
3243 739 3353 809 γὰρ
3382 740 3480 793 τοῦ
3512 739 3794 809 κορυῳαίου

2227 833 2335 887 εἰσὶ
2358 832 2771 905 διερῤηγμένοι,
2796 832 2905 885 τῶν
2927 850 2988 885 τε
3009 833 3094 885 ὲτέ
3104 850 3213 901 ρων
3230 831 3403 903 τριῶν
3427 832 3793 903 πατριαρχῶνο

2226 925 2428 997 δηλαδὴ
2457 928 2552 978 καὶ
2579 926 2675 980 τοῦ
2707 925 2976 997 Χριστοῦ,
3007 925 3065 988 ὃς
3089 923 3299 995 κεφαλὴ
3325 923 3441 977 τῶν
3473 925 3793 994 προειρημέ-

2226 1034 2354 1071 νων·
2387 1021 2483 1072 καὶ
2508 1019 2727 1071 πενθεῖν
2752 1020 2871 1072 ἐστι
2904 1019 2999 1071 καὶ
3026 1016 3453 1086 σκυθρωπάζειν
3488 1017 3579 1069 ἐπ’
3608 1018 3793 1078 αὐτοῖς·

2227 1112 2358 1181 ἡμῖν
2387 1110 2445 1163 δὲ
2478 1110 2690 1183 χαίρειν
2724 1110 2869 1181 μέγα
2902 1110 2998 1163 καὶ
3024 1111 3323 1181 ὑπερφυές.

2311 1204 2654 1275 Ἐνέγκωμεν
2697 1203 2791 1257 οὖν
2824 1203 3010 1256 λοιπὸν
3033 1242 3047 1265 ,
3090 1203 3402 1272 ἀγαπητοὶ,
3447 1204 3521 1256 τὰ
3558 1202 3797 1257 θλιπτικὰ

2227 1297 2325 1366 τῆς
2346 1296 2613 1365 φυλακῆς·
2643 1295 2711 1349 τὰ
2736 1293 3169 1366 προσδοκώμενα
3189 1294 3270 1347 ἔτι
3298 1298 3660 1366 πειρατήρια·
3684 1294 3797 1347 αὐτὸ

2226 1390 2409 1455 τοῦτο,
2460 1388 2829 1459 ἀποθνήσκειν
2871 1387 3217 1458 καθημέραν,
3253 1390 3596 1457 μαρτυρεῖν,
3634 1388 3796 1442 ἀθλεῖν

2227 1481 2333 1544 ἓως
2362 1480 2429 1535 ἂν
2457 1482 2652 1551 ἐπιστῇ
2681 1482 2709 1533 ό
2742 1480 2936 1550 καιρὸς
2962 1478 3061 1549 τ’ἦς
3091 1479 3334 1548 εἰρήνης·
3363 1478 3423 1532 ὃν
3445 1478 3476 1529 ὁ
3501 1478 3707 1548 Κύριος
3725 1480 3799 1532 δε-

2226 1573 2520 1642 δοκίμακεν
2563 1572 2876 1641 ἀρκούντως
2903 1570 3048 1641 ἔχειν
3085 1572 3165 1633 εἰς
3194 1570 3439 1637 δοκίμιον
3477 1570 3591 1623 τῶν
3624 1572 3799 1639 ὁμολο-

2229 1665 2488 1733 γούντων,
2546 1665 2640 1717 καὶ
2691 1663 3048 1732 ἀνταπόδομα
3094 1660 3203 1714 τῶν
3261 1662 3664 1715 ἀπειθούντων.
3744 1661 3799 1712 Ἦ

2231 1759 2413 1830 ἡμέρα
2458 1757 2555 1828 τὴν
2598 1757 2813 1827 ἡμέραν
2854 1754 3223 1819 διαϐιϐαζέτω
3274 1755 3342 1808 δι’
3391 1754 3680 1826 ὑπομονῆς
3718 1755 3800 1807 καὶ

2230 1850 2561 1921 προθυμίας·
2593 1851 2627 1919 ή
2672 1849 2795 1919 χεὶρ
2835 1846 3155 1917 ὲργαζέσθω
3189 1846 3579 1919 οίονδηποτοῦν
3616 1848 3797 1916 ἔργον·

2229 1943 2290 1994 τὸ
2322 1942 2495 2011 στόμα
2519 1940 2795 2011 ψαλλέτω·
2825 1940 2887 1992 τὸ
2913 1939 3075 2009 σῶμα
3102 1938 3585 2007 δουλαγωγείσθω·
3627 1941 3655 1991 ό
3694 1937 3801 1999 νοῦς

2231 2035 2547 2107 προσεχέτω
2575 2032 2786 2103 ἐαυτῷ·
2824 2033 2900 2104 μὴ
2931 2033 3172 2100 ἀνοίγειν
3203 2030 3373 2103 θύραν
3416 2033 3536 2095 τοῖς
3565 2032 3799 2085 πάθεσιν·

2230 2131 2304 2192 ὡς
2330 2128 2396 2183 ἂν
2433 2128 2713 2199 ἡφυλακὴ
2743 2126 3057 2201 εὐρύχωρος
3100 2121 3243 2191 εἷεν,
3289 2126 3643 2198 εὖχάριστος,
3685 2127 3803 2195 γλυ-

2233 2222 2374 2282 κεῖα,
2414 2218 2678 2272 παλάτιον
2707 2216 2966 2285 Χριστοῦ.
3002 2216 3076 2269 Τὸ
3108 2216 3219 2287 γὰρ
3245 2216 3494 2271 ἐναντίον
3520 2218 3801 2288 πρόδηλον.

2231 2312 2420 2374 Πίστις
2446 2311 2600 2380 παρὰ
2632 2311 2740 2365 τῶν
2774 2308 2973 2374 ἔξωθεν
3016 2308 3154 2379 πρὸς
3184 2309 3350 2379 ὑμᾶς,
3381 2310 3600 2381 ἀνδρῶν
3632 2327 3691 2362 τε
3724 2308 3805 2361 καὶ

2230 2402 2538 2473 γυναικῶν·
2585 2401 2932 2474 μοναζουσῶν
2972 2418 3031 2454 τε
3064 2403 3161 2453 καὶ
3196 2401 3461 2469 μιγάδων.
3515 2402 3633 2454 Καὶ
3680 2401 3808 2453 εἰκό-

2230 2511 2359 2559 τως·
2387 2496 2509 2549 ἐπεὶ
2537 2495 2650 2565 φῶς
2675 2498 2797 2548 ἐστε
2828 2493 3017 2564 χάριτι
3046 2493 3286 2563 Χριστοῦ
3325 2494 3424 2563 τῆς
3461 2493 3801 2555 Βυζαντίδος·

2234 2587 2322 2639 ἵνα
2365 2587 2438 2655 μὴ
2471 2586 2631 2649 εἴπω,
2665 2584 2788 2636 ὅλου
2818 2582 2913 2636 τοῦ
2944 2584 3175 2655 κόσμου.
3222 2584 3387 2639 Ἀλλὰ
3410 2585 3705 2654 βλέπωμεν
3728 2584 3809 2635 τὸν

2234 2678 2623 2745 ὲπισπείροντα
2646 2676 2725 2746 τῷ
2750 2675 2882 2745 σίτῳ
2912 2676 3128 2741 ζιζάνια
3154 2677 3401 2731 διάῆολον
3420 2692 3435 2706 ·
3459 2676 3561 2729 καὶ
3594 2675 3675 2745 τῷ
3702 2677 3809 2729 62a-

2237 2766 2472 2837 νοητικῷ
2499 2766 2737 2835 κοσκίνῳ
2763 2766 2863 2837 τὴν
2909 2766 3009 2837 μὲν
3039 2769 3223 2820 πίστιν
3248 2764 3613 2836 προσιέμεθα·
3643 2766 3739 2829 τὰς
3760 2766 3811 2817 δὲ

2238 2861 2451 2931 σχέσεις
2468 2859 2918 2931 άποσεισώμεθα·
2946 2858 3035 2912 ἵνα
3064 2858 3142 2931 μὴ
3165 2860 3198 2925 ἡ
3224 2856 3427 2927 ψυχικὴ
3458 2855 3623 2928 χώρα
3648 2856 3812 2927 λυμή-

2235 2970 2418 3024 νηται.
2471 2947 2601 3022 Εἶχε
2646 2953 2743 3006 καὶ
2787 2951 2999 3015 Παῦλος
3029 2953 3058 3005 ό
3110 2950 3285 3019 μέγας
3334 2950 3669 3020 ἀγαπητάς·
3723 2949 3813 3018 τὴν

2248 3044 2506 3114 Ἀπφίαν,
2534 3045 2634 3114 τὴν
2667 3043 2925 3112 Περσίδα,
2966 3045 3063 3096 καὶ
3089 3042 3332 3095 Εὺωδίαν
3361 3042 3701 3112 παρακαλεῖ,
3726 3041 3813 3094 καὶ

2237 3136 2515 3205 Συντύχην
2547 3136 2860 3208 παρακαλεῖ
2893 3135 2953 3187 τὸ
2982 3134 3115 3189 αὐτὸ
3145 3136 3367 3204 φρονεῖν
3403 3136 3461 3187 ἐν
3489 3135 3707 3207 Κυρίῳ·
3747 3134 3813 3193 ὡς

2238 3226 2626 3297 συγκοπιώσας
2652 3228 2748 3280 καὶ
2778 3225 3149 3288 συναθλούσας
3176 3227 3270 3279 καὶ
3308 3226 3689 3290 διακονούσας.
3717 3226 3814 3279 Καὶ

2236 3319 2534 3386 ἀναγκαῖον
2556 3317 2775 3382 πάντως
2800 3318 2965 3387 ἔχειν·
2992 3317 3108 3371 ἀλλ’
3132 3316 3298 3387 ἔχειν,
3321 3317 3397 3379 ὠς
3420 3312 3571 3387 εἶχεν
3593 3319 3811 3378 ἐκεῖνος.

2250 3410 2403 3464 Ἐπεί
2434 3428 2568 3481 φησι
2614 3412 2743 3481 περὶ
2789 3410 3125 3481 Πρισκίλλης
3158 3409 3254 3463 καὶ
3312 3409 3551 3464 Ἀκύλα·
3596 3412 3815 3473 Οῖτινες

2235 3502 2389 3572 ὑπὲρ
2426 3501 2537 3571 τῆς
2568 3502 2777 3572 ψυχῆς
2804 3520 2926 3572 μου
2972 3505 3081 3556 τὸν
3110 3502 3330 3557 ἑαυτὸν
3364 3503 3681 3573 τράχηλον
3717 3506 3815 3557 ὐπ-

2235 3591 2486 3660 ἔθηκαν.

2318 3701 2482 3772 Ὁρᾷς
2511 3702 2571 3755 τὸ
2595 3702 2799 3774 θερμὸν
2825 3703 2924 3775 τῆς
2945 3704 3191 3776 ἀγάπης,
3231 3705 3326 3759 καὶ
3373 3704 3472 3776 τὴν
3532 3704 3815 3759 ἀποστολι-

2235 3788 2337 3863 κῆν
2365 3795 2672 3865 ἁποδοχήν;
2721 3795 2931 3862 υῦτως,
2981 3798 3201 3867 ἀδελφοί
3241 3816 3366 3869 μου,
3403 3799 3499 3852 καὶ
3532 3800 3701 3868 ἡμεῖς
3734 3799 3817 3850 καὶ

2237 3884 2419 3954 ὑμεῖς,
2472 3888 2565 3939 καὶ
2609 3887 2825 3957 ἔχωμεν
2860 3889 2955 3943 καὶ
2999 3887 3377 3959 άσπαζώμεθα
3420 3892 3522 3954 τὰς
3568 3893 3628 3944 ὲν
3676 3892 3816 3955 τάξει

2235 3973 2345 4027 τῶν
2367 3976 2628 4031 τοιούτων
2666 3981 2798 4051 ἡμῖν
2842 3982 3271 4051 καθισταμένας.
3318 3982 3408 4045 Ὠς
3439 3982 3507 4037 ἂν
3534 3984 3817 4054 δοξάζηται

2235 4068 2264 4120 ὁ
2287 4066 2440 4131 Θεὸς,
2470 4071 2565 4123 καὶ
2594 4072 2944 4142 φωτίζωμεν·
2975 4072 3112 4125 ἀλλὰ
3148 4074 3225 4142 μὴ
3260 4072 3553 4143 θολώμεθα
3579 4077 3677 4130 καὶ
3701 4092 3820 4139 συγ·

2236 4156 2510 4227 χεὼμεθα.
2539 4160 2843 4215 Ἤκουσταί
2877 4179 2968 4230 μοι
3008 4163 3141 4232 περὶ
3181 4162 3335 4233 ὑμῶν
3364 4163 3474 4217 τῶν
3507 4165 3679 4234 τριῶν
3699 4206 3715 4231 ,
3744 4165 3817 4216 ὅτι

2236 4250 2479 4320 ὴνώθητε
2520 4253 2625 4306 ὑπὸ
2670 4248 3040 4324 μεταμελείας
3068 4254 3162 4308 τοῦ
3194 4257 3455 4309 ταπεινοῦ
3498 4255 3675 4330 [Reg.
3704 4259 3817 4312 cod.

2235 4339 2813 4414 ὲ).εεινοῦ]”Λεοντίου,
2865 4348 2960 4399 καὶ
3000 4347 3091 4400 τὸν
3136 4346 3271 4401 Θεὸν
3316 4349 3549 4415 ἐδόξασα
3578 4351 3609 4402 ὁ
3642 4352 3818 4421 ἀμαρ-

2236 4434 2427 4502 τωλὸς,
2462 4435 2553 4488 ὲπί
2584 4453 2644 4488 τε
2674 4439 2739 4507 τῇ
2776 4438 3105 4506 μετοκλάσει
3130 4438 3344 4492 ἐκείνου
3364 4456 3379 4470 ·
3399 4439 3561 4510 εἴπερ
3596 4442 3690 4493 καὶ.
3714 4441 3819 4494 δια-

2244 4528 2442 4598 μείνοι⁹
2477 4528 2572 4582 καὶ
2604 4532 2671 4601 τῇ
2702 4530 2947 4602 ὑμετέρᾳ
2985 4531 3298 4603 ὲναθλήσει·
3344 4533 3428 4586 ὅτι
3470 4533 3548 4595 ὡς
3583 4534 3693 4587 ἀπὸ
3716 4550 3819 4585 λκα-

2238 4620 2398 4683 μίνου
2428 4621 2603 4691 πυρὸς
2631 4622 2680 4674 οἱ
2729 4622 2875 4690 ἅγιοι
2904 4626 3056 4692 τρεῖς
3096 4625 3284 4688 παῖδες
3306 4665 3320 4689 ,
3354 4624 3547 4678 καύτοὶ
3575 4626 3688 4679 τῶν
3718 4626 3819 4679 δει-

2235 4714 2342 4766 νῶν
2391 4713 2649 4781 φυλακῶν
2692 4716 2899 4779 ἀσινεῖς
2945 4715 3331 4786 ὲξεληλύθατε,
3375 4718 3821 4787 καταπλήξαντες

2233 4803 2323 4856 τὸν
2346 4804 2631 4876 τύραννον.
2673 4805 2813 4859 Ἀλλ’
2837 4806 2939 4871 ἔτι,
2965 4807 3208 4874 γενναῖοί
3240 4824 3364 4878 μου,
3395 4807 3697 4862 ὲναθλοῖτε·
3734 4818 3822 4867 καὶ

2232 4898 2295 4949 τὸ
2319 4898 2685 4969 πειρασθῆναι
2724 4899 3081 4969 ἑτοιμάζεσθε
3118 4901 3311 4971 μέχρις
3351 4900 3608 4971 αἵματος.
3636 4900 3819 4956 Τοιοῦ-

2236 5006 2329 5053 τος
2373 4991 2483 5061 γὰρ
2521 4992 2549 5044 ὁ
2580 4992 2761 5061 ,νόμος
2791 4992 2894 5061 τῆς
2931 4992 3742 5064 μαρτυρίας.-Εὐλογηθείησαν
3771 4995 3820 5045 οἱ

2237 5085 2494 5138 ἀλεῖπται
2552 5084 2729 5154 ὑμῶν,
2776 5085 2824 5137 οἱ
2867 5084 3081 5138 ἔνδοθεν
3124 5085 3219 5138 καὶ
3264 5083 3485 5151 ἔξωθεν.
3536 5085 3729 5155 Ἡμεῖς
3774 5086 3819 5136 οξ

2236 5176 2577 5246 ταλαίπωροι
2635 5175 2730 5227 καὶ
2781 5173 2953 5238 αὖθις
2993 5173 3495 5245 ὲμαστιγώθημεν·
3558 5174 3679 5227 ἀλλ’
3732 5173 3817 5225 εύ-

2236 5270 2513 5339 χαρίστως
2536 5266 2863 5338 ἐδεξάμεθα·
2892 5266 2985 5318 καὶ
3013 5264 3344 5337 εὐδοκοῦμεν
3369 5265 3569 5335 μᾶλλον
3599 5268 3697 5319 καὶ
3724 5266 3815 5327 ἔτι,

2238 5362 2593 5430 Ὢστεὺμεῖς
2626 5360 2702 5431 μὴ
2736 5359 2963 5412 ἀνιᾶσθε
3010 5360 3068 5412 ὲν
3116 5362 3197 5429 τῇ
3235 5356 3565 5413 ταπεινώσει
3621 5358 3812 5429 ἡμῶν,

2227 5451 2362 5504 ἀλλὰ
2401 5450 2601 5521 μᾶλλον
2636 5450 2883 5520 χαίρετε,
2911 5449 3009 5503 καὶ
3041 5448 3409 5519 προσεύχεσθε
3440 5448 3651 5518 ἰσχύειν
3676 5447 3817 5517 ἡμᾶς

2232 5543 2313 5595 ἔτι
2342 5544 2399 5594 έν
2426 5543 2590 5595 πᾶσιν
2612 5558 2625 5571 ο
2658 5542 2828 5593 οἴσειν
2855 5557 2914 5593 τε
2949 5540 3042 5592 καὶ
3069 5541 3137 5593 τὰ
3164 5538 3317 5609 παρὰ
3339 5539 3449 5594 τῶν
3484 5539 3818 5603 ἑξουσιαζόν-

2232 5656 2338 5689 των
2368 5636 2708 5703 ὲπαγόμενα·
2752 5632 2941 5705 φέρειν
2965 5649 3025 5685 τε
3056 5634 3151 5687 καὶ
3179 5630 3245 5685 τὰ
3279 5631 3432 5702 παρὰ
3460 5631 3557 5685 τοῦ
3590 5632 3815 5704 ἀοράτου

1162 5817 1204 5848 ⁸⁸
1238 5816 1392 5871 ιὶοιη.
1433 5830 1541 5880 xw,
1585 5814 1668 5869 i2.
1749 5816 1791 5848 ⁸⁷
1822 5815 2057 5885 Philipp.
2084 5831 2157 5881 tv,
2183 5816 2237 5870 2.
2314 5815 2358 5848 ⁸⁸
2383 5812 2541 5867 Rom.
2581 5827 2692 5877 xvi,
2720 5810 2769 5864 4.
