3934 6514
121 507 258 572 1293

1317 491 1856 553 EPISTOLARUM
1905 490 2051 549 LIB.
2091 488 2172 544 ΙΙ.

3005 4 3343 21 ______________

3231 464 3366 538 1294

121 611 382 679 πολεμίου
439 606 601 677 “leg.
646 606 760 658 cod.
809 599 1089 671 πολέμου]
1121 598 1572 668 συμϐαλλόμενα,
1608 598 1706 647 σὺν

1829 593 2066 649 nvisihili
2099 593 2253 646 hoste
2276 591 2678 660 conjiciuntur;
2711 605 2817 644 una
2841 605 2965 644 cum
3002 588 3168 643 fratre
3195 587 3357 642 Nico-

120 704 202 773 τῷ
250 697 464 768 ἁδελφῷ
507 696 764 765 Νικολάῳ
795 710 806 722 ·
857 694 915 756 ὃς
968 693 1061 746 καὶ
1112 691 1510 761 προσαγορεύει
1558 689 1702 758 ὑμᾶς

124 791 456 861 θερμότατα.
501 782 890 854 Μνημονεύετέ
932 799 1034 851 μου
1077 780 1185 833 τῶν
1238 777 1582 849 στεναγμῶν.
1638 775 1703 828 Ἦ

123 885 284 955 χάρις
315 881 432 951 μεθ’
458 879 636 949 ὑμῶν.
677 878 868 947 Ἀμήν.

369 993 486 1046 ΞΖ’.
525 1021 596 1031 -
630 988 978 1057 Ναυκρατίφ
1013 987 1219 1049 τέκνῳ.
1258 983 1455 1057 [υμξ’.]

1807 689 1894 741 lao
1924 687 2019 755 qui
2051 700 2148 740 vos
2178 693 2524 754 peramanter
2557 683 2778 738 salutat.
2820 682 3147 736 Mementote
3187 681 3369 749 suSpi-

1808 779 2013 832 riorum
2047 789 2317 829 meorum.
2361 773 2546 828 Gratia
2578 774 2877 828 vobiscum.
2915 774 3110 826 Amen.

2222 971 2381 1024 LVII.
2413 1000 2482 1012 —
2512 969 2800 1022 Naucralio
2832 970 2961 1036 ﬁlio.

121 1101 383 1166 Captivum
404 1115 499 1164 pro
519 1102 712 1152 Christo
733 1100 922 1148 solatur
945 1099 1319 1166 conﬁrmatque.
1342 1109 1430 1166 spe
1458 1093 1670 1161 ρι-ειδῐιιὶἰ.⁸
1691 1093 1763 1140 De
1793 1087 2386 1166 quoru:mdzammlapsorum
2429 1082 2717 1146 pmnitentia
2758 1081 3028 1143 respondet
3055 1096 3065 1129 :
3091 1093 3286 1128 necnon
3310 1080 3372 1127 de

1258 1148 1502 1218 aliquibus
1526 1155 1793 1215 imaginum
1811 1148 2233 1208 inscriptionibus.

197 1270 338 1340 Dap‘
362 1267 551 1319 ὲλπίδα
579 1266 696 1337 μὲν,
723 1265 811 1317 ἐπ’
836 1264 1013 1317 ἐλπίδι
1039 1262 1095 1316 δὲ
1121 1265 1289 1332 ὅμως,
1315 1261 1582 1330 ἐδεξάμην
1606 1275 1698 1311 σου

120 1363 228 1434 τὴν
267 1360 558 1428 ἐπιστολὴν
581 1397 595 1420 ,
627 1359 807 1426 τίμιον
846 1357 1064 1409 τέκνον·
1094 1356 1155 1407 τὸ
1198 1353 1434 1424 πρῶτον,
1471 1352 1559 1404 διὰ
1605 1351 1702 1420 τὴν

127 1454 445 1522 ἔπίσφιγξιν
478 1451 578 1520 τῆς
608 1449 856 1517 φυλακῆς
885 1449 944 1513 ἐξ
964 1448 1270 1518 ἐπιτροπῆς
1299 1449 1390 1497 τοῦ
1416 1443 1697 1514 βασιλέως·

126 1546 193 1597 τὸ
212 1544 486 1613 δεύτερον,
503 1542 590 1593 διὰ
615 1540 714 1610 τὴν
741 1541 1112 1610 ὑπεράπειρον
1138 1538 1447 1605 ἀγαθότητα
1463 1534 1552 1587 τοῦ
1583 1533 1701 1601 φιλ-

128 1638 421 1707 ανθρώπου
464 1634 600 1686 Θεοῦ
621 1650 634 1664 ·
662 1635 728 1686 δι’
769 1635 914 1703 ὑμᾶς
944 1635 1069 1695 τοὺς
1103 1632 1293 1701 ἁγίους
1323 1631 1417 1682 καὶ
1443 1629 1509 1679 τὰ
1543 1627 1700 1696 ἡμῶν

125 1732 241 1783 τῶν
269 1725 610 1798 ἁμαρτωλῶν
645 1720 702 1779 εὖ
752 1724 1150 1793 διατιθεμένου·
1203 1722 1304 1774 κᾶν
1337 1720 1386 1772 οί
1429 1717 1704 1787 ἄνθρωποι

124 1818 538 1881 δυσδιεξόδευτα
579 1815 878 1886 πειρῶνται
922 1815 1131 1884 φέρεῳ.
1173 1813 1281 1865 Καὶ
1311 1811 1363 1862 τί
1396 1809 1555 1871 εἴπω,
1593 1806 1707 1877 ἦτί

1879 1254 2082 1306 Praeter
2134 1266 2286 1320 spem
2342 1249 2583 1318 quidem,
2630 1258 2684 1301 at
2727 1248 2885 1316 juxta
2953 1263 3101 1315 spem
3171 1258 3371 1306 tamen.

1807 1342 1990 1409 accepi
2025 1341 2235 1394 litteras
2265 1347 2409 1401 tuas,
2451 1337 2526 1390 [ili
2570 1336 2865 1391 reverende
2897 1353 2910 1390 2
2940 1336 3196 1396 alterum,
3228 1337 3375 1403 quod

1809 1433 1972 1502 jussu
2022 1432 2169 1501 regis
2223 1431 2432 1484 arctior
2485 1430 2556 1483 sit
2601 1428 2846 1482 custodia
2877 1445 2889 1480 :
2925 1427 3178 1487 alterum,
3231 1427 3375 1489 quod

1809 1525 2076 1577 immensa
2109 1519 2521 1574 clementissimi
2571 1518 2660 1571 Dei
2694 1518 3002 1586 benignitas
3035 1517 3125 1580 sit,
3157 1525 3378 1584 propter

1806 1630 1907 1668 vos
1937 1613 2032 1684 qui
2073 1613 2248 1666 sancti
2285 1613 2439 1675 estis,
2475 1626 2561 1664 res
2603 1624 2823 1679 quoque
2859 1618 3096 1669 nostras,
3125 1607 3217 1676 qui
3260 1624 3379 1676 pec-

1813 1716 2030 1763 catores
2078 1720 2292 1766 sumus,
2341 1703 2556 1772 egregie
2583 1700 2917 1756 iortunantis
2950 1718 2963 1753 :
2995 1703 3245 1769 quamvis
3297 1714 3380 1753 co-

1811 1807 2013 1853 nentur
2063 1796 2314 1850 homines
2362 1794 2604 1848 dilﬁcilia
2663 1807 2850 1847 creare
2887 1794 3127 1862 negotia.
3171 1790 3380 1859 Ecquid

124 1907 397 1976 διανοηθῶ
416 1909 442 1959 6
463 1907 630 1968 τάλας
651 1882 723 1974 ;’ἢ
741 1905 821 1958 ὃτι
868 1882 1071 1957 Πάν-τα
1092 1901 1159 1955 τὰ
1181 1898 1330 1955 όοττᾶ
1345 1917 1462 1967 μου
1480 1898 1706 1964 ἐροῦσι,

1823 1906 1977 1960 porro
2009 1890 2211 1952 dicam,
2235 1897 2329 1943 aut
2357 1887 2491 1957 quid
2525 1885 2778 1956 cogitabo
2822 1885 3012 1948 miser,
3061 1884 3165 1936 nisi
3198 1882 3382 1936 istud?

124 2003 330 2068 Κύριε,
359 1999 554 2065 Κύριε,
587 1999 679 2061 τίς
707 1996 909 2065 ὅμοιός
934 2009 1032 2047 σοι
1056 2010 1074 2057 ;
1125 1993 1442 2060 Ῥυόμενος
1469 1990 1709 2057 πτωχὸν

1814 1981 2009 2036 Omnia
2037 1997 2161 2033 ossa
2192 1996 2307 2032 mea
2343 1980 2516 2030 dicent
2547 1993 2565 2030 :
2600 1977 2836 2038 Domine,
2875 1973 3116 2037 Domine,
3156 1975 3273 2042 quis
3303 1973 3381 2025 si-

124 2064 864 2161 éx'xstpocatepewtépwr
893 2087 1100 2141 αὐτοῦ.
1138 2085 1284 2153 Αὕτη
1319 2101 1419 2153 μου
1447 2085 1480 2151 ἡ
1516 2081 1708 2152 πρώτη

1823 2071 1953 2124 milia
2005 2070 2142 2123 tibi?
2198 2070 2442 2138 Eripiens
2496 2069 2698 2136 inopem
2757 2066 2820 2118 de
2883 2081 3042 2118 manu
3102 2064 3383 2132 fortiorum

128 2186 290 2255 φωνὴ
319 2183 414 2236 τοῦ
441 2181 682 2254 οἰκτροῦ·
710 2181 812 2234 κᾶν
833 2183 898 2233 ὲκ
920 2177 1215 2245 Δαυῖτικῆς
1238 2176 1400 2246 ᾠδῆς.
1429 2174 1708 2243 Δεύτερον,

128 2279 217 2330 ὅτι
269 2276 365 2327 καὶ
413 2273 738 2342 ἀδολεσχίας
764 2272 986 2339 ἀνείθην
1037 2271 1303 2337 ἀναγνοὺς
1349 2269 1410 2321 τὸ
1458 2269 1708 2338 γράμμα·

129 2367 265 2418 ὲπε1Ι
293 2349 450 2434 εῦρον
483 2366 583 2434 τὴν
616 2363 890 2434 μέθειρξίν
922 2379 1013 2414 σου
1052 2360 1224 2423 οὓτως
1247 2362 1474 2430 ἔχουσαν
1497 2360 1572 2424 ὡς
1605 2361 1711 2413 ἐδί-

130 2454 325 2519 δαξας.
371 2456 558 2524 Ἥμην
586 2453 695 2523 γάρ
743 2451 1044 2533 πρρμαθὼν
1086 2453 1166 2504 ὅτι
1210 2453 1369 2522 μόνον
1417 2468 1715 2520 μετεφρου-

139 2547 340 2616 ρήθης.
376 2545 648 2615 Εὑψύχει,
691 2544 911 2611 ἀδελφὲ,
939 2543 1036 2596 καὶ
1079 2543 1393 2612 εὐφραίνου,
1422 2543 1502 2594 ὅτι
1531 2541 1713 2602 καθὼς

132 2635 430 2699 πλεονάζει
457 2636 526 2687 τὰ
563 2634 866 2702 παθήματα
894 2631 988 2684 τοῦ
1019 2632 1258 2702 Χριστοῦ
1290 2633 1369 2694 εἰς
1398 2631 1479 2693 σὲ,
1513 2633 1606 2684 καὶ
1634 2634 1714 2695 εἰς

131 2725 269 2790 τοὺς
297 2727 604 2798 όμόιρρονάς
637 2742 729 2777 σου
754 2725 848 2777 καὶ
872 2726 1211 2795 ὁμοτρόπους
1242 2741 1360 2777 σοι·
1388 2724 1530 2776 οὕτω
1561 2727 1651 2777 καὶ
1680 2728 1714 2797 ὴ

134 2820 512 2890 παράκλησις,
548 2817 643 2868 καὶ
672 2818 700 2868 6
729 2815 938 2885 μισθὸς,
972 2817 1064 2868 καὶ
1089 2817 1146 2868 τὸ
1172 2815 1344 2878 κλέος.
1370 2816 1480 2867 Καὶ
1509 2815 1624 2878 πῶς
1651 2815 1716 2869 ἂν

133 2907 293 2980 εἶχεν
326 2911 405 2973 είς
440 2909 746 2978 τούμφανὲς
777 2909 952 2961 ἐλθεῖν
992 2909 1062 2960 τὰ
1102 2908 1269 2977 σκεύη
1315 2909 1413 2976 τῆς
1454 2907 1714 2974 ἐκλογῆς,

133 3007 190 3056 εί
243 3004 319 3074 μὴ
372 3005 554 3072 παρῆν
590 3001 656 3054 τὰ
704 3001 1008 3064 σκάνδαλα,
1049 3001 1508 3072 παραχωροῦντος
1557 3001 1714 3062 Θεοῦ,

132 3093 269 3153 τοὺς
319 3093 418 3162 μὲν
460 3090 744 3153 ποιοῦντας
794 3091 935 3143 αὐτὰ
975 3089 1278 3152 δεικνύντος
1324 3084 1425 3141 οἷοι
1469 3085 1598 3150 εἷεν,
1643 3090 1718 3152 ὼς

135 3181 364 3245 ζιζάνια
397 3179 710 3250 τηρούμενα
749 3181 829 3243 είς
858 3181 1051 3233 καῦσιν
1094 3181 1266 3249 πυρὸς
1312 3181 1561 3232 αἰωνίου’
1593 3182 1718 3240 τοὺς

1810 2163 1920 2233 ejus
1944 2165 2015 2220 ⁸⁸.
2055 2163 2207 2218 Hanc
2254 2164 2485 2231 primam
2531 2175 2718 2214 vocem
2752 2159 2919 2214 miser
2949 2164 3162 2224 emitto,
3205 2175 3384 2226 quan-

1812 2274 1976 2329 quam
2026 2274 2094 2312 ex
2137 2256 2396 2311 Davidico
2445 2254 2714 2307 carmine.
2759 2250 2884 2306 Haec
2921 2251 3115 2306 deinde
3170 2250 3380 2312 altera;

1815 2351 1961 2422 quod
1989 2350 2203 2404 solutus
2235 2362 2356 2402 sum
2391 2347 2579 2400 labore
2608 2343 2924 2414 prolixioris
2955 2339 3248 2402 sermonis,
3292 2339 3385 2391 ubi

1817 2443 2063 2497 libellum
2111 2442 2220 2510 legi
2263 2460 2277 2495 :
2314 2437 2755 2509 quandoquidem
2799 2433 3041 2488 intellexi
3088 2434 3167 2486 sic
3195 2446 3255 2486 se
3286 2432 3384 2484 ha-

1817 2537 1946 2590 bere
1967 2535 2344 2605 captivitatem
2374 2545 2525 2587 tuam
2551 2529 3015 2600 quemadmodum
3045 2526 3384 2581 insinuaras.

1817 2625 1980 2680 Prius
2026 2626 2174 2679 enim
2214 2623 2598 2677 didiceram‘te
2646 2635 2816 2673 unum
2860 2620 2915 2672 in
2952 2633 3170 2673 carcere
3205 2616 3389 2670 deten-

1817 2729 1955 2774 tum.
1987 2717 2136 2772 Forti
2177 2724 2232 2769 et
2275 2729 2473 2785 magno
2503 2713 2686 2767 animo
2716 2721 2857 2776 esto,
2912 2711 3100 2776 frater,
3131 2719 3186 2765 et
3214 2710 3390 2780 gaude

1817 2813 1964 2881 quod
1996 2807 2460 2880 quemadmodum
2489 2805 2770 2860 abundant
2802 2805 3088 2873 passiones
3108 2803 3314 2857 Christi
3333 2802 3386 2855 in

1818 2912 1890 2966 te,
1946 2910 2001 2955 et
2053 2901 2109 2955 in
2168 2916 2264 2955 eos
2310 2899 2513 2969 quibus
2562 2897 2723 2951 iidem
2762 2912 2961 2951 sensus
3006 2896 3391 2964 assimilesque

1819 3008 2000 3048 mores
2021 3011 2037 3060 ;
2060 2994 2139 3048 sic
2172 2993 2270 3046 erit
2304 3002 2358 3046 et
2384 2989 2716 3054 consolatio,
2756 2997 2810 3042 et
2831 3003 3066 3053 merces,
3097 2996 3151 3042 et
3189 2987 3385 3056 gloria.

1818 3085 1956 3138 Nam
1987 3099 2097 3152 quo
2137 3093 2294 3152 pacto
2331 3079 2621 3136 manifesta
2665 3082 2858 3134 tierent
2897 3096 3026 3135 vasa
3076 3080 3388 3140 electionis,

1821 3177 1927 3230 nisi
1967 3175 2227 3230 scandala
2279 3175 2626 3234 interessent,
2677 3171 2774 3226 Dei
2823 3173 3115 3239 permissu,
3159 3171 3391 3225 manifv-

132 3274 199 3326 δὲ
253 3273 694 3340 ὑπομονητικοὺς
746 3270 853 3323 τῶν
912 3271 1238 3341 πειρασμῶν
1293 3269 1714 3340 δοκιμάζοντος,

1823 3269 2019 3321 stantis
2048 3268 2267 3336 quidem
2298 3265 2487 3335 quales
2531 3265 2569 3318 ii
2608 3265 2716 3319 sint
2745 3266 2836 3334 qui
2872 3266 3004 3319 talia
3036 3277 3223 3337 agunt,
3256 3282 3395 3335 quos

135 3362 429 3431 ἡλιοειδῶς
452 3361 828 3431 ὲκλάμψοντας
854 3361 910 3411 ὲν
933 3362 998 3429 τῇ
1036 3359 1283 3428 βασιλείᾳ
1301 3357 1409 3410 τῶν
1434 3358 1678 3428 οὐρανῶν
1702 3376 1717 3422 ;

1824 3370 2086 3428 tanquam
2119 3358 2328 3412 zizania
2367 3366 2546 3412 servat
2579 3358 2647 3411 ad
2677 3359 3021 3412 exustionem
3069 3361 3210 3429 ignis
3251 3376 3394 3413 sem-

133 3455 348 3523 piterni
383 3472 396 3506 :
427 3453 706 3522 probantis
748 3462 927 3506 autem
956 3466 1052 3504 eos
1087 3456 1178 3521 qui
1223 3451 1577 3506 tentationem
1632 3450 1928 3516 sustinent,
1995 3453 2131 3508 solis
2194 3451 2369 3506 instar
2419 3451 2732 3520 splendidos
2773 3453 2854 3504 'iu
2918 3453 3181 3508 caelorum
3228 3469 3394 3523 regno

139 3547 411 3602 futuros?

219 3641 386 3692 Ὥστε
416 3642 489 3710 μή
525 3657 585 3692 σε
614 3639 871 3706 ξενιζέτω
900 3640 968 3692 τά
995 3640 1294 3710 γιγνόμενα
1332 3640 1676 3710 καθεκάστην
1697 3655 1712 3668 ο

137 3733 196 3786 εἰ
227 3734 257 3785 6
295 3733 391 3801 μὲν
434 3732 597 3801 ῆρθη,
642 3734 669 3783 6
697 3731 752 3783 δὲ
799 3732 1040 3784 δέδεταισ
1108 3734 1201 3785 καὶ
1248 3733 1381 3801 ἄλλη
1431 3733 1715 3795 τέτυπται,

141 3823 320 3890 ἑτέρα
347 3821 403 3872 δὲ
429 3818 801 3890 ὑπερώρισται
820 3837 835 3851 ο
863 3823 956 3874 καὶ
979 3823 1079 3874 ὅσα
1101 3823 1236 3875 ἄλλα
1257 3821 1427 3884 οὕτως
1462 3823 1494 3891 ἢ
1521 3822 1718 3889 ἑτέρως

141 3914 316 3982 ἔχεις.
351 3912 507 3974 Ἥξει
560 3912 754 3980 μικρὸν
795 3913 1021 3982 ὕστερον
1073 3916 1100 3965 6
1156 3914 1255 3983 τῆς
1311 3913 1719 3972 ἀνταποδόσεως

141 4001 366 4071 καιρός.
417 4000 736 4067 Ἀνὲγνωνό
790 4003 1090 4070 πέπομφας
1151 4005 1266 4071 (καί
1317 4004 1573 4069 ἐπιγνοὺς
1626 4004 1721 4054 καὶ

142 4090 554 4158 εὐχαριστήσας
591 4089 667 4158 τῷ
707 4092 898 4161 Κυρίῳ
925 4134 940 4156 ,
991 4088 1148 4154 αὖθις
1194 4093 1538 4160 ἁντέπεμψα)
1592 4095 1721 4161 περὶ

141 4181 243 4233 τοῦ
273 4180 419 4233 ἀδεᾶ
463 4182 754 4248 Ἰγνατίου·
803 4184 977 4251 οἴμοιί
1029 4185 1111 4235 ὅτι
1143 4183 1311 4235 ἑάλω·
1349 4183 1471 4234 ἐπεὶ
1510 4182 1663 4250 φίλος
1692 4184 1720 4234 6

142 4274 292 4342 ἀνὴρ
351 4273 739 4344 διαφερόντως.
816 4274 954 4325 Ἀλλ’
1004 4270 1128 4342 εὖγε
1194 4276 1533 4342 πεποίηκας,
1597 4273 1722 4334 δοὺς

146 4365 511 4434 μετανοοῦντι
540 4365 636 4436 τὴν
671 4367 937 4436 ἰατρείαν.
983 4366 1208 4431 Ἱκανὸν,
1245 4368 1455 4427 τέκνον,
1483 4366 1541 4417 τὸ
1571 4365 1722 4435 παρὰ

145 4456 247 4509 σοῦ
279 4457 433 4508 δοθέν
454 4472 465 4485 ·
503 4456 660 4525 κάγὼ
695 4461 721 4509 6
752 4459 922 4520 τάλας
950 4458 1180 4527 εὔχομαι
1215 4457 1364 4527 αύτῷ
1393 4457 1488 4526 τὴν
1515 4457 1723 4509 ἀναπὰ-

142 4549 376 4602 λαισιν·
430 4542 490 4600 οὗ
537 4549 632 4600 καὶ
678 4548 934 4617 δέδεγμαι
973 4548 1071 4610 τὰς
1118 4549 1452 4617 προσφοράς.
1507 4549 1599 4611 Et;
1631 4550 1721 4600 τὸν

143 4640 384 4708 ἀδελφὸν
425 4641 732 4693 Ἀνατόλιον
758 4639 1193 4710 σπλαγχνέζομαι
1223 4644 1251 4692 6
1281 4643 1536 4703 ταπεινός
1557 4658 1569 4669 ·
1601 4644 1724 4694 ἐπεὶ

144 4731 504 4799 φιλαδε).φεῖς
545 4731 637 4781 καὶ
667 4730 849 4791 αὑτός.
882 4731 980 4782 Διά
1021 4730 1180 4782 τοῦτο
1212 4731 1395 4798 τολμῶ
1429 4734 1522 4781 καὶ
1550 4731 1719 4798 λέγωο

144 4820 528 4888 Κουφισθήτω
558 4818 706 4887 αὺτῴ
732 4821 826 4871 καὶ
849 4821 1035 4889 ἕτερος
1056 4822 1245 4890 χρόνος
1267 4840 1280 4851 ·
1312 4820 1454 4872 ῶστε
1487 4822 1724 4891 πληρου-

1888 3635 2247 3701 Quamobrem
2273 3650 2340 3687 ne
2363 3644 2414 3687 te
2442 3649 2503 3688 ea
2537 3644 2772 3689 terreant
2793 3651 2913 3705 qua:
2933 3636 3176 3706 quotidie
3199 3654 3400 3707 gerun-

1818 3737 1949 3783 tur:
1986 3729 2028 3781 si
2087 3737 2273 3794 raptus
2313 3726 2401 3780 ille
2458 3728 2677 3796 quidem
2703 3737 2807 3793 est,
2846 3727 2948 3780 iste
3006 3728 3290 3794 conjectus
3339 3732 3393 3782 in

1819 3836 2128 3884 carcerem;
2158 3820 2270 3874 haec
2302 3821 2523 3875 verbera
2546 3820 2788 3889 pertulit,
2815 3821 2903 3874 illa
2939 3822 2990 3875 in
3026 3823 3277 3876 exsilium
3303 3824 3398 3876 ab-

1820 3913 1994 3981 legata
2029 3931 2041 3978 ;
2075 3923 2127 3966 et
2156 3928 2496 3981 quaecunque
2519 3913 2625 3967 hoc
2656 3914 2735 3967 vel
2766 3913 2858 3967 illo
2886 3924 3043 3982 pacto
3075 3930 3135 3969 se
3175 3916 3394 3969 habent.

1822 4001 2013 4056 Veniet
2068 4004 2230 4071 paulo
2268 4013 2387 4072 post
2420 4005 2878 4060 remunerationis
2912 4015 3147 4075 tempus.
3177 4005 3305 4076 Legi
3334 4025 3395 4061 ea

1820 4108 1941 4157 qua:
1978 4093 2211 4151 misisti:
2244 4103 2405 4163 atque
2436 4095 2528 4149 ubi
2562 4111 2626 4150 ea
2670 4097 2937 4162 intellexi,
2995 4099 3129 4150 actis
3163 4097 3396 4152 Domino

1821 4183 2011 4248 gratiis
2044 4223 2059 4243 ,
2118 4185 2310 4238 iterum
2345 4185 2408 4238 ad
2457 4194 2509 4240 te
2543 4187 2749 4240 remisi.
2812 4186 2883 4239 De
2942 4188 3136 4240 abbate
3164 4187 3396 4257 lgnatin,

1823 4274 1910 4327 hei
1953 4275 2084 4327 mihi
2115 4276 2240 4343 quia
2271 4276 2436 4344 periit
2469 4295 2481 4328 :
2515 4276 2782 4344 siquidem
2822 4277 3034 4331 amicus
3070 4279 3158 4332 ille
3187 4280 3269 4332 vir
3304 4297 3397 4334 su-

1822 4381 1917 4434 pra
1944 4375 2185 4420 eazteros.
2224 4366 2328 4420 Sed
2361 4377 2506 4421 recte
2535 4368 2716 4437 egisti,
2741 4370 2832 4434 qui
2886 4371 3170 4438 poenitenti
3232 4373 3395 4426 dede-

1824 4453 1899 4503 ris
1952 4454 2295 4508 medicinam.
2336 4455 2562 4521 Sufficit,
2600 4458 2693 4520 liii,
2731 4460 2872 4527 quod
2926 4461 3128 4515 dedisti
3167 4472 3262 4516 :et
3292 4479 3394 4532 ego

1824 4544 1990 4596 miser
2021 4545 2194 4598 eidem
2252 4562 2516 4615 apprecor
2580 4561 2775 4618 pugna:
2823 4551 3340 4620 redintegrationem
3381 4574 3394 4607 :

1826 4651 1947 4687 nam
1990 4648 2043 4689 et
2070 4637 2189 4705 ejus
2229 4639 2540 4694 oblationes
2579 4643 2786 4709 accepi.
2824 4642 2963 4708 Erga
2997 4644 3217 4698 fratrem
3254 4649 3399 4700 Ana-

1826 4726 2013 4780 tolium
2055 4729 2422 4783 misericordia
2457 4732 2678 4785 humilis
2723 4749 3110 4789 commoveor:
3150 4739 3400 4806 quando-

1825 4819 2042 4884 quidem
2100 4827 2152 4873 ct
2192 4829 2248 4873 tu
2281 4836 2403 4873 eum
2437 4821 2677 4876 fraterne
2707 4823 2909 4894 diligis.
2968 4827 3175 4882 Idcirco
3220 4831 3401 4884 dicere

146 4915 328 4984 μένης
366 4912 466 4980 τῆς
493 4911 716 4972 διετίας,
762 4913 1035 4980 μετεχέτω
1066 4912 1175 4963 τῶν
1225 4912 1602 4979 ἁγιασμάτων.
1661 4914 1715 4963 0|

1829 4909 1998 4963 audeo
2028 4928 2040 4962 :
2078 4912 2327 4964 Demalur
2359 4913 2405 4965 ei
2437 4923 2491 4966 et
2524 4915 2659 4967 alter
2687 4931 2901 4981 annus;
2943 4927 3002 4970 ut
3032 4927 3222 4972 exacto
3253 4921 3402 4972 hien-

143 5003 516 5073 κοιμηθὲντες
550 5002 657 5054 τῶν
689 5002 956 5069 ἀδελφῶν,
1005 5004 1183 5068 φωτὸς
1223 5003 1327 5054 υἱοὶ
1381 5004 1519 5071 ὑπὲρ
1545 5006 1722 5070 φωτὸς

142 5096 230 5164 τῷ
267 5093 494 5162 διωγμῷ
535 5093 930 5155 τελειωθέντες,
974 5093 1358 5161 προσεύξοιντο
1394 5095 1522 5163 περὶ
1543 5095 1719 5163 ἡμῶν.

145 5189 216 5240 Ol
255 5185 433 5246 ἄλλως
472 5185 816 5252 τεθνηκότες,
863 5185 1086 5236 ἐλεεινοὶ
1119 5185 1217 5253 τῆς
1260 5187 1544 5255 ἐκδημίας,
1585 5189 1726 5238 κατὰ

143 5284 255 5343 τὰς
290 5280 430 5347 ἐμὰς
466 5281 763 5348 ἁμαρτίας,
797 5281 872 5342 ὼς
902 5279 1147 5349 λέλεχας.
1181 5280 1434 5343 Τοιοῦτος
1461 5282 1556 5333 καὶ
1586 5282 1726 5350 ὕπερ

144 5377 174 5427 6
207 5372 568 5439 Σευηριανός.
623 5370 770 5439 Πλὴν
803 5374 895 5423 καὶ
937 5373 1001 5423 ὲκ
1042 5371 1151 5423 τῶν
1202 5372 1604 5440 ὲνδιαστρόφων
1633 5377 1726 5424 εύ-

148 5462 393 5532 στροφία
421 5464 535 5522 τοῖς
586 5461 883 5531 ὲμμελέσι·
937 5466 1028 5514 καὶ
1067 5463 1096 5512 6
1125 5462 1281 5529 λόγος
1340 5463 1615 5530 βαλλέσθω
1646 5465 1726 5524 εἰς

147 5552 392 5623 ζήτησιν
421 5549 615 5612 ὁσάκις
645 5550 882 5619 προσίοι,
913 5551 1014 5602 κᾶν
1067 5552 1130 5602 ὲκ
1171 5550 1277 5616 τῶν
1314 5552 1572 5602 ἐναντίων
1593 5567 1605 5579 ⁸
1644 5551 1721 5612 ὡς

151 5643 214 5694 ἐν
252 5644 318 5711 τῇ
372 5639 608 5710 βασάνῳ,
653 5640 906 5712 καθάπερ
939 5644 995 5693 ἐν
1041 5641 1373 5711 παρατρίψει
1433 5641 1615 5706 λίθων,
1665 5641 1727 5692 τὸ

151 5733 568 5804 πῦρὲξάλλοιτο
596 5735 698 5803 τῆς
722 5734 1004 5805 ἀληθείας.
1031 5736 1140 5788 Καὶ
1171 5735 1235 5806 δὴ
1253 5735 1354 5788 «καὶ
1381 5735 1475 5787 νῦν
1502 5735 1726 5806 τοιαύτη

222 5907 269 5937 ³³
293 5905 442 5962 Psal.
471 5921 655 5973 χχχιιι,
688 5906 770 5972 10,
811 5909 891 5961 ιι.

1832 4998 1924 5050 nio
1953 4999 2018 5052 sit
2051 4998 2411 5055 Eucharistiw
2467 5006 2756 5073 particeps.
2798 5004 2873 5059 Ex
2907 5005 3166 5062 fratribus
3221 5010 3257 5062 ii
3309 5012 3402 5079 qui

1829 5089 1971 5141 diem
2012 5090 2216 5155 obiere,
2267 5093 2360 5145 lilii
2395 5095 2532 5147 lucis
2576 5111 2675 5162 pro
2720 5098 2837 5150 luce
2865 5099 2916 5150 vi
2973 5103 3398 5167 persecutionis.

1830 5185 2216 5248 consummati,
2249 5201 2347 5253 pro
2382 5187 2539 5240 nobis
2588 5188 2966 5256 deprecentur.
3000 5192 3103 5255 Qui
3140 5193 3292 5247 aliter
3317 5197 3402 5249 in-

1834 5275 2047 5340 teriere,
2078 5277 2270 5329 horum
2315 5278 2642 5332 miserabilis
2667 5282 2869 5346 exitus,
2895 5283 2964 5336 ob
2995 5295 3216 5353 peccata
3257 5303 3400 5352 mea,

1834 5370 2291 5437 quemadmodum
2361 5371 2565 5425 dixisti.
2607 5372 2752 5427 Talis
2815 5391 2878 5429 ac
2939 5378 3109 5432 multo
3170 5380 3406 5434 deterior

1835 5459 2162 5515 Severianus
2213 5473 2315 5516 est.
2345 5461 2730 5519 Verumtamen
2757 5478 2809 5520 et
2839 5484 2867 5520 e
2897 5471 3189 5537 perversis,
3224 5487 3406 5525 rever-

1832 5552 2009 5606 sionis
2034 5569 2159 5622 spes
2204 5564 2287 5608 est
2317 5556 2384 5609 iis
2419 5557 2618 5624 quibus
2659 5557 2711 5610 id
2752 5573 2894 5613 curze
2927 5569 3011 5614 est
3045 5577 3058 5613 :
3088 5577 3263 5631 eaque
3285 5565 3403 5631 agi-

1829 5644 1990 5695 tanda
2017 5644 2069 5696 in
2089 5660 2338 5699 sermone
2353 5649 2605 5716 quaestio,
2633 5650 2847 5715 quoties
2880 5653 3177 5705 accesserit
3205 5653 3403 5720 aliquis

1828 5735 1909 5786 vel
1939 5750 2003 5789 ex
2041 5735 2368 5792 adversariis
2403 5755 2414 5789 :
2448 5747 2506 5790 ut
2529 5737 2584 5790 in
2619 5742 2888 5804 examine,
2931 5751 3186 5812 tanquam
3215 5745 3402 5797 attritu
