3934 6430
555 369 698 433 1295
1741 364 1802 422 S.
1828 361 2224 423 THEODORI
2278 362 2625 422 STUDIT/E
3687 361 3810 427 12%

553 480 817 550 lapidum,
872 473 1116 531 veritatis
1155 473 1298 543 ignis
1352 470 1588 526 exsiliat.
1626 469 1694 524 Et
1743 487 1891 525 nunc
1916 471 2106 540 quidem

2256 471 2277 540 ἡ
2319 470 2589 542 πρότασίς
2624 487 2739 523 σου.
2776 470 2876 524 Ἐν
2909 487 3050 523 τισιν
3081 472 3349 542 ἱστορίαις
3371 473 3648 544 εὕρηνται
3677 475 3809 528 εικό-

556 568 876 641 hujusmodi
904 575 988 623 est
1014 565 1319 637 prapositio
1351 573 1464 617 tua.
1502 562 1562 616 In
1593 563 1921 632 quibusdam
1957 563 2106 617 histo

2254 577 2332 622 νες
2389 562 2832 630 ὲπιγράφουσαι·
2874 561 3136 630 Θειὸτης,
3183 565 3484 635 Κυριότης,
3538 564 3807 620 Βασιλεία.

551 665 647 718 riis
679 669 908 732 repertae
937 669 1066 714 sunt
1089 657 1356 727 imagines
1386 655 1466 710 sic
1497 655 1814 724 inscriptae:
1845 653 2104 708 Divinitas

2256 651 2496 720 lq‘mvdu
2521 654 2613 705 ἐπὶ
2631 656 2731 722 τῆς
2757 654 2998 723 Χριστοῦ
3022 656 3232 718 εἰκόνος
3269 654 3430 708 τοῦτο
3458 655 3672 724 λέγοις.
3707 657 3809 709 Καὶ

551 753 880 816 Dominatio,
913 749 1079 820 Regia
1107 757 1369 819 potestas.
1392 746 1579 801 Palam
1609 755 1693 801 est
1713 748 1858 816 quod
1886 747 1951 801 de
1981 746 2104 801 Chri

2259 743 2360 805 τῶς
2411 742 2610 809 τοῦτο;
2664 745 2731 797 AI
2786 744 3036 798 τοιαῦται
3077 746 3254 814 φωναὶ
3317 747 3523 810 κοινῶς
3570 747 3672 800 ἐπὶ
3723 748 3812 816 τῆς

553 845 622 899 sti
686 843 924 914 imagine
982 842 1085 896 hoc
1119 840 1288 895 dicas.
1321 837 1378 892 Id
1408 853 1537 893 vero
1568 852 1679 907 quo
1724 839 1927 906 pacto?
1974 837 2103 892 Tale

2260 835 2505 906 Γριάδος·
2539 837 2640 889 οὐκ
2661 835 2747 904 ἐφ’
2776 836 2895 898 ἑνὸς
2925 837 3223 907 προσώπου
3261 836 3715 908 διακεκριμένως
3738 855 3813 889 νε-

553 935 951 1006 appellationes
972 933 1040 988 de
1074 932 1342 988 Trinitate
1365 932 1420 985 in
1449 945 1762 995 commune,
1795 945 1903 984 non
1930 930 1999 984 de
2029 947 2100 984 un

2258 925 2482 995 ρόηνται.
2511 927 2574 980 El
2603 927 2712 998 γὰρ
2741 927 2836 981 καὶ
2857 927 2990 991 Θεὸς
3022 930 3118 982 xui.
3146 928 3351 1000 Κύριος
3373 927 3619 982 ἕκαστον
3652 930 3811 1002 πρόσ-

550 1041 787 1096 persona
823 1024 1116 1094 separatim
1168 1023 1563 1091 intelliguntur.
1597 1020 1710 1074 Etsi
1742 1021 1886 1075 enim
1919 1020 2103 1076 Deuse

2262 1032 2385 1067 ωπον
2430 1016 2674 1084 λέγοιτο·
2722 1016 2840 1069 ἀλλ’
2887 1017 2986 1086 οὐχ
3048 1018 3243 1081 ἁπλῶς
3309 1019 3408 1071 καὶ
3465 1018 3678 1088 Θεότης
3734 1020 3815 1071 καὶ

551 1114 814 1171 Dominus
843 1126 1185 1184 unaquaeque
1233 1127 1466 1182 persona
1503 1110 1739 1174 dicatur,
1770 1121 1826 1163 at
1860 1125 1970 1164 non
2000 1113 2103 1165 sim

2260 1105 2537 1175 (υριότης.
2587 1100 2734 1172 Οίον,
2780 1105 2922 1175 Ἐγὼ
2964 1109 2999 1161 ὸ
3047 1108 3194 1174 Θεὸς
3231 1109 3338 1162 τοῦ
3385 1111 3634 1176 Πατρός
3689 1126 3813 1172 σου,

553 1207 766 1277 pliciter
801 1204 1059 1260 divinitas
1125 1212 1220 1258 aut
1266 1203 1588 1257 dominatio.
1629 1201 1874 1270 Exempli
1913 1202 2087 1268 gratia

2261 1195 2435 1264 ρησίνο
2469 1196 2566 1264 οὐχ
2601 1237 2616 1259 ,
2662 1195 2702 1264 ἠ
2755 1198 2992 1263 Θεότιις.
3057 1196 3198 1266 Ἐγὼ
3245 1199 3364 1266 εἰμί
3405 1201 3441 1252 ό
3487 1199 3576 1251 ὢν
3605 1239 3622 1262 ,
3685 1202 3814 1270 οὐχὶ,

550 1297 666 1368 Ego
697 1296 839 1350 Deus
872 1297 1040 1363 patris
1083 1295 1181 1356 tui,
1211 1293 1388 1363 inquit
1417 1293 1487 1358 ⁸⁸,
1525 1308 1655 1357 non,
1694 1293 1980 1347 Divinitas.
2021 1291 2102 1363 Eg

2262 1287 2520 1352 ὔντότης.
2569 1289 2697 1340 Καί·
2719 1287 2959 1355 Ἕϐρεεε
2982 1289 3199 1358 Κύριος
3228 1289 3348 1357 πῦρ
3373 1292 3542 1357 παρὰ
3569 1293 3815 1358 Κυρίου’

552 1405 669 1442 sum
726 1388 815 1457 qui
862 1402 981 1440 sum
1009 1387 1099 1450 ";
1141 1400 1250 1439 non
1285 1401 1298 1437 :
1343 1383 1456 1453 Ego
1483 1400 1600 1437 sum
1655 1383 1984 1437 exsistentia.
2024 1383 2090 1438 Et

2271 1379 2379 1448 ὐχὶ,
2412 1379 2704 1446 Κυριότης
2747 1379 2906 1446 παρὰ
2931 1382 3314 1447 κυριότητος.
3364 1381 3425 1434 EI
3453 1377 3554 1435 οὖν
3599 1383 3701 1434 ἐπὶ
3729 1382 3820 1450 τῆς

551 1478 703 1532 Pluit
734 1479 974 1532 Doninus
1003 1479 1174 1547 ignem
1200 1493 1234 1530 a
1264 1474 1492 1529 Domino
1510 1475 1577 1539 ”,
1602 1490 1736 1540 non,
1769 1474 2071 1529 Dominatio
2102 1510 2104 1525 ι

2273 1472 2516 1540 εολογίας
2545 1472 2737 1535 οὕτως’
2767 1472 2950 1543 πολλῷ
2979 1469 3073 1527 οῦν
3107 1474 3308 1543 μᾶλλον
3342 1476 3440 1528 ἐπὶ
3492 1476 3596 1545 τῆς
3631 1477 3821 1529 οἰκονο-

551 1570 950 1624 Dominatione.
993 1569 1051 1623 Si
1096 1569 1260 1639 igitur
1317 1568 1370 1621 in
1401 1569 1567 1622 rebus
1615 1567 1815 1622 divinis
1845 1568 1926 1622 sic
1955 1583 2013 1622 se
2045 1582 2102 1621 re

2251 1566 2369 1633 aia;
2401 1566 2501 1617 οὐκ
2547 1565 2660 1633 ἔχει
2709 1565 2868 1630 λόγον
2915 1565 3016 1637 τὴν
3055 1567 3239 1621 εἰκόνα
3272 1567 3543 1639 Χριστοῦ,
3576 1568 3804 1636 Θειότης

553 1661 718 1715 habet
751 1678 766 1714 :
799 1661 970 1716 multo
1003 1662 1191 1731 utique
1217 1659 1388 1730 magis
1416 1661 1467 1713 in
1496 1660 1754 1730 mysterio
1798 1660 2104 1714 incarnatio

2268 1658 2590 1729 πιγράφειν,
2627 1659 2660 1729 ἢ
2699 1659 2997 1730 Κυριὰιης.
3029 1659 3164 1722 Θεὸς
3195 1661 3296 1730 μὲν
3326 1660 3437 1733 γὰρ
3467 1661 3712 1729 λέγοιτο,
3737 1661 3821 1715 καὶ

553 1754 640 1808 nis
666 1751 819 1807 nefas
845 1761 928 1807 est
971 1753 1192 1821 imagini
1236 1749 1436 1805 Christi
1491 1750 1789 1816 subscribi,
1841 1749 2106 1804 Divinitas

2272 1748 2464 1818 Ldptog,
2510 1749 2544 1818 ἡ
2596 1766 2649 1801 τι
2691 1749 2801 1802 τῶν
2846 1750 3205 1820 ὁμοδυνάμων
3236 1750 3482 1815 τούτοις⁸
3525 1752 3671 1806 ἀλλὰ
3737 1755 3825 1805 καί

553 1853 652 1899 aut
686 1843 1022 1899 Dominatio.
1051 1843 1195 1899 Deus
1243 1843 1463 1913 quidem
1498 1842 1714 1896 dicatur
1743 1856 1808 1896 ac
1852 1841 2106 1897 Dominus

2269 1837 2405 1891 τοῦτο
2448 1841 2785 1909 ὁμωνύμως⁹
2818 1842 2878 1894 οὐ
2909 1842 3016 1912 μὴν
3058 1842 3261 1911 Θεότης
3292 1842 3323 1913 ἢ
3360 1844 3675 1914 Κυριὸτης.
3721 1845 3822 1905 Ὦς.

555 1944 652 1990 aut
683 1949 872 1988 eorum
925 1934 1132 2004 aliquid
1184 1949 1304 2004 quae
1358 1942 1488 1988 sunt
1527 1933 1769 2001 ejusdem
1803 1933 2091 2000 potestatis

2271 1931 2383 2000 ρὲρε
2434 1933 2634 1996 εἰπεῖν,
2679 1933 2772 1986 καὶ
2820 1935 2914 1986 ἐπὶ
2943 1933 3038 1987 τοῦ
3069 1935 3456 2006 γεγραμμένου
3507 1938 3824 2007 ἀνθρώπου,

554 2036 721 2096 atque
753 2027 854 2080 hoc
877 2026 1055 2096 ipsum
1078 2026 1405 2094 homonyme
1434 2041 1446 2077 :
1480 2040 1588 2079 non
1634 2023 1823 2092 utique
1850 2021 2107 2075 Divinitas

2272 2021 2537 2091 ἱνθρωπος
2582 2022 2683 2091 μὲν
2746 2021 2979 2090 λέγοιτο,
3029 2024 3092 2076 οὐ
3131 2025 3238 2095 μὴν
3277 2025 3680 2097 άνθρωπότηςο
3738 2029 3825 2079 καὶ

553 2133 619 2174 ac
650 2117 985 2173 Dominatio.
1020 2118 1134 2182 Sic,
1185 2117 1420 2186 exempli
1450 2116 1648 2186 gratia,
1684 2115 1848 2169 homo
1881 2114 1925 2168 si
1957 2114 2105 2183 pictu

2275 2113 2504 2174 ιασιὶεύς
2530 2113 2636 2165 τῶν
2678 2115 2770 2166 ἐπὶ
2800 2115 2922 2186 γῆς,
2973 2115 3032 2168 οὐ
3067 2116 3175 2186 μὴν
3205 2115 3475 2185 βασιλεία.
3517 2118 3828 2188 Ἐσφαλμέ-

559 2211 653 2272 sit,
695 2209 859 2262 homo
885 2223 1019 2264 sane
1045 2208 1282 2272 dicatur,
1315 2225 1422 2262 non
1466 2209 1780 2262 humanitas
1814 2225 1825 2260 :
1863 2215 2112 2261 terrenus

2274 2218 2356 2264 ιως
2381 2198 2473 2254 οὖν
2500 2201 2633 2271 ἔχει,
2665 2202 2740 2265 ὼς
2771 2204 2892 2272 ἐμοὶ
2917 2204 3088 2268 δοκεῖ,
3128 2207 3159 2274 η
3187 2207 3472 2276 ἐπιγραφή
3497 2223 3514 2238 δ
3554 2224 3827 2278 συμπερι-

561 2319 670 2374 que
690 2318 806 2370 rex,
858 2318 970 2356 non
1021 2310 1169 2356 certe
1205 2309 1446 2370 potestas
1491 2301 1661 2370 regia.
1708 2300 1896 2367 Itaque
1947 2299 2108 2352 vitios

2276 2309 2449 2362 ’ραφει
2485 2295 2592 2362 γάρ
2633 2293 2730 2345 καὶ
2759 2294 2849 2346 τὸν
2879 2295 3102 2366 Πατέρα
3135 2299 3230 2349 καὶ
3277 2299 3337 2350 τὸ
3383 2297 3640 2368 Πνεῦμα,
3697 2301 3829 2371 ὅπερ

556 2394 672 2460 illa,
704 2404 762 2450 ut
804 2393 938 2448 mihi
988 2393 1225 2454 videtur,
1253 2393 1537 2461 inscriptio
1585 2401 1667 2446 est
1697 2409 1711 2445 :
1746 2392 2109 2447 circumscribj

2275 2400 2466 2435 ποπον.
2500 2381 2752 2435 Τοσαῦτα
2808 2382 2904 2453 μὲν
2935 2384 3010 2448 ὡς
3044 2386 3164 2438 κατ’
3214 2387 3509 2456 ἐπιτομήν.
3564 2387 3745 2448 Αὐτὸς
3774 2390 3828 2440 δὲ

555 2486 703 2540 enim
732 2494 788 2539 et
835 2483 1054 2538 Patrem
1091 2492 1146 2536 et
1178 2482 1461 2551 Spiritum,
1493 2482 1637 2551 quod
1698 2490 1780 2536 est
1821 2481 2108 2535 absurdum

2273 2474 2550 2544 προσεύχου
2602 2473 2733 2545 περὶ
2769 2474 2868 2544 τῆς
2897 2475 3276 2539 ταπεινώσεώς
3311 2494 3413 2546 μου
3453 2477 3826 2548 θερμότερον·

555 2577 735 2643 Atque
777 2573 891 2628 hinc
919 2572 1136 2641 quidem
1173 2571 1411 2625 breviter
1454 2570 1799 2639 strictimque
1837 2570 1979 2622 dicta
2011 2569 2108 2622 sinl

2276 2566 2381 2619 λλὰ
2404 2567 2512 2637 γὰρ
2541 2569 2636 2619 καὶ
2658 2567 2799 2637 ὑπὲρ
2816 2566 2909 2619 τοῦ
2931 2568 3184 2634 ἀδελφοῦ,
3214 2569 3272 2631 ὃς
3301 2571 3395 2622 καὶ
3417 2571 3829 2642 προσαγορεύει

556 2658 638 2714 Tu
666 2674 794 2715 vero
825 2675 924 2729 pro
948 2674 1066 2714 mea
1095 2660 1398 2714 humilitate
1419 2658 1637 2712 enixius
1657 2672 1880 2727 precare
1909 2673 2109 2712 :verun

2286 2658 2635 2730 νησιὼτερον.
2664 2661 2736 2712 Τὸ
2766 2660 2978 2731 ίμάτιον
3013 2659 3282 2730 ἐδεξάμην
3303 2677 3314 2689 ·
3345 2663 3440 2714 καὶ
3467 2662 3580 2726 ἕως
3602 2664 3742 2716 πότε
3772 2665 3827 2715 οὐ

556 2753 719 2808 etiam
752 2761 806 2806 et
832 2765 931 2821 pro
959 2750 1147 2814 fratre,
1178 2751 1272 2819 qui
1318 2759 1368 2805 te
1397 2757 1741 2819 peramanter
1773 2750 1995 2804 salutat.
2028 2746 2107 2802 Ve

2277 2751 2432 2822 παύσῃ
2494 2751 2819 2805 ὲνδιδύσκων
2865 2754 3037 2822 ἡμᾶς,
3089 2754 3376 2821 άγαπητέ;
3445 2755 3830 2824 Ἀντιθάλψειὲ

559 2856 698 2902 stem
730 2843 913 2913 accepi
941 2861 956 2897 :
986 2851 1040 2898 et
1072 2857 1360 2913 quousque
1387 2858 1495 2896 non
1542 2841 1782 2896 cessabis
1814 2843 2112 2895 indument:

2276 2860 2306 2893 ἐ
2346 2842 2548 2911 Κύριος
2577 2844 2634 2897 ὲν
2687 2845 2979 2912 πνεύματι.
3005 2845 3086 2897 Τὰ
3117 2845 3435 2900 ἐλλείποντα
3477 2851 3508 2901 ὁ
3561 2866 3829 2920 γραμμα-

561 2939 724 2995 nobis
756 2937 1129 3009 suppeditare,
1173 2933 1567 2990 dilectissime?
1599 2931 1848 2986 Vicissim
1880 2941 1931 2986 te
1960 2932 2114 2986 Domi

1880 2941 1931 2986 te
1960 2932 2146 2986 Donni-
2245 2935 2483 3004 τηφόρος
2512 2936 2834 3003 ἀπαγγελεῖ.
2869 2935 3122 3008 Ἐῥρωσο
3151 2939 3208 2990 ὲν
3237 2940 3425 2993 πᾶσιν.

558 3046 664 3085 nus
683 3031 734 3084 in
756 3031 950 3100 spiritu
983 3029 1182 3084 foveat.
1200 3028 1407 3082 Caetera
1438 3025 1757 3080 tabellarius
1779 3024 2137 3094 signiﬁcabit.

555 3121 720 3177 Omni
751 3137 817 3177 ex
855 3132 1008 3192 parte
1037 3122 1156 3175 vale

950 3235 1182 3290 LXVIII.
1201 3264 1270 3277 --
1300 3233 1472 3288 [reme
1506 3232 1770 3300 patriciw.
2171 3254 2213 3310 ο

2171 3254 2213 3310 C
2528 3240 2652 3293 EII'.
2681 3271 2749 3281 —
2781 3241 3011 3310 Εἰρήνῃ
3040 3243 3337 3310 πατρικίᾳ.
3362 3239 3553 3314 luent]

559 3353 682 3404 Cum
707 3353 841 3414 lapsa
875 3351 1070 3409 fuisset,
1093 3349 1405 3411 postmodum
1432 3346 1604 3396 confes
1632 3357 1727 3404 am,
1753 3351 1808 3394 et
1827 3357 2261 3458 gravezgergrlrénqs
2281 3365 2491 3474 ρρὲδρω,
2515 3351 2743 3403 hortatur
2782 3361 2838 3404 ut
2865 3356 2914 3404 in
2937 3355 3250 3405 confessione
3271 3361 3593 3417 perseveret.
3623 3357 3832 3418 marco.

2053 3425 2202 3467 .616,
2227 3425 2276 3459 n.
2307 3425 2384 3460 15.

634 3493 916 3565 Superiori
946 3502 1208 3563 tempore,
1239 3492 1382 3560 quod
1409 3490 1742 3561 poenitentia:
1773 3487 1897 3554 fuit,
1926 3489 2144 3558 pigebat

2314 3497 2587 3568 Πρότερον
2619 3496 2849 3569 ἡνίκαή
2908 3497 3261 3562 ὑπόπτωσις,
3315 3496 3569 3566 λυπηρόν
3620 3517 3720 3568 μοι
3777 3510 3834 3555 τ’)

563 3589 806 3643 scribere
833 3585 900 3640 ad
918 3585 1279 3640 reverentiam
1315 3593 1461 3638 tuam
1490 3601 1503 3638 :
1537 3598 1680 3638 nunc
1702 3598 1832 3636 vero
1855 3592 1909 3637 et
1941 3584 2116 3650 impri.

2287 3589 2480 3660 ράμμα
2513 3589 2650 3661 πρὸς
2675 3590 2776 3660 τὴν
2823 3589 3115 3660 τιμιότητά
3151 3602 3281 3641 σου·
3318 3588 3414 3641 νῦν
3448 3588 3508 3641 δὴ
3550 3591 3653 3644 καὶ
3717 3591 3840 3644 λίαν

565 3675 668 3728 mis
717 3673 1067 3743 jucundum,
1129 3679 1420 3741 postquam
1477 3671 1860 3735 exsurrexisti,
1900 3673 2112 3741 excepti

2284 3684 2541 3753 εριχαρὲς
2589 3682 2678 3736 διὰ
2710 3683 2810 3753 τὴν
2853 3682 3242 3748 ἐξανάστασιν,
3290 3678 3522 3742 καὶτὰς
3572 3683 3671 3734 ἐπὶ
3727 3683 3837 3734 τῶν

563 3764 726 3819 etiam
760 3762 1069 3817 venerando
1099 3774 1194 3816 tuo
1225 3777 1456 3830 corpore
1492 3776 1591 3830 pro
1613 3759 1816 3814 Christi
1844 3759 2116 3814 confessio

2285 3775 2447 3843 ιμίων
2481 3791 2575 3827 σου
2613 3774 2836 3844 σαρκῶν
2860 3773 3001 3843 ὑπὲρ
3021 3771 3314 3840 ὁμολογίας
3345 3771 3594 3843 Χριστοῦ
3634 3775 3838 3844 μάστι-

563 3874 631 3912 ne
661 3856 1000 3911 verberibus.
1031 3854 1140 3909 Sed
1173 3870 1329 3925 euge,
1364 3868 1499 3923 euge
1521 3893 1534 3918 ,
1567 3852 1708 3907 virili
1750 3853 1986 3906 maxime
2026 3854 2113 3906 ani

2286 3882 2368 3927 ας.
2406 3865 2517 3918 Καὶ
2563 3860 2716 3932 εὖγε,
2744 3861 2893 3932 εὖγε,
2927 3865 3281 3936 ἀνδρειοτάτη
3321 3865 3379 3917 ἑν
3422 3865 3707 3931 γυναιξὶν,
3757 3867 3839 3918 ὅτι

563 3964 656 4004 mo
683 3948 907 4012 femina,
959 3947 1130 4017 quod,
1159 3956 1383 4016 accepta
1415 3945 1591 4009 clade,
1620 3944 2116 4012 redintegrationen

2285 3958 2345 4026 ἧς
2379 3957 2548 4025 ἥττης
2585 3954 3054 4024 περιφανεστέραν
3092 3954 3191 4023 τὴν
3220 3952 3591 4006 άναπάλαισιν
3630 3961 3838 4026 ἀπειρ-

564 4057 759 4113 pugnae
808 4039 1235 4110 splendidiorem
1277 4038 1558 4092 eli'eceris:
1604 4034 1776 4090 Deum
1817 4034 2112 4104 angelosqu

2285 4048 2432 4099 ἀσωο
2486 4047 2806 4115 εὐφράνασα
2834 4045 2967 4098 Θεὸν
3013 4062 3073 4098 τε
3103 4046 3198 4097 καὶ
3233 4045 3520 4113 ἀγγέλους,
3576 4049 3676 4100 καὶ
3728 4049 3837 4099 τῶν

564 4134 902 4195 exhilarans,
939 4141 1080 4186 etex
1115 4131 1431 4185 hominibus
1461 4128 1870 4183 amantissimos
1910 4127 2117 4195 pietatis

2285 4136 2549 4205 νθρώπων
2584 4137 2710 4199 τοὺς
2744 4135 3194 4198 εὐσεϐεστάτους.
3237 4138 3348 4190 Καὶ
3387 4138 3452 4190 σὺ
3480 4137 3652 4202 ὅντως
3694 4139 3834 4210 άλη-

564 4228 644 4280 Ac
675 4235 731 4278 tu
761 4240 885 4278 vere
916 4224 1102 4293 utique
1133 4224 1312 4288 nobis,
1337 4237 1405 4276 ex
1428 4213 1800 4274 Orientalibus
1830 4229 2008 4273 ortum
2041 4228 2117 4271 tra

2282 4228 2356 4292 ῶς
2406 4228 2653 4299 εὐγενὴς,
2696 4227 2804 4280 τῶν
2842 4226 2936 4297 ἀφ’
2975 4228 3129 4297 ἡλίου
3171 4228 3447 4281 ἀνατολῶν
3479 4231 3797 4300 ὁρμωμένη
3821 4247 3834 4262 ·

567 4314 732 4367 hens:
763 4322 818 4365 tu
848 4311 937 4366 Dei
962 4327 1025 4366 ac
1046 4313 1262 4366 virtutis
1289 4325 1511 4364 amans:
1537 4317 1592 4363 tu
1616 4308 1875 4362 vitiorum
1899 4307 2116 4363 domina

2285 4323 2312 4375 ἰ)
2380 4320 2625 4388 φιλόθεος
2675 4321 2770 4373 καὶ
2822 4320 3146 4391 ςριλάρετος⁶
3210 4321 3276 4373 σὺ
3331 4319 3677 4384 παθοκτόνος
3740 4323 3838 4375 καὶ

566 4406 693 4469 trix,
709 4414 761 4459 et
787 4403 977 4458 mundi
1004 4404 1245 4458 inimica.
1267 4402 1480 4469 Quanta
1500 4403 1576 4458 tui
1601 4402 1843 4456 nominis
1865 4416 2116 4454 commen

2284 4413 2637 4483 χθρόκοσμος.
2681 4413 2768 4474 Ὠς
2799 4413 3012 4465 αἰνετόν
3042 4429 3134 4464 σου
3163 4411 3224 4465 τὸ
3252 4411 3424 4481 ὄνομα
3444 4426 3459 4441 ·
3509 4414 3609 4464 καὶ
3638 4414 3837 4466 διαλα-

566 4499 718 4550 datio
760 4507 844 4550 est
876 4498 889 4550 l
919 4512 1082 4565 quam
1137 4507 1220 4552 est
1251 4497 1305 4551 in
1353 4512 1450 4550 ore
1498 4512 1563 4550 ac
1618 4509 1870 4550 sermone
1904 4493 2119 4547 oniniun

2284 4507 2381 4576 ητή
2433 4521 2526 4557 σου
2584 4506 2626 4574 ἡ
2683 4503 2994 4574 μαρτυρίαι
3043 4502 3107 4555 Τί
3164 4501 3378 4566 ταῦτα;
3431 4503 3675 4565 Ἐλαϐες
3736 4506 3837 4576 τὴν

571 4597 891 4658 martyrium
928 4597 1080 4642 tuum
1109 4589 1122 4640 ι
1155 4588 1295 4654 Quid
1352 4588 1541 4642 enim?
1569 4588 1952 4656 Evangelicum
2008 4586 2117 4638 arri

2281 4595 2610 4664 ὐαγγε).ικὴν
2675 4596 2986 4667 μάχαιραν,
3034 4595 3107 4658 ὡς
3162 4594 3488 4663 στρατιῶτις
3540 4596 3834 4665 Χριστοῦ·

569 4683 735 4752 puisti
779 4682 1042 4752 gladium,
1065 4690 1125 4735 ut
1148 4680 1350 4736 Christi
1384 4681 1538 4734 miles
1567 4697 1579 4733 :
1611 4682 1666 4733 in
1693 4679 1891 4733 mentis
1921 4693 2122 4731 excesSI

2282 4686 2503 4754 ιέκοψας
2561 4687 2616 4736 ἐν
2668 4684 2923 4736 ἐκστάσει
2973 4686 3074 4746 τὰς
3124 4683 3338 4752 σχέσεις
3385 4681 3484 4734 τοῦ
3531 4682 3835 4753 σώματος’

561 4761 798 4829 allectus
819 4775 1065 4842 corporis
1091 4772 1408 4842 p’mcidisti,
1430 4771 1671 4825 demisso
1694 4770 1871 4838 capite
1890 4769 2114 4836 dirempt

2284 4771 2582 4839 ιπετμήθης
2619 4771 2862 4839 κεφαλῆς
2888 4771 3310 4840 ὑποκυπτούσης
3353 4769 3628 4840 θυγατρὸς
3663 4792 3837 4842 μονο.

565 4885 627 4925 es
662 4871 730 4924 ab
773 4870 934 4923 unica
989 4869 1098 4922 ﬁlia
1126 4887 1140 4922 :
1167 4868 1346 4924 valere
1377 4867 1580 4936 jubens
1612 4865 1815 4934 regiam
1839 4864 2115 4919 civitatem

2281 4859 2545 4930 laocoon;
2570 4877 2584 4890 ο
2617 4861 2895 4931 ἐρρῶσθαι
2925 4861 3184 4930 φράσασα
3228 4862 3380 4914 πόλει
3429 4861 3834 4938 βασιλευούσῃ,

568 4959 838 5014 illustrem
874 4958 1212 5028 prosapiam,
1261 4965 1584 5025 praestantes
1619 4955 1850 5015 amicos,
1884 4952 2121 5007 familian

2291 4951 2396 5003 ἑνει
2426 4950 2797 5021 περιϐλέπτῳ,
2835 4950 3008 5018 φίλοις
3043 4951 3420 5021 ὑπερέχουσιν,
3465 4953 3620 5022 οίκίᾳ
3655 4955 3839 5025 ὑπερι

567 5049 931 5119 splendidam,
966 5049 1224 5102 eximiam
1260 5047 1606 5117 dignitatem,
1653 5044 1999 5098 terrestrium
2045 5045 2120 5097 do

2285 5044 2504 5113 ὶμπρῳ,
2560 5042 2689 5112 ἀξίᾳ
2751 5043 3209 5114 ὑπερφυεστάτῃ,
3289 5043 3399 5096 τῶν
3453 5044 3601 5098 κατὰ
3657 5046 3838 5116 χθόνα

571 5138 924 5192 mesticorum
966 5141 1241 5206 ingentem
1297 5151 1609 5199 numerum,
1637 5133 2124 5203 omnigenasl‘acul

2281 5134 2470 5188 ἱκετῶν
2512 5133 2726 5203 πλήθει,
2768 5133 3002 5204 ὑπάρξει
3056 5134 3396 5204 παντοδαπῇ,
3451 5137 3566 5197 τοῖς
3618 5137 3834 5200 ἄλλοις.

571 5239 731 5293 tates,
761 5232 865 5284 alia
893 5231 1126 5299 denique
1159 5246 1280 5298 quae
1311 5243 1747 5283 commemorare
1778 5229 1866 5280 vix
1906 5227 2107 5295 possim

2282 5222 2327 5288 ἴς
2353 5225 2452 5278 οὐκ
2484 5225 2725 5294 εὐμαρές
2754 5225 3081 5297 μοιθλέγειν·
3114 5227 3208 5278 καὶ
3235 5226 3486 5296 ἀραμένη
3520 5227 3615 5279 τὸν
3657 5245 3835 5280 σταυ-

573 5332 791 5390 arrepto
838 5323 960 5375 vitae
994 5321 1244 5374 instituto
1267 5361 1282 5384 ,
1317 5321 1369 5372 in
1426 5333 1536 5388 quo
1573 5320 1644 5372 sit
1688 5334 1823 5372 crux
1855 5317 2091 5371 tollenda
2125 5338 2126 5365 :

2281 5317 2478 5386 οφόρον
2521 5316 2670 5385 βίον
2710 5316 3065 5386 άπεωρίσθης
3093 5334 3196 5369 που
3234 5317 3472 5386 μακρὰν,
3526 5317 3604 5381 ὡς
3641 5321 3834 5388 μεμάο

573 5415 727 5480 longe
771 5414 1028 5480 quopiam
1081 5412 1330 5480 ablegata
1362 5426 1443 5472 es,
1477 5418 1535 5462 ut
1586 5409 1773 5474 didici,
1808 5410 1862 5462 in
1888 5408 2118 5462 insulam

2286 5424 2414 5476 ηκα,
2449 5409 2506 5461 ὲν
2536 5407 2703 5476 νήσῳ.
2741 5406 3100 5477 Εὐλογημένη
3130 5408 3217 5471 σὺ,
3258 5409 3353 5461 καὶ
3392 5409 3775 5478 εὐλογημένος
3807 5413 3836 5464 ὁ

573 5499 860 5555 Benedicta
894 5513 970 5567 tu,
1007 5513 1060 5557 et
1088 5503 1403 5557 benedictus
1448 5501 1916 5570 fructusmartyrii
1952 5500 2048 5552 lui.
2080 5498 2122 5549 Ε

2280 5496 2461 5566 εαρπὸς
2497 5496 2597 5564 τῆς
2648 5496 2958 5568 μαρτυρίας
3010 5515 3128 5551 σου.
3165 5499 3277 5552 Καὶ
3321 5499 3486 5551 πόθεν
3530 5516 3614 5552 σοι
3664 5500 3833 5556 τοῦτο

575 5593 718 5648 unde
747 5594 841 5646 tibi
877 5606 1046 5647 totum
1075 5596 1175 5647 hoc
1204 5595 1461 5662 quidquid
1488 5603 1569 5647 est
1598 5593 1747 5654 horti,
1800 5593 1990 5658 ingens
2029 5592 2128 5658 glo-

2276 5587 2369 5638 ιλον
2399 5588 2457 5638 τὸ
2481 5586 2703 5654 ἀγαθὸν,
2740 5588 2798 5638 τὸ
2821 5587 2962 5655 μέγα
2990 5588 3166 5651 κλέος,
3213 5590 3240 5658 ἡ
3270 5589 3502 5659 μεγίστη
3530 5591 3790 5658 εὐφημία
3811 5632 3829 5656 ,

575 5684 678 5745 ria,
733 5701 943 5739 summa
1001 5687 1419 5751 commendatio,
1470 5684 1572 5738 nisi
1609 5700 1672 5736 ex
1704 5682 1996 5736 virtutibus
2043 5683 2128 5735 illi:

2268 5679 2366 5731 ὶλλ’
2399 5679 2431 5746 ἢ
2484 5679 2547 5730 ὲκ
2579 5678 2682 5730 τῶν
2723 5680 3206 5750 προῦπηργμένων
3238 5697 3320 5733 σοι
3348 5680 3821 5751 κατορθωμάτων,

654 5799 698 5827 ⁹⁰
727 5797 896 5851 Exod.
934 5816 1010 5865 ιιι,
1042 5800 1092 5852 6.
1171 5801 1214 5832 θ’
1247 5799 1377 5853 ibid.
1416 5798 1497 5851 14.
1571 5798 1620 5830 ”
1661 5795 1795 5851 Gen.
1838 5811 1944 5862 xu,
1985 5794 2070 5847 24.
