3934 6504
139 489 158 550 1
171 491 273 551 297

1345 484 1887 547 EPISTOLARUM
1936 484 2088 544 LIB.
2133 482 2218 542 II.

3281 485 3420 549 1298

133 606 198 655 ἐκ
227 600 326 666 τῆς
355 597 553 668 πολλῆς
584 614 678 649 σου
711 595 1005 662 ἐντεύξεως
1036 597 1132 649 καὶ
1161 596 1500 667 προσευχῆς,
1530 599 1594 650 ἐκ
1616 597 1714 666 τῆς

1841 596 1958 662 uis,
1985 609 2111 665 qua:
2149 605 2482 663 praecessere
2514 609 2526 644 :
2553 606 2617 645 ex
2652 591 2889 660 plurima
2917 590 3322 662 supplicatione
3355 610 3422 650 ac

133 688 585 758 ὑπερϐαλλούσης
643 704 736 740 σου
791 687 1138 757 φιλευποιίας
1196 689 1292 740 καὶ
1355 687 1724 757 φιλομονάχου

134 784 408 854 καρδίας;
457 782 572 834 Οὐκ
598 777 800 833 ὤλοντο
855 780 906 832 οἱ
958 779 1187 850 καρποὶ,
1227 778 1329 832 κᾶν
1382 780 1472 832 ἐπὶ
1531 780 1726 851 μικρὸν

131 875 546 941 διεσείσθησαν·
579 873 641 924 ού
681 870 917 937 κατέαξέ
956 888 1049 922 σου
1090 870 1181 922 τὸν
1225 871 1427 940 ἀρετῆς
1459 869 1671 941 πύργον
1699 874 1726 925 ὁ

134 967 512 1035 ἀντικείμενος
536 965 661 1032 ὄφις
681 1002 696 1026 ,
749 965 798 1016 εί
832 963 927 1016 καὶ
958 962 1204 1017 δὲδακεν.
1263 963 1726 1032 Ἀποκέκρουσται

136 1058 333 1127 φθόνος
357 1056 464 1110 τῶν
495 1054 960 1109 ἐπιτωθασάντων
987 1071 1002 1086 ·
1031 1054 1326 1107 πέπτωκεν
1355 1052 1729 1116 ὀνειδιζόντων

136 1150 331 1212 ὕθλοςο
373 1147 629 1215 νενίκηκε
674 1144 916 1215 Χριστὸς
969 1146 1027 1197 ἐν
1059 1145 1175 1207 σοὶ,
1223 1142 1321 1194 καὶ
1371 1141 1461 1194 διὰ
1519 1141 1633 1193 σοῦ.
1683 1135 1728 1195 ὦ

135 1242 483 1310 καλλίγυναι.
509 1233 554 1292 ὣ
583 1238 927 1309 φιλόμαρτυς
953 1252 969 1267 ⁸
1005 1239 1122 1299 καὶ,
1159 1235 1222 1288 τὸ
1244 1234 1450 1306 τρίτον,
1477 1229 1521 1286 ὧ
1551 1236 1728 1304 μῆτερ

136 1337 286 1405 ἐμήο
338 1333 491 1386 καλῶ
515 1333 626 1403 γὰρ
658 1330 819 1384 τοῦτο
869 1331 926 1382 ἐν
973 1329 1277 1398 πνεύματι,
1317 1327 1393 1391 ὡς
1441 1326 1726 1390 σύναθλον,

135 1432 232 1482 καὶ
255 1429 364 1482 τῶν
392 1428 500 1482 ἀπὸ
528 1425 736 1497 σαρκὸς
758 1423 1184 1493 γνωριζομένων
1207 1421 1536 1490 σπλάγχνων
1566 1419 1731 1488 ἐγγύ-

134 1538 318 1592 τερον.
376 1521 533 1573 Οῦτω
569 1520 681 1588 γὰρ
712 1513 823 1570 οἶδε
873 1517 935 1569 τὸ
982 1515 1203 1585 πνεῦμα
1257 1513 1551 1566 συνάπτειν
1602 1512 1729 1573 τοὺς

136 1613 237 1666 ἀπ’
269 1613 434 1666 αὐτοῦ
483 1609 986 1682 κυοφορουμένους.
1038 1604 1171 1660 Οἷδά
1203 1623 1295 1658 σου
1331 1604 1459 1667 τοὺς
1502 1605 1726 1667 πόνους·

133 1700 256 1757 οἶδα
282 1703 380 1766 τὰς
427 1701 708 1764 ίνοκοπίας
753 1700 852 1769 τῆς
894 1697 1107 1768 ψυχῆςθ
1155 1696 1335 1750 πάντα
1364 1696 1464 1748 ὅσα
1497 1698 1729 1766 ραγεῖσα

135 1800 348 1868 κόσμου
391 1795 623 1851 ύποίσω.
678 1793 839 1847 Ἀλλὰ.
883 1792 1115 1863 θάρσει·
1163 1789 1333 1853 πολύς
1364 1807 1456 1842 σου
1482 1789 1510 1841 ὁ
1539 1787 1729 1858 μισθὸς

137 1896 197 1945 ἐν
249 1891 500 1961 οὐρανοῖς
524 1905 538 1921 ·
571 1887 760 1958 νύμφη
800 1883 1038 1954 Χριστοῦ
1067 1883 1454 1954 χρηματίζεις,
1486 1881 1590 1934 κᾶν
1620 1880 1730 1933 ἀπὸ

133 1984 335 2052 ἀνδρός
357 1999 370 2012 ·
405 1981 730 2052 συμπολῖτις
774 1978 884 2030 τῶν
913 1976 1140 2029 δικαίων
1175 1977 1271 2029 καὶ
1312 1976 1487 2043 ἁγίων
1509 1990 1521 2003 '
1573 1972 1732 2043 εἴπερ

136 2074 490 2146 ἐμμενοῦμεν
519 2075 641 2135 ταῖς
674 2071 851 2134 θείαις
880 2069 1199 2139 ὁμολογίαις
1237 2067 1343 2130 ἓως
1374 2067 1582 2129 τέλους.
1615 2065 1732 2119 Νῦν

133 2169 195 2220 δὲ
224 2166 444 2235 λιπαρῶ
480 2165 574 2217 καὶ
612 2161 896 2232 παραινῶ,
929 2158 1353 2230 ύπομονητικῶς
1394 2175 1452 2210 σε
1487 2158 1735 2225 ἐνεγκεῖν

133 2263 242 2330 τὴν
287 2257 501 2329 ἐξορίαν
532 2259 628 2310 καὶ
665 2255 904 2327 ἐρημίαν
935 2256 1176 2316 πάντων,
1210 2248 1634 2320 ἀναθεωροῦσαν
1665 2248 1736 2302 τὰ

133 2353 376 2422 οὐράνια
398 2367 413 2382 ·
441 2350 645 2403 εἰδυῖαν
675 2348 736 2401 τὸ
765 2347 858 2400 ἐπὶ
889 2347 993 2416 γῆς
1022 2348 1273 2412 παίγνιον
1301 2345 1396 2397 καὶ
1423 2341 1734 2411 ὠκύμορον.

133 2450 300 2504 Μετὰ
328 2445 423 2498 σοῦ
460 2448 488 2499 ὁ
520 2443 696 2514 φύλαξ
736 2459 831 2494 σου
878 2443 979 2512 τῆς
1022 2440 1172 2510 ζο-ιῆς
1203 2438 1467 2507 ἄγγελος·
1501 2435 1738 2508 Χριστὸς

135 2539 332 2600 αὐτὸς,
371 2537 400 2589 ὁ
440 2533 648 2588 εἰπών⁶
691 2532 840 2601 Ἐγὼ
890 2532 990 2584 καὶ
1020 2533 1052 2585 ό
1097 2528 1301 2597 Πατὴρ
1334 2528 1734 2597 ἐλευσόμεθα,

135 2631 241 2683 καὶ
268 2627 472 2697 μονὴν
497 2625 635 2694 παρ’
660 2623 822 2690 αὐτῷ
848 2623 1208 2692 ποιήσομεν.
1234 2621 1397 2674 Ἓνδέ
1417 2620 1738 2691 ὑπομιμνή-

136 2738 264 2774 σκω
287 2738 298 2750 ·
332 2721 571 2788 σεαυτὴν
594 2715 908 2788 περιποιοῦ.
929 2715 1141 2775 δίαιταν
1165 2712 1739 2784 παρακλητικωτέραν

134 2811 531 2882 ἀσπαζομένη.
567 2811 642 2864 Ού
693 2811 804 2880 γὰρ
863 2809 1057 2880 καιρὸς
1091 2807 1422 2876 ἐγκρατείας
1479 2806 1603 2876 ἄρτι
1646 2821 1737 2857 το-

137 2904 359 2967 σοῦτον,
389 2905 514 2957 ὅσον
575 2903 637 2956 τὸ
680 2903 970 2973 πρότερον.
1021 2901 1134 2954 Καὶ
1201 2899 1377 2964 τέλος,
1430 2900 1737 2967 προσεύχου

136 2999 277 3067 περὶ
306 2994 442 3064 ἐμοῦ
476 2994 573 3047 τοῦ
623 2991 954 3064 ἀμαρτωλοῦ
978 3007 990 3020 ·
1047 2991 1123 3056 ὡς
1151 2989 1218 3044 ἂν
1264 2991 1379 3050 τοῖς
1426 2987 1607 3057 λόγοις
1648 2988 1740 3041 τὸν

139 3090 265 3161 βίον
301 3087 730 3158 συναρμόσοιμι.

368 3199 486 3251 ΞΘ.
517 3227 589 3239 —
618 3195 902 3266 Εὐφημίιι
920 3194 1270 3265 ἐγκλείστῃ.
1300 3188 1485 3264 [υογ’.]

1830 701 1995 757 prece
2035 707 2046 741 :
2075 700 2143 740 ex
2172 681 2671 739 beneficentissima
2706 692 2796 737 tua
2829 699 2956 755 erga
2983 687 3286 741 monachos
3320 702 3420 742 vo-

1830 777 2086 832 luntate?
2120 774 2235 829 Non
2264 774 2475 845 periere
2528 773 2764 836 fructus,
2799 775 2903 830 etsi
2933 776 3187 831 concussi
3225 777 3422 844 paulu-

1829 870 1941 925 lum
1976 887 1988 923 :
2020 879 2171 924 tuam
2206 867 2353 921 illam
2397 866 2616 921 virtutis
2645 869 2834 921 turrim
2867 883 2975 922 non
2999 869 3271 924 subvertit
3300 884 3422 924 ser-

1829 979 1964 1034 pens
1993 961 2271 1027 inimicus,
2301 976 2618 1031 quanquam
2652 976 2898 1015 morsum
2928 961 3135 1016 intulit.
3182 961 3423 1030 Repulsa

1831 1055 2120 1110 irrisorum
2182 1052 2388 1107 invidia
2446 1061 2575 1108 est:
2621 1053 2944 1107 exciderunt
2984 1053 3423 1110 conviciatorum

1828 1161 2022 1217 nugae:
2059 1144 2189 1199 vicit
2219 1143 2476 1199 Christus
2507 1144 2560 1198 in
2587 1153 2638 1198 te
2667 1153 2720 1198 et
2750 1160 2846 1212 per
2870 1152 2941 1208 te,
2974 1158 3008 1199 ο
3033 1143 3238 1198 femina
3265 1160 3423 1215 egre-

1830 1239 1937 1306 gia,
1969 1255 2002 1291 ο
2034 1237 2280 1307 martyrii
2306 1235 2523 1305 cupida,
2567 1222 2646 1302 et:
2668 1235 2812 1306 quod
2845 1236 3073 1291 tertium
3104 1245 3208 1298 est,
3237 1251 3272 1291 ο
3301 1252 3422 1292 ma-

1830 1341 1914 1384 ter
1947 1344 2067 1384 mea
2098 1347 2112 1384 :
2145 1345 2270 1384 nam
2303 1344 2370 1384 eo
2393 1341 2445 1384 te
2490 1329 2712 1383 nomine
2750 1327 2963 1398 appeilo
3010 1329 3064 1382 in
3100 1328 3324 1398 spiritu,
3359 1336 3424 1382 ut

1833 1423 2151 1479 certaminis
2175 1425 2378 1478 sociam
2411 1463 2427 1486 ,
2461 1432 2516 1477 et
2540 1423 2975 1493 coniunctiorem
3001 1423 3068 1478 iis
3093 1437 3216 1493 qua:
3236 1420 3425 1477 carnis

1829 1525 1962 1570 sunt
1995 1517 2321 1572 visceribus.
2355 1515 2448 1572 Sic
2482 1517 2630 1570 enim
2664 1531 2761 1572 eos
2811 1516 3040 1586 spiritus
3073 1517 3225 1571 nnvit
3251 1531 3424 1586 copu-

1832 1610 1966 1675 lare,
1999 1626 2137 1680 quos
2170 1611 2285 1680 ipse
2334 1611 2605 1680 genuerit.
2648 1610 2783 1665 Novi
2836 1610 3052 1665 labores
3093 1620 3217 1666 tuos
3257 1611 3424 1664 τηονί

1833 1713 1968 1773 quot
1994 1703 2176 1757 animo
2199 1702 2479 1757 molestias
2509 1701 2784 1764 hauseris,
2809 1717 2954 1771 quae,
2997 1717 3123 1756 cum
3155 1717 3186 1756 a
3215 1703 3424 1756 mundo

1831 1797 2021 1852 avulsa
2046 1811 2127 1861 es,
2147 1794 2420 1849 toleraris.
2445 1792 2549 1848 Sed
2578 1793 2838 1848 confidito
2863 1811 2876 1848 :
2898 1792 3130 1863 plurima
3163 1793 3255 1848 tibi
3281 1809 3427 1848 mer-

1832 1905 1923 1945 ces
1964 1889 2017 1942 in
2050 1889 2190 1943 ccelo
2221 1906 2234 1942 :
2267 1886 2470 1942 Christi
2503 1902 2703 1958 sponsa
2751 1887 2977 1950 diceris,
3009 1886 3119 1942 etsi
3150 1899 3271 1956 post
3293 1902 3430 1943 con-

1830 1981 2042 2050 juginm
2075 1997 2088 2033 :
2119 1979 2394 2049 justorum
2413 1993 2476 2033 ac
2507 1986 2826 2034 Sanctorum
2858 1977 3017 2044 civis,
3043 1979 3087 2034 si
3111 1977 3332 2049 quidem
3358 1976 3428 2033 ad

1839 2071 1998 2126 ﬁnem
2031 2086 2206 2141 usque
2237 2071 2292 2124 in
2321 2070 2505 2124 divina
2529 2070 2882 2126 confessione
2903 2081 3234 2139 perstemus.
3262 2069 3429 2126 Nunc

1835 2177 1966 2216 vero
2001 2161 2234 2216 obsecro
2260 2169 2315 2215 et
2345 2160 2536 2215 hortor
2561 2166 2623 2214 ut
2645 2173 2799 2228 :equo
2845 2158 3030 2212 animo
3065 2159 3320 2216 exsilium
3348 2157 3429 2212 fe-

1837 2269 1949 2319 ras,
1985 2268 2280 2324 rerumque
2312 2254 2561 2307 omnium
2615 2252 2923 2321 penuriam,
2955 2250 3261 2305 cmlestium
3290 2265 3428 2305 con-

1838 2343 2196 2410 templatione
2223 2361 2236 2397 :
2266 2358 2391 2398 cum
2425 2343 2595 2413 probe
2620 2343 2916 2413 intelligas,
2949 2343 3218 2413 quidquid
3255 2352 3430 2398 terre-

1839 2452 1974 2490 num
2003 2444 2107 2499 est,
2144 2435 2414 2491 ludicrum
2460 2449 2582 2490 esse
2607 2444 2661 2490 et
2702 2435 2810 2489 cito
2842 2435 3168 2504 periturum.
3222 2434 3430 2490 Tecum

1838 2536 2025 2582 custos
2056 2527 2180 2581 vita:
2211 2536 2316 2581 tuae
2352 2526 2578 2596 angelus
2603 2567 2618 2592 ,
2649 2525 2903 2581 Christus
2950 2527 3065 2595 ipse
3118 2528 3212 2596 qui
3245 2527 3382 2580 dixit
3415 2545 3429 2580 :

1840 2618 1953 2692 Ego
1975 2629 2024 2674 et
2052 2618 2216 2673 Pater
2254 2625 2540 2683 veniemus,
2569 2629 2617 2673 et
2643 2619 2968 2673 mansionem
3015 2621 3157 2689 apud
3190 2637 3309 2673 eum
3345 2620 3431 2688 [α-

1839 2713 2036 2764 ciemus
2058 2708 2314 2764 “.Unum
2343 2725 2472 2764 vero
2496 2724 2726 2764 moneo:
2746 2719 2804 2764 ut
2827 2711 3124 2764 valetudini
3148 2712 3427 2775 consulas,

1840 2806 2153 2860 suaviorem
2191 2804 2444 2872 amplexa
2488 2804 2703 2858 vivendi
2740 2819 3012 2858 normam.
3067 2803 3255 2874 Neque
3283 2806 3429 2860 enim

1842 2914 1988 2952 nunc
2023 2907 2240 2967 tempus
2283 2897 2635 2952 abstinentia:
2665 2906 2775 2952 tam
2805 2897 2992 2968 rigidae
3019 2906 3123 2962 est,
3144 2915 3306 2966 quam
3326 2915 3432 2952 an-

1841 3000 1926 3044 tea
1961 2991 2194 3044 exstitit.
2216 2990 2463 3061 Denique
2487 3005 2586 3060 pro
2607 3007 2694 3046 me
2719 3001 3007 3061 peccatore
3033 3009 3221 3062 preces
3240 2992 3428 3060 funde,

1842 3093 1902 3136 ut
1935 3099 2059 3138 cum
2088 3082 2438 3138 sermonibus
2470 3084 2555 3137 via
2593 3098 2712 3138 mea
2736 3085 3068 3140 consentiat.

2195 3197 2383 3253 LXIX.
2417 3230 2488 3239 —
2503 3198 2813 3269 Euphemiw
2836 3201 3072 3257 inclusw.

1196 3329 1261 3379 Ut
1282 3331 1478 3379 Lhristo
1499 3343 1681 3391 sponso
1708 3344 1818 3390 suo,
1842 3339 1944 3382 tota
1965 3341 2132 3383 mente
2162 3334 2366 3383 serviat.

215 3446 281 3499 El.
311 3443 404 3498 καὶ
423 3439 742 3510 ἐλλείπομεν
788 3437 1110 3507 συχνὸτερον
1170 3439 1238 3508 τῇ
1297 3437 1572 3514 τιμιότητί
1642 3455 1735 3491 σου

1916 3439 2031 3494 Etsi
2083 3440 2375 3496 omisimus
2397 3441 2706 3498 crebriores
2747 3441 2814 3496 ad
2871 3445 3234 3500 reverentiam
3283 3455 3431 3503 tuam

137 3535 490 3593 ἐπιστέλλειν
523 3551 536 3564 ·
569 3532 684 3585 ἀλλ’
706 3528 800 3584 οὖν
825 3529 918 3583 τοῦ
959 3529 1274 3600 μεμνῆσθαι
1309 3530 1478 3598 αὐτῆς
1535 3533 1591 3582 ἐν
1624 3531 1739 3582 Κυ-

141 3633 250 3703 ρίῳ
279 3671 295 3695 ,
328 3630 429 3682 οὑκ
455 3625 863 3696 ἐπιλελήσμεθα
895 3640 907 3653 ·
941 3623 1110 3676 διὰτὸ
1143 3622 1461 3677 κοινωνικὸν
1489 3626 1588 3692 τῆς
1609 3639 1740 3692 προ-

138 3729 377 3788 θέσεως,
406 3725 501 3777 καὶ
529 3723 592 3774 τὸ
620 3719 929 3774 ἐπιδοτικὸν
953 3719 1055 3788 τῆς
1075 3718 1474 3790 προαιρέσεως.
1518 3721 1582 3772 Ὃ
1617 3722 1737 3771 ἱκα..

137 3820 258 3879 νῶς
284 3817 425 3886 ἔχει,
461 3815 536 3878 ὡς
567 3811 848 3883 μανθάνω,
876 3810 984 3863 ἀπὸ
1010 3810 1236 3880 πρώτης
1267 3809 1481 3880 ἡλικίας
1501 3811 1738 3880 ᾑρετίσω

138 3915 239 3965 τὸν
269 3909 643 3979 σταυροφόρον
667 3906 781 3977 βίον
803 3923 815 3935 ·
843 3905 939 3958 καὶ
971 3904 1050 3957 ἔτι
1083 3904 1185 3976 τὴν
1217 3905 1599 3975 φρουρητικὴν
1625 3903 1740 3956 δια-

138 4005 364 4057 σίωσιν.
391 4002 500 4053 Καὶ
522 4000 710 4070 ἡλίκον
735 4016 829 4051 σου
853 3997 914 4050 τὸ
930 3994 1204 4066 ἐγκώμιον
1224 4034 1238 4057 ,
1268 3995 1455 4066 νύμφη
1477 3994 1736 4065 Χριστοῦ.

154 4095 305 4149 Ἀλλ’
337 4093 749 4162 ὑπομιμνῄσκω
782 4089 1065 4163 περιέπων
1123 4105 1181 4140 σε
1220 4087 1631 4158 πνευματικῶς,
1665 4086 1739 4149 ὼς

140 4188 414 4258 ἀδελφήν.
459 4183 798 4253 Ἐπείχθητι,
831 4182 1019 4251 κυρία,
1055 4180 1347 4251 ἐπείχθητι
1399 4178 1740 4250 θεραπεῦσαί

144 4301 247 4335 σου
284 4280 381 4334 τὸν
416 4277 694 4346 Νυμφίον.
732 4275 795 4327 Ἥ
830 4275 1224 4344 νυμφευθεῖσα,
1255 4273 1438 4342 πάσης
1498 4271 1742 4342 σχέσεως

141 4373 355 4443 ἐαυτὴν
385 4370 760 4431 ἀποδιίστασο,
798 4366 929 4434 ὃλην
955 4364 1054 4436 τὴν
1083 4364 1334 4434 καρδίαν,
1392 4363 1487 4416 καὶ
1537 4362 1738 4432 ψυχὴν,

144 4469 247 4521 καὶ
273 4466 407 4534 ὃλην
438 4462 535 4534 τὴν
569 4461 812 4514 διάνοιαν
850 4456 1132 4527 ἐρωτικῶς
1200 4455 1338 4524 πρὸς
1388 4455 1483 4507 τὸν
1539 4455 1742 4524 ἑαυτῆς

143 4557 408 4630 Νυμφίον
441 4555 660 4627 ἔχουσα.
684 4553 744 4605 Ei
774 4550 932 4604 τοῦτο
956 4551 1050 4602 ἐπὶ
1075 4547 1168 4602 τοῦ
1192 4546 1437 4619 φθαρτοῦ
1463 4548 1560 4599 καλ⁵
1586 4546 1742 4616 ῥέον-

143 4670 242 4716 τος
279 4651 395 4720 ἔχει
428 4663 442 4677 ⁸
504 4647 656 4716 πόσῳ
718 4641 814 4698 οὖν
848 4644 1050 4712 μᾶλλον
1074 4641 1170 4695 ἐπὶ
1198 4639 1294 4694 τοῦ
1323 4639 1609 4710 ἀφθάρτου
1649 4637 1745 4690 καὶ

145 4746 468 4806 ἀθανάτους
515 4739 706 4802 Οὕτως
745 4737 1039 4807 ὀφείλομεν
1094 4733 1294 4805 (κοινὸς
1321 4735 1348 4787 ὁ
1379 4731 1560 4800 λόγος)
1650 4731 1745 4783 καὶ

1845 3533 2050 3588 litteras
2082 3533 2329 3601 mittere;
2379 3544 2435 3588 at
2487 3549 2597 3588 non
2652 3534 2926 3591 desiimus
2955 3537 3202 3606 ejusdem
3234 3543 3432 3596 memi-

1843 3625 1992 3679 nisse
2051 3626 2104 3679 in
2134 3624 2388 3690 Domino,
2432 3636 2546 3680 tum
2579 3627 2650 3680 ob
2690 3627 2923 3682 institttti
2953 3633 3431 3698 communionem,

1845 3726 1958 3769 tum
1995 3716 2065 3770 ob
2123 3716 2491 3771 voluntariam
2543 3718 2674 3773 novi
2719 3722 2984 3790 propositi
3031 3723 3429 3780 accessionem.

1842 3808 1994 3874 Quod
2039 3823 2134 3877 per
2160 3825 2219 3863 se
2251 3811 2552 3864 maximum
2598 3821 2702 3873 est,
2735 3829 2765 3866 a
2794 3814 2969 3882 prima
3003 3824 3181 3880 aetate,
3240 3826 3300 3871 ut
3344 3819 3431 3872 in-

1843 3901 2068 3971 telligo,
2123 3904 2247 3957 vita:
2297 3919 2545 3957 normam
2595 3905 2910 3975 arripuisti,
2940 3907 2995 3961 in
3041 3925 3147 3978 qua
3193 3912 3433 3966 tollenda

1843 4009 2024 4048 crux:
2075 4008 2140 4048 ac
2183 4003 2446 4063 praeterea
2513 4007 2710 4066 sponte
2754 3997 2970 4054 inclusa
3022 4001 3178 4071 degis
3234 4019 3430 4058 aevum.

1842 4084 1986 4139 Proh
2032 4095 2238 4155 quanta
2281 4095 2373 4141 tua
2420 4090 2830 4145 commendatio
2877 4100 2982 4156 est,
3023 4093 3237 4163 Sponsa
3268 4095 3431 4151 Chri-

1843 4179 1947 4233 sti!
1989 4177 2166 4233 Unum
2215 4189 2398 4235 tamen
2440 4197 2676 4252 suggero
2732 4185 2809 4237 tui
2863 4186 3190 4254 spiritaliter
3243 4205 3435 4246 curam

1843 4288 2058 4342 gerens,
2100 4283 2360 4344 tanquam
2393 4277 2624 4332 sororis.
2657 4277 2939 4343 Adnitere,
2977 4279 3224 4342 domina.
3277 4283 3436 4338 adni-

1845 4373 1958 4419 tere
2008 4364 2282 4433 Sponsum
2335 4374 2488 4420 tuum
2547 4366 2841 4422 demereri.
2899 4367 3186 4440 Tanquam
3243 4386 3433 4446 nupta,

1843 4472 2062 4511 onmem
2096 4471 2239 4512 exue
2279 4457 2560 4523 allectum,
2613 4468 2808 4528 pectus
2839 4475 3022 4527 omne,
3063 4479 3282 4520 omnem
3315 4469 3438 4522 ani-

1845 4562 2017 4610 mum,
2063 4548 2449 4616 cogitationem
2481 4564 2699 4604 onmem
2729 4552 2936 4608 amoris
2984 4554 3225 4623 impulsu
3257 4568 3440 4615 trans-

1846 4638 2026 4694 ferens
2066 4640 2118 4693 in
2170 4640 2442 4708 Sponsum
2499 4651 2677 4696 tuum.
2739 4644 2896 4709 Quod
2937 4646 2982 4702 si
3039 4649 3091 4701 in
3126 4652 3344 4705 mortali
3376 4668 3441 4706 ac

1846 4734 2089 4804 perituro
2118 4733 2169 4787 id
2202 4734 2420 4800 accidit,
2459 4744 2670 4805 quanto
2703 4737 2875 4807 magis
2903 4738 2956 4791 in
2996 4742 3336 4810 sempiterno
3387 4755 3442 4800 et

147 4839 316 4910 ἡμεῖς
349 4832 659 4888 διακεῖσθαι
686 4831 822 4900 πρὸς
849 4831 939 4882 τὸν
973 4827 1179 4896 Κύριον
1202 4827 1298 4880 καὶ
1320 4825 1623 4894 Δεσπότην,
1649 4824 1736 4877 καὶ

1849 4826 2174 4880 immortali!
2225 4825 2317 4880 Sic
2345 4827 2631 4886 debemus.
2678 4829 2793 4897 pari
2827 4831 3060 4896 ratione,
3101 4841 3156 4886 et
3179 4850 3277 4888 nos
3313 4852 3441 4907 erga

153 4934 232 5001 μὴ
272 4925 576 4997 λαμϐάνειν
608 4923 767 4991 κόρον
796 4922 890 4974 τοῦ
929 4921 1095 4974 πόθου
1128 4919 1325 4973 αὐτοῦ’
1358 4917 1454 4970 καὶ
1481 4919 1538 4970 ἐν
1565 4916 1742 4986 τούτῳ

149 5019 473 5091 ἐξίστασθαι
502 5017 682 5082 πάσης
709 5015 901 5084 ἡδονῆς
928 5010 1282 5086 φθοροποιοῦ.
1317 5010 1442 5062 ’Ότι
1467 5009 1563 5061 καὶ
1582 5008 1744 5069 αὐτὸς

151 5111 444 5185 ἐρωτικῶς
471 5111 608 5181 πρὸς
636 5110 786 5179 ἡμᾶς
813 5107 998 5177 ἔχεται
1019 5121 1032 5134 ·
1065 5105 1161 5158 καὶ
1181 5104 1345 5156 οἱονεὶ
1372 5103 1647 5166 ἐξίσταται
1671 5102 1736 5170 τῇ

154 5203 517 5275 ὑπεραπείρῳ
542 5202 840 5270 ἀγαπήσει.
877 5198 970 5268 Μὴ
999 5196 1108 5267 γὰρ
1136 5196 1196 5247 οὐ
1225 5196 1312 5247 διὰ
1345 5194 1425 5255 σέ,
1481 5191 1612 5254 Θεὸς
1643 5190 1738 5252 ῶν,

153 5298 348 5352 δούλου
393 5293 611 5365 μορφὴν
659 5289 944 5354 ἀνέλαϐεν,
1002 5289 1070 5358 ἢν
1129 5286 1225 5339 νῦν
1280 5284 1642 5355 ἀτιμάζουσιν
1693 5283 1744 5334 οί

156 5385 566 5457 Εἰκονομάχοι;
603 5382 677 5454 μὴ
696 5382 796 5434 οὐκ
828 5379 1146 5449 ἐπτώχευσε
1207 5377 1464 5439 πλούσιος
1503 5375 1622 5436 ῶνς
1671 5374 1745 5442 μὴ

157 5482 260 5550 οὺχ
289 5478 556 5547 ὑπέμεινε
587 5475 655 5528 τὰ
692 5472 919 5542 θλιϐερὰ
950 5471 1195 5533 ἅπαντα,
1250 5469 1438 5541 ὖῦρεις
1467 5509 1480 5532 ,
1533 5465 1748 5537 ἐμπτύ-

160 5589 380 5642 σματα,
416 5569 761 5639 ῥαπίσματα,
822 5564 1115 5635 μάστιγας,
1170 5562 1403 5630 σταυρὸν
1433 5563 1529 5613 καὶ
1587 5560 1749 5613 θάνα-

159 5683 252 5718 τον
279 5661 525 5728 ςνοῦτως
551 5661 762 5729 ὀφείλει
793 5657 999 5727 ἐκὰστη
1034 5654 1183 5726 ψυχὴ
1248 5654 1586 5707 διατίθεσθαι
1619 5671 1631 5683 ·
1674 5652 1750 5715 ὼς

162 5759 306 5827 ὑπὲρ
343 5753 516 5822 αὐτῆς
550 5754 742 5822 μόνης,
767 5751 869 5805 κᾶν
899 5751 1040 5821 ὑπὲρ
1072 5750 1278 5816 πάσης,
1314 5745 1383 5798 τὰ
1420 5745 1744 5815 παθήματα,

165 5854 255 5904 καὶ
286 5847 539 5916 στέργειν
568 5845 662 5896 καὶ
690 5843 932 5913 ἀγαπᾷν,
974 5842 1068 5896 καὶ
1103 5839 1355 5910 ἐφίεσθαι
1385 5837 1562 5902 ὲξίσου
1595 5838 1742 5890 ἀντι-

233 5964 280 5997 ⁹³
307 5964 472 6018 Juau.
508 5977 621 6025 xn',
650 5959 739 6015 9.5.

1852 4918 2139 4973 Dominum
2168 4926 2223 4971 et
2243 4917 2563 4985 magistrum
2587 4918 2748 4983 allici,
2772 4934 2872 4973 nec
2891 4919 3055 4974 ullam
3081 4922 3226 4976 illius
3247 4938 3442 4978 aman-

1852 5011 1905 5065 di
1938 5011 2242 5064 satietatem
2276 5025 2510 5079 capere;
2563 5020 2726 5079 atque
2756 5026 2874 5064 eam
2909 5013 2981 5066 ob
3026 5029 3139 5068 rem
3173 5017 3322 5070 omni
3355 5033 3446 5072 ca-

1847 5117 1968 5156 rere
2019 5103 2251 5156 exitiosa
2306 5101 2607 5171 voluptate.
2673 5101 2808 5155 Nam
2865 5114 2917 5158 et
2967 5105 3083 5172 ipse
3152 5121 3444 5176 peramans

1852 5193 2026 5249 nostri
2049 5201 2158 5259 est,
2189 5208 2254 5248 ac
2279 5195 2447 5248 veluti
2483 5204 2635 5250 extra
2673 5211 2731 5249 se
2756 5194 2928 5250 fertur
2968 5198 3272 5254 incredibili
3303 5201 3440 5254 cha-

1852 5289 2034 5342 ritate.
2086 5288 2283 5343 Annon
2332 5287 2476 5342 enim
2521 5298 2740 5359 propter
2795 5300 2866 5356 te,
2926 5306 3051 5344 cum
3090 5291 3233 5348 Deus
3275 5305 3444 5361 esset,

1854 5380 1994 5434 servi
2044 5379 2279 5433 formam
2334 5381 2569 5450 accepit,
2601 5397 2763 5451 quam
2803 5397 2951 5438 nunc
2977 5381 3325 5439 Iconomachi
3355 5387 3446 5440 de-

1856 5475 2057 5527 decore
2082 5472 2364 5527 aliicinnt?
2389 5489 2501 5527 non
2532 5475 2670 5529 vixit
2719 5475 2896 5544 inOps,
2925 5493 3047 5532 cum
3079 5480 3232 5534 dives
3265 5481 3448 5534 esset?

1859 5579 1967 5616 non
2005 5577 2266 5632 perpessu
2297 5568 2492 5633 aspera
2524 5566 2708 5619 omnia
2759 5569 3014 5635 pertulit?
3040 5570 3446 5625 contumelias?

1858 5655 2062 5724 sputa?
2115 5655 2349 5725 alapas?
2379 5655 2647 5710 verbera?
2697 5672 2915 5712 crucem
2950 5675 3016 5712 ac
3057 5661 3297 5714 necem?
3355 5663 3448 5718 Sic

1856 5748 2158 5818 quamlibet
2199 5751 2441 5803 animam
2470 5764 2593 5804 esse
2627 5748 2872 5804 affectam
2903 5751 3058 5807 decet
3092 5755 3316 5824 (quippe
3343 5771 3444 5821 pro

1857 5837 1972 5908 ipsa
2008 5839 2144 5903 sola,
2187 5839 2409 5908 perinde
2431 5854 2494 5892 ac
2528 5854 2627 5908 pro
2653 5840 2908 5896 omnibus
2958 5842 3039 5896 hae
3063 5847 3450 5914 perpessiones
