3934 6430
533 369 670 433 1Ξ39

1723 373 1783 431 S.
1817 369 2210 430 THEODORI
2252 368 2599 427 STUDlTl‘E

3667 366 3790 430 1300

530 489 805 550 suscepta:
860 478 1030 546 sunt),
1090 488 1145 534 ut
1191 490 1245 532 et
1275 480 1649 549 concupiscat,
1683 490 1738 533 et
1774 492 1936 544 amet,
1964 489 2017 533 et
2049 494 2106 533 ex

2224 478 2575 531 πεπονθέναι.
2611 476 2730 529 Κᾶν
2785 477 2944 546 τυχδν
2996 477 3055 529 οὐ
3110 478 3518 547 παραχωρῆται
3577 479 3791 531 ὐποίσαι

527 587 684 640 aequo
714 572 824 642 pati
857 572 1097 626 vicissim
1124 574 1338 642 gestiat.
1368 572 1445 627 Ac
1470 573 1514 627 si
1551 573 1790 628 fortasse
1818 572 2004 627 nullus
2036 572 2109 626 sit

528 665 631 717 ista
694 663 995 732 perferendi
1035 664 1209 727 locus,
1261 666 1596 733 pr0positum
1630 667 1806 718 vicem
1834 664 2018 732 operis
2047 679 2111 717 ac

527 754 741 809 laudem
792 755 974 817 habet,
1010 754 1121 808 Deo
1154 756 1362 823 Optimo
1391 756 1470 809 sic
1515 764 1925 809 remunerante.
1987 753 2113 807 Haec

527 856 655 899 sunt
684 862 714 900 a
747 862 831 899 me
862 846 1091 914 prolata,
1133 862 1241 900 non
1275 848 1431 915 quasi
1493 863 1599 901 non
1635 856 1764 901 ante
1791 846 1981 901 oculos
2010 845 2111 899 ha-

526 936 679 1002 beas,
732 938 827 993 sed
857 937 1002 1005 quod
1037 936 1173 990 mihi
1231 946 1406 992 tecum
1440 938 1491 990 in
1525 936 1759 991 Domino
1807 951 1964 991 mens
2003 950 2110 991 una

527 1029 597 1081 sit

902 1142 1065 1197 LXX.
1097 1176 1167 1186 —
1198 1144 1483 1212 Theophila
1521 1144 1728 1213 Ephesi.

2210 569 2386 622 ταῦτα
2414 589 2428 600 ο
2458 572 2555 623 καὶ
2585 571 2617 638 ἡ
2648 567 2906 637 πρόθεσις
2926 569 3287 623 ἀποδέδεκται
3319 571 3401 632 εἰς
3428 572 3633 637 ἔργονο
3661 571 3795 624 οὕτω

2212 661 2309 713 τοῦ
2338 661 2543 728 ἀγαθοῦ
2584 660 2721 714 Θεοῦ
2774 660 3257 730 φιλοτιμουμένου.
3323 662 3517 714 Ταῦτα
3576 662 3678 731 οὐχ
3724 667 3793 726 ὡς

2213 755 2313 807 οὐκ
2352 752 2585 823 ἐχούσης
2622 770 2716 805 σου
2739 752 2955 815 ἔναυλα·
2990 751 3104 806 ἀλλ’
3163 751 3237 815 ὡς
3268 753 3575 825 συμψυχῶν
3614 770 3695 807 σοι
3740 756 3792 808 ὲν

2214 846 2427 917 Κυρίῳ.

2410 1137 2486 1189 0’.
2515 1166 2582 1176 -
2603 1133 2869 1201 Θεοφίλῳ
2891 1130 3002 1200 τῆς
3036 1133 3313 1201 Ἐφέσου.
3345 1122 3515 1206 [νος-Ἄ

1244 1258 1546 1316 Gl‘alulatur,
1574 1267 1806 1320 tanquam
1839 1256 2105 1307 confessori
2130 1254 2423 1319 perillustri.
2448 1250 2644 1304 (Barea.
2669 1261 2746 1296 an.
2781 1246 2889 1307 816,
2912 1262 2961 1297 ιι.
2990 1248 3090 1307 42.)

599 1365 734 1420 Cum
770 1365 1056 1435 epistolam
1094 1365 1269 1420 fenori
1300 1367 1598 1429 dedissem,
1634 1366 2017 1435 exspectabam
2048 1373 2107 1419 ιιι

528 1458 769 1515 debitum
800 1458 1085 1513 cbaritatis
1110 1459 1406 1526 reciperem
1446 1479 1472 1513 :.
1492 1458 1585 1513 sed
1614 1458 1740 1528 quia
1763 1474 1870 1511 non
1900 1457 2105 1527 accepi,

528 1551 693 1621 cupio
739 1560 795 1605 et
841 1552 1038 1605 iterum
1087 1549 1342 1605 fenerari.
1385 1550 1553 1604 Dulce
1586 1551 1732 1605 enim
1788 1550 1921 1603 mihi
1954 1550 2110 1603 valde

530 1643 636 1698 hoc
689 1642 867 1708 fenus,
929 1644 981 1698 id
1024 1652 1128 1708 est,
1164 1659 1286 1698 cum
1322 1659 1482 1698 sacro
1514 1644 1691 1711 capite
1721 1652 1813 1696 tuo
1848 1643 2110 1711 colloqui,

2282 1360 2540 1423 Δανείσας
2569 1358 2630 1412 τὸ
2650 1359 2907 1429 γράμμα,
2934 1357 3383 1426 ἀπεκαραδόκουν
3416 1359 3692 1429 λήψεσθαι
3740 1361 3797 1415 th

2211 1454 2373 1525 χρέος
2402 1456 2500 1523 τῆς
2532 1452 2750 1520 ἀγάπης
2773 1467 2785 1478 ’
2816 1451 2931 1504 ἀλλ’
2957 1452 3080 1503 ἐπεὶ
3102 1450 3202 1503 οὐκ
3230 1451 3461 1520 εἴληφα,
3523 1457 3671 1520 φιλῶ
3710 1455 3796 1508 καὶ

2212 1542 2370 1607 αὖθις
2398 1546 2662 1599 δανεῖσαι.
2702 1544 2830 1596 Ἡδύ
2856 1544 2962 1613 γάρ
2988 1560 3080 1612 μοι
3110 1543 3169 1595 τὸ
3199 1542 3409 1596 δάνειον
3433 1542 3560 1597 λίαν
3582 1562 3595 1576 ·
3635 1548 3797 1617 ᾔτουν

2212 1642 2276 1709 τῇ
2313 1641 2379 1706 σῇ
2438 1639 2559 1707 ἱερᾷ
2594 1639 2806 1707 κορυφῇ
2840 1634 3210 1703 διαλέγεσθαι,
3245 1635 3329 1689 διὰ
3393 1638 3641 1706 Χριστὸν
3700 1658 3797 1692 πα-

529 1734 731 1790 Christi
807 1751 974 1790 causa
1030 1736 1302 1804 patiente,
1375 1735 1459 1789 vel
1516 1736 1699 1805 potius
1773 1732 2106 1788 confessoris

2215 1730 2437 1802 σχούσῃ,
2472 1729 2750 1799 μᾶλλονδὲ
2794 1728 3201 1799 ὁμολογητικῶς
3256 1735 3679 1805 στεφανουμένη
3741 1752 3795 1787 τε

530 1825 705 1880 instar
738 1835 1000 1881 coronato
1030 1836 1084 1881 et
1117 1836 1403 1881 exornato.
1430 1826 1545 1880 Non
1576 1828 1720 1881 enim
1750 1826 1954 1896 quibus
1980 1840 2110 1878 ocu-

531 1918 599 1972 lis
650 1918 796 1973 videt
854 1918 1116 1985 mundus,
1176 1919 1370 1973 iisdem
1426 1934 1581 1973 mens
1615 1920 1809 1982 cernit,
1844 1919 2012 1973 Deum
2047 1932 2111 1971 ac

530 2011 710 2064 divina
755 2011 1127 2080 conspiciens.
1185 2008 1283 2065 Ille
1330 2012 1598 2079 siquidem
1635 2011 2018 2080 corruptibilia
2058 2019 2112 2063 et

529 2107 818 2173 pereuntia
880 2119 1079 2158 nomen
1142 2104 1409 2159 bonorum
1445 2105 1692 2159 obtinere
1725 2116 1933 2171 censet,
1970 2103 2111 2158 male

523 2196 780 2262 judicans
830 2207 883 2252 et
934 2211 1235 2265 perverse:
1309 2198 1424 2251 haec
1473 2212 1601 2251 vero
1633 2196 1778 2249 illam
1841 2212 1906 2251 ac
1935 2195 2107 2249 solam

528 2287 838 2342 beatitatem
878 2297 1081 2354 censet,
1113 2305 1235 2358 quae
1265 2303 1371 2342 non
1412 2287 1533 2343 istis
1570 2288 1771 2342 ﬁnibus
1802 2286 2112 2343 delinitvo-

527 2379 811 2448 luptatem,
871 2380 965 2435 sed
993 2390 1285 2434 venturum
1322 2382 1375 2433 in
1412 2396 1588 2434 :evum
1626 2380 1865 2450 reposita
1895 2388 2003 2443 est,
2041 2379 2108 2432 ad

527 2472 893 2526 interminata:
921 2472 1159 2527 fruetum
1202 2474 1584 2541 iucunditatis.
1621 2473 1733 2528 Hoc
1778 2473 1942 2528 modo
1979 2488 2103 2529 san-

527 2565 731 2620 ctitatis
760 2571 867 2619 tute
906 2580 994 2620 res
1031 2566 1247 2621 intuens
1283 2566 1467 2629 miser,
1504 2566 1713 2637 gaudeo
1748 2576 1803 2620 et
1841 2566 2110 2636 gratulor,

526 2660 1008 2714 desideratissime.
1065 2659 1457 2731 Contempsisti
1500 2661 1727 2731 gloriam
1783 2670 2107 2715 terrenam:

525 2751 735 2822 elegisti
764 2766 889 2805 cum
919 2751 1144 2806 Christo
1172 2752 1397 2806 humilia
1430 2761 1485 2806 et
1510 2752 1968 2823 eontemptibilia,
2000 2752 2111 2806 imo

523 2860 657 2900 vero
698 2844 1105 2898 tribulationem
1135 2855 1186 2899 et
1213 2844 1517 2915 angustias,
1553 2846 1782 2899 verbera
1810 2854 1863 2898 et
1894 2844 2107 2899 exsilia.

525 2936 700 3003 Quam
762 2937 916 2992 beata
951 2948 1079 2993 sunt
1108 2952 1230 3008 qum
1288 2938 1537 3008 gessisti!
1603 2937 1778 3003 Quam
1834 2937 2110 2993 laudanda

523 3045 646 3100 qua:
703 3031 931 3100 passus!
984 3028 1194 3085 Orienti
1243 3030 1636 3100 Occidentique
1706 3029 1997 3086 celebrata.
2056 3029 2109 3082 in

2214 1823 2309 1875 καὶ
2338 1822 2820 1892 καλλωπιζομένῃ.
2856 1823 2930 1875 Οὐ
2953 1823 3061 1891 γὰρ
3121 1818 3202 1887 οἷς
3249 1822 3556 1894 ὀφθαλμοῖς
3609 1826 3794 1896 βλέπει

2212 1914 2439 1982 κόσμος,
2469 1912 2680 1977 τούτοις
2715 1912 2874 1982 ἀΟρεῖ
2901 1914 2997 1966 καὶ
3029 1912 3151 1977 νοῦς
3178 1915 3319 1983 ὁρῶν
3355 1914 3492 1968 Θεὸν
3523 1918 3621 1969 καὶ
3657 1907 3791 1971 θεῖα.

2217 2005 2339 2058 Ὅτι
2370 2008 2398 2058 ὁ
2426 2005 2527 2075 μὲν
2570 2007 2637 2060 τὰ
2673 2006 3007 2076 φθειρόμενα
3069 2008 3164 2060 καὶ
3205 2007 3565 2077 ἀπολλύμενα
3627 2012 3798 2063 οἴεται.

2210 2093 2320 2146 τῶν
2352 2095 2574 2162 ἀγαθῶν
2611 2098 2823 2165 ιμοίραν
2875 2098 3187 2168 τυγχάνειν,
3249 2099 3436 2163 κακῶς
3488 2102 3654 2166 εἰδὼς
3708 2102 3799 2155 καὶ

2213 2186 2650 2257 πεπλανημένως
2675 2205 2689 2219 ο
2718 2191 2746 2242 ό
2773 2189 2829 2241 δὲ
2872 2190 3051 2244 ἐκεῖνο
3071 2193 3165 2244 καὶ
3198 2191 3360 2260 μόνον
3386 2194 3595 2263 κρίνων
3624 2198 3800 2264 μακά-

2215 2297 2350 2349 ριον,
2380 2279 2407 2332 ὃ
2434 2280 2535 2334 οὐκ
2563 2280 2799 2334 ἐνταῦθα
2828 2281 2930 2351 τὴν
2958 2282 3256 2336 εὐπάθειαν
3290 2284 3463 2355 ὀρίζοι
3493 2301 3508 2314 ’
3546 2287 3670 2340 ἀλλ’
3724 2290 3799 2351 εἰς

2212 2372 2302 2424 τὸν
2330 2372 2589 2442 μέλλοντα
2617 2372 2790 2426 αἰῶνα
2820 2372 3481 2445 ὲναποθησαυριζόμενον,
3506 2379 3592 2441 εἰς
3625 2379 3801 2448 χαρὰν

2213 2466 2519 2534 ἀπέραντον
2543 2466 2835 2536 θυμηδίας.
2872 2466 3031 2520 Οὕτω
3054 2467 3122 2521 τὰ
3156 2468 3299 2520 κατὰ
3326 2467 3426 2540 τὴν
3478 2470 3797 2541 ἁγιωσύνην

2216 2573 2309 2608 σου
2334 2557 2445 2623 ἐγὼ
2477 2558 2505 2610 ὁ
2533 2557 2702 2621 τάλας
2726 2556 2894 2622 ὀρῶν,
2926 2557 3106 2627 χαίρω
3133 2556 3228 2610 καὶ
3256 2559 3571 2631 συγχαίρω,
3610 2562 3804 2632 τριπό-

2214 2645 2364 2717 θητε.
2431 2647 2876 2719 Περιεφρόνησας
2923 2649 3082 2719 δόξης
3145 2650 3427 2718 ἐπιγείου·
3485 2655 3643 2707 εἵλου
3708 2656 3803 2708 σὺν

2213 2740 2435 2811 Χριστῷ
2464 2743 2532 2795 τὰ
2562 2741 2797 2794 ταπεινὰ
2832 2740 2924 2794 καὶ
2979 2741 3380 2812 ἐξουθενημένα
3405 2760 3420 2776 ’
3483 2746 3700 2815 μᾶλλον
3750 2747 3804 2799 δὲ

2216 2833 2394 2903 θλίψιν
2433 2834 2527 2888 καὶ
2557 2833 2944 2905 στενοχωρίαν,
3007 2833 3223 2904 πληγὰς
3247 2836 3343 2888 καὶ
3400 2837 3651 2908 ὲξορίας.
3718 2840 3805 2904 Ὠς

2219 2928 2465 3000 μακάριά
2495 2946 2588 2981 σου
2618 2929 2687 2981 τὰ
2716 2928 2968 2999 πρακτέα
2995 2930 3007 2983 !
3041 2929 3117 2993 ὡς
3152 2930 3339 2983 αἰνετά
3363 2948 3457 2984 σου
3492 2932 3567 2985 τὰ
3619 2935 3807 3003 παθή-

2218 3024 2395 3093 ματαί
2445 3008 2697 3093 Ἀνατολῇ
2729 3022 2823 3074 καὶ
2852 3022 3017 3075 Δύσει
3043 3024 3405 3094 διαϐοώμενα,
3439 3028 3501 3079 ὲν
3546 3027 3805 3099 οὐρανοῖς

526 3122 684 3178 cmiis
728 3122 1030 3192 descripta,
1078 3122 1302 3191 angelos
1330 3122 1719 3188 exhilarantia,
1762 3119 2106 3175 confessores

2216 3115 2670 3184 ἀπογραφόμενα,
2708 3115 2978 3182 ἀγγέλους
3034 3116 3417 3188 εὐφραίνοντα,
3447 3120 3805 3190 ὀμολογητάς

524 3231 591 3269 ac
637 3225 907 3285 martyres
937 3215 1290 3279 oblectantia,
1328 3215 1627 3278 daemones,
1649 3221 1702 3268 et
1732 3212 1817 3267 his
1844 3228 2011 3268 sensu
2040 3226 2106 3266 ac

522 3309 768 3363 moribus
822 3308 1032 3364 similes
1081 3307 1503 3373 lconomaehos,
1548 3306 1877 3376 pungentia!
1916 3303 2107 3361 Merito

523 3402 687 3472 igitur
716 3400 817 3455 tibi
849 3401 1117 3471 gratulor,
1164 3401 1422 3471 princeps
1447 3402 1693 3460 Patrum.
1739 3397 1844 3453 Sed
1888 3407 2012 3468 peto
2043 3407 2104 3454 ut

504 3508 623 3570 pro
653 3507 735 3548 me
760 3494 925 3548 etiam
968 3508 1091 3548 ores
1123 3494 1325 3547 misero
1364 3492 1748 3561 undequaque,
1784 3501 1845 3546 ut
1874 3507 1905 3547 a
1937 3492 2098 3547 vesti-

524 3581 631 3653 giis
663 3586 859 3640 vestris
895 3584 1277 3641 consectandis
1309 3600 1419 3643 non
1453 3585 1724 3639 aberrem.

912 3783 1097 3836 LXXI.
1128 3812 1199 3821 —
1220 3782 1517 3835 Naucratio
1545 3783 1680 3850 ﬁlio.

2213 3210 2305 3260 καὶ
2332 3208 2618 3278 μάρτυρας
2650 3207 2933 3278 ἡδύνοντα,
2962 3209 3367 3280 δαίμοναςςκαὶ
3397 3213 3533 3276 τοὺς
3581 3215 3808 3278 τούτοις

2208 3301 2519 3372 ὁμόφρονας
2544 3319 2601 3354 τε
2632 3302 2727 3355 καὶ
2749 3304 2890 3372 ὀμοτ
2910 3303 3109 3373 ρόπους
3140 3304 3553 3375 Εἰκονομάχους
3591 3308 3810 3373 στίζον-

2208 3394 2316 3447 ταί
2352 3394 2591 3457 Εἰκότως
2653 3394 2767 3448 οὖν·
2785 3412 2868 3447 σοι
2896 3395 3327 3465 συναγάλλοααι,
3402 3402 3806 3471 πρωτοπάτορ.

2223 3483 2361 3541 Ἀλλ’
2388 3483 2525 3555 αἰτῶ
2548 3484 2761 3539 δέεσθαί
2787 3503 2847 3539 σε
2886 3486 2981 3540 καὶ
3018 3487 3148 3556 περὶ
3172 3488 3308 3558 ἐμοῦ
3333 3488 3429 3541 τοῦ
3448 3490 3597 3542 κατὰ
3621 3492 3806 3544 πάντα

2210 3563 2428 3649 οἰκτροῦ
2463 3596 2478 3609 ο
2523 3578 2599 3642 ὼς
2633 3578 2701 3633 ἂν
2732 3581 2807 3650 μὴ
2859 3582 3158 3634 ἀποπεσεῖν
3209 3598 3277 3651 με
3310 3582 3408 3652 τῆς
3474 3585 3602 3637 κατ’
3663 3587 3811 3655 [χνος

2216 3669 2246 3720 ὐ
2256 3669 2370 3737 μῶν
2392 3671 2808 3738 παραστάσεως.

2445 3787 2569 3839 OA’.
2605 3788 3040 3853 -Ναυκρατίῳ
3066 3789 3276 3853 τέκνῳ.
3308 3787 3510 3863 [υπγ’.]

522 3900 681 3967 Impie
704 3909 756 3953 et
776 3902 1052 3952 crudeliter
1072 3900 1132 3949 ab
1163 3900 1493 3949 lconomachis
1523 3906 1662 3962 gesta
1704 3903 2027 4009 exponungtgr
2047 3901 2475 4023 gatboldcaxqrum
2501 3901 2551 3952 in
2586 3904 2647 3953 iis
2669 3902 2888 3954 ferendis
2912 3908 3192 3956 constantia
3246 3908 3566 3970 praedicatur.
3603 3911 3809 3975 (Baron.

2017 3996 2030 4008 .
2152 3999 2164 4021 ,
2246 4001 2257 4014 .
2321 4002 2329 4011 .

2017 3996 2030 4008 ο
2052 3996 2164 4021 v-I',
2207 3996 2257 4014 ιι.
2289 3996 2329 4011 ιι

595 4048 783 4105 Serius
822 4048 891 4103 ad
934 4057 988 4103 te
1026 4046 1367 4116 scripsimus,
1417 4046 1614 4099 dilecte
1664 4045 1737 4099 fili
1774 4064 1787 4099 :
1852 4046 1944 4100 sed
1979 4046 2110 4114 quia

528 4143 711 4198 fervet
736 4142 828 4196 hic
857 4141 1021 4196 etiam
1060 4139 1390 4211 persecutio,
1430 4139 1620 4207 plagae,
1652 4136 1889 4203 vincula,
1923 4153 2111 4193 carce-

524 4251 614 4289 res
647 4253 661 4288 :
691 4234 765 4286 ita
800 4233 892 4287 ille
921 4234 1016 4302 qui
1056 4247 1159 4286 nos
1183 4229 1409 4292 detinet,
1441 4231 1615 4299 spirat
1646 4227 1892 4282 furorem
1919 4238 1974 4283 et
2002 4230 2110 4283 mi-

525 4342 645 4390 nas,
676 4335 730 4382 et
758 4326 849 4381 hic
878 4335 976 4380 aut
1012 4326 1127 4380 illic
1155 4326 1407 4381 inventos
1444 4326 1564 4393 pios
1591 4324 2009 4392 comprehendit
2046 4338 2110 4379 ac

2296 4046 2628 4124 Ὠψίσθημεν
2675 4053 2980 4107 ἐπιστεῖλαί
3014 4072 3119 4120 σοι,
3148 4056 3763 4129 τέκνονέῆγαπημὲνον
3792 4081 3808 4095 ο

2213 4143 2327 4196 ἀλλ’
2358 4096 2440 4198 ἔτι
2469 4096 2564 4198 καῖ
2587 4146 2821 4199 ἐνταῦθα
2850 4146 3089 4218 διωγμὸς
3104 4096 3807 4229 ’ζέωνζνπῖηγαίηέἓθζὼ

2214 4238 2454 4306 φυλακαί
2483 4257 2497 4270 ·
2546 4239 2693 4293 οὓτω
2718 4239 2814 4294 τοῦ
2843 4242 3168 4311 κατέχοντος
3193 4246 3344 4313 ἡμᾶς
3404 4247 3672 4313 πνέοντος
3713 4253 3814 4303 θυ-

2218 4329 2322 4397 μοῦ
2346 4331 2438 4382 καὶ
2462 4329 2715 4398 ἀπειλῆς,
2746 4331 2840 4383 καὶ
2874 4331 3003 4393 τοὺς
3030 4325 3132 4384 ὧδε
3191 4334 3415 4387 κάκεῖσε
3473 4337 3815 4409 εὑρισκομέ-

522 4421 760 4475 divexat.
817 4419 923 4485 Qui
978 4419 1200 4488 quidem
1244 4418 1301 4471 in
1353 4419 1542 4471 urbem
1597 4416 1990 4483 proficiscens;
2032 4416 2106 4470 ibi

2214 4437 2339 4482 νους
2369 4420 2616 4483 εὐσεϐεῖς
2659 4422 3131 4490 συλλαμϐάνοντός
3189 4440 3250 4476 τε
3303 4427 3399 4479 καὶ
3449 4427 3807 4495 κολάζοντος.

521 4512 667 4567 enim
726 4526 873 4565 nunc
927 4511 1073 4579 agit;
1130 4510 1313 4564 dicere
1361 4525 1467 4562 non
1523 4508 1796 4561 dubitavit
1839 4506 2104 4577 :Bogabo

2217 4512 2316 4573 '0;
2347 4506 2411 4578 γε
2445 4513 2539 4565 καὶ
2562 4513 2825 4584 ἀπαίρων
2851 4515 2909 4566 ὲν
2950 4513 3107 4573 ἄστει
3130 4530 3145 4545 ’
3170 4517 3359 4570 αὐτόθι
3392 4520 3503 4589 γὰρ
3540 4522 3639 4575 νῦν
3686 4526 3812 4577 δια-

521 4606 927 4673 imperatorem,
970 4613 1026 4656 ut
1065 4617 1279 4656 meeum
1304 4601 1500 4655 ducam
1524 4601 1735 4665 regium
1766 4600 2101 4664 ministrum,

520 4698 613 4765 qui
656 4704 751 4750 aut
778 4696 956 4764 capite
992 4694 1212 4764 penitus
1246 4694 1559 4759 obtruncet,
1610 4701 1702 4745 aut
1734 4692 1974 4762 linguam
2002 4693 2100 4747 ab-

519 4788 749 4843 scindat.
788 4786 1057 4855 Equidem
1099 4786 1285 4840 nescio
1326 4802 1394 4839 an
1445 4786 1611 4841 verba
1641 4787 1709 4841 ad
1740 4788 1946 4841 exitum
1975 4800 2104 4855 per-

518 4879 791 4933 venerint.
823 4879 906 4935 Ob
942 4879 1083 4933 hanc
1122 4877 1343 4946 quidem
1373 4892 1598 4932 causam
1638 4894 1742 4934 nos
1771 4878 1956 4933 omnia
1985 4877 2100 4946 jam

519 4973 920 5040 disposuimus,
954 4971 1332 5041 conjecturam
1365 4986 1431 5024 ex
1459 4971 1568 5025 alio
1601 4972 1764 5025 etiam
1796 4972 2096 5040 capientes,

518 5062 758 5118 hominis
793 5063 1007 5120 scilicet
1054 5064 1409 5132 perversitate
1445 5072 1500 5117 et
1530 5077 1801 5117 concursu
1826 5064 2111 5132 episcOpo-

518 5172 641 5211 rum
685 5174 699 5209 :
745 5156 1195 5225 quandoquidem
1253 5155 1473 5221 adsunt,
1516 5164 1578 5209 ut
1626 5154 1818 5220 fertur,
1856 5170 1967 5225 quo
2000 5156 2107 5209 tale

519 5247 729 5319 aliquid
777 5247 1112 5316 perﬁciatur.
1177 5245 1425 5300 Minister
1486 5259 1614 5300 vero
1647 5246 1843 5303 timore
1875 5257 1929 5301 et
1956 5257 2105 5301 metu

517 5339 808 5407 perculsus
848 5340 1063 5410 (graves
1094 5339 1241 5395 enim
1275 5347 1435 5393 antea
1458 5339 1639 5393 minas
1667 5339 1962 5410 impiorum
1992 5341 2105 5395 dux

514 5434 832 5493 intentarat,
882 5440 1060 5486 morte
1108 5432 1387 5502 proposita
1439 5432 1485 5486 si
1521 5432 1605 5486 vel
1639 5432 1899 5487 levissimi
1934 5433 2105 5487 errati

512 5539 641 5578 reus
674 5524 931 5579 inventus
960 5526 1133 5581 esset)
1172 5526 1418 5579 chartam
1449 5532 1507 5578 et
1536 5533 1901 5578 atramentum
1938 5526 2097 5580 nobis

511 5615 644 5668 dare
669 5616 896 5668 omnino
930 5614 1328 5669 reformidavit.
1378 5615 1520 5668 Hinc
1560 5614 1810 5669 tarditas.
1842 5616 2093 5671 Accessit

511 5708 580 5762 ad
639 5708 1108 5779 impedimentum,
1168 5706 1316 5776 quod
1358 5706 1637 5763 audieram
1692 5718 1744 5762 te
1782 5723 1844 5762 ex
1874 5724 2095 5767 carcere

514 5800 767 5857 eductum
798 5817 957 5857 esse:
992 5800 1088 5856 sed
1133 5810 1184 5855 et
1236 5799 1585 5867 Sat-denseta,
1626 5801 1805 5872 qualis
1854 5816 1963 5859 non
1993 5804 2084 5861 de-

2211 4604 2423 4672 τρίϐειο
2463 4604 2565 4657 οὐκ
2607 4604 2857 4675 ὤκνησεν
2916 4607 3114 4673 εἰπεῖν,
3167 4610 3364 4678 ὅτιπερ
3406 4611 3811 4686 Ἐξαιτήσομαι

2210 4697 2301 4750 τὸν
2329 4696 2575 4765 βασιλέα,
2609 4698 2889 4766 βασιλικὸν
2918 4702 3247 4768 συνεπᾶραι,
3304 4702 3387 4765 είς
3443 4704 3507 4756 τὸ
3581 4710 3813 4771 πάντως

2210 4790 2635 4859 ἀποκεφαλίσαι,
2661 4792 2694 4862 ἢ
2718 4794 2815 4846 καὶ
2844 4792 3324 4863 γλωσσοκοπῆσαι.
3345 4796 3461 4849 Οὐκ
3483 4794 3605 4851 οἶδα
3630 4802 3735 4869 μὲν
3762 4804 3811 4853 εἰ

2208 4883 2236 4933 ό
2264 4882 2419 4949 λόγος
2450 4886 2528 4946 εἰς
2564 4884 2738 4953 πέρας
2770 4884 2935 4938 ἔλθοι.
2979 4885 3095 4955 Ἐφ’
3128 4878 3173 4953 ᾧ
3199 4887 3362 4957 ἡμεῖς
3404 4888 3507 4957 μὲν
3545 4892 3617 4944 τὰ
3670 4909 3808 4945 συν-

2207 4973 2480 5042 τακτήρια
2531 4973 2633 5043 ἤδη
2660 4973 3041 5046 ἐποιησάμεθα
3063 4992 3076 5005 ·
3117 4978 3211 5031 καὶ
3252 4978 3431 5043 ἄλλως
3459 4981 3807 5053 στοχαζόμε-

2209 5078 2291 5114 νοι
2316 5061 2381 5115 ἐκ
2419 5079 2477 5115 τε
2506 5063 2607 5134 τῆς
2638 5064 2972 5133 κακοηθείας
3019 5065 3116 5119 τοῦ
3144 5067 3359 5138 ἀνδρὸς,
3394 5071 3493 5122 καὶ
3515 5073 3617 5142 τῆς
3669 5091 3808 5127 συν-

2205 5151 2415 5223 δρομῆς
2456 5153 2563 5206 τῶν
2601 5150 2790 5207 αὐτόθι
2820 5156 3141 5233 ἐπισκόπων
3166 5174 3181 5189 ·
3218 5160 3476 5230 ἐπείπερ,
3504 5160 3583 5227 ὥς
3638 5182 3801 5233 φασι,

2207 5247 2485 5315 πάρεισιν,
2512 5246 2593 5299 ὅτι
2625 5247 2869 5300 τοιοῦτόν
2931 5266 2984 5301 τι
3035 5232 3447 5321 ἀέοτελεσθείη.
3489 5254 3549 5307 Ὀ
3583 5255 3644 5309 δὲ
3695 5260 3809 5313 ὐπ-

2201 5336 2405 5407 ηρέτης
2433 5336 2672 5405 ἔμφοϐος
2702 5338 2800 5391 καὶ
2828 5337 3094 5410 ἔντρομος
3118 5341 3439 5411 γενόμενος·
3464 5345 3703 5419 ἐπείπερ
3728 5346 3805 5421 ἧν

2199 5426 2298 5479 καὶ
2325 5427 2834 5497 πῳαπειλούμενος
2867 5429 3073 5499 σφόδρα
3103 5431 3239 5500 πρὸς
3284 5430 3449 5483 αὐτοῦ
3481 5432 3581 5487 τοῦ
3625 5437 3801 5489 ἀσεϐ-

2206 5518 2397 5587 ἀρχου,
2430 5521 2480 5571 εἰ
2508 5518 2759 5590 εὑρεθείη
2805 5521 2909 5575 κᾶν
2946 5538 3001 5573 τι
3037 5522 3236 5593 μικρὸν
3276 5522 3555 5589 ὑπαίτιος,
3583 5528 3791 5598 μηκέτι

2205 5609 2305 5680 ζῇν
2332 5626 2346 5641 ·
2385 5610 2560 5663 ἔδεισε
2596 5613 2943 5665 παντάπασιν
2978 5612 3259 5666 ἐπιδοῦναι
3287 5615 3420 5684 ἡμῖν
3444 5616 3663 5689 χάρτην
3693 5621 3797 5674 καὶ

2208 5704 2399 5773 μέλαν.
2441 5703 2719 5757 Ἐντεῦθεν
2768 5704 2803 5774 ἡ
2834 5704 3131 5775 βραδυτής.
3168 5706 3403 5759 Ἔπειτα
3426 5712 3798 5779 προσεγένετο

2202 5800 2277 5864 εἰς
2304 5798 2558 5869 ἐμπόδιον
2592 5797 2685 5855 καὶ
2709 5798 2847 5865 ἀκοὴ
2880 5797 3105 5869 τοιαύτη
3140 5813 3153 5825 ’
3188 5799 3273 5852 ὅτι
3294 5815 3377 5853 τοι
3413 5800 3577 5866 αὐτὸς
3614 5804 3792 5874 ἐπήρ-
