3934 6522
131 477 266 542 1301

1337 470 1879 531 ΕΡΙΒΤΟΙΑΠΠΜ
1940 476 2084 537 LIB.
2140 477 2218 534 Ιῐ.

3285 470 3423 534 130?.

130 598 230 664 θης
271 595 368 663 τῆς
394 593 668 664 φυλακῆς·
707 590 821 644 ἀλλ’
849 592 929 644 ὅτι
962 589 1056 643 καὶ
1090 588 1155 641 δι’
1190 587 1576 655 ἀνοσιουργίαν
1599 581 1720 634 τινὰ

1849 589 2158 656 inicbatur,
2221 589 2292 644 ob
2351 588 2625 644 nefarium
2697 589 2920 658 aliquod
2974 588 3189 645 facinus
3247 592 3424 655 capite

129 692 157 742 ὁ
187 689 422 758 Σάρδης,
453 689 628 748 ποῖος,
658 686 756 754 οὐχ
787 676 1563 754 ὡρισμένως,ἐκαρατομήοη.
1631 673 1725 738 Ἐξ

131 782 466 852 ἀμφοτέρων
496 775 592 833 οὖν
623 780 655 848 ἡ
691 778 1095 848 ὑποκράτησις.
1125 775 1318 844 Ὅμως
1372 773 1453 824 ὅτι
1486 768 1728 840 ἠξιώθη-

133 893 238 946 μεν
270 877 316 928 oi
342 874 592 928 ταπεινοὶ
612 873 705 925 καὶ
735 867 889 933 αὖθις
923 867 1084 941 ῥῆξαι
1112 868 1298 939 φωνὴν
1330 866 1410 927 είς
1473 865 1543 918 τά
1611 855 1729 914 ὦτά

135 988 254 1033 σου,
296 967 658 1038 γνωρίζοντες
690 983 771 1019 σοι
801 966 882 1018 ὅτι
914 962 1208 1036 ἐρρώμεθα
1261 960 1497 1031 σώματι,
1552 957 1639 1027 εἴη
1671 956 1727 1008 δὲ

132 1065 314 1116 εἰπεῖν
342 1062 434 1114 καὶ
461 1059 758 1129 πνεύματι,
798 1058 986 1127 εὐχαῖς
1019 1053 1173 1126 ὑμῶν
1206 1051 1416 1120 ἁγίαις,
1472 1049 1571 1102 σὺν
1630 1043 1726 1100 τοῦ

135 1154 418 1227 μακαρίου
448 1171 549 1223 μου
597 1152 831 1222 Πατρός.

212 1249 352 1320 Πρὸς
392 1247 427 1300 ἃ.
477 1246 534 1298 δέ
567 1245 732 1308 αὐτὸς
774 1245 1076 1314 ἐσήμανας,
1109 1239 1162 1292 τί
1185 1238 1350 1302 εἴπω,
1392 1236 1488 1290 καὶ
1530 1236 1582 1288 τί
1635 1233 1723 1288 λα-

130 1341 304 1411 λήσω,
340 1341 374 1410 ἢ
410 1341 492 1393 ὅτι
535 1337 678 1392 κατὰ
707 1337 765 1389 τὸ
803 1335 1040 1406 χαλεπὸν
1069 1333 1170 1402 τῆς
1196 1331 1465 1403 αἱρέσεως
1499 1327 1729 1382 ἀκόλου-

131 1435 228 1497 θος
259 1435 400 1488 καὶὸ
431 1431 626 1503 πικρὸς
649 1429 892 1499 διωγμός
920 1428 1019 1494 ;Τί
1051 1428 1159 1497 γὰρ
1193 1425 1377 1497 βούλει
1411 1424 1566 1494 ὁρᾷν,
1591 1421 1729 1475 ἐπάν

132 1529 163 1579 ὁ
184 1525 431 1596 ’Χριστὸς
461 1523 696 1594 ἤρνηται
727 1521 794 1575 δι’
826 1520 1040 1591 ὕϐρεως
1085 1520 1183 1590 τῆς
1211 1517 1376 1586 ἁγίας
1423 1515 1591 1569 αὑτοῦ
1653 1517 1730 1567 εξ-

134 1620 294 1682 κόνος
317 1637 331 1686 ;
358 1619 493 1688 Οὐχὶ
522 1617 733 1687 αἵματα
772 1614 1099 1684 κενούμενα,
1131 1613 1226 1666 καὶ
1265 1611 1477 1683 σάρκας
1534 1626 1730 1679 τεμνο-

137 1711 348 1781 μένας;
389 1711 451 1763 οὐ
486 1710 696 1778 θλίψεις
734 1708 830 1760 καὶ
861 1705 1225 1776 στενοχωρίας
1260 1722 1274 1770 ;
1315 1705 1375 1757 οὑ
1400 1703 1574 1774 δεσμά
1636 1701 1729 1754 καὶ

135 1804 411 1872 φυλακὰς,
437 1803 530 1854 καὶ
561 1799 728 1871 ἄλλην
759 1797 1022 1851 παντοίαν
1045 1796 1292 1850 κάκωσιν
1319 1813 1333 1860 ;
1393 1794 1516 1864 οὐχὶ
1537 1792 1728 1858 σκεύη

136 1896 327 1965 ὀργῆς
353 1892 804 1962 κατηρτισμένα
825 1894 912 1957 εἰς
945 1889 1272 1954 ἀπώλειαν,
1309 1882 1384 1940 ὧν
1415 1882 1495 1950 εἷς
1536 1885 1594 1938 ὃν
1649 1879 1729 1937 εἷ-

137 2007 251 2052 πας
277 2007 291 2053 ;
331 1988 441 2042 Kal.
481 1987 562 2040 ἔτι
593 1987 734 2058 ὄψει,
761 1984 977 2053 ἀδελφέ,
999 1983 1279 2052 δεινότερα
1301 2021 1316 2047 ,
1358 1980 1498 2033 ἐπάν
1533 1995 1732 2049 μακρο-

135 2084 308 2152 χρονῇ
341 2083 373 2151 ἡ
401 2081 632 2151 αἵρεσις.
680 2078 871 2133 Ἀλλὰ
900 2075 1180 2147 μακάριοι
1211 2079 1265 2128 οἱ
1298 2072 1727 2143 ὑπομένοντες-⁸

135 2178 231 2230 ὅτι
258 2173 460 2230 αὐτῶν
489 2174 665 2227 ἐστιν
689 2174 726 2241 1)
765 2171 1059 2236 ,βασιλεία
1093 2169 1214 2223 τῶν
1238 2167 1535 2237 οὐρανῶν.
1589 2165 1730 2235 Ἤδη

133 2272 188 2324 οἱ
212 2273 368 2340 χοροὶ
389 2268 498 2320 τῶν
528 2267 905 2336 δμολογητῶν,
941 2265 1050 2318 τῶν
1094 2261 1413 2339 μαρτύρων,
1470 2257 1731 2328 ἀγάλλων-

132 2380 255 2427 ται,
291 2361 715 2432 εὐφραίνονται·
742 2357 836 2423 οὓς
871 2359 970 2428 μὲν
997 2357 1085 2412 διὰ
1112 2356 1348 2410 Θανάτου
1379 2353 1557 2408 αἰσίου
1603 2354 1736 2405 ὑπο-

133 2454 428 2525 δεχόμενοι
459 2471 472 2484 ·
509 2451 605 2515 οὓς
635 2451 692 2504 δὲ
723 2450 1111 2519 ἐπαλείφοντες
1146 2450 1403 2519 ἀοράτως
1433 2449 1554 2509 ταῖς
1614 2447 1736 2498 ἐπι-

139 2546 399 2617 σκέψεσι.
438 2544 549 2598 Καὶ
582 2543 635 2596 τί
666 2543 813 2611 λέγω
855 2543 1175 2613 μάρτυρας;
1225 2541 1390 2603 αὐτὸς
1441 2538 1678 2608 Χριστὸς
1708 2535 1736 2590 ὁ

143 2637 622 2712 μαρτυρούμενος,
649 2638 858 2707 χαίρων
879 2653 937 2687 τε
970 2634 1065 2687 καὶ
1109 2631 1396 2686 συναθλῶν
1442 2633 1592 2684 ἐστιν
1656 2631 1738 2683 ἐνὶ

139 2734 363 2802 ἑκάστῳ
413 2732 522 2783 τῶν
561 2728 991 2800 ὁμολογούντων.
1027 2729 1091 2780 Ei
1119 2728 1193 2799 μὴ
1227 2727 1338 2797 γάρ
1373 2724 1571 2791 οὕτως,
1635 2725 1737 2778 οὐκ

139 2827 209 2881 ἂν
245 2825 442 2896 ἔφερον
464 2825 514 2876 οί
546 2823 803 2893 φέροντες
830 2823 899 2876 τά
925 2822 1172 2894 παρόντα
1198 2819 1470 2890 γενναίως
1488 2835 1503 2849 ⁸
1546 2819 1648 2872 οὐκ
1671 2817 1738 2870 ἂν

141 2918 243 2972 καὶ
272 2920 526 2986 γυναῖκες
559 2914 870 2988 ὴνδρίξοντο
895 2915 1039 2969 κατὰ
1087 2912 1186 2976 τάς
1217 2912 1387 2966 πάλαι
1406 2910 1568 2980 ἁγίας
1600 2927 1610 2938 ·
1636 2910 1738 2961 οὐκ

141 3013 212 3064 ἂν
255 3011 350 3063 καὶ
380 3008 559 3062 λαῖχοὶ
595 3009 697 3061 καὶ
716 3006 1072 3078 συγκλητικοὶ
1101 3005 1402 3060 ἀπεδύοντο
1427 3005 1565 3075 πρὸς
1610 3004 1739 3066 τοὺς

141 3101 366 3170 ἀγῶνας
397 3115 411 3129 ⁸
443 3101 545 3153 οὑκ
576 3100 642 3154 ἂν
673 3101 766 3154 καὶ
794 3099 957 3170 κόραι
997 3097 1369 3167 κατεφρόνουν
1396 3095 1579 3166 ὅψεως
1632 3096 1737 3166 ἀρσ-

143 3195 323 3266 ρἐων
355 3191 696 3248 ἀσεϐούντων
719 3208 734 3221 ⁸
767 3192 867 3245 οὐκ
890 3191 956 3245 ἂν
982 3190 1292 3243 ἐδείκνυντο
1324 3180 1606 3259 πανταχοῦ
1645 3187 1738 3258 δη-

1831 681 2046 749 plexum
2080 682 2271 738 fuisse.
2306 682 2549 752 Utraque
2581 682 2746 753 igitur
2775 698 2842 738 ex
2869 697 3036 738 causa
3077 681 3417 739 distulimus.

1830 775 2140 834 liumilibus
2175 786 2356 833 tamen
2396 779 2556 833 nobis
2590 792 2920 833 concessum
2961 784 3068 840 est,
3104 786 3164 830 ut
3196 777 3424 832 auribus

1832 872 1941 926 tuis
1975 887 2078 927 vox
2116 883 2309 926 nostra
2347 874 2825 938 rursuminsonet,
2854 870 3290 942 signiﬁcanstibi
3326 887 3426 926 nos

1831 977 2061 1032 corpore
2098 962 2322 1027 valere;
2350 963 2533 1016 dicere
2561 971 2744 1017 autem
2780 962 2964 1029 liceat,
2999 962 3168 1018 etiam
3202 961 3422 1031 Spiritu,

1832 1056 2041 1112 sanctis
2065 1056 2324 1126 precibus
2354 1057 2554 1113 vestris
2588 1073 2714 1112 cum
2740 1058 2900 1113 beato
2927 1072 3052 1114 meo
3083 1055 3266 1128 Patre.

1903 1237 1984 1293 Ad
2022 1252 2086 1294 ea
2121 1255 2251 1294 vero
2280 1256 2405 1310 quae
2455 1239 2735 1305 indicasti,
2771 1242 2904 1312 quid
2931 1239 3134 1307 dicam,
3175 1251 3268 1306 aut
3295 1243 3424 1312 quid

1832 1331 2057 1414 loquar,
2115 1332 2224 1386 nisi
2285 1332 2436 1401 quod
2488 1332 2764 1387 haereseos
2835 1331 3109 1387 atrocitati
3163 1343 3428 1404 congruat

1832 1424 2106 1480 acerbitas
2157 1425 2612 1493 persecutionis?
2658 1424 2800 1490 Quid
2855 1425 3001 1478 enim
3052 1425 3237 1479 videre
3269 1427 3427 1486 velis.

1832 1518 2050 1586 quando
2077 1515 2332 1573 Christus
2361 1529 2594 1588 negatur
2647 1533 2744 1587 per
2794 1527 2999 1572 sancta:
3027 1517 3284 1588 imaginis
3316 1535 3429 1574 sua:

1833 1609 2269 1664 contumeliam?
2323 1609 2520 1664 Annon
2572 1612 2831 1664 ﬁuenlcm
2895 1613 3245 1679 sanguinem,
3301 1629 3424 1668 car-

1835 1717 2041 1771 nesque
2065 1703 2365 1757 concisas?
2392 1719 2499 1757 non
2527 1701 2854 1758 afflictiones
2880 1711 2931 1757 et
2958 1704 3288 1774 angustias?
3321 1723 3426 1760 non

1835 1800 2053 1853 vincula
2100 1809 2158 1854 et
2205 1815 2479 1862 carceres,
2532 1809 2585 1853 et
2626 1800 2765 1855 alias
2798 1801 2983 1855 omnis
3018 1802 3235 1871 generis
3263 1817 3430 1856 vexa-

1838 1891 2059 1946 tiones?
2089 1907 2196 1945 non
2235 1909 2362 1946 rasa
2398 1894 2494 1946 irae
2522 1904 2832 1961 prreparata
2878 1894 2935 1947 in
2971 1895 3240 1948 interitum
3268 1895 3336 1961 “,
3365 1913 3432 1951 ex

1839 1985 2045 2054 quibus
2092 2002 2236 2040 unus
2278 1997 2362 2041 est
2409 2002 2571 2056 quem
2615 1987 2845 2040 dixisti?
2873 1985 2938 2040 Et
2980 1986 3210 2048 videbis.
3245 1987 3429 2052 frater,

1840 2078 2006 2131 etiam
2045 2079 2320 2149 graviora,
2357 2080 2403 2134 si
2430 2080 2643 2135 diutius
2685 2080 2848 2134 duret
2871 2080 3118 2134 haeresis.
3160 2078 3264 2134 Sed
3295 2083 3431 2134 beati

1841 2172 1930 2240 qui
1990 2173 2274 2236 sustinent,
2307 2173 2560 2243 quaniam
2614 2176 2847 2244 ipsorum
2905 2182 2983 2226 est
3031 2189 3244 2243 regnum
3279 2174 3433 2226 car/0-

1844 2265 2046 2318 rum”.
2104 2262 2224 2318 Jam
2283 2265 2440 2319 chori
2471 2265 2882 2329 confessorum,
2917 2275 3219 2336 martyrum
3248 2267 3432 2321 exsul-

1845 2367 1984 2426 tant,
2054 2359 2331 2424 laztantur,
2382 2358 2522 2413 alios
2554 2360 2775 2429 quidem
2822 2375 2923 2428 per
2954 2358 3248 2429 legitimam
3285 2373 3431 2414 mor-

1846 2458 1953 2501 tem
2004 2449 2392 2518 snscipientcs,
2434 2450 2574 2505 alios
2609 2449 2962 2504 invisibiliter
2994 2449 3346 2504 consolantes
3377 2461 3433 2504 et

1844 2540 2256 2596 conﬁrmautes.
2321 2542 2390 2596 Et
2448 2541 2579 2612 quid
2633 2552 2904 2613 martyres
2956 2541 3127 2596 dico?
3184 2541 3434 2597 Christus

1846 2633 1985 2702 ipse,
2010 2649 2173 2703 quem
2221 2643 2497 2705 martyres
2548 2635 2906 2701 conﬁtentur,
2953 2635 3196 2704 gaudens
3242 2647 3296 2690 et
3328 2651 3437 2690 una

1845 2736 2064 2781 certans
2117 2727 2272 2781 adest
2326 2728 2621 2798 unicuique
2686 2728 3087 2783 conﬁtentium.
3133 2728 3245 2783 Nisi
3291 2729 3433 2784 enim

1847 2817 1920 2871 ita
1948 2832 2035 2872 res
2059 2826 2225 2881 esset,
2257 2819 2682 2888 haudquaquam
2707 2819 3013 2888 perferrent
3036 2820 3127 2888 qui
3153 2821 3436 2889 praesentia

1847 2921 2067 2966 strenue
2093 2911 2377 2981 perferunt
2406 2932 2418 2968 :
2456 2914 2886 2984 haudquaquam
2929 2915 3189 2968 mulieres
3218 2913 3430 2967 virilem

1846 3002 2090 3056 animum
2123 3019 2374 3073 gererent
2395 3005 2462 3060 ad
2494 3004 2806 3074 exemplum
2839 3005 3194 3074 antiquarum
3224 3012 3439 3059 sancta-

1847 3111 1967 3149 rum
2001 3114 2016 3150 :
2059 3098 2490 3169 haudquaquam
2549 3109 2603 3154 et
2641 3099 2768 3154 laici
2809 3111 2865 3155 ct
2898 3108 3183 3156 senatores
3209 3099 3272 3152 ad
3308 3114 3436 3167 ago-

1847 3205 1942 3244 nes
1970 3191 2289 3258 prosilirent
2324 3209 2337 3245 :
2392 3193 2819 3264 haudquaquam
2853 3194 3048 3263 puellae
3087 3194 3219 3263 ipsa:
3247 3193 3438 3262 impio-

143 3287 334 3359 μόσιοι
367 3285 628 3355 φυλακαὶ,
677 3284 770 3337 καὶ
806 3283 1143 3354 ἐπληροῦντο
1172 3280 1390 3353 ἔρημοι,
1419 3280 1520 3352 ὅρη
1548 3297 1608 3332 τε
1641 3280 1736 3332 καὶ

1849 3297 1966 3334 rum
2019 3282 2256 3336 marium
2309 3295 2593 3353 aspectum
2647 3294 3107 3340 contemnerent:
3159 3282 3436 3352 haudqua-

139 3380 320 3433 νάπαι
357 3383 451 3431 καὶ
492 3376 758 3447 σπήλαια,
790 3376 899 3430 τῶν
952 3374 1042 3428 διὰ
1079 3374 1287 3444 Κύριον
1323 3372 1739 3441 πεφυγαδευμέ-

139 3490 257 3528 νων
278 3490 291 3502 ·
318 3473 418 3526 οὐκ
443 3472 509 3524 ἂν
533 3470 867 3523 ἐκωδωνεῖτο
892 3470 926 3540 ἡ
951 3468 1044 3521 ὑπ’
1071 3466 1330 3538 οὐρανὸν,
1360 3466 1514 3530 τέλος
1542 3467 1737 3519 εἰπεῖν.

142 3568 319 3620 Ὥστε
352 3564 701 3618 πιστεύονται
730 3562 978 3634 ἐναργῶς
1005 3562 1089 3615 ὅτι
1114 3560 1356 3630 Χριστὸς
1403 3559 1696 3612 δεδίωκται
1723 3573 1736 3586 ο

139 3663 291 3714 ὥστε
311 3657 592 3712 ἐλπιστέον
624 3655 760 3726 ὁμοῦ
788 3656 882 3709 καὶ
908 3653 1313 3726 προθυμητέον,
1344 3653 1425 3705 ὅτι
1449 3651 1613 3706 οἵσειε
1635 3653 1743 3714 πᾶς

140 3768 234 3814 τις
274 3753 330 3802 ἐν
359 3747 595 3820 ἀληθείᾳ
628 3749 901 3804 πιστεύων
935 3749 1046 3800 πᾶν
1078 3748 1261 3800 ὁτιοῦν
1299 3744 1625 3798 κολαστικὸν
1655 3762 1745 3813 με-

140 3845 216 3898 τὸ.
231 3841 468 3914 Χριστοῦ
493 3842 586 3894 καὶ
618 3842 715 3893 σὺν
750 3838 992 3910 Χριστῷ.
1009 3837 1248 3892 Τοιαῦτα
1273 3839 1340 3891 τὰ
1384 3839 1633 3908 ἡμέτερα
1659 3837 1740 3890 δι·-

142 3938 433 4008 ηγήματα.
457 3932 928 3986 Ἀκουσιὶτωσαν
956 3929 1166 3998 πραεῖς
1198 3930 1299 3984 καὶ
1332 3927 1745 3998 εὐφρανθήτω-

143 4045 299 4084 σαν.
346 4026 621 4079 Ἀκουέτω
669 4023 933 4095 ’Λνατολὴ
981 4025 1077 4077 καὶ
1118 4021 1281 4086 Δύσις
1320 4021 1390 4074 τὰ
1434 4025 1492 4074 ὲν
1531 4022 1743 4085 Βυζαν-

143 4123 276 4193 τίῳ,
308 4121 402 4173 καὶ
424 4119 664 4172 αἰνείτω.
699 4118 888 4171 Ὅπου
941 4117 1325 4171 ἐπλεόνασεν
1384 4115 1422 4183 ἡ
1461 4115 1740 4184 ἁμαρτία,

145 4214 756 4285 ὑπερεπερίσσευσεν
783 4213 821 4280 ἡ
855 4210 1052 4281 χάρις.
1081 4206 1210 4264 Ὧδε
1241 4209 1495 4273 ἔνστασις
1525 4208 1747 4279 ἀθλητι-

146 4308 223 4370 κή
247 4298 377 4358 ’ὦδε
396 4300 538 4375 αἷμα
566 4307 649 4376 ῥεῖ
680 4305 842 4374 ἄρδον
857 4305 957 4375 τὴν
989 4301 1574 4373 ἙκκλησίανΧριστοῦ
1605 4299 1746 4368 ὑπὲρ

147 4400 244 4468 τὸν
270 4398 539 4467 ποτισμὸν
569 4395 660 4448 τοῦ
699 4397 756 4448 ἐν
803 4395 965 4464 Ἐδὲμ
988 4395 1342 4465 παραδείσου.
1368 4393 1460 4446 Ζῶ
1484 4393 1620 4462 ἐγὼ,
1651 4393 1750 4447 λέ-

150 4507 243 4561 rei
280 4491 520 4556 Κύριος,
557 4489 694 4543 ἀλλ’
735 4489 772 4556 ἧ
804 4489 946 4554 τοὺς
974 4488 1337 4553 δοξάζοντάς
1358 4506 1435 4557 με
1463 4487 1705 4552 δοξάσω
1730 4504 1743 4516 ·

149 4580 254 4635 καὶ
291 4575 322 4632 ὅ
354 4579 694 4642 ἐξουθενῶν
739 4597 817 4648 με
865 4579 1366 4647 ἁτιμασθήσεται.
1418 4580 1742 4649 ’Λπόγραφε

150 4673 254 4728 καὶ
285 4674 350 4724 σὺ
378 4672 528 4734 ὅστις
551 4671 616 4723 ἂν
647 4671 767 4741 εἴης
795 4671 974 4740 ζηλῶν
1004 4671 1082 4742 τῷ
1140 4672 1352 4741 Κυρίῳ,
1383 4671 1452 4724 τὰ
1491 4674 1737 4743 νεουργάτ

1863 4678 2057 4742 minus,
2090 4678 2338 4746 quoniam
2365 4676 2727 4745 gloriﬁcantes
2761 4693 2842 4729 me
2870 4677 3178 4747 gloriﬁcabo
3218 4691 3238 4729 :

155 4761 370 4836 μᾶλλον
401 4763 458 4814 δέ
488 4762 748 4832 θεουργά,
784 4764 1067 4834 μαρτύρια
1099 4779 1111 4790 ’
1144 4763 1220 4825 ὡς
1261 4764 1327 4816 ἂν
1349 4763 1541 4816 εἰδεῖεν
1571 4766 1620 4816 ol
1654 4782 1748 4834 με-

150 4855 569 4925 ταγενέστεροι.
602 4856 683 4907 ὅτι
713 4857 739 4907 ὁ
768 4855 897 4917 Θεὸς
929 4855 1099 4917 ὅντως
1158 4857 1217 4907 ἐν
1275 4857 1408 4926 ἡμῖν
1446 4857 1561 4908 ἐστι
1595 4872 1608 4886 ·
1658 4858 1750 4909 καὶ

149 4951 222 5019 ζῇ
265 4947 326 4999 τὸ
378 4948 602 5017 σπέρμα
636 4946 746 4998 τῶν
797 4947 1063 4999 δικαίων·
1123 4948 1216 5000 καὶ
1260 4948 1628 5017 Χριστοφορεῖ
1688 4949 1749 4998 τὸ

153 5039 402 5111 χρυσοῦν
428 5041 585 5108 γένος
617 5039 724 5091 τῶν
753 5039 1051 5109 μαρτύρων
1077 5056 1090 5068 '
1125 5034 1196 5093 οὗ
1229 5040 1416 5092 πύλαι
1471 5039 1621 5105 ᾅδου
1674 5042 1747 5093 οὐ

151 5132 520 5201 κατίσχυσαν,
550 5130 673 5184 οὔτε
690 5133 1128 5200 κατισχύσειαν
1149 5148 1161 5160 ’
1191 5131 1313 5201 ὼςή
1338 5133 1634 5202 ὑπόσχεσις
1652 5134 1746 5186 τοῦ

152 5222 453 5294 ἀψευδοῦς.
488 5224 766 5292 Σκληρόν
787 5240 907 5288 σοι,
940 5225 1095 5293 φησὶ,
1116 5226 1267 5291 πρὸς
1297 5223 1512 5293 κέντρα
1535 5229 1745 5281 λακτί-

151 5313 300 5379 ζειν,
330 5314 427 5367 καὶ
457 5314 689 5378 ἀλλοίως
758 5316 859 5368 οὐκ
928 5315 1095 5367 ἐστιν.
1167 5314 1308 5382 Ἐγὼ
1367 5317 1466 5384 μὲν
1500 5319 1527 5368 ὁ
1577 5318 1747 5379 τάλας

153 5407 334 5461 ταῦτα
365 5407 695 5477 προσφωνῶ.
739 5409 810 5461 Σὺ
839 5408 914 5472 δὲ,
945 5406 988 5460 ὦ
1013 5408 1114 5460 παῖ
1168 5407 1302 5476 ίερέ,
1357 5408 1619 5461 ἁντιδίδου
1653 5428 1745 5477 μοι

150 5501 258 5564 τὰς
280 5500 470 5571 εὐχάς.
512 5500 796 5554 Ἀσπασαι
831 5504 955 5563 τοὺς
991 5499 1437 5570 συνομολογητάς
1498 5519 1591 5553 σου
1628 5505 1745 5554 κατ’

153 5595 334 5663 ὄνομα
359 5594 455 5646 καὶ
489 5594 858 5664 συμμαθητάς
883 5611 896 5623 ·
939 5597 1034 5648 καὶ
1063 5594 1122 5647 ού
1161 5593 1324 5662 μόνον
1364 5594 1574 5660 τούσδε,
1629 5596 1744 5648 ἀλλ’

154 5687 210 5738 εί
246 5685 480 5756 φθάζεις
510 5688 603 5738 καλ⁸
629 5688 756 5748 τοὺς
784 5687 980 5750 ἄλλους
1021 5687 1268 5750 ἅπαντας
1293 5688 1418 5750 τοὺς
1453 5688 1744 5752 ἐκλεκτοὺς

154 5779 255 5831 τοῦ
294 5779 433 5832 Θεοῦ
458 5796 472 5812 ο
505 5780 630 5842 τοὺς
649 5780 1131 5851 ἐκλελογισμένους
1158 5782 1264 5835 ἀπὸ
1283 5781 1556 5851 μυριάδων
1583 5799 1594 5809 ·
1627 5784 1751 5845 τοὺς

235 5916 278 5943 *³⁸
327 5914 484 5968 Ιὶοιιι.
523 5930 596 5970 Ix.
627 5914 715 5966 τε.
795 5915 842 5945 θ’
869 5914 1056 5970 .‘latth.
1097 5933 1146 5982 ι’,
1178 5918 1260 5970 10.

164 5985 254 6038 18.
329 5987 343 6015 ¹
378 5989 499 6040 Aet.
529 6000 678 6053 nm,
708 5983 797 6037 24.

1339 5917 1382 5944 ¹’⁶
1420 5915 1559 5969 Psnl.
1609 5932 1797 5982 xxxiii,
1833 5918 1880 5972 3.

1845 3390 2007 3443 quam
2057 3378 2478 3431 ostenderentur
2508 3377 2709 3445 ubique
2741 3377 2972 3447 publica“:
3007 3376 3303 3441 custodire;
3341 3390 3439 3430 nec

1843 3465 2059 3520 refertae
2108 3475 2296 3521 essent
2353 3468 2680 3524 solitudines
2734 3479 2789 3523 et
2851 3478 3069 3524 montes
3117 3477 3171 3522 et
3202 3468 3350 3522 silva:
3385 3475 3440 3520 ct

1845 3559 2122 3627 speluncae
2149 3558 2218 3614 iis
2247 3559 2339 3628 qui
2371 3572 2593 3630 propter
2616 3560 2908 3614 Dominum
2936 3562 3096 3629 ejecti
3130 3569 3257 3616 sunt
3290 3578 3304 3614 :
3330 3575 3438 3613 non

1845 3650 2102 3720 denique,
2132 3661 2192 3705 ut
2220 3652 2566 3718 concludam,
2589 3655 2844 3707 universa
2863 3663 3249 3708 cenenteretur
3271 3663 3437 3707 terra.

1847 3743 2030 3808 Quare
2077 3744 2373 3799 manifesto
2404 3746 2637 3800 credunt
2674 3748 3113 3816 persecutionem
3143 3749 3254 3818 pati
3277 3747 3438 3803 Chri-

1851 3847 1998 3890 stum
2027 3856 2039 3904 ;
2076 3839 2524 3910 sperandumque
2557 3841 2726 3895 simul
2756 3851 2811 3895 et
2840 3842 3151 3896 audendum
3182 3862 3194 3897 :
3226 3854 3283 3896 ut
3311 3857 3441 3918 sup;

1849 3930 2012 3999 plicia
2043 3932 2250 4001 quaevis
2281 3933 2335 3985 in
2377 3933 2610 3986 veritate
2640 3933 2895 4001 credens,
2940 3949 3064 3989 cum
3101 3934 3341 3997 Christo,
3383 3944 3438 3988 et

1848 4024 2140 4093 adjuvante
2201 4023 2446 4090 Christo,
2502 4026 2734 4096 quisque
2784 4029 3076 4083 sustineat.
3137 4027 3262 4082 [Lee
3311 4037 3441 4081 sunt.

1848 4132 1971 4185 quae
2030 4133 2341 4172 narramus.
2401 4118 2640 4173 Audiant
2695 4123 2961 4175 mansueti
3018 4131 3067 4175 et
3107 4120 3436 4175 twtentur".

1849 4209 2051 4262 Audiat
2096 4208 2291 4264 Oriens
2318 4221 2371 4264 et
2401 4208 2671 4266 Occidens
2695 4227 2756 4265 ea
2801 4229 2923 4283 qua:
2950 4214 3091 4282 apud
3119 4212 3440 4283 Byzantium

1853 4302 2011 4368 fiunt,
2059 4312 2113 4357 et
2167 4304 2384 4357 laudem
2448 4305 2614 4359 dicat.
2687 4303 2789 4359 Ubi
2835 4306 3129 4361 abundavit
3168 4306 3448 4372 delictum,

1851 4397 2304 4469 superabundavit
2329 4400 2505 4468 gratia
2522 4401 2590 4453 ’7.
2635 4399 2736 4454 Hic
2758 4400 3002 4470 pugilum
3030 4411 3325 4465 certamen,
3357 4399 3443 4451 hic

1853 4494 2078 4563 sanguis
2103 4492 2220 4545 ﬁuit
2246 4493 2550 4548 Ecclesiam
2580 4492 2786 4547 Christi
2812 4495 2999 4561 rigans
3027 4494 3249 4549 uberius
3277 4508 3440 4562 quam

1855 4585 2148 4654 paradisus
2179 4584 2350 4638 Edem
2387 4585 2741 4654 irrigabatur.
2845 4584 2966 4638 Vivo
2994 4602 3109 4652 ego,
3167 4585 3297 4638 dicit
3335 4583 3438 4636 Da-

3279 4684 3327 4728 ct
3353 4675 3442 4744 qui

1854 4786 1935 4823 me
1991 4769 2209 4836 spernit,
2238 4769 2340 4820 erit
2389 4769 2652 4837 inglorius
2672 4767 2740 4823 99.
2796 4767 3056 4823 Describe
3085 4777 3139 4823 et
3170 4777 3249 4832 tu,
3287 4768 3442 4836 quis-

1857 4859 1982 4927 quis
2036 4873 2096 4914 es
2128 4860 2306 4912 zelum
2343 4857 2558 4912 Domini
2610 4858 2842 4923 habens,
2893 4875 3055 4922 nova,
3114 4873 3213 4912 seu
3259 4857 3441 4926 potius

1858 4950 2044 5005 divina
2079 4950 2339 5021 martyria
2372 4968 2384 5003 :
2425 4962 2483 5004 ut
2517 4951 2697 5004 sciant
2725 4951 2952 5021 posteri,
2978 4952 3108 5024 quia
3142 4950 3286 5005 Deus
3314 4964 3442 5002 vere

1855 5042 1910 5094 in
1939 5042 2098 5097 nobis
2126 5054 2231 5106 est,
2267 5041 2509 5110 vivitque
2540 5056 2725 5094 semen
2745 5046 3043 5111 justorum,
3076 5051 3129 5095 et
3161 5040 3440 5096 Christum

1854 5135 1992 5203 gerit
2023 5150 2253 5188 aureum
2286 5149 2459 5207 genus
2491 5143 2813 5204 martyrum,
2859 5133 3121 5188 adversus
3146 5133 3286 5203 quod
3313 5149 3440 5200 por-

1858 5238 1925 5280 ta:
1981 5228 2142 5296 in/eri
2188 5243 2290 5281 non
2348 5227 2846 5296 prtevaluerunt”:
2901 5241 3000 5279 nec
3058 5225 3441 5295 prwvalebunt,

1852 5321 2314 5388 quemadmodum
2362 5321 2614 5390 promisit
2638 5320 2731 5389 qui
2766 5334 2929 5372 verax
2960 5327 3064 5372 est.
3098 5317 3304 5371 Durum
3335 5329 3440 5381 est,

1853 5412 2053 5478 inquit,
2089 5413 2185 5466 tibi
2235 5423 2422 5466 contra
2472 5411 2746 5464 stimulum
2801 5410 3084 5463 calcitrare
3112 5412 3154 5473 ‘,
3185 5418 3239 5464 ct
3286 5410 3444 5463 aliter

1854 5520 1978 5558 esse
2007 5507 2217 5573 nequit.
2264 5505 2372 5574 Ego
2399 5505 2619 5574 quidem
2652 5503 2836 5558 infelix
2877 5503 2990 5557 haec
3016 5503 3162 5558 dico.
3190 5503 3273 5559 Tu
3292 5520 3440 5566 vero.

1859 5609 2017 5647 sacer
2085 5596 2177 5654 ﬁli.
2233 5595 2465 5664 repende
2521 5594 2652 5647 mihi
2706 5603 2828 5648 tuas
2867 5609 3080 5664 preces.
3115 5595 3304 5650 Saluta
3339 5612 3442 5650 no-

1860 5687 2110 5741 minatim
2164 5688 2508 5741 confessor-es
2552 5688 2642 5755 qui
2687 5698 2863 5741 tecum
2912 5695 3060 5752 sunt,
3092 5698 3145 5743 et
3173 5688 3445 5743 condisci-

1865 5781 2065 5853 pulos;
2126 5795 2301 5848 neque
2343 5781 2438 5832 hos
2491 5787 2722 5845 tantum,
2760 5779 2854 5834 sed
2889 5780 2933 5834 si
2972 5783 3179 5851 possis,
3225 5793 3277 5837 et
3307 5783 3441 5836 alios

1964 5917 2000 5946 ³⁷
2045 5915 2203 5968 Hom.
2245 5931 2289 5974 ν,
2318 5911 2402 5965 ‘20.
2485 5909 2527 5939 -““
2562 5908 2578 5963 Ι
2621 5909 2750 5980 Heg.
2780 5927 2840 5980 tl,
2874 5913 2940 5967 50
3041 5914 3084 5947 *τ’
3110 5914 3294 5969 Matth.
3333 5929 3441 5969 xu,
