3934 6426
495 340 636 408 1303

1697 350 1756 409 S.
1798 348 2197 411 TIIEODORI
2238 348 2589 411 STUDITxE

3664 357 3780 422 130i

486 474 682 514 omnes
744 459 950 516 electos
1008 460 1123 526 Dei,
1180 460 1385 517 electos
1434 475 1501 515 ex
1560 461 1826 528 millibus,
1882 463 2089 517 lumina

2212 468 2256 517 ὲν
2289 465 2481 535 κόσμῳ
2512 466 2833 538 φωστῆρας,
2858 468 2927 522 τὰ
2960 467 3133 541 σκεύη
3159 470 3253 525 τοῦ
3278 469 3492 536 ἐλέους.
3510 474 3644 537 τοῦς
3668 492 3777 545 χρηθ

486 554 704 616 numdi.
756 570 888 610 vasa
922 554 1338 620 misericordiae,
1376 554 1484 608 ﬂeo
1525 555 1711 621 utiles,
1743 554 2095 612 desideratus

487 647 789 705 Trinitati:
837 666 1075 720 quorum
1136 649 1392 718 precibus
1439 648 1719 703 salvemur
1757 658 1812 704 et
1870 664 1972 704 nos
2013 650 2098 704 in-

486 741 659 813 digiti.
713 742 792 800 Te
831 760 955 799 eum
1038 742 1298 798 omnibus
1344 742 1548 797 salutat
1604 742 1699 813 qui
1737 759 1949 799 mecum
1990 752 2096 800 est.

850 855 1065 913 LXXII.
1097 889 1168 900 —
1198 856 1428 913 Nicolao
1453 857 1569 927 [ilio
1594 861 1681 928 (').

2201 559 2393 628 σίμους
2431 559 2574 631 θεῷ,
2605 562 2733 625 τοὺς
2762 564 2989 632 ἑφετοῦς
3040 568 3109 636 τῇ
3168 566 3404 638 Τριάδι·
3471 561 3551 621 ὧν
3610 568 3781 637 εὐχαῖς

2200 652 2508 723 σωθείημεν
2530 654 2625 708 καὶ
2656 655 2819 725 ἡμεῖς
2851 658 2901 711 oi
2924 656 3159 726 ἀνάξιοι.
3195 661 3265 713 Σὲ
3306 663 3407 716 σῦν
3449 665 3589 717 πᾶσι
3623 663 3713 716 καὶ
3757 663 3782 715 6

2201 745 2301 799 σὺν
2328 746 2454 817 ἐμοὶ
2484 746 2816 812 ἀσπάζεται.

2521 864 2639 917 θην.
2661 896 2728 905 -
2745 866 3025 934 Νικολάῳ
3044 867 3254 937 τέκνῳ.
3278 868 3474 944 [υ

490 996 567 1047 De
603 998 789 1045 sanctis
820 994 2174 1075 imaginibus;Quatuorgenera‘argumentorumpro
2196 1001 2434 1075 catholica
2482 1004 2545 1052 de
2589 1000 2888 1075 imaginibus
2914 1004 3176 1075 doctrina:
3201 1007 3386 1075 Natura
3412 1011 3647 1075 corporis
3671 1028 3684 1062 :
3706 1013 3782 1064 Ili-

871 1060 1025 1107 storia
1055 1075 1066 1108 :
1100 1061 1280 1110 Patres
1309 1074 1319 1108 :
1349 1061 1558 1121 Synodi.
1596 1060 1802 1110 Frustra
1823 1060 2137 1110 adversarios
2158 1074 2452 1126 argumenta
2480 1060 2769 1115 eorumdém
2816 1081 3065 1130 generum
3101 1070 3403 1122 obtendere.

556 1162 1013 1234 Quandoquidem
1048 1182 1215 1222 nosse
1268 1182 1423 1229 aves.
1480 1166 1709 1222 Nicolae
1744 1166 1937 1232 frater,
1970 1169 2097 1239 qui-

486 1256 591 1311 hus
630 1267 870 1327 quatuor
913 1262 1254 1329 argumentis
1283 1260 1431 1316 circa
1472 1259 1841 1315 venerandam
1882 1260 2094 1316 Christi

488 1350 781 1421 imaginem
816 1351 1018 1407 veritas
1049 1354 1410 1408 contirmetur
1443 1373 1457 1409 :
1489 1355 1571 1410 sic
1598 1355 1818 1420 habeto,
1860 1356 2090 1427 physico

486 1443 761 1511 dogmate,
820 1452 1003 1498 vetere
1054 1444 1310 1511 historia,
1358 1456 1680 1505 sanctorum
1713 1448 1964 1513 vocibus,
1996 1462 2090 1518 sy-

486 1535 682 1589 noclica
715 1535 1137 1593 acclamatione.

2282 1172 2506 1245 Ἐπειδὴ
2567 1174 2955 1243 φιλοπευστεῖς
2999 1179 3218 1248 μαθεῖν,
3276 1178 3476 1248 ἀδελφὲ
3533 1181 3779 1235 Νικόλαεν

2198 1265 2307 1319 ἀπ’)
2337 1266 2506 1320 ποίων
2541 1269 2832 1339 τεσσάρων
2854 1270 3167 1323 ὑποθέσεων
3197 1272 3230 1341 ἡ
3265 1275 3399 1345 περὶ
3453 1277 3557 1345 τῆν
3595 1276 3784 1345 σεπτῆν

2197 1360 2382 1414 είκόνα
2412 1360 2654 1432 Χριστοῦ
2712 1363 2945 1433 ἀλήθεια
3001 1365 3376 1437 κρατύνεται·
3435 1369 3641 1433 ίστέον,
3690 1370 3787 1423 ἀπὸ

2196 1455 2432 1524 φυσικοῦ
2454 1454 2727 1526 δόγματος
2750 1471 2766 1486 °
2801 1458 2910 1511 ἀπὸ
2937 1458 3173 1530 ἀρχαίας
3198 1462 3446 1531 ἱστορίας
3480 1479 3495 1493 ·
3528 1464 3642 1517 ἀπὸ
3685 1484 3785 1535 φω-

2195 1546 2301 1599 νῶν
2338 1548 2513 1617 ἀγὶων
2533 1565 2547 1578 ο
2580 1548 2690 1602 ἀπὸ
2721 1551 3013 1621 συνοδικῆς
3048 1554 3415 1624 ὲκιρωνήσεως

557 1628 848 1695 Quomodo
905 1629 1135 1701 physico
1178 1628 1478 1701 dogmate?
1515 1630 1789 1699 Quoniam
1841 1642 1955 1687 haec
1996 1648 2090 1687 na-

2267 1639 2391 1701 Πῶς
2424 1641 2533 1695 ἀπὸ
2559 1641 2795 1711 φυσικοῦ
2864 1643 3178 1715 δόγματοςς
3240 1648 3366 1701 Ὅτι
3428 1647 3573 1720 αὕτη
3636 1649 3787 1719 φύσις

486 1728 611 1774 tura
653 1732 737 1776 est
783 1721 1039 1790 corporis
1068 1730 1131 1776 ut
1163 1729 1375 1777 tactum
1417 1731 1474 1777 et
1503 1724 1745 1778 colorem
1774 1722 2034 1777 admittat
2074 1741 2089 1776 :

487 1811 635 1881 quod
692 1826 822 1866 vero
884 1820 1092 1866 tactum
1141 1822 1197 1867 et
1233 1814 1477 1869 colorem
1506 1813 1768 1879 admittit,
1805 1814 1948 1869 idem
1981 1816 2093 1868 cir-

486 1901 813 1966 cumscribi,
854 1900 958 1957 hoc
988 1910 1092 1968 est,
1123 1902 1176 1955 in
1217 1903 1392 1975 elligie
1419 1903 1683 1959 delineari
1713 1914 1915 1975 potest.
1963 1904 2097 1960 Tale

487 2007 670 2051 autem
724 2011 926 2067 corpus
977 2005 1060 2052 est
1108 1997 1337 2061 Christi,
1390 1999 1851 2068 quemadmodum
1902 2008 1955 2052 et
1994 2015 2095 2052 no-

488 2100 690 2153 struui,
745 2090 1141 2145 contrectabile
1185 2102 1239 2145 et
1295 2091 1628 2145 coloratum.
1674 2091 1755 2147 Ae
1790 2106 1923 2146 sane
1962 2091 2099 2147 scri-

486 2194 642 2253 ptum
675 2191 758 2238 est
792 2200 804 2237 :
848 2182 917 2237 Et
951 2185 1251 2255 quicunque
1277 2185 1565 2254 tetigerunt
1605 2199 1756 2250 eum,
1799 2184 1936 2238 salvi
1963 2185 2096 2254 facti

487 2278 676 2331 sunt’.
731 2275 795 2329 Et
827 2275 959 2330 alibi
1000 2293 1015 2329 :
1050 2274 1121 2328 Et
1178 2277 1328 2345 facta
1380 2286 1458 2330 est
1515 2276 1715 2344 species
1758 2276 1936 2329 vultus
1978 2276 2093 2345 ejus

488 2369 720 2424 altera'.
773 2368 963 2439 Itaque
994 2368 1315 2440 depingitur
1352 2370 1656 2424 secundum
1704 2370 1953 2439 corporis
1983 2368 2096 2423 for-

487 2478 635 2517 mam
669 2480 683 2516 :
734 2462 900 2517 illzesa
935 2461 1154 2516 interim
1187 2462 1401 2515 ratione
1443 2461 1936 2531 incircumscripti,
1971 2477 2096 2532 qnce

486 2551 734 2621 ejusdem
763 2550 1036 2605 divinitati
1062 2552 1322 2621 competit
1358 2568 1372 2605 :
1426 2551 1876 2622 quandoquidem
1912 2566 2097 2621 neque

487 2658 627 2711 ego,
683 2642 810 2696 licet
860 2654 1093 2710 corpore
1149 2640 1635 2709 circumscriptus,
1684 2638 2002 2693 necessario
2042 2647 2097 2691 et

490 2735 796 2789 secundum
851 2733 1122 2795 animum,
1179 2732 1277 2803 qui
1330 2733 1483 2787 cerni
1525 2731 1702 2787 oculis
1739 2731 1949 2801 nequit,
1980 2730 2091 2784 eir-

491 2825 867 2896 cumscriptus
913 2841 1038 2880 sum
1083 2843 1101 2880 :
1149 2841 1367 2896 neque.
1425 2825 1691 2895 quoniam
1740 2838 1942 2890 corpus
1975 2822 2099 2892 qui-

489 2922 612 2976 dem
649 2935 832 2974 nteum
858 2918 1343 2989 circumscriptum
1388 2929 1475 2973 est
1500 2956 1515 2979 .
1547 2917 1767 2971 animus
1806 2924 1987 2968 autem
2018 2914 2095 2966 in-

2200 1731 2453 1802 σὼματος
2502 1734 2616 1806 ἀφῇ
2655 1734 2749 1789 καὶ
2795 1738 2957 1807 χροιᾷ
2985 1738 3319 1793 ὑποπίπτει·
3356 1740 3421 1794 τὸ
3453 1740 3503 1795 δ’
3534 1744 3650 1814 ἀφῇ
3703 1745 3788 1798 καὶ

2198 1828 2358 1897 χροιᾷ
2386 1827 2719 1895 ὑποπίπτον,
2754 1832 3139 1901 περιγραπτόν
3167 1848 3183 1863 ο
3231 1834 3403 1905 ἤγουν
3463 1835 3789 1902 ὲξεικονιζόο

2201 1936 2383 1988 μενον.
2418 1918 2677 1974 Τοιοῦτον
2706 1921 2764 1975 δὲ
2791 1922 2853 1975 τὸ
2878 1923 3041 1995 σῶμα
3075 1924 3169 1978 τοῦ
3202 1927 3475 1998 Χριστοῦ,
3539 1930 3789 2001 καθάπερ

2198 2013 2295 2066 καὶ
2326 2012 2386 2066 τό
2415 2013 2709 2085 ἡμέτερον,
2741 2015 2917 2069 ἀπτὸν
2982 2018 3075 2070 καὶ
3117 2017 3430 2093 ὑπόχροιον.
3505 2023 3623 2076 Καὶ
3668 2024 3790 2093 γοῦν

2198 2104 2531 2177 γέγραπται*
2561 2106 2669 2162 Καὶ
2700 2106 2837 2162 ὅσοι
2868 2110 2945 2162 ἂν
2972 2090 3237 2177 ἥπτοντο
3263 2112 3454 2179 αὑτοῦ,
3472 2090 3790 2176 ἐσώζοκτο.

2202 2197 2311 2249 Καὶ
2340 2196 2569 2269 ἑτέρωθι
2591 2196 2734 2253 ’Καὶ
2758 2198 2999 2269 ἐγένετο
3032 2200 3098 2255 τὸ
3132 2198 3295 2268 εἶδος
3322 2205 3434 2259 τοῦ
3461 2210 3792 2274 προσώπου

2198 2289 2388 2343 αὑτοῦ
2410 2289 2637 2357 ἕτερον.
2702 2290 2915 2346 Οὐκοῦν
2976 2294 3316 2365 ἐγγράφεται
3366 2299 3517 2351 κατὰ
3580 2301 3675 2353 τὸν
3704 2300 3792 2354 τοῦ

2203 2379 2456 2450 σώματος
2486 2383 2815 2454 χαρακτῆρα
2842 2400 2857 2416 σ
2888 2385 3059 2457 μηδὲν
3097 2389 3386 2453 πεπονθὼς
3421 2393 3507 2454 είς
3537 2392 3600 2445 τὸ
3665 2394 3793 2446 ἀπε-

2203 2473 2507 2544 ρίγραπτον
2538 2473 2707 2527 αὑτοῦ
2748 2476 2849 2545 τῆς
2890 2476 3149 2547 θεότητος
3179 2496 3191 2509 ·
3218 2480 3301 2532 ὅτι
3340 2482 3483 2552 μηδὲ
3525 2483 3642 2551 ἐγὼ
3692 2485 3795 2537 σὼ·

2204 2584 2337 2636 ματι
2369 2569 2881 2639 περιγραφόμενος,
2933 2568 2993 2637 ἐξ
3045 2572 3295 2641 ἀνάγκης
3361 2575 3459 2627 καὶ
3514 2576 3665 2629 κατά
3700 2579 3794 2647 τὴν

2200 2658 2430 2712 ἀθέατον
2514 2658 2693 2731 ψυχὴν
2756 2664 3366 2735 συμπεριγέγραμμαι·
3434 2668 3579 2733 οὐδὲ,
3614 2671 3795 2741 ἐπειδὴ

2200 2752 2262 2805 τὸ
2320 2752 2420 2822 μὲν
2498 2753 2660 2823 σῶμά
2764 2772 2866 2825 μου
2936 2758 3317 2829 περιγραπτδν
3351 2799 3368 2827 ,
3418 2761 3451 2832 ἠ
3540 2762 3597 2815 δὲ
3655 2762 3795 2833 ψυχὴ

2201 2845 2638 2915 ἀπερίγραπτος·
2674 2848 2703 2899 ὁ
2734 2842 2815 2911 εἷς
2877 2849 2959 2912 εἰς
3002 2850 3096 2902 δύο
3120 2850 3413 2922 τέτμηται.
3435 2852 3600 2908 Οῦτω
3623 2856 3799 2926 πολλῷ

2207 2935 2407 3006 μᾶλλον
2439 2937 2562 2990 οὐδὲ
2594 2939 2830 3010 Χριστὸς
2854 2941 3031 3012 τομὴν
3052 2942 3085 3013 ἢ
3107 2942 3375 3014 διαίρεσιν
3392 2945 3695 3013 ὑφίσταται
3716 2948 3799 3001 διὰ

490 3016 992 3085 circumscriptus:
1052 3028 1200 3069 unus
1256 3013 1313 3068 in
1381 3012 1521 3067 duos
1570 3011 1784 3066 divisus
1836 3017 1941 3063 est.
2003 3004 2094 3060 Sic

2212 3029 2259 3081 τὸ
2289 3029 2715 3095 ὲξεικονίζεσθαι
2750 3033 2916 3087 αὑτὸν
2973 3035 3275 3106 σωματικῷ
3330 3042 3674 3111 χαρακτῆρι.

491 3110 668 3165 multo
701 3109 877 3180 magis
907 3123 1009 3162 nec
1032 3105 1289 3162 Christus
1322 3104 1671 3174 partitionem
1698 3102 2097 3157 divisionemve

502 3210 734 3281 patitur,
764 3222 831 3262 eo
864 3205 1009 3277 quod
1044 3203 1320 3275 corporali
1352 3202 1527 3257 forma
1556 3201 1891 3272 depingitur.

562 3301 850 3368 Quomodo
886 3300 957 3353 ab
994 3298 1225 3353 historia
1257 3294 1483 3351 vetere?
1509 3294 1783 3360 Quoniam
1816 3292 2109 3347 universus

2285 3300 2409 3364 Πῶς
2434 3301 2540 3355 ἀπὸ
2576 3303 2810 3375 ἀρχαίας
2840 3305 3123 3375 ίστορέαςς
3162 3306 3287 3358 Ὅτι
3346 3309 3380 3379 ἡ
3431 3308 3528 3361 ὑπ’
3573 3312 3801 3382 οὐρανὸν

492 3394 641 3454 orhis
684 3394 753 3447 ab
797 3393 920 3464 ipso
963 3391 1172 3447 Christi
1213 3405 1448 3445 ascensu
1494 3387 1863 3446 venerandam
1927 3386 2094 3457 ipsius

2212 3391 2305 3444 ἀπ’
2331 3391 2503 3461 αὐτῆς
2529 3392 2855 3463 ἀναλήψεως
2886 3394 3152 3463 Χριστοῦ,
3208 3396 3309 3465 τὴν
3367 3399 3581 3468 σεπτὴν
3634 3402 3798 3457 αὐτοῦ

494 3487 789 3558 imaginem
823 3487 876 3540 in
909 3485 1083 3541 sacris
1114 3483 1333 3554 templis
1374 3483 1650 3553 depictam
1704 3482 1948 3537 exhibet.
1987 3476 2094 3545 Qut

2212 3483 2396 3536 εἰκόνα
2430 3485 2489 3536 ὲν
2514 3487 2627 3548 τοῖς
2655 3486 2824 3555 ἱεροῖς
2854 3489 3007 3550 ναοῖς
3065 3487 3536 3560 ἐγγεγραμμένην
3584 3493 3805 3547 ὑποδεῖ-

496 3581 621 3647 quid
653 3594 775 3634 esse
795 3579 970 3648 possit
1014 3577 1080 3631 ad
1110 3576 1593 3631 demonstrandam
1650 3576 1932 3630 veritatem
1981 3573 2094 3627 illu-

2212 3593 2417 3633 κνυσιν.
2446 3572 2520 3633 Οῦ
2549 3578 2602 3631 τί
2627 3579 2693 3632 ἂν
2725 3580 2937 3648 γένοιτο
2950 3582 3033 3643 είς
3057 3581 3333 3648 ἀπόδειξιν
3356 3582 3622 3654 ἀληθείας
3644 3589 3803 3659 ὲναρ⁴

497 3671 708 3726 atrius?
748 3669 1021 3739 siquidem
1046 3677 1131 3724 est
1149 3668 1370 3738 rcsipsa
1392 3667 1561 3722 multo
1595 3683 1759 3737 quam
1787 3668 1967 3721 oratio
1987 3681 2107 3721 cer-

498 3765 603 3815 tior
630 3805 645 3830 ,
686 3762 1121 3831 locupletiorque
1150 3760 1305 3816 testis
1323 3760 1473 3814 visus
1506 3770 1592 3815 est
1630 3776 1796 3829 quam
1860 3760 2103 3817 auditus.

570 3854 859 3920 Quomodo
892 3870 921 3910 a
948 3864 1269 3908 sanctorum
1299 3852 1565 3907 vocibus?
1594 3851 1867 3918 Quoniam
1896 3851 2101 3907 alicubi

498 3962 629 4002 sane
663 3946 986 4017 coryphaeus
1020 3945 1399 4014 apostolorum
1447 3941 1647 3997 Petrus
1678 3942 1756 3997 ait
1787 3961 1801 3997 :
1845 3961 1863 3994 ι
1913 3940 2105 3996 Profer

500 4039 798 4109 imaginem
837 4038 1056 4092 Domini
1097 4038 1271 4093 nostri
1311 4035 1443 4092 Jesu
1484 4035 1717 4100 Christi,
1759 4044 1815 4089 et
1847 4034 2098 4087 eamdem

502 4129 748 4199 insculpe
810 4131 863 4184 in
916 4130 1177 4184 turricula
1205 4147 1220 4183 :
1252 4137 1312 4183 ut
1356 4127 1663 4198 intelligant
1696 4126 1884 4197 populi
1916 4141 2087 4195 quam

496 4220 598 4277 Dei
628 4220 800 4277 Filius
852 4220 1091 4275 formam
1149 4220 1574 4289 assumpserit‘.
1620 4238 1638 4270 ι
1712 4218 1928 4272 Alicubi
1964 4233 2095 4271 vero

500 4330 737 4385 magnus
792 4314 1031 4370 Basilius
1070 4314 1245 4367 dicit:
1296 4331 1315 4365 ι
1355 4312 1696 4383 Depingatur
1746 4312 1799 4365 in
1835 4310 2018 4365 tabula
2050 4320 2104 4364 et

501 4407 872 4462 certaminum
920 4419 1125 4475 prmses
1156 4404 1469 4460 Christus'.
1510 4423 1529 4455 ι
1581 4404 1794 4471 Quibus
1851 4403 2102 4457 videlicet

501 4515 691 4555 omnes
745 4498 921 4553 sancti
958 4497 1335 4551 consentiunt.

572 4590 863 4660 Quomodo
909 4605 940 4644 a
998 4588 1254 4661 synodica
1322 4587 1760 4643 acclamatione?
1828 4588 2097 4655 Quoniam

501 4700 624 4755 qua:
646 4692 771 4753 post
801 4692 1010 4738 sextam
1038 4680 1433 4737 (ecumeuicam
1479 4682 1745 4751 synodum
1775 4688 2101 4749 congregata

503 4787 607 4840 est,
642 4777 757 4830 haec
796 4776 959 4829 habet
991 4791 1005 4829 :
1045 4795 1063 4824 ι
1100 4772 1364 4829 Jubemus
1382 4774 1663 4843 deinceps.
1699 4773 1818 4825 loco
1848 4772 1971 4839 agni
2007 4786 2101 4825 ve-

507 4873 657 4934 teris,
713 4869 850 4939 erigi
906 4867 1203 4937 imaginem
1249 4866 1467 4921 Domini
1492 4882 1557 4920 ae
1593 4865 1901 4920 Servatoris
1928 4864 2102 4919 nostri

504 4962 629 5017 Jesu
667 4962 870 5018 Christi
890 4962 934 5017 ⁸.

613 5055 671 5110 Si
705 5070 833 5110 vero
880 5054 1121 5108 dixerint
1151 5063 1206 5109 et
1242 5052 1610 5117 lconomaehi,
1647 5051 1838 5107 iisdem
1864 5061 2104 5121 quatuor

506 5146 838 5215 argumentis
863 5160 1022 5199 suum
1070 5146 1313 5213 ipsorum
1362 5143 1561 5212 dogma
1617 5142 1878 5208 stabiliri;
1917 5151 2103 5195 osten-

507 5241 657 5303 dant,
722 5238 959 5305 exempli
1046 5237 1241 5306 gratia,
1296 5236 1349 5288 in
1412 5235 1594 5304 primo
1648 5251 1831 5288 causa:
1873 5233 2049 5303 capite
2084 5275 2099 5299 ,

509 5330 967 5399 quemadmodum
1002 5330 1052 5383 id
1088 5346 1275 5383 verum
1327 5330 1418 5383 sit.
1480 5330 1563 5382 Au
1614 5344 1815 5397 corpus
1866 5330 1974 5382 tale
2007 5328 2098 5382 di-

509 5432 642 5477 cunt
670 5425 827 5492 quale
869 5424 1073 5477 veritas
1102 5423 1370 5487 exhibuit,
1426 5423 1651 5475 annon?
1693 5423 1748 5474 Si
1810 5424 2088 5477 enimvero

510 5514 650 5579 tale;
686 5516 765 5569 vel
794 5515 949 5568 inviti
979 5513 1386 5568 conﬁtebuntur
1412 5513 1629 5583 depingi
1678 5512 1979 5566 Christum.
2028 5512 2086 5566 Si

582 5692 817 5745 ‘Matth.
852 5708 961 5755 xw,
992 5693 1083 5746 36.
1184 5694 1204 5724 ³
1245 5690 1378 5746 Luc.
1440 5708 1517 5754 ix,
1570 5690 1660 5743 29.

510 5788 535 5823 π
556 5770 706 5821 ()rat.
736 5772 787 5814 tu
824 5762 879 5815 S.
906 5763 1180 5821 liarlaam.
1260 5766 1278 5795 ⁶
1322 5764 1524 5835 Synod.
1558 5760 1729 5815 'l‘l'ull.
1754 5776 1870 5814 can.
1900 5760 1986 5814 82.

623 5860 686 5927 t')
719 5858 1057 5925 Dogmatiea.

2206 3669 2507 3741 γέστερον;
2546 3669 2707 3744 εἴπερ
2733 3672 2894 3743 ἔργον
2918 3672 3080 3741 λόγου
3117 3671 3504 3746 βεὸαιότερον,
3549 3680 3647 3733 καὶ
3701 3681 3801 3750 όφ-

2207 3764 2414 3835 θαλμὸς
2444 3767 2655 3837 μάρτυς
2679 3766 2849 3837 ἀκοῆς
2878 3765 3354 3838 ἀξιοπιστότερος.

2283 3859 2404 3923 Πῶς
2437 3860 2545 3913 ἀπὸ
2575 3859 2770 3929 φωνῶν
2794 3860 2964 3928 ἁγίων
2990 3860 3153 3927 ;”Οτι
3179 3860 3284 3915 ποῦ
3316 3862 3419 3931 μὲν
3443 3862 3473 3915 6
3499 3868 3805 3936 κορυφαῖος

2204 3951 2315 4003 τῶν
2355 3951 2672 4004 ἀποστόλων
2734 3951 2943 4019 Πέτρος
2994 3948 3184 4019 λέγει’
3252 3970 3272 4003 ι
3319 3950 3647 4022 Ἐξένεγκον
3703 3956 3804 4021 τὴν

2205 4045 2393 4097 εἰκόνα
2426 4042 2520 4096 τοῦ
2552 4044 2760 4116 Κυρίου
2795 4042 2954 4115 ήμῶν
2997 4042 3172 4112 Ἰησοῦ
3205 4043 3467 4114 Χριστοῦ,
3511 4047 3611 4099 καὶ
3652 4048 3805 4100 ἐντύ-

2205 4151 2390 4187 πωσον
2414 4134 2587 4205 αὐτὴν
2623 4135 2681 4185 ὲν
2702 4133 2781 4203 τῷ
2839 4134 3138 4205 πυργίσκῳ
3162 4149 3177 4163 ·
3211 4135 3301 4188 ἵνα
3334 4134 3518 4187 ἴδωσιν
3573 4139 3627 4189 οί
3683 4137 3807 4191 λαοὶ

2205 4225 2325 4278 οἵαν
2358 4225 2574 4295 μορφὴν
2600 4224 2862 4277 ἀνέλαϐεν
2891 4228 2919 4278 ὁ
2944 4225 3072 4289 Υἱὸς
3097 4225 3193 4278 τοῦ
3228 4225 3393 4278 Θεοῦ·
3430 4245 3452 4277 ›
3503 4227 3612 4281 ποῦ
3666 4229 3727 4283 δὲ
3776 4232 3805 4282 ὁ

2209 4318 2383 4387 μέγας
2419 4315 2698 4378 Βασίλειος
2724 4316 2923 4383 φάσκει
2957 4331 2971 4346 ο
3002 4336 3022 4368 ι
3071 4316 3471 4387 Ἐγγραφέσθω
3500 4317 3580 4388 τῷ
3610 4320 3804 4373 πίνακι

2205 4409 2301 4461 καὶ
2331 4408 2359 4460 6
2386 4405 2495 4459 τῶν
2526 4405 2929 4476 παλαισμάτων
2953 4404 3304 4476 ἀγωνοθέτης
3328 4405 3592 4475 Χριστός.
3633 4427 3653 4459 ι
3706 4405 3806 4473 Οἷς

2208 4497 2672 4569 συνομοφρονοῦσι
2693 4496 2892 4570 δηλαδὴ
2908 4498 3107 4561 πάντες
3134 4499 3183 4551 oi
3205 4497 3374 4566 ἀγιοι.

2281 4590 2401 4653 Πῶς
2430 4588 2539 4643 ἀπὸ
2572 4589 2856 4659 συνοδικῆς
2888 4590 3251 4659 ὲκφωνήσεως
3274 4605 3289 4655 ;
3310 4590 3433 4643 Ὀτι
3463 4592 3499 4661 ἡ
3532 4592 3675 4662 μετά
3704 4592 3807 4663 τὴν

2206 4683 2374 4753 ἕκτην
2416 4681 2805 4753 οἱκουμενικὴν
2873 4680 3094 4735 σύνοδον
3142 4682 3623 4753 συναθροισθεῖσα,
3670 4686 3803 4737 τάδε

2208 4776 2400 4847 φησίνο
2444 4794 2462 4825 ι
2509 4775 2798 4847 ὐρίζομεν
2819 4776 2995 4828 τοίνυν
3022 4774 3133 4828 ἀπὸ
3155 4773 3246 4828 τοῦ
3274 4775 3394 4838 νῦν,
3421 4777 3545 4829 ἀντὶ
3574 4777 3667 4830 τοῦ
3694 4796 3806 4831 πα-

2206 4867 2359 4921 λαιοῦ
2385 4866 2583 4938 ἀμνοῦ,
2617 4866 3059 4939 ἀναστηλοῦσθαι
3086 4866 3187 4937 τὴν
3245 4867 3436 4921 εἰκόνα
3459 4868 3557 4922 τοῦ
3586 4871 3802 4940 Κυρίου

2208 4959 2302 5013 καὶ
2354 4957 2611 5028 Σωτῆρος
2643 4957 2803 5029 ἡμῶν
2842 4955 3019 5029 Ἰησοῦ
3050 4955 3313 5027 Χριστοῦ.

2280 5050 2343 5102 El
2371 5050 2428 5102 δὲ
2460 5048 2673 5118 λέγοιεν
2696 5051 2792 5104 καὶ
2828 5051 2877 5103 οἱ
2902 5049 3263 5120 Εἰκονομάχοι
3304 5049 3425 5112 ταῖς
3449 5048 3645 5110 αὑταῖς
3669 5050 3803 5103 τέσ-

2208 5160 2402 5211 σαρσιν
2433 5141 2725 5195 ὑποθέσεσι
2767 5143 2829 5196 τὸ
2874 5142 3085 5195 ἑαυτῶν
3124 5141 3417 5212 κρατύνειν
3447 5140 3645 5213 δόγμα·
3682 5141 3805 5195 δειο

2207 5235 2454 5300 ξάτωσαν
2474 5228 2586 5287 οἷον
2616 5234 2710 5287 ἐπὶ
2733 5234 2828 5287 τοῦ
2860 5233 3080 5305 πρώτου
3102 5231 3420 5303 κεφαλαίου,
3448 5234 3599 5296 ὅπως
3616 5231 3799 5288 τοῦτο.

2206 5329 2443 5398 Πότερον
2502 5325 2665 5397 σῶμα
2691 5326 2937 5381 τοιοῦτον
2968 5325 3221 5395 λέγουσιν
3270 5318 3384 5378 οἷον
3433 5325 3714 5391 ὑπέδειξεν
3760 5328 3797 5397 ή

2204 5419 2453 5489 ἀλήθεια,
2498 5418 2619 5489 ἢοῦ
2643 5435 2657 5485 ;
2682 5420 2745 5472 Et
2781 5418 2882 5489 μὲν
2910 5417 3176 5482 τοιοῦτον,
3211 5416 3306 5469 καὶ
3340 5415 3418 5485 μὴ
3453 5414 3797 5487 βουλόμενοι,

2199 5509 2726 5581 συνομολογήσουσιν
2781 5505 3207 5575 ὲξεικονίζεσθαι
3249 5505 3511 5577 Χριστόν.
3553 5506 3616 5560 Ei
3645 5505 3701 5560 δὲ
3734 5507 3799 5561 οὐ

1773 5689 1791 5719 ⁸
1824 5689 1879 5742 1η
1902 5688 2046 5769 Πιςὶια
2100 5689 2159 5746 S.
2222 5688 2520 5756 Pancratii,
2555 5687 2698 5769 apud
2761 5684 3107 5752 Bollandum,
3158 5699 3348 5741 mense
3396 5684 3593 5757 Aprili,
3629 5686 3716 5743 die
3738 5686 3795 5741 3.
