3934 6496
199 467 348 530 1305

1407 467 1946 530 EPISTOLARUM
2009 469 2162 535 LIB.
2194 473 2279 533 ΙΙ.

3148 0 3496 12 7_________

3148 0 3496 12 7_________

3341 471 3480 538 1306

193 584 467 641 τοιοῦτον·
525 582 854 654 λειπόμενόν
904 583 1022 637 ἐστι
1072 582 1296 647 πάντως
1361 585 1545 652 λέγειν
1603 585 1764 638 αὐτοῦ

1870 626 1880 648 ,
1907 601 2036 642 vero
2067 587 2177 643 tale
2204 604 2312 644 non
2342 598 2426 644 est
2458 608 2472 655 ;
2508 588 2780 661 reliquum
2826 590 3055 644 omnino
3082 600 3166 644 est
3194 598 3252 643 ut
3297 591 3486 647 dicant

195 681 412 750 ἁναφές
455 696 516 732 τε
564 678 664 731 καὶ
715 677 962 748 ἄχροιον·
1000 675 1208 730 τούτων
1237 676 1346 748 γὰρ
1401 677 1567 747 μέσον
1609 677 1784 731 οὐδέν·

191 779 273 838 ὡς
293 776 414 830 οὐδὲ
445 774 634 828 ὲνύλου
668 774 763 827 καὶ
790 773 979 840 ἁΰλου,
1006 775 1287 846 ὁρωμένου
1307 789 1366 826 τε
1396 771 1494 828 καὶ
1523 775 1782 846 ἀοράτου.

193 871 272 924 Τὸ
287 871 344 923 δὲ
369 866 613 922 τοιοῦτον
639 867 993 937 ἀνειληφέναι
1024 867 1118 922 τὸν
1139 865 1378 939 Χριστὸν
1399 867 1562 938 σῶμα
1579 866 1783 935 λέγειν,

192 961 542 1030 Μανιχαίων,
599 960 824 1030 δοκήσει
873 961 971 1014 καὶ
1013 961 1299 1033 ’φαντασία
1345 961 1447 1032 τὴν
1515 961 1786 1032 σωτήριον

191 1055 438 1124 Χριστοῦ
468 1055 781 1126 οἰκονομίαν
809 1054 1235 1125 φληναφούντων
1257 1053 1613 1124 γεγενῆσθαι.
1657 1055 1783 1108 Ἐπὶ

189 1149 289 1203 τοῦ
319 1149 576 1218 δευτέρου
604 1192 618 1213 ,
668 1148 775 1202 κᾶν
805 1149 960 1201 αὑτοί
992 1149 1242 1201 σιωπῶσι
1287 1147 1389 1218 τὴν
1422 1147 1702 1217 ἀλήθειαν,
1733 1149 1782 1200 οἱ

189 1241 333 1294 λίθοι
364 1241 759 1311 κεκράξονται,
795 1241 898 1312 τὴν
929 1241 1020 1309 ὑφ’
1047 1240 1184 1311 ἡλίῳ
1216 1242 1284 1311 τῇ
1335 1241 1505 1294 εἰκόνι
1537 1239 1780 1310 Χριστοῦ

189 1331 760 1403 περιαπράπτεσθαι.
802 1331 927 1384 Ἐπί
950 1330 1044 1384 τοῦ
1074 1331 1280 1402 τρίτου·
1313 1332 1372 1384 οἰ·
1386 1330 1460 1398 τῷ
1495 1331 1782 1401 κορυφαίῳ

188 1424 419 1494 Πέτρῳ,
456 1423 550 1476 καί
581 1423 659 1493 τῷ
691 1423 916 1494 μεγάλῳ
953 1423 1221 1493 Βασιλείῳ
1257 1421 1779 1492 ἀντιδιατιθέμενοι,

185 1517 290 1586 τῆς
320 1515 492 1586 αὐλῆς
532 1513 770 1585 Χριστοῦ
800 1515 1150 1568 παντάπασιν
1192 1513 1491 1584 ἀλλότριοι.
1532 1513 1658 1566 Ἐπὶ
1683 1512 1780 1566 τοῦ

184 1609 476 1680 τετάρτου·
527 1610 559 1681 ἡ
607 1611 665 1661 έν
714 1607 1051 1678 Βλαχέρναις
1097 1608 1230 1676 παρ’
1274 1607 1461 1670 αὐτοῖς
1507 1606 1778 1678 λεγομένη

186 1702 406 1766 σύνοδος
437 1702 582 1755 κατὰ
609 1701 710 1770 τῆς
745 1700 956 1763 εἰκόνος
991 1700 1269 1772 Χριστοῦ,
1311 1698 1446 1753 πολὺ
1485 1716 1782 1769 μεταγενε-

184 1796 356 1866 στέρα
398 1795 499 1864 τῆς
549 1793 687 1864 μετά
738 1793 839 1865 τὴν
887 1792 1058 1865 ἕκτην
1090 1792 1580 1863 συναθροισθείσης
1634 1792 1779 1864 ὑπὲρ

180 1889 284 1957 τῆς
309 1887 518 1952 εἰκόνος
551 1885 812 1958 Χριστοῦ.
845 1886 956 1939 Καὶ
987 1887 1019 1956 ἠ
1051 1886 1150 1956 μὲν
1180 1884 1587 1956 ἀποδεδεγμένη
1624 1884 1777 1955 παρά

1890 680 2050 736 iidem
2089 698 2240 737 :non
2274 699 2397 739 esse
2441 683 2572 739 illud
2620 684 2785 739 tactui
2846 693 2942 739 aut
2971 683 3141 739 colori
3159 683 3485 747 obnoxium,

1888 789 2015 828 nam
2051 774 2194 830 inter
2221 776 2336 830 hac
2376 777 2617 831 medium
2673 777 2810 832 nihil
2860 778 3128 842 interest,
3192 785 3254 832 ut
3307 791 3485 847 neque

1888 862 2029 919 inter
2058 863 2110 919 id
2140 865 2286 936 quod
2317 866 2550 921 materia
2614 875 2851 933 constat,
2887 877 2941 922 et
2973 868 3026 923 id
3080 867 3227 939 quod
3285 883 3482 934 expers

1886 956 2127 1013 materia:
2163 967 2293 1017 est:
2334 959 2479 1014 inter
2517 960 2569 1014 id
2599 960 2746 1030 quod
2805 961 3024 1015 videtur
3047 1000 3063 1024 ,
3112 967 3168 1015 et
3239 959 3292 1015 id
3331 961 3479 1030 quod

1886 1048 2055 1103 videri
2089 1050 2297 1121 nequit.
2327 1049 2459 1106 Tale
2493 1062 2678 1107 autem
2741 1053 2923 1108 dicere
2963 1069 2992 1107 a
3039 1052 3261 1108 Christo
3278 1067 3478 1123 corpus

1884 1154 2249 1212 assumptum,
2275 1143 2701 1200 Maniclmorum
2749 1158 2853 1212 est,
2901 1149 3082 1217 specie
3118 1157 3280 1202 tenus
3333 1157 3386 1202 et
3421 1147 3476 1200 in

1884 1236 2267 1305 phantasmate
2298 1238 2593 1300 salutarem
2649 1239 2850 1294 Christi
2884 1239 3359 1310 dispensationem
3397 1240 3477 1293 la-

1885 1336 2026 1383 ctam
2055 1344 2178 1384 esse
2216 1330 2378 1385 stulte
2413 1332 2756 1402 nugantium.
2786 1333 2862 1386 Ad
2911 1333 3208 1387 secundum
3251 1351 3265 1387 :
3300 1347 3476 1402 quan-

1885 1423 2090 1477 tumvis
2121 1423 2201 1478 illi
2229 1424 2514 1480 veritatem
2553 1424 2778 1479 silentio
2837 1438 3114 1494 premant,
3141 1427 3353 1497 lapides
3386 1428 3472 1480 in-

1883 1514 2197 1570 clamabunt
2247 1517 2565 1572 universum
2632 1517 2819 1571 orbem
2855 1516 3055 1572 Christi
3099 1519 3332 1588 imagine
3361 1519 3475 1574 col-

1883 1603 2124 1658 lustrari.
2156 1604 2236 1660 Ad
2273 1605 2491 1661 tertium
2529 1622 2544 1660 :
2587 1605 2680 1676 qui
2720 1607 3012 1678 coryphmo
3064 1605 3244 1671 Petro,
3275 1619 3326 1662 et
3356 1623 3473 1661 ma-

1882 1711 1990 1766 gno
2023 1695 2222 1753 Basilio
2267 1698 2649 1762 adversantur,
2683 1710 2813 1754 sunt
2848 1700 2921 1753 illi
2973 1715 3198 1770 prorsus
3222 1701 3288 1753 ab
3343 1701 3467 1756 ovili

1880 1787 2083 1844 Christi
2145 1789 2332 1846 alieni.
2365 1790 2450 1845 Ad
2517 1803 2777 1862 quartum
2821 1811 2836 1848 ε
2880 1792 3132 1865 Synodus
3164 1793 3250 1847 illa
3307 1809 3468 1863 quam

1882 1881 1970 1936 isti
2008 1882 2060 1937 in
2106 1882 2430 1940 Blachernis
2470 1894 2697 1951 vocant,
2745 1887 3011 1942 adversus
3045 1885 3249 1940 Christi
3279 1887 3467 1958 imagi-

178 1941 297 2043 τοῖς
326 1941 900 2050 πέντευπατριάρχαις·
933 1941 1588 2049 ἡδέάναθεματιζομένη
1622 1941 1764 2048 παρὰ

1879 1990 2002 2028 nem
2039 2015 2054 2040 ,
2118 1975 2292 2030 multo
2346 1976 2624 2046 posterior
2680 1987 2764 2032 est
2809 1993 2872 2033 ea
2926 1993 3049 2048 quae
3091 1989 3211 2049 post
3256 1989 3462 2035 sextam

178 2074 294 2136 τοῖς
332 2072 628 2141 τέσσαρσιν
664 2071 740 2134 ὡς
779 2069 1187 2140 Χριπομάχος.
1238 2067 1474 2121 Ἔπειτα
1505 2067 1601 2121 καὶ
1638 2069 1673 2140 ἡ
1713 2069 1774 2122 έν

177 2163 392 2234 Νικαίᾳ
422 2163 484 2216 τδ
513 2161 790 2235 δεύτερον,
821 2161 898 2225 ὡς
925 2161 1185 2232 ὁμόφρων
1217 2163 1284 2231 τῇ
1313 2159 1454 2230 μετὰ
1475 2159 1575 2230 τὴν
1604 2160 1773 2230 ἕκτην

179 2256 408 2325 συνόδῳ,
440 2254 765 2327 εὐπρόσιτος
787 2253 940 2327 παρὰ
970 2255 1087 2318 τοῖς
1114 2253 1349 2323 πέντε·ή
1375 2251 1430 2304 δὲ
1461 2251 1557 2306 νῦν
1587 2251 1776 2322 ἀθροι-

178 2349 376 2401 σθεῖσα
409 2347 504 2400 ἐπὶ
552 2345 844 2418 βεϐαιώσει
886 2349 987 2418 τῆς
1025 2348 1084 2400 ἐν
1121 2344 1459 2414 Βλαχέρναις
1501 2343 1642 2397 κατά
1673 2345 1774 2414 τῆς

175 2443 388 2504 εἰκόνος
409 2440 670 2512 Χριστοῦ,
704 2441 1053 2502 ἀπόπτυστος
1073 2438 1148 2503 ὡς
1179 2438 1432 2508 κάκείνη.
1468 2436 1618 2507 Λῦτη
1652 2454 1768 2490 τοι-

173 2534 387 2603 γαροῦν
421 2533 688 2604 σύντομος
709 2532 967 2595 ἀπόδοσις
994 2531 1097 2602 τῆς
1120 2529 1400 2602 ἀληθείας,
1427 2529 1522 2582 καὶ
1548 2529 1767 2599 ἔλεγχος

170 2624 286 2678 τῶν
314 2623 597 2677 ἐναντίων.

172 2721 447 2772 adversus
519 2716 812 2786 imaginem
868 2713 1119 2778 Christi;

174 2811 331 2877 tatis,
361 2816 420 2862 et
442 2808 889 2862 adversariorum
918 2804 1218 2860 COttfttlzilit)
1248 2813 1348 2860 est.

430 2899 550 2954 Ol".
587 2927 660 2937 —
689 2897 1043 2965 Ναυκρατίῳ
1080 2896 1292 2961 τέκνῳ.
1327 2895 1516 2966 [υἱ-ια’]

1877 2073 2066 2120 coacta
2100 2075 2187 2120 est
2217 2080 2317 2134 pro
2339 2064 2545 2120 Christi
2581 2067 2839 2137 imagine.
2871 2069 3038 2137 Atqui
3097 2068 3212 2123 haec
3243 2069 3459 2139 quidem

1876 2167 2092 2226 recepta
2125 2166 2209 2214 est
2259 2173 2289 2212 a
2340 2157 2584 2229 quinque
2632 2160 2962 2229 patriarchis
3001 2179 3016 2218 :
3071 2162 3159 2216 illa
3210 2172 3388 2216 autem
3428 2178 3458 2218 a

1874 2258 2115 2319 quatuor
2170 2251 2523 2306 anathemate
2574 2252 2859 2320 damnata,
2917 2264 3179 2324 tanquam
3241 2254 3458 2308 inimica

1875 2341 2114 2398 Christo.
2151 2341 2358 2399 Deinde
2389 2352 2444 2398 et
2487 2342 2706 2398 Nicmna
2760 2346 2956 2411 altera,
2989 2354 3178 2415 utpote
3211 2345 3260 2400 ei
3323 2361 3459 2401 con-

1873 2435 2138 2502 sentiens,
2170 2450 2293 2505 quae
2325 2445 2447 2506 post
2467 2446 2679 2491 sextam
2705 2437 2930 2502 dicitur,
2964 2437 3122 2494 facile
3143 2454 3173 2493 a
3211 2438 3456 2509 quinque

1873 2528 2179 2582 admittitur
2210 2542 2224 2583 :
2265 2543 2390 2598 quae
2420 2543 2550 2584 vero
2582 2546 2728 2585 nunc
2766 2540 3096 2600 congregata
3124 2539 3207 2586 est
3236 2531 3300 2585 ad
3327 2547 3458 2585 con-

1872 2619 2235 2674 ﬁrmationem
2277 2621 2424 2676 illius
2477 2635 2602 2691 qua:
2651 2622 2704 2675 in
2762 2619 3080 2677 Blachernis
3116 2623 3411 2691 appellatur
3438 2663 3454 2686 ,

1193 2712 1552 2779 detestabilis,
1588 2713 1665 2768 uti
1717 2720 1772 2768 et
1810 2711 1923 2778 illa,
1987 2720 2092 2767 est.
2153 2711 2280 2768 llaac
2345 2713 2513 2784 igitur
2555 2713 2962 2784 compendiaria
3017 2713 3287 2783 expositio
3315 2712 3456 2768 veri-

2250 2889 2484 2944 LXXIII.
2519 2920 2591 2932 —-
2618 2890 2914 2945 Naucratio
2966 2895 3102 2962 ﬁlia.

547 3014 624 3064 De
649 3010 836 3062 Leonis
855 3011 1062 3062 Armeni
1089 3011 1481 3061 orthodoxorum
1505 3007 1844 3072 persecutoris
1865 3007 2209 3056 immanissimi
2245 3019 2422 3055 onere.
2457 3007 2662 3067 (ἶλαι-οη.
2697 3022 2757 3056 an
2806 3008 2918 3060 εει.
2940 3022 2987 3056 ιι.
3011 3008 3116 3063 23.)

242 3099 319 3152 Τὸ
357 3099 455 3168 μὲν
513 3097 660 3167 ἱερὸν
704 3096 942 3167 γράμμα
993 3094 1165 3166 φησί·
1230 3091 1402 3159 Φωνὴ
1444 3093 1514 3145 ἐν
1575 3088 1760 3159 Ῥαμᾷ
1790 3098 1835 3155 C

168 3196 448 3264 ἠκούσθη
476 3231 490 3254 ,
535 3189 761 3260 θρῆνος
797 3189 896 3241 καί
950 3187 1209 3256 ὀδυρμὸς
1249 3187 1464 3252 πολύς.
1527 3184 1757 3253 Ῥαχὴλ

168 3287 479 3340 κλαίουσα
508 3283 582 3336 τὰ
609 3280 792 3334 τέκνα
822 3277 1013 3345 αὐτῆς
1031 3319 1046 3343 ,
1079 3277 1178 3330 καὶ
1207 3278 1320 3330 οὐκ
1359 3276 1538 3345 ἤθελε
1566 3291 1757 3342 παρα-

167 3377 496 3446 κληθῆναι.
540 3372 683 3442 Ἐγὼ
701 3372 757 3426 δὲ
781 3373 808 3424 ὁ
827 3371 997 3432 τάλας
1025 3367 1381 3440 μεθαρμόσας
1413 3367 1512 3437 τὴν
1548 3365 1754 3435 φωνὴν,

166 3475 350 3525 ἐκεῖνο
367 3469 433 3522 ἂν
464 3467 693 3529 εἰκότως
724 3465 1020 3535 φράσαιμι·
1050 3462 1239 3531 Χαρᾶς
1262 3460 1555 3528 εὐαγγέλια
1586 3457 1754 3529 ἡκού-

169 3563 276 3632 σθη
329 3563 462 3633 ἡμῖν
492 3558 644 3630 παρὰ
675 3557 778 3627 τῆς
815 3553 1128 3627 τιμιότητός
1166 3569 1258 3604 σου
1280 3567 1295 3581 ·
1331 3553 1418 3619 ἐφ’
1455 3542 1499 3618 ᾧ
1528 3548 1756 3618 σκιρτᾷν

166 3653 339 3713 ἔστιν,
379 3650 439 3702 οὐ
476 3650 574 3719 τὴν
601 3648 754 3701 πόλιν
786 3645 964 3715 τήνδε,
1002 3647 1035 3714 ἦ
1066 3643 1246 3714 τήνδε·
1291 3641 1428 3695 ἀλλά
1459 3640 1642 3710 σχεδὸν
1673 3640 1755 3691 εἰ-

165 3747 296 3798 πεῖν
327 3745 544 3797 ἃπασαν
572 3741 673 3811 τὴν
705 3740 797 3792 ὑπ’
829 3739 1059 3809 οὐρανόν
1086 3753 1096 3764 ·
1127 3736 1211 3788 ὃτι
1261 3731 1477 3786 καθεῖλε
1507 3731 1713 3801 Κύριος
1735 3768 1751 3794 ,

162 3841 226 3892 οὐ
254 3837 348 3889 τδν
379 3834 535 3903 Σηὼν
569 3831 790 3904 βασιλέα
815 3830 924 3883 τῶν
971 3827 1335 3898 Ἀμορραίων·
1366 3825 1487 3878 οὐδὲ
1523 3825 1614 3876 τὸν
1653 3823 1754 3889 Ὢγ

165 3927 401 4000 βασιλέα
430 3925 528 3995 τῆς
590 3922 792 3987 Βασάν,
851 3920 1092 3990 βασιλεῖς
1129 3916 1362 3989 μικροὺς
1387 3956 1401 3978 ,
1433 3915 1529 3968 καὶ
1557 3913 1755 3984 μικρὸν

167 4024 341 4092 μέρος
365 4019 464 4087 τῆς
491 4016 817 4087 οἰκουμένης
833 4013 1205 4072 ὲκθλίδοντας·
1231 4007 1367 4060 ἀλλά
1397 4007 1490 4059 τὸν
1517 4005 1752 4075 νεοφανῆ

161 4117 261 4169 καὶ
297 4112 474 4183 μέγαν
499 4112 787 4182 δράκοντα,
825 4105 920 4160 καὶ
955 4101 1155 4174 πολλὴν
1178 4099 1509 4169 οἰκουμένην
1539 4097 1755 4167 λη’ἰξον-

159 4226 252 4261 τα·
290 4209 386 4260 τὸν
435 4204 647 4259 σκολιὸν
677 4203 800 4269 ὄφιν
847 4199 945 4252 καὶ
985 4194 1278 4267 συρίζοντα
1327 4192 1622 4263 βλάσφημα
1649 4204 1663 4219 ⁸
1695 4187 1757 4241 τὸ

163 4300 448 4371 βδέλυγμα
476 4297 575 4366 τῆς
604 4291 958 4364 ἐρημώσεως·
992 4288 1055 4340 τὸ
1090 4284 1286 4347 σκεῦος
1315 4284 1415 4352 τῆς
1442 4282 1633 4352 ὀργῆς·
1664 4281 1756 4333 τὸν

1977 3089 2271 3143 Sacrarum
2310 3090 2612 3142 litterarum
2645 3091 2807 3143 verba
2852 3099 3023 3144 sunt:
3063 3090 3172 3144 Vox
3200 3094 3253 3144 in
3288 3091 3454 3148 Ranta

1860 3183 2046 3235 audita
2076 3193 2177 3246 est,
2205 3184 2450 3252 ploratus
2490 3192 2540 3235 et
2574 3183 2814 3236 ululatus
2849 3184 3045 3238 multus
3075 3201 3095 3240 :
3124 3182 3318 3240 Rachel
3346 3188 3454 3257 plo-

1857 3292 1982 3328 rans
2012 3275 2152 3340 ﬁlios
2217 3291 2363 3340 suos,
2394 3285 2445 3329 et
2493 3277 2662 3328 noluit
2715 3277 2987 3329 consolari
3028 3278 3083 3332 ⁷.
3144 3276 3258 3349 Εεο
3311 3295 3443 3334 vero

1857 3366 2042 3421 infelix
2074 3382 2208 3422 voce
2240 3377 2595 3433 commutata,
2623 3369 2750 3438 jure
2794 3369 2925 3423 illud
2960 3370 3224 3425 dixerim:
3256 3369 3450 3429 Gaudii

1855 3459 2031 3514 fausta
2065 3462 2255 3514 nuntia
2288 3462 2446 3516 nobis
2475 3461 2659 3515 audita
2694 3473 2823 3516 sunt
2853 3479 2919 3516 ex
2952 3465 3269 3531 reverentia
3325 3477 3440 3530 tua,

1854 3570 2088 3624 quorum
2109 3556 2282 3625 gratia
2313 3556 2575 3623 exsultet,
2639 3572 2745 3610 non
2785 3557 2979 3612 civitas
3012 3558 3128 3613 haec
3177 3568 3272 3613 aut
3324 3561 3445 3624 illa,

1853 3647 1948 3700 Sed
2000 3662 2168 3717 prope
2198 3648 2375 3702 dicam
2434 3664 2557 3718 qua:
2611 3650 2715 3703 sub
2749 3649 2889 3704 caelo
2952 3661 3081 3706 sunt
3145 3653 3442 3720 universae;

1853 3735 1980 3804 quia
2025 3735 2246 3789 sustulit
2284 3734 2572 3803 Dominus,
2636 3751 2745 3790 non
2796 3737 2975 3792 Sehon
3017 3754 3198 3809 regem
3250 3741 3449 3794 Amor-

1853 3827 2150 3891 rhaaorum,
2185 3843 2364 3896 neque
2402 3826 2482 3897 Og
2518 3844 2702 3898 regem
2770 3827 2972 3897 Basan,
3005 3846 3162 3902 reges
3221 3849 3441 3904 parvos,

1853 3927 1908 3973 et
1935 3934 2156 3988 parvam
2192 3919 2342 3974 orbis
2402 3929 2611 3987 partem
2671 3931 2934 3977 vexantes
2987 3923 3059 3990 ⁸;
3121 3923 3213 3979 sed
3273 3937 3445 3996 nuper

1853 4023 2104 4067 exortum
2138 4028 2395 4083 magnum
2423 4013 2741 4078 draconem,
2774 4023 2831 4070 et
2861 4032 3112 4086 magnam
3140 4019 3286 4072 orbis
3316 4036 3443 4090 par-

1855 4112 1962 4157 tem
1994 4103 2345 4174 populantem
2374 4121 2389 4158 :
2417 4113 2727 4160 tortuosum
2753 4114 3063 4174 serpentem
3107 4119 3161 4161 et
3189 4109 3443 4179 blasphe-

1856 4210 1942 4248 ma
2012 4196 2322 4248 sihilantem
2352 4233 2370 4259 ,
2434 4194 2896 4248 abominationem
2942 4195 3318 4261 desolationis,
3345 4213 3443 4254 vas

1855 4287 1968 4350 irai,
2017 4287 2188 4341 ﬁlium
2217 4286 2437 4349 'l'abeel,
2474 4301 2541 4340 ne
2596 4287 2772 4340 dicam
2821 4285 3131 4354 Caballini,
3191 4300 3441 4359 nepotem

161 4393 280 4444 υἱὸν
333 4389 432 4442 τοῦ
489 4385 742 4457 Ταὸεηλ·
791 4384 881 4436 ἵνα
920 4382 995 4452 μὴ
1041 4380 1184 4448 λέγω
1233 4374 1612 4432 Καϐαλλίνου·
1663 4372 1755 4424 τὸν

1870 4379 2062 4443 Achab,
2092 4377 2293 4432 Juliani
2312 4379 2612 4449 exemplar,
2641 4379 3098 4448 complementum
3123 4381 3272 4444 mali,
3305 4397 3441 4435 con-

158 4482 440 4550 ἀπόγονον
465 4480 560 4532 τοῦ
601 4448 828 4548 Ἀγαάθ
856 4448 932 4528 τὸ*
950 4448 1318 4544 ὲξεμπλάριον
1355 4464 1662 4522 Ἰουλιανοῦ·
1692 4463 1753 4518 τὸ

1870 4473 2208 4525 lumeliosum
2244 4471 2296 4526 in
2328 4448 2628 4538 Christum,
2661 4471 2909 4542 Deiparae
2963 4472 3200 4540 hostem,
3247 4475 3440 4530 adver-

160 4574 444 4643 πλήρωμα
474 4569 569 4622 τοῦ
611 4566 850 4638 πονηροῦ
869 4581 885 4596 ⁸
919 4566 1013 4619 τὸν
1044 4561 1308 4635 ὑδριστὴν
1353 4556 1590 4629 Χριστοῦ
1616 4571 1629 4584 '
1659 4555 1751 4608 τὸν

160 4664 358 4736 ἐχθρὸν
391 4661 492 4730 τῆς
538 4659 801 4714 Θεοτόκου
825 4675 840 4688 ·
885 4659 977 4709 τὸν
1029 4653 1322 4709 ἀντίπαλον
1350 4651 1460 4702 τῶν
1491 4649 1749 4736 ἁπάντων

158 4735 358 4821 ἁγίων.
393 4742 496 4800 Ὧν
523 4747 633 4816 γὰρ
664 4747 793 4806 τοὺς
824 4745 1058 4805 σεπτοὺς
1082 4741 1434 4812 χαρακτῆρας
1470 4735 1655 4800 ἐδίωξέ
1685 4754 1745 4790 τε

158 4846 257 4898 καὶ
286 4841 557 4912 ἠφάνισε,
594 4838 837 4907 δηλονότι
875 4834 1086 4889 τούτων
1123 4832 1383 4893 ὀλοτελῶς
1427 4828 1621 4899 ἐχθρὸς
1653 4829 1748 4882 καὶ

158 4935 400 5003 διώκτης
436 4931 828 5002 ἐχρημάτισεν.
883 4924 1441 4996 Εὐφραινέσθωσαν
1474 4924 1526 4974 ol
1569 4925 1747 4988 οὐρα-

158 5033 278 5095 rol,
310 5028 412 5081 καί
450 5024 839 5096 ἀγαλλιᾶσθε)
871 5023 909 5090 ἠ
964 5020 1040 5090 γῆ
1061 5035 1076 5050 ·
1104 5017 1468 5085 ῥανάτωσαν
1511 5015 1586 5067 τὰ
1635 5014 1742 5080 ὄρη

157 5123 547 5191 τλυκασμὸν,
584 5116 683 5172 καί
716 5117 771 5171 ol
793 5113 1012 5180 ,ϐουνοί
1053 5111 1472 5177 δικαιοσύνην.
1517 5107 1743 5159 Πέπτω-

1859 4563 2064 4618 sarium
2099 4572 2415 4617 sanctorum
2435 4565 2699 4618 omnium.
2755 4562 3001 4628 Quorum
3059 4564 3206 4617 enim
3255 4581 3441 4621 sacros

1855 4657 2199 4710 characteres
2259 4666 2576 4723 persecutus
2609 4665 2713 4720 est,
2745 4664 2800 4708 et
2845 4669 2874 4708 e
2937 4655 3119 4708 medio
3178 4656 3436 4722 sustulit;

1853 4762 2042 4802 eorum
2090 4748 2280 4818 procul
2325 4746 2491 4800 dubio
2548 4746 2721 4800 hostis
2777 4746 2997 4814 penitus
3029 4754 3084 4799 et
3124 4756 3439 4813 persecutor

1856 4839 1977 4893 fuit.
2010 4838 2280 4894 Lwtenmr
2316 4839 2429 4892 ειειὶ
2452 4848 2501 4892 et
2547 4837 2771 4891 exsultet
2817 4847 2958 4889 terra
2990 4837 3010 4868 ’
3038 4854 3052 4889 :
3088 4837 3254 4904 [luant
3287 4854 3434 4890 mon-

1854 4940 1931 4986 tes
1956 4919 2322 4997 dulcedinem,
2365 4942 2414 4986 et
2460 4930 2616 4984 colles
2649 4930 2920 4998 justitiam
2959 4927 3004 4959 ⁸⁸
3038 4966 3054 4982 .
3111 4927 3314 4984 Cecidit
3338 4930 3437 4983 ho-

1846 5027 1948 5080 stis
1981 5043 1995 5080 :
2028 5028 2294 5080 contritus
2319 5025 2511 5093 estqui
2550 5038 2646 5076 nos
2674 5022 2916 5076 eaedebat
2944 5037 2957 5074 :
2995 5019 3326 5074 Obstructum
3356 5033 3433 5077 est

1845 5134 1903 5172 os
1936 5119 2150 5188 loquens
2181 5119 2364 5186 iniqua
2397 5117 2436 5147 ¹¹
2473 5129 2766 5184 ;repressa
2823 5130 3020 5169 manus
3069 5114 3426 5170 Abessalom:

160 5234 257 5269 κεν
280 5217 311 5269 ὁ
339 5212 556 5284 ἐχθρός·
589 5207 878 5280 συνετρίόη
903 5208 931 5259 ό
951 5204 1169 5257 κόπτων
1199 5203 1366 5272 ἡμᾶς.
1412 5196 1742 5267 Ἐνεερράγη

1870 5212 2004 5264 »ει-ιιι
2033 5210 2206 5263 durus
2230 5210 2395 5264 corde
2418 5207 2632 5261 Pharao
2666 5224 2678 5260 :
2716 5216 2770 5260 et
2823 5209 3061 5260 nondum
3104 5208 3238 5262 mihi
3292 5219 3427 5263 tem-

159 5306 363 5372 στόμα
390 5301 630 5358 λαλοῦν
671 5299 867 5352 ἄδικα·
904 5292 1174 5363 ἐπεσχέθη
1205 5291 1327 5360 χεὶρ
1368 5284 1743 5354 Ἀϐεσσαλώμ·

159 5397 373 5467 οἴχεται
399 5396 428 5446 ό
460 5392 886 5464 σκληροκάρδιος
929 5385 1148 5458 Φαραώ·
1184 5384 1278 5437 καὶ
1310 5382 1461 5434 οὔπω
1496 5395 1585 5448 μοι
1624 5394 1749 5430 και-

164 5488 258 5556 ρὸς
305 5486 403 5539 καὶ
431 5484 594 5547 τόπος
637 5485 917 5554 ἐκφράσαι
947 5483 1017 5535 τὰ
1043 5481 1212 5550 ἀκοῆς
1243 5477 1369 5542 ἀξια
1398 5473 1491 5528 τοῦ
1526 5487 1749 5540 παγκα-

163 5581 353 5632 κῖστου
390 5576 705 5648 δράκοντος.

247 5668 460 5722 Ἐκεῖνο
496 5666 555 5719 δὲ
595 5666 892 5738 προσθείην
929 5667 1040 5727 τοῖς
1071 5662 1380 5734 εἰρημένοις
1404 5675 1418 5690 ·
1453 5659 1535 5712 ὅτι
1571 5656 1740 5727 ἐχρῆν

161 5764 254 5817 τὸν
275 5761 595 5829 ἀποστάτην
614 5759 844 5828 τοιούτῳ
865 5757 1052 5827 τρόπῳ
1077 5755 1220 5808 καθὰ
1249 5755 1554 5824 γέγραφας,
1573 5753 1743 5823 ἀπορ-

233 5879 255 5910 ’¹
305 5873 510 5928 Jerem.
555 5869 792 5935 xxxt,15
827 5867 1061 5934 ;Matth.
1091 5883 1126 5920 ιι
1176 5867 1262 5924 18.

168 5945 312 6003 l‘sal.
364 5959 509 6009 uxr,
537 5942 592 5998 5.
700 5942 741 5972 “
771 5941 916 5996 l‘sal.
961 5953 1093 6003 Lxu,
1133 5937 1221 5994 1‘2.

1369 5868 1390 5898 "
1451 5864 1612 5919 Num.
1652 5877 1764 5926 xxi,
1818 5875 1946 5918 xxiv
1971 5869 2027 5915 et
2083 5875 2269 5916 xxxw.

1843 5318 1945 5371 pus
1979 5317 2079 5355 nec
2121 5302 2298 5367 locus,
2333 5310 2394 5355 ut
2439 5299 2626 5354 auditu
2651 5299 2811 5369 digna
2855 5300 3076 5370 eloquar
3095 5301 3163 5354 de
3193 5301 3430 5370 pessimo

1844 5396 2105 5450 dracone.

1921 5655 2033 5710 Hoc
2061 5670 2193 5709 vero
2227 5654 2481 5724 adjiciam
2523 5653 2590 5708 ad
2638 5668 2700 5707 ea
2746 5668 2869 5723 quae
2902 5653 3014 5709 dixi
3064 5671 3079 5707 :
3118 5653 3428 5724 Oportuisse

1850 5756 2156 5818 apostatam
2195 5761 2261 5801 eo
2276 5761 2385 5817 quo
2402 5744 2664 5816 scripsisti
2698 5745 2861 5800 modo
2889 5746 3054 5800 vitam
3073 5745 3422 5819 abrumpere.

2379 5861 2400 5893 ο
2440 5855 2585 5912 Psal.
2618 5870 2738 5923 xcv,
2770 5857 2854 5910 ll.
2966 5857 3009 5889 ¹⁰
3038 5855 3157 5913 Joel
3185 5875 3241 5914 ιιι
3275 5900 3288 5925 ,
3329 5861 3419 5924 18;
