3934 6430
486 359 625 423 1307

1692 365 1755 426 8.
1786 360 2184 426 THEODORI
2223 360 2573 422 STUDIT.’E

3650 351 3783 417 1308

481 473 784 545 Oportebat
868 491 1029 536 noctu
1086 480 1435 538 tenebrarum
1483 479 1657 535 lilium
1697 482 2071 535 occumbere:

2205 473 2340 545 ιῆξαι
2369 472 2467 545 τὴν
2504 473 2674 545 ζωήν.
2706 474 2854 529 Ἔδει
2884 477 2944 530 ὲν
2961 475 3117 531 νυκτὶ
3145 475 3241 531 τὸν
3276 473 3374 528 τοῦ
3408 472 3649 535 σκότους
3672 473 3785 526 υἱὸν

484 573 773 639 oportebat
806 590 929 630 eum
952 617 968 641 ,
1000 576 1095 647 qui
1146 576 1331 631 divina
1364 575 1566 646 templa
1648 576 1982 641 devastarat,
2020 576 2074 629 in

487 660 705 718 Domini
770 666 976 735 templo
1034 667 1269 723 nudatos
1326 668 1382 723 in
1428 683 1489 724 se
1546 668 1758 740 gladios
1804 684 2077 725 cernere:

484 753 772 822 Oportebat
833 756 904 811 ad
959 756 1212 813 divinum
1267 759 1443 816 altare
1506 761 1913 833 confugientem
1969 778 2078 818 non

488 845 738 913 salvari,
771 848 864 917 qui
927 849 1102 906 altare
1142 852 1323 922 ipsum
1388 854 1792 915 destruxerat:
1838 859 1893 912 in
1956 873 2079 913 eam

488 953 713 993 manum
737 980 752 1005 ,
785 957 907 1011 quae
944 953 1172 999 extensa
1208 945 1261 999 in
1304 956 1493 1002 sancta
1528 946 1745 1015 fuerat,
1783 950 2080 1007 sectionem

488 1031 678 1086 inferri
713 1052 726 1087 :
774 1033 830 1088 in
860 1034 1053 1091 fauces
1083 1053 1207 1107 quae
1238 1039 1407 1109 impia
1440 1050 1778 1108 eructarant,
1840 1042 2080 1112 gladium

487 1126 795 1199 distringi:
856 1129 912 1184 in
958 1131 1253 1187 humerum
1317 1133 1438 1204 ejus
1491 1136 1587 1205 qui
1673 1137 2080 1192 contumeliose

487 1218 710 1276 Christo
740 1222 1059 1290 insultabat,
1089 1235 1463 1297 opportunum
1489 1229 1692 1285 vulnus
1748 1230 1920 1302 inﬂigi
1948 1250 1961 1285 :
1986 1245 2084 1300 pro

486 1312 618 1382 justi
638 1316 921 1385 sanguinis
952 1317 1243 1387 effusione,
1275 1321 1541 1392 injustum
1572 1324 1890 1395 sanguinem
1927 1341 2085 1394 spar-

491 1405 545 1475 gi
579 1425 593 1461 :
635 1422 735 1476 pro
800 1412 1044 1467 sectione
1087 1423 1143 1468 et
1179 1414 1537 1472 dilaniatione
1576 1419 1947 1474 membrorum
2000 1430 2085 1473 at-

493 1514 603 1568 que
647 1508 952 1572 tergorum,
997 1505 1173 1563 invisa
1214 1507 1327 1562 Deo
1375 1509 1619 1564 membra
1671 1512 1935 1567 concidi:
1988 1528 2088 1583 pro

495 1601 672 1644 morte
706 1606 895 1648 sancta
921 1595 1142 1665 impiam
1178 1607 1410 1654 mortem
1433 1602 1712 1657 exhiberi:
1757 1612 1813 1658 et
1837 1619 1937 1675 pro
1967 1622 2091 1676 pur-

496 1693 636 1748 pura
700 1687 1028 1743 centonibus
1073 1689 1224 1744 indui
1266 1706 1455 1748 semen
1492 1694 1807 1766 inglorium.
1841 1697 1950 1754 Nec
2000 1716 2090 1755 ve-

498 1787 563 1827 ro
594 1774 663 1829 de
700 1790 831 1831 casu
871 1779 1025 1850 impii
1059 1782 1327 1852 gaudens,
1381 1786 1512 1856 quin
1533 1803 1754 1859 gemens
1784 1800 1838 1845 et
1874 1791 2086 1863 lugens,

2184 567 2611 622 ὲπικαταλαϐεῖν
2644 567 2879 623 θάνατον
2905 585 2920 600 °
2946 570 3055 625 ἔδει
3101 571 3195 626 τὸν
3229 570 3363 634 τοὺς
3409 568 3603 631 θείους
3630 567 3788 629 ναοὺς

2186 659 2586 730 ὲρημὼσαντα,
2623 662 2681 715 ὲν
2728 661 2844 733 ναῷ
2896 664 3106 734 Κυρίου
3156 665 3287 718 ἰδεῖν
3338 662 3409 717 τὰ
3453 662 3585 715 κατ’
3628 658 3786 713 αὐτοῦ

2188 749 2315 820 ξίφη
2343 750 2718 820 γυμνούμενα·
2755 751 2866 805 ἔδει
2896 755 3287 823 προσφυγόντα
3312 752 3399 824 τῷ
3425 751 3565 823 θείῳ
3602 751 3787 804 θυσια-

2188 844 2397 915 στηρίῳ
2427 845 2503 914 μὴ
2537 843 2779 913 σωθῆναι
2804 843 2898 898 τὸν
2931 845 3090 898 τοῦτο
3119 847 3487 914 ἀφανίσαντα·
3523 843 3680 897 κατὰ
3702 843 3791 911 τῆς

2187 939 2269 1001 είς
2321 937 2389 991 ca
2426 937 2559 1005 ἅγια
2612 936 2940 1009 ὲκταθείσης
2992 938 3180 1010 χειρὸς
3225 938 3404 1010 τομὴν
3452 936 3791 1007 ἐπαχθῆναι·

2187 1032 2331 1085 κατά
2356 1030 2451 1084 τοῦ
2474 1031 2747 1102 λάρυγγος
2778 1031 2873 1085 τοῦ
2903 1031 3271 1104 ἑρευξαμένου
3299 1020 3461 1096 ἄθεα,
3513 1032 3793 1102 μάχαιραν

2189 1124 2435 1178 διελάσαι
2457 1139 2470 1153 '
2503 1123 2647 1178 κατά
2672 1123 2768 1177 τοῦ
2806 1123 2961 1194 ῶμου
2994 1123 3091 1178 τοῦ
3119 1124 3474 1194 παλλομένου
3516 1122 3611 1191 ἐφ’
3645 1121 3796 1192 ῦϐρει

2191 1213 2463 1285 Χριστοῦ,
2491 1214 2714 1283 καιρίαν
2737 1214 2951 1287 πληγὴν
2996 1214 3260 1269 ὑποδῦναι
3286 1230 3300 1243 °
3324 1214 3473 1285 ὑπὲρ
3507 1214 3793 1285 ἐκχύσεως

2192 1307 2442 1377 αἱμάτων
2475 1307 2704 1362 δικαίων
2745 1302 2890 1377 αἷμα
2936 1307 3123 1363 ἄδικον
3149 1306 3381 1379 χεοῆναι
3406 1323 3421 1335 ³
3460 1308 3594 1360 ἀντὶ
3625 1305 3797 1376 κοπῆς

2192 1399 2287 1451 καὶ
2324 1398 2545 1469 ξεσμῶν
2588 1398 2768 1469 μελῶν
2798 1399 2893 1453 καὶ
2949 1400 3158 1464 νώτων,
3205 1398 3347 1471 μέλη
3394 1402 3650 1470 κοπῆναι
3686 1401 3795 1452 θεο-

2194 1492 2367 1560 στυγῆ
2388 1507 2402 1522 ·
2437 1492 2561 1545 ἀντὶ
2590 1492 2824 1547 θανάτου
2855 1492 3027 1557 ὁσίου,
3055 1494 3272 1546 ἀνόσιον
3307 1493 3553 1546 θάνατον
3587 1492 3801 1545 ἀποδει-

2194 1580 2426 1653 χθῆναι,
2466 1583 2562 1636 καὶ
2608 1585 2729 1637 ἀντὶ
2761 1584 3097 1655 πορφυρίδος
3153 1584 3323 1656 ῥάκος
3374 1582 3721 1637 ἐνδύσασθαι
3744 1583 3801 1637 τὸ

2195 1675 2392 1744 ἄτιμον
2433 1678 2676 1747 σπέρμα.
2710 1678 2822 1731 Καὶ
2847 1679 2949 1731 οὐκ
2975 1677 3400 1747 ὲπιχαιρόμενος
3429 1676 3514 1747 τῷ
3542 1676 3801 1747 πτώματι

2194 1767 2291 1821 τοῦ
2322 1768 2591 1837 ἀσεϐοῦς,
2616 1770 2741 1823 ἐπεὶ
2786 1773 2880 1824 καὶ
2911 1774 3115 1825 στένων
3146 1770 3242 1823 καὶ
3274 1769 3513 1837 κλαίων,
3549 1768 3802 1841 κωμῳδῷ

500 1872 697 1926 mortis
741 1888 911 1941 genus
933 1874 1130 1945 sugillo
1164 1895 1176 1929 :
1213 1876 1307 1931 sed
1365 1878 1494 1948 quia
1542 1881 1719 1936 malus
1766 1884 1908 1938 male
1940 1861 2089 1955 iper-

2205 1861 2282 1915 τὸν
2306 1862 2508 1932 τρόπον
2529 1861 2624 1915 τοῦ
2653 1862 2886 1917 Θανάτου
2914 1880 2928 1894 ο
2960 1863 3075 1916 ἀλλ’
3129 1863 3213 1916 ὅτι
3252 1862 3425 1926 κακὸς
3454 1863 3661 1925 κακῶς
3705 1864 3804 1916 ἀπ-

500 1963 696 2027 ibit,ut
717 1964 931 2019 veracis
955 1974 1040 2020 est
1080 1967 1348 2023 sententia
1388 1971 1429 2001 "
1460 1987 1473 2023 :
1500 1979 1555 2024 et
1574 1974 1756 2027 omnis
1790 1975 1886 2044 qui
1909 1990 2098 2033 contra

501 2056 674 2113 Deum
752 2065 1006 2128 proterve
1061 2060 1319 2132 insurgit,
1378 2064 1647 2137 condigna
1703 2065 1865 2124 factis
1924 2071 2101 2140 capiet

502 2153 666 2206 etiam
702 2153 810 2207 hic.
846 2152 1089 2208 Necdum
1117 2157 1264 2210 enim
1287 2156 1411 2213 dico
1446 2156 1693 2215 futurum
1717 2170 1773 2217 et
1790 2173 2098 2221 extremum

502 2245 707 2317 ignem,
732 2263 842 2317 quo
858 2250 1378 2306 exterminabuntur
1403 2252 1556 2324 impii
1577 2268 1772 2311 omnes
1802 2266 1857 2312 et
1883 2259 2095 2329 injusti.

504 2340 643 2408 Quid
676 2356 802 2395 vero
836 2351 959 2412 post
997 2342 1153 2399 Ιηιοῖ
1209 2343 1362 2401 Novo
1399 2344 1552 2403 Josia
1577 2362 1719 2419 Opus
1746 2359 1832 2407 est
1855 2391 1871 2418 ,
1914 2353 2023 2422 vel,
2051 2356 2098 2411 si

504 2434 609 2501 vis,
655 2432 885 2491 Joviano
921 2439 1202 2507 quopiam,
1228 2440 1315 2494 vel
1371 2442 1480 2497 alio
1526 2459 1592 2500 ex
1643 2444 1917 2501 similibus
1948 2487 1964 2512 ,
2003 2449 2099 2519 qui

504 2524 725 2581 Domini
784 2527 899 2582 zelo
947 2529 1147 2585 ardens
1179 2570 1196 2597 ,
1238 2531 1447 2600 dejecta
1481 2536 1692 2608 erigere
1732 2540 2098 2607 studeat,di-

506 2620 663 2672 vulsa
703 2632 981 2688 coaptare,
1014 2619 1125 2677 Deo
1151 2623 1377 2680 reddere
1408 2642 1532 2697 quae
1579 2628 1675 2684 Dei
1730 2641 1861 2687 sunt
1894 2633 1939 2665 ¹⁸
1968 2673 1983 2700 ,
2040 2641 2104 2690 ut

507 2710 734 2777 dicitur,
777 2714 1069 2770 restituere
1110 2717 1404 2789 imaginem
1443 2720 1650 2779 Christi
1677 2732 1732 2779 et
1763 2725 2010 2797 Deipara:
2038 2744 2103 2783 ac

512 2806 691 2861 sancti
774 2808 1089 2879 cujusque:
1131 2826 1245 2866 non
1291 2814 1439 2884 quod
1496 2819 1799 2875 conciderit
1856 2836 2102 2892 unquam

511 2900 718 2955 Christi
750 2902 955 2972 imago,
988 2903 1131 2959 absit
1166 2906 1181 2961 ί
1227 2908 1323 2962 sed
1362 2918 1424 2963 ut
1448 2926 1551 2965 nos
1584 2912 1677 2981 qui
1703 2928 1801 2983 per
1848 2914 2103 2985 impieta-

512 3000 624 3049 tem
659 2994 993 3062 cecidimus,
1044 2999 1395 3056 suseitemur.
1449 3000 1591 3057 Eum
1626 2996 1727 3060 nos
1782 3015 2104 3075 peccatores

512 3095 771 3156 optamus
805 3088 1194 3159 imperatorem
1228 3092 1322 3163 qui
1358 3092 1609 3149 videatur
1636 3104 1691 3151 et
1722 3095 1795 3151 sit
1819 3097 2105 3169 piissimus

512 3189 566 3236 et
593 3196 624 3235 a
655 3180 767 3237 Deo
794 3193 1105 3253 promotus.
1137 3183 1206 3240 Et
1230 3188 1277 3241 si
1312 3186 1539 3257 quidem
1565 3189 1638 3243 ita
1683 3190 1796 3258 sit,
1830 3192 2101 3262 optimum

513 3282 570 3328 et
606 3281 812 3330 aeterno
845 3277 1121 3345 praeconio
1174 3277 1584 3335 celebrandum.
1637 3279 1736 3336 Sin
1766 3283 1837 3338 ob
1878 3294 2104 3354 peccata

513 3380 637 3421 mea
676 3381 784 3421 non
829 3369 903 3422 ita
932 3407 948 3434 ,
980 3377 1221 3424 attamen
1244 3385 1345 3425 nos
1376 3370 1452 3426 ita
1488 3372 1541 3425 in
1568 3371 1773 3428 Christi
1804 3374 2109 3433 confessio-

517 3476 584 3516 ne
616 3478 631 3514 ζ
667 3475 776 3516 non
830 3471 1153 3531 spernentes
1208 3477 1429 3519 sacrum
1481 3463 1604 3535 ejus
1644 3480 1945 3535 Carcerem,
2002 3483 2104 3525 nec

516 3553 898 3621 formidantes,
929 3565 1023 3609 aut
1063 3556 1369 3627 quidquam
1415 3572 1529 3629 prae
1588 3557 1701 3615 Deo
1751 3570 2099 3629 metuentes,

515 3658 578 3703 ut
606 3646 752 3703 Deus
774 3649 889 3716 ipse
944 3648 1215 3705 hortatur.
1255 3648 1381 3705 Haec
1408 3652 1635 3707 ostende
1683 3653 2102 3711 confessoribus

517 3739 685 3794 sociis
718 3740 863 3794 tuis:
897 3756 1037 3810 quos
1054 3749 1110 3795 et
1130 3756 1196 3796 ex
1233 3742 1390 3798 nobis
1424 3743 1634 3813 saluta;
1660 3743 1856 3800 deinde
1880 3754 1935 3800 et
1961 3746 2102 3801 ami-

517 3844 615 3885 ουε
641 3838 695 3883 et
724 3831 845 3900 pios
883 3831 981 3901 qui
1006 3832 1102 3887 tibi
1145 3833 1355 3903 probati
1392 3835 1619 3891 fuerint.
1661 3833 1883 3891 Utinam
1950 3836 2104 3909 digni

520 3938 768 3979 essemus
804 3924 1011 3995 quibus
1044 3939 1229 3979 coram
1283 3926 1542 3997 congredi
1592 3926 1806 3983 liceret.
1846 3926 2005 3995 Quod
2057 3929 2107 3986 si

520 4032 631 4072 non
662 4028 743 4074 est
775 4017 871 4072 Dei
906 4019 1183 4082 voluntas,
1213 4028 1386 4083 utere,
1424 4018 1597 4074 frater
1630 4020 1726 4087 mi,
1774 4022 2008 4091 epistola
2044 4030 2108 4079 ut

525 4113 654 4169 hinc
689 4115 872 4170 videas
907 4124 963 4170 et
1018 4116 1280 4171 videaris.
1328 4114 1523 4172 Frater
1554 4125 1684 4173 tuus
1713 4115 1976 4176 Nicolaus
2004 4120 2109 4176 im-

524 4223 693 4278 pense
736 4210 959 4265 salutat.

707 4403 940 4459 LXXIV.
970 4436 1041 4445 —
1065 4405 1319 4461 Michaeli
1347 4407 1653 4476 imperatori
1681 4407 1931 4477 principi.

2198 1955 2425 2022 ολείται,
2454 1954 2530 2019 ὡς
2574 1958 2608 2027 ἡ
2648 1954 2744 2009 τοῦ
2772 1956 3042 2026 ἀψευδοῦς
3064 1957 3375 2025 ἀπόφασις’
3412 1956 3516 2009 καὶ
3544 1954 3661 2019 πᾶς
3684 1973 3804 2008 νεα-

2199 2046 2510 2118 νιευόμενος
2540 2049 2685 2103 κατὰ
2715 2048 2851 2102 Θεοῦ
2886 2048 3163 2119 ἐφάμιλλα
3206 2044 3283 2102 ῶν
3329 2049 3566 2119 ἔδρασεν
3601 2048 3804 2119 ἀπολή-

2198 2139 2359 2211 ψεται
2387 2139 2690 2196 κάνταῦθα.
2733 2139 2901 2195 Οὔπω
2930 2142 3040 2212 γὰρ
3072 2142 3216 2209 λέγω
3245 2142 3306 2194 τὸ
3354 2142 3557 2211 μέλλον
3589 2142 3690 2194 καὶ
3720 2158 3803 2193 τε·-

2198 2231 2447 2287 λευταῖον
2501 2232 2616 2305 πῦρ
2641 2275 2657 2298 ,
2736 2226 2782 2302 ᾧ
2804 2233 3280 2304 δοκιμασοήσεται
3316 2234 3427 2296 πᾶς
3454 2234 3674 2305 ἀσεϐὴς
3713 2233 3804 2287 καὶ

2200 2327 2542 2397 παράνομος.
2573 2325 2640 2378 Τί
2673 2320 2767 2380 οῦν
2794 2326 2932 2398 πρὸς
2955 2325 3157 2393 ταύτας
3185 2326 3332 2379 Νέου
3377 2327 3591 2381 Ἰωσίου
3619 2327 3802 2398 χρεία’

2202 2415 2332 2469 εἰδὲ
2359 2415 2564 2487 βούλει,
2606 2415 2870 2471 Ὶοϐιανοῦ
2894 2434 3062 2482 τινος,
3100 2418 3133 2489 ἢ
3166 2418 3331 2471 ἄλλου
3369 2418 3483 2471 τῶν
3511 2420 3800 2472 τοιούτων·

2202 2509 2261 2572 ὃς
2298 2509 2478 2582 ζηλῶν
2507 2509 2587 2582 τῷ
2633 2510 2847 2581 Κυρίῳ,
2891 2510 3182 2564 σπεύσειεν
3215 2512 3533 2584 ἀνορθῶσαι
3560 2512 3633 2565 τὰ
3673 2528 3807 2565 κατ·-

2202 2599 2561 2670 ερῤαγμένα,
2605 2599 2846 2669 συνάψαι
2876 2600 2947 2654 τὰ
2991 2601 3265 2656 διεστῶτα
3291 2642 3307 2666 ,
3338 2602 3651 2656 ἀποδοῦναι
3682 2602 3804 2673 Θεῷ

2199 2691 2270 2744 τὰ
2299 2689 2396 2743 τοῦ
2427 2690 2587 2760 Θεοῦ,
2614 2691 2676 2745 τὸ
2704 2691 2771 2763 δὴ
2793 2691 3109 2763 λεγόμενον,
3143 2695 3451 2764 ἀναστῆσαι
3478 2696 3582 2765 τὴν
3613 2695 3806 2748 εἰκόνα

2201 2781 2464 2852 Χριστοῦ,
2503 2785 2603 2854 τῆς
2628 2799 2690 2836 τε
2717 2783 3008 2848 Θεοτόκου,
3040 2786 3139 2838 καὶ
3165 2786 3399 2840 ἑκάστου
3445 2787 3559 2839 τῶν
3600 2789 3803 2856 ἀγίωψ

2203 2872 2304 2944 οὐχ
2328 2874 2411 2926 ὅτι
2442 2873 2701 2928 πέπτωκέ
2734 2893 2865 2929 ποτε
2888 2875 2923 2946 ἡ
2951 2875 3190 2947 Χριστοῦ
3222 2876 3411 2942 εἰκὼν,
3442 2877 3657 2944 ἄπαγε·
3692 2876 3807 2931 ἀλλ’

2206 2987 2295 3042 ἵνα
2321 2991 2373 3041 οἰ
2406 2989 2664 3053 πεσόντες
2694 2990 2879 3062 ἡμεῖς,
2912 2993 2982 3061 τῇ
3030 2990 3258 3062 ἀσεϐείᾳ
3281 3032 3297 3057 ,
3327 2985 3806 3063 ἀνασταθείημεν.

2205 3080 2460 3135 Τοιοῦτον
2483 3082 2830 3153 ἐπευχόμεθα
2859 3084 2909 3136 oi
2941 3084 3262 3153 ἁμαρτωλοὶ
3291 3084 3386 3137 καὶ
3423 3085 3671 3154 φανῆναι
3713 3086 3810 3139 καὶ

2208 3173 2426 3228 ἔσεσθαι
2453 3173 2546 3229 τὸν
2574 3174 2967 3229 εὐσεϐέστατον
2988 3173 3220 3245 βασιλέα
3246 3175 3343 3229 καὶ
3368 3175 3811 3246 Οεοπρὸϐλητον.

2209 3267 2318 3322 Καὶ
2347 3268 2397 3321 εί
2434 3268 2533 3339 μὲν
2560 3264 2769 3333 οὕτως,
2803 3265 3028 3337 ἄριστον
3079 3268 3177 3320 καὶ
3220 3268 3300 3331 εἰς
3342 3265 3550 3331 αἰῶνας
3594 3269 3809 3338 ὑμνού-

2210 3377 2393 3432 μενον.
2433 3360 2497 3413 Εἰ
2540 3358 2598 3413 δὲ
2638 3358 2785 3413 κατά
2816 3359 2917 3422 τὰς
2960 3357 3241 3430 ἁμαρτίας
3272 3374 3377 3427 μου
3402 3398 3420 3425 ,
3462 3357 3566 3427 οὐχ
3600 3359 3810 3422 οὕτως,

2206 3451 2344 3508 ἀλλά
2376 3469 2443 3522 γε
2492 3453 2655 3524 ἡμεῖς
2686 3451 2861 3517 οὕτως
2894 3453 2952 3504 ὲν
2986 3453 3052 3522 τῇ
3084 3450 3349 3523 ὁμολογίᾳ
3390 3450 3637 3521 Χριστοῦ
3658 3495 3675 3517 ,
3736 3454 3811 3524 μὴ

2205 3545 2602 3617 ὀλιγωροῦντες
2647 3545 2750 3617 τῆς
2795 3545 2960 3613 ἁγίας
3009 3544 3176 3599 αὑτοῦ
3210 3545 3498 3615 φυλακῆς·
3555 3547 3705 3615 μηδέ
3759 3564 3812 3600 τι

2207 3641 2678 3711 ὑποπτήσσοντες·
2717 3638 2854 3711 μηδὲ
2885 3638 3216 3710 φοϐούμενοι
3246 3638 3375 3692 ἄλλο
3406 3655 3457 3691 τι
3492 3640 3600 3707 πρὸ
3634 3640 3812 3694 Θεοῐν

2207 3734 2284 3799 ὡς
2309 3735 2473 3799 αὐτὸς
2503 3734 2635 3799 Θεὸς
2665 3736 2954 3805 ἐγγυᾶται.
2988 3733 3176 3788 Ταῦτα
3217 3733 3499 3798 ὑπόδειξον
3524 3736 3645 3798 τοῖς
3682 3753 3812 3787 συν·

2209 3830 2572 3902 ομολογηταῖς
2599 3845 2717 3883 σουσ
2742 3827 2837 3893 οὒς
2865 3827 2961 3883 καὶ
2982 3828 3113 3899 παρ’
3140 3829 3173 3899 ἡ
3183 3826 3301 3898 μῶν
3328 3828 3812 3897 προσαγόρευσον·

2213 3921 2334 3973 ἐπεὶ
2368 3924 2464 3973 καί
2492 3919 2681 3987 φίλους
2704 3918 2802 3973 καὶ
2830 3916 3075 3979 εὐσεϐεῖς
3104 3914 3197 3979 οὓς
3220 3913 3559 3984 δοκιμάζοις.
3608 3915 3813 3980 Ἀξιω-

2216 4012 2442 4084 θείημεν
2478 4013 2575 4065 καὶ
2606 4012 2699 4064 ἐπὶ
2726 4011 2827 4081 τῆς
2853 4010 2975 4063 κατ’
3004 4009 3319 4078 ὀφθαλμοὺς
3353 4005 3576 4075 ὁμιλίας
3604 4006 3812 4061 ἐλθεῖν.

2216 4106 2281 4159 Et
2308 4106 2365 4159 δὲ
2397 4105 2459 4159 οὑ
2484 4103 2709 4174 θελητὸν
2736 4101 2878 4171 Θεῷ,
2913 4101 3055 4171 χρῶ,
3097 4099 3295 4162 ἀδελφέ
3339 4115 3462 4169 μου,
3494 4096 3579 4165 τῷ
3613 4098 3813 4168 γράμ-

2219 4214 2371 4269 ματι·
2407 4195 2629 4266 θεωρῶν
2654 4194 2904 4249 ἐντεῦθεν
2932 4193 3028 4247 καὶ
3052 4191 3452 4263 θεωρούμενος.
3502 4193 3557 4247 Ὀ
3573 4192 3815 4263 ἀδελφός

2218 4307 2313 4343 σου
2336 4290 2607 4354 Νικόλαος
2639 4288 2861 4361 θερμῶς
2883 4286 3303 4359 προσαγορεύει.

2290 4409 2408 4462 ΟΔ¹.
2443 4438 2511 4447 -
2539 4406 2785 4477 Μιχαὴλ
2813 4405 3206 4477 αὐτοκράτορι
3245 4406 3521 4471 βασιλεῖ.
3599 4401 3812 4478 [υιιδη

845 4523 1038 4573 Novum
1067 4526 1417 4586 imperatorem
1446 4528 1641 4589 magnis
1665 4526 1933 4590 praeconiis
1966 4524 2185 4589 extollit,
2209 4515 2540 4579 orthodoxum
2570 4534 2725 4579 ratus.
2753 4528 2953 4592 (Baron.
2981 4541 3060 4578 an.
3086 4527 3199 4588 821,
3220 4540 3275 4576 n.
3301 4525 3408 4590 21.)

597 4627 842 4700 Equum
892 4638 977 4683 est
1005 4643 1171 4698 quam
1214 4630 1455 4687 maxime
1508 4632 1617 4688 hoc
1647 4640 1893 4702 tempore
1925 4648 1991 4686 ex
2019 4648 2098 4686 ονε

2287 4633 2505 4686 Δίκαιόν
2539 4634 2691 4686 ἐστιν
2739 4634 2824 4687 ὅτι
2868 4633 3101 4702 μάλιστα
3145 4634 3205 4685 ὲν
3239 4631 3318 4701 τῷ
3357 4634 3593 4704 παρόντι
3626 4635 3817 4706 καιρῷ

527 4729 794 4789 omnium,
848 4725 943 4795 qui
1008 4724 1448 4794 persecutionem
1501 4724 1649 4794 passi
1707 4732 1872 4788 sunt,
1926 4724 2115 4793 parari

529 4818 769 4882 laudem,
835 4818 1075 4886 primum
1135 4817 1354 4886 quidem
1426 4816 1648 4872 Christo
1725 4816 2112 4871 universorum

529 4914 644 4982 regi
678 4931 690 4965 :
740 4911 936 4977 deinde
964 4918 1169 4975 vestro,
1217 4910 1483 4964 divinitus
1518 4910 1818 4964 constituto
1859 4910 2113 4980 imperio,

529 5020 626 5075 per
662 5004 807 5075 quod
844 5004 1021 5073 adepti
1050 5018 1243 5059 sumus
1269 5002 1658 5057 relaxationem
1690 5004 1882 5069 vincti,
1915 5004 2112 5060 dimis-

529 5098 743 5152 sionem
766 5096 1057 5161 carcerati,
1102 5095 1537 5151 consolationem
1561 5082 1783 5161 Catilicti,
1818 5096 2110 5153 sanitatem

531 5191 827 5256 Vulnerati,
856 5191 1167 5245 libertatem
1198 5189 1576 5253 condemnati,
1604 5190 1839 5243 reditum
1867 5190 2110 5246 exsules.

532 5285 600 5340 Et
618 5285 836 5355 quidem
861 5294 1007 5339 recte
1020 5283 1209 5338 videor
1227 5282 1541 5338 existimare
1559 5280 1917 5338 imitationem
1946 5284 2113 5338 Chri-

534 5381 605 5435 sti
653 5378 940 5448 imperium
997 5387 1239 5432 vestrum
1293 5375 1584 5430 futurum:
1623 5383 1685 5429 ut
1722 5376 1901 5431 simile
1942 5376 2108 5432 simili

534 5470 789 5537 reddens,
821 5470 967 5525 dicat
992 5485 1140 5525 nunc
1181 5479 1237 5525 et
1275 5469 1478 5539 ipsum,
1505 5482 1630 5523 cum
1654 5466 1873 5523 Christo
1904 5478 1958 5523 et
1986 5477 2111 5537 post

534 5563 837 5629 Christum,
878 5564 957 5615 his
1007 5564 1099 5633 qui
1130 5561 1427 5615 vinctisum
1459 5574 1477 5613 :
1517 5558 1708 5623 Exite;
1737 5569 1793 5613 et
1819 5560 1899 5613 his
1926 5560 2017 5629 qui
2053 5560 2110 5613 in

537 5653 761 5708 tenebris
795 5669 813 5707 :
851 5653 1236 5708 Reuelamini"
1261 5693 1276 5719 ,
1318 5661 1373 5707 et
1410 5669 1423 5705 :
1484 5650 1797 5705 Benedictus
1851 5651 2109 5707 Dominus

2218 4726 2284 4779 ὲκ
2323 4725 2592 4795 στόματος
2622 4726 2879 4780 ἀπάντων
2912 4726 3021 4779 τῶν
3056 4725 3436 4795 δεδιωγμένων
3472 4728 3814 4795 καταρτίζε-

2221 4816 2549 4883 σθαιάἷνον,
2584 4818 3020 4891 προηγουμένως
3063 4818 3162 4889 μὲν
3195 4817 3420 4887 Χριστῷ
3462 4817 3543 4887 τῷ
3584 4818 3809 4887 παμὸα-

2221 4912 2390 4975 σιλεί,
2423 4911 2615 4964 ἔπειτα
2643 4911 2721 4980 τῷ
2755 4910 3009 4981 ὑμετέρῳ
3042 4907 3433 4980 θεοπροϐλήτῳ
3465 4907 3663 4977 κράτει
3688 4950 3707 4975 ,
3745 4909 3814 4962 δι’

2220 4998 2281 5058 οὗ
2307 5003 2620 5073 ἐσχήκαμεν
2652 5003 2752 5070 τὴν
2791 5000 3171 5070 ἀπολύτρωσιν
3204 4997 3255 5051 οἱ
3282 4997 3682 5067 πεπεδημένοι,
3711 4998 3814 5068 τὴν

2218 5096 2413 5164 ἄφεσιν
2438 5096 2487 5148 οἱ
2532 5093 3006 5162 πεφυλακισμένοι
3030 5131 3047 5156 ,
3080 5090 3181 5160 τὴν
3220 5087 3575 5159 παράκλησιν
3615 5090 3665 5141 οἱ
3718 5107 3812 5142 τε-

2218 5188 2584 5258 τρυχωμένοι,
2619 5188 2720 5257 τὴν
2751 5185 2965 5253 ὑγίειαν
3002 5183 3053 5236 oi
3098 5181 3663 5252 τετραυματισμένοι,
3709 5182 3813 5253 τὴν

2218 5280 2540 5352 παρρησίαν
2594 5280 2643 5331 οἱ
2688 5273 3153 5346 κατακεκριμένοι
3183 5271 3337 5345 [Reg.
3395 5274 3512 5329 cod.
3566 5291 3813 5328 κατακε-

2216 5372 2587 5447 κρυμμένοι],
2644 5373 2743 5443 τὴν
2795 5366 3143 5440 ὑποστροφὴν
3193 5368 3243 5420 ot
3302 5367 3809 5437 πεφυγαδευμένοι.

2220 5465 2331 5519 Καὶ
2368 5483 2426 5537 γε
2456 5465 2661 5537 νομίζω
2687 5461 2870 5524 καλῶς
2895 5457 3326 5529 ὑπολαμϐάνειν,
3347 5458 3423 5522 ὡς
3447 5456 3809 5512 ὑποτύπωσιν

2219 5533 2458 5631 Χριστοῦ
2489 5533 2550 5611 ei)
2575 5558 2675 5627 τῆς
2704 5553 2977 5625 ὑμετέρας
3003 5550 3283 5623 βασιλείας
3314 5550 3489 5616 πάθος
3514 5553 3807 5622 προϋπάρ-

2219 5652 2325 5719 ξαι’
2361 5652 2436 5716 ὡς
2467 5650 2534 5705 ἂν
2565 5649 2642 5720 τῷ
2671 5646 2842 5718 ὁμοίῳ
2870 5645 2931 5699 τὸ
2957 5646 3140 5717 ὅμοιον
3189 5645 3472 5716 δράσασα,
3516 5644 3666 5696 είποι
3710 5642 3809 5697 νῦν

612 5843 866 5901 "Matth.
893 5862 1001 5911 xm,
1036 5846 1118 5900 il.
1182 5846 1221 5876 ”
1248 5842 1437 5899 Matth.
1465 5858 1598 5911 xxu,
1636 5842 1721 5896 2!.
1787 5841 1828 5874 ¹”
1862 5840 1963 5896 lsa.
1989 5856 2133 5906 xux,
2162 5838 2214 5892 9.
2260 5872 2266 5877 -
