3934 6502
247 468 389 536 1309

1432 476 1965 538 EPISTOLARUM
2020 480 2167 540 LIB.
2213 482 2294 573 LI.

3130 0 3552 16 i____#_’__._

3362 476 3502 542 1310

244 594 340 644 καὶ
385 589 521 657 αὑτὴ
575 590 672 642 σὺν
704 588 923 660 Χριστῷ
969 591 1060 642 καὶ
1106 594 1244 658 μετὰ
1278 591 1538 661 Χριστοῦ,
1571 591 1697 657 τοῖς
1745 592 1815 646 ἐν

1921 591 2057 647 Deus
2086 595 2282 658 Israel,
2344 597 2594 665 quoniam
2625 596 2789 650 erexit
2813 611 2977 648 cornu
3019 593 3211 648 salutis
3258 592 3408 646 nobis
3431 592 3499 659 ’⁸,

243 681 514 751 δεσμοῖς,
552 681 875 744 Ἐξέλθετε·
909 682 1008 733 καὶ
1031 681 1155 748 τοῖς
1193 681 1263 735 ἐν
1287 681 1368 748 τῷ
1391 685 1594 739 σκότει
1616 685 1815 750 ,Ἀνα-

245 778 648 830 καλύπτεσηε.
687 775 817 838 Καὶ,
852 776 1200 844 Εὐλογητὸς
1224 779 1436 846 Κύριος
1473 782 1505 833 ό
1535 780 1680 846 Θεὸς
1706 779 1816 833 τοῦ

257 864 528 933 Ἰσραὴλ,
572 867 661 919 ὅτι
713 866 909 934 ἤγειρε
951 868 1130 934 κέρας
1171 871 1468 937 σωτηρίας
1504 872 1668 940 ἡμῖν,
1723 873 1816 925 τὸν

244 958 366 1009 νέον
395 958 574 1023 Δαυῖδ,
610 959 702 1011 τὸν
731 959 982 1028 δεύτερον
1033 961 1264 1024 Ὶωσίαν,
1293 962 1388 1015 τὸν
1430 965 1530 1033 τῆς
1561 966 1817 1034 εἰρηναρ-

245 1047 374 1114 χίας
405 1046 646 1115 βασιλέα⁸
691 1049 751 1111 ὃς
793 1050 965 1102 ποιῶν
993 1053 1210 1122 ποιήσει
1238 1053 1307 1107 τὰ
1339 1054 1546 1124 ἀρεστὰ
1575 1054 1694 1122 Θεῷ
1715 1070 1728 1083 ·
1759 1053 1818 1116 ὃς

245 1142 315 1192 τὰ
368 1141 691 1193 πεπτωκότα
743 1143 1067 1214 ἁναστήσειε
1095 1160 1110 1174 ·
1148 1146 1216 1197 τὰ
1263 1146 1631 1216 διατμηθέντα
1690 1164 1817 1200 συν-

247 1232 431 1297 ἀψειε·
472 1234 704 1302 μοτώσει
737 1236 831 1287 καὶ
862 1237 1075 1302 ὑγιάσει
1103 1255 1118 1268 ο
1154 1240 1247 1291 καὶ
1294 1241 1359 1310 τῇ
1398 1240 1555 1310 τρίτῃ
1604 1242 1816 1310 ἡμέρᾳ,

244 1325 602 1393 προφητικῶς
638 1328 833 1388 είπειν,
863 1329 1234 1397 ἀναστήσειεν.
1283 1331 1502 1401 Ἐπειδὴ
1530 1331 1587 1384 δὲ
1609 1373 1620 1387 .
1662 1331 1820 1401 βασι-

244 1416 340 1468 λεῦ
371 1417 804 1487 Χριστομίμητε,
836 1421 886 1471 οἱ
935 1419 1236 1487 φθάσαντες
1265 1422 1321 1472 ἐν
1359 1425 1423 1491 τῇ
1466 1423 1679 1489 αἱρέσει
1725 1440 1815 1475 τε·

243 1509 502 1578 λευτῆσαι
524 1513 580 1562 ὲν
612 1511 789 1580 μερίδι
816 1511 1092 1573 ἀπωλείας
1131 1511 1355 1582 ᾤχοντο,
1389 1513 1622 1582 Χριστὸν
1648 1515 1821 1583 ἠρνη-

248 1602 401 1669 μένοι
434 1605 497 1671 τῇ
535 1602 635 1670 τῆς
673 1602 881 1665 εἰκόνος
928 1603 1093 1655 αὑτοῦ
1126 1604 1386 1673 ἀρνήσει,
1413 1603 1519 1656 κᾶν
1551 1605 1816 1672 Χριστια-

243 1695 327 1746 vol.
371 1694 762 1762 ὀνομάζωνται.
813 1696 885 1748 Τὸ
911 1695 1020 1765 γάρ
1049 1714 1130 1748 τοι
1161 1697 1435 1749 πιστεύειν
1469 1698 1550 1758 εἰς
1584 1699 1818 1767 Χριστὸν

242 1788 395 1838 οὐδὲν
427 1787 613 1854 ἕτερόν
642 1788 814 1851 ἐστιν,
855 1787 887 1857 ἦ
940 1789 1021 1839 ὅτι
1051 1789 1079 1839 ὁ
1115 1787 1241 1850 Υἱὸς
1278 1788 1370 1839 τοῦ
1401 1787 1537 1840 Θεοῦ
1580 1792 1678 1842 καὶ
1715 1792 1823 1843 lla-

242 1880 392 1948 τρὸς.
423 1878 706 1948 ἄνθρωπος
732 1877 970 1945 γεγονὼς
999 1879 1203 1941 τέλειος
1227 1919 1241 1942 ,
1274 1878 1660 1942 ὲξεικονίζεται
1691 1881 1812 1934 καθ’

241 1970 503 2035 ὁμοίωσιν
555 1969 732 2037 ἡμῶν·
776 1968 861 2020 ἵνα
905 1968 978 2039 μὴ
1032 1968 1162 2020 ἄλλο
1210 1987 1260 2022 τι
1315 1970 1399 2036 εἴη
1449 1972 1581 2039 παρ’
1628 1973 1807 2041 ἡμᾶς·
1845 1949 1888 2004 Β

244 2061 426 2128 μένων
478 2062 507 2112 ὁ
564 2061 725 2122 αὐτὸς
773 2059 1186 2128 ἀπερίγραπτος
1245 2061 1342 2114 σὺν
1395 2063 1570 2133 Πατρί
1615 2081 1674 2116 τε
1719 2063 1814 2117 καὶ

240 2153 548 2221 Πνεύματι,
573 2150 711 2203 καθό
735 2152 850 2203 ἐστι
878 2151 1008 2214 Θεὸς
1030 2151 1300 2222 ἀληθινός.
1325 2152 1513 2214 Οῦτως
1534 2149 1626 2208 οῦν
1646 2157 1815 2208 νοοῖτο

244 2245 474 2314 μεσίτης
503 2244 637 2297 Θεοῦ
678 2245 771 2297 καὶ
823 2242 1145 2313 ἀνθρώπων·
1177 2245 1254 2307 ὼς
1283 2246 1608 2316 ἀμφοτέρων
1641 2248 1816 2314 ἀμφό-

237 2354 374 2406 τερα
417 2337 578 2403 ἔχων,
624 2337 718 2389 καὶ
746 2338 802 2388 ὲν
850 2336 1092 2406 ἐκατέρῳ
1121 2336 1231 2388 οὐδ’
1259 2337 1438 2389 ὁτιοῦν
1473 2337 1811 2408 λειπόμενος·

239 2428 429 2490 καθὼς
462 2428 605 2489 ἅπας
637 2429 664 2479 ὀ
689 2429 799 2481 τῶν
831 2428 1106 2500 θεοφόρων
1133 2430 1298 2499 χορὸς
1332 2429 1451 2501 βοᾷ.
1484 2431 1594 2485 Καὶ
1627 2431 1814 2502 ὥσπερ

240 2525 336 2574 ἐπὶ
366 2521 462 2573 τοῦ
495 2521 761 2591 ὑμετέρου
789 2522 1077 2592 κράτουςή
1110 2523 1390 2594 παραδοχὴ
1420 2527 1518 2593 τῆς
1543 2529 1817 2594 τυπουμέ-

237 2631 340 2682 νης
389 2615 615 2676 εἰκόνος,
665 2614 924 2684 ὁμολογία
974 2617 1091 2668 ἐστὶ
1135 2616 1230 2669 τοῦ
1282 2617 1586 2685 βασιλεύειν
1633 2621 1814 2690 ὑμᾶς.

238 2705 494 2773 καθάπερ
525 2704 621 2757 καὶ
657 2703 718 2756 τὸ
744 2705 997 2774 ἔμπαλινο
1038 2705 1180 2759 οὕτω
1206 2707 1302 2759 atat
1331 2709 1424 2760 ἐπὶ
1460 2709 1696 2780 Χριστοῦ
1720 2711 1814 2765 τοῦ

240 2796 508 2865 βασιλέως
543 2795 722 2865 πάσης
755 2797 856 2865 τῆς
892 2798 1028 2866 γῆς,
1068 2798 1128 2849 τὸ
1157 2798 1287 2851 αὐτὸ
1330 2799 1445 2854 ἐστι
1481 2787 1690 2869 λαϐεῖν,
1722 2805 1814 2856 καὶ

241 2886 424 2954 πολλῷ
456 2887 670 2954 μᾶλλον,
697 2888 779 2940 ὅτι
825 2888 934 2955 τῆς
953 2889 1277 2955 βασιλείας
1297 2892 1483 2945 αὐτοῦ
1507 2895 1618 2947 οὐκ
1646 2895 1816 2950 ἔσται

238 2977 438 3043 τέλος.
473 2979 533 3030 Εἰ
561 2974 655 3030 οὖν
686 2980 744 3030 ἐν
793 2980 857 3048 τῇ
887 2980 1113 3049 ἀρνήσει
1155 2983 1254 3050 τῆς
1298 2983 1506 3044 εἰκόνος
1553 2985 1812 3057 Χριστοῦ,

239 3069 408 3123 αὑτὸν
433 3070 702 3139 ἠρνῆσθαι
729 3071 963 3139 Χριστὸν
986 3073 1362 3127 ἀποδέδεικται
1389 3076 1537 3148 πάσῃ
1564 3078 1814 3150 ἀληθείᾳ·

238 3160 486 3228 δηλονότι
535 3162 627 3213 καὶ
668 3162 725 3212 ὲν
772 3163 836 3232 τῇ
898 3161 1154 3230 ἀθετήσει
1207 3165 1307 3232 τῆς

238 3251 434 3318 αὐτῆς,
465 3251 627 3314 αὐτὸς
657 3252 890 3322 Χριστὸς
925 3253 1185 3321 ἡθέτηται
1220 3259 1664 3325 προσκυνεῖσθαι.
1708 3263 1818 3314 Καὶ

239 3342 329 3396 διὰ
358 3342 516 3395 τοῦτο
549 3347 581 3412 ἡ
613 3344 703 3396 ὑπ’
741 3345 970 3415 οὐρανὸν
1001 3347 1096 3398 ἀπ’
1129 3347 1294 3400 αὐτοῦ
1329 3351 1422 3402 τοῦ
1453 3353 1810 3408 ἀποστολικοῦ

241 3433 618 3503 κηρύγματος
647 3434 722 3497 ὡς
755 3439 1022 3506 μαρτυρεῖ
1061 3439 1156 3490 καὶ
1193 3440 1225 3506 ἠ
1255 3439 1378 3506 ὄψις
1421 3441 1486 3494 δι’
1531 3444 1772 3514 ἱστορίας
1795 3487 1811 3510 ,

240 3527 342 3580 καὶ
385 3527 417 3594 ή
455 3527 591 3594 ἀκοὴ
624 3526 711 3578 διὰ
743 3526 1132 3596 λογογραφίας
1161 3530 1259 3599 τὴν
1287 3532 1449 3599 ἁγίαν
1476 3535 1660 3588 εἰκόνα
1688 3538 1815 3602 Χρι.

243 3616 399 3676 στοῦ,
430 3617 530 3684 τῆς
559 3617 856 3679 Θεοτὸκου,
895 3617 1006 3669 τῶν
1039 3619 1308 3686 ἀγγέλωψ
1343 3622 1528 3694 ἐπειδὴ
1563 3642 1812 3695 σωματο-

239 3707 582 3778 γραφοῦνται
618 3708 712 3759 καὶ
771 3702 915 3760 οῦτοι
965 3707 1391 3777 θεοκελεύστως,
1427 3714 1630 3784 καίπερ
1661 3717 1812 3780 ὄντες

239 3799 548 3868 ἀσώματοι,
576 3799 686 3851 τῶν
714 3800 856 3852 κατὰ
887 3800 1074 3869 καιρὸν
1111 3801 1300 3869 ἁγίων,
1342 3803 1399 3856 ἔν
1423 3821 1482 3856 τε
1508 3809 1620 3870 τοῖς
1650 3807 1813 3873 θείοις

239 3892 419 3952 ναοῖς,
454 3891 546 3942 καὶ
582 3891 747 3958 ἱεροῖς
778 3883 996 3942 σκεύεσι
1030 3892 1269 3960 φέρουσά
1301 3896 1415 3946 ἐστι
1449 3899 1543 3948 καὶ
1577 3916 1818 3966 προσκυ-

240 3981 434 4033 νοῦσα.
477 3981 592 4033 Κᾶν
645 3980 769 4050 ἄρτι
807 3983 840 4048 ή
886 3981 1008 4034 καθ’
1053 3985 1201 4052 ἡμᾶς
1256 3985 1551 4055 Ἐκκλησία
1594 3989 1819 4061 διαρρα-

239 4075 407 4140 γεῖσα
427 4072 535 4123 τῶν
566 4075 849 4142 τεσσάρων
869 4075 1246 4146 πατριαρχῶν,
1274 4077 1515 4147 ήνόμησε
1537 4080 1813 4152 διακενῆς.

252 4165 419 4219 Ἀλλὰ
476 4166 592 4218 νῦν·
632 4166 835 4233 καιρὸς
876 4167 1353 4234 εὐπρόσδεκτος,
1385 4170 1621 4227 δέσποτα
1665 4175 1817 4243 φιλο-

238 4256 594 4329 χριστὸτατε·
638 4260 757 4311 νῦν
801 4259 989 4326 ἡμέρα
1035 4260 1368 4328 σωτηρίας,
1414 4264 1820 4336 καταλλαγῆναι

236 4350 394 4419 ἡμᾶς
426 4348 676 4418 Χριστῷ,
713 4352 777 4419 τῇ
822 4350 1072 4418 μεσιτείᾳ
1116 4352 1212 4402 καὶ
1251 4351 1472 4423 εύδοκίᾳ
1501 4355 1598 4422 τῆς
1633 4360 1819 4426 εἰρην-

237 4440 414 4508 άρχου
464 4455 557 4490 σου
614 4438 927 4506 βασιλείας·
978 4440 1247 4508 ὲνωθῆναι
1297 4445 1446 4512 ἡμᾶς
1494 4447 1558 4514 τῇ
1598 4453 1812 4519 κορυφῇ

1389 3169 1815 3239 προσκυνήσεως

1916 703 2115 743 novum
2133 688 2317 752 David,
2336 689 2562 743 alterum
2574 687 2797 751 Josiam,
2818 686 3030 758 pacitici
3049 685 3260 755 imperii
3284 700 3462 754 regem
3483 703 3497 739 :

1916 782 2008 852 qui
2054 781 2258 836 faciens
2287 783 2449 835 faciet
2473 795 2594 850 quae
2617 781 2816 848 placita
2866 788 2992 834 sunt
3017 777 3128 832 Deo
3158 795 3172 832 :
3204 778 3298 846 qui
3349 778 3501 843 lapsa

1918 873 2190 934 restituet.
2229 872 2465 927 dissecta
2501 871 2818 940 conjunget,
2866 869 3136 940 percutiet
3164 874 3219 922 et
3252 866 3495 930 sanabit,

1917 975 1972 1019 et
2004 966 2161 1018 tertia
2194 966 2300 1028 die,
2336 974 2394 1019 ut
2433 964 2748 1034 prophetice
2801 965 2994 1031 loquar
3021 962 3087 1027 “,
3120 959 3494 1014 resuscitabit.

1919 1057 2189 1123 Quoniam
2225 1067 2430 1119 autem,
2461 1056 2669 1110 Christi
2702 1055 2896 1109 armnle
2924 1056 3240 1122 imperator,
3275 1066 3414 1120 quos
3441 1051 3498 1104 in

1920 1148 2112 1203 haeresi
2172 1163 2321 1202 mors
2364 1149 2668 1218 occupavit,
2726 1148 2761 1201 ii
2810 1149 2868 1201 in
2920 1145 3243 1215 perditionis
3289 1154 3500 1215 partem

1921 1241 2196 1304 abierunt,
2236 1240 2513 1294 Christum
2577 1248 2837 1306 negantes
2872 1238 3001 1293 dum
3044 1238 3164 1306 ejus
3204 1237 3502 1307 imaginem

1922 1341 2222 1404 negarunt,
2267 1333 2518 1402 quamvis
2545 1330 2844 1385 Christiani
2897 1331 3322 1400 appellarentur.
3376 1328 3504 1382 Cre-

1921 1425 2051 1478 dere
2076 1425 2221 1478 enim
2259 1425 2312 1477 in
2346 1424 2621 1478 Christum
2668 1423 2804 1476 nihil
2838 1423 2985 1476 aliud
3013 1433 3121 1484 est,
3155 1437 3320 1490 quam
3352 1421 3502 1491 quod

1920 1515 2095 1571 Filius
2135 1516 2226 1572 Dei
2266 1527 2320 1572 et
2346 1515 2549 1582 Patris,
2587 1515 2862 1586 perfectus
2924 1517 3088 1568 homo
3121 1513 3321 1577 factus,
3364 1514 3502 1567 ima-

1923 1607 2047 1678 gine
2067 1609 2392 1676 exprimitur
2418 1607 2720 1662 secundum
2762 1607 3180 1663 similitudinem
3208 1617 3453 1660 nostram
3483 1623 3498 1659 :

1922 1709 1985 1754 ut
2013 1714 2118 1753 non
2148 1700 2221 1754 sit
2249 1699 2396 1753 aliud
2446 1700 2725 1768 quidpiam
2780 1713 2945 1766 quam
2977 1713 3167 1752 sumus
3207 1713 3306 1751 nos
3338 1715 3350 1750 :
3390 1711 3502 1749 ma-

1923 1807 2060 1846 nens
2086 1793 2227 1846 idem
2277 1792 2783 1860 incircumscriptus
2808 1805 2934 1844 cum
2974 1788 3132 1844 Patre
3166 1797 3222 1844 et
3267 1789 3498 1857 Spiritu,

1924 1893 2195 1955 quatenus
2236 1894 2320 1939 est
2377 1900 2541 1938 verus
2584 1885 2743 1939 Deus.
2794 1883 2885 1938 Sic
2924 1884 3110 1953 itaque
3158 1883 3495 1951 intelligatur

1921 1973 2188 2028 mediator
2212 1971 2306 2027 Dei
2329 1981 2382 2028 et
2419 1974 2723 2036 hominum,
2757 1982 3014 2042 tanquam
3042 1973 3328 2042 utriusque
3356 1983 3504 2026 utra-

1921 2081 2027 2134 que
2077 2065 2301 2129 habens,
2339 2075 2393 2120 et
2443 2065 2496 2118 in
2522 2066 2729 2119 utrovis
2771 2067 2919 2119 nulla
2966 2075 3120 2134 parte
3146 2064 3442 2118 destitutus
3483 2084 3498 2119 :

1921 2156 2067 2210 sicut
2099 2156 2276 2208 omnis
2303 2163 2614 2210 sanctorum
2649 2154 2870 2208 Patrum
2904 2154 3108 2209 chorus
3141 2151 3499 2209 vociferatur.

1921 2247 1989 2301 Et
2039 2246 2182 2301 sicut
2236 2247 2290 2301 in
2347 2246 2578 2314 imperio
2642 2256 2862 2310 vestro,
2915 2261 3189 2314 expressae
3243 2245 3496 2314 imaginis

1922 2337 2218 2406 susceptio,
2250 2337 2527 2392 confessio
2561 2345 2643 2392 est
2671 2337 2881 2406 imperii
2909 2337 3076 2391 vestri
3107 2353 3122 2398 ;
3156 2346 3211 2392 et
3249 2349 3438 2392 contra
3482 2351 3498 2389 :

1922 2429 1998 2484 ita
2025 2437 2079 2484 et
2109 2429 2164 2482 in
2195 2427 2414 2483 Christo
2449 2444 2573 2498 rege
2599 2429 2870 2484 universae
2916 2436 3077 2483 terra:
3114 2429 3253 2483 idem
3283 2442 3501 2483 sumere

1922 2521 2068 2584 licet,
2086 2535 2148 2575 ac
2177 2521 2350 2574 multo
2369 2520 2560 2590 magis,
2580 2521 2710 2590 quia
2740 2521 2890 2590 regni
2909 2519 3022 2588 ejus
3047 2536 3150 2572 non
3178 2520 3278 2572 erit
3301 2520 3497 2587 ﬁnis”.

1923 2612 1980 2667 Si
2009 2628 2139 2683 ergo
2168 2611 2220 2664 in
2253 2611 2540 2680 negatione
2569 2610 2826 2680 imaginis
2858 2610 3084 2676 Christi,
3111 2612 3295 2680 negari
3329 2610 3492 2664 Chri-

1923 2713 2066 2758 stum
2101 2704 2302 2772 ipsum,
2335 2704 2484 2756 omni
2517 2702 2746 2756 veritate
2779 2701 3212 2757 demonstratum
3238 2711 3351 2765 est;
3381 2717 3504 2770 per-

1921 2799 2170 2867 spicuum
2220 2805 2385 2851 estet
2417 2797 2471 2850 in
2502 2796 2840 2851 adorationis
2897 2796 3017 2866 ejus
3070 2796 3497 2866 improbatione,

1923 2887 2129 2942 Christi
2169 2901 2386 2955 quoque
2416 2886 2589 2952 ipsius
2613 2885 2990 2941 adorationem
3019 2885 3294 2956 abrogari.
3323 2887 3501 2954 Atque

1924 2978 2043 3031 ideo
2073 2977 2327 3031 universa
2361 2991 2482 3045 quae
2505 2976 2606 3030 sub
2633 2977 2773 3030 coelo
2803 2985 2906 3041 est,
2944 2978 3013 3030 ab
3039 2977 3157 3045 ipsa
3189 2979 3493 3046 apostolica

1923 3069 2326 3138 praedicatione,
2363 3079 2420 3122 ut
2455 3076 2685 3123 testatur
2710 3077 2764 3122 et
2790 3077 3049 3137 aspectus
3081 3083 3178 3138 per
3201 3069 3496 3137 picturam,

1922 3170 1976 3214 et
2012 3161 2232 3214 auditus
2270 3175 2368 3229 per
2416 3160 2616 3228 scripta
2651 3168 3031 3223 monumenta,
3073 3168 3318 3214 sanctam
3359 3161 3496 3213 ima-

1923 3252 2101 3321 ginem
2164 3251 2388 3317 Christi,
2448 3251 2710 3320 Deiparze,
2767 3251 3088 3320 angelorum
3122 3251 3495 3320 (quandoqui-

1921 3345 2043 3398 dem
2074 3352 2128 3399 et
2159 3345 2244 3398 isti
2286 3360 2409 3398 cum
2457 3358 2691 3412 corpore
2743 3344 3042 3413 pinguntur
3096 3343 3286 3396 divino
3341 3357 3499 3396 man-

1920 3437 2068 3501 dato,
2123 3435 2250 3490 licet
2290 3436 2400 3491 sint
2444 3436 2800 3504 incorporei),
2839 3443 2893 3489 et
2938 3444 3257 3489 sanctorum
3291 3434 3384 3504 qui
3414 3434 3501 3488 di-

1918 3530 2091 3584 versis
2137 3528 2473 3598 temporibus
2529 3527 2771 3592 fuerunt,
2821 3525 2876 3579 in
2929 3525 3131 3580 divinis
3160 3524 3379 3594 templis
3412 3537 3500 3577 sa-

1919 3622 2136 3690 crisque
2181 3621 2325 3674 vasis
2367 3619 2506 3689 gerit
2553 3629 2604 3673 et
2633 3619 2850 3672 adorat.
2896 3617 3164 3683 Quamvis
3190 3630 3366 3684 nuper
3389 3615 3498 3670 Ec-

1918 3713 2082 3767 clesia
2147 3719 2331 3766 nostra
2386 3726 2417 3764 a
2471 3721 2704 3778 quatuor
2752 3704 3079 3779 patriarchis
3125 3707 3358 3771 divulsa,
3405 3722 3501 3762 ne-

1922 3806 2218 3876 quidquam
2267 3804 2621 3873 prwvaricata
2654 3810 2758 3856 est.
2796 3801 2904 3855 Sed
2936 3816 3075 3853 nunc
3113 3807 3313 3868 tempus
3347 3816 3498 3853 accc-

1920 3896 2135 3965 ptabile,
2202 3895 2431 3950 Domine
2484 3893 2691 3949 Christi
2746 3894 3146 3958 amantissime,
3196 3909 3332 3945 nunc
3383 3891 3499 3945 dies

1921 3988 2112 4042 salutis
2136 3988 2180 4020 ¹⁸
2216 4007 2228 4042 :
2268 3998 2329 4042 ut
2381 3988 2797 4042 reconciliemur
2829 4001 2929 4040 nos
2963 3985 3207 4050 Christo,
3265 3985 3496 4054 auspice

1922 4089 1977 4134 et
2009 4080 2360 4136 conciliatore
2406 4090 2596 4149 pacato
2627 4079 2857 4148 imperio
2888 4086 2984 4130 tuo
3016 4093 3031 4129 :
3093 4084 3154 4130 ut
3235 4077 3500 4128 uniamur

1925 4188 2027 4226 nos
2075 4172 2266 4225 vertici
2303 4171 2668 4225 Ecclesiarum
2729 4170 2821 4224 Dei
2875 4168 3084 4232 Romae,
3125 4177 3180 4222 et
3230 4181 3325 4236 per
3373 4179 3496 4219 eam

1923 4265 2096 4318 tribus
2157 4261 2522 4330 patriarchis:
2563 4272 2624 4315 ut
2657 4261 2992 4314 unanimiter
3022 4275 3132 4313 uno
3162 4273 3259 4312 ore
3289 4255 3497 4326 gloriﬁ-

1921 4371 2109 4410 cemus
2141 4353 2310 4410 Deum
2345 4363 2401 4411 et
2445 4353 2660 4408 Patrem
2708 4352 2922 4408 Domini
2955 4353 3126 4407 nostri
3173 4350 3303 4405 Jesu
3337 4348 3499 4404 Chri-

1918 4446 2010 4509 sti,
2069 4462 2195 4501 cum
2251 4444 2393 4500 Filio
2427 4456 2481 4500 et
2527 4444 2732 4515 Spiritu
2793 4451 3005 4507 sancto,
3052 4443 3390 4497 celebrantes
3443 4445 3501 4493 et

237 4527 353 4579 τῶν
394 4527 732 4597 Ἐκκλησιῶν
757 4528 848 4579 τοῦ
871 4527 1005 4580 Θεοῦ
1047 4529 1257 4600 Ῥώμῃ·
1292 4531 1385 4583 καὶ
1412 4532 1481 4584 δι’
1509 4535 1679 4606 αὐτῆς
1706 4539 1815 4598 τοῖς

1921 4548 2160 4594 vestrum
2196 4540 2502 4610 piissimum
2537 4550 2591 4593 et
2625 4539 2782 4592 valde
2831 4536 3072 4606 optabile
3110 4535 3426 4604 imperium.
3474 4602 3479 4606 η

235 4621 391 4689 τρισὶ
423 4623 827 4691 πατριάρχαις·
861 4621 946 4673 ἵνα
991 4622 1335 4691 ὁμοθυμαδὸν
1382 4627 1438 4676 ἐν
1477 4628 1577 4684 ἐνὶ.
1617 4629 1847 4698 στόματι
1881 4630 2194 4704 δοξάζωμεν
2228 4635 2320 4686 τὸν
2353 4633 2486 4685 Θεὸν
2531 4634 2627 4686 καὶ
2681 4632 2902 4700 Πατέρα
2949 4627 3046 4681 τοῦ
3089 4626 3294 4698 Κυρίου
3338 4625 3500 4696 ἡμῶν

253 4712 434 4782 Ἰησοῦ
481 4713 752 4784 Χριστοῦ,
799 4713 897 4766 σὺν
973 4713 1052 4783 τῷ
1084 4714 1199 4785 Υἰῴ
1230 4717 1325 4768 καὶ
1374 4718 1651 4784 Πνεύματι
1726 4721 1887 4794 ἁγίῳο
1927 4726 2322 4795 μεγαλύνοντες
2359 4725 2455 4779 καί¹
2491 4724 2588 4795 τὴν
2632 4724 2908 4794 ὑμετέραν
2951 4719 3355 4790 εὐσεϐεστάτην
3405 4718 3499 4772 καὶ

239 4811 574 4864 πολύευκτον
603 4810 905 4880 βασιλείαν.

448 4945 569 4997 OE'.
594 4971 666 4983 -—
686 4941 965 5012 Στεφάνῳ
1006 4929 1385 5011 Ἀσηκρῆτις.
1418 4943 1602 5019 [υιιε’.]

2242 4945 2452 5002 LXXV.
2480 4973 2550 4986 —
2583 4943 2848 5012 Stephano
2875 4959 2908 4996 ο
2936 4942 3158 4998 Secretis

234 5061 316 5111 De
349 5056 532 5108 Leonis
569 5060 772 5107 Armenl
814 5071 955 5108 nece.
991 5059 1222 5119 Quaedam
1252 5061 1433 5128 deinde
1474 5075 1561 5121 pro
1605 5064 1897 5117 defensione
1919 5068 2187 5128 imaginum
2213 5079 2225 5112 :
2252 5069 2412 5126 utque
2469 5063 2750 5124 Stephanus
2790 5060 2886 5113 iste
2918 5059 3301 5111 orthodoxorum
3339 5072 3499 5114 causa

1385 5123 1543 5172 faveat
1575 5128 1702 5186 apud
1729 5141 1910 5177 novum
1935 5123 2307 5189 imperatorem.

434 5228 553 5294 μὲν,
584 5244 629 5278 ω
659 5226 915 5295 φιλότης,
959 5228 1415 5298 προσηγόρευσας
1454 5230 1605 5298 ἡμᾶς
1647 5230 1815 5283 πάλαι

1991 5233 2071 5285 Tn
2137 5231 2381 5300 quidem,
2429 5228 2622 5290 amice,
2681 5226 2892 5280 salvere
2945 5239 3044 5279 nos
3097 5223 3227 5277 olim
3271 5222 3490 5292 iussisti

235 5322 327 5376 διὰ
376 5320 562 5389 φωνῆς
595 5319 688 5372 τοῦ
736 5318 1105 5390 φρουροῦντος
1151 5322 1321 5390 ἡμᾶς·
1371 5314 1431 5373 οῦ
1482 5322 1815 5392 ῥυσθείημεν

237 5412 540 5482 ἀμφότεροι
567 5413 665 5480 τῆς
694 5411 910 5480 μανίας.
953 5411 1215 5481 Ἐπείπερ
1246 5412 1395 5464 ἐστὶν
1445 5413 1815 5484 ὑπερϐαλλόν-

238 5522 350 5566 τως
403 5503 584 5556 πνέων
625 5504 856 5573 ἀπειλῆς
903 5504 999 5556 καὶ
1045 5503 1217 5574 θυμοῦ
1258 5507 1338 5567 εἰς
1372 5505 1500 5568 τοὺς
1544 5506 1810 5568 εὐσεϐεῖς·

237 5595 459 5664 δεσμῶν
489 5613 547 5648 τε
595 5598 689 5648 καὶ
733 5595 1005 5664 φρουρῶν,
1041 5595 1270 5659 αἰκίζων
1322 5611 1381 5649 τε
1444 5597 1541 5650 καὶ
1594 5597 1816 5667 πορθῶν

237 5695 340 5757 τὰς
374 5693 672 5764 ἐκκλησίας
715 5690 810 5747 τοῦ
845 5692 980 5746 Θεοῦ
1034 5694 1135 5745 σὺν
1173 5693 1326 5764 πάσῃ
1356 5692 1676 5763 βλασφημίᾳ
1721 5693 1814 5745 καὶ

239 5785 532 5855 παροινίᾳ·
565 5785 641 5848 ὡς
687 5785 788 5836 οὐκ
833 5779 928 5837 οἷδ’
963 5785 1015 5838 εἰ
1053 5801 1136 5846 τις
1164 5783 1318 5846 ἄλλος
1351 5784 1459 5836 τῶν
1493 5785 1551 5835 ὲν
1587 5782 1813 5853 ἀσεϐείᾳ

315 5901 363 5934 ³⁸
395 5899 527 5955 Luc.
591 5916 628 5964 ι,
665 5901 733 5957 68
794 5900 882 5956 69.
963 5903 1004 5934 ‘°
1035 5899 1160 5957 ()sc.
1186 5917 1259 5966 vi,
1298 5901 1353 5968 2,
1390 5902 1442 5955 3.

1524 5902 1564 5932 ”
1596 5899 1726 5956 Luc.
1763 5917 1802 5966 ι,
1830 5900 1916 5954 55.

1923 5322 2071 5376 illius
2113 5335 2210 5375 ore
2252 5335 2284 5373 a
2323 5334 2435 5388 quo
2463 5319 2662 5387 captivi
2711 5325 2961 5370 tenemur
2994 5333 3008 5368 :
3049 5329 3081 5368 a
3110 5313 3274 5382 cujus
3310 5313 3497 5367 furore

1922 5416 2130 5469 utinam
2157 5413 2317 5468 ambo
2341 5412 2656 5466 liberemur.
2706 5408 2918 5479 Quippe
2967 5407 3146 5461 minas
3175 5421 3337 5474 supra
3371 5420 3495 5458 mo-

1921 5507 2054 5561 dum
2107 5505 2356 5574 iramque
2406 5504 2579 5572 spirat
2610 5502 2664 5555 in
2705 5515 2802 5555 eos
2832 5499 2926 5568 qui
2969 5499 3224 5567 pietatem
3256 5497 3442 5551 colunt
3477 5515 3493 5551 :

1921 5597 1977 5650 in
2012 5596 2232 5649 vincula
2261 5595 2651 5661 custodiasque
2682 5590 3004 5660 conjiciens,
3036 5589 3275 5652 caedens,
3331 5595 3498 5654 atque

1921 5688 2194 5744 Ecclesias
2240 5687 2332 5741 Dei
2383 5696 2624 5747 vastans.
2675 5701 2799 5740 cum
2856 5683 3005 5739 omni
3049 5681 3405 5751 blasphemia:
3440 5688 3498 5734 et

1920 5781 2266 5839 contumelia:
2310 5795 2553 5850 genere:
2596 5778 2870 5850 quomodo
2917 5776 3060 5833 haud
3102 5775 3216 5832 scio
3253 5790 3321 5828 an
3354 5773 3497 5829 alius

1999 5897 2040 5929 ”
2074 5895 2115 5949 ll
2148 5894 2272 5956 Cor.
2311 5893 2467 5957 v1,2.
