3934 6430
502 357 634 420 1311

1663 366 1725 426 S.
1767 366 2164 428 THEODORI

2235 367 2585 427 ΒΤΙῘΠῙΤᾹΞ
3640 368 3773 434 1312

496 467 672 534 egerit
698 482 889 521 eorum
923 469 1019 539 qui
1075 469 1353 540 impietate
1389 475 1583 527 famosi
1633 476 1914 529 exstitere.
1965 475 2078 545 Ego

2186 474 2672 546 κατεγνωσμένων.
2716 474 2859 542 Ἐγὼ
2895 474 2953 528 δέ
2990 492 3084 528 σου
3116 475 3328 529 ἐπαινῶ
3359 474 3422 528 τὸ
3442 473 3765 544 φιλόσοφον

493 577 623 615 vero
655 561 896 615 animum
954 572 1108 618 tuum
1155 566 1594 635 philosophicum
1655 566 1839 632 laudo,
1873 576 1928 622 et
1953 569 2077 637 qui-

493 652 616 704 dem
647 654 771 721 jure
792 653 1022 721 optimo.
1055 656 1189 711 Nam
1221 658 1532 728 philosophi
1572 658 1696 726 fuit,
1728 674 1875 726 eam,
1909 675 2076 731 quam

491 743 622 809 scis,
661 745 802 814 apud
838 746 1225 816 imperatorem
1262 750 1500 806 edidisse
1533 766 1746 819 vocem,
1779 753 1996 823 aliaque
2021 760 2079 808 et

491 836 718 901 dixisse,
751 847 806 892 et
842 840 1091 894 molitum
1130 857 1250 895 esse
1281 857 1380 911 pro
1423 844 1776 899 restitutione
1806 844 2074 901 Ecclesia:

493 937 696 982 nostra:
721 931 998 1000 collapsas.
1022 931 1087 986 Et
1113 949 1247 989 sane
1273 935 1517 1004 oportuit
1548 937 1849 1005 sapientem
1872 941 2074 1004 virum,

490 1020 648 1090 cujus
681 1022 854 1091 pietas
889 1036 1174 1094 perspecta
1203 1037 1367 1093 esset,
1395 1028 1447 1082 id
1480 1041 1739 1099 praestare
1781 1031 1928 1100 quod
1961 1040 2075 1086 tum

489 1130 520 1167 e
558 1129 616 1167 re
665 1129 762 1169 sua
824 1127 963 1181 erat,
1001 1129 1114 1171 tum
1169 1135 1200 1173 e
1250 1135 1307 1175 re
1360 1122 1526 1178 t0Iius
1563 1125 1815 1193 corporis
1847 1124 2073 1190 Christi,

487 1209 635 1275 quod
680 1209 849 1263 draco
890 1211 978 1265 ille
1028 1228 1263 1283 magnus
1305 1215 1646 1284 dilaceravit,
1684 1219 1778 1272 ille
1804 1229 2075 1287 apostata,

491 1300 580 1353 ille
610 1310 893 1356 tortuosus
924 1306 1140 1373 anguis,
1177 1308 1266 1362 ille
1300 1309 1625 1364 Antichristi
1657 1326 1986 1380 praecursor,
2014 1327 2079 1368 os

491 1389 766 1460 impurum
807 1403 862 1447 et
924 1397 1238 1462 scelestum,
1290 1399 1382 1454 ille
1425 1399 1519 1468 qui
1569 1416 1735 1469 supra
1783 1417 1946 1457 omne
1981 1402 2077 1458 Dei

491 1485 751 1552 templum
779 1487 1150 1554 extollitur",
1209 1505 1366 1546 mens
1418 1492 1506 1546 illa
1533 1493 1779 1563 Assyria,
1829 1495 2079 1549 barbari-

491 1589 589 1626 rus
615 1575 707 1629 ille
738 1577 990 1642 abortus,
1046 1593 1244 1634 manus
1309 1581 1400 1635 illa
1431 1582 1609 1652 qualis
1663 1582 1898 1654 Rapsaci
1951 1584 2073 1651 fuit,

490 1665 625 1720 illud
655 1681 752 1721 cor
790 1668 898 1722 Deo
943 1681 1311 1736 exsecratum,
1364 1673 1454 1728 ille
1526 1683 1676 1731 totus
1718 1688 1960 1746 quantus
1993 1686 2079 1733 est

493 1754 711 1812 Satanae
738 1747 1026 1830 minister;
1076 1779 1196 1830 nec,
1234 1765 1436 1835 quibus
1467 1768 1650 1823 verbis
1692 1782 1901 1839 pestem
1937 1770 2079 1826 hanc

2177 569 2271 622 καὶ
2301 568 2447 638 μάλα
2493 569 2738 632 εἰκότως.
2764 570 3060 639 Φιλόσοφον
3090 574 3199 640 γὰρ
3227 572 3288 624 τὸ
3321 572 3486 643 ῥῆξαί
3523 589 3589 625 σε
3650 590 3764 641 φω-

2178 664 2274 730 νὴν
2313 661 2406 713 ἐπὶ
2436 660 2530 713 τοῦ
2559 662 2795 731 κράτους
2819 661 2885 732 ἦν
2937 658 3107 727 οἶδας·
3139 666 3209 718 τά
3253 682 3312 717 τε
3348 664 3517 718 λοιπά
3547 682 3646 718 σου
3678 665 3772 719 λα-

2176 751 2395 821 λήματά
2458 768 2516 804 τε
2576 753 2674 805 καὶ
2741 753 3137 826 σπουδάσματα
3207 756 3351 828 ὑπὲρ
3411 757 3775 829 ἀνακλήσεως

2176 843 2274 913 τῆς
2307 844 2662 906 πεπτωκυίας
2694 844 2819 900 καθ’
2854 847 3003 915 ἡμᾶς
3031 847 3384 918 Ἐκκλησίας.
3439 851 3558 903 Καὶ
3610 851 3776 914 ὅντως

2178 935 2286 988 ἔδει
2319 936 2409 990 τὸν
2443 937 2603 1005 σοφὸν
2630 937 2818 1009 ἄνδρα,
2852 942 2946 993 καὶ
2974 941 3378 1010 διεγνωσμὲνον
3409 944 3471 994 ὲν
3495 943 3775 1014 εὐσεϐείᾳ,

2177 1028 2335 1082 τοῦτο
2379 1031 2532 1101 δρᾷν·
2572 1031 2711 1101 πρός
2738 1049 2798 1085 τε
2829 1033 2889 1086 τὸ
2933 1035 3131 1087 οἰκεῖον
3176 1035 3488 1104 συμφέρον,
3537 1037 3642 1087 καὶ
3688 1036 3777 1088 τοῦ

2179 1121 2301 1174 ὅλου
2330 1122 2585 1192 σώματος
2607 1125 2869 1195 Χριστοῦ·
2893 1127 2921 1179 ὃ
2947 1127 3194 1198 διέτεμεν
3217 1129 3247 1180 6
3274 1128 3499 1198 δράκων
3523 1130 3552 1180 6
3581 1129 3776 1196 μέγας,

2179 1211 2206 1262 6
2248 1213 2580 1280 ἀποστάτης,
2629 1218 2657 1268 6
2711 1216 2923 1280 σκολιὸς
2972 1218 3133 1287 ὄφις,
3174 1219 3238 1273 τὸ
3275 1220 3630 1289 προεισὸδιον
3690 1219 3779 1272 τοῦ

2181 1303 2595 1375 Ἀντιχρίστου,
2637 1309 2669 1377 ἡ
2717 1313 2889 1380 μιαρὰ
2939 1311 3035 1362 καὶ
3079 1310 3408 1381 βλάσφημος
3443 1311 3709 1378 γλῶσσα,
3753 1312 3782 1364 6

2182 1396 2618 1468 ὑπεραιρόμενος
2658 1401 2751 1452 ἐπὶ
2787 1401 2966 1453 πάντα
2997 1403 3124 1455 ναὸν
3155 1402 3292 1457 Θεοῦ
3314 1443 3328 1466 ,
3358 1405 3387 1456 6
3417 1403 3548 1465 νοῦς
3579 1405 3610 1455 6
3659 1404 3783 1455 Ἀσ-

2183 1487 2407 1557 σύριος,
2457 1491 2518 1543 τὸ
2561 1491 2896 1562 βαρϐαρικὸν
2941 1492 3234 1564 ἐκτρωμα,
3293 1496 3326 1564 ἠ
3377 1494 3782 1562 Ῥαψακοειδὴς

2181 1585 2302 1653 χεὶρ
2328 1628 2342 1648 ,
2375 1586 2408 1656 ἡ
2444 1585 2847 1658 θεοκατάρατος
2895 1587 3128 1656 καρδία,
3159 1590 3188 1640 6
3225 1587 3508 1657 ὁλόσωμος
3541 1586 3640 1639 τοῦ
3679 1588 3781 1639 Σα-

2179 1680 2318 1730 τανᾶ
2348 1679 2645 1750 ὑπηρέτης
2680 1683 2773 1734 καὶ
2801 1681 2902 1734 οὐκ
2935 1675 3074 1732 οἷδ”ὃ
3098 1697 3147 1733 τι
3181 1683 3376 1751 φράσω
3420 1681 3657 1746 ἐπάξιον
3684 1681 3777 1732 τοῦ

2183 1770 2466 1841 ἀλιτηρίου
2499 1771 2822 1844 κωμῴδημα
2843 1790 2856 1803 ’
2888 1772 2978 1826 διὰ
3020 1771 3121 1844 τὴν
3153 1773 3516 1842 πολυώνυμον
3548 1772 3648 1825 τοῦ
3692 1773 3782 1836 ἐξ·

493 1850 571 1904 uti
598 1863 840 1907 meretur
867 1854 1196 1921 describam,
1232 1858 1368 1911 satis
1407 1859 1523 1915 scio
1556 1878 1570 1915 :
1609 1877 1733 1916 cum
1766 1863 1955 1918 multis
1981 1880 2079 1935 ap-

2186 1836 2410 1922 αγίστου
2448 1836 2906 1931 adﬁciat/illth
2931 1836 3090 1916 άλλού
3133 1863 3334 1933 χρόνου
3363 1836 3426 1915 τδ
3451 1864 3640 1917 ταῦτα
3663 1864 3783 1916 διας

489 1943 682 2010 pellari
712 1946 1030 2002 nominibus
1070 1950 1248 2018 possit
1289 1950 1489 2006 nefarii
1528 1953 1769 2010 hominis
1801 1956 2074 2026 impietas.

489 2034 596 2090 Sed
634 2038 862 2092 alterius
894 2041 1161 2110 temporis
1217 2041 1387 2098 fuerit
1443 2046 1547 2100 ista
1593 2063 1876 2104 enarrare.
1919 2049 2079 2106 Nunc

487 2136 671 2183 autem
705 2132 838 2184 mihi
877 2132 1020 2187 istud
1051 2133 1217 2198 refer,
1248 2151 1282 2189 ο
1307 2137 1799 2206 desideratissime,
1839 2157 2074 2211 quomo-

487 2222 580 2282 do,
617 2230 891 2277 transacta
945 2224 1124 2280 hieme
1157 2268 1173 2292 ,
1225 2227 1530 2289 perfectum
1581 2247 1675 2286 ver
1706 2249 1813 2287 non
1841 2244 1946 2301 est,
1981 2234 2076 2290 sed

488 2321 700 2366 tantum
749 2315 932 2371 brevis
962 2317 1211 2386 quaedam
1253 2321 1545 2387 serenitas,
1580 2340 1644 2380 ac
1677 2342 1954 2398 prosperae
1982 2350 2078 2388 na-

487 2405 779 2472 vigationis
809 2423 932 2477 spes
960 2409 1248 2481 alfulgeus.
1278 2412 1423 2484 Ignis
1452 2418 1760 2476 exSIinctus
1792 2430 1876 2476 est
1902 2443 1914 2478 :
1945 2426 2076 2494 quid

489 2495 670 2550 adhuc
704 2495 840 2550 fumi
875 2499 1145 2569 reliquum
1174 2504 1306 2556 est?
1339 2502 1582 2559 Rursum
1629 2522 1885 2579 exsurge,
1931 2514 2080 2569 desi-

487 2588 698 2642 derium
730 2605 937 2656 meum,
992 2591 1189 2649 fortius
1227 2595 1453 2662 dimica,
1486 2598 1694 2654 Christi
1742 2607 2074 2663 membrum.

487 2681 606 2736 Non
641 2684 833 2739 videtis
864 2685 1114 2755 impium,
1149 2697 1206 2741 ut
1231 2689 1354 2759 igne
1379 2701 1643 2757 torretur,
1676 2699 1958 2764 quomodo
1987 2715 2078 2754 ce-

486 2778 681 2831 ciderit
708 2789 873 2847 caput
898 2791 953 2833 et
981 2782 1132 2834 dictu
1169 2785 1436 2838 etauditu
1475 2789 1926 2844 exsecrandum?
1961 2791 2080 2848 Nisi

489 2885 588 2924 nos
619 2871 781 2940 hujus
828 2873 1055 2928 exitium
1108 2877 1474 2945 sapientiores
1524 2881 1736 2947 reddat,
1790 2884 1972 2954 inquit
2018 2903 2080 2943 os

491 2963 622 3017 illud
647 2979 901 3031 aureum,
935 2967 1058 3036 quis
1089 2969 1266 3023 nostri
1296 2971 1489 3026 deinde
1522 2973 1916 3031 miserebitur?
1957 2977 2077 3034 Non

487 3056 918 3125 evigilabimus?
944 3075 1050 3114 non
1079 3061 1472 3132 intelligemus,
1507 3066 1613 3120 nisi
1639 3067 1897 3125 Christus
1918 3087 2073 3140 spre-

2187 1954 2440 2022 στείχειν.
2474 1954 2587 2006 Νῦν
2614 1954 2668 2006 δέ
2701 1972 2791 2024 μοι
2815 1955 2972 2008 τοῦτο
3003 1954 3177 2021 λέξον,
3207 1949 3252 2007 ὦ
3285 1955 3594 2024 τριπόθητε
3621 1998 3637 2021 ,
3667 1956 3784 2019 πῶς

2183 2044 2277 2097 τοῦ
2329 2045 2597 2115 χειμῶνος
2647 2048 3012 2116 παρελθόντος
3055 2050 3116 2102 οὐ
3168 2049 3357 2101 τέλεον
3392 2050 3532 2117 ξαρ,
3577 2048 3701 2100 ἀλλ’
3747 2048 3781 2120 ἢ

2187 2137 2350 2206 μόνον
2390 2138 2692 2208 καλλιωρία
2731 2157 2835 2203 τις,
2867 2141 2962 2192 καὶ
2994 2140 3362 2210 άπαυγασμὸς
3396 2139 3782 2210 εὐπλοήσεως.

2185 2230 2259 2282 Τὸ
2307 2230 2420 2301 πῦρ
2452 2231 2742 2284 ἔσϐεσται·
2778 2233 2830 2285 τί
2879 2233 2959 2285 ἔτι
3007 2234 3291 2295 καπνῶδες
3340 2233 3780 2299 ὑπολέλειπταις

2185 2320 2455 2392 Κινήθητι
2482 2322 2595 2385 ἔτι,
2627 2321 2849 2391 πάθημα
2873 2323 3023 2392 ἐμόν·
3053 2323 3376 2390 διαγώνισαι
3413 2323 3648 2392 μᾶλλον,
3684 2325 3782 2394 μὲ-

2183 2410 2273 2476 λος
2303 2413 2564 2484 Χριστοῦ.
2597 2413 2709 2484 Οὐχ
2739 2415 2902 2481 ὁρᾶτε
2941 2415 3033 2468 τὸν
3057 2415 3500 2483 άσεϐοκαύστην,
3532 2412 3650 2468 οἷον
3687 2418 3784 2470 πέ-

2186 2521 2424 2569 πτωκεν,
2450 2506 2711 2569 ἐξαίσιον,
2745 2508 2838 2561 καὶ
2868 2506 3221 2577 λαλούμενον,
3258 2509 3353 2561 καὶ
3395 2510 3780 2578 άκουόμενονς

2197 2595 2323 2647 Ἐάν
2357 2598 2384 2648 ὁ
2415 2597 2570 2648 τοῦδε
2611 2596 2832 2668 ὄλεθρος
2859 2599 2922 2651 ού
2968 2598 3278 2671 σωφρονίσῃ
3323 2600 3471 2668 ἡμᾶς
3494 2642 3510 2659 ,
3553 2603 3725 2671 φησὶν
3755 2603 3783 2652 6

2184 2687 2624 2758 Χρυσορρήμων,
2667 2693 2750 2756 τίς
2783 2693 2969 2746 λοιπὸν
3009 2692 3223 2758 ἐλεήσει
3268 2695 3447 2764 huic;
3491 2697 3612 2747 Οὐκ
3644 2698 3779 2748 ἁνα-

2184 2779 2468 2849 νήψομεν;
2511 2783 2609 2837 οὐκ
2643 2785 2969 2856 ὲννοήσομεν
2998 2786 3079 2837 ὅτι
3108 2788 3157 2839 εί
3194 2785 3268 2856 μὴ
3298 2785 3539 2857 Χριστὸς
3571 2789 3782 2857 ἦρνητο

2183 2871 2555 2944 ἁθετουμένης
2602 2876 2769 2929 αὐτοῦ
2805 2878 2903 2947 τῆς
2951 2877 3115 2945 ἁγίας
3147 2879 3388 2944 εἰκόνος,
3433 2879 3538 2930 οὐκ
3575 2879 3645 2932 ἂν
3689 2879 3782 2929 τὶν

2183 2965 2385 3034 ταύτης
2451 2967 2714 3039 ὑϐριστὴν
2773 2969 2949 3030 οὕτως
3004 2969 3374 3039 ὠλεθρίωσεν;
3441 2969 3784 3024 Ἀκούσατε

2184 3058 2389 3120 ταῦτα,
2405 3061 2600 3114 πάντα
2621 3065 2690 3116 τὰ
2713 3062 2881 3128 ἔθνη·
2896 3063 3285 3124 ἐνωτίσασθε,
3306 3061 3534 3126 πάντες
3556 3065 3610 3114 οἱ
3642 3080 3784 3115 κατ-

490 3164 541 3203 ta
581 3151 751 3218 ipsius
779 3161 971 3207 sancta
1017 3155 1257 3225 imagine
1306 3168 1621 3226 negaretur,
1677 3177 1959 3232 nunquam
1993 3164 2078 3219 fu-

2186 3151 2494 3218 οικοῦντες
2543 3153 2656 3221 τὴν
2691 3153 3080 3223 οἰκουμένην,
3113 3155 3166 3206 τί
3211 3155 3436 3222 γέγονεν
3487 3157 3548 3206 ἐν
3610 3156 3650 3208 Γ
3658 3172 3784 3225 ραι-

493 3251 673 3292 turum
705 3240 872 3296 fuisse
900 3253 959 3296 ut
991 3243 1246 3314 imaginis
1293 3258 1728 3319 contemptorem
1763 3255 1843 3308 sic
1882 3257 2077 3322 perde-

491 3333 606 3386 ret?
639 3335 829 3387 Audite
888 3337 1020 3401 hare,
1056 3355 1230 3392 omnes
1273 3353 1447 3410 gentes
1476 3359 1494 3396 :
1536 3345 1755 3399 auribus
1796 3351 2070 3418 percipite,

491 3439 665 3476 omnes
695 3427 786 3495 qui
815 3427 1070 3481 habitatis
1111 3431 1286 3484 orbem
1305 3433 1373 3495 '°,
1405 3435 1535 3503 quid
1560 3435 1705 3505 apud
1768 3437 1988 3495 Graecos
2045 3443 2324 3499 acciderit.
2390 3447 2532 3503 Ante
2591 3450 2989 3506 Antichristum
3037 3452 3413 3507 Antichristus

493 3519 654 3572 nobis
685 3519 837 3588 regni
863 3519 1069 3576 Christi
1105 3521 1348 3591 signum.

560 3610 698 3664 Nam
760 3612 804 3665 si
836 3614 979 3667 istud
1017 3614 1161 3682 quod
1205 3624 1290 3670 est
1339 3617 1512 3686 ipsius
1568 3618 1760 3676 formae
1805 3639 2082 3693 corporeae

492 3703 869 3766 simulacrum,
931 3706 1074 3774 apud
1117 3721 1218 3760 nos
1258 3723 1368 3761 non
1401 3722 1627 3779 apparet
1663 3715 1846 3770 crucis
1894 3725 2082 3786 typum

492 3795 666 3864 capite
704 3811 934 3865 gerens;
969 3797 1063 3851 sed
1103 3815 1274 3851 unum
1304 3800 1576 3869 rejicitur,
1615 3804 1847 3858 alterum
1885 3809 2086 3862 admit-

494 3887 659 3951 titur;
707 3886 917 3942 divisus
956 3897 1040 3942 est
1082 3887 1379 3945 Christus:
1432 3892 1515 3947 vel
1555 3894 1740 3963 potius
1778 3895 2084 3966 despicitur

493 3995 586 4033 rex
654 3981 746 4049 qui
798 3979 1077 4036 diabolum
1135 3983 1458 4052 interemit;
1521 3986 1738 4041 hastam
1785 4004 1916 4044 vero
1973 4006 2083 4060 qua

497 4073 706 4125 hostem
735 4071 998 4141 confodit,
1037 4088 1160 4142 quae
1189 4083 1274 4129 est
1321 4075 1500 4143 ipsius
1538 4079 1808 4146 potentia,
1839 4080 2086 4150 alligavit

497 4163 644 4233 regia
700 4173 975 4233 potestas;
1028 4180 1151 4220 eum
1205 4167 1298 4235 qui
1351 4166 1644 4233 interemit,
1697 4171 1815 4239 pari
1857 4171 2085 4230 victoria

497 4271 621 4307 cum
651 4270 717 4309 eo
753 4257 845 4326 qui
887 4269 1201 4327 peremptus
1224 4269 1330 4324 est,
1367 4269 1629 4330 tanquam
1662 4263 1877 4319 hostem
1909 4267 2084 4337 subji-

497 4349 647 4402 ciens
676 4368 687 4400 :
714 4348 875 4412 Audi,
904 4349 1110 4414 calum,
1134 4359 1182 4404 et
1205 4354 1422 4405 auribus
1440 4356 1669 4423 percipe,
1695 4367 1838 4410 terra
1856 4358 1922 4412 ²¹.
1950 4358 2085 4424 Quis

498 4443 602 4496 iste
667 4453 857 4510 stupor
905 4445 1001 4513 qui
1055 4445 1150 4498 Dei
1200 4448 1462 4513 populum
1491 4447 1866 4502 dementavit?
1910 4451 2074 4516 Audi,

498 4532 693 4590 Oriens
719 4545 771 4588 et
802 4533 1090 4599 Occidens,
1144 4539 1419 4606 quomodo
1452 4550 1719 4594 excaecata
1751 4551 1836 4594 est
1873 4540 2087 4612 Byzan-

501 4632 616 4682 tina
664 4630 854 4698 regio;
908 4631 1186 4699 quomodo
1218 4631 1530 4697 obsurduit,
1569 4649 1749 4702 neque
1786 4636 2086 4703 reprehen-

498 4722 670 4777 sionis
710 4732 906 4776 vestrae
938 4739 1125 4778 vocem
1189 4724 1361 4790 audit,
1421 4740 1519 4780 nec
1575 4727 1874 4781 testimonii
1914 4730 2084 4783 vestri

498 4817 808 4886 exemplum
838 4816 1078 4886 inspicit,
1118 4821 1212 4870 sed
1238 4817 1468 4871 Jannem
1501 4826 1554 4872 ct
1585 4816 1888 4882 Jambrem,
1921 4821 2084 4874 Chri-

2183 3246 2322 3305 κοῖς.
2353 3245 2466 3314 Πρὸ
2501 3247 2594 3298 τοῦ
2636 3247 3004 3317 ’Δντιχρίστου
3066 3248 3458 3318 Ἀντίχριστος·
3509 3248 3662 3319 ἤρθη
3688 3247 3782 3315 ἀφ’

2185 3334 2344 3404 ήμῶν
2373 3339 2433 3388 τὸ
2468 3341 2694 3408 σημεῖον
2726 3341 2822 3410 τῆς
2855 3328 3134 3410 βασιλείας
3166 3341 3258 3394 τοῦ
3291 3342 3559 3411 Χριστοῦ.

3453 3470 3467 3506 :
3527 3461 3781 3521 ereptum

2257 3628 2321 3680 Εί
2356 3627 2462 3699 γὰρ
2496 3628 2570 3700 μὴ
2595 3627 2772 3689 τοῦτο,
2797 3631 2931 3700 ὅπερ
2966 3631 3083 3683 ἐστί
3104 3630 3166 3683 τὸ
3197 3631 3429 3699 ίνδαλμα
3461 3631 3559 3684 τοῦ
3587 3650 3779 3704 σωμα-

2183 3720 2337 3773 τικοῦ
2366 3719 2528 3773 αὐτοῦ
2563 3721 2912 3791 χαρακτῆρος
2935 3738 2946 3751 ·
2974 3721 3330 3790 ὲμφανίζοιτο
3354 3724 3411 3773 ἐν
3436 3726 3574 3793 ἡμῖν
3604 3742 3780 3795 καρη-

2187 3811 2388 3882 φοροῦν
2416 3813 2508 3865 τὸν
2549 3813 2720 3865 τύπον
2750 3813 2845 3866 τοῦ
2892 3811 3164 3882 σταυροῦο
3206 3813 3344 3866 ἀλλὰ
3384 3815 3450 3866 τὸ
3487 3815 3590 3882 μὲν
3620 3818 3779 3888 ἐκρίο

2186 3921 2406 3968 πτοιτο,
2437 3904 2497 3956 τὸ
2527 3903 2584 3958 δὲ
2603 3905 3039 3976 προσείληπται⁹
3086 3906 3417 3976 μεμέρισται
3443 3907 3684 3977 Χριστός
3703 3926 3715 3939 ο
3743 3909 3777 3979 ἦ

2189 3996 2388 4067 μᾶλλον
2411 3998 2438 4049 6
2458 3995 2711 4066 βασιλεὺς
2729 3997 3077 4052 ἁπέπτυσται
3097 3999 3126 4051 6
3152 3999 3370 4061 κτείνας
3391 3999 3482 4052 τὸν
3501 3999 3775 4055 διάϐολον·

2185 4087 2248 4140 τὸ
2275 4088 2403 4157 δόρυ
2432 4087 2488 4141 δὲ
2521 4088 2586 4141 δι’
2605 4084 2666 4143 οὗ
2684 4090 2774 4143 τὸν
2806 4089 3001 4160 ἐχθρὸν
3020 4089 3242 4159 ἔσφαξε,
3265 4091 3325 4142 τὸ
3350 4090 3546 4143 τούτου
3571 4095 3776 4162 κράτος

2190 4181 2489 4251 ἀνεδήσατο
2517 4182 2774 4252 διάδημα’
2801 4184 2886 4236 ἐπ’
2909 4182 3000 4256 ῐσῃ
3028 4184 3156 4255 νίκῃ
3172 4181 3266 4234 τοῦ
3300 4183 3610 4250 σφαγέντος
3639 4186 3775 4238 ὑπο-

2187 4273 2376 4340 τάξοίν,
2418 4275 2492 4339 ὡς
2526 4275 2741 4346 ἐχθρὸν,
2792 4277 2884 4329 τὸν
2917 4273 3361 4345 κατασφάξαντα.
3408 4278 3643 4346 Ἄκουε,
3672 4280 3775 4332 οὺ-

2180 4367 2364 4435 ρανὲ,
2410 4371 2508 4421 καὶ
2544 4369 2840 4430 ἐνωτιζου.
2868 4368 2966 4437 γῆ.
3015 4368 3113 4432 Τίς
3145 4369 3178 4439 ὴ
3215 4367 3474 4432 ἔκστασις
3527 4371 3671 4440 αῦτη
3708 4373 3776 4440 ἢν

2185 4459 2375 4527 ἐξέστη
2406 4460 2434 4510 6
2463 4459 2587 4529 λαὸς
2615 4459 2706 4511 τοῦ
2732 4458 2866 4511 Θεοῦ
2893 4476 2908 4525 ;
2938 4459 3158 4525 Ἄκουε,
3181 4459 3435 4529 Ἀνατυλὴ
3467 4463 3564 4514 καὶ
3592 4465 3772 4525 Λύσις,

2188 4550 2338 4612 ὅπως
2390 4550 2732 4621 ἐξετυφλώθη
2783 4553 2814 4619 ὴ
2866 4549 3166 4613 Βυζαντίςο
3200 4551 3349 4614 ὅπως
3403 4552 3770 4622 κεκώφωται,

2190 4641 2377 4710 φωνῆς
2408 4642 2561 4710 ὑμῶν
2603 4643 2929 4712 ἐλεγκτικῆς
2964 4643 3064 4695 οὐκ
3107 4643 3422 4696 ἀκούσασα’
3462 4645 3776 4698 ὑποδεικτι-

2190 4737 2292 4804 κῆς
2324 4733 2478 4804 ὑμῶν
2507 4736 2815 4806 μαρτυρίας
2846 4736 2950 4789 οὐκ
2983 4735 3334 4805 ἐμϐλέπουσα
3357 4753 3371 4768 ο
3409 4736 3528 4790 ἀλλ’
3575 4737 3773 4792 Ἰαννοῦ

2193 4826 2285 4877 καὶ
2323 4825 2580 4895 ἰαμϐροῦ
2605 4827 2713 4879 τῶν
2739 4827 3076 4881 ἀντιστατῶν
3107 4826 3370 4898 Χριστοῦ,
3391 4829 3495 4899 τῆς
3524 4829 3774 4900 ὀλεθρίου

501 4908 571 4962 sti
613 4909 849 4962 hostium
876 4923 974 4978 par
1002 4909 1299 4975 exitiabile,
1338 4912 1485 4978 quod
1527 4909 1790 4975 Trinitas,
1823 4921 1907 4965 sat
1930 4913 2075 4974 scio,

2189 4919 2377 4981 δυάδος
2395 4959 2409 4981 ,
2441 4921 2505 4989 ἢν
2535 4915 2592 4972 εὖ
2624 4916 2717 4972 οἶδ’
2743 4921 2822 4973 ὅτι
2852 4922 2884 4990 ἡ
2907 4919 3080 4991 Τριὰς
3109 4922 3166 4973 ὲν
3194 4922 3352 4990 τάχει
3379 4921 3736 4975 καταλύσειεν
3757 4938 3774 4952 ·

499 4999 651 5053 brevi
694 5000 955 5055 dissolvet
1000 5017 1014 5053 :
1074 5011 1133 5055 ut
1161 5017 1286 5056 cum
1332 5004 1550 5058 duobus
1599 5004 1781 5074 impiis
1833 5006 1928 5074 qui
1971 5006 2082 5076 jam

503 5093 809 5162 perierunt,
867 5095 1091 5148 tollatur
1148 5096 1217 5150 de
1270 5097 1448 5150 medio
1502 5097 1648 5152 istud
1705 5113 1924 5168 quoque
1964 5115 2083 5169 par,

502 5183 865 5253 quadrijugus
892 5185 982 5239 ille
1012 5186 1218 5240 diaboli
1256 5203 1474 5242 currus.
1506 5188 1624 5242 Huc
1648 5205 1802 5253 vero,
1835 5189 1942 5243 huc
1971 5189 2085 5244 fra-

503 5287 628 5329 ter:
672 5278 867 5331 iterum
915 5281 1217 5334 certamina
1257 5296 1534 5336 consere:
1585 5281 1854 5337 Dominus
1905 5283 2080 5352 jubet.

503 5366 653 5422 Bona
689 5373 858 5424 verba
885 5373 1211 5428 venerandis
1236 5374 1465 5428 auribus
1508 5373 1692 5444 ingere
1725 5375 1797 5444 pii
1839 5374 2083 5444 impera-

507 5462 642 5516 toris
672 5463 866 5517 nostri.
898 5465 1143 5519 lmitetur
1183 5467 1520 5521 celebratum
1556 5468 1709 5521 illum
1741 5466 1971 5522 Josiam.
2004 5467 2088 5523 Sit

507 5567 682 5606 novus
714 5554 904 5622 David,
936 5558 1050 5612 sive
1086 5567 1147 5612 ut
1177 5558 1423 5624 Saulem,
1475 5560 1592 5614 sive
1634 5567 1696 5614 ut
1731 5564 2083 5625 Ammonem,

508 5646 708 5705 Leonis
762 5653 1080 5707 exsecrandi
1132 5662 1252 5708 acta
1307 5654 1645 5720 rescindens,
1710 5670 1764 5710 et
1792 5655 1896 5710 hoc
1924 5658 2085 5709 modo

586 5836 696 5892 "ll
720 5835 911 5895 Thess.
955 5854 1017 5898 tt.
1057 5838 1110 5894 4.

2183 5009 2258 5070 ὠς
2311 5007 2377 5060 ἂν
2425 5010 2520 5061 σὺν
2573 5011 2689 5072 τοῖς
2740 5010 3122 5080 προολεσθεῖσι
3165 5010 3317 5063 δυσὶν
3369 5013 3633 5066 ἀσεϐέσιν
3663 5015 3772 5066 ἀπ-

2183 5102 2398 5172 αχθεῖεν
2460 5105 2553 5156 καὶ
2614 5103 2753 5172 αῦτη
2817 5106 2850 5174 ὴ
2905 5103 3073 5170 δυάς,
3113 5102 3175 5156 τὸ
3223 5106 3638 5176 τετρακέφαλον
3674 5103 3769 5156 τοῦ

2181 5196 2430 5248 διαϐόλου
2462 5195 2633 5267 ἅρμα.
2655 5196 2824 5267 Δεῦρο
2857 5196 2943 5267 δὴ,
2975 5195 3156 5267 δεῦρο,
3187 5197 3386 5266 ἀδελφέ
3405 5213 3418 5226 ·
3443 5194 3756 5251 καταϐαλοῦ

2186 5289 2267 5341 ἔτι
2295 5290 2513 5357 ἀγῶνας
2535 5307 2547 5320 ·
2577 5291 2780 5361 Κύριος
2808 5289 3046 5346 κελεύει.
3076 5291 3325 5361 Λάλησον
3355 5290 3542 5357 ἀγαθὰ
3572 5293 3646 5352 είς
3670 5288 3772 5353 τὰς

2192 5382 2381 5451 τιμίας
2420 5381 2590 5445 ἀκοὰς
2619 5381 2713 5434 τοῦ
2754 5381 3013 5446 εὐσεϐοῦς
3054 5381 3322 5452 βασιλέως
3353 5382 3532 5453 ἡμῶν.
3576 5382 3770 5450 Miuu-

2195 5473 2379 5527 σάσθω
2433 5475 2644 5526 Ἰωσίαν
2693 5473 2785 5528 τὸν
2820 5475 3086 5546 ἀοίδιμον.
3134 5475 3343 5528 Γίνοιτο
3394 5474 3517 5538 νέος
3571 5472 3770 5539 Δαυῖδ,

2191 5566 2304 5618 εἴτε
2354 5566 2430 5628 ὡς
2463 5566 2668 5630 Σαοὺλ,
2705 5567 2815 5620 εἴτε
2855 5567 2931 5630 ὡς
2976 5566 3193 5637 ’Λμὼν,
3241 5569 3311 5621 τὰ
3352 5569 3445 5620 τοῦ
3483 5566 3768 5634 ἐξαγίστου

2193 5657 2421 5721 Λέοντος
2482 5658 2834 5713 καταπτύων’
2899 5659 3193 5713 κάντεῦθεν
3240 5659 3376 5713 Θεὸν
3422 5655 3765 5728 ἐξευμενιζόο

1213 5841 1258 5872 ¹⁰
1286 5837 1430 5895 Psal.
1465 5855 1652 5908 sum,
1684 5840 1738 5895 2.
1815 5841 1854 5872 ³¹
1910 5839 2012 5895 lsa.
2051 5852 2089 5905 ι,
2122 5835 2178 5892 2.
