3934 6492
3138 0 3532 14 7—____'___—

251 459 394 528 1313
1435 461 1824 525 EPISTOLAI

1927 464 1970 523 Η
2025 463 2175 524 LIB.
2222 463 2308 524 ΙΙ.
3357 452 3495 520 1314

247 598 444 651 μενος,
476 579 573 634 καὶ
601 578 680 650 τῷ
706 579 806 650 τῆς
843 577 1198 650 είρηναρχίας
1224 577 1408 646 στέφει
1438 578 1501 630 τὸ
1521 579 1620 647 τῆς
1655 578 1812 648 βασι-

1927 576 2086 632 Deum
2127 577 2375 646 placans,
2426 584 2590 646 atque
2637 574 3134 630 administrationis
3183 571 3498 641 tranquillae

242 670 396 734 λείας
425 667 590 724 αὐτοῦ
619 669 820 736 κράτος
853 668 1106 739 ἀνίκητον
1127 666 1602 738 περιποιούμενος.

1927 683 2117 724 corona
2145 668 2316 722 robur
2345 667 2557 736 imperii
2581 666 2665 720 sui
2697 666 2930 721 reddens
2961 664 3360 735 insuperabile.

462 781 602 848 οςν.
633 809 702 820 -
735 775 1019 846 Στεφάνῳ
1041 777 1369 846 μαγίστρῳ.
1397 774 1600 849 [bks-2]

661 915 862 965 Solatur
896 926 950 962 ιιι
981 911 1156 962 uxoris
1188 911 1327 961 obitu
1355 926 1367 957 :
1395 919 1498 960 tum
1520 917 1575 960 ut
1601 923 1690 973 pro
1715 909 2016 973 imaginibus
2039 913 2168 976 apud
2199 924 2377 962 novum
2397 911 2673 975 principem
2705 917 2832 973 agat,
2852 910 3095 962 hortatur.

2226 778 2460 835 LXXVI.
2489 810 2558 820 —
2583 777 2852 848 Stephano
2902 780 3177 850 magistro.

323 1013 490 1082 Οἶδα,
536 1017 800 1083 δέσποτα,
845 1021 967 1082 ταῖς
1021 1018 1316 1087 ὑπεροχαῖς
1368 1015 1817 1080 ὑποστέλλεσθαι,

1984 1014 2145 1082 Novi,
2176 1016 2417 1082 domine,
2466 1016 2762 1087 dignitates
2791 1015 3046 1082 revereri,
3089 1014 3323 1068 maxime
3357 1029 3494 1070 vero

246 1111 348 1164 καὶ
399 1109 632 1179 μάλιστα
670 1109 734 1179 τῇ
779 1109 846 1178 σῇ
905 1107 1323 1179 ἀνυπερϐλήτῳ.
1384 1107 1526 1160 Ἀλλ’
1574 1108 1722 1178 ὅμως
1759 1108 1820 1160 τὸ

1927 1109 2204 1164 sublimem
2252 1110 2399 1164 illam
2431 1117 2604 1164 tuam.
2648 1107 2769 1164 Tua
2811 1116 2994 1162 tamen
3038 1105 3271 1161 comitas
3296 1105 3501 1160 animi-

247 1199 574 1269 εὐπρόσιτόν
605 1214 698 1254 σου
730 1198 823 1251 καὶ
855 1197 1072 1269 μέτριον
1100 1197 1194 1250 τοῦ
1221 1198 1585 1268 φρονήματος,
1619 1197 1816 1249 ἔδωκεν

1927 1217 2020 1271 que
2045 1202 2310 1257 modestia
2366 1201 2621 1270 loquendi
2659 1209 2984 1270 potestatem
3048 1198 3206 1252 nobis
3249 1197 3400 1263 fecit,
3443 1207 3498 1252 et

245 1294 388 1362 ἡμῖν
417 1289 749 1361 παρρησίαν,
805 1289 898 1343 καὶ
950 1289 1118 1342 πάλαι
1155 1288 1285 1341 ποτὲ
1335 1289 1671 1353 ἐπιστεῖλαι,
1724 1289 1817 1342 καὶ

1927 1293 2242 1362 iampridem
2283 1293 2350 1348 ad
2391 1301 2441 1346 te
2470 1292 2829 1358 scribendi,et
2864 1305 3010 1344 nunc
3038 1289 3181 1344 idem
3214 1287 3446 1343 faciendi
3479 1305 3495 1342 :

246 1382 378 1451 ἄρτι
416 1381 477 1433 τὸ
524 1379 656 1432 αὐτὸ
697 1379 954 1449 ποιῆσαι,
1003 1377 1294 1442 καλοῦντος
1341 1377 1438 1431 τοῦ
1495 1380 1687 1449 χρόνου
1724 1379 1818 1430 καὶ

245 1471 539 1542 ἁφεμένων
566 1470 726 1540 ἡμῶν
746 1471 853 1523 τῶν
875 1470 1218 1540 ἁμαρτωλῶν
1239 1469 1342 1540 τῆς
1362 1469 1451 1524 διά
1483 1470 1686 1539 Κύριον
1721 1487 1822 1537 φυ-

247 1562 428 1632 λακῆς
450 1603 464 1625 .
497 1563 638 1616 κατά
670 1561 768 1632 τὴν
795 1561 890 1615 τοῦ
915 1561 1200 1624 διώκοντος
1234 1561 1444 1615 παῦλαν
1466 1577 1479 1591 ο
1507 1561 1630 1632 ἥτις
1659 1561 1822 1613 ἀκου-

249 1654 442 1707 σθεϊσα
469 1654 639 1724 ἦχησε
678 1653 875 1716 παντὸς
922 1651 1213 1720 ἀνθρώπου
1259 1653 1544 1723 ἀμφότερα
1573 1654 1642 1706 τά
1667 1645 1784 1705 ὦτα
1804 1670 1816 1684 ο

1918 1385 2174 1453 quoniam
2211 1383 2263 1438 id
2302 1393 2518 1453 tempus
2549 1383 2749 1452 poscit,
2787 1396 2996 1450 nosque
3025 1387 3343 1449 peccatores
3373 1393 3500 1433 car-

1919 1490 2044 1530 cere
2095 1483 2317 1545 propter
2361 1473 2656 1528 Dominum
2699 1474 2932 1527 tolerato
2976 1471 3141 1526 soluti
3183 1486 3373 1525 sumus
3402 1485 3502 1538 per

1919 1565 2199 1620 interitum
2231 1566 2614 1636 persequentis
2645 1581 2659 1618 :
2693 1565 2852 1634 cujus
2878 1573 2934 1618 ut
2965 1562 3106 1618 fama
3131 1562 3497 1632 percrebruit,

1920 1658 2096 1711 ambae
2147 1656 2392 1711 omnium
2447 1657 2733 1710 hominum
2789 1671 2952 1710 aures
3010 1655 3499 1709 tinnieruntznon

246 1746 354 1815 οὐχ
377 1747 459 1798 ὅτι
496 1745 686 1808 ἁπλῶς
717 1745 861 1817 ἤρθη
880 1760 894 1774 ·
929 1744 1043 1797 ἀλλ’
1071 1745 1153 1798 ὄτι
1187 1744 1636 1810 τοιουτοτρόπως.
1666 1743 1816 1814 Αὕτη

1927 1749 2062 1819 quod
2089 1749 2411 1818 simpliciter
2441 1749 2688 1802 sublatus
2727 1748 2793 1802 de
2826 1746 3027 1811 medio,
3073 1745 3168 1800 sed
3214 1745 3358 1813 quod
3402 1744 3498 1798 tali

251 1840 358 1907 μὲν
382 1833 532 1908 οὖνὴ
587 1838 860 1907 πρόφασις
908 1839 1009 1907 τῆς
1059 1837 1370 1907 ἐπιπολῆς.
1409 1837 1548 1906 Ἐγὼ
1599 1837 1657 1890 δὲ
1717 1839 1822 1910 πρὸ

250 1930 354 1997 τῆς
377 1929 714 2000 όρμηθείσης
740 1945 830 1999 μοι
865 1928 1175 1994 ὑποθέσεως
1197 1931 1276 1992 είς
1296 1930 1356 1982 τὸ
1388 1929 1620 1999 γράψαι,
1647 1933 1823 1984 ὲκεῖνο

253 2020 540 2091 ὑποδηλῶ·
580 2022 662 2073 ὅτι
692 2020 793 2072 οὐκ
838 2021 1187 2083 ἀστενάκτως
1223 2021 1318 2073 καὶ
1352 2021 1578 2084 ἀπαθῶς
1614 2021 1823 2091 ἣνεγκα

247 2112 353 2183 τὴν
377 2113 547 2182 ἀκοὴν
579 2109 673 2164 τοῦ
708 2109 942 2164 Θανάτου
976 2112 1074 2182 τῆς
1111 2111 1324 2182 ἀγαθῆς
1367 2112 1460 2165 καὶ
1493 2113 1822 2181 ἀειμνήστου

248 2203 524 2274 ὁμοζύγου
555 2219 646 2255 σου
666 2219 680 2232 ·
719 2202 1122 2273 ἐνθυμούμενος
1167 2203 1363 2274 ἡλίκην
1388 2203 1600 2274 πληγὴν
1630 2204 1823 2257 ἐλαϐεν

249 2295 289 2366 ἡ
313 2295 472 2365 τιμία
498 2311 591 2347 σου
613 2294 759 2366 ψυχὴ
779 2298 845 2367 τῇ
873 2295 1144 2360 διαζεύξει
1161 2313 1173 2327 ·
1201 2297 1324 2349 ἐπεὶ
1343 2292 1412 2368 ἦν
1438 2298 1685 2368 μακαρία
1712 2295 1822 2349 τῶν

247 2387 422 2449 ὅντως
443 2388 741 2441 ἐπαινετῶν
766 2388 1070 2457 γυναικῶν⁸
1095 2389 1219 2442 ὅσον
1247 2390 1355 2443 ἀπὸ
1378 2391 1475 2459 τῆς
1503 2389 1606 2456 ἔξω
1629 2389 1821 2460 ἀκοῆς,

248 2474 322 2550 ἧς
353 2480 550 2550 πεῖραν
589 2479 745 2548 κάγὼ
774 2479 1000 2550 -μικράν
1028 2481 1057 2534 6
1109 2482 1386 2548 ταπεινὸς,
1420 2481 1581 2534 πλέον
1606 2481 1664 2534 δὲ
1690 2483 1826 2546 μᾶλ-

249 2567 346 2621 λον
374 2567 403 2618 6
455 2568 723 2638 μακάριός
782 2585 884 2639 μου
930 2570 1112 2639 πατὴρ
1158 2567 1379 2637 εἴληφε·
1429 2568 1499 2621 τὰ
1534 2567 1591 2620 δὲ
1642 2568 1824 2631 πάντα

251 2657 400 2712 κατά
441 2659 619 2713 πάντα
665 2660 825 2720 αὐτὸς
861 2653 939 2725 ei,
976 2659 1133 2731 κύριέ
1170 2676 1303 2728 μου,
1353 2657 1528 2721 εἰδώς.
1575 2659 1823 2730 Ἐκείνης

253 2750 358 2818 μὲν
382 2751 467 2820 εἴη
501 2749 562 2804 τὸ
603 2752 946 2818 μνημόσυνον
985 2751 1124 2821 μετὰ
1159 2751 1404 2803 δικαίων.
1439 2749 1822 2820 Τεκμαίρομαι

251 2839 365 2908 γάρ
412 2840 494 2892 ὅτι
543 2840 638 2893 καὶ
688 2838 973 2910 ὀρθόφρων
1007 2834 1076 2909 ἦν
1126 2837 1246 2892 λίαν
1305 2837 1445 2909 μετά
1497 2838 1598 2908 τῆς
1656 2837 1823 2908 ἄλλης

248 2932 477 3002 ἀρετῆς.

325 3199 402 3260 Ob
430 3205 486 3260 δὲ
513 3205 677 3278 χάριν
707 3207 768 3262 τὸ
795 3208 1052 3279 γράμμα,
1094 3207 1360 3279 πρόδηλον
1395 3210 1461 3280 τῇ
1493 3209 1828 3280 μεγαλοφυεῖ

251 3313 352 3351 σου
383 3298 620 3370 ἐξουσίᾳ.
661 3298 943 3367 Ἐπιζητεί
966 3316 1022 3352 σε
1049 3301 1077 3354 6
1108 3304 1265 3370 χορὸς
1286 3300 1395 3353 τῶν
1424 3301 1790 3370 διδιωγμένων
1808 3317 1824 3332 ⁶

249 3391 595 3443 ἑπικαλεϊταί
621 3406 680 3443 σε
716 3392 742 3444 6
766 3390 922 3459 λόγος
948 3391 1046 3460 τῆς
1074 3390 1360 3456 ἀληθείας
1383 3391 1412 3443 6
1456 3391 1556 3458 μὲν
1586 3392 1661 3453 ὡς
1702 3391 1824 3460 φιλ-

247 3479 456 3549 ευσεῦῆ
503 3481 600 3534 καὶ
649 3481 1014 3553 φιλομόναχον
1059 3499 1075 3515 ο
1107 3485 1135 3535 6
1178 3482 1234 3534 δὲ
1263 3481 1340 3545 ὡς
1381 3481 1618 3552 ἐραστὴν
1660 3483 1828 3553 αὐτῆς

249 3573 752 3644 ιύπαρῤησίαστον.
812 3575 924 3645 Οὐχ
981 3575 1062 3629 ὅτι
1114 3575 1214 3628 οὐκ
1266 3575 1530 3646 ὲκινήθης
1595 3577 1701 3639 ἕως
1732 3575 1827 3629 τοῦ

246 3662 352 3718 νῦν
389 3665 691 3736 προμαχῶν
715 3666 1070 3736 ἀμφοτέρων·
1125 3666 1356 3736 ἐπείπερ
1385 3666 1701 3737 ⁴ἠκούσαμεν
1742 3661 1829 3719 οἶα

250 3754 583 3823 θεοκινήτως
616 3753 714 3807 καὶ
762 3756 1057 3825 πέπρακας
1107 3755 1202 3807 καὶ
1232 3755 1488 3825 λέλεχας·
1521 3756 1638 3809 ἀλλ’
1683 3757 1828 3820 ὅπως

248 3843 351 3896 καὶ
376 3843 514 3913 πρὸς
539 3843 602 3896 τὸ
630 3844 780 3913 ἑξῆς.
826 3843 988 3915 Ὁρᾷς
1008 3886 1023 3906 ,
1051 3845 1292 3899 δέσποτά
1332 3863 1456 3916 μου,
1489 3841 1603 3899 οἷον
1642 3847 1702 3898 τὸ
1730 3864 1830 3900 και

248 3934 352 3987 κὸν
401 3937 502 4003 τῆς
553 3936 854 4005 αίρέσεως;
913 3936 1046 3988 Οὐδὲ
1102 3937 1209 4008 γὰρ
1257 3940 1307 3990 εί
1360 3937 1434 4009 μὴ
1467 3939 1824 4010 τηλικοῦτον,

245 4025 498 4079 τοσοῦτοι
543 4028 596 4079 οί
643 4028 972 4098 πάσχοντες,
1004 4029 1100 4083 καὶ
1128 4030 1367 4084 τοσαῦτα
1407 4032 1477 4084 τά
1527 4032 1831 4102 αίκίσματα

248 4118 350 4172 καὶ
384 4119 716 4191 θλιπτήρια,
764 4119 802 4175 ἃ.
846 4123 1039 4193 μέχρις
1082 4123 1328 4192 ἐσχάτων
1376 4124 1478 4192 τῆς
1506 4125 1830 4194 οἰκουμένης

246 4211 531 4282 διέδραμε.
579 4213 805 4277 Βλέπεις
836 4215 928 4267 καὶ
958 4215 1050 4268 τὸν
1095 4215 1188 4268 τοῦ
1231 4215 1520 4281 διώξαντος
1574 4217 1828 4272 θάνατον.

247 4303 668 4374 Παρακλήθητι,
693 4305 1168 4376 ὁεύπαράκλητος.
1191 4307 1575 4378 Συγκινήθητι,
1594 4311 1622 4361 6
1654 4309 1831 4362 θεοκί-

246 4409 436 4463 νητος.
489 4395 715 4467 Ὄρεξον
755 4399 912 4467 χεῖρα
957 4398 1132 4468 χαμαὶ
1169 4399 1394 4470 κειμένῃ
1427 4401 1494 4469 τῇ
1529 4399 1650 4453 καθ’
1673 4401 1826 4470 ἡμᾶς

260 4486 564 4559 Ἐκκλησία
603 4489 728 4542 ὅσον
777 4488 1050 4558 ἐνδέχεται
1073 4505 1087 4520 ·
1122 4491 1205 4559 ἐφ’
1256 4492 1378 4543 ὅσον
1412 4493 1564 4561 ίσχὺς
1589 4491 1821 4562 λάλησον
1856 4479 1900 4535 D

249 4580 336 4642 είς
364 4579 434 4632 τὰ
470 4573 585 4633 ὦτα
610 4580 705 4633 τοῦ
749 4579 1006 4642 εὐσεϐοῦς
1034 4582 1067 4652 ή
1078 4581 1191 4650 μῶν
1217 4580 1482 4651 βασιλέως
1509 4581 1588 4634 ἔτι
1618 4584 1816 4651 ἀγαθά.

260 4668 439 4742 ’Υπὲρ
458 4670 696 4740 Χριστοῦ
723 4687 805 4724 σοι
824 4670 885 4723 τὸ
910 4671 1220 4740 ἀγώνισμα,
1249 4671 1387 4742 ὑπὲρ
1408 4672 1506 4742 τῆς
1534 4672 1821 4737 Θεοτόκου,

251 4757 401 4830 ὑπὲρ
431 4759 651 4812 πάντων
697 4759 806 4812 τῶν
854 4758 1044 4827 ἁγίων.
1102 4760 1235 4813 Οὐδὲ
1268 4761 1376 4831 γὰρ
1414 4762 1464 4814 εί
1491 4778 1573 4825 τις
1605 4765 1705 4832 τῆς
1729 4761 1824 4814 τοῦ

252 4846 522 4919 βασιλέως
546 4847 756 4910 εἰκόνος
791 4849 1148 4918 ἀντεχόμενος
1189 4849 1338 4918 λέγει
1370 4867 1423 4903 τι
1472 4851 1506 4922 ἣ
1549 4852 1821 4922 πράσσει,

247 4935 401 5005 ἄλλῳ
431 4935 538 4988 τινὶ
584 4935 617 5005 ἢ
659 4935 735 5006 τῷ
771 4936 981 5006 βασιλεί
1031 4939 1312 5009 χαρίζεται
1359 4941 1451 4994 τὸν
1480 4942 1656 5010 λόγον.
1716 4943 1827 4997 Καὶ

252 5028 387 5098 περὶ
424 5028 543 5093 ένδς
572 5027 730 5097 ἁγίου
767 5030 818 5081 εί
850 5025 920 5100 ἦν
947 5029 1008 5083 τὸ
1050 5031 1379 5101 λεγόμενον·
1432 5034 1690 5104 μέγιστόν
1741 5053 1824 5089 σοι

251 5120 317 5173 τὸ
344 5116 528 5174 ἆθλον.
562 5122 738 5174 Ὅπου
767 5121 823 5174 δὲ
884 5123 1138 5196 Χριστὸν,
1191 5126 1287 5178 καὶ
1319 5127 1460 5197 ὑπὲρ
1506 5127 1741 5198 Χριστοῦ
1791 5130 1825 5200 ἡ

251 5210 577 5283 διάπραξιςο
627 5208 738 5284 ἆρα
779 5214 900 5285 οὐχὶ
946 5218 1090 5286 χαρά
1126 5234 1240 5280 σοι,
1271 5218 1399 5283 δόξα
1425 5237 1485 5273 τε
1531 5221 1626 5274 καὶ
1653 5223 1825 5290 ἀγαλ-

255 5301 459 5368 λίασις,
486 5305 583 5357 σὺν
606 5306 774 5379 πολλῇ
805 5308 1084 5380 προθυμίᾳ
1109 5311 1231 5364 ὂλδν
1257 5313 1483 5365 σεαυτὸν
1508 5314 1787 5367 ἐπιδοῦναι
1809 5332 1824 5380 ;

253 5392 402 5460 Ναὶ,
433 5393 592 5464 κύριέ
628 5413 729 5466 μου
777 5398 1098 5470 ἀειπόθητε,
1145 5402 1442 5454 ὲκδυσωπῶ
1472 5402 1627 5472 κάγὼ
1656 5405 1684 5456 ό
1732 5407 1827 5459 τά-

254 5482 377 5546 λας.
416 5485 529 5539 Καὶ
564 5485 740 5552 ἄλλως
771 5489 854 5542 ὃτι
894 5491 1026 5562 ἡμῖν
1076 5492 1262 5557 αὐτοῖς
1294 5495 1693 5566 εὐεργετοῦμεν
1731 5498 1826 5551 τοῦ

255 5573 443 5626 κοινοῦ
477 5577 883 5646 φροντίζοντες·
924 5581 1155 5654 ἐπείπερ
1188 5585 1550 5656 συννοσοῦμεν
1574 5602 1587 5615 ’
1637 5588 1739 5640 κᾶν
1766 5590 1825 5642 οὐ

259 5665 578 5754 φρονήματι
618 5669 896 5742 στρεϐλῷ,
949 5674 1097 5743 ὅμως
1143 5676 1188 5729 δ’
1243 5673 1336 5731 οὖν
1373 5682 1722 5750 χραινόμενοι
1758 5687 1824 5754 τῇ

260 5753 514 5829 αιρετικῇ
576 5761 849 5818 κοινωνία.
907 5764 1054 5837 Αῦτη
1101 5767 1247 5823 ἐστὶν
1293 5771 1326 5840 ή
1389 5773 1617 5846 ταπεινὴ
1672 5753 1828 5845 ἡμων

1925 1841 2107 1895 modo.
2161 1840 2288 1896 Haec
2339 1855 2500 1909 porro
2540 1840 2702 1908 hujus
2757 1838 3002 1908 epistolae
3054 1835 3300 1907 pmfatio
3346 1845 3489 1892 esto.

1923 1932 2078 1987 Nunc
2100 1947 2228 1987 vero
2261 1941 2553 2001 antequam
2583 1930 2649 1984 ad
2683 1930 3023 1998 propositum
3055 1928 3187 1982 mihi
3219 1928 3498 1983 scribendi

1923 2035 2300 2093 argumentum
2332 2023 2640 2093 aggrediar,
2679 2021 2824 2076 istud
2852 2022 3027 2076 obiter
3065 2020 3349 2092 signitico;
3387 2035 3500 2074 non

1925 2116 2044 2171 sine
2074 2115 2224 2169 luctu
2262 2114 2566 2183 intimoque
2597 2129 2762 2168 sensu
2813 2112 3021 2167 doloris
3073 2113 3351 2181 accepisse
3408 2125 3499 2165 me

1925 2206 2176 2260 nuntium
2217 2204 2284 2259 de
2315 2205 2466 2258 obitu
2492 2204 2714 2274 optimae
2742 2212 3055 2272 aeternaque
3104 2203 3369 2256 memoria
3414 2202 3501 2256 di-

1925 2313 2045 2369 gna:
2075 2296 2324 2367 conjugis
2357 2306 2505 2351 tuae:
2558 2310 2683 2350 cum
2725 2295 2866 2363 apud
2909 2310 2996 2349 me
3044 2306 3289 2360 reputem
3322 2309 3502 2363 quan-

1925 2399 2040 2446 tum
2067 2391 2170 2445 hac
2217 2389 2586 2458 disjunctione
2623 2387 2926 2440 veneranda
2965 2386 3148 2439 anima
3180 2394 3272 2439 tua
3298 2385 3502 2438 vulnus

1924 2483 2197 2551 acceperit
2228 2499 2241 2535 :
2272 2478 2714 2550 quandoquidem
2760 2478 2888 2532 felix
2935 2478 3027 2532 illa
3067 2493 3196 2533 vere
3245 2479 3387 2531 inter
3421 2475 3502 2530 fe-

1923 2573 2102 2628 minas
2164 2572 2467 2627 laudabiles
2519 2571 2748 2637 exstitit,
2779 2579 3044 2641 quantum
3083 2571 3305 2641 quidem
3354 2568 3500 2624 fama

1921 2665 2198 2734 popularis
2255 2665 2463 2728 retulit,
2523 2663 2682 2732 cujus
2735 2663 2854 2718 leve
2910 2665 3353 2732 experimentum
3397 2676 3501 2731 ego

1923 2757 2170 2820 humilis,
2202 2757 2372 2810 multo
2399 2770 2531 2810 vero
2555 2756 2732 2821 majus
2758 2755 2954 2812 beatus
2986 2764 3144 2824 pater
3192 2770 3349 2808 meus
3400 2770 3495 2807 ac-

1922 2849 2065 2919 cepit
2092 2866 2104 2902 :
2141 2847 2326 2902 omnia
2352 2863 2482 2902 vero
2507 2849 2734 2903 omnino
2770 2849 2906 2916 ipse,
2938 2846 3164 2901 Domine
3195 2846 3292 2909 mi,
3327 2847 3498 2914 [ιι-οιιε

1921 2939 2085 2995 nosti.
2113 2937 2196 2993 Sit
2221 2948 2402 2994 autem
2430 2939 2576 2994 illius
2599 2939 2858 2994 memoria
2883 2938 3208 3008 cumjustis.
3235 2940 3327 2992 Sic
3353 2938 3499 2992 enim

1924 3028 2157 3098 conjicio
2189 3046 2202 3082 :
2232 3029 2492 3098 quoniam
2527 3038 2724 3099 praeter
2760 3037 2986 3083 caeteras
3027 3029 3255 3082 virtutes
3307 3038 3492 3081 erecto

1927 3119 2251 3188 excelsoque
2274 3118 2458 3172 animo
2491 3116 2614 3172 fuit.

1998 3210 2130 3278 Quae
2156 3211 2228 3266 sit
2263 3221 2444 3264 autem
2474 3208 2756 3264 scribendi
2793 3223 2996 3272 causa,
3044 3207 3346 3276 magnificae
3393 3216 3502 3262 tuae

1927 3302 2181 3375 potestati
2208 3301 2399 3371 liquet.
2428 3298 2602 3354 Tuam
2629 3299 2884 3369 implorat
2905 3313 3064 3369 opem
3095 3307 3274 3353 cmtus
3302 3313 3494 3352 eorum

1927 3395 2022 3467 qui
2063 3393 2491 3465 persecutionem
2551 3392 2884 3461 patiuntur:
2946 3392 3164 3446 invocat
3216 3400 3268 3445 te
3315 3405 3500 3446 sermo

1927 3484 2329 3541 veritatis:ille
2369 3483 2611 3554 quidem,
2659 3492 2719 3536 ut
2753 3483 2968 3552 pietatis
3017 3490 3387 3552 peramantem
3433 3496 3500 3537 ac

1929 3577 2321 3633 monachorum
2353 3575 2522 3640 :iste,
2552 3583 2613 3630 ut
2655 3574 2740 3629 sui
2781 3581 3105 3639 amatorem,
3142 3573 3195 3627 in
3223 3572 3505 3642 loquendo

1930 3669 2182 3724 liberum.
2211 3666 2329 3721 Non
2359 3666 2503 3736 quod
2544 3681 2650 3719 non
2693 3665 2822 3719 olim
2863 3679 3039 3733 usque
3075 3664 3128 3717 in
3174 3663 3320 3718 hunc
3350 3663 3498 3717 diem

1931 3775 2030 3830 pro
2061 3759 2307 3828 utrisque
2330 3758 2526 3812 acriter
2541 3756 2856 3822 dimicaris;
2884 3756 3196 3810 audivimus
3220 3755 3500 3810 enimvero

1930 3852 2110 3924 qualia
2177 3849 2272 3904 Dei
2344 3849 2578 3919 impulsu
2627 3849 2802 3919 egeris
2847 3846 3144 3912 dixerisve;
3213 3847 3308 3902 sed
3357 3854 3500 3904 utet

1931 3946 2206 4014 deinceps.
2240 3942 2423 4005 Vides.
2465 3943 2683 3996 domine
2721 3941 2816 4001 mi.
2851 3948 3054 4009 quanta
3094 3939 3364 3994 haereseos
3395 3939 3500 3994 im-

1931 4039 2174 4109 probitas
2241 4036 2349 4092 sit?
2398 4033 2586 4105 Neque
2630 4033 2798 4096 enim,
2856 4031 2962 4086 nisi
3028 4040 3175 4085 tanta
3227 4031 3389 4093 foret,
3421 4039 3501 4085 tot

1931 4139 2113 4186 essent
2134 4129 2225 4199 qui
2255 4137 2590 4197 paterentur:
2621 4139 2722 4179 nec
2749 4133 2826 4178 tot
2854 4123 3198 4178 contumeliae
3219 4132 3270 4178 et
3293 4139 3496 4178 aerum-

1932 4238 2034 4286 ua:,
2078 4238 2198 4290 quae
2224 4220 2289 4273 ad
2325 4220 2545 4273 ultimos
2592 4216 2742 4271 orbis
2770 4224 3043 4270 terrarum
3077 4214 3283 4269 limites
3310 4231 3499 4284 perve-

1931 4329 2080 4369 nere.
2107 4313 2296 4367 Cernis
2320 4321 2373 4366 et
2396 4311 2771 4380 persequentis
2797 4309 3028 4363 obitum.
3050 4308 3314 4362 Solatium
3342 4324 3497 4378 cape,

1928 4407 2020 4478 qui
2051 4405 2206 4460 facile
2244 4403 2376 4458 illud
2427 4402 2692 4457 admittis.
2747 4400 3160 4463 Commoveare,
3199 4401 3349 4471 quia
3386 4402 3498 4456 Deo

1927 4496 2183 4553 moveris.
2238 4495 2453 4548 Manum
2526 4495 2743 4563 porrige
2795 4491 2948 4546 humi
2983 4492 3184 4561 jacenti
3242 4491 3499 4547 Ecclesiae

1925 4598 2144 4651 nostrae,
2177 4596 2436 4655 quantum
2466 4600 2550 4639 res
2575 4585 2780 4652 patitur
2808 4601 2821 4638 :
2876 4592 3145 4653 quantum
3189 4592 3366 4652 potes,
3399 4584 3498 4637 ad-

1925 4679 2033 4734 huc
2062 4681 2114 4733 in
2150 4693 2333 4732 aurem
2368 4677 2441 4746 pii
2473 4676 2643 4731 nostri
2691 4676 3033 4746 imperatoris
3076 4675 3163 4730 die
3195 4679 3352 4730 bona.
3391 4675 3498 4731 Pro

1926 4772 2145 4826 Christo
2201 4771 2298 4823 tibi
2363 4779 2659 4833 certamen,
2714 4782 2816 4836 pro
2878 4767 3130 4836 Deipara,
3164 4782 3262 4836 pro
3289 4768 3498 4821 sanctis

1925 4860 2199 4914 omnibus.
2251 4857 2437 4926 Neque
2478 4857 2619 4909 enim
2679 4856 2725 4910 si
2798 4855 2924 4924 quis
2982 4856 3325 4925 imperatoris
3382 4871 3500 4908 am-

1926 4949 2124 5018 plexus
2171 4949 2485 5016 imaginem,
2518 4947 2725 5015 aliquid
2757 4947 2888 5001 dicit
2919 4955 3010 5000 aut
3052 4946 3205 5009 facit,
3264 4947 3496 5000 alterum

1926 5042 2231 5112 quempiam
2272 5057 2434 5111 quam
2477 5041 2859 5109 imperatorem
2899 5055 3157 5094 sermone
3184 5041 3496 5109 compellat.

1925 5133 2023 5198 Ae,
2051 5134 2094 5186 si
2125 5150 2293 5186 unum
2335 5149 2364 5187 e
2389 5133 2595 5187 sanctis
2629 5133 2742 5186 haec
2783 5147 2945 5186 causa
2978 5141 3274 5201 spectaret,
3305 5134 3498 5202 ingens

1926 5233 2175 5279 maneret
2212 5234 2263 5277 te
2297 5224 2602 5293 praemium.
2661 5223 2761 5278 Ubi
2824 5239 2954 5277 vero
2995 5224 3270 5289 Christus,
3311 5236 3364 5277 et
3396 5239 3497 5293 pro

1925 5317 2142 5373 Christo
2195 5318 2468 5386 negotium
2506 5325 2631 5379 est;
2673 5331 2779 5369 non
2819 5316 2916 5369 tibi
2960 5314 3168 5378 laetitia,
3205 5317 3396 5385 gloria,
3441 5326 3498 5370 et

1927 5408 2214 5463 exsultatio
2240 5415 2342 5472 est,
2387 5423 2509 5458 cum
2555 5406 2758 5474 ingenti
2805 5406 3086 5460 alacritate
3130 5408 3363 5475 teipsum
3411 5418 3496 5459 to-

1929 5510 2040 5554 tum
2075 5498 2423 5569 impendere?
2453 5495 2669 5567 Utique,
2737 5499 2964 5553 Domine
3006 5498 3080 5552 mi
3137 5499 3494 5553 desideratis-

1928 5592 2084 5655 sime,
2131 5591 2355 5645 obsecro
2386 5598 2439 5644 et
2467 5604 2567 5659 ego
2618 5590 2802 5643 miser.
2845 5589 3170 5659 Quanquam
3203 5600 3256 5644 et
3296 5601 3497 5645 nostra:

1928 5685 2166 5753 ipsorum
2199 5682 2414 5736 utilitati
2445 5681 2733 5747 servimus,
2761 5696 2885 5736 cum
2915 5683 3140 5751 publicae
3169 5683 3245 5735 rei
3283 5684 3494 5752 prospi-

1927 5777 2148 5834 cimus:
2200 5775 2642 5844 quandoquidem
2697 5776 2814 5845 pari
2882 5778 3070 5831 morbo
3127 5777 3490 5832 laboramus:
