3934 6428
494 350 632 417 1315

1674 364 1735 424 S.
1772 362 2167 425 THEODORI
2203 363 2550 424 STUDITE

3607 352 3742 419 I3l6

488 479 598 519 non
620 467 767 534 quod
801 480 1059 535 perverse
1087 467 1405 533 sentiamus,
1456 470 1549 526 sed
1580 473 1727 539 quod
1770 474 2055 529 haeretico—

2166 472 2434 543 ὲξαίτησις
2461 510 2476 535 ,
2525 469 2683 524 τοῦτο
2737 470 2798 523 τὸ
2832 469 3159 540 ὑπόμνημα·
3209 468 3305 522 καὶ
3351 467 3436 521 ὅτι
3471 469 3570 521 καὶ
3606 469 3743 532 ὑπὲρ

486 571 611 611 rum
652 559 1145 615 communicatione
1170 561 1543 629 inquinemur.
1577 561 1774 619 Nostra
1804 566 1920 621 hac
1951 565 2055 619 hu-

487 649 637 703 milis
666 651 959 719 postulatio
978 658 1084 715 est,
1121 652 1211 706 hic
1252 662 1440 708 noster
1487 654 1744 711 libellus:
1801 667 1856 713 et
1910 660 2057 728 quod

487 740 573 793 vel
608 755 705 809 pro
732 741 876 795 bono
903 742 1169 798 duntaxat
1215 758 1467 798 sermone
1503 760 1613 800 non
1658 749 2059 803 contemnenda

488 826 583 880 tibi
630 844 839 884 merces
895 831 1130 899 reposita
1169 831 1284 897 sit;
1336 832 1509 887 multo
1540 835 1714 905 magis
1770 851 1868 905 pro
1908 845 2060 891 tanto

488 916 691 984 labore,
746 931 1012 992 quantum
1060 931 1114 977 te
1178 922 1323 977 ultro
1374 925 1685 993 suscepisse
1729 926 2058 995 accepimus.

2165 565 2326 633 λόγου
2374 563 2560 627 ἁπλῶς
2608 562 2816 632 ἀγαθοῦ
2849 562 2969 615 οὐκ
3025 560 3495 630 εὐκαταφρόνητοι
3563 557 3743 628 μισθοῖ

2170 673 2253 709 σοι
2282 656 2633 709 ἀπόκεινται⁸
2691 652 2767 723 μὴ
2802 653 2883 706 ὅτι
2930 670 2998 721 γε
3048 651 3284 721 τοσούτῳ
3321 650 3509 721 μόχθῳ
3555 650 3743 701 ἑαυτὸν

2168 745 2515 810 ὲπιδὼσαντι,
2550 743 2691 796 καθά
2734 742 3072 813 ἠκούσαμεν.
3122 742 3290 806 Σώζοι
3340 758 3399 794 σε
3429 745 3464 811 ἠ
3506 739 3742 811 κραταιὰ

2168 838 2290 907 χεὶρ
2318 834 2412 889 τοῦ
2445 834 2604 900 Θεοῦ,
2638 835 2730 887 τὸν
2762 833 2837 897 ὡς
2874 832 3093 904 άληθῶς
3118 832 3473 901 ἀξιάγαστον,
3520 832 3625 885 καί
3652 831 3743 901 τῆς

2172 927 2475 998 συγκλήτου
2502 925 2791 997 πρωτόϐαο
2801 942 2911 995 ρον.

490 1015 681 1070 Servet
708 1025 759 1071 te
805 1017 1132 1073 incolumem
1160 1028 1464 1091 prapotens
1496 1018 1591 1075 Dei
1635 1036 1849 1086 manus,
1879 1022 2054 1076 virum
2124 1023 2369 1094 profecto
2432 1027 2655 1097 dignum
2708 1023 3089 1085 admiratione,
3131 1020 3504 1090 eumdemque
3533 1018 3741 1088 princi-

486 1122 609 1178 pem
634 1118 877 1163 senatus.
2366 1124 2368 1126 '

555 1219 816 1278 LXXVII.
879 1254 949 1265 —
982 1222 1211 1279 Sanctis
1274 1224 1664 1293 confessoribus
1735 1225 1988 1281 Patribus

1080 1225 1211 1277 netis
1274 1224 1664 1293 confessoribus
1735 1225 1988 1281 Patribus

1080 1293 1464 1365 fratribusque.

2166 1224 2277 1282 DZ'.
2326 1256 2395 1268 —
2429 1225 2556 1291 Τοῖς
2597 1224 2791 1293 ἁγίοις
2842 1220 3239 1290 ὁμολογηταῖς
3308 1218 3589 1288 Πατράσι
3648 1214 3740 1268 καὶ

2677 1293 2977 1361 ἀδελφοῖς.
3015 1289 3205 1363 [υκα]

2677 1289 2977 1361 ἀδελφοῖς.
3015 1289 3205 1363 [vati]

1149 1427 1226 1477 De
1246 1428 1572 1491 imperatoris
1590 1428 1896 1479 Iconomacbi
1919 1429 2073 1492 obitu,
2095 1430 2257 1492 deque
2283 1427 2644 1491 persecutionis
2666 1430 2761 1478 ﬁne
2786 1426 3079 1489 gratulatur.

552 1534 710 1588 Nunc
734 1541 951 1603 tempus
978 1535 1322 1590 exclamandi
1353 1552 1479 1591 cum
1522 1535 1746 1603 Davide,
1774 1553 1840 1593 ac
1868 1537 2058 1592 dicen-

2229 1538 2345 1590 Νῦν
2373 1537 2560 1605 καιρὸς
2579 1534 2842 1605 ἐκϐοῆσαι
2884 1532 3025 1602 μετὰ
3059 1531 3151 1585 τοῦ
3179 1530 3362 1593 Δαυῒδ,
3394 1533 3496 1585 καὶ
3526 1536 3703 1586 εἰπεῖν
3721 1549 3738 1568 ο

480 1625 539 1681 di
567 1644 579 1679 :
607 1624 909 1690 Exsultate,
923 1627 1087 1695 justi,
1114 1627 1170 1680 in
1191 1626 1417 1681 Domino
1453 1644 1472 1681 :
1492 1640 1659 1683 rectos
1683 1629 1825 1682 decet
1862 1630 2058 1682 collau-

2172 1627 2588 1700 ’Ara.11tdaﬂe,
2608 1626 2844 1692 δίκαιοι,
2876 1625 2947 1677 ἐν
2970 1626 3185 1693 Κυρίῳ·
3218 1623 3344 1689 τοῖς
3366 1626 3574 1678 εὺθὲσι
3605 1621 3742 1694 πρέ.

481 1718 631 1771 datio
651 1719 720 1773 ²¹.
758 1717 980 1773 Caritate
1003 1717 1072 1783 ei,
1108 1727 1158 1773 et
1182 1718 1393 1788 psallite
1420 1719 1528 1773 ei“
1555 1734 1574 1772 :
1603 1724 1863 1790 quoniam
1893 1738 2058 1776 exau-

2166 1736 2258 1775 πει
2291 1719 2546 1785 alr-eme.
2584 1722 2796 1789 ᾍσατε
2826 1716 3005 1782 αὐτῷ,
3031 1717 3130 1770 καὶ
3163 1714 3403 1785 vitiare
3435 1718 3629 1783 αὐτῷ·
3663 1719 3741 1772 ὅτι

482 1812 616 1864 divit
654 1811 938 1874 Dominus,
976 1826 1101 1866 cum
1135 1812 1390 1868 omnibus
1442 1813 1538 1883 qui
1581 1822 1710 1868 sunt
1742 1801 1859 1883 pai-i
1892 1813 2058 1883 gloria

2166 1814 2437 1883 ὲπακήκοε
2481 1811 2702 1882 Κύριος,
2732 1810 2827 1863 σὺν
2872 1809 3043 1863 ἅπασι
3073 1812 3185 1870 τοῖς
3220 1808 3542 1873 ίσοκλεέσιν,
3578 1811 3731 1879 ὑμῶν

480 1903 715 1971 pratliti,
771 1912 983 1957 vestras
1029 1903 1283 1958 assiduas
1313 1882 1527 1974 preces.
1562 1882 1772 1974 Ecquid
1811 1882 1941 1973 ergo
1976 1905 2058 1959 fa-

2166 1903 2262 1971 τῆς
2293 1882 2547 1963 ὲέιτενοῦς
2600 1898 2902 1969 ἱκετηρίας.
2956 1898 3067 1951 Καὶ
3096 1898 3149 1950 τί
3197 1898 3451 1963 γέγονενς
3494 1900 3688 1952 Ὠλετο
3715 1902 3743 1953 6

480 2003 629 2048 ctum
685 1994 804 2049 est?
853 1992 1024 2053 Periit
1064 1995 1286 2063 impius,
1347 1995 1619 2051 contritus
1666 2004 1752 2051 est
1810 1996 1903 2065 qui
1958 2011 2059 2051 nos

482 2081 775 2136 cadebat:
835 2082 1048 2137 vicistis
1116 2081 1289 2136 ﬁlium
1355 2081 1723 2149 iniquitatis:
1780 2082 2057 2136 furentem

480 2172 715 2227 belluam
751 2173 1147 2243 prostravistis,
1184 2180 1424 2228 mentem
1460 2187 1796 2242 perversam.
1841 2170 1885 2225 Ο
1913 2174 2060 2225 desi-

479 2262 832 2329 deratissimi,
862 2278 1024 2334 quam
1049 2271 1242 2333 potens
1282 2271 1367 2318 est
1393 2264 1616 2334 sanguis
1647 2264 1863 2317 vester!
1907 2260 2061 2317 Hanc

480 2351 573 2407 ille
613 2363 843 2423 pestem,
888 2353 1036 2408 hunc
1081 2354 1395 2409 carniﬁcem
1433 2354 1698 2409 exstinxit
1729 2373 1743 2408 :
1778 2354 1868 2408 ille
1896 2352 2058 2409 dete-

480 2445 735 2500 Standum
782 2444 1072 2501 homicida
1125 2446 1448 2515 sanguinem
1524 2445 1719 2501 ludit:
1785 2445 2059 2516 siquidem

480 2536 755 2606 pollicitus
801 2548 883 2592 est
943 2536 1032 2590 ille
1072 2536 1167 2607 qui
1208 2550 1373 2590 verax
1418 2546 1523 2602 est,
1571 2536 1688 2592 fore
1720 2548 1779 2592 ut
1823 2537 2060 2607 prabeat

481 2644 645 2684 aures
676 2629 742 2684 iis
781 2629 874 2698 qui
903 2627 1139 2683 clamant
1163 2628 1230 2683 ad
1267 2643 1326 2683 se
1355 2637 1515 2683 nocte
1549 2643 1613 2683 ac
1646 2630 1754 2694 die,
1792 2639 1852 2685 ut
1884 2644 2058 2684 sacra

480 2720 693 2790 pagina
722 2720 1040 2790 loquuntur.
1063 2717 1241 2784 Disce,
1265 2719 1471 2774 Christi
1499 2729 1861 2789 contemptor,
1885 2735 2059 2788 quan-

483 2821 597 2867 tum
622 2813 765 2866 illius
808 2826 913 2866 vox
944 2813 1143 2876 valeat,
1166 2810 1326 2880 cujus
1362 2826 1557 2867 carnes
1588 2811 1861 2867 lacerasti.
1901 2810 2053 2876 Vide,

480 2905 798 2976 perduellis,
830 2912 1099 2974 quantum
1129 2903 1394 2957 adversus
1422 2901 1704 2956 Christum
1735 2901 2055 2971 profeceris.

481 2997 751 3063 Quoniam
800 2996 1066 3050 adversus
1114 2994 1397 3048 stimulum
1443 2994 1771 3060 calcitrasti,
1811 2994 2056 3064 deiectus

481 3104 542 3145 es
574 3088 627 3141 in
657 3103 895 3157 praceps
922 3101 1045 3141 cum
1095 3087 1355 3157 strepitu:
1401 3101 1512 3141 non
1556 3086 1768 3141 viscera
1822 3088 2047 3156 quidem

479 3193 595 3248 tua,
645 3183 737 3239 sed
777 3183 1077 3240 sceleratus
1141 3198 1307 3238 cruor
1350 3182 1558 3239 effusus
1600 3184 1904 3252 tergemino
1947 3183 2057 3237 vul~
2082 3222 2129 3284 ϐ

482 3290 634 3343 nere,
663 3276 865 3345 quippe
911 3276 1005 3344 qui
1050 3272 1370 3329 Trinitatem
1407 3274 1700 3330 offenderis
1728 3290 1823 3345 per
1854 3286 2053 3331 contu-

482 3368 698 3426 meliam
746 3376 948 3423 sancta
993 3367 1218 3435 imagini
1256 3366 1463 3422 Christi
1502 3368 1733 3422 illatam.
1774 3368 1877 3421 Abi
1933 3384 2059 3422 cum

480 3458 642 3523 Juda.
687 3461 885 3529 quippe
934 3460 1029 3528 qui
1069 3460 1147 3515 sis
1191 3458 1348 3514 .luda
1374 3469 1555 3513 mente
1580 3460 1796 3514 similis.
1828 3458 2058 3513 Obviam

482 3552 559 3606 ito
583 3552 730 3606 Patri
754 3562 846 3607 tuo
874 3550 1196 3624 Uralyphio,
1225 3553 1315 3608 cui
1343 3566 1373 3606 a
1400 3551 1626 3607 Caballo
1661 3567 1884 3606 nomen.
1930 3550 2062 3606 Bibe

483 3643 590 3698 hoc
618 3645 873 3713 primum,
899 3646 1050 3698 utait
1073 3645 1431 3715 propheta":
1461 3654 1519 3700 et
1546 3643 1600 3698 id
1630 3644 1776 3714 quod
1806 3643 2062 3699 acerbius

482 3734 538 3790 in
574 3736 904 3791 novissimis.

553 3825 721 3889 Proh,
783 3828 877 3896 qui
921 3827 1064 3882 illius
1123 3827 1223 3881 fuit
1264 3827 1317 3881 in
1370 3828 1649 3883 Christum
1704 3826 1896 3882 furor!
1943 3842 2064 3897 qua

484 3928 661 3973 vestra
715 3917 1036 3973 confessio!
1093 3917 1203 3974 Vos
1273 3920 1373 3973 viri
1438 3919 1715 3974 Christum
1767 3928 2060 3987 gestantes,

488 4008 695 4061 alumni
730 4008 967 4076 pictatis,
1002 4010 1425 4065 immortalitatis
1446 4019 1741 4079 unguenta,
1763 4010 2062 4077 triumpha-

486 4110 632 4155 tores
677 4100 909 4154 inimici.
971 4099 1082 4156 Vos
1128 4100 1384 4157 Ecclesia
1437 4101 1609 4165 nervi,
1661 4099 2061 4155 ﬁrmamentum

486 4190 633 4255 ﬁdei,
674 4192 823 4245 orbis
863 4191 1103 4245 universi
1151 4194 1340 4247 decus.
1390 4191 1842 4261 Auspicatissima
1898 4193 2062 4244 vestri

485 4281 750 4335 memoria
775 4289 879 4343 est,
916 4296 1079 4349 quam
1107 4289 1163 4334 et
1192 4282 1372 4335 lutura
1397 4290 1527 4335 atas
1568 4282 1817 4349 excipiet.
1850 4279 2062 4335 Corona

482 4380 664 4424 vestra
729 4371 985 4435 caelestis,
1051 4371 1356 4426 divinarum
1418 4373 1633 4426 laudum
1697 4370 1918 4426 ﬁoribus
1963 4372 2064 4426 rite

484 4471 757 4517 contexta.
810 4461 950 4528 Quid
998 4463 1193 4518 deinde
1245 4464 1513 4533 reliquum
1562 4472 1664 4527 est,
1704 4462 1811 4517 nisi
1848 4473 1907 4517 ut
1953 4461 2063 4517 Deo

2160 1992 2382 2062 ἀσεϐὴς,
2416 1990 2703 2061 συνετρίϐη
2733 1991 2761 2042 6
2793 1990 3009 2043 κόπτων
3045 1990 3215 2058 ἡμᾶς.
3267 1988 3620 2058 Νενικήκατε
3652 1991 3744 2043 τὸν

2158 2082 2256 2151 τῆς
2285 2084 2549 2152 πονηρίας
2575 2079 2691 2133 υἱόν
2710 2097 2723 2110 ·
2759 2078 3087 2133 κατεϐάλετε
3114 2078 3176 2131 τὸ
3202 2078 3392 2149 θηρίον
3419 2078 3525 2147 τῆς
3548 2080 3739 2150 ὀργῆς,

2158 2174 2246 2227 τὸν
2287 2173 2684 2241 σκολιόγνωμον
2709 2172 2850 2225 νοῦν.
2882 2167 2953 2224 Ὦ
2984 2213 2998 2237 ,
3026 2166 3070 2225 ὧ
3122 2171 3444 2242 τριπόθητοι
3480 2189 3497 2203 ·
3552 2166 3642 2224 οἷα
3675 2174 3742 2225 τὰ

2160 2265 2368 2334 αἵματα
2411 2265 2563 2334 ὑμῶν
2588 2264 2791 2317 δυνατά
2827 2264 2841 2318 I
2876 2264 3016 2318 Τάδε
3049 2262 3284 2333 ἔρραεαν
3333 2262 3428 2315 τὸν
3458 2263 3743 2332 ἀλάστορα

2160 2356 2428 2426 κολαστήν
2448 2374 2461 2386 ο
2493 2357 2666 2409 ταῦτα
2694 2356 2970 2409 ὲκένωσαν
3000 2354 3062 2406 τὸ
3104 2353 3298 2422 ἐναγὲς
3339 2350 3485 2422 αἷμα
3515 2354 3612 2407 τοῦ
3653 2371 3745 2423 φο-

2159 2444 2348 2500 νευτοῦ
2368 2462 2383 2477 ⁸
2411 2446 2568 2516 εἴπερ
2591 2446 2886 2499 ὑπακούειν
2909 2446 2938 2498 6
2969 2445 3205 2515 ἀψευδὴς
3232 2444 3606 2515 ἐπηγγείλατο
3636 2448 3745 2499 τῶν

2162 2538 2412 2610 βοώντων
2445 2539 2583 2607 πρὸς
2612 2538 2775 2591 αὐτὸν
2807 2536 3003 2599 νυκτὸς
3034 2536 3128 2589 καὶ
3162 2536 3398 2606 ἡμέρας,
3428 2537 3578 2591 καθά
3608 2555 3744 2605 φησι

2157 2632 2225 2683 τὰ
2253 2630 2445 2697 Λόγια.
2486 2628 2641 2683 Μάθε
2670 2668 2684 2691 ,
2714 2628 3051 2699 Χρίστυϐρι,
3074 2625 3201 2680 ὅσον
3242 2627 3463 2696 ἴσχυσεν
3493 2630 3528 2697 ἡ
3573 2629 3673 2698 βοὴ

2160 2720 2312 2792 [Περ.
2340 2722 2452 2775 cod.
2499 2713 2596 2793 ὧν]
2629 2720 2929 2784 κατέξανας
2968 2720 3067 2779 τὰς
3113 2718 3341 2787 σάρκας.
3399 2720 3566 2783 Ἰσθι,
3609 2738 3745 2789 μυσ-

2161 2814 2343 2881 άρχα,
2390 2812 2573 2881 ἡλίκον
2633 2827 2715 2863 σοι
2761 2811 2822 2864 τὸ
2878 2810 3020 2863 κατά
3072 2810 3308 2880 Χριστοῦ
3350 2811 3741 2880 ἁποτέλεσμα’

2159 2903 2345 2973 ἐπειδὴ
2377 2904 2513 2972 πρὸς
2545 2903 2752 2971 κέντρα
2782 2901 3052 2964 λακτίζων
3077 2897 3164 2969 ἧς,
3191 2902 3472 2971 ὲλάκηαας
3500 2905 3739 2973 πρηνής·

2158 2994 2386 3065 ἐξεχύθη
2425 2997 2604 3058 σου,εῐ
2642 2996 2735 3047 καὶ
2760 2995 2820 3046 οὐ
2846 2993 2914 3046 τὰ
2950 2994 3255 3063 σπλάγχνα,
3286 2994 3423 3047 ἀλλὰ
3454 2995 3518 3047 τὸ
3549 2996 3744 3061 ἐναγὲς

2159 3085 2319 3158 αἷμα,
2350 3089 2604 3157 ἐντομαῖς
2651 3083 2849 3157 τρίσὶν,
2894 3086 2968 3149 ὡς
2998 3089 3063 3157 τῇ
3095 3088 3137 3139 Τ
3146 3086 3285 3158 ριάδι
3315 3088 3742 3157 προσκροῦσαν·-

2158 3179 2414 3247 τοςκδιὰ
2461 3179 2561 3247 τῆς
2605 3178 2815 3248 ὐϐρεως
2858 3179 2960 3249 τῆς
3004 3179 3167 3245 ἁγίας
3206 3179 3417 3241 εἰκόνος
3472 3181 3741 3249 Χριστοῦ.

2165 3271 2351 3325 Ἀπιθι
2411 3273 2549 3341 μετὰ
2598 3271 2690 3324 τοῦ
2731 3271 2921 3335 Ἰούδα,
2948 3270 3336 3342 Ἰουδαίοφρον.
3379 3272 3622 3340 Σύντυχε
3665 3261 3744 3341 τῷ

2163 3364 2332 3432 πατρί
2377 3379 2471 3414 σου
2522 3362 2850 3431 Οὐρα).υιρίῳ
2898 3362 3355 3432 Καϐαλλωνύμῳ.
3425 3363 3527 3416 Ilia
3581 3362 3744 3414 τοῦτο

2164 3452 2399 3522 πρῶτον.
2423 3451 2498 3515 ὥς
2520 3469 2685 3522 φησιν
2708 3452 2737 3503 6
2762 3453 3076 3524 προφήτης,
3103 3453 3195 3505 καὶ
3216 3452 3275 3505 τὸ
3295 3450 3630 3524 δριμύτερον
3655 3454 3741 3504 ἐπ’

2158 3544 2427 3613 ἐσχάτων.

2235 3827 2298 3878 Ὢ
2322 3826 2419 3893 τῆς
2456 3822 2667 3876 ἐκείνου
2702 3822 3138 3892 Χριστομανίας,
3180 3818 3275 3872 καὶ
3315 3821 3415 3890 τῆς
3462 3820 3741 3889 ὑμετέρας

2162 3916 2481 3986 ὁμολογίαςῐ
2528 3915 2714 3984 Ὑμεῖς
2764 3914 2954 3983 ἄνδρες
2993 3913 3389 3983 Χριστοφόροι,
3442 3912 3743 3983 θρέμματα

2164 4008 2465 4071 εὐσεϐείας,
2504 4006 2825 4075 μυρίσματα
2851 4004 3170 4066 ἀθανασίας,
3205 4003 3616 4073 στηλιτεύματα
3647 4004 3743 4056 τοῦ

2165 4100 2382 4170 ἐχθροῦ.
2451 4099 2641 4168 Ὑμεῖς
2700 4096 2863 4165 νεῦρα
2907 4099 3007 4162 τῆς
3064 4094 3750 4164 Ἐκκλησίας,ἑδραίωμα

2167 4192 2430 4254 πίστεως,
2466 4191 2622 4252 κλέος
2661 4191 2725 4258 τῇ
2758 4189 2849 4257 ὐφ’
2876 4187 3030 4258 ἡλίῳ.
3076 4185 3264 4255 ’Υμῶν
3295 4185 3357 4237 τὸ
3391 4188 3745 4254 μνημόσυνον

2166 4283 2359 4344 αἴσιον,
2413 4281 2441 4334 ὃ
2484 4282 2579 4333 καὶ
2608 4284 2635 4334 6
2688 4282 2893 4351 μέλλων
2942 4277 3251 4343 ὑποδέξοιτο
3295 4278 3512 4348 χρόνος.
3550 4278 3747 4344 ’Υμῶι

2166 4374 2224 4427 τὸ
2277 4372 2608 4443 στεφάνωμα
2656 4374 2931 4442 οὐράνιον,
2982 4372 3095 4432 τοῖς
3144 4371 3471 4441 ᾀσματικοῖς
3518 4369 3745 4422 ἄνθεσιν

2165 4464 2462 4533 άξιοχρέως
2515 4462 2981 4532 συμπλεκόμενον.
3031 4459 3096 4511 Τί
3126 4458 3186 4510 τὸ
3213 4457 3432 4521 λοιπόν;
3494 4458 3748 4508 αἰνετέον

485 4552 698 4617 laudes,
727 4554 815 4623 pio
859 4555 1088 4622 principi
1122 4565 1304 4625 grates
1336 4564 1584 4624 agantur,
1610 4555 1754 4622 quod
1775 4569 2055 4609 carcerum

2166 4556 2315 4620 Θεὸν,
2347 4554 2695 4625 εὐχαριστὲον
2729 4552 2806 4622 τῷ
2842 4551 3055 4604 εὐσεϐεῖ
3092 4550 3321 4620 βασιλεῖ,
3360 4549 3443 4600 ὅτι
3491 4548 3603 4599 τῶν
3638 4566 3748 4615 φυ-

484 4660 551 4700 ac
609 4646 857 4700 dolorum
904 4648 1065 4700 linem
1125 4647 1360 4717 denique
1422 4644 1657 4701 fecerit?
1718 4646 2057 4715 Sperandum

484 4734 603 4792 fore
631 4746 691 4790 ut
720 4737 812 4807 qui
846 4753 1105 4807 prospera
1137 4738 1284 4793 dedit
1339 4739 1494 4792 initia
1533 4736 1695 4803 Deus,
1751 4737 1971 4806 adjiciat
2000 4746 2060 4792 ut

486 4827 848 4898 respondeant
906 4840 1147 4885 extrema
1202 4832 1412 4901 primis,
1447 4840 1501 4885 et
1537 4839 1681 4884 recta
1749 4829 1883 4884 ﬁdes
1933 4845 2057 4884 cum

484 4937 617 4991 pace
674 4923 965 4992 conjuncta
1012 4933 1176 4994 caput
1236 4933 1439 4978 exerat.
1506 4924 1738 4977 Tantum
1807 4923 2056 4986 obsecro,

486 5024 818 5069 mementote
850 5015 957 5069 mei
988 5017 1043 5069 in
1092 5016 1430 5070 orationibus
1456 5014 1775 5082 impensius,
1812 5028 1875 5068 ac
1906 5014 2060 5067 vobis

487 5105 620 5173 ipsis
641 5121 855 5175 semper
882 5107 1164 5161 attendite.
1189 5106 1437 5172 Quandiu
1466 5107 1611 5160 enim
1642 5105 1889 5174 spiritum
1916 5104 2061 5158 hunc

487 5198 705 5251 vitalem
757 5200 1032 5265 ducimus,
1101 5210 1335 5253 teutator
1388 5200 1575 5253 instat.
1630 5196 1821 5252 Frater
1883 5205 2061 5252 vester

488 5286 745 5344 Nicolaus
776 5306 872 5360 pro
907 5306 1059 5344 more
1098 5290 1326 5345 salutem
1358 5290 1510 5343 dicit.

772 5404 1105 5458 LXXXVIII.
1132 5436 1199 5446 ——
1229 5403 1430 5458 Nicetaz
1474 5404 1776 5474 praaposito.

2159 4646 2338 4699 λακῶν
2378 4645 2473 4697 καὶ⁵
2508 4644 2708 4697 ὀδυνῶν
2737 4643 2886 4695 εἴασε
2930 4642 3104 4704 τέως·
3150 4640 3244 4693 καὶ
3283 4638 3569 4691 ὲλπιστέον
3592 4639 3679 4690 ὅτι
3720 4640 3750 4690 6

2158 4740 2280 4800 δοὺς
2318 4738 2449 4799 Θεὸς
2496 4738 2596 4807 τὴν
2634 4736 2888 4807 ἀπαρχὴν
2908 4735 3109 4801 δεξιὰν,
3140 4734 3461 4786 συναποίσει
3492 4735 3558 4802 τῇ
3590 4734 3742 4800 ἀρχῇ

2160 4831 2254 4884 καὶ
2275 4829 2334 4882 τὸ
2358 4829 2511 4891 τέλος
2534 4846 2546 4858 ·
2571 4829 2668 4895 τῆς
2685 4827 3035 4899 είρηνοχύτου
3060 4825 3368 4896 ὀρθοδοξίας
3394 4822 3745 4888 ἐξανατεῑλαι

2161 4921 2221 4973 τὸ
2272 4921 2457 4990 κέρας.
2514 4919 2689 4972 Μόνον
2748 4918 3053 4989 παρακαλῶ
3121 4916 3484 4988 μνημονεύειν
3532 4932 3639 4984 μου
3689 4915 3747 4963 ὲν

2160 5014 2491 5082 προσευχαῖς
2510 5010 2879 5082 ’θερμότερον,
2915 5012 3010 5064 καὶ
3042 5010 3333 5080 προσέχειν
3355 5009 3575 5069 ἑαυτοῖς
3611 5007 3749 5059 πάν-

2161 5121 2303 5156 τοτε.
2335 5104 2455 5155 Ὅτι
2486 5102 2589 5163 ἕως
2608 5102 2672 5155 ἂν
2703 5103 3051 5172 ἐμπνέωμεν,
3086 5105 3113 5156 6
3145 5099 3425 5172 πειράζων
3450 5100 3741 5169 πάρεστιν.

2172 5194 2230 5249 Ὀ
2295 5193 2519 5262 ἀδελφὸς
2572 5193 2727 5263 ὑμῶν
2794 5192 3064 5256 Νικόλαος
3120 5192 3431 5255 ἀσπάζεται
3489 5192 3635 5244 κατὰ
3686 5188 3746 5240 τὸ

2174 5284 2419 5354 σύνηθες.

2437 5399 2563 5450 OH'.
2596 5426 2668 5435 —
2693 5396 2923 5466 Νικήτᾳ
2954 5393 3285 5466 ἡγουμένῳ.
3317 5392 3473 5465 [φδκι

1434 5517 1509 5566 De
1544 5517 1880 5580 persecutoris
1904 5512 2134 5570 interitu,
2160 5518 2214 5560 et
2239 5514 2406 5560 contra
2432 5510 2794 5559 Iconomachos.

567 5623 710 5679 Misit
738 5623 805 5677 ad
838 5622 1193 5676 humilitatem
1228 5637 1426 5687 meam,
1454 5632 1513 5675 ut
1560 5621 1763 5689 accepi,
1798 5619 2057 5674 sanctitas

567 5779 611 5810 ²²
647 5778 782 5833 Psal.
831 5794 999 5845 xuii,
1038 5779 1085 5831 I.
1163 5778 1206 5809 ²⁹
1239 5776 1379 5835 Psal.
1415 5793 1521 5845 civ,
1548 5779 1599 5831 2.

2245 5614 2614 5681 Ἐπέστειλεν,
2678 5613 2755 5679 ὡς
2802 5612 3021 5685 ἔμαθον,
3077 5615 3110 5685 ἡ
3162 5614 3435 5684 ἁγιωσύνῃ
3470 5630 3564 5665 σου
3600 5612 3734 5685 πρὸς

1697 5780 1737 5810 ³⁵
1773 5778 1873 5833 Isa.
1905 5791 1976 5844 ix,
2027 5776 2075 5841 l,
2109 5790 2217 5830 scc.
2259 5770 2419 5827 LXX.
