3934 6520
170 463 310 526 131Ἷ

1357 469 1899 532 EPISTOLARUM
1954 471 2105 530 LIB.
2147 472 2233 531 II.

3289 472 3427 535 1318

163 579 271 648 τὴν
297 574 630 630 ταπείνωσίν
678 591 815 647 μου·
869 577 985 631 ἀλλ’
1033 577 1134 631 οὐκ
1189 580 1461 654 ἐδεξάμην
1492 585 1582 638 διά
1625 602 1746 637 τινα

1863 594 1942 638 Lua
1985 585 2195 639 litteras
2221 625 2234 638 .
2286 583 2380 639 sed
2419 597 2526 638 non
2557 591 2684 638 sunt
2711 582 2778 637 ad
2819 597 2907 638 me
2939 584 3123 638 nescio
3155 599 3266 654 quo
3298 600 3429 640 casu

166 665 550 734 mpmé'retay.
599 664 742 735 Ἐγὼ
788 665 843 719 δὲ
871 667 946 732 ὡς
989 669 1321 740 δεξάμενος,
1370 674 1635 745 χαράσσω
1663 689 1748 728 σοι

163 758 290 810 τόδε
321 757 382 810 τὸ
408 757 628 820 εὐτελές
661 776 760 827 μου
791 761 1175 830 γραμμάτιον*
1221 767 1596 838 προσηγορίαν
1647 783 1745 820 κο-

166 846 332 914 μίζον
372 847 468 899 καὶ
498 847 584 910 τὸ,
605 849 800 920 Χαῖρε,
823 849 1214 923 φθεγγόμενον,
1249 856 1348 908 Διά
1388 858 1469 922 τί;
1512 859 1593 912 ὅτι
1626 875 1749 912 συν-

164 938 397 1008 ετρίϐη,
444 939 643 1010 μᾶλλον
695 941 752 995 δὲ
802 945 1079 1016 κατεκόπη
1119 946 1149 999 6
1203 947 1421 1001 κόπτων
1450 951 1598 1019 ἡμᾶς
1623 967 1637 981 ο
1666 952 1748 1005 ὃτι

162 1029 376 1099 δέδειχε
420 1031 624 1102 Κύριος
652 1034 710 1085 ὲν
738 1032 1036 1107 ὀφθαλμοῖς
1061 1038 1335 1100 ἁπάντων.
1381 1042 1620 1112 ἀρνητὴν
1649 1043 1747 1095 αύ-

163 1121 264 1172 τοῦ
320 1117 459 1175 εἶναι
509 1124 602 1176 τὸν
647 1125 746 1193 τῆς
798 1127 958 1194 ἁγίας
1000 1130 1165 1183 αὐτοῦ
1205 1132 1412 1194 εἰκόνος
1455 1134 1743 1204 ἀθετητήν.

177 1211 272 1273 Ὦς
306 1212 413 1282 γάρ
450 1213 510 1264 οὐ
553 1214 848 1283 χωρίζεται
880 1219 1036 1279 ἀκτὶς
1063 1218 1170 1270 ἀπὸ
1197 1218 1350 1288 ἡλίου
1373 1236 1385 1249 ο
1416 1218 1585 1281 οὕτως
1624 1221 1747 1272 οὐδὲ

165 1305 338 1358 εἰκὼν
362 1306 455 1359 τοῦ
490 1309 871 1378 πρωτοτύπου,
897 1310 928 1375 ἢ
960 1309 1126 1376 μόνον
1168 1312 1308 1365 κατά
1345 1312 1404 1365 τὸ
1435 1314 1534 1382 τῆς
1563 1313 1748 1376 οὐσίας

164 1398 449 1467 διάφορον.
509 1400 631 1454 Ἐπὶ
663 1401 770 1454 τῶν
817 1402 1096 1473 τεχνητῶν
1132 1403 1195 1473 δὴ
1228 1403 1397 1479 λέγω,
1439 1403 1577 1455 Ἀλλ’
1601 1405 1748 1474 ὅμως

165 1487 271 1542 καὶ
312 1487 483 1554 οὕτως
535 1492 898 1563 ἀστραψὰσης
945 1495 1047 1565 τῆς
1096 1494 1390 1565 ἀληθείας,
1449 1495 1549 1548 οὐκ
1603 1495 1748 1551 ἔστιν

166 1581 438 1652 ἄθρησις,
483 1585 722 1654 οὐδαμοῦ
763 1585 1052 1657 ἀνάνηψις.
1109 1589 1220 1641 Καὶ
1250 1590 1338 1652 τίς
1372 1589 1433 1642 οὐ
1470 1589 1746 1656 στενάξας

168 1675 270 1727 καὶ
302 1675 386 1738 τίς
417 1676 517 1728 οὐκ
553 1677 980 1743 ἀποκλαύσοιτο;
1028 1678 1087 1732 οὐ
1120 1681 1246 1743 τοὺς
1281 1680 1746 1750 ἀθλοφοροῦνταςο

170 1767 375 1835 μήτιγέ
433 1783 516 1830 τις
582 1766 738 1820 τοῦτο
773 1767 1065 1822 ὑπολάϐοι·
1100 1771 1216 1834 πῶς
1252 1774 1363 1843 γὰρ
1402 1773 1450 1825 οἱ
1483 1772 1752 1842 θεομακά-

173 1878 350 1930 ριστοι
402 1861 825 1932 ὲπικλαύσιμοι;
872 1864 1008 1918 ἀλλὰ
1048 1867 1172 1926 τοὺς
1217 1865 1622 1928 ἀϐλεπτοῦντας
1657 1867 1751 1918 καὶ

1854 674 2093 744 perlatas.
2132 671 2289 728 Nunc
2324 689 2474 739 vero,
2516 683 2776 744 tanquam
2804 676 3160 743 accepissem,
3195 676 3297 730 hoc
3331 676 3432 730 tibi

1853 774 2015 821 tenue
2043 766 2353 836 epistolium
2388 779 2577 830 exaro,
2613 765 2758 834 quod
2792 763 2887 818 tibi
2938 764 3318 819 salutationem
3348 763 3433 819 fe-

1853 865 1959 923 rat,
1982 864 2033 910 et
2064 855 2302 926 gaudere
2334 856 2540 925 jubeat.
2586 857 2860 921 Quorsum
2887 854 2911 908 ?
2939 858 3194 924 quoniam
3223 857 3431 911 contri-

1853 954 1943 1000 tus
1968 954 2069 1011 est,
2099 946 2181 1000 vel
2237 947 2418 1015 potius
2462 946 2715 1000 concisus
2747 955 2831 1001 est
2869 948 2960 1015 qui
2999 962 3099 1001 nos
3143 946 3428 1004 caedebat:

1854 1035 2112 1106 quoniam
2143 1037 2320 1105 palam
2365 1035 2492 1090 fecit
2532 1037 2795 1091 Dominus
2849 1041 2904 1091 in
2955 1047 3246 1105 conspectu
3309 1052 3432 1089 om-

1855 1128 2029 1191 nium,
2059 1137 2374 1198 negatorem
2400 1128 2516 1197 ejus
2545 1143 2686 1191 esse,
2740 1138 2940 1183 sanctae
2972 1129 3146 1198 ipsius
3179 1129 3432 1197 imaginis

1855 1228 2306 1288 contemptorem.
2355 1219 2825 1284 Quemadmodum
2874 1221 3018 1274 enim
3077 1236 3185 1272 non
3221 1219 3433 1286 disiun-

1853 1310 2002 1381 gitur
2049 1326 2082 1366 a
2121 1312 2234 1366 sole
2272 1313 2478 1378 radius,
2528 1315 2606 1366 sic
2635 1328 2810 1381 neque
2856 1315 3036 1382 imago
3063 1329 3092 1366 a
3129 1321 3430 1381 prototypo,

1855 1402 1961 1458 nisi
2001 1402 2118 1458 sola
2147 1405 2466 1459 substantiae
2496 1404 2799 1458 differentia
2830 1424 2843 1459 :
2875 1404 2942 1458 de
2979 1415 3095 1458 arte
3144 1403 3304 1458 factis
3333 1405 3436 1458 uti-

1855 1508 1959 1561 que
1993 1494 2212 1562 loquor.
2246 1494 2316 1546 At
2348 1493 2727 1556 nihilominus,
2753 1509 2876 1548 cum
2921 1503 3201 1562 tantopere
3229 1494 3432 1548 veritas

1856 1584 2079 1655 fulgeat,
2121 1600 2283 1639 nemo
2307 1596 2389 1640 est
2419 1584 2512 1654 qui
2554 1586 2830 1654 reSpiciat,
2859 1602 3019 1640 nemo
3062 1586 3153 1655 qui
3182 1587 3434 1655 expergi-

1857 1689 2063 1732 scatur.
2090 1677 2156 1730 Ει
2177 1678 2300 1747 quis
2322 1694 2484 1747 porro
2518 1695 2624 1732 non
2662 1679 3030 1748 ingemiscat?
3079 1688 3133 1734 et
3171 1681 3295 1746 quis
3323 1696 3434 1734 non

1857 1770 2096 1826 deﬂeat?
2135 1786 2245 1825 non
2271 1786 2366 1826 eos
2420 1772 2512 1840 qui
2546 1770 2756 1825 fortiter
2786 1781 2997 1826 certant
3026 1788 3040 1837 ;
3097 1788 3272 1841 neque
3307 1789 3437 1836 vero

1858 1866 1982 1930 quis
2025 1861 2078 1915 id
2147 1871 2455 1930 suspicetur
2492 1880 2506 1916 :
2542 1877 2667 1915 nam
2723 1863 2997 1932 quomodo
3057 1863 3271 1933 lugendi
3327 1865 3437 1919 sint

165 1953 254 2023 τῷ
285 1954 434 2020 αύτῷ
463 1954 612 2025 ζόφῳ
644 1956 743 2024 τῆς
782 1956 1037 2020 ἀσεϐείας
1087 1959 1554 2028 ὲπερειδομένους.
1608 1957 1749 2025 Ἐγὼ

1863 1968 1994 2023 quos
2047 1953 2193 2008 Deus
2244 1954 2590 2010 beavit?sed
2625 1969 2719 2010 eos
2746 1955 2840 2026 qui
2889 1956 3204 2019 cmcutiunt,
3270 1967 3435 2026 atque

172 2047 282 2118 μὲν
324 2042 416 2100 οὖν
463 2049 491 2100 6
531 2047 701 2110 τάλας
742 2047 884 2100 οὕτω
914 2048 1009 2100 καὶ
1065 2049 1421 2119 διανοοῦμαι,
1465 2049 1605 2102 οὕτω
1656 2049 1753 2102 καὶ

167 2140 569 2210 ἀποκλαίομαι.
620 2143 691 2194 Σὺ
736 2141 813 2205 δὲ,
841 2133 886 2194 ὦ
931 2141 1053 2212 ἱερὰ
1075 2142 1323 2213 κεφαλὴ,
1358 2143 1452 2195 καὶ
1483 2142 1581 2212 τῆς
1613 2142 1752 2212 ἐμῆς

166 2231 531 2302 οὐθενότητος
555 2233 704 2304 φίλη,
734 2234 808 2305 μὴ
831 2233 1159 2304 ἀπολήξειας
1187 2224 1601 2305 προσευχομένη
1624 2251 1753 2286 κατ-

167 2323 420 2393 αλλαγὴν
455 2324 660 2391 φθάσαι
686 2324 894 2379 ἀνωθεν
918 2325 995 2396 τῷ
1026 2325 1140 2396 λαῴ
1170 2326 1263 2379 τοῦ
1310 2324 1465 2380 Θεοῦ.
1524 2327 1753 2379 Ἔπειτα

167 2417 270 2470 τοῦ
297 2417 392 2469 καὶ
421 2417 569 2486 ἡμᾶς
605 2415 966 2480 διασώζεσθαι
1010 2418 1139 2482 τοὺς
1181 2418 1474 2485 ἀναξίους,
1524 2418 1755 2470 κατόπιν

169 2506 336 2576 ὑμῶν
373 2508 482 2561 τῶν
507 2508 679 2576 ἁγίων
715 2509 914 2574 ἰόντας.
951 2509 1012 2562 '0
1046 2512 1145 2563 σὺν
1176 2511 1300 2580 ἐμοὶ
1324 2508 1554 2579 ἁδελφὸς
1583 2525 1756 2579 προσ-

169 2600 454 2670 αγορεύει.
506 2601 647 2663 Τοὺς
681 2602 820 2671 μετά
857 2604 957 2674 τῆς
1001 2603 1311 2672 ἁγιωσύνης
1359 2620 1453 2656 σου
1489 2601 1756 2672 ἀδελφούς

171 2711 285 2764 μου
325 2694 678 2764 ἀσπάζομαι·
723 2696 884 2765 καίγε
943 2696 1180 2767 μάλιστα
1221 2696 1315 2750 τὸν
1370 2696 1518 2767 ἱερὸν
1554 2696 1758 2770 Ἀρσέ-

169 2802 316 2840 νιον.

169 2898 298 2952 08'.
324 2929 391 2938 —
413 2900 729 2968 Νικηφόρφ
752 2899 835 2986 τῷ
862 2899 1162 2968 ἁγιωτάτῳ
1201 2899 1560 2970 πατριάρχῃ.
1597 2899 1769 2974 [φς-’.]

1855 2045 1912 2096 in
1959 2043 2076 2111 ipsa
2115 2043 2415 2111 impietatis
2472 2044 2705 2115 caligine
2746 2046 3068 2114 gloriantur.
3132 2045 3242 2116 Ego
3303 2061 3436 2101 sane

1857 2135 2023 2190 miser
2074 2134 2155 2189 sic
2193 2149 2406 2190 mecum
2460 2135 2642 2189 animo
2674 2146 2886 2202 reputo,
2940 2137 3020 2191 sic
3046 2144 3101 2190 et
3137 2137 3314 2206 lugeo.
3352 2135 3434 2190 Tu

1855 2241 2007 2294 vero,
2038 2242 2257 2282 sacrum
2293 2237 2477 2297 caput,
2513 2242 2576 2281 ac
2618 2227 2900 2283 tenuitatis
2949 2238 3147 2283 nostra:
3174 2231 3433 2292 amicum,

1857 2333 1929 2373 ne
1964 2319 2174 2387 precari
2203 2319 2411 2386 desine,
2437 2319 2514 2373 uti
2544 2321 2742 2389 populo
2776 2321 2869 2375 Dei
2911 2320 3126 2376 caelitus
3165 2336 3266 2389 pax
3300 2336 3435 2376 cou-

1859 2412 2032 2481 tingat
2073 2427 2088 2464 :
2121 2411 2318 2466 deinde
2349 2420 2408 2465 ut
2440 2420 2494 2465 et
2524 2427 2626 2466 nos
2652 2412 2786 2466 salvi
2817 2414 3013 2478 simus,
3044 2413 3250 2483 indigni
3288 2416 3434 2481 licet,

1859 2502 2087 2572 vestigia.
2109 2511 2290 2558 vestra
2315 2503 2408 2573 qui
2437 2504 2612 2559 sancti
2642 2506 2775 2559 estis
2798 2505 3218 2576 subsequentes.
3244 2506 3439 2562 Frater

1859 2595 1952 2663 qui
2006 2609 2222 2648 mecum
2265 2603 2370 2659 est,
2402 2594 2501 2649 tibi
2551 2596 2781 2650 salutem
2816 2595 2967 2650 dicit.
3004 2596 3222 2651 Fratres
3263 2613 3434 2664 meos,

1857 2687 1952 2756 qui
2008 2701 2131 2741 cum
2172 2685 2460 2740 sanctitate
2510 2695 2602 2740 tua
2635 2687 2857 2757 degunt,
2900 2688 3080 2743 saluto
3115 2707 3129 2743 :
3169 2689 3437 2759 imprimis

1857 2793 1989 2834 vero
2011 2793 2226 2833 sacrum
2245 2777 2558 2832 Arsenium.

1916 2890 2158 2947 LXXIX.
2213 2920 2285 2930 —
2333 2888 2633 2959 Nicephoro
2682 2892 3026 2944 sanctissimo
3057 2892 3399 2961 patriarcha}.

167 3010 446 3061 Dolentem
475 3011 605 3072 quod
629 3011 864 3062 Ecclesia
883 3027 985 3062 sum
1007 3026 1096 3074 pax
1121 3012 1303 3063 Leonis
1324 3014 1531 3064 Armeni
1552 3008 2184 3134 mortesétfndu‘t‘ggenitus
2212 3007 2404 3057 reddita
2423 3013 2575 3067 esset,
2598 3022 2689 3070 spe
2707 3005 2974 3057 meliorum
2999 3010 3205 3059 solatur.
3235 3010 3435 3069 (Baron.

1598 3091 1678 3125 an.
1801 3113 1814 3134 ,
1835 3086 1887 3121 n.
1981 3108 1992 3119 .

1598 3091 1678 3125 an.
1702 3086 1814 3134 521,
1835 3086 1887 3121 n.
1914 3086 1992 3119 az.

260 3156 583 3210 Ἐπέστειλα
637 3158 807 3212 πάλαι
851 3160 880 3211 6
933 3161 1137 3227 τάλας,
1174 3161 1236 3216 οὐ
1294 3162 1428 3233 πρὸς
1484 3163 1754 3216 ἀντίδοσιν

170 3249 528 3318 γραμμάτων
580 3248 939 3302 ἀποσκοπῶν·
1003 3252 1086 3304 ὄτι
1147 3251 1284 3323 μηδὲ
1339 3253 1546 3315 δούλοις
1605 3254 1756 3322 παρά

1935 3155 2142 3226 Scripsi
2176 3155 2304 3210 olim
2350 3155 2538 3220 miser,
2568 3171 2678 3210 non
2715 3164 2776 3209 ut
2830 3156 2962 3211 mihi
2999 3156 3240 3210 vicissim
3297 3156 3438 3212 scri-

1859 3250 2018 3304 beres
2051 3267 2064 3302 :
2101 3263 2202 3302 nec
2231 3247 2375 3302 enim
2400 3247 2574 3302 servis
2607 3248 2814 3302 domini
2840 3246 3076 3314 debent;
3127 3249 3218 3302 sed
3255 3264 3438 3304 meum

168 3335 458 3388 δεσποτῶν
486 3335 676 3406 ὀφειλή
697 3353 710 3368 ’
743 3337 880 3391 ἀλλά
905 3340 1004 3408 τὴν
1035 3341 1277 3410 ἐμαυτοῦ
1307 3342 1549 3396 διάθεσιν
1575 3344 1756 3414 γλιχό-

1863 3342 2034 3412 ipsius
2073 3340 2324 3397 aﬂ‘eCtum
2388 3341 2667 3396 declarare
2707 3343 2956 3410 cupiens,
3014 3357 3199 3396 amore
3233 3351 3289 3396 et
3338 3357 3438 3412 op-

173 3441 345 3492 μενος
379 3426 723 3494 ὑπεκφάναι·
766 3427 910 3483 οὕτω
953 3431 1047 3484 τοῦ
1089 3432 1256 3485 πόθου
1301 3433 1517 3487 καὶτοῦ
1567 3435 1762 3505 καιροῦ

172 3511 540 3584 βιαζομένων,
588 3519 686 3570 οὐκ
737 3519 1064 3585 ἀπεικότως.
1113 3522 1287 3588 Αὐτὸς
1319 3525 1397 3588 δὲ,
1429 3520 1474 3580 ὧ
1511 3525 1631 3580 θεία
1666 3527 1762 3580 καὶ

173 3607 460 3675 κορυφαῖα
497 3607 606 3661 τῶν
668 3610 828 3681 ἱερῶν
847 3613 1128 3683 ,κεφαλῶν
1175 3614 1417 3686 ἀκρότης
1443 3659 1458 3683 ,
1492 3618 1551 3670 οὐ
1602 3619 1761 3689 μόνον

173 3698 591 3752 ἀντεπιστεῖλαι
619 3701 863 3770 ἠξίωσας
908 3705 983 3774 τῷ
1013 3705 1239 3775 ἀναξίῳ,
1288 3707 1639 3780 θεομιμήτως
1663 3710 1760 3782 δη-

170 3791 355 3844 λονότι
383 3792 681 3861 φερόμενος
702 3809 714 3822 ·
749 3793 885 3848 ἀλλὰ
911 3797 1019 3865 γὰρ
1047 3797 1143 3848 καὶ
1165 3797 1262 3850 ἀπ’
1294 3798 1465 3869 αὐτῆς
1493 3800 1593 3869 τῆς
1623 3818 1760 3872 προ-

172 3884 401 3952 γραφῆς
433 3882 685 3936 τοσοῦτον
724 3885 858 3954 ἡμῖν
893 3884 945 3938 τὸ
978 3886 1078 3955 τῆς
1125 3889 1628 3960 ταπεινοφροσύνης
1666 3907 1760 3943 σου

175 3978 331 4029 θεῖον
385 3975 515 4044 ὕψος
561 3976 877 4042 ὑπέδειξας,
916 3977 992 4041 ὡς
1025 3979 1447 4050 καταπλαγῆναι
1478 3981 1636 4052 ἡμῶν
1664 3983 1762 4054 τὴν

172 4069 411 4139 οἰκτρὰν
449 4069 710 4124 διάνοιαν.
745 4071 808 4125 Ὢ
849 4069 943 4122 τοῦ
981 4069 1293 4141 θαύματοςί
1329 4073 1393 4126 Εἰ
1445 4075 1473 4125 6
1513 4073 1761 4139 τοσοῦτος

175 4165 278 4216 καὶ
326 4161 645 4231 τηλικοῦτος
696 4163 796 4233 τὴν
850 4163 1148 4230 ἁξίαν,καὶ
1197 4166 1323 4236 τῇδε
1369 4167 1761 4236 συνισουμένην

176 4258 322 4327 ἔχων
372 4255 470 4325 τὴν
509 4256 710 4326 ἀρετὴν
763 4257 1287 4327 ἀναστράπτουσαν,
1321 4258 1396 4322 ὡς
1442 4258 1580 4311 αὐτά
1617 4277 1760 4329 μαρ-

175 4350 342 4418 τυρεῖ
392 4346 460 4399 τά
491 4346 826 4416 πράγματα,
857 4349 970 4400 υἱὸν
1006 4348 1198 4401 ἑαυτὸν
1225 4348 1319 4402 τοῦ
1351 4349 1611 4413 ἀσθενοῦς
1651 4352 1760 4403 ἀπ-

178 4441 448 4495 εκάλεσεν
470 4457 482 4470 ·
526 4439 556 4489 6
595 4439 820 4508 ούθενὴς
867 4440 962 4492 καὶ¹
991 4441 1200 4512 ἀφανὴς
1232 4442 1285 4494 τί
1315 4442 1508 4497 ἑαυτὸν
1560 4443 1758 4514 ὀνομά-

183 4551 336 4600 σειε;
359 4533 469 4586 Καὶ
498 4533 546 4585 εί
577 4534 604 4585 6
637 4533 736 4603 τῆς
796 4533 1106 4604 ἁγιωσύνης
1146 4535 1407 4605 λαμπτὴρ
1438 4536 1761 4606 ἁμαρτωλὸν

181 4627 382 4680 ἑαυτὸν
429 4626 803 4697 ὑπογράφοιεν
823 4641 836 4655 ⁸
873 4626 901 4678 ὀ
936 4626 1258 4698 ἁμαρτωλὸς
1288 4629 1383 4681 καὶ
1415 4631 1761 4700 ἠπορημένος

180 4721 236 4773 τί
255 4721 301 4772 δ’
327 4720 394 4772 ἂν
416 4720 509 4772 καὶ
529 4719 996 4789 ἁποκριθήσεται;
1027 4721 1169 4790 Ἀρα
1196 4723 1243 4774 εἰ
1269 4723 1360 4775 καὶ
1387 4721 1554 4793 μηδὲν
1578 4725 1763 4795 ἕτερον

183 4811 505 4880 ἐγέγραπτο
535 4812 601 4881 τῇ
635 4811 928 4882 ἐπιστολῇ,
976 4812 1135 4883 ἤρκει
1165 4812 1325 4866 τοῦτο
1379 4814 1538 4883 μόνον
1568 4815 1661 4868 τοῦ
1704 4833 1763 4869 τε

182 4900 485 4971 δεχομένου
510 4899 602 4953 τὸν
625 4899 748 4953 νοῦν
771 4901 1137 4971 ὲκθαμϐῆσαι,
1175 4903 1269 4954 καὶ
1298 4902 1389 4955 τοῦ
1414 4905 1765 4975 πεπομφότος

185 4991 247 5043 τὸ
272 4989 690 5062 ἀνυπέρϐλητον
720 4992 778 5043 ὲν
799 4993 969 5061 ἀρετῇ
990 4992 1374 5063 θριαμϐεῦσαι.
1411 4995 1564 5047 Ἐπεὶ
1587 4995 1642 5047 δὲ
1670 4997 1767 5049 καὶ

185 5084 250 5135 τὸ
283 5083 407 5136 ὅλον
434 5080 566 5149 ὕφος
591 5083 684 5134 τοῦ
707 5084 853 5154 ίεροῦ
874 5083 1080 5153 βιϐλίου
1109 5084 1411 5155 διέγνωμεν
1430 5088 1477 5138 οἱ
1498 5088 1766 5153 ταπεινοὶ,

187 5176 315 5228 τότε
357 5175 455 5227 καὶ
491 5173 690 5240 μᾶλλον
714 5175 981 5245 ἥσθημεν,
1013 5179 1078 5247 τῇ
1109 5176 1356 5245 κεφαλίδι
1386 5178 1445 5230 τὸ
1463 5179 1584 5231 ὅλον
1610 5178 1769 5248 σῶμα

190 5269 293 5335 τῆς
324 5265 616 5332 διαλέξεως
645 5267 996 5338 καταλλήλως
1016 5269 1311 5340 εὑρηκότες
1339 5270 1766 5342 ἀπηρτισμένον.

194 5359 380 5426 Οἶδας,
413 5362 440 5412 6
485 5359 638 5427 ἅγιος
654 5361 746 5413 τοῦ
783 5361 941 5426 Θεοῦ,
972 5355 1083 5432 ,οἷα
1127 5361 1371 5431 ἐφθέγξω
1405 5380 1768 5433 πνευματοκι-

1862 3436 2192 3504 portunitate
2212 3434 2288 3488 ita
2320 3434 2659 3504 cogentibus,
2700 3448 2806 3486 non
2832 3435 3146 3502 incongrue.
3174 3433 3255 3488 Tu
3287 3450 3438 3503 vero,

1864 3538 1898 3579 ο
1927 3524 2109 3578 divine
2133 3534 2187 3578 et
2211 3539 2464 3593 supreme
2503 3538 2783 3577 sacrorum
2808 3524 3046 3593 capitum
3085 3535 3294 3589 vertex,
3327 3541 3438 3580 non

1863 3616 2041 3673 solum
2073 3617 2403 3686 respondere
2425 3615 2646 3684 indigno
2670 3615 2922 3684 dignatus
2953 3632 3034 3678 es,
3063 3615 3156 3670 Dei
3189 3617 3441 3671 videlicet

1862 3712 2109 3782 exemplo
2136 3712 2353 3775 ductus,
2376 3711 2468 3765 sed
2503 3721 2556 3763 et
2583 3711 2647 3764 ab
2670 3710 2787 3780 ipso
2816 3711 3187 3780 inscriptionis
3214 3712 3441 3766 exordio

1862 3812 2070 3858 tantum
2100 3802 2260 3858 nobis
2280 3813 2383 3856 tua:
2402 3801 2724 3856 humilitatis
2741 3801 2984 3854 divinum
3011 3802 3230 3856 culmen
3257 3811 3441 3856 osten-

1862 3895 2013 3956 disti,
2041 3907 2099 3948 ut
2132 3905 2408 3962 stuporem
2443 3893 2647 3948 infelici
2693 3893 2862 3946 menti
2910 3901 3110 3947 nostra:
3163 3893 3434 3962 inieceris.

1863 3985 1904 4037 0
1935 4000 2047 4038 rem
2097 3985 2508 4038 admirandam!
2569 3982 2626 4037 Si
2666 3993 2850 4038 tantus
2885 3999 2949 4039 ac
2987 3985 3112 4038 talis
3147 3985 3436 4054 dignitate,

1862 4087 1916 4131 et
1944 4077 2071 4131 buic
2095 4077 2310 4146 quidem
2346 4091 2534 4145 parem
2560 4091 2754 4144 gerens
2784 4077 3111 4130 emicantem
3150 4078 3434 4142 virtutem,

1862 4178 1923 4223 ut
1953 4167 2092 4222 facta
2118 4169 2230 4238 ipsa
2259 4178 2546 4231 testantur,
2577 4168 2746 4221 tilium
2770 4183 2827 4223 se
2852 4167 3234 4222 homuncionis
3258 4168 3442 4237 appel-

1861 4261 1991 4316 lavit
2021 4279 2036 4327 ;
2063 4262 2185 4315 vilis
2218 4261 2380 4313 homo
2415 4275 2479 4314 ac
2508 4261 2707 4313 nullius
2734 4261 2894 4329 pretii
2927 4259 3072 4329 quod
3103 4260 3207 4314 sibi
3240 4275 3440 4314 nomen

1862 4353 2150 4424 imponet?
2189 4352 2274 4414 Et,
2323 4353 2368 4407 si
2419 4353 2796 4406 sanctimoniae
2836 4354 3068 4422 lampas,
3099 4361 3438 4422 peccatorem

1862 4448 2100 4516 seipsum
2130 4446 2424 4501 subscribit
2454 4463 2469 4512 ;
2513 4453 2765 4514 peccator
2788 4454 2841 4499 et
2861 4445 3020 4514 inops
3044 4446 3176 4514 quid
3207 4461 3440 4516 respon-

1861 4539 2058 4594 debit?
2097 4536 2260 4607 Igitur
2290 4539 2334 4593 si
2370 4538 2519 4591 aliud
2570 4537 2706 4590 nihil
2740 4537 3004 4605 scriptum
3055 4536 3269 4602 fuisset,
3307 4539 3441 4593 satis

1867 4631 1967 4684 hoc
1996 4645 2165 4683 unum
2198 4638 2316 4684 erat
2340 4639 2393 4683 et
2441 4629 2509 4683 ad
2557 4629 2878 4697 accipientis
2908 4629 3152 4682 animum
3178 4629 3440 4699 obstupe-

1867 4721 2198 4783 faciendum,
2229 4729 2282 4774 et
2307 4721 2372 4773 ad
2405 4719 2689 4774 scribentis
2726 4719 3147 4787 insuperabilem
3179 4720 3439 4775 virtutem

1864 4812 2246 4868 extollendam.
2292 4810 2590 4880 Postquam
2645 4819 2825 4863 autem
2880 4817 3051 4864 totum
3083 4811 3224 4864 sacri
3274 4811 3440 4865 libelli

1866 4912 2182 4956 contextum
2227 4901 2466 4956 humiles
2515 4902 2841 4971 perlegimus
2873 4917 2888 4967 ;
2923 4912 3034 4954 tum
3065 4902 3233 4956 multo
3268 4903 3442 4969 magis

1868 4993 2038 5062 gavisi
2092 5007 2307 5056 sumus,
2370 5001 2539 5045 totum
2591 4993 2858 5046 orationis
2903 5007 3099 5060 corpus
3144 5007 3246 5046 suo
3279 4994 3443 5062 capiti

1869 5092 1991 5152 apte
2018 5082 2347 5151 respondere
2377 5081 2892 5138 animadvertentes.
2925 5082 3066 5146 Scis,
3102 5092 3291 5138 sancte
3322 5083 3439 5149 Dei,

1871 5174 2051 5242 qualia
2090 5171 2294 5242 Spiritu
2327 5185 2577 5227 movente
2613 5173 2830 5228 locutus
2865 5173 2941 5228 sis
2976 5192 2989 5228 :
3046 5175 3320 5242 quomodo
3354 5176 3445 5228 in-

1872 5266 2085 5318 ﬁrmam
2142 5275 2376 5319 mentem
2447 5274 2690 5319 nostram
2740 5265 2965 5318 laudum
3031 5266 3444 5321 medicamentis

1873 5355 2279 5412 conﬁrmaveris
2311 5375 2324 5408 :
2357 5356 2632 5426 quomodo
2663 5355 2730 5409 ad
2768 5356 3086 5425 patientiam
3108 5373 3206 5410 nos
3255 5373 3444 5411 corro-

196 5453 409 5521 νήτως·
460 5451 537 5514 ὡς
576 5453 898 5524 ὲπέρῤωσας
941 5453 1098 5524 ἡμῶν
1132 5454 1232 5524 τὴν
1280 5455 1482 5524 ἀσθενῆ
1532 5456 1756 5509 διάνοιαι

1876 5449 2170 5512 boraveris,
2204 5464 2272 5502 ne
2327 5449 2382 5501 in
2430 5448 2815 5503 alllictionibus
2864 5449 3348 5516 despondeamus;
3392 5457 3446 5503 et

199 5542 445 5595 ἐπαίνων
491 5543 994 5613 φαρμακεύμααινο
1051 5545 1127 5608 ὡς
1177 5548 1583 5618 συνεῤῥίζωσας
1627 5549 1756 5617 ἡμᾶς

1879 5555 2211 5609 quacunque
2242 5539 2344 5592 alia
2375 5541 2553 5592 divina
2583 5538 2847 5607 sapientia
2893 5539 3117 5608 pulchre
3150 5540 3445 5608 suggessit.

203 5633 661 5705 ὑπομονητικῶς,
710 5637 784 5705 μὴ
839 5636 1098 5689 ἐκκακεῖν
1141 5638 1200 5690 ἐν
1233 5641 1351 5700 ταῖς
1386 5638 1628 5708 θλίψεσι,
1684 5655 1755 5690 κα

1879 5629 1982 5684 Sed
2016 5630 2334 5684 benedictus
2363 5629 2527 5692 Deus,
2561 5630 2654 5698 qui
2690 5630 2742 5682 in
2781 5639 2932 5683 tanto
2967 5630 3261 5698 impietatis
3291 5641 3446 5684 motu

184 5724 303 5777 -ὃσα
328 5723 465 5778 ἄλλα
496 5724 887 5793 ὑπεσημήνατο
916 5724 1173 5793 θεοσοφία
1205 5727 1598 5796 καλλυνόμενα.
1637 5726 1756 5779 Ἀλλ

1876 5735 1930 5777 et
1949 5723 2329 5788 concussione,
2367 5722 2525 5776 talem
2561 5733 3013 5792 propugnatorem
3063 5723 3226 5776 simul
3257 5740 3318 5776 ac
3347 5740 3448 5788 gu-

206 5815 503 5885 εὑλυγητδς
527 5819 554 5868 ὁ
583 5815 744 5878 Θεὸς,
774 5816 834 5877 ὃς
876 5819 933 5870 ἐν
965 5817 1192 5888 τοιούτῳ
1235 5819 1443 5889 σεισμῷ
1489 5819 1744 5883 ἀσεϐείας

1877 5816 2219 5871 bernatorem
2246 5814 2498 5869 Ecclesiae
2522 5815 2879 5884 sutelargitus
2907 5823 3010 5875 est,
3034 5815 3445 5878 inconcussum,

209 5907 533 5978 τηλικοῦτον
587 5906 905 5979 ὑπέρμαχον
966 5908 1099 5979 ὁμοῦ
1157 5911 1250 5964 καὶ
1315 5909 1653 5982 κυϐερνήτην
1714 5914 1756 5981 τῇ

1881 5907 2232 5973 immobilem,
2266 5907 2427 5964 verba
2455 5907 2573 5963 vitae
2628 5907 2938 5974 habentem,
2966 5907 3328 5964 confessionis
3366 5908 3439 5961 lu-
