3934 6444
515 361 656 431 1319

1708 363 1770 423 S.
1810 359 2202 422 THEODORI
2245 358 2593 420 STUDITZE

3643 348 3779 410 1320

513 494 638 532 men
677 479 934 532 universo
967 475 1092 532 orbi
1149 474 1559 530 accendentem.
1604 472 1758 540 Quod
1809 475 1854 528 si
1921 473 2095 526 hiems

2206 470 2393 522 ῐέαυτού
2437 465 2736 536 Ἐκκλησία
2758 462 3090 535 ἐδωρήσατο,
3115 460 3390 523 ἄσειστον,
3415 457 3776 529 ἀκράδαντον,

513 571 751 625 nondum
811 569 1091 640 praeteriit,
1141 568 1268 623 licet
1311 583 1477 637 parva
1527 567 1773 636 quaedam
1824 567 2092 621 serenitas

512 663 820 719 atl'ulserit:
870 678 980 716 non
1030 660 1454 732 desperandum,
1500 675 1533 714 ο
1563 671 1644 714 ter
1696 659 1874 713 beate.
1909 659 2094 712 Potest

512 757 657 811 enim
688 757 781 826 qui
817 757 1031 810 brevem
1065 755 1215 825 pacis
1255 753 1546 810 scintillam
1592 751 1862 806 concessit
1908 749 2094 804 Domi-

513 863 640 913 nus,
667 846 832 902 Deum
857 846 1200 902 ﬂectentibus
1223 845 1478 916 precibus
1511 844 1619 900 tuis
1642 843 1896 905 inﬂexus,
1926 841 2094 895 etiam

517 951 687 996 totum
723 941 1041 995 orthodoxa:
1075 939 1196 994 ﬁdei
1233 954 1327 993 ver
1355 936 1590 1008 pandere
1627 953 1641 991 :
1687 943 1741 990 et
1772 945 1901 989 tunc
1929 934 2096 989 nimi-

515 1048 662 1094 rum,
719 1033 939 1102 quando
1005 1032 1097 1086 ira:
1143 1031 1317 1086 nubes
1379 1029 1606 1084 omnino
1663 1029 1984 1096 mutabitur,
2043 1035 2098 1081 et

516 1131 733 1196 piorum
765 1140 829 1179 ac
875 1124 1042 1178 Deum
1079 1123 1377 1178 amantium
1411 1137 1568 1177 amor
1602 1121 1865 1192 probatus
1891 1120 2094 1175 clarius

515 1218 702 1271 fuerit.
759 1215 883 1270 Haec
944 1231 1110 1270 ausus
1161 1231 1283 1270 sum
1353 1215 1407 1269 in
1474 1215 1761 1285 prtesentia
1836 1222 2094 1283 tanquam

514 1305 732 1360 catulus
760 1305 1031 1374 quispiam
1070 1306 1268 1359 mutire
1297 1306 1502 1374 optimo
1548 1319 1670 1358 meo
1701 1319 1886 1358 revera
1916 1305 2099 1358 archi-

515 1397 722 1468 pastori
752 1398 873 1466 :qui
891 1408 945 1451 et
967 1396 1337 1451 venerandum
1361 1396 1724 1452 encbiridium
1745 1411 1870 1450 cum
1895 1395 2098 1464 ingenti

517 1489 882 1543 exsultatione
913 1489 1156 1557 suscepi.

837 1771 1050 1827 LXXX.
1084 1804 1152 1816 —-
1196 1772 1397 1828 Joanm'
1447 1772 1771 1844 Logotheta.

2196 562 2355 630 λόγον
2406 560 2554 629 ζωῆς
2609 558 2908 628 ἐπέχοντα·
2957 553 3072 625 φῶς
3115 551 3408 624 ὁμολογίας
3460 553 3525 621 τῇ
3565 551 3780 621 ὐφηλίῳ

2196 653 2563 724 πυρσεύοντα.
2614 651 2680 706 Et
2705 651 2764 703 δὲ
2810 649 2893 702 ὅτι
2919 648 2947 700 6
2971 644 3182 718 χειμὼν
3209 645 3433 700 οὐτίπου
3470 642 3778 714 παρῆλθεν,

2195 747 2245 799 εἰ
2289 743 2384 797 καί
2420 758 2507 806 τις
2557 740 2729 811 μικρὰ
2775 737 2960 809 αἰθρία
3005 735 3393 808 ὐπήστραψενο
3426 735 3529 788 οὐκ
3562 733 3783 802 ἀθυμη-

2195 839 2341 902 τέον,
2395 829 2441 890 ὦ
2505 834 2965 908 τρισμακάριστε.
3023 833 3262 894 Δυνατδς
3311 830 3421 902 γὰρ
3478 831 3508 883 6
3547 829 3673 893 δοὺς
3719 827 3782 882 τὸ

2199 927 2373 999 βραχύ
2394 931 2494 999 τῆς
2518 928 2740 997 είρήνης
2779 921 3115 993 ἑμπύρευμα
3150 921 3378 992 Κύριος,
3395 921 3538 1003 ἓταῖς
3568 917 3784 971 θεοκλι⁹

2197 1022 2314 1075 νέσι
2351 1038 2446 1073 σου
2479 1019 2870 1089 καμπτόμενος
2913 1016 3244 1086 προσευχαῖς
3265 1054 3281 1080 ,
3310 1014 3406 1066 καὶ
3439 1013 3499 1067 τὸ
3532 1013 3653 1066 ὅλον
3681 1013 3782 1081 τῆς

2196 1111 2508 1185 ὀρθοδοξίας
2559 1111 2900 1166 ἀναπετάσαι
2961 1107 3098 1178 ἔαρ·
3156 1107 3254 1160 καὶ⁴
3309 1106 3433 1159 τότε
3500 1105 3780 1176 δηλονότι,

2197 1207 2360 1260 ὁπότε
2393 1206 2490 1269 καὶ
2541 1204 2603 1257 τὸ
2648 1205 2748 1273 τῆς
2775 1195 2947 1273 ὀργῆς
2999 1199 3160 1269 νέφος
3208 1197 3508 1270 ἀμειφθείη
3553 1197 3780 1259 τέλεον,

2197 1299 2293 1352 καὶ
2339 1299 2367 1351 6
2408 1295 2573 1360 πόθος
2625 1294 2738 1349 τῶν
2788 1291 3052 1362 θεοφιλῶν
3099 1289 3459 1360 δοκιμασθείη
3524 1287 3783 1359 λαμπρό-

2197 1406 2376 1460 τερον.
2405 1387 2594 1442 Ταῦτά
2621 1405 2712 1458 μοι
2746 1385 2841 1440 νῦν
2866 1384 3198 1454 τετόλμηται
3233 1381 3426 1451 ὥσπερ
3457 1397 3512 1434 τι
3541 1379 3785 1433 κυνίδιον

2197 1481 2399 1553 γρύξαι
2440 1480 2517 1550 τῷ
2547 1477 2772 1551 χρηστῷ
2822 1495 2928 1548 μου
2991 1475 3067 1539 ὡς
3115 1473 3338 1545 ἀληθῶς
3386 1472 3783 1543 ἀρχιποίμενι,

2199 1573 2444 1644 εἰληφότι
2529 1574 2626 1627 καὶ
2693 1573 2757 1626 τὸ
2819 1567 3204 1642 προσκυνητὸν
3269 1567 3592 1638 ἐγχειρίδιον
3658 1563 3785 1636 μεθ’

2199 1664 2646 1737 ὑπερϐαλλούσης
2678 1664 3082 1732 ἀγαλλιάσεως.

2481 1778 2562 1830 [ι’.
2600 1805 2670 1816 -
2715 1775 2961 1842 Ἰωάννῃ
2997 1767 3314 1841 Λογοθέτῃ.
3340 1766 3506 1843 [vta]

1040 1884 1116 1934 De
1152 1883 1334 1935 Leonis
1352 1885 1554 1935 Armeni
1575 1895 1737 1937 morte
1757 1887 1914 1950 ipsius
1938 1891 2217 1941 sceleribus
2244 1898 2573 1954 congruente.
2611 1890 2812 1954 (Baron.
2840 1901 2920 1936 an.
2942 1883 3053 1947 821,
3087 1900 3136 1937 η.
3160 1885 3266 1948 ει.)

589 1987 871 2043 Reseravit
902 1997 1116 2057 tempus
1135 1990 1360 2060 januam
1392 1993 1679 2057 libertatis,
1709 2008 1763 2050 ut
1799 1996 2090 2066 loquamur
2120 2006 2163 2060 Β

518 2096 620 2136 nos
649 2095 774 2136 cum
807 2081 964 2136 bonis
996 2083 1131 2136 viris
1164 2083 1326 2137 simul
1356 2092 1409 2138 et
1446 2083 1656 2139 amicis.
1691 2087 1751 2140 In
1801 2087 1885 2142 his
1911 2100 2093 2143 autem

519 2174 646 2241 quis
694 2174 960 2243 potiorem
1012 2173 1259 2229 obtineat
1305 2176 1486 2230 locum
1527 2193 1690 2244 quam
1735 2180 1910 2249 pietas
1959 2181 2096 2235 tua?

520 2266 614 2336 qui
668 2266 739 2319 ob
794 2266 938 2320 hunc
977 2265 1153 2335 ipsum
1200 2267 1416 2336 pietatis
1472 2269 1678 2323 cultum
1725 2285 1832 2324 non
1873 2273 2097 2342 exiguas

520 2372 813 2428 perpessus
857 2373 917 2412 es
967 2359 1245 2413 molestias
1289 2374 1671 2431 aerumnasque
1716 2363 1785 2416 ab
1824 2378 1890 2418 eo
1925 2365 2099 2433 quiet

520 2452 688 2507 Deum
733 2449 974 2514 oﬂ‘endit,
1022 2459 1078 2504 et
1113 2451 1378 2504 mundum
1435 2451 1712 2522 impietate
1757 2457 2013 2524 perdidit,
2045 2466 2101 2512 et

521 2557 707 2613 parem
739 2543 1030 2612 apostasia:
1058 2543 1218 2597 vitam
1246 2543 1511 2597 violenter
1538 2545 1729 2610 ﬁnivit,
1757 2562 1864 2601 non
1897 2549 1950 2602 in
1979 2549 2099 2604 loco

523 2635 880 2696 sancto,licet
901 2632 950 2686 id
975 2633 1233 2688 horribile
1255 2635 1404 2688 dictu
1437 2636 1508 2689 sit
1545 2653 1558 2689 :
1593 2636 1720 2706 quia
1751 2653 2098 2708 nequaquam

521 2726 782 2796 templum
816 2724 908 2781 Dei
935 2736 1204 2790 sanctum,
1259 2728 1404 2796 quod
1434 2729 1503 2782 ab
1539 2729 1806 2785 haereticis
1838 2732 2097 2800 profana-

526 2827 637 2870 tum
673 2825 796 2880 est,
833 2816 925 2870 sed
949 2817 1142 2871 domus
1175 2817 1401 2886 profana
1434 2827 1537 2884 est,
1568 2821 1713 2874 sicut
1741 2822 1819 2875 ait
1857 2839 2090 2892 magnus

523 2907 762 2962 Basilius
799 2927 812 2962 :
845 2909 1075 2978 praeside
1105 2908 1250 2962 illius
1282 2911 1474 2976 angelo
1498 2948 1513 2971 ,
1541 2920 1602 2964 ut
1628 2920 1823 2980 praeest
1845 2911 2100 2968 Ecclesia:

525 3002 840 3070 unicuique,
873 3002 1197 3056 abscedente
1219 3015 1437 3071 propter
1466 3004 1817 3072 impietatem.
1847 3006 2099 3076 Quapro-

527 3102 648 3160 pter
677 3106 777 3146 nec
812 3091 920 3144 Deo
950 3102 1170 3161 accepta
1210 3101 1296 3145 est
1324 3108 1444 3161 quae
1485 3094 1538 3146 in
1564 3109 1630 3149 eo
1657 3095 1972 3150 immolatur
2001 3098 2100 3151 ho—

525 3182 650 3236 stia.
678 3180 741 3234 Et
776 3181 903 3234 audi
936 3182 1110 3249 ipsum
1154 3182 1423 3236 dicentem
1458 3200 1472 3236 :
1512 3181 1756 3254 Iniquus,
1791 3188 1881 3256 qui
1908 3188 2099 3240 immo-

526 3276 602 3328 lat
625 3273 754 3327 mihi
779 3273 1024 3338 vitulum,
1056 3275 1210 3344 quasi
1244 3275 1335 3343 qui
1357 3274 1611 3345 interﬁcit
1642 3294 1823 3332 canem
1851 3279 1917 3333 ⁸⁸.
1943 3279 2100 3346 Quod

2263 1998 2510 2063 Ἤνοιξεν
2553 1998 2792 2066 ὁκαιρδς
2827 1995 2998 2067 θύραν
3040 1991 3397 2066 παρρησίας,
3444 1989 3787 2060 φθέγξασθαι

2196 2091 2344 2160 ἡμᾶς
2375 2088 2603 2158 ἀγαθοῖς
2632 2085 3070 2159 ἀνδράσιν,όμοῦ
3106 2103 3168 2138 τε
3208 2085 3306 2139 καὶ
3350 2084 3546 2153 φίλοις.
3582 2084 3707 2137 Τῶν
3728 2083 3788 2137 δὲ

2194 2181 2452 2235 τοιούτων
2494 2182 2574 2245 τίς
2612 2183 2678 2235 ἂν
2717 2181 2800 2252 εἵη
2835 2179 3036 2250 μείζων
3096 2178 3194 2248 τῆς
3230 2177 3330 2246 σῆς
3371 2176 3691 2239 εὐσεϐείας;
3727 2177 3789 2238 ὃς

2195 2291 2260 2341 γε
2291 2274 2358 2326 δι’
2390 2275 2522 2326 αὐτό
2551 2273 2711 2326 τοῦτο
2739 2273 2801 2325 τὸ
2825 2270 3073 2324 εὐσεϐεῖν
3101 2287 3185 2332 σε,
3215 2271 3316 2323 οὐκ
3337 2269 3526 2336 ὀλίγας
3553 2269 3790 2339 ἀνέτλης

2197 2365 2406 2436 θλίψεις
2437 2383 2498 2420 τε
2546 2365 2645 2420 καὶ
2689 2363 2965 2426 κακώσεις
2994 2363 3148 2434 παρά
3184 2361 3280 2415 τοῦ
3317 2361 3414 2415 καὶ
3443 2359 3563 2431 Θεῷ
3608 2378 3788 2431 προσ-

2197 2460 2534 2531 κρούσαντος
2555 2499 2570 2522 ,
2607 2457 2700 2512 καὶ
2727 2458 2933 2527 κόσμον
2961 2455 3250 2519 όλέσαντος
3299 2456 3359 2508 ὲν
3391 2453 3640 2524 ἀσεϐείᾳ,
3687 2454 3791 2506 καὶ

2202 2549 2495 2620 ἰσόρροπον
2528 2551 2628 2618 τῆς
2657 2547 2998 2607 ἀποστασίας
3027 2545 3126 2616 τὴν
3166 2545 3313 2616 ζωὴν
3345 2544 3788 2616 ἀπορρήξαντος,

2199 2641 2301 2692 οὐκ
2329 2641 2386 2691 ὲν
2421 2637 2569 2714 νάγίῳ
2601 2639 2752 2707 τόπῳ
2772 2677 2786 2702 ,
2842 2635 2945 2690 κᾶν
2979 2636 3330 2707 μορμολύττῃ
3362 2637 3423 2688 τὸ
3452 2635 3750 2702 λεγόμενον
3770 2650 3786 2664 ·

2199 2733 2335 2786 διότι
2366 2732 2425 2784 οὐ
2470 2731 2595 2793 ναὸς
2629 2728 2766 2782 Θεοῦ
2804 2728 2962 2796 ἆγιος
3001 2730 3030 2781 6
3068 2728 3156 2794 ὑφ’
3189 2726 3486 2798 αἱρετικῶν
3514 2724 3790 2795 βεϐηλού-

2204 2840 2394 2894 μενος,
2431 2822 2547 2876 ἀλλ’
2595 2817 2742 2884 οἶκος
2787 2820 2990 2887 κοινὸς,
3030 2820 3106 2883 ὦς
3139 2836 3304 2889 φησιν
3341 2820 3370 2871 6
3403 2818 3577 2886 μέγας
3615 2816 3791 2869 Βασί-

2198 2916 2381 2977 λειοςο
2439 2914 2534 2966 τοῦ
2590 2912 2900 2983 ἐφεστῶτος
2946 2911 3182 2980 ἀγγέλου
3233 2912 3292 2964 ὲν
3339 2909 3510 2978 αὐτῷ,
3564 2908 3642 2971 ὡς
3699 2910 3794 2975 ἐφ’

2203 3008 2441 3076 ἑκάστης
2483 3005 2835 3075 Ἐκκλησίας,
2869 3003 3246 3064 ὑπεκστάντος
3262 3001 3349 3055 διὰ
3378 2999 3477 3072 τὴν
3505 2999 3792 3054 ἀσέϐειαν.

2200 3098 2402 3167 Διόπερ
2445 3097 2618 3166 οὐδ’ή
2656 3095 2951 3166 τελουμένη
2987 3097 3044 3147 ὲν
3082 3092 3232 3163 αὐτῷ
3277 3091 3470 3155 θυσία,
3519 3089 3642 3159 Θεῷ
3693 3092 3792 3143 εὐ-

2202 3189 2552 3260 πρόσδεκτος.
2577 3187 2688 3240 Καὶ
2707 3187 2942 3241 ἄκουσον
2967 3185 3132 3240 αὑτοῦ
3158 3183 3410 3251 λέγοντος
3429 3199 3476 3232 ’‹
3499 3183 3557 3237 ’0
3581 3184 3796 3254 ἀσεϐὴς

2205 3281 2234 3333 6
2271 3279 2414 3331 θύων
2457 3295 2547 3347 μοι
2589 3279 2809 3347 μόσχον,
2844 3276 2922 3338 ὠς
2953 3277 2982 3328 6
3013 3274 3350 3328 ἀποκτείνων
3381 3273 3540 3330 κύνα.
3580 3292 3597 3326 ι
3633 3275 3696 3326 Et
3735 3275 3799 3328 δὲ

526 3367 571 3422 si
607 3375 865 3436 tanquam
896 3367 947 3420 in
979 3367 1175 3436 temple
1230 3376 1510 3422 mortuum
1547 3384 1668 3424 esse
1711 3370 1938 3441 impium
1969 3387 2102 3426 con-

2212 3372 2307 3424 καὶ
2348 3370 2423 3430 ὡς
2451 3369 2548 3421 ἐπὶ
2587 3367 2717 3421 ναοῦ
2745 3367 2934 3430 λάϐοις
2962 3366 3219 3420 τεθνᾶναι
3243 3367 3333 3418 τὸν
3364 3366 3558 3436 ἀσεϐῆ,
3609 3367 3793 3436 ἁρμό-

527 3459 759 3523 tendas;
809 3459 858 3512 id
896 3459 968 3512 ita
1028 3460 1318 3514 commode
1373 3461 1757 3529 explicabitur.
1810 3461 2107 3532 Oportebat

527 3549 695 3611 enim,
730 3550 1021 3619 oportebat
1049 3565 1196 3614 eum,
1227 3551 1320 3620 qui
1353 3552 1443 3606 Dei
1477 3554 1692 3623 templis
1725 3553 1925 3608 bellum
1963 3555 2105 3609 indi-

528 3653 705 3708 xerat,
751 3643 805 3696 in
855 3642 1057 3712 templo
1121 3643 1342 3698 strictos
1403 3644 1456 3698 in
1491 3660 1550 3700 se
1597 3645 1808 3715 gladios
1868 3647 2102 3702 videre:

529 3735 981 3806 oportebateum,
1011 3735 1104 3806 qui
1125 3737 1366 3792 divinum
1392 3737 1564 3792 altare
1590 3740 1955 3807 destruxerat,
1983 3750 2108 3796 ante

529 3828 700 3882 altare
738 3843 767 3882 a
823 3827 1002 3882 medio
1036 3828 1151 3881 tolli
1189 3845 1201 3882 :
1235 3843 1354 3882 eam
1383 3844 1627 3896 manum,
1664 3847 1788 3901 quae
1842 3831 2020 3887 fuerat
2051 3834 2104 3888 in

529 3920 731 3974 Christi
761 3920 1018 3989 probrum
1045 3921 1209 3980 elata,
1252 3920 1383 3975 cedi
1413 3933 1466 3976 et
1493 3924 1759 3992 amputari
1792 3940 1806 3977 :
1838 3925 1893 3978 in
1922 3935 2105 3995 caput,

530 4013 676 4081 quod
694 4013 758 4065 ad
776 4013 1066 4082 perniciem
1088 4013 1318 4067 aliorum
1339 4015 1868 4079 movebatur,ensem
1886 4019 2108 4072 distrin-

531 4104 616 4172 gi:
651 4100 1001 4171 humero,qui
1021 4101 1084 4155 ad
1100 4102 1314 4171 piorum
1347 4103 1532 4172 plagas
1552 4103 1882 4173 erigebatdr,
1914 4105 2109 4160 lcthale

530 4197 727 4250 vulnus
769 4195 936 4265 inﬂigi
967 4211 981 4261 ;
1016 4195 1168 4266 regio
1219 4210 1251 4250 e
1283 4196 1485 4266 palatio
1514 4212 1638 4251 cum
1690 4197 1952 4252 dedecore
1983 4199 2107 4267 pelli

530 4305 677 4351 eum,
705 4290 795 4359 qui
815 4288 1043 4352 Christi,
1074 4288 1169 4358 qui
1201 4287 1462 4357 Deiparaa,
1501 4290 1593 4358 qui
1618 4290 1793 4344 sancti
1819 4289 2110 4359 cujuslibet

531 4391 775 4436 sanctam
803 4380 1091 4450 imaginem
1114 4381 1312 4449 probro
1329 4380 1600 4436 affecerat.
1627 4381 1900 4447 Quorsum
1925 4392 2105 4438 autem

532 4468 652 4532 tibi,
699 4468 924 4522 Domine
954 4469 1047 4533 mi,
1081 4469 1328 4523 scelerati
1362 4479 1592 4522 mortem
1621 4471 1673 4523 in
1707 4471 1853 4524 hunc
1883 4473 2105 4526 modum

529 4560 733 4630 tragice
754 4558 1062 4627 descripsi?
1094 4559 1230 4623 Quia
1266 4573 1489 4613 necesse
1509 4570 1592 4613 est
1637 4560 1765 4614 hinc
1803 4576 1911 4615 non
1946 4564 2109 4617 modo

531 4653 681 4721 pium
727 4651 1136 4718 imperatorem,
1168 4661 1557 4721 congruentem
1596 4651 1858 4721 impietati
1899 4655 2104 4709 exitum

532 4743 682 4813 impii
715 4757 1034 4812 agnoscere,
1063 4741 1157 4797 sed
1211 4745 1377 4796 etiam
1421 4743 1698 4797 hominem
1739 4760 2105 4815 unumquem-

531 4849 658 4903 que.
694 4836 772 4888 Ac
803 4833 975 4887 miror
1013 4833 1266 4903 equidem
1307 4837 1656 4889 vehementer
1685 4837 1959 4906 quomodo
1990 4839 2106 4893 haec

531 4925 838 4994 intelligens
891 4927 1131 4996 optimus
1182 4926 1444 4982 Dominus
1489 4938 1695 4992 noster,
1752 4929 1821 4984 de
1885 4929 2105 4986 nefandi

533 5017 902 5086 persecutoris
952 5018 1232 5087 impietate
1286 5019 1624 5088 triumphum
1678 5036 1786 5074 non
1829 5033 1975 5091 agat,
2002 5039 2103 5078 nec

532 5109 638 5163 sibi
692 5124 757 5162 ac
787 5110 1022 5163 subditis
1071 5111 1366 5165 orhodoxae
1418 5111 1540 5166 ﬁdei
1601 5114 2100 5167 reconciliationem

534 5199 827 5268 impertiat,
875 5211 1133 5271 tanquam
1187 5203 1436 5272 princeps
1485 5205 1656 5273 pacis,
1698 5207 1762 5258 ad
1795 5207 2108 5276 exemplum

533 5294 762 5349 Christi.
814 5296 1102 5365 PrOptet'ea
1135 5307 1280 5366 peto,
1341 5297 1562 5352 humilis
1619 5298 1882 5360 obtestor.
1921 5312 1981 5354 ut
2029 5314 2109 5364 tu,

535 5385 628 5453 qui
675 5387 870 5440 eximie
915 5391 1036 5456 pius
1063 5403 1144 5451 es,
1184 5403 1349 5456 porro
1399 5403 1616 5457 pergas,
1649 5389 2109 5458 quemadmodum

536 5475 721 5543 accepi
775 5483 826 5529 te
875 5487 1070 5544 sponte
1121 5493 1463 5548 aggressum,
1509 5489 1570 5533 ut
1613 5489 1785 5533 totum
1827 5489 1878 5535 te
1929 5481 2111 5535 tradas

535 5565 885 5619 restituenda:
904 5565 1047 5631 tidei,
1079 5565 1133 5620 in
1166 5581 1272 5636 qua
1297 5569 1550 5626 estsalus
1572 5579 1625 5626 et
1647 5570 1859 5641 imperii
1891 5580 1946 5628 et
1974 5573 2102 5628 θυι)-

537 5655 799 5710 ditorutn.

610 5811 658 5840 ³⁸
705 5809 804 5866 lsa.
843 5827 990 5880 ιιι-ι,
1021 5813 1076 5882 3,
1104 5828 1214 5871 sec.
1241 5814 1403 5870 LXX.

2135 4705 2186 4764 1)

2215 3478 2323 3513 σειε
2364 3461 2460 3514 καὶ
2489 3455 2642 3523 οὗτος
2667 3461 2695 3512 6
2747 3457 2970 3530 τρόπος.
3008 3455 3157 3512 Ἔδει
3200 3459 3330 3529 γὰρ,
3372 3459 3481 3512 ἔδει
3521 3459 3615 3511 τὸν
3645 3473 3798 3512 κατα

2210 3552 2322 3604 τῶν
2350 3549 2494 3604 ναῶν
2523 3548 2618 3602 τοῦ
2649 3548 2787 3601 Θεοῦ
2817 3554 3130 3619 γενόμενον,
3162 3550 3220 3602 ὲν
3246 3547 3361 3617 ναῷ
3398 3549 3526 3600 ίδείν
3561 3547 3630 3600 τά
3665 3548 3796 3600 κατ’

2213 3644 2376 3698 αὐτοῦ
2418 3642 2770 3712 γυμνούμενα
2819 3639 2988 3711 ξίφηδ
3026 3640 3134 3695 ἔδει
3167 3639 3260 3694 τὸν
3311 3639 3372 3692 τὸ
3405 3639 3554 3691 θετον
3596 3638 3796 3691 θυσια-

2214 3738 2445 3805 στήριον
2485 3735 2826 3802 ἀφανίσαντα
2851 3776 2866 3800 ,
2927 3736 2986 3787 ὲν
3020 3733 3392 3804 θυσιαστηρίῳ
3431 3733 3801 3803 ὲξαφανισθῆο

2211 3842 2331 3879 ναιο
2365 3825 2507 3878 κατά
2536 3826 2634 3896 τῆς
2664 3827 2991 3895 ἐκταθείσης
3021 3829 3107 3894 ἐφ’
3141 3824 3294 3897 ὕϐρει
3318 3823 3555 3895 Χριστοῦ
3581 3824 3796 3894 χειρὸς,

2213 3916 2388 3988 τομὴν
2435 3917 2773 3987 ἐπαχθῆναιο
2835 3918 2977 3970 κατὰ
3018 3915 3120 3986 τῆς
3170 3914 3485 3985 κινηθείσης
3544 3916 3800 3985 κεφαλῆς

2214 4008 2496 4080 ὀλεθρίως,
2532 4008 2685 4078 ξίφος
2715 4007 2995 4061 διελάσαι⁸
3046 4005 3188 4059 κατά
3225 4005 3320 4060 τοῦ
3369 4003 3520 4074 ὤμου
3569 4005 3669 4058 τοῦ
3701 4007 3779 4058 ὲπ

2216 4105 2459 4175 αἰκισμῷ
2505 4105 2614 4158 τῶν
2644 4102 2886 4157 εὐσεϐῶν
2932 4100 3298 4173 ἐπαρθέντος,
3350 4099 3573 4170 καιρίαν
3613 4099 3804 4154 ἐλθεῖν

2216 4198 2473 4268 πληγήνο
2511 4197 2705 4265 ἄτιμον
2743 4194 3173 4264 ἀποπεμφθῆναι
3211 4190 3322 4246 τῶν
3363 4190 3660 4262 βασιλικῶν
3695 4192 3803 4244 αὐ-

2216 4290 2324 4344 λῶν
2355 4288 2446 4341 τὸν
2474 4290 2816 4359 ἀτιμάσαντα
2853 4288 2954 4356 τὴν
2993 4284 3157 4354 ἁγίαν
3183 4283 3422 4355 Χριστοῦ
3451 4283 3659 4346 είκόνα,
3692 4285 3804 4354 τῆς

2215 4384 2521 4447 Θεοτόκου,
2585 4383 2680 4435 καὶ
2729 4377 3040 4434 οὑτινοσοῦν
3096 4377 3207 4430 τῶν
3251 4376 3444 4445 ἁγίων.
3473 4373 3538 4428 Τί
3585 4374 3802 4446 δήποτε

2215 4474 2357 4526 οὕτω
2390 4490 2506 4537 σοι,
2551 4470 2728 4543 Κύριέ
2760 4487 2885 4540 μου,
2926 4466 3345 4539 ὲξετραγῴδησα
3375 4466 3472 4520 τοῦ
3498 4464 3804 4535 ἑξαγίστου

2215 4566 2309 4618 τὸν
2341 4564 2606 4629 θάνατον;
2640 4563 2722 4615 ὅτι
2749 4561 3045 4628 ἀναγκαῖόν
3075 4562 3221 4614 ὲστιν
3249 4557 3503 4611 ἐντεῦθεν
3535 4552 3596 4610 οὐ
3631 4561 3810 4628 μόνον

2213 4654 2306 4707 τὸν
2355 4654 2551 4724 εὐσεϐῆ
2603 4651 2827 4723 βασιλέα
2873 4651 3175 4719 ἐπιγνῶναι
3219 4650 3282 4703 τὸ
3338 4648 3676 4719 κατάλληλον
3725 4655 3805 4722 τῇ

2210 4745 2437 4815 ἀσεϐείᾳ
2466 4744 2560 4798 τοῦ
2599 4743 2834 4807 ἀσεϐοῦς
2874 4744 3264 4814 ἀποτέλεσμα,
3301 4742 3436 4795 ἀλλά
3485 4743 3580 4796 καὶ
3612 4743 3806 4796 πάντα

2210 4836 2514 4908 ἄνθρωπον.
2573 4837 2683 4888 Καὶ
2724 4835 2940 4905 ἄγαμαι
2985 4835 3109 4889 λίαν
3152 4815 3269 4898 πῶς
3308 4836 3339 4886 6
3378 4835 3579 4903 ἀγαθὸς
3635 4835 3807 4903 ἡμῶν

2211 4929 2492 4996 Δεσπότης
2531 4929 2694 4995 γνοὺς
2734 4926 2930 4989 τοῦτο,
2962 4926 3022 4978 οὐ
3067 4924 3392 4996 θριαμϐεύει
3432 4924 3532 4994 τὴν
3560 4921 3654 4976 τοῦ
3690 4940 3805 4976 πα-

2209 5019 2474 5090 λαμναίου
2509 5017 2828 5071 δυσσέϐειαν
2849 5035 2864 5050 ο
2918 5017 3014 5069 καὶ
3068 5016 3354 5088 χαρίζεται
3387 5013 3566 5084 ἑαυτῷ
3598 5030 3656 5065 τε
3698 5017 3807 5066 καὶ

2210 5111 2287 5180 τῷ
2317 5111 2544 5181 ὑπηκόῳ
2595 5111 2658 5163 τὸ
2704 5112 2806 5181 τῆς
2840 5109 3150 5182 ὀρθοδοξίας
3196 5107 3461 5178 ὲξίλασμα
3484 5147 3497 5170 ,
3531 5106 3606 5169 ὡς
3640 5106 3806 5175 βασι-

2219 5206 2343 5266 λεύς
2383 5204 2738 5274 είρηνοιρχίας
2762 5204 3250 5273 Χριστομιμήτως.
3280 5203 3380 5254 Διά
3416 5199 3589 5266 ,τοῦτο
3614 5199 3760 5251 αίτῶ
3787 5240 3806 5264 ,

2209 5295 2474 5349 ἀντιϐολῶ
2510 5299 2537 5349 6
2574 5295 2833 5358 ταπεινὸς
2853 5336 2868 5361 ,
2897 5293 3222 5365 ἐπειχθῆναι
3252 5311 3309 5346 σε
3342 5293 3434 5344 τὸν
3466 5289 3808 5344 εὐσεϐέστα-

2209 5407 2322 5455 τον,
2353 5389 2605 5459 καθάπερ
2629 5391 2721 5442 καὶ
2747 5388 3013 5459 ῆκουσταί
3036 5403 3131 5457 μοι
3168 5387 3253 5440 ὅτι
3282 5383 3539 5454 ὲκινήθης
3560 5423 3574 5447 ,
3605 5382 3805 5436 δοῦναι

2213 5481 2409 5534 ἑαυτὸν
2459 5480 2660 5545 όλικῶς
2709 5482 2792 5544 εἰς
2823 5479 3127 5550 ἀνόρθωσιν
3176 5480 3278 5545 τῆς
3331 5477 3604 5538 πίστεως·
3641 5478 3700 5529 ἐν
3760 5470 3803 5550 ᾗ

2213 5575 2329 5625 ἐστι
2378 5574 2438 5626 τὸ
2482 5575 2749 5647 σωτήριον
2775 5576 2869 5629 τοῦ
2914 5590 2973 5628 τε
3015 5574 3253 5646 κράτους
3283 5571 3379 5624 καὶ
3421 5569 3517 5623 τοῦ
3549 5566 3812 5643 ὑπηκόου

2217 5665 2438 5729 παντός.
