  <div class='ocr_page' id='page_1' title='image "/cluster/home/n/w/nwhite01/storage/ocr_20150623/99/ien.35556001661347/670.png"; bbox 0 0 3934 6454; ppageno 0'>
   <div class='ocr_carea' id='block_1_1' title="bbox 152 414 282 479">
    <p class='ocr_par' dir='ltr' id='par_1_1' title="bbox 152 414 282 479">
     <span class='ocr_line' id='line_1_1' title="bbox 152 414 282 479; baseline 0.008 -2"><span class='ocrx_word' id='word_1_1' title='bbox 152 414 282 479; x_wconf 76' lang='lat' dir='ltr'><strong>I321</strong></span> 
     </span>
    </p>
   </div>
   <div class='ocr_carea' id='block_1_2' title="bbox 327 525 1545 600">
    <p class='ocr_par' dir='ltr' id='par_1_2' title="bbox 327 525 1545 600">
     <span class='ocr_line' id='line_1_2' title="bbox 327 525 1545 600; baseline 0 -19"><span class='ocrx_word' id='word_1_2' title='bbox 327 529 456 581; x_wconf 67' lang='grc' dir='ltr'><strong>[Μ’.</strong></span> <span class='ocrx_word' id='word_1_3' title='bbox 494 555 566 567; x_wconf 86' lang='grc'><strong><em>-</em></strong></span> <span class='ocrx_word' id='word_1_4' title='bbox 603 528 1008 582; x_wconf 76' lang='grc' dir='ltr'>Παγτολέοντι</span> <span class='ocrx_word' id='word_1_5' title='bbox 1037 527 1358 597; x_wconf 71' lang='grc' dir='ltr'>Λογοθέτῃ.</span> <span class='ocrx_word' id='word_1_6' title='bbox 1386 525 1545 600; x_wconf 86' lang='grc' dir='ltr'><strong>[φη’.]</strong></span> 
     </span>
    </p>
   </div>
   <div class='ocr_carea' id='block_1_3' title="bbox 1345 416 2219 480">
    <p class='ocr_par' dir='ltr' id='par_1_3' title="bbox 1345 416 2219 480">
     <span class='ocr_line' id='line_1_3' title="bbox 1345 416 2219 480; baseline -0.002 0"><span class='ocrx_word' id='word_1_7' title='bbox 1345 417 1879 480; x_wconf 81' lang='lat' dir='ltr'><strong>EPISTOLARUM</strong></span> <span class='ocrx_word' id='word_1_8' title='bbox 1935 418 2081 476; x_wconf 86' lang='lat' dir='ltr'><strong>LIB.</strong></span> <span class='ocrx_word' id='word_1_9' title='bbox 2143 416 2219 478; x_wconf 92' lang='lat' dir='ltr'><strong>II.</strong></span> 
     </span>
    </p>
   </div>
   <div class='ocr_carea' id='block_1_4' title="bbox 3270 415 3409 483">
    <p class='ocr_par' dir='ltr' id='par_1_4' title="bbox 3270 415 3409 483">
     <span class='ocr_line' id='line_1_4' title="bbox 3270 415 3409 483; baseline -0.014 -1"><span class='ocrx_word' id='word_1_10' title='bbox 3270 415 3409 483; x_wconf 76' lang='lat' dir='ltr'><strong>I322</strong></span> 
     </span>
    </p>
   </div>
   <div class='ocr_carea' id='block_1_5' title="bbox 2105 524 3161 602">
    <p class='ocr_par' dir='ltr' id='par_1_5' title="bbox 2105 524 3161 602">
     <span class='ocr_line' id='line_1_5' title="bbox 2105 524 3161 602; baseline 0.007 -22"><span class='ocrx_word' id='word_1_11' title='bbox 2105 524 2339 580; x_wconf 76' lang='lat' dir='ltr'><strong>LXXXI.</strong></span> <span class='ocrx_word' id='word_1_12' title='bbox 2373 556 2441 566; x_wconf 90' lang='lat'><strong><em>—</em></strong></span> <span class='ocrx_word' id='word_1_13' title='bbox 2474 524 2810 582; x_wconf 86' lang='lat' dir='ltr'><strong>Pantoleouli</strong></span> <span class='ocrx_word' id='word_1_14' title='bbox 2840 529 3161 602; x_wconf 75' lang='lat' dir='ltr'><strong>Logatlieta&#39;.</strong></span> 
     </span>
    </p>
   </div>
   <div class='ocr_carea' id='block_1_6' title="bbox 447 632 3111 704">
    <p class='ocr_par' dir='ltr' id='par_1_6' title="bbox 447 632 3111 704">
     <span class='ocr_line' id='line_1_6' title="bbox 447 632 3111 704; baseline 0.003 -18"><span class='ocrx_word' id='word_1_15' title='bbox 447 636 546 686; x_wconf 83' lang='lat' dir='ltr'><strong>Pio</strong></span> <span class='ocrx_word' id='word_1_16' title='bbox 568 636 666 685; x_wconf 77' lang='lat' dir='ltr'><strong>[ide</strong></span> <span class='ocrx_word' id='word_1_17' title='bbox 698 636 860 686; x_wconf 85' lang='lat' dir='ltr'><strong>libere</strong></span> <span class='ocrx_word' id='word_1_18' title='bbox 890 637 1112 686; x_wconf 90' lang='lat' dir='ltr'><strong>locutum</strong></span> <span class='ocrx_word' id='word_1_19' title='bbox 1143 637 1305 687; x_wconf 87' lang='lat' dir='ltr'><strong>laudat</strong></span> <span class='ocrx_word' id='word_1_20' title='bbox 1330 657 1342 686; x_wconf 86' lang='lat'><strong>:</strong></span> <span class='ocrx_word' id='word_1_21' title='bbox 1368 638 1694 699; x_wconf 74' lang='lat' dir='ltr'><strong>hortaturque</strong></span> <span class='ocrx_word' id='word_1_22' title='bbox 1730 639 1786 685; x_wconf 91' lang='lat' dir='ltr'><strong>ut</strong></span> <span class='ocrx_word' id='word_1_23' title='bbox 1806 635 1998 686; x_wconf 90' lang='lat' dir='ltr'><strong>cultum</strong></span> <span class='ocrx_word' id='word_1_24' title='bbox 2020 632 2288 700; x_wconf 79' lang='lat' dir='ltr'><strong>imaginum</strong></span> <span class='ocrx_word' id='word_1_25' title='bbox 2319 649 2446 687; x_wconf 89' lang='lat' dir='ltr'><strong>novo</strong></span> <span class='ocrx_word' id='word_1_26' title='bbox 2487 637 2774 701; x_wconf 74' lang='lat' dir='ltr'><strong>imperatori</strong></span> <span class='ocrx_word' id='word_1_27' title='bbox 2800 644 3111 704; x_wconf 89' lang='lat' dir='ltr'><strong>persuadeat.</strong></span> 
     </span>
    </p>
   </div>
   <div class='ocr_carea' id='block_1_7' title="bbox 217 741 1725 814">
    <p class='ocr_par' dir='ltr' id='par_1_7' title="bbox 217 743 1725 814">
     <span class='ocr_line' id='line_1_7' title="bbox 217 743 1725 814; baseline -0.003 -15"><span class='ocrx_word' id='word_1_28' title='bbox 217 745 436 799; x_wconf 78' lang='grc' dir='ltr'>Ἀλλων</span> <span class='ocrx_word' id='word_1_29' title='bbox 475 746 573 814; x_wconf 82' lang='grc' dir='ltr'><strong>μὲν</strong></span> <span class='ocrx_word' id='word_1_30' title='bbox 605 745 638 814; x_wconf 78' lang='grc' dir='ltr'>ἡ</span> <span class='ocrx_word' id='word_1_31' title='bbox 670 743 841 814; x_wconf 81' lang='grc' dir='ltr'>ἁρετὴ</span> <span class='ocrx_word' id='word_1_32' title='bbox 875 743 933 809; x_wconf 76' lang='grc' dir='ltr'><strong>ἐξ</strong></span> <span class='ocrx_word' id='word_1_33' title='bbox 983 743 1156 814; x_wconf 77' lang='grc' dir='ltr'>ἀκοῆς</span> <span class='ocrx_word' id='word_1_34' title='bbox 1189 746 1323 814; x_wconf 79' lang='grc' dir='ltr'>ἡμῖν</span> <span class='ocrx_word' id='word_1_35' title='bbox 1371 743 1725 812; x_wconf 82' lang='grc' dir='ltr'><strong>διέγνωσται·</strong></span> 
     </span>
    </p>
   </div>
   <div class='ocr_carea' id='block_1_8' title="bbox 1827 741 3416 814">
    <p class='ocr_par' dir='ltr' id='par_1_8' title="bbox 1903 741 3416 812">
     <span class='ocr_line' id='line_1_8' title="bbox 1903 741 3416 812; baseline 0.005 -17"><span class='ocrx_word' id='word_1_36' title='bbox 1903 742 2157 798; x_wconf 85' lang='lat' dir='ltr'><strong>Aliorum</strong></span> <span class='ocrx_word' id='word_1_37' title='bbox 2210 741 2431 812; x_wconf 85' lang='lat' dir='ltr'><strong>quidem</strong></span> <span class='ocrx_word' id='word_1_38' title='bbox 2489 744 2669 799; x_wconf 86' lang='lat' dir='ltr'><strong>virtus</strong></span> <span class='ocrx_word' id='word_1_39' title='bbox 2722 745 2881 801; x_wconf 87' lang='lat' dir='ltr'><strong>nobis</strong></span> <span class='ocrx_word' id='word_1_40' title='bbox 2924 756 3007 801; x_wconf 87' lang='lat' dir='ltr'><strong>est</strong></span> <span class='ocrx_word' id='word_1_41' title='bbox 3035 748 3318 805; x_wconf 78' lang='lat' dir='ltr'><strong>auditione</strong></span> <span class='ocrx_word' id='word_1_42' title='bbox 3351 765 3416 803; x_wconf 81' lang='lat' dir='ltr'><strong>ac</strong></span> 
     </span>
    </p>
   </div>
   <div class='ocr_carea' id='block_1_9' title="bbox 150 827 1727 909">
    <p class='ocr_par' dir='ltr' id='par_1_9' title="bbox 150 827 1727 909">
     <span class='ocr_line' id='line_1_9' title="bbox 150 827 1727 909; baseline -0.003 -17"><span class='ocrx_word' id='word_1_43' title='bbox 150 840 242 893; x_wconf 86' lang='grc' dir='ltr'><strong>σοῦ</strong></span> <span class='ocrx_word' id='word_1_44' title='bbox 293 840 353 891; x_wconf 85' lang='grc' dir='ltr'>δὲ</span> <span class='ocrx_word' id='word_1_45' title='bbox 407 838 505 891; x_wconf 89' lang='grc' dir='ltr'><strong>τοῦ</strong></span> <span class='ocrx_word' id='word_1_46' title='bbox 555 838 860 908; x_wconf 74' lang='grc' dir='ltr'>ὑπερτίμω</span> <span class='ocrx_word' id='word_1_47' title='bbox 901 837 1164 890; x_wconf 81' lang='grc' dir='ltr'><strong>δεσπότου</strong></span> <span class='ocrx_word' id='word_1_48' title='bbox 1192 854 1317 906; x_wconf 87' lang='grc' dir='ltr'>μου,</span> <span class='ocrx_word' id='word_1_49' title='bbox 1353 827 1616 909; x_wconf 79' lang='grc' dir='ltr'>πρότερον</span> <span class='ocrx_word' id='word_1_50' title='bbox 1661 835 1727 888; x_wconf 76' lang='grc' dir='ltr'>δι’</span> 
     </span>
    </p>
   </div>
   <div class='ocr_carea' id='block_1_10' title="bbox 143 923 1728 1003">
    <p class='ocr_par' dir='ltr' id='par_1_10' title="bbox 143 923 1728 1003">
     <span class='ocr_line' id='line_1_10' title="bbox 143 923 1728 1003; baseline -0.001 -19"><span class='ocrx_word' id='word_1_51' title='bbox 143 935 345 1003; x_wconf 66' lang='grc' dir='ltr'>ὂψεως,</span> <span class='ocrx_word' id='word_1_52' title='bbox 389 933 489 984; x_wconf 89' lang='grc' dir='ltr'><strong>νῦν</strong></span> <span class='ocrx_word' id='word_1_53' title='bbox 533 933 590 985; x_wconf 81' lang='grc' dir='ltr'>δὲ</span> <span class='ocrx_word' id='word_1_54' title='bbox 636 931 695 996; x_wconf 75' lang='grc' dir='ltr'><strong>ἐξ</strong></span> <span class='ocrx_word' id='word_1_55' title='bbox 747 931 918 1001; x_wconf 80' lang='grc' dir='ltr'><strong>ἀκοῆς</strong></span> <span class='ocrx_word' id='word_1_56' title='bbox 970 931 1134 999; x_wconf 88' lang='grc' dir='ltr'>μέχρι</span> <span class='ocrx_word' id='word_1_57' title='bbox 1181 930 1283 1000; x_wconf 85' lang='grc' dir='ltr'>τῆς</span> <span class='ocrx_word' id='word_1_58' title='bbox 1313 931 1573 1001; x_wconf 74' lang='grc' dir='ltr'>ἐσχατιᾶς</span> <span class='ocrx_word' id='word_1_59' title='bbox 1607 923 1728 1003; x_wconf 81' lang='grc' dir='ltr'><strong>ὲνῇ</strong></span> 
     </span>
    </p>
   </div>
   <div class='ocr_carea' id='block_1_11' title="bbox 144 1022 1730 1095">
    <p class='ocr_par' dir='ltr' id='par_1_11' title="bbox 144 1022 1730 1095">
     <span class='ocr_line' id='line_1_11' title="bbox 144 1022 1730 1095; baseline -0.002 -18"><span class='ocrx_word' id='word_1_60' title='bbox 144 1027 310 1095; x_wconf 77' lang='grc' dir='ltr'>ἐσμεν</span> <span class='ocrx_word' id='word_1_61' title='bbox 366 1023 677 1094; x_wconf 71' lang='grc' dir='ltr'>φθασάσης.</span> <span class='ocrx_word' id='word_1_62' title='bbox 736 1023 835 1085; x_wconf 87' lang='grc' dir='ltr'><strong>Τίς</strong></span> <span class='ocrx_word' id='word_1_63' title='bbox 883 1022 941 1075; x_wconf 80' lang='grc' dir='ltr'>δὲ</span> <span class='ocrx_word' id='word_1_64' title='bbox 975 1023 1005 1072; x_wconf 98' lang='lat'><strong>6</strong></span> <span class='ocrx_word' id='word_1_65' title='bbox 1040 1023 1230 1089; x_wconf 86' lang='grc' dir='ltr'>λόγος;</span> <span class='ocrx_word' id='word_1_66' title='bbox 1267 1023 1350 1074; x_wconf 84' lang='grc' dir='ltr'>ὅτι</span> <span class='ocrx_word' id='word_1_67' title='bbox 1385 1022 1730 1092; x_wconf 73' lang='grc' dir='ltr'>ἐπαρρησιά-</span> 
     </span>
    </p>
   </div>
   <div class='ocr_carea' id='block_1_12' title="bbox 148 1113 1731 1184">
    <p class='ocr_par' dir='ltr' id='par_1_12' title="bbox 148 1113 1731 1184">
     <span class='ocr_line' id='line_1_12' title="bbox 148 1113 1731 1184; baseline -0.001 -16"><span class='ocrx_word' id='word_1_68' title='bbox 148 1118 277 1170; x_wconf 87' lang='grc' dir='ltr'>σατό</span> <span class='ocrx_word' id='word_1_69' title='bbox 309 1133 408 1169; x_wconf 83' lang='grc' dir='ltr'><strong>σου</strong></span> <span class='ocrx_word' id='word_1_70' title='bbox 437 1116 500 1168; x_wconf 81' lang='grc' dir='ltr'><strong>τὸ</strong></span> <span class='ocrx_word' id='word_1_71' title='bbox 531 1114 1034 1184; x_wconf 86' lang='grc' dir='ltr'>πνευματοκίνητον</span> <span class='ocrx_word' id='word_1_72' title='bbox 1057 1114 1233 1184; x_wconf 80' lang='grc' dir='ltr'>στόμα</span> <span class='ocrx_word' id='word_1_73' title='bbox 1267 1113 1504 1183; x_wconf 85' lang='grc' dir='ltr'>λαλῆσαι</span> <span class='ocrx_word' id='word_1_74' title='bbox 1539 1115 1731 1182; x_wconf 81' lang='grc' dir='ltr'>σοφίαν</span> 
     </span>
    </p>
   </div>
   <div class='ocr_carea' id='block_1_13' title="bbox 145 1205 1732 1278">
    <p class='ocr_par' dir='ltr' id='par_1_13' title="bbox 145 1205 1732 1278">
     <span class='ocr_line' id='line_1_13' title="bbox 145 1205 1732 1278; baseline -0.002 -18"><span class='ocrx_word' id='word_1_75' title='bbox 145 1208 301 1272; x_wconf 83' lang='grc' dir='ltr'><strong>Θεοῦ,</strong></span> <span class='ocrx_word' id='word_1_76' title='bbox 323 1209 519 1275; x_wconf 84' lang='grc' dir='ltr'><strong>λόγους</strong></span> <span class='ocrx_word' id='word_1_77' title='bbox 537 1205 919 1278; x_wconf 77' lang='grc' dir='ltr'>ἁληθείας,ὲπ’</span> <span class='ocrx_word' id='word_1_78' title='bbox 949 1205 1190 1277; x_wconf 74' lang='grc' dir='ltr'>ὠφελείᾳ</span> <span class='ocrx_word' id='word_1_79' title='bbox 1226 1208 1320 1259; x_wconf 77' lang='grc' dir='ltr'><strong>καὶ</strong></span> <span class='ocrx_word' id='word_1_80' title='bbox 1353 1207 1598 1278; x_wconf 72' lang='grc' dir='ltr'>σωτηρίᾳ</span> <span class='ocrx_word' id='word_1_81' title='bbox 1632 1205 1732 1274; x_wconf 82' lang='grc' dir='ltr'><strong>τῆς</strong></span> 
     </span>
    </p>
   </div>
   <div class='ocr_carea' id='block_1_14' title="bbox 145 1297 1729 1370">
    <p class='ocr_par' dir='ltr' id='par_1_14' title="bbox 145 1297 1729 1370">
     <span class='ocr_line' id='line_1_14' title="bbox 145 1297 1729 1370; baseline -0.002 -17"><span class='ocrx_word' id='word_1_82' title='bbox 145 1318 199 1353; x_wconf 81' lang='grc' dir='ltr'><strong>τε</strong></span> <span class='ocrx_word' id='word_1_83' title='bbox 237 1301 458 1362; x_wconf 73' lang='grc' dir='ltr'>οἰκείας</span> <span class='ocrx_word' id='word_1_84' title='bbox 493 1300 674 1370; x_wconf 78' lang='grc' dir='ltr'>ψυχῆς</span> <span class='ocrx_word' id='word_1_85' title='bbox 721 1299 818 1353; x_wconf 78' lang='grc' dir='ltr'><strong>καὶ</strong></span> <span class='ocrx_word' id='word_1_86' title='bbox 870 1299 1051 1370; x_wconf 81' lang='grc' dir='ltr'>πάσης</span> <span class='ocrx_word' id='word_1_87' title='bbox 1090 1298 1192 1367; x_wconf 86' lang='grc' dir='ltr'><strong>τῆς</strong></span> <span class='ocrx_word' id='word_1_88' title='bbox 1242 1297 1365 1354; x_wconf 81' lang='grc' dir='ltr'>καθ’</span> <span class='ocrx_word' id='word_1_89' title='bbox 1407 1299 1559 1367; x_wconf 77' lang='grc' dir='ltr'>ἡμᾶς</span> <span class='ocrx_word' id='word_1_90' title='bbox 1606 1297 1729 1350; x_wconf 83' lang='grc' dir='ltr'><strong>Ἐκ-</strong></span> 
     </span>
    </p>
   </div>
   <div class='ocr_carea' id='block_1_15' title="bbox 147 1384 1729 1460">
    <p class='ocr_par' dir='ltr' id='par_1_15' title="bbox 147 1384 1729 1460">
     <span class='ocr_line' id='line_1_15' title="bbox 147 1384 1729 1460; baseline -0.003 -18"><span class='ocrx_word' id='word_1_91' title='bbox 147 1389 397 1459; x_wconf 84' lang='grc' dir='ltr'>κλησίας.</span> <span class='ocrx_word' id='word_1_92' title='bbox 458 1389 569 1442; x_wconf 78' lang='grc' dir='ltr'><strong>Καὶ</strong></span> <span class='ocrx_word' id='word_1_93' title='bbox 628 1389 898 1460; x_wconf 84' lang='grc' dir='ltr'>μακάριος</span> <span class='ocrx_word' id='word_1_94' title='bbox 956 1384 1040 1452; x_wconf 75' lang='grc' dir='ltr'>εἴ,</span> <span class='ocrx_word' id='word_1_95' title='bbox 1097 1389 1191 1440; x_wconf 76' lang='grc' dir='ltr'>καὶ</span> <span class='ocrx_word' id='word_1_96' title='bbox 1245 1385 1610 1456; x_wconf 80' lang='grc' dir='ltr'>εὐλογημένον</span> <span class='ocrx_word' id='word_1_97' title='bbox 1667 1385 1729 1438; x_wconf 83' lang='grc' dir='ltr'>τὸ</span> 
     </span>
    </p>
   </div>
   <div class='ocr_carea' id='block_1_16' title="bbox 144 1478 1730 1552">
    <p class='ocr_par' dir='ltr' id='par_1_16' title="bbox 144 1478 1730 1552">
     <span class='ocr_line' id='line_1_16' title="bbox 144 1478 1730 1552; baseline -0.002 -18"><span class='ocrx_word' id='word_1_98' title='bbox 144 1482 316 1552; x_wconf 68' lang='grc' dir='ltr'>ὄνομα</span> <span class='ocrx_word' id='word_1_99' title='bbox 348 1498 478 1534; x_wconf 75' lang='grc' dir='ltr'>σουο</span> <span class='ocrx_word' id='word_1_100' title='bbox 513 1481 610 1533; x_wconf 78' lang='grc' dir='ltr'><strong>καὶ</strong></span> <span class='ocrx_word' id='word_1_101' title='bbox 643 1481 703 1533; x_wconf 84' lang='grc' dir='ltr'>σὲ</span> <span class='ocrx_word' id='word_1_102' title='bbox 733 1481 1048 1534; x_wconf 73' lang='grc' dir='ltr'>αἱνέσαισαν</span> <span class='ocrx_word' id='word_1_103' title='bbox 1082 1480 1284 1542; x_wconf 81' lang='grc' dir='ltr'>πάντες</span> <span class='ocrx_word' id='word_1_104' title='bbox 1316 1479 1362 1532; x_wconf 79' lang='grc' dir='ltr'>οἱ</span> <span class='ocrx_word' id='word_1_105' title='bbox 1396 1478 1730 1542; x_wconf 82' lang='grc' dir='ltr'>ἀκούσαντες</span> 
     </span>
    </p>
   </div>
   <div class='ocr_carea' id='block_1_17' title="bbox 144 1571 1724 1644">
    <p class='ocr_par' dir='ltr' id='par_1_17' title="bbox 144 1571 1724 1644">
     <span class='ocr_line' id='line_1_17' title="bbox 144 1571 1724 1644; baseline -0.001 -18"><span class='ocrx_word' id='word_1_106' title='bbox 144 1575 413 1636; x_wconf 74' lang='grc' dir='ltr'>εὐσεϐεῖς.</span> <span class='ocrx_word' id='word_1_107' title='bbox 455 1573 565 1628; x_wconf 71' lang='grc' dir='ltr'><strong>Καὶ</strong></span> <span class='ocrx_word' id='word_1_108' title='bbox 592 1573 857 1640; x_wconf 76' lang='grc' dir='ltr'>στέφανος</span> <span class='ocrx_word' id='word_1_109' title='bbox 895 1571 1134 1644; x_wconf 76' lang='grc' dir='ltr'><strong>χαρίτων</strong></span> <span class='ocrx_word' id='word_1_110' title='bbox 1163 1572 1260 1624; x_wconf 71' lang='grc' dir='ltr'>ἐπὶ</span> <span class='ocrx_word' id='word_1_111' title='bbox 1283 1571 1381 1642; x_wconf 81' lang='grc' dir='ltr'>τὴν</span> <span class='ocrx_word' id='word_1_112' title='bbox 1411 1571 1604 1642; x_wconf 85' lang='grc' dir='ltr'>τιμίαν</span> <span class='ocrx_word' id='word_1_113' title='bbox 1631 1589 1724 1625; x_wconf 92' lang='grc' dir='ltr'><strong>σου</strong></span> 
     </span>
    </p>
   </div>
   <div class='ocr_carea' id='block_1_18' title="bbox 143 1663 1728 1736">
    <p class='ocr_par' dir='ltr' id='par_1_18' title="bbox 143 1663 1728 1736">
     <span class='ocr_line' id='line_1_18' title="bbox 143 1663 1728 1736; baseline -0.001 -18"><span class='ocrx_word' id='word_1_114' title='bbox 143 1665 350 1735; x_wconf 81' lang='grc' dir='ltr'>κάραν·</span> <span class='ocrx_word' id='word_1_115' title='bbox 395 1666 490 1718; x_wconf 79' lang='grc' dir='ltr'><strong>καὶ</strong></span> <span class='ocrx_word' id='word_1_116' title='bbox 519 1663 702 1727; x_wconf 85' lang='grc' dir='ltr'>κλοιὸς</span> <span class='ocrx_word' id='word_1_117' title='bbox 739 1663 967 1734; x_wconf 73' lang='grc' dir='ltr'>χρύσεος</span> <span class='ocrx_word' id='word_1_118' title='bbox 1020 1663 1114 1716; x_wconf 73' lang='grc' dir='ltr'><strong>ἐπὶ</strong></span> <span class='ocrx_word' id='word_1_119' title='bbox 1146 1663 1237 1716; x_wconf 84' lang='grc' dir='ltr'><strong>τὸν</strong></span> <span class='ocrx_word' id='word_1_120' title='bbox 1285 1663 1429 1734; x_wconf 78' lang='grc' dir='ltr'>ἱερόν</span> <span class='ocrx_word' id='word_1_121' title='bbox 1464 1681 1559 1716; x_wconf 89' lang='grc' dir='ltr'><strong>σου</strong></span> <span class='ocrx_word' id='word_1_122' title='bbox 1591 1664 1728 1736; x_wconf 84' lang='grc' dir='ltr'>τρά-</span> 
     </span>
    </p>
   </div>
   <div class='ocr_carea' id='block_1_19' title="bbox 143 1755 1728 1827">
    <p class='ocr_par' dir='ltr' id='par_1_19' title="bbox 143 1755 1728 1827">
     <span class='ocr_line' id='line_1_19' title="bbox 143 1755 1728 1827; baseline -0.001 -18"><span class='ocrx_word' id='word_1_123' title='bbox 143 1759 330 1827; x_wconf 86' lang='grc' dir='ltr'>χηλον,</span> <span class='ocrx_word' id='word_1_124' title='bbox 363 1758 449 1810; x_wconf 79' lang='grc' dir='ltr'>υἱὲ</span> <span class='ocrx_word' id='word_1_125' title='bbox 492 1758 774 1827; x_wconf 76' lang='grc' dir='ltr'>ὑπακοῆς,</span> <span class='ocrx_word' id='word_1_126' title='bbox 823 1756 1012 1809; x_wconf 88' lang='grc' dir='ltr'>τέκνον</span> <span class='ocrx_word' id='word_1_127' title='bbox 1049 1757 1259 1824; x_wconf 84' lang='grc' dir='ltr'>φωτὸς,</span> <span class='ocrx_word' id='word_1_128' title='bbox 1294 1755 1518 1826; x_wconf 86' lang='grc' dir='ltr'>Θρέμμα</span> <span class='ocrx_word' id='word_1_129' title='bbox 1570 1757 1728 1809; x_wconf 83' lang='grc' dir='ltr'>εὐσε-</span> 
     </span>
    </p>
   </div>
   <div class='ocr_carea' id='block_1_20' title="bbox 145 1847 1724 1918">
    <p class='ocr_par' dir='ltr' id='par_1_20' title="bbox 145 1847 1724 1918">
     <span class='ocr_line' id='line_1_20' title="bbox 145 1847 1724 1918; baseline 0.001 -17"><span class='ocrx_word' id='word_1_130' title='bbox 145 1852 314 1913; x_wconf 70' lang='grc' dir='ltr'>Θείας.</span> <span class='ocrx_word' id='word_1_131' title='bbox 341 1849 483 1902; x_wconf 69' lang='grc' dir='ltr'>Τάδε</span> <span class='ocrx_word' id='word_1_132' title='bbox 509 1850 658 1916; x_wconf 83' lang='grc' dir='ltr'>λέγει</span> <span class='ocrx_word' id='word_1_133' title='bbox 687 1848 890 1918; x_wconf 78' lang='grc' dir='ltr'>Κύριος</span> <span class='ocrx_word' id='word_1_134' title='bbox 909 1864 924 1877; x_wconf 83' lang='lat'><strong><em>°</em></strong></span> <span class='ocrx_word' id='word_1_135' title='bbox 957 1847 1240 1910; x_wconf 77' lang='grc' dir='ltr'>Ἀνοιξον</span> <span class='ocrx_word' id='word_1_136' title='bbox 1268 1847 1334 1901; x_wconf 86' lang='grc' dir='ltr'>τὸ</span> <span class='ocrx_word' id='word_1_137' title='bbox 1360 1851 1559 1918; x_wconf 83' lang='grc' dir='ltr'>στόμα</span> <span class='ocrx_word' id='word_1_138' title='bbox 1583 1863 1724 1910; x_wconf 84' lang='grc' dir='ltr'>σου,</span> 
     </span>
    </p>
   </div>
   <div class='ocr_carea' id='block_1_21' title="bbox 144 1931 1728 2009">
    <p class='ocr_par' dir='ltr' id='par_1_21' title="bbox 144 1931 1728 2009">
     <span class='ocr_line' id='line_1_21' title="bbox 144 1931 1728 2009; baseline -0.001 -16"><span class='ocrx_word' id='word_1_139' title='bbox 144 1942 241 1993; x_wconf 74' lang='grc' dir='ltr'><strong>καί</strong></span> <span class='ocrx_word' id='word_1_140' title='bbox 308 1939 616 2006; x_wconf 72' lang='grc' dir='ltr'>πληρώσω</span> <span class='ocrx_word' id='word_1_141' title='bbox 657 1940 841 1992; x_wconf 79' lang='grc' dir='ltr'>αὐτό·</span> <span class='ocrx_word' id='word_1_142' title='bbox 885 1938 1002 1991; x_wconf 81' lang='grc' dir='ltr'>ἀνθ’</span> <span class='ocrx_word' id='word_1_143' title='bbox 1052 1931 1127 1992; x_wconf 81' lang='grc' dir='ltr'>ὧν</span> <span class='ocrx_word' id='word_1_144' title='bbox 1185 1938 1504 2007; x_wconf 79' lang='grc' dir='ltr'>ὑπήκουσας</span> <span class='ocrx_word' id='word_1_145' title='bbox 1546 1940 1728 2009; x_wconf 81' lang='grc' dir='ltr'>φωνῆς</span> 
     </span>
    </p>
   </div>
   <div class='ocr_carea' id='block_1_22' title="bbox 148 2029 1722 2102">
    <p class='ocr_par' dir='ltr' id='par_1_22' title="bbox 148 2029 1722 2102">
     <span class='ocr_line' id='line_1_22' title="bbox 148 2029 1722 2102; baseline -0.001 -18"><span class='ocrx_word' id='word_1_146' title='bbox 148 2050 266 2100; x_wconf 78' lang='grc' dir='ltr'>μου.</span> <span class='ocrx_word' id='word_1_147' title='bbox 316 2031 543 2102; x_wconf 84' lang='grc' dir='ltr'>Ἐντολὴ</span> <span class='ocrx_word' id='word_1_148' title='bbox 576 2031 686 2101; x_wconf 80' lang='grc' dir='ltr'>γὰρ</span> <span class='ocrx_word' id='word_1_149' title='bbox 727 2030 934 2099; x_wconf 81' lang='grc' dir='ltr'>Κυρίου</span> <span class='ocrx_word' id='word_1_150' title='bbox 977 2029 1052 2099; x_wconf 84' lang='grc' dir='ltr'>μὴ</span> <span class='ocrx_word' id='word_1_151' title='bbox 1083 2033 1294 2101; x_wconf 73' lang='grc' dir='ltr'>σιωπᾷν</span> <span class='ocrx_word' id='word_1_152' title='bbox 1317 2032 1373 2082; x_wconf 82' lang='grc' dir='ltr'><strong>έν</strong></span> <span class='ocrx_word' id='word_1_153' title='bbox 1399 2031 1579 2102; x_wconf 83' lang='grc' dir='ltr'>καιρῷ</span> <span class='ocrx_word' id='word_1_154' title='bbox 1606 2048 1722 2084; x_wconf 87' lang='grc' dir='ltr'>κιν-</span> 
     </span>
    </p>
   </div>
   <div class='ocr_carea' id='block_1_23' title="bbox 1834 834 3414 910">
    <p class='ocr_par' dir='ltr' id='par_1_23' title="bbox 1834 834 3414 910">
     <span class='ocr_line' id='line_1_23' title="bbox 1834 834 3414 910; baseline 0.004 -20"><span class='ocrx_word' id='word_1_155' title='bbox 1834 834 1982 891; x_wconf 77' lang='lat' dir='ltr'><strong>fama</strong></span> <span class='ocrx_word' id='word_1_156' title='bbox 2028 845 2359 907; x_wconf 86' lang='lat' dir='ltr'><strong>perspecta:</strong></span> <span class='ocrx_word' id='word_1_157' title='bbox 2414 847 2504 892; x_wconf 87' lang='lat' dir='ltr'><strong>tua</strong></span> <span class='ocrx_word' id='word_1_158' title='bbox 2558 853 2713 898; x_wconf 86' lang='lat' dir='ltr'><strong>vero,</strong></span> <span class='ocrx_word' id='word_1_159' title='bbox 2766 837 2989 893; x_wconf 85' lang='lat' dir='ltr'><strong>Domine</strong></span> <span class='ocrx_word' id='word_1_160' title='bbox 3017 844 3090 894; x_wconf 90' lang='lat' dir='ltr'><strong>mi</strong></span> <span class='ocrx_word' id='word_1_161' title='bbox 3139 839 3414 910; x_wconf 88' lang='lat' dir='ltr'><strong>imprimis</strong></span> 
     </span>
    </p>
   </div>
   <div class='ocr_carea' id='block_1_24' title="bbox 1832 928 3413 996">
    <p class='ocr_par' dir='ltr' id='par_1_24' title="bbox 1832 928 3413 996">
     <span class='ocr_line' id='line_1_24' title="bbox 1832 928 3413 996; baseline 0.004 -14"><span class='ocrx_word' id='word_1_162' title='bbox 1832 928 2080 993; x_wconf 91' lang='lat' dir='ltr'><strong>colende,</strong></span> <span class='ocrx_word' id='word_1_163' title='bbox 2105 928 2226 982; x_wconf 88' lang='lat' dir='ltr'><strong>visu</strong></span> <span class='ocrx_word' id='word_1_164' title='bbox 2278 929 2539 996; x_wconf 90' lang='lat' dir='ltr'><strong>primum,</strong></span> <span class='ocrx_word' id='word_1_165' title='bbox 2576 945 2722 983; x_wconf 88' lang='lat' dir='ltr'><strong>nunc</strong></span> <span class='ocrx_word' id='word_1_166' title='bbox 2765 944 2893 983; x_wconf 89' lang='lat' dir='ltr'><strong>vero</strong></span> <span class='ocrx_word' id='word_1_167' title='bbox 2919 928 3062 984; x_wconf 77' lang='lat' dir='ltr'><strong>fama</strong></span> <span class='ocrx_word' id='word_1_168' title='bbox 3093 932 3159 985; x_wconf 92' lang='lat' dir='ltr'><strong>ad</strong></span> <span class='ocrx_word' id='word_1_169' title='bbox 3189 932 3413 988; x_wconf 74' lang='lat' dir='ltr'><strong>ultimas</strong></span> 
     </span>
    </p>
   </div>
   <div class='ocr_carea' id='block_1_25' title="bbox 1835 1015 3413 1090">
    <p class='ocr_par' dir='ltr' id='par_1_25' title="bbox 1835 1015 3413 1090">
     <span class='ocr_line' id='line_1_25' title="bbox 1835 1015 3413 1090; baseline 0.002 -20"><span class='ocrx_word' id='word_1_170' title='bbox 1835 1025 2103 1071; x_wconf 88' lang='lat' dir='ltr'><strong>terrarum</strong></span> <span class='ocrx_word' id='word_1_171' title='bbox 2123 1031 2250 1072; x_wconf 90' lang='lat' dir='ltr'><strong>oras</strong></span> <span class='ocrx_word' id='word_1_172' title='bbox 2270 1017 2468 1080; x_wconf 88' lang='lat' dir='ltr'><strong>delata,</strong></span> <span class='ocrx_word' id='word_1_173' title='bbox 2500 1015 2554 1069; x_wconf 87' lang='lat' dir='ltr'><strong>in</strong></span> <span class='ocrx_word' id='word_1_174' title='bbox 2577 1018 2778 1086; x_wconf 88' lang='lat' dir='ltr'><strong>quibus</strong></span> <span class='ocrx_word' id='word_1_175' title='bbox 2799 1018 3070 1087; x_wconf 85' lang='lat' dir='ltr'><strong>degimus.</strong></span> <span class='ocrx_word' id='word_1_176' title='bbox 3092 1017 3227 1085; x_wconf 85' lang='lat' dir='ltr'><strong>Quis</strong></span> <span class='ocrx_word' id='word_1_177' title='bbox 3247 1035 3413 1090; x_wconf 84' lang='lat' dir='ltr'><strong>porro</strong></span> 
     </span>
    </p>
   </div>
   <div class='ocr_carea' id='block_1_26' title="bbox 1832 1105 3410 1179">
    <p class='ocr_par' dir='ltr' id='par_1_26' title="bbox 1832 1105 3410 1179">
     <span class='ocr_line' id='line_1_26' title="bbox 1832 1105 3410 1179; baseline 0.001 -19"><span class='ocrx_word' id='word_1_178' title='bbox 1832 1105 1901 1161; x_wconf 88' lang='lat' dir='ltr'><strong>de</strong></span> <span class='ocrx_word' id='word_1_179' title='bbox 1933 1115 1986 1162; x_wconf 91' lang='lat' dir='ltr'><strong>te</strong></span> <span class='ocrx_word' id='word_1_180' title='bbox 2012 1123 2194 1162; x_wconf 88' lang='lat' dir='ltr'><strong>sermo</strong></span> <span class='ocrx_word' id='word_1_181' title='bbox 2223 1106 2420 1173; x_wconf 83' lang='lat' dir='ltr'><strong>?Quod</strong></span> <span class='ocrx_word' id='word_1_182' title='bbox 2457 1106 2670 1161; x_wconf 84' lang='lat' dir='ltr'><strong>amatus</strong></span> <span class='ocrx_word' id='word_1_183' title='bbox 2703 1107 2931 1177; x_wconf 88' lang='lat' dir='ltr'><strong>Spiritu.</strong></span> <span class='ocrx_word' id='word_1_184' title='bbox 2966 1108 3058 1163; x_wconf 91' lang='lat' dir='ltr'><strong>Dei</strong></span> <span class='ocrx_word' id='word_1_185' title='bbox 3088 1109 3410 1179; x_wconf 87' lang='lat' dir='ltr'><strong>sapientiam</strong></span> 
     </span>
    </p>
   </div>
   <div class='ocr_carea' id='block_1_27' title="bbox 1832 1199 3411 1267">
    <p class='ocr_par' dir='ltr' id='par_1_27' title="bbox 1832 1199 3411 1267">
     <span class='ocr_line' id='line_1_27' title="bbox 1832 1199 3411 1267; baseline 0.001 -15"><span class='ocrx_word' id='word_1_186' title='bbox 1832 1199 2095 1253; x_wconf 77' lang='lat' dir='ltr'><strong>audacter</strong></span> <span class='ocrx_word' id='word_1_187' title='bbox 2123 1214 2188 1253; x_wconf 89' lang='lat' dir='ltr'><strong>ac</strong></span> <span class='ocrx_word' id='word_1_188' title='bbox 2214 1199 2381 1253; x_wconf 88' lang='lat' dir='ltr'><strong>libere</strong></span> <span class='ocrx_word' id='word_1_189' title='bbox 2419 1200 2497 1254; x_wconf 87' lang='lat' dir='ltr'><strong>sis</strong></span> <span class='ocrx_word' id='word_1_190' title='bbox 2540 1199 2779 1265; x_wconf 86' lang='lat' dir='ltr'><strong>loculus,</strong></span> <span class='ocrx_word' id='word_1_191' title='bbox 2812 1215 3093 1257; x_wconf 80' lang='lat' dir='ltr'><strong>Sermones</strong></span> <span class='ocrx_word' id='word_1_192' title='bbox 3145 1200 3411 1267; x_wconf 70' lang='lat' dir='ltr'><strong>veritatis,</strong></span> 
     </span>
    </p>
   </div>
   <div class='ocr_carea' id='block_1_28' title="bbox 1834 1290 3411 1362">
    <p class='ocr_par' dir='ltr' id='par_1_28' title="bbox 1834 1290 3411 1362">
     <span class='ocr_line' id='line_1_28' title="bbox 1834 1290 3411 1362; baseline 0.003 -20"><span class='ocrx_word' id='word_1_193' title='bbox 1834 1290 1901 1344; x_wconf 85' lang='lat' dir='ltr'><strong>ad</strong></span> <span class='ocrx_word' id='word_1_194' title='bbox 1929 1290 2225 1345; x_wconf 90' lang='lat' dir='ltr'><strong>utilitatem</strong></span> <span class='ocrx_word' id='word_1_195' title='bbox 2262 1306 2325 1345; x_wconf 89' lang='lat' dir='ltr'><strong>ac</strong></span> <span class='ocrx_word' id='word_1_196' title='bbox 2355 1291 2587 1345; x_wconf 87' lang='lat' dir='ltr'><strong>salutem</strong></span> <span class='ocrx_word' id='word_1_197' title='bbox 2617 1300 2732 1344; x_wconf 91' lang='lat' dir='ltr'><strong>tum</strong></span> <span class='ocrx_word' id='word_1_198' title='bbox 2771 1291 2968 1346; x_wconf 69' lang='lat' dir='ltr'><strong>animae</strong></span> <span class='ocrx_word' id='word_1_199' title='bbox 3009 1291 3261 1362; x_wconf 62' lang='lat' dir='ltr'><strong>propriae,</strong></span> <span class='ocrx_word' id='word_1_200' title='bbox 3295 1301 3411 1346; x_wconf 91' lang='lat' dir='ltr'><strong>tum</strong></span> 
     </span>
    </p>
   </div>
   <div class='ocr_carea' id='block_1_29' title="bbox 1831 1377 3409 1444">
    <p class='ocr_par' dir='ltr' id='par_1_29' title="bbox 1831 1377 3409 1444">
     <span class='ocr_line' id='line_1_29' title="bbox 1831 1377 3409 1444; baseline 0.001 -9"><span class='ocrx_word' id='word_1_201' title='bbox 1831 1392 2034 1436; x_wconf 63' lang='lat' dir='ltr'><strong>nostra:</strong></span> <span class='ocrx_word' id='word_1_202' title='bbox 2064 1382 2227 1436; x_wconf 90' lang='lat' dir='ltr'><strong>totius</strong></span> <span class='ocrx_word' id='word_1_203' title='bbox 2256 1381 2529 1437; x_wconf 72' lang='lat' dir='ltr'><strong>Ecclesiae.</strong></span> <span class='ocrx_word' id='word_1_204' title='bbox 2554 1377 2623 1436; x_wconf 87' lang='lat' dir='ltr'><strong>Et</strong></span> <span class='ocrx_word' id='word_1_205' title='bbox 2657 1381 2844 1437; x_wconf 90' lang='lat' dir='ltr'><strong>beatus</strong></span> <span class='ocrx_word' id='word_1_206' title='bbox 2875 1397 2955 1444; x_wconf 86' lang='lat' dir='ltr'><strong>es,</strong></span> <span class='ocrx_word' id='word_1_207' title='bbox 2980 1394 3034 1436; x_wconf 92' lang='lat' dir='ltr'><strong>et</strong></span> <span class='ocrx_word' id='word_1_208' title='bbox 3062 1383 3409 1438; x_wconf 87' lang='lat' dir='ltr'><strong>benedictum</strong></span> 
     </span>
    </p>
   </div>
   <div class='ocr_carea' id='block_1_30' title="bbox 1830 1472 3409 1542">
    <p class='ocr_par' dir='ltr' id='par_1_30' title="bbox 1830 1472 3409 1542">
     <span class='ocr_line' id='line_1_30' title="bbox 1830 1472 3409 1542; baseline 0 -15"><span class='ocrx_word' id='word_1_209' title='bbox 1830 1487 2028 1528; x_wconf 89' lang='lat' dir='ltr'><strong>nomen</strong></span> <span class='ocrx_word' id='word_1_210' title='bbox 2064 1481 2216 1527; x_wconf 86' lang='lat' dir='ltr'><strong>tuum</strong></span> <span class='ocrx_word' id='word_1_211' title='bbox 2251 1490 2264 1526; x_wconf 92' lang='lat'><strong>:</strong></span> <span class='ocrx_word' id='word_1_212' title='bbox 2296 1480 2352 1527; x_wconf 90' lang='lat' dir='ltr'><strong>et</strong></span> <span class='ocrx_word' id='word_1_213' title='bbox 2388 1472 2610 1526; x_wconf 80' lang='lat' dir='ltr'><strong>laudent</strong></span> <span class='ocrx_word' id='word_1_214' title='bbox 2651 1480 2701 1525; x_wconf 91' lang='lat' dir='ltr'><strong>te</strong></span> <span class='ocrx_word' id='word_1_215' title='bbox 2752 1486 2942 1526; x_wconf 88' lang='lat' dir='ltr'><strong>omnes</strong></span> <span class='ocrx_word' id='word_1_216' title='bbox 2978 1472 3190 1542; x_wconf 89' lang='lat' dir='ltr'><strong>pii,qui</strong></span> <span class='ocrx_word' id='word_1_217' title='bbox 3217 1474 3409 1527; x_wconf 63' lang='lat' dir='ltr'><strong>audie-</strong></span> 
     </span>
    </p>
   </div>
   <div class='ocr_carea' id='block_1_31' title="bbox 1828 1563 3412 1634">
    <p class='ocr_par' dir='ltr' id='par_1_31' title="bbox 1828 1563 3412 1634">
     <span class='ocr_line' id='line_1_31' title="bbox 1828 1563 3412 1634; baseline 0.001 -17"><span class='ocrx_word' id='word_1_218' title='bbox 1828 1563 1969 1627; x_wconf 88' lang='lat' dir='ltr'><strong>rint,</strong></span> <span class='ocrx_word' id='word_1_219' title='bbox 2008 1572 2065 1618; x_wconf 90' lang='lat' dir='ltr'><strong>et</strong></span> <span class='ocrx_word' id='word_1_220' title='bbox 2099 1578 2303 1618; x_wconf 86' lang='lat' dir='ltr'><strong>corona</strong></span> <span class='ocrx_word' id='word_1_221' title='bbox 2327 1563 2625 1633; x_wconf 76' lang='lat' dir='ltr'><strong>gratiarum</strong></span> <span class='ocrx_word' id='word_1_222' title='bbox 2651 1577 2814 1632; x_wconf 88' lang='lat' dir='ltr'><strong>super</strong></span> <span class='ocrx_word' id='word_1_223' title='bbox 2848 1564 3216 1617; x_wconf 80' lang='lat' dir='ltr'><strong>venerandum</strong></span> <span class='ocrx_word' id='word_1_224' title='bbox 3246 1577 3412 1634; x_wconf 88' lang='lat' dir='ltr'><strong>caput</strong></span> 
     </span>
    </p>
   </div>
   <div class='ocr_carea' id='block_1_32' title="bbox 1830 1651 3408 1718">
    <p class='ocr_par' dir='ltr' id='par_1_32' title="bbox 1830 1651 3408 1718">
     <span class='ocr_line' id='line_1_32' title="bbox 1830 1651 3408 1718; baseline -0.001 -12"><span class='ocrx_word' id='word_1_225' title='bbox 1830 1660 1984 1707; x_wconf 89' lang='lat' dir='ltr'><strong>tuum</strong></span> <span class='ocrx_word' id='word_1_226' title='bbox 2008 1670 2022 1708; x_wconf 90' lang='lat'><strong>:</strong></span> <span class='ocrx_word' id='word_1_227' title='bbox 2045 1653 2248 1706; x_wconf 90' lang='lat' dir='ltr'><strong>monile</strong></span> <span class='ocrx_word' id='word_1_228' title='bbox 2265 1667 2494 1706; x_wconf 88' lang='lat' dir='ltr'><strong>aureum</strong></span> <span class='ocrx_word' id='word_1_229' title='bbox 2523 1651 2665 1705; x_wconf 93' lang='lat' dir='ltr'><strong>collo</strong></span> <span class='ocrx_word' id='word_1_230' title='bbox 2690 1665 2850 1706; x_wconf 85' lang='lat' dir='ltr'><strong>sacro</strong></span> <span class='ocrx_word' id='word_1_231' title='bbox 2872 1661 2966 1706; x_wconf 91' lang='lat' dir='ltr'><strong>tuo</strong></span> <span class='ocrx_word' id='word_1_232' title='bbox 2985 1652 3408 1718; x_wconf 86' lang='lat' dir='ltr'><strong>circumdatum,</strong></span> 
     </span>
    </p>
   </div>
   <div class='ocr_carea' id='block_1_33' title="bbox 1830 1743 3410 1814">
    <p class='ocr_par' dir='ltr' id='par_1_33' title="bbox 1830 1743 3410 1814">
     <span class='ocr_line' id='line_1_33' title="bbox 1830 1743 3410 1814; baseline 0.001 -16"><span class='ocrx_word' id='word_1_233' title='bbox 1830 1745 1903 1798; x_wconf 82' lang='lat' dir='ltr'><strong>ﬁli</strong></span> <span class='ocrx_word' id='word_1_234' title='bbox 1953 1743 2297 1808; x_wconf 67' lang='lat' dir='ltr'><strong>obedientiae,</strong></span> <span class='ocrx_word' id='word_1_235' title='bbox 2356 1743 2497 1796; x_wconf 91' lang='lat' dir='ltr'><strong>lucis</strong></span> <span class='ocrx_word' id='word_1_236' title='bbox 2525 1746 2731 1812; x_wconf 92' lang='lat' dir='ltr'><strong>proles,</strong></span> <span class='ocrx_word' id='word_1_237' title='bbox 2760 1745 2980 1798; x_wconf 88' lang='lat' dir='ltr'><strong>alumne</strong></span> <span class='ocrx_word' id='word_1_238' title='bbox 3013 1744 3251 1814; x_wconf 90' lang='lat' dir='ltr'><strong>pietatis.</strong></span> <span class='ocrx_word' id='word_1_239' title='bbox 3286 1743 3410 1800; x_wconf 66' lang='lat' dir='ltr'><strong>Ilaec</strong></span> 
     </span>
    </p>
   </div>
   <div class='ocr_carea' id='block_1_34' title="bbox 1828 1833 3409 1904">
    <p class='ocr_par' dir='ltr' id='par_1_34' title="bbox 1828 1833 3409 1904">
     <span class='ocr_line' id='line_1_34' title="bbox 1828 1833 3409 1904; baseline -0.001 -15"><span class='ocrx_word' id='word_1_240' title='bbox 1828 1835 1961 1890; x_wconf 87' lang='lat' dir='ltr'><strong>dicit</strong></span> <span class='ocrx_word' id='word_1_241' title='bbox 1986 1833 2252 1889; x_wconf 85' lang='lat' dir='ltr'><strong>Dominus</strong></span> <span class='ocrx_word' id='word_1_242' title='bbox 2283 1852 2298 1888; x_wconf 90' lang='lat'><strong>:</strong></span> <span class='ocrx_word' id='word_1_243' title='bbox 2350 1835 2512 1904; x_wconf 78' lang='lat' dir='ltr'><strong>Aperi</strong></span> <span class='ocrx_word' id='word_1_244' title='bbox 2547 1851 2604 1888; x_wconf 80' lang='lat' dir='ltr'><strong>os</strong></span> <span class='ocrx_word' id='word_1_245' title='bbox 2632 1844 2802 1898; x_wconf 84' lang='lat' dir='ltr'><strong>tuum,</strong></span> <span class='ocrx_word' id='word_1_246' title='bbox 2837 1844 2886 1887; x_wconf 86' lang='lat' dir='ltr'><strong>et</strong></span> <span class='ocrx_word' id='word_1_247' title='bbox 2914 1834 3136 1904; x_wconf 79' lang='lat' dir='ltr'><strong>implebo</strong></span> <span class='ocrx_word' id='word_1_248' title='bbox 3167 1835 3302 1888; x_wconf 77' lang='lat' dir='ltr'><strong>tilud</strong></span> <span class='ocrx_word' id='word_1_249' title='bbox 3321 1838 3366 1868; x_wconf 77' lang='grc'><strong>³⁸</strong></span> <span class='ocrx_word' id='word_1_250' title='bbox 3393 1855 3409 1903; x_wconf 86' lang='grc'><strong>;</strong></span> 
     </span>
    </p>
   </div>
   <div class='ocr_carea' id='block_1_35' title="bbox 1828 1924 3407 1997">
    <p class='ocr_par' dir='ltr' id='par_1_35' title="bbox 1828 1924 3407 1997">
     <span class='ocr_line' id='line_1_35' title="bbox 1828 1924 3407 1997; baseline 0.001 -16"><span class='ocrx_word' id='word_1_251' title='bbox 1828 1927 2087 1997; x_wconf 89' lang='lat' dir='ltr'><strong>quoniam</strong></span> <span class='ocrx_word' id='word_1_252' title='bbox 2115 1927 2314 1982; x_wconf 89' lang='lat' dir='ltr'><strong>audisti</strong></span> <span class='ocrx_word' id='word_1_253' title='bbox 2345 1941 2536 1981; x_wconf 88' lang='lat' dir='ltr'><strong>vocem</strong></span> <span class='ocrx_word' id='word_1_254' title='bbox 2589 1941 2790 1980; x_wconf 87' lang='lat' dir='ltr'><strong>meam.</strong></span> <span class='ocrx_word' id='word_1_255' title='bbox 2827 1924 3011 1981; x_wconf 84' lang='lat' dir='ltr'><strong>Jussio</strong></span> <span class='ocrx_word' id='word_1_256' title='bbox 3043 1927 3188 1981; x_wconf 87' lang='lat' dir='ltr'><strong>enim</strong></span> <span class='ocrx_word' id='word_1_257' title='bbox 3225 1926 3407 1982; x_wconf 91' lang='lat' dir='ltr'><strong>Domi-</strong></span> 
     </span>
    </p>
   </div>
   <div class='ocr_carea' id='block_1_36' title="bbox 1831 2017 3410 2086">
    <p class='ocr_par' dir='ltr' id='par_1_36' title="bbox 1831 2017 3410 2086">
     <span class='ocr_line' id='line_1_36' title="bbox 1831 2017 3410 2086; baseline 0.001 -13"><span class='ocrx_word' id='word_1_258' title='bbox 1831 2019 1885 2072; x_wconf 91' lang='lat' dir='ltr'><strong>ni</strong></span> <span class='ocrx_word' id='word_1_259' title='bbox 1931 2027 2034 2084; x_wconf 90' lang='lat' dir='ltr'><strong>est,</strong></span> <span class='ocrx_word' id='word_1_260' title='bbox 2066 2027 2185 2072; x_wconf 92' lang='lat' dir='ltr'><strong>tum</strong></span> <span class='ocrx_word' id='word_1_261' title='bbox 2232 2018 2457 2071; x_wconf 91' lang='lat' dir='ltr'><strong>minime</strong></span> <span class='ocrx_word' id='word_1_262' title='bbox 2498 2017 2688 2078; x_wconf 85' lang='lat' dir='ltr'><strong>silere.</strong></span> <span class='ocrx_word' id='word_1_263' title='bbox 2717 2033 2840 2072; x_wconf 90' lang='lat' dir='ltr'><strong>cum</strong></span> <span class='ocrx_word' id='word_1_264' title='bbox 2881 2017 3223 2086; x_wconf 81' lang='lat' dir='ltr'><strong>periclitatur</strong></span> <span class='ocrx_word' id='word_1_265' title='bbox 3256 2019 3410 2074; x_wconf 79' lang='lat' dir='ltr'><strong>ﬁdes.</strong></span> 
     </span>
    </p>
   </div>
   <div class='ocr_carea' id='block_1_37' title="bbox 142 2097 1725 2192">
    <p class='ocr_par' dir='ltr' id='par_1_37' title="bbox 142 2097 1725 2192">
     <span class='ocr_line' id='line_1_37' title="bbox 142 2097 1725 2192; baseline -0.001 -17"><span class='ocrx_word' id='word_1_266' title='bbox 142 2097 475 2190; x_wconf 80' lang='grc' dir='ltr'>δυνευούσης</span> <span class='ocrx_word' id='word_1_267' title='bbox 519 2097 777 2183; x_wconf 78' lang='grc' dir='ltr'>πίστεως.</span> <span class='ocrx_word' id='word_1_268' title='bbox 818 2097 1013 2174; x_wconf 36' lang='grc' dir='ltr'>-Δάλει</span> <span class='ocrx_word' id='word_1_269' title='bbox 1043 2097 1184 2190; x_wconf 83' lang='grc' dir='ltr'>γὰρ,</span> <span class='ocrx_word' id='word_1_270' title='bbox 1240 2097 1416 2190; x_wconf 45' lang='grc' dir='ltr'>φησι,</span> <span class='ocrx_word' id='word_1_271' title='bbox 1483 2097 1579 2174; x_wconf 55' lang='grc' dir='ltr'><strong>καλ</strong></span> <span class='ocrx_word' id='word_1_272' title='bbox 1650 2121 1725 2192; x_wconf 78' lang='grc' dir='ltr'>μὴ</span> 
     </span>
    </p>
   </div>
   <div class='ocr_carea' id='block_1_38' title="bbox 1827 2097 3408 2192">
    <p class='ocr_par' dir='ltr' id='par_1_38' title="bbox 1831 2109 3408 2180">
     <span class='ocr_line' id='line_1_38' title="bbox 1831 2109 3408 2180; baseline 0.003 -17"><span class='ocrx_word' id='word_1_273' title='bbox 1831 2109 2078 2180; x_wconf 83' lang='lat' dir='ltr'><strong>Loquere</strong></span> <span class='ocrx_word' id='word_1_274' title='bbox 2115 2110 2285 2175; x_wconf 90' lang='lat' dir='ltr'><strong>enim,</strong></span> <span class='ocrx_word' id='word_1_275' title='bbox 2324 2110 2523 2179; x_wconf 89' lang='lat' dir='ltr'><strong>inquit,</strong></span> <span class='ocrx_word' id='word_1_276' title='bbox 2562 2119 2612 2164; x_wconf 89' lang='lat' dir='ltr'><strong>et</strong></span> <span class='ocrx_word' id='word_1_277' title='bbox 2640 2125 2747 2164; x_wconf 91' lang='lat' dir='ltr'><strong>non</strong></span> <span class='ocrx_word' id='word_1_278' title='bbox 2798 2110 2918 2164; x_wconf 90' lang='lat' dir='ltr'><strong>sile.</strong></span> <span class='ocrx_word' id='word_1_279' title='bbox 2954 2111 3057 2165; x_wconf 86' lang='lat' dir='ltr'><strong>Et:</strong></span> <span class='ocrx_word' id='word_1_280' title='bbox 3091 2112 3155 2166; x_wconf 90' lang='lat' dir='ltr'><strong>Si</strong></span> <span class='ocrx_word' id='word_1_281' title='bbox 3192 2112 3408 2167; x_wconf 77' lang='lat' dir='ltr'><strong>subtra-</strong></span> 
     </span>
    </p>
   </div>
   <div class='ocr_carea' id='block_1_39' title="bbox 145 2212 1723 2282">
    <p class='ocr_par' dir='ltr' id='par_1_39' title="bbox 145 2212 1723 2282">
     <span class='ocr_line' id='line_1_39' title="bbox 145 2212 1723 2282; baseline -0.001 -14"><span class='ocrx_word' id='word_1_282' title='bbox 145 2214 346 2268; x_wconf 80' lang='grc' dir='ltr'>σιώπα.</span> <span class='ocrx_word' id='word_1_283' title='bbox 392 2215 542 2278; x_wconf 81' lang='grc' dir='ltr'>Καὶ,</span> <span class='ocrx_word' id='word_1_284' title='bbox 589 2213 731 2266; x_wconf 81' lang='grc' dir='ltr'><em>Ἐὰν</em></span> <span class='ocrx_word' id='word_1_285' title='bbox 757 2212 1234 2282; x_wconf 76' lang='grc' dir='ltr'>ὐποστέλληται,</span> <span class='ocrx_word' id='word_1_286' title='bbox 1263 2215 1377 2267; x_wconf 82' lang='grc' dir='ltr'>οὐκ</span> <span class='ocrx_word' id='word_1_287' title='bbox 1419 2213 1661 2267; x_wconf 80' lang='grc' dir='ltr'>εὐδοκεῖ</span> <span class='ocrx_word' id='word_1_288' title='bbox 1689 2214 1723 2281; x_wconf 72' lang='grc' dir='ltr'><em>ὴ</em></span> 
     </span>
    </p>
   </div>
   <div class='ocr_carea' id='block_1_40' title="bbox 142 2301 1728 2375">
    <p class='ocr_par' dir='ltr' id='par_1_40' title="bbox 142 2301 1728 2375">
     <span class='ocr_line' id='line_1_40' title="bbox 142 2301 1728 2375; baseline 0.001 -18"><span class='ocrx_word' id='word_1_289' title='bbox 142 2305 309 2374; x_wconf 64' lang='grc' dir='ltr'>ψυχή</span> <span class='ocrx_word' id='word_1_290' title='bbox 368 2322 492 2374; x_wconf 83' lang='grc' dir='ltr'><strong>μου</strong></span> <span class='ocrx_word' id='word_1_291' title='bbox 532 2304 602 2357; x_wconf 76' lang='grc' dir='ltr'><strong>ἐν</strong></span> <span class='ocrx_word' id='word_1_292' title='bbox 653 2303 835 2368; x_wconf 83' lang='grc' dir='ltr'>αὐτῷ.</span> <span class='ocrx_word' id='word_1_293' title='bbox 894 2305 1031 2358; x_wconf 69' lang='grc' dir='ltr'><strong>Καὶδ</strong></span> <span class='ocrx_word' id='word_1_294' title='bbox 1099 2307 1242 2360; x_wconf 80' lang='grc' dir='ltr'><em>Ἐὰν</em></span> <span class='ocrx_word' id='word_1_295' title='bbox 1286 2301 1453 2360; x_wconf 83' lang='grc' dir='ltr'>οὗτοι</span> <span class='ocrx_word' id='word_1_296' title='bbox 1500 2307 1728 2375; x_wconf 81' lang='grc' dir='ltr'>σιωπή-</span> 
     </span>
    </p>
   </div>
   <div class='ocr_carea' id='block_1_41' title="bbox 141 2395 1728 2468">
    <p class='ocr_par' dir='ltr' id='par_1_41' title="bbox 141 2395 1728 2468">
     <span class='ocr_line' id='line_1_41' title="bbox 141 2395 1728 2468; baseline 0 -19"><span class='ocrx_word' id='word_1_297' title='bbox 141 2411 360 2461; x_wconf 80' lang='grc' dir='ltr'>σωσιν,</span> <span class='ocrx_word' id='word_1_298' title='bbox 405 2397 464 2449; x_wconf 84' lang='grc' dir='ltr'><strong>οι</strong></span> <span class='ocrx_word' id='word_1_299' title='bbox 495 2397 653 2449; x_wconf 77' lang='grc' dir='ltr'>λίθοι</span> <span class='ocrx_word' id='word_1_300' title='bbox 694 2395 1110 2463; x_wconf 75' lang='grc' dir='ltr'>κεκράξονται.</span> <span class='ocrx_word' id='word_1_301' title='bbox 1149 2397 1312 2450; x_wconf 81' lang='grc' dir='ltr'>Ὥστε</span> <span class='ocrx_word' id='word_1_302' title='bbox 1358 2397 1446 2450; x_wconf 85' lang='grc' dir='ltr'>ὅτε</span> <span class='ocrx_word' id='word_1_303' title='bbox 1479 2399 1610 2468; x_wconf 76' lang='grc' dir='ltr'>περὶ</span> <span class='ocrx_word' id='word_1_304' title='bbox 1639 2397 1728 2450; x_wconf 86' lang='grc' dir='ltr'>πί-</span> 
     </span>
    </p>
   </div>
   <div class='ocr_carea' id='block_1_42' title="bbox 145 2486 1722 2559">
    <p class='ocr_par' dir='ltr' id='par_1_42' title="bbox 145 2486 1722 2559">
     <span class='ocr_line' id='line_1_42' title="bbox 145 2486 1722 2559; baseline -0.001 -18"><span class='ocrx_word' id='word_1_305' title='bbox 145 2506 311 2552; x_wconf 81' lang='grc' dir='ltr'>στεως</span> <span class='ocrx_word' id='word_1_306' title='bbox 359 2489 388 2540; x_wconf 88' lang='lat'><strong>6</strong></span> <span class='ocrx_word' id='word_1_307' title='bbox 441 2486 634 2554; x_wconf 90' lang='grc' dir='ltr'>λόγος,</span> <span class='ocrx_word' id='word_1_308' title='bbox 676 2488 780 2539; x_wconf 73' lang='grc' dir='ltr'><strong>οὐκ</strong></span> <span class='ocrx_word' id='word_1_309' title='bbox 831 2488 980 2539; x_wconf 82' lang='grc' dir='ltr'>ἐστιν</span> <span class='ocrx_word' id='word_1_310' title='bbox 1029 2489 1226 2552; x_wconf 84' lang='grc' dir='ltr'>εἰπεῖν,</span> <span class='ocrx_word' id='word_1_311' title='bbox 1273 2487 1416 2555; x_wconf 84' lang='grc' dir='ltr'>Ἐγὼ</span> <span class='ocrx_word' id='word_1_312' title='bbox 1459 2487 1540 2552; x_wconf 84' lang='grc' dir='ltr'><strong>τίς</strong></span> <span class='ocrx_word' id='word_1_313' title='bbox 1572 2489 1722 2559; x_wconf 75' lang='grc' dir='ltr'>εἰμις</span> 
     </span>
    </p>
   </div>
   <div class='ocr_carea' id='block_1_43' title="bbox 154 2577 1722 2650">
    <p class='ocr_par' dir='ltr' id='par_1_43' title="bbox 154 2577 1722 2650">
     <span class='ocr_line' id='line_1_43' title="bbox 154 2577 1722 2650; baseline 0.001 -19"><span class='ocrx_word' id='word_1_314' title='bbox 154 2577 391 2649; x_wconf 82' lang='grc' dir='ltr'>Ἱερεύς;</span> <span class='ocrx_word' id='word_1_315' title='bbox 443 2578 562 2631; x_wconf 80' lang='grc' dir='ltr'>ἀλλ’</span> <span class='ocrx_word' id='word_1_316' title='bbox 601 2578 862 2648; x_wconf 73' lang='grc' dir='ltr'>οὐδαμοῦ.</span> <span class='ocrx_word' id='word_1_317' title='bbox 919 2581 1173 2650; x_wconf 83' lang='grc' dir='ltr'>Ἀρχων;</span> <span class='ocrx_word' id='word_1_318' title='bbox 1228 2579 1324 2634; x_wconf 77' lang='grc' dir='ltr'><strong>καὶ</strong></span> <span class='ocrx_word' id='word_1_319' title='bbox 1374 2579 1488 2632; x_wconf 77' lang='grc' dir='ltr'>οὐδ’</span> <span class='ocrx_word' id='word_1_320' title='bbox 1528 2579 1722 2643; x_wconf 75' lang='grc' dir='ltr'>οὕτως.</span> 
     </span>
    </p>
   </div>
   <div class='ocr_carea' id='block_1_44' title="bbox 143 2662 1722 2743">
    <p class='ocr_par' dir='ltr' id='par_1_44' title="bbox 143 2662 1722 2743">
     <span class='ocr_line' id='line_1_44' title="bbox 143 2662 1722 2743; baseline 0.002 -20"><span class='ocrx_word' id='word_1_321' title='bbox 143 2662 527 2742; x_wconf 58' lang='lat' dir='ltr'><strong>Sapaudiam;</strong></span> <span class='ocrx_word' id='word_1_322' title='bbox 553 2671 647 2724; x_wconf 77' lang='grc' dir='ltr'>καὶ</span> <span class='ocrx_word' id='word_1_323' title='bbox 668 2672 770 2724; x_wconf 87' lang='grc' dir='ltr'><strong>ποῦ</strong></span> <span class='ocrx_word' id='word_1_324' title='bbox 792 2689 806 2736; x_wconf 90' lang='grc'><strong>;</strong></span> <span class='ocrx_word' id='word_1_325' title='bbox 835 2673 1113 2743; x_wconf 88' lang='grc' dir='ltr'>Γεωργός;</span> <span class='ocrx_word' id='word_1_326' title='bbox 1140 2673 1234 2726; x_wconf 77' lang='grc' dir='ltr'>καὶ</span> <span class='ocrx_word' id='word_1_327' title='bbox 1258 2671 1369 2725; x_wconf 74' lang='grc' dir='ltr'>οὐδ’</span> <span class='ocrx_word' id='word_1_328' title='bbox 1393 2672 1523 2726; x_wconf 81' lang='grc' dir='ltr'>αὐτὸ</span> <span class='ocrx_word' id='word_1_329' title='bbox 1546 2673 1722 2726; x_wconf 88' lang='grc' dir='ltr'>τοῦτο.</span> 
     </span>
    </p>
   </div>
   <div class='ocr_carea' id='block_1_45' title="bbox 145 2763 1722 2836">
    <p class='ocr_par' dir='ltr' id='par_1_45' title="bbox 145 2763 1722 2836">
     <span class='ocr_line' id='line_1_45' title="bbox 145 2763 1722 2836; baseline 0.003 -21"><span class='ocrx_word' id='word_1_330' title='bbox 145 2765 355 2833; x_wconf 84' lang='grc' dir='ltr'>Πένης,</span> <span class='ocrx_word' id='word_1_331' title='bbox 409 2766 572 2834; x_wconf 87' lang='grc' dir='ltr'>μόνον</span> <span class='ocrx_word' id='word_1_332' title='bbox 621 2764 724 2834; x_wconf 83' lang='grc' dir='ltr'>τὴν</span> <span class='ocrx_word' id='word_1_333' title='bbox 771 2764 1050 2834; x_wconf 68' lang='grc' dir='ltr'>ἐφήμερον</span> <span class='ocrx_word' id='word_1_334' title='bbox 1103 2763 1308 2833; x_wconf 82' lang='grc' dir='ltr'>τροφὴν</span> <span class='ocrx_word' id='word_1_335' title='bbox 1342 2765 1722 2836; x_wconf 75' lang='grc' dir='ltr'>ποριζόμενος.</span> 
     </span>
    </p>
   </div>
   <div class='ocr_carea' id='block_1_46' title="bbox 142 2854 1723 2928">
    <p class='ocr_par' dir='ltr' id='par_1_46' title="bbox 142 2854 1723 2928">
     <span class='ocr_line' id='line_1_46' title="bbox 142 2854 1723 2928; baseline 0.003 -21"><span class='ocrx_word' id='word_1_336' title='bbox 142 2854 330 2918; x_wconf 76' lang='grc' dir='ltr'>Οὐδείς</span> <span class='ocrx_word' id='word_1_337' title='bbox 365 2873 461 2924; x_wconf 91' lang='grc' dir='ltr'><strong>μοι</strong></span> <span class='ocrx_word' id='word_1_338' title='bbox 490 2855 648 2923; x_wconf 81' lang='grc' dir='ltr'>λόγος</span> <span class='ocrx_word' id='word_1_339' title='bbox 674 2856 768 2907; x_wconf 68' lang='grc' dir='ltr'><strong>καὶ</strong></span> <span class='ocrx_word' id='word_1_340' title='bbox 801 2857 1020 2926; x_wconf 68' lang='grc' dir='ltr'>φροντὶς</span> <span class='ocrx_word' id='word_1_341' title='bbox 1052 2856 1180 2922; x_wconf 72' lang='grc' dir='ltr'>περὶ</span> <span class='ocrx_word' id='word_1_342' title='bbox 1209 2855 1303 2908; x_wconf 81' lang='grc' dir='ltr'><strong>τοῦ</strong></span> <span class='ocrx_word' id='word_1_343' title='bbox 1339 2859 1723 2928; x_wconf 83' lang='grc' dir='ltr'>προκειμένου.</span> 
     </span>
    </p>
   </div>
   <div class='ocr_carea' id='block_1_47' title="bbox 141 2945 1728 3021">
    <p class='ocr_par' dir='ltr' id='par_1_47' title="bbox 141 2945 1728 3021">
     <span class='ocr_line' id='line_1_47' title="bbox 141 2945 1728 3021; baseline 0.003 -24"><span class='ocrx_word' id='word_1_344' title='bbox 141 2946 269 3010; x_wconf 60' lang='lat' dir='ltr'><strong>Ubi,</strong></span> <span class='ocrx_word' id='word_1_345' title='bbox 296 2949 348 2998; x_wconf 86' lang='grc' dir='ltr'>οἱ</span> <span class='ocrx_word' id='word_1_346' title='bbox 375 2947 514 2999; x_wconf 80' lang='grc' dir='ltr'>λίθοι</span> <span class='ocrx_word' id='word_1_347' title='bbox 543 2949 806 3018; x_wconf 73' lang='grc' dir='ltr'>κράξουσι</span> <span class='ocrx_word' id='word_1_348' title='bbox 830 2987 844 3009; x_wconf 86' lang='grc'><strong>,</strong></span> <span class='ocrx_word' id='word_1_349' title='bbox 877 2945 970 3000; x_wconf 71' lang='grc' dir='ltr'><strong>καὶ</strong></span> <span class='ocrx_word' id='word_1_350' title='bbox 998 2949 1062 3000; x_wconf 79' lang='grc' dir='ltr'><strong>σὺ</strong></span> <span class='ocrx_word' id='word_1_351' title='bbox 1093 2948 1368 3018; x_wconf 83' lang='grc' dir='ltr'>σιωπηλὸς</span> <span class='ocrx_word' id='word_1_352' title='bbox 1402 2951 1498 3003; x_wconf 69' lang='grc' dir='ltr'>καὶ</span> <span class='ocrx_word' id='word_1_353' title='bbox 1528 2950 1728 3021; x_wconf 80' lang='grc' dir='ltr'>ἄφρον-</span> 
     </span>
    </p>
   </div>
   <div class='ocr_carea' id='block_1_48' title="bbox 139 3023 1726 3113">
    <p class='ocr_par' dir='ltr' id='par_1_48' title="bbox 139 3023 1726 3113">
     <span class='ocr_line' id='line_1_48' title="bbox 139 3023 1726 3113; baseline 0.004 -25"><span class='ocrx_word' id='word_1_354' title='bbox 139 3053 252 3100; x_wconf 85' lang='grc' dir='ltr'>τις;</span> <span class='ocrx_word' id='word_1_355' title='bbox 287 3041 321 3107; x_wconf 83' lang='grc' dir='ltr'>ἡ</span> <span class='ocrx_word' id='word_1_356' title='bbox 358 3039 694 3106; x_wconf 81' lang='grc' dir='ltr'>ἀναίσθητος</span> <span class='ocrx_word' id='word_1_357' title='bbox 725 3023 888 3107; x_wconf 64' lang='grc' dir='ltr'>(ῥύσις</span> <span class='ocrx_word' id='word_1_358' title='bbox 923 3039 1060 3091; x_wconf 83' lang='grc' dir='ltr'>Θεοῦ</span> <span class='ocrx_word' id='word_1_359' title='bbox 1089 3041 1369 3113; x_wconf 70' lang='grc' dir='ltr'>ὲπακήκοε</span> <span class='ocrx_word' id='word_1_360' title='bbox 1390 3081 1404 3105; x_wconf 92' lang='grc'><strong>,</strong></span> <span class='ocrx_word' id='word_1_361' title='bbox 1441 3043 1535 3094; x_wconf 75' lang='grc' dir='ltr'>καὶ</span> <span class='ocrx_word' id='word_1_362' title='bbox 1563 3043 1726 3105; x_wconf 84' lang='grc' dir='ltr'>αὐτὸς</span> 
     </span>
    </p>
   </div>
   <div class='ocr_carea' id='block_1_49' title="bbox 142 3128 1725 3205">
    <p class='ocr_par' dir='ltr' id='par_1_49' title="bbox 142 3128 1725 3205">
     <span class='ocr_line' id='line_1_49' title="bbox 142 3128 1725 3205; baseline 0.004 -24"><span class='ocrx_word' id='word_1_363' title='bbox 142 3128 544 3200; x_wconf 72' lang='grc' dir='ltr'>λαιλαπιστήςς</span> <span class='ocrx_word' id='word_1_364' title='bbox 599 3130 628 3182; x_wconf 81' lang='grc' dir='ltr'>ὃ</span> <span class='ocrx_word' id='word_1_365' title='bbox 687 3130 764 3200; x_wconf 86' lang='grc' dir='ltr'>μὴ</span> <span class='ocrx_word' id='word_1_366' title='bbox 825 3130 1132 3200; x_wconf 76' lang='grc' dir='ltr'>ὲψύχωται,</span> <span class='ocrx_word' id='word_1_367' title='bbox 1172 3133 1308 3204; x_wconf 75' lang='grc' dir='ltr'>μηδὲ</span> <span class='ocrx_word' id='word_1_368' title='bbox 1359 3134 1416 3186; x_wconf 78' lang='grc' dir='ltr'>ἐν</span> <span class='ocrx_word' id='word_1_369' title='bbox 1456 3133 1725 3205; x_wconf 81' lang='grc' dir='ltr'>κριτηρίῳ</span> 
     </span>
    </p>
   </div>
   <div class='ocr_carea' id='block_1_50' title="bbox 140 3219 1726 3293">
    <p class='ocr_par' dir='ltr' id='par_1_50' title="bbox 140 3219 1726 3293">
     <span class='ocr_line' id='line_1_50' title="bbox 140 3219 1726 3293; baseline 0.003 -21"><span class='ocrx_word' id='word_1_370' title='bbox 140 3219 560 3290; x_wconf 86' lang='grc' dir='ltr'>λελογοθέτηται</span> <span class='ocrx_word' id='word_1_371' title='bbox 580 3259 596 3282; x_wconf 91' lang='grc'><strong>,</strong></span> <span class='ocrx_word' id='word_1_372' title='bbox 627 3220 863 3285; x_wconf 84' lang='grc' dir='ltr'>δεδοικὸς</span> <span class='ocrx_word' id='word_1_373' title='bbox 890 3223 1057 3277; x_wconf 76' lang='grc' dir='ltr'>οἱονεὶ</span> <span class='ocrx_word' id='word_1_374' title='bbox 1097 3223 1160 3275; x_wconf 81' lang='grc' dir='ltr'>τὸ</span> <span class='ocrx_word' id='word_1_375' title='bbox 1193 3225 1526 3293; x_wconf 81' lang='grc' dir='ltr'>πρόσταγμα</span> <span class='ocrx_word' id='word_1_376' title='bbox 1556 3243 1726 3293; x_wconf 86' lang='grc' dir='ltr'>φωνο-</span> 
     </span>
    </p>
   </div>
   <div class='ocr_carea' id='block_1_51' title="bbox 139 3311 1726 3381">
    <p class='ocr_par' dir='ltr' id='par_1_51' title="bbox 139 3311 1726 3381">
     <span class='ocr_line' id='line_1_51' title="bbox 139 3311 1726 3381; baseline 0.006 -19"><span class='ocrx_word' id='word_1_377' title='bbox 139 3311 316 3365; x_wconf 70' lang='grc' dir='ltr'><strong>6ο&gt;εῐο</strong></span> <span class='ocrx_word' id='word_1_378' title='bbox 379 3312 478 3365; x_wconf 79' lang='grc' dir='ltr'><strong>καὶ</strong></span> <span class='ocrx_word' id='word_1_379' title='bbox 529 3313 595 3366; x_wconf 78' lang='grc' dir='ltr'><strong>σὺ</strong></span> <span class='ocrx_word' id='word_1_380' title='bbox 637 3314 665 3365; x_wconf 91' lang='lat'><strong>6</strong></span> <span class='ocrx_word' id='word_1_381' title='bbox 716 3312 924 3381; x_wconf 81' lang='grc' dir='ltr'>μέλλων</span> <span class='ocrx_word' id='word_1_382' title='bbox 977 3314 1297 3369; x_wconf 81' lang='grc' dir='ltr'>εὐθύνεσθαι</span> <span class='ocrx_word' id='word_1_383' title='bbox 1331 3315 1435 3368; x_wconf 79' lang='grc' dir='ltr'><strong>ὑπὸ</strong></span> <span class='ocrx_word' id='word_1_384' title='bbox 1480 3315 1616 3370; x_wconf 86' lang='grc' dir='ltr'>Θεοῦ</span> <span class='ocrx_word' id='word_1_385' title='bbox 1667 3317 1726 3372; x_wconf 83' lang='grc' dir='ltr'>ἐν</span> 
     </span>
    </p>
   </div>
   <div class='ocr_carea' id='block_1_52' title="bbox 1825 2200 3412 2269">
    <p class='ocr_par' dir='ltr' id='par_1_52' title="bbox 1825 2200 3412 2269">
     <span class='ocr_line' id='line_1_52' title="bbox 1825 2200 3412 2269; baseline 0.003 -16"><span class='ocrx_word' id='word_1_386' title='bbox 1825 2202 1962 2254; x_wconf 71' lang='lat' dir='ltr'><strong>xerit</strong></span> <span class='ocrx_word' id='word_1_387' title='bbox 1999 2218 2072 2262; x_wconf 85' lang='lat' dir='ltr'><strong>se.</strong></span> <span class='ocrx_word' id='word_1_388' title='bbox 2124 2217 2229 2255; x_wconf 87' lang='lat' dir='ltr'><strong>non</strong></span> <span class='ocrx_word' id='word_1_389' title='bbox 2261 2200 2430 2269; x_wconf 80' lang='lat' dir='ltr'><strong>placet</strong></span> <span class='ocrx_word' id='word_1_390' title='bbox 2464 2202 2659 2254; x_wconf 77' lang='lat' dir='ltr'><strong>anima:</strong></span> <span class='ocrx_word' id='word_1_391' title='bbox 2700 2218 2829 2255; x_wconf 80' lang='lat' dir='ltr'><strong>mea:</strong></span> <span class='ocrx_word' id='word_1_392' title='bbox 2855 2205 2909 2254; x_wconf 82' lang='lat' dir='ltr'><strong>in</strong></span> <span class='ocrx_word' id='word_1_393' title='bbox 2933 2218 2991 2255; x_wconf 91' lang='lat' dir='ltr'><strong>eo</strong></span> <span class='ocrx_word' id='word_1_394' title='bbox 3014 2203 3081 2259; x_wconf 76' lang='grc'><strong>’⁷.</strong></span> <span class='ocrx_word' id='word_1_395' title='bbox 3115 2201 3179 2256; x_wconf 89' lang='grc' dir='ltr'>Ει</span> <span class='ocrx_word' id='word_1_396' title='bbox 3215 2221 3228 2258; x_wconf 92' lang='lat'>:</span> <span class='ocrx_word' id='word_1_397' title='bbox 3259 2203 3318 2259; x_wconf 87' lang='lat' dir='ltr'><strong>Si</strong></span> <span class='ocrx_word' id='word_1_398' title='bbox 3357 2206 3412 2258; x_wconf 85' lang='grc' dir='ltr'><strong>Ιιί</strong></span> 
     </span>
    </p>
   </div>
   <div class='ocr_carea' id='block_1_53' title="bbox 1829 2289 3407 2362">
    <p class='ocr_par' dir='ltr' id='par_1_53' title="bbox 1829 2289 3407 2362">
     <span class='ocr_line' id='line_1_53' title="bbox 1829 2289 3407 2362; baseline -0.001 -18"><span class='ocrx_word' id='word_1_399' title='bbox 1829 2291 2111 2355; x_wconf 77' lang='lat' dir='ltr'><strong>tacuerint,</strong></span> <span class='ocrx_word' id='word_1_400' title='bbox 2130 2289 2335 2359; x_wconf 80' lang='lat' dir='ltr'><strong>lapides</strong></span> <span class='ocrx_word' id='word_1_401' title='bbox 2359 2290 2666 2343; x_wconf 80' lang='lat' dir='ltr'><strong>clamabunt</strong></span> <span class='ocrx_word' id='word_1_402' title='bbox 2689 2289 2734 2321; x_wconf 75' lang='lat'>”</span> <span class='ocrx_word' id='word_1_403' title='bbox 2789 2291 3156 2357; x_wconf 90' lang='lat' dir='ltr'><strong>Quamobrem</strong></span> <span class='ocrx_word' id='word_1_404' title='bbox 3185 2294 3407 2362; x_wconf 76' lang='lat' dir='ltr'><strong>quando</strong></span> 
     </span>
    </p>
   </div>
   <div class='ocr_carea' id='block_1_54' title="bbox 1826 2380 3407 2452">
    <p class='ocr_par' dir='ltr' id='par_1_54' title="bbox 1826 2380 3407 2452">
     <span class='ocr_line' id='line_1_54' title="bbox 1826 2380 3407 2452; baseline 0.003 -17"><span class='ocrx_word' id='word_1_405' title='bbox 1826 2381 1894 2436; x_wconf 90' lang='lat' dir='ltr'><strong>de</strong></span> <span class='ocrx_word' id='word_1_406' title='bbox 1925 2380 2029 2436; x_wconf 77' lang='lat' dir='ltr'><strong>(ide</strong></span> <span class='ocrx_word' id='word_1_407' title='bbox 2073 2396 2254 2436; x_wconf 86' lang='lat' dir='ltr'><strong>sermo</strong></span> <span class='ocrx_word' id='word_1_408' title='bbox 2301 2389 2406 2447; x_wconf 90' lang='lat' dir='ltr'><strong>est,</strong></span> <span class='ocrx_word' id='word_1_409' title='bbox 2439 2396 2546 2434; x_wconf 89' lang='lat' dir='ltr'><strong>non</strong></span> <span class='ocrx_word' id='word_1_410' title='bbox 2587 2393 2672 2436; x_wconf 89' lang='lat' dir='ltr'><strong>est</strong></span> <span class='ocrx_word' id='word_1_411' title='bbox 2719 2383 2865 2451; x_wconf 90' lang='lat' dir='ltr'><strong>quod</strong></span> <span class='ocrx_word' id='word_1_412' title='bbox 2895 2383 3022 2452; x_wconf 92' lang='lat' dir='ltr'><strong>quis</strong></span> <span class='ocrx_word' id='word_1_413' title='bbox 3053 2383 3199 2439; x_wconf 88' lang='lat' dir='ltr'><strong>dicat</strong></span> <span class='ocrx_word' id='word_1_414' title='bbox 3227 2402 3240 2437; x_wconf 90' lang='lat'><strong>:</strong></span> <span class='ocrx_word' id='word_1_415' title='bbox 3271 2384 3407 2452; x_wconf 85' lang='lat' dir='ltr'><strong>Quis</strong></span> 
     </span>
    </p>
   </div>
   <div class='ocr_carea' id='block_1_55' title="bbox 1826 2471 3402 2546">
    <p class='ocr_par' dir='ltr' id='par_1_55' title="bbox 1826 2471 3402 2546">
     <span class='ocr_line' id='line_1_55' title="bbox 1826 2471 3402 2546; baseline 0.002 -17"><span class='ocrx_word' id='word_1_416' title='bbox 1826 2489 1926 2546; x_wconf 86' lang='lat' dir='ltr'><strong>ego</strong></span> <span class='ocrx_word' id='word_1_417' title='bbox 1954 2489 2075 2528; x_wconf 88' lang='lat' dir='ltr'><strong>sum</strong></span> <span class='ocrx_word' id='word_1_418' title='bbox 2120 2473 2143 2526; x_wconf 84' lang='lat'><strong>?</strong></span> <span class='ocrx_word' id='word_1_419' title='bbox 2181 2471 2448 2528; x_wconf 85' lang='lat' dir='ltr'><strong>Sacerdos</strong></span> <span class='ocrx_word' id='word_1_420' title='bbox 2476 2474 2500 2526; x_wconf 85' lang='lat'><strong>?</strong></span> <span class='ocrx_word' id='word_1_421' title='bbox 2535 2475 2783 2529; x_wconf 90' lang='lat' dir='ltr'><strong>minime.</strong></span> <span class='ocrx_word' id='word_1_422' title='bbox 2826 2474 3130 2543; x_wconf 85' lang='lat' dir='ltr'><strong>Princeps?</strong></span> <span class='ocrx_word' id='word_1_423' title='bbox 3164 2492 3231 2531; x_wconf 91' lang='lat' dir='ltr'><strong>ne</strong></span> <span class='ocrx_word' id='word_1_424' title='bbox 3259 2478 3402 2532; x_wconf 85' lang='lat' dir='ltr'><strong>istud</strong></span> 
     </span>
    </p>
   </div>
   <div class='ocr_carea' id='block_1_56' title="bbox 1826 2565 3406 2639">
    <p class='ocr_par' dir='ltr' id='par_1_56' title="bbox 1826 2565 3406 2639">
     <span class='ocr_line' id='line_1_56' title="bbox 1826 2565 3406 2639; baseline 0.002 -18"><span class='ocrx_word' id='word_1_425' title='bbox 1826 2566 2069 2637; x_wconf 88' lang='lat' dir='ltr'><strong>quidem.</strong></span> <span class='ocrx_word' id='word_1_426' title='bbox 2105 2565 2259 2620; x_wconf 82' lang='lat' dir='ltr'><strong>Miles</strong></span> <span class='ocrx_word' id='word_1_427' title='bbox 2289 2566 2312 2618; x_wconf 87' lang='lat'><strong>?</strong></span> <span class='ocrx_word' id='word_1_428' title='bbox 2347 2567 2437 2620; x_wconf 83' lang='lat' dir='ltr'><strong>tibi</strong></span> <span class='ocrx_word' id='word_1_429' title='bbox 2485 2582 2650 2635; x_wconf 87' lang='lat' dir='ltr'><strong>porro</strong></span> <span class='ocrx_word' id='word_1_430' title='bbox 2679 2567 2974 2637; x_wconf 82' lang='lat' dir='ltr'><strong>?Agricola</strong></span> <span class='ocrx_word' id='word_1_431' title='bbox 3003 2569 3026 2622; x_wconf 87' lang='lat'><strong>?</strong></span> <span class='ocrx_word' id='word_1_432' title='bbox 3052 2584 3227 2639; x_wconf 90' lang='lat' dir='ltr'><strong>neque</strong></span> <span class='ocrx_word' id='word_1_433' title='bbox 3264 2571 3406 2626; x_wconf 84' lang='lat' dir='ltr'><strong>istud</strong></span> 
     </span>
    </p>
   </div>
   <div class='ocr_carea' id='block_1_57' title="bbox 1827 2658 3409 2732">
    <p class='ocr_par' dir='ltr' id='par_1_57' title="bbox 1827 2658 3409 2732">
     <span class='ocr_line' id='line_1_57' title="bbox 1827 2658 3409 2732; baseline 0.003 -19"><span class='ocrx_word' id='word_1_434' title='bbox 1827 2659 2025 2728; x_wconf 87' lang='lat' dir='ltr'><strong>ipsum.</strong></span> <span class='ocrx_word' id='word_1_435' title='bbox 2082 2658 2322 2726; x_wconf 76' lang='lat' dir='ltr'><strong>Egerius,</strong></span> <span class='ocrx_word' id='word_1_436' title='bbox 2380 2658 2761 2726; x_wconf 90' lang='lat' dir='ltr'><strong>quotidianum</strong></span> <span class='ocrx_word' id='word_1_437' title='bbox 2826 2661 2986 2715; x_wconf 90' lang='lat' dir='ltr'><strong>modo</strong></span> <span class='ocrx_word' id='word_1_438' title='bbox 3022 2662 3224 2716; x_wconf 88' lang='lat' dir='ltr'><strong>victum</strong></span> <span class='ocrx_word' id='word_1_439' title='bbox 3260 2678 3409 2732; x_wconf 76' lang='lat' dir='ltr'><strong>qua:-</strong></span> 
     </span>
    </p>
   </div>
   <div class='ocr_carea' id='block_1_58' title="bbox 1826 2749 3406 2821">
    <p class='ocr_par' dir='ltr' id='par_1_58' title="bbox 1826 2749 3406 2821">
     <span class='ocr_line' id='line_1_58' title="bbox 1826 2749 3406 2821; baseline 0.004 -18"><span class='ocrx_word' id='word_1_440' title='bbox 1826 2751 2019 2805; x_wconf 87' lang='lat' dir='ltr'><strong>ritans.</strong></span> <span class='ocrx_word' id='word_1_441' title='bbox 2055 2749 2200 2803; x_wconf 81' lang='lat' dir='ltr'><strong>Nihil</strong></span> <span class='ocrx_word' id='word_1_442' title='bbox 2228 2749 2275 2804; x_wconf 89' lang='lat' dir='ltr'><strong>id</strong></span> <span class='ocrx_word' id='word_1_443' title='bbox 2303 2751 2447 2819; x_wconf 91' lang='lat' dir='ltr'><strong>quod</strong></span> <span class='ocrx_word' id='word_1_444' title='bbox 2475 2749 2667 2804; x_wconf 87' lang='lat' dir='ltr'><strong>incidit</strong></span> <span class='ocrx_word' id='word_1_445' title='bbox 2692 2751 2746 2804; x_wconf 91' lang='lat' dir='ltr'><strong>in</strong></span> <span class='ocrx_word' id='word_1_446' title='bbox 2775 2750 3226 2821; x_wconf 87' lang='lat' dir='ltr'><strong>disputationem,</strong></span> <span class='ocrx_word' id='word_1_447' title='bbox 3254 2756 3406 2809; x_wconf 73' lang='lat' dir='ltr'><strong>curae</strong></span> 
     </span>
    </p>
   </div>
   <div class='ocr_carea' id='block_1_59' title="bbox 1827 2839 3404 2911">
    <p class='ocr_par' dir='ltr' id='par_1_59' title="bbox 1827 2839 3404 2911">
     <span class='ocr_line' id='line_1_59' title="bbox 1827 2839 3404 2911; baseline 0.001 -15"><span class='ocrx_word' id='word_1_448' title='bbox 1827 2841 1960 2896; x_wconf 87' lang='lat' dir='ltr'><strong>mihi</strong></span> <span class='ocrx_word' id='word_1_449' title='bbox 1992 2849 2086 2894; x_wconf 92' lang='lat' dir='ltr'><strong>aut</strong></span> <span class='ocrx_word' id='word_1_450' title='bbox 2119 2840 2472 2895; x_wconf 85' lang='lat' dir='ltr'><strong>sollicitudini</strong></span> <span class='ocrx_word' id='word_1_451' title='bbox 2501 2849 2606 2895; x_wconf 88' lang='lat' dir='ltr'><strong>est.</strong></span> <span class='ocrx_word' id='word_1_452' title='bbox 2642 2839 2780 2907; x_wconf 85' lang='lat' dir='ltr'><strong>Vah,</strong></span> <span class='ocrx_word' id='word_1_453' title='bbox 2820 2842 3035 2911; x_wconf 88' lang='lat' dir='ltr'><strong>lapides</strong></span> <span class='ocrx_word' id='word_1_454' title='bbox 3064 2845 3404 2910; x_wconf 86' lang='lat' dir='ltr'><strong>clamabunt,</strong></span> 
     </span>
    </p>
   </div>
   <div class='ocr_carea' id='block_1_60' title="bbox 1825 2933 3403 3004">
    <p class='ocr_par' dir='ltr' id='par_1_60' title="bbox 1825 2933 3403 3004">
     <span class='ocr_line' id='line_1_60' title="bbox 1825 2933 3403 3004; baseline 0.001 -14"><span class='ocrx_word' id='word_1_455' title='bbox 1825 2947 1882 2990; x_wconf 87' lang='lat' dir='ltr'><strong>et</strong></span> <span class='ocrx_word' id='word_1_456' title='bbox 1926 2934 2118 2990; x_wconf 86' lang='lat' dir='ltr'><strong>silebis</strong></span> <span class='ocrx_word' id='word_1_457' title='bbox 2162 2935 2442 2990; x_wconf 72' lang='lat' dir='ltr'><strong>securus?</strong></span> <span class='ocrx_word' id='word_1_458' title='bbox 2485 2933 2696 2990; x_wconf 84' lang='lat' dir='ltr'><strong>Sensus</strong></span> <span class='ocrx_word' id='word_1_459' title='bbox 2752 2950 2945 3004; x_wconf 82' lang='lat' dir='ltr'><strong>expers</strong></span> <span class='ocrx_word' id='word_1_460' title='bbox 2981 2945 3176 2992; x_wconf 87' lang='lat' dir='ltr'><strong>natura</strong></span> <span class='ocrx_word' id='word_1_461' title='bbox 3234 2937 3403 2994; x_wconf 91' lang='lat' dir='ltr'><strong>Deum</strong></span> 
     </span>
    </p>
   </div>
   <div class='ocr_carea' id='block_1_61' title="bbox 1825 3027 3406 3104">
    <p class='ocr_par' dir='ltr' id='par_1_61' title="bbox 1825 3027 3406 3104">
     <span class='ocr_line' id='line_1_61' title="bbox 1825 3027 3406 3104; baseline 0.003 -21"><span class='ocrx_word' id='word_1_462' title='bbox 1825 3028 2067 3083; x_wconf 81' lang='lat' dir='ltr'><strong>exaudiit</strong></span> <span class='ocrx_word' id='word_1_463' title='bbox 2103 3044 2116 3082; x_wconf 91' lang='lat'><strong>:</strong></span> <span class='ocrx_word' id='word_1_464' title='bbox 2152 3043 2204 3083; x_wconf 89' lang='lat' dir='ltr'><strong>et</strong></span> <span class='ocrx_word' id='word_1_465' title='bbox 2227 3040 2281 3083; x_wconf 93' lang='lat' dir='ltr'><strong>tu</strong></span> <span class='ocrx_word' id='word_1_466' title='bbox 2320 3044 2485 3083; x_wconf 85' lang='lat' dir='ltr'><strong>sensu</strong></span> <span class='ocrx_word' id='word_1_467' title='bbox 2525 3027 2782 3084; x_wconf 89' lang='lat' dir='ltr'><strong>audiendi</strong></span> <span class='ocrx_word' id='word_1_468' title='bbox 2820 3031 3201 3098; x_wconf 87' lang='lat' dir='ltr'><strong>cares?Quod</strong></span> <span class='ocrx_word' id='word_1_469' title='bbox 3235 3048 3406 3104; x_wconf 85' lang='lat' dir='ltr'><strong>neque</strong></span> 
     </span>
    </p>
   </div>
   <div class='ocr_carea' id='block_1_62' title="bbox 1824 3123 3407 3196">
    <p class='ocr_par' dir='ltr' id='par_1_62' title="bbox 1824 3123 3407 3196">
     <span class='ocr_line' id='line_1_62' title="bbox 1824 3123 3407 3196; baseline 0.004 -20"><span class='ocrx_word' id='word_1_470' title='bbox 1824 3132 1908 3177; x_wconf 87' lang='lat' dir='ltr'><strong>est</strong></span> <span class='ocrx_word' id='word_1_471' title='bbox 1951 3123 2275 3188; x_wconf 85' lang='lat' dir='ltr'><strong>animatum,</strong></span> <span class='ocrx_word' id='word_1_472' title='bbox 2308 3139 2338 3177; x_wconf 89' lang='lat' dir='ltr'><strong>a</strong></span> <span class='ocrx_word' id='word_1_473' title='bbox 2371 3139 2481 3192; x_wconf 91' lang='lat' dir='ltr'><strong>quo</strong></span> <span class='ocrx_word' id='word_1_474' title='bbox 2511 3138 2688 3191; x_wconf 85' lang='lat' dir='ltr'><strong>neque</strong></span> <span class='ocrx_word' id='word_1_475' title='bbox 2735 3123 2788 3177; x_wconf 89' lang='lat' dir='ltr'><strong>in</strong></span> <span class='ocrx_word' id='word_1_476' title='bbox 2818 3123 3030 3193; x_wconf 87' lang='lat' dir='ltr'><strong>judicio</strong></span> <span class='ocrx_word' id='word_1_477' title='bbox 3057 3125 3197 3179; x_wconf 84' lang='lat' dir='ltr'><strong>ratio</strong></span> <span class='ocrx_word' id='word_1_478' title='bbox 3229 3128 3407 3196; x_wconf 84' lang='lat' dir='ltr'><strong>posci-</strong></span> 
     </span>
    </p>
   </div>
   <div class='ocr_carea' id='block_1_63' title="bbox 1825 3214 3404 3286">
    <p class='ocr_par' dir='ltr' id='par_1_63' title="bbox 1825 3214 3404 3286">
     <span class='ocr_line' id='line_1_63' title="bbox 1825 3214 3404 3286; baseline 0.003 -19"><span class='ocrx_word' id='word_1_479' title='bbox 1825 3223 1939 3280; x_wconf 90' lang='lat' dir='ltr'><strong>tur,</strong></span> <span class='ocrx_word' id='word_1_480' title='bbox 1969 3214 2116 3269; x_wconf 81' lang='lat' dir='ltr'><strong>velut</strong></span> <span class='ocrx_word' id='word_1_481' title='bbox 2155 3215 2222 3269; x_wconf 86' lang='lat' dir='ltr'><strong>ad</strong></span> <span class='ocrx_word' id='word_1_482' title='bbox 2259 3216 2575 3269; x_wconf 86' lang='lat' dir='ltr'><strong>mandatum</strong></span> <span class='ocrx_word' id='word_1_483' title='bbox 2626 3229 2996 3286; x_wconf 81' lang='lat' dir='ltr'><strong>expavescens</strong></span> <span class='ocrx_word' id='word_1_484' title='bbox 3020 3232 3206 3272; x_wconf 89' lang='lat' dir='ltr'><strong>vocem</strong></span> <span class='ocrx_word' id='word_1_485' title='bbox 3246 3218 3358 3272; x_wconf 89' lang='lat' dir='ltr'><strong>edit</strong></span> <span class='ocrx_word' id='word_1_486' title='bbox 3391 3236 3404 3271; x_wconf 88' lang='lat'><strong>:</strong></span> 
     </span>
    </p>
   </div>
   <div class='ocr_carea' id='block_1_64' title="bbox 1829 3307 3406 3378">
    <p class='ocr_par' dir='ltr' id='par_1_64' title="bbox 1829 3307 3406 3378">
     <span class='ocr_line' id='line_1_64' title="bbox 1829 3307 3406 3378; baseline 0 -18"><span class='ocrx_word' id='word_1_487' title='bbox 1829 3316 1885 3361; x_wconf 91' lang='lat' dir='ltr'><strong>ct</strong></span> <span class='ocrx_word' id='word_1_488' title='bbox 1913 3316 1971 3362; x_wconf 92' lang='lat' dir='ltr'><strong>tu</strong></span> <span class='ocrx_word' id='word_1_489' title='bbox 2007 3307 2101 3377; x_wconf 90' lang='lat' dir='ltr'><strong>qui</strong></span> <span class='ocrx_word' id='word_1_490' title='bbox 2135 3323 2262 3363; x_wconf 91' lang='lat' dir='ltr'><strong>reus</strong></span> <span class='ocrx_word' id='word_1_491' title='bbox 2304 3322 2488 3362; x_wconf 87' lang='lat' dir='ltr'><strong>coram</strong></span> <span class='ocrx_word' id='word_1_492' title='bbox 2519 3307 2629 3361; x_wconf 92' lang='lat' dir='ltr'><strong>Dco</strong></span> <span class='ocrx_word' id='word_1_493' title='bbox 2676 3309 3018 3378; x_wconf 76' lang='lat' dir='ltr'><strong>peragendus</strong></span> <span class='ocrx_word' id='word_1_494' title='bbox 3074 3323 3134 3363; x_wconf 88' lang='lat' dir='ltr'><strong>es</strong></span> <span class='ocrx_word' id='word_1_495' title='bbox 3181 3309 3406 3378; x_wconf 82' lang='lat' dir='ltr'><strong>inquisi-</strong></span> 
     </span>
    </p>
   </div>
   <div class='ocr_carea' id='block_1_65' title="bbox 141 3399 1725 3491">
    <p class='ocr_par' dir='ltr' id='par_1_65' title="bbox 141 3402 1720 3480">
     <span class='ocr_line' id='line_1_65' title="bbox 141 3402 1720 3480; baseline 0.002 -20"><span class='ocrx_word' id='word_1_496' title='bbox 141 3407 318 3477; x_wconf 79' lang='grc' dir='ltr'>καιρῷ</span> <span class='ocrx_word' id='word_1_497' title='bbox 352 3407 730 3472; x_wconf 72' lang='grc' dir='ltr'>ἐτάσεως,καὶ</span> <span class='ocrx_word' id='word_1_498' title='bbox 758 3408 888 3480; x_wconf 74' lang='grc' dir='ltr'>περὶ</span> <span class='ocrx_word' id='word_1_499' title='bbox 918 3408 1092 3479; x_wconf 80' lang='grc' dir='ltr'>ἀργοῦ</span> <span class='ocrx_word' id='word_1_500' title='bbox 1128 3402 1394 3479; x_wconf 80' lang='grc' dir='ltr'>ῥήματος,</span> <span class='ocrx_word' id='word_1_501' title='bbox 1426 3411 1529 3463; x_wconf 70' lang='grc' dir='ltr'><strong>κᾶν</strong></span> <span class='ocrx_word' id='word_1_502' title='bbox 1564 3411 1720 3464; x_wconf 87' lang='grc' dir='ltr'>έπαί-</span> 
     </span>
    </p>
   </div>
   <div class='ocr_carea' id='block_1_66' title="bbox 1827 3399 3409 3491">
    <p class='ocr_par' dir='ltr' id='par_1_66' title="bbox 1828 3399 3409 3480">
     <span class='ocr_line' id='line_1_66' title="bbox 1828 3399 3409 3480; baseline 0.001 -26"><span class='ocrx_word' id='word_1_503' title='bbox 1828 3400 1993 3455; x_wconf 87' lang='lat' dir='ltr'><strong>tionis</strong></span> <span class='ocrx_word' id='word_1_504' title='bbox 2021 3409 2281 3468; x_wconf 85' lang='lat' dir='ltr'><strong>tempore,</strong></span> <span class='ocrx_word' id='word_1_505' title='bbox 2313 3415 2374 3454; x_wconf 91' lang='lat' dir='ltr'><strong>ac</strong></span> <span class='ocrx_word' id='word_1_506' title='bbox 2394 3399 2472 3480; x_wconf 48' lang='lat' dir='ltr'><strong>.de</strong></span> <span class='ocrx_word' id='word_1_507' title='bbox 2504 3399 2669 3454; x_wconf 84' lang='lat' dir='ltr'><strong>verbo</strong></span> <span class='ocrx_word' id='word_1_508' title='bbox 2714 3400 2892 3455; x_wconf 90' lang='lat' dir='ltr'><strong>otioso</strong></span> <span class='ocrx_word' id='word_1_509' title='bbox 2924 3401 3195 3454; x_wconf 89' lang='lat' dir='ltr'><strong>rationem</strong></span> <span class='ocrx_word' id='word_1_510' title='bbox 3227 3400 3409 3455; x_wconf 79' lang='lat' dir='ltr'><strong>reddi-</strong></span> 
     </span>
    </p>
   </div>
   <div class='ocr_carea' id='block_1_67' title="bbox 146 3492 1723 3572">
    <p class='ocr_par' dir='ltr' id='par_1_67' title="bbox 146 3492 1723 3572">
     <span class='ocr_line' id='line_1_67' title="bbox 146 3492 1723 3572; baseline 0.003 -22"><span class='ocrx_word' id='word_1_511' title='bbox 146 3515 238 3566; x_wconf 84' lang='grc' dir='ltr'><strong>της</strong></span> <span class='ocrx_word' id='word_1_512' title='bbox 285 3492 365 3564; x_wconf 87' lang='grc' dir='ltr'>εἷ,</span> <span class='ocrx_word' id='word_1_513' title='bbox 388 3497 595 3551; x_wconf 84' lang='grc' dir='ltr'>διδόναι</span> <span class='ocrx_word' id='word_1_514' title='bbox 645 3499 837 3567; x_wconf 81' lang='grc' dir='ltr'>λόγον’</span> <span class='ocrx_word' id='word_1_515' title='bbox 896 3499 1078 3568; x_wconf 86' lang='grc' dir='ltr'>λέγεις</span> <span class='ocrx_word' id='word_1_516' title='bbox 1126 3501 1374 3569; x_wconf 83' lang='grc' dir='ltr'>ἁλογῶν·</span> <span class='ocrx_word' id='word_1_517' title='bbox 1411 3502 1506 3567; x_wconf 88' lang='grc' dir='ltr'><strong>Τίς</strong></span> <span class='ocrx_word' id='word_1_518' title='bbox 1544 3521 1632 3572; x_wconf 90' lang='grc' dir='ltr'><strong>μοι</strong></span> <span class='ocrx_word' id='word_1_519' title='bbox 1667 3505 1723 3554; x_wconf 81' lang='grc' dir='ltr'>ὲν</span> 
     </span>
    </p>
   </div>
   <div class='ocr_carea' id='block_1_68' title="bbox 142 3585 1724 3662">
    <p class='ocr_par' dir='ltr' id='par_1_68' title="bbox 142 3585 1724 3662">
     <span class='ocr_line' id='line_1_68' title="bbox 142 3585 1724 3662; baseline 0.004 -21"><span class='ocrx_word' id='word_1_520' title='bbox 142 3588 310 3660; x_wconf 71' lang='grc' dir='ltr'>τούτῳ</span> <span class='ocrx_word' id='word_1_521' title='bbox 359 3589 611 3660; x_wconf 72' lang='grc' dir='ltr'>φροντίςς</span> <span class='ocrx_word' id='word_1_522' title='bbox 671 3590 880 3653; x_wconf 72' lang='grc' dir='ltr'>Ταῦτα.</span> <span class='ocrx_word' id='word_1_523' title='bbox 915 3585 960 3644; x_wconf 80' lang='grc' dir='ltr'><strong>ὦ</strong></span> <span class='ocrx_word' id='word_1_524' title='bbox 1006 3591 1268 3658; x_wconf 80' lang='grc' dir='ltr'>δέσποτα,</span> <span class='ocrx_word' id='word_1_525' title='bbox 1305 3595 1471 3662; x_wconf 76' lang='grc' dir='ltr'>φησὶν</span> <span class='ocrx_word' id='word_1_526' title='bbox 1514 3596 1542 3646; x_wconf 89' lang='lat'><strong>6</strong></span> <span class='ocrx_word' id='word_1_527' title='bbox 1580 3595 1724 3648; x_wconf 87' lang='grc' dir='ltr'>Παῦ-</span> 
     </span>
    </p>
   </div>
   <div class='ocr_carea' id='block_1_69' title="bbox 140 3679 1724 3750">
    <p class='ocr_par' dir='ltr' id='par_1_69' title="bbox 140 3679 1724 3750">
     <span class='ocr_line' id='line_1_69' title="bbox 140 3679 1724 3750; baseline 0.006 -21"><span class='ocrx_word' id='word_1_528' title='bbox 140 3679 242 3743; x_wconf 81' lang='grc' dir='ltr'>λος,</span> <span class='ocrx_word' id='word_1_529' title='bbox 275 3679 779 3748; x_wconf 80' lang='grc' dir='ltr'>μετεσχημάτισα</span> <span class='ocrx_word' id='word_1_530' title='bbox 803 3685 890 3747; x_wconf 84' lang='grc' dir='ltr'><strong>είς</strong></span> <span class='ocrx_word' id='word_1_531' title='bbox 919 3682 1182 3750; x_wconf 81' lang='grc' dir='ltr'>ἐμαυτὸν</span> <span class='ocrx_word' id='word_1_532' title='bbox 1207 3683 1304 3735; x_wconf 76' lang='grc' dir='ltr'>καὶ</span> <span class='ocrx_word' id='word_1_533' title='bbox 1350 3685 1622 3738; x_wconf 74' lang='grc' dir='ltr'>Ἀπολλὼ</span> <span class='ocrx_word' id='word_1_534' title='bbox 1649 3687 1724 3739; x_wconf 78' lang='grc' dir='ltr'>δι’</span> 
     </span>
    </p>
   </div>
   <div class='ocr_carea' id='block_1_70' title="bbox 141 3772 1725 3846">
    <p class='ocr_par' dir='ltr' id='par_1_70' title="bbox 141 3772 1725 3846">
     <span class='ocr_line' id='line_1_70' title="bbox 141 3772 1725 3846; baseline 0.003 -20"><span class='ocrx_word' id='word_1_535' title='bbox 141 3772 324 3840; x_wconf 83' lang='grc' dir='ltr'>ὑμᾶς·</span> <span class='ocrx_word' id='word_1_536' title='bbox 393 3773 498 3824; x_wconf 75' lang='grc' dir='ltr'><strong>ἵνα</strong></span> <span class='ocrx_word' id='word_1_537' title='bbox 559 3773 798 3841; x_wconf 80' lang='grc' dir='ltr'><strong>ἐνήμῖν</strong></span> <span class='ocrx_word' id='word_1_538' title='bbox 850 3772 1080 3841; x_wconf 78' lang='grc' dir='ltr'>μάθητε</span> <span class='ocrx_word' id='word_1_539' title='bbox 1121 3774 1297 3844; x_wconf 81' lang='grc' dir='ltr'>τὸμὴ</span> <span class='ocrx_word' id='word_1_540' title='bbox 1350 3777 1502 3844; x_wconf 81' lang='grc' dir='ltr'>ὑπὲρ</span> <span class='ocrx_word' id='word_1_541' title='bbox 1553 3777 1583 3830; x_wconf 88' lang='grc' dir='ltr'>ὂ</span> <span class='ocrx_word' id='word_1_542' title='bbox 1634 3779 1725 3846; x_wconf 76' lang='grc' dir='ltr'>γέ-</span> 
     </span>
    </p>
   </div>
   <div class='ocr_carea' id='block_1_71' title="bbox 143 3846 1722 3939">
    <p class='ocr_par' dir='ltr' id='par_1_71' title="bbox 143 3846 1722 3939">
     <span class='ocr_line' id='line_1_71' title="bbox 143 3846 1722 3939; baseline 0.006 -24"><span class='ocrx_word' id='word_1_543' title='bbox 143 3879 396 3932; x_wconf 71' lang='grc' dir='ltr'>γραπται</span> <span class='ocrx_word' id='word_1_544' title='bbox 443 3865 712 3932; x_wconf 69' lang='grc' dir='ltr'>φρονεῖν.</span> <span class='ocrx_word' id='word_1_545' title='bbox 761 3865 922 3918; x_wconf 83' lang='grc' dir='ltr'>Ὥστε</span> <span class='ocrx_word' id='word_1_546' title='bbox 952 3868 1047 3918; x_wconf 73' lang='grc' dir='ltr'><strong>καὶ</strong></span> <span class='ocrx_word' id='word_1_547' title='bbox 1073 3866 1234 3928; x_wconf 82' lang='grc' dir='ltr'>αὐτὸς</span> <span class='ocrx_word' id='word_1_548' title='bbox 1265 3869 1293 3921; x_wconf 92' lang='lat'><strong>6</strong></span> <span class='ocrx_word' id='word_1_549' title='bbox 1341 3869 1512 3939; x_wconf 82' lang='grc' dir='ltr'>πένης</span> <span class='ocrx_word' id='word_1_550' title='bbox 1540 3846 1722 3939; x_wconf 72' lang='grc' dir='ltr'>πάσης</span> 
     </span>
    </p>
   </div>
   <div class='ocr_carea' id='block_1_72' title="bbox 140 3955 1722 4033">
    <p class='ocr_par' dir='ltr' id='par_1_72' title="bbox 140 3955 1722 4033">
     <span class='ocr_line' id='line_1_72' title="bbox 140 3955 1722 4033; baseline 0.005 -25"><span class='ocrx_word' id='word_1_551' title='bbox 140 3955 442 4024; x_wconf 71' lang='grc' dir='ltr'>ἀπολογίας</span> <span class='ocrx_word' id='word_1_552' title='bbox 486 3957 778 4026; x_wconf 74' lang='grc' dir='ltr'>ἐπέρηται</span> <span class='ocrx_word' id='word_1_553' title='bbox 817 3958 875 4009; x_wconf 84' lang='grc' dir='ltr'><strong>έν</strong></span> <span class='ocrx_word' id='word_1_554' title='bbox 906 3957 1093 4029; x_wconf 78' lang='grc' dir='ltr'>ἡμέρᾳ</span> <span class='ocrx_word' id='word_1_555' title='bbox 1141 3960 1397 4030; x_wconf 87' lang='grc' dir='ltr'>κρίσεως,</span> <span class='ocrx_word' id='word_1_556' title='bbox 1453 3960 1527 4033; x_wconf 83' lang='grc' dir='ltr'>μὴ</span> <span class='ocrx_word' id='word_1_557' title='bbox 1555 3963 1722 4016; x_wconf 87' lang='grc' dir='ltr'>τανῦν</span> 
     </span>
    </p>
   </div>
   <div class='ocr_carea' id='block_1_73' title="bbox 138 4048 1723 4126">
    <p class='ocr_par' dir='ltr' id='par_1_73' title="bbox 138 4048 1723 4126">
     <span class='ocr_line' id='line_1_73' title="bbox 138 4048 1723 4126; baseline 0.004 -24"><span class='ocrx_word' id='word_1_558' title='bbox 138 4049 312 4102; x_wconf 83' lang='grc' dir='ltr'>λαλῶν</span> <span class='ocrx_word' id='word_1_559' title='bbox 337 4049 418 4112; x_wconf 85' lang='grc' dir='ltr'>ὠς</span> <span class='ocrx_word' id='word_1_560' title='bbox 445 4048 843 4119; x_wconf 82' lang='grc' dir='ltr'>κριθησόμενος</span> <span class='ocrx_word' id='word_1_561' title='bbox 871 4050 966 4103; x_wconf 79' lang='grc' dir='ltr'>καὶ</span> <span class='ocrx_word' id='word_1_562' title='bbox 1004 4050 1093 4104; x_wconf 78' lang='grc' dir='ltr'>διὰ</span> <span class='ocrx_word' id='word_1_563' title='bbox 1122 4051 1282 4106; x_wconf 86' lang='grc' dir='ltr'>τοῦτο</span> <span class='ocrx_word' id='word_1_564' title='bbox 1318 4055 1477 4125; x_wconf 87' lang='grc' dir='ltr'>μόνον</span> <span class='ocrx_word' id='word_1_565' title='bbox 1495 4071 1508 4084; x_wconf 84' lang='grc'><strong>·</strong></span> <span class='ocrx_word' id='word_1_566' title='bbox 1541 4056 1614 4126; x_wconf 82' lang='grc' dir='ltr'>μὴ</span> <span class='ocrx_word' id='word_1_567' title='bbox 1642 4058 1723 4109; x_wconf 83' lang='grc' dir='ltr'><strong>ὅτι</strong></span> 
     </span>
    </p>
   </div>
   <div class='ocr_carea' id='block_1_74' title="bbox 139 4140 1721 4216">
    <p class='ocr_par' dir='ltr' id='par_1_74' title="bbox 139 4140 1721 4216">
     <span class='ocr_line' id='line_1_74' title="bbox 139 4140 1721 4216; baseline 0.004 -22"><span class='ocrx_word' id='word_1_568' title='bbox 139 4141 196 4208; x_wconf 87' lang='grc' dir='ltr'><strong>γέ</strong></span> <span class='ocrx_word' id='word_1_569' title='bbox 219 4159 305 4205; x_wconf 88' lang='grc' dir='ltr'><strong>τις</strong></span> <span class='ocrx_word' id='word_1_570' title='bbox 327 4140 443 4193; x_wconf 86' lang='grc' dir='ltr'>τῶν</span> <span class='ocrx_word' id='word_1_571' title='bbox 478 4142 676 4212; x_wconf 79' lang='grc' dir='ltr'>ἐφεξῆς</span> <span class='ocrx_word' id='word_1_572' title='bbox 703 4142 824 4196; x_wconf 84' lang='grc' dir='ltr'>καθ’</span> <span class='ocrx_word' id='word_1_573' title='bbox 858 4143 1156 4214; x_wconf 74' lang='grc' dir='ltr'>ὑπεροχὴν,</span> <span class='ocrx_word' id='word_1_574' title='bbox 1193 4147 1389 4216; x_wconf 86' lang='grc' dir='ltr'>μέχρις</span> <span class='ocrx_word' id='word_1_575' title='bbox 1417 4148 1583 4200; x_wconf 77' lang='grc' dir='ltr'>αὑτοῦ</span> <span class='ocrx_word' id='word_1_576' title='bbox 1628 4149 1721 4201; x_wconf 86' lang='grc' dir='ltr'><strong>τοῦ</strong></span> 
     </span>
    </p>
   </div>
   <div class='ocr_carea' id='block_1_75' title="bbox 137 4229 1723 4309">
    <p class='ocr_par' dir='ltr' id='par_1_75' title="bbox 137 4229 1723 4309">
     <span class='ocr_line' id='line_1_75' title="bbox 137 4229 1723 4309; baseline 0.005 -25"><span class='ocrx_word' id='word_1_577' title='bbox 137 4233 191 4286; x_wconf 75' lang='grc' dir='ltr'>τὺ</span> <span class='ocrx_word' id='word_1_578' title='bbox 231 4233 479 4303; x_wconf 73' lang='grc' dir='ltr'>διάδημα</span> <span class='ocrx_word' id='word_1_579' title='bbox 526 4235 920 4306; x_wconf 82' lang='grc' dir='ltr'>περικειμένου</span> <span class='ocrx_word' id='word_1_580' title='bbox 946 4251 961 4266; x_wconf 75' lang='grc' dir='ltr'><strong><em>ο</em></strong></span> <span class='ocrx_word' id='word_1_581' title='bbox 1002 4229 1047 4303; x_wconf 81' lang='grc' dir='ltr'>ᾧ</span> <span class='ocrx_word' id='word_1_582' title='bbox 1088 4237 1183 4290; x_wconf 74' lang='grc' dir='ltr'><strong>καὶ</strong></span> <span class='ocrx_word' id='word_1_583' title='bbox 1215 4239 1627 4309; x_wconf 74' lang='grc' dir='ltr'>ἀνυπέρϐλητον</span> <span class='ocrx_word' id='word_1_584' title='bbox 1664 4241 1723 4294; x_wconf 75' lang='grc' dir='ltr'>τὸ</span> 
     </span>
    </p>
   </div>
   <div class='ocr_carea' id='block_1_76' title="bbox 140 4326 1716 4401">
    <p class='ocr_par' dir='ltr' id='par_1_76' title="bbox 140 4326 1716 4401">
     <span class='ocr_line' id='line_1_76' title="bbox 140 4326 1716 4401; baseline 0.007 -26"><span class='ocrx_word' id='word_1_585' title='bbox 140 4328 305 4394; x_wconf 81' lang='grc' dir='ltr'>κρῖμα</span> <span class='ocrx_word' id='word_1_586' title='bbox 331 4341 346 4354; x_wconf 71' lang='grc' dir='ltr'><strong>ο</strong></span> <span class='ocrx_word' id='word_1_587' title='bbox 371 4327 627 4379; x_wconf 78' lang='grc' dir='ltr'>Δυνατοὶ</span> <span class='ocrx_word' id='word_1_588' title='bbox 652 4326 760 4396; x_wconf 74' lang='grc' dir='ltr'>γὰρ</span> <span class='ocrx_word' id='word_1_589' title='bbox 777 4326 1046 4394; x_wconf 82' lang='grc' dir='ltr'>δυνατῶς</span> <span class='ocrx_word' id='word_1_590' title='bbox 1067 4328 1533 4398; x_wconf 75' lang='grc' dir='ltr'>ἐτασθήσονται,</span> <span class='ocrx_word' id='word_1_591' title='bbox 1559 4333 1716 4401; x_wconf 86' lang='grc' dir='ltr'>φησί.</span> 
     </span>
    </p>
   </div>
   <div class='ocr_carea' id='block_1_77' title="bbox 144 4416 1719 4489">
    <p class='ocr_par' dir='ltr' id='par_1_77' title="bbox 144 4416 1719 4489">
     <span class='ocr_line' id='line_1_77' title="bbox 144 4416 1719 4489; baseline 0.008 -23"><span class='ocrx_word' id='word_1_592' title='bbox 144 4416 270 4468; x_wconf 76' lang='grc' dir='ltr'>Καὶο</span> <span class='ocrx_word' id='word_1_593' title='bbox 309 4418 528 4483; x_wconf 83' lang='grc' dir='ltr'>Κρίσις</span> <span class='ocrx_word' id='word_1_594' title='bbox 552 4417 854 4486; x_wconf 74' lang='grc' dir='ltr'>ἀπότομος</span> <span class='ocrx_word' id='word_1_595' title='bbox 875 4418 945 4471; x_wconf 83' lang='grc' dir='ltr'><strong>ἐν</strong></span> <span class='ocrx_word' id='word_1_596' title='bbox 978 4418 1102 4485; x_wconf 83' lang='grc' dir='ltr'>τοῖς</span> <span class='ocrx_word' id='word_1_597' title='bbox 1124 4421 1512 4489; x_wconf 75' lang='grc' dir='ltr'>ὑπερέχουσι.</span> <span class='ocrx_word' id='word_1_598' title='bbox 1551 4426 1719 4478; x_wconf 83' lang='grc' dir='ltr'>Λάλει</span> 
     </span>
    </p>
   </div>
   <div class='ocr_carea' id='block_1_78' title="bbox 143 4504 1720 4581">
    <p class='ocr_par' dir='ltr' id='par_1_78' title="bbox 143 4504 1720 4581">
     <span class='ocr_line' id='line_1_78' title="bbox 143 4504 1720 4581; baseline 0.007 -22"><span class='ocrx_word' id='word_1_599' title='bbox 143 4504 250 4573; x_wconf 78' lang='grc' dir='ltr'>οὖν,</span> <span class='ocrx_word' id='word_1_600' title='bbox 282 4508 450 4579; x_wconf 74' lang='grc' dir='ltr'>κύριέ</span> <span class='ocrx_word' id='word_1_601' title='bbox 481 4527 584 4580; x_wconf 88' lang='grc' dir='ltr'><strong>μου</strong></span> <span class='ocrx_word' id='word_1_602' title='bbox 607 4550 621 4576; x_wconf 87' lang='grc'><strong>,</strong></span> <span class='ocrx_word' id='word_1_603' title='bbox 663 4509 835 4564; x_wconf 85' lang='grc' dir='ltr'>λάλει.</span> <span class='ocrx_word' id='word_1_604' title='bbox 870 4512 968 4564; x_wconf 81' lang='grc' dir='ltr'><strong>Διὰ</strong></span> <span class='ocrx_word' id='word_1_605' title='bbox 1011 4512 1170 4566; x_wconf 87' lang='grc' dir='ltr'>τοῦτο</span> <span class='ocrx_word' id='word_1_606' title='bbox 1203 4514 1357 4581; x_wconf 84' lang='grc' dir='ltr'><strong>κάγὼ</strong></span> <span class='ocrx_word' id='word_1_607' title='bbox 1386 4516 1413 4566; x_wconf 86' lang='lat'><strong>6</strong></span> <span class='ocrx_word' id='word_1_608' title='bbox 1438 4516 1606 4578; x_wconf 82' lang='grc' dir='ltr'>τάλας</span> <span class='ocrx_word' id='word_1_609' title='bbox 1633 4519 1720 4570; x_wconf 84' lang='grc' dir='ltr'>δε-</span> 
     </span>
    </p>
   </div>
   <div class='ocr_carea' id='block_1_79' title="bbox 138 4600 1720 4678">
    <p class='ocr_par' dir='ltr' id='par_1_79' title="bbox 138 4600 1720 4678">
     <span class='ocr_line' id='line_1_79' title="bbox 138 4600 1720 4678; baseline 0.005 -25"><span class='ocrx_word' id='word_1_610' title='bbox 138 4600 325 4665; x_wconf 81' lang='grc' dir='ltr'>δοικὼς</span> <span class='ocrx_word' id='word_1_611' title='bbox 351 4602 414 4654; x_wconf 78' lang='grc' dir='ltr'>τὸ</span> <span class='ocrx_word' id='word_1_612' title='bbox 434 4603 720 4673; x_wconf 81' lang='grc' dir='ltr'>κριτήριον</span> <span class='ocrx_word' id='word_1_613' title='bbox 748 4601 914 4656; x_wconf 82' lang='grc' dir='ltr'>λαλῶ.</span> <span class='ocrx_word' id='word_1_614' title='bbox 946 4604 1179 4670; x_wconf 77' lang='grc' dir='ltr'>ΦΘὲγξαι</span> <span class='ocrx_word' id='word_1_615' title='bbox 1203 4606 1309 4669; x_wconf 85' lang='grc' dir='ltr'>’έως</span> <span class='ocrx_word' id='word_1_616' title='bbox 1335 4607 1444 4659; x_wconf 84' lang='grc' dir='ltr'><strong>τῶν</strong></span> <span class='ocrx_word' id='word_1_617' title='bbox 1481 4609 1720 4678; x_wconf 81' lang='grc' dir='ltr'>θεοηχῶν</span> 
     </span>
    </p>
   </div>
   <div class='ocr_carea' id='block_1_80' title="bbox 142 4691 1716 4767">
    <p class='ocr_par' dir='ltr' id='par_1_80' title="bbox 142 4691 1716 4767">
     <span class='ocr_line' id='line_1_80' title="bbox 142 4691 1716 4767; baseline 0.01 -26"><span class='ocrx_word' id='word_1_618' title='bbox 142 4691 286 4746; x_wconf 76' lang='grc' dir='ltr'>ὢτων</span> <span class='ocrx_word' id='word_1_619' title='bbox 328 4692 414 4764; x_wconf 76' lang='grc' dir='ltr'><strong>[ῐ.</strong></span> <span class='ocrx_word' id='word_1_620' title='bbox 473 4691 667 4764; x_wconf 86' lang='grc' dir='ltr'><strong>ὠτῶν]</strong></span> <span class='ocrx_word' id='word_1_621' title='bbox 712 4693 808 4745; x_wconf 88' lang='grc' dir='ltr'><strong>τοῦ</strong></span> <span class='ocrx_word' id='word_1_622' title='bbox 865 4694 1125 4758; x_wconf 74' lang='grc' dir='ltr'>εὐσεϐοῦς</span> <span class='ocrx_word' id='word_1_623' title='bbox 1199 4697 1356 4766; x_wconf 80' lang='grc' dir='ltr'>ἡμῶν</span> <span class='ocrx_word' id='word_1_624' title='bbox 1414 4699 1716 4767; x_wconf 70' lang='grc' dir='ltr'>βασιλέως·</span> 
     </span>
    </p>
   </div>
   <div class='ocr_carea' id='block_1_81' title="bbox 144 4778 1018 4853">
    <p class='ocr_par' dir='ltr' id='par_1_81' title="bbox 144 4778 1018 4853">
     <span class='ocr_line' id='line_1_81' title="bbox 144 4778 1018 4853; baseline 0.006 -20"><span class='ocrx_word' id='word_1_625' title='bbox 144 4784 372 4852; x_wconf 71' lang='grc' dir='ltr'>ἐπείπερ</span> <span class='ocrx_word' id='word_1_626' title='bbox 403 4778 454 4834; x_wconf 79' lang='grc' dir='ltr'>εἷ</span> <span class='ocrx_word' id='word_1_627' title='bbox 483 4782 590 4834; x_wconf 78' lang='grc' dir='ltr'><strong>τῶν</strong></span> <span class='ocrx_word' id='word_1_628' title='bbox 621 4783 1018 4853; x_wconf 86' lang='grc' dir='ltr'>ὑπερεχόντων.</span> 
     </span>
    </p>
   </div>
   <div class='ocr_carea' id='block_1_82' title="bbox 205 4872 1725 4950">
    <p class='ocr_par' dir='ltr' id='par_1_82' title="bbox 205 4872 1725 4950">
     <span class='ocr_line' id='line_1_82' title="bbox 205 4872 1725 4950; baseline 0.005 -25"><span class='ocrx_word' id='word_1_629' title='bbox 205 4873 448 4942; x_wconf 81' lang='grc' dir='ltr'>υὺδεμῐα</span> <span class='ocrx_word' id='word_1_630' title='bbox 476 4872 686 4942; x_wconf 83' lang='grc' dir='ltr'>αἵρεσις</span> <span class='ocrx_word' id='word_1_631' title='bbox 716 4874 823 4926; x_wconf 75' lang='grc' dir='ltr'>τῶν</span> <span class='ocrx_word' id='word_1_632' title='bbox 861 4875 969 4927; x_wconf 83' lang='grc' dir='ltr'>ἀπὸ</span> <span class='ocrx_word' id='word_1_633' title='bbox 1035 4876 1132 4945; x_wconf 84' lang='grc' dir='ltr'>τῆς</span> <span class='ocrx_word' id='word_1_634' title='bbox 1207 4877 1534 4950; x_wconf 81' lang='grc' dir='ltr'>Ἐκκλησίας</span> <span class='ocrx_word' id='word_1_635' title='bbox 1595 4883 1725 4934; x_wconf 81' lang='grc' dir='ltr'>ἀνα-</span> 
     </span>
    </p>
   </div>
   <div class='ocr_carea' id='block_1_83' title="bbox 145 4958 1724 5039">
    <p class='ocr_par' dir='ltr' id='par_1_83' title="bbox 145 4958 1724 5039">
     <span class='ocr_line' id='line_1_83' title="bbox 145 4958 1724 5039; baseline 0.008 -29"><span class='ocrx_word' id='word_1_636' title='bbox 145 4958 469 5032; x_wconf 73' lang='grc' dir='ltr'>ϐρασάντων</span> <span class='ocrx_word' id='word_1_637' title='bbox 499 5004 513 5025; x_wconf 90' lang='grc'><strong>,</strong></span> <span class='ocrx_word' id='word_1_638' title='bbox 556 4963 657 5032; x_wconf 80' lang='grc' dir='ltr'><strong>τῆς</strong></span> <span class='ocrx_word' id='word_1_639' title='bbox 693 4966 1120 5036; x_wconf 77' lang='grc' dir='ltr'>είκονομαχικῆς</span> <span class='ocrx_word' id='word_1_640' title='bbox 1179 4968 1384 5039; x_wconf 86' lang='grc' dir='ltr'>ταύτης</span> <span class='ocrx_word' id='word_1_641' title='bbox 1460 4971 1724 5039; x_wconf 79' lang='grc' dir='ltr'>αἱρέσεως</span> 
     </span>
    </p>
   </div>
   <div class='ocr_carea' id='block_1_84' title="bbox 145 5052 1721 5127">
    <p class='ocr_par' dir='ltr' id='par_1_84' title="bbox 145 5052 1721 5127">
     <span class='ocr_line' id='line_1_84' title="bbox 145 5052 1721 5127; baseline 0.012 -29"><span class='ocrx_word' id='word_1_642' title='bbox 145 5052 433 5125; x_wconf 72' lang='grc' dir='ltr'>δεινοτέρα,</span> <span class='ocrx_word' id='word_1_643' title='bbox 495 5055 730 5124; x_wconf 76' lang='grc' dir='ltr'>Χριστὸν</span> <span class='ocrx_word' id='word_1_644' title='bbox 791 5057 1073 5126; x_wconf 72' lang='grc' dir='ltr'>ἡρνηται,</span> <span class='ocrx_word' id='word_1_645' title='bbox 1148 5059 1229 5121; x_wconf 83' lang='grc' dir='ltr'><strong>εἰς</strong></span> <span class='ocrx_word' id='word_1_646' title='bbox 1318 5060 1721 5127; x_wconf 84' lang='grc' dir='ltr'>πρόσωπονδέ-</span> 
     </span>
    </p>
   </div>
   <div class='ocr_carea' id='block_1_85' title="bbox 148 5143 1723 5222">
    <p class='ocr_par' dir='ltr' id='par_1_85' title="bbox 148 5143 1723 5222">
     <span class='ocr_line' id='line_1_85' title="bbox 148 5143 1723 5222; baseline 0.006 -26"><span class='ocrx_word' id='word_1_647' title='bbox 148 5160 241 5212; x_wconf 70' lang='lat' dir='ltr'><strong>pet,</strong></span> <span class='ocrx_word' id='word_1_648' title='bbox 308 5143 720 5213; x_wconf 82' lang='grc' dir='ltr'>πραγματικῶς</span> <span class='ocrx_word' id='word_1_649' title='bbox 775 5146 870 5198; x_wconf 58' lang='grc' dir='ltr'><strong>καλ⁵</strong></span> <span class='ocrx_word' id='word_1_650' title='bbox 901 5145 1136 5214; x_wconf 83' lang='grc' dir='ltr'>λογικῶς</span> <span class='ocrx_word' id='word_1_651' title='bbox 1195 5149 1464 5204; x_wconf 83' lang='grc' dir='ltr'>λυττῶσα.</span> <span class='ocrx_word' id='word_1_652' title='bbox 1521 5154 1593 5205; x_wconf 80' lang='grc' dir='ltr'>Τὸ</span> <span class='ocrx_word' id='word_1_653' title='bbox 1626 5155 1723 5222; x_wconf 80' lang='grc' dir='ltr'><strong>μὲν</strong></span> 
     </span>
    </p>
   </div>
   <div class='ocr_carea' id='block_1_86' title="bbox 146 5237 1718 5309">
    <p class='ocr_par' dir='ltr' id='par_1_86' title="bbox 146 5237 1718 5309">
     <span class='ocr_line' id='line_1_86' title="bbox 146 5237 1718 5309; baseline 0.008 -25"><span class='ocrx_word' id='word_1_654' title='bbox 146 5237 430 5304; x_wconf 42' lang='lat' dir='ltr'><strong>eleuant,</strong></span> <span class='ocrx_word' id='word_1_655' title='bbox 463 5237 702 5306; x_wconf 75' lang='grc' dir='ltr'>Χριστὸν</span> <span class='ocrx_word' id='word_1_656' title='bbox 736 5237 809 5304; x_wconf 76' lang='grc' dir='ltr'>μὴ</span> <span class='ocrx_word' id='word_1_657' title='bbox 844 5240 1285 5309; x_wconf 74' lang='grc' dir='ltr'>περιγράφεσθαι</span> <span class='ocrx_word' id='word_1_658' title='bbox 1319 5244 1463 5296; x_wconf 80' lang='grc' dir='ltr'>κατὰ</span> <span class='ocrx_word' id='word_1_659' title='bbox 1512 5245 1603 5295; x_wconf 58' lang='grc' dir='ltr'><strong>τὴν</strong></span> <span class='ocrx_word' id='word_1_660' title='bbox 1625 5245 1718 5296; x_wconf 84' lang='grc' dir='ltr'><strong>τοῦ</strong></span> 
     </span>
    </p>
   </div>
   <div class='ocr_carea' id='block_1_87' title="bbox 148 5327 1720 5402">
    <p class='ocr_par' dir='ltr' id='par_1_87' title="bbox 148 5327 1720 5402">
     <span class='ocr_line' id='line_1_87' title="bbox 148 5327 1720 5402; baseline 0.008 -25"><span class='ocrx_word' id='word_1_661' title='bbox 148 5327 397 5397; x_wconf 78' lang='grc' dir='ltr'>σώματος</span> <span class='ocrx_word' id='word_1_662' title='bbox 427 5329 792 5398; x_wconf 75' lang='grc' dir='ltr'>χαρακτῆραο</span> <span class='ocrx_word' id='word_1_663' title='bbox 841 5329 979 5400; x_wconf 82' lang='grc' dir='ltr'>ὅπερ</span> <span class='ocrx_word' id='word_1_664' title='bbox 1035 5332 1185 5384; x_wconf 74' lang='grc' dir='ltr'>ἐστὶν</span> <span class='ocrx_word' id='word_1_665' title='bbox 1238 5334 1585 5402; x_wconf 82' lang='grc' dir='ltr'>ἀναιρετικὸν</span> <span class='ocrx_word' id='word_1_666' title='bbox 1628 5337 1720 5389; x_wconf 83' lang='grc' dir='ltr'><strong>τοῦ</strong></span> 
     </span>
    </p>
   </div>
   <div class='ocr_carea' id='block_1_88' title="bbox 150 5418 1724 5494">
    <p class='ocr_par' dir='ltr' id='par_1_88' title="bbox 150 5418 1724 5494">
     <span class='ocr_line' id='line_1_88' title="bbox 150 5418 1724 5494; baseline 0.006 -26"><span class='ocrx_word' id='word_1_667' title='bbox 150 5420 314 5487; x_wconf 70' lang='grc' dir='ltr'>σάρκα</span> <span class='ocrx_word' id='word_1_668' title='bbox 342 5418 604 5487; x_wconf 78' lang='grc' dir='ltr'>γενέσθαι</span> <span class='ocrx_word' id='word_1_669' title='bbox 629 5418 720 5473; x_wconf 81' lang='grc' dir='ltr'><strong>τὸν</strong></span> <span class='ocrx_word' id='word_1_670' title='bbox 758 5421 946 5487; x_wconf 87' lang='grc' dir='ltr'>Λόγον.</span> <span class='ocrx_word' id='word_1_671' title='bbox 1013 5424 1074 5475; x_wconf 80' lang='grc' dir='ltr'><strong>ΕΞ</strong></span> <span class='ocrx_word' id='word_1_672' title='bbox 1128 5423 1237 5490; x_wconf 78' lang='grc' dir='ltr'><strong>γὰρ</strong></span> <span class='ocrx_word' id='word_1_673' title='bbox 1291 5424 1448 5494; x_wconf 74' lang='grc' dir='ltr'>σὰρξ.</span> <span class='ocrx_word' id='word_1_674' title='bbox 1505 5428 1724 5490; x_wconf 82' lang='grc' dir='ltr'>πάντως</span> 
     </span>
    </p>
   </div>
   <div class='ocr_carea' id='block_1_89' title="bbox 147 5511 1724 5588">
    <p class='ocr_par' dir='ltr' id='par_1_89' title="bbox 147 5511 1724 5588">
     <span class='ocr_line' id='line_1_89' title="bbox 147 5511 1724 5588; baseline 0.006 -27"><span class='ocrx_word' id='word_1_675' title='bbox 147 5513 229 5562; x_wconf 80' lang='grc' dir='ltr'><strong>καὶ</strong></span> <span class='ocrx_word' id='word_1_676' title='bbox 253 5511 660 5581; x_wconf 65' lang='grc' dir='ltr'>περιγράφωτο</span> <span class='ocrx_word' id='word_1_677' title='bbox 689 5529 702 5542; x_wconf 80' lang='grc'><strong><em>⁸</em></strong></span> <span class='ocrx_word' id='word_1_678' title='bbox 745 5515 868 5566; x_wconf 78' lang='grc' dir='ltr'>ἐπεὶ</span> <span class='ocrx_word' id='word_1_679' title='bbox 904 5517 1195 5583; x_wconf 76' lang='grc' dir='ltr'>φάντασμα</span> <span class='ocrx_word' id='word_1_680' title='bbox 1216 5518 1272 5568; x_wconf 81' lang='grc' dir='ltr'>τὸ</span> <span class='ocrx_word' id='word_1_681' title='bbox 1302 5518 1724 5588; x_wconf 76' lang='grc' dir='ltr'>εὐαγγελιζόμε-</span> 
     </span>
    </p>
   </div>
   <div class='ocr_carea' id='block_1_90' title="bbox 148 5603 1722 5680">
    <p class='ocr_par' dir='ltr' id='par_1_90' title="bbox 148 5603 1722 5680">
     <span class='ocr_line' id='line_1_90' title="bbox 148 5603 1722 5680; baseline 0.02 -28"><span class='ocrx_word' id='word_1_682' title='bbox 148 5618 225 5653; x_wconf 67' lang='lat' dir='ltr'><strong>Vw</strong></span> <span class='ocrx_word' id='word_1_683' title='bbox 255 5603 590 5673; x_wconf 78' lang='grc' dir='ltr'>Μανιχαῖκῷ</span> <span class='ocrx_word' id='word_1_684' title='bbox 627 5605 960 5674; x_wconf 71' lang='grc' dir='ltr'>φρονήματι.</span> <span class='ocrx_word' id='word_1_685' title='bbox 994 5607 1066 5659; x_wconf 80' lang='grc' dir='ltr'><strong>Τὸ</strong></span> <span class='ocrx_word' id='word_1_686' title='bbox 1109 5607 1165 5659; x_wconf 68' lang='grc' dir='ltr'><strong>δὲ</strong></span> <span class='ocrx_word' id='word_1_687' title='bbox 1195 5609 1275 5660; x_wconf 73' lang='grc' dir='ltr'><strong>δτι</strong></span> <span class='ocrx_word' id='word_1_688' title='bbox 1304 5608 1430 5673; x_wconf 70' lang='grc' dir='ltr'><strong>ξέει)</strong></span> <span class='ocrx_word' id='word_1_689' title='bbox 1463 5610 1584 5680; x_wconf 69' lang='grc' dir='ltr'><strong>κλᾷο</strong></span> <span class='ocrx_word' id='word_1_690' title='bbox 1623 5629 1722 5664; x_wconf 74' lang='grc' dir='ltr'><strong>κ²⁶</strong></span> 
     </span>
    </p>
   </div>
   <div class='ocr_carea' id='block_1_91' title="bbox 147 5699 1724 5768">
    <p class='ocr_par' dir='ltr' id='par_1_91' title="bbox 147 5699 1724 5768">
     <span class='ocr_line' id='line_1_91' title="bbox 147 5699 1724 5768; baseline 0.006 -22"><span class='ocrx_word' id='word_1_691' title='bbox 147 5699 463 5761; x_wconf 65' lang='lat' dir='ltr'><strong>maxim-ai,</strong></span> <span class='ocrx_word' id='word_1_692' title='bbox 500 5702 862 5768; x_wconf 79' lang='grc' dir='ltr'>πυρικαυστεί</span> <span class='ocrx_word' id='word_1_693' title='bbox 908 5701 1083 5754; x_wconf 72' lang='grc' dir='ltr'>πάντα</span> <span class='ocrx_word' id='word_1_694' title='bbox 1120 5701 1259 5755; x_wconf 82' lang='grc' dir='ltr'>Θείον</span> <span class='ocrx_word' id='word_1_695' title='bbox 1286 5703 1433 5766; x_wconf 65' lang='grc' dir='ltr'>ναὸν,</span> <span class='ocrx_word' id='word_1_696' title='bbox 1492 5705 1600 5756; x_wconf 70' lang='grc' dir='ltr'>πᾶν</span> <span class='ocrx_word' id='word_1_697' title='bbox 1651 5707 1724 5756; x_wconf 83' lang='grc' dir='ltr'>ίε-</span> 
     </span>
    </p>
   </div>
   <div class='ocr_carea' id='block_1_92' title="bbox 214 5859 1811 5934">
    <p class='ocr_par' dir='ltr' id='par_1_92' title="bbox 214 5859 1811 5934">
     <span class='ocr_line' id='line_1_92' title="bbox 214 5859 1811 5934; baseline 0.005 -20"><span class='ocrx_word' id='word_1_698' title='bbox 214 5861 254 5888; x_wconf 81' lang='lat'><strong>&quot;‘</strong></span> <span class='ocrx_word' id='word_1_699' title='bbox 283 5859 424 5916; x_wconf 81' lang='lat' dir='ltr'><strong>Psal.</strong></span> <span class='ocrx_word' id='word_1_700' title='bbox 465 5876 626 5922; x_wconf 67' lang='lat' dir='ltr'><strong>LXXX.</strong></span> <span class='ocrx_word' id='word_1_701' title='bbox 665 5862 748 5914; x_wconf 88' lang='lat' dir='ltr'><strong>ll.</strong></span> <span class='ocrx_word' id='word_1_702' title='bbox 828 5864 869 5892; x_wconf 84' lang='grc'><strong>²⁷</strong></span> <span class='ocrx_word' id='word_1_703' title='bbox 900 5861 1062 5918; x_wconf 86' lang='lat' dir='ltr'><strong>Hebr.</strong></span> <span class='ocrx_word' id='word_1_704' title='bbox 1102 5881 1151 5924; x_wconf 69' lang='grc' dir='ltr'><strong>κ,</strong></span> <span class='ocrx_word' id='word_1_705' title='bbox 1187 5866 1272 5920; x_wconf 77' lang='lat'><strong>58.</strong></span> <span class='ocrx_word' id='word_1_706' title='bbox 1353 5869 1393 5898; x_wconf 78' lang='lat'>&quot;</span> <span class='ocrx_word' id='word_1_707' title='bbox 1423 5867 1551 5924; x_wconf 81' lang='lat' dir='ltr'><strong>Luc.</strong></span> <span class='ocrx_word' id='word_1_708' title='bbox 1586 5885 1693 5934; x_wconf 72' lang='lat' dir='ltr'><strong>xix,</strong></span> <span class='ocrx_word' id='word_1_709' title='bbox 1725 5869 1811 5924; x_wconf 75' lang='grc'><strong>40.</strong></span> 
     </span>
    </p>
   </div>
   <div class='ocr_carea' id='block_1_93' title="bbox 475 5959 1133 6017">
    <p class='ocr_par' dir='ltr' id='par_1_93' title="bbox 475 5959 1133 6017">
     <span class='ocr_line' id='line_1_93' title="bbox 475 5959 1133 6017; baseline 0.003 -2"><span class='ocrx_word' id='word_1_710' title='bbox 475 5960 745 6015; x_wconf 55' lang='lat' dir='ltr'><strong>Parnm“</strong></span> <span class='ocrx_word' id='word_1_711' title='bbox 782 5959 896 6016; x_wconf 78' lang='lat' dir='ltr'><strong>Gn.</strong></span> <span class='ocrx_word' id='word_1_712' title='bbox 936 5961 1133 6017; x_wconf 76' lang='lat' dir='ltr'><strong>XCIX.</strong></span> 
     </span>
    </p>
   </div>
   <div class='ocr_carea' id='block_1_94' title="bbox 1828 3491 3405 3560">
    <p class='ocr_par' dir='ltr' id='par_1_94' title="bbox 1828 3491 3405 3560">
     <span class='ocr_line' id='line_1_94' title="bbox 1828 3491 3405 3560; baseline 0.001 -14"><span class='ocrx_word' id='word_1_713' title='bbox 1828 3501 2005 3559; x_wconf 87' lang='lat' dir='ltr'><strong>turus,</strong></span> <span class='ocrx_word' id='word_1_714' title='bbox 2057 3492 2138 3546; x_wconf 88' lang='lat' dir='ltr'><strong>vel</strong></span> <span class='ocrx_word' id='word_1_715' title='bbox 2179 3493 2224 3546; x_wconf 89' lang='lat' dir='ltr'><strong>si</strong></span> <span class='ocrx_word' id='word_1_716' title='bbox 2280 3491 2563 3545; x_wconf 85' lang='lat' dir='ltr'><strong>mendicus</strong></span> <span class='ocrx_word' id='word_1_717' title='bbox 2608 3491 2802 3556; x_wconf 79' lang='lat' dir='ltr'><strong>fueris,</strong></span> <span class='ocrx_word' id='word_1_718' title='bbox 2849 3492 3013 3547; x_wconf 86' lang='lat' dir='ltr'><strong>stulte</strong></span> <span class='ocrx_word' id='word_1_719' title='bbox 3045 3493 3185 3548; x_wconf 91' lang='lat' dir='ltr'><strong>dicis</strong></span> <span class='ocrx_word' id='word_1_720' title='bbox 3222 3510 3236 3546; x_wconf 91' lang='lat'><strong>:</strong></span> <span class='ocrx_word' id='word_1_721' title='bbox 3268 3493 3405 3560; x_wconf 84' lang='lat' dir='ltr'><strong>Quid</strong></span> 
     </span>
    </p>
   </div>
   <div class='ocr_carea' id='block_1_95' title="bbox 1826 3583 3406 3653">
    <p class='ocr_par' dir='ltr' id='par_1_95' title="bbox 1826 3583 3406 3653">
     <span class='ocr_line' id='line_1_95' title="bbox 1826 3583 3406 3653; baseline 0.003 -15"><span class='ocrx_word' id='word_1_722' title='bbox 1826 3585 1956 3639; x_wconf 88' lang='lat' dir='ltr'><strong>mihi</strong></span> <span class='ocrx_word' id='word_1_723' title='bbox 2017 3585 2157 3638; x_wconf 87' lang='lat' dir='ltr'><strong>istud</strong></span> <span class='ocrx_word' id='word_1_724' title='bbox 2191 3600 2336 3638; x_wconf 70' lang='lat' dir='ltr'><strong>cura:</strong></span> <span class='ocrx_word' id='word_1_725' title='bbox 2385 3584 2511 3638; x_wconf 80' lang='lat' dir='ltr'><strong>est?</strong></span> <span class='ocrx_word' id='word_1_726' title='bbox 2571 3583 2720 3645; x_wconf 71' lang='grc' dir='ltr'>ιιωσ,</span> <span class='ocrx_word' id='word_1_727' title='bbox 2765 3585 2994 3640; x_wconf 91' lang='lat' dir='ltr'><strong>Domine</strong></span> <span class='ocrx_word' id='word_1_728' title='bbox 3022 3627 3037 3653; x_wconf 95' lang='lat'><strong>,</strong></span> <span class='ocrx_word' id='word_1_729' title='bbox 3078 3587 3153 3641; x_wconf 89' lang='lat' dir='ltr'><strong>ait</strong></span> <span class='ocrx_word' id='word_1_730' title='bbox 3185 3587 3406 3653; x_wconf 82' lang='lat' dir='ltr'><strong>Paulus,</strong></span> 
     </span>
    </p>
   </div>
   <div class='ocr_carea' id='block_1_96' title="bbox 1827 3677 3406 3746">
    <p class='ocr_par' dir='ltr' id='par_1_96' title="bbox 1827 3677 3406 3746">
     <span class='ocr_line' id='line_1_96' title="bbox 1827 3677 3406 3746; baseline 0.002 -16"><span class='ocrx_word' id='word_1_731' title='bbox 1827 3679 2201 3746; x_wconf 78' lang='lat' dir='ltr'><strong>transﬁguravi</strong></span> <span class='ocrx_word' id='word_1_732' title='bbox 2266 3679 2320 3730; x_wconf 84' lang='lat' dir='ltr'><strong>in</strong></span> <span class='ocrx_word' id='word_1_733' title='bbox 2366 3694 2444 3730; x_wconf 81' lang='lat' dir='ltr'><strong>me</strong></span> <span class='ocrx_word' id='word_1_734' title='bbox 2480 3687 2525 3730; x_wconf 84' lang='lat' dir='ltr'><strong>ct</strong></span> <span class='ocrx_word' id='word_1_735' title='bbox 2561 3677 2746 3744; x_wconf 79' lang='lat' dir='ltr'><strong>Apollo</strong></span> <span class='ocrx_word' id='word_1_736' title='bbox 2801 3690 3012 3746; x_wconf 86' lang='lat' dir='ltr'><strong>prapter</strong></span> <span class='ocrx_word' id='word_1_737' title='bbox 3043 3696 3182 3734; x_wconf 78' lang='lat' dir='ltr'><strong>vos:</strong></span> <span class='ocrx_word' id='word_1_738' title='bbox 3239 3689 3298 3733; x_wconf 83' lang='lat' dir='ltr'><strong>ut</strong></span> <span class='ocrx_word' id='word_1_739' title='bbox 3351 3682 3406 3733; x_wconf 86' lang='lat' dir='ltr'><strong>in</strong></span> 
     </span>
    </p>
   </div>
   <div class='ocr_carea' id='block_1_97' title="bbox 1825 3768 3400 3839">
    <p class='ocr_par' dir='ltr' id='par_1_97' title="bbox 1825 3768 3400 3839">
     <span class='ocr_line' id='line_1_97' title="bbox 1825 3768 3400 3839; baseline 0.004 -17"><span class='ocrx_word' id='word_1_740' title='bbox 1825 3768 1970 3822; x_wconf 76' lang='lat' dir='ltr'><strong>nobis</strong></span> <span class='ocrx_word' id='word_1_741' title='bbox 2002 3769 2218 3821; x_wconf 75' lang='lat' dir='ltr'><strong>discatis</strong></span> <span class='ocrx_word' id='word_1_742' title='bbox 2242 3785 2305 3822; x_wconf 86' lang='lat' dir='ltr'><strong>ne</strong></span> <span class='ocrx_word' id='word_1_743' title='bbox 2324 3785 2484 3835; x_wconf 76' lang='lat' dir='ltr'><strong>supra</strong></span> <span class='ocrx_word' id='word_1_744' title='bbox 2507 3786 2662 3838; x_wconf 81' lang='lat' dir='ltr'><strong>quant</strong></span> <span class='ocrx_word' id='word_1_745' title='bbox 2689 3771 2945 3839; x_wconf 79' lang='lat' dir='ltr'><strong>scriptum</strong></span> <span class='ocrx_word' id='word_1_746' title='bbox 2975 3782 3051 3824; x_wconf 80' lang='lat' dir='ltr'><strong>est</strong></span> <span class='ocrx_word' id='word_1_747' title='bbox 3082 3773 3306 3837; x_wconf 77' lang='lat' dir='ltr'><strong>sapiatis</strong></span> <span class='ocrx_word' id='word_1_748' title='bbox 3335 3775 3400 3829; x_wconf 81' lang='lat'><strong>”.</strong></span> 
     </span>
    </p>
   </div>
   <div class='ocr_carea' id='block_1_98' title="bbox 1825 3857 3409 3929">
    <p class='ocr_par' dir='ltr' id='par_1_98' title="bbox 1825 3857 3409 3929">
     <span class='ocr_line' id='line_1_98' title="bbox 1825 3857 3409 3929; baseline 0.005 -18"><span class='ocrx_word' id='word_1_749' title='bbox 1825 3857 2189 3925; x_wconf 82' lang='lat' dir='ltr'><strong>Quamobrem</strong></span> <span class='ocrx_word' id='word_1_750' title='bbox 2245 3868 2299 3912; x_wconf 85' lang='lat' dir='ltr'><strong>et</strong></span> <span class='ocrx_word' id='word_1_751' title='bbox 2342 3859 2628 3912; x_wconf 80' lang='lat' dir='ltr'><strong>mendicus</strong></span> <span class='ocrx_word' id='word_1_752' title='bbox 2691 3860 2806 3929; x_wconf 89' lang='lat' dir='ltr'><strong>ipse</strong></span> <span class='ocrx_word' id='word_1_753' title='bbox 2857 3863 3006 3914; x_wconf 89' lang='lat' dir='ltr'><strong>omni</strong></span> <span class='ocrx_word' id='word_1_754' title='bbox 3050 3866 3409 3920; x_wconf 77' lang='lat' dir='ltr'><strong>excusatione</strong></span> 
     </span>
    </p>
   </div>
   <div class='ocr_carea' id='block_1_99' title="bbox 1825 3950 3404 4025">
    <p class='ocr_par' dir='ltr' id='par_1_99' title="bbox 1825 3950 3404 4025">
     <span class='ocr_line' id='line_1_99' title="bbox 1825 3950 3404 4025; baseline 0.004 -20"><span class='ocrx_word' id='word_1_755' title='bbox 1825 3961 1974 4006; x_wconf 87' lang='lat' dir='ltr'><strong>caret</strong></span> <span class='ocrx_word' id='word_1_756' title='bbox 2008 3951 2060 4004; x_wconf 89' lang='lat' dir='ltr'><strong>in</strong></span> <span class='ocrx_word' id='word_1_757' title='bbox 2091 3950 2411 4020; x_wconf 90' lang='lat' dir='ltr'><strong>diejudicii,</strong></span> <span class='ocrx_word' id='word_1_758' title='bbox 2443 3951 2551 4006; x_wconf 90' lang='lat' dir='ltr'><strong>nisi</strong></span> <span class='ocrx_word' id='word_1_759' title='bbox 2579 3952 2631 4004; x_wconf 88' lang='lat' dir='ltr'><strong>Ill</strong></span> <span class='ocrx_word' id='word_1_760' title='bbox 2655 3953 2908 4021; x_wconf 71' lang='lat' dir='ltr'><strong>praesenti</strong></span> <span class='ocrx_word' id='word_1_761' title='bbox 2940 3956 3102 4009; x_wconf 86' lang='lat' dir='ltr'><strong>veluti</strong></span> <span class='ocrx_word' id='word_1_762' title='bbox 3137 3956 3404 4025; x_wconf 85' lang='lat' dir='ltr'><strong>judicium</strong></span> 
     </span>
    </p>
   </div>
   <div class='ocr_carea' id='block_1_100' title="bbox 1825 4043 3408 4121">
    <p class='ocr_par' dir='ltr' id='par_1_100' title="bbox 1825 4043 3408 4121">
     <span class='ocr_line' id='line_1_100' title="bbox 1825 4043 3408 4121; baseline 0.006 -25"><span class='ocrx_word' id='word_1_763' title='bbox 1825 4043 2111 4097; x_wconf 83' lang='lat' dir='ltr'><strong>subiturus</strong></span> <span class='ocrx_word' id='word_1_764' title='bbox 2143 4043 2416 4111; x_wconf 83' lang='lat' dir='ltr'><strong>IOquatur,</strong></span> <span class='ocrx_word' id='word_1_765' title='bbox 2449 4043 2532 4097; x_wconf 87' lang='lat' dir='ltr'><strong>vel</strong></span> <span class='ocrx_word' id='word_1_766' title='bbox 2583 4045 2655 4098; x_wconf 94' lang='lat' dir='ltr'><strong>ob</strong></span> <span class='ocrx_word' id='word_1_767' title='bbox 2692 4045 2742 4099; x_wconf 90' lang='lat' dir='ltr'><strong>id</strong></span> <span class='ocrx_word' id='word_1_768' title='bbox 2786 4062 2954 4100; x_wconf 90' lang='lat' dir='ltr'><strong>unum</strong></span> <span class='ocrx_word' id='word_1_769' title='bbox 2982 4065 2994 4101; x_wconf 93' lang='lat'>:</span> <span class='ocrx_word' id='word_1_770' title='bbox 3033 4049 3201 4102; x_wconf 88' lang='lat' dir='ltr'><strong>multo</strong></span> <span class='ocrx_word' id='word_1_771' title='bbox 3233 4051 3408 4121; x_wconf 85' lang='lat' dir='ltr'><strong>magis</strong></span> 
     </span>
    </p>
   </div>
   <div class='ocr_carea' id='block_1_101' title="bbox 1824 4134 3404 4210">
    <p class='ocr_par' dir='ltr' id='par_1_101' title="bbox 1824 4134 3404 4210">
     <span class='ocr_line' id='line_1_101' title="bbox 1824 4134 3404 4210; baseline 0.005 -24"><span class='ocrx_word' id='word_1_772' title='bbox 1824 4134 2095 4203; x_wconf 81' lang='lat' dir='ltr'><strong>quispiam</strong></span> <span class='ocrx_word' id='word_1_773' title='bbox 2152 4149 2341 4189; x_wconf 89' lang='lat' dir='ltr'><strong>eorum</strong></span> <span class='ocrx_word' id='word_1_774' title='bbox 2388 4135 2483 4203; x_wconf 90' lang='lat' dir='ltr'><strong>qui</strong></span> <span class='ocrx_word' id='word_1_775' title='bbox 2544 4135 2807 4205; x_wconf 82' lang='lat' dir='ltr'><strong>dignitate</strong></span> <span class='ocrx_word' id='word_1_776' title='bbox 2871 4139 3098 4208; x_wconf 82' lang='lat' dir='ltr'><strong>pollent,</strong></span> <span class='ocrx_word' id='word_1_777' title='bbox 3137 4155 3308 4210; x_wconf 92' lang='lat' dir='ltr'><strong>usque</strong></span> <span class='ocrx_word' id='word_1_778' title='bbox 3338 4146 3404 4195; x_wconf 82' lang='lat' dir='ltr'><strong>ad</strong></span> 
     </span>
    </p>
   </div>
   <div class='ocr_carea' id='block_1_102' title="bbox 1823 4226 3405 4296">
    <p class='ocr_par' dir='ltr' id='par_1_102' title="bbox 1823 4226 3405 4296">
     <span class='ocr_line' id='line_1_102' title="bbox 1823 4226 3405 4296; baseline 0.005 -16"><span class='ocrx_word' id='word_1_779' title='bbox 1823 4240 1947 4280; x_wconf 91' lang='lat' dir='ltr'><strong>eum</strong></span> <span class='ocrx_word' id='word_1_780' title='bbox 1975 4227 2067 4294; x_wconf 90' lang='lat' dir='ltr'><strong>qui</strong></span> <span class='ocrx_word' id='word_1_781' title='bbox 2091 4226 2385 4296; x_wconf 85' lang='lat' dir='ltr'><strong>insignitus</strong></span> <span class='ocrx_word' id='word_1_782' title='bbox 2412 4228 2719 4283; x_wconf 82' lang='lat' dir='ltr'><strong>diademate</strong></span> <span class='ocrx_word' id='word_1_783' title='bbox 2756 4243 2856 4293; x_wconf 87' lang='lat' dir='ltr'><strong>est,</strong></span> <span class='ocrx_word' id='word_1_784' title='bbox 2887 4232 2977 4284; x_wconf 93' lang='lat' dir='ltr'><strong>cui</strong></span> <span class='ocrx_word' id='word_1_785' title='bbox 3005 4232 3405 4288; x_wconf 90' lang='lat' dir='ltr'><strong>intolerandum</strong></span> 
     </span>
    </p>
   </div>
   <div class='ocr_carea' id='block_1_103' title="bbox 1819 4318 3406 4394">
    <p class='ocr_par' dir='ltr' id='par_1_103' title="bbox 1819 4318 3406 4394">
     <span class='ocr_line' id='line_1_103' title="bbox 1819 4318 3406 4394; baseline 0.006 -23"><span class='ocrx_word' id='word_1_786' title='bbox 1819 4318 2080 4388; x_wconf 85' lang='lat' dir='ltr'><strong>judicium</strong></span> <span class='ocrx_word' id='word_1_787' title='bbox 2118 4320 2237 4373; x_wconf 84' lang='lat' dir='ltr'><strong>erit.</strong></span> <span class='ocrx_word' id='word_1_788' title='bbox 2290 4319 2536 4374; x_wconf 72' lang='lat' dir='ltr'><strong>Potentes</strong></span> <span class='ocrx_word' id='word_1_789' title='bbox 2571 4323 2730 4387; x_wconf 85' lang='lat' dir='ltr'><strong>enim,</strong></span> <span class='ocrx_word' id='word_1_790' title='bbox 2777 4323 2976 4392; x_wconf 89' lang='lat' dir='ltr'><strong>inquit,</strong></span> <span class='ocrx_word' id='word_1_791' title='bbox 3028 4335 3264 4394; x_wconf 82' lang='lat' dir='ltr'><strong>potenter</strong></span> <span class='ocrx_word' id='word_1_792' title='bbox 3293 4336 3406 4380; x_wconf 90' lang='lat' dir='ltr'><strong>tor-</strong></span> 
     </span>
    </p>
   </div>
   <div class='ocr_carea' id='block_1_104' title="bbox 1824 4413 3404 4480">
    <p class='ocr_par' dir='ltr' id='par_1_104' title="bbox 1824 4413 3404 4480">
     <span class='ocr_line' id='line_1_104' title="bbox 1824 4413 3404 4480; baseline 0.005 -16"><span class='ocrx_word' id='word_1_793' title='bbox 1824 4421 1999 4466; x_wconf 85' lang='lat' dir='ltr'><strong>menta</strong></span> <span class='ocrx_word' id='word_1_794' title='bbox 2049 4413 2320 4480; x_wconf 83' lang='lat' dir='ltr'><strong>patientur</strong></span> <span class='ocrx_word' id='word_1_795' title='bbox 2342 4414 2407 4467; x_wconf 86' lang='grc'><strong>³⁰.</strong></span> <span class='ocrx_word' id='word_1_796' title='bbox 2466 4413 2549 4479; x_wconf 86' lang='grc' dir='ltr'>Ει,</span> <span class='ocrx_word' id='word_1_797' title='bbox 2591 4413 2863 4468; x_wconf 74' lang='lat' dir='ltr'><strong>Iudicium</strong></span> <span class='ocrx_word' id='word_1_798' title='bbox 2920 4416 3273 4472; x_wconf 76' lang='lat' dir='ltr'><strong>durissimum</strong></span> <span class='ocrx_word' id='word_1_799' title='bbox 3324 4422 3404 4472; x_wconf 80' lang='lat' dir='ltr'><strong>his</strong></span> 
     </span>
    </p>
   </div>
   <div class='ocr_carea' id='block_1_105' title="bbox 1821 4505 3402 4580">
    <p class='ocr_par' dir='ltr' id='par_1_105' title="bbox 1821 4505 3402 4580">
     <span class='ocr_line' id='line_1_105' title="bbox 1821 4505 3402 4580; baseline 0.006 -22"><span class='ocrx_word' id='word_1_800' title='bbox 1821 4507 1911 4575; x_wconf 85' lang='lat' dir='ltr'><strong>qui</strong></span> <span class='ocrx_word' id='word_1_801' title='bbox 1942 4517 2174 4575; x_wconf 76' lang='lat' dir='ltr'><strong>prwsunt</strong></span> <span class='ocrx_word' id='word_1_802' title='bbox 2205 4506 2270 4560; x_wconf 82' lang='grc'>³¹.</span> <span class='ocrx_word' id='word_1_803' title='bbox 2297 4505 2544 4576; x_wconf 85' lang='lat' dir='ltr'><strong>Loquere</strong></span> <span class='ocrx_word' id='word_1_804' title='bbox 2573 4509 2758 4577; x_wconf 81' lang='lat' dir='ltr'><strong>igitur,</strong></span> <span class='ocrx_word' id='word_1_805' title='bbox 2787 4508 3018 4565; x_wconf 91' lang='lat' dir='ltr'><strong>Domine</strong></span> <span class='ocrx_word' id='word_1_806' title='bbox 3045 4512 3140 4577; x_wconf 91' lang='lat' dir='ltr'><strong>mi,</strong></span> <span class='ocrx_word' id='word_1_807' title='bbox 3161 4512 3402 4580; x_wconf 85' lang='lat' dir='ltr'><strong>loquere.</strong></span> 
     </span>
    </p>
   </div>
   <div class='ocr_carea' id='block_1_106' title="bbox 1824 4598 3404 4676">
    <p class='ocr_par' dir='ltr' id='par_1_106' title="bbox 1824 4598 3404 4676">
     <span class='ocr_line' id='line_1_106' title="bbox 1824 4598 3404 4676; baseline 0.006 -25"><span class='ocrx_word' id='word_1_808' title='bbox 1824 4599 2028 4653; x_wconf 85' lang='lat' dir='ltr'><strong>Idcirco</strong></span> <span class='ocrx_word' id='word_1_809' title='bbox 2048 4608 2100 4653; x_wconf 90' lang='lat' dir='ltr'><strong>et</strong></span> <span class='ocrx_word' id='word_1_810' title='bbox 2121 4614 2221 4669; x_wconf 82' lang='lat' dir='ltr'><strong>ego</strong></span> <span class='ocrx_word' id='word_1_811' title='bbox 2239 4598 2448 4660; x_wconf 82' lang='lat' dir='ltr'><strong>infelix,</strong></span> <span class='ocrx_word' id='word_1_812' title='bbox 2463 4599 2730 4669; x_wconf 88' lang='lat' dir='ltr'><strong>judicium</strong></span> <span class='ocrx_word' id='word_1_813' title='bbox 2758 4603 2962 4657; x_wconf 81' lang='lat' dir='ltr'><strong>veritus</strong></span> <span class='ocrx_word' id='word_1_814' title='bbox 2986 4603 3195 4674; x_wconf 92' lang='lat' dir='ltr'><strong>loquor.</strong></span> <span class='ocrx_word' id='word_1_815' title='bbox 3216 4603 3404 4676; x_wconf 87' lang='lat' dir='ltr'><strong>Usque</strong></span> 
     </span>
    </p>
   </div>
   <div class='ocr_carea' id='block_1_107' title="bbox 1824 4688 3404 4759">
    <p class='ocr_par' dir='ltr' id='par_1_107' title="bbox 1824 4688 3404 4759">
     <span class='ocr_line' id='line_1_107' title="bbox 1824 4688 3404 4759; baseline 0.004 -16"><span class='ocrx_word' id='word_1_816' title='bbox 1824 4688 1876 4743; x_wconf 88' lang='lat' dir='ltr'><strong>in</strong></span> <span class='ocrx_word' id='word_1_817' title='bbox 1903 4689 2114 4743; x_wconf 86' lang='lat' dir='ltr'><strong>divinas</strong></span> <span class='ocrx_word' id='word_1_818' title='bbox 2141 4689 2374 4758; x_wconf 86' lang='lat' dir='ltr'><strong>religiosi</strong></span> <span class='ocrx_word' id='word_1_819' title='bbox 2395 4690 2656 4759; x_wconf 90' lang='lat' dir='ltr'><strong>principis</strong></span> <span class='ocrx_word' id='word_1_820' title='bbox 2681 4694 2852 4746; x_wconf 87' lang='lat' dir='ltr'><strong>nostri</strong></span> <span class='ocrx_word' id='word_1_821' title='bbox 2886 4710 3049 4748; x_wconf 89' lang='lat' dir='ltr'><strong>aures</strong></span> <span class='ocrx_word' id='word_1_822' title='bbox 3072 4698 3404 4750; x_wconf 81' lang='lat' dir='ltr'><strong>vocem-mit-</strong></span> 
     </span>
    </p>
   </div>
   <div class='ocr_carea' id='block_1_108' title="bbox 1753 4773 3404 4856">
    <p class='ocr_par' dir='ltr' id='par_1_108' title="bbox 1753 4773 3404 4856">
     <span class='ocr_line' id='line_1_108' title="bbox 1753 4773 3404 4856; baseline 0.008 -27"><span class='ocrx_word' id='word_1_823' title='bbox 1753 4773 1798 4829; x_wconf 80' lang='grc' dir='ltr'><strong>Ι)</strong></span> <span class='ocrx_word' id='word_1_824' title='bbox 1825 4792 1875 4834; x_wconf 91' lang='lat' dir='ltr'><strong>te</strong></span> <span class='ocrx_word' id='word_1_825' title='bbox 1900 4799 1911 4833; x_wconf 92' lang='lat'><strong>:</strong></span> <span class='ocrx_word' id='word_1_826' title='bbox 1937 4781 2376 4850; x_wconf 90' lang='lat' dir='ltr'><strong>quandoquidem</strong></span> <span class='ocrx_word' id='word_1_827' title='bbox 2397 4798 2459 4836; x_wconf 84' lang='lat' dir='ltr'><strong>ex</strong></span> <span class='ocrx_word' id='word_1_828' title='bbox 2477 4798 2664 4836; x_wconf 88' lang='lat' dir='ltr'><strong>eorum</strong></span> <span class='ocrx_word' id='word_1_829' title='bbox 2693 4800 2922 4839; x_wconf 90' lang='lat' dir='ltr'><strong>numero</strong></span> <span class='ocrx_word' id='word_1_830' title='bbox 2951 4801 3010 4839; x_wconf 91' lang='lat' dir='ltr'><strong>es</strong></span> <span class='ocrx_word' id='word_1_831' title='bbox 3027 4789 3118 4856; x_wconf 91' lang='lat' dir='ltr'><strong>qui</strong></span> <span class='ocrx_word' id='word_1_832' title='bbox 3142 4797 3404 4856; x_wconf 67' lang='lat' dir='ltr'><strong>praesunt.</strong></span> 
     </span>
    </p>
   </div>
   <div class='ocr_carea' id='block_1_109' title="bbox 1892 4871 3403 4945">
    <p class='ocr_par' dir='ltr' id='par_1_109' title="bbox 1892 4871 3403 4945">
     <span class='ocr_line' id='line_1_109' title="bbox 1892 4871 3403 4945; baseline 0.007 -20"><span class='ocrx_word' id='word_1_833' title='bbox 1892 4871 2048 4927; x_wconf 85' lang='lat' dir='ltr'><strong>Nulla</strong></span> <span class='ocrx_word' id='word_1_834' title='bbox 2083 4874 2304 4928; x_wconf 69' lang='lat' dir='ltr'><strong>IIIBI&#39;CSIS</strong></span> <span class='ocrx_word' id='word_1_835' title='bbox 2333 4890 2399 4928; x_wconf 81' lang='lat' dir='ltr'><strong>ex</strong></span> <span class='ocrx_word' id='word_1_836' title='bbox 2433 4875 2500 4929; x_wconf 93' lang='lat' dir='ltr'><strong>iis</strong></span> <span class='ocrx_word' id='word_1_837' title='bbox 2532 4892 2652 4945; x_wconf 65' lang='lat' dir='ltr'><strong>quae</strong></span> <span class='ocrx_word' id='word_1_838' title='bbox 2679 4877 2746 4930; x_wconf 88' lang='lat' dir='ltr'><strong>ab</strong></span> <span class='ocrx_word' id='word_1_839' title='bbox 2773 4876 3019 4932; x_wconf 81' lang='lat' dir='ltr'><strong>Ecclesia</strong></span> <span class='ocrx_word' id='word_1_840' title='bbox 3044 4880 3403 4944; x_wconf 88' lang='lat' dir='ltr'><strong>ebullierunt,</strong></span> 
     </span>
    </p>
   </div>
   <div class='ocr_carea' id='block_1_110' title="bbox 1822 4965 3403 5027">
    <p class='ocr_par' dir='ltr' id='par_1_110' title="bbox 1822 4965 3403 5027">
     <span class='ocr_line' id='line_1_110' title="bbox 1822 4965 3403 5027; baseline 0.005 -9"><span class='ocrx_word' id='word_1_841' title='bbox 1822 4965 1922 5020; x_wconf 86' lang='lat' dir='ltr'><strong>hac</strong></span> <span class='ocrx_word' id='word_1_842' title='bbox 1955 4965 2370 5022; x_wconf 86' lang='lat' dir='ltr'><strong>Iconomacliica</strong></span> <span class='ocrx_word' id='word_1_843' title='bbox 2413 4968 2611 5022; x_wconf 67' lang='lat' dir='ltr'><strong>liaaresi</strong></span> <span class='ocrx_word' id='word_1_844' title='bbox 2657 4970 2912 5024; x_wconf 87' lang='lat' dir='ltr'><strong>acerbior</strong></span> <span class='ocrx_word' id='word_1_845' title='bbox 2948 4971 3072 5026; x_wconf 83' lang='lat' dir='ltr'><strong>fuit.</strong></span> <span class='ocrx_word' id='word_1_846' title='bbox 3122 4972 3403 5027; x_wconf 87' lang='lat' dir='ltr'><strong>Christum</strong></span> 
     </span>
    </p>
   </div>
   <div class='ocr_carea' id='block_1_111' title="bbox 1821 5058 3402 5134">
    <p class='ocr_par' dir='ltr' id='par_1_111' title="bbox 1821 5058 3402 5134">
     <span class='ocr_line' id='line_1_111' title="bbox 1821 5058 3402 5134; baseline 0.007 -22"><span class='ocrx_word' id='word_1_847' title='bbox 1821 5060 2057 5129; x_wconf 85' lang='lat' dir='ltr'><strong>negavit,</strong></span> <span class='ocrx_word' id='word_1_848' title='bbox 2102 5059 2156 5112; x_wconf 90' lang='lat' dir='ltr'><strong>in</strong></span> <span class='ocrx_word' id='word_1_849' title='bbox 2190 5058 2387 5114; x_wconf 83' lang='lat' dir='ltr'><strong>faciem</strong></span> <span class='ocrx_word' id='word_1_850' title='bbox 2433 5062 2613 5127; x_wconf 72' lang='lat' dir='ltr'><strong>caedit,</strong></span> <span class='ocrx_word' id='word_1_851' title='bbox 2656 5079 2820 5134; x_wconf 87' lang='lat' dir='ltr'><strong>opere</strong></span> <span class='ocrx_word' id='word_1_852' title='bbox 2851 5083 2917 5122; x_wconf 90' lang='lat' dir='ltr'><strong>ac</strong></span> <span class='ocrx_word' id='word_1_853' title='bbox 2963 5083 3215 5123; x_wconf 87' lang='lat' dir='ltr'><strong>sermone</strong></span> <span class='ocrx_word' id='word_1_854' title='bbox 3248 5069 3402 5123; x_wconf 83' lang='lat' dir='ltr'><strong>furit.</strong></span> 
     </span>
    </p>
   </div>
   <div class='ocr_carea' id='block_1_112' title="bbox 1821 5151 3405 5232">
    <p class='ocr_par' dir='ltr' id='par_1_112' title="bbox 1821 5151 3405 5232">
     <span class='ocr_line' id='line_1_112' title="bbox 1821 5151 3405 5232; baseline 0.006 -28"><span class='ocrx_word' id='word_1_855' title='bbox 1821 5151 1953 5206; x_wconf 84' lang='lat' dir='ltr'><strong>Pars</strong></span> <span class='ocrx_word' id='word_1_856' title='bbox 1997 5151 2217 5220; x_wconf 87' lang='lat' dir='ltr'><strong>quidem</strong></span> <span class='ocrx_word' id='word_1_857' title='bbox 2263 5153 2401 5208; x_wconf 87' lang='lat' dir='ltr'><strong>adeo</strong></span> <span class='ocrx_word' id='word_1_858' title='bbox 2435 5153 2634 5223; x_wconf 86' lang='lat' dir='ltr'><strong>desipit</strong></span> <span class='ocrx_word' id='word_1_859' title='bbox 2681 5165 2739 5212; x_wconf 89' lang='lat' dir='ltr'><strong>ut</strong></span> <span class='ocrx_word' id='word_1_860' title='bbox 2780 5157 3060 5214; x_wconf 87' lang='lat' dir='ltr'><strong>Christum</strong></span> <span class='ocrx_word' id='word_1_861' title='bbox 3105 5173 3262 5232; x_wconf 85' lang='lat' dir='ltr'><strong>neget</strong></span> <span class='ocrx_word' id='word_1_862' title='bbox 3292 5163 3405 5216; x_wconf 77' lang='lat' dir='ltr'><strong>cir-</strong></span> 
     </span>
    </p>
   </div>
   <div class='ocr_carea' id='block_1_113' title="bbox 1822 5247 3406 5324">
    <p class='ocr_par' dir='ltr' id='par_1_113' title="bbox 1822 5247 3406 5324">
     <span class='ocr_line' id='line_1_113' title="bbox 1822 5247 3406 5324; baseline 0.007 -25"><span class='ocrx_word' id='word_1_863' title='bbox 1822 5247 2120 5300; x_wconf 88' lang='lat' dir='ltr'><strong>cumscribi</strong></span> <span class='ocrx_word' id='word_1_864' title='bbox 2172 5247 2470 5302; x_wconf 90' lang='lat' dir='ltr'><strong>secundum</strong></span> <span class='ocrx_word' id='word_1_865' title='bbox 2512 5251 2761 5319; x_wconf 89' lang='lat' dir='ltr'><strong>corporis</strong></span> <span class='ocrx_word' id='word_1_866' title='bbox 2801 5250 3037 5308; x_wconf 79' lang='lat' dir='ltr'><strong>formam</strong></span> <span class='ocrx_word' id='word_1_867' title='bbox 3082 5255 3276 5324; x_wconf 88' lang='lat' dir='ltr'><strong>:quod</strong></span> <span class='ocrx_word' id='word_1_868' title='bbox 3321 5268 3406 5310; x_wconf 83' lang='lat' dir='ltr'><strong>est</strong></span> 
     </span>
    </p>
   </div>
   <div class='ocr_carea' id='block_1_114' title="bbox 1821 5337 3401 5408">
    <p class='ocr_par' dir='ltr' id='par_1_114' title="bbox 1821 5337 3401 5408">
     <span class='ocr_line' id='line_1_114' title="bbox 1821 5337 3401 5408; baseline 0.006 -17"><span class='ocrx_word' id='word_1_869' title='bbox 1821 5338 1980 5408; x_wconf 86' lang='lat' dir='ltr'><strong>plane</strong></span> <span class='ocrx_word' id='word_1_870' title='bbox 2043 5354 2240 5408; x_wconf 86' lang='lat' dir='ltr'><strong>negare</strong></span> <span class='ocrx_word' id='word_1_871' title='bbox 2301 5337 2540 5393; x_wconf 83' lang='lat' dir='ltr'><strong>Verbum</strong></span> <span class='ocrx_word' id='word_1_872' title='bbox 2597 5356 2822 5398; x_wconf 88' lang='lat' dir='ltr'><strong>carnem</strong></span> <span class='ocrx_word' id='word_1_873' title='bbox 2879 5344 3109 5400; x_wconf 84' lang='lat' dir='ltr'><strong>factum.</strong></span> <span class='ocrx_word' id='word_1_874' title='bbox 3163 5346 3298 5401; x_wconf 84' lang='lat' dir='ltr'><strong>Nam</strong></span> <span class='ocrx_word' id='word_1_875' title='bbox 3356 5353 3401 5402; x_wconf 90' lang='lat' dir='ltr'><strong>sl</strong></span> 
     </span>
    </p>
   </div>
   <div class='ocr_carea' id='block_1_115' title="bbox 1823 5429 3403 5504">
    <p class='ocr_par' dir='ltr' id='par_1_115' title="bbox 1823 5429 3403 5504">
     <span class='ocr_line' id='line_1_115' title="bbox 1823 5429 3403 5504; baseline 0.005 -23"><span class='ocrx_word' id='word_1_876' title='bbox 1823 5444 1972 5493; x_wconf 87' lang='lat' dir='ltr'><strong>caro,</strong></span> <span class='ocrx_word' id='word_1_877' title='bbox 2003 5429 2228 5481; x_wconf 90' lang='lat' dir='ltr'><strong>omnino</strong></span> <span class='ocrx_word' id='word_1_878' title='bbox 2274 5438 2328 5482; x_wconf 93' lang='lat' dir='ltr'><strong>et</strong></span> <span class='ocrx_word' id='word_1_879' title='bbox 2354 5429 2830 5486; x_wconf 86' lang='lat' dir='ltr'><strong>circumscribitur</strong></span> <span class='ocrx_word' id='word_1_880' title='bbox 2863 5451 2876 5486; x_wconf 88' lang='lat'><strong>:</strong></span> <span class='ocrx_word' id='word_1_881' title='bbox 2913 5435 3240 5504; x_wconf 86' lang='lat' dir='ltr'><strong>phantasma</strong></span> <span class='ocrx_word' id='word_1_882' title='bbox 3259 5437 3403 5491; x_wconf 90' lang='lat' dir='ltr'><strong>enim</strong></span> 
     </span>
    </p>
   </div>
   <div class='ocr_carea' id='block_1_116' title="bbox 1823 5519 3404 5592">
    <p class='ocr_par' dir='ltr' id='par_1_116' title="bbox 1823 5519 3404 5592">
     <span class='ocr_line' id='line_1_116' title="bbox 1823 5519 3404 5592; baseline 0.004 -19"><span class='ocrx_word' id='word_1_883' title='bbox 1823 5535 1966 5584; x_wconf 91' lang='lat' dir='ltr'><strong>esse,</strong></span> <span class='ocrx_word' id='word_1_884' title='bbox 2008 5519 2429 5573; x_wconf 65' lang='lat' dir='ltr'><strong>Manichazorum</strong></span> <span class='ocrx_word' id='word_1_885' title='bbox 2485 5521 2761 5592; x_wconf 80' lang='lat' dir='ltr'><strong>Evangelii</strong></span> <span class='ocrx_word' id='word_1_886' title='bbox 2802 5527 3074 5580; x_wconf 88' lang='lat' dir='ltr'><strong>sententia</strong></span> <span class='ocrx_word' id='word_1_887' title='bbox 3120 5537 3225 5581; x_wconf 88' lang='lat' dir='ltr'><strong>est.</strong></span> <span class='ocrx_word' id='word_1_888' title='bbox 3272 5525 3404 5581; x_wconf 81' lang='lat' dir='ltr'><strong>Pars</strong></span> 
     </span>
    </p>
   </div>
   <div class='ocr_carea' id='block_1_117' title="bbox 1829 5609 3400 5681">
    <p class='ocr_par' dir='ltr' id='par_1_117' title="bbox 1829 5609 3400 5681">
     <span class='ocr_line' id='line_1_117' title="bbox 1829 5609 3400 5681; baseline 0.003 -16"><span class='ocrx_word' id='word_1_889' title='bbox 1829 5628 1959 5667; x_wconf 86' lang='lat' dir='ltr'><strong>vero</strong></span> <span class='ocrx_word' id='word_1_890' title='bbox 1991 5611 2150 5674; x_wconf 89' lang='lat' dir='ltr'><strong>radit,</strong></span> <span class='ocrx_word' id='word_1_891' title='bbox 2187 5609 2404 5681; x_wconf 85' lang='lat' dir='ltr'><strong>frangit,</strong></span> <span class='ocrx_word' id='word_1_892' title='bbox 2436 5613 2627 5677; x_wconf 86' lang='lat' dir='ltr'><strong>diruit,</strong></span> <span class='ocrx_word' id='word_1_893' title='bbox 2660 5615 2901 5670; x_wconf 91' lang='lat' dir='ltr'><strong>incendit</strong></span> <span class='ocrx_word' id='word_1_894' title='bbox 2927 5632 3144 5670; x_wconf 91' lang='lat' dir='ltr'><strong>omnem</strong></span> <span class='ocrx_word' id='word_1_895' title='bbox 3190 5633 3400 5671; x_wconf 87' lang='lat' dir='ltr'><strong>sacram</strong></span> 
     </span>
    </p>
   </div>
   <div class='ocr_carea' id='block_1_118' title="bbox 1830 5703 3402 5777">
    <p class='ocr_par' dir='ltr' id='par_1_118' title="bbox 1830 5703 3402 5777">
     <span class='ocr_line' id='line_1_118' title="bbox 1830 5703 3402 5777; baseline 0.002 -19"><span class='ocrx_word' id='word_1_896' title='bbox 1830 5703 2022 5768; x_wconf 75' lang='lat' dir='ltr'><strong>tndem,</strong></span> <span class='ocrx_word' id='word_1_897' title='bbox 2065 5718 2284 5757; x_wconf 88' lang='lat' dir='ltr'><strong>sacrum</strong></span> <span class='ocrx_word' id='word_1_898' title='bbox 2325 5719 2484 5758; x_wconf 89' lang='lat' dir='ltr'><strong>omne</strong></span> <span class='ocrx_word' id='word_1_899' title='bbox 2516 5706 2803 5760; x_wconf 83' lang='lat' dir='ltr'><strong>donarium</strong></span> <span class='ocrx_word' id='word_1_900' title='bbox 2856 5708 2906 5760; x_wconf 92' lang='lat' dir='ltr'><strong>in</strong></span> <span class='ocrx_word' id='word_1_901' title='bbox 2946 5724 3054 5777; x_wconf 87' lang='lat' dir='ltr'><strong>quo</strong></span> <span class='ocrx_word' id='word_1_902' title='bbox 3093 5709 3162 5762; x_wconf 90' lang='lat' dir='ltr'><strong>sit</strong></span> <span class='ocrx_word' id='word_1_903' title='bbox 3194 5705 3402 5762; x_wconf 77' lang='lat' dir='ltr'><strong>Christi</strong></span> 
     </span>
    </p>
   </div>
   <div class='ocr_carea' id='block_1_119' title="bbox 1929 5867 3194 5939">
    <p class='ocr_par' dir='ltr' id='par_1_119' title="bbox 1929 5867 3194 5939">
     <span class='ocr_line' id='line_1_119' title="bbox 1929 5867 3194 5939; baseline -0.001 -17"><span class='ocrx_word' id='word_1_904' title='bbox 1929 5870 1971 5898; x_wconf 74' lang='grc'><strong>⁸³</strong></span> <span class='ocrx_word' id='word_1_905' title='bbox 2004 5868 2171 5923; x_wconf 83' lang='lat' dir='ltr'><strong>ICur.</strong></span> <span class='ocrx_word' id='word_1_906' title='bbox 2210 5885 2280 5932; x_wconf 81' lang='lat' dir='ltr'><strong>iv,</strong></span> <span class='ocrx_word' id='word_1_907' title='bbox 2310 5867 2361 5922; x_wconf 88' lang='grc'>6.</span> <span class='ocrx_word' id='word_1_908' title='bbox 2442 5869 2483 5898; x_wconf 79' lang='grc' dir='ltr'><strong>³ο</strong></span> <span class='ocrx_word' id='word_1_909' title='bbox 2515 5868 2640 5939; x_wconf 84' lang='lat' dir='ltr'><strong>Sap.</strong></span> <span class='ocrx_word' id='word_1_910' title='bbox 2678 5887 2749 5934; x_wconf 85' lang='lat' dir='ltr'><strong>Vl,</strong></span> <span class='ocrx_word' id='word_1_911' title='bbox 2779 5869 2830 5921; x_wconf 89' lang='lat'><strong>7.</strong></span> <span class='ocrx_word' id='word_1_912' title='bbox 2908 5870 2952 5900; x_wconf 81' lang='grc'><strong>³¹</strong></span> <span class='ocrx_word' id='word_1_913' title='bbox 2993 5868 3104 5923; x_wconf 88' lang='lat' dir='ltr'><strong>ibid</strong></span> <span class='ocrx_word' id='word_1_914' title='bbox 3161 5867 3194 5921; x_wconf 84' lang='lat'><strong>6</strong></span> 
     </span>
    </p>
   </div>
   <div class='ocr_carea' id='block_1_120' title="bbox 2883 5963 2958 6021">
    <p class='ocr_par' dir='ltr' id='par_1_120' title="bbox 2883 5963 2958 6021">
     <span class='ocr_line' id='line_1_120' title="bbox 2883 5963 2958 6021; baseline 0 0"><span class='ocrx_word' id='word_1_915' title='bbox 2883 5963 2958 6021; x_wconf 73' lang='grc' dir='ltr'><strong>Ιιὲὶ</strong></span> 
     </span>
    </p>
   </div>
  </div>
