3934 6442
565 381 700 444 I323

1749 380 1807 438 S.
1848 376 2239 437 THEODORI
2279 377 2625 439 STUDIT/E

3678 372 3816 437 1324

559 498 782 569 cillgies,
817 495 1080 565 Deiparze,
1123 503 1216 549 aut
1245 493 1538 561 cujuslibet
1571 492 1769 548 sancti.
1806 492 2002 545 Actum
2041 499 2125 545 est

2253 490 2322 542 ιδν
2355 488 2629 560 ἀνάθημα,
2661 490 2746 559 ἐφ’
2765 481 2809 557 ᾦ
2836 490 2866 542 ό
2902 486 3139 559 Χριστοῦ
3170 488 3475 558 χαρακτὴρ,
3502 487 3603 557 τῆς
3625 487 3820 541 Θεοτό-

560 593 628 646 de
657 590 813 644 nobis
845 588 1195 643 Christianis.
1233 585 1666 654 Prwoccupemus
1702 583 1891 649 faciem
1930 582 2141 636 Christi

559 686 613 737 in
662 682 983 752 confessione
1007 680 1121 712 “'3'
1156 696 1169 731 :
1199 676 1481 732 Christum
1538 676 1949 746 amplectamur,
1974 689 2137 743 quem

562 790 656 847 per
688 776 861 844 ipsius
896 780 1102 827 sanctae
1136 769 1391 840 imaginis
1433 775 1805 837 contemptum
1844 779 2132 836 negamus.

686 976 951 1032 LXXXII.
980 1008 1050 1019 --
1075 971 1390 1027 Demochari
1420 968 1719 1040 Logothetaz
1754 968 2006 1038 generali.

2249 600 2369 649 κου,
2399 578 2693 636 είτινοσοῦν
2720 582 2828 635 τῶν
2861 581 3049 649 ἁγίων.
3082 578 3403 650 Χριστιανοὶ
3436 577 3818 650 ἀπολλύμεθα.

2253 672 2700 742 Προφθάσωμεγ
2726 672 2797 725 τὸ
2826 673 3151 739 πρόσωπον
3188 670 3426 739 Χριστοῦ
3450 671 3520 724 ἐν
3542 671 3825 741 ἐξομολο-

2244 766 2417 833 γήσει
2451 782 2465 795 ο
2494 764 2871 832 ἀσπασὼμεθα
2896 764 3151 834 Χριστὸν,
3180 763 3239 816 ὃν
3278 763 3346 816 δι’
3382 763 3696 831 ἀθετήσεως
3724 766 3822 834 τῆς

2242 856 2409 910 αὐτοῦ
2441 857 2602 925 ἁγίας
2636 858 2844 919 εἰκόνος
2872 855 3205 926 ἀρνούμεθα.

2351 968 2477 1024 ΠΒ’.
2507 1002 2578 1013 -
2605 971 2905 1040 Δημόχαρι
2938 969 3236 1041 Λογοθέτῃ
3266 971 3498 1041 Terenti).
3663 972 3824 1044 [Q2023

624 1109 809 1157 Laudat
830 1107 961 1169 quod
980 1108 1187 1167 impium
1206 1106 1444 1155 Joannem
1472 1116 1560 1165 pro
1579 1100 1775 1152 meritis
1799 1102 2121 1165 coarguerit:
2150 1103 2258 1150 tum
2282 1107 2341 1153 ut
2359 1118 2447 1166 pro
2471 1106 2568 1155 ﬁde
2599 1104 2728 1166 apud
2765 1105 3114 1166 imperatorem
3135 1116 3287 1166 agere
3318 1110 3494 1167 pergat
3513 1105 3762 1156 hortatur.

635 1205 890 1260 Virorum
958 1204 1256 1275 proborum
1325 1202 1617 1257 affabilitas
1687 1200 1757 1255 ad
1813 1215 1912 1256 eos
1970 1200 2139 1256 libere

564 1297 797 1353 adeundi
866 1296 950 1351 vel
1009 1296 1196 1365 ignoto
1284 1294 1483 1364 cuique
1551 1301 1879 1362 potestatem
1944 1291 2136 1347 facit:

572 1391 746 1443 multo
789 1388 966 1459 magis
1016 1388 1084 1443 iis
1128 1389 1220 1456 qui
1265 1399 1319 1442 et
1371 1387 1486 1441 noti
1535 1393 1687 1448 sunt,
1716 1395 1771 1439 et
1818 1386 2137 1439 earumdem

563 1482 838 1537 comitatis
883 1481 1319 1552 experimentum
1357 1494 1569 1549 cepere.
1600 1477 1672 1531 Ea
1719 1492 1777 1532 re
1806 1478 1999 1533 conlisi
2040 1493 2140 1533 nos

568 1575 827 1641 humiles,
861 1573 930 1627 ad
991 1572 1249 1627 eximiam
1283 1581 1339 1625 et
1371 1570 1839 1641 religiosissimam
1885 1570 2140 1641 magnili-

564 1667 803 1721 centiam
839 1676 987 1720 tuam
1023 1665 1233 1720 litteras
1268 1663 1585 1728 scribimus,
1616 1662 1950 1732 gratulantes
1976 1663 2049 1728 ei,
2081 1672 2143 1717 ut

567 1774 665 1827 par
703 1768 808 1821 est,
839 1757 989 1828 quod
1021 1756 1098 1810 sis
1149 1755 1354 1825 optima
1395 1754 1596 1809 radicis
1638 1755 1869 1825 egregiae
1900 1753 2138 1819 soboles,

563 1849 709 1919 quod
737 1849 955 1918 sagacis
986 1846 1294 1916 prudentiae
1328 1843 1568 1899 divinum
1598 1859 1758 1914 opus,
1784 1846 1927 1914 quod
1958 1845 2142 1898 multi-

565 1940 720 2008 plicis
774 1938 1143 1993 institutionis
1192 1935 1362 1990 decus
1417 1936 1789 2005 expetcndum
1839 1935 2031 1990 :unde
2087 1944 2141 1989 et

565 2028 788 2099 regibus
831 2036 1090 2095 acceptus
1139 2040 1220 2087 es,
1264 2033 1320 2077 et
1354 2025 1599 2076 omnium
1645 2038 1740 2078 ore
1783 2039 1848 2077 ac
1889 2039 2142 2079 sermone

562 2119 858 2174 celebraris
897 2130 1173 2187 :eainque
1222 2116 1292 2169 ob
1331 2128 1555 2169 causam
1606 2113 1960 2183 magistratus
2005 2115 2142 2170 alios

562 2226 632 2265 ex
678 2210 802 2264 aliis
855 2224 1074 2279 gerens,
1123 2207 1188 2260 ad
1235 2220 1550 2275 supremum
1604 2206 1842 2275 denique
1892 2207 2142 2261 celeriter

560 2302 886 2372 pervenisti.
926 2300 1133 2364 Gaude,
1179 2308 1232 2354 et
1260 2295 1385 2368 jure
1430 2300 1650 2370 quidem
1699 2301 1923 2370 optimo.
1956 2300 2142 2366 Quan-

562 2412 726 2466 quam
757 2405 938 2448 autem
968 2392 1115 2463 quod
1146 2392 1216 2446 ob
1241 2393 1486 2445 eamdem
1527 2391 1667 2447 hanc
1697 2392 1949 2447 virtutem
1982 2391 2140 2447 nobis

564 2487 826 2542 tenuibus
870 2485 1206 2540 desiderium
1249 2485 1328 2538 tui
1372 2483 1530 2548 lacis,
1559 2484 1701 2537 haud
1735 2492 1883 2537 tanta
1917 2485 2137 2553 dignum

563 2579 930 2635 admiratione
963 2589 1067 2644 est,
1096 2591 1222 2631 cum
1260 2577 1466 2631 nullius
1506 2575 1666 2646 pretii
1702 2578 1877 2630 simus
1910 2595 1924 2630 ε
1958 2588 2138 2631 tamen

560 2672 705 2726 ratio
744 2669 1005 2743 temporis
1032 2669 1310 2731 admonet,
1352 2677 1411 2721 ut
1451 2675 1507 2722 et
1536 2682 1568 2722 a
1600 2667 1853 2722 tenuibus
1883 2666 2017 2722 viris
2039 2668 2138 2721 tibi

563 2763 983 2835 supplicationis
1025 2761 1241 2815 libellus
1290 2758 1592 2814 oll‘eratur:
1626 2770 1688 2814 ut
1738 2769 1936 2815 nostra:
1976 2760 2140 2815 nimi-

561 2872 685 2912 rum
727 2856 1014 2918 Eeelesiae,
1054 2853 1352 2923 impietatis
1393 2852 1556 2907 ruina
1599 2853 1858 2922 collapsas
1911 2870 2136 2908 manum

2328 1203 2392 1257 Ἦ
2412 1204 2519 1258 τῶν
2547 1205 2769 1273 ἀγαθῶν
2803 1204 3012 1276 ἀνδρῶν
3038 1205 3279 1273 ἔντευξις
3304 1208 3618 1280 παρρησίαν
3638 1210 3823 1264 δίδωσι

2246 1296 2342 1351 καὶ
2370 1298 2772 1367 τούςάγνῶτας
2829 1298 2967 1369 πρὸς
2998 1298 3195 1362 αὐτοὺς
3230 1301 3405 1354 [εσθαι
3428 1318 3443 1331 ο
3483 1307 3560 1372 μὴ
3594 1303 3678 1356 ὅτι
3696 1305 3826 1367 τοὺς

2244 1390 2573 1461 γνωρίμους,
2617 1390 2710 1444 καὶ
2748 1392 2847 1462 τῆς
2872 1390 3054 1445 αὐτῶν
3087 1391 3471 1465 εὐθημοσύνης
3496 1396 3695 1465 πεῖραν
3746 1397 3827 1448 εἰ-

2245 1479 2504 1551 ληφότας.
2540 1482 2640 1535 Διὰ
2668 1480 2827 1534 τοῦτο
2872 1481 3278 1554 τεθαρρηκότες
3311 1485 3364 1536 οι
3397 1487 3665 1552 ταπεινοὶ,
3700 1487 3828 1539 ἑπι-

2249 1570 2545 1642 στέλλομεν
2594 1575 2661 1643 τῇ
2692 1572 2963 1643 ὑπερφυεί
2995 1573 3090 1625 καὶ
3111 1573 3480 1647 εὐσεϐεστάτη
3515 1593 3611 1630 σου
3645 1594 3825 1647 μεγα-

2244 1662 2483 1737 λωσύνῃ,
2517 1664 2892 1734 εὐφημοῦντες
2915 1664 3088 1735 αὐτὴν
3121 1666 3261 1719 κατὰ
3284 1666 3348 1719 τὸ
3380 1668 3547 1734 είκδς,
3595 1670 3682 1722 ὅτι
3744 1669 3829 1741 ῥί-

2245 1751 2344 1823 ζης
2376 1754 2608 1822 εὐφυοῦς
2637 1755 2842 1823 ἀγαθὸν
2889 1755 3215 1827 βλάστημα’
3250 1758 3332 1811 ὅτι
3385 1760 3702 1831 φρονήσεως
3742 1761 3829 1813 δε-

2245 1845 2364 1911 ξιᾶς
2399 1846 2545 1918 ἱερὸν
2573 1846 2919 1916 ἀποτέλεσμα
2952 1865 2966 1879 ο
3024 1849 3108 1902 ὃτι
3165 1849 3499 1915 παιδεύσεως
3565 1852 3825 1922 ποικίλης

2243 1936 2525 2008 ἀγλάϊσμα
2580 1938 3089 2008 περισπούδαστον·
3149 1941 3301 1995 ἐνθεν
3355 1943 3449 1996 καὶ
3506 1943 3826 2013 βασιλεῦσιν

2243 2030 2647 2102 ἀσπαστὴ,·καὶ
2688 2036 2823 2086 πᾶσι
2876 2034 3197 2106 διαλαλητή.
3230 2036 3355 2089 Kcin
3390 2035 3583 2089 τούτου
3637 2037 3821 2108 ἀρχὰς

2243 2119 2304 2185 ἐξ
2335 2121 2525 2192 ἀρχῶν
2553 2124 2877 2194 ἀμείϐουσα,
2910 2128 2992 2190 είς
3014 2126 3114 2197 τὴν
3140 2128 3577 2198 κορυφαιοτάτην
3624 2129 3738 2181 τῶν
3766 2132 3827 2180 ἐν

2240 2214 2386 2266 τέλει
2432 2215 2758 2286 ἀνέδραμεν.
2795 2216 2956 2283 Εὖγε,
2990 2218 3086 2272 καὶ
3117 2219 3261 2272 πάνυ
3294 2217 3537 2283 εἰκότως.
3563 2219 3625 2272 Ei
3649 2219 3707 2272 δὲ
3729 2222 3831 2274 καὶ

2241 2307 2324 2359 ὅτι
2356 2308 2488 2377 ἡμῖν
2512 2311 2625 2371 τοῖς
2680 2309 2926 2363 εὐτελέσι
2957 2310 3027 2363 δι’
3085 2310 3257 2381 αὐτὴν
3314 2311 3413 2382 τὴν
3466 2312 3671 2383 ἀρετὴν
3720 2328 3828 2365 πο-

2242 2398 2406 2469 θητὴ,
2434 2400 2493 2451 οὐ
2523 2400 2663 2452 πάνυ
2691 2416 2745 2452 τι
2798 2400 2909 2453 τῶν
2946 2400 3220 2467 ἀγαστῶν,
3257 2400 3346 2454 διά
3379 2401 3439 2454 τὸ
3495 2402 3786 2471 οὐδαμινόν
3806 2419 3823 2433 ·

2242 2490 2381 2558 πλὴν
2443 2490 2525 2543 ὄτι
2581 2489 2923 2543 ὐποϐάλλοιό
2974 2492 3158 2561 καιρὸς
3225 2496 3318 2546 καὶ
3372 2493 3434 2558 ἐξ
3467 2494 3702 2547 εὐτελῶν
3725 2513 3831 2549 πα-

2245 2580 2511 2653 ράκλησίν
2573 2599 2658 2635 σοι
2718 2583 3117 2653 προσάγεσθαι.
3185 2583 3249 2637 'II
3310 2585 3366 2639 δέ
3417 2588 3564 2639 ἐστιν
3632 2588 3828 2658 ὀρέξαι.

2244 2689 2305 2723 σε
2380 2676 2537 2743 χεῖρα
2586 2676 2652 2745 τῇ
2726 2674 3117 2749 καταπεσούσῃ
3200 2676 3323 2730 καθ’
3379 2679 3526 2748 ἡμᾶς
3587 2678 3829 2749 Ἐκκλη-

2242 2763 2335 2834 σίᾳ
2360 2762 2613 2834 πτώματι
2658 2765 2934 2827 ἀσεϐείας.
2969 2766 3140 2819 Τοῦτο
3166 2766 3230 2839 δὴ
3257 2769 3352 2821 καὶ
3400 2770 3662 2840 ἦκουσται
3690 2773 3829 2841 ἡμῖν

2242 2856 2617 2927 ὲνεργήσαντα
2647 2872 2660 2886 ·
2734 2857 2829 2908 καὶ
2881 2856 3187 2927 εὐξάμεθὰι
3219 2875 3302 2912 σοι
3363 2860 3436 2923 ὼς
3482 2861 3825 2932 ἁμαρτωλοὶ,

564 2950 834 3019 porrigas.
882 2947 939 3002 In
980 2947 1082 3001 hoc
1119 2954 1302 2999 autem
1341 2954 1393 3000 te
1427 2944 1541 3015 jam
1576 2946 1893 3001 elaborasse
1924 2948 1989 3001 ad
2040 2963 2139 3001 nos

2253 2948 2338 2998 καὶ
2377 2947 2755 3017 εὐλογήσαμὲν
2795 2966 2853 3001 σε
2887 2948 2996 3002 ἀπὸ
3019 2949 3244 3021 καρδίας
3299 2955 3711 3024 πεπονημένης,
3742 2956 3834 3008 ὅτι

565 3044 709 3096 fama
747 3039 941 3094 detulit
970 3057 985 3093 :
1020 3047 1074 3093 et
1102 3037 1156 3091 id
1198 3046 1256 3092 ut
1286 3052 1507 3105 operam
1533 3037 1717 3099 dares,
1762 3051 1863 3092 nos
1891 3051 2139 3107 peccato-

2253 3038 2339 3092 καὶ
2356 3037 2572 3109 ἐλεγμῷ
2595 3038 2788 3109 δικαίῳ
2816 3040 3049 3110 ἤλεγξας
3072 3043 3162 3096 τὸν
3187 3044 3501 3115 ἀσεϐἀρχην
3537 3046 3827 3119 Ἰωάννην,

562 3145 652 3186 res
688 3130 896 3202 precati
937 3144 1127 3185 sumus
1160 3146 1173 3183 :
1208 3143 1273 3183 ac
1302 3129 1535 3182 summis
1564 3136 1617 3182 te
1657 3127 1911 3183 laudibus
1941 3130 2139 3183 extuli-

2253 3123 2481 3183 τοσαῦτα
2512 3133 2703 3195 εἰπὼν,
2734 3133 2833 3185 ὅσα
2878 3129 2947 3205 ἦν
2979 3135 3126 3199 ἄξιον
3152 3135 3386 3190 ἀκοῦσαι
3414 3139 3501 3191 τὸν
3530 3141 3781 3210 μυσαρὸν
3812 3158 3826 3170 ·

564 3238 689 3278 mus
711 3224 928 3277 sincero
946 3222 1114 3276 animi
1142 3222 1362 3285 aﬂ‘ectu,
1386 3220 1529 3290 quod
1550 3220 1697 3289 justa
1717 3220 2139 3289 reprehensione

2253 3220 2383 3273 ἄττα
2415 3222 2672 3292 καὶήμῑν,
2702 3221 2878 3291 οἶμαι,
2910 3226 3005 3278 καὶ
3028 3226 3242 3289 πολλοῖς
3258 3227 3439 3291 ἄλλοις
3474 3228 3833 3300 προδεδήλω-

560 3313 828 3368 Joannem
858 3312 1158 3382 coarguisti
1204 3310 1500 3382 impietatis
1543 3309 1868 3379 principem,
1902 3325 1966 3363 ea
1999 3311 2139 3379 obji-

2253 3328 2352 3365 ται.
2403 3312 2555 3365 Ἐπεὶ
2574 3316 2685 3366 οὐκ
2702 3315 2834 3367 ἔστι
2847 3316 3113 3382 κρυπτὸν
3133 3316 3248 3372 ὂοὺ
3271 3318 3705 3387 γνωσθήσεται.
3727 3339 3837 3375 κα-

565 3407 719 3460 ciens
773 3419 898 3475 qua:
948 3404 1242 3460 scelestum
1290 3403 1569 3457 hominem
1622 3400 1812 3455 audire
1859 3416 1956 3470 par
1986 3399 2133 3456 fuit:

564 3516 684 3567 qua:
736 3513 860 3553 cum
914 3496 1094 3561 nobis,
1141 3504 1254 3549 tum
1302 3494 1560 3565 plurimis
1609 3493 1752 3559 aliis,
1808 3502 1866 3547 ut
1917 3493 2134 3563 opinor,

2246 3401 2315 3454 θὰ
2340 3421 2483 3474 φησι,
2505 3404 2574 3457 τὰ
2596 3404 2787 3472 Λόγια.
2816 3407 2925 3459 Καὶ
2953 3408 3126 3472 ἄλλως
3153 3409 3301 3463 ὃτιοί
3335 3412 3589 3475 ἀσεϐείας
3603 3413 3838 3485 ἔξαρχον.

2247 3496 2511 3550 τοιούτων
2529 3497 2786 3568 πράξεων
2808 3497 2983 3569 ἔνοχοι
3002 3500 3361 3566 δικαιοτάτως
3375 3506 3833 3575 πεφανέρωνται.

562 3599 843 3659 comperta
908 3588 1144 3643 luerunt.
1198 3585 1469 3652 Quoniam
1520 3586 1653 3639 nihil
1708 3594 1786 3639 est
1840 3585 2142 3649 occultum,
2214 3586 2353 3657 quod
2398 3603 2501 3640 non
2550 3588 2747 3640 scietur
2808 3589 2874 3655 ⁸¹,
2933 3599 2992 3645 ut
3051 3592 3204 3646 aiunt
3251 3608 3423 3649 sacra:
3471 3596 3704 3665 paginae.
3762 3598 3835 3651 Et

567 3683 770 3753 alioqui
807 3683 1102 3752 impietatis
1133 3682 1303 3737 duces
1328 3682 1513 3735 talium
1547 3681 1814 3734 scelerum
1849 3680 1925 3734 rei
1959 3680 2247 3739 manifeste
2279 3681 2543 3751 comperti
2566 3683 2911 3753 convictique
2945 3695 3091 3741 sunt.

635 3770 756 3828 Noli
808 3772 998 3843 igitur,
1046 3770 1278 3825 Domine
1316 3771 1414 3832 mi,
1458 3781 1565 3824 tam
1601 3772 1864 3840 praeclaro
1911 3770 2003 3824 illo
2053 3781 2145 3826 tuo

565 3866 865 3924 certamine
910 3862 1343 3920 desisterezsed
1395 3860 1587 3916 cuuier
1640 3862 1853 3915 eximia:
1892 3862 2142 3932 dignitati

568 3972 674 4014 tua
714 3958 858 4013 haud
905 3958 1171 4026 imparem
1226 3969 1407 4024 opem,
1454 3954 1653 4023 quippe
1702 3954 1793 4023 qui
1841 3954 1918 4009 sis
1968 3956 2033 4009 ad
2090 3953 2145 4009 id

566 4069 597 4106 a
617 4050 727 4106 Deo
754 4059 979 4104 vocatus
1010 4050 1063 4102 in
1096 4047 1178 4102 his
1208 4056 1510 4115 temporum
1537 4060 1601 4100 ac
1632 4060 1813 4099 rerum
1854 4047 2141 4115 angustiis.

557 4146 661 4202 ,δίο
687 4144 833 4199 enim
880 4142 1143 4211 majorem
1186 4140 1415 4210 gloriam
1457 4153 1814 4208 consequere,
1849 4148 1960 4193 tum
1996 4140 2139 4209 apud

570 4237 739 4292 Deum
788 4235 873 4291 cui
926 4250 1014 4289 res
1067 4248 1131 4288 ea
1198 4232 1578 4302 acceptissima
1639 4240 1762 4297 est,
1823 4240 1935 4286 tum
1997 4232 2139 4308 apud

568 4329 959 4398 imperatorem
994 4326 1089 4396 qui
1127 4324 1240 4395 jam
1293 4323 1576 4394 religionis
1621 4323 1837 4394 signum
1894 4325 2137 4390 sustulit,

568 4431 686 4474 tum
716 4420 859 4488 apud
884 4419 1175 4472 universos
1200 4417 1295 4485 qui
1320 4423 1525 4469 rectum
1552 4414 1800 4470 veritatis
1831 4430 2138 4479 sermonem

569 4512 899 4566 annuntiant
933 4527 947 4563 τ
981 4508 1284 4578 quinetiam
1330 4506 1628 4561 amulctmn
1665 4507 1932 4561 adversus
1965 4506 2138 4560 labem

570 4619 693 4674 quae
725 4605 793 4656 ab
829 4603 1085 4657 haeretica
1118 4601 1501 4654 communione
1534 4599 1709 4651 oritur
1739 4599 1851 4668 ipse
1885 4598 1978 4650 tibi
2013 4615 2142 4652 con-

570 4698 739 4751 ﬂcies.

568 4808 855 4866 LXXXIII.
879 4839 949 4849 —-
977 4806 1186 4862 Sanctis
1228 4803 1472 4857 Pan-ibus
1498 4806 1647 4866 meis,
1675 4812 1723 4856 et
1752 4802 2137 4869 confessoribus

781 4880 1007 4943 Christi,
1034 4876 1257 4940 Joanni,
1306 4874 1578 4939 Michaeli,
1620 4886 1669 4926 et
1701 4873 1929 4927 Basilio.

2314 3772 2622 3844 Μὴστοίνυν.
2659 3767 2703 3827 ὦ
2736 3774 2975 3829 δέσποτα
3007 3784 3129 3848 μου,
3162 3776 3491 3849 ἀπολήξειας
3534 3779 3629 3832 τοῦ
3652 3782 3831 3837 καλοῦ

2245 3883 2339 3919 σου
2372 3866 2583 3934 ἀγῶνος
2610 3882 2624 3896 ·
2656 3865 2793 3921 ἀλλὰ
2864 3871 3277 3939 συνεισένεγκον
3310 3876 3374 3943 τῇ
3433 3873 3669 3947 μεγίστῃ
3718 3892 3825 3930 σου

2243 3958 2484 4028 ὑπεροχῇ
2547 3958 2834 4029 ἰσόρροπον
2862 3962 2961 4031 τὴν
2988 3962 3262 4032 βοήθειαν,
3296 3964 3370 4026 ὡς
3403 3965 3506 4016 ὑπὸ
3548 3965 3687 4017 Θεοῦ
3748 3970 3838 4033 εἰς

2240 4047 2446 4119 ταύτην
2479 4048 2847 4119 προσκληθεὶς
2876 4052 2933 4118 ἐξ
2955 4053 3258 4121 ἀναγκαίου
3283 4054 3378 4107 τοῦ
3408 4056 3623 4125 χρόνον.
3668 4057 3838 4113 Οὕτω

2245 4139 2354 4209 γὰρ
2387 4140 2589 4208 μᾶλλον
2616 4139 2964 4215 εὐκλεηθήσῃ
3001 4145 3158 4215 παρὰ
3201 4162 3264 4197 τε
3316 4144 3434 4198 Θεῶ
3460 4146 3539 4217 τῷ
3591 4147 3835 4221 εὐδοκή-

2248 4236 2424 4299 σαντι,
2460 4233 2556 4286 καὶ
2593 4231 2807 4302 βασιλεί
2834 4234 2912 4305 τῷ
2971 4237 3345 4309 ἁπαρξαμένῳ
3399 4239 3667 4305 εὐσεϐεῖν,
3734 4245 3838 4296 καὶ

2248 4326 2420 4379 ἅπασι
2440 4328 2552 4388 τοῖς
2580 4324 2670 4377 τὸν
2695 4326 2857 4398 ὀρθὸν
2881 4326 3040 4396 λόγον
3066 4329 3165 4399 τῆς
3191 4328 3449 4401 ἀληθείας
3479 4331 3835 4401 πρεσϐεύου-

2249 4432 2351 4469 σιν.
2378 4417 2452 4469 Οὐ
2478 4416 2587 4487 μὴν
2634 4417 2771 4472 ἀλλά
2818 4421 2913 4472 καὶ
2944 4420 3153 4490 σεαυτῷ
3194 4423 3293 4489 τῆς
3340 4423 3480 4475 κατὰ
3514 4422 3615 4493 τὴν
3674 4426 3838 4495 αἱρε-

2248 4508 2405 4579 τικὴν
2437 4510 2721 4563 κοινωνίαν
2750 4511 3052 4582 χράνσεως,
3092 4512 3342 4566 ἐντεῦθεν
3394 4514 3596 4585 χαρίσῃ
3644 4514 3838 4581 ἀλεξι-

2247 4604 2433 4672 τήριον
2464 4604 2777 4674 φάρμακον.

2249 4805 2369 4881 III“_'_.
2395 4835 2465 4843 —
2493 4805 2837 4881 Tqi¢_¢i;-:'oz¢
2863 4826 2983 4875 μου
3012 4809 3277 4881 Harpyiae
3305 4811 3401 4863 καὶ
3433 4813 3846 4881 όμολογηταῖς

2318 4876 2602 4944 Χριστοῦ,
2627 4877 2895 4945 Ἰωάννῃ,
2924 4877 3189 4947 Μιχαὴλξ
3213 4881 3310 4933 καί
3330 4876 3845 4959 Βασὶλείῳίφιεκ]

1056 5017 1268 5069 Carcere
1288 5022 1438 5075 atque
1462 5016 1646 5063 exsilio
1667 5013 1887 5063 solutum
1911 5023 1967 5061 se
2002 5011 2216 5067 nuntiat,
2244 5022 2301 5057 ac
2330 5008 2489 5057 multa
2514 5022 2606 5070 pro
2625 5008 2819 5060 Christo
2846 5008 2998 5071 passis
3017 5012 3308 5073 gratulatur.

640 5144 709 5198 Et
742 5158 887 5198 nunc
918 5142 985 5196 ad
1024 5140 1214 5196 Patres
1241 5155 1393 5196 meos
1430 5140 1670 5197 scribere
1698 5152 1912 5208 aequum
1949 5136 2145 5192 existi-

572 5237 737 5300 mavi,
768 5246 823 5290 et
855 5234 1020 5290 simul
1042 5236 1283 5290 scribere
1314 5244 1570 5304 tanquam
1604 5234 1670 5288 ad
1692 5232 1936 5303 ejusdem
1967 5230 2143 5284 virtu-

572 5329 643 5383 tis
664 5342 728 5381 ac
750 5325 1039 5380 sententia:
1061 5325 1423 5395 martyriique
1451 5340 1549 5394 pro
1574 5323 1799 5377 Christo
1824 5320 2139 5391 participes.

570 5416 1022 5483 Quandoquidem
1075 5414 1221 5468 enim
1270 5411 1380 5467 Deo
1440 5423 1631 5468 nostro
1672 5412 1878 5481 optimo
1918 5410 2142 5481 placuit,

574 5520 632 5562 ut
659 5517 713 5562 et
731 5522 828 5562 nos
851 5515 1169 5577 peccatores
1197 5506 1599 5560 dimitteremur
1621 5522 1651 5559 e
1675 5518 1918 5568 carcere,
1950 5498 2143 5569 optimi

576 5599 836 5669 principis
895 5600 1204 5653 interventu
1251 5618 1263 5652 :
1317 5598 1491 5651 instar
1543 5595 1831 5665 cujusdam
1895 5594 2143 5647 muneris

579 5696 730 5749 vobis
758 5695 1043 5765 epistolam
1085 5693 1277 5756 oil'ero,
1322 5691 1587 5761 gaudens,
1625 5688 2015 5757 gratulansque
2052 5701 2145 5755 pa-

649 5834 762 5865 ﬂ'“
795 5834 936 5887 [δεδι.
971 5847 1108 5895 χειν,
1135 5832 1187 5885 2.
1268 5832 1312 5861 ⁸²
1343 5827 1530 5881 Matth.
1563 5842 1612 5889 Χ,
1642 5824 1731 5876 ‘26.

2322 5133 2429 5185 Καὶ
2459 5132 2553 5185 νῦν
2584 5135 2886 5189 ἐπιστεῖλαι
2911 5131 2973 5189 εὐ
3005 5135 3153 5206 ἔχειν
3204 5135 3505 5207 ἐδοκίμασα
3528 5137 3644 5200 τοῖς
3672 5138 3845 5208 ἐμοῖς

2250 5226 2518 5296 Πατράσι,
2548 5228 2640 5279 καὶ
2663 5228 2968 5283 ἐπιστεῖλαι
3017 5228 3155 5299 ὁμοῦ
3186 5229 3262 5292 ὡς
3288 5228 3387 5295 τῆς
3414 5228 3580 5297 αὐτῆς
3624 5229 3847 5301 ἀρετῆς

2250 5320 2344 5372 καὶ
2390 5320 2663 5388 ὁμονοίας,
2699 5320 2900 5390 μᾶλλον
2948 5320 3005 5374 δὲ
3056 5322 3365 5393 μαρτυρίας
3392 5318 3631 5390 Χριστοῦ
3657 5322 3844 5389 ὴξιω-

2253 5412 2452 5480 μένοις.
2494 5411 2645 5463 Ἐπεὶ
2680 5411 2789 5482 γὰρ
2827 5412 3123 5483 εὐδόκησεν
3161 5414 3189 5464 ὁ
3246 5410 3449 5477 ἀγαθὸς
3505 5410 3641 5471 Θεὸς
3672 5412 3849 5481 ἡμῶν

2249 5500 2517 5569 ἀφεθῆναι
2556 5501 2652 5554 καὶ
2677 5503 2824 5571 ἡμᾶς
2857 5502 2984 5565 τοὺς
3028 5500 3385 5571 ἁμαρτωλοὺς
3419 5500 3519 5569 τῆς
3550 5500 3845 5570 φυλακῆς,

2247 5596 2314 5663 τῇ
2346 5594 2594 5665 μεσιτείᾳ
2625 5594 2717 5645 τοῦ
2742 5593 2948 5660 ἀγαθοῦ
3009 5594 3274 5665 βασιλέως
3297 5610 3313 5626 ο
3350 5593 3539 5663 ὥσπερ
3566 5608 3616 5642 τι
3682 5592 3847 5647 ἕδνον

2257 5687 2551 5757 προσφέρω
2585 5688 2712 5757 ὑμῖν
2738 5687 2801 5741 τὸ
2828 5689 3083 5764 γράμμα,
3123 5688 3327 5757 χαίρων
3379 5688 3474 5741 καὶ
3519 5687 3849 5759 συγχαίρων
