3934 6468
200 462 343 520 1325

1397 456 1936 517 EPISTOLARUM
1990 458 2134 517 LIB.
2184 459 2263 516 11.

3324 461 3472 528 132G

199 578 356 648 ὑμῶν
387 579 454 648 τῇ
482 575 838 647 πατρωσύνῃ,
874 576 968 630 καὶ
995 579 1087 648 τῇ,
1107 570 1218 630 οἷον
1240 578 1438 640 ειπεϊν,
1474 575 1618 630 κατά
1647 577 1776 643 Χρι-

1894 577 2135 630 ternitati
2179 586 2395 640 vestrae.
2439 591 2504 632 ac
2553 586 2861 645 reportatae,
2911 586 2971 633 ut
3017 580 3092 634 ita
3133 578 3334 643 dicam.
3391 601 3472 635 sc-

1744 661 1770 682 τ

199 672 327 724 στὸν
383 671 529 740 νίκῃ.
572 669 684 720 Καὶ
747 669 854 737 γάρ
891 669 1216 738 νενικήκατε
1256 667 1347 721 τὸν
1409 667 1682 738 πονηρὸν,
1738 667 1783 720 ὦ

200 765 518 834 θαυμάσιοι,
566 762 663 815 καὶ
693 760 838 813 ἔνδον
863 760 950 813 διὰ
977 764 1077 829 τῆς
1112 760 1288 830 πάλης
1337 760 1446 814 τῶν
1476 759 1781 829 λογισμῶν,

200 858 294 908 καὶ
341 855 499 916 ὲκτὸς
530 853 618 906 διὰ
668 854 768 921 τῆς
791 850 974 904 ἐνθέου
1005 851 1286 922 ὑπομονῆς
1309 868 1324 883 ο
1362 854 1435 922 μὴ
1467 852 1786 923 κάμψαντες

198 950 330 1014 γό-ῑυ
367 946 446 1018 τῷ
481 944 848 1017 ὑπηρετοῦντι
887 943 1166 1015 δράκοντι.
1214 943 1456 998 Ἐκείνου
1489 945 1598 1016 γὰρ
1659 946 1785 1018 ἀρι-

197 1044 377 1110 δήλως
447 1041 725 1112 ὑπουργὸς
755 1039 931 1106 Λέων,
959 1039 988 1091 ὁ
1017 1039 1394 1107 παγκάκιστος
1429 1039 1642 1093 ἐκείνου
1695 1039 1784 1093 θε-

199 1134 505 1204 ραττευτὴς,
543 1135 570 1186 ὁ
600 1133 700 1201 τῆς
731 1134 937 1196 εἰκόνος
968 1131 1205 1201 Χριστοῦ
1253 1130 1535 1201 ὑϐριστής,
1567 1131 1784 1186 καὶτῶν

195 1228 368 1290 ἁγίων
397 1227 681 1295 φονευτής.
728 1225 1026 1296 Ἐκάτερος
1059 1227 1310 1296 ἐκατέρῳ
1356 1225 1729 1294 συμφωνήσας
1763 1241 1778 1258 ο

197 1323 288 1374 καὶ
338 1320 614 1390 συνθήκην
644 1319 811 1388 ἄμφω
834 1319 1198 1389 ποιησάμενοι
1230 1317 1502 1389 περιελεῖν
1530 1318 1590 1370 τὸ
1611 1317 1785 1387 ὄνομα

201 1410 467 1481 Χριστοῦ,
495 1411 564 1464 δι’
611 1411 957 1479 ἀφαιρέσεως
982 1408 1073 1462 τοῦ
1126 1409 1274 1462 θείου
1330 1411 1426 1462 καὶ
1465 1427 1783 1482 προσκυνηο

195 1500 284 1552 τοῦ
321 1490 490 1553 αὑτοῦ
540 1499 909 1569 χαρακτῆρος.
958 1498 1111 1551 Ἐπεὶ
1158 1499 1233 1569 μὴ
1272 1499 1553 1568 πέφθακεν
1588 1503 1617 1553 ὁ
1660 1517 1784 1554 και-

198 1593 288 1661 ρὸς
338 1595 440 1661 τῆς
472 1591 733 1660 δευτέρας
778 1590 930 1654 θείας
980 1592 1324 1660 ἐπιφανείας,
1378 1594 1463 1645 ἵνα
1508 1593 1784 1662 ὁλοφανῶς

195 1683 432 1753 Χριστὸς
459 1681 747 1752 ἀρνηθείη.
798 1681 936 1734 Ἀλλ’
970 1682 1260 1752 εὐλογητὸς
1303 1685 1332 1736 ὁ
1381 1684 1532 1747 Θεὸς,
1591 1685 1651 1746 ὃς
1688 1687 1784 1739 καὶ

191 1775 279 1828 τὸν
318 1775 560 1841 διώκτην
579 1772 748 1826 ὤλεσε
784 1773 999 1845 θανάτῳ
1032 1775 1346 1846 περιϐοήτῳ
1377 1777 1471 1827 καὶ
1521 1775 1783 1847 ἀξιολόγῳ

190 1867 286 1933 τῆς
318 1864 700 1928 ἀποστασίας*
735 1865 842 1918 ἔδει
871 1866 981 1937 γάρ
1019 1868 1110 1918 τὸν
1141 1866 1376 1935 τεμόντα
1400 1867 1461 1919 τὸ
1505 1868 1780 1937 κυριακὸν

1888 668 2128 722 cundum
2166 668 2443 723 Christum
2477 667 2746 724 victoriae.
2786 669 3098 726 Daemonem
3140 673 3286 726 enim
3339 675 3473 727 vici-

1886 759 2023 826 stis,
2082 775 2116 814 o
2181 760 2282 814 viri
2346 760 2657 815 admirandi
2702 776 2718 816 :
2762 769 2876 815 tum
2921 763 3070 818 intus
3120 779 3216 833 per
3266 764 3469 818 luctarn

1887 850 2152 905 adversus
2203 850 2607 920 cogitationes:
2637 861 2754 906 tum
2801 839 2935 907 foris
2976 868 3075 922 per
3116 855 3469 909 tolerantiam

1887 941 2049 1011 plane
2076 940 2340 1003 divinam,
2393 956 2503 996 non
2545 941 2827 999 ﬂectentes
2870 959 3012 1015 genu
3059 960 3247 1000 coram
3289 948 3436 1002 admi

1887 1032 2064 1085 nistro
2104 1032 2277 1101 ipsius
2303 1031 2571 1087 dracone.
2600 1032 2728 1088 Fuit
2755 1035 2902 1089 enim
2929 1035 3075 1090 haud
3102 1037 3268 1092 dubie
3307 1039 3470 1092 mini-

1885 1132 1998 1178 ster
2047 1125 2194 1178 illius
2248 1123 2382 1188 Leo,
2439 1125 2530 1178 ille
2583 1127 2858 1195 pessimus
2917 1127 3093 1198 ipsius
3136 1129 3330 1193 cliens,
3379 1132 3472 1186 ille

1886 1214 2147 1286 imaginis
2173 1215 2380 1271 Christi
2424 1225 2786 1289 contemptor,
2818 1218 2911 1274 ille
2945 1229 3264 1276 sanctorum
3298 1222 3470 1275 inter-

1886 1309 2080 1361 fector.
2143 1307 2609 1378 Conspirantibus
2669 1313 2816 1366 enim
2885 1313 3121 1368 invicem
3179 1315 3466 1370 sententiis

1887 1400 2067 1456 fmdus
2094 1403 2254 1456 ambo
2285 1404 2476 1467 iniere,
2513 1403 2797 1460 ntChristi
2830 1420 3034 1461 nomen
3073 1420 3105 1461 e
3144 1408 3326 1462 medio
3363 1409 3467 1461 tol-

1885 1493 2083 1558 lerent,
2138 1495 2357 1550 sublata
2406 1497 2599 1566 utique
2645 1497 2830 1552 divina
2875 1507 2931 1552 et
2965 1499 3244 1554 adoranda
3294 1500 3469 1570 ipsius

1884 1585 2078 1656 elIigie.
2122 1585 2606 1642 Verumenimvero
2664 1589 2907 1644 nondum
2977 1597 3198 1659 tempus
3246 1591 3468 1644 advenit

1884 1679 2109 1734 secundi
2144 1679 2409 1734 adventus
2441 1678 2680 1746 Domini,
2728 1689 2787 1736 ut
2830 1681 3048 1751 penitus
3072 1681 3330 1737 Christus
3374 1698 3469 1735 ne-

1884 1779 2066 1838 getur.
2122 1769 2226 1824 Sed
2277 1770 2594 1826 benedictus
2635 1771 2800 1834 Deus,
2845 1781 2960 1826 tum
3010 1772 3105 1842 qui
3151 1782 3466 1827 vexatorem

1887 1864 2123 1933 perdidit
2172 1864 2496 1932 turpissimo
2547 1866 2696 1920 necis
2738 1880 2959 1934 genere,
2996 1881 3094 1931 pro
3138 1865 3467 1920 defectionis

193 1954 376 2023 σῶμα,
411 1954 559 2023 ξίφει
588 1955 1020 2025 κατατμηθέντα
1072 1955 1381 2027 ἀπορρῆξαι
1439 1958 1538 2028 τὴν
1593 1959 1737 2029 ζωήν
1764 1975 1776 1991 ·

1886 1973 2000 2013 suae
2028 1957 2236 2011 meritis
2264 1957 2532 2028 (oportuit
2561 1959 2707 2013 enim
2743 1974 2868 2013 eum
2895 1960 2989 2029 qui
3021 1957 3238 2014 Domini
3263 1976 3464 2029 Corpus

195 2049 285 2099 καὶ
322 2049 473 2117 ὑμᾶς
522 2047 848 2116 στεφανίτας
893 2048 1201 2113 ἀναδείξας,
1265 2050 1420 2113 κλέος
1462 2055 1526 2120 τῇ
1585 2052 1780 2105 ἑαυτοῦ

200 2137 506 2209 Ἐκκλησία
537 2137 990 2212 περιεποιήσατο,
1019 2144 1222 2215 ἀρετῆς
1274 2147 1537 2209 ἀλείπτας
1558 2164 1571 2176 ο
1634 2147 1782 2219 ἐρεί-

195 2245 341 2296 ματα
373 2227 645 2291 πίστεως,
674 2231 1024 2302 ὲδραιώματα
1083 2235 1364 2305 ἀληθείας,
1406 2237 1782 2308 ὑποδείγματα

193 2320 515 2390 καρτερίας,
548 2320 625 2390 τῷ
649 2320 762 2374 δντι
791 2323 1131 2393 καθηγητὰς,
1179 2327 1256 2388 ὼς
1324 2327 1545 2396 ἀληθῶς
1607 2345 1782 2398 μονα-

191 2412 342 2477 στάς,
390 2412 834 2483 ἀπεικονίσματα
853 2416 959 2469 τῶν
995 2418 1279 2488 μακαρίων
1301 2420 1524 2473 ἐκείνων
1551 2421 1643 2474 καὶ
1681 2423 1784 2476 πά-

188 2505 274 2558 λαι
324 2507 503 2574 ἁγίων
535 2524 549 2539 ο
591 2508 640 2560 οἱ
673 2509 730 2560 ὲν
766 2512 876 2573 τοῖς
905 2512 1110 2580 ὁμοίοις
1162 2511 1406 2581 ἀνδρικοὶ
1469 2515 1778 2582 γεγονότες,

188 2597 264 2667 τῷ
295 2598 606 2668 ἀμαράντῳ
659 2601 757 2669 τῆς
807 2600 1155 2667 δικαιοσύνης
1207 2606 1457 2675 στεφάνῳ
1550 2623 1782 2660 κατεκο-

193 2688 514 2758 σμήθησαν,
570 2691 888 2760 χορεύοντες
925 2692 1138 2748 αἰώνια.
1185 2696 1428 2749 Τοιοῦτοι
1459 2699 1635 2768 ὑμεῖς,
1689 2699 1782 2752 καὶ¹

191 2779 344 2847 ὑμῶν
372 2779 639 2842 ὁέπαινος
673 2782 974 2854 ὑπέρτερος
1003 2784 1104 2854 τῆς
1131 2788 1271 2856 ἐμῆς
1291 2788 1584 2860 οὖδαμινῆς
1615 2789 1784 2858 γλώτ-

189 2886 323 2939 τηςο
371 2870 631 2924 τοσοῦτον
678 2873 735 2926 δὲ
780 2875 940 2944 μόνον
979 2877 1238 2948 ᾀδούσης,
1293 2880 1416 2932 ὅσον
1436 2882 1527 2934 τὸν
1586 2884 1781 2952 καιρὸν

188 2961 646 3030 ἀφοσιώσασθαι,
684 2967 778 3039 καὶ
811 2966 900 3019 τὸν
963 2968 1130 3022 πόθον
1172 2970 1534 3041 θεραπεῦσαι,
1587 2974 1683 3026 καὶ
1721 2975 1781 3027 τὸ

189 3055 412 3126 πνεῦμα
445 3057 904 3129 ἀναζωπυρῆσαι,
949 3063 1027 3123 είς
1057 3060 1292 3131 ἄληκτον
1318 3063 1500 3133 δέησιν
1538 3064 1631 3116 τοῦ
1659 3066 1778 3117 ἐπι-

194 3149 472 3218 κληθῆναι
502 3149 661 3215 Θεὸν,
694 3151 877 3204 τέλεον
906 3154 1036 3222 ἡμῖν
1062 3155 1120 3206 τὸ
1147 3154 1246 3223 τῆς
1295 3157 1517 3227 είρὴνης
1577 3156 1780 3225 ἀγαθὸν

188 3238 555 3302 ἐξαπιατεῖλαι.
604 3241 799 3312 Ὁρᾶτε
835 3244 968 3316 γὰρ,
1023 3238 1068 3297 ὦ
1121 3245 1434 3317 σεϐάσμιοι,
1504 3249 1652 3311 ὅπως
1699 3248 1778 3302 ἔτι

188 3332 478 3400 κραδαίνει
503 3332 570 3385 τά
606 3334 933 3404 πράγματα.
971 3338 1209 3399 Δυνατὸς
1231 3339 1285 3391 δέ
1337 3341 1453 3391 ἐστι
1501 3344 1566 3412 τῇ
1627 3343 1771 3412 ἀρχῇ

187 3425 281 3474 καὶ
333 3424 398 3475 τὸ
429 3425 586 3487 τέλος
611 3425 785 3491 δεξιὸν
818 3429 1214 3496 ωναναφάναι.
1265 3428 1533 3500 Εὔχεσθαι
1593 3449 1774 3502 παρα-

187 3514 427 3584 κλήθητε
487 3517 617 3587 περὶ
692 3518 791 3588 τῆς
867 3519 1252 3584 ταπεινώσεως
1330 3539 1452 3592 μου,
1531 3523 1781 3576 ἀεισέὸα-

189 3622 325 3662 στοι.

429 3719 553 3773 ΗΔ’.
583 3751 651 3761 -
679 3723 953 3791 Θεοδώρῳ
979 3725 1315 3794 μονάζοντι.
1349 3725 1542 3799 [φκθ’.]

1883 2049 2126 2113 discidit,
2163 2049 2346 2118 gladio
2375 2051 2696 2104 intercisum
2727 2051 2895 2104 vitam
2938 2050 3310 2121 abrumpere),
3349 2061 3462 2104 turn

1884 2145 1978 2213 qui
2020 2158 2119 2197 vos
2154 2152 2208 2198 et
2239 2143 2475 2196 victores
2513 2143 2785 2208 exhibuit,
2837 2151 2892 2197 et
2941 2143 2995 2196 in
3039 2141 3301 2198 Ecclesia
3351 2159 3467 2197 sua:

1883 2231 2052 2287 decus
2085 2233 2341 2294 servavit,
2381 2233 2602 2286 virtutis
2630 2242 3087 2304 propugnatores,
3120 2232 3464 2287 ﬁrmamenta

1885 2323 2031 2386 fidei,
2066 2324 2430 2378 stabilimenta
2466 2325 2734 2390 veritatis,
2771 2325 3070 2393 specimiua
3102 2322 3461 2387 fortitudinis,

1883 2433 2013 2472 vere
2043 2418 2352 2487 magistros,
2382 2432 2510 2472 vere
2551 2419 2875 2481 monachos,
2924 2416 3210 2471 beatorum
3241 2416 3461 2472 illorum

1884 2524 1947 2564 ac
1986 2511 2190 2563 veteris
2245 2510 2344 2562 aevi
2389 2518 2704 2562 sanctorum
2753 2508 3068 2579 imagines:
3100 2508 3194 2578 qui
3236 2509 3288 2561 in
3345 2510 3460 2578 pari

1883 2602 2185 2655 certamine
2236 2614 2361 2654 cum
2409 2609 2633 2655 strenue
2681 2616 2740 2656 se
2797 2601 3088 2671 gesserint,
3139 2601 3458 2670 incorrupta

1880 2693 2106 2764 iustitiae
2147 2706 2349 2746 corona
2383 2692 2634 2746 exornati
2677 2709 2961 2763 nunquam
2992 2695 3236 2748 desituro
3263 2695 3462 2764 gaudio

1885 2787 2266 2855 perfruuntur.
2303 2784 2464 2839 Tales
2496 2801 2620 2840 cum
2662 2785 2804 2850 sitis,
2839 2795 3018 2841 vestra
3063 2787 3182 2842 laus
3213 2797 3458 2842 nostram

1882 2880 2138 2949 exiguam
2176 2879 2227 2932 in
2271 2878 2508 2932 dicendo
2553 2877 2867 2932 facultatem
2918 2888 3138 2947 superat
3178 2888 3463 2934 :tantum-

1882 2987 1986 3042 que
2034 2985 2431 3033 commemoro,
2490 2979 2758 3038 quantum
2810 2969 2945 3023 satis
2992 2978 3075 3024 est
3125 2976 3185 3023 ut
3231 2969 3462 3039 tempori

1884 3063 2242 3127 satisfaciam,
2278 3071 2332 3114 et
2365 3060 2640 3114 desiderio
2666 3059 3036 3114 obsecundem
3065 3077 3079 3114 :
3110 3067 3170 3114 ut
3213 3060 3457 3115 studium

1884 3151 2173 3205 incendam
2235 3149 2477 3204 assidua:
2529 3149 2908 3218 precationis,
2985 3149 3052 3203 ad
3115 3149 3460 3204 exorandum

1887 3243 2079 3309 Deum,
2109 3254 2168 3298 ut
2192 3242 2448 3313 perfecta:
2468 3243 2886 3310 tranquillitatis
2914 3243 3058 3296 bono
3090 3242 3460 3313 perfruamur.

1887 3333 2101 3388 Videtis
2131 3335 2299 3398 enim,
2345 3348 2380 3387 o
2415 3333 2738 3398 venerandi,
2782 3333 3246 3402 quemadmodum
3283 3333 3465 3389 adhuc

1884 3443 1974 3482 res
2007 3427 2288 3481 iluctuent.
2326 3425 2432 3481 Sed
2475 3437 2669 3496 potens
2711 3436 2795 3481 est
2839 3425 2984 3480 Deus
3015 3426 3262 3481 felicibus
3292 3427 3466 3482 initiis

1886 3521 2222 3590 conjungere
2249 3535 2572 3589 prosperum
2611 3519 2798 3574 ﬁnem.
2835 3518 3003 3573 Orare
3029 3534 3129 3589 pro
3156 3519 3466 3575 humilitate

1891 3629 2011 3667 mea
2049 3631 2113 3668 ne
2143 3615 2468 3684 gravemini,
2499 3629 2531 3666 ο
2565 3628 2781 3682 semper
2805 3613 3122 3668 venerandi.

2155 3727 2445 3782 LXXXIV.
2475 3761 2544 3769 -—
2575 3729 2844 3782 Theodoro
2866 3730 3118 3782 monacho
3138 3730 3226 3801 (').

1148 3839 1225 3888 De
1253 3847 1419 3888 sancta
1447 3839 1682 3902 imagine.
1720 3841 1886 3892 Basilii
1908 3844 2091 3893 dictum
2127 3847 2508 3905 interpretatur.

268 3936 419 4004 Ἑγὼ
454 3954 550 3991 σου
586 3937 688 4007 τὴν
739 3937 1052 3995 θεοσέϐειαν
1109 3945 1482 4012 παρεκάλεσα,
1518 3949 1628 4000 τῶν
1655 3951 1775 4001 κατ’

184 4029 324 4099 ἐμοῦ
383 4030 681 4099 ἐγκωμίων
729 4031 1037 4101 ἀφέμενον,
1099 4034 1302 4103 μᾶλλον
1361 4039 1774 4108 προσεύχεσθαι,

189 4123 263 4191 μὴ
312 4122 499 4189 πάντη
540 4139 608 4190 με
658 4121 797 4173 Θεοῦ
827 4123 1360 4193 ἀπομακρύνεσθαι·
1419 4129 1622 4190 καύτὸς
1674 4130 1774 4181 οὐκ

184 4212 279 4266 οἷδ’
308 4213 438 4266 ὅθεν
466 4211 791 4283 φερόμενος,
839 4217 917 4277 είς
946 4216 1167 4284 μείζους
1197 4217 1436 4287 tamen;
1463 4220 1653 4288 λόγους
1684 4223 1772 4273 at-

183 4311 407 4371 νέσεως.
447 4310 542 4376 Μὴ
565 4308 725 4371 οὕτω,
758 4311 958 4381 Πάτερ,
1004 4313 1288 4383 μηδαμῶς.
1342 4315 1413 4367 Ἤ
1456 4315 1556 4367 οὐκ
1615 4311 1771 4369 οἶσθα

181 4401 262 4454 ὅτι
283 4400 599 4470 ἀνθρώπων
632 4401 1014 4471 ἀπάντωνὲγὼ
1042 4406 1244 4467 δτάλας
1279 4407 1767 4478 ἀμαρτωλότερος;

185 4494 288 4545 κᾶν
320 4496 427 4547 οὐκ
458 4488 558 4545 οἷδ’
599 4492 751 4555 ὅπως
805 4494 943 4546 ἐλέει
1007 4496 1142 4548 Θεοῦ
1189 4498 1268 4561 είς
1320 4500 1566 4568 φυλακὴν
1603 4500 1767 4555 αὑτοῦ

183 4586 426 4654 ήξίωμαι
464 4584 751 4637 διατελεῖν.
793 4587 884 4638 Διὸ
913 4588 1007 4640 καὶ
1039 4589 1210 4652 δέδια,
1241 4592 1438 4658 μήπως
1470 4593 1768 4662 ὲπισκεψά-
1799 4615 1844 4669 D

188 4695 348 4743 μενος
394 4679 454 4728 ἐν
484 4675 562 4745 τῷ
595 4677 903 4749 τελουμένῳ
936 4679 1316 4752 ὁμολογητικῴ
1346 4686 1528 4751 γάμῳ,
1560 4685 1657 4737 ἴδοι
1702 4703 1769 4754 με

186 4784 284 4820 ουκ
332 4767 699 4836 ἐνδεδυμένον
731 4769 937 4838 ἔνδυμα
982 4771 1186 4840 γάμου,
1217 4773 1314 4824 εἴτ’
1338 4770 1430 4825 οὖν
1468 4775 1772 4847 καθαρότη-

186 4876 271 4922 τος
313 4877 323 4888 ·
363 4861 461 4911 καὶ
483 4859 628 4911 εἴποι
661 4862 773 4922 τοῖς
806 4861 1116 4929 ὑπηρέταις
1154 4865 1436 4933 ἀγγέλοις
1467 4867 1772 4933 Δήσαντες

184 4950 376 5004 αὑτοῦ
416 4949 621 5017 χεῖρας
669 4951 767 5002 καὶ
817 4953 1030 5019 πόδας,
1083 4956 1363 5010 ἐκϐάλετε
1415 4959 1622 5025 αὑτὸν,
1673 4959 1771 5012 καὶ

192 5041 491 5109 ἕμόάλετε
536 5044 622 5106 είς
662 5041 728 5093 τὸ
774 5045 994 5109 σκότος
1039 5048 1102 5098 τὸ
1147 5048 1455 5117 ἐξώτερον
1491 5051 1566 5111 ὡς
1619 5069 1764 5121 παρ-

187 5134 477 5204 ενείραντα
503 5132 696 5187 ἑαυτὸν
715 5134 947 5198 ἀναξίως
976 5140 1084 5200 τοῖς
1101 5141 1455 5211 όμολογηταίς
1475 5145 1765 5212 μου.”Ωστε

187 5229 338 5281 τοῦτο
367 5228 554 5290 εἰδὼς,
592 5227 745 5280 κλαῖέ
778 5245 844 5297 με
880 5229 1103 5298 μᾶλλον,
1152 5233 1354 5303 Πάτερ,
1392 5237 1486 5288 καὶ
1540 5237 1769 5307 προσεύ-

187 5338 298 5387 χου,
351 5319 429 5388 μὴ
458 5319 620 5370 τοῦτό
652 5337 742 5388 μοι
771 5323 1070 5391 συμϐῆναι.
1127 5325 1236 5377 Καὶ
1302 5321 1402 5378 ὦδε
1445 5328 1540 5397 μὲν
1570 5329 1761 5382 ταῦτα.

189 5414 319 5482 Περὶ
352 5414 414 5465 δὲ,
447 5411 543 5464 τοῦ
567 5414 669 5464 Διὰ
695 5413 786 5464 καὶ
822 5413 953 5466 Ἀνὰ
988 5416 1090 5468 ὑπὸ
1106 5417 1198 5469 τοῦ
1223 5421 1456 5487 μεγάλου
1484 5420 1764 5475 Βασιλείου

185 5506 514 5573 εἰρημένων,
538 5503 782 5573 δηλονότι
815 5506 874 5557 ὲν
899 5510 964 5577 τῇ
990 5511 1182 5579 χρήσει
1213 5512 1480 5579 κειμένων
1508 5513 1617 5564 τῶν
1640 5531 1772 5583 προ-

186 5593 384 5646 ὓέσεων
413 5594 516 5664 τῆς
548 5594 758 5657 εἰκόνος
784 5611 797 5624 ³
830 5597 928 5668 οὐχ
961 5600 1065 5652 ὑπὸ
1122 5601 1217 5653 τοῦ
1270 5603 1427 5671 ἁγίου
1487 5603 1633 5655 δοκεῖ
1680 5622 1770 5673 μοι

185 5685 566 5754 marmorum
595 5685 690 5737 καὶ
717 5684 889 5750 οὕτως
925 5689 1017 5742 καὶ
1046 5688 1239 5754 οὕτως,
1258 5691 1371 5745 ἀλλ’
1390 5693 1452 5743 ἐκ
1487 5709 1758 5761 μεταγρα-

255 5806 300 5835 ⁸³
321 5803 518 5857 Matth.
553 5818 712 5865 χχιιι,
752 5804 836 5862 l5.

292 5923 356 5979 ι’)
394 5917 735 5969 Dnatnntit-a.

1946 3952 2138 4005 Pietati
2175 3964 2278 4006 tuae
2322 3961 2516 4004 auctor
2547 3948 2760 4011 exstiti,
2793 3956 2855 4001 ut
2891 3946 3146 4002 laudibus
3189 3946 3326 4002 meis
3370 3964 3457 4002 sn-

1875 4041 2193 4106 persedens,
2251 4040 2505 4092 [irrideres
2552 4038 2733 4105 potius
2781 4051 2880 4105 pro
2926 4052 3013 4089 me
3047 4051 3260 4105 preces,
3313 4054 3379 4092 ne
3427 4056 3454 4091 ιι

1876 4131 1988 4184 Ι)ρο
2027 4131 2202 4200 magis
2250 4142 2465 4185 avertar
2497 4147 2510 4182 :
2543 4142 2598 4185 tn
2636 4146 2767 4184 vero
2801 4129 2991 4183 nescio
3035 4145 3140 4198 qua
3184 4129 3457 4200 impulsus

1875 4228 2087 4278 ratione
2136 4225 2190 4277 in
2238 4226 2526 4278 uberiores
2576 4224 2750 4277 multo
2792 4223 3024 4293 erupisti
3056 4223 3262 4278 laudes.
3304 4223 3456 4278 Mitte

1878 4320 2102 4372 omnino
2146 4319 2226 4372 sic
2273 4333 2457 4387 agere,
2491 4317 2670 4371 Pater.
2702 4315 2783 4368 An
2840 4316 3020 4369 nescis
3062 4315 3326 4370 miserum
3366 4331 3455 4369 me

1885 4410 2203 4464 mortalium
2273 4411 2520 4462 omnium
2586 4408 2824 4461 maxime
2881 4422 3004 4461 esse
3057 4408 3301 4475 peccatis
3353 4407 3450 4461 ob-

1875 4500 2142 4553 noxium?
2187 4500 2514 4568 Quanquam
2568 4498 2756 4552 nescio
2788 4513 2896 4566 qua
2935 4497 3027 4552 Dei
3075 4495 3447 4551 misericordia

1877 4589 1980 4643 sub
2013 4591 2131 4658 ejus
2160 4593 2328 4642 t'utela
2366 4589 2728 4659 przesidioque
2774 4602 2989 4657 semper
3019 4603 3141 4640 sum
3176 4597 3444 4642 versatus.

1873 4682 2238 4750 Quamobrem
2277 4700 2471 4737 vereor
2495 4699 2584 4748 ne,
2607 4698 2732 4737 cum
2766 4682 3067 4737 visitaverit
3095 4682 3149 4735 in
3182 4697 3446 4737 consum-

1874 4777 2034 4828 matis
2074 4774 2444 4829 confcssionis
2493 4774 2720 4843 nuptiis,
2761 4774 2942 4826 videat
2985 4788 3069 4826 me
3125 4789 3235 4827 non
3284 4773 3447 4828 indu-

1873 4876 1987 4921 tum
2022 4877 2170 4921 veste
2202 4871 2539 4935 nuptiarum,
2589 4867 2691 4918 hoc
2725 4875 2810 4919 est
2842 4867 3104 4933 puritatis
3151 4881 3166 4917 :
3203 4866 3446 4934 angelis-

1869 4974 1978 5028 que
2005 4958 2343 5012 administris
2383 4959 2528 5010 dicat
2560 4974 2572 5008 :
2599 4956 2807 5026 Ligatis
2849 4958 3092 5009 manibus
3129 4966 3177 5010 et
3225 4959 3444 5023 pedibus

1871 5049 2010 5117 ejus,
2035 5050 2228 5101 mittite
2249 5064 2369 5101 cum
2395 5058 2441 5100 et
2460 5048 2704 5115 projicite
2723 5051 2776 5099 in
2799 5049 3035 5100 tenebras
3059 5049 3344 5102 exteriores
3361 5050 3405 5078 ³³
3430 5060 3442 5114 ;'

1872 5143 2074 5211 quippe
2106 5142 2197 5209 qui
2230 5157 2289 5194 se
2330 5149 2535 5193 temere
2582 5140 2995 5193 conl'essoribus
3027 5139 3164 5193 meis
3193 5139 3446 5193 inserue—

1872 5235 1962 5287 rit.
2000 5233 2367 5300 Quamobrem
2417 5233 2520 5284 hoc
2563 5247 2687 5286 cum
2714 5231 2883 5301 probe
2933 5232 3101 5295 scias,
3143 5245 3229 5284 me
3264 5231 3446 5300 potius

1872 5324 2031 5388 deﬂe,
2073 5322 2254 5386 Pater,
2295 5332 2350 5377 et
2393 5338 2460 5375 ne
2506 5322 2651 5376 istud
2693 5323 2824 5376 mihi
2854 5322 3092 5388 eveniat,
3125 5322 3440 5391 deprecare.

1875 5416 1980 5472 Sed
2026 5417 2091 5469 de
2126 5416 2210 5469 his
2246 5421 2534 5468 hactenus.
2564 5414 2639 5468 De
2690 5415 2899 5468 vnculis
2931 5424 3111 5469 autem
3141 5415 3230 5466 διὰ
3253 5425 3307 5469 et
3337 5417 3444 5468 ἀνά

1871 5513 2042 5578 (trans
2066 5518 2120 5562 et
2151 5507 2242 5575 ad)
2267 5523 2405 5574 quas
2431 5506 2666 5560 Basilius
2694 5505 2921 5576 Magnus
2954 5507 3259 5576 usurpavit,
3289 5506 3442 5561 vide-

1869 5600 1999 5656 licet
2050 5600 2105 5653 in
2157 5598 2441 5667 proposito
2494 5598 2561 5652 de
2613 5598 2850 5667 imagine
2909 5608 3231 5667 argumento
3273 5613 3288 5650 :
3330 5612 3439 5650 non

1873 5692 2004 5748 mihi
2060 5691 2314 5745 videntur
2343 5705 2370 5743 a
2401 5700 2592 5744 sancto
2619 5699 2674 5744 et
2714 5692 2825 5745 ha'c
2863 5701 2915 5745 ct
2948 5691 3037 5744 illa
3069 5691 3314 5760 prolatae,
3345 5689 3440 5743 sed
