3934 6444
508 398 642 462 i327

1697 394 1756 452 Β.
1794 388 2185 451 THEODORI
2222 390 2571 451 STUDIT/E

3623 393 3764 456 1328

508 509 870 567 exscribentis
917 518 1158 565 erratum
1214 508 1359 562 istud
1407 517 1490 561 est
1526 526 1537 559 :
1572 520 1885 576 quanquam
1934 504 2075 557 idem

2197 504 2289 573 φῆς
2303 503 2364 555 τὸ
2391 504 2612 573 σφάλμα
2633 519 2645 532 ο
2669 501 2808 571 πλὴν
2835 503 2912 564 εἰς
2932 501 3125 554 ταυτὸν
3146 502 3300 573 φέρει
3322 502 3415 556 τὸν
3429 502 3554 557 νοῦν
3585 508 3765 577 ἀμφο-

504 602 791 659 ambarum
831 608 915 655 est
943 599 1275 655 intellectus.
1310 598 1555 668 Exempli
1600 612 1788 663 causa,
1825 596 2079 667 imaginis

506 697 682 750 honor
720 695 788 749 ad
818 702 1171 764 prototypum
1220 691 1466 746 ascendit
1496 709 1510 746 :
1539 690 1704 760 idque
1743 704 1934 745 verum
1975 697 2079 753 est,

504 797 621 841 tum
658 788 713 841 in
744 784 983 855 imagine
1025 783 1288 843 naturali.
1333 792 1447 838 tum
1484 784 1537 837 in
1572 798 1634 838 ea
1661 796 1784 853 quae
1834 790 1921 837 est
1965 793 2082 837 arte

502 878 646 935 facta
677 895 694 934 :
721 878 862 933 nihil
888 878 1034 932 aliud
1068 876 1411 946 signiﬁcante
1443 891 1697 939 ascensu,
1727 890 1896 945 quam
1922 890 2080 929 eum-

502 971 628 1027 dem
656 986 779 1028 esse
804 972 862 1027 in
898 980 1017 1027 arte
1043 970 1204 1026 factis
1239 971 1527 1036 honorem,
1558 979 1758 1040 praeter
1782 970 2081 1025 discrimen

504 1064 832 1119 substantiae
861 1082 876 1119 :
915 1063 969 1117 in
1016 1062 1365 1117 naturalibus
1393 1075 1546 1127 vero,
1578 1061 1739 1116 etiam
1779 1060 2080 1115 secundum

503 1155 739 1212 similem
801 1156 1091 1211 amborum
1153 1156 1544 1211 substantiam.
1610 1152 1900 1209 Enimvero
1965 1153 2081 1222 ipsa

502 1250 709 1305 veritas
734 1249 877 1305 dixit
910 1268 924 1304 :
957 1248 1059 1314 Qui
1093 1266 1183 1303 vos
1228 1250 1448 1317 spernit,
1482 1263 1562 1300 me
1586 1234 1795 1316 spernit
1826 1260 1845 1298 :
1873 1246 1961 1315 qui
1993 1262 2084 1298 au-

506 1353 609 1396 tem
652 1358 733 1395 me
767 1342 988 1411 spernit,
1032 1341 1232 1409 spernit
1262 1355 1379 1391 eum
1409 1338 1497 1405 qui
1530 1336 1674 1390 misit
1705 1351 1786 1387 me
1806 1334 1874 1387 ".
1911 1331 2082 1387 Natu-

503 1436 637 1490 ralis
680 1435 873 1505 utique
912 1432 1006 1489 Dei
1049 1442 1105 1489 et
1136 1431 1312 1486 Patris
1364 1431 1544 1499 imago
1585 1437 1670 1483 est
1712 1426 1885 1480 Filius
1924 1437 2083 1481 :arte

500 1527 645 1584 facta
686 1543 817 1583 vero
848 1527 968 1581 Filii
1002 1524 1465 1595 quemadmodum
1515 1532 1572 1576 et
1604 1520 1802 1585 Patris,
1837 1535 1939 1574 nos
1987 1535 2082 1574 su-

502 1635 648 1685 mus,
709 1619 818 1674 hoc
875 1628 981 1683 est,
1044 1614 1257 1672 factitia
1290 1631 1305 1669 :
1340 1613 1501 1667 ﬁctor
1561 1613 1708 1667 enim
1759 1620 1814 1665 et
1877 1608 2082 1664 artifex

501 1711 752 1767 omnium
788 1711 932 1765 Deus
967 1723 1100 1766 sane
1131 1706 1460 1778 appelletur.

572 1803 849 1861 Intellexit
878 1812 1060 1858 autem
1091 1808 1318 1855 sanctus
1346 1798 1583 1854 Basilius
1613 1806 1730 1851 arte
1766 1794 1997 1861 factum,
2026 1796 2081 1849 in

525 1898 839 1967 maginibus
864 1909 989 1966 qua:
1014 1904 1145 1949 sunt
1181 1893 1238 1948 in
1268 1891 1474 1947 tabulis
1510 1891 1670 1961 picta:
1700 1906 1715 1945 :
1746 1897 1803 1943 et
1836 1888 1977 1942 idem
2017 1888 2085 1941 de
2120 1866 2157 1921 θ

504 1990 665 2045 nobis
703 1989 800 2059 qui
829 1987 897 2043 ad
929 1987 1223 2059 imaginem
1254 1983 1349 2040 Dei
1388 1982 1597 2039 conditi
1635 1996 1852 2044 sumus,
1884 1979 2100 2056 intellig

504 2098 632 2155 gere
674 2090 779 2148 est,
818 2090 876 2137 et
904 2095 1023 2135 eam
1079 2093 1247 2149 quam
1295 2092 1399 2132 nos
1444 2075 1548 2145 ipsi
1597 2075 1654 2129 in
1703 2074 1889 2129 tabula
1926 2072 2086 2127 ﬁnxi-

505 2191 631 2231 mus
661 2173 957 2245 imaginem
987 2171 1043 2226 in
1077 2179 1195 2225 arte
1225 2169 1384 2225 factis
1415 2181 1663 2223 censere.
1692 2164 1864 2236 Magis
1899 2173 2081 2219 autem

504 2283 569 2323 ac
611 2266 797 2321 verius
828 2272 1018 2318 nostra
1061 2259 1268 2331 eﬁigies
1306 2273 1476 2313 unum
1513 2265 1567 2311 et
1598 2256 1739 2311 idem
1787 2264 1873 2310 est
1899 2255 2087 2309 nobis-

504 2375 631 2414 cum
683 2356 738 2411 iu
801 2353 1163 2411 similitudine
1220 2347 1711 2422 (quemadmodum
1772 2356 1827 2400 et
1883 2344 2085 2414 eﬁigies

504 2450 714 2506 Christi
740 2464 865 2504 cum
896 2445 1040 2517 ipso)
1071 2459 1235 2515 quam
1266 2452 1456 2498 nostra
1486 2457 1613 2497 cum
1652 2440 1760 2493 Deo
1792 2457 1806 2493 :
1838 2437 2086 2508 quando-

476 2552 479 2555 λ
505 2543 730 2615 quidem
755 2541 903 2596 Deus
928 2549 983 2594 et
1009 2539 1259 2593 homines
1291 2536 1507 2591 inlinito
1536 2535 1744 2589 distant
1774 2531 2082 2586 intervallo.

508 2635 644 2689 Nam
678 2633 772 2688 ille
807 2632 1107 2695 inereatus,
1141 2627 1745 2696 incomprehensibilis,
1788 2625 2083 2678 incircum‘

516 2726 779 2796 scriptus,
827 2732 882 2779 et
911 2738 1035 2795 quae
1080 2729 1211 2777 sunt
1257 2718 1502 2788 ejusdem
1544 2718 1804 2787 generis:
1840 2717 2089 2769 homines

507 2837 638 2878 vero
691 2836 780 2876 res
830 2828 1037 2883 creata,
1090 2831 1313 2884 corpus,
1362 2810 1830 2880 circumscriptio,
1870 2818 1926 2863 et
1966 2822 2090 2877 quae

507 2924 639 2972 sunt
663 2914 875 2970 ordinis
899 2911 1169 2981 ejusdem.
1205 2908 1379 2962 Homo
1406 2915 1587 2960 autem
1618 2915 1672 2959 et
1700 2905 1881 2972 imago
1916 2900 2089 2954 Immi-

508 3009 619 3073 nis,
655 3016 954 3076 utrumque
998 3012 1246 3060 creatum
1281 3018 1295 3055 :
1324 3014 1639 3070 quanquam
1673 3004 1760 3052 est
1801 2996 2091 3063 utriusque

508 3100 587 3154 rei
615 3108 812 3154 creata:
840 3097 894 3151 in
918 3094 1225 3150 substantia
1252 3092 1572 3146 discrimen.
1602 3089 1696 3143 Est
1723 3087 1913 3157 utique
1946 3086 2090 3156 quod

508 3193 577 3248 de
606 3191 883 3261 proposita
916 3203 944 3241 a
976 3198 1027 3242 te
1064 3184 1367 3255 quaestione
1399 3197 1464 3252 ga

2187 611 2341 666 τερα.
2372 588 2497 648 Οἷον
2526 613 2544 645 ι
2568 593 2631 647 Ἢ
2658 595 2755 665 τῆς
2782 595 2991 659 εἰκόνος
3020 596 3154 666 τιμὴ
3184 596 3278 649 ἐπὶ
3307 596 3369 649 τὸ
3405 596 3764 667 πρωτὸτυπον

2189 686 2537 741 ἀναϐαίνειοι
2559 688 2653 742 καὶ
2685 686 2883 758 ἀληθὲς
2911 686 3070 739 τοῦτο
3095 688 3192 740 καὶ
3224 686 3319 740 ἐπὶ
3349 690 3588 760 φυσικῆς
3621 693 3764 745 sind-

2189 796 2298 841 νος,
2319 778 2478 832 τοῦτο
2503 779 2597 832 καὶ
2635 781 2728 831 ἐπὶ
2748 778 3016 849 τεχνητῆς
3048 793 3063 810 ·
3096 778 3197 847 τῆς
3242 779 3563 843 ἁναόάσεως
3611 783 3765 836 οὐδὲν

2188 869 2317 922 ἄλλο
2354 868 2642 939 δηλούσης,
2677 868 2711 924 ἢ
2739 868 2822 920 ὅτι
2851 869 2882 936 ἡ
2915 868 3052 938 αὐτή
3079 869 3195 920 ἐστι
3221 866 3354 937 τιμὴ
3387 870 3540 938 παρὰ
3578 868 3641 921 τὸ
3668 874 3767 937 τῆς

2188 962 2376 1025 οὐσίας
2402 961 2660 1032 διάφορον
2685 959 2779 1013 ἐπὶ
2806 960 2915 1012 τῶν
2952 959 3231 1029 τεχνητῶν
3254 975 3268 989 ·
3302 961 3396 1013 ἐπὶ
3425 960 3485 1013 δὲ
3507 960 3618 1013 τῶν
3672 979 3769 1029 φυ-

2192 1055 2377 1117 σικῶν,
2410 1054 2505 1107 καὶ
2543 1053 2684 1107 κατὰ
2724 1053 2784 1106 τὸ
2815 1053 2916 1121 τῆς
2971 1054 3160 1115 οὐσίας
3186 1052 3382 1106 ταυτὸν
3408 1053 3633 1124 ἀμφοῖν.
3660 1054 3771 1106 Ka‘t

2190 1146 2321 1213 γοῦν
2343 1143 2542 1214 αὑτὴή
2575 1142 2808 1214 ἀλήθεια
2860 1143 3120 1213 εἴρηκεν·
3187 1141 3241 1194 Ὀ
3304 1141 3534 1196 ἀθετῶν
3587 1140 3768 1213 ὑμᾶς,

2189 1238 2293 1306 ἐμὲ
2321 1236 2516 1291 ἀθετεῖ
2544 1253 2558 1268 ο
2612 1236 2712 1290 καὶ
2747 1239 2780 1289 ό
2808 1234 2912 1304 ἐμὲ
2936 1233 3179 1300 ἀθετῶν,
3220 1234 3421 1287 ἀθετεῖ
3466 1236 3574 1288 τὸν
3624 1236 3771 1306 πέμ-

2188 1326 2392 1399 ψαντὰ
2413 1347 2509 1399 με.
2541 1328 2749 1399 Φυσικὴ
2772 1325 2866 1380 οὖν
2887 1328 2981 1379 τοῦ
3008 1322 3147 1380 Θεοῦ
3177 1327 3272 1379 καὶ
3332 1327 3545 1396 Πατρὸς
3604 1329 3772 1381 εἰκὼν

2190 1426 2217 1475 ὁ
2252 1423 2382 1485 Υἱός
2406 1438 2420 1453 ο
2446 1420 2677 1490 τεχνητὴ
2706 1420 2761 1472 δὲ
2775 1418 2868 1472 τοῦ
2886 1418 3036 1477 Υἱοῦ,
3055 1418 3245 1487 ὥσπερ
3278 1418 3377 1469 καὶ
3406 1417 3502 1470 τοῦ
3530 1420 3769 1489 [ἰατρὸς.

2191 1517 2371 1584 ἡμεῖς,
2403 1514 2569 1584 ἤγουν
2609 1512 2866 1580 ποιητική
2892 1529 2903 1541 ·
2934 1512 3027 1573 καὶ
3060 1510 3291 1580 ποιητὴς
3318 1509 3427 1580 γὰρ
3469 1510 3562 1563 καὶ
3586 1511 3772 1580 τεχνί-

2190 1623 2290 1677 της
2320 1606 2427 1659 τῶν
2456 1605 2712 1658 ἁπάντων
2737 1603 2947 1671 λέγοιτο
2972 1601 3127 1665 Θεός.

2260 1786 2534 1858 Εἷληπται
2573 1785 2629 1839 δὲ
2649 1784 2727 1855 τῷ
2760 1783 2902 1853 ἁγίῳ
2928 1780 3198 1849 Βασιλεῑῳ
3224 1778 3288 1831 τὸ
3336 1776 3618 1848 τεχνητὸν,
3674 1777 3773 1829 ἐπὶ

2188 1880 2296 1933 τῶν
2330 1881 2387 1932 ὲν
2413 1878 2630 1943 πίναξιν
2661 1877 2883 1929 εἰκόνων
2917 1890 2929 1903 ’
2976 1874 3072 1927 καὶ
3125 1870 3323 1924 ταυτὸν
3376 1871 3525 1940 ἡμᾶς
3576 1869 3774 1922 λαὸεῖν

2186 1973 2314 2034 τοὺς
2351 1970 2473 2023 κατ’
2504 1968 2690 2021 εἰκόνα
2715 1965 2853 2019 θεοῦ
2885 1964 3204 2033 γεγονότας,
3235 1962 3329 2015 καὶ⁵
3353 1962 3453 2029 τὴν
3487 1961 3547 2013 ὲν
3578 1960 3772 2013 πίνακι

2185 2060 2274 2131 ὑφ’
2297 2060 2453 2131 ήμῶν
2481 2057 2963 2128 τεχνουργημένην
3012 2053 3198 2107 εἰκόνα
3242 2052 3337 2105 ἐπὶ
3355 2051 3449 2104 τοῦ
3477 2050 3771 2122 τεχνητοῦ.

2187 2154 2297 2207 Kal.
2328 2153 2527 2224 μᾶλλον
2555 2151 2750 2220 ἔγγυος
2792 2146 3091 2219 ταυτισμὸς
3113 2146 3207 2197 ὲπὶ
3236 2142 3327 2196 τοῦ
3352 2142 3474 2195 καθ’
3509 2142 3775 2212 ὁμοίωσιν

2186 2250 2214 2300 ὁ
2242 2247 2512 2317 ἡμέτερος
2541 2242 2828 2315 χαρακτὴρ
2856 2241 2991 2311 πρὸς
3034 2240 3201 2311 ἡμᾶς,
3236 2236 3427 2307 ὥσπερ
3461 2236 3555 2287 καὶ
3579 2236 3607 2287 6
3633 2235 3773 2304 Χρι-

2189 2339 2317 2393 στοῦ
2350 2338 2486 2408 πρὸς
2517 2337 2704 2397 αὐτὸν,
2743 2336 2778 2406 ἢ
2806 2337 2833 2387 ὁ
2866 2334 3135 2403 ἡμέτερος
3172 2331 3310 2401 πρὸς
3355 2328 3486 2381 Θεὸν
3508 2344 3524 2359 ·
3576 2326 3776 2398 ἐπειδὴ

2187 2431 2322 2483 Θεοῦ
2356 2430 2449 2483 καὶ
2472 2426 2774 2501 ἀνθρώπων
2797 2426 2858 2479 τὸ
2878 2426 3039 2496 μέσον
3060 2424 3302 2494 ἄπειρονο
3330 2421 3456 2475 ὅτιὸ
3485 2418 3584 2487 μὲν
3613 2417 3779 2471 ἄκτι-

2193 2538 2335 2585 στος,
2366 2519 2759 2591 ἀπερίληπτος,
2787 2517 3220 2587 ἀπερίγραπτος,
3245 2512 3339 2566 καὶ
3393 2512 3493 2565 ὃσα
3534 2509 3636 2577 τῆς
3673 2510 3777 2563 αὐ-

2190 2616 2286 2684 τῆς
2320 2612 2659 2681 συστοιχεεας
2684 2628 2699 2643 ο
2729 2610 3011 2681 ἄνθρωποι
3032 2609 3089 2661 δὲ
3116 2607 3344 2675 κτίσμα,
3398 2602 3580 2672 σῶμα,
3615 2619 3778 2673 περι-

2194 2705 2473 2777 γραμμὺς,
2506 2706 2600 2757 καὶ
2619 2704 2722 2756 ὅσα
2747 2703 3045 2773 ὁμόστοιχα
3076 2699 3301 2753 τούτων.
3338 2696 3665 2764 Ἀνθρωπος
3715 2695 3779 2747 δὲ

2192 2798 2286 2849 καὶ
2309 2794 2475 2849 εἰκὼν
2498 2794 2813 2866 ἀνθρώπου,
2856 2793 3097 2863 ἑκάτερί.
3125 2791 3331 2859 κτίσμα.
3354 2804 3367 2819 ⁸
3419 2789 3524 2841 κᾶν
3583 2787 3778 2855 διαφο-

2197 2887 2357 2955 ρότης
2398 2888 2625 2945 κτίσεως
2650 2885 2788 2938 κατὰ
2818 2883 3046 2954 θάτερον
3068 2880 3153 2933 ἐπ’
3188 2878 3367 2950 οὐσίᾳ.
3405 2878 3514 2932 Καὶ
3549 2875 3679 2944 εὖγε
3712 2877 3781 2929 τὸ

2194 2976 2490 3047 πρόϐλημὰ
2521 2992 2614 3028 σου
2649 2990 2663 3005 ·
2691 2976 2774 3027 ὅτι
2807 2972 3090 3037 ὑπέδειξεν
3146 2972 3281 3040 ἡμῖν
3341 2969 3399 3035 ἐξ
3458 2969 3627 3039 αὐτῆς
3671 2968 3779 3038 τῆς

2195 3070 2480 3122 θεολέκτου
2505 3067 2711 3137 φωνῆς,
2735 3068 2796 3118 ἐν
2831 3067 2897 3135 τῇ
2931 3060 3189 3132 ἀθετήσει
3219 3062 3319 3132 τῆς
3350 3062 3561 3121 εἰκόνος
3607 3061 3783 3114 αὑτὸν

1471 3181 1691 3235 udeam.
1730 3179 1910 3233 Patuit
1938 3179 2088 3233 enim

2197 3160 2509 3213 ἀθετεῖσθαι
2534 3175 2547 3188 ·
2581 3159 2675 3211 καὶ
2704 3159 2761 3210 ὲν
2788 3159 2854 3227 τῇ
2894 3156 3063 3208 αὐτοῦ
3094 3153 3333 3226 Χριστοῦ
3363 3153 3619 3224 ἅθετήσει
3650 3148 3784 3205 ἀθε-

509 3284 638 3340 inde
678 3282 837 3337 nobis
885 3296 951 3335 ex
1002 3280 1123 3348 ipso
1173 3277 1362 3332 divino
1399 3273 1647 3336 oraculo,
1691 3281 1874 3337 spreta
1915 3270 2089 3338 ipsius

2197 3251 2403 3305 τεῖσθαι
2432 3249 2525 3304 τὸν
2572 3250 2795 3320 Πατέρα
2822 3250 2914 3301 τὸν
2947 3246 3243 3317 πέμψαντα
3270 3246 3438 3299 αὐτόν
3464 3261 3476 3274 ·
3525 3246 3625 3298 καὶ
3676 3246 3781 3298 εὐ-

509 3376 748 3447 imagine
774 3375 953 3444 ipsum
988 3372 1173 3442 sperni
1211 3389 1223 3423 :
1260 3378 1446 3439 spreto
1477 3374 1659 3421 autem
1701 3366 1820 3433 ipso
1841 3362 2089 3425 Christo,

509 3469 700 3541 sperni
739 3466 958 3522 Patrem
990 3466 1084 3535 qui
1130 3464 1283 3518 misit
1313 3463 1492 3531 ipsum
1527 3478 1539 3512 :
1575 3473 1639 3513 ac
1669 3453 2092 3525 deprehendun-

507 3570 600 3615 tur
630 3558 979 3615 lconomachi
1032 3570 1139 3609 non
1191 3562 1479 3622 negatores
1506 3548 1712 3605 Christi
1762 3547 1947 3605 modo,
1996 3546 2088 3600 sed

509 3664 564 3707 et
597 3661 679 3706 ter
722 3661 1032 3721 negatores.
1089 3646 1208 3702 lam
1262 3643 1407 3715 quod
1470 3642 1537 3696 ad
1591 3654 1781 3694 vocem
1824 3638 2091 3691 διαϐαίνει

513 3744 756 3812 (transit)
787 3741 980 3797 eodem
1012 3738 1205 3793 recidit
1228 3746 1281 3790 et
1308 3735 1573 3789 transitus
1605 3741 1658 3787 et
1688 3746 1970 3787 ascensus.
2007 3730 2094 3783 Ait

515 3834 779 3888 Dominus
804 3850 818 3887 :
843 3829 1082 3884 Ascendo
1110 3827 1180 3881 ad
1210 3825 1429 3879 Patrem
1454 3840 1623 3876 meum
1642 3822 1711 3876 ⁸⁵.
1744 3820 1809 3874 ΕΙ.
1840 3820 2088 3893 Moyses:

517 3923 800 3978 Transiens
848 3920 1026 3976 videbo
1048 3921 1119 3973 ⁸³.
1161 3916 1466 3972 Amborum
1518 3914 1716 3969 similis
1757 3924 1940 3967 motus
1986 3922 2089 3978 est,

515 4031 691 4087 neque
742 4016 882 4069 alter
931 4014 1163 4067 alterum
1219 4008 1525 4065 orbiculata
1569 4005 1654 4059 vel
1707 4006 1876 4059 tortili
1918 4004 2091 4073 ﬁgura

518 4117 876 4181 repraesentat
903 4126 917 4162 :
949 4106 1043 4162 sed
1076 4103 1351 4175 quidquid
1392 4109 1478 4156 est
1519 4098 1881 4158 discriminis,
1912 4096 2092 4165 quoad

514 4203 684 4257 situm
731 4208 837 4262 est,
880 4214 989 4253 non
1019 4198 1199 4268 quoad
1246 4193 1649 4250 habitudinem.
1683 4189 1898 4257 Septem
1943 4188 2089 4240 enim

514 4290 671 4347 aiunt
722 4307 845 4347 esse
896 4300 1099 4345 motus.
1148 4290 1430 4343 Ascensus
1475 4290 1685 4346 autem,
1740 4291 1798 4334 ut
1832 4290 1885 4333 et
1920 4279 2092 4349 ﬁgura

517 4398 630 4437 rem
701 4382 1031 4444 exhibeam,
1092 4380 1172 4434 sic
1220 4392 1279 4432 se
1337 4374 1497 4429 habet
1625 4370 1935 4426 :trausitus
1988 4371 2094 4425 hoc

514 4483 677 4543 pacto
704 4501 879 4514 ----
913 4511 927 4524 .
958 4471 1259 4523 Amborum
1290 4465 1474 4536 igitur,
1520 4473 1579 4517 ut
1607 4463 1812 4518 dictum
1851 4471 1956 4525 est,
1997 4478 2097 4532 par

2200 3345 2477 3415 ρίσκονται
2516 3344 2565 3395 οἱ
2593 3342 2957 3411 Εἱκονομάχοι
2992 3342 3092 3393 οὐκ
3142 3339 3554 3410 ἀρνησίχριστοι
3587 3338 3784 3408 μόνον,

2194 3437 2331 3490 ἀλλὰ
2360 3437 2468 3507 γὰρ
2497 3436 2593 3489 καὶ
2626 3434 2998 3506 τρισάρνητοι.
3033 3432 3107 3484 Τὸ
3142 3431 3199 3483 δὲ
3231 3431 3546 3495 Διαόαίνει,
3575 3429 3659 3482 ὅτι
3694 3431 3782 3491 εις

2193 3531 2389 3583 ταυτὸν
2419 3529 2576 3600 φέρει
2607 3530 2640 3598 ἡ
2672 3526 2920 3587 διάϐασις
2950 3529 3015 3594 τῇ
3046 3524 3333 3579 ἀναϐάσει.
3376 3517 3546 3576 Εἶπεν
3575 3523 3603 3574 6
3660 3520 3786 3574 Κύοι

2199 3638 2353 3692 ριος·
2398 3621 2727 3675 Ἀναϐαίνω
2765 3618 2917 3686 πρὸς
2942 3614 3051 3669 τὸν
3106 3614 3340 3683 Πατέρα
3384 3630 3526 3685 μου.
3582 3611 3697 3663 Καὶ
3752 3611 3787 3662 6

2195 3713 2436 3784 Μωῢσῆς
2461 3729 2475 3743 ·
2508 3712 2718 3776 Διαϐὰς
2752 3711 2993 3779 ὄψομαι.
3030 3703 3601 3777 Ἀμφοίνὸμοιοφανὴς
3631 3704 3666 3774 ὴ
3697 3704 3790 3756 κί-

2195 3823 2373 3876 νησις,
2399 3806 2495 3857 καὶ
2533 3803 2655 3856 οὔτε
2687 3799 3062 3871 κυκλοφορικὴ
3101 3797 3305 3869 θατέρα
3341 3797 3597 3866 Θατὲρας,
3652 3795 3787 3849 οὔτε

2196 3898 2494 3966 ἑλικοειδής
2528 3915 2543 3930 ο
2577 3896 2692 3948 ἀλλ’
2723 3898 2771 3948 εἰ
2798 3896 2893 3947 καὶ
2914 3893 3194 3961 διάφορος,
3222 3889 3365 3943 κατὰ
3383 3888 3555 3949 Θέσιν,
3580 3889 3643 3940 οὐ
3674 3905 3789 3941 κα·-

2194 3992 2263 4044 τὰ
2296 3990 2501 4060 σχέσιν.
2539 3987 2714 4041 Ἑπτὰ
2745 3986 2854 4055 γάρ
2891 4001 3056 4055 φησιν
3092 3979 3247 4036 εἶναι’
3286 3981 3387 4042 τὰς
3427 3980 3674 4050 κινήσεις
3700 3996 3714 4008 ³
3751 3980 3789 4049 ἡ

2194 4084 2288 4137 οὖν
2319 4081 2605 4142 ἀνάϐασις,
2653 4081 2741 4132 ἵνα
2771 4078 2867 4131 καὶ
2903 4075 3247 4148 σχηματίσω,
3299 4073 3458 4127 τοῦτο
3506 4073 3516 4142 Ι
3554 4112 3568 4125 .
3602 4072 3717 4124 Καὶ
3752 4076 3790 4141 ἡ

2194 4176 2465 4238 διάϐασις,
2524 4173 2682 4227 τοῦτο
2720 4202 2779 4211 -
2809 4200 2835 4211 -
2861 4199 2948 4224 -.
2998 4169 3225 4238 Ἀμφοῐν
3259 4162 3374 4228 οῦν,
3412 4164 3487 4228 ὡς
3535 4163 3788 4231 εἴρηται,

2200 4269 2447 4340 ἰσοφανῆ.
2475 4265 2709 4337 Γραμμὴ
2738 4266 2847 4334 γὰρ
2878 4260 3242 4332 φιλοσοφικῶς
3260 4259 3546 4326 τδδεῖγμα.
3569 4254 3674 4306 Ἦν
3686 4250 3793 4307 οὖν

2195 4362 2311 4432 ἔχει
2339 4360 2523 4429 σχέσιν
2535 4359 2595 4410 τὸ
2609 4359 2719 4411 ἄνω
2737 4355 2871 4425 πρὸς
2895 4354 2957 4408 τὸ
2988 4353 3271 4416 κάτω,τὴν
3297 4347 3468 4432 αῦτὴν
3488 4346 3581 4398 καὶ
3609 4345 3672 4397 τὸ
3694 4344 3793 4397 δε-

2200 4424 2310 4521 ξῖὸν
2326 4424 2460 4525 πρὸς
2475 4451 2537 4503 τὸ
2557 4448 2863 4520 ἀριστερόν,
2887 4445 3048 4498 Ὥστε
3064 4444 3124 4498 τὸ
3147 4424 3457 4496 ἀναϐαίνειν
3467 4438 3563 4491 καὶ
3583 4436 3647 4489 τὸ
3664 4437 3795 4490 διας

516 4566 677 4622 ratio.
716 4564 883 4619 Linea
926 4562 1073 4617 enim
1122 4557 1508 4629 phil050phico
1539 4570 1691 4609 more
1723 4555 1955 4623 exempli
2006 4555 2089 4607 iu-

2203 4549 2410 4602 6αίνειν
2457 4546 2536 4606 εἰς
2561 4542 2759 4595 ταυτὸν
2791 4539 2967 4611 φέρει.
3002 4540 3113 4590 Καὶ
3146 4538 3193 4589 εἰ
3253 4537 3349 4605 μὲν
3383 4532 3794 4599 ἐπιτετευγμέ-

515 4669 630 4713 star
664 4666 771 4713 est.
805 4657 981 4723 Quam
1018 4654 1186 4725 igitur
1230 4648 1608 4705 habitudinem
1645 4646 1780 4701 dicit
1815 4661 2090 4700 summum

514 4752 579 4804 ad
616 4753 807 4814 imum,
842 4747 1091 4803 eamdem
1120 4754 1173 4799 et
1198 4744 1453 4799 dextrum
1505 4740 1647 4795 latus
1681 4738 1747 4792 ad
1783 4736 2093 4793 sinistrum.

2201 4658 2289 4704 νος
2323 4641 2352 4693 6
2380 4639 2555 4706 λόγος,
2584 4634 2662 4705 τῷ
2711 4631 2832 4705 Θεῷ
2887 4631 2984 4685 καὶ
3010 4623 3176 4700 Λόγιεῖ
3224 4628 3382 4699 χάρις
3412 4642 3426 4657 ·
3472 4627 3521 4678 εἱ
3578 4625 3623 4677 δ’
3686 4620 3795 4677 οὖν

2202 4734 2268 4807 [ἴ.
2299 4730 2408 4801 06],
2442 4729 2674 4793 δίδαξον,
2710 4725 2908 4796 λῷστε,
2938 4724 3030 4776 τὸν
3059 4721 3249 4791 ἀμαθῆ
3278 4721 3399 4790 ἐμέ.

513 4844 877 4910 Quamobrem
931 4837 1230 4895 ascendere
1277 4844 1333 4889 et
1396 4834 1630 4887 transire
1690 4831 1884 4886 eodem
1950 4830 2222 4886 recidunt.
2257 4830 2332 4881 Ac
2384 4825 2428 4879 si
2504 4821 2727 4891 quidem
2802 4828 2991 4872 nostra
3053 4831 3277 4884 scopum
3322 4813 3503 4867 oratio
3575 4809 3797 4880 attigit,

516 4943 746 5003 agantur
772 4930 882 4986 Deo
914 4945 976 4985 ac
1007 4927 1188 4984 Verbo
1216 4926 1404 4996 gratiae
1434 4941 1449 4978 :
1482 4925 1567 4979 sin
1595 4923 1799 4988 minus,
1829 4921 1966 4977 doce
2006 4936 2092 4977 me
2140 4919 2480 4990 imperitum,
2511 4915 2596 4967 vir
2626 4912 2851 4981 optime.

856 5022 1117 5101 LXXXV.
1152 5073 1221 5085 -
1251 5040 1542 5094 Athanasio
1575 5039 1688 5107 ﬁlio
1710 5038 1797 5108 (θ).

2467 5030 2591 5084 llE’.
2625 5058 2695 5070 ——
2727 5024 3049 5089 Ἀίίανασίφ
3071 5022 3277 5088 τέκνῳ.
3318 5020 3518 5095 [gryph]

1187 5160 1262 5209 De
1282 5154 1587 5205 sanctissima
1605 5154 1804 5206 Domini
1826 5159 1880 5204 et
1900 5154 1993 5206 Dei
2014 5159 2067 5203 et
2090 5153 2170 5203 Sal
2180 5150 2357 5201 vatoris
2377 5149 2530 5198 nostri
2552 5146 2673 5195 Jesu
2691 5140 2870 5195 Christi
2894 5139 3128 5203 imagine.

588 5269 915 5338 Quomodo,
979 5265 1210 5335 inquis,
1266 5262 1423 5316 latria
1484 5275 1593 5314 non
1654 5258 1857 5312 colitur
1919 5257 2098 5326 imago

516 5361 747 5426 Christi,
791 5358 885 5414 sed
928 5356 1023 5427 qui
1075 5356 1133 5410 in
1167 5353 1287 5422 ipsa
1330 5351 1594 5405 adoratur
1641 5347 1942 5401 Christus:
1973 5362 2096 5399 cum

520 5472 625 5511 una
678 5454 735 5507 in
782 5451 1053 5506 ambobus
1102 5448 1175 5502 sit
1215 5441 1505 5498 adoratio?
1551 5439 1822 5506 Quoniam
1874 5438 1928 5492 in
1982 5438 2101 5508 ipso

520 5548 740 5617 quidem
767 5544 989 5598 Christo
1011 5539 1183 5593 latria:
1206 5546 1291 5591 est
1320 5533 1569 5589 adoratio
1595 5532 1741 5600 (nam
1770 5546 1894 5585 cum
1920 5530 2099 5599 ipsum

522 5641 713 5705 adoro,
750 5637 914 5691 simul
946 5634 1117 5689 adoro
1146 5629 1364 5685 Patrem
1405 5641 1469 5680 ac
1502 5626 1766 5694 Spiritum
1796 5633 2047 5677 sanctum
2088 5640 2099 5674 :

592 5752 638 5781 "
666 5749 797 5804 Luc.
828 5765 885 5811 κ,
920 5747 1007 5801 16.
1084 5741 1314 5797 "Joan.
1349 5756 1440 5803 xx,
1484 5738 1571 5809 i7.
1653 5711 2043 5798 8“Deut-xxv,
2081 5734 2132 5786 5.

638 5870 700 5935 Γ)
739 5865 1051 5936 Dogmatica
1080 5860 1302 5916 omnino
1341 5854 1669 5911 necessaria.

2280 5253 2425 5315 Πῶς,
2461 5252 2590 5323 φὴς,
2620 5250 2681 5302 οὐ
2708 5247 3031 5318 λατρεύεται
3062 5247 3094 5316 ἠ
3121 5244 3287 5298 εἰκὼν
3337 5244 3595 5315 Χριστοῦ,
3666 5238 3798 5300 ἀλλ’

2204 5350 2233 5402 6
2269 5348 2325 5400 ὲν
2352 5346 2488 5416 αὐτῇ
2518 5341 2995 5414 προσκυνούμενος
3023 5339 3255 5409 Χριστός
3276 5354 3291 5369 ·
3327 5339 3454 5407 μιᾶς
3496 5337 3667 5406 οὔσης
3702 5342 3800 5394 ἐπ’

2206 5442 2409 5511 ἀμφοῖν
2474 5437 2899 5509 προσκυνήσεως
2925 5435 3089 5503 ;¹¹υτι
3138 5434 3225 5487 ἐπ’
3251 5432 3420 5487 αὑτοῦ
3452 5430 3515 5498 δὴ
3543 5432 3799 5502 Χριστοῦ

2208 5530 2535 5603 λατρευτικὴ
2565 5532 2597 5599 ἠ
2632 5527 3023 5599 προσκύνησις.
3068 5525 3402 5597 Προσκυνῶν
3431 5526 3540 5593 γὰρ
3594 5525 3798 5588 αὐτὸν,

2213 5620 2618 5693 συμπροσκυνῶ
2643 5619 2733 5671 τὸν
2761 5617 2981 5688 Πατέρα
3003 5615 3096 5670 καὶ
3115 5615 3175 5670 τὸ
3201 5616 3355 5684 ἅγιον
3372 5614 3595 5685 Πνεῦμα
3621 5616 3799 5686 ὁμοῦ·
