3934 6480
195 423 212 485 l
224 421 320 485 329

1375 411 1919 474 EPISTOLARUM
1955 411 2106 472 LIB.
2180 409 2236 467 ΓΙ
2251 455 2265 468 .

3328 406 3461 477 1330

190 543 317 608 οπερ
336 533 535 603 ἐστὶνὴ
557 531 808 605 τριαδικὴ
830 528 1374 603 ήμῶνπροσκύνησις
1388 531 1481 582 καὶ
1509 529 1733 600 λατρεία
1755 544 1770 560 ο

1893 537 2046 599 itque
2077 526 2193 582 haec
2226 531 2411 580 nostra
2445 533 2529 577 est
2559 522 2849 579 Trinitatis
2891 524 3141 581 adoratio
3171 536 3226 581 et
3252 527 3462 597 latria),

189 631 277 682 ἐπὶ
309 629 367 680 δὲ
393 628 495 696 τῆς
521 624 748 688 εἰκόνος,
775 626 810 695 η
847 622 987 694 αὑτὴ
1029 623 1127 692 μὲν
1170 619 1312 691 (πῶς
1364 622 1474 692 γὰρ
1527 619 1630 684 οὓς
1687 615 1764 673 ὧν

189 721 291 791 γὰρ
320 718 380 771 ἒν
417 716 481 770 τὸ
499 716 724 783 κράτος,
759 714 855 768 καὶ
883 715 918 784 ὴ
965 712 1091 776 δόξα
1128 711 1245 780 μία,
1300 711 1506 766 τούτων
1561 712 1768 782 δηλαδὴ

188 811 242 863 ἐν
284 809 344 863 τὸ
387 806 579 874 σέσας,
614 808 710 860 καὶ
760 805 858 876 μία
891 807 924 873 ὴ
959 802 1356 874 προσκύνησις)
1387 842 1403 866 ,
1439 802 1664 873 σχετικὴ
1710 802 1768 854 δὲ

188 906 350 975 ὅμως,
373 902 545 972 ἤγουν
572 897 925 970 όμωνυμική.
965 895 1292 966 Προσκυνῶν
1339 896 1449 965 γὰρ
1486 894 1767 988 etiamsi:

192 991 710 1066 συμπροσεκύνησα,
734 989 871 1042 ἀλλά
898 986 1288 1059 προσεκύνησα
1316 986 1578 1058 Χριστὸν,
1601 988 1661 1040 οὐ
1691 987 1771 1040 δι-

189 1087 512 1159 αιρούμενον
566 1084 690 1139 καθ’
739 1082 1058 1147 ὑπόστασιν,
1117 1081 1258 1136 ἀλλά
1343 1082 1772 1155 διαφορούμενον

191 1182 325 1235 κατὶ
355 1179 448 1232 τὸν
471 1177 575 1248 τῆς
598 1176 787 1239 οὐσίας
811 1174 967 1242 λόγον
993 1190 1007 1204 ·
1033 1175 1172 1245 ὅπερ
1202 1175 1321 1228 ἐστὶ
1359 1174 1588 1245 σχετικὴ
1607 1217 1622 1240 ,
1655 1172 1771 1228 ἀλλ’

189 1276 243 1328 οὐ
287 1271 652 1344 λατρευτική·
701 1267 804 1323 κᾶν
865 1269 898 1340 ἡ
949 1260 1110 1337 αὑτὴ,
1139 1269 1256 1321 ἐκεῖ
1306 1267 1406 1337 μὲν
1427 1265 1601 1331 οὕτως
1625 1284 1776 1321 νοου-

193 1367 322 1436 μένη
384 1367 480 1417 καὶ
532 1361 827 1432 λεγομένη,
850 1359 1039 1414 καθότι
1061 1358 1336 1430 τριαδικὴ,
1352 1360 1521 1430 ἤγουν
1544 1360 1772 1429 φυσικήο

191 1457 426 1514 ἐνταῦθα
451 1457 508 1509 δὲ
534 1455 596 1508 τὸ
621 1454 882 1524 ἔμπαλιν,
914 1451 1106 1506 καθότι
1153 1450 1404 1522 σχετικὴ,
1436 1450 1604 1520 ἤγουν
1637 1451 1774 1503 ὑπο-

194 1552 442 1622 στατική.
460 1548 644 1618 Είγὰρ
673 1548 868 1614 εἴποις,
898 1543 1547 1617 λατρευτικὴ,ὲσήμανας
1576 1560 1775 1614 σεσαρ-

190 1646 418 1710 κῶσθαι,
453 1645 528 1708 ὡς
559 1644 653 1697 τὸν
682 1642 832 1708 Υίδν,
864 1641 954 1694 τόν
979 1657 1039 1693 τε
1061 1639 1302 1709 Πατέρα,
1321 1640 1418 1693 καὶ¹
1444 1639 1505 1692 τὸ
1527 1638 1774 1708 Πνεῦμα·

189 1744 321 1812 ὅπερ
352 1741 500 1792 ἐστὶν
541 1737 794 1790 ἔκτοπον.
821 1733 1123 1804 Τοιγαροῦν
1183 1731 1508 1803 προσκυνῶν
1552 1733 1650 1804 τὴν
1700 1735 1779 1786 εἰ·

187 1832 318 1886 κόνα
342 1826 606 1900 Χριστοῦ,
640 1827 702 1880 οὐ
731 1825 830 1896 τὴν
868 1824 1100 1894 θεότητα
1145 1823 1443 1894 ’προσκυνῶ
1466 1861 1482 1887 ,
1514 1821 1590 1885 ὥς
1635 1823 1781 1886 τινές

1876 621 1930 674 in
1958 619 2200 688 imagine
2235 632 2364 671 vero
2385 615 2574 670 eadem
2607 614 2830 685 quidem
2857 625 2941 672 est
2969 632 2985 670 :
3014 620 3293 687 quomodo
3313 621 3463 674 enim

1879 728 1987 767 non
2014 711 2247 767 eadem?
2282 725 2408 764 nam
2434 723 2675 779 quorum
2707 709 3001 779 imperium
3036 718 3089 765 et
3121 710 3295 781 gloria
3327 726 3462 776 una,

1879 805 2076 860 horum
2113 804 2296 872 utique
2329 811 2386 858 et
2420 802 2604 857 cultus
2631 818 2797 868 unus,
2823 811 2878 858 et
2907 818 3017 858 una
3048 802 3298 858 adoratio
3335 812 3419 858 est
3446 821 3460 858 :

1876 905 1939 950 at
1989 897 2221 951 relativa
2279 903 2500 959 tamen,
2555 894 2673 949 sive
2733 895 3144 967 homonymica.
3208 895 3464 951 Adorans

1878 989 2026 1044 enim
2064 989 2267 1059 ipsam,
2302 990 2590 1047 Christum
2610 1006 2718 1046 non
2751 988 3068 1051 coadoravi,
3114 989 3208 1044 sed
3239 989 3465 1044 adoravi

1881 1098 1991 1136 non
2023 1083 2258 1138 divisum
2288 1084 2594 1139 secundum
2623 1083 2992 1154 hypostasim,
3020 1082 3114 1137 sed
3142 1082 3466 1152 discrepan-

1880 1182 1987 1228 tem
2013 1175 2226 1229 ratione
2252 1175 2595 1239 substantiae,
2631 1175 2779 1246 quod
2797 1187 2881 1230 est
2911 1175 3163 1229 adoratio
3204 1174 3432 1229 relativa
3450 1217 3464 1238 ,

1881 1264 1978 1320 sed
2005 1281 2116 1321 non
2139 1267 2458 1334 latreutica;
2488 1283 2809 1339 quanquam
2834 1268 3023 1323 eadem
3047 1284 3063 1334 ;
3101 1267 3214 1323 illic
3243 1267 3466 1337 quidem

1877 1355 1964 1412 sic
2010 1358 2285 1414 intellecta
2331 1359 2592 1431 dictaque
2626 1371 2903 1430 quatenus
2942 1359 3198 1415 Triadica
3232 1370 3318 1414 est
3354 1360 3472 1415 sive

1882 1451 2193 1507 naturalis:
2231 1452 2324 1507 hic
2358 1469 2491 1509 vero
2522 1455 2640 1510 vice
2691 1469 2873 1517 versa,
2921 1464 3194 1523 quatenus
3241 1452 3470 1506 relativa

1879 1552 1968 1595 est
2020 1543 2136 1598 sive
2167 1543 2540 1614 hypostatica.
2593 1545 2731 1600 Nam
2779 1546 2824 1600 si
2876 1545 3051 1600 latriaa
3088 1545 3471 1599 adorationem

1885 1635 2116 1699 dixeris,
2146 1635 2407 1692 indicasti
2437 1653 2659 1694 carnem
2700 1637 2932 1693 factum.
2969 1638 3115 1693 sicut
3139 1636 3364 1702 Filium,
3397 1636 3475 1694 ita

1888 1739 1947 1784 et
1978 1730 2193 1786 Patrem
2219 1739 2276 1785 et
2307 1731 2574 1800 Spiritum
2607 1749 2620 1785 :
2649 1730 2796 1801 quod
2826 1740 2910 1786 est
2939 1729 3264 1787 absurdum.
3288 1729 3476 1800 Itaque

1890 1839 2016 1877 cum
2071 1824 2363 1893 imaginem
2427 1823 2634 1880 Christi
2695 1824 2902 1889 adoro,
2956 1838 3066 1878 non
3127 1823 3474 1878 divinitatem

191 1941 322 1994 φασι
343 1939 359 1954 ·
392 1921 555 1975 τοῦτο
591 1919 702 1989 γὰρ
731 1917 832 1988 τῆς
867 1915 1100 1986 Τριάδος
1158 1915 1497 1985 σημαντικόν
1519 1931 1534 1946 ο
1574 1916 1668 1968 καὶ
1723 1918 1782 1968 οὺ

1893 1915 2081 1980 adoro,
2112 1923 2173 1969 ut
2205 1916 2428 1986 quidam
2459 1918 2615 1971 aiunt
2647 1933 2660 1970 :
2691 1932 2815 1970 nam
2852 1917 2907 1971 id
2939 1913 3270 1970 Trinitatem
3301 1915 3475 1985 signi-

190 2017 537 2089 σεσάρκωται
570 2014 604 2084 ἡ
631 2012 804 2082 Τριάς
830 2028 844 2042 ⁸
877 2010 1084 2077 ἄπαγε.
1132 2007 1296 2062 Ἀλλά
1333 2008 1425 2073 τίς
1457 2008 1620 2063 αὑτὸν
1643 2009 1780 2079 Χρι-

1893 2007 2012 2061 licat
2045 2028 2060 2063 :
2095 2024 2204 2062 non
2253 2015 2341 2062 est
2383 2019 2564 2063 autem
2605 2007 2852 2063 Trinitas
2900 2023 3031 2063 caro
3073 2009 3240 2075 facta,
3283 2008 3474 2062 absit!

194 2109 316 2163 στὸν
348 2103 642 2177 ηετικῶς.
674 2103 872 2165 Μόνος.
900 2101 1011 2171 γὰρ
1042 2098 1207 2162 αὐτὸς
1229 2101 1258 2152 ό
1301 2098 1610 2170 σαρκωθεὶς
1648 2098 1781 2163 Θεὸς

1893 2098 2024 2166 Quid
2070 2102 2237 2172 ergo?
2286 2101 2468 2171 ipsum
2497 2101 2780 2157 Christum
2829 2102 3076 2156 relative.
3126 2101 3292 2155 Solus
3326 2100 3475 2154 enim

189 2202 382 2269 Λόγος.
458 2193 789 2266 Προσκυνῶν
837 2193 897 2246 δὲ
981 2191 1145 2245 αὐτὸν
1195 2188 1456 2261 Χριστὸν,
1536 2189 1782 2262 δηλόνοτι

1893 2196 1998 2261 ipse
2027 2207 2157 2247 caro
2186 2191 2369 2248 factus
2395 2204 2479 2249 est
2513 2192 2657 2249 Deus
2684 2191 2950 2250 Verbum.
2982 2192 3121 2248 Cum
3150 2207 3282 2248 vero
3309 2192 3476 2248 Chri-

191 2286 695 2372 συμπροσεκύνησα
740 2283 832 2335 τὸν
861 2281 1084 2351 Πατέρα
1109 2279 1250 2350 ὁμοῦ
1291 2282 1387 2333 καὶ
1423 2279 1484 2332 τὸ
1530 2279 1778 2349 Πνεῦμα.

186 2369 351 2435 ’Ὥστε
398 2379 493 2432 ἐπὶ
515 2377 611 2447 τῆς
638 2373 860 2435 είκόνως
883 2370 1134 2444 [σχετικὴ
1159 2369 1578 2444 προσκύνησις],
1601 2372 1667 2425 ἂν
1696 2388 1784 2425 νο-

186 2481 295 2529 οῖτο
331 2472 429 2526 καὶ
456 2471 669 2539 λέγοιτο
689 2484 704 2500 ο
738 2468 824 2520 ἐπ’
854 2464 1018 2518 αὑτοῦ
1044 2465 1102 2519 δὲ
1134 2464 1373 2533 Χριστοῦ
1411 2463 1741 2536 λατρευτική
1768 2482 1782 2496 ·

186 2568 256 2629 ὡς
294 2561 785 2632 συνεπινοουμένου
817 2576 876 2612 τε
904 2557 1001 2611 καὶ
1046 2557 1637 2628 συμπροσκυνουμένου
1688 2555 1783 2610 τοῦ

186 2679 244 2713 τε
303 2657 523 2728 Πατρδς
574 2656 670 2710 καὶ
719 2653 814 2706 τοῦ
839 2651 1177 2721 Πνεύματος.

191 2755 330 2821 nq'.
368 2780 443 2790 —
486 2744 816 2821 Ἐπιστολῂ
873 2745 944 2821 sic
979 2742 1327 2821 amoebaeo
1349 2739 1621 2821 adeamne
1651 2740 1776 2821 τῶν

289 2819 646 2892 ἡγουμένων
682 2809 833 2884 apo;
870 2809 1111 2882 Μιχαὴλ
1133 2812 1424 2877 βασιλέα
1459 2809 1670 2885 [φμηὀ]

1884 2294 2030 2339 stum
2068 2285 2248 2354 ipsum
2278 2283 2472 2349 adoro,
2506 2287 2672 2341 simul
2704 2295 2758 2340 et
2783 2285 3002 2341 Patrem
3033 2286 3246 2341 scilicet
3271 2285 3476 2340 coado-

1895 2378 2032 2440 ravi,
2061 2387 2116 2432 et
2147 2377 2436 2447 Spiritum.
2476 2378 2846 2447 Quamobrem
2879 2380 2934 2437 in
2963 2377 3205 2450 imagine
3237 2376 3475 2432 relativa

1893 2471 2137 2526 adoratio
2189 2481 2334 2527 recte
2391 2473 2722 2542 intelligatur
2765 2482 2819 2527 et
2863 2472 3112 2533 dicatur,
3152 2472 3206 2526 in
3257 2470 3480 2526 Christo

1891 2573 2074 2615 autem
2107 2562 2231 2632 ipso
2257 2564 2431 2618 latriaa
2460 2581 2476 2618 :
2510 2568 2774 2634 quoniam
2814 2575 2948 2618 tunc
2972 2564 3134 2618 simul
3171 2563 3475 2619 subintelli-

1893 2653 2040 2722 gitur
2066 2664 2232 2724 atque
2270 2656 2534 2710 adoratur
2559 2666 2614 2712 et
2645 2655 2806 2711 Pater
2844 2666 2897 2710 et
2931 2655 3189 2726 Spiritus.

1958 2745 2246 2821 LXXXVI.
2278 2748 2602 2821 —Epistola
2637 2766 2702 2804 ea:
2737 2766 2964 2819 persona
3016 2751 3251 2804 omnium
3282 2767 3483 2821 praepo-

2087 2820 2255 2871 sitoru
2266 2837 2313 2871 m
2349 2821 2418 2872 ad
2452 2820 2767 2874 Michaetem
2791 2822 3187 2890 imperatorem.

189 2937 418 2991 t'inculis
443 2943 498 2985 et
523 2932 710 2984 exsilio
731 2930 931 2984 liberati
958 2931 1141 2995 gratias
1169 2935 1346 2992 agunt.
1373 2926 1786 3051 Orant(lig:ur:

1893 2927 2197 3055 ἑὲηυίῐξὶεξέι).
2225 2930 2346 2981 Cum
2368 2931 2620 2982 haereticis
2650 2945 2772 2982 vero
2804 2932 3023 2994 colloqui
3063 2929 3266 2981 minime
3299 2931 3478 2984 licere.

1968 3028 1981 3051 ,
2052 3028 2063 3040 .
2156 3029 2168 3040 .

266 3105 471 3174 Ἡμεῖς
500 3101 550 3153 oi
586 3100 678 3152 ἐπὶ
702 3099 764 3152 τὸ
797 3098 932 3153 αὐτὸ
959 3095 1381 3169 συνεληλυθότες
1425 3095 1571 3149 κατὰ
1596 3096 1785 3150 κέλευ-

1957 3096 2070 3153 Nos
2128 3097 2223 3168 qui
2266 3101 2435 3154 vestri
2489 3114 2520 3154 a
2582 3098 2694 3153 Deo
2759 3102 3012 3154 coronati
3057 3100 3275 3170 imperii
3317 3100 3479 3170 jussu

189 3216 271 3251 σιν
303 3195 609 3250 θεοσέπτου
645 3190 802 3261 ὑμῶν
846 3189 1146 3260 βασιλείας,
1172 3187 1447 3258 ἐλάχιστοι
1473 3187 1783 3241 -ὲπίσκοποί

186 3308 245 3344 τε
272 3291 374 3343 καὶ
391 3286 534 3359 ήγού
545 3302 716 3357 μενοι,
745 3283 968 3354 πρώτην
993 3281 1178 3352 φωνὴν
1198 3281 1402 3351 ταύτην
1429 3279 1784 3350 φθεγγόμεθα

188 3380 280 3434 ἐπὶ
315 3377 416 3431 τοῦ
454 3373 862 3446 θεοπροδλήτου
892 3373 1045 3444 ὑμῶν
1067 3372 1329 3444 κράτους,
1362 3370 1787 3441 εὑχαριστήριόν

193 3491 250 3526 τε
285 3471 389 3525 καὶ
423 3469 760 3539 αίνετήριον⁹
801 3467 886 3519 ὅτι
935 3464 1316 3535 ἀνεκλήθημεν
1349 3465 1399 3517 οἱ
1445 3462 1786 3533 ἀπωσμένοι,

193 3565 275 3618 ὅτι
295 3562 622 3633 ἠλεήθημεν
647 3561 696 3612 οί
719 3558 1297 3629 τεταλαιπωρημένοι,
1324 3557 1404 3610 ὅτι
1439 3555 1788 3627 ἀνεψύξαμεν

192 3661 239 3710 oi
271 3653 662 3716 ἐκλελοιπότες
687 3669 701 3681 °
732 3651 840 3705 ἀπὸ
877 3651 1148 3722 χειμῶνος
1175 3651 1256 3713 είς
1297 3649 1398 3721 ἔαρ
1423 3689 1438 3714 ,
1481 3649 1590 3702 ἀπὸ
1621 3649 1792 3720 ζάλης

191 3752 270 3812 είς
310 3747 566 3817 γαλήνην
587 3784 602 3806 ,
633 3745 743 3798 ἀπὸ
773 3743 1013 3814 ἀθυμίας
1045 3742 1127 3806 είς
1176 3742 1468 3813 εὐθυμίαν·
1499 3740 1626 3805 ξένα
1667 3743 1793 3794 τινὰ

193 3842 288 3897 καὶ
353 3835 643 3908 παράδοξα
684 3837 1010 3906 ἑωρακότες.
1068 3833 1306 3903 Τοιαύτη
1361 3835 1472 3906 γὰρ
1522 3835 1556 3906 ὴ
1607 3833 1793 3887 δικαία

191 3933 355 4005 ὑμῶν
377 3929 636 3999 βασιλεία
657 3927 1022 3999 χαρμόσυνος,
1047 3926 1404 3995 εὐφρόσυνος,
1435 3927 1789 3992 πολύευκτος,

189 4027 532 4098 εἰρήναρχος
557 4061 574 4088 ,
610 4022 942 4092 φιλοδίκαιος
963 4063 978 4088 ,
1010 4021 1234 4087 πολλαῖς
1272 4023 1492 4093 ἑτέραις
1523 4041 1795 4094 προσηγο-

192 4120 346 4191 ρίαις
406 4116 751 4186 ἁξιὼνυμος·
815 4117 1052 4188 μιμήσει
1103 4117 1344 4187 Χριστοῦ
1387 4117 1482 4170 τοῦ
1534 4105 1793 4187 ἀληθινοῦ

190 4211 333 4266 Θεοῦ
365 4209 553 4281 ἡμῶν,
586 4210 656 4262 τὰ
687 4208 955 4263 διεστῶτα
976 4209 1344 4274 συνάπτουσα,
1373 4210 1442 4262 τὰ
1464 4210 1796 4279 νενοσηκότα

191 4304 542 4375 ὑγιάζουσα,
575 4302 644 4355 τά
682 4301 906 4372 λυπηρὰ
945 4301 1352 4372 χαροποιοῦσα·
1387 4300 1670 4372 ἐξαίρετός
1709 4318 1794 4364 τις

191 4397 332 4451 οῦσα
368 4393 643 4465 βασιλεία,
676 4394 772 4446 καὶ
802 4393 912 4446 τῶν
948 4393 1118 4446 πάλαι
1157 4393 1618 4465 μακαριζομένων
1651 4394 1795 4466 i669-

195 4491 397 4561 ῥοπος⁸
442 4486 515 4556 ἣν
544 4485 947 4558 ἀποσεμνύνειν
977 4488 1092 4548 τοῖς
1122 4487 1421 4558 ἐγκωμίοις
1461 4487 1561 4541 οὐκ
1608 4487 1674 4541 ἂν
1706 4488 1793 4538 εὐ-

196 4578 402 4650 μαρῶς
426 4575 656 4646 γλῶσσα
690 4576 986 4646 ἀνθρώπου
1015 4576 1388 4649 ἐξαρκέσειεν.
1434 4577 1578 4630 Ἀλλ’
1606 4578 1794 4648 ἐπειδὴ

193 4671 376 4724 ταῦτα
419 4669 638 4734 οὕτως,
691 4668 1124 4740 παρακαλοῦμεν
1177 4671 1273 4724 καὶ
1307 4669 1698 4740 ἀντιϐολοῦμεν
1747 4673 1796 4724 οί

195 4761 438 4828 ἀνάξιοι,
467 4762 565 4817 καὶ
599 4762 768 4834 αὐτῆς
805 4764 907 4833 τῆς
939 4765 1092 4835 ἱερᾶς
1121 4764 1276 4834 ὑμῶν
1310 4764 1442 4828 θέας
1477 4765 1793 4836 ἀξιωθῆναι,

196 4855 291 4906 καί
320 4855 514 4924 φωνῆς
541 4851 765 4923 ἡδίστης
789 4852 1024 4907 ἀκοῦσαι
1064 4853 1157 4907 τοῦ
1184 4855 1457 4925 παντίμου
1486 4857 1578 4908 καὶ
1607 4857 1794 4909 θεοσό-

202 4964 304 5014 φου
368 4945 647 5014 στόματος
697 4945 871 5015 ὑμῶν’
915 4945 990 5008 ὼς
1024 4945 1091 5000 ἂν
1145 4945 1292 5016 ἆπερ
1325 4945 1460 4999 ὠσὶν
1500 4945 1794 5017 ἀκούομεν,

198 5037 382 5091 ταῦτα
413 5038 536 5089 κατ’
562 5036 876 5106 ὀφθαλμοὺς
907 5037 1238 5108 θεασάμενοι
1278 5039 1675 5109 σκιρτήσοιμεν
1719 5040 1798 5110 τῷ

201 5133 507 5202 πνεύματι·
540 5129 729 5200 ὧσπερ
758 5146 811 5183 τι
849 5130 1052 5200 ἔνδυμα
1076 5131 1335 5184 πενθικὸν
1358 5131 1459 5200 τὴν
1491 5134 1797 5201 κατήφειαν

205 5222 756 5291 μετενδιδυσκόμενοι
779 5223 1119 5292 εὐφροσύνης
1146 5222 1538 5293 ἁγαλλιάματι.
1578 5223 1796 5294 Ἐπειδὴ

199 5317 255 5369 δὲ
283 5320 309 5370 ὁ
339 5315 599 5385 δεύτερος
628 5313 784 5381 λόγος
810 5315 935 5384 περὶ
960 5315 1056 5383 τῆς
1085 5313 1413 5385 είλικρινοῦς
1439 5331 1499 5368 τε
1527 5317 1622 5368 καὶ
1649 5317 1800 5385 ἀμω-

204 5408 380 5476 μήτου
417 5404 577 5474 ἡμῶν
617 5403 726 5455 τῶν
759 5404 1107 5473 Χριστιανων
1145 5405 1262 5458 ἐστι
1301 5406 1571 5468 πίστεως·
1622 5407 1800 5458 ἐκεῖνο

205 5499 346 5565 μετά
381 5495 564 5558 αἰδοῦς
597 5495 887 5566 τολμῶμεν
921 5496 1233 5563 ἀνενέγκαι,
1268 5495 1344 5560 ὡς
1371 5498 1420 5549 εί
1452 5498 1552 5567 μὲν
1592 5497 1802 5565 ἀνθρώ-

202 5595 361 5644 πινόν
392 5607 446 5642 τι
476 5586 546 5658 ἦν
571 5589 633 5641 τὸ
663 5589 980 5658 λεγόμενον,
1016 5591 1112 5641 καὶ
1139 5589 1171 5659 ἢ
1210 5589 1347 5658 πρὸς
1374 5589 1468 5643 τοῦ
1493 5591 1798 5659 ἀγιωτὰτου

202 5684 364 5752 ἡμῶν
416 5683 723 5754 ἀρχιερέως
746 5720 762 5745 ,
795 5684 827 5752 ἢ
860 5683 988 5753 παρ’
1010 5681 1178 5752 ⁵ἡμῶν
1229 5681 1338 5734 τῶν
1372 5683 1607 5749 ἀναξίων
1649 5682 1802 5747 ἐξου-

204 5777 557 5848 σιαζόμενον·
582 5775 701 5829 ούτί
723 5792 824 5828 που
848 5775 911 5826 τὸ
949 5773 1168 5845 μικρὸν,
1190 5775 1326 5829 ἀλλά
1347 5775 1457 5847 γὰρ
1481 5777 1575 5829 καὶ
1598 5776 1660 5828 τὸ
1692 5777 1799 5827 πᾶν

206 5873 565 5940 παραγωρεῖν
621 5869 757 5922 ἔδειο
809 5867 952 5921 οὕτω
1005 5868 1104 5936 τῆς
1158 5869 1378 5938 ἐντολῆς
1434 5869 1786 5938 κελευούσης.

1888 3185 1942 3239 in
1967 3202 2140 3241 unum
2160 3188 2545 3250 convenimus,
2576 3187 2786 3241 minimi
2824 3187 3067 3258 episcopi
3100 3197 3154 3243 et
3178 3191 3480 3259 praepositi,

1888 3279 2120 3347 primam
2156 3277 2300 3334 hanc
2356 3294 2542 3334 vocem
2599 3280 2702 3335 sub
2735 3280 3000 3336 divinitus
3034 3282 3337 3337 constituto
3391 3299 3482 3337 re-

1890 3385 1997 3442 gno
2041 3379 2223 3427 vestro
2258 3371 2495 3438 edimus,
2534 3372 2768 3428 actionis
2798 3375 3098 3442 gratiarum
3149 3384 3203 3428 et
3243 3375 3422 3431 laudis
3466 3395 3476 3428 :

1890 3465 2037 3536 quod
2073 3466 2310 3520 revocati
2357 3466 2554 3530 simus,
2588 3466 2682 3536 qui
2739 3465 3023 3524 fueramus
3085 3468 3239 3538 eiecti
3278 3488 3292 3536 ;
3335 3471 3479 3538 quod

1892 3557 2323 3613 misericordiam
2342 3559 2574 3630 experti,
2606 3561 2702 3629 qui
2737 3560 3000 3615 azrumnis
3058 3562 3232 3630 pressi
3264 3578 3280 3627 ;
3337 3563 3482 3631 quod

1895 3649 2186 3706 refocillati
2232 3650 2523 3713 fuerimus,
2576 3652 2669 3722 qui
2725 3652 3170 3718 deficiebamus;
3214 3655 3282 3708 ab
3310 3655 3488 3709 hieme

1895 3743 1961 3798 ad
1993 3759 2106 3809 ver,
2136 3753 2503 3813 atempestate
2535 3745 2602 3800 ad
2648 3746 3126 3816 tranquillitatem,
3175 3761 3207 3801 a
3250 3762 3488 3802 maerore

1895 3837 1963 3890 ad
1990 3837 2255 3900 laetitiam,
2290 3853 2426 3891 nova
2465 3838 2717 3907 quaedam
2768 3849 2822 3892 et
2876 3838 3215 3893 incredibilia
3256 3855 3486 3894 cernen-

1897 3936 1996 3984 tes.
2030 3926 2160 3982 Tale
2189 3929 2336 3982 enim
2375 3939 2460 3984 est
2504 3929 2714 3999 justum
2751 3930 3045 3999 imperium
3079 3943 3347 3998 vestrum;
3388 3931 3486 3986 la:-

1898 4029 2036 4088 tum,
2083 4022 2416 4093 jucundum,
2482 4022 2643 4077 valde
2701 4023 2964 4093 optabile,
3001 4034 3280 4093 pacatum,
3343 4025 3487 4095 aequi

1897 4130 2110 4181 amans,
2145 4115 2332 4171 multis
2385 4115 2508 4170 aliis
2542 4115 3000 4185 appellationibus
3027 4117 3253 4188 dignum
3286 4135 3298 4171 :
3341 4118 3490 4186 quod

1900 4208 1968 4262 ad
2004 4208 2208 4262 Christi
2248 4209 2359 4262 veri
2419 4207 2515 4262 Dei
2563 4207 2735 4262 nostri
2771 4210 3109 4279 exemplum,
3167 4209 3489 4265 dissidentia

1897 4307 2136 4368 coaptat,
2171 4315 2311 4370 aegra
2354 4310 2551 4366 sanat,
2605 4299 2782 4355 tristia
2849 4302 3146 4359 exhilarat.
3208 4301 3487 4358 Eximium

1900 4391 2172 4463 quoddam
2208 4406 2395 4446 revera
2447 4392 2761 4462 imperium,
2810 4403 2866 4448 et
2902 4395 2968 4450 iis
2995 4410 3116 4464 quae
3139 4396 3490 4463 beataquon-

1828 4459 1870 4514 θ
1899 4459 2021 4539 dam
2047 4483 2337 4553 praedicata
2363 4459 2605 4547 fuerunt,
2648 4500 2785 4552 par:
2840 4486 2988 4555 quod
3013 4459 3281 4542 laudibus
3325 4459 3489 4542 exor-

1901 4590 2033 4631 nare
2069 4576 2308 4631 hominis
2348 4577 2530 4646 lingua
2561 4578 2706 4632 haud
2742 4576 2903 4632 facile
2931 4579 3124 4646 possit.
3178 4579 3282 4633 Sed
3314 4594 3492 4647 quan-

1900 4665 2189 4735 doquidcm
2226 4666 2341 4719 haec
2371 4666 2445 4719 ita
2472 4680 2530 4720 se
2563 4666 2782 4730 habent,
2816 4681 3038 4719 oramus
3059 4676 3112 4720 et
3143 4666 3489 4721 obteSIamur

1903 4756 2135 4826 indigni,
2172 4766 2232 4810 ut
2276 4771 2437 4812 sacro
2467 4758 2586 4826 ipso
2613 4766 2912 4827 conspectu
2941 4766 3128 4812 vestro
3189 4757 3296 4812 frui
3327 4759 3488 4813 nobis

1903 4850 2085 4915 liccat,
2120 4859 2174 4905 et
2205 4850 2592 4905 suavissimam
2653 4866 2843 4905 vocem
2874 4851 3066 4905 audire
3107 4852 3404 4906 venerandi
3424 4865 3487 4905 ac

1902 4947 2298 5018 sapientissimi
2339 4953 2451 5004 oris
2485 4948 2651 5003 vestri
2681 4963 2697 5003 :
2725 4958 2784 5003 ut
2812 4965 2935 5018 quae
2995 4948 3224 5004 auribus
3271 4949 3487 5019 accepi-

1900 5055 2044 5102 mus,
2068 5040 2244 5094 oculis
2272 5040 2546 5094 intuentes
2581 5039 2767 5092 animo
2817 5038 3179 5105 exsultemus,
3220 5038 3378 5108 quasi
3401 5040 3485 5093 lu-

1901 5135 2124 5202 gnbrem
2158 5133 2451 5203 quamdam
2493 5143 2695 5188 vestem
2719 5148 3005 5187 rnmrorem
3049 5140 3296 5186 nostrum
3345 5133 3488 5186 hila-

1901 5229 2060 5280 ritate
2091 5237 2484 5296 permutantes.
2515 5224 2579 5278 Et
2609 5227 2870 5295 quoniam
2924 5227 3156 5278 alterum
3189 5224 3346 5279 nobis
3401 5225 3486 5277 lo-

1901 5317 2102 5384 quentli
2132 5325 2514 5385 argumentum
2556 5314 2625 5369 de
2683 5315 2897 5368 sincera
2936 5323 2990 5367 et
3018 5313 3278 5366 inviolata
3321 5312 3484 5366 Chri-

1901 5408 2206 5461 stianorum
2233 5407 2338 5460 fide
2370 5417 2553 5460 nostra
2582 5415 2697 5469 est;
2732 5406 2862 5458 illud
2894 5421 3017 5459 cum
3059 5405 3364 5462 reverentia
3399 5421 3487 5459 re-

1902 5498 2042 5551 ferre
2070 5501 2351 5561 audemus,
2396 5500 2561 5568 quod,
2591 5501 2638 5552 si
2683 5499 2982 5550 humanum
3039 5497 3316 5566 quidpiam
3343 5508 3487 5552 esset

1901 5593 1968 5647 de
2001 5609 2110 5662 quo
2138 5608 2319 5646 sermo
2363 5602 2466 5654 est,
2495 5602 2549 5646 et
2589 5593 2670 5646 vel
2700 5591 2752 5644 in
2783 5591 3116 5646 sanctissimi
3162 5591 3486 5660 patriarchae

1903 5686 2074 5740 nostri
2114 5694 2381 5754 potestate
2405 5685 2594 5750 situm,
2653 5684 2735 5738 vel
2763 5683 2817 5737 in
2884 5693 3104 5748 nostra;
3155 5698 3264 5737 non
3305 5684 3481 5738 solum

1903 5791 2093 5844 parum
2130 5776 2354 5846 aliquid,
2405 5776 2498 5830 scd
2533 5786 2700 5830 totum
2745 5776 2922 5845 ipsum
2953 5775 3144 5831 cedere
3169 5787 3482 5846 oporteret,

1900 5869 1971 5923 ita
2023 5870 2245 5938 jubentc
2293 5871 2567 5925 mandato.
2631 5868 2765 5924 Cum
2811 5879 2988 5924 autem
3022 5869 3087 5923 dc
3131 5869 3253 5927 .Deo
3301 5886 3480 5923 sermo
