3934 6444
495 364 629 431 1331

1690 364 1752 424 S.
1793 364 2186 425 THEODORI
2228 365 2575 425 STUDszE

3625 360 3760 422 1332

493 481 587 542 sit,
615 474 743 530 etin
776 473 946 530 Deum
978 473 1068 530 cui
1103 475 1351 529 serviunt
1374 474 1558 529 omnia
1592 493 1606 528 :
1643 490 1751 529 non
1801 476 1961 529 modo
1992 475 2081 529 hic

2196 477 2350 530 Ἐπεὶ
2379 477 2436 529 δὲ
2466 477 2594 547 περὶ
2634 475 2772 528 Θεοῦ
2802 476 2898 528 καὶ
2928 478 3004 537 εἰς
3043 474 3176 526 Θεὸν
3205 477 3232 527 6
3271 473 3462 540 Λόγος,
3492 465 3554 526 οῦ
3599 471 3760 526 δοῦλα

491 576 585 620 aut
615 565 724 630 ille,
775 565 870 619 sed
924 579 1100 634 neque
1119 565 1164 619 si
1203 563 1403 619 Petrus
1430 573 1483 618 et
1516 563 1756 627 Paulus,
1809 579 1985 633 neque
2033 563 2080 620 si

490 658 808 726 angelorum
861 657 1136 727 quispiam
1219 656 1381 722 foret,
1437 657 1725 711 demutare
1792 657 2079 726 quidpiam

489 752 575 804 vel
603 750 894 805 minimum
929 751 1175 810 auderet,
1206 759 1468 820 tanquam
1500 766 1694 806 everso
1750 766 1815 805 ea
1869 751 2083 805 ratione

490 843 786 913 Evangelio
811 842 1088 898 universo.
1118 841 1238 897 lam
1268 858 1400 898 vero
1420 859 1752 908 sermonem,
1800 843 2082 898 refellendi

490 952 675 1002 rausa,
709 952 834 990 cum
868 935 1216 991 heterodoxis
1236 936 1489 991 conferre
1516 937 1818 1005 apostolico
1855 935 2084 990 manda-

492 1041 548 1082 to
583 1037 851 1099 repugnat
880 1029 925 1061 ⁸⁷
968 1047 982 1083 :
1027 1030 1368 1098 minimeque
1423 1030 1682 1084 convenit
1725 1029 1832 1083 nisi
1865 1029 1931 1083 ad
1960 1044 2082 1083 cor-

490 1122 792 1191 reptionem
824 1123 1224 1179 tantummodo.
1293 1121 1588 1193 Propterea
1619 1123 1825 1193 indigni
1879 1137 1979 1178 nos
2006 1121 2082 1192 pii

493 1213 705 1282 imperii
737 1214 903 1268 vestri
948 1213 1139 1268 famuli
1189 1229 1259 1269 ne
1294 1214 1508 1270 hiscere
1544 1215 1765 1285 quidem
1796 1215 2082 1269 audemus.

493 1304 647 1371 Quod
674 1307 720 1360 si
745 1309 874 1375 quid
898 1316 982 1362 est
1005 1307 1274 1376 ejusmodi
1306 1307 1375 1361 de
1400 1323 1511 1376 quo
1537 1307 1778 1376 ambigat
1820 1317 1915 1361 aut
1947 1306 2084 1360 dim-

493 1399 586 1451 dat
624 1397 810 1451 divina
863 1397 1270 1468 magniﬁcentia
1299 1409 1480 1454 vestra
1543 1399 1631 1468 pie
1685 1414 1717 1452 a
1773 1398 2081 1468 patriarcha

490 1491 715 1545 dissolvi
747 1507 947 1561 posse;
999 1492 1191 1562 jubeat
1226 1508 1423 1564 magna
1455 1493 1627 1563 ipsius
1657 1504 1710 1546 et
1741 1508 1769 1546 a
1801 1492 1910 1547 Deo
1948 1507 2082 1547 con-

2182 571 2249 625 τὰ
2275 570 2601 640 σύμπαντα·
2632 569 2728 639 οὐχ
2761 571 2788 622 ὁ
2820 568 2965 622 τίσδε
3009 568 3042 640 ἢ
3077 567 3255 619 τίσδεο
3290 567 3406 620 ἀλλ’
3433 567 3542 620 οὐδ’
3564 568 3619 619 εί
3653 567 3759 620 Πέ-

2182 682 2310 736 τρος
2341 665 2436 716 καὶ
2471 661 2702 726 Παῦλος,
2727 661 2835 714 οὐδ’
2859 662 2925 715 ἄν
2953 678 3036 722 τις
3063 659 3169 712 τῶν
3195 659 3444 727 ἀγγέλων
3495 657 3605 727 εἴη,
3636 658 3757 711 τολ-

2213 758 2411 826 μήσιεν
2437 753 2503 808 ἂν
2536 753 2639 807 κᾶν
2674 753 2734 806 τὸ
2764 752 3104 823 βραχύτατον
3146 751 3543 822 παρακινῆσαι·
3572 752 3647 813 ὡς
3673 750 3762 803 διὰ

2183 850 2373 903 τούτου
2403 847 2500 902 τοῦ
2524 849 2726 910 παντὸς
2746 847 3089 916 Εὐαγγελίου
3121 846 3588 917 ἀνατρεπομένου.
3617 848 3760 916 Πρός

2182 962 2242 997 τε
2277 943 2338 997 τὸ
2369 944 2598 1012 συνᾶραι
2619 942 2778 1010 λόγον
2798 941 3182 1013 ἀντιρρητικὸν
3220 939 3360 1010 μετά
3381 939 3489 992 τῶν
3515 939 3762 1012 ἑτεροδόο

2187 1036 2293 1101 ξων
2324 1035 2759 1105 ἐναντιούμενον,
2803 1037 2869 1105 τῇ
2899 1036 3230 1104 ἀποστολικῇ
3281 1032 3632 1104 παραγγελία
3699 1034 3759 1084 ού

2185 1126 2450 1198 καθῆκον·
2487 1128 2537 1178 εἱ
2583 1126 2658 1196 μή
2709 1143 2762 1178 τι
2795 1126 2930 1195 πρὸς
2978 1123 3260 1177 νουθεσίαν
3307 1123 3488 1193 μόνον.
3530 1123 3640 1174 Καὶ
3673 1122 3763 1174 διὰ

2183 1216 2345 1271 τοῦτο
2376 1218 2425 1270 οἱ
2461 1217 2670 1283 ἀνάξιοι
2697 1215 2874 1268 δοῦλοι
2897 1214 2991 1268 τοῦ
3025 1214 3280 1277 εὐσεϐοῦς
3317 1213 3472 1282 ὑμῶν
3500 1215 3763 1283 κράτους,

2185 1311 2281 1363 καὶ
2313 1309 2509 1381 γρύξαι
2538 1310 2699 1379 μόνον
2729 1310 2792 1362 οὐ
2827 1306 3282 1376 κατατολμῶμεν.
3314 1307 3376 1360 Εἰ
3412 1306 3546 1359 δέτι
3584 1305 3761 1375 ἀμφι-

2185 1403 2515 1473 ϐαλλόμενον
2554 1402 2587 1473 ἢ
2621 1399 3021 1470 ἀπιστούμενον
3048 1402 3113 1469 τῇ
3156 1398 3278 1471 θείᾳ
3322 1398 3478 1468 ὑμῶν
3523 1397 3763 1468 μεγαλο-

2184 1496 2305 1566 νοίᾳ
2359 1493 2672 1548 διαλύεσθαι
2731 1493 2836 1545 ύπὸ
2892 1491 2986 1545 τοῦ
3045 1491 3346 1563 ἀρχιερέως
3404 1488 3662 1551 εὖσεϐὦςο
3727 1491 3761 1558 ἡ

493 1585 710 1636 firmata
777 1599 1000 1645 manus,
1064 1584 1213 1639 velut
1267 1585 1584 1638 divinorum
1651 1584 1962 1638 a>mulatrix
2015 1584 2084 1638 ad

2192 1587 2400 1658 μεγάλη
2451 1584 2545 1640 καὶ
2591 1586 2977 1656 θεοστήρικτος
3019 1584 3192 1652 αὐτῆς
3231 1584 3375 1653 χεὶρ,
3409 1581 3483 1645 ὡς
3531 1581 3764 1652 ζηλοτυ-

493 1689 841 1729 ιευιιιιηυηοιη
868 1675 1175 1739 utilitatem,
1204 1693 1235 1731 a
1258 1686 1441 1732 vetere
1470 1676 1642 1732 Roma
1671 1678 1876 1747 suscipi
1903 1678 2086 1732 decla-

2192 1680 2366 1734 ποῦσα
2393 1678 2462 1732 τὰ
2501 1678 2619 1732 θεῖα
2666 1679 2754 1730 ἐπ’
2787 1676 3026 1747 ὠφελείᾳ
3060 1675 3154 1728 τοῦ
3187 1675 3416 1738 παντὸς,
3450 1674 3767 1727 κελευσάτω

494 1766 789 1832 rationem,
818 1777 979 1836 prout
1005 1768 1134 1822 olim
1166 1778 1222 1824 et
1247 1770 1316 1823 ab
1350 1770 1504 1824 initio
1535 1780 1758 1840 paterna
1790 1771 2084 1825 traditione

2192 1771 2340 1841 παρά
2365 1773 2462 1841 τῆς
2494 1769 2874 1842 πρεσϐυτέρας
2923 1768 3142 1839 Ῥώμης
3162 1766 3417 1832 δέξασθαι
3439 1765 3536 1835 τὴν
3573 1765 3768 1819 διασά-

496 1863 862 1919 transmissus
899 1879 1024 1919 mos
1060 1863 1184 1919 fuit.
1241 1863 1367 1920 Haec
1424 1866 1590 1929 enim,
1629 1867 1833 1920 Christi
1894 1866 2089 1922 aemule

2193 1881 2381 1934 φησιν,
2416 1863 2491 1926 ὼς
2521 1861 2730 1917 ἄνωθέν
2755 1879 2814 1914 τε
2843 1864 2934 1914 καὶ
2974 1860 3034 1923 ἐξ
3057 1859 3233 1929 ἀρχῆς
3266 1857 3771 1928 πατροπαραδότως

493 1955 812 2024 imperator,
846 1972 1102 2026 suprema
1137 1969 1221 2012 est
1251 1959 1623 2014 Ecclesiaruni
1684 1960 1801 2024 Dei,
1863 1959 1919 2012 in
1977 1975 2084 2028 qua

2192 1954 2435 2024 ἐξεδόθη.
2475 1953 2622 2024 Αῦτη
2660 1952 2790 2022 γὰρ,
2824 1952 3228 2023 χριστομίμητε
3261 1947 3506 2020 βασιλεῦ,
3541 1950 3575 2018 ἠ
3600 1965 3772 2020 κορυ-

492 2043 691 2100 Petrus
726 2049 908 2102 sedem
939 2051 1147 2116 primus
1167 2052 1364 2114 tonuit,
1392 2053 1456 2104 ad
1501 2066 1663 2120 quem
1693 2051 1958 2105 Dominus
2001 2051 2086 2104 di-

493 2136 572 2189 xit
599 2149 620 2188 .'
646 2136 718 2190 Tu
749 2153 801 2190 es
832 2138 1017 2191 l’etrus
1039 2148 1088 2191 et
1109 2154 1265 2206 super
1294 2139 1428 2193 hanc
1457 2151 1662 2207 petram
1687 2140 1965 2208 wdiﬁcabo
1988 2139 2087 2191 Ec-

491 2227 712 2282 clesium
737 2245 928 2294 meam,
947 2240 995 2283 et
1021 2241 1188 2299 portae
1214 2232 1373 2301 inferi
1388 2248 1491 2284 non
1512 2231 1868 2301 prwvalebunt
1897 2239 2085 2284 adver-

493 2336 586 2374 sus
639 2337 762 2374 eam
797 2321 862 2376 ⁸⁸.
913 2321 1041 2377 Haec
1061 2333 1144 2378 est
1178 2325 1528 2394 indignorum
1575 2323 1907 2378 famulorum
1964 2333 2087 2378 tuo-

493 2425 618 2465 rum
680 2413 1032 2480 postulatio:
1077 2415 1195 2468 hac
1257 2426 1448 2470 nostra
1508 2416 1734 2470 humilis
1786 2415 2086 2470 secundum

496 2502 668 2556 Deum
692 2503 1027 2558 exhortatio.
1063 2502 1256 2557 Valida
1288 2521 1392 2574 ego
1428 2505 1521 2561 Dei
1570 2521 1767 2560 manus
1807 2516 1987 2560 servet
2037 2516 2089 2558 te

496 2594 704 2648 mundo
735 2594 1175 2662 desiderabilem,
1209 2597 1472 2667 piumque
1507 2597 1951 2652 Christianorum
1979 2596 2087 2650 im-

496 2693 828 2755 peratorem,
891 2687 958 2741 ad
1017 2687 1219 2742 multos
1279 2704 1454 2747 annos
1489 2691 1861 2760 superstitem,
1919 2699 1973 2744 et
2019 2688 2087 2743 ad

498 2790 740 2844 ﬁliorum
792 2787 936 2843 ﬁlios
969 2785 1260 2856 imperium
1299 2786 1761 2839 transmittentem
1797 2797 1921 2837 cum
1959 2796 2087 2852 pro-

497 2882 677 2950 speris
707 2880 1088 2942 successibus,
1122 2877 1476 2947 hostiumque
1519 2884 1575 2931 et
1607 2875 1956 2929 inimicorum
2007 2873 2088 2926 vi-

499 2973 713 3027 ctoriis.
738 2971 883 3037 Fiat,
911 2972 1034 3025 fiat!

570 3083 964 3140 LXXXVII.—
999 3082 1277 3206 Episcloﬁis
1314 3091 1528 3204 pz'opter
1595 3078 1877 3132 Dominum
1932 3096 2090 3132 exsu-

1181 3171 1197 3205 z
1239 3166 1335 3206 usi
1392 3164 1424 3205 I.

1181 3164 1295 3205 was
1325 3164 1424 3221 (ι).

2189 2046 2454 2116 φαιοτάτη
2481 2044 2588 2097 τῶν
2617 2043 2956 2113 Ἐκκλησιῶν
2973 2042 3067 2095 τοῦ
3091 2042 3248 2106 Θεοῦ,
3281 2037 3348 2113 ἦς
3377 2042 3583 2111 Πέτρος
3614 2058 3771 2111 πρωι-

2187 2139 2459 2213 τόθρονος,
2485 2139 2621 2210 πρὸς
2647 2139 2707 2192 ὃν
2738 2141 2765 2192 ὁ
2791 2138 2998 2208 Κύριός
3019 2153 3171 2208 φησι’
3206 2137 3289 2191 Σὺ
3319 2133 3376 2191 εἷ
3400 2137 3641 2205 Πέτρος,
3667 2136 3773 2188 καὶ

2186 2231 2284 2285 ἐπὶ
2313 2233 2501 2299 ταύτῃ
2526 2230 2601 2299 τῇ
2626 2230 2811 2300 πέτρᾳ
2832 2229 3208 2300 οἰκοδομήσω
3229 2247 3342 2291 μου
3367 2229 3482 2297 τὴν
3512 2229 3775 2293 Ἐκκλη-

2187 2323 2359 2376 σίαν·
2393 2322 2492 2375 καὶ
2519 2321 2708 2375 πύλαι
2736 2321 2886 2388 ᾅδου
2929 2323 3001 2375 οὐ
3035 2321 3527 2388 κατισχύσουσιν
3550 2317 3770 2385 αὐτῆς.

2189 2414 2359 2468 Τοῦτο
2405 2413 2562 2484 ἡμῶν
2597 2415 2655 2464 τὸ
2693 2412 2905 2480 αἴτημα
2953 2413 3063 2465 τῶν
3102 2413 3339 2477 ἀναξίων
3381 2411 3583 2464 δούλων
3627 2428 3728 2463 σου
3755 2427 3771 2441 θ

2190 2507 2327 2577 αῦτη
2361 2505 2460 2559 σὺν
2490 2504 2610 2576 Θεῷ
2638 2507 2671 2576 ἡ
2723 2504 3070 2576 παράκλησις
3103 2503 3213 2558 τῶν
3254 2503 3771 2572 τεταπεινωμένων.

2202 2599 2266 2654 Ἡ
2293 2598 2528 2669 κραταιά
2557 2593 2650 2650 οὖν
2676 2596 2798 2667 χεὶρ
2827 2595 2920 2649 τοῦ
2951 2594 3088 2648 θεοῦ
3120 2594 3283 2658 σώζοι
3315 2612 3398 2656 σε,
3437 2595 3530 2648 τὸν
3565 2611 3778 2663 κοσμο-

2190 2691 2425 2761 πὸθητον
2462 2691 2556 2744 καὶ
2586 2689 2815 2759 θεοφιλῆ
2855 2687 2968 2753 τὸν,
3007 2686 3232 2761 βασιλέα
3253 2687 3361 2740 τῶν
3400 2685 3771 2757 Χριστιανῶν,

2190 2785 2250 2837 ὲν
2310 2782 2525 2846 πολλοῖς
2559 2784 2776 2852 χρόνοις
2817 2781 3258 2850 διατεινόμενον,
3309 2779 3403 2831 καὶ
3446 2779 3526 2840 είς
3566 2777 3774 2841 παῖδας

2189 2876 2397 2928 παίδων
2427 2876 2488 2927 τὸ
2521 2876 2723 2944 κράτος
2762 2873 3062 2943 ἀμείϐοντα
3112 2873 3171 2925 ὲν
3216 2871 3538 2942 εὐημερίαις
3580 2887 3637 2923 τε
3672 2871 3778 2923 καὶ

2190 2966 2368 3030 νίκαις
2399 2965 2612 3036 ὲχθρῶν
2639 2982 2699 3017 τε
2731 2965 2825 3018 καὶ
2846 2963 3144 3034 πολεμίων.
3182 2964 3419 3025 Γένοιτο,
3449 2962 3694 3033 γένοιτοί

2192 3075 2264 3143 (at)
2299 3072 2491 3128 IIZ'.—-
2523 3073 2907 3137 Ἔπισκόποις
2949 3073 3047 3218 δῑὰ
3062 3075 3293 3218 EKuglnor
3320 3073 3780 3146 πεφυγαδευμέ-

2806 3162 2957 3211 νοις.
3021 3163 3057 3214 φ
3094 3153 3162 3215 η’.

2806 3162 2957 3211 νοις.
2997 3153 3162 3215 [eam

1145 3268 1382 3319 Adoratio
1403 3269 1584 3319 Christi
1610 3267 1834 3330 imaginis
1856 3267 2104 3328 quomodo
2126 3265 2476 3328 intelligenda.
2501 3263 2701 3327 (Baron.
2729 3277 2807 3313 an.
2834 3263 2945 3322 816,
2973 3277 3022 3313 n.
3051 3261 3151 3325 Π.)

569 3377 709 3431 Cum
748 3375 815 3430 de
839 3372 1192 3428 beatitudinis
1222 3385 1414 3429 vestrm
1437 3376 1599 3429 rebus
1629 3390 1802 3444 nuper
1834 3389 1933 3445 ego
1989 3373 2093 3428 hu—
2119 3378 2164 3436 (Ζ

501 3468 650 3523 milis
703 3466 1057 3528 audivissent,
1116 3465 1303 3520 Patres
1359 3465 1834 3528 desideratissimi,
1873 3462 2093 3532 gavisus

500 3577 625 3617 sum
651 3575 1004 3631 magnopere,
1040 3568 1094 3614 et
1139 3561 1404 3628 optimum
1459 3557 1628 3612 Deum
1668 3566 1914 3611 nostrum
1976 3555 2092 3611 cnl-

501 3653 760 3709 lnudavi:
810 3652 957 3722 quod
990 3667 1098 3705 non
1150 3651 1312 3704 etiam
1358 3651 1543 3705 videre
1601 3666 1720 3716 vos,
1777 3665 1875 3703 nec
1906 3649 2094 3719 gratiae

503 3743 664 3801 donis
688 3761 811 3817 quae
839 3746 889 3798 in
923 3745 1079 3799 vobis
1110 3754 1246 3798 sunt
1266 3744 1370 3798 frui
1401 3745 1575 3808 licuit,
1605 3744 1928 3811 permoleste
1969 3743 2088 3798 tuli.

505 3837 739 3893 Visurus
767 3837 1039 3907 siquidem
1067 3852 1215 3890 eram
1252 3836 1504 3891 homines
1535 3835 1650 3899 Dei,
1679 3835 1963 3905 episcopos
1987 3835 2094 3888 Do-

503 3929 662 3994 mini,
695 3929 886 3984 beatos
917 3929 1086 3990 viros.
1117 3929 1302 3982 mundi
1328 3929 1555 3993 lumina,
1582 3927 1704 3981 fidei
1730 3929 2088 3991 firmamenta,

502 4030 560 4076 et
583 4021 629 4077 si
669 4022 801 4092 quid
851 4021 996 4076 aliud
1051 4022 1268 4075 honesti
1315 4033 1420 4088 est,
1469 4036 1582 4074 rem
1633 4021 1751 4088 ejus
1776 4035 1839 4072 ac
1894 4035 2090 4073 nomen

504 4113 836 4168 obtinentes.
881 4111 925 4169 Ο
949 4114 1259 4182 iacturam!
1295 4128 1328 4167 o
1372 4113 1734 4166 calamitatem
1770 4113 1781 4165 ε
1818 4110 1922 4165 Sed
1955 4112 2095 4165 mul-

504 4217 558 4260 ta
609 4205 872 4260 nimirum
956 4214 1180 4274 peccata
1236 4214 1425 4261 nostra
1500 4205 1666 4276 hujus
1717 4221 1879 4260 casus
1935 4206 2093 4259 nobis

503 4313 669 4351 causa
698 4297 943 4352 fuerunt.
973 4297 1083 4352 Nec
1110 4297 1225 4368 jam
1276 4298 1546 4352 miramur
1573 4297 1967 4362 infortunium,
1999 4297 2094 4351 sed

507 4389 796 4447 offerimus
844 4390 1325 4460 supplicationem.
1358 4390 1498 4456 Quid
1532 4391 1675 4445 istud
1729 4400 1908 4444 autem
1948 4390 1970 4442 ?
2024 4388 2093 4443 Ut

503 4483 650 4553 quod
683 4482 880 4547 defuit,
902 4483 1100 4538 litteris
1152 4484 1541 4552 compensetis,
1579 4482 1935 4548 instruentes,
1968 4482 2092 4534 illu-

507 4575 802 4640 minantes,
860 4575 1274 4640 confirmantes,
1330 4575 1686 4631 ostendentes
1746 4590 2092 4645 quaecunque

504 4677 633 4716 vera
665 4672 814 4729 sunt,
851 4678 975 4732 qua:
1032 4662 1285 4729 honesta,
1342 4680 1465 4733 quae
1493 4663 1662 4733 jnsta,
1697 4681 1819 4735 qua:
1868 4666 1933 4719 ad
1967 4665 2088 4719 lidei

2271 3373 2430 3445 Ἀρτι
2463 3371 2811 3434 ἀκουτισθεὶς
2839 3373 2867 3424 ὁ
2897 3371 3153 3434 ταπεινὸς
3172 3372 3256 3438 ξτά
3284 3373 3413 3442 περὶ
3449 3370 3550 3443 τῆς
3587 3388 3780 3442 μακα-

2198 3465 2444 3535 ριότητος
2480 3463 2654 3533 ὑμῶν,
2691 3459 2736 3516 ὢ
2768 3462 3084 3534 τριπόθητοι
3120 3463 3381 3534 Πατέρες,
3417 3463 3540 3517 λίαν
3572 3465 3781 3535 ἣσθην,

2193 3559 2287 3610 καὶ
2318 3555 2546 3619 ἐδόξασα
2574 3555 2666 3608 τὸν
2693 3555 2895 3623 ἀγαθὸν
2927 3555 3085 3625 ἡμῶν
3119 3555 3270 3611 Θεόν,
3313 3556 3436 3609 Ὀτι
3467 3557 3589 3610 οὐδὲ
3609 3557 3782 3626 ἠξιώ-

2195 3645 2295 3718 θην
2325 3648 2456 3700 ίδεῖν
2484 3648 2650 3718 ὑμᾶς,
2677 3649 2767 3701 καὶ
2790 3647 3098 3700 ἀπολαῦσαι
3125 3646 3234 3699 τῶν
3263 3648 3320 3698 ἐν
3348 3648 3477 3716 ὑμῖν
3497 3650 3782 3719 χαρισμά-

2193 3755 2325 3802 των,
2361 3738 2457 3793 ita).
2490 3740 2630 3793 πάνυ
2666 3738 2914 3808 ἠνιάθην.
2958 3737 3225 3808 Ἔμελλον
3256 3739 3364 3810 γὰρ
3395 3740 3528 3810 ὁρᾷν
3555 3740 3748 3811 ἀνθρώ

2196 3850 2333 3894 πους
2377 3832 2535 3894 Θεοῦ,
2588 3831 2851 3903 ίεράρχας
2902 3830 3130 3902 Κυρίου,
3193 3829 3499 3902 μακαρίους
3544 3829 3778 3900 ἄνδρας,

2195 3929 2492 3999 φωστῆρας
2536 3924 2780 3995 κόσμου,
2835 3924 3140 3995 ἐρείσματα
3177 3925 3418 3986 πίστεως
3457 3924 3512 3978 εί
3554 3942 3608 3977 τι
3643 3924 3782 3980 ἄλλο

2195 4019 2305 4072 τῶν
2347 4017 2550 4080 καλῶν,
2592 4017 2687 4069 καὶ
2721 4016 2881 4079 ὄντας
2910 4017 3006 4069 καὶ
3053 4017 3512 4087 ὀνομαζομένους.
3563 4020 3627 4071 Ὢ
3669 4019 3780 4086 τῆξ

2195 4107 2435 4178 ζημίαςί
2485 4107 2530 4158 ὢ
2561 4105 2661 4171 τῆς
2708 4106 3024 4176 συμφορᾶςί
3067 4106 3212 4178 Πλὴν
3261 4109 3315 4159 αί
3369 4107 3562 4160 πολλαὶ
3610 4110 3782 4177 ἡμῶν

2195 4199 2461 4271 ἁμαρτίαι
2491 4201 2662 4253 αἴτιον
2681 4197 2777 4252 τοῦ
2805 4199 3232 4269 συμϐεϐηκότος.
3267 4198 3379 4251 Καὶ
3406 4199 3464 4251 οὗ
3489 4197 3780 4268 θαυμάζο-

2199 4309 2297 4361 μεν
2322 4291 2421 4361 τὴν
2452 4291 2677 4360 ἀτυχίαν
2696 4305 2711 4318 ·
2755 4289 2893 4343 ἀλλὰ
2922 4289 3300 4360 προϐάλλομεν
3331 4290 3428 4360 τὴν
3460 4291 3776 4361 ἱκετηρίαν.

2194 4384 2260 4436 Τί
2305 4382 2498 4449 τοῦτο;
2535 4383 2622 4435 ἵνα
2654 4382 2945 4453 γράμμασι
2979 4381 3456 4453 παραμυθήσησθε
3497 4383 3598 4452 τὴν
3629 4384 3778 4436 ἀπό-

2192 4475 2389 4544 λειψιν,
2417 4474 2816 4539 νουθετοῦντες,
2848 4474 3196 4543 φωτιοῦντες,
3228 4474 3599 4546 στηρίζοντες,
3635 4477 3780 4531 ὑπο-

2195 4573 2474 4641 φαίνοντες
2502 4572 2603 4624 ὅσα
2631 4571 2783 4624 ἐστὶν
2821 4569 3022 4641 ἀληθῆ,
3045 4571 3145 4624 ὅσα
3185 4571 3379 4640 σεμνὰ,
3415 4571 3516 4624 ὅσα
3557 4571 3777 4637 δίκαια,

2193 4666 2293 4718 ὅσα
2323 4663 2638 4725 ἐνστατικὰ,
2668 4663 2769 4716 ὅσα
2799 4662 3015 4715 ἐναθλα.
3051 4661 3118 4716 Εἴ
3138 4680 3222 4726 τις
3258 4663 3450 4735 ἀρετὴ,
3486 4664 3579 4716 καὶ
3607 4665 3663 4718 εἴ
3684 4682 3779 4729 τις

504 4753 881 4809 defensionem
963 4769 1027 4809 ac
1057 4764 1336 4811 certamen
1366 4757 1584 4811 idonea.
1617 4758 1675 4812 Si
1719 4773 1825 4826 qua
1865 4758 2038 4812 virtus
2071 4797 2086 4823 ,

2193 4756 2411 4819 ἔπαινος
2431 4754 2744 4826 ὁμολογίας,
2781 4754 2958 4808 ταῦτα
2986 4756 3250 4826 γράφοιτε
3274 4773 3287 4786 ·
3321 4756 3417 4809 καὶ
3450 4755 3569 4820 πῶς
3593 4774 3779 4828 προσ-

506 4848 552 4902 si
582 4863 689 4917 qua
720 4847 842 4902 laus
873 4847 1260 4914 confessionis,
1295 4849 1437 4904 hanc
1474 4850 1828 4919 pmscr-ibite,
1858 4859 1910 4904 et
1959 4865 2089 4919 quo-

2193 4847 2457 4918 κυνητὲον
2517 4845 2754 4917 Χριστὸν
2824 4845 3317 4916 ἐγγεγραμμένον,
3372 4847 3682 4918 ὁμωνύμως
3737 4852 3778 4922 ἢ

507 4937 671 4994 modo
721 4939 1036 4993 adorandus
1068 4940 1140 4993 sit
1189 4940 1429 5010 imagine
1466 4956 1763 5010 expressus
1792 4940 2044 4996 Christus
2079 4979 2089 5005 ,

2194 4941 2547 5010 συνωνύμως,
2590 4938 2778 5008 ἐπειδὴ
2833 4938 2896 4990 τὸ
2932 4938 3033 5009 μὲν
3070 4938 3400 5008 ὁρθοδοξίας,
3431 4939 3492 4992 τὸ
3519 4939 3576 4992 δὲ
3615 4942 3782 4994 ἀντι-

507 5032 838 5102 homonyme
877 5047 948 5084 an
977 5047 1330 5104 synonyme:
1375 5035 1637 5105 quoniam
1679 5035 1914 5089 alterum
1973 5035 2089 5103 qui‘

2192 5033 2371 5097 δοξίας
2391 5049 2406 5062 ⁹
2440 5033 2534 5085 καὶ
2586 5030 2703 5092 πῶς
2747 5029 2848 5099 τῆς
2895 5033 3319 5100 προσκυνήσεως
3354 5032 3658 5102 νοουμένης
3690 5036 3784 5100 εἰς

505 5125 631 5179 dem
669 5124 1015 5190 orthodoxae,
1073 5126 1307 5181 alterum
1345 5143 1474 5183 vero
1524 5128 1814 5183 contrariae
1856 5137 1940 5183 est
1971 5144 2089 5183 sen-

2192 5125 2426 5193 Χριστόν
2460 5142 2521 5177 τε
2558 5124 2655 5177 καὶ
2694 5123 2793 5194 τὴν
2835 5121 3001 5176 αὑτοῦ
3055 5122 3273 5185 εἰκόνα,
3333 5124 3465 5193 μιᾶς
3513 5123 3546 5193 ἢ
3586 5126 3739 5178 δυεῖν
3763 5147 3779 5161 ·

504 5217 686 5272 tentia
711 5219 758 5250 "
804 5234 821 5270 :
856 5226 911 5273 et
949 5219 1231 5288 quomodo
1266 5221 1601 5293 intelligatur
1655 5221 1901 5276 adoratio
1964 5238 2089 5293 erga

2192 5219 2381 5288 ἐπειδὴ
2401 5218 2463 5271 τὸ
2499 5219 2620 5288 μὲν,
2649 5217 2919 5287 ἡμέτερον
2938 5231 2954 5249 ο
2996 5215 3057 5267 τὸ
3085 5215 3165 5278 δὲ,
3194 5215 3305 5268 τῶν
3343 5216 3739 5288 Εἱκονομάχων
3763 5237 3783 5286 ;

504 5309 790 5364 Christum
870 5309 1104 5382 ejusque
1165 5313 1514 5384 imaginem:
1569 5329 1753 5369 unane
1794 5329 1863 5370 an
1919 5313 2087 5379 duae;

2195 5310 2275 5370 ὧν
2300 5313 2406 5383 γὰρ
2437 5312 2534 5382 μία
2558 5313 2591 5382 ὴ
2623 5308 2962 5379 ὕποστατικὴ
2990 5308 3249 5378 ὁμοίωσις
3270 5350 3284 5373 ,
3310 5309 3515 5363 τούτων
3547 5309 3649 5380 μία
3678 5319 3782 5366 καὶ

503 5405 764 5471 quoniam
789 5403 1020 5458 alterum
1051 5405 1271 5475 quidem
1313 5417 1559 5463 nostrum
1581 5417 1685 5474 est,
1705 5408 1935 5463 alterum
1962 5422 2089 5462 vero

2198 5407 2233 5476 ἡ
2258 5405 2398 5476 αὑτὴ
2424 5402 2814 5474 προσκύνησις⁶
2846 5400 2999 5472 παρὰ
3026 5401 3088 5451 τὸ
3110 5399 3209 5470 τὴν
3230 5399 3422 5453 οὐσίαν
3441 5401 3540 5468 τῆς
3560 5402 3782 5469 εἰκόνος

575 5520 620 5548 ⁸⁷
645 5517 752 5572 Tit.
781 5534 860 5642 ιῖι.
899 5520 981 5574 10.
1020 5520 1103 5642 5⁸³
1129 5520 1318 5576 Matth.
1365 5540 1476 5587 xvi,
1527 5524 1612 5578 18.
1686 5524 1732 5554 ⁸⁹
1776 5521 1934 5577 Eade
1957 5539 2015 5577 re
2045 5520 2322 5577 Petavius.
2383 5522 2475 5576 lib.
2530 5537 2556 5573 ν
2593 5519 2667 5573 De
2723 5519 2984 5573 incarnat.
3030 5535 3149 5587 cap.
3216 5520 3269 5584 8,
3316 5537 3367 5574 n.
3418 5521 3479 5571 l0
3517 5539 3528 5586 ;
3585 5531 3643 5575 et
3674 5511 3779 5582 lib.

580 5630 594 5642 .
632 5606 751 5642 can.
831 5591 884 5642 5.
924 5608 976 5642 n.
1059 5630 1072 5642 .

503 5606 594 5654 xv,
632 5606 751 5657 cap.
802 5606 884 5652 ID,
924 5608 976 5643 n.
1020 5606 1072 5643 ο.

2027 5724 2256 5778 ΝΟΤΑΕ.

577 5851 654 5922 (1)
691 5849 871 5904 Videri
904 5859 1083 5903 tamen
1118 5847 1290 5915 possit
1331 5845 1534 5915 scripta
1567 5853 1688 5914 post
1724 5853 1953 5898 mortem
1989 5841 2089 5898 Lec

2197 5882 2210 5898 '
2257 5847 2320 5915 (Ἴ
2357 5844 2487 5900 COd-
2529 5842 2639 5914 Βυὲ
2697 5847 2863 5916 Ἀρχὴ
2892 5847 3184 5916 βιϐλίου-ιλ,
3213 5852 3420 5903 initium
3453 5852 3578 5905 libri
3601 5860 3778 5916 tertii.
