3934 6466
142 381 286 445 1333
1353 389 1754 450 EPIS’J‘OLAH

1859 391 1889 449 τι
1970 389 2114 450 LIB.
2152 391 2226 450 ll.
3285 389 3419 454 1334

149 492 396 562 μήτιπου
429 494 876 564 προσκυνεῖσθαι.
913 491 1082 562 Οὗτος
1108 499 1135 551 0
1159 498 1354 568 μικρὸς
1391 499 1545 568 ἡμῶν
1581 498 1739 566 λόγος

1859 498 2385 552 ηεοιιοιιιεειιοτιιπιῖ
2436 497 2681 565 Quorum
2726 499 2872 554 enim
2926 516 3034 555 una
3080 511 3161 554 est
3211 511 3265 555 et
3315 503 3418 572 hy-

141 587 640 656 ὑπομνηματικὸς,
680 588 794 641 ἀλλ’
847 591 907 642 οὐ
955 589 1262 654 διδακτικός
1289 607 1302 620 ο
1360 591 1515 660 ὑμῶν
1561 590 1619 642 δὲ
1661 590 1733 643 τά

1859 590 2100 644 tostatica
2133 590 2455 653 similitudo,
2489 590 2685 645 horum
2733 607 2839 646 una
2883 602 2931 646 et
2969 594 3158 646 eadem
3183 602 3264 646 est
3287 593 3421 645 ado-

137 675 447 746 τελεὼτερα
470 681 687 741 πάντως
705 677 980 741 τοσοῦτον,
999 680 1122 732 ὅσον
1159 680 1327 732 καὶτὸ
1355 677 1733 748 καθυπερέχον

141 767 240 820 τοῦ
271 769 598 840 χρίσματοςδ
637 772 721 840 ἐφ’
829 771 1071 841 τελοίητε
1097 770 1188 824 τὸν
1216 771 1580 844 προκείμενον
1609 769 1732 838 δρό-

149 878 256 930 μον
293 863 617 931 ὁσιώτατοι,
667 865 1051 936 ἀνδρειόταταο
1084 865 1160 929 ὡς
1199 863 1608 936 ἀποληψόμενοι
1644 861 1737 916 τὸν

145 957 251 1025 τῆς
293 955 643 1028 δικαιοσύνης
679 959 966 1026 στέφανον.

1837 677 1976 732 ratio
2013 695 2025 730 :
2061 689 2422 749 praaterquatn
2465 683 2610 749 quod
2665 681 2921 751 imaginis
2982 681 3287 737 substantia
3321 700 3420 736 ne-

1838 785 2116 840 quaquam
2160 770 2447 826 adoratur.
2501 772 2601 830 Hic
2636 777 2815 830 tenuis
2872 785 2957 830 est
2993 790 3175 831 sermo
3235 786 3423 829 noster

1839 866 2324 930 commonitorius,
2383 882 2493 920 non
2552 868 2618 920 ad
2662 868 2970 927 docendum
3015 879 3368 938 comparatus
3407 886 3419 921 :

1838 967 2020 1012 vestra
2051 970 2236 1013 autem
2291 969 2444 1016 tanto
2496 977 2722 1030 prorsus
2793 962 3150 1033 perfectiora,
3217 971 3424 1032 quanto

145 1050 522 1115 supereminet
550 1047 786 1118 dignitas
841 1049 1155 1105 unctionis:
1187 1050 1240 1105 in
1271 1066 1380 1121 qua
1411 1055 1735 1119 prasentem
1775 1061 2001 1103 cursum
2033 1048 2265 1106 viriliter
2316 1054 2577 1122 peragite,
2624 1054 2980 1118 sanctissimi,
3024 1063 3284 1123 tanquam
3335 1051 3425 1121 ju-

145 1140 314 1195 stitiae
348 1157 609 1196 coronam
639 1144 972 1214 percepturi.

437 1277 573 1332 ﬂH’.
619 1307 688 1319 —-
741 1277 994 1349 Ἀμμοῦν
1030 1275 1241 1339 τέκνῳ.
1286 1276 1474 1349 [φξθ’.]

2203 1275 2287 1328 LX
2303 1274 2611 1332 XXVI||.—
2649 1281 2893 1333 Ammoni
2937 1282 3073 1349 lilio.

746 1415 1035 1465 Monachum
1058 1421 1348 1477 apostatam,
1377 1417 1524 1463 etiam
1549 1415 1781 1477 conjugio
1803 1415 2124 1477 implicatum,
2144 1416 2204 1465 ad
2235 1414 2576 1479 pmnitentiatn
2599 1415 2806 1466 excitat.

218 1550 386 1616 Οἴμοι
430 1547 490 1616 ἐξ
519 1549 693 1618 αὐτῆς
734 1549 988 1616 βαλϐίδος
1026 1548 1130 1619 τῆς
1162 1549 1465 1619 ,ἐπιστολῆς
1499 1551 1595 1603 καὶ
1626 1565 1748 1600 στε-

147 1642 361 1711 ναγμὸν
393 1641 704 1709 ἀναπέμπω
738 1642 802 1693 ὲκ
846 1641 1046 1709 βάθους
1087 1642 1318 1712 καρδίας
1343 1683 1356 1705 ,
1392 1645 1485 1696 καὶ
1513 1643 1750 1713 δάκρυον

149 1734 496 1803 ἀναμίγνυμι
529 1733 608 1804 τῷ
643 1732 836 1804 μέλανι
867 1733 952 1801 ἐφ’
997 1727 1078 1796 οἷς
1104 1735 1436 1806 ἠκουτίσθην
1471 1737 1602 1805 περὶ
1632 1734 1748 1798 σοῦ,

150 1827 374 1894 ἀδελφέ.
404 1828 543 1879 Φασὶ
582 1825 692 1896 γὰρ
724 1825 1141 1896 ἀποῤῥίψασθαί
1170 1844 1230 1878 σε
1267 1829 1328 1880 τὸ
1361 1827 1516 1894 ἅγιον
1544 1828 1749 1897 ἔνδυμα

148 1918 242 1972 τοῦ
293 1917 558 1988 μοναχοῦ,
601 1921 698 1970 καὶ
744 1917 916 1971 τελεῖν
969 1920 1025 1969 ἐν
1079 1919 1308 1982 λαῖκοῖς,
1368 1921 1463 1972 καὶ
1511 1923 1746 1987 γυναῖκα

151 2011 465 2079 περιάγειν,
496 2011 558 2062 Ὢ
588 2008 686 2062 τοῦ
719 2009 954 2063 ὲλεεινοῦ
986 2009 1370 2080 ἀκούσματοςι
1408 2009 1452 2064 ὣ
1482 2013 1578 2082 τῆς
1603 2011 1747 2082 ἐμῆς

153 2103 484 2171 συμφορεῖςὶ
536 2099 673 2170 Ἐμη
708 2101 817 2172 γάρ
840 2103 874 2168 ἡ
918 2100 1008 2172 σὴ,
1037 2101 1249 2165 τέκνον,
1284 2101 1553 2171 ἁμαρτία,
1604 2103 1747 2156 κατὰ

151 2196 239 2247 τὸν
271 2194 378 2262 τῆς
414 2194 690 2265 πατρικῆς
737 2193 1085 2263 συμπαθείας
1120 2193 1344 2263 τρόπον,
1394 2192 1504 2245 Ποῦ
1544 2193 1605 2246 τὸ
1632 2193 1748 2261 φῶς

150 2286 250 2355 τῆς
281 2288 525 2348 διανοίας
546 2301 559 2349 ;
583 2284 689 2338 1:06
713 2288 808 2356 τῆς
836 2286 1053 2349 ἐλπίδος
1073 2285 1134 2337 τὸ
1157 2301 1254 2338 ποτε
1266 2285 1355 2355 ρὸν
1377 2303 1391 2349 ;
1426 2284 1530 2337 1:06
1562 2288 1588 2338 0
1610 2285 1750 2357 ἔρως

151 2383 176 2433 0
200 2382 340 2447 πρὸς
362 2380 457 2434 τὸν
484 2379 648 2445 Θεόν;
682 2379 786 2431 ποῦ
815 2377 917 2447 τῆς
945 2380 1187 2442 πίστεως
1211 2380 1239 2431 0
1271 2377 1498 2448 θυρεός;
1527 2378 1630 2431 ποῦ
1653 2376 1749 2430 τοῦ

150 2473 469 2542 λογιστικοῦ
533 2474 595 2525 τὸ
648 2472 935 2542 κριτικόν;
991 2470 1097 2523 ποῦ
1151 2472 1180 2523 0
1235 2469 1489 2523 ἐντεῦθεν
1540 2471 1749 2540 κόσμου

150 2565 426 2635 δρασμὸς;
465 2562 567 2616 ποῦ
597 2564 629 2631 ὴ
662 2560 1054 2630 ἐγκατάλειψις
1082 2559 1342 2612 ἁπάντων
1367 2558 1476 2611 τῶν
1499 2560 1594 2611 ἐπὶ
1617 2558 1750 2627 γῆς;

154 2660 256 2712 ποῦ
303 2661 338 2730 ἡ
393 2658 695 2712 ἐπιστασία
729 2657 827 2726 τῆς
874 2656 1086 2726 μονῆς;
1135 2654 1240 2708 ποῦ
1272 2657 1306 2724 ἡ
1349 2653 1754 2716 εὐκατάνυκτος

153 2753 444 2825 παραδοχὴ
501 2756 600 2822 τῆς
661 2751 950 2821 εἰσδοχῆςς
1009 2749 1112 2803 1:06
1159 2753 1192 2819 ἡ
1253 2751 1594 2820 στοιχείωσις
1651 2749 1752 2819 τῆς

153 2845 506 2913 xciv-06:11:71;
541 2844 715 2913 ζωῆςς
762 2842 864 2895 ποῦ
920 2845 950 2912 ἡ
996 2842 1302 2911 φωτιστικὴ
1352 2843 1746 2914 ὲξαγόρευσις;

155 2939 254 2990 ποῦ
296 2955 394 2990 σου
434 2937 503 2988 τά
546 2934 688 2988 καλά
717 2935 968 3005 δάκρυας
1009 2933 1114 2986 1:06
1143 2936 1175 3002 ἡ
1212 2933 1560 3004 εὐλαῦοειδὴς
1605 2933 1750 2998 ἕξις

154 3029 254 3083 1:06
287 3031 322 3099 ἡ
359 3029 428 3081 ἐκ
463 3027 556 3080 τοῦ
591 3026 961 3097 πληρώματος
994 3025 1096 3095 τῆς
1129 3024 1494 3094 ἀδελφότητος
1540 3041 1753 3095 μαρτυ-

156 3121 274 3192 ρίας
313 3119 424 3173 1:06
478 3121 511 3190 ἡ
552 3120 645 3170 ἐπὶ
691 3118 787 3172 τοῦ
841 3118 988 3188 ίεροῦ
1028 3117 1272 3189 βήματος
1302 3117 1600 3186 ὁμολογία;
1649 3114 1753 3167 ποῦ

157 3214 400 3283 μάρτυρι
435 3209 557 3280 Θεῷ
592 3227 650 3262 τε
680 3211 775 3266 καὶ
830 3210 1090 3277 ἀγγέλοις
1150 3209 1517 3280 ὑποσχέσεις;
1551 3207 1656 3261 ποῦ
1719 3209 1753 3278 ἡ

155 3303 470 3374 ὖποφαεινὴ
526 3303 822 3373 φαιδρότης
845 3302 939 3357 τοῦ
977 3303 1291 3373 σχήματος;
1328 3300 1430 3354 ποῦ
1458 3302 1486 3353 0
1508 3317 1756 3371 πνευμα-

154 3414 322 3455 τικως
346 3395 641 3464 νοούμενος
662 3395 840 3464 γάμος
864 3413 878 3462 ;
912 3395 1015 3448 ποῦ
1043 3396 1072 3447 0
1097 3395 1237 3465 ὑπὲρ
1261 3392 1356 3446 σοῦ
1375 3391 1556 3455 τυθεις
1580 3391 1751 3461 ἀμνὸς

155 3489 245 3544 τοῦ
295 3489 478 3553 Θεοῦ;
517 3487 622 3540 1:06
674 3489 736 3541 τὸ
792 3486 1153 3556 εὐαγγελικόν
1207 3503 1266 3539 τε
1324 3485 1418 3538 καὶ
1466 3484 1755 3553 ἀδελφικὸν

156 3585 518 3654 ἀγαλλίαμα;
560 3582 666 3635 1:06
707 3583 736 3634 0
776 3583 930 3651 παρὰ
981 3583 1202 3634 πάντων
1252 3579 1543 3649 ἱερώτατος
1579 3580 1757 3631 ἀσπα-

158 3677 326 3746 σμός;
367 3673 475 3728 ποῦ
505 3676 537 3745 ὴ
574 3675 632 3726 ὲν
669 3673 748 3742 τῷ
777 3671 906 3741 θείῳ
931 3670 1308 3739 θυσιαστηρίῳ
1363 3669 1710 3738 παράστασις
1739 3684 1754 3733 ;

157 3768 255 3822 1:06
283 3771 318 3839 ἡ
348 3766 446 3819 :06
479 3764 737 3833 σώματός
765 3781 825 3816 τε
857 3765 952 3816 καὶ
981 3763 1216 3833 αἵματος
1245 3760 1338 3814 τοῦ
1373 3759 1613 3830 Χριστοῦ
1639 3758 1757 3811 θεία

161 3860 510 3932 μετάληψις
538 3858 642 3911 ποῦ
671 3861 704 3924 ή
733 3858 828 3928 ὅλη
854 3855 1062 3927 φαιδρὰ
1085 3857 1179 3910 καὶ
1207 3853 1758 3924 ἀγγελοχορμόσυνος

156 3956 348 4025 τελετή
378 3971 392 4016 ;
417 3952 522 4005 1:06
550 3953 583 4021 ἡ
616 3951 759 4020 φανὴ
791 3950 1015 4021 λαμπάς
1043 3967 1057 4014 ;
1091 3948 1194 4000 1:06
1221 3949 1253 4017 ἡ
1290 3947 1536 4016 ἄμπελος
1561 3948 1592 4015 ή
1627 3944 1759 4015 ἀλη-

158 4049 314 4120 θινῆς
367 4046 477 4100 ποῦ
531 4049 566 4115 ἡ
609 4045 962 4116 καρποφόρος
1014 4043 1211 4111 φυτεία
1261 4040 1356 4093 τοῦ
1408 4039 1757 4108 Πνεύματοςς

156 4143 256 4196 ποῦ
282 4139 429 4212 ἐμοῦ
475 4155 540 4207 γε
570 4137 664 4190 τοῦ
691 4137 879 4190 ἀθλίου
917 4137 946 4188 0
977 4136 1089 4197 υἱὸς
1110 4175 1124 4199 ,
1158 4137 1185 4187 0
1216 4133 1516 4204 προαχθεὶς
1549 4132 1628 4184 ἔτι
1664 4132 1760 4184 καὶ

157 4236 234 4288 ἐτι
267 4237 329 4287 ὲν
357 4227 536 4300 καλῷ,
568 4231 662 4282 καὶ
690 4233 960 4300 χρήσιμος
990 4227 1176 4296 ὀφθεὶς
1206 4228 1272 4297 τῇ
1300 4224 1631 4293 ἀδελφότητι
1656 4261 1671 4286 ,
1699 4221 1760 4274 τὸ

158 4328 351 4378 τέκνον
391 4321 491 4375 τοῦ
520 4321 679 4384 Θεοῦ,
709 4325 736 4374 0
771 4321 866 4373 τοῦ
896 4319 1075 4390 φωτὸς
1104 4317 1391 4388 χορευτὴς,
1418 4317 1446 4368 0
1479 4315 1578 4384 τῆς
1609 4313 1762 4384 βασι-

163 4420 312 4481 λείας
335 4417 452 4472 τῶν
477 4414 727 4485 οὐρανῶν
762 4412 1010 4481 πολίτης,
1044 4411 1106 4463 τὺ
1147 4408 1340 4472 σκεῦος
1366 4407 1430 4461 τὸ
1462 4405 1716 4459 ἐκλεκτόν
1742 4421 1757 4469 ;

167 4512 287 4574 Πῶς
340 4505 597 4576 ὲστράφη
645 4506 725 4566 είς
767 4503 833 4554 τά
882 4502 1095 4564 ὀπίσω;
1161 4498 1280 4561 πῶς
1315 4496 1682 4549 ἀπελάκτισεν
1733 4496 1762 4546 ὁ

165 4598 564 4670 ἡγαπημένοςς
603 4597 718 4658 πῶς
757 4591 1052 4662 ἐσκοτίσθη
1089 4593 1116 4642 0
1147 4589 1600 4659 πεφωτισμένοςς
1640 4586 1759 4649 πῶς

164 4693 496 4747 ἀπεσείσατο
531 4687 597 4740 τὰ
636 4687 737 4756 τῆς
772 4685 998 4754 ἁγνείας
1031 4683 1211 4744 ὃπλα;
1256 4680 1371 4743 πῶς
1406 4681 1623 4746 ἐγένετο
1669 4678 1764 4748 θή-

168 4807 311 4859 ραμα.
334 4781 617 4844 διαϐόλου,
643 4779 1035 4848 ἐξωγρημένος
1063 4775 1154 4828 ὑπ’
1180 4773 1346 4827 αὐτοῦ
1367 4775 1444 4836 εἰς
1464 4772 1526 4824 τὸ
1550 4771 1761 4824 ἐκείνου

169 4882 418 4950 θέλημα,
447 4874 552 4928 καὶ
583 4871 744 4940 ἀφεὶς
788 4871 880 4923 τὸν
928 4868 1094 4921 καλὸν
1134 4865 1387 4936 Νυμφίον
1433 4863 1526 4917 τὸν
1557 4861 1762 4932 Κύριον

168 4975 255 5045 τῆς
283 4971 475 5040 δόξης,
509 4965 602 5017 τὸν
630 4962 991 5031 ἐξουσιαστὴν
1021 4960 1131 5012 τῶν
1161 4958 1461 5022 ἀπάντων;
1493 4956 1557 5007 Ὢ
1586 4954 1669 5018 τίς
1701 4956 1761 5006 οὐ

171 5044 418 5121 στενάξει
454 5058 520 5106 ὲκ
571 5052 804 5121 βαθουςς
840 5051 922 5113 τίς
952 5049 1053 5101 οὐκ
1085 5047 1331 5117 ἐλεήσειε
1361 5044 1455 5096 τὸν
1486 5045 1763 5113 ἐξηπατη-

175 5151 367 5218 μένον;
404 5143 654 5214 Οὐρανὲ,
692 5141 918 5209 ἐκστηθι
960 5141 1054 5191 ἐπὶ
1091 5136 1300 5206 τούτῳ*
1329 5133 1425 5203 γῆ,
1475 5133 1671 5204 βόησον
1699 5134 1760 5185 τὸ

173 5240 358 5299 πάθος.
409 5235 474 5286 Τί
512 5235 760 5301 γέγονεν,
809 5230 1042 5299 ἀδελφέ;
1085 5230 1187 5282 οὐκ
1232 5225 1464 5298 ᾑδέσθης
1504 5225 1608 5278 κᾶν
1634 5225 1760 5287 τοὺς

172 5336 450 5405 ὁρῶντας;
476 5331 578 5382 οὐκ
601 5326 945 5399 ἠρυθρίασας
970 5326 1063 5379 ἀπ’
1096 5321 1262 5376 αὑτοῦ
1293 5319 1387 5374 τοῦ
1419 5319 1581 5388 ἀέρος
1607 5334 1621 5383 ;
1656 5317 1756 5369 οὐκ

177 5426 536 5495 ἐδυσχέρανας
566 5420 666 5489 τὴν
691 5418 958 5472 δυσωδίαν
987 5417 1086 5486 τῆς
1121 5410 1552 5483 παγκαταράτου
1584 5410 1760 5476 ἁμαρ-

177 5519 326 5581 τίας;
371 5516 522 5584 ἔχεις
558 5512 719 5576 νοῦνς
761 5510 863 5581 ζῇς
893 5509 1038 5579 ἄρα;
1090 5506 1278 5576 ἀθρεῖς
1318 5504 1503 5574 ἧλιον;
1542 5499 1759 5570 βλέπεις

182 5612 448 5680 σελήνην;
485 5603 621 5672 ὁρᾷς
649 5600 925 5672 dats-5901;;
962 5600 1061 5652 οὐκ
1091 5597 1262 5657 ἔστιν,
1292 5596 1394 5646 οὐκ
1424 5594 1568 5644 ἔστιν
1592 5591 1767 5641 εἰπεῖν

179 5701 289 5752 ὅσον
333 5699 397 5750 τὸ
428 5694 772 5765 ἁμάρτημα,
807 5692 932 5753 ὅσος
977 5690 1005 5740 ό
1040 5689 1265 5748 σκότος,
1316 5686 1417 5753 ὅση
1463 5684 1496 5753 ἡ
1547 5680 1763 5746 ἀλογία.

183 5792 280 5844 Καὶ
308 5789 422 5842 εῐθε
447 5785 616 5856 μέχρι
639 5785 851 5835 τούτων
886 5784 913 5834 0
934 5781 1090 5849 λόγος
1112 5794 1126 5808 ⁸
1161 5773 1402 5847 εἷχερξάρ
1425 5775 1492 5846 ἂν
1511 5775 1544 5843 ἡ
1577 5771 1763 5824 ἀθλιό-

185 5900 273 5951 της
302 5876 677 5951 συμμετρίαν.
719 5873 862 5928 Ἀλλ’
881 5876 962 5927 ὅτι
995 5874 1189 5942 κρῖμα,
1216 5869 1432 5936 ἀδελφὲ,
1463 5862 1765 5935 ἀπαραίτη-

1919 1573 2017 1628 Hei
2045 1575 2176 1629 mihi
2210 1577 2222 1629 !
2250 1574 2436 1629 statim
2471 1574 2539 1630 ab
2574 1577 2688 1647 ipso
2718 1577 2960 1646 epistola:
2998 1578 3226 1631 exordio
3274 1580 3430 1633 mitto

1846 1680 1912 1719 ex
1944 1665 2134 1718 intimo
2169 1671 2334 1721 corde
2364 1667 2691 1737 suspirium,
2722 1678 2776 1722 et
2831 1668 3103 1740 lacrymas
3123 1681 3431 1725 atramento

1847 1757 2202 1824 commiscco,
2243 1759 2313 1813 ob
2334 1774 2398 1815 ea
2426 1774 2548 1830 quae
2596 1760 2663 1814 de
2692 1770 2743 1814 te
2777 1761 2985 1830 accepi,
3024 1760 3212 1816 frater.
3264 1763 3433 1818 Aiunt

1849 1852 1995 1905 enim
2042 1862 2091 1905 te
2115 1864 2366 1907 sanctum
2397 1853 2666 1922 abiecisse
2716 1857 2968 1910 monachi
3030 1856 3300 1917 habitum,
3353 1865 3436 1909 at-

1784 1958 1825 2012 Β
1853 1962 1958 2014 que
1992 1946 2130 2001 inter
2171 1947 2340 2002 laicos
2372 1947 2590 2017 degere,
2636 1957 2691 2002 et
2741 1964 2961 2002 uxorem
2999 1951 3433 2004 circumducere.

1852 2039 1896 2092 Ο
1920 2039 2128 2093 tristem
2149 2040 2401 2093 nuntium
2433 2043 2444 2094 ε
2473 2055 2504 2092 ο
2536 2041 2807 2112 ingentem
2826 2042 3194 2096 calamitatem
3221 2059 3394 2096 meam
3419 2045 3432 2095 '.

1853 2129 2029 2184 Tuum
2076 2133 2219 2186 enim
2271 2133 2416 2187 istud
2474 2134 2690 2197 scelus,
2750 2134 2856 2198 fili,
2931 2149 3111 2188 meum
3176 2145 3261 2190 est
3310 2152 3436 2205 prn-

1852 2234 1970 2293 ptcr
2001 2235 2236 2295 paterna:
2281 2229 2780 2282 commiserationis
2801 2229 3076 2286 aﬂ'ectum.
3119 2227 3218 2283 Ubi
3240 2229 3436 2282 mentis

1853 2319 2076 2373 iumen?
2112 2320 2199 2374 ubi
2246 2323 2359 2391 spei
2395 2325 2493 2377 ala:
2521 2325 2544 2377 ?
2574 2324 2662 2378 ubi
2694 2323 2782 2377 Dei
2819 2325 3017 2378 amor?
3042 2324 3133 2377 uhi
3165 2324 3286 2378 tidei
3328 2324 3440 2391 cly-

1852 2413 2034 2482 pens?
2068 2412 2156 2466 ubi
2188 2429 2354 2484 sagax
2376 2416 2720 2470 consultandi
2744 2419 2864 2472 vis?
2897 2418 2985 2472 ubi
3020 2417 3249 2487 hujusce
3277 2434 3438 2471 mun-

1852 2512 1906 2565 di
1937 2508 2110 2578 fuga?
2158 2510 2247 2564 ttbi
2280 2523 2620 2568 terrenarum
2647 2528 2829 2567 rerum
2864 2513 3141 2581 abjectin?
3174 2514 3264 2568 ubi
3320 2530 3438 2568 mo-

1856 2607 2082 2661 nasterii
2111 2607 2482 2678 gubernatio?
2547 2606 2639 2660 ubi
2691 2616 2841 2676 gesta
2910 2623 3017 2660 non
3050 2606 3169 2660 sine
3223 2606 3439 2675 pietatis

1855 2715 2021 2755 sensu
2060 2715 2190 2753 cura
2220 2699 2607 2768 hospitalitatis
2638 2700 2661 2752 ἲ
2700 2699 2790 2752 tthi
2822 2699 3164 2754 cmnohiticae
3195 2700 3316 2753 vitae
3348 2699 3436 2754 di-

1855 2792 2083 2861 sciplina
2113 2791 2137 2844 ?
2164 2791 2254 2845 ubi
2298 2789 2573 2846 confessio
2621 2789 2797 2844 lucem
2839 2790 3061 2859 pariens
3099 2789 3123 2842 ?
3160 2790 3250 2844 tibi
3284 2805 3440 2860 egre-

1853 2886 1954 2953 gia:
1985 2884 2409 2953 tttmlacrymm?
2471 2884 2562 2938 ubi
2611 2883 2768 2953 plena
2823 2883 3142 2937 reverentiae
3186 2883 3442 2951 species?

1858 2978 1948 3032 tibi
1972 2994 2037 3032 ex
2069 2979 2238 3034 totius
2270 2979 2628 3032 fraternitatis
2660 2989 2805 3033 ctetu
2852 2979 3228 3032 testimonium
3258 2977 3281 3030 ?
3348 2977 3441 3030 ubi

1854 3073 2119 3126 emissum
2155 3072 2219 3125 ad
2255 3087 2470 3126 sacram
2505 3087 2654 3126 aram
2687 3073 2921 3126 votum?
2961 3071 3053 3125 ubi
3087 3073 3189 3125 sub
3227 3072 3335 3126 Deo
3367 3080 3444 3125 te-

1857 3174 1940 3220 ste
1973 3175 2026 3219 et
2065 3164 2272 3235 angelis
2309 3165 2462 3219 faeta:
2487 3165 2930 3235 promissiones?
2974 3164 3065 3218 uhi
3105 3164 3318 3233 fulgens
3352 3165 3447 3218 ha-
3523 3148 3530 3154 ’

1783 3290 1824 3346 c
1859 3258 2007 3313 bitus
2039 3258 2342 3328 splendor?
2374 3259 2465 3312 uhi
2519 3258 2796 3328 spiritales
2830 3273 2952 3326 quae
3006 3269 3187 3312 mente
3241 3257 3444 3311 intelli-

1858 3361 2066 3420 guntur
2093 3350 2295 3419 nnptia:
2325 3351 2348 3404 ?
2378 3349 2468 3404 ubi
2503 3350 2721 3405 oblatus
2749 3360 2971 3421 propter
3005 3360 3056 3405 te
3091 3351 3279 3418 Agnus
3311 3348 3405 3403 Dei
3427 3352 3449 3402 ?

1862 3448 1952 3502 ubi
1986 3448 2214 3502 fratrum
2246 3463 2311 3501 ex
2373 3447 2650 3517 Evangelii
2710 3449 3028 3516 prmscripto
3091 3446 3318 3501 laetitia?
3355 3448 3445 3500 ubi

1861 3540 2244 3596 sanctissimus
2271 3543 2516 3594 omniunt
2551 3540 2904 3609 complexus?
2932 3540 3022 3594 ubi
3079 3542 3143 3594 ad
3201 3541 3446 3596 divinum

1862 3636 2032 3689 altare
2060 3648 2320 3689 accessus
2354 3634 2376 3686 ?
2431 3633 2521 3687 ubi
2550 3634 2797 3702 corporis
2822 3643 2876 3688 et
2908 3633 3192 3703 sanguinis
3240 3633 3447 3688 Christi

1860 3727 2043 3782 divina
2083 3726 2405 3796 perceptio?
2437 3725 2527 3779 ubi
2561 3737 2672 3780 tota
2709 3724 2909 3779 lzetitite
2939 3727 3102 3795 plena
3155 3733 3209 3778 et
3240 3727 3447 3794 angeli-

1862 3837 1926 3873 co
1961 3835 2056 3889 par
2093 3820 2290 3888 gaudio
2323 3817 2648 3872 cacremonia
2684 3817 2707 3871 ?
2763 3816 2851 3870 ubi
2905 3817 3126 3870 lucerna
3192 3816 3402 3884 fulgens
3431 3821 3452 3869 ’ί

1865 3913 1954 3965 ubi
1986 3911 2110 3965 vitis
2159 3926 2286 3964 vera
2327 3910 2472 3962 ?ubi
2533 3907 2797 3980 frugifera
2847 3908 3118 3978 plantatio
3163 3906 3453 3977 Spiritus?

1866 4005 1956 4058 ubi
1991 4003 2134 4056 filius
2164 4017 2341 4065 meus,
2377 4003 2636 4055 miserum
2678 4016 2786 4066 me,
2809 4001 2905 4072 qui
2937 4000 3185 4070 quotidie
3216 4001 3452 4070 nmjores

1865 4099 1919 4152 in
1958 4098 2161 4151 virtute
2190 4110 2514 4165 progressus
2570 4094 2829 4157 habebat,
2889 4095 3143 4164 idemque
3178 4094 3332 4150 visus
3373 4107 3454 4149 est

1864 4187 2192 4244 fraternitati
2216 4187 2488 4256 perutilis,
2532 4185 2626 4241 Dei
2661 4187 2862 4256 proles,
2915 4186 3054 4240 lucis
3105 4185 3450 4250 administer,

1865 4281 2019 4353 regni
2067 4281 2334 4337 caalorum
2392 4281 2550 4345 civis,
2622 4295 2716 4335 vas
2773 4279 3095 4337 electionis?
3164 4278 3452 4345 Quomodo

1865 4388 2168 4430 conversus
2197 4383 2282 4427 εει
2334 4383 2638 4427 retrorsum
2675 4371 2700 4425 ?
2746 4372 3026 4441 quomodo
3089 4371 3454 4426 recalcitravit

1865 4468 2145 4523 dilectus?
2169 4467 2447 4536 quomodo
2484 4465 2727 4520 tenebris
2758 4465 2995 4530 obsitus,
3049 4465 3144 4535 qui
3186 4465 3307 4521 luce
3338 4466 3450 4536 ple-

1867 4562 2013 4616 nus?
2034 4560 2311 4632 quomodo
2343 4558 2683 4613 castimonia:
2708 4573 2862 4612 arma
2916 4557 3146 4628 posuit?
3174 4558 3450 4627 quomodo

1794 4654 1838 4708 D
1870 4657 2048 4709 factus
2087 4663 2172 4708 est
2200 4653 2402 4707 diaboli
2436 4653 2640 4721 praeda,
2671 4652 2741 4705 ab
2772 4651 2895 4720 ipso
2924 4661 3140 4720 captus,
3176 4651 3450 4719 ejusdem-

1861 4763 1967 4817 que
1995 4745 2264 4800 voluntati
2295 4745 2660 4813 mancipatus,
2694 4742 2948 4798 abdicato
2982 4742 3200 4812 egregio
3237 4742 3450 4812 Sponsa

1862 4839 2097 4894 Domino
2131 4839 2339 4910 gloriae,
2368 4853 2534 4905 penes
2552 4851 2716 4906 quem
2743 4851 2925 4890 rerum
2975 4837 3226 4890 omnium
3279 4839 3450 4906 impe.

1861 4933 2003 4986 rium
2031 4941 2111 4986 est
2139 4931 2163 4984 ?
2191 4929 2328 4996 Quis
2346 4946 2452 4984 non
2480 4945 2604 4984 cum
2637 4928 2835 4984 intimo
2889 4944 3055 4984 sensu
3115 4929 3324 4984 doloris
3371 4930 3448 4982 in-

1863 5025 2157 5099 gemiscat?
2191 5025 2315 5094 quis
2357 5024 2607 5079 delusum
2650 5038 2759 5077 non
2807 5021 3288 5077 commiseratione
3324 5038 3440 5091 pro-

1868 5115 2171 5187 sequatur?
2199 5112 2558 5182 Obstupesce,
2605 5112 2828 5174 cadum,
2867 5125 3034 5178 super
3074 5109 3180 5164 hoc
3216 5127 3230 5162 :
3264 5118 3406 5164 terra
3439 5151 3452 5168 ,

1868 5206 2239 5263 calamitatem
2307 5204 2560 5259 inclama.
2599 5201 2743 5268 Quid
2808 5200 3011 5255 factum
3070 5210 3177 5266 est,
3243 5200 3456 5255 frater?

1866 5299 1986 5353 Non
2021 5299 2230 5352 veritus
2259 5313 2318 5350 es
2353 5297 2546 5352 saltem
2610 5295 2923 5349 intuentes?
2955 5309 3066 5347 non
3100 5293 3244 5348 hunc
3277 5296 3453 5363 ipsum

1862 5407 2042 5446 aerem
2063 5389 2375 5445 erubuisti?
2414 5405 2521 5443 non
2545 5389 2713 5443 tulisti
2749 5389 2984 5457 graviter
3011 5388 3314 5443 detestandi
3339 5403 3456 5440 sce-

1869 5487 1997 5540 leris
2046 5485 2275 5538 fetorem
2299 5485 2322 5536 ?
2351 5482 2505 5537 Tunc
2533 5483 2731 5537 mentis
2752 5483 3024 5552 compos?
3054 5482 3300 5536 vivisne?
3324 5498 3453 5534 nntn

1867 5577 2039 5632 solem
2068 5576 2300 5629 intueris
2327 5574 2349 5627 ?
2378 5589 2445 5626 au
2478 5573 2664 5626 lunam
2699 5574 2921 5627 cernis?
2956 5588 3023 5626 an
3080 5573 3262 5627 sidera
3302 5574 3418 5641 aspi
3439 5604 3451 5611 -

1869 5669 1991 5724 cis?
2023 5666 2140 5722 Dici
2192 5666 2437 5730 omnino,
2487 5665 2594 5719 dici
2626 5680 2734 5719 non
2773 5673 2970 5734 potest,
3003 5675 3268 5733 quantum
3309 5666 3452 5719 istud

1874 5761 2159 5831 flagitium,
2185 5768 2402 5828 quanta:
2433 5759 2692 5818 tenehrm,
2735 5769 2935 5828 quanta
2967 5760 3205 5812 amentia
3232 5761 3320 5812 sit.
3363 5762 3456 5812 At-

1873 5869 1978 5925 que
2002 5853 2211 5908 utiuam
2246 5852 2350 5904 huc
2414 5867 2585 5917 usque
2639 5859 2847 5904 tanttun
2916 5851 3168 5921 pragredi
3233 5853 3458 5906 deberet
