3934 6466
487 385 625 449 1335
1687 379 1750 439 S.
1788 376 2183 439 THEODORI
2217 378 2566 440 STUDlT.E
3622 380 3757 444 1336

480 491 700 549 oratio!
732 488 958 544 haberet
987 486 1135 542 enim
1171 486 1463 543 calamitas
1494 484 1741 541 modum.
1773 483 1882 540 Sed
1932 482 2079 554 judi—
2108 534 2110 543 λ

2216 504 2293 551 ον,
2346 485 2458 558 πῦρ
2507 487 2762 552 αἰώνιον,
2806 486 2996 551 σκότος
3027 486 3292 559 ἐξώτερον
3335 489 3433 542 καὶ
3470 489 3758 561 ἀλαμπὲς.

481 585 653 650 cium,
684 582 875 647 frater,
907 579 1267 644 inexorabile,
1305 579 1447 650 ignis
1493 578 1881 650 sempiternus,
1922 584 2077 631 tene-

2219 580 2427 649 ρυγμδς
2455 578 2705 645 ὀδόντων,
2753 578 2975 633 ᾶπαντα
3021 580 3091 633 τὰ
3128 578 3267 634 ἀλλα
3305 581 3670 655 κολαστήρια,
3708 586 3764 638 ὲν

485 678 597 732 brae
627 674 929 731 exteriores
955 669 1023 729 ac
1055 673 1372 737 teterrimae,
1403 671 1609 729 stridor
1636 670 1886 727 dentium
1916 713 1933 738 ,
1966 684 2077 725 ca:-

2216 669 2263 737 ἵς
2292 675 2327 743 ἡ
2366 672 2590 745 εύθύνη,
2625 674 2722 727 καὶ
2761 671 2901 745 αῦτη
2930 673 3239 745 ἀπέραντος
3267 675 3348 739 είς
3392 675 3618 740 αίώνας.
3654 676 3769 731 Καὶ

489 782 603 825 tera
642 766 935 838 supplicia,
967 764 1169 836 quibus
1225 763 1461 835 improbi
1496 763 1823 827 multantur,
1877 769 1933 816 et
1990 760 2083 814 illa

2216 767 2336 822 ὕπω
2358 768 2504 837 λέγω
2532 768 2642 823 τῶν
2678 768 2901 837 ἀγαθῶν
2938 767 3037 839 τὴν
3074 770 3422 835 ἀπόπτωσιν,
3457 770 3524 841 ἢν
3552 769 3767 841 σεαυτῷ

486 864 713 932 quidem
764 861 1120 918 interminata
1181 859 1236 913 in
1270 869 1625 929 perpetuum.
1672 855 1880 913 Omitto
1911 855 2086 910 bono-

2216 861 2576 933 εροεξένησας.
2606 860 2703 925 Τίς
2728 859 2908 931 αῦτη;
2950 862 3090 932 μετά
3118 862 3256 915 Θεοῦ
3294 863 3554 932 γενέσθαι
3578 904 3593 927 ,
3624 863 3771 935 χαρά

490 970 612 1010 rum
642 954 936 1025 iacturam,
964 968 1130 1022 quam
1168 953 1283 1022 ipse
1312 951 1412 1005 tibi
1443 949 1809 1006 accersivisti.
1835 948 1968 1015 Qua:
1994 946 2087 1001 illa

489 1061 659 1116 porro
688 1045 712 1099 ?
738 1044 878 1100 Cum
910 1042 1022 1099 Deo
1051 1057 1193 1106 esse,
1229 1042 1493 1113 gaudium
1524 1039 1932 1109 inexplicabile,
1978 1036 2088 1091 vita

493 1136 841 1198 immortalis,
865 1135 1054 1190 laetitia
1114 1134 1475 1203 sempiterna,
1537 1131 1781 1203 paradisi
1818 1129 2028 1184 deliciae
2060 1165 2079 1194 ,

490 1239 697 1285 sancta:
723 1227 1015 1284 Trinitatis
1048 1227 1334 1297 splendor,
1366 1224 1574 1295 qumvis
1607 1223 1739 1287 alia,
1779 1231 1833 1277 et
1861 1236 1982 1292 quae
2005 1220 2091 1275 di-

493 1323 637 1378 citur
659 1332 713 1376 et
743 1336 865 1391 qua:
933 1320 1257 1389 intelligitur
1305 1316 1556 1373 felicitas.
1620 1314 1739 1369 Huc
1769 1317 1919 1380 ades,
1954 1314 2084 1377 huc,

494 1417 762 1485 inquam,
805 1415 878 1468 fili
916 1432 929 1467 :
965 1413 1348 1482 expergiscere
1374 1451 1390 1475 ,
1426 1417 1730 1473 revertere,
1778 1419 2041 1461 renovare
2075 1423 2090 1460 :

495 1516 693 1561 excute
723 1506 925 1573 injecta
963 1504 1059 1557 tihi
1090 1505 1158 1556 ab
1185 1503 1345 1556 hoste
1371 1501 1586 1555 vincula
1607 1500 1814 1570 peccati
1842 1516 1856 1552 :
1889 1498 1958 1552 ab
1986 1497 2094 1552 Eva

496 1599 789 1653 divellere:
816 1597 883 1652 ad
909 1597 1287 1650 immemorem
1316 1594 1645 1664 iniuriarum
1688 1591 2097 1662 plenissimum-

497 1701 606 1758 que
639 1684 999 1740 humanitatis
1052 1682 1242 1738 Jesum
1307 1683 1528 1738 accede.
1565 1681 1645 1736 Ex
1704 1683 1937 1737 adverso
1980 1680 2095 1735 cla-

500 1790 645 1834 mat:
682 1776 882 1842 Venite,
913 1793 1089 1830 omnes
1123 1776 1213 1846 qui
1254 1775 1511 1829 laboratis
1537 1783 1587 1828 et
1619 1775 1823 1829 onerati
1882 1774 2008 1827 estis
2051 1773 2099 1806 ’°

2189 954 2575 1025 ἀνεκλάλητος.
2636 951 2753 1026 ζωὴ
2799 954 3097 1024 ἀκήρατος,
3151 955 3460 1026 εὐφροσύνη
3509 957 3767 1022 αἰώνιος,

2189 1046 2369 1116 τρυφὴ
2386 1045 2740 1117 παραδείσου,
2760 1049 2861 1119 τῆς
2872 1046 3037 1116 ἁγίας
3058 1047 3101 1099 Τ
3109 1046 3290 1117 ριάδος
3304 1048 3596 1118 ἔλλαμψις,
3619 1051 3769 1103 πᾶσα

2191 1138 2326 1205 ἄλλη
2358 1139 2449 1192 καὶ
2472 1138 2742 1211 λεγομένη
2777 1140 2873 1193 καὶ
2898 1138 3163 1211 νοουμένη
3196 1140 3556 1212 μακαριότης.
3602 1140 3774 1213 Δεῦρο

2192 1231 2257 1300 δὴ
2284 1228 2378 1285 οὖν
2396 1273 2411 1296 ,
2440 1227 2622 1302 δεῦρο,
2650 1230 2864 1297 τέκνον,
2908 1232 3206 1303 ἀνάνηψον,
3245 1233 3610 1306 ἀνακλήθητι,
3643 1236 3769 1289 ἀνα⁶

2195 1316 2526 1387 καινίσθητι.
2555 1318 2712 1389 ῥίψον
2730 1318 2801 1373 τά
2820 1320 3213 1392 συμπλακέντα
3249 1340 3332 1376 σοι
3346 1323 3452 1377 ὑπὸ
3464 1323 3557 1377 τοῦ
3574 1324 3776 1397 ἐχθροῦ

2198 1409 2412 1479 σχοινία
2441 1410 2543 1480 τῆς
2570 1411 2866 1481 ἁμαρτίας·
2899 1412 3231 1485 διατμήθητι
3256 1417 3352 1485 τῆς
3394 1413 3538 1477 Εὔας
3559 1432 3574 1445 ·
3604 1417 3778 1486 πρόσ-

2197 1501 2322 1554 ελθε
2365 1502 2443 1573 τῷ
2470 1505 2839 1576 ἀμησικάκῳ
2882 1505 2979 1560 καὶ
3010 1506 3517 1579 φιλανθρωποτάτῳ
3572 1508 3777 1578 Ἰησοῦ.

2203 1594 2498 1667 Ἀντικρυς
2548 1596 2667 1669 βοᾷ·
2704 1598 2885 1662 Δεῦτε
2926 1598 3151 1666 πάντες
3196 1603 3252 1655 οι
3300 1599 3631 1667 κοπιῶντες
3680 1603 3783 1655 καὶ

2201 1690 2665 1757 πεφορτισμένοι
2695 1692 2820 1755 ταῖς
2852 1692 3171 1763 ἁμαρτίαις.
3213 1693 3481 1766 ’Υπαντᾷ,
3516 1695 3787 1765 περιπλέ-

2203 1798 2379 1844 κεται,
2402 1781 2777 1861 είσοικίζεται,
2800 1785 2904 1839 οὐκ
2928 1785 3153 1854 ἐγκαλεῖ
3174 1787 3303 1859 περὶ
3326 1786 3438 1840 τῶν
3468 1787 3782 1858 προτέρων·

489 1872 760 1941 peccatis.
795 1870 1025 1924 Obviam
1059 1869 1307 1938 procedit
1366 1868 1503 1938 ipse,
1536 1867 1647 1921 ruit
1679 1866 1733 1920 in
1766 1866 2099 1936 amplexum,

2216 1876 2327 1943 Ξγει
2358 1876 2452 1929 καὶ
2482 1875 2646 1929 πάλιν
2674 1877 2892 1948 ἑορτὴν.
2926 1878 3091 1943 σώζει
3122 1880 3214 1933 τὸν
3246 1881 3648 1937 ἀσωτευθέντα.
3674 1881 3789 1934 Ναὶ

500 1964 727 2017 domum
762 1963 992 2028 inducit,
1030 1976 1133 2016 nec
1189 1962 1373 2030 priora
1456 1958 1767 2027 exprobrat,
1825 1959 1969 2012 diem
2020 1956 2097 2011 fe-

503 2067 649 2112 stum
675 2071 899 2111 rursum
937 2055 1068 2123 agit,
1127 2054 1416 2124 prodigum
1478 2063 1680 2107 servat.
1744 2048 1945 2120 Utique
1997 2065 2098 2106 oro

506 2160 580 2215 te,
611 2148 877 2215 lili,audi,
909 2148 1228 2211 exardesce,
1268 2146 1468 2200 vulnus
1489 2144 1631 2199 infer
1656 2145 1709 2199 ei
1752 2144 1847 2214 qui
1881 2143 1977 2198 tibi
2013 2144 2099 2197 in-

504 2241 651 2296 tulit.
696 2238 826 2295 Veni
854 2242 1057 2311 itaque,
1117 2238 1241 2293 veni
1291 2236 1584 2293 confestim
1620 2239 1685 2292 ad
1720 2253 1818 2293 nos
1846 2247 2103 2306 peceato-

505 2346 618 2386 res.
652 2329 766 2402 Ego
823 2333 1063 2384 animam
1109 2345 1287 2384 meam
1323 2344 1468 2399 pono
1491 2343 1591 2398 pro
1616 2337 1666 2383 te
1694 2347 1707 2383 :
1753 2344 1854 2399 ego
1886 2343 1985 2398 pro
2010 2343 2103 2383 sa-

508 2424 622 2479 lute
657 2434 752 2478 tua
779 2438 1018 2494 sponsor
1057 2440 1072 2476 ι
1105 2438 1205 2493 ego
1241 2431 1292 2478 te
1316 2422 1536 2477 lenibus
1569 2421 1981 2477 medicamentis
2010 2436 2102 2477 sa—

510 2518 653 2571 nabo
688 2535 701 2569 :
732 2530 835 2584 ego
862 2516 1032 2570 miser
1065 2531 1192 2569 cum
1228 2515 1337 2568 Deo
1361 2515 1638 2569 amantius
1676 2523 1728 2570 te
1758 2529 1925 2583 quam
1955 2514 2088 2568 olim

511 2612 834 2681 amplectar.
872 2608 1119 2665 Tantum
1146 2610 1339 2665 advola
1362 2650 1378 2677 ,
1405 2619 1616 2663 tantum
1659 2624 1726 2663 ne
1761 2618 1969 2677 perstes
2001 2607 2102 2663 ad-

511 2708 623 2759 huc
662 2723 676 2759 :
716 2705 812 2760 sed
847 2701 1014 2758 Evam
1078 2704 1300 2775 quidem
1346 2705 1589 2770 dimitte,
1638 2720 1770 2760 suos
1799 2714 1859 2759 ut
1907 2704 2107 2759 habeat

514 2799 619 2853 sibi
653 2799 838 2854 ludos.
877 2796 932 2852 Si
990 2806 1172 2852 autent
1204 2798 1323 2853 voci
1374 2797 1574 2853 divina:
1625 2797 1991 2868 obtemperat,
2050 2797 2105 2851 in

516 2890 919 2945 monasterium
960 2890 1119 2944 trude
1154 2908 1167 2943 :
1217 2890 1454 2959 teipsum
1492 2904 1622 2944 vero
1661 2888 1772 2943 Deo
1821 2886 2109 2943 exbibebis

516 2991 573 3036 et
621 2981 802 3036 nobis.
835 2980 1093 3037 Obtestor
1122 2980 1289 3051 igitur
1313 2997 1498 3036 coram
1534 2979 1646 3035 Deo
1684 2990 1739 3036 et
1783 2982 1971 3037 electis
2009 2997 2108 3036 an-

516 3071 674 3142 gelis,
713 3081 773 3125 ut
800 3071 917 3125 haec
954 3070 1184 3125 audiens
1208 3084 1391 3131 mores
1434 3081 1641 3135 mutes,
1681 3080 1734 3124 et
1781 3069 1849 3122 ad
1882 3082 1986 3122 nos
2015 3082 2109 3122 ac-

516 3165 745 3225 celeres,
778 3173 1074 3233 antequam
1101 3162 1227 3217 finis
1251 3161 1527 3227 adveniat,
1560 3172 1861 3231 antequam
1918 3168 2109 3215 contra

523 3270 575 3311 te
604 3257 779 3313 veniae
801 3257 950 3311 fores
979 3255 1236 3311 occludat
1266 3254 1607 3309 inexorabile
1624 3267 1971 3322 responsum.

806 3369 1095 3425 LXXXIX.
1126 3398 1196 3408 --
1226 3368 1515 3439 Theophila
1552 3366 1860 3438 prazposito.

2199 1968 2392 2035 δέομαί
2424 1984 2518 2021 σου
2538 2010 2553 2034 ,
2594 1970 2809 2033 τέκνον,
2843 1969 3100 2034 ἄκουσον,
3129 1971 3420 2042 ὲξάφθητι,
3443 1973 3659 2043 τρῶσον
3694 1975 3792 2027 τὸν

2200 2058 2489 2131 τρώσαντά
2530 2079 2610 2116 σε.
2647 2055 2789 2115 Ἧκε
2832 2058 2951 2128 οῦν,
2989 2060 3093 2137 ἦκε
3126 2065 3282 2135 τάχει
3311 2066 3450 2136 πρὸς
3480 2057 3631 2135 ἡμᾶς
3653 2069 3792 2132 τοὺς

2201 2154 2583 2224 ἁμαρτωλούς.
2632 2154 2774 2224 Ἐγὼ
2808 2157 2908 2229 τὴν
2936 2158 3116 2229 ψυχήν
3149 2176 3250 2230 μου
3279 2157 3473 2229 τίθημι
3498 2159 3640 2231 ὑπὲρ
3666 2160 3791 2213 σοῦ·

2202 2243 2314 2311 ἐγὼ
2343 2245 2619 2316 ἐγγυητὴς
2650 2247 2754 2317 τῆς
2788 2249 3064 2320 σωτηρίας
3100 2265 3224 2303 σου·
3260 2249 3371 2319 ἐγώ
3406 2267 3466 2303 σε
3514 2251 3795 2321 ίατρεύσω

2205 2335 2432 2399 ἁπαλοῖς
2462 2338 2794 2409 φαρμάκοις·
2821 2339 2934 2407 ἐγὼ
2962 2340 3059 2394 σὺν
3082 2339 3202 2411 Θεῷ
3222 2342 3251 2393 ό
3271 2341 3439 2404 τάλας
3462 2342 3795 2412 ἀσπάσομαί

2206 2446 2266 2480 σε
2296 2429 2438 2499 ὑπὲρ
2464 2428 2526 2483 τὸ
2558 2433 2847 2503 πρότερον.
2876 2432 3057 2486 Μόνον
3096 2433 3422 2505 πρόσδραμε
3447 2474 3463 2496 ,
3511 2435 3675 2505 μόνον
3715 2436 3796 2508 μὴ

2208 2520 2338 2589 στῇς
2360 2518 2463 2581 ἔτι,
2486 2519 2622 2574 ἀλλά
2644 2521 2743 2590 τὴν
2775 2521 2876 2590 μὲν
2898 2516 3041 2575 Εὕαν
3064 2522 3200 2592 ἀφες
3223 2524 3302 2586 εὶς
3326 2523 3527 2594 ἑαυτὴν
3550 2524 3799 2589 παίζειν.

2206 2610 2269 2661 Εἰ
2313 2611 2359 2662 δ’
2392 2607 2487 2663 οὖν
2527 2611 2719 2665 ἀκούει
2757 2611 2940 2679 Θείως,
2975 2613 3212 2683 ἔμϐαλον
3239 2616 3318 2679 είς
3351 2618 3626 2685 σεμνεῖον·
3657 2634 3798 2670 σαυ-

2206 2702 2298 2755 τὸν
2339 2702 2396 2755 δὲ
2424 2704 2685 2774 παρέξεις
2718 2704 2793 2776 τῷ
2837 2706 2957 2778 Θεῷ
3006 2708 3102 2761 καὶ
3141 2709 3294 2779 ἡμῖν.
3332 2709 3799 2782 Διαμαρτύρομαι

2208 2794 2303 2848 οὖν
2344 2795 2580 2849 ἐνώπιον
2606 2795 2700 2850 τοῦ
2731 2797 2867 2851 Θεοῦ
2901 2798 2997 2852 καὶ
3045 2799 3153 2853 τῶν
3200 2800 3473 2854 ἐκλεκτῶν
3505 2801 3800 2870 ἀγγέλων,

2214 2887 2299 2940 ἵνα
2354 2887 2558 2941 τούτων
2607 2889 2844 2954 ἀκούων,
2886 2890 3124 2965 ἀλλάξῃς
3174 2894 3390 2956 ἑαυτὸν,
3443 2894 3803 2963 κατεπείγων

2212 2983 2348 3051 πρὸς
2378 2984 2527 3053 ἡμᾶς
2552 2984 2683 3053 πρὶν
2704 2984 2737 3055 ἦ
2763 2982 2956 3053 φθάσει
2979 2984 3040 3037 τὸ
3059 2986 3233 3050 τέλος·
3259 2988 3388 3057 πρὶν
3415 2987 3448 3058 ἢ
3474 2989 3804 3043 ἀποκλείσει.

2212 3078 2354 3138 κατὰ
2384 3075 2477 3129 σοῦ
2509 3080 2543 3147 ἡ
2575 3078 2950 3148 ἀπαραίτητος
2976 3078 3272 3148 ἀπόφασις.

2460 3370 2584 3424 ΠΘ¹.
2609 3401 2682 3412 —
2706 3370 2971 3459 Θεοφίλῳ
2998 3371 3324 3442 ἡγουμένῳ.
3356 3372 3543 3447 [φοῡ’.1

644 3486 874 3549 increpat
897 3487 1028 3552 quod
1049 3486 1425 3551 persecutionis
1448 3492 1676 3546 tempore
1701 3496 1810 3533 cum
1832 3480 2177 3531 Iconomachls
2196 3484 2626 3537 eommunicasset.
2650 3485 2889 3536 Hortatur
2920 3492 2975 3535 ut
2994 3484 3188 3549 culpam
3210 3485 3504 3549 pmnitenlia
3548 3488 3702 3538 eluat.

599 3595 723 3651 Non
759 3610 938 3665 pauca
964 3594 1032 3649 ad
1059 3608 1147 3648 me
1193 3592 1373 3647 delata
1408 3600 1540 3648 sunt
1571 3593 1639 3645 de
1669 3598 1762 3645 tua
1789 3591 2119 3655 reverentia,

528 3693 600 3746 ob
631 3704 753 3760 quae
789 3704 897 3743 non
934 3686 1197 3741 mediocri
1257 3700 1407 3739 eram
1475 3683 1664 3738 dolore
1699 3682 1929 3738 affectus
1963 3701 1977 3736 :
2028 3684 2122 3737 sed

531 3789 649 3839 inec
665 3779 933 3837 discussit
962 3779 1274 3834 veneranda
1306 3786 1398 3830 tua
1416 3775 1669 3846 epistola.
1687 3774 1925 3829 Admisit
1951 3774 2119 3840 enim,

530 3877 705 3931 audeo
761 3873 979 3937 dicere,
1032 3870 1411 3942 paenitentiam
1474 3875 1629 3923 tuam
1691 3868 1998 3932 Dominus,
2058 3880 2124 3921 ac

532 3964 969 4023 satisfactionem
1001 3977 1103 4034 pro
1132 3962 1450 4018 reversione
1481 3961 1536 4015 in
1566 3960 1959 4015 monasterium
1996 3978 2009 4012 :
2043 3968 2124 4014 et-

531 4059 577 4113 si
636 4066 768 4114 tunc
789 4056 943 4127 justa
1000 4069 1113 4109 non
1176 4053 1305 4119 fuit,
1337 4068 1464 4109 cum
1504 4055 1935 4123 persecutionem
1962 4050 2124 4107 Chri-

532 4164 651 4208 stus
679 4158 980 4222 pateretur.
1030 4147 1189 4204 Nunc
1211 4162 1343 4201 vero
1377 4161 1503 4201 cum
1532 4145 1841 4216 persecutio
1862 4145 2117 4207 cessavit,

532 4245 665 4314 quid
687 4242 872 4316 fugam
919 4240 1225 4306 meditaris,
1280 4255 1347 4296 ac
1380 4256 1487 4294 non
1560 4250 1837 4295 certamen
1892 4239 2124 4311 potius?

538 4338 622 4392 Ea;
647 4354 728 4392 me
753 4376 769 4403 ,
803 4336 1021 4407 inquit,
1054 4334 1296 4389 videbitis
1319 4376 1335 4400 ,
1372 4343 1528 4403 atque
1578 4334 1657 4387 ita
1706 4333 1868 4402 facile
1897 4335 1965 4388 “.
2006 4333 2124 4387 Hoc

539 4445 592 4487 te
629 4429 870 4501 oportuit
905 4427 1189 4498 discipulis
1238 4426 1458 4490 dicere,
1508 4440 1634 4479 cum
1696 4425 2124 4480 sollicitarentur

538 4525 763 4580 domum
797 4532 856 4577 ut
894 4520 1157 4585 redirent,
1190 4534 1299 4573 non
1335 4519 1731 4588 obtemperare,
1764 4527 1819 4572 et
1865 4532 2125 4572 succum-

544 4615 705 4670 bendi
731 4614 1041 4682 exemplum
1070 4612 1181 4665 fieri
1211 4629 1223 4663 :
1259 4621 1314 4666 et
1348 4612 1464 4666 haec
1501 4612 1720 4680 quidem
1752 4621 1870 4679 post
1889 4610 2120 4679 lapsum.

543 4711 623 4759 An
661 4704 843 4759 nescis
884 4704 1154 4773 abnegato
1188 4702 1409 4757 Christo
1444 4703 1613 4758 fuisse
1658 4704 1754 4757 tibi
1780 4703 2125 4757 communio-

543 4813 666 4853 nem
699 4812 822 4851 cum
856 4797 924 4851 iis
943 4796 1035 4866 qui
1070 4796 1238 4866 impio
1268 4811 1454 4851 errore
1496 4796 1717 4851 abducti
1743 4794 2126 4851 sunt?Deinde

545 4900 830 4959 postquam
890 4864 1269 4958 poinitentiam
1341 4887 1558 4943 subiisti
1591 4903 1687 4957 per
1752 4888 2120 4943 secessionem
2157 4864 2200 4919 D

544 4983 671 5049 (hoc
700 4980 848 5035 enim
903 4980 1239 5049 poenitentia:
1290 4989 1459 5050 caput
1489 4979 1611 5044 fuit,
1658 4979 1776 5035 sine
1839 4995 1951 5049 quo
1977 4981 2123 5034 nulla

542 5076 744 5131 delicto
772 5076 932 5130 venia
970 5074 1153 5145 foret),
1203 5076 1336 5146 quid
1371 5092 1590 5130 rursum
1622 5076 1689 5130 ad
1734 5075 1927 5129 vitium
1960 5074 2125 5129 deﬂe-

546 5170 707 5225 xisti‘!
737 5167 986 5241 Ignosce,
1013 5167 1172 5223 Pater
1214 5186 1227 5223 :
1265 5184 1390 5225 cum
1436 5170 1729 5224 tradideris
1771 5170 2001 5239 teipsum
2039 5168 2124 5222 ul-

548 5274 632 5319 tro
662 5263 961 5318 humilitati
1000 5278 1154 5327 mete,
1193 5277 1362 5333 cogor
1405 5271 1664 5333 tanquam
1700 5278 1763 5316 cx
1792 5261 2127 5316 Dominiore

546 5355 642 5410 tibi
673 5355 1054 5411 convenientia
1084 5354 1253 5424 loqui.
1311 5354 1454 5420 Quin
1513 5356 1820 5417 universos,
1870 5364 1930 5409 ut
1976 5354 2131 5409 simi-

547 5446 668 5503 liter
696 5447 1037 5501 vexationem
1094 5456 1275 5501 tecum
1334 5448 1651 5510 tolerarent,
1689 5446 2078 5501 commonuisti
2112 5447 2134 5499 ’ἲ

551 5550 643 5594 aut
664 5538 711 5594 si
747 5539 969 5606 nollent,
1004 5538 1138 5609 quin
1161 5538 1443 5604 dimisisti,
1478 5549 1537 5592 ut
1572 5554 1763 5594 osores
1803 5538 2029 5605 Christi,
2075 5546 2133 5592 ut

551 5631 733 5685 carnis
790 5639 1089 5693 amatores,
1129 5637 1190 5683 ut
1226 5629 1679 5697 inobsequentes,
1716 5643 1826 5683 non
1855 5638 2036 5683 autem
2070 5627 2132 5680 fi-

554 5724 700 5777 tios?
753 5722 892 5789 Quin
927 5724 1004 5777 vel
1059 5723 1325 5777 minorem
1363 5721 1587 5777 effecisti
1653 5722 1888 5786 cladem,
1922 5733 1972 5776 et
1993 5719 2125 5775 sub-

651 5864 690 5891 ’δ”
730 5860 915 5913 Matth.
960 5876 1036 5922 λι,
1082 5860 1173 5917 ‘23.
1253 5864 1291 5893 ⁹¹
1320 5860 1502 5916 Judit'.
1560 5874 1652 5925 ιιι,
1697 5859 1782 5914 i7-

2297 3594 2410 3647 Οὐκ
2438 3594 2593 3664 ὀλίγα
2623 3593 2693 3646 τὰ
2714 3592 3049 3647 ἀκουσθέντα
3079 3611 3168 3663 μοι
3202 3596 3333 3665 περὶ
3356 3594 3457 3665 τῆς
3479 3599 3809 3668 τιμιότητός

2225 3703 2342 3747 σου,
2377 3684 2411 3739 ἃ
2442 3687 2535 3739 καὶ
2561 3686 2749 3739 ἐλύπει
2774 3704 2840 3757 με
2870 3688 2930 3738 οὐ
2960 3685 3219 3756 μετρίως·
3243 3686 3397 3756 ὅμως
3416 3690 3498 3741 ὅτι
3522 3692 3810 3747 ἀπεσκευ-

2224 3776 2472 3848 άσθησαν
2500 3778 2588 3830 διὰ
2623 3777 2718 3830 τοῦ
2746 3778 2931 3848 τιμίου
2958 3793 3051 3830 σου
3090 3777 3440 3849 γράμματος.
3466 3781 3575 3833 Καί
3611 3798 3678 3849 γε
3719 3783 3811 3836 δὲ-

2220 3869 2409 3923 δεκταί
2437 3886 2553 3933 σου,
2593 3868 2778 3939 τολμῶ
2808 3869 3007 3937 λέγειν,
3041 3873 3071 3924 ό
3109 3870 3311 3941 Κύριος
3341 3872 3440 3943 τὴν
3487 3875 3811 3943 μετάνοιαν,

2224 3964 2317 4016 καὶ
2338 3962 2435 4033 τὴν
2462 3962 2759 4030 ἀπολογίαν
2778 3965 2875 4032 τῆς
2895 3965 2953 4016 ἐν
2969 3961 3049 4031 τῷ
3068 3964 3420 4034 μοναστηρίῳ
3439 3965 3791 4038 ἀνθυποστρο
3806 3998 3817 4009 ο

2223 4056 2350 4127 φῆς·
2396 4058 2444 4108 εἰ
2475 4059 2570 4109 καὶ
2616 4056 2715 4107 οὐκ
2745 4056 2937 4108 ἀστεία
2969 4055 3271 4127 τηνικαῦτα
3312 4052 3401 4128 ἦν,
3443 4059 3531 4112 ὅτε
3564 4060 3811 4130 Χριστὸς

2223 4146 2499 4201 ἐδιώκετο.
2539 4148 2699 4217 ’Λρτι
2740 4146 2795 4199 δὲ
2837 4147 2977 4201 ἐπὰν
3022 4146 3305 4217 ἐλώφησεν
3350 4150 3379 4201 ό
3414 4149 3679 4221 διωγμὸς,
3721 4153 3814 4215 τίς

2222 4240 2382 4309 λόγος
2414 4240 2783 4311 ὑποστροφῆς,
2815 4242 2911 4294 καὶ
2934 4241 3055 4312 οὐχὶ
3093 4240 3294 4312 μᾶλλον
3324 4242 3641 4314 ἀθλήσεωςς
3685 4246 3812 4300 Ἀπ’

2222 4335 2391 4405 ἐμοῦ,
2423 4337 2607 4405 φησὶν,
2637 4336 2885 4404 ὄψεσθε,
2918 4336 3019 4390 καὶ
3059 4336 3250 4402 οὕτως
3285 4336 3599 4403 ποιήσατε.
3633 4339 3815 4395 Τοῦτό

2225 4447 2285 4481 σε
2334 4428 2439 4481 ἔδει
2484 4428 2823 4496 φθέγξασθαι
2877 4431 2990 4492 τοῖς
3041 4431 3325 4499 φοιτηταῖς
3377 4430 3815 4502 ὲκκαλουμένοις

2225 4524 2363 4576 οἴκοι
2407 4522 2813 4590 ἐπαναδραμεῖν
2838 4539 2851 4551 ·
2885 4522 2984 4592 οὐχ
3035 4521 3380 4586 ὑπακοῦσαι,
3419 4522 3514 4576 καὶ
3549 4525 3815 4591 γενέσθαι

2227 4613 2577 4668 ὑποτύπωσιν
2612 4613 2804 4681 ἥττης·
2848 4613 2941 4666 καὶ
2970 4611 3144 4666 ταῦτα
3179 4614 3318 4683 μετά
3347 4614 3446 4682 τὴν
3486 4615 3733 4669 πτῶσιν·
3778 4620 3814 4688 ἢ

2226 4710 2328 4761 οὐκ
2363 4704 2520 4761 οἶσθα
2556 4709 2638 4761 ὅτι
2673 4707 2759 4761 ἐπ’
2812 4708 3039 4778 ἀρνήσει
3083 4705 3322 4775 Χριστοῦ
3359 4702 3428 4777 ἦν
3470 4710 3503 4779 ἠ
3552 4711 3820 4764 κοινωνία

2230 4798 2313 4851 σοί
2347 4815 2406 4850 τε
2444 4799 2538 4851 καὶ
2566 4799 2680 4860 τοῖς
2714 4795 3139 4866 συναπαχοεῐσιν
3177 4795 3393 4862 ἀθέωςς
3434 4792 3570 4850 Εἶτα
3617 4800 3818 4872 ἐπειδὴ

2229 4892 2372 4944 εἵλου
2402 4890 2688 4961 μετάνοιαν
2710 4888 2801 4942 διὰ
2825 4890 2925 4959 τῆς
2944 4888 3373 4957 ὑποχωρήσεως·
3414 4888 3574 4942 τοῦτο
3613 4890 3727 4961 γὰρ
3755 4894 3823 4946 τὸ

2230 4984 2523 5053 κεφάλαιον
2545 4982 2644 5050 τῆς
2675 4980 2987 5051 μετανοίας,
3020 4980 3115 5032 καὶ
3139 4974 3205 5050 ἧς
3232 4979 3360 5033 ἀνευ
3391 4980 3823 5053 ἀμεταμέλητος

2231 5078 2265 5142 ἡ
2298 5074 2525 5135 πτῶσις·
2568 5072 2618 5125 τί
2662 5070 2824 5126 πάλιν
2851 5072 2945 5124 ἐπὶ
2987 5071 3048 5124 τὸ
3080 5071 3403 5142 πλημμελὲς
3445 5072 3819 5144 ἀνέκαμψαςς

2232 5166 2536 5235 Σύγγνωοι,
2567 5164 2770 5236 Πάτερ·
2806 5163 3193 5235 ἀναγκάζομαι
3220 5165 3498 5227 ἐπιδόντος
3530 5181 3623 5217 σου
3654 5183 3823 5223 aeau-

2233 5262 2322 5313 τὸν
2354 5262 2420 5329 τῇ
2447 5256 2776 5311 ταπεινώσει
2817 5274 2941 5328 μου,
2977 5256 3156 5325 λέγειν
3185 5273 3267 5309 σοι
3304 5256 3380 5318 ὡς
3404 5256 3511 5309 ἀπὸ
3542 5257 3820 5328 στόματος

2231 5351 2439 5419 Κυρίου
2476 5349 2545 5403 τὰ
2576 5350 2940 5420 προσήκοντα.
2974 5349 3038 5401 Τί
3077 5350 3137 5401 ού
3178 5349 3389 5413 πάντας
3423 5350 3455 5421 ἢ
3485 5350 3821 5423 ὁμοτρόπως

2233 5441 2621 5496 συνδιώκεσθαί
2657 5458 2740 5494 σοι
2787 5441 3216 5512 νενουθέτηκας·
3256 5442 3289 5512 ἢ
3333 5443 3407 5516 μὴ
3451 5443 3821 5514 βουλομένους

2229 5533 2417 5597 εἴασας
2450 5533 2524 5597 ὡς
2558 5532 2979 5604 μισοχρίστους,
3008 5535 3084 5598 ὼς
3122 5534 3522 5605 φιλοσάρκους,
3554 5535 3632 5597 ώς
3656 5542 3824 5593 ἀπει-

2229 5627 2364 5692 θεῖς,
2394 5627 2506 5681 ἀλλ’
2533 5627 2631 5697 οὐχ
2668 5626 2852 5692 υἱούς;
2887 5626 3004 5688 Κᾶν
3042 5626 3216 5698 τούτῳ
3247 5630 3340 5682 καὶ
3369 5630 3468 5701 τὴν
3511 5624 3684 5703 ⁴ἧτταν
3723 5633 3821 5688 ἀν-

2229 5717 2472 5772 εκαλέσω
2514 5716 2717 5783 καλῶς,
2743 5716 2836 5770 καὶ
2859 5719 2973 5779 τοῖς
3001 5715 3104 5769 ὑπὸ
3130 5719 3285 5789 χεῖρα
3310 5719 3497 5786 ἐγένου
3527 5723 3821 5793 ὑπογραμ-
