3934 6500
190 464 322 528 1337

1375 455 1912 520 EPISTOLARUM
1969 453 2126 515 LIB.
2164 451 2248 514 II.

3305 448 3442 513 1338

190 577 290 642 μδς
322 571 586 643 χρηστὸς,
615 571 711 624 καὶ
749 573 815 642 τῇ
860 569 1156 642 Ἐκκλησεᾳ
1197 568 1438 642 Χριστοῦ
1468 566 1657 638 ὤφθης
1684 569 1762 620 οξ-

1883 564 1994 618 litis
2028 561 2205 618 factus
2239 577 2299 618 es
2333 561 2645 632 exemplum
2703 560 2995 631 optimum,
3031 566 3086 613 et
3144 558 3442 614 Ecclesiam

188 667 416 738 κοδομὴ,
443 667 564 719 ἀντὶ
587 662 937 727 καταλύσεως
967 664 1255 734 προτέρας.

257 840 450 903 υῦτως
481 841 777 911 εἰργάσατο
798 841 826 894 ὁ
865 837 1279 908 θεοφιλέστατος
1317 836 1545 906 ἁδελφὸς
1578 836 1761 907 ήμῶν,

187 937 285 990 καὶ
309 933 610 1004 ἡγούμενος
673 931 766 985 τοῦ
826 931 1126 1002 Μηδικίου·
1181 929 1356 994 οὕτως
1397 931 1425 982 ὁ
1457 929 1761 998 άγιώτατος

188 1026 384 1094 Πατὴρ
444 1023 601 1094 ἡμῶν
656 1023 756 1092 τῆς
795 1023 1149 1087 Λαοδικείας·
1214 1023 1337 1076 ἐπεὶ
1407 1025 1504 1077 καὶ⁹
1555 1025 1758 1095 ἕτεροι.

185 1119 342 1169 Δυοίν
369 1116 628 1184 θάτερον·
658 1115 708 1167 εἰ
735 1108 881 1167 οὗτοι
911 1115 1155 1184 ὲνόμως,
1198 1115 1362 1178 αὐτὸς
1384 1117 1623 1186 ἀνόμως,
1671 1116 1765 1170 καὶ

186 1208 239 1260 εί
277 1208 362 1271 τίς
413 1225 493 1260 σοι
537 1206 738 1276 ὁμοίως
773 1207 1052 1277 δέδρακεν.
1125 1207 1268 1260 Ἀλλ’
1317 1209 1426 1261 είσί
1471 1227 1640 1276 τινες,
1687 1209 1766 1273 ὼς

189 1299 478 1367 μανθάνω,
511 1299 609 1367 τῆς
657 1300 1134 1370 συμπτωματικῆς
1187 1301 1533 1371 συστοιχίας·
1581 1299 1656 1356 ὧν
1697 1303 1766 1356 τὰ

185 1389 436 1458 ὀνόματα
463 1387 604 1440 ἑκὼν
635 1388 1047 1459 ὑπερϐήσομαι·
1071 1390 1120 1442 οἳ
1144 1390 1396 1453 λέγουσιν
1423 1393 1566 1464 ’ὑπὲρ
1594 1395 1766 1462 αὐτῆς

189 1479 532 1551 μηδ’-ὁτιοῦν
559 1482 866 1549 μετανοεῖν,
890 1481 1012 1551 μηδ’
1042 1478 1109 1536 αῦ
1138 1482 1197 1535 ἓν
1229 1484 1646 1554 συγχωρητικδν
1669 1485 1766 1538 καὶ

189 1574 352 1644 μόνον
383 1573 642 1639 ἐξαιτεῖν,
672 1575 765 1628 καὶ
818 1574 1000 1638 καλῶς
1036 1576 1427 1645 πεποιηκέναι·
1461 1577 1516 1643 ἐξ
1567 1572 1629 1632 οὗ
1674 1578 1767 1631 καὶ

185 1669 232 1719 οί
259 1666 503 1734 ἀδελφοὶ,
537 1667 695 1734 φασὶ,
741 1666 1029 1728 σόσωνται.
1071 1671 1165 1721 καὶ
1208 1669 1257 1722 οἱ
1305 1669 1425 1722 ναοὶ
1463 1671 1763 1727 ἁσίναντοι.

189 1759 251 1810 Ὢ
306 1757 413 1825 τῆς
478 1757 827 1826 πωρώσεωςῑ
869 1757 914 1810 ὣ
975 1757 1076 1828 τῆς
1133 1759 1466 1829 θεομαχίαςε
1530 1761 1766 1833 Χριστὸς

185 1851 414 1921 ἧρνητο,
458 1849 829 1919 ἁθετουμένης
869 1849 968 1919 τῆς
1024 1851 1184 1918 ἁγίας
1228 1850 1394 1904 αὐτοῦ
1437 1852 1679 1916 εἰκόνος·
1730 1853 1764 1925 ἡ

1865 654 2064 710 Christi
2095 653 2363 709 aedificare
2419 654 2572 710 visus
2630 667 2689 709 es
2725 692 2742 722 ,
2772 652 2891 706 loco
2949 651 3121 705 ruinae
3162 658 3324 704 antea
3377 648 3442 703 il-

1865 749 1986 803 lata:
2009 747 2033 801 ἲ

1935 836 2028 892 Sic
2063 837 2173 907 egit
2209 837 2318 892 Deo
2361 836 2732 892 amicissimus
2762 835 2933 890 frater
2976 846 3185 900 noster,
3208 845 3265 892 et
3301 837 3446 892 idem

1864 928 2078 986 Medicii
2111 931 2437 999 pracpositus
2471 947 2484 985 :
2522 931 2604 986 sic
2650 932 3036 986 sanctissimus
3071 932 3232 986 Pater
3259 941 3448 987 noster

1863 1021 2220 1078 Laodicensis
2249 1040 2264 1078 :
2299 1023 2496 1078 deinde
2522 1031 2577 1077 et
2604 1023 2716 1078 alii.
2749 1022 2984 1078 Necesse
3016 1023 3446 1078 estalterutrum

1864 1115 1935 1170 sit
1971 1130 2002 1169 e
2050 1115 2264 1171 duobus
2297 1132 2311 1170 :
2350 1116 2401 1169 hi
2441 1115 2486 1170 si
2527 1131 2593 1170 ex
2624 1117 2758 1186 legis
2795 1116 3110 1185 praescripto
3135 1116 3350 1180 fecere;
3389 1126 3446 1172 tu

1865 1215 2056 1273 praeter
2091 1207 2286 1278 legem,
2318 1214 2372 1262 et
2413 1207 2668 1277 quisquis
2723 1217 2903 1262 tecum
2951 1211 3103 1279 paria
3156 1208 3306 1265 fecit.
3340 1208 3449 1264 Sed

1865 1298 2109 1350 nonnulli
2151 1307 2300 1364 sunt,
2335 1309 2395 1354 ut
2423 1299 2610 1364 audio,
2643 1314 2876 1369 quorum
2932 1301 3126 1354 similis
3160 1301 3346 1370 lapsus
3368 1311 3450 1357 at-

1865 1403 1976 1458 que
2005 1389 2234 1445 oﬂ‘cnsio
2267 1401 2372 1456 est,
2397 1407 2628 1460 quorum
2676 1392 2895 1445 nomina
2927 1392 3100 1448 libens
3124 1395 3450 1461 praetermit-

1867 1489 2003 1545 tam,
2044 1484 2134 1551 qui
2166 1497 2265 1552 pro
2297 1499 2365 1538 eo
2397 1484 2547 1553 lapsu
2579 1499 2739 1553 agere
2782 1484 3157 1553 prenitentiam
3190 1496 3447 1550 renuunt,

1865 1585 1961 1629 aut
2014 1589 2178 1645 porro
2223 1575 2435 1629 veniam
2489 1576 2812 1646 postulare:
2850 1590 3017 1645 seque
3067 1587 3214 1632 recte
3270 1579 3451 1649 egisse

1868 1667 2105 1722 dicunt:
2147 1682 2214 1721 ex
2246 1683 2311 1723 eo
2354 1667 2504 1721 enim
2531 1667 2786 1732 fratrum,
2826 1667 3099 1737 inquiunt,
3130 1671 3291 1724 saluti
3327 1687 3452 1740 pro-

1865 1765 2140 1827 spectum,
2183 1771 2248 1811 ac
2290 1757 2614 1824 templorum
2673 1755 3060 1812 incolumitati.
3115 1755 3160 1811 Ο
3194 1758 3449 1810 duritiem

1865 1848 2089 1903 cordis!
2125 1863 2158 1902 ο
2191 1847 2282 1902 Dei
2310 1849 2526 1902 odium!
2559 1845 2800 1918 Negatus
2855 1857 2937 1903 est
2986 1848 3237 1903 Christus
3273 1856 3452 1918 spreta

185 1942 476 2003 Θεοτόκος,
506 1940 760 1993 ὁστισοῦν
797 1941 908 1994 τῶν
953 1943 1152 2010 ἁγίων·
1201 1944 1269 1996 δι’
1321 1940 1397 1998 ὧν
1437 1947 1531 1998 καὶ
1571 1948 1762 2017 ἀρχιε-

1883 1939 2216 1994 sanctissima
2272 1939 2443 2009 ipsius
2497 1939 2733 2009 imagine
2766 1957 2781 1995 :
2816 1951 3004 2008 negata
3052 1938 3299 2008 Deipura,
3333 1948 3387 1993 et
3425 1954 3455 1993 e

190 2036 317 2104 ρεὺς
382 2033 662 2098 δεδίωκτο,
709 2034 804 2087 καὶ
867 2036 1162 2090 ἐπίσκοποι
1216 2037 1622 2110 περιορίζοντο,
1670 2040 1767 2092 καὶ

189 2125 491 2196 ἡγούμενοι
539 2126 1030 2193 ταυτοπαθοῦντες,
1066 2131 1291 2200 μοναχοὶ
1353 2132 1448 2184 καὶ
1502 2132 1768 2202 μονάζου-

190 2236 302 2282 σαι,
376 2217 582 2281 λαῖκοὶ,
637 2216 948 2282 λαῖζουσαι·
997 2222 1044 2273 oi
1097 2222 1192 2293 μὲν
1235 2224 1584 2294 τυπτόμενοι,
1625 2225 1675 2278 οί
1711 2225 1768 2278 δὲ

188 2310 591 2383 φρουρούμενοι
625 2326 641 2340 ·
739 2310 888 2366 ἄλλοι
985 2314 1465 2390 λιμοκτονούμενοι
1503 2361 1520 2386 ,
1590 2321 1769 2390 ἕτεροι

190 2401 464 2471 ξεόμενοι·
500 2399 651 2452 ἄλλοι
682 2399 1157 2474 θαλαττευόμενοι,
1207 2407 1387 2479 ἕτεροι
1429 2408 1767 2480 θανατούμε-

187 2509 266 2545 νοι
293 2507 308 2522 ·
363 2489 519 2544 ἄλλοι
577 2492 1053 2562 κρυπταζόμενοι,
1090 2495 1273 2567 ἕτεροι
1312 2499 1766 2569 δραπετεύοντες.

188 2589 428 2659 Πλήρεις
460 2587 516 2638 αί
549 2585 782 2656 ὲρημίαι
825 2589 921 2641 καὶ
945 2589 1016 2643 τὰ
1045 2590 1320 2660 σπήλαια·
1359 2591 1544 2663 πλήρη
1579 2595 1649 2644 τὰ
1667 2594 1767 2662 ὅρη

188 2684 281 2735 καὶ
321 2681 382 2734 αί
402 2680 608 2734 νάπαι·
661 2682 864 2752 σάρκες
905 2683 1263 2754 κοπτόμεναι,
1301 2685 1512 2754 αἵματα
1554 2684 1766 2757 ῥέοντα,

189 2773 220 2842 ἡ
251 2772 382 2825 καθ’
421 2774 571 2843 ἡμᾶς
601 2773 900 2844 οἰκουμένη
942 2775 1358 2846 κωδωνιζομένη
1385 2776 1463 2846 τῷ
1509 2775 1766 2848 διωγμῷ·

190 2866 394 2934 πᾶσαή
431 2865 530 2917 ὑπ’
591 2865 822 2936 ούρανδν
865 2865 941 2928 ὡς
985 2867 1159 2918 εἰπεῖν
1211 2866 1626 2936 στοναχίζουσα,
1676 2866 1771 2920 καὶ

191 2956 637 3010 κατακλαίουσα·
678 2957 772 3008 καὶ
819 2958 914 3022 σὺ,
958 2950 1003 3010 ὦ
1064 2957 1365 3027 τρισάθλιε,
1406 2956 1665 3021 ἑαλωκὼς
1702 2961 1768 3031 τῇ

191 3048 528 3119 ψυχοφθόρῳ
555 3048 835 3118 κοινωνία,
885 3048 980 3101 καὶ
1011 3048 1189 3119 μένων
1217 3051 1298 3112 εἰς
1350 3050 1410 3101 τὸ
1445 3049 1729 3121 όλετήριον
1754 3065 1768 3080 ·

193 3142 276 3193 ἐπ’
307 3138 378 3193 ἂν
407 3139 614 3203 οὕτως·
649 3139 764 3193 ἀλλ’
796 3139 856 3191 ού
886 3142 1273 3211 μοναστήριον·
1303 3140 1484 3208 λέγεις
1507 3137 1567 3194 εὖ
1592 3140 1768 3210 ἔχειν·

197 3234 286 3286 καὶ
318 3232 557 3303 ὲγγελᾷς
591 3231 895 3294 Ἰουδαϊκῶς
939 3234 1069 3295 τοὺς
1107 3233 1537 3303 Χριστοφόρους,
1574 3234 1773 3304 μᾶλλον

1869 2031 2074 2084 sanctis
2128 2031 2406 2101 quilibet:
2445 2040 2668 2100 propter
2723 2048 2862 2098 (ιιιος
2912 2041 2966 2086 et
3011 2033 3455 2102 archiepiscopus

1869 2129 2095 2172 vexatus
2127 2131 2230 2185 est,
2255 2128 2310 2172 et
2336 2118 2509 2188 fugati
2547 2122 2598 2173 in
2628 2121 2883 2174 exsilium
2930 2121 3192 2191 episc0pi,
3221 2130 3275 2176 et
3313 2137 3455 2192 pra:-

1872 2209 2035 2279 positi
2059 2209 2200 2263 idem
2234 2212 2502 2280 perpessi,
2537 2214 2794 2267 monachi
2825 2228 2888 2268 ac
2915 2215 3203 2281 moniales,
3240 2231 3270 2270 e
3300 2216 3456 2271 laicis

1868 2301 1970 2355 viri
2015 2315 2080 2354 ac
2129 2299 2347 2354 femina:
2379 2320 2391 2354 :
2427 2303 2518 2357 alii
2565 2305 2860 2370 verberati,
2909 2307 2999 2360 alii
3042 2307 3094 2360 in
3151 2307 3454 2366 custodiam

1869 2393 2048 2460 missi,
2082 2392 2172 2445 alii
2210 2391 2353 2447 fame
2382 2395 2582 2459 enecti,
2616 2396 2707 2449 alii
2738 2397 3040 2466 dilacerati,
3071 2399 3163 2453 alii
3196 2400 3248 2452 in
3283 2415 3432 2453 mare

1868 2484 2050 2555 ejecti,
2080 2484 2170 2539 alii
2198 2495 2371 2539 morte
2405 2487 2641 2549 multati,
2672 2487 3058 2544 delitescentes
3081 2490 3193 2552 alii,
3230 2491 3321 2544 alii
3363 2506 3457 2544 ea-

1867 2587 2151 2646 pessentes
2183 2576 2393 2648 fugam.
2447 2577 2630 2634 Plena:
2682 2593 2810 2636 sunt
2864 2582 3186 2637 solitudines
3216 2599 3281 2637 ac
3333 2599 3456 2654 spe-

1871 2669 2047 2726 luncae
2078 2689 2091 2725 :
2124 2671 2268 2740 pleni
2327 2680 2543 2725 montes
2586 2687 2650 2727 ac
2700 2675 2872 2728 saltus
2909 2693 2923 2730 :
2961 2690 3154 2730 carnes
3219 2678 3460 2730 concisas

1872 2772 2022 2827 sunt,
2056 2764 2275 2832 proﬂuit
2335 2765 2581 2836 sanguis,
2621 2778 2806 2821 nostra
2844 2767 2994 2835 regio
3057 2769 3464 2836 persecutionis

1875 2855 2114 2928 ‘umultu
2166 2865 2444 2927 personat,
2503 2857 2654 2911 orbis
2718 2865 2988 2911 terrarum
3056 2860 3460 2928 propemodum

1873 2945 2162 3000 universus
2214 2946 2524 3016 ingemiscit
2570 2961 2633 3001 ac
2683 2946 2870 3018 luget:
2903 2957 2960 3001 et
2993 2956 3073 3012 tu,
3133 2951 3462 3017 miserrime,

1877 3051 2001 3090 cum
2031 3046 2081 3090 te
2111 3037 2348 3092 exitialis
2404 3038 2723 3092 communio
2765 3049 3040 3108 captivum
3088 3051 3292 3105 teneat,
3348 3057 3468 3096 ma-

1873 3144 2115 3199 neasque
2139 3130 2191 3182 in
2225 3128 2483 3199 pestifero
2529 3130 2692 3197 loco;
2727 3147 2849 3184 nam
2883 3131 2963 3186 sic
2991 3142 3096 3198 est,
3125 3149 3230 3187 non
3264 3135 3316 3187 in
3351 3148 3470 3188 mo-
3509 3201 3514 3205 _

1878 3221 2119 3276 nasterio
2150 3237 2164 3287 ;
2205 3221 2286 3275 ais
2318 3231 2367 3276 te
2396 3231 2541 3276 recte
2563 3222 2764 3276 habere
2802 3240 2814 3274 :
2850 3238 2914 3277 ac
2943 3223 3254 3278 Judzeorum
3294 3240 3468 3288 more,

194 3327 247 3378 δὲ
278 3325 449 3378 αὑτὸν
480 3323 738 3394 Χριστὸν.
769 3323 909 3393 ὑπὲρ
945 3314 1008 3374 οῦ
1032 3323 1210 3376 καὶτὸ
1233 3323 1490 3394 πάσχειν.
1525 3303 1685 3378 Ποῖον
1715 3325 1771 3379 δὲ

1883 3331 1977 3373 eos
2011 3318 2106 3384 qui
2137 3315 2415 3370 Christum
2444 3326 2660 3387 gestant
2687 3317 2904 3382 irrides,
2940 3318 3050 3373 imo
3073 3318 3352 3373 Christum
3389 3320 3470 3389 ip—

196 3421 287 3471 καὶ
316 3415 571 3470 διεσώσω
607 3418 759 3480 ναὸν,
799 3415 894 3469 τὸν
926 3415 1054 3468 ναὸν
1074 3415 1170 3468 τοῦ
1199 3415 1337 3469 Θεοῦ
1368 3416 1569 3485 μιάνας
1611 3435 1775 3470 σεαυ⁴

196 3509 317 3574 τόν;
380 3507 552 3568 Τίνας
596 3506 654 3559 δὲ
711 3506 806 3558 καὶ
844 3505 1110 3576 ἀδελφοὺς
1155 3506 1448 3575 ἐφυλάξω·
1494 3507 1776 3578 διεφθορό-

198 3617 291 3663 τας
353 3601 422 3668 τῇ
470 3596 692 3667 ὀλεθρία
732 3613 827 3649 σου
880 3597 1161 3668 κοινωνία,
1200 3595 1318 3669 κᾶν
1362 3598 1421 3650 ἐν
1482 3597 1774 3669 βρώμασι;

200 3689 503 3743 σκάνδαλον
526 3688 622 3750 τοῦ
658 3689 890 3758 κόσμου,
947 3668 1253 3759 ὑπόδειγμα
1295 3668 1604 3761 ἀρνήσεως,
1639 3705 1780 3760 προ-

198 3782 377 3852 τροπὴ
414 3780 718 3844 ἀπωλείας,
759 3780 916 3852 σὰρξ,
951 3779 1067 3833 ἀλλ’
1125 3781 1186 3833 ού
1245 3781 1490 3850 πνεῦμα,
1551 3765 1781 3850 σκοτὴρν

201 3875 312 3927 ἀλλ’
367 3874 430 3926 ού
468 3874 719 3943 φωστήρ.
764 3870 951 3924 Ταῦτα
979 3871 1118 3942 αὐτὴ
1169 3871 1462 3943 ήὰλήθεια
1517 3872 1616 3943 βοᾷ
1647 3873 1785 3941 πρὸς

199 3971 324 4030 τοῦς
355 3965 536 4028 οὕτως
588 3963 918 4027 ἀσεϐοῦντας
944 3980 959 3995 ·
997 3964 1090 4028 οὓς
1139 3967 1189 4017 εί
1225 3964 1300 4036 μὴ
1358 3965 1785 4035 μετανοήσουσιν

200 4059 480 4129 ἐπιλέγειν
511 4057 684 4121 οὕτως
717 4058 871 4120 ἄθεα,
894 4057 956 4110 ού
991 4058 1355 4128 Χριστιανοὺς
1385 4057 1640 4129 ἡγητέον.

271 4238 566 4299 Ἤκουσας
617 4235 679 4288 τὸ
740 4237 935 4305 κρῖμα,
990 4234 1215 4304 Πάτερ·
1270 4235 1603 4306 ἡμάρτηκας
1653 4232 1786 4285 ὕπο-

207 4331 449 4403 στρέψας
491 4330 588 4383 καὶ
618 4327 900 4399 ἠθετηκὼς
924 4328 1027 4399 τὴν
1057 4329 1373 4398 ὑπόσχεσιν.
1409 4328 1555 4398 Πλὴν
1582 4329 1611 4379 ὁ
1646 4328 1786 4394 ἀγα-

207 4426 288 4489 θὸς
316 4424 460 4486 Θεὸς
518 4423 866 4491 συγχωρήσει
908 4437 1012 4474 σοι.
1051 4422 1250 4474 Μεῖνον
1299 4416 1394 4474 οῦν
1424 4421 1548 4490 ἄρτι
1600 4421 1656 4470 ὲν
1706 4418 1789 4490 τῷ

211 4514 591 4587 μοναστηρίῳ,
630 4513 716 4566 ἐπ’
747 4515 815 4566 ἂν
849 4513 1116 4583 μετῆλθεν
1153 4513 1326 4575 άλλως
1351 4514 1418 4568 τὰ
1441 4515 1746 4583 πράγματα
1771 4528 1785 4544 ·

208 4612 468 4680 ἐχόμενος
498 4605 595 4658 τοῦ
614 4604 910 4675 ὁμολογοῦν
941 4607 1102 4658 παντὶ
1124 4606 1220 4658 ἀνθ
1232 4603 1398 4677 ρώπῳ
1423 4605 1486 4658 τὸ
1512 4607 1784 4675 ἥμαρτον·

209 4703 275 4766 ὡς
306 4702 376 4756 ἂν
412 4701 441 4752 ὁ
504 4697 639 4760 Θεὸς
699 4696 1069 4767 εύμενισθείη,
1111 4697 1209 4750 καὶ
1241 4699 1494 4768 ἁναγάγῃ
1526 4714 1584 4749 σε
1618 4700 1695 4756 είς
1728 4696 1789 4748 τὸ

212 4796 482 4864 πρότερον
523 4791 668 4860 φῶς,
711 4791 802 4843 ὅτε
841 4791 1003 4861 ηῠγει
1037 4793 1065 4843 ὁ
1096 4789 1289 4860 λύχνος
1348 4790 1450 4859 τῆς
1507 4789 1790 4852 πολιτείας

213 4901 297 4937 σου
318 4902 332 4915 ·
360 4884 455 4936 ὅτε
489 4875 560 4952 ἧς
592 4879 859 4944 σεϐαστὸς
915 4883 1010 4933 καὶ
1043 4879 1357 4949 βασιλεῦσιν
1382 4895 1397 4911 ·
1430 4880 1520 4932 ὅτε
1573 4879 1691 4931 οὐδὲ
1729 4879 1790 4931 τὸ

212 4977 364 5044 τυχὸν
400 4971 690 5045 παροφθὲν
715 4967 784 5042 ἦν
832 4988 916 5024 σοι
947 4971 1424 5042 ἀκαταφρόνητον.
1485 4970 1596 5022 Καὶ
1656 4970 1794 5036 πρὸς

213 5070 266 5120 τὲ
290 5067 425 5137 ἑξῆς
451 5066 532 5129 ὡς
562 5065 913 5133 οἰκονομήσει
942 5062 1149 5134 Κύριος
1183 5063 1253 5115 τὰ
1298 5062 1401 5131 τῆς
1441 5060 1791 5130 Ἐκκλησίας,

213 5161 348 5216 οὕτω
391 5161 490 5214 καὶ
519 5159 830 5228 λαλήσομεν
860 5172 874 5186 ·
929 5155 1075 5210 οὕτω
1127 5155 1224 5208 καί⁸
1271 5152 1798 5223 συναποθανούμεθά

217 5272 288 5309 σοι
330 5256 426 5309 διὰ
459 5254 562 5323 τὴν
590 5253 815 5320 ἀγάπην
843 5251 900 5302 ὲν
932 5253 998 5320 τῇ
1030 5250 1243 5319 ἀγάπῃ.
1308 5247 1623 5317 Προσεύχου
1667 5246 1797 5316 περὶ

216 5349 364 5418 ἡμῶν
398 5346 512 5398 τῶν
548 5341 932 5416 ἁμαρτωλῶν·
968 5341 1066 5394 καὶ
1120 5339 1195 5410 μὴ
1247 5338 1362 5392 οἴου
1410 5336 1798 5407 ὑπεροπτικῶς

217 5444 360 5511 ἡμᾶς
389 5440 609 5510 γράψαι
637 5455 650 5468 ·
690 5439 848 5507 ἴσμεν
877 5436 986 5506 γὰρ
1021 5435 1249 5497 ἑαυτοὺς
1283 5432 1561 5503 βδέλυγμα
1616 5434 1672 5484 ἐν
1704 5432 1798 5482 άν-

219 5537 404 5603 ὖράσιν
431 5533 603 5596 ὁσίοις
624 5548 637 5561 ·
671 5531 810 5584 ἀλλὰ
836 5529 925 5582 διὰ
957 5526 1020 5581 τὸ
1079 5526 1281 5597 ἀληθὲς
1334 5524 1427 5578 καί
1484 5542 1577 5577 σου
1628 5524 1800 5594 σωτή-

224 5646 346 5696 ριον.
397 5628 457 5679 Εἰ
485 5625 546 5678 δὲ
574 5623 669 5676 καὶ
695 5621 894 5687 ἄλλων,
922 5623 950 5674 ὁ
981 5617 1172 5673 παθὼν
1202 5616 1529 5687 ὁμολογήσοι
1556 5613 1674 5685 Θεῴ
1701 5615 1798 5684 τὴν

225 5739 393 5792 χαριν.

1878 3424 2002 3465 sum
2037 3410 2242 3477 potius,
2277 3409 2435 3476 cujus
2462 3411 2638 3480 gratia
2663 3411 2736 3463 illi
2774 3412 3075 3479 patiuntur.
3105 3413 3277 3477 Quale
3307 3427 3474 3482 porro

1876 3502 2137 3570 templum
2164 3502 2433 3567 servasti;
2475 3517 2600 3555 cum
2639 3504 2897 3573 templum
2952 3503 3044 3558 Dei
3091 3505 3324 3575 teipsum
3372 3506 3476 3560 foe—

1879 3592 2020 3648 dasti
2037 3594 2059 3647 ?
2075 3595 2222 3659 Quos
2240 3607 2368 3648 vero
2390 3594 2583 3649 fratres
2597 3596 2929 3663 eustodiisti,
2942 3612 3064 3650 cum
3083 3598 3298 3652 eosdem
3319 3600 3478 3667 pesti-

1880 3685 1994 3741 fera
2049 3700 2141 3741 tua
2199 3688 2610 3751 communione,
2647 3690 2730 3742 vel
2783 3691 2903 3743 solo
2963 3691 3109 3754 cibo,
3162 3695 3477 3761 corruperis

1883 3779 2076 3834 mundi
2131 3779 2473 3845 scandalum,
2510 3779 2836 3834 defectionis
2894 3783 3228 3851 exemplum,
3261 3784 3327 3837 ad
3357 3785 3476 3838 exi-

1885 3871 2022 3924 tium
2053 3871 2388 3925 adhortator
2423 3890 2436 3925 :
2470 3887 2623 3936 caro,
2659 3881 2714 3926 at
2751 3888 2858 3926 non
2896 3874 3161 3941 spiritus;
3206 3876 3474 3940 tenehrio,

1886 3969 1943 4014 at
1973 3977 2080 4015 non
2113 3962 2230 4016 lux.
2259 3960 2384 4016 Haec
2416 3962 2617 4028 veritas
2646 3962 2760 4029 ipsa
2818 3964 3079 4017 inclamat
3129 3965 3194 4018 ad
3243 3981 3338 4020 eos
3381 3968 3474 4035 qui

1889 4055 1973 4110 sic
2020 4055 2187 4124 impie
2236 4067 2404 4126 agunt
2436 4072 2450 4109 :
2489 4072 2629 4126 quos
2661 4056 2764 4109 nisi
2823 4057 3086 4125 pmniteat
3124 4069 3233 4112 tam
3271 4059 3476 4116 nefaria

1889 4145 2063 4215 loqui,
2098 4161 2207 4200 non
2237 4155 2366 4201 sunt
2389 4148 2422 4200 ii
2445 4147 2748 4201 Christiani
2779 4149 3061 4202 censendi.

1960 4235 2177 4290 Audisti
2219 4236 2508 4305 judicium,
2561 4235 2742 4291 Pater.
2795 4236 3061 4302 Peecasti,
3094 4255 3220 4294 cum
3279 4241 3477 4296 violata

1890 4323 1996 4379 tlde
2031 4335 2178 4394 terga
2210 4325 2444 4378 vertisti.
2501 4324 2608 4380 Sed
2649 4327 2862 4380 veniam
2916 4326 3012 4380 tibi
3061 4327 3206 4384 Deus
3236 4337 3476 4399 optimus

1890 4417 2060 4472 dabit.
2098 4417 2253 4472 Mane
2288 4419 2472 4488 itaque
2504 4434 2649 4473 nunc
2683 4421 2735 4472 in
2765 4423 3121 4483 monasterio,
3156 4425 3337 4492 quoad
3369 4424 3478 4478 alio

1893 4524 1953 4562 se
1992 4509 2209 4577 negotia
2242 4509 2506 4563 verterint
2541 4527 2554 4562 :
2596 4510 2815 4564 assidue
2840 4510 2981 4564 hanc
3033 4498 3326 4581 u'nicuique
3373 4513 3476 4565 ho-

1894 4599 2028 4652 mini
2081 4599 2445 4655 confessionis
2505 4616 2694 4654 vocem
2759 4601 3062 4664 inculcans,
3117 4602 3339 4656 Peccavi
3374 4616 3477 4657 :ut

1895 4699 2150 4744 exoretur
2188 4689 2351 4755 Deus,
2377 4702 2702 4761 revocetque
2735 4700 2784 4745 te
2814 4691 2881 4745 ad
2936 4693 3084 4746 illam
3124 4697 3359 4768 priorem
3390 4695 3475 4748 lu—

1896 4798 2039 4846 cem,
2090 4797 2216 4836 cum
2245 4783 2684 4837 conversationis
2724 4791 2827 4838 tum
2881 4783 2966 4836 fax
3019 4782 3320 4854 effulgeret,
3351 4801 3474 4840 cum

1896 4890 2048 4929 esses
2075 4874 2412 4944 principibus
2471 4874 2603 4944 ipsis
2663 4876 3029 4939 venerandus,
3061 4890 3295 4946 cumque
3343 4878 3476 4932 nihil

1900 4982 2009 5020 non
2070 4965 2346 5037 despectui
2403 4977 2582 5032 esset,
2616 4967 2705 5021 ubi
2753 4976 2929 5020 tecum
2989 4967 3350 5026 conferretur.
3403 4972 3481 5025 Ae

1902 5060 2178 5127 deinceps,
2208 5068 2366 5129 prout
2398 5060 2653 5114 Ecclesiae
2684 5061 2896 5130 negotia
2920 5060 3178 5116 Dominus
3202 5063 3482 5130 dispensa-

1905 5151 2098 5216 bit,sic
2113 5161 2166 5205 et
2193 5151 2501 5219 loquemur,
2526 5151 2604 5206 sic
2631 5160 2687 5206 et
2711 5153 3137 5205 comrnoriemur
3163 5153 3257 5205 tibi
3280 5164 3481 5208 nnittne

1906 5241 2192 5296 charitatis
2226 5242 2438 5296 olliciis.
2484 5241 2587 5297 Pro
2619 5259 2705 5296 me
2737 5252 3020 5312 peccatore
3057 5260 3245 5313 preces
3273 5243 3476 5300 funde:

1907 5347 2008 5386 nec
2080 5348 2167 5385 me
2227 5333 2504 5387 existimes
2558 5343 2879 5401 arroganter
2943 5335 3222 5399 scribere;
3279 5338 3480 5392 scimus

1907 5424 2052 5478 enim
2108 5425 2251 5478 inter
2303 5426 2452 5480 viros
2499 5437 2718 5480 sanctos
2758 5442 2880 5481 esse
2915 5444 3016 5482 nos
3061 5430 3484 5487 abominationis

1907 5519 2080 5574 instar
2115 5537 2129 5586 ;
2167 5526 2259 5576 sed
2294 5523 2476 5576 studio
2524 5523 2791 5587 veritatis,
2825 5539 2890 5578 ac
2916 5533 3022 5579 tua:
3049 5526 3239 5580 salutis
3268 5527 3477 5579 deside-

1908 5612 2012 5666 rio.
2069 5612 2224 5679 Quod
2251 5614 2297 5669 si
2327 5615 2440 5668 haec
2483 5625 2537 5668 et
2564 5615 2688 5668 aliis
2741 5616 2992 5684 prosint;
3027 5617 3120 5687 qui
3155 5618 3480 5673 beneficium

1908 5705 2198 5774 acceperit,
2231 5705 2460 5777 gratiam
2499 5706 2544 5762 is
2581 5705 2690 5761 Deo
2720 5707 2936 5763 referat.

1752 5871 1959 5886 Ἡ
