3934 6442
511 362 641 427 I339

1683 370 1746 431 S.
1770 371 2171 432 THEODORI
2222 374 2566 434 STUDITAE

3622 370 3763 433 1340

505 471 590 522 XC
623 469 804 541 (‘).—
855 471 1073 527 Dilectis
1125 475 1492 542 spiritualibus
1542 473 1670 545 [iliis
1696 491 1744 532 et
1789 482 2071 549 fratribus,

2215 490 2251 546 β.
2285 513 2350 528 -
2389 483 2520 550 Τοῖς
2544 481 2950 553 ἠγαπημένοις
2973 480 3396 552 πνευματικοῖς
3427 482 3659 547 τέκνοις
3702 499 3763 534 rs

573 560 877 629 Laurentio,
923 566 1178 630 Simeoui,
1217 567 1486 638 Dionysio,
1520 566 1784 636 Poemeui,
1811 570 2000 633 Litoio,
2043 582 2094 626 et

574 657 786 724 reliquis
809 657 908 709 huc
959 666 1006 709 et
1051 658 1176 711 illuc
1209 659 1479 725 dispersis,
1509 658 1804 715 Theodorus
1849 672 2094 731 peccator

575 751 859 802 monachus
876 750 931 803 in
965 749 1188 803 Domino
1217 751 1459 805 salutem.

2260 577 2358 630 καί
2405 576 2708 645 ἀδελφοῖς,
2755 575 3112 643 Λαυρεντίῳ,
3147 573 3407 641 Συμεὼν,
3449 575 3760 638 Διονυσίῳ,

2254 667 2512 735 Ποιμέιν,
2544 670 2779 731 Λιτωτῳ,
2811 669 2907 720 καὶ
2963 667 3086 734 τοῖς
3114 668 3348 730 λοιποῖς
3370 662 3486 720 ὦδε
3521 667 3762 720 κάκεῖσε

2250 758 2740 828 διεσπαρμένοις,
2779 758 3073 826 Θεόδωρος
3111 759 3458 829 ἁμαρτωλὸς
3496 759 3765 829 μοναχὸς

2240 846 2310 898 ἐν
2337 849 2530 915 Κυρίῳ
2554 849 2798 917 χαίρειν.
2824 845 3026 919 [φπγ’

871 998 937 1048 Ut
977 1001 1324 1060 persecutione
1363 1001 1573 1061 liberati,
1599 1008 1650 1050 et
1671 1003 2317 1128 gratia(sB:r%alutalll)egéinec
2335 1011 2596 1131 ιῖἰὶιῖιιυαιη
2615 1010 2677 1058 de
2710 1010 2903 1059 virtutis
2921 1010 3085 1058 studio
3123 1011 3391 1061 remittant.

1983 1084 2013 1114 ι.
2102 1104 2114 1116 .
2243 1084 2322 1130 ,η.
2413 1107 2422 1118 .

1983 1084 2013 1114 ι.
2035 1084 2114 1116 an.
2147 1084 2256 1130 σει,
2276 1084 2322 1120 η.
2347 1084 2422 1119 ιι.

584 1189 834 1242 Gaudere
887 1203 1101 1257 semper
1135 1187 1257 1241 licet
1297 1186 1363 1240 iis
1410 1187 1502 1256 qui
1556 1190 1853 1242 secundum
1927 1188 2092 1242 Deum

511 1280 680 1332 \itam
729 1288 934 1346 agunt:
970 1282 1134 1332 etiam
1168 1280 1212 1332 si
1245 1278 1297 1330 in
1339 1278 1517 1332 tristia
1564 1288 1617 1332 et
1650 1280 1846 1333 laetitia:
1875 1289 2094 1334 contra-

515 1371 593 1422 ria
627 1371 986 1423 devolvantur
1016 1388 1028 1423 :
1057 1370 1182 1438 quia
1230 1386 1399 1422 unum
1436 1387 1574 1423 νει-ιε
1607 1371 1801 1425 laetitiae
1832 1388 1970 1440 opus
2007 1382 2092 1427 est

516 1477 642 1529 spes
672 1464 724 1514 in
776 1459 969 1524 Deum,
1005 1477 1069 1514 ac
1129 1477 1223 1528 pro
1249 1462 1366 1527 ipso
1401 1471 1454 1514 et
1483 1477 1578 1530 per
1613 1462 1789 1530 ipsum
1823 1464 2003 1518 vivere
2041 1472 2094 1518 et

518 1553 746 1609 moveri,
791 1560 846 1604 et
894 1551 1035 1603 aliud
1091 1551 1305 1618 quidvis
1341 1566 1516 1619 agere.
1551 1549 1705 1615 Quod
1741 1567 1868 1605 vero
1901 1554 1974 1606 ita
2001 1569 2097 1608 vos

517 1643 818 1710 comparati
870 1643 1014 1703 sitis,
1041 1658 1125 1694 res
1154 1642 1282 1710 ipsa}
1315 1649 1604 1694 testantur.
1656 1641 1774 1707 Qua
1813 1644 1955 1697 enim
1990 1645 2094 1699 alia

517 1737 584 1789 de
616 1751 779 1788 causa
805 1736 1076 1803 dispersio
1109 1744 1161 1786 et
1188 1734 1343 1804 labor
1369 1746 1425 1786 et
1463 1736 1674 1788 vexatio
1703 1741 1903 1800 vestra,
1929 1752 2094 1804 quam

519 1835 741 1895 propter
807 1827 982 1894 ipsum
1039 1826 1240 1879 bonum
1302 1827 1466 1879 Deum
1530 1825 1822 1879 nostrum?
1861 1827 2097 1882 Tametsi

522 1932 688 1973 nunc.
723 1917 967 1985 ejusdem
1010 1917 1372 1984 providentia,
1406 1931 1499 1985 per
1530 1917 1718 1985 optimi
1751 1917 2097 1985 imperatoris

521 2009 1001 2071 renuntiationem,
1071 2010 1305 2062 cessavit
1362 2010 1671 2077 persecutio
1709 2028 1722 2062 :
1756 2018 1810 2064 et
1873 2011 1939 2064 iis
2004 2011 2098 2079 qui

2271 1195 2497 1263 Χαίρειν
2531 1194 2647 1247 ἐστι
2680 1195 2914 1248 πάντοτε
2943 1198 3057 1258 τοῖς
3099 1195 3241 1248 κατὰ
3274 1195 3408 1248 Θεὸν
3455 1196 3592 1260 ζῶσι
3617 1215 3630 1228 ·
3665 1199 3770 1250 κάν

2192 1287 2307 1347 τοῖς
2342 1286 2440 1355 τῆς
2503 1289 2673 1356 χαρᾶς
2727 1288 2995 1350 ἐναντίοις
3046 1287 3376 1340 ὑποπέσοιεν
3407 1306 3422 1320 ο
3477 1290 3668 1358 ἐπειδὴ
3705 1292 3765 1341 ἓν

2196 1376 2538 1448 εὐφροσύνης
2581 1377 2845 1446 ἀληθινῆς
2891 1378 3051 1449 ἔργον
3085 1381 3117 1447 ὴ
3167 1381 3246 1441 είς
3289 1379 3422 1432 Θεὸν
3463 1379 3641 1445 ἐλπὶς,
3675 1395 3773 1434 και

2196 1468 2257 1521 τὸ
2286 1469 2426 1539 ὑπὲρ
2460 1467 2626 1521 αὑτοῦ
2658 1469 2752 1521 καὶ
2781 1469 2848 1522 δι’
2872 1469 3035 1522 αὐτὸν
3065 1468 3200 1538 ζῇν..
3219 1468 3314 1522 καὶ
3340 1470 3631 1532 κινεῖσθαι,
3673 1473 3770 1524 καὶ

2199 1561 2308 1612 πᾶν
2337 1560 2516 1612 ὁτιοῦν
2557 1559 2685 1612 ἄλλο
2737 1561 3021 1629 πράττειν.
3060 1561 3182 1614 Ὀτι
3247 1561 3302 1614 δὲ
3359 1561 3534 1626 οὕτως
3587 1564 3770 1632 ὑμεῖς,

2200 1654 2472 1720 μαρτυρεί
2523 1651 2756 1703 αὐτὰτὰ
2787 1652 3110 1719 πράγματα.
3179 1646 3402 1716 Οὖτινος
3447 1655 3558 1724 γὰρ
3604 1653 3771 1707 ἄλλου

2199 1741 2387 1794 ἕνεκεν
2423 1744 2451 1794 6
2477 1743 2816 1813 σκορπισμὸς
2849 1747 2937 1795 καὶ
2976 1745 3142 1807 κόπος
3167 1747 3263 1799 καὶ
3299 1747 3488 1810 κλόνος
3524 1747 3703 1816 ὑμῶν,
3737 1748 3771 1816 ἦ

2200 1831 2267 1884 δι’
2291 1834 2455 1885 αὑτὸν
2486 1834 2577 1886 τὸν
2610 1834 2816 1901 ἀγαθὸν
2846 1834 2979 1886 Θεὸν
3007 1835 3165 1904 ἡμῶν
3192 1853 3205 1899 ς
3241 1836 3304 1890 Εἰ
3340 1839 3434 1890 καὶ
3467 1838 3548 1890 ὅτι
3580 1836 3674 1889 νῦν
3703 1841 3771 1906 τῇ

2201 1924 2368 1978 αὐτοῦ
2403 1926 2721 1997 προμηθείᾳ
2751 1926 3037 1995 ἐλώφησεν
3066 1929 3093 1978 6
3119 1927 3381 1997 διωγμός.
3439 1928 3775 1999 Ἀναρῤήσει

2203 2013 2295 2067 τοῦ
2329 2015 2568 2084 χρηστοῦ
2601 2017 2867 2084 κράτους’
2899 2016 2993 2069 καὶ
3025 2009 3334 2088 ’παρρησίας
3359 2017 3499 2086 θύρα
3522 2019 3774 2089 ἀνεῴχθη

520 2118 638 2155 eam
682 2101 1047 2169 patiebantur,
1084 2100 1348 2154 libertatis
1379 2100 1582 2153 ostium
1621 2103 1947 2168 patefactum
1995 2111 2097 2164 est,

2215 2109 2313 2168 τοῖς
2341 2108 2742 2178 δεδιωγμένοις,
2777 2109 3114 2162 ἀπολαύουσι
3141 2110 3370 2180 μετρίας
3397 2111 3647 2178 ἀφέσεως
3681 2114 3778 2166 καὶ

527 2190 742 2243 modica
774 2189 882 2243 illis
923 2188 1259 2242 relaxatioue
1288 2196 1342 2241 et
1377 2202 1508 2256 pace
1565 2202 1825 2242 concessa
1884 2203 1977 2256 per
2006 2201 2098 2239 ur-

524 2284 618 2336 bes
651 2282 892 2349 singulas
925 2290 1085 2349 atque
1148 2279 1482 2349 provincias.
1542 2279 1661 2345 Quo
1697 2281 1914 2333 nomine
1940 2294 2100 2349 agere

526 2371 754 2425 Domino
781 2373 985 2441 gratias
1014 2372 1297 2429 debemus.
1336 2371 1548 2436 Patres,
1604 2381 1658 2424 et
1691 2369 1895 2440 precari
1948 2383 2096 2432 eum,

524 2473 635 2515 tum
669 2477 765 2531 pro
795 2462 1178 2515 abundantiori
1225 2478 1378 2530 pace,
1413 2470 1525 2514 tum
1557 2477 1653 2527 pro
1684 2461 2101 2514 conllrmatione

524 2553 820 2602 electorum
855 2565 883 2601 ει
929 2549 1037 2602 Deo
1072 2550 1460 2618 imperatorum
1496 2559 1831 2602 nostrorum.
1870 2548 1967 2603 llic
2002 2551 2104 2618 igi-

527 2650 616 2692 tur
647 2642 853 2708 primus
882 2653 1064 2693 sermo
1095 2649 1299 2692 noster.
1363 2638 1672 2703 Proximus,
1710 2651 1767 2693 ut
1811 2649 1864 2693 et
1920 2656 2021 2694 nos
2050 2649 2104 2695 et

530 2749 628 2784 vos
682 2731 1073 2784 relaxationem
1117 2729 1274 2784 istaut
1310 2731 1737 2799 missionemqne
1767 2732 1832 2782 ad
1881 2729 2104 2784 virtutis

527 2824 854 2874 solutionem
924 2820 1148 2873 minime
1201 2820 1585 2888 accipiamus;
1630 2819 1722 2872 sed
1789 2818 2103 2887 ubicunque

528 2908 726 2977 singuli
793 2909 1005 2966 simus,
1070 2907 1304 2975 idipsum
1374 2908 1676 2960 sentiamus
1720 2909 1785 2968 ⁹¹,
1856 2908 2102 2959 eamdem

531 3017 779 3054 normam
819 3010 1126 3061 teneamus,
1162 3000 1214 3051 in
1245 2998 1390 3051 nullo
1421 2998 1604 3051 dantes
1658 2998 2018 3066 o/fensionem,
2048 3007 2105 3051 ut

530 3109 632 3144 non
664 3093 987 3160 vituperetur
1019 3091 1373 3143 ministerium
1405 3106 1422 3142 :
1456 3090 1545 3142 sed
1599 3093 1655 3142 in
1687 3088 1924 3141 erunibus
1953 3089 2106 3141 exhi-

532 3190 745 3237 treamus
787 3185 1155 3250 nosmetipsos,
1183 3193 1239 3235 ut
1267 3184 1527 3250 scriptum
1559 3189 1661 3246 est,
1695 3182 1829 3234 sicut
1883 3181 1977 3234 Dei
2007 3182 2109 3233 mi-

531 3277 747 3337 nistros,
791 3276 844 3328 in
889 3277 1170 3344 patientia,
1221 3275 1276 3326 iu
1328 3273 1773 3338 tribulationibus,
1840 3273 1894 3325 in
1944 3289 2109 3342 angu-

531 3369 647 3421 stiis
671 3369 739 3431 ⁹³;
773 3369 826 3420 in
850 3368 972 3421 aliis
1002 3368 1201 3435 quibus
1245 3365 1408 3433 hujus
1452 3366 1711 3433 temporis
1740 3365 1849 3418 vita
1871 3365 2106 3418 obnoxia

531 3468 632 3513 est.
670 3459 744 3512 lta
780 3459 926 3512 enim
977 3468 1030 3511 ct
1076 3473 1137 3512 ea
1194 3473 1316 3526 qua:
1346 3456 1457 3524 jam
1497 3467 1710 3525 peracta
1739 3456 2103 3510 suntstabilia
2134 3448 2176 3504 C

533 3549 1005 3604 confirmabimus.
1035 3557 1088 3601 et
1109 3563 1172 3600 ea
1209 3562 1328 3613 mue
1380 3561 1524 3599 nunc
1578 3548 1801 3607 instant,
1862 3535 2108 3600 faciliora

534 3640 844 3704 reddemus,
862 3649 915 3693 et
934 3638 1151 3703 futuris,
1179 3649 1228 3690 ιιι
1256 3638 1438 3706 pietati
1457 3639 1712 3691 convenit
1733 3653 2104 3693 occurremus.

602 3730 712 3785 Nos
771 3733 859 3785 hic
910 3746 1102 3785 sumus
1173 3730 1241 3783 ad
1277 3731 1464 3782 urbem
1524 3730 1850 3795 habitantes,
1903 3731 2110 3786 sciente

537 3825 866 3894 imperatore
900 3841 913 3876 :
943 3825 1192 3876 videmus
1251 3823 1454 3890 pariter
1516 3831 1569 3875 et
1619 3823 1868 3876 videntur
1916 3823 1985 3877 ab
2014 3821 2110 3875 ad-

532 3915 885 3969 ventantibus
921 3912 1184 3966 fratribus
1223 3923 1276 3965 et
1306 3910 1557 3965 Patribus
1591 3915 1789 3967 nostris
1822 3931 1834 3967 :
1862 3923 1915 3967 et
1947 3913 2111 3967 liber-

537 4016 622 4061 tas
652 4006 719 4060 ab
754 4006 843 4074 pio
887 4005 1212 4072 imperatore
1237 4004 1530 4056 constituta
1570 4011 1672 4056 est.
1702 3999 1772 4056 De
1802 4003 2006 4069 futuro,
2052 4011 2112 4057 ut

535 4098 730 4167 diriget
791 4097 1071 4155 Dominus,
1114 4103 1167 4147 et
1196 4093 1408 4162 jubebit
1460 4093 1776 4161 imperator,
1841 4094 1959 4147 sive
2022 4094 2110 4149 hic

538 4206 781 4247 manere,
815 4190 927 4241 sive
961 4187 1069 4241 alio
1098 4186 1371 4251 secedere,
1411 4185 1510 4238 iter
1541 4185 1825 4239 faciemus.
1874 4186 2110 4239 Tantum

539 4299 635 4337 vos
665 4282 717 4336 iu
755 4297 892 4350 Opus
928 4291 1165 4334 vestrum
1189 4279 1374 4331 intenti
1409 4278 1664 4341 insistite,
1686 4288 1740 4330 et
1765 4295 1860 4347 pro
1891 4279 2114 4332 humili-

541 4386 651 4430 tate
680 4386 863 4428 nostra
919 4374 1136 4426 assidue
1189 4371 1509 4441 precatniui,
1542 4380 1601 4423 ut
1639 4371 1757 4424 sine
1797 4370 2111 4425 offensione

539 4468 714 4521 simus
745 4466 827 4520 his
850 4477 1012 4534 atque
1050 4465 1154 4517 illis
1186 4474 1238 4516 et
1291 4462 1544 4516 Ecclesiae
1580 4461 1696 4516 Dei.
1737 4460 1985 4525 Fratres,
2016 4462 2113 4532 qui

540 4558 769 4611 avulsia
810 4559 966 4610 nobis
1023 4566 1225 4608 temere
1271 4552 1489 4606 fuerunt
1541 4553 1704 4608 variis
1766 4554 1966 4618 modis,
2019 4570 2118 4624 per

541 4652 796 4704 idoneum
841 4663 1148 4702 sermonem
1192 4646 1352 4699 nobis
1409 4644 1550 4697 uniri
1597 4645 1803 4713 optimo
1832 4645 1941 4700 Deo
1998 4646 2115 4716 pla-

541 4745 674 4796 cuit.
728 4739 793 4793 Et
823 4741 991 4810 gavisi
1051 4752 1241 4792 smnus
1267 4737 1471 4807 indigni
1505 4737 1703 4806 gaudio
1733 4753 1952 4807 magno,
1983 4739 2110 4806 quia

541 4849 662 4904 quae
713 4849 817 4886 non
875 4834 1252 4900 sperabamus,
1303 4829 1536 4882 vidimus
1588 4829 1759 4882 oculis
1815 4831 2040 4893 nostris,
2064 4840 2117 4886 et

542 4926 850 4980 cicatricem
894 4923 1240 4977 abduxerunt
1285 4922 1456 4976 divisa
1511 4923 1774 4986 membra,
1813 4933 1867 4976 et
1918 4923 2115 4978 festum

547 5018 773 5071 Domino
799 5018 1012 5081 agimus
1048 5017 1099 5068 in
1139 5015 1564 5084 uniuscujusque
1596 5030 1887 5081 concursu,
1915 5024 1968 5069 et
1984 5031 2118 5070 con-

542 5112 761 5165 ﬁtentur
800 5109 1029 5161 Domino
1060 5119 1110 5161 et
1141 5109 1343 5178 gratias
1397 5110 1608 5177 agimus
1649 5108 2068 5177 imperatoribus
2098 5126 2115 5174 ;

543 5207 801 5274 quoniam
844 5203 889 5256 si
924 5203 1067 5255 aliud
1123 5201 1276 5265 nihil,
1317 5203 1470 5256 nobis
1526 5212 1673 5256 certe
1734 5218 1987 5272 magnum
2035 5212 2119 5257 est

546 5294 866 5348 beneficium
903 5310 916 5345 :
954 5292 1147 5346 deinde
1200 5295 1326 5361 quia
1388 5293 1542 5346 nobis
1599 5294 1713 5347 haec
1776 5309 2116 5363 nequaquam

542 5391 618 5444 ita
656 5399 779 5458 apte
810 5387 1161 5450 cecidissent,
1200 5388 1301 5441 nisi
1353 5402 1383 5440 e
1414 5388 1728 5441 carceribus
1779 5387 1853 5440 ita
1905 5387 2119 5442 dimissi

547 5482 862 5547 fuissemus,
886 5493 938 5535 et
957 5483 1011 5535 in
1043 5481 1134 5534 tali
1169 5481 1286 5534 loco
1317 5480 1778 5533 consedissemus.
1800 5478 1995 5533 Omnia
2017 5495 2118 5534 no-

548 5575 630 5629 bis
661 5576 796 5630 belle
847 5585 1167 5640 evenerunt,
1203 5584 1267 5626 et.
1285 5573 1554 5636 evenient,
1583 5582 1668 5627 sat
1726 5571 1863 5638 scio,
1903 5573 2113 5631 sanctis

617 5691 662 5719 ν’
701 5688 930 5757 Philipp.
958 5704 1018 5751 tt,

621 5786 681 5830 t'}
707 5779 1063 5834 Culecbctica.

1181 5687 1222 5717 -°’
1261 5688 1295 5739 Il
1331 5687 1457 5739 Cor.
1489 5703 1563 5746 τι,
1597 5687 1649 5740 5.

2201 2198 2424 2266 είρήνης
2483 2199 2625 2251 κατὰ
2672 2199 2854 2250 πᾶσαν
2909 2200 3064 2252 πόλιν
3118 2200 3213 2252 καὶ
3270 2200 3473 2270 χώραν.
3526 2202 3641 2269 Ἐφ’
3694 2199 3780 2265 οἷς

2201 2290 2480 2358 ὀφειλέται
2532 2289 2719 2360 ἐσμὲν,
2768 2284 2812 2343 ὦ
2873 2291 3136 2362 Πατέρες,
3197 2292 3551 2361 εὐχαριστίας
3600 2311 3782 2362 προσ-

2203 2382 2358 2450 άγειν
2388 2381 2596 2452 Κυρίῳ,
2634 2383 2729 2435 καὶ
2763 2383 3061 2453 πρεσϐείας
3094 2383 3233 2454 ὑπέρ
3273 2400 3330 2436 τε
3367 2385 3784 2457 πλουσιωτέρας

2203 2475 2446 2544 εἰρήνης,
2531 2474 2627 2526 καὶ
2705 2474 3107 2545 ὲπιστηρίξεως
3171 2474 3279 2527 τῶν
3355 2475 3782 2548 θεοπροϐλήτων

2203 2564 2362 2635 ἡμῶν
2397 2563 2680 2634 βασιλέων.
2722 2557 2891 2626 Οὗτος
2919 2561 3012 2618 οὖν
3054 2567 3081 2618 6
3113 2565 3328 2636 πρῶτος
3359 2565 3540 2634 λόγος.
3579 2568 3784 2620 Δεύτε-

2207 2674 2298 2728 ρον
2331 2657 2406 2721 δὲ,
2441 2657 2527 2709 ἴνα
2559 2658 2655 2710 καὶ
2684 2659 2842 2728 ἡμεῖς
2877 2659 2972 2710 καὶ
3006 2660 3163 2725 ὑμεῖς
3201 2660 3275 2732 μὴ
3323 2660 3423 2728 τὴν
3459 2661 3655 2727 ἄφεσιν
3700 2662 3786 2724 εἰς

2206 2749 2449 2802 διάλυσιν
2518 2750 2722 2821 ἀρετῆς
2769 2750 3090 2819 δεξοίμεθαο
3147 2751 3263 2804 ἀλλ’
3308 2752 3551 2822 ὅπουπερ
3613 2753 3787 2822 ἐσμὲν

2205 2839 2436 2902 ἕκαστος
2467 2842 2525 2893 τὸ
2561 2841 2691 2893 αὐτὸ
2723 2845 2962 2910 φρονεῖν,
2999 2842 3075 2911 τῷ
3120 2843 3272 2913 αύτῷ
3301 2846 3534 2912 στοιχεῖν
3566 2843 3786 2909 κανόνι,

2206 2934 2276 2986 ὲν
2295 2933 2512 3002 μηδενὶ
2541 2933 2812 3000 διδόντες
2850 2936 3210 3004 προσκοπήν
3233 2953 3245 2966 ·
3272 2939 3371 2989 ἵνα
3417 2936 3500 3005 μὴ
3528 2937 3790 3006 μωμηθῇ

2209 3024 2247 3091 ὴ
2273 3023 2549 3077 διακονία
2569 3041 2580 3053 ο
2613 3025 2747 3078 ἀλλ’
2775 3025 2845 3078 ἐν
2879 3027 3058 3078 παντὶ
3096 3026 3479 3094 συνιστώμεν
3499 3028 3788 3092 ἑαυτοὺς,

2207 3114 2349 3167 καθά
2378 3115 2712 3185 γέγραπται,
2746 3116 2826 3182 ὡς
2853 3117 2998 3170 Θεοῦ
3030 3116 3318 3181 διάκονοι,
3369 3118 3438 3170 ὲν
3466 3118 3778 3186 ὑπομονῇ,

2207 3207 2277 3260 ἐν
2297 3209 2603 3275 θλίψεσιν,
2633 3210 2700 3261 ἐν
2729 3211 3173 3277 στενοχωρίαις,
3208 3213 3262 3261 ἐν
3290 3211 3468 3272 ἄλλοις
3509 3207 3588 3274 οἷς
3614 3213 3642 3263 6
3671 3212 3795 3279 βίος

2208 3297 2318 3349 τῶν
2349 3297 2637 3367 παρουσῶν
2687 3298 2913 3368 ἡμερῶν
2957 3299 3278 3351 ὑποπίπτει.
3331 3298 3487 3352 Οὕτω
3544 3301 3656 3370 γὰρ
3686 3304 3794 3353 καὶ

2207 3389 2276 3441 τὰ
2307 3391 2693 3460 προηνυσμένα
2738 3390 3104 3459 φυλάττοιμεν
3162 3392 3518 3463 ἀναφαίρετα,
3577 3394 3669 3445 καὶ
3720 3396 3797 3447 τὰ

2211 3480 2314 3551 ἤδη
2376 3482 2792 3550 προσπίπτοντα
2846 3483 3268 3552 εὑμαρίζοιμεν,
3302 3486 3397 3537 καὶ
3417 3487 3483 3536 τὰ
3523 3484 3797 3554 μέλλοντα

2212 3572 2533 3643 θεοπρεπῶς
2562 3574 2987 3644 ὑπαντήσοιμεν.

2281 3714 2408 3774 Ὧδε
2437 3721 2603 3791 ἐσμὲν
2635 3723 2739 3794 πρὸ
2775 3722 2870 3775 τοῦ
2907 3723 3114 3785 ἄστεως
3147 3725 3542 3792 παροικοῦντες
3573 3725 3796 3794 είδήσει

2212 3812 2315 3882 τῆς
2373 3812 2676 3882 βασιλείας,
2729 3815 2968 3883 ὁρῶντες
3026 3815 3118 3867 καὶ
3174 3817 3441 3885 ὁρώμενοι
3506 3817 3611 3868 ὑπὸ
3681 3820 3802 3870 τῶν

2217 3904 2534 3973 φοιτώντων
2591 3906 2840 3976 ἀδελφῶν
2916 3908 3010 3959 καὶ
3077 3909 3334 3976 Πατέρων
3388 3908 3573 3977 ἡμῶν
3611 3911 3708 3962 καὶ
3760 3915 3796 3980 ἡ

2214 3997 2501 4068 ἐλευθερία
2532 3999 2670 4067 πρὸς
2703 3998 2797 4052 τοῦ
2823 3998 3032 4066 ἀγαθοῦ
3060 3998 3325 4067 βασιλέως
3355 4001 3799 4071 ὲπιτεταγμένη.

2214 4090 2361 4160 Πρὸς
2417 4091 2478 4143 τὸ
2533 4090 2662 4160 ἑξῆς
2692 4091 2767 4154 ὡς
2812 4092 2878 4145 ἂν
2912 4091 3087 4143 εὐοδοῖ
3125 4092 3328 4162 Κύριος
3354 4107 3365 4122 ·
3400 4092 3457 4162 ἢ.
3494 4093 3695 4166 κελεύῃ
3739 4099 3806 4148 τὸ

2214 4183 2415 4253 κράτος
2462 4183 2746 4253 ἐπιμένειν
2795 4183 3052 4246 ἐνταῦθα,
3102 4182 3373 4254 ἢάλλαχῆ
3424 4186 3804 4254 μεταπίπτειν

2213 4289 2273 4327 τε
2309 4273 2403 4326 καὶ
2444 4275 2770 4345 ὑποχωρεῖν,
2821 4275 2963 4327 οὕτω
3021 4275 3114 4327 καὶ
3149 4275 3571 4344 ἐνεχθησόμεθαι
3612 4277 3805 4330 Μόνον

2215 4367 2370 4419 αὐτοὶ
2390 4365 2480 4419 τοῦ
2500 4370 2663 4436 ἔργου
2691 4367 2844 4438 ὑμῶν
2866 4369 3138 4437 ἐχόμενοι,
3161 4367 3346 4436 ἔχεσθε
3368 4370 3464 4421 καὶ
3489 4367 3583 4421 τοῦ
3617 4387 3807 4440 προσ-

2216 4459 2471 4528 εύχεσθαι
2533 4461 2663 4529 περὶ
2726 4462 2824 4529 τῆς
2882 4459 3265 4523 ταπεινώσεως
3330 4461 3520 4530 ἡμῶν
3585 4461 3663 4524 ὡς
3733 4464 3806 4515 ἂν

2217 4550 2558 4620 ἀπρόσκοποι
2593 4545 2741 4620 ὦμεν
2775 4551 2953 4603 τοῖσδε
2980 4551 3283 4615 κάκείνοις,
3320 4551 3414 4602 καὶ
3441 4553 3506 4621 τῇ
3557 4551 3809 4619 Ἐκκλη-

2219 4640 2310 4705 σία
2344 4641 2436 4693 τοῦ
2488 4641 2648 4695 Θεοῦ.
2693 4642 2834 4704 Τοὺς
2886 4642 3018 4711 πρὶν
3073 4640 3490 4710 ἁπορῤαγέντας
3546 4639 3810 4706 ἀϐούλως

2220 4731 2484 4800 ἀδελφοὺς
2518 4731 2661 4785 κατὰ
2700 4731 2926 4794 πολλοὺς
2976 4729 3210 4801 τρόπους
3254 4732 3549 4800 εὐδόκησεν
3591 4731 3620 4783 6
3663 4733 3810 4800 Θεὸς

2141 4791 2195 4849 D
2220 4827 2248 4877 6
2282 4791 2651 4896 ὑπεράγαθος,
2681 4791 2948 4894 ἐνωθῆναι
2979 4791 3112 4893 ἡμῖν
3135 4791 3274 4892 μετὰ
3298 4823 3393 4875 τοῦ
3423 4791 3815 4892 προσήκοντος

2220 4916 2403 4986 λόγου,
2441 4918 2550 4969 Καὶ
2599 4916 2878 4986 ἐχάρημεν
2917 4917 2969 4967 οἱ
3017 4915 3228 4979 ἀνάξιοι
3283 4916 3458 4984 χαράν
3510 4917 3810 4986 μεγάλην·

2221 5018 2304 5070 ὅτι
2345 5014 2381 5069 ἃ.
2424 5016 2526 5068 οὐκ
2555 5014 2858 5084 ἠλπίζομεν
2896 5014 3121 5081 οἴδαμεν
3159 5014 3216 5064 ὲν
3267 5011 3566 5080 ὀφθαλμοῖς
3613 5014 3813 5082 ἡμῶν,

2223 5110 2320 5163 καὶ
2350 5107 2662 5177 συνουλώθη
2697 5107 2764 5159 τὰ
2794 5104 3206 5160 διασπασθέντα
3237 5103 3395 5173 μέλη,
3422 5105 3514 5156 καὶ
3545 5105 3817 5173 ἑορτάζο-

2226 5219 2326 5272 μεν
2375 5201 2569 5272 ἑορτὴν
2598 5200 2788 5271 Κυρίῳ
2835 5201 2891 5252 ἐν
2949 5200 3014 5270 τῇ
3058 5199 3177 5260 ἐνὸς
3227 5197 3462 5250 ἑκάστου
3494 5196 3813 5271 συνδρομῇ,

2219 5295 2314 5347 καὶ
2344 5291 2861 5362 ἀνθομολογούμεθα
2881 5290 2960 5358 τῷ
2991 5289 3202 5360 Κυρίῳ,
3229 5290 3322 5341 καὶ
3355 5289 3816 5358 ἁπευχαριστοῦ-

2223 5403 2323 5456 μεν
2377 5386 2491 5448 τοῖς
2529 5385 2856 5456 κρατοῦσιν·
2909 5385 2991 5436 ὅτι
3044 5384 3092 5434 εί
3147 5380 3237 5433 καὶ
3277 5381 3442 5450 μηδὲν
3470 5381 3619 5445 ἄλλο,
3675 5382 3818 5436 ὅσον

2222 5478 2362 5549 πρὸς
2402 5478 2550 5549 ἡμᾶς
2588 5477 2730 5546 μέγα
2764 5476 2825 5529 τὸ
2879 5475 3144 5547 δώρημα·
3184 5474 3279 5526 καὶ
3321 5473 3508 5533 πάλιν.
3557 5473 3641 5524 ὅτι
3699 5479 3819 5530 οὐκ

2224 5570 2290 5626 ἂν
2317 5569 2494 5636 ἄλλως
2524 5570 2759 5635 εὐθέτως
2787 5569 3020 5639 ἔσχομεν
3046 5566 3141 5638 τὴν
3166 5565 3460 5636 σύμϐασιν,
3489 5565 3520 5635 ἢ
3544 5565 3602 5618 τὸ
3623 5565 3819 5634 οὕτως
