3934 6466
183 398 310 464 1341
1373 409 1760 471 EPISTOLAI

1863 413 1913 473 Μ
1971 413 2120 473 LIB.
2161 412 2252 476 II.
3303 409 3442 478 1342

177 516 451 584 ἀφεθῆναι
511 517 659 584 ἡμᾶς
689 516 799 568 τῶν
856 515 1151 585 φυλακῶνο
1181 519 1278 571 καὶ
1329 519 1665 591 καθεσθῆναι
1695 522 1754 574 ἐν

1863 523 2113 591 precibus
2155 521 2367 578 vestris.
2401 520 2467 576 Et
2494 521 2756 592 quoniam
2806 521 2874 577 de
2923 523 3269 578 revocatione
3299 525 3438 580 inci-

177 609 480 677 καθίσματι
531 609 861 679 τηλικούτῳ.
900 609 1085 662 Πάντα
1134 611 1213 673 εἰς
1254 610 1418 664 καλὸν
1449 613 1583 682 ἡμῖν
1627 629 1757 665 συν-

1863 614 1942 669 dit
1967 615 2190 678 mentio,
2225 621 2512 669 revocatus
2546 622 2632 668 est
2660 613 2926 683 nobisque
2958 631 3082 668 cum
3116 616 3248 670 aliis
3306 631 3442 670 con-

176 702 404 769 έδραμε,
452 702 548 753 καὶ
597 701 958 770 συνδρὰμοιεν
1002 697 1060 755 εὖ
1095 698 1192 755 οἷδ’
1241 704 1323 756 ὅτι
1365 704 1553 774 εὐχαῖς
1603 704 1758 776 ὑμῶν

1863 704 2101 775 iunctus,
2153 707 2264 760 imo
2320 708 2606 776 plusquam
2661 706 2775 770 alii,
2831 706 3148 760 tabellarius
3208 708 3441 762 dilectus

179 792 385 856 ἁγίαις.
441 792 664 862 Ἐπειδὴ
709 792 765 844 δὲ
809 795 836 846 ὀ
875 793 1033 860 λόγος
1067 796 1195 864 περὶ
1237 793 1626 867 ἀνακλήσεως⁹
1665 798 1760 850 ἀν-

1863 799 2006 853 lilius
2039 809 2225 853 noster
2253 798 2531 864 Clemens,
2585 798 3033 868 religiosissimus
3091 800 3438 868 praepositus,

177 884 384 952 εκλήθη
422 887 514 936 καὶ
563 885 747 955 ήνὼοη
779 887 910 955 ἡμῖν
941 888 1038 939 σὺν
1073 891 1186 950 τοῖς
1221 889 1402 951 ἄλλοις
1449 888 1542 941 καὶ
1594 887 1757 941 πλέον

1863 891 2042 946 omnia
2074 893 2306 946 libenter
2337 892 2632 961 accipiens,
2659 909 2779 960 quae
2823 892 2922 960 ipsi
2986 892 3092 946 diei
3152 907 3250 960 par
3299 903 3439 958 erat,

180 977 386 1043 μᾶλλον
426 977 534 1028 τῶν
587 977 762 1029 ἄλλων
812 979 840 1028 ὁ
882 980 1377 1048 γραμματηφόρος,
1414 982 1443 1033 ὁ
1474 980 1760 1051 ἀγαπητὸς

179 1067 339 1136 ἡμῶν
397 1069 515 1128 υἱὸς
579 1068 802 1137 Κλέμης
852 1070 880 1121 ὁ
972 1070 1368 1133 εὐλαϐέστατος
1429 1071 1751 1144 ἡγούμενος,

177 1160 358 1210 πάντα
389 1160 645 1230 ἀσμένως
676 1159 1058 1229 εἰσδεξάμενος
1075 1160 1112 1214 ἃ
1133 1161 1239 1214 ἔδει
1263 1161 1415 1232 αὑτῷ
1431 1163 1754 1232 λαληθῆναι,

176 1252 266 1302 καὶ
329 1254 458 1320 περὶ
503 1253 723 1304 πάντων
763 1251 1136 1321 ποιησάμενος
1202 1255 1300 1323 τὴν
1369 1256 1757 1324 προσήκουσαν

178 1339 502 1405 ἀπολογίαν.
533 1334 704 1406 Ἐφ’ᾇ)
729 1343 822 1393 καὶ
847 1341 1172 1411 ἀρεσθέντες
1195 1343 1570 1413 ἠσπασάμεθα
1596 1344 1757 1397 αὐτὸν

177 1433 680 1502 ὲνστερνισμένως·
723 1434 1040 1498 ἐλπίζοντες
1089 1437 1182 1488 καὶ
1221 1435 1290 1490 δι’
1325 1436 1488 1489 αὑτὸν
1534 1436 1757 1507 αῦχημα

176 1525 324 1593 ἔχειν
347 1527 396 1577 οἱ
433 1528 752 1596 ἁμαρτωλοὶ
785 1530 1052 1598 σωτήριον
1084 1529 1217 1582 αὐτὸ
1243 1529 1421 1584 τοῦτο.
1450 1530 1560 1583 Καὶ
1601 1531 1758 1596 ὑμεῖς

177 1620 537 1686 προσήκασθε
570 1621 882 1691 παρακαλῶ
917 1622 1006 1674 τὸν
1051 1622 1279 1690 ἀδελφὸν
1310 1622 1385 1685 ὼς
1433 1622 1674 1689 ἀδελφοὶ,
1701 1623 1762 1674 τὸ

180 1713 342 1778 μέλος
375 1713 453 1773 ὡς
502 1713 661 1782 μέλη.
700 1714 791 1765 τὸν
826 1715 1108 1782 ὁμόφρονα
1149 1714 1224 1778 ὡς
1291 1713 1615 1784 ὁμόφρονες.

176 1813 367 1881 ἔχοντα
391 1811 488 1861 καὶ
522 1808 792 1879 ζητοῦντα
817 1808 970 1864 Θεὸν.

395 1902 474 1953 A'.
531 1903 852 1970 Ἡγουμένῃ
883 1901 993 1968 τῆς
1026 1903 1290 1965 Νικαίας.
1327 1898 1523 1973 [φπε’.]

1859 991 1916 1038 et
1960 985 2027 1038 de
2075 985 2333 1039 omnibus
2401 985 2664 1038 rationem
2727 983 2979 1036 idoneam
3035 984 3284 1038 reddens.
3322 984 3441 1049 Qua

1855 1075 2073 1144 quidem
2107 1091 2164 1130 re
2197 1092 2296 1130 nos
2334 1075 2586 1136 recreati,
2621 1084 2732 1128 toto
2751 1091 2876 1129 eum
2914 1075 3038 1128 sinu
3077 1074 3312 1143 amplexi
3344 1090 3442 1128 su—

1857 1181 2001 1224 mus.
2023 1175 2305 1233 sperantes
2325 1181 2448 1220 eum
2475 1165 2636 1218 etiam
2652 1165 2880 1219 salutari
2894 1165 3050 1219 nobis
3064 1166 3444 1234 peccatoribus

1857 1257 2045 1325 gloriae
2097 1257 2232 1311 fore.
2271 1256 2429 1312 Hunc
2465 1258 2642 1327 ipsum
2677 1266 2730 1311 et
2767 1273 2886 1320 vos,
2918 1273 3128 1327 quaeso,
3173 1257 3444 1312 admittite

1859 1346 2080 1401 fratrem
2114 1358 2172 1402 ut
2203 1348 2424 1414 fratres,
2460 1352 2769 1405 membrum
2809 1359 2864 1404 ut
2896 1351 3167 1410 membra,
3205 1365 3442 1403 consen-

1864 1437 2087 1492 tientem
2123 1452 2182 1493 ut
2213 1444 2637 1497 consentientes.
2697 1441 2788 1495 Sic
2843 1443 2986 1494 enim
3023 1441 3173 1494 illum
3205 1440 3445 1507 reperie-

1865 1529 1937 1584 tis
1993 1531 2193 1585 Christi
2245 1535 2416 1600 gratia
2465 1533 2519 1587 in
2573 1534 2829 1587 omnibus
2865 1541 3012 1586 recte
3046 1532 3356 1594 habentem,
3392 1540 3446 1584 et

1868 1635 2199 1692 querentem
2230 1625 2416 1681 Deum.

1685 1713 1839 1766 Οῦτω
1876 1711 1985 1784 γὰρ
2037 1715 2199 1767 αὑτὸν
2255 1715 2467 1786 εὕροιτε
2520 1716 2702 1787 χάριτι
2764 1713 3001 1785 Χριστοῦ
3055 1715 3112 1766 ἐν
3165 1714 3330 1766 πᾶσιν
3382 1710 3444 1765 εὖ

2245 1895 2378 1950 XCI.
2408 1927 2474 1936 ——
2507 1894 2810 1948 Prwoositae
2842 1892 3064 1950 Nicaea.

1154 2018 1438 2066 Gratulatur
1470 2016 1535 2066 ob
1554 2014 1876 2066 constantiam
1905 2020 2130 2077 tempore
2161 2011 2544 2077 persecutionis.

243 2121 358 2176 Kal.
390 2119 662 2191 πρότερον
705 2122 760 2173 αἱ
798 2122 1046 2190 περὶτῆς
1071 2123 1390 2191 τιμιότητος
1422 2141 1517 2176 σου
1549 2123 1753 2190 ἀγαθαὶ

1928 2117 1993 2172 Ει
2025 2123 2175 2187 prius
2204 2119 2401 2184 Optima
2427 2119 2493 2173 de
2519 2117 2826 2173 reverentia
2871 2127 2962 2171 tua
3026 2133 3146 2172 ama
3203 2135 3303 2172 nos
3341 2121 3445 2173 im-

175 2215 339 2267 ὰκοαὶ
362 2213 626 2265 εἵλκυσαν
667 2213 814 2281 ἡμᾶς
846 2213 1152 2265 ἐπιστεῖλαί
1186 2231 1296 2267 σοι.
1352 2217 1461 2268 Καὶ
1504 2214 1599 2267 νῦν
1639 2217 1759 2277 ταῖς

177 2309 368 2370 αὐταῖς
400 2304 709 2373 εὐφημίαις
739 2303 1155 2373 ἐπερειδόμενοι
1204 2307 1300 2361 καὶ
1340 2307 1630 2380 γράφομεν
1665 2306 1760 2360 καὶ

179 2395 668 2469 προσαγορεύομεν
713 2395 811 2463 τὴν
857 2399 1302 2468 σεμνοπρέπειαν
1336 2416 1462 2452 σουο
1494 2399 1759 2469 ἀποδεχό-

181 2509 334 2562 μενοι
365 2491 461 2544 xui.
498 2488 926 2560 μακαρίζοντες,
957 2491 1042 2543 ὅτι
1078 2492 1226 2545 εἵλου
1247 2491 1335 2544 διὰ
1369 2491 1572 2560 Κύριον
1604 2493 1760 2546 ὑπεῖ-

177 2601 264 2636 σαι
309 2583 526 2649 θλίψεις
578 2585 672 2635 καὶ
714 2584 1099 2654 στενοχωρίας,
1149 2584 1392 2654 διωγμὸν
1419 2585 1520 2652 τῆς
1568 2587 1758 2656 μονῆς,

174 2679 265 2731 καὶ
290 2676 513 2747 ἐξορίαν
538 2675 908 2747 μεταθέσεως,
935 2677 1032 2730 καὶ
1061 2675 1184 2730 εἷτι
1211 2676 1341 2731 ἄλλο
1373 2678 1760 2747 περιστατικὸν

176 2772 267 2823 καὶ
320 2769 624 2839 ὁμολογίας
674 2769 1076 2822 ὑποδεικτικόν.
1131 2769 1317 2824 Ταῦτα
1354 2770 1622 2834 αἰνέσεως
1666 2771 1761 2824 καὶ

176 2860 624 2932 ἐξομολογήσεως
647 2875 661 2889 ο
693 2859 869 2914 ταῦτα
883 2860 1120 2931 Νύμφης
1152 2860 1390 2930 Χριστοῦ
1423 2862 1637 2917 ἔπαθλα
1665 2865 1762 2918 καὶ

176 2953 561 3021 ἀγωνίσματα,
590 2952 686 3004 καὶ
717 2952 778 3004 τὺ
815 2952 896 3006 ἔτι
926 2952 1406 3026 ἀξιαγαστότερον,
1444 2957 1479 3026 ἡ
1508 2957 1639 3027 περὶ
1662 2956 1762 3020 τὰς

175 3045 274 3098 ὑπὸ
303 3046 471 3114 χεῖρα
509 3043 748 3111 ἀδελφὰς
791 3044 1007 3116 ὁσιότης
1029 3061 1042 3075 ο
1066 3062 1079 3074 ·
1111 3046 1193 3098 ὅτι
1218 3046 1323 3111 κάξ
1351 3047 1531 3100 αὐτῶν
1557 3047 1762 3101 εῐλοντο

179 3136 662 3191 συναποδύσασθαί
717 3153 802 3190 σοι
838 3141 904 3206 τῇ
966 3138 1251 3210 ὁμολογίᾳ,
1284 3142 1378 3192 καὶ
1403 3127 1757 3212 ἥνδρίσαντο,

179 3231 267 3282 καὶ
313 3229 784 3300 ἐμαστιγοῦθησαν
821 3228 917 3282 καὶ
956 3229 1425 3300 περιωρίσθησαν,
1495 3234 1591 3284 καὶ
1649 3233 1763 3285 ἐδό-

178 3322 351 3389 ξασαν
387 3323 485 3375 τὸν
535 3321 668 3375 Θεὸν
719 3324 777 3374 ἐν
820 3321 897 3391 τῷ
939 3321 1154 3392 σώματι
1199 3323 1402 3387 αὐτῶν,
1447 3327 1545 3378 καὶ
1597 3327 1656 3377 ἐν
1685 3323 1763 3394 τῷ

181 3417 483 3486 πνεύματι.
517 3417 583 3469 Ὦ
616 3416 724 3469 τῶν
754 3414 966 3469 ἀθλωνί
1002 3417 1115 3470 οὐὰ⁹
1134 3417 1234 3484 τῆς
1269 3416 1446 3481 καλῆς
1479 3416 1760 3485 παιδαγω-

179 3511 300 3576 γὶας
328 3512 342 3562 !
374 3504 493 3562 οἷον
523 3507 586 3560 τὸ
615 3508 806 3577 ἄρχον,
832 3508 1076 3561 τοιοῦτον
1099 3510 1194 3562 καὶ⁸
1221 3509 1283 3562 τὸ
1313 3510 1615 3580 ἀρχόμενον
1636 3527 1647 3538 ·
1672 3504 1760 3562 οἷα

180 3600 594 3675 ήδιδάσκαλος,
617 3600 946 3668 τηλικαῦται
978 3602 1068 3654 καὶ
1110 3602 1167 3654 αἱ
1214 3602 1530 3672 μαθήτριαι.
1572 3603 1662 3655 Σοὶ
1702 3602 1763 3656 εῦ

181 3698 284 3765 ἔχει
315 3695 510 3761 λέγειν
530 3709 544 3722 ·
593 3693 724 3746 Ἰδοὺ
770 3691 881 3759 ἐγὼ
923 3692 1019 3745 καὶ
1047 3694 1114 3745 τὰ
1142 3693 1332 3745 παιδία
1375 3693 1411 3746 ἃ
1444 3711 1532 3762 μοι
1565 3693 1763 3746 ἔδωκεν

180 3790 204 3840 ὁ
252 3788 412 3848 θεὸς,
467 3784 705 3848 Εναθλοι,
751 3785 1035 3853 ἁνδρικαὶ.
1099 3785 1438 3853 φιλόχριστοι
1495 3785 1760 3853 μᾶλλονῆ

184 3877 532 3947 φιλόσαρκοι,
565 3874 746 3926 πάντα
776 3873 1024 3926 σκύϐαλα
1053 3874 1378 3943 ἡγούμεναι,
1407 3875 1492 3927 ἵνα
1526 3877 1763 3946 Χριστὸν

183 3970 500 4040 κερδήσωσι
519 3982 534 3997 ο
569 3966 749 4018 πάντα
769 3966 837 4018 τὰ
871 3965 1008 4034 μέλη
1045 3965 1269 4035 Χριστῷ
1297 3967 1759 4037 προσενέγκασαι,

184 4062 261 4117 ίνα
310 4063 409 4115 τὸν
472 4061 710 4130 ἐραστὴν
763 4058 1168 4130 θεραπεύσωσι.
1215 4061 1368 4113 Μετὰ
1413 4061 1763 4131 ὁμολογητῶν

184 4155 545 4222 ωνετάγητε,
577 4151 715 4220 μετὰ
750 4149 1045 4220 μαρτύρων
1090 4150 1512 4219 ἐστεφανόθητε,
1542 4150 1667 4202 ὅσον
1701 4152 1765 4201 ἐκ

182 4246 266 4298 τοῦ
295 4245 634 4314 φθάσαντος.
685 4242 825 4295 Ἀλλ’
856 4241 1064 4312 ἐπειδὴ,
1093 4235 1138 4294 ὦ
1166 4242 1362 4311 μῆτερ,
1394 4241 1596 4307 οὐδεὶς
1620 4258 1762 4295 στε-

184 4338 501 4406 φανοῦται.
531 4336 640 4389 ἐὰν
679 4335 766 4404 μὴ
804 4335 1068 4405 νομίμως
1114 4334 1380 4401 ἀθλήσῃ.
1432 4335 1666 4404 νόμιμον
1703 4333 1761 4387 δέ

183 4430 288 4481 ἐστι
322 4428 392 4480 τὸ
425 4425 594 4497 μέχρι
616 4425 807 4489 τέλους
836 4427 931 4479 καὶ
958 4425 1139 4478 πίστει
1159 4426 1252 4478 καὶ
1279 4426 1379 4496 βίῳ
1401 4426 1758 4495 ἀριστεῦσαι·

185 4518 488 4589 παρακαλῶ
521 4517 618 4571 καὶ
673 4517 1112 4586 ὑπομιμνήσκω’
1136 4517 1318 4582 ἀξίως
1361 4515 1762 4583 περιπατῆσαι

185 4610 333 4678 ἡμᾶς
364 4608 484 4676 τῆς
535 4606 817 4675 κλήσεως
845 4599 920 4678 ἧς
956 4604 1330 4674 ἐκλήθημεν·
1361 4605 1512 4674 μετὰ
1559 4606 1763 4669 πάσης

185 4701 752 4770 ταπεινοφροσύνης
783 4699 879 4752 καὶ
914 4697 1269 4764 πραότητος
1300 4700 1436 4767 μετὰ
1459 4698 1761 4765 ἀσφαλείας

1861 2213 2000 2282 pulit
2029 2222 2087 2266 ut
2124 2213 2190 2266 ad
2226 2221 2276 2266 te
2305 2212 2673 2265 scriberemus
2709 2227 2724 2263 :
2756 2219 2811 2264 et
2858 2225 3005 2264 nunc
3056 2214 3245 2264 eadem
3295 2228 3448 2268 com-

1863 2306 2211 2361 mendatione
2263 2302 2421 2358 fama:
2492 2303 2722 2370 permoti
2794 2314 2905 2358 tum
2963 2303 3279 2365 scribimus,
3332 2317 3445 2358 tum

1861 2394 2178 2464 gravitatem
2231 2401 2380 2445 tuam
2429 2391 2758 2455 salutamus,
2822 2392 3109 2446 laudantes
3138 2408 3200 2446 ac
3233 2393 3443 2447 felicem

1861 2484 2242 2553 praedicantes,
2273 2484 2418 2552 quod
2454 2491 2672 2552 pr0pter
2699 2480 2989 2536 Dominum
3043 2482 3186 2536 ultro
3221 2485 3442 2552 pertuli-

1860 2577 1930 2630 sti
1975 2590 2251 2629 terumth
2301 2583 2465 2644 atque
2495 2575 2800 2643 angustias,
2842 2574 3187 2628 vexationem
3253 2590 3412 2631 mona

1863 2668 2014 2724 sterii
2069 2668 2564 2736 abductionemque
2615 2668 2669 2720 in
2714 2667 2993 2729 exsilium,
3034 2677 3090 2722 et
3117 2667 3161 2722 si
3193 2669 3320 2735 quid
3365 2678 3449 2722 est

1862 2758 2011 2813 aliud
2031 2760 2442 2820 calamitosum,
2481 2776 2592 2827 quo
2626 2758 2903 2814 confessio
2932 2762 3269 2826 exploratus.
3305 2758 3448 2813 Lau-

1861 2851 1947 2906 dis
1984 2850 2103 2906 htec
2130 2860 2257 2905 sunt
2288 2859 2341 2903 et
2371 2851 2773 2919 praedicationis
2832 2853 2989 2920 plena
3024 2868 3038 2906 :
3069 2853 3183 2908 haec
3219 2852 3448 2922 Sponsa:

1861 2943 2065 3000 Christi
2108 2944 2406 2997 certamina
2438 2953 2492 2996 et
2531 2945 2734 3010 praelia,
2794 2953 2870 3005 et,
2925 2945 3069 3014 quod
3121 2954 3204 2998 est
3251 2946 3442 3012 majori

1864 3036 2228 3092 admiratione
2256 3035 2506 3104 dignum,
2539 3051 2793 3090 sororum
2851 3038 3193 3090 subditarum
3234 3040 3444 3091 sancti-

1864 3131 2048 3186 monia
2086 3147 2100 3184 :
2137 3145 2260 3184 nam
2297 3139 2348 3181 et
2379 3138 2509 3184 sunt
2545 3144 2608 3182 ex
2644 3130 2778 3198 ipsis
2830 3146 2953 3199 qua!
2981 3138 3202 3199 prapter
3228 3129 3447 3185 confes-

1864 3224 2074 3278 sionem
2120 3231 2295 3276 tecum
2337 3221 2498 3276 bonis
2541 3233 2717 3276 exuta:
2784 3231 2933 3286 sunt,
2983 3235 3038 3276 et
3086 3224 3211 3277 forti
3263 3228 3448 3280 animo

1865 3314 2104 3379 fuerunt,
2129 3325 2181 3368 et
2209 3315 2394 3384 plagas
2420 3325 2777 3383 exceperunt,
2815 3325 2870 3368 et
2899 3316 3084 3384 ejecta:
3107 3330 3232 3371 sunt
3269 3318 3321 3371 in
3349 3335 3447 3371 ex-

1867 3407 2072 3467 silium,
2111 3415 2166 3460 et
2216 3407 2657 3476 glorificaverunt
2715 3405 2883 3460 Deum
2943 3417 3057 3461 tum
3110 3410 3162 3462 in
3219 3424 3448 3478 corpore

1867 3514 1990 3560 suo.
2024 3508 2136 3551 tum
2170 3512 2299 3552 vero
2325 3511 2377 3552 et
2406 3498 2460 3551 in
2485 3497 2699 3565 spiritu.
2731 3495 2776 3552 0
2804 3500 3134 3553 certamina!
3179 3501 3281 3554 vah
3312 3517 3447 3570 pra:-

1866 3591 2067 3646 claram
2121 3591 2551 3644 institutionem!
2586 3589 2757 3656 Quale
2788 3592 2932 3660 quod
2966 3592 3222 3661 imperat,
3259 3595 3362 3648 tale
3394 3604 3449 3648 et

1865 3684 2009 3752 quod
2076 3683 2263 3737 subest
2293 3699 2306 3736 :
2337 3683 2515 3750 qualis
2575 3683 2856 3754 magistra,
2897 3684 3030 3738 tales
3060 3693 3114 3737 et
3141 3685 3444 3755 discipulae.

1866 3775 1944 3828 Te
1999 3789 2097 3827 vox
2133 3777 2281 3829 decet
2314 3775 2417 3828 ista
2454 3792 2467 3828 :
2498 3773 2638 3828 Ecce
2677 3791 2778 3844 ego
2811 3785 2863 3828 et
2894 3776 3087 3844 puella:
3147 3793 3278 3831 meat
3309 3795 3447 3847 quas

1864 3867 2012 3920 dedit
2048 3867 2180 3919 mihi
2218 3865 2361 3919 Deus
2387 3868 2457 3927 ",
2494 3875 2753 3929 strenua',
2788 3867 2980 3930 fortes,
3036 3868 3237 3923 Christi
3277 3872 3446 3937 magis

1863 3975 2027 4030 quam
2061 3958 2242 4012 carnis
2304 3959 2616 4021 amatrices,
2650 3961 2834 4014 omnia
2891 3962 3168 4016 arbitratae
3214 3973 3273 4016 ut
3308 3972 3445 4017 ster-

1866 4069 2014 4116 cora,
2067 4062 2127 4105 ut
2158 4050 2438 4106 Christum
2488 4052 2875 4106 lucrifacerent
2903 4056 2993 4108 ἰι
3029 4071 3149 4123 quae
3202 4060 3443 4110 membra

1864 4145 2048 4199 Omnia
2087 4143 2307 4197 Christo
2354 4155 2775 4207 consecrarunt,
2814 4155 2871 4197 ut
2903 4156 3175 4199 amantem
3241 4164 3301 4202 se
3347 4149 3445 4201 de-

1867 4246 2229 4291 mererentnr.
2260 4235 2396 4288 Cum
2430 4236 2838 4292 confessoribus
2871 4247 3243 4293 annumeratae
3290 4241 3444 4303 estis,

1865 4346 1990 4384 cum
2023 4329 2353 4398 martyribus
2376 4339 2672 4391 coronatae.
2710 4338 2974 4400 quantum
3026 4329 3090 4383 ad
3153 4333 3443 4399 praeterita.

1868 4420 1970 4473 Sed
2007 4404 2473 4488 quanquuidem,
2505 4433 2537 4471 ο
2580 4432 2777 4481 mater,
2819 4435 2966 4472 nemo
3027 4429 3316 4472 coronatur
3345 4421 3446 4474 nisi

1865 4513 2090 4582 legitime
2129 4513 2401 4567 certaverit
2430 4511 2475 4542 "
2514 4529 2528 4564 :
2563 4511 2860 4580 legitimum
2901 4521 2985 4566 est
3045 4522 3226 4566 autem
3275 4525 3444 4582 usque

1866 4604 1918 4655 in
1953 4601 2112 4654 linem
2141 4600 2244 4653 ﬁde
2265 4614 2328 4654 ac
2366 4599 2610 4654 moribus
2643 4601 2908 4655 excellere
2945 4618 2958 4653 :
2990 4601 3222 4656 obsecro
3253 4609 3306 4654 et
3339 4601 3446 4672 ad-

1868 4710 2082 4752 moneo,
2116 4704 2174 4747 tIt
2201 4695 2357 4762 digne
2415 4692 2742 4747 ambulemus
2805 4696 3075 4749 vocatione
3137 4713 3242 4764 qua
3272 4697 3445 4749 uocati

187 4794 311 4862 πρὸς
346 4789 593 4856 τὸέξῆς,
653 4789 792 4857 μήτε
842 4786 1044 4841 ἁλῶναι
1075 4790 1139 4855 τῇ
1195 4786 1275 4838 ἔτι
1330 4785 1760 4857 κορυδαντιώσει

1869 4805 2076 4848 sumus,
2115 4803 2233 4839 cum
2284 4788 2426 4839 omni
2470 4786 2772 4840 humilitate
2800 4797 2848 4840 et
2899 4790 3298 4842 mansuetudine
3326 4790 3408 4848 "z

187 4885 392 4953 αἱρέσει
419 4879 836 4952 ἀρνησιχρίσῳ’
881 4881 1014 4948 μήτε
1043 4895 1096 4930 τι
1118 4880 1257 4931 κατὰ
1290 4880 1379 4930 τὸν
1411 4877 1766 4947 ὀφειλόμενον

188 4974 569 5038 κανονίζεσθαι
619 4972 920 5040 ἀσκητικὸν
954 4972 1068 5042 βίον
1119 4971 1598 5043 παρατρέπεσθαι’
1630 4972 1765 5026 ἀλλὰ

188 5070 358 5123 πάντα
387 5068 568 5120 ποιεῖν
599 5068 681 5129 είς
727 5064 884 5129 δόξαν
915 5064 1082 5117 Θεοῦ·
1124 5065 1394 5127 παντοίως
1436 5064 1766 5134 διαλάμπειν

188 5159 254 5229 τῷ
283 5157 564 5227 φωτισμῷ
588 5157 696 5210 τῶν
749 5155 981 5208 ἐντολῶν
1005 5172 1018 5186 ο
1059 5157 1197 5225 ὅπερ
1242 5155 1486 5207 πιστεύω
1521 5157 1765 5226 ἐνεργεῖν

187 5251 320 5320 ὑμᾶς
351 5253 435 5314 εἰς
472 5249 699 5303 ἔπαινον
718 5248 875 5318 δόξης
898 5249 1159 5318 Χριστοῦ,
1192 5251 1271 5309 εἰς
1298 5247 1523 5317 αὔχημα
1545 5247 1764 5301 αἰώνιον

189 5342 364 5410 ὑμῶν’
404 5343 492 5413 εἴη
541 5341 598 5394 δὲ
653 5343 831 5394 εἰπεῖν
863 5340 959 5392 καὶ
1016 5340 1174 5411 ἡμῶν
1234 5339 1343 5393 τῶν
1399 5339 1760 5410 ἁμαρτωλῶν.

188 5437 286 5489 Καὶ
342 5436 457 5507 γὰρ
516 5438 562 5488 εί
624 5437 743 5497 ἐνὸς
785 5434 1002 5506 Πατρός
1055 5437 1246 5502 ἐσμεν,
1281 5433 1503 5500 ἀδελφοὶ
1562 5433 1760 5496 πάντες

188 5529 427 5598 ἀλλήλων
481 5527 933 5599 χρηματίζομεν·
995 5527 1091 5581 καὶ
1139 5526 1208 5580 τὰ
1259 5526 1478 5578 πάντων
1530 5525 1763 5578 σπουδά-

193 5637 385 5688 σματα,
415 5621 827 5692 ἐκκαυχήματα
856 5619 907 5672 oi
929 5619 1127 5680 πάντες
1148 5617 1564 5679 οὐκάπεικότως
1593 5615 1758 5686 ἡγού-

261 5874 304 5907 ”
340 5875 507 5931 llebr.
537 5890 596 5943 ιι,

1865 4890 2118 4931 caventes
2165 4879 2353 4931 sedulo
2394 4877 2446 4930 in
2509 4887 2784 4945 posterum
2825 4895 2890 4930 ne
2937 4879 3131 4933 irretiti
3165 4891 3444 4933 teneamur

1865 4971 2171 5025 insaniente
2195 4971 2373 5024 adhuc
2415 4970 2603 5025 haeresi
2638 4985 2760 5039 qua:
2793 4970 3071 5023 Christum
3101 4983 3260 5041 negat
3295 4992 3307 5025 :
3345 4991 3444 5027 nec

1864 5063 2175 5133 detorqueri
2225 5078 2323 5118 nos
2349 5064 2619 5133 patiamur
2646 5065 2714 5117 ab
2743 5065 2951 5132 optima
2978 5075 3029 5117 et
3071 5067 3302 5133 regulari
3339 5070 3441 5120 vita

1867 5157 2152 5210 monastici
2187 5158 2416 5210 instituti
2451 5174 2464 5210 :
2497 5158 2590 5210 sed
2622 5158 2807 5209 omnia
2837 5157 3102 5213 faetamus
3127 5159 3179 5211 in
3213 5161 3440 5229 gloriam

1865 5247 1980 5313 Dei,
1998 5251 2142 5302 omni
2159 5265 2223 5303 ex
2240 5260 2390 5318 parte
2404 5251 2781 5303 mandatorum
2802 5253 3086 5319 splendore
3107 5250 3439 5319 fulgeamus;

1865 5343 2010 5411 quod
2072 5353 2124 5395 et
2183 5344 2437 5397 existimo
2478 5359 2572 5396 vos
2605 5352 2887 5411 praestare,
2924 5343 2978 5396 in
3006 5344 3221 5397 laudem
3257 5349 3443 5414 gloriae

1862 5433 2090 5493 Christi,
2129 5437 2180 5487 in
2208 5434 2580 5501 gloriatiouem
2614 5444 2847 5489 vestram
2886 5436 3299 5504 sempiternam,
3339 5439 3445 5490 uti-

1863 5536 1988 5576 nam
2038 5522 2118 5575 fas
2145 5525 2216 5576 sit
2250 5524 2467 5586 addere,
2500 5531 2554 5577 et
2603 5533 2843 5578 nostram
2875 5525 2966 5591 qui
2999 5535 3316 5592 peccatores
3347 5540 3408 5578 su
3429 5553 3444 5565 -

1862 5629 2003 5668 mus.
2036 5612 2169 5667 Nam
2201 5613 2247 5668 si
2280 5629 2342 5667 ex
2380 5630 2489 5667 uno
2536 5614 2694 5671 Patre
2741 5631 2954 5682 sumus,
2987 5630 3179 5671 omnes
3210 5616 3442 5671 invicem

679 5875 760 5928 t5.
839 5876 881 5905 "
916 5873 1149 5943 Philipp.
1183 5890 1267 5939 Ill,
1305 5876 1357 5928 8.
1425 5875 1470 5907 ν’
1506 5873 1548 5928 ιι
1581 5871 1722 5929 Tim.
1758 5890 1818 5940 ll,
1848 5875 1898 5928 5.
1977 5876 2017 5905 ’⁷
2052 5873 2245 5946 Ephes.
2292 5893 2361 5941 tv,
2403 5876 2449 5931 l.
