3934 6438
513 392 652 458 1343

1705 386 1766 446 S.
1797 382 2192 446 THEODORI
2225 381 2572 443 STUDITIE

3632 380 3767 445 1344

501 503 706 558 fratres
738 500 1077 571 appellamur
1108 516 1123 553 :
1152 507 1211 555 et
1252 497 1501 553 omnium
1533 496 1826 552 virtutibus
1873 493 2094 566 gloriari

2223 494 2364 560 ιεθα,
2404 490 2783 564 Προσεύχεσθε
2830 492 2959 563 περὶ
2993 492 3182 562 ἡμῶνο
3222 492 3252 544 6
3279 493 3578 564 ἀσπασμὸς
3618 493 3774 564 ἡμῶν

507 595 756 667 singulos
789 595 931 649 haud
982 602 1184 648 temere
1215 607 1377 662 posse
1401 589 1754 645 arbitramur.
1790 587 1956 644 Orate
1987 603 2086 657 pro

507 689 688 743 nobis.
718 686 997 741 Salutatio
1043 693 1231 739 nostra
1266 684 1320 737 in
1358 682 1589 753 Spiritu.
1631 679 1898 736 Dominus
1927 677 2088 733 Jesus

506 779 758 834 Christus
787 792 911 832 cum
961 776 1155 846 spiritu
1199 785 1404 830 vestro.
1434 774 1633 828 Amen.
1693 772 1887 826 Audivi
1919 770 2092 825 absti-

509 871 752 926 nentiam
789 881 839 924 te
869 872 1192 941 protrahere
1245 867 1573 938 longiorem,
1601 874 1656 920 et
1680 865 1902 936 gavisus
1932 879 2048 918 sum
2073 880 2086 915 :

509 961 606 1017 sed
632 975 811 1017 tamen
841 964 1100 1032 quoniam
1134 960 1330 1016 modus
1358 961 1411 1014 in
1438 959 1601 1014 rebus
1631 956 1890 1012 omnibus
1942 954 2090 1025 opti-

507 1068 632 1109 mus
664 1062 766 1118 est,
789 1068 1113 1108 commoneo
1144 1063 1202 1107 ut
1232 1052 1317 1107 vel
1350 1053 1404 1106 in
1441 1067 1504 1106 ea
1537 1066 1596 1106 re
1631 1049 1852 1104 modum
1883 1056 2091 1110 teneas,

510 1155 572 1202 ut
598 1155 653 1202 et
676 1163 872 1218 corpus
903 1148 957 1202 in
1015 1148 1327 1202 servitutem
1385 1146 1682 1218 redigatur,
1714 1159 1810 1198 nec
1836 1142 1909 1197 sit
1941 1156 2094 1194 man-

509 1239 653 1294 datis
682 1239 1048 1308 exsequendis
1079 1240 1278 1309 impar.

544 1328 711 1384 XCII.
736 1359 807 1370 —
842 1328 1110 1400 Episcopis
1135 1339 1347 1455 ρέηριεν
1399 1328 1668 1385 Christum
1711 1323 1980 1381 exsulibus
2011 1323 2065 1374 in

1231 1418 1454 1455 tersone.

1231 1418 1454 1457 ιεηοιιε.

2191 589 2250 639 ἐν
2292 583 2592 653 Πνεύματι.
2630 583 2690 635 '0
2720 582 2927 654 Κύριος
2973 582 3184 654 Ἰησοῦς
3213 583 3453 654 Χριστὸς
3500 585 3642 656 μετά
3682 585 3775 638 τοῦ

2193 673 2516 743 Πνεύματος
2555 671 2734 742 ὑμῶν.
2780 674 2974 744 Ἀμήν.
3027 673 3264 742 Ἀκήκοα
3315 673 3399 726 ὅτι
3449 675 3776 744 ἐγκράτειαν

2192 766 2376 829 ἕλκεις
2411 764 2636 834 πολλὴν,
2678 765 2772 818 καὶ
2808 765 3017 835 ἥσθην
3055 763 3197 834 πλὴν
3230 765 3421 838 ἐπειδὴ
3457 765 3519 819 τὸ
3555 766 3777 838 μέτριον

2192 859 2252 910 ἐν
2285 858 2456 910 πᾶσιν
2499 855 2744 926 ἄριστον,
2777 857 3204 927 ύπομιμνήσκω,
3245 856 3556 926 μετρίωσον
3581 857 3778 925 ἑαυτὴν

2197 951 2302 1005 κάν
2328 947 2528 1020 τούτῳ,
2567 948 2653 1002 ἵνα
2676 948 2771 1000 καὶ
2801 947 3214 1018 δουλαγωγῆται
3245 948 3306 1002 τδ
3334 947 3516 1019 σῶμα,
3563 950 3660 1002 καὶ
3708 952 3782 1019 μὴ

2199 1047 2366 1116 ἀτονῇ
2403 1043 2704 1117 ὑπουργείν
2729 1044 2850 1105 ταῖς
2876 1043 3137 1107 ἐντολαῖς.

2208 1316 2328 1384 ιβ’.
2360 1342 2430 1356 -—
2470 1313 2860 1387 ’Emmgdxorc
2894 1311 3020 1387 τοῖς
3047 1313 3145 1387 διὰ
3173 1315 3434 1387 Χριστὸις
3485 1316 3788 1387 φυγαδευ-

2595 1383 2789 1439 θεῖσιν
2807 1385 2875 1437 ἐν
2891 1383 3179 1452 Χερσῶνι.
3221 1384 3429 1458 [φπςκ]

514 1492 707 1545 Gratias
737 1496 842 1559 agit
872 1495 1006 1557 quod
1036 1498 1265 1545 nuntium
1307 1495 1371 1544 de
1402 1493 1511 1544 suis
1535 1489 1789 1559 rebus_ad
1824 1491 1984 1559 ipsum
2010 1477 2645 1559 ,mjselrjggilapgatogyog
2689 1478 2895 1559 9.39188
2937 1477 3174 1540 praeclara
3219 1477 3402 1540 Ubique
3441 1479 3558 1529 ﬁdei
3581 1480 3790 1544 Ρίθῑεῐῖε

1512 1539 1746 1617 εῐὲιὶιριε
1777 1539 2099 1615 praebuerint.
2139 1541 2340 1603 (Baron.
2363 1553 2442 1590 an.
2477 1541 2588 1600 sat,
2611 1553 2662 1590 n.
2697 1539 2800 1599 δι.)

585 1639 743 1696 Vera:
772 1641 1060 1696 charitatis
1087 1656 1227 1711 opus
1255 1650 1361 1706 est,
1398 1640 1635 1710 ﬁdeique
1669 1655 1778 1693 non
1814 1639 1953 1692 Iictae
2007 1634 2107 1688 de-

518 1733 874 1797 monstratio,
899 1733 1045 1802 quod
1073 1742 1225 1786 tanto
1259 1747 1322 1786 ex
1354 1731 1598 1785 locorum
1628 1728 1914 1783 intervallo
1938 1738 2105 1778 unum

519 1825 587 1881 de
637 1825 986 1881 cocxsulibus
1039 1826 1302 1880 fratribus
1361 1825 1512 1879 misit
1566 1833 1790 1893 paterna
1845 1818 2107 1875 sanctitas

518 1927 724 1980 vestra,
756 1916 1058 1987 Agapetum
1089 1917 1418 1972 monachum
1455 1913 1993 1976 reverendissimum,
2023 1911 2106 1964 vel

2290 1627 2581 1697 Ἀληθινῆς
2628 1625 2854 1695 ἀγάπης
2895 1625 3059 1695 ἔργον
3092 1625 3185 1677 καὶ
3225 1624 3462 1689 πίστεως
3491 1628 3794 1698 ἀνυποκρῖ-

2203 1736 2300 1772 του
2323 1719 2598 1783 ἀπόδειξις
2619 1718 2680 1771 τὸ
2727 1721 2792 1771 ἐκ
2840 1715 3104 1770 τοσούτου
3157 1717 3529 1787 διαστήματος
3561 1721 3792 1774 τοπικοῦ

2203 1810 2522 1864 ἀποστεῖλαι
2556 1809 2656 1879 τὴν
2690 1808 2964 1879 πατρικὴν
3015 1807 3171 1878 ὑμῶν
3197 1809 3511 1881 ἁγιωσύνην
3559 1810 3658 1866 ἕνα
3685 1814 3794 1866 τῶν

2206 1901 2692 1972 συνδεδιωγμένων
2731 1900 3002 1968 ἀδελφῶν,
3043 1901 3358 1970 Ἀγαπητὸν
3389 1902 3482 1954 τὸν
3506 1904 3798 1975 αίδεσιμώ-

520 2011 705 2079 potius
758 2008 1161 2073 beatissimum,
1192 2009 1348 2077 juxta
1405 2007 1455 2062 id
1510 2007 1654 2077 quod
1688 2021 1716 2058 a
1749 2004 1977 2059 Domino
2017 2001 2102 2055 di-

2223 2008 2367 2045 τατον
2399 1992 2706 2062 μοναστήν·
2749 1990 2952 2062 μᾶλλον
2992 1990 3051 2043 δέ
3091 1990 3510 2064 μακαριώτατον
3545 1995 3693 2048 κατά
3737 1997 3797 2049 τὸ

522 2109 670 2155 ctum
698 2110 782 2155 est
802 2101 869 2155 de
902 2100 968 2155 iis
1000 2100 1090 2169 qui
1118 2100 1535 2168 persecutionem
1571 2097 1851 2168 patiuntur
1895 2103 2107 2165 propter

517 2194 786 2263 justitiam
819 2193 866 2226 "
901 2212 914 2248 :
956 2193 1024 2248 ad
1088 2195 1424 2248 visitandnm
1478 2193 1713 2265 primum
1755 2191 1977 2262 quidem
2024 2190 2108 2243 di-

522 2285 710 2340 vinum
747 2301 814 2340 ac
840 2301 1158 2355 supremum
1183 2296 1378 2355 caput;
1412 2285 1609 2340 deinde
1632 2300 1732 2340 nos
1754 2299 1972 2354 quoque
2004 2283 2108 2336 mi-

523 2377 780 2433 nimosin
826 2378 1086 2435 fratribus
1115 2389 1170 2434 et
1220 2379 1346 2434 filiis
1377 2379 1774 2448 spiritualihus.
1815 2374 1859 2431 Ο
1890 2379 2110 2447 praecla-

525 2484 646 2523 rum
713 2471 1004 2526 consilium
1033 2474 1046 2526 !
1082 2489 1114 2526 o
1140 2473 1408 2527 sinceram
1461 2470 1842 2525 dilectionem!
1878 2479 1932 2524 et
1982 2484 2113 2538 quo-

527 2575 786 2614 rumnam
823 2563 1084 2630 aliorum,
1119 2578 1284 2632 quam
1327 2577 1515 2616 eorum
1575 2561 1671 2632 qui
1708 2572 1930 2631 propter
1954 2559 2115 2614 Chri-

529 2662 673 2708 stum
695 2654 961 2723 elegerint
983 2671 1014 2710 a
1033 2655 1351 2710 domesticis
1375 2655 1643 2724 separari,
1680 2663 1734 2709 et
1757 2653 2108 2724 longinquam

530 2747 588 2800 in
635 2761 788 2802 oram
847 2749 1102 2803 secedere
1164 2759 1315 2802 tanto
1349 2749 1519 2803 maris
1550 2749 1725 2815 spatio
1757 2747 2112 2818 disjunctam.

530 2855 706 2910 eaque
740 2839 851 2893 illic
887 2841 998 2911 pati
1063 2856 1185 2910 quae
1245 2841 1348 2895 fert
1393 2841 1519 2896 talis
1570 2841 1746 2896 exsilii
1807 2841 2088 2896 conditio?

532 2930 914 2990 Clarissimum
939 2935 1044 2989 hoc
1072 2945 1262 2990 vestrae
1286 2935 1570 2990 charitatis
1597 2945 1977 3006 argumentum
2009 2943 2113 2989 est.

535 3022 858 3082 Benedictus
892 3041 1021 3096 ergo
1051 3024 1318 3082 Dominus
1351 3027 1493 3083 Deus
1537 3028 1632 3097 qui
1665 3041 1759 3081 vos
1791 3041 1916 3096 erga
1946 3029 2118 3081 tenui-

534 3122 697 3170 tatem
742 3127 985 3172 nostram
1041 3117 1120 3172 sic
1175 3118 1453 3181 excitavit,
1490 3125 1544 3173 et
1573 3119 1719 3172 vires
1772 3131 1836 3171 ac
1887 3117 2116 3186 gratiam

533 3209 779 3279 delegato
823 3209 992 3274 dedit,
1051 3217 1108 3263 ut
1161 3220 1286 3263 nota
1341 3210 1498 3264 nobis
1544 3209 1743 3264 faceret
1783 3209 1965 3264 omnia
2000 3223 2119 3277 quae

535 3301 840 3371 peregistis,
901 3317 1135 3372 quaeque
1199 3301 1380 3355 adhuc
1445 3300 1750 3364 sustinetis,
1812 3298 2115 3354 felicissimi

2211 2084 2316 2138 ὑπὸ
2338 2085 2547 2155 Κυρίου
2581 2084 2841 2156 ᾀδόμενον
2866 2084 2936 2138 ἐν
2963 2083 3088 2150 τοῖς
3133 2083 3555 2154 δεδιωγμένοις
3586 2087 3801 2143 ἕνεκεν

2209 2176 2609 2243 δικαιοσύνης
2634 2193 2648 2206 ·
2689 2177 2994 2248 ἐπισκοπὴν
3026 2179 3414 2248 ποιησόμενον,
3444 2185 3801 2253 προηγουμέ-

2210 2283 2316 2330 νως
2347 2266 2448 2337 μὲν
2482 2269 2548 2335 τῇ
2603 2266 2725 2336 θείᾳ
2784 2268 2882 2324 καὶ
2937 2269 3346 2341 κορυφαιοτάτῃ
3380 2271 3547 2340 κάρᾳ,
3603 2271 3803 2326 ἔπειτα

2213 2361 2346 2430 ἡμῖν
2379 2361 2493 2421 τοῖς
2525 2359 2830 2428 ἐλαχίστοις
2862 2361 2920 2412 ἐν
2946 2360 3200 2428 ἀδελφοῖς
3236 2363 3330 2415 καὶ
3360 2364 3503 2416 υἱέσι
3549 2380 3683 2416 πνευ
3694 2383 3800 2434 μα-

2210 2449 2408 2508 τικοῖς.
2452 2447 2518 2499 Ὢ
2556 2446 2660 2516 τῆς
2706 2445 2879 2513 καλῆς
2911 2446 3234 2510 εὐϐουλίαςί
3272 2448 3317 2500 ὢ
3341 2449 3446 2519 τῆς
3471 2449 3805 2519 εἰλικρινοῦς

2214 2537 2470 2606 άγάπηςῐ
2500 2537 2597 2589 καὶ
2627 2535 2790 2590 τίνων
2822 2535 3022 2601 ἄλλων,
3057 2535 3091 2596 ἢ
3126 2537 3236 2589 τῶν
3268 2538 3357 2591 διὰ
3403 2539 3640 2609 Χριστὸν
3679 2537 3803 2592 έλοο

2221 2630 2399 2700 μένων
2439 2630 2534 2684 καὶ
2570 2629 2680 2682 τῶν
2717 2630 2936 2684 οίκείων
2962 2631 3252 2700 ἐκστῆναι,
3281 2633 3376 2685 καὶ
3407 2635 3486 2695 είς
3509 2634 3611 2702 τὴν
3637 2633 3804 2687 ἁλλο-

2215 2721 2395 2791 δαπὴν
2461 2723 2902 2790 ἐκπεφευγέναιο
2959 2722 3204 2792 τοσούτῳ
3291 2725 3459 2794 μήκει
3521 2724 3807 2792 θαλάσσης

2215 2813 2602 2884 διειργομένην
2625 2833 2638 2846 ο
2671 2817 2768 2869 καὶ
2792 2815 3095 2886 τληπαθεῖν
3124 2817 3244 2868 ἐκεῖ
3271 2817 3370 2870 ὅσα
3396 2817 3544 2879 είκὸς
3567 2819 3810 2889 ἐπισυμ-

2217 2905 2447 2964 ϐαίνειν,
2497 2904 2660 2959 τοῦτο
2714 2907 3116 2976 ἐναργέστατον
3175 2907 3374 2976 δεῖγμα
3432 2909 3804 2979 καθέστηκεν.

2217 2999 2527 3069 Εὐλογητὸς
2565 2995 2659 3052 οῦν
2708 2998 2914 3070 Κύριος
2945 3002 2972 3054 6
3005 3000 3162 3064 Θεὸς,
3206 2999 3265 3062 ὃς
3311 3000 3608 3066 κατένυξεν
3657 3003 3810 3072 ὑμᾶς

2217 3092 2313 3144 ἐπὶ
2359 3091 2618 3145 τοσοῦτον
2669 3091 2806 3163 πρὸς
2853 3091 2952 3162 τὴν
3024 3092 3306 3145 εὐτέλειαν
3358 3092 3548 3162 ἡμῶνο
3588 3095 3682 3147 καὶ
3749 3093 3811 3157 ὃς

2218 3168 2421 3237 ἔδωκεν
2473 3185 2628 3254 ἰσχὺν
2677 3184 2770 3236 καὶ
2819 3185 2980 3255 χάριν
3033 3182 3110 3254 τῷ
3173 3184 3490 3254 ’Δποστόλῳ
3539 3186 3812 3256 γνωρίσαι

2220 3277 2352 3344 ἡμῖν
2407 3276 2608 3338 πάντα,
2645 3274 2789 3344 άπερ
2843 3274 2936 3328 καὶ
2996 3275 3275 3344 ἠνύσατε’
3336 3277 3431 3328 καὶ
3483 3275 3564 3328 ἔτι
3608 3278 3810 3348 φέρετε

537 3367 749 3458 Patres,
800 3367 1176 3462 pro-nomine
1237 3389 1451 3444 Domini
1503 3391 1675 3444 nostri
1708 3387 1835 3444 Jesu
1887 3388 2114 3443 Christi.

2223 3368 2517 3440 τρισόλϐιοι
2548 3367 2828 3439 Πατέρες·
2865 3367 3008 3438 ὑπὲρ
3038 3368 3130 3421 τοῦ
3163 3370 3428 3438 ὀνόματος
3460 3367 3555 3421 τοῦ
3597 3371 3812 3440 Κυρίου

535 3485 668 3551 Quae
710 3486 930 3555 quidem
962 3485 1248 3538 audientes
1301 3483 1474 3554 gavisi
1507 3499 1716 3549 sumus,
1748 3484 2115 3552 laudavimus,

537 3577 741 3648 gratias
795 3577 1029 3648 egimus.
1058 3584 1110 3630 et
1142 3575 1398 3640 diximus,
1435 3590 1560 3629 vere
1593 3575 1647 3628 in
1678 3575 1837 3630 vobis
1876 3577 2119 3644 compla-

538 3672 704 3726 citum
738 3685 859 3725 esse
876 3671 1009 3735 Deo,
1038 3685 1199 3739 quem
1237 3669 1419 3724 colitis
1441 3668 1789 3724 confessione
1819 3670 2085 3724 veritatis.

608 3829 723 3899 Ego
750 3845 880 3885 vero
927 3831 1008 3885 sic
1031 3832 1309 3896 existimo,
1344 3845 1454 3885 non
1497 3840 1692 3886 vestrae
1723 3840 1932 3885 tantum
1967 3831 2120 3886 inco-

542 3921 808 3976 lumitatis
832 3923 1004 3995 gratia
1032 3962 1048 3988 ,
1092 3923 1185 3978 sed
1228 3922 1395 3976 etiam
1426 3908 1622 3977 salutis
1657 3922 1960 3976 incolarum
1992 3962 2007 3986 ,
2051 3922 2121 3976 ab

542 4012 790 4066 omnium
857 4015 1260 4066 conservatrice
1342 4011 1682 4081 providentia
1762 4011 2120 4076 constitutum

543 4100 713 4156 fuisse
732 4111 970 4156 vestrum
990 4102 1043 4155 in
1065 4117 1160 4157 eas
1178 4116 1304 4157 oras
1321 4102 1597 4156 exsilium.
1615 4099 1694 4155 Eo
1712 4100 1980 4171 siquidem
1998 4115 2124 4170 pro-

544 4191 709 4259 fecti,
779 4208 906 4246 mox
952 4192 1243 4246 luminaria
1292 4193 1341 4244 in
1383 4192 1624 4245 tenebris
1655 4191 1887 4259 vitaeque
1937 4204 2124 4244 errore

548 4286 892 4342 versantibus
916 4301 1012 4340 vos
1040 4283 1369 4351 praebuistis,
1392 4283 1562 4338 duces
1586 4297 1878 4347 caacorum,
1904 4282 2122 4337 virtutis

547 4382 881 4453 magistros,
933 4394 1212 4451 praecones
1276 4379 1524 4449 pietatis,
1604 4378 1828 4431 nuntios
1875 4376 2121 4430 omnium

547 4491 672 4546 qua
720 4475 810 4530 hic
839 4483 1028 4529 contra
1073 4471 1357 4528 Christum
1396 4485 1491 4540 per
1530 4470 1863 4524 horrendam
1902 4470 2126 4525 temeri-

549 4575 715 4621 tatem
739 4574 889 4638 gesta
921 4574 1068 4620 sunt.
1108 4563 1184 4618 lla
1215 4571 1268 4618 et
1296 4563 1366 4616 ibi
1418 4573 1473 4617 et
1503 4562 1706 4631 ubique
1738 4571 2008 4616 terrarum
2060 4578 2126 4618 ac

551 4663 755 4728 maris,
798 4659 965 4715 veluti
997 4659 1142 4715 faces
1173 4657 1424 4713 accendit
1467 4655 1737 4712 Dominus
1777 4655 2126 4710 confessores

553 4753 618 4807 ad
655 4751 1027 4807 ostensionem
1080 4749 1362 4813 veritatis,
1413 4747 1752 4802 eversionem
1809 4747 2126 4815 impietatis,

555 4842 1016 4914 quemadmodum
1048 4841 1267 4896 saeculis
1292 4839 1689 4908 superioribus.
1712 4836 1779 4891 Et
1809 4838 2131 4907 magniﬁca-

555 4947 670 4990 tum
729 4943 812 4988 est
879 4948 1076 4986 nomen
1132 4931 1277 5000 ejus,
1343 4941 1400 4985 et
1445 4929 1708 4999 probatus
1764 4937 1848 4984 est
1898 4930 2130 4999 populus

557 5024 760 5082 Christi
793 5024 1029 5086 electus,
1068 5032 1121 5078 et
1152 5021 1355 5077 Christi
1385 5036 1514 5076 osor
1542 5031 1718 5076 coetus
1760 5025 2080 5091 reprohatus
2113 5042 2126 5078 :

558 5117 793 5186 denique
823 5131 1055 5186 magnus
1081 5116 1248 5169 draco
1270 5155 1284 5178 ,
1326 5129 1483 5168 mens
1513 5114 1732 5182 Assyria
1761 5153 1776 5175 .
1821 5115 1985 5170 finem
2013 5119 2138 5173 vita:

561 5210 786 5266 sortitus
813 5218 895 5265 est
923 5211 1146 5278 dignum
1181 5208 1488 5263 temeritate
1520 5223 1653 5271 sua,
1683 5224 1849 5277 quam
1884 5211 1940 5263 in
1965 5210 2138 5266 Deum

561 5308 826 5362 exercuit.
851 5306 1137 5372 Quomodo
1160 5313 1341 5359 autem
1369 5320 1511 5358 nunc
1542 5320 1602 5359 se
1633 5320 1723 5360 res
1761 5306 1849 5359 hic
1879 5307 2138 5375 habeant,

563 5413 1032 5468 supervacaneum
1067 5397 1207 5452 foret
1241 5396 1428 5455 dicere
1449 5437 1464 5459 ,
1493 5412 1618 5451 cum
1644 5397 1898 5462 idoneus,
1931 5399 2138 5455 Christi

566 5491 762 5562 gratia,
792 5493 862 5544 sit
896 5491 1218 5545 tabellarius
1249 5495 1306 5544 ut
1344 5488 1527 5544 omnia
1560 5488 1755 5544 doceat
1782 5500 1974 5545 exacte
2004 5507 2016 5544 :
2051 5493 2138 5549 cui

569 5599 670 5639 nos
689 5599 812 5638 cum
842 5583 1067 5654 epistola
1086 5583 1524 5637 distributionem
1544 5581 1838 5652 quamdam
1862 5583 2142 5637 commisi-

572 5692 713 5736 mus,
740 5691 903 5745 quam
935 5675 1213 5743 suscipere
1239 5674 1558 5744 dignemini,
1591 5675 1931 5729 venerandus
1959 5692 2145 5745 preces

574 5771 638 5822 ad
671 5769 911 5820 animum
946 5767 1410 5824 corroborandum
1445 5767 1597 5822 nobis
1639 5767 1938 5838 largiendo.

645 5880 688 5911 "
722 5880 906 5935 Matth.
937 5899 984 5944 \',
1026 5881 1102 5932 l0.

2221 3463 2381 3534 ήμῶν
2421 3461 2599 3531 Ἰησοῦ
2630 3460 2894 3532 Χριστοῦ.
2943 3462 3063 3530 Ἐφ’
3095 3459 3177 3525 οἷς
3230 3463 3568 3524 ἀκούσαντες
3605 3463 3814 3534 ἐχάρη-

2226 3575 2344 3627 μεν,
2376 3555 2674 3626 ῂνέσαμεν,
2723 3553 3305 3626 ἀνθωμολογησάμεθα
3331 3573 3346 3587 ο
3391 3557 3643 3625 εἴπομεν,
3671 3558 3759 3608 ὅτι
3787 3559 3816 3608 6

2222 3647 2357 3708 Θεὸς
2414 3646 2584 3710 ὅντως
2635 3647 2695 3699 ἐν
2750 3647 2881 3717 ύμῖν
2959 3648 3146 3700 ἐστιν·
3202 3648 3668 3718 εύαρεστούμενος
3718 3650 3816 3702 καὶ

2223 3737 2666 3809 θεραπευόμενος
2694 3740 2761 3808 τῇ
2790 3736 2934 3806 ὑπὲρ
2965 3736 3227 3808 ἀληθείας
3257 3737 3540 3810 ὁμολογίᾳ.

2306 3831 2464 3900 Ἐμοὶ
2493 3830 2550 3882 δὲ
2576 3829 2744 3890 δοκεῖ,
2776 3828 2874 3896 οὑχ
2905 3827 3095 3881 εἵνεκα
3118 3828 3275 3896 ὑμῶν
3308 3829 3564 3897 σώματος
3606 3827 3775 3896 μόνον
3799 3845 3812 3858 ο

2224 3923 2361 3977 ἀλλά
2387 3923 2495 3991 γὰρ
2521 3920 2617 3973 καὶ
2637 3922 2695 3972 ἐν
2723 3921 2836 3982 τοῖς
2858 3918 3048 3972 αύτόθι
3080 3919 3354 3991 σωτηρίας
3383 3920 3480 3990 τὴν
3510 3919 3720 3988 φυγαδε
3732 3921 3819 3972 ίαν

2223 4012 2648 4085 οἱκονομηθῆναι
2670 4053 2684 4073 ,
2716 4011 2869 4083 παρὰ
2895 4011 2995 4080 τῆς
3035 4010 3103 4062 τὰ
3141 4012 3321 4065 πάντα
3354 4012 3638 4080 σωζούσης
3679 4028 3822 4081 προ-

2224 4107 2397 4167 νοίας.
2472 4104 2812 4174 Ἐπειδήπερ
2869 4103 3195 4167 ἐπιστάντες
3250 4103 3470 4174 ῶφθητε
3521 4105 3820 4174 φωστῆρες

2223 4200 2333 4251 τῶν
2385 4201 2442 4250 ἐν
2497 4197 2682 4249 σκότει
2742 4197 2840 4250 καὶ
2891 4196 3070 4267 πλάνῃ
3115 4195 3267 4266 βίου,
3314 4197 3500 4265 ὁδηγοὶ
3551 4196 3819 4264 τυφλῶνο

2226 4289 2512 4344 παιδευταί
2553 4287 2777 4358 ἀρετῆς,
2831 4287 3082 4357 κήρυκες
3131 4286 3452 4349 εὐσεϐείας·
3499 4286 3822 4340 διδάσκαλοι

2225 4383 2336 4436 τῶν
2382 4380 2617 4435 ἐνταῦθα
2662 4380 3022 4451 πραχθέντων
3067 4379 3212 4432 κατά
3259 4379 3502 4450 Χριστοῦ
3561 4379 3825 4449 φοϐερῶν

2225 4476 2614 4546 τολμημάτων.
2650 4473 2806 4526 Οὕτω
2837 4473 2932 4526 καὶ
2957 4474 3015 4524 ἐν
3045 4474 3160 4535 τοῖς
3193 4472 3380 4525 αὐτόθι
3406 4471 3500 4525 καὶ
3533 4473 3824 4544 πανταχοῦ

2227 4576 2330 4644 γῆς
2359 4591 2418 4626 τε
2452 4573 2546 4624 καὶ
2577 4571 2860 4640 θαλάσσης
2897 4567 3110 4638 ηῦγασε
3153 4567 3362 4637 Κύριος
3390 4567 3517 4629 τοὺς
3547 4566 3829 4636 ὁμολογη-

2230 4669 2350 4729 τάς,
2379 4669 2455 4728 εἰς
2480 4665 2704 4730 ἔνδειξιν
2733 4662 3013 4731 ἀληθείας,
3042 4665 3122 4724 εἰς
3162 4660 3486 4730 ἀποτροπὴν
3515 4657 3786 4722 ἀσεϐείας
3808 4677 3824 4690 ·

2240 4761 2491 4830 καθάπερ
2534 4759 2628 4811 ἐπὶ
2674 4756 2782 4809 τῶν
2805 4755 3012 4809 ἀνωθεν
3050 4755 3258 4826 χρόνων
3284 4771 3296 4783 ·
3341 4754 3435 4807 καὶ
3467 4752 3826 4824 Ιἐμεγαλύνθη

2237 4853 2297 4903 τὸ
2336 4849 2506 4918 ὄνομα
2547 4846 2747 4911 αὑτοῦ,
2794 4847 2889 4899 καὶ
2938 4843 3276 4915 ἐδοκιμάσθη
3314 4844 3342 4896 6
3394 4843 3653 4905 ἐκλεκτὸς
3688 4841 3831 4906 λαδς

2238 4941 2476 5012 Χριστοῦ
2500 4981 2514 5002 ,
2554 4941 2650 4994 καὶ
2685 4937 3108 5009 ἀπεδοκιμάσθη
3138 4939 3166 4990 ὁ
3201 4935 3550 5006 μισόχριστος
3591 4933 3794 4997 θίασος
3816 4951 3828 4963 ο

2238 5037 2334 5089 καὶ
2372 5035 2525 5096 τέλος
2573 5032 2766 5086 ἐλαϐεν
2808 5033 2934 5103 ὅρον
2967 5030 3136 5100 ζωῆς,
3176 5029 3396 5092 ἐπάξιον
3423 5030 3518 5096 τῆς
3556 5026 3771 5098 τόλμης
3804 5031 3833 5081 6

2239 5129 2413 5197 μέγας
2458 5127 2694 5197 δράκων,
2728 5127 2756 5177 ὁ
2815 5124 3100 5194 Ἀσσύριος
3139 5120 3284 5185 νοῦς,
3326 5116 3394 5192 ἦς
3438 5119 3632 5189 ἔδρασε
3678 5123 3833 5173 κατὰ

2236 5219 2372 5271 Θεοῦ
2392 5235 2406 5250 ο
2442 5218 2504 5270 τὸ
2537 5217 2592 5270 δέ
2622 5219 2770 5280 ὅπως
2796 5217 2890 5270 νῦν
2920 5217 3032 5286 ἔχει
3067 5215 3136 5268 τὰ
3160 5213 3418 5276 ἐνταῦθα,
3453 5211 3735 5280 παρέλκον
3764 5213 3834 5266 ἂν

2237 5313 2322 5380 εἴη
2361 5311 2540 5378 λέγειν
2562 5328 2574 5340 ·
2607 5310 2694 5363 διὰ
2723 5311 2785 5363 τὸ
2813 5312 2904 5363 τὸν
2932 5307 3412 5379 γραμματηφόρον
3446 5305 3634 5358 ἱκανὸν
3681 5302 3838 5358 εἶναι

2239 5407 2419 5477 χάριτι
2452 5404 2688 5474 Χριστοῦ
2711 5447 2724 5466 ,
2758 5403 2964 5456 ἕκαστα
2999 5401 3275 5467 ἐκδιδάξαι
3309 5397 3599 5470 ἐμμελῶς·
3736 5400 3839 5450 καὶ

2243 5496 2598 5566 παρεθέμεθα
2629 5495 2767 5565 μετά
2796 5494 2895 5565 τῆς
2934 5492 3227 5558 ἐπιστολῆς
3269 5490 3361 5544 καί
3389 5506 3510 5542 τινα
3539 5487 3838 5556 διανομὴν,

2245 5592 2310 5661 ἢν
2347 5591 2442 5643 καὶ
2491 5587 2864 5656 καταξιώσατε
2906 5584 3271 5651 εἰσδέξασθαι,
3313 5581 3665 5654 χαριζόμενοι
3697 5581 3843 5650 ἡμῖν

2248 5684 2340 5746 τὰς
2366 5683 2552 5752 τιμίας
2582 5682 2888 5753 προσευχὰς
2920 5681 2999 5744 εἰς
3034 5677 3338 5750 στηριγμὸν
3365 5673 3561 5746 ψυχῆς.
3834 5662 3842 5671 ’
