3934 6476
189 404 323 469 1345

395 523 507 589 bl".
544 552 611 562 -
651 523 728 593 Τῇ
754 525 1060 596 ἡγουμένῃ
1090 526 1210 581 τῶν
1247 531 1526 598 Γόρδινα.
1557 531 1758 607 [nbat]

1379 418 1928 483 EPISTOLARUM
1984 423 2132 483 LIB.
2193 424 2276 486 Ῑῐ.

3336 424 3473 492 1346

1997 536 2184 602 XCIII,
2207 568 2278 580 —
2307 536 2618 609 Proposita:
2643 539 2991 597 Gorrlinensis
3028 547 3355 598 monasterii.

762 638 1046 689 Monasterii
1077 638 1212 690 illius
1245 642 1468 691 alumnas
1491 645 1662 696 laudat
1693 647 1756 696 ob
1779 658 2012 701 constans
2034 653 2150 703 fidei
2183 667 2240 703 ac
2284 653 2490 717 pietatis
2518 671 2649 706 verte
2672 657 2910 707 studium.

262 741 583 811 Ἀπῄτησεν
619 743 766 812 ἡμᾶς
796 746 824 796 ὁ
853 743 1140 814 ἀγαπητὸς
1188 747 1344 817 ἡμῶν
1383 750 1616 817 ἁδελφὸς
1661 753 1774 807 Ἀν.

1950 757 2104 816 Hanc
2136 762 2422 832 epistolam
2463 779 2495 819 a
2544 765 2704 822 nobis
2753 769 2983 838 expetiit
3028 767 3266 826 dilectus
3302 767 3477 825 frater

183 833 373 897 τώνιος
427 835 488 888 τὸ
545 837 720 907 παρὸν
767 841 1420 910 γραμματεῖον.σ-).ἐγων
1482 845 1567 897 ὅτι
1613 847 1775 899 τοῦτο

186 926 507 998 ὑπεσχόμην
541 927 709 981 πάλαι
749 929 999 998 ποιῆσαι.
1031 932 1142 986 Καὶ
1176 933 1245 986 δι’
1273 935 1407 987 αὐτὸ
1445 932 1541 989 οὖν
1573 935 1734 990 τοῦτο
1759 979 1774 1002 ,

184 1018 276 1070 καὶ
308 1018 400 1071 διὰ
440 1020 542 1084 τὰς
587 1021 895 1085 ἀποστολὰς
929 1024 1117 1093 ὑμῶν,
1162 1026 1273 1079 ίδοὺ
1315 1027 1778 1099 προσφθέγγομαι

186 1111 276 1162 καὶ
307 1112 709 1182 προσαγορεύω
736 1115 910 1184 ὑμᾶς,
939 1115 1015 1180 ὡς
1047 1122 1318 1188 μητέρας.
1351 1117 1426 1182 ῶς
1457 1119 1694 1189 ἀδελφὰς
1719 1123 1776 1172 ἐν

187 1201 377 1272 Κυρίῳ
403 1218 417 1230 ·
473 1205 825 1275 μεμνημένος
869 1206 972 1276 τῆς
1021 1208 1266 1279 ὑπαντῆς
1310 1209 1498 1280 ὑμῶν,
1540 1210 1635 1264 καὶ
1681 1210 1778 1264 τοῦ

187 1293 357 1345 κόπου
389 1295 490 1365 τῆς
534 1298 757 1369 ἀγάπης
785 1293 852 1370 ἦς
897 1299 1241 1365 ἐνεδείξασθε
1272 1305 1352 1366 είς
1384 1304 1445 1356 τὸ
1476 1303 1651 1374 ὄνομα
1680 1306 1782 1358 αὑ-

186 1387 277 1439 τοῦ
298 1405 314 1418 °
340 1388 711 1458 διαφυγοῦσαι
740 1391 840 1462 τὴν
867 1393 1158 1446 κοινωνίαν
1189 1394 1300 1448 τῶν
1324 1395 1645 1466 αίρετικῶν,
1686 1398 1782 1452 καὶ

186 1481 596 1552 διατηρήσασαι
651 1484 915 1548 ἀσπίλους
974 1487 1174 1549 ἐαυτὰς
1229 1486 1339 1540 ἀπὸ
1387 1487 1482 1540 τοῦ
1542 1489 1777 1559 κόσμου.

187 1573 426 1627 Βλέπετε
479 1571 576 1628 οὖν
647 1577 744 1629 καὶ
810 1578 948 1650 πρὸς
1009 1578 1070 1632 τὸ
1111 1579 1280 1649 ἐξῆς,
1336 1579 1532 1649 ἅγιαι⁹
1586 1579 1776 1652 ἐπειδὴ

185 1666 466 1721 ἐνίσταται

473 1785 585 1848 [μιν.
628 1812 698 1823 -—
729 1781 975 1849 Εὐδοκῷ
1012 1788 1490 1855 παρθενευούσῃ.

1877 863 2066 908 noster
2092 854 2365 911 Antonius
2392 897 2407 921 ,
2457 872 2760 928 suggerens
2800 860 3115 929 pollicitum
3147 878 3233 916 me
3264 861 3472 916 dudum

1880 944 1961 996 sic
1998 959 2120 998 esse
2151 944 2449 1000 facturum.
2503 945 2570 1000 Et
2597 947 2669 1003 ob
2712 949 2854 1005 hanc
2907 951 3073 1022 igitur
3107 968 3332 1008 causam
3361 993 3376 1017 ,
3423 965 3476 1008 et

1887 1044 2108 1106 propter
2139 1038 2338 1092 missas
2373 1054 2401 1091 a
2456 1040 2610 1094 vobis
2648 1056 2893 1106 sorores,
2939 1059 3068 1100 ecce
3098 1060 3195 1100 vos
3225 1046 3477 1116 alloquor

1880 1138 1933 1181 et
1960 1130 2142 1183 saluto
2168 1139 2428 1200 tanquam
2461 1141 2693 1194 matres,
2727 1143 2988 1204 tanquam
3013 1149 3237 1190 sorores
3271 1137 3324 1190 in
3357 1134 3472 1188 Do-

1883 1220 2052 1283 mino,
2086 1235 2296 1275 memor
2329 1221 2558 1289 periculi
2594 1224 2761 1277 vestri
2798 1233 2853 1278 et
2891 1225 3118 1290 laboris,
3164 1226 3218 1279 in
3249 1241 3359 1296 quo
3391 1237 3477 1279 to-

1880 1311 2108 1366 lerando
2154 1313 2413 1368 eximiam
2462 1314 2587 1384 ejus
2618 1315 2858 1371 nominis
2889 1317 3212 1372 charitatem
3266 1317 3478 1387 signiti-

1880 1402 2051 1456 castis
2078 1443 2091 1455 .
2140 1405 2589 1458 communionem
2633 1405 3019 1461 haereticorum
3070 1417 3376 1475 aversata},
3413 1419 3478 1461 ac

1892 1506 2105 1549 vosmet
2138 1508 2167 1547 a
2202 1494 2408 1549 mundo
2439 1496 2638 1551 illaesas
2664 1508 2970 1553 servantes.
3002 1497 3195 1554 Videte
3219 1499 3392 1570 igitur
3423 1508 3478 1552 et

1884 1584 1936 1637 in
1970 1595 2252 1654 posterum
2280 1624 2296 1650 ,
2341 1585 2560 1642 femina:
2595 1597 2828 1655 sanctae;
2871 1589 3319 1661 quandoquidem
3371 1589 3479 1644 im-

1886 1689 2080 1731 mmet.
2123 1717 2138 1731 .
2183 1717 2199 1732 .
2243 1719 2255 1730 υ
2301 1718 2317 1732 .
2362 1717 2377 1732 .

2269 1791 2546 1849 XCIV.—-
2572 1791 2848 1847 Eudoconi
2879 1794 3095 1864 virgini.

778 1898 968 1951 Gratias
994 1905 1097 1965 agit
1118 1904 1181 1952 de
1205 1902 1465 1967 obsequiis
1485 1905 1578 1954 sibi
1623 1903 1670 1953 in
1699 1914 1903 1954 carcere
1929 1905 2189 1969 praestitis.
2229 1910 2436 1973 (Baron.
2459 1925 2538 1960 an.
2565 1911 2677 1972 818,
2702 1924 2752 1958 n.
2777 1909 2879 1969 14.)

718 2005 1169 2078 ἐφυλακίσθημεν
1197 2010 1254 2061 ἐν
1276 2011 1390 2073 τοῖς
1422 2011 1634 2073 αὐτόθι,
1669 2009 1782 2078 ἐγώ
1815 2015 1856 2070 Β

184 2109 239 2145 τε
273 2094 373 2146 καὶ
404 2096 434 2147 ό
469 2095 696 2165 ἀδελφὸς
723 2097 1012 2162 Νικόλαος,
1039 2099 1204 2169 ἡνίκα
1238 2101 1345 2172 πρὸ
1377 2100 1478 2172 τῆς
1505 2100 1647 2170 ὀπῆς
1680 2101 1779 2171 τῆς

186 2187 440 2258 φυλακῆς
472 2187 735 2257 φύλακες,
767 2189 843 2259 μὴ
878 2189 1076 2255 ἐῶντες
1117 2190 1294 2260 θίγειν
1318 2191 1599 2245 ὁντιναοῦν
1632 2191 1780 2246 κατὰ

183 2280 279 2348 τὴν
295 2279 407 2333 τῶν
428 2280 642 2334 ἀσεϐῶν
673 2281 973 2352 πρόσταξιν
994 2283 1073 2353 τῷ
1096 2284 1370 2356 φρουρείῳ
1391 2301 1404 2314 ·
1434 2286 1582 2348 τότε,
1602 2283 1690 2339 ἵνα
1712 2283 1781 2338 τὰ

186 2371 433 2442 πρότερα
456 2373 600 2425 ἐάσω
626 2373 807 2440 λέγειν
827 2390 840 2404 ·
861 2374 1068 2446 καίπερ
1098 2375 1227 2430 ὄντα
1247 2377 1411 2431 ίκανά
1432 2393 1444 2405 ·
1467 2379 1782 2450 παρρησια-

187 2463 390 2534 ζομένη
405 2466 470 2532 τῇ
491 2465 633 2516 κατὰ
650 2464 782 2517 Θεδν
799 2465 1148 2538 πεποιθήσεν
1172 2467 1267 2520 ἐπε
1277 2485 1442 2537 μπες,
1463 2469 1781 2541 ἐγαλούχεις

185 2556 384 2616 οἱονεὶ,
422 2556 739 2626 διε-ἔτρεφες,
784 2557 1063 2624 ἐπότιζες,
1115 2561 1486 2631 παρεκάλεις,
1522 2560 1780 2633 ἧλειφες,

190 2649 427 2719 σεαυτὴν
469 2649 742 2714 ἐπιδίδους
777 2651 1167 2721 ῥιψοκινδύνως
1213 2655 1291 2717 είς
1325 2653 1558 2709 θάνατον
1583 2673 1598 2687 ·
1646 2657 1783 2728 ὅπερ

190 2741 395 2811 μικροῦ
429 2741 542 2796 δεῖν
566 2785 581 2808 ,
633 2744 681 2796 εί
722 2745 796 2815 μὴ
828 2745 860 2815 ή
895 2745 1014 2818 χεὶρ
1053 2745 1151 2799 τοῦ
1202 2746 1341 2800 Θεοῦ
1385 2748 1641 2816 φθάσασα
1670 2743 1783 2802 εῦέ

189 2852 247 2887 σε
275 2849 288 2862 ·
317 2838 416 2888 καὶ
450 2837 744 2900 ἐνέπιπτες
783 2841 862 2902 εἰς
894 2839 1078 2910 ἔργον.
1112 2835 1279 2904 Οἶδας
1308 2843 1408 2903 τὰς
1447 2841 1784 2912 κατηγορίας

187 2929 295 2983 τῶν
321 2931 775 2997 γειτνιαζόντων,
809 2933 906 2994 τὰς
951 2931 1270 3004 εἰσπράξεις
1320 2933 1430 2985 τῶν
1468 2936 1780 3005 ἀρχόντων·

187 3021 458 3093 ὅτιδῶρα
495 3023 727 3092 εἴληφας
773 3024 924 3095 παρὰ
963 3024 1059 3077 τοῦ
1102 3025 1433 3080 καταδίκου·
1466 3028 1546 3080 ὅτι
1594 3026 1784 3096 λόγους

187 3115 456 3182 διαταγῆς
505 3114 840 3177 ὑπακούειςο
881 3115 1061 3183 τοῦτο,
1117 3119 1363 3172 κάκεῖνο.
1431 3119 1572 3172 Ἀλλ’
1609 3121 1783 3189 ὅμως,

188 3205 230 3258 ῶ
256 3207 360 3276 τῆς
395 3222 462 3275 με
474 3205 826 3271 γαλοπιστίας
851 3207 863 3260 l
894 3207 1013 3260 οὺδέ
1039 3207 1184 3261 οὕτω
1213 3209 1419 3262 τούτων
1443 3209 1783 3278 τυρῦασθέν-

186 3316 296 3352 των
345 3298 573 3368 ὑφῆκας
614 3299 675 3352 τὸ
719 3298 968 3354 καθόλου.
1019 3301 1162 3352 Ἀλλ’
1199 3301 1274 3364 ὼς
1323 3301 1551 3370 μηδενὸς
1596 3299 1783 3356 καινοῦ

189 3390 494 3458 γεγονότος
520 3429 534 3451 ,
578 3388 702 3459 ἔχου
735 3390 897 3443 πάλιν
943 3391 1043 3460 τῆς
1093 3390 1406 3453 διακονίας·
1441 3390 1636 3462 δώροις
1659 3395 1782 3456 τοὺς

192 3482 446 3550 φύλακας
474 3483 960 3551 ἐξευμενιζομὲνη,
991 3481 1084 3534 καὶ
1112 3482 1171 3533 τὸ
1197 3481 1264 3550 δὴ
1303 3481 1617 3551 λεγόμενον,
1655 3483 1785 3536 Θεὸν

191 3575 257 3626 δι’
284 3574 450 3644 ἡμῶν
482 3574 590 3626 τῶν
615 3574 958 3642 ἁμαρτωλῶν
993 3573 1380 3644 θεραπεύουσα
1405 3591 1419 3605 ·
1452 3575 1510 3640 ἐξ
1540 3568 1600 3626 οὗ
1631 3577 1724 3628 καὶ
1750 3578 1782 3646 ή

193 3669 425 3740 ἁρπαγὴ
467 3667 577 3720 τῶν
611 3667 903 3721 κινδύνωνε
939 3670 1034 3721 καὶ
1068 3669 1101 3738 ἠ
1132 3666 1263 3737 παρ’
1296 3665 1490 3720 ἐλπίδα
1518 3667 1784 3737 σωτηρία.

195 3762 256 3814 Τί
285 3759 456 3814 τοῦτο
495 3759 750 3830 δεύτερον
774 3760 1109 3830 Πρισκίλλης
1157 3761 1249 3812 καὶ
1280 3760 1483 3828 Φοίϐης
1526 3761 1744 3829 ἐκείνης
1771 3777 1783 3789 ·

196 3857 224 3923 ἦ
252 3855 367 3906 τῶν
418 3854 652 3917 ταύταις
692 3854 1040 3907 ὑποστασίων
1065 3855 1209 3906 κατὰ
1248 3854 1346 3924 τὴν
1376 3852 1476 3922 τῆς
1509 3852 1787 3916 διακονίας

197 3945 462 4017 θεωρίαν,
517 3939 668 4019 ἐφ’ᾖ
722 3945 1125 4017 μακαρίζονται
1176 3946 1280 3998 ὑπὸ
1307 3944 1400 3997 τοῦ
1430 3945 1577 3998 θείου
1624 3945 1785 3997 Ἀπο-

199 4039 417 4104 στόλους
454 4039 709 4108 οὐδαμῶς
731 4039 805 4102 ὠς
838 4038 1026 4108 ἔμοιγε
1052 4039 1221 4102 δοκεῖ,
1247 4041 1294 4091 εἰ
1333 4039 1406 4109 μὴ
1438 4039 1519 4091 ὅτι
1544 4040 1624 4100 είς
1658 4040 1788 4092 ἀνα-

199 4133 342 4197 ξίους
373 4149 387 4162 ο
442 4131 584 4185 ἀλλὰ
631 4133 726 4185 καὶ
768 4131 926 4186 τοῦτο
974 4131 1179 4204 μᾶλλον
1225 4131 1622 4203 αἱνετώτερον·
1671 4130 1789 4185 ἐκεῖ

197 4229 298 4299 γάρ
333 4226 400 4279 τὸ
436 4225 784 4295 μεγαλοφυές
809 4227 902 4279 τοῦ
941 4227 1236 4297 προσώπου
1266 4227 1409 4296 τάχα
1445 4227 1512 4280 ἂν
1542 4226 1634 4278 καὶ
1661 4227 1788 4289 τοὺς

197 4321 566 4392 ἀναισθήτους
615 4319 795 4382 λίθους
834 4321 1087 4390 ἐκίνησεν
1143 4321 1498 4390 εὐεργετεῖν·
1551 4318 1788 4372 ἐνταῦθα

196 4414 246 4467 δέ
273 4409 636 4472 τούναντίον,
683 4409 777 4462 καὶ
819 4411 946 4472 τοὺς
996 4410 1356 4479 ἐναισθήτους
1401 4409 1526 4472 νόας
1576 4410 1790 4479 ναρκᾷν

197 4507 385 4560 ἔπεισε
431 4504 497 4558 τὸ
541 4503 890 4556 ἀπόπτυστον
922 4502 1034 4554 τῶν
1081 4501 1486 4571 ὑποκειμένων.
1534 4503 1675 4556 Ἀλλ’
1705 4505 1788 4556 ὅτι

198 4601 351 4654 τοῦτο
386 4597 589 4663 οὕτως,
625 4597 719 4652 καὶ
760 4595 1237 4658 ἀντιπεπονθότως
1278 4595 1468 4666 ῶςρθης
1501 4595 1788 4667 δράσασα,

2738 2015 2792 2068 in
2833 2028 3058 2069 carcere
3110 2011 3222 2068 illic
3263 2013 3478 2068 detine-

1883 2104 2081 2160 bamur
2111 2121 2210 2175 ego
2241 2105 2523 2176 fraterque
2551 2105 2848 2172 Nicolaus,
2897 2121 3023 2159 cum
3053 2113 3180 2160 ante
3207 2105 3477 2160 custodiae

1883 2195 2130 2254 foramen
2179 2198 2344 2270 positi
2403 2197 2664 2254 custodes
2701 2197 3015 2259 neminem,
3065 2211 3131 2251 ex
3178 2195 3474 2266 impiorum

1883 2291 2221 2359 interdicto,
2265 2291 2493 2362 propius
2537 2290 2861 2361 contingere
2908 2288 3206 2346 sinebant:
3237 2297 3350 2343 tum
3415 2299 3474 2343 tu

1886 2386 1969 2456 (ut
2019 2387 2336 2456 superiora,
2372 2386 2630 2457 quamvis
2664 2383 3072 2446 memorabilia,
3128 2385 3476 2452 praeteream)

1886 2476 2081 2532 ﬁducia
2135 2475 2228 2530 Dei
2281 2474 2440 2538 freta,
2499 2475 2778 2539 mittebas,
2835 2472 3247 2542 quodammodo
3304 2471 3476 2526 lacta-

1883 2570 2004 2636 bas,
2034 2569 2238 2631 alebas,
2265 2578 2459 2638 potum
2495 2568 2686 2632 dabas,
2713 2565 3121 2628 consolabaris,
3141 2562 3475 2624 hortabaris,

1887 2662 2117 2732 teipsam
2168 2660 2222 2714 in
2268 2671 2526 2730 apertum
2562 2660 2758 2714 mortis
2790 2657 3094 2728 periculum
3125 2655 3472 2724 conjiciens:

1885 2769 2049 2822 quam
2077 2752 2296 2823 quidem
2319 2793 2333 2816 ,
2383 2751 2490 2806 nisi
2521 2761 2574 2806 te
2617 2749 2712 2805 Dei
2756 2765 2958 2804 manus
2995 2756 3330 2819 praeverteris
3365 2746 3476 2801 eri-

1886 2845 2118 2914 puisset,
2149 2859 2209 2899 re
2245 2844 2360 2914 ipsa
2387 2844 2714 2912 pertulisses
2734 2882 2748 2894 .
2779 2840 2936 2899 Nosti
2967 2840 3276 2896 vicinorum
3309 2853 3476 2893 accu-

1887 2937 2172 2998 sationes,
2228 2936 2544 2990 exactiones
2592 2935 3049 3004 mag'stratuum;
3110 2932 3237 3002 quia
3300 2945 3329 2984 a
3379 2943 3477 2983 reo

1887 3042 2119 3084 munera
2153 3027 2452 3097 accepisti;
2487 3026 2616 3096 quia
2650 3041 2839 3080 aurem
2872 3024 3145 3079 mandatis
3171 3022 3475 3093 praebuisti,

1888 3121 1993 3176 hoc
2019 3131 2072 3174 et
2101 3120 2255 3174 illud.
2289 3118 2570 3184 Attamen,
2601 3132 2634 3171 ο
2669 3116 2791 3171 fidei
2835 3113 3272 3186 magnitudinem
3304 3114 3317 3168 ί
3377 3128 3479 3166 nec

1888 3214 1969 3268 sic
1999 3213 2216 3283 quidem
2241 3211 2534 3266 commotis
2569 3210 2696 3271 illis,
2730 3209 2841 3264 ullo
2874 3208 3034 3262 modo
3067 3205 3345 3262 destitisti.
3371 3203 3476 3258 Sed

1888 3305 2046 3374 quasi
2078 3303 2203 3358 novi
2237 3300 2376 3356 nihil
2417 3300 2730 3363 accidisset,
2766 3299 3074 3355 ministerio
3117 3298 3316 3352 iterum
3349 3296 3478 3350 insi-

1889 3397 2116 3462 stebas,
2152 3395 2409 3450 custodes
2460 3395 2781 3449 muneribus
2827 3392 3152 3455 concilians,
3203 3403 3280 3453 et,
3330 3387 3478 3460 quod

1887 3491 1994 3546 dici
2027 3490 2186 3552 solet,
2241 3487 2358 3543 Deo
2402 3504 2497 3559 per
2527 3503 2628 3542 nos
2677 3496 3000 3557 peccatores
3060 3485 3401 3545 deserviens,
3449 3497 3478 3535 a

1887 3599 1997 3652 quo
2020 3593 2073 3637 et
2102 3583 2468 3652 periculorum
2504 3581 2778 3645 liberatio,
2810 3589 2866 3634 et
2892 3588 3092 3649 praeter
3123 3592 3275 3647 spem
3304 3574 3473 3631 salus.

1888 3676 2137 3744 Quanam
2174 3677 2226 3729 in
2261 3691 2319 3729 re
2345 3676 2543 3728 cedunt
2573 3676 2677 3728 ista
2711 3673 2979 3727 Priscillae
3019 3682 3072 3727 et
3111 3669 3331 3725 thbaa
3363 3666 3438 3722 illi

1889 3780 1984 3822 aut
2017 3783 2204 3822 earum
2241 3766 2546 3837 aequalibus
2601 3765 2656 3818 in
2710 3765 3021 3819 ministerio
3049 3805 3066 3830 ,
3115 3761 3274 3832 cujus
3311 3775 3479 3814 causa

1889 3861 2237 3916 celebrantur
2288 3875 2320 3914 a
2353 3859 2540 3912 divino
2584 3856 2897 3926 Apostolo?
2949 3853 3110 3909 Nullo
3154 3854 3319 3907 modo
3361 3866 3480 3906 mea

1889 3954 2110 4024 quidem
2158 3950 2454 4015 sententia,
2513 3948 2620 4004 nisi
2681 3948 2828 4018 quod
2876 3963 3004 4016 erga
3057 3947 3353 4014 indignos:
3386 3945 3478 3998 sed

1893 4048 1996 4101 hoc
2026 4054 2178 4100 tanto
2231 4043 2582 4097 laudabilius.
2615 4039 2694 4095 lbi
2723 4042 2867 4103 enim
2905 4054 3150 4107 personae
3179 4037 3483 4107 amplitudo

1889 4135 1974 4190 vel
2005 4149 2172 4188 sensu
2205 4133 2448 4187 carentia
2503 4146 2632 4186 saxa
2675 4130 2744 4185 ad
2794 4129 3226 4188 beneﬁcentiam
3263 4142 3483 4198 permo-

1888 4231 2090 4283 visset:
2129 4227 2218 4280 hic
2249 4233 2433 4279 autem
2459 4240 2489 4278 ο
2514 4222 2792 4279 contrario
2825 4223 2992 4277 etiam
3022 4236 3185 4278 sensu
3218 4220 3480 4291 praeditas

1889 4329 2098 4376 mentes
2162 4319 2423 4388 languere
2486 4323 2708 4386 c0geret
2787 4314 2971 4369 vilitas
3037 4329 3228 4368 eorum
3279 4312 3486 4383 quibus

1889 4412 2320 4468 ministrabatur.
2385 4410 2522 4463 Cum
2573 4422 2705 4477 ergo
2751 4407 2866 4462 haec
2924 4406 2996 4460 ita
3054 4413 3273 4471 essent,
3321 4413 3375 4459 et
3423 4413 3481 4458 tu

1892 4506 2250 4561 nihilominus
2303 4518 2465 4559 secus
2497 4517 2657 4573 agere
2703 4501 2821 4555 visa
2876 4499 3077 4566 fueris;
3137 4498 3261 4554 vide
3312 4513 3480 4568 quam

1893 4601 2106 4654 laudem
2133 4597 2416 4652 merearis.
2445 4595 2804 4663 Suscepimus
2833 4599 3039 4663 itaque,
3072 4593 3285 4663 egregia
3303 4592 3480 4660 virgo,

200 4694 480 4763 σκόπησον
524 4690 588 4743 τὸ
627 4688 929 4757 ἐγκώμιον.
985 4687 1291 4757 Ἀπέχομεν
1324 4688 1528 4753 τοίνυν,
1579 4681 1623 4741 ὧ
1654 4688 1785 4741 καλ-

1901 4690 2357 4752 misericordiam,
2404 4695 2458 4742 et
2485 4688 2611 4757 jure
2649 4697 2699 4740 te
2732 4685 3044 4750 laudamus,
3087 4684 3483 4753 amplectentes

197 4785 519 4856 λιπάρθενε,
554 4783 615 4835 τὸ
643 4782 814 4845 ἔλεος,
843 4782 937 4834 καὶ
958 4779 1217 4851 αίνοῦμέν
1240 4797 1301 4833 σε
1333 4781 1577 4842 είκότως,
1614 4797 1787 4849 προσ-

201 4876 600 4947 απώεχόμενοι
645 4875 740 4926 καὶ
790 4873 1270 4935 συνεπαινοῧντες,
1315 4873 1497 4925 καὶτὰ
1527 4873 1661 4925 ἄλλα
1690 4891 1783 4925 σου

201 4968 683 5042 σεμνολογήματα,
722 4967 818 5036 τὴν
849 4967 1197 5035 ἐγκράτειαν,
1229 4964 1328 5036 τὴν
1359 4965 1655 5034 αὐχμηρὰν
1690 4967 1784 5018 κό-

204 5083 326 5136 μην,
354 5062 460 5133 τὴν
491 5059 848 5130 ἠμελημένην
875 5059 1099 5128 ἐσθῆτα,
1139 5062 1238 5128 τὴν
1263 5058 1657 5129 ἐλεημοσύνην,
1692 5063 1788 5113 καὶ

201 5159 278 5210 ἐπ’
319 5156 512 5217 ἄλλοις
539 5153 640 5220 τὴν
677 5150 1014 5219 φιλαγνείαν,
1054 5152 1149 5205 καὶ
1176 5151 1270 5204 ἐπὶ
1297 5152 1475 5222 τούτῳ
1515 5154 1784 5222 μηδαμῶς

205 5244 743 5319 μωμοσκοπηθεῖσαν
781 5243 917 5312 πρὸς
954 5242 1200 5295 τινοσοῦν
1235 5241 1346 5295 τῶν
1377 5243 1715 5314 ἀνθρώπων·
1747 5241 1791 5294 ὢ

203 5343 292 5413 τῆς
315 5343 496 5411 καλῆς
523 5357 618 5392 σου
647 5336 910 5408 ἐργασίας
933 5353 946 5365 ·
980 5335 1024 5388 ὢ
1051 5337 1146 5406 τῆς
1175 5336 1459 5405 θεοφιλοῦς
1488 5336 1583 5390 καὶ
1613 5352 1791 5406 γηρα-

203 5433 322 5498 λέας
361 5431 644 5500 κεφαλῆςε
681 5427 926 5499 ήνθησας
947 5428 1005 5479 ἐν
1036 5427 1187 5498 μέσῳ
1210 5428 1462 5480 ἀκανθῶν
1486 5428 1560 5490 ὠς
1598 5429 1752 5499 ῥόδον
1773 5443 1790 5458 ο

207 5527 509 5587 εὑωδίασας
539 5525 597 5576 ἐν
630 5523 782 5593 μέσῳ
815 5523 1010 5590 γενεᾶς
1051 5520 1270 5584 σκολιᾶς
1299 5523 1393 5573 καὶ
1427 5524 1793 5593 διεστραμμέ-

206 5635 332 5688 νης,
367 5617 444 5679 ὡς
492 5613 761 5686 όρθοφυές
804 5613 1011 5685 κρίνον.
1049 5612 1114 5666 Τί
1152 5613 1212 5666 τὸ
1255 5613 1479 5679 λοιπόν;
1513 5615 1793 5683 διαμένειν

210 5727 262 5762 σε
286 5711 381 5764 καὶ
416 5709 557 5774 πρὸς
585 5707 647 5760 τὸ
670 5707 798 5777 ἐξῆς
827 5706 1200 5778 ἀπρόσκοπον,
1227 5710 1602 5778 σεσωσμένην,
1637 5708 1793 5775 φιλο-

210 5801 502 5869 κρινοῦσαν
567 5801 749 5855 πᾶσαν
817 5799 986 5870 ἄλλην
1049 5799 1268 5870 ἐντολὴν
1335 5800 1543 5869 Κυρίου
1571 5818 1584 5830 ·
1649 5799 1793 5852 ὥστε

215 5900 346 5960 μῆτε
377 5893 606 5964 ὀμνύειν
636 5894 696 5947 τὸ
713 5892 884 5963 ὄνομα
911 5894 1119 5948 Κυρίου
1149 5893 1210 5946 τὸ
1241 5893 1503 5946 παράπαν
1529 5910 1540 5924 ·
1578 5894 1714 5960 μήτε
1742 5910 1793 5945 τι

1902 4784 2066 4839 simul
2097 4789 2151 4836 et
2176 4781 2555 4835 collaudantes
2592 4779 2699 4832 alia
2740 4787 2832 4832 tua
2861 4788 3188 4832 ornamenta
3214 4818 3229 4841 .
3274 4785 3483 4843 tempe-

1902 4877 2158 4936 rantiam,
2206 4873 2538 4941 incomptam
2591 4885 2843 4935 comam,
2901 4870 3203 4938 neglectam
3252 4875 3481 4925 vestem.

1903 4970 1954 5023 in
1992 4968 2129 5021 alios
2177 4979 2399 5036 quoque
2431 4962 2884 5026 beneficentiam,
2939 4974 3181 5013 amorem
3219 4957 3481 5012 castimo—

1903 5065 2027 5125 niue,
2056 5070 2111 5114 et
2144 5056 2291 5126 quod
2315 5059 2381 5111 de
2419 5072 2482 5111 ea
2510 5070 2790 5123 nunquam
2827 5053 3160 5122 reprehensa
3207 5049 3380 5107 fueris
3415 5050 3485 5104 ab

1903 5157 2014 5208 ullo
2041 5152 2376 5207 mortalium.
2430 5148 2473 5202 Ο
2503 5151 2794 5218 praeclaras
2829 5146 3075 5200 actiones
3111 5144 3266 5197 tuas!
3303 5158 3336 5198 ο
3372 5142 3485 5197 Deo

1895 5249 2122 5299 charum
2153 5253 2206 5297 et
2239 5242 2411 5296 senile
2442 5252 2602 5308 caput
2630 5239 2644 5292 ε
2682 5236 2974 5291 Emoruisti
3014 5235 3065 5288 in
3091 5234 3272 5289 medio
3294 5234 3477 5304 spina-

1895 5354 2039 5404 rum,
2074 5337 2218 5391 sicut
2252 5350 2379 5390 rosa
2408 5351 2420 5386 :
2454 5333 2679 5388 odorem
2708 5328 2907 5385 dedisti
2943 5329 2998 5384 in
3029 5328 3210 5383 medio
3243 5327 3480 5381 nationis

1897 5445 2077 5501 pravae
2131 5438 2294 5496 atque
2337 5441 2638 5497 perversae,
2697 5431 2959 5493 tanquam
3020 5430 3229 5475 rectum
3283 5419 3479 5473 lilium.

1899 5524 2038 5591 Quid
2077 5523 2350 5593 reliquum
2381 5519 2499 5573 est?
2540 5518 2611 5573 Ut
2660 5516 2808 5571 salva
2863 5528 3187 5584 permaneas
3221 5512 3386 5566 etiam
3429 5510 3480 5563 in

1901 5627 2181 5690 posterum
2248 5613 2454 5681 absque
2510 5608 2838 5670 offensione,
2894 5619 3227 5674 servansque
3286 5611 3481 5656 cmtera

1903 5708 2088 5763 munia
2129 5705 2342 5761 Domini
2374 5701 2627 5756 mandata
2659 5721 2670 5754 :
2701 5709 2759 5753 ut
2789 5713 2889 5754 nec
2920 5711 3147 5768 prorsus
3193 5695 3347 5764 jures
3384 5693 3485 5746 Do-

1905 5801 2039 5855 mini
2074 5813 2295 5859 nomen,
2339 5810 2437 5849 nec
2471 5793 2640 5847 ullum
2697 5791 2841 5846 aliud
2876 5799 3199 5845 contemnas
3233 5803 3299 5842 ex
3333 5801 3475 5840 man-

1904 5892 2065 5948 datis.
2093 5889 2207 5944 lioc
2234 5897 2416 5943 autem
2436 5885 2581 5948 dico,
2607 5897 2715 5939 non
2738 5881 2893 5950 quasi
2923 5889 2974 5937 te
2996 5879 3167 5946 culpae
3188 5875 3480 5934 obnoxiam
