3934 6472
3600 375 3736 440 1348

487 394 623 462 1347
1688 397 1748 455 S.
1771 391 2164 455 THEODORI
2195 379 2544 454 STUDlT/E

480 522 603 563 esse
635 504 1083 574 deprehenderim
1113 547 1127 573 ,
1169 506 1264 561 sed
1294 507 1439 576 quod
1480 508 1532 562 in
1579 508 1836 562 omnibus
1889 504 2062 575 perfe-

2181 504 2293 558 ἰλλο
2318 501 2703 575 παραθεωρεῖν
2721 500 2832 553 τῶν
2861 496 3266 567 ἐντεταλμένων
3285 511 3300 526 ·
3325 491 3485 548 τοῦτο
3508 491 3567 545 δέ
3594 491 3742 558 λέγω

478 611 622 656 ctam
658 609 708 654 te
742 613 861 653 esse
889 598 1125 667 cupiam,
1152 608 1204 652 et
1235 599 1506 668 promissa
1530 599 1655 652 inde
1686 598 1828 652 bona
1856 615 2056 652 conse-

2181 597 2258 666 ιύχ
2285 597 2362 658 ὡς
2397 589 2953 673 καταλαμϐανόμενός
2997 604 3056 641 σε
3094 583 3450 641 ύπαιτιᾶσθαι
3474 600 3487 613 ⁸
3518 584 3637 638 ἀλλ’
3664 585 3742 646 ὼς

480 693 598 762 qui.
639 691 850 747 Salutat
890 700 941 745 te
979 688 1150 744 frater
1181 689 1436 745 Nicolaus
1461 705 1475 744 :
1504 701 1557 746 et
1603 707 1705 762 ego
1756 691 2045 745 Dominum

2181 690 2302 756 ἱχων
2341 687 2396 740 ἐν
2424 686 2609 752 ἐφέσει
2636 683 2730 737 τοῦ
2762 685 2818 736 ἐν
2862 682 3028 734 πᾶσιν
3065 678 3253 748 ἄρτιον
3287 674 3450 740 εἶναι,
3503 677 3738 730 κάντεῦ·

482 799 548 838 ac
577 783 972 839 consobrinum
998 790 1176 836 tuum.

2181 778 2256 830 iev
2293 779 2570 846 ἐπιτυχεῖν
2600 775 2708 829 τῶν
2743 776 2800 826 ἐν
2832 771 3182 841 ἐπαγγελίαις
3225 768 3481 837 ἀγαθῶν·
3529 768 3557 818 6
3588 769 3743 821 ἀδελ-

2168 868 2266 934 φὸς
2300 868 2566 930 Νικόλαος
2603 863 3031 937 προσαγορεύει’
3085 863 3243 930 κάγὼ
3270 862 3363 915 τὸν
3397 857 3600 930 Κύριον
3648 866 3743 913 καὶ

2164 957 2481 1027 ἀδελφιδοῦν
2513 975 2628 1011 σου.

863 1065 1029 1124 XCV.
1057 1098 1126 1107 —
1157 1066 1360 1120 Basilio
1390 1067 1694 1132 praeposito.

2405 1072 2519 1138 ιιεν.
2573 1099 2645 1113 -—-
2691 1070 2986 1134 ΒασιλεΙῳ
3024 1068 3356 1136 ἡγουμένῳ.
3399 1072 3520 1138 ιχἰ1

1036 1179 1238 1228 Dolenti
1260 1175 1393 1239 quod
1437 1172 1778 1226 Iconomachis
1804 1174 2140 1232 consenserit,
2169 1191 2226 1228 ac
2250 1181 2596 1244 resipiscenti,
2630 1183 2968 1246 paenitentiam
2994 1179 3184 1230 indicit.

556 1284 612 1338 In
636 1284 720 1340 his
745 1301 868 1354 qua:
899 1285 1119 1354 scripsit
1149 1284 1447 1338 reverentia
1478 1293 1592 1348 tua,
1626 1283 1818 1348 frater,
1861 1284 1915 1336 in
1940 1297 2060 1351 pte-

2252 1287 2340 1342 Ἐν
2362 1283 2440 1353 οἷς
2465 1291 2739 1362 γέγραφεν
2775 1291 2808 1362 ή
2848 1289 3097 1360 τιμιότης
3126 1305 3241 1351 σου,
3277 1285 3490 1350 eam:
3525 1283 3712 1336 ὑπέδει

489 1379 574 1431 nis
618 1378 761 1431 ultro
793 1378 1115 1442 subeundis,
1149 1377 1499 1446 acquiescere
1529 1391 1588 1431 se
1626 1376 1976 1444 significavit,
2013 1383 2070 1428 et

2181 1383 2261 1449 Ξεν
2287 1383 2486 1454 ἑαυτὴν
2517 1381 2845 1436 εὐδοκοῦσαν
2874 1382 2932 1434 ἐν
2969 1382 3080 1442 τοῖς
3108 1378 3426 1446 ἐπιτιμίοις,
3458 1375 3550 1428 καὶ
3594 1377 3695 1427 ἐπε

490 1469 554 1518 ad
589 1467 814 1520 meliora
851 1483 1013 1536 porro
1039 1465 1169 1520 ferri
1203 1484 1217 1519 :
1253 1466 1712 1531 quemadmodum
1750 1480 1858 1519 non
1899 1465 2070 1520 tabel-

2181 1475 2411 1546 γομένην
2463 1475 2599 1546 πρὸς
2639 1475 2709 1527 τά
2756 1474 3074 1544 κρείττοναο
3128 1470 3271 1525 καθά
3332 1466 3632 1532 ὲξεδίδαξεν
3685 1470 3746 1520 οὐ

489 1559 660 1610 larius
696 1560 859 1611 modo
903 1559 1143 1617 edocuit.
1177 1561 1271 1611 sed
1295 1567 1348 1611 et
1376 1565 1502 1610 ante
1528 1557 1705 1626 ipsum
1733 1557 2072 1611 reverendis-

2181 1569 2338 1638 μόνον
2371 1571 2398 1621 6
2430 1567 2906 1638 γραμματηφόρος
2932 1579 2946 1593 ⁸
2977 1562 3113 1618 ἀλλά
3151 1562 3258 1631 γὰρ
3305 1561 3400 1612 καὶ
3443 1559 3546 1626 πρὸ
3581 1557 3751 1610 αὑτοῦ

491 1650 663 1703 simus
700 1647 871 1702 frater
911 1660 1098 1703 noster
1132 1647 1347 1715 Petrus,
1377 1657 1435 1702 et
1472 1649 1616 1702 idem
1651 1649 1866 1703 amicus
1897 1657 2022 1704 tuus
2052 1667 2066 1702 :

2181 1661 2204 1714 ὁ
2229 1661 2562 1731 τιμιώτατος
2595 1661 2824 1727 ἀδελφὸς
2851 1657 3010 1728 ἡμῶν
3043 1656 3248 1726 Πέτρος
3276 1655 3306 1706 6
3330 1655 3420 1706 ml
3448 1655 3529 1705 σοὶ
3564 1651 3755 1717 φιλού-

489 1743 561 1794 ob
617 1756 740 1809 qua
788 1740 1011 1811 gavisus
1047 1755 1168 1795 sum
1211 1755 1313 1809 ego
1364 1741 1588 1795 humilis
1624 1751 1678 1794 et
1715 1741 1920 1811 gratias
1967 1740 2073 1810 egi.

2184 1768 2345 1820 μενος
2366 1769 2377 1780 ·
2417 1750 2500 1819 ἐφ’
2538 1745 2621 1813 οἷς
2658 1749 2834 1818 ἣσθην
2863 1749 2891 1800 6
2919 1746 3172 1808 ταπεινὸς
3203 1745 3296 1797 καὶ
3339 1743 3751 1812 ηὐχαρίστησα.

492 1833 676 1902 Neque
692 1835 838 1887 enim
862 1834 976 1887 leve
997 1842 1081 1888 est
1101 1843 1194 1887 aut
1215 1835 1676 1887 contemnendum
1693 1834 1837 1902 quod
1856 1833 2078 1888 admisi-

492 1940 637 1988 mus,
674 1926 756 1978 vir
781 1927 1008 1994 optime,
1039 1942 1164 1982 cum
1200 1927 1561 1998 negatorihus
1591 1925 1848 1996 imaginis
1870 1923 2078 1980 Christi

493 2018 979 2082 communicando,
1016 2020 1108 2074 sed
1143 2021 1335 2088 ingens
1364 2019 1662 2088 piaculum,
1693 2026 1748 2072 et
1775 2019 2077 2088 planecum

497 2110 621 2164 lidei
641 2113 932 2179 negatione
959 2111 1316 2182 conjunctum
1352 2131 1366 2166 :
1401 2112 1665 2181 quoniam
1693 2109 1948 2179 imaginis
1979 2123 2077 2164 ne-

493 2203 642 2272 gatio
673 2204 738 2258 ad
772 2214 1118 2275 prototypum
1161 2204 1410 2260 ascendit
1448 2219 1462 2257 :
1504 2211 1559 2257 et
1591 2202 1718 2257 huic
1763 2201 1865 2270 ipsi
1909 2215 2080 2270 nega-

495 2296 631 2348 tioni
679 2294 888 2350 Christi
920 2297 1428 2356 communicarunt,
1462 2302 1735 2365 quotquot
1773 2293 2080 2364 quomodo-

494 2401 716 2455 cuuque
765 2387 1272 2442 communicarunt.
1328 2387 1624 2457 Postquam
1692 2401 1826 2441 vero
1880 2385 2079 2440 iterum

495 2479 786 2535 c0nfessus
801 2495 882 2545 es,
915 2481 1111 2536 sivisse
1143 2489 1214 2545 te,
1245 2490 1394 2534 metu
1425 2479 1827 2549 persequentis,
1862 2488 1921 2532 ut
1945 2478 2081 2532 ima-

499 2573 656 2642 gines
685 2587 716 2626 e
764 2572 944 2625 medio
981 2571 1328 2632 tollerentur,
1359 2572 1582 2641 gravius
1626 2570 1767 2624 istud
1812 2569 2078 2638 flagitium

495 2663 772 2730 est.Quod
799 2674 977 2718 autem
992 2672 1048 2718 et
1073 2664 1470 2732 subscripsisse
1496 2671 1549 2716 te
1569 2663 1674 2729 ais,
1701 2672 2081 2717 consummata

503 2757 765 2826 iniquitas
798 2766 855 2810 et
891 2759 1111 2827 negatio
1139 2766 1246 2813 est.
1275 2755 1415 2822 Quid
1435 2760 1707 2826 agendum
1739 2755 1928 2824 igitur,
1954 2769 2081 2808 cum

501 2855 556 2899 et
587 2847 780 2901 salutis
825 2847 1124 2901 remedium
1157 2861 1395 2915 quaeras,
1423 2861 1524 2899 nec
1557 2845 1701 2898 ferre
1733 2853 1786 2898 te
1817 2858 1979 2914 posse
2003 2844 2083 2897 di-

501 2955 596 2993 cas
641 2940 898 3009 exiguum
933 2940 1066 2994 illud
1098 2939 1245 3010 quod
1280 2938 1651 3009 adjiciendum
1683 2952 1858 3007 poenae
1889 2946 2080 3002 restat,

503 3031 877 3086 valetudinem
916 3033 1246 3094 obtendens,
1280 3040 1446 3100 atque
1483 3031 1588 3085 hoc
1632 3040 1687 3083 et
1734 3029 1866 3084 illud
1905 3031 2083 3099 potius

2178 1845 2253 1898 Οὐ
2283 1845 2394 1915 γάρ
2423 1860 2476 1896 τι
2518 1844 2715 1913 μικρόν
2741 1860 2801 1895 τε
2843 1843 2937 1894 καὶ⁸
2959 1837 3440 1906 εὐκαταφρόνητον
3481 1833 3508 1886 ὃ
3551 1837 3757 1884 πεπόν-

2180 1934 2372 2007 θαμεν,
2414 1927 2460 1988 ὧ
2489 1935 2622 1999 τᾶν,
2651 1933 2742 1986 ἐπὶ
2775 1934 2841 2003 τῇ
2874 1932 3103 2003 ἀρνήσει
3139 1929 3238 1998 τῆς
3270 1925 3508 1996 Χριστοῦ
3541 1925 3758 1982 εἰκόνος

2179 2027 2640 2096 κεκοινωνηκότες
2661 2041 2677 2059 ο
2710 2024 2846 2078 ἀλλὰ
2886 2025 2982 2077 καὶ
3012 2022 3132 2075 λίαν
3181 2020 3410 2072 ἔκτοπον
3457 2019 3550 2070 καὶ
3585 2017 3759 2086 ἀρνη-

2179 2119 2329 2173 τικδν
2385 2119 2657 2190 ἀριδήλως
2695 2117 2793 2186 τῆς
2835 2115 3105 2178 πίστεως·
3154 2113 3291 2167 διότι
3332 2114 3366 2182 ἠ
3408 2110 3506 2178 τῆς
3544 2108 3758 2171 εἰκόνος

2180 2210 2407 2284 ἄρνησις
2432 2212 2523 2264 ἐπί
2555 2210 2614 2263 τὸ
2637 2207 2992 2278 πρωτότυπον
3022 2204 3306 2259 ἀνοιδαίνει
3332 2220 3346 2233 ο
3372 2201 3657 2272 καὶταύτῃ
3690 2203 3760 2271 τῇ

2179 2304 2407 2374 ἀρνήσει
2457 2300 2720 2373 Χριστοῦ.
2768 2300 2969 2361 πάντες
3026 2297 3075 2350 οἰ
3125 2294 3373 2349 ὁπωσοῦν
3421 2309 3763 2361 κεκοινωνη-

2179 2393 2358 2456 κότες.
2383 2392 2864 2461 κεκοινωνήκασιν.
2906 2388 3061 2441 Ἐπεὶ
3090 2388 3145 2441 δέ
3171 2386 3334 2440 πάλιν
3364 2383 3762 2454 ἐξηγόρευσας,

2181 2486 2274 2540 καὶ
2305 2483 2594 2555 ἐπιτρέψαι
2623 2483 2732 2535 δέει
2762 2481 2854 2534 τοῦ
2887 2480 3180 2542 διώκοντος
3211 2477 3470 2546 ἀφανίσαι
3498 2476 3722 2540 εἰκόνας
3746 2492 3760 2506 ·

2180 2574 2564 2647 χαλεπώτερον
2616 2573 2679 2626 τὸ
2724 2573 3019 2642 ἀνόμημα·
3085 2573 3168 2623 ὃτι
3205 2571 3260 2622 δέ
3305 2570 3397 2622 καὶ
3438 2566 3766 2636 ὑπογράψαι

2182 2670 2340 2739 ἔφης,
2382 2667 2657 2736 ὀλόσωμος
2707 2667 2742 2736 ή
2786 2665 3031 2738 ἁμαρτία
3075 2664 3232 2732 καὶὴ
3282 2661 3531 2732 ἄρνησις.
3573 2659 3640 2712 Τί
3667 2656 3766 2713 οὖν

2180 2764 2264 2817 δεῖ
2294 2764 2488 2826 ποιεῖν,
2537 2762 2619 2815 ὅτι
2670 2761 2765 2813 καὶ
2810 2759 3126 2830 ἐπιζητοίης
3152 2758 3210 2810 τὸ
3241 2757 3337 2826 τῆς
3371 2755 3580 2822 ὑγιείας
3622 2755 3768 2824 φάρο

2186 2873 2384 2927 μακον,
2410 2855 2503 2908 καὶ
2524 2854 2585 2907 ού
2616 2853 2803 2923 φέρειν
2831 2852 2994 2905 πάλιν
3020 2853 3125 2921 φὴς
3151 2849 3249 2920 τὴν
3280 2848 3401 2900 κατ’
3436 2846 3616 2914 ὀλίγον
3644 2845 3770 2896 ἐπίο

2186 2948 2336 3001 θεσιν
2358 2964 2372 2979 ο
2408 2946 2690 3000 ἀσθένειαν
2733 2943 3190 3016 προόαλλόμενος,
3221 2941 3315 2994 καί⁵
3352 2938 3511 2991 τοῦτο
3542 2940 3772 2991 κάκεῖνο

2192 3040 2393 3112 μᾶλλον
2437 3037 2774 3103 εἰσδέξασθαι
2810 3035 3275 3104 προαιρούμενος;
3306 3031 3474 3084 Στενά
3502 3048 3590 3100 μοι
3633 3031 3774 3082 ἐκα-

511 3125 702 3177 subire
746 3124 1096 3192 prmoptans?
1146 3123 1418 3191 Utrinque
1451 3122 1506 3175 in
1552 3136 1780 3190 magnas
1807 3123 2082 3189 angustias

2191 3133 2445 3204 τέρωθεν,
2477 3132 2571 3185 καὶ
2629 3130 2788 3183 ἐῶντι
2839 3128 2929 3181 διὰ
2974 3127 3036 3181 τὺ
3084 3125 3450 3194 φιλάδελφον·
3493 3124 3588 3178 καὶ
3633 3141 3776 3193 σμι-

514 3218 800 3284 adducor;
830 3218 957 3271 hinc
989 3233 1177 3272 amore
1215 3216 1420 3282 fratris,
1458 3232 1526 3271 ne
1556 3231 1606 3271 te
1639 3217 1888 3272 deseram
1918 3234 1932 3270 :
1969 3217 2082 3270 inde

2191 3224 2441 3295 κρύνοντι
2470 3223 2529 3275 τὸ
2553 3222 2844 3290 φάρμακον
2869 3219 2958 3272 διὰ
2986 3218 3049 3270 τὸ
3077 3217 3175 3286 τῆς
3208 3216 3480 3287 ἁμαρτίας
3512 3215 3770 3286 μέγεθος.

507 3312 775 3380 gravitate
810 3312 1056 3374 sceleris,
1089 3326 1159 3365 ne
1187 3311 1648 3365 medicamentum
1680 3310 1950 3364 minuam.
1991 3310 2092 3363 At-

2193 3317 2383 3386 Ὅμως
2424 3311 2863 3383 συμπιεζόμενος
2900 3309 3100 3380 μᾶλλον
3125 3311 3191 3379 τῇ
3240 3309 3428 3380 ἀγάπῃ
3466 3307 3635 3377 ὁρίζω
3669 3305 3775 3357 σὺν

509 3416 695 3458 tamen
751 3404 1132 3457 vehementius
1171 3404 1439 3458 charitate
1498 3403 1766 3472 impulsus
1801 3403 1915 3457 haec
1967 3416 2082 3456 cum

2195 3406 2346 3476 φόϐῳ
2399 3403 2494 3457 καὶ
2543 3405 2729 3475 τρόμῳ
2792 3401 2957 3456 τάδεο
3014 3399 3075 3453 ἓν
3141 3398 3262 3462 ἔτος
3314 3399 3442 3452 ἀλλο
3484 3397 3776 3466 ἀπόσχου,

514 3499 711 3550 timore
740 3512 804 3550 ac
833 3506 1069 3551 tremore
1098 3496 1323 3550 definio.
1370 3493 1487 3550 Uno
1512 3496 1691 3549 adhuc
1712 3509 1876 3556 anno,
1900 3491 2082 3558 frater,

2195 3498 2414 3568 ἀδελφέ,
2461 3495 2568 3549 τῶν
2612 3494 2993 3564 ἀγιασμάτων,
3047 3491 3133 3561 ἐφ’
3181 3492 3458 3563 ἑκατέροις
3488 3490 3601 3550 τοῖς
3632 3503 3780 3557 συμ-

511 3588 689 3643 sacris
745 3586 1020 3656 mysteriis
1077 3585 1313 3651 abstine,
1368 3585 1439 3639 ob
1487 3585 1764 3656 geminum
1813 3583 2082 3648 delictum,

2198 3592 2476 3661 πτώμασι,
2506 3589 2604 3657 τῆς
2642 3587 2750 3639 τῶν
2783 3586 2954 3654 ἁγίων
2980 3583 3207 3636 εἰκόνων
3235 3582 3567 3646 κατενέξεως
3600 3578 3778 3645 λέγω,

514 3687 830 3732 sanctarum
853 3677 1154 3744 imaginum
1212 3677 1553 3732 eversionem
1582 3677 1728 3742 dico,
1764 3685 1818 3730 et
1854 3674 2082 3731 subscri-

2197 3687 2293 3739 καὶ
2336 3683 2568 3745 ἀσεϐοῦς
2623 3677 2978 3749 ὑπογραφῆς·
3035 3675 3330 3746 ὑπογραφὴ
3373 3674 3482 3743 γὰρ
3533 3673 3636 3726 κᾶν
3690 3674 3779 3726 ὅτι

517 3773 758 3840 ptionem
791 3768 1407 3840 impiam.Subscriptio
1424 3769 1572 3824 enim
1607 3777 1715 3832 est,
1753 3768 1835 3822 vel
1869 3769 1914 3823 si
1937 3767 2082 3821 modt

2201 3777 2360 3846 μόνον
2390 3776 2562 3837 ἑάλως
2607 3773 2838 3842 σταυρὸν
2867 3769 3103 3842 χαράξαι
3121 3785 3136 3799 ·
3167 3767 3338 3822 ποιῶν
3359 3767 3571 3827 καὶτὰς
3601 3781 3782 3835 προσ-

502 3863 795 3917 adduclus
847 3877 907 3917 es
943 3874 1002 3915 ut
1055 3863 1241 3916 crucis
1278 3864 1495 3932 signum
1555 3862 1828 3931 pingeres.
1864 3859 2082 3915 Easden

2200 3868 2365 3938 ευχάς
2402 3867 2501 3930 τὰς
2550 3866 2719 3928 αὐτὰς
2775 3866 2871 3918 καὶ
2896 3862 3269 3931 γονυκλισίας,
3302 3859 3430 3913 ἀνευ
3462 3855 3778 3920 ἀσθενείας.

523 3956 744 4009 interim
776 3969 970 4021 preces
991 3970 1220 4025 perages
1244 3970 1306 4008 ac
1331 3953 1760 4025 genuﬂexiones,
1796 3953 1932 4008 citra
1954 3968 2082 4007 mor-

2212 3959 2431 4029 Ἐπειδὴ
2466 3958 2523 4012 δέ
2557 3957 2735 4027 ὀλίγον
2768 3956 2887 4010 λίαν
2924 3956 2984 4008 τὸ
3013 3955 3321 4024 ἐπιτίμιον,
3351 3950 3588 4004 ἐπιδόσει
3620 3949 3783 4018 ἐλεηο

523 4049 677 4103 bum.
706 4046 980 4112 Quoniam
1030 4057 1212 4100 autem
1266 4046 1462 4116 exigua
1496 4048 1658 4116 plane
1688 4061 1848 4114 poena
1891 4046 2082 4115 reliqu:

2204 4050 2442 4123 μοσύνης
2501 4050 2727 4121 ἰκανῆς,
2770 4047 3174 4119 ἀντισηκοῦσαν
3233 4044 3610 4108 συνεισένεγκε
3674 4039 3782 4108 τὴν

520 4151 624 4203 est,
648 4154 888 4207 congrua
922 4139 975 4191 in
1010 4154 1280 4207 pauperes
1304 4138 1555 4207 pecunia:
1576 4138 1893 4208 erogatione
1921 4153 2082 4208 aequa

2202 4144 2649 4217 ἀντιστάθμησιν.
2697 4143 2930 4213 Ὀπόσης
2956 4138 3013 4193 δέ
3041 4139 3269 4208 ταύτης,
3295 4135 3618 4210 δηλώσει....

522 4234 625 4287 lem
657 4239 892 4300 repende
923 4233 1453 4302 compensationem.
1478 4231 1748 4298 Quantam
1774 4243 1952 4290 autem
1980 4249 2104 4291 esse

522 4323 671 4376 illam
702 4332 971 4393 oporteat,
1006 4324 1427 4378 declarabit.....

895 4433 1077 4489 XCVI.
1110 4463 1178 4474 —
1212 4433 1417 4488 Nicetw
1438 4436 1678 4487 curatori
1712 4434 1799 4504 (‘).

2572 4438 2703 4505 ις’.
2738 4463 2808 4476 --
2835 4431 3062 4498 Νικήτᾳ
3099 4425 3441 4496 κουράτωρι.

788 4557 1212 4610 convenienter:
1247 4566 1411 4625 atque
1443 4557 1580 4609 adeo
1615 4557 1903 4611 dicemlum
1938 4561 2044 4614 erit

2397 4559 2722 4630 ἀραρότωςο
2792 4555 2888 4608 καὶ
2935 4553 3108 4614 οὕτως
3148 4551 3363 4617 ἀνάγκη
3411 4545 3628 4614 λέγειν’
3682 4544 3788 4598 οὐκ

527 4650 644 4705 Non
669 4661 752 4704 est
787 4649 1168 4703 manifestatus
1193 4647 1335 4702 Deus
1363 4649 1416 4701 in
1447 4664 1613 4703 carne
1643 4667 1656 4703 :
1688 4665 1799 4718 quo
1821 4649 1952 4720 quid
1981 4668 2082 4707 ess:

2201 4650 2523 4722 ἐφανερώθη
2566 4649 2698 4711 Θεὸς
2723 4648 2782 4698 ἐν
2811 4645 2975 4716 σαρκί
3005 4660 3018 4673 °
3055 4636 3115 4695 οὗ
3148 4640 3201 4692 τί
3235 4641 3300 4693 ἂν
3333 4639 3544 4707 γένοιτο
3575 4637 3787 4689 ἰουδαῖ-

528 4756 684 4813 potes
727 4743 1014 4795 Iudaicum
1044 4741 1264 4807 magis?
1296 4740 1421 4795 Haec
1448 4758 1544 4810 pro
1573 4743 1818 4811 epistola:
1841 4745 2082 4798 brevitati

2203 4745 2475 4815 κώτερονς
2519 4741 2692 4794 ταῦτα
2736 4741 2812 4801 ὼς
2851 4740 2908 4790 ἐν
2956 4732 3250 4800 ἐπιστολῆς
3281 4732 3466 4802 μέτρῳ
3505 4729 3786 4782 λέλεκται.

531 4837 676 4889 dicta
709 4838 840 4888 sint.
872 4833 1028 4898 Quod
1070 4834 1115 4887 si
1155 4831 1298 4888 Deus
1327 4835 1535 4888 dederit
1575 4851 1674 4889 nos
1716 4834 1934 4889 tandem
1969 4837 2079 4890 invi

2219 4836 2346 4888 Ἐὰν
2380 4834 2437 4886 δὲ
2461 4833 2535 4901 δῷ
2564 4830 2696 4892 Θεὸς
2718 4828 2817 4897 ὀψέ
2842 4842 2969 4879 ποτε
2999 4824 3126 4876 ἰδεῖν
3156 4823 3305 4892 ἡμᾶς
3331 4819 3626 4890 ἀλλήλους,
3661 4820 3788 4871 τότε

529 4943 645 4978 cem
677 4943 858 4978 coram
891 4925 1112 4987 intueri,
1147 4935 1276 4978 tunc
1307 4927 1400 4979 tibi
1434 4937 1510 4979 ιοι
1543 4927 1892 4996 proferentur
1915 4928 2082 4997 placit:

2205 4925 2443 4980 τοσαῦτά
2476 4940 2559 4976 σοι
2586 4921 2952 4990 λαληθήσεται
2986 4915 3246 4984 ἀληθείας
3283 4912 3533 4983 δόγματα
3562 4913 3697 4979 περί
3729 4928 3788 4963 τε

533 5019 800 5081 veritatis,
845 5018 910 5070 de
941 5020 1150 5084 pictura
1196 5028 1250 5071 et
1276 5018 1596 5073 adoratione
1634 5031 1944 5074 sanctarum
1971 5021 2076 5072 ima

2210 5020 2427 5090 γραφῆς
2462 5017 2556 5070 καὶ
2596 5013 3018 5086 προσκυνήσεως
3047 5008 3157 5061 τῶν
3186 5006 3359 5075 ἀγίων
3401 5006 3646 5067 εἰκόνων,
3685 5005 3788 5057 ὅσα

531 5110 742 5176 ginum,
780 5118 914 5176 qum
945 5112 1027 5162 vix
1051 5124 1212 5163 aures
1253 5119 1379 5172 tute,
1430 5110 1515 5164 vir
1556 5112 1874 5177 reverende,
1908 5127 2082 5181 capere

2210 5113 2330 5166 οὐδὲ
2364 5112 2423 5164 τὺ
2448 5109 2629 5180 τίμιόν
2658 5123 2752 5159 σου
2782 5101 2874 5168 οῦς
2903 5101 3157 5172 δυνηθείη
3189 5101 3442 5154 ἀκοῦσαι.

535 5215 766 5270 possmt.

787 5333 994 5389 XCVII.
1019 5365 1087 5374 --
1112 5333 1319 5387 Basilio
1358 5335 1471 5404 ﬁlio
1505 5334 1796 5403 spirituali.

2414 5321 2529 5391 hZ'.
2566 5351 2637 5362 -——
2673 5317 2969 5384 Βασιλείᾳ)
3006 5315 3115 5382 υίῷ
3166 5310 3561 5382 πνευματικῷ.

1637 5470 1891 5532 Praecipue
1913 5469 1971 5517 ad
1992 5467 2192 5516 fratrum
2215 5477 2383 5514 curam
2404 5464 2644 5514 hortatur.

605 5575 939 5645 Optabanius
967 5596 1087 5631 cum
1117 5580 1318 5632 domno
1343 5579 1606 5646 Gregorio
1636 5591 1688 5632 et
1718 5588 1770 5632 te
1804 5579 1909 5633 illic
1929 5579 2082 5631 intue

2298 5572 2720 5644 Ἐπεθυμοῦμεν
2763 5571 2862 5626 σὺν
2895 5568 2972 5641 τῷ
3022 5567 3175 5637 κυρῷ
3231 5566 3270 5618 Γ
3275 5563 3551 5635 ρηγορίῳ,
3597 5563 3695 5619 καί
3727 5580 3786 5616 σε

2029 5688 2260 5745 ΝΟΤᾹΣ.

615 5809 681 5872 (⁸)
709 5808 1085 5878 Doginaticam
1120 5809 1260 5863 hanc
1299 5812 1469 5864 fuisse
1491 5820 1727 5878 apparet.
