3934 6502
174 450 311 515 1349

1370 452 1727 513 EPISTOLA
1737 453 1904 514 RUM
1942 454 2092 516 LIB.
2139 458 2219 518 II.

3310 452 3446 518 1350

172 565 411 621 ἐνταῦθα
455 566 766 639 θεωρῆσαι,
803 579 994 620 τεκνον
1031 564 1431 636 ἠγαπημένον
1475 565 1591 619 ἀλλ’
1636 565 1761 619 ἐπεὶ

1874 567 1938 632 ri,
1971 569 2042 620 lili
2075 566 2276 625 dilecte
2306 588 2322 624 :
2366 569 2459 625 sed
2492 569 2715 638 quando
2763 567 2818 623 id
2851 567 3080 622 minime
3110 566 3313 623 factum
3341 582 3446 633 est,

171 660 334 714 τοῦτο
387 661 450 714 οὐ
490 661 712 730 γέγονε,
772 660 1073 730 γράμμασι
1119 656 1602 730 παραμυθούμεθα
1661 658 1761 729 τὴν

175 753 468 824 ἀπόλειψιν
493 768 506 782 ·
559 752 922 825 γνωρίζοντές
957 770 1040 806 σοι
1070 753 1152 806 ὅτι
1197 750 1399 824 ἔχομέν
1426 767 1488 804 σε
1539 750 1627 804 ἀεὶ
1669 749 1762 803 ἐπὶ

173 844 408 912 καρδίας
440 844 600 914 ήμῶν
646 843 950 912 ταπεινῆςσ
1012 842 1297 913 φιλοῦντες
1338 842 1439 915 τὴν
1485 840 1762 913 σωτηρίαν

177 954 270 988 σου
304 953 364 988 τε
398 935 625 988 καὶτῶν
656 933 797 1007 μετά
825 935 917 988 σοῦ
951 934 1217 1003 ἀδελφῶν,
1257 935 1354 988 καὶ
1376 934 1610 987 τέκνων.
1653 933 1763 987 Καὶ

175 1029 283 1098 γὰρ
316 1031 490 1099 πατρὶ
532 1028 710 1092 κλέος,
752 1029 869 1082 υἱοῦ
909 1027 1156 1092 εὐδοξία·
1197 1027 1292 1080 καὶ
1341 1025 1569 1097 αὔχημα
1596 1025 1761 1096 ἱερὸν,

175 1123 234 1170 τὸ
277 1122 432 1174 ὑῐκξν
475 1122 885 1191 σεμνολόγημα.
933 1121 1248 1190 Παρακαλῶ
1268 1116 1361 1174 οὖν
1397 1137 1455 1172 σε
1485 1121 1544 1172 ἐν
1571 1118 1764 1190 Κυρίῳ

177 1213 403 1283 ἔχεσθαι
447 1215 510 1267 ού
555 1202 716 1281 μόνον
750 1214 849 1283 τῆς
874 1214 1081 1277 οἰκείας
1115 1212 1467 1275 εὐσταθείας,
1504 1211 1641 1266 ἀλλά
1669 1211 1764 1265 καὶ

175 1306 276 1372 τῆς
312 1305 427 1357 τῶν
471 1305 720 1373 ἀδελφῶν
765 1305 1087 1374 ἐπιμελείας
1139 1305 1478 1375 ποθούμενον
1524 1302 1620 1356 καὶ
1665 1317 1763 1353 πο-

179 1395 418 1450 θοῦντα·
469 1397 837 1467 στεργόμενον
893 1400 988 1452 καὶ
1046 1401 1366 1470 στέργοντα.
1431 1399 1609 1452 Ὅπου
1655 1381 1765 1467 γάρ

177 1491 366 1558 ἀγάπη
418 1491 802 1561 πνευματικὴ,
849 1493 968 1545 ἐκεῖ
997 1493 1056 1544 ὲν
1101 1492 1252 1562 μέσῳ
1296 1492 1568 1564 Χριστὸς,
1621 1492 1765 1547 καθά

180 1584 572 1653 ἐπηγγείλατο.
621 1584 707 1648 Ὠς
735 1584 899 1648 καλὸς
933 1584 1282 1655 καθηγητὴς,
1315 1586 1415 1653 ἄγε
1441 1585 1570 1649 τοὺς
1596 1585 1766 1655 ἄρνας

179 1677 421 1747 Χριστοῦ
443 1697 456 1710 ·
482 1679 789 1750 συμπαθῶς
813 1679 1193 1749 πεφεισμένως
1213 1681 1560 1750 ὀνειρόμενος
1583 1681 1765 1734 αὑτῶν

181 1771 253 1832 ὡς
283 1772 510 1825 οἰκείων
563 1771 741 1842 μελῶν
767 1788 781 1803 ·
814 1769 960 1835 οἶδας
988 1772 1072 1835 τίς
1102 1769 1186 1837 εἴ,
1232 1774 1314 1826 ὅτι
1360 1774 1764 1845 ἀπροσπαθής·

179 1866 258 1918 ὅτι
287 1865 836 1935 συμπεριφερόμενος
855 1881 868 1894 ·
896 1866 1010 1919 ἀλλ’
1031 1862 1123 1919 οὖν
1149 1867 1231 1919 ὅτι
1255 1867 1349 1919 καὶ
1377 1867 1765 1936 ἀκριϐολογού-

1867 657 2062 713 litteris
2084 657 2418 715 desiderium
2446 661 2761 729 mitigamus
2791 677 2806 712 :
2842 668 2900 714 ut
2930 662 3204 731 intelligas
3232 677 3261 716 a
3292 665 3449 717 nobis

1869 750 2168 808 humilibus
2217 755 2418 823 gestari
2457 763 2507 808 te
2546 769 2763 824 semper
2787 753 2844 809 iu
2893 753 3059 818 sinu;
3104 767 3258 810 tuam
3300 758 3446 811 enim

1869 842 2100 898 salutem
2139 855 2417 914 Optamus,
2471 857 2524 900 et
2573 863 2762 900 eorum
2813 847 2906 915 qui
2955 857 3134 903 tecum
3179 859 3311 903 sunt
3340 848 3450 904 fra-

1869 942 2013 988 trum
2055 950 2120 990 ac
2179 938 2437 992 liliorum.
2490 937 2784 992 Enimvero
2828 939 2925 993 ﬁlii
2968 939 3162 1009 gloria,
3199 941 3320 995 laus
3357 957 3450 1011 pa-

1870 1026 1971 1080 tris
2027 1037 2115 1082 est
2160 1045 2174 1081 :
2217 1036 2272 1081 et
2326 1029 2412 1098 pie
2455 1029 2766 1083 exsultandi
2817 1045 3000 1094 causa,
3051 1031 3158 1083 vita
3211 1033 3446 1085 filiorum

1871 1117 2054 1186 gravis
2089 1126 2142 1172 et
2173 1120 2501 1188 composita.
2537 1118 2780 1174 Obsecro
2823 1129 2874 1173 te
2902 1122 3080 1189 itaque
3105 1122 3158 1174 in
3191 1121 3444 1187 Domino,

1871 1216 2068 1263 utnon
2126 1212 2356 1279 propria:
2400 1213 2561 1265 modo
2608 1213 2892 1266 slabilitati
2941 1215 3219 1278 consulas,
3267 1217 3358 1270 sed
3393 1228 3448 1270 et

1871 1301 2099 1355 fratrum
2155 1319 2342 1356 curam
2369 1319 2527 1373 geras
2564 1319 2578 1356 :
2612 1313 2670 1356 ut
2698 1314 2753 1357 et
2784 1306 2852 1358 ah
2879 1305 2946 1360 iis
2981 1306 3224 1375 diligaris
3269 1317 3324 1360 et
3355 1324 3449 1362 eos

1872 1394 2113 1471 vicissim
2148 1396 2369 1465 diligas,
2403 1407 2463 1450 ut
2497 1398 2700 1451 ameris
2724 1407 2779 1451 et
2806 1413 2976 1451 antes.
3010 1399 3114 1454 Ubi
3139 1400 3286 1454 enim
3316 1401 3438 1454 cha-

1872 1484 2005 1539 ritas
2027 1486 2311 1555 spiritalis,
2349 1488 2418 1541 ibi
2455 1488 2707 1542 Christus
2747 1488 2801 1541 in
2831 1489 3038 1553 medio,
3063 1490 3208 1544 sict
3237 1491 3450 1559 pollici-

1876 1587 1963 1632 tus
1995 1588 2078 1632 est
2124 1579 2192 1634 ⁹⁹.
2227 1577 2512 1649 Tanquam
2546 1581 2798 1649 egregius
2845 1581 3060 1644 ductor,
3085 1581 3286 1635 Christi
3319 1599 3450 1637 oves

1873 1672 2022 1739 agito
2059 1687 2073 1724 :
2114 1671 2598 1725 commiseratione
2629 1671 2866 1740 quadam
2897 1681 3062 1741 atque
3107 1673 3449 1740 indulgentia

1878 1762 2031 1831 ipsas
2077 1777 2174 1816 ceu
2209 1763 2428 1831 propria
2465 1762 2709 1816 membra
2753 1762 3005 1832 diligens.
3043 1761 3194 1819 Nosti
3224 1766 3314 1835 qui
3350 1767 3448 1828 sis.

1872 1869 2071 1924 expers
2121 1855 2329 1909 scilicet
2361 1872 2540 1924 prava:
2591 1857 2916 1921 affectionis,
2956 1857 3156 1927 insigni
3190 1857 3451 1915 facilitate

185 1973 343 2024 μενος
363 1997 378 2020 ,
419 1959 546 2025 περὶ
579 1958 680 2021 τάς
719 1957 940 2021 ἐντολὰς
982 1958 1076 2011 τοῦ
1103 1957 1262 2013 Θεοῦ.
1298 1956 1423 2012 Εἶεν
1452 1961 1708 2014 ἀπάντων
1734 1962 1768 2031 ἠ

1874 1956 1925 2002 et
1955 1948 2235 2010 comitate,
2266 1957 2454 2002 exacta
2500 1965 2714 2001 morum
2744 1949 3053 2015 disciplina,
3095 1959 3150 2003 et
3191 1952 3450 2005 observa-

179 2048 325 2118 ψυχὴ
359 2049 459 2117 μία
492 2050 582 2102 διὰ
605 2048 700 2101 τοῦ
727 2052 906 2105 πάντα
931 2046 1070 2103 εἶναι
1101 2052 1276 2104 κοινά.
1309 2047 1434 2105 Εἶεν
1470 2052 1769 2122 ἐξαγόρευ-

183 2158 267 2204 οις
292 2141 527 2211 ἐπείπερ
561 2144 670 2194 πᾶν
703 2143 764 2194 τὸ
793 2142 1201 2212 φανερούμενον
1235 2143 1351 2212 φῶς
1382 2145 1551 2206 ἐστιν,
1579 2144 1653 2202 ὡς
1675 2145 1770 2198 καὶ

181 2235 240 2286 τὸ
273 2234 553 2304 ἔμπαλιν·
613 2231 723 2288 εἷεν
762 2235 1000 2307 ὑπακοὴ,
1055 2236 1145 2306 ὑφ’
1270 2237 1297 2288 ὁ
1333 2237 1537 2309 λῃστὴς
1566 2237 1770 2291 εἴσοδον

183 2327 466 2396 ἐξαπάτης
506 2328 604 2397 οὐχ
645 2329 892 2393 εὑρίσκει
913 2344 928 2359 '
961 2326 1071 2382 εἷεν
1096 2331 1461 2395 ταπείνωσις,
1493 2334 1559 2401 ἢν
1586 2331 1768 2401 ἀμπε-

185 2418 416 2487 χόμενος
459 2419 487 2469 ὁ
527 2417 660 2481 Θεὸς
712 2418 1001 2490 ἄνθρωπος
1049 2422 1280 2489 γέγονε,
1315 2421 1470 2485 θεοὺς
1518 2421 1769 2474 ἐντεῦθεν

183 2509 308 2571 τοὺς
345 2507 672 2578 ἀνθρώπους
705 2511 1075 2585 δημιουργῶν.
1123 2514 1180 2565 Ὦ
1213 2513 1344 2566 καλὲ
1375 2513 1645 2578 Basilus,
1669 2513 1769 2583 τὴν

186 2601 662 2674 παρακαταθήκην
690 2603 926 2673 φύλαξον
949 2623 964 2638 ο
995 2609 1398 2676 ἐκτρεπόμενος
1419 2605 1489 2659 τὰ
1514 2608 1728 2677 πονηρά
1750 2623 1765 2638 ·

185 2697 627 2766 ἐγκολπούμενος
671 2701 739 2752 τὰ
769 2698 928 2754 θεῐκὰ
953 2717 966 2730 ·
1005 2700 1174 2761 τύπος
1224 2699 1593 2771 ἀγαθοεργίας
1617 2700 1766 2772 πάσῃ

184 2793 555 2862 προκείμενος
582 2793 648 2861 τῇ
671 2791 1027 2861 ἀδελφότητι’
1057 2792 1150 2845 καὶ
1173 2790 1346 2855 οὕτως
1371 2793 1399 2845 ὃ
1431 2809 1489 2845 σε
1516 2791 1727 2845 ἀθετῶν
1747 2835 1763 2859 ,

184 2883 370 2936 ἀθετεῖ
390 2883 526 2938 Θεόν
550 2899 564 2912 ο
599 2884 694 2937 καὶ
723 2885 751 2936 ὁ
780 2883 1020 2937 ὑπείκων
1051 2900 1154 2947 σοι,
1189 2884 1405 2937 ὑπείκει
1435 2883 1576 2954 Θεῷ.
1615 2886 1769 2956 Μνη-

188 2975 382 3046 μόνευέ
419 2993 522 3045 μου
551 2975 650 3046 τῆς
677 2975 1063 3038 ταπεινώσεως
1098 2977 1195 3029 σὺν
1226 2979 1339 3040 τοῖς
1367 2977 1638 3047 ἀδελφοῖς.

184 3131 304 3197 ιιῐΡ.
349 3162 418 3172 --
477 3133 604 3196 Τοῖς
647 3132 1054 3201 ἠγαπημένοις
1104 3132 1389 3202 ἀδελφοῖς
1438 3136 1765 3203 Γρηγορίῳ.

263 3220 584 3291 Ἰεζεχιὴλ,
660 3225 956 3291 Ἐράστῳ,
1018 3225 1336 3292 Θεοφάνει,
1400 3227 1628 3293 Ἀνίνςι,
1668 3226 1764 3280 καὶ

252 3315 379 3381 τοῖς
419 3315 648 3378 λοιποῖς
687 3317 758 3368 ἐν
797 3315 1062 3368 Ἑλλάδι.
1743 3323 1746 3327 ’

1870 2039 2020 2093 tione
2056 2038 2439 2093 mandatorum
2469 2039 2588 2092 Dei.
2616 2038 2872 2093 Omnium
2907 2042 2977 2094 sit
3012 2040 3195 2094 anima
3230 2059 3358 2104 una,
3395 2052 3448 2095 ut

1869 2135 1979 2188 sint
2029 2135 2344 2188 communia
2397 2133 2630 2186 omnia:
2684 2133 2756 2186 sit
2825 2133 2990 2187 animi
3055 2133 3449 2200 manifestatio,

1869 2225 2316 2294 quandoquidem
2362 2241 2523 2279 omne
2575 2224 2718 2293 quod
2749 2225 2799 2278 in
2841 2233 3028 2294 aperto
3066 2235 3170 2288 est,
3205 2227 3294 2280 lux
3327 2237 3446 2281 est:

1868 2327 1922 2371 et
1960 2317 2080 2371 vice
2107 2332 2287 2370 versa.
2325 2313 2410 2370 Sit
2459 2315 2770 2369 obedientia
2811 2330 2824 2367 :
2856 2331 2979 2384 qua:
3027 2315 3068 2370 si
3101 2326 3203 2382 est,
3238 2320 3446 2372 nullum

1869 2406 1957 2462 fur
1991 2407 2194 2461 invenit
2230 2406 2538 2476 decipiendi
2568 2406 2747 2460 locum
2786 2425 2798 2460 :
2835 2407 2904 2461 sit
2944 2407 3250 2472 humilitas,
3286 2425 3446 2477 quant

1869 2499 2013 2554 Deus
2032 2500 2321 2569 amplexus
2347 2502 2512 2553 homo
2544 2498 2723 2554 factus
2753 2508 2855 2560 est,
2890 2509 2948 2554 ut
2983 2500 3232 2555 homines
3265 2503 3345 2554 vel
3371 2502 3452 2555 sic

1868 2594 1998 2647 deos
2039 2591 2293 2648 ediceret.
2346 2591 2390 2646 Ο
2423 2593 2638 2662 egregie
2682 2591 2868 2656 Basili,
2924 2609 3080 2648 serva
3113 2593 3446 2664 depositum,

1868 2699 2032 2753 prava
2057 2700 2346 2754 respuens,
2374 2684 2557 2737 divina
2580 2684 2952 2753 complectens
2980 2693 3276 2754 :tanquam
3304 2696 3452 2739 recte

1869 2778 2059 2847 agendi
2104 2777 2278 2832 forma
2312 2777 2409 2830 toti
2445 2775 2773 2830 fraternitati
2807 2777 3144 2846 propositus.
3185 2777 3275 2831 Sic
3306 2778 3449 2832 enim

1868 2870 1961 2940 qui
1993 2880 2042 2922 te
2076 2871 2364 2939 spreverit,
2393 2869 2564 2924 Deum
2614 2871 2859 2938 spernit:
2899 2881 2951 2925 et
2980 2871 3074 2938 qui
3109 2871 3202 2925 tibi
3255 2888 3453 2942 parue-

1867 2960 1962 3017 rit.
1998 2959 2107 3014 Deo
2137 2971 2311 3029 paret.
2362 2960 2569 3014 Mentor
2603 2971 2721 3015 esto
2760 2977 2864 3014 una
2897 2978 3021 3016 cum
3055 2962 3320 3020 fratribus
3355 2966 3457 3020 hu-

1876 3052 2126 3106 militatis
2160 3068 2312 3106 luem.

1867 3143 2100 3200 XCVIII.
2137 3175 2208 3186 —
2244 3146 2460 3199 Dilectis
2520 3146 2776 3215 fratribus
2803 3187 2815 3209 ,
2841 3145 3142 3216 Gregorio“
3163 3148 3453 3218 Ezechieli,

1943 3237 2155 3304 Erasto,
2190 3236 2726 3306 Theaphani,Anin¢e,
2745 3248 2792 3292 et
2824 3239 3037 3308 reliquis
3072 3242 3124 3294 in
3156 3240 3382 3299 ercia.

1061 3406 1342 3456 Μουσειίοω
1369 3406 1482 3456 νὶιιε
1510 3414 1757 3472 praecepta
1779 3409 1880 3470 dat,
1903 3407 2156 3471 praecipue
2180 3409 2242 3457 de
2267 3416 2576 3472 paupertate.

253 3514 476 3582 Καιρὸς
524 3515 630 3567 τοῦ
676 3515 919 3578 λαλεῖν,
982 3516 1081 3569 καί
1141 3518 1346 3584 καιρὸς
1398 3516 1503 3570 τοῦ
1559 3518 1760 3586 σιγᾷν.

194 3606 350 3658 Ἐπεὶ
396 3605 492 3657 οὖν
525 3605 617 3657 τοῦ
666 3605 921 3677 δευτέρου
951 3609 979 3659 ὁ
1007 3608 1162 3676 λόγος
1211 3610 1268 3659 ὲν
1297 3611 1415 3671 ταῖς
1462 3610 1764 3678 προλαϐούο

185 3717 302 3762 σαις
357 3699 631 3767 ἡμέραιςο
669 3700 807 3751 είπω
854 3699 908 3751 δὲ
959 3702 1052 3752 καὶ
1086 3703 1142 3752 ἐν
1191 3695 1280 3764 αἷς
1325 3702 1387 3754 τὸ
1430 3702 1623 3772 παρόν.
1667 3704 1767 3758 Διά

183 3792 342 3844 τοῦτο
408 3793 563 3859 μόλις
623 3794 718 3844 καὶ
766 3791 889 3860 ἄρτι
956 3791 1343 3860 ἐξεληλυθότες
1393 3794 1493 3863 τῆς
1555 3794 1764 3858 πόλεως

185 3883 402 3953 εὐδοκία
421 3881 582 3948 Θεοῦ,
605 3883 952 3952 φθεγγόμεθα
967 3883 1117 3949 ὑμῖν,
1137 3886 1375 3954 πατέρες
1399 3885 1493 3937 καὶ
1515 3884 1729 3954 ἀδελφοί
1748 3903 1762 3916 ο

188 3974 540 4045 φθεγγόμεθα
587 3975 644 4027 δὲ
693 3975 1077 4036 ἀποστολικαῖς
1128 3978 1352 4044 φωναῖς·
1400 3976 1643 4042 Χαίρετε
1698 3977 1768 4030 ἐν

186 4071 382 4138 Κυρίῳ
395 4067 674 4133 πάντοτε,
691 4069 786 4121 καί
807 4067 992 4122 πάλιν
1005 4067 1137 4136 ἐρῶ,
1153 4068 1388 4138 χαίρετε
1405 4083 1416 4096 ”
1431 4069 1488 4118 ού
1509 4071 1648 4120 κατὰ
1668 4071 1765 4141 τὴν

187 4172 364 4232 χαρὰν
409 4159 505 4212 τοῦ
551 4161 677 4230 τῇδε
715 4161 952 4230 κόσμου·
988 4161 1128 4230 πλὴν
1162 4163 1242 4214 ὅτι
1274 4161 1395 4213 οὐδὲ
1428 4159 1591 4230 χαρὰ.
1629 4161 1768 4214 ἀλλά

188 4258 324 4307 πάνυ
359 4253 562 4321 θλίψις.
598 4255 960 4317 ἀτακτοῦντος
1008 4252 1102 4306 τοῦ
1135 4255 1398 4324 ὑπηκόου.
1464 4252 1622 4304 Ἀλλά
1649 4253 1771 4323 χαί.

191 4365 306 4415 ρετε
340 4348 488 4398 κατά
522 4345 742 4415 Πνεῦμα
794 4343 1140 4416 ἁγιωσύνης,
1180 4347 1262 4399 ὃτι
1304 4343 1649 4414 ἐλυτρώθητε
1702 4347 1765 4397 ἐκ

186 4441 280 4506 τῖς
311 4436 565 4498 δουλείας
605 4437 698 4489 τοῦ
748 4437 967 4506 ἐχθροῦ,
996 4439 1060 4490 ἐκ
1091 4436 1189 4505 τῆς
1220 4435 1451 4506 ματαίας
1492 4437 1765 4505 ἀναστρο-

188 4532 330 4602 φῆς,
369 4533 481 4582 ἀπὸ
520 4531 720 4599 σαρκὸς
772 4530 864 4581 καὶ
920 4531 1181 4597 αἵματος,
1239 4527 1585 4594 δουλεύοντες
1650 4527 1769 4598 Θεῷ

189 4622 348 4684 ζῶντι
392 4620 491 4673 καὶ
529 4617 767 4689 ἀληθινῷ
788 4637 800 4648 ·
838 4619 894 4684 ἐξ
936 4612 998 4670 οὗ
1030 4621 1124 4670 καὶ
1156 4621 1183 4671 ὁ
1219 4617 1482 4688 πρότερος
1509 4616 1650 4669 κατά
1679 4619 1769 4669 τὸν

188 4715 425 4785 διωγμὸν
473 4713 851 4782 μακαρισμὸς,
897 4713 988 4764 καὶ
1034 4711 1063 4762 ὁ
1102 4710 1196 4763 νῦν
1238 4709 1524 4777 ξενισμός·
1558 4701 1660 4761 ὧδέ
1710 4726 1767 4761 τε

1943 3517 2171 3586 Tempus
2214 3521 2485 3588 loquendi,
2535 3531 2585 3573 et
2617 3531 2822 3587 tempus
2865 3523 3077 3575 tacendi
3112 3523 3151 3575 '.
3195 3521 3458 3588 Quando-

1868 3611 2097 3678 quidem
2145 3612 2312 3681 igitur
2346 3594 2619 3680 posterior
2649 3615 2937 3668 sentcntizr
2973 3629 3100 3681 pars
3147 3615 3327 3668 locum
3359 3616 3458 3669 ha-

1869 3698 1991 3752 buit
2027 3701 2412 3769 superioribus
2447 3701 2663 3764 diebus,
2714 3701 2894 3756 dicam
2925 3711 2980 3756 et
3018 3719 3165 3757 nunc
3197 3719 3318 3774 quae
3352 3704 3460 3760 fert

1867 3806 2110 3860 praesens
2140 3792 2400 3846 conditio.
2443 3793 2650 3848 Idcirco
2683 3809 2825 3864 aegre
2858 3811 3004 3849 nunc
3043 3795 3261 3849 tandem
3317 3797 3454 3851 urbe

1867 3882 2074 3950 egressi
2133 3881 2225 3936 Dei
2277 3882 2565 3946 beneficio,
2632 3900 2729 3940 vos
2807 3887 3161 3956 alloquimur,
3265 3883 3457 3940 Patres

1867 3969 2192 4043 fratresque.
2291 3973 2639 4041 Alloquirnur
2730 3984 2914 4031 autem
3025 3976 3211 4030 verbis
3297 3977 3456 4043 Apo-

1868 4063 1992 4118 stoli
2052 4063 2344 4118 :Gaudete
2412 4065 2464 4117 in
2537 4063 2761 4119 Domino
2861 4084 3084 4136 semper,
3151 4077 3202 4121 et
3253 4070 3451 4121 iterum

1868 4155 2064 4220 dicam,
2097 4155 2318 4226 gaudete
2341 4156 2361 4184 ³
2387 4172 2402 4221 ;
2429 4169 2534 4208 non
2571 4157 2870 4211 secundum
2903 4158 3066 4226 hujus
3097 4158 3283 4211 mundi
3319 4174 3460 4228 gau-

1869 4247 2018 4301 dium
2073 4263 2086 4299 :
2127 4263 2303 4316 neque
2360 4249 2509 4301 enim
2539 4249 2825 4318 gaudium,
2872 4249 2964 4303 sed
3005 4251 3189 4315 gravis
3220 4249 3446 4303 alllictio

1869 4348 1972 4402 est,
2005 4340 2095 4392 ubi
2128 4339 2383 4394 subditus
2410 4339 2686 4406 ﬂagitiose
2739 4341 2895 4397 vivit.
2935 4341 3039 4395 Sed
3077 4342 3310 4411 gaudete
3366 4358 3456 4396 sc-

1869 4431 2108 4485 cundum
2154 4430 2420 4500 Spiritum
2469 4432 2798 4495 sanctitatis,
2862 4434 3122 4502 quoniam
3153 4436 3223 4488 ab
3266 4434 3456 4489 hostili

1870 4523 2187 4591 captivitate
2219 4523 2483 4592 redempti
2523 4523 2682 4586 estis,
2715 4524 2784 4577 ab
2821 4524 2969 4577 inani
3003 4524 3453 4592 conversatione,

1871 4632 1900 4669 a
1932 4630 2099 4669 carne
2131 4624 2184 4668 et
2219 4615 2514 4685 sanguine,
2547 4616 2850 4669 servientes
2892 4613 3002 4668 Deo
3035 4615 3159 4669 vivo
3189 4631 3254 4670 ac
3284 4631 3454 4671 vero:

1871 4725 1935 4762 ex
1970 4723 2081 4776 quo
2132 4715 2245 4760 tum
2298 4709 2448 4776 prior
2498 4708 2588 4761 illa
2642 4724 2711 4763 ex
2758 4710 3143 4779 persecutione
3193 4709 3455 4774 felicitas,

188 4812 409 4861 κάκεῖσε
442 4806 860 4874 διεσπαρμένων
905 4804 1058 4874 ὑμῶν
1081 4842 1096 4866 ,
1127 4802 1230 4865 ἕως
1257 4794 1320 4854 οὗ
1357 4799 1531 4852 ἐπίδοι
1563 4800 1767 4870 Κύριος

1874 4809 1984 4853 tnm
2013 4798 2313 4867 istudquod
2348 4815 2492 4854 nunc
2521 4798 2772 4868 perfertis
2801 4800 3082 4864 exsilium,
3122 4801 3229 4853 huc
3293 4811 3458 4869 atque

191 4904 411 4973 εἰρήνην
444 4896 733 4968 βραϐεύων
763 4899 826 4968 τῇ
872 4894 1170 4967 Ἐκκλησία
1199 4892 1386 4957 αὑτοῦ,
1425 4894 1520 4944 καὶ
1558 4895 1770 4946 ἀποκα-

191 4993 385 5047 θιστῶν
413 4993 565 5063 ἡμᾶς
594 4992 686 5043 ἐπὶ
714 4990 774 5042 τὸ
803 4990 956 5043 αὑτό.

255 5181 328 5231 Τὸ
354 5178 413 5230 δὲ
438 5175 534 5228 νῦν
556 5176 676 5244 ἕχον
705 5173 894 5242 δέομαι
923 5172 1098 5242 ὑμῶν,
1133 5169 1369 5235 ἀδελφοὶ,
1404 5168 1584 5234 ἀξίως
1608 5182 1769 5238 περι.

191 5270 456 5338 πατῆσαι
500 5267 611 5334 τῆς
644 5265 921 5330 κλήσεως
956 5260 1033 5333 ἧς
1066 5261 1441 5328 ἐκλήθημενο
1475 5261 1620 5325 μετὰ
1655 5260 1769 5314 πά-

192 5378 301 5428 σης
331 5358 639 5428 ἀσφαλείας
672 5357 768 5409 καὶ
799 5354 1071 5426 προσοχῆς
1095 5371 1107 5385 ·
1148 5351 1287 5421 μετὰ
1323 5351 1500 5419 πάσης
1528 5368 1775 5404 ταπεινο-

194 5451 467 5520 φροσύνης
509 5451 602 5503 καὶ
623 5448 866 5517 ὑπακοῆς
888 5447 984 5517 τῆς
1008 5449 1088 5508 εἰς
1119 5444 1382 5516 ἀλλήλους
1405 5459 1417 5472 ·
1443 5442 1657 5512 ἔχοντος
1678 5442 1772 5495 τοῦ

197 5540 614 5612 προηγουμένου
644 5541 734 5593 τὸν
757 5540 920 5592 τόπον
954 5539 1050 5609 τῆς
1082 5537 1276 5607 ἀρχῆς,
1310 5536 1411 5589 οὑκ
1436 5537 1514 5598 είς
1540 5534 1772 5604 ἔπαρσιν

196 5635 533 5704 δαιμονικὴν,
583 5632 698 5685 ἀλλ’
738 5633 816 5695 είς
853 5631 1022 5686 τύπον
1062 5632 1264 5700 ἀρετῆς
1312 5629 1420 5681 τῶν
1466 5627 1771 5695 ἑπομένων,

199 5728 284 5778 καὶ
320 5727 430 5778 τῶν
461 5726 518 5777 δὲ
552 5724 887 5777 ὑπεικόντων
917 5722 1011 5776 καὶ
1038 5721 1397 5790 πειθομένων,
1422 5719 1496 5781 ὡς
1534 5720 1656 5788 ἐμοὶ
1697 5716 1774 5788 τῷ

201 5817 416 5887 ἀναξίῳ,
450 5817 653 5886 μᾶλλον
706 5815 762 5867 δὲ
816 5812 1054 5884 Χριστῷ,
1102 5813 1169 5866 δι’
1208 5813 1267 5865 ὃν
1313 5812 1408 5865 καὶ
1452 5813 1512 5863 τὸ
1544 5813 1652 5864 πᾶν
1680 5811 1774 5864 τοῦ

269 5939 308 5963 ’⁵
342 5931 536 5987 Matth.
563 5947 718 5994 xvm,
740 5931 829 5984 Ἥ).

912 5930 1295 5994 ‘Eccle.m,8.
1377 5932 1395 5959 ¹
1432 5930 1627 5999 Philip.
1667 5946 1739 5994 tv,
1779 5931 1825 5985 4.

1877 4891 2007 4946 illuc
2078 4891 2338 4960 dispersi,
2387 4893 2562 4947 donec
2605 4893 2867 4963 respiciat
2922 4892 3212 4954 Dominus,
3269 4909 3454 4961 pacem

1874 4979 2132 5038 Ecclesia:
2172 4999 2284 5038 sua:
2337 4987 2665 5049 concedens,
2716 5001 2929 5056 nosque
2973 4985 3030 5039 in
3063 5001 3231 5039 unum
3270 4987 3459 5040 conci-

1874 5077 2034 5130 Iiaus.

1947 5166 2003 5222 In
2031 5171 2283 5236 praesenti
2315 5179 2494 5223 autem
2523 5186 2704 5224 rerum
2729 5179 2899 5237 statu,
2938 5187 3039 5227 oro
3077 5188 3202 5238 vos,
3235 5171 3456 5232 fratres,

1877 5271 1935 5314 ut
1969 5260 2123 5330 digne
2169 5261 2450 5314 ambuletis
2484 5262 2752 5315 vocatione
2782 5278 2888 5331 qua
2916 5264 3310 5322 vocatisumus,
3335 5279 3455 5316 cum

1878 5352 2021 5404 omni
2053 5350 2074 5380 ³
2106 5350 2389 5420 diligentia
2430 5361 2485 5406 et
2514 5353 2839 5414 attentione,
2876 5368 2999 5406 cum
3039 5355 3189 5409 omni
3230 5355 3455 5408 humili-

1877 5451 1986 5495 tate
2029 5451 2082 5496 et
2107 5442 2419 5496 obedientia
2454 5444 2689 5497 invicem
2725 5462 2739 5498 :
2781 5443 3120 5514 praefectura:
3148 5447 3328 5500 locum
3376 5455 3456 5500 te—

1880 5545 2038 5588 nente
2075 5536 2388 5605 praeposito,
2421 5552 2528 5590 non
2560 5537 2629 5590 ad
2648 5536 2976 5591 diabolicam
3010 5538 3304 5592 elationem
3333 5538 3455 5592 ani-

1881 5629 1976 5693 mi,
2014 5629 2107 5682 sed
2164 5629 2231 5683 ad
2266 5628 2483 5684 virtutis
2512 5629 2820 5699 exemplum
2851 5630 3112 5694 alumnis,
3154 5632 3332 5701 iisque
3362 5631 3453 5700 qui

1882 5722 1984 5789 ipsi
2034 5722 2415 5791 obtemperant
2442 5737 2505 5776 ac
2548 5737 2754 5777 morem
2781 5730 2976 5790 gerunt
3020 5731 3278 5792 tanquam
3321 5721 3453 5776 mihi

1887 5815 2129 5886 indigno,
2168 5816 2252 5869 vel
2291 5815 2514 5871 Christo
2555 5816 2760 5887 potius,
2803 5826 3023 5887 propter
3070 5831 3230 5885 quem
3255 5823 3312 5870 et
3347 5815 3454 5866 vita

1909 5931 1926 5961 ³
1949 5931 2143 6000 Ephes.
2184 5945 2257 5996 Iv,
2282 5931 2328 5982 l.
