  <div class='ocr_page' id='page_1' title='image "/cluster/home/n/w/nwhite01/storage/ocr_20150623/99/ien.35556001661347/685.png"; bbox 0 0 3934 6466; ppageno 0'>
   <div class='ocr_carea' id='block_1_1' title="bbox 478 384 610 450">
    <p class='ocr_par' dir='ltr' id='par_1_1' title="bbox 478 384 610 450">
     <span class='ocr_line' id='line_1_1' title="bbox 478 384 610 450; baseline 0 0"><span class='ocrx_word' id='word_1_1' title='bbox 478 384 610 450; x_wconf 83' lang='grc'><strong>1351</strong></span> 
     </span>
    </p>
   </div>
   <div class='ocr_carea' id='block_1_2' title="bbox 1668 394 2546 460">
    <p class='ocr_par' dir='ltr' id='par_1_2' title="bbox 1668 394 2546 460">
     <span class='ocr_line' id='line_1_2' title="bbox 1668 394 2546 460; baseline 0.003 -5"><span class='ocrx_word' id='word_1_2' title='bbox 1668 398 1729 456; x_wconf 90' lang='lat' dir='ltr'><strong>S.</strong></span> <span class='ocrx_word' id='word_1_3' title='bbox 1770 396 1872 456; x_wconf 85' lang='lat' dir='ltr'><strong>TH</strong></span> <span class='ocrx_word' id='word_1_4' title='bbox 1884 394 2163 456; x_wconf 80' lang='lat' dir='ltr'><strong>EODORI</strong></span> <span class='ocrx_word' id='word_1_5' title='bbox 2199 398 2546 460; x_wconf 84' lang='lat' dir='ltr'><strong>STUDlT.‘E</strong></span> 
     </span>
    </p>
   </div>
   <div class='ocr_carea' id='block_1_3' title="bbox 3601 403 3743 468">
    <p class='ocr_par' dir='ltr' id='par_1_3' title="bbox 3601 403 3743 468">
     <span class='ocr_line' id='line_1_3' title="bbox 3601 403 3743 468; baseline 0 -2"><span class='ocrx_word' id='word_1_6' title='bbox 3601 403 3743 468; x_wconf 75' lang='lat'><strong>1352</strong></span> 
     </span>
    </p>
   </div>
   <div class='ocr_carea' id='block_1_4' title="bbox 477 501 2081 590">
    <p class='ocr_par' dir='ltr' id='par_1_4' title="bbox 477 501 2055 581">
     <span class='ocr_line' id='line_1_4' title="bbox 477 501 2055 581; baseline 0.002 -19"><span class='ocrx_word' id='word_1_7' title='bbox 477 509 681 571; x_wconf 83' lang='lat' dir='ltr'><strong>omnis,</strong></span> <span class='ocrx_word' id='word_1_8' title='bbox 711 517 764 561; x_wconf 87' lang='lat' dir='ltr'><strong>et</strong></span> <span class='ocrx_word' id='word_1_9' title='bbox 804 507 1116 563; x_wconf 81' lang='lat' dir='ltr'><strong>voluntaria</strong></span> <span class='ocrx_word' id='word_1_10' title='bbox 1153 525 1301 564; x_wconf 89' lang='lat' dir='ltr'><strong>mors</strong></span> <span class='ocrx_word' id='word_1_11' title='bbox 1328 511 1670 581; x_wconf 93' lang='lat' dir='ltr'><strong>quotidiana,</strong></span> <span class='ocrx_word' id='word_1_12' title='bbox 1697 529 1730 568; x_wconf 96' lang='lat' dir='ltr'><strong>o</strong></span> <span class='ocrx_word' id='word_1_13' title='bbox 1772 512 1893 575; x_wconf 87' lang='lat' dir='ltr'><strong>lilii,</strong></span> <span class='ocrx_word' id='word_1_14' title='bbox 1935 501 2055 565; x_wconf 83' lang='lat' dir='ltr'><strong>ma-</strong></span> 
     </span>
    </p>
   </div>
   <div class='ocr_carea' id='block_1_5' title="bbox 2187 501 3742 590">
    <p class='ocr_par' dir='ltr' id='par_1_5' title="bbox 2187 515 3742 590">
     <span class='ocr_line' id='line_1_5' title="bbox 2187 515 3742 590; baseline 0.006 -24"><span class='ocrx_word' id='word_1_15' title='bbox 2187 515 2278 567; x_wconf 84' lang='grc' dir='ltr'>ιίου</span> <span class='ocrx_word' id='word_1_16' title='bbox 2309 519 2406 568; x_wconf 77' lang='grc' dir='ltr'><strong>καὶ</strong></span> <span class='ocrx_word' id='word_1_17' title='bbox 2430 518 2458 570; x_wconf 86' lang='grc' dir='ltr'><strong>ὀ</strong></span> <span class='ocrx_word' id='word_1_18' title='bbox 2487 517 2609 570; x_wconf 77' lang='grc' dir='ltr'>καθ’</span> <span class='ocrx_word' id='word_1_19' title='bbox 2637 517 2851 588; x_wconf 80' lang='grc' dir='ltr'><strong>ἡμέραν</strong></span> <span class='ocrx_word' id='word_1_20' title='bbox 2884 520 3267 590; x_wconf 80' lang='grc' dir='ltr'>προαιρετικὸς</span> <span class='ocrx_word' id='word_1_21' title='bbox 3292 519 3543 584; x_wconf 82' lang='grc' dir='ltr'>θάνατος,</span> <span class='ocrx_word' id='word_1_22' title='bbox 3574 515 3619 574; x_wconf 87' lang='grc' dir='ltr'><strong>ῶ</strong></span> <span class='ocrx_word' id='word_1_23' title='bbox 3647 524 3742 576; x_wconf 77' lang='grc' dir='ltr'>τέ-</span> 
     </span>
    </p>
   </div>
   <div class='ocr_carea' id='block_1_6' title="bbox 476 597 2058 669">
    <p class='ocr_par' dir='ltr' id='par_1_6' title="bbox 476 597 2058 669">
     <span class='ocr_line' id='line_1_6' title="bbox 476 597 2058 669; baseline 0.004 -21"><span class='ocrx_word' id='word_1_24' title='bbox 476 612 642 668; x_wconf 76' lang='lat' dir='ltr'><strong>gnum</strong></span> <span class='ocrx_word' id='word_1_25' title='bbox 669 597 863 652; x_wconf 90' lang='lat' dir='ltr'><strong>salutis</strong></span> <span class='ocrx_word' id='word_1_26' title='bbox 893 599 1216 669; x_wconf 77' lang='lat' dir='ltr'><strong>mysterium</strong></span> <span class='ocrx_word' id='word_1_27' title='bbox 1247 609 1349 655; x_wconf 90' lang='lat' dir='ltr'><strong>est.</strong></span> <span class='ocrx_word' id='word_1_28' title='bbox 1389 601 1575 655; x_wconf 85' lang='lat' dir='ltr'><strong>Videte</strong></span> <span class='ocrx_word' id='word_1_29' title='bbox 1596 603 2058 667; x_wconf 87' lang='lat' dir='ltr'><strong>quemadmodum</strong></span> 
     </span>
    </p>
   </div>
   <div class='ocr_carea' id='block_1_7' title="bbox 479 689 2062 759">
    <p class='ocr_par' dir='ltr' id='par_1_7' title="bbox 479 689 2062 759">
     <span class='ocr_line' id='line_1_7' title="bbox 479 689 2062 759; baseline 0.001 -18"><span class='ocrx_word' id='word_1_30' title='bbox 479 689 690 757; x_wconf 74' lang='lat' dir='ltr'><strong>degatis</strong></span> <span class='ocrx_word' id='word_1_31' title='bbox 723 706 736 742; x_wconf 91' lang='lat'><strong>:</strong></span> <span class='ocrx_word' id='word_1_32' title='bbox 769 702 876 741; x_wconf 90' lang='lat' dir='ltr'><strong>non</strong></span> <span class='ocrx_word' id='word_1_33' title='bbox 921 702 977 742; x_wconf 88' lang='lat' dir='ltr'><strong>ut</strong></span> <span class='ocrx_word' id='word_1_34' title='bbox 1011 689 1157 744; x_wconf 79' lang='lat' dir='ltr'><strong>vitiis</strong></span> <span class='ocrx_word' id='word_1_35' title='bbox 1179 690 1424 756; x_wconf 80' lang='lat' dir='ltr'><strong>obnoxii,</strong></span> <span class='ocrx_word' id='word_1_36' title='bbox 1455 689 1549 745; x_wconf 88' lang='lat' dir='ltr'><strong>sed</strong></span> <span class='ocrx_word' id='word_1_37' title='bbox 1597 699 1656 743; x_wconf 91' lang='lat' dir='ltr'><strong>ut</strong></span> <span class='ocrx_word' id='word_1_38' title='bbox 1685 701 1939 759; x_wconf 80' lang='lat' dir='ltr'><strong>expertes</strong></span> <span class='ocrx_word' id='word_1_39' title='bbox 1977 698 2062 743; x_wconf 88' lang='lat' dir='ltr'><strong>vi-</strong></span> 
     </span>
    </p>
   </div>
   <div class='ocr_carea' id='block_1_8' title="bbox 487 775 2064 844">
    <p class='ocr_par' dir='ltr' id='par_1_8' title="bbox 487 775 2064 844">
     <span class='ocr_line' id='line_1_8' title="bbox 487 775 2064 844; baseline 0.001 -14"><span class='ocrx_word' id='word_1_40' title='bbox 487 775 730 830; x_wconf 86' lang='lat' dir='ltr'><strong>tiorum:</strong></span> <span class='ocrx_word' id='word_1_41' title='bbox 769 793 875 830; x_wconf 88' lang='lat' dir='ltr'><strong>non</strong></span> <span class='ocrx_word' id='word_1_42' title='bbox 913 787 968 830; x_wconf 96' lang='lat' dir='ltr'><strong>ut</strong></span> <span class='ocrx_word' id='word_1_43' title='bbox 1020 777 1225 844; x_wconf 90' lang='lat' dir='ltr'><strong>carnis,</strong></span> <span class='ocrx_word' id='word_1_44' title='bbox 1257 781 1350 833; x_wconf 86' lang='lat' dir='ltr'><strong>sed</strong></span> <span class='ocrx_word' id='word_1_45' title='bbox 1382 787 1442 833; x_wconf 89' lang='lat' dir='ltr'><strong>ut</strong></span> <span class='ocrx_word' id='word_1_46' title='bbox 1487 777 1585 832; x_wconf 88' lang='lat' dir='ltr'><strong>Dei</strong></span> <span class='ocrx_word' id='word_1_47' title='bbox 1642 790 1938 833; x_wconf 84' lang='lat' dir='ltr'><strong>amatores.</strong></span> <span class='ocrx_word' id='word_1_48' title='bbox 1985 777 2064 832; x_wconf 80' lang='lat' dir='ltr'><strong>Ne</strong></span> 
     </span>
    </p>
   </div>
   <div class='ocr_carea' id='block_1_9' title="bbox 481 868 2063 940">
    <p class='ocr_par' dir='ltr' id='par_1_9' title="bbox 481 868 2063 940">
     <span class='ocr_line' id='line_1_9' title="bbox 481 868 2063 940; baseline 0.001 -18"><span class='ocrx_word' id='word_1_49' title='bbox 481 868 674 922; x_wconf 89' lang='lat' dir='ltr'><strong>oculos</strong></span> <span class='ocrx_word' id='word_1_50' title='bbox 703 869 755 920; x_wconf 93' lang='lat' dir='ltr'><strong>in</strong></span> <span class='ocrx_word' id='word_1_51' title='bbox 778 868 1109 923; x_wconf 79' lang='lat' dir='ltr'><strong>feminarum</strong></span> <span class='ocrx_word' id='word_1_52' title='bbox 1143 886 1238 923; x_wconf 90' lang='lat' dir='ltr'><strong>ora</strong></span> <span class='ocrx_word' id='word_1_53' title='bbox 1278 871 1533 940; x_wconf 86' lang='lat' dir='ltr'><strong>conjicite</strong></span> <span class='ocrx_word' id='word_1_54' title='bbox 1569 871 1701 924; x_wconf 90' lang='lat' dir='ltr'><strong>:sed</strong></span> <span class='ocrx_word' id='word_1_55' title='bbox 1732 886 1910 940; x_wconf 90' lang='lat' dir='ltr'><strong>neque</strong></span> <span class='ocrx_word' id='word_1_56' title='bbox 1936 885 2063 939; x_wconf 82' lang='lat' dir='ltr'><strong>erga</strong></span> 
     </span>
    </p>
   </div>
   <div class='ocr_carea' id='block_1_10' title="bbox 485 961 2063 1032">
    <p class='ocr_par' dir='ltr' id='par_1_10' title="bbox 485 961 2063 1032">
     <span class='ocr_line' id='line_1_10' title="bbox 485 961 2063 1032; baseline 0.003 -22"><span class='ocrx_word' id='word_1_57' title='bbox 485 975 586 1015; x_wconf 89' lang='lat' dir='ltr'><strong>vos</strong></span> <span class='ocrx_word' id='word_1_58' title='bbox 610 961 841 1016; x_wconf 89' lang='lat' dir='ltr'><strong>invicem</strong></span> <span class='ocrx_word' id='word_1_59' title='bbox 890 961 1179 1016; x_wconf 87' lang='lat' dir='ltr'><strong>liberiores</strong></span> <span class='ocrx_word' id='word_1_60' title='bbox 1216 963 1269 1015; x_wconf 92' lang='lat' dir='ltr'><strong>in</strong></span> <span class='ocrx_word' id='word_1_61' title='bbox 1313 964 1524 1032; x_wconf 79' lang='lat' dir='ltr'><strong>agendo</strong></span> <span class='ocrx_word' id='word_1_62' title='bbox 1558 972 1756 1017; x_wconf 89' lang='lat' dir='ltr'><strong>estote.</strong></span> <span class='ocrx_word' id='word_1_63' title='bbox 1793 964 1887 1016; x_wconf 85' lang='lat' dir='ltr'><strong>Est</strong></span> <span class='ocrx_word' id='word_1_64' title='bbox 1917 962 2063 1016; x_wconf 85' lang='lat' dir='ltr'><strong>enim</strong></span> 
     </span>
    </p>
   </div>
   <div class='ocr_carea' id='block_1_11' title="bbox 488 1052 2066 1122">
    <p class='ocr_par' dir='ltr' id='par_1_11' title="bbox 488 1052 2066 1122">
     <span class='ocr_line' id='line_1_11' title="bbox 488 1052 2066 1122; baseline 0.003 -19"><span class='ocrx_word' id='word_1_65' title='bbox 488 1052 731 1117; x_wconf 85' lang='lat' dir='ltr'><strong>licentia,</strong></span> <span class='ocrx_word' id='word_1_66' title='bbox 789 1052 934 1122; x_wconf 76' lang='lat' dir='ltr'><strong>ignis</strong></span> <span class='ocrx_word' id='word_1_67' title='bbox 983 1054 1232 1107; x_wconf 91' lang='lat' dir='ltr'><strong>animum</strong></span> <span class='ocrx_word' id='word_1_68' title='bbox 1280 1070 1570 1122; x_wconf 74' lang='lat' dir='ltr'><strong>perurens.</strong></span> <span class='ocrx_word' id='word_1_69' title='bbox 1611 1054 1832 1108; x_wconf 82' lang='lat' dir='ltr'><strong>Mortem</strong></span> <span class='ocrx_word' id='word_1_70' title='bbox 1881 1054 2066 1108; x_wconf 86' lang='lat' dir='ltr'><strong>animo</strong></span> 
     </span>
    </p>
   </div>
   <div class='ocr_carea' id='block_1_12' title="bbox 488 1141 2066 1216">
    <p class='ocr_par' dir='ltr' id='par_1_12' title="bbox 488 1141 2066 1216">
     <span class='ocr_line' id='line_1_12' title="bbox 488 1141 2066 1216; baseline 0.003 -20"><span class='ocrx_word' id='word_1_71' title='bbox 488 1157 704 1212; x_wconf 86' lang='lat' dir='ltr'><strong>semper</strong></span> <span class='ocrx_word' id='word_1_72' title='bbox 734 1141 994 1214; x_wconf 69' lang='lat' dir='ltr'><strong>cogitate,</strong></span> <span class='ocrx_word' id='word_1_73' title='bbox 1025 1157 1081 1198; x_wconf 93' lang='lat' dir='ltr'><strong>ut</strong></span> <span class='ocrx_word' id='word_1_74' title='bbox 1105 1146 1231 1199; x_wconf 88' lang='lat' dir='ltr'><strong>sitis</strong></span> <span class='ocrx_word' id='word_1_75' title='bbox 1251 1146 1317 1200; x_wconf 89' lang='lat' dir='ltr'><strong>ad</strong></span> <span class='ocrx_word' id='word_1_76' title='bbox 1345 1162 1632 1215; x_wconf 83' lang='lat' dir='ltr'><strong>egressum</strong></span> <span class='ocrx_word' id='word_1_77' title='bbox 1659 1163 1728 1202; x_wconf 82' lang='lat' dir='ltr'><strong>ex</strong></span> <span class='ocrx_word' id='word_1_78' title='bbox 1765 1149 1873 1202; x_wconf 89' lang='lat' dir='ltr'><strong>vita</strong></span> <span class='ocrx_word' id='word_1_79' title='bbox 1897 1149 2066 1216; x_wconf 74' lang='lat' dir='ltr'><strong>parati</strong></span> 
     </span>
    </p>
   </div>
   <div class='ocr_carea' id='block_1_13' title="bbox 487 1237 2069 1312">
    <p class='ocr_par' dir='ltr' id='par_1_13' title="bbox 487 1237 2069 1312">
     <span class='ocr_line' id='line_1_13' title="bbox 487 1237 2069 1312; baseline 0.003 -22"><span class='ocrx_word' id='word_1_80' title='bbox 487 1244 543 1290; x_wconf 90' lang='lat' dir='ltr'><strong>et</strong></span> <span class='ocrx_word' id='word_1_81' title='bbox 577 1237 810 1293; x_wconf 86' lang='lat' dir='ltr'><strong>alacres.</strong></span> <span class='ocrx_word' id='word_1_82' title='bbox 852 1238 1208 1293; x_wconf 84' lang='lat' dir='ltr'><strong>Traditiones</strong></span> <span class='ocrx_word' id='word_1_83' title='bbox 1248 1250 1462 1294; x_wconf 88' lang='lat' dir='ltr'><strong>servate</strong></span> <span class='ocrx_word' id='word_1_84' title='bbox 1497 1259 1511 1294; x_wconf 89' lang='lat'>:</span> <span class='ocrx_word' id='word_1_85' title='bbox 1545 1258 1666 1311; x_wconf 76' lang='lat' dir='ltr'><strong>qua:</strong></span> <span class='ocrx_word' id='word_1_86' title='bbox 1694 1251 1823 1296; x_wconf 85' lang='lat' dir='ltr'><strong>sunt</strong></span> <span class='ocrx_word' id='word_1_87' title='bbox 1856 1243 2069 1312; x_wconf 70' lang='lat' dir='ltr'><strong>praesti—</strong></span> 
     </span>
    </p>
   </div>
   <div class='ocr_carea' id='block_1_14' title="bbox 492 1329 2065 1401">
    <p class='ocr_par' dir='ltr' id='par_1_14' title="bbox 492 1329 2065 1401">
     <span class='ocr_line' id='line_1_14' title="bbox 492 1329 2065 1401; baseline 0.003 -19"><span class='ocrx_word' id='word_1_88' title='bbox 492 1339 604 1383; x_wconf 92' lang='lat' dir='ltr'><strong>tuta</strong></span> <span class='ocrx_word' id='word_1_89' title='bbox 643 1329 908 1398; x_wconf 79' lang='lat' dir='ltr'><strong>perficite,</strong></span> <span class='ocrx_word' id='word_1_90' title='bbox 942 1340 1054 1384; x_wconf 92' lang='lat' dir='ltr'><strong>tum</strong></span> <span class='ocrx_word' id='word_1_91' title='bbox 1098 1347 1218 1401; x_wconf 71' lang='lat' dir='ltr'><strong>quae</strong></span> <span class='ocrx_word' id='word_1_92' title='bbox 1257 1333 1620 1401; x_wconf 88' lang='lat' dir='ltr'><strong>psalmodiam</strong></span> <span class='ocrx_word' id='word_1_93' title='bbox 1651 1334 1910 1397; x_wconf 89' lang='lat' dir='ltr'><strong>attinent,</strong></span> <span class='ocrx_word' id='word_1_94' title='bbox 1952 1343 2065 1387; x_wconf 89' lang='lat' dir='ltr'><strong>tum</strong></span> 
     </span>
    </p>
   </div>
   <div class='ocr_carea' id='block_1_15' title="bbox 489 1423 2071 1493">
    <p class='ocr_par' dir='ltr' id='par_1_15' title="bbox 489 1423 2071 1493">
     <span class='ocr_line' id='line_1_15' title="bbox 489 1423 2071 1493; baseline 0.003 -18"><span class='ocrx_word' id='word_1_95' title='bbox 489 1437 611 1491; x_wconf 64' lang='lat' dir='ltr'><strong>quae</strong></span> <span class='ocrx_word' id='word_1_96' title='bbox 637 1423 940 1476; x_wconf 87' lang='lat' dir='ltr'><strong>orationem</strong></span> <span class='ocrx_word' id='word_1_97' title='bbox 969 1433 1021 1475; x_wconf 91' lang='lat' dir='ltr'><strong>et</strong></span> <span class='ocrx_word' id='word_1_98' title='bbox 1053 1425 1272 1493; x_wconf 85' lang='lat' dir='ltr'><strong>quidvis</strong></span> <span class='ocrx_word' id='word_1_99' title='bbox 1302 1425 1471 1479; x_wconf 89' lang='lat' dir='ltr'><strong>aliud.</strong></span> <span class='ocrx_word' id='word_1_100' title='bbox 1530 1424 1709 1480; x_wconf 84' lang='lat' dir='ltr'><strong>Nolite</strong></span> <span class='ocrx_word' id='word_1_101' title='bbox 1741 1443 1935 1479; x_wconf 86' lang='lat' dir='ltr'><strong>aurqu</strong></span> <span class='ocrx_word' id='word_1_102' title='bbox 1975 1441 2071 1480; x_wconf 91' lang='lat' dir='ltr'><strong>vo-</strong></span> 
     </span>
    </p>
   </div>
   <div class='ocr_carea' id='block_1_16' title="bbox 490 1512 2070 1585">
    <p class='ocr_par' dir='ltr' id='par_1_16' title="bbox 490 1512 2070 1585">
     <span class='ocr_line' id='line_1_16' title="bbox 490 1512 2070 1585; baseline 0.004 -18"><span class='ocrx_word' id='word_1_103' title='bbox 490 1512 578 1567; x_wconf 85' lang='lat' dir='ltr'><strong>bis</strong></span> <span class='ocrx_word' id='word_1_104' title='bbox 631 1513 765 1583; x_wconf 87' lang='lat' dir='ltr'><strong>ipsis</strong></span> <span class='ocrx_word' id='word_1_105' title='bbox 795 1515 1074 1585; x_wconf 81' lang='lat' dir='ltr'><strong>colligere,</strong></span> <span class='ocrx_word' id='word_1_106' title='bbox 1119 1525 1197 1579; x_wconf 87' lang='lat' dir='ltr'><strong>ut,</strong></span> <span class='ocrx_word' id='word_1_107' title='bbox 1231 1533 1354 1571; x_wconf 91' lang='lat' dir='ltr'><strong>cum</strong></span> <span class='ocrx_word' id='word_1_108' title='bbox 1386 1518 1540 1572; x_wconf 89' lang='lat' dir='ltr'><strong>erilis</strong></span> <span class='ocrx_word' id='word_1_109' title='bbox 1580 1518 1633 1570; x_wconf 90' lang='lat' dir='ltr'><strong>in</strong></span> <span class='ocrx_word' id='word_1_110' title='bbox 1665 1535 1832 1571; x_wconf 89' lang='lat' dir='ltr'><strong>unum</strong></span> <span class='ocrx_word' id='word_1_111' title='bbox 1870 1518 2070 1584; x_wconf 86' lang='lat' dir='ltr'><strong>coacti,</strong></span> 
     </span>
    </p>
   </div>
   <div class='ocr_carea' id='block_1_17' title="bbox 490 1607 2073 1679">
    <p class='ocr_par' dir='ltr' id='par_1_17' title="bbox 490 1607 2073 1679">
     <span class='ocr_line' id='line_1_17' title="bbox 490 1607 2073 1679; baseline 0.003 -22"><span class='ocrx_word' id='word_1_112' title='bbox 490 1607 816 1675; x_wconf 87' lang='lat' dir='ltr'><strong>propinquis</strong></span> <span class='ocrx_word' id='word_1_113' title='bbox 849 1618 903 1660; x_wconf 89' lang='lat' dir='ltr'><strong>et</strong></span> <span class='ocrx_word' id='word_1_114' title='bbox 933 1608 1124 1663; x_wconf 87' lang='lat' dir='ltr'><strong>amicis</strong></span> <span class='ocrx_word' id='word_1_115' title='bbox 1151 1609 1282 1662; x_wconf 90' lang='lat' dir='ltr'><strong>illud</strong></span> <span class='ocrx_word' id='word_1_116' title='bbox 1318 1609 1574 1664; x_wconf 86' lang='lat' dir='ltr'><strong>tribuatis</strong></span> <span class='ocrx_word' id='word_1_117' title='bbox 1614 1626 1628 1664; x_wconf 89' lang='lat'><strong>:</strong></span> <span class='ocrx_word' id='word_1_118' title='bbox 1659 1613 1919 1679; x_wconf 89' lang='lat' dir='ltr'><strong>quoniam</strong></span> <span class='ocrx_word' id='word_1_119' title='bbox 1955 1627 2073 1663; x_wconf 86' lang='lat' dir='ltr'><strong>tuo-</strong></span> 
     </span>
    </p>
   </div>
   <div class='ocr_carea' id='block_1_18' title="bbox 493 1700 2074 1758">
    <p class='ocr_par' dir='ltr' id='par_1_18' title="bbox 493 1700 2074 1758">
     <span class='ocr_line' id='line_1_18' title="bbox 493 1700 2074 1758; baseline 0.003 -7"><span class='ocrx_word' id='word_1_120' title='bbox 493 1700 736 1755; x_wconf 79' lang='lat' dir='ltr'><strong>nasterio</strong></span> <span class='ocrx_word' id='word_1_121' title='bbox 774 1717 904 1755; x_wconf 91' lang='lat' dir='ltr'><strong>cura</strong></span> <span class='ocrx_word' id='word_1_122' title='bbox 946 1710 1032 1755; x_wconf 89' lang='lat' dir='ltr'><strong>est</strong></span> <span class='ocrx_word' id='word_1_123' title='bbox 1069 1717 1254 1755; x_wconf 90' lang='lat' dir='ltr'><strong>rerum</strong></span> <span class='ocrx_word' id='word_1_124' title='bbox 1305 1713 1643 1758; x_wconf 81' lang='lat' dir='ltr'><strong>nostrarum.</strong></span> <span class='ocrx_word' id='word_1_125' title='bbox 1695 1701 1812 1756; x_wconf 86' lang='lat' dir='ltr'><strong>Non</strong></span> <span class='ocrx_word' id='word_1_126' title='bbox 1859 1711 1942 1757; x_wconf 88' lang='lat' dir='ltr'><strong>est</strong></span> <span class='ocrx_word' id='word_1_127' title='bbox 1974 1703 2074 1756; x_wconf 92' lang='lat' dir='ltr'><strong>hoc</strong></span> 
     </span>
    </p>
   </div>
   <div class='ocr_carea' id='block_1_19' title="bbox 492 1791 2075 1863">
    <p class='ocr_par' dir='ltr' id='par_1_19' title="bbox 492 1791 2075 1863">
     <span class='ocr_line' id='line_1_19' title="bbox 492 1791 2075 1863; baseline 0.001 -19"><span class='ocrx_word' id='word_1_128' title='bbox 492 1791 733 1845; x_wconf 82' lang='lat' dir='ltr'><strong>ﬁliorum</strong></span> <span class='ocrx_word' id='word_1_129' title='bbox 768 1793 879 1858; x_wconf 87' lang='lat' dir='ltr'><strong>Dei,</strong></span> <span class='ocrx_word' id='word_1_130' title='bbox 908 1795 1000 1847; x_wconf 89' lang='lat' dir='ltr'><strong>sed</strong></span> <span class='ocrx_word' id='word_1_131' title='bbox 1031 1809 1220 1847; x_wconf 90' lang='lat' dir='ltr'><strong>eorum</strong></span> <span class='ocrx_word' id='word_1_132' title='bbox 1252 1793 1344 1861; x_wconf 87' lang='lat' dir='ltr'><strong>qui</strong></span> <span class='ocrx_word' id='word_1_133' title='bbox 1370 1810 1434 1848; x_wconf 88' lang='lat' dir='ltr'><strong>ea</strong></span> <span class='ocrx_word' id='word_1_134' title='bbox 1463 1810 1584 1863; x_wconf 69' lang='lat' dir='ltr'><strong>quae</strong></span> <span class='ocrx_word' id='word_1_135' title='bbox 1615 1796 1800 1848; x_wconf 83' lang='lat' dir='ltr'><strong>carnis</strong></span> <span class='ocrx_word' id='word_1_136' title='bbox 1828 1802 1958 1847; x_wconf 90' lang='lat' dir='ltr'><strong>sunt</strong></span> <span class='ocrx_word' id='word_1_137' title='bbox 1985 1810 2075 1848; x_wconf 88' lang='lat' dir='ltr'><strong>sa-</strong></span> 
     </span>
    </p>
   </div>
   <div class='ocr_carea' id='block_1_20' title="bbox 494 1875 2146 1955">
    <p class='ocr_par' dir='ltr' id='par_1_20' title="bbox 494 1875 2146 1955">
     <span class='ocr_line' id='line_1_20' title="bbox 494 1875 2146 1955; baseline 0.001 -20"><span class='ocrx_word' id='word_1_138' title='bbox 494 1885 674 1953; x_wconf 92' lang='lat' dir='ltr'><strong>piunt.</strong></span> <span class='ocrx_word' id='word_1_139' title='bbox 734 1883 1023 1950; x_wconf 87' lang='lat' dir='ltr'><strong>Quomodo</strong></span> <span class='ocrx_word' id='word_1_140' title='bbox 1054 1885 1267 1955; x_wconf 72' lang='lat' dir='ltr'><strong>igitur?</strong></span> <span class='ocrx_word' id='word_1_141' title='bbox 1313 1896 1372 1940; x_wconf 93' lang='lat' dir='ltr'><strong>ut</strong></span> <span class='ocrx_word' id='word_1_142' title='bbox 1412 1887 1466 1939; x_wconf 93' lang='lat' dir='ltr'><strong>in</strong></span> <span class='ocrx_word' id='word_1_143' title='bbox 1517 1900 1859 1940; x_wconf 89' lang='lat' dir='ltr'><strong>communem</strong></span> <span class='ocrx_word' id='word_1_144' title='bbox 1913 1900 2069 1939; x_wconf 86' lang='lat' dir='ltr'><strong>usum</strong></span> <span class='ocrx_word' id='word_1_145' title='bbox 2105 1875 2146 1928; x_wconf 84' lang='grc' dir='ltr'><strong><em>Β</em></strong></span> 
     </span>
    </p>
   </div>
   <div class='ocr_carea' id='block_1_21' title="bbox 495 1976 2070 2046">
    <p class='ocr_par' dir='ltr' id='par_1_21' title="bbox 495 1976 2070 2046">
     <span class='ocr_line' id='line_1_21' title="bbox 495 1976 2070 2046; baseline -0.003 -15"><span class='ocrx_word' id='word_1_146' title='bbox 495 1976 818 2032; x_wconf 81' lang='lat' dir='ltr'><strong>conferatur</strong></span> <span class='ocrx_word' id='word_1_147' title='bbox 850 1995 862 2030; x_wconf 92' lang='lat'><strong>:</strong></span> <span class='ocrx_word' id='word_1_148' title='bbox 897 1987 951 2031; x_wconf 91' lang='lat' dir='ltr'><strong>et</strong></span> <span class='ocrx_word' id='word_1_149' title='bbox 981 1977 1242 2046; x_wconf 88' lang='lat' dir='ltr'><strong>quidquid</strong></span> <span class='ocrx_word' id='word_1_150' title='bbox 1271 1978 1582 2046; x_wconf 74' lang='lat' dir='ltr'><strong>contigerit,</strong></span> <span class='ocrx_word' id='word_1_151' title='bbox 1616 1976 1940 2031; x_wconf 82' lang='lat' dir='ltr'><strong>fraternitati</strong></span> <span class='ocrx_word' id='word_1_152' title='bbox 1971 1978 2070 2030; x_wconf 80' lang='lat' dir='ltr'><strong>tri-</strong></span> 
     </span>
    </p>
   </div>
   <div class='ocr_carea' id='block_1_22' title="bbox 493 2067 2071 2139">
    <p class='ocr_par' dir='ltr' id='par_1_22' title="bbox 493 2067 2071 2139">
     <span class='ocr_line' id='line_1_22' title="bbox 493 2067 2071 2139; baseline -0.002 -16"><span class='ocrx_word' id='word_1_153' title='bbox 493 2067 697 2123; x_wconf 88' lang='lat' dir='ltr'><strong>buatur</strong></span> <span class='ocrx_word' id='word_1_154' title='bbox 750 2076 859 2122; x_wconf 89' lang='lat' dir='ltr'><strong>:ut</strong></span> <span class='ocrx_word' id='word_1_155' title='bbox 933 2082 998 2121; x_wconf 81' lang='lat' dir='ltr'><strong>ex</strong></span> <span class='ocrx_word' id='word_1_156' title='bbox 1032 2068 1334 2123; x_wconf 91' lang='lat' dir='ltr'><strong>multorum</strong></span> <span class='ocrx_word' id='word_1_157' title='bbox 1392 2071 1638 2139; x_wconf 86' lang='lat' dir='ltr'><strong>symbola</strong></span> <span class='ocrx_word' id='word_1_158' title='bbox 1692 2086 1778 2124; x_wconf 90' lang='lat' dir='ltr'><strong>res</strong></span> <span class='ocrx_word' id='word_1_159' title='bbox 1835 2067 2071 2123; x_wconf 64' lang='lat' dir='ltr'><strong>coenobii</strong></span> 
     </span>
    </p>
   </div>
   <div class='ocr_carea' id='block_1_23' title="bbox 496 2156 2075 2229">
    <p class='ocr_par' dir='ltr' id='par_1_23' title="bbox 496 2156 2075 2229">
     <span class='ocr_line' id='line_1_23' title="bbox 496 2156 2075 2229; baseline -0.001 -16"><span class='ocrx_word' id='word_1_160' title='bbox 496 2159 897 2213; x_wconf 84' lang='lat' dir='ltr'><strong>constituatur.</strong></span> <span class='ocrx_word' id='word_1_161' title='bbox 931 2156 1057 2213; x_wconf 68' lang='lat' dir='ltr'><strong>Haec</strong></span> <span class='ocrx_word' id='word_1_162' title='bbox 1083 2175 1114 2213; x_wconf 88' lang='lat' dir='ltr'><strong>a</strong></span> <span class='ocrx_word' id='word_1_163' title='bbox 1147 2176 1234 2212; x_wconf 88' lang='lat' dir='ltr'><strong>me</strong></span> <span class='ocrx_word' id='word_1_164' title='bbox 1266 2159 1471 2214; x_wconf 86' lang='lat' dir='ltr'><strong>idcirco</strong></span> <span class='ocrx_word' id='word_1_165' title='bbox 1489 2161 1633 2215; x_wconf 88' lang='lat' dir='ltr'><strong>dicta</strong></span> <span class='ocrx_word' id='word_1_166' title='bbox 1653 2169 1801 2224; x_wconf 89' lang='lat' dir='ltr'><strong>sunt,</strong></span> <span class='ocrx_word' id='word_1_167' title='bbox 1833 2161 1977 2229; x_wconf 90' lang='lat' dir='ltr'><strong>quod</strong></span> <span class='ocrx_word' id='word_1_168' title='bbox 2007 2159 2075 2214; x_wconf 85' lang='lat' dir='ltr'><strong>ad</strong></span> 
     </span>
    </p>
   </div>
   <div class='ocr_carea' id='block_1_24' title="bbox 497 2250 2073 2322">
    <p class='ocr_par' dir='ltr' id='par_1_24' title="bbox 497 2250 2073 2322">
     <span class='ocr_line' id='line_1_24' title="bbox 497 2250 2073 2322; baseline 0 -17"><span class='ocrx_word' id='word_1_169' title='bbox 497 2265 601 2306; x_wconf 87' lang='lat' dir='ltr'><strong>nos</strong></span> <span class='ocrx_word' id='word_1_170' title='bbox 636 2250 779 2305; x_wconf 81' lang='lat' dir='ltr'><strong>fama</strong></span> <span class='ocrx_word' id='word_1_171' title='bbox 811 2252 1005 2305; x_wconf 78' lang='lat' dir='ltr'><strong>detulit</strong></span> <span class='ocrx_word' id='word_1_172' title='bbox 1053 2266 1176 2307; x_wconf 87' lang='lat' dir='ltr'><strong>esse</strong></span> <span class='ocrx_word' id='word_1_173' title='bbox 1205 2253 1472 2321; x_wconf 91' lang='lat' dir='ltr'><strong>quosdam</strong></span> <span class='ocrx_word' id='word_1_174' title='bbox 1506 2255 1601 2320; x_wconf 91' lang='lat' dir='ltr'><strong>qui</strong></span> <span class='ocrx_word' id='word_1_175' title='bbox 1655 2253 1768 2322; x_wconf 89' lang='lat' dir='ltr'><strong>jam</strong></span> <span class='ocrx_word' id='word_1_176' title='bbox 1807 2268 1954 2308; x_wconf 87' lang='lat' dir='ltr'><strong>nunc</strong></span> <span class='ocrx_word' id='word_1_177' title='bbox 2002 2252 2073 2305; x_wconf 88' lang='lat' dir='ltr'><strong>ita</strong></span> 
     </span>
    </p>
   </div>
   <div class='ocr_carea' id='block_1_25' title="bbox 497 2343 2076 2414">
    <p class='ocr_par' dir='ltr' id='par_1_25' title="bbox 497 2343 2076 2414">
     <span class='ocr_line' id='line_1_25' title="bbox 497 2343 2076 2414; baseline -0.001 -16"><span class='ocrx_word' id='word_1_178' title='bbox 497 2350 780 2399; x_wconf 80' lang='lat' dir='ltr'><strong>statuant:</strong></span> <span class='ocrx_word' id='word_1_179' title='bbox 804 2343 919 2398; x_wconf 86' lang='lat' dir='ltr'><strong>Hoc</strong></span> <span class='ocrx_word' id='word_1_180' title='bbox 943 2358 1134 2412; x_wconf 89' lang='lat' dir='ltr'><strong>pecus,</strong></span> <span class='ocrx_word' id='word_1_181' title='bbox 1167 2345 1442 2414; x_wconf 87' lang='lat' dir='ltr'><strong>inquiunt,</strong></span> <span class='ocrx_word' id='word_1_182' title='bbox 1470 2354 1525 2399; x_wconf 94' lang='lat' dir='ltr'><strong>et</strong></span> <span class='ocrx_word' id='word_1_183' title='bbox 1551 2345 1656 2399; x_wconf 90' lang='lat' dir='ltr'><strong>hoc</strong></span> <span class='ocrx_word' id='word_1_184' title='bbox 1676 2343 2076 2410; x_wconf 86' lang='lat' dir='ltr'><strong>indumentum,</strong></span> 
     </span>
    </p>
   </div>
   <div class='ocr_carea' id='block_1_26' title="bbox 500 2437 2079 2508">
    <p class='ocr_par' dir='ltr' id='par_1_26' title="bbox 500 2437 2079 2508">
     <span class='ocr_line' id='line_1_26' title="bbox 500 2437 2079 2508; baseline 0 -17"><span class='ocrx_word' id='word_1_185' title='bbox 500 2437 614 2492; x_wconf 74' lang='lat' dir='ltr'><strong>sive</strong></span> <span class='ocrx_word' id='word_1_186' title='bbox 643 2438 920 2507; x_wconf 88' lang='lat' dir='ltr'><strong>quidpiam</strong></span> <span class='ocrx_word' id='word_1_187' title='bbox 951 2439 1118 2505; x_wconf 87' lang='lat' dir='ltr'><strong>aliud,</strong></span> <span class='ocrx_word' id='word_1_188' title='bbox 1149 2442 1272 2493; x_wconf 86' lang='lat' dir='ltr'><strong>volo</strong></span> <span class='ocrx_word' id='word_1_189' title='bbox 1295 2439 1391 2492; x_wconf 90' lang='lat' dir='ltr'><strong>tali</strong></span> <span class='ocrx_word' id='word_1_190' title='bbox 1437 2441 1784 2508; x_wconf 83' lang='lat' dir='ltr'><strong>relinquere!</strong></span> <span class='ocrx_word' id='word_1_191' title='bbox 1827 2437 1871 2492; x_wconf 92' lang='grc' dir='ltr'><strong>Ο</strong></span> <span class='ocrx_word' id='word_1_192' title='bbox 1907 2439 2079 2493; x_wconf 89' lang='lat' dir='ltr'><strong>mise-</strong></span> 
     </span>
    </p>
   </div>
   <div class='ocr_carea' id='block_1_27' title="bbox 503 2528 2082 2600">
    <p class='ocr_par' dir='ltr' id='par_1_27' title="bbox 503 2528 2082 2600">
     <span class='ocr_line' id='line_1_27' title="bbox 503 2528 2082 2600; baseline -0.001 -18"><span class='ocrx_word' id='word_1_193' title='bbox 503 2528 639 2583; x_wconf 89' lang='lat' dir='ltr'><strong>riam</strong></span> <span class='ocrx_word' id='word_1_194' title='bbox 662 2529 675 2582; x_wconf 91' lang='lat' dir='ltr'><strong>l</strong></span> <span class='ocrx_word' id='word_1_195' title='bbox 701 2543 734 2583; x_wconf 92' lang='grc' dir='ltr'><strong>ο</strong></span> <span class='ocrx_word' id='word_1_196' title='bbox 769 2529 1098 2584; x_wconf 88' lang='lat' dir='ltr'><strong>dementiam</strong></span> <span class='ocrx_word' id='word_1_197' title='bbox 1135 2531 1148 2584; x_wconf 86' lang='lat'><strong>!</strong></span> <span class='ocrx_word' id='word_1_198' title='bbox 1184 2531 1348 2600; x_wconf 83' lang='lat' dir='ltr'><strong>Atqui</strong></span> <span class='ocrx_word' id='word_1_199' title='bbox 1380 2546 1489 2586; x_wconf 91' lang='lat' dir='ltr'><strong>non</strong></span> <span class='ocrx_word' id='word_1_200' title='bbox 1518 2539 1604 2585; x_wconf 87' lang='lat' dir='ltr'><strong>est</strong></span> <span class='ocrx_word' id='word_1_201' title='bbox 1634 2546 1664 2584; x_wconf 92' lang='lat' dir='ltr'><strong>e</strong></span> <span class='ocrx_word' id='word_1_202' title='bbox 1699 2529 1942 2584; x_wconf 85' lang='lat' dir='ltr'><strong>ﬁliorum</strong></span> <span class='ocrx_word' id='word_1_203' title='bbox 1975 2544 2082 2582; x_wconf 85' lang='lat' dir='ltr'><strong>nu-</strong></span> 
     </span>
    </p>
   </div>
   <div class='ocr_carea' id='block_1_28' title="bbox 503 2618 2072 2691">
    <p class='ocr_par' dir='ltr' id='par_1_28' title="bbox 503 2618 2072 2691">
     <span class='ocr_line' id='line_1_28' title="bbox 503 2618 2072 2691; baseline 0 -17"><span class='ocrx_word' id='word_1_204' title='bbox 503 2636 654 2675; x_wconf 90' lang='lat' dir='ltr'><strong>mero</strong></span> <span class='ocrx_word' id='word_1_205' title='bbox 683 2621 776 2691; x_wconf 91' lang='lat' dir='ltr'><strong>qui</strong></span> <span class='ocrx_word' id='word_1_206' title='bbox 807 2622 1072 2690; x_wconf 84' lang='lat' dir='ltr'><strong>ejusmodi</strong></span> <span class='ocrx_word' id='word_1_207' title='bbox 1097 2632 1200 2689; x_wconf 90' lang='lat' dir='ltr'><strong>est,</strong></span> <span class='ocrx_word' id='word_1_208' title='bbox 1230 2639 1329 2678; x_wconf 89' lang='lat' dir='ltr'><strong>nec</strong></span> <span class='ocrx_word' id='word_1_209' title='bbox 1364 2623 1553 2687; x_wconf 77' lang='lat' dir='ltr'><strong>frater,</strong></span> <span class='ocrx_word' id='word_1_210' title='bbox 1586 2624 1679 2677; x_wconf 89' lang='lat' dir='ltr'><strong>sed</strong></span> <span class='ocrx_word' id='word_1_211' title='bbox 1703 2623 1940 2684; x_wconf 87' lang='lat' dir='ltr'><strong>alienus,</strong></span> <span class='ocrx_word' id='word_1_212' title='bbox 1975 2618 2072 2676; x_wconf 89' lang='lat' dir='ltr'><strong>sed</strong></span> 
     </span>
    </p>
   </div>
   <div class='ocr_carea' id='block_1_29' title="bbox 499 2713 1734 2782">
    <p class='ocr_par' dir='ltr' id='par_1_29' title="bbox 499 2713 1734 2782">
     <span class='ocr_line' id='line_1_29' title="bbox 499 2713 1734 2782; baseline -0.002 -14"><span class='ocrx_word' id='word_1_213' title='bbox 499 2713 823 2782; x_wconf 80' lang='lat' dir='ltr'><strong>sacrilegus,</strong></span> <span class='ocrx_word' id='word_1_214' title='bbox 853 2714 1012 2782; x_wconf 87' lang='lat' dir='ltr'><strong>cujus</strong></span> <span class='ocrx_word' id='word_1_215' title='bbox 1039 2730 1160 2770; x_wconf 90' lang='lat' dir='ltr'><strong>sors</strong></span> <span class='ocrx_word' id='word_1_216' title='bbox 1183 2731 1306 2770; x_wconf 90' lang='lat' dir='ltr'><strong>cum</strong></span> <span class='ocrx_word' id='word_1_217' title='bbox 1336 2716 1486 2770; x_wconf 85' lang='lat' dir='ltr'><strong>Giezi</strong></span> <span class='ocrx_word' id='word_1_218' title='bbox 1522 2715 1734 2769; x_wconf 65' lang='grc' dir='ltr'><strong>[ιιι-ευ..</strong></span> 
     </span>
    </p>
   </div>
   <div class='ocr_carea' id='block_1_30' title="bbox 785 2826 1829 2898">
    <p class='ocr_par' dir='ltr' id='par_1_30' title="bbox 785 2826 1829 2898">
     <span class='ocr_line' id='line_1_30' title="bbox 785 2826 1829 2898; baseline 0.002 -18"><span class='ocrx_word' id='word_1_219' title='bbox 785 2826 976 2883; x_wconf 80' lang='lat' dir='ltr'><strong>XCIX.</strong></span> <span class='ocrx_word' id='word_1_220' title='bbox 1000 2859 1070 2870; x_wconf 91' lang='lat'><strong>——</strong></span> <span class='ocrx_word' id='word_1_221' title='bbox 1094 2828 1423 2882; x_wconf 80' lang='lat' dir='ltr'><strong>Abruhamio</strong></span> <span class='ocrx_word' id='word_1_222' title='bbox 1454 2829 1829 2898; x_wconf 82' lang='lat' dir='ltr'><strong>Itospitalario.</strong></span> 
     </span>
    </p>
   </div>
   <div class='ocr_carea' id='block_1_31' title="bbox 2163 609 3744 681">
    <p class='ocr_par' dir='ltr' id='par_1_31' title="bbox 2163 609 3744 681">
     <span class='ocr_line' id='line_1_31' title="bbox 2163 609 3744 681; baseline 0.006 -22"><span class='ocrx_word' id='word_1_223' title='bbox 2163 624 2286 673; x_wconf 88' lang='grc' dir='ltr'>κνα,</span> <span class='ocrx_word' id='word_1_224' title='bbox 2321 610 2460 678; x_wconf 84' lang='grc' dir='ltr'><strong>μετά</strong></span> <span class='ocrx_word' id='word_1_225' title='bbox 2488 609 2548 662; x_wconf 82' lang='grc' dir='ltr'><strong>τὸ</strong></span> <span class='ocrx_word' id='word_1_226' title='bbox 2573 609 2672 679; x_wconf 80' lang='grc' dir='ltr'>τῆς</span> <span class='ocrx_word' id='word_1_227' title='bbox 2694 609 2968 679; x_wconf 79' lang='grc' dir='ltr'><strong>σωτηρίας</strong></span> <span class='ocrx_word' id='word_1_228' title='bbox 3008 613 3330 681; x_wconf 83' lang='grc' dir='ltr'>μυστήριον.</span> <span class='ocrx_word' id='word_1_229' title='bbox 3356 611 3592 667; x_wconf 80' lang='grc' dir='ltr'><strong>Βλέπετε</strong></span> <span class='ocrx_word' id='word_1_230' title='bbox 3621 615 3744 678; x_wconf 87' lang='grc' dir='ltr'><strong>πῶς</strong></span> 
     </span>
    </p>
   </div>
   <div class='ocr_carea' id='block_1_32' title="bbox 2162 699 3742 790">
    <p class='ocr_par' dir='ltr' id='par_1_32' title="bbox 2162 699 3742 790">
     <span class='ocr_line' id='line_1_32' title="bbox 2162 699 3742 790; baseline 0.004 -37"><span class='ocrx_word' id='word_1_231' title='bbox 2162 699 2590 790; x_wconf 71' lang='grc' dir='ltr'>ἀναστρέφεσθε,</span> <span class='ocrx_word' id='word_1_232' title='bbox 2619 701 2694 771; x_wconf 80' lang='grc' dir='ltr'>μὴ</span> <span class='ocrx_word' id='word_1_233' title='bbox 2720 701 2796 764; x_wconf 88' lang='grc' dir='ltr'>ὼς</span> <span class='ocrx_word' id='word_1_234' title='bbox 2819 701 3108 771; x_wconf 70' lang='grc' dir='ltr'>ἐμπαθεῖς,</span> <span class='ocrx_word' id='word_1_235' title='bbox 3132 703 3246 756; x_wconf 84' lang='grc' dir='ltr'>ἀλλ’</span> <span class='ocrx_word' id='word_1_236' title='bbox 3271 704 3349 769; x_wconf 86' lang='grc' dir='ltr'>ὠς</span> <span class='ocrx_word' id='word_1_237' title='bbox 3374 705 3639 770; x_wconf 78' lang='grc' dir='ltr'><strong>ἀπαθεῖς·</strong></span> <span class='ocrx_word' id='word_1_238' title='bbox 3665 709 3742 777; x_wconf 84' lang='grc' dir='ltr'>μὴ</span> 
     </span>
    </p>
   </div>
   <div class='ocr_carea' id='block_1_33' title="bbox 2163 790 3744 866">
    <p class='ocr_par' dir='ltr' id='par_1_33' title="bbox 2163 790 3744 866">
     <span class='ocr_line' id='line_1_33' title="bbox 2163 790 3744 866; baseline 0.005 -23"><span class='ocrx_word' id='word_1_239' title='bbox 2163 790 2237 853; x_wconf 83' lang='grc' dir='ltr'>ὡς</span> <span class='ocrx_word' id='word_1_240' title='bbox 2260 791 2602 862; x_wconf 85' lang='grc' dir='ltr'>φιλόσαρκοι,</span> <span class='ocrx_word' id='word_1_241' title='bbox 2663 791 2780 845; x_wconf 79' lang='grc' dir='ltr'>ἀλλ’</span> <span class='ocrx_word' id='word_1_242' title='bbox 2804 792 2879 856; x_wconf 84' lang='grc' dir='ltr'>ὡς</span> <span class='ocrx_word' id='word_1_243' title='bbox 2911 793 3168 861; x_wconf 86' lang='grc' dir='ltr'>φιλόθεοι.</span> <span class='ocrx_word' id='word_1_244' title='bbox 3190 795 3279 866; x_wconf 83' lang='grc' dir='ltr'><strong>Μὴ</strong></span> <span class='ocrx_word' id='word_1_245' title='bbox 3299 796 3644 850; x_wconf 85' lang='grc' dir='ltr'>ὲπιϐἁλλοιτε</span> <span class='ocrx_word' id='word_1_246' title='bbox 3673 799 3744 851; x_wconf 81' lang='grc' dir='ltr'>τὰ</span> 
     </span>
    </p>
   </div>
   <div class='ocr_carea' id='block_1_34' title="bbox 2163 881 3746 956">
    <p class='ocr_par' dir='ltr' id='par_1_34' title="bbox 2163 881 3746 956">
     <span class='ocr_line' id='line_1_34' title="bbox 2163 881 3746 956; baseline 0.006 -23"><span class='ocrx_word' id='word_1_247' title='bbox 2163 881 2388 951; x_wconf 73' lang='grc' dir='ltr'>ὄμματα</span> <span class='ocrx_word' id='word_1_248' title='bbox 2431 881 2586 950; x_wconf 74' lang='grc' dir='ltr'>ὄψεσι</span> <span class='ocrx_word' id='word_1_249' title='bbox 2632 884 2944 952; x_wconf 79' lang='grc' dir='ltr'>γυναικῶν,</span> <span class='ocrx_word' id='word_1_250' title='bbox 2986 884 3124 937; x_wconf 81' lang='grc' dir='ltr'>ἀλλὰ</span> <span class='ocrx_word' id='word_1_251' title='bbox 3179 885 3315 956; x_wconf 87' lang='grc' dir='ltr'>μηδὲ</span> <span class='ocrx_word' id='word_1_252' title='bbox 3376 889 3456 951; x_wconf 85' lang='grc' dir='ltr'><strong>είς</strong></span> <span class='ocrx_word' id='word_1_253' title='bbox 3510 889 3746 952; x_wconf 78' lang='grc' dir='ltr'>έαυτους</span> 
     </span>
    </p>
   </div>
   <div class='ocr_carea' id='block_1_35' title="bbox 2165 974 3743 1049">
    <p class='ocr_par' dir='ltr' id='par_1_35' title="bbox 2165 974 3743 1049">
     <span class='ocr_line' id='line_1_35' title="bbox 2165 974 3743 1049; baseline 0.003 -21"><span class='ocrx_word' id='word_1_254' title='bbox 2165 974 2315 1044; x_wconf 73' lang='grc' dir='ltr'>εἴητε</span> <span class='ocrx_word' id='word_1_255' title='bbox 2351 976 2831 1046; x_wconf 76' lang='grc' dir='ltr'>παρῤησιαστικοί.</span> <span class='ocrx_word' id='word_1_256' title='bbox 2863 978 3152 1049; x_wconf 75' lang='grc' dir='ltr'>Παρρησία</span> <span class='ocrx_word' id='word_1_257' title='bbox 3187 980 3294 1049; x_wconf 82' lang='grc' dir='ltr'><strong>γὰρ</strong></span> <span class='ocrx_word' id='word_1_258' title='bbox 3323 980 3437 1049; x_wconf 80' lang='grc' dir='ltr'>πῦρ</span> <span class='ocrx_word' id='word_1_259' title='bbox 3467 981 3743 1048; x_wconf 79' lang='grc' dir='ltr'>καταφλέ-</span> 
     </span>
    </p>
   </div>
   <div class='ocr_carea' id='block_1_36' title="bbox 2166 1069 3747 1142">
    <p class='ocr_par' dir='ltr' id='par_1_36' title="bbox 2166 1069 3747 1142">
     <span class='ocr_line' id='line_1_36' title="bbox 2166 1069 3747 1142; baseline 0.003 -20"><span class='ocrx_word' id='word_1_260' title='bbox 2166 1087 2262 1139; x_wconf 89' lang='grc' dir='ltr'><strong>γον</strong></span> <span class='ocrx_word' id='word_1_261' title='bbox 2295 1069 2494 1141; x_wconf 82' lang='grc' dir='ltr'>ψυχήν.</span> <span class='ocrx_word' id='word_1_262' title='bbox 2527 1072 2802 1124; x_wconf 74' lang='grc' dir='ltr'>Μελετᾶτε</span> <span class='ocrx_word' id='word_1_263' title='bbox 2845 1072 2936 1125; x_wconf 82' lang='grc' dir='ltr'>τὸν</span> <span class='ocrx_word' id='word_1_264' title='bbox 2967 1071 3196 1125; x_wconf 85' lang='grc' dir='ltr'>θάνατον</span> <span class='ocrx_word' id='word_1_265' title='bbox 3232 1075 3336 1134; x_wconf 78' lang='grc' dir='ltr'>ἀεὶ.</span> <span class='ocrx_word' id='word_1_266' title='bbox 3371 1075 3445 1137; x_wconf 88' lang='grc' dir='ltr'><strong>ὡς</strong></span> <span class='ocrx_word' id='word_1_267' title='bbox 3487 1074 3552 1127; x_wconf 85' lang='grc' dir='ltr'><strong>ἂν</strong></span> <span class='ocrx_word' id='word_1_268' title='bbox 3593 1074 3747 1142; x_wconf 85' lang='grc' dir='ltr'>εῖητε</span> 
     </span>
    </p>
   </div>
   <div class='ocr_carea' id='block_1_37' title="bbox 2168 1162 3748 1234">
    <p class='ocr_par' dir='ltr' id='par_1_37' title="bbox 2168 1162 3748 1234">
     <span class='ocr_line' id='line_1_37' title="bbox 2168 1162 3748 1234; baseline 0.003 -20"><span class='ocrx_word' id='word_1_269' title='bbox 2168 1164 2675 1232; x_wconf 78' lang='grc' dir='ltr'><strong>παρεσκευασμένοι</strong></span> <span class='ocrx_word' id='word_1_270' title='bbox 2727 1162 2863 1231; x_wconf 78' lang='grc' dir='ltr'>πρὸς</span> <span class='ocrx_word' id='word_1_271' title='bbox 2921 1163 3019 1234; x_wconf 83' lang='grc' dir='ltr'><strong>τὴν</strong></span> <span class='ocrx_word' id='word_1_272' title='bbox 3078 1163 3256 1228; x_wconf 78' lang='grc' dir='ltr'>ἔξοδον</span> <span class='ocrx_word' id='word_1_273' title='bbox 3313 1167 3371 1217; x_wconf 80' lang='grc' dir='ltr'>ὲν</span> <span class='ocrx_word' id='word_1_274' title='bbox 3423 1166 3587 1234; x_wconf 78' lang='grc' dir='ltr'>χαρᾷ.</span> <span class='ocrx_word' id='word_1_275' title='bbox 3633 1166 3748 1229; x_wconf 80' lang='grc' dir='ltr'>Τὰς</span> 
     </span>
    </p>
   </div>
   <div class='ocr_carea' id='block_1_38' title="bbox 2171 1255 3749 1326">
    <p class='ocr_par' dir='ltr' id='par_1_38' title="bbox 2171 1255 3749 1326">
     <span class='ocr_line' id='line_1_38' title="bbox 2171 1255 3749 1326; baseline 0.001 -18"><span class='ocrx_word' id='word_1_276' title='bbox 2171 1255 2497 1325; x_wconf 76' lang='grc' dir='ltr'>παραδόσεις</span> <span class='ocrx_word' id='word_1_277' title='bbox 2524 1257 2778 1326; x_wconf 77' lang='grc' dir='ltr'><strong>κρατεῖτε</strong></span> <span class='ocrx_word' id='word_1_278' title='bbox 2797 1271 2810 1284; x_wconf 88' lang='grc'><strong>·</strong></span> <span class='ocrx_word' id='word_1_279' title='bbox 2856 1255 2924 1308; x_wconf 86' lang='grc' dir='ltr'>τὰ</span> <span class='ocrx_word' id='word_1_280' title='bbox 2962 1256 3246 1326; x_wconf 83' lang='grc' dir='ltr'>ὡρισμένα</span> <span class='ocrx_word' id='word_1_281' title='bbox 3272 1257 3494 1320; x_wconf 82' lang='grc' dir='ltr'><strong>τελεῖτε,</strong></span> <span class='ocrx_word' id='word_1_282' title='bbox 3519 1259 3662 1311; x_wconf 84' lang='grc' dir='ltr'>κατά</span> <span class='ocrx_word' id='word_1_283' title='bbox 3690 1274 3749 1310; x_wconf 85' lang='grc' dir='ltr'><strong>τε</strong></span> 
     </span>
    </p>
   </div>
   <div class='ocr_carea' id='block_1_39' title="bbox 2169 1347 3752 1418">
    <p class='ocr_par' dir='ltr' id='par_1_39' title="bbox 2169 1347 3752 1418">
     <span class='ocr_line' id='line_1_39' title="bbox 2169 1347 3752 1418; baseline -0.002 -16"><span class='ocrx_word' id='word_1_284' title='bbox 2169 1348 2488 1418; x_wconf 77' lang='grc' dir='ltr'>ψαλμῳδίαν</span> <span class='ocrx_word' id='word_1_285' title='bbox 2519 1349 2612 1400; x_wconf 73' lang='grc' dir='ltr'><strong>καὶ</strong></span> <span class='ocrx_word' id='word_1_286' title='bbox 2638 1347 2948 1418; x_wconf 85' lang='grc' dir='ltr'>προσευχὴν</span> <span class='ocrx_word' id='word_1_287' title='bbox 2987 1350 3080 1399; x_wconf 75' lang='grc' dir='ltr'><strong>καὶ</strong></span> <span class='ocrx_word' id='word_1_288' title='bbox 3108 1347 3162 1399; x_wconf 88' lang='grc' dir='ltr'><strong>εῐ</strong></span> <span class='ocrx_word' id='word_1_289' title='bbox 3195 1365 3248 1400; x_wconf 91' lang='grc' dir='ltr'><strong>τι</strong></span> <span class='ocrx_word' id='word_1_290' title='bbox 3288 1348 3498 1418; x_wconf 75' lang='grc' dir='ltr'>ἕτερον.</span> <span class='ocrx_word' id='word_1_291' title='bbox 3532 1348 3623 1417; x_wconf 80' lang='grc' dir='ltr'><strong>Μὴ</strong></span> <span class='ocrx_word' id='word_1_292' title='bbox 3652 1347 3752 1417; x_wconf 77' lang='grc' dir='ltr'>θη-</span> 
     </span>
    </p>
   </div>
   <div class='ocr_carea' id='block_1_40' title="bbox 2175 1439 3752 1511">
    <p class='ocr_par' dir='ltr' id='par_1_40' title="bbox 2175 1439 3752 1511">
     <span class='ocr_line' id='line_1_40' title="bbox 2175 1439 3752 1511; baseline -0.003 -17"><span class='ocrx_word' id='word_1_293' title='bbox 2175 1440 2468 1511; x_wconf 72' lang='grc' dir='ltr'>σαυρίζητε</span> <span class='ocrx_word' id='word_1_294' title='bbox 2500 1441 2710 1503; x_wconf 79' lang='grc' dir='ltr'><strong>ἑαυτοῖς</strong></span> <span class='ocrx_word' id='word_1_295' title='bbox 2751 1439 2972 1510; x_wconf 85' lang='grc' dir='ltr'>χρυσίον</span> <span class='ocrx_word' id='word_1_296' title='bbox 3009 1442 3090 1504; x_wconf 89' lang='grc' dir='ltr'><strong>είς</strong></span> <span class='ocrx_word' id='word_1_297' title='bbox 3122 1440 3182 1494; x_wconf 84' lang='grc' dir='ltr'><strong>τὸ</strong></span> <span class='ocrx_word' id='word_1_298' title='bbox 3223 1441 3280 1493; x_wconf 75' lang='grc' dir='ltr'>ἐν</span> <span class='ocrx_word' id='word_1_299' title='bbox 3311 1439 3485 1510; x_wconf 85' lang='grc' dir='ltr'>καιρῷ</span> <span class='ocrx_word' id='word_1_300' title='bbox 3524 1442 3752 1492; x_wconf 74' lang='grc' dir='ltr'>ἐπισυν-</span> 
     </span>
    </p>
   </div>
   <div class='ocr_carea' id='block_1_41' title="bbox 2173 1535 3752 1609">
    <p class='ocr_par' dir='ltr' id='par_1_41' title="bbox 2173 1535 3752 1609">
     <span class='ocr_line' id='line_1_41' title="bbox 2173 1535 3752 1609; baseline -0.004 -16"><span class='ocrx_word' id='word_1_301' title='bbox 2173 1539 2398 1608; x_wconf 74' lang='grc' dir='ltr'>αγωγῆς</span> <span class='ocrx_word' id='word_1_302' title='bbox 2440 1537 2819 1609; x_wconf 80' lang='grc' dir='ltr'>παρασχέσθαι</span> <span class='ocrx_word' id='word_1_303' title='bbox 2845 1539 2978 1592; x_wconf 80' lang='grc' dir='ltr'>αὐτὸ</span> <span class='ocrx_word' id='word_1_304' title='bbox 3021 1538 3169 1602; x_wconf 76' lang='grc' dir='ltr'>ἰδίοις</span> <span class='ocrx_word' id='word_1_305' title='bbox 3198 1537 3293 1591; x_wconf 77' lang='grc' dir='ltr'><strong>καὶ</strong></span> <span class='ocrx_word' id='word_1_306' title='bbox 3317 1537 3489 1604; x_wconf 78' lang='grc' dir='ltr'>φίλοις</span> <span class='ocrx_word' id='word_1_307' title='bbox 3511 1551 3522 1561; x_wconf 92' lang='grc'>·</span> <span class='ocrx_word' id='word_1_308' title='bbox 3555 1535 3632 1599; x_wconf 82' lang='grc' dir='ltr'>ὡς</span> <span class='ocrx_word' id='word_1_309' title='bbox 3659 1535 3752 1588; x_wconf 72' lang='grc' dir='ltr'>ὅτε</span> 
     </span>
    </p>
   </div>
   <div class='ocr_carea' id='block_1_42' title="bbox 2173 1625 3755 1700">
    <p class='ocr_par' dir='ltr' id='par_1_42' title="bbox 2173 1625 3755 1700">
     <span class='ocr_line' id='line_1_42' title="bbox 2173 1625 3755 1700; baseline -0.002 -19"><span class='ocrx_word' id='word_1_310' title='bbox 2173 1629 2236 1682; x_wconf 80' lang='grc' dir='ltr'><strong>τὸ</strong></span> <span class='ocrx_word' id='word_1_311' title='bbox 2279 1630 2639 1700; x_wconf 85' lang='grc' dir='ltr'>μοναστήριον</span> <span class='ocrx_word' id='word_1_312' title='bbox 2672 1629 2947 1698; x_wconf 81' lang='grc' dir='ltr'>φροντίσει</span> <span class='ocrx_word' id='word_1_313' title='bbox 2975 1627 3045 1682; x_wconf 78' lang='grc' dir='ltr'>τὰ</span> <span class='ocrx_word' id='word_1_314' title='bbox 3081 1628 3204 1682; x_wconf 77' lang='grc' dir='ltr'>καθ’</span> <span class='ocrx_word' id='word_1_315' title='bbox 3234 1629 3403 1698; x_wconf 82' lang='grc' dir='ltr'>ἡμᾶς.</span> <span class='ocrx_word' id='word_1_316' title='bbox 3435 1626 3509 1678; x_wconf 85' lang='grc' dir='ltr'><strong>Οὐ</strong></span> <span class='ocrx_word' id='word_1_317' title='bbox 3543 1625 3755 1678; x_wconf 86' lang='grc' dir='ltr'>τέκνων</span> 
     </span>
    </p>
   </div>
   <div class='ocr_carea' id='block_1_43' title="bbox 2175 1702 3759 1792">
    <p class='ocr_par' dir='ltr' id='par_1_43' title="bbox 2175 1702 3759 1792">
     <span class='ocr_line' id='line_1_43' title="bbox 2175 1702 3759 1792; baseline -0.003 -17"><span class='ocrx_word' id='word_1_318' title='bbox 2175 1721 2310 1775; x_wconf 81' lang='grc' dir='ltr'>Θεοῦ</span> <span class='ocrx_word' id='word_1_319' title='bbox 2335 1721 2509 1785; x_wconf 80' lang='grc' dir='ltr'>τοῦτο,</span> <span class='ocrx_word' id='word_1_320' title='bbox 2532 1702 2668 1774; x_wconf 75' lang='grc' dir='ltr'>ἀλλὰ</span> <span class='ocrx_word' id='word_1_321' title='bbox 2694 1721 3082 1792; x_wconf 82' lang='grc' dir='ltr'>σαρκοφρόνων</span> <span class='ocrx_word' id='word_1_322' title='bbox 3106 1737 3120 1751; x_wconf 85' lang='grc'><strong>·</strong></span> <span class='ocrx_word' id='word_1_323' title='bbox 3156 1721 3272 1784; x_wconf 86' lang='grc' dir='ltr'><strong>πῶς</strong></span> <span class='ocrx_word' id='word_1_324' title='bbox 3295 1721 3349 1773; x_wconf 90' lang='grc' dir='ltr'><strong>δέ</strong></span> <span class='ocrx_word' id='word_1_325' title='bbox 3372 1737 3386 1784; x_wconf 85' lang='grc'>;</span> <span class='ocrx_word' id='word_1_326' title='bbox 3417 1721 3505 1773; x_wconf 86' lang='grc' dir='ltr'><strong>ἵνα</strong></span> <span class='ocrx_word' id='word_1_327' title='bbox 3527 1719 3586 1771; x_wconf 78' lang='grc' dir='ltr'><strong>τὸ</strong></span> <span class='ocrx_word' id='word_1_328' title='bbox 3612 1719 3759 1771; x_wconf 81' lang='grc' dir='ltr'>κατὰ</span> 
     </span>
    </p>
   </div>
   <div class='ocr_carea' id='block_1_44' title="bbox 2179 1809 3757 1885">
    <p class='ocr_par' dir='ltr' id='par_1_44' title="bbox 2179 1809 3757 1885">
     <span class='ocr_line' id='line_1_44' title="bbox 2179 1809 3757 1885; baseline -0.002 -19"><span class='ocrx_word' id='word_1_329' title='bbox 2179 1813 2365 1885; x_wconf 88' lang='grc' dir='ltr'>θρείαν</span> <span class='ocrx_word' id='word_1_330' title='bbox 2391 1815 2629 1883; x_wconf 87' lang='grc' dir='ltr'>γένοιτο·</span> <span class='ocrx_word' id='word_1_331' title='bbox 2666 1815 2760 1867; x_wconf 73' lang='grc' dir='ltr'>καὶ</span> <span class='ocrx_word' id='word_1_332' title='bbox 2793 1814 2855 1866; x_wconf 85' lang='grc' dir='ltr'><strong>τὸ</strong></span> <span class='ocrx_word' id='word_1_333' title='bbox 2894 1813 3104 1882; x_wconf 80' lang='grc' dir='ltr'>φθάσαν</span> <span class='ocrx_word' id='word_1_334' title='bbox 3136 1809 3274 1867; x_wconf 81' lang='grc' dir='ltr'>εἶναι</span> <span class='ocrx_word' id='word_1_335' title='bbox 3314 1811 3650 1881; x_wconf 83' lang='grc' dir='ltr'>προσενεχθῇ</span> <span class='ocrx_word' id='word_1_336' title='bbox 3687 1811 3757 1881; x_wconf 79' lang='grc' dir='ltr'>τῇ</span> 
     </span>
    </p>
   </div>
   <div class='ocr_carea' id='block_1_45' title="bbox 2176 1903 3762 1976">
    <p class='ocr_par' dir='ltr' id='par_1_45' title="bbox 2176 1903 3762 1976">
     <span class='ocr_line' id='line_1_45' title="bbox 2176 1903 3762 1976; baseline -0.004 -16"><span class='ocrx_word' id='word_1_337' title='bbox 2176 1906 2494 1975; x_wconf 78' lang='grc' dir='ltr'><strong>ἀδελφότητι</strong></span> <span class='ocrx_word' id='word_1_338' title='bbox 2521 1923 2533 1936; x_wconf 91' lang='grc'><strong>·</strong></span> <span class='ocrx_word' id='word_1_339' title='bbox 2559 1907 2646 1959; x_wconf 83' lang='grc' dir='ltr'>ἵνα</span> <span class='ocrx_word' id='word_1_340' title='bbox 2675 1907 2738 1958; x_wconf 78' lang='grc' dir='ltr'>ὲκ</span> <span class='ocrx_word' id='word_1_341' title='bbox 2764 1904 2974 1958; x_wconf 82' lang='grc' dir='ltr'>πολλῶν</span> <span class='ocrx_word' id='word_1_342' title='bbox 3009 1904 3316 1976; x_wconf 85' lang='grc' dir='ltr'>προσώπων</span> <span class='ocrx_word' id='word_1_343' title='bbox 3349 1905 3409 1956; x_wconf 80' lang='grc' dir='ltr'>τὸ</span> <span class='ocrx_word' id='word_1_344' title='bbox 3433 1903 3762 1956; x_wconf 79' lang='grc' dir='ltr'>συστατικὺν</span> 
     </span>
    </p>
   </div>
   <div class='ocr_carea' id='block_1_46' title="bbox 2177 1993 3763 2069">
    <p class='ocr_par' dir='ltr' id='par_1_46' title="bbox 2177 1993 3763 2069">
     <span class='ocr_line' id='line_1_46' title="bbox 2177 1993 3763 2069; baseline -0.005 -17"><span class='ocrx_word' id='word_1_345' title='bbox 2177 1999 2263 2069; x_wconf 76' lang='grc' dir='ltr'>εἴη</span> <span class='ocrx_word' id='word_1_346' title='bbox 2288 1999 2383 2052; x_wconf 81' lang='grc' dir='ltr'>τοῦ</span> <span class='ocrx_word' id='word_1_347' title='bbox 2413 1998 2710 2052; x_wconf 83' lang='grc' dir='ltr'>κοινοϐίου.</span> <span class='ocrx_word' id='word_1_348' title='bbox 2740 1998 2924 2052; x_wconf 80' lang='grc' dir='ltr'>Ταῦτα</span> <span class='ocrx_word' id='word_1_349' title='bbox 2947 1997 3003 2050; x_wconf 87' lang='grc' dir='ltr'><strong>δέ</strong></span> <span class='ocrx_word' id='word_1_350' title='bbox 3035 2014 3124 2067; x_wconf 88' lang='grc' dir='ltr'>μοι</span> <span class='ocrx_word' id='word_1_351' title='bbox 3149 1996 3362 2067; x_wconf 78' lang='grc' dir='ltr'>εἴρηται</span> <span class='ocrx_word' id='word_1_352' title='bbox 3386 1993 3570 2063; x_wconf 76' lang='grc' dir='ltr'>ἐπειδὴ</span> <span class='ocrx_word' id='word_1_353' title='bbox 3591 1994 3763 2063; x_wconf 70' lang='grc' dir='ltr'>ηκου-</span> 
     </span>
    </p>
   </div>
   <div class='ocr_carea' id='block_1_47' title="bbox 2178 2087 3763 2161">
    <p class='ocr_par' dir='ltr' id='par_1_47' title="bbox 2178 2087 3763 2161">
     <span class='ocr_line' id='line_1_47' title="bbox 2178 2087 3763 2161; baseline -0.004 -17"><span class='ocrx_word' id='word_1_354' title='bbox 2178 2108 2300 2144; x_wconf 89' lang='grc' dir='ltr'>σται</span> <span class='ocrx_word' id='word_1_355' title='bbox 2331 2091 2523 2158; x_wconf 82' lang='grc' dir='ltr'>ὄτιπέρ</span> <span class='ocrx_word' id='word_1_356' title='bbox 2561 2107 2706 2152; x_wconf 89' lang='grc' dir='ltr'>τινες</span> <span class='ocrx_word' id='word_1_357' title='bbox 2750 2089 2851 2161; x_wconf 70' lang='grc' dir='ltr'><strong>ἥδη</strong></span> <span class='ocrx_word' id='word_1_358' title='bbox 2898 2089 3228 2144; x_wconf 60' lang='grc' dir='ltr'>ἀπεκιτεῦθεν</span> <span class='ocrx_word' id='word_1_359' title='bbox 3265 2089 3557 2159; x_wconf 80' lang='grc' dir='ltr'>ὁρίζονται.</span> <span class='ocrx_word' id='word_1_360' title='bbox 3600 2087 3763 2152; x_wconf 80' lang='grc' dir='ltr'>Τόδε,</span> 
     </span>
    </p>
   </div>
   <div class='ocr_carea' id='block_1_48' title="bbox 2179 2174 3764 2255">
    <p class='ocr_par' dir='ltr' id='par_1_48' title="bbox 2179 2174 3764 2255">
     <span class='ocr_line' id='line_1_48' title="bbox 2179 2174 3764 2255; baseline -0.004 -21"><span class='ocrx_word' id='word_1_361' title='bbox 2179 2184 2336 2255; x_wconf 74' lang='grc' dir='ltr'>φησὶ,</span> <span class='ocrx_word' id='word_1_362' title='bbox 2367 2183 2428 2235; x_wconf 78' lang='grc' dir='ltr'>τὸ</span> <span class='ocrx_word' id='word_1_363' title='bbox 2457 2182 2619 2246; x_wconf 79' lang='grc' dir='ltr'>ζῶον,</span> <span class='ocrx_word' id='word_1_364' title='bbox 2651 2183 2746 2234; x_wconf 73' lang='grc' dir='ltr'><strong>καὶ</strong></span> <span class='ocrx_word' id='word_1_365' title='bbox 2777 2182 2896 2234; x_wconf 80' lang='grc' dir='ltr'>τόδε</span> <span class='ocrx_word' id='word_1_366' title='bbox 2925 2181 2985 2234; x_wconf 82' lang='grc' dir='ltr'>τὸ</span> <span class='ocrx_word' id='word_1_367' title='bbox 3019 2182 3251 2249; x_wconf 76' lang='grc' dir='ltr'>ἱμάτιον,</span> <span class='ocrx_word' id='word_1_368' title='bbox 3279 2179 3376 2233; x_wconf 75' lang='grc' dir='ltr'>εἴτ’</span> <span class='ocrx_word' id='word_1_369' title='bbox 3409 2174 3500 2232; x_wconf 79' lang='grc' dir='ltr'><strong>οὖν</strong></span> <span class='ocrx_word' id='word_1_370' title='bbox 3547 2178 3764 2247; x_wconf 71' lang='grc' dir='ltr'>ἕτερον,</span> 
     </span>
    </p>
   </div>
   <div class='ocr_carea' id='block_1_49' title="bbox 2181 2269 3769 2346">
    <p class='ocr_par' dir='ltr' id='par_1_49' title="bbox 2181 2269 3769 2346">
     <span class='ocr_line' id='line_1_49' title="bbox 2181 2269 3769 2346; baseline -0.003 -18"><span class='ocrx_word' id='word_1_371' title='bbox 2181 2274 2443 2346; x_wconf 83' lang='grc' dir='ltr'>βούλομαι</span> <span class='ocrx_word' id='word_1_372' title='bbox 2482 2272 2562 2345; x_wconf 79' lang='grc' dir='ltr'>τῷ</span> <span class='ocrx_word' id='word_1_373' title='bbox 2596 2273 2727 2326; x_wconf 85' lang='grc' dir='ltr'>δεῖνι</span> <span class='ocrx_word' id='word_1_374' title='bbox 2769 2275 2953 2327; x_wconf 79' lang='grc' dir='ltr'>ἐᾶσαι.</span> <span class='ocrx_word' id='word_1_375' title='bbox 2987 2275 3049 2326; x_wconf 87' lang='grc' dir='ltr'>Ὢ</span> <span class='ocrx_word' id='word_1_376' title='bbox 3077 2273 3177 2343; x_wconf 82' lang='grc' dir='ltr'><strong>τῆς</strong></span> <span class='ocrx_word' id='word_1_377' title='bbox 3204 2272 3550 2342; x_wconf 71' lang='grc' dir='ltr'>ἀθλιότητοςῐ</span> <span class='ocrx_word' id='word_1_378' title='bbox 3588 2269 3634 2323; x_wconf 86' lang='grc' dir='ltr'><strong>ὣ</strong></span> <span class='ocrx_word' id='word_1_379' title='bbox 3659 2269 3769 2338; x_wconf 81' lang='grc' dir='ltr'>τῆς</span> 
     </span>
    </p>
   </div>
   <div class='ocr_carea' id='block_1_50' title="bbox 2180 2359 3770 2440">
    <p class='ocr_par' dir='ltr' id='par_1_50' title="bbox 2180 2359 3770 2440">
     <span class='ocr_line' id='line_1_50' title="bbox 2180 2359 3770 2440; baseline -0.008 -15"><span class='ocrx_word' id='word_1_380' title='bbox 2180 2368 2525 2440; x_wconf 76' lang='grc' dir='ltr'>ἀφροσύνηςῑ</span> <span class='ocrx_word' id='word_1_381' title='bbox 2582 2366 2792 2421; x_wconf 81' lang='grc' dir='ltr'>Οὐκοῦν</span> <span class='ocrx_word' id='word_1_382' title='bbox 2824 2365 2948 2420; x_wconf 77' lang='grc' dir='ltr'>οὔτε</span> <span class='ocrx_word' id='word_1_383' title='bbox 2995 2366 3182 2419; x_wconf 89' lang='grc' dir='ltr'>τέκνον</span> <span class='ocrx_word' id='word_1_384' title='bbox 3229 2368 3258 2418; x_wconf 87' lang='grc' dir='ltr'>ὁ</span> <span class='ocrx_word' id='word_1_385' title='bbox 3302 2364 3572 2426; x_wconf 83' lang='grc' dir='ltr'>τοιοῦτος,</span> <span class='ocrx_word' id='word_1_386' title='bbox 3633 2359 3770 2415; x_wconf 73' lang='grc' dir='ltr'>οὔτε</span> 
     </span>
    </p>
   </div>
   <div class='ocr_carea' id='block_1_51' title="bbox 2183 2450 3772 2531">
    <p class='ocr_par' dir='ltr' id='par_1_51' title="bbox 2183 2450 3772 2531">
     <span class='ocr_line' id='line_1_51' title="bbox 2183 2450 3772 2531; baseline -0.008 -12"><span class='ocrx_word' id='word_1_387' title='bbox 2183 2463 2410 2530; x_wconf 83' lang='grc' dir='ltr'>ἀδελφός</span> <span class='ocrx_word' id='word_1_388' title='bbox 2431 2478 2446 2492; x_wconf 88' lang='grc'><strong>·</strong></span> <span class='ocrx_word' id='word_1_389' title='bbox 2483 2461 2599 2516; x_wconf 76' lang='grc' dir='ltr'>ἀλλ’</span> <span class='ocrx_word' id='word_1_390' title='bbox 2625 2460 2930 2531; x_wconf 83' lang='grc' dir='ltr'>ἀλλότριος,</span> <span class='ocrx_word' id='word_1_391' title='bbox 2962 2459 3095 2514; x_wconf 82' lang='grc' dir='ltr'>ἀλλὰ</span> <span class='ocrx_word' id='word_1_392' title='bbox 3127 2459 3422 2520; x_wconf 79' lang='grc' dir='ltr'>ἱερόσυλος,</span> <span class='ocrx_word' id='word_1_393' title='bbox 3446 2450 3510 2510; x_wconf 72' lang='grc' dir='ltr'><strong>οὗ</strong></span> <span class='ocrx_word' id='word_1_394' title='bbox 3537 2457 3570 2524; x_wconf 84' lang='grc' dir='ltr'><strong>ή</strong></span> <span class='ocrx_word' id='word_1_395' title='bbox 3604 2453 3772 2524; x_wconf 71' lang='grc' dir='ltr'>μερὶς</span> 
     </span>
    </p>
   </div>
   <div class='ocr_carea' id='block_1_52' title="bbox 2189 2553 3732 2628">
    <p class='ocr_par' dir='ltr' id='par_1_52' title="bbox 2189 2553 3732 2628">
     <span class='ocr_line' id='line_1_52' title="bbox 2189 2553 3732 2628; baseline -0.006 -18"><span class='ocrx_word' id='word_1_396' title='bbox 2189 2553 3467 2628; x_wconf 72' lang='grc' dir='ltr'>μετὰΓιεζῆτοῦκλέπτου.........</span> <span class='ocrx_word' id='word_1_397' title='bbox 3711 2582 3732 2600; x_wconf 88' lang='grc'><strong>.</strong></span> 
     </span>
    </p>
   </div>
   <div class='ocr_carea' id='block_1_53' title="bbox 2525 2814 3408 2888">
    <p class='ocr_par' dir='ltr' id='par_1_53' title="bbox 2525 2814 3408 2888">
     <span class='ocr_line' id='line_1_53' title="bbox 2525 2814 3408 2888; baseline -0.007 -14"><span class='ocrx_word' id='word_1_398' title='bbox 2525 2819 2641 2887; x_wconf 67' lang='grc' dir='ltr'><strong>ιβ’.</strong></span> <span class='ocrx_word' id='word_1_399' title='bbox 2671 2851 2741 2861; x_wconf 92' lang='lat'><strong>—</strong></span> <span class='ocrx_word' id='word_1_400' title='bbox 2772 2820 3052 2888; x_wconf 77' lang='grc' dir='ltr'>Ἀϐραμίφ</span> <span class='ocrx_word' id='word_1_401' title='bbox 3085 2814 3408 2884; x_wconf 79' lang='grc' dir='ltr'>ξενοδόχῳ.</span> 
     </span>
    </p>
   </div>
   <div class='ocr_carea' id='block_1_54' title="bbox 1641 2932 2646 3001">
    <p class='ocr_par' dir='ltr' id='par_1_54' title="bbox 1641 2932 2646 3001">
     <span class='ocr_line' id='line_1_54' title="bbox 1641 2932 2646 3001; baseline -0.011 -9"><span class='ocrx_word' id='word_1_402' title='bbox 1641 2944 1878 2993; x_wconf 84' lang='lat' dir='ltr'><strong>Hortatur</strong></span> <span class='ocrx_word' id='word_1_403' title='bbox 1899 2944 1958 2994; x_wconf 88' lang='lat' dir='ltr'><strong>ad</strong></span> <span class='ocrx_word' id='word_1_404' title='bbox 1982 2943 2238 2990; x_wconf 88' lang='lat' dir='ltr'><strong>lenitatem</strong></span> <span class='ocrx_word' id='word_1_405' title='bbox 2263 2951 2381 3001; x_wconf 79' lang='lat' dir='ltr'><strong>erga</strong></span> <span class='ocrx_word' id='word_1_406' title='bbox 2403 2932 2646 2985; x_wconf 85' lang='lat' dir='ltr'><strong>subditos.</strong></span> 
     </span>
    </p>
   </div>
   <div class='ocr_carea' id='block_1_55' title="bbox 577 3032 2081 3109">
    <p class='ocr_par' dir='ltr' id='par_1_55' title="bbox 577 3046 2075 3109">
     <span class='ocr_line' id='line_1_55' title="bbox 577 3046 2075 3109; baseline -0.005 -3"><span class='ocrx_word' id='word_1_407' title='bbox 743 3052 1076 3105; x_wconf 82' lang='lat' dir='ltr'><strong>obscuratur</strong></span> <span class='ocrx_word' id='word_1_408' title='bbox 1116 3051 1197 3105; x_wconf 90' lang='lat' dir='ltr'><strong>sic</strong></span> <span class='ocrx_word' id='word_1_409' title='bbox 1225 3048 1464 3103; x_wconf 78' lang='lat' dir='ltr'><strong>faciendi</strong></span> <span class='ocrx_word' id='word_1_410' title='bbox 1498 3058 1670 3103; x_wconf 89' lang='lat' dir='ltr'><strong>metu.</strong></span> <span class='ocrx_word' id='word_1_411' title='bbox 1707 3046 1843 3102; x_wconf 78' lang='lat' dir='ltr'><strong>Nam</strong></span> <span class='ocrx_word' id='word_1_412' title='bbox 1880 3047 1973 3101; x_wconf 89' lang='lat' dir='ltr'><strong>Dei</strong></span> <span class='ocrx_word' id='word_1_413' title='bbox 2005 3048 2075 3100; x_wconf 85' lang='lat' dir='ltr'><strong>ti-</strong></span> 
     </span>
    </p>
   </div>
   <div class='ocr_carea' id='block_1_56' title="bbox 2187 3032 3775 3109">
    <p class='ocr_par' dir='ltr' id='par_1_56' title="bbox 2247 3032 3775 3105">
     <span class='ocr_line' id='line_1_56' title="bbox 2247 3032 3775 3105; baseline -0.001 -12"><span class='ocrx_word' id='word_1_414' title='bbox 2247 3085 2262 3100; x_wconf 85' lang='lat'><strong><em>.</em></strong></span> <span class='ocrx_word' id='word_1_415' title='bbox 2313 3085 2328 3099; x_wconf 90' lang='lat'><strong>.</strong></span> <span class='ocrx_word' id='word_1_416' title='bbox 2371 3083 2386 3098; x_wconf 86' lang='lat'><strong>.</strong></span> <span class='ocrx_word' id='word_1_417' title='bbox 2431 3082 2446 3098; x_wconf 90' lang='lat'><strong>,</strong></span> <span class='ocrx_word' id='word_1_418' title='bbox 2490 3083 2505 3097; x_wconf 88' lang='lat'><strong>.</strong></span> <span class='ocrx_word' id='word_1_419' title='bbox 2552 3037 2906 3102; x_wconf 79' lang='grc' dir='ltr'>συσκιάζεται</span> <span class='ocrx_word' id='word_1_420' title='bbox 2943 3034 3094 3105; x_wconf 83' lang='grc' dir='ltr'>φόϐῳ</span> <span class='ocrx_word' id='word_1_421' title='bbox 3140 3033 3284 3087; x_wconf 77' lang='grc' dir='ltr'>οὕτω</span> <span class='ocrx_word' id='word_1_422' title='bbox 3313 3032 3775 3101; x_wconf 74' lang='grc' dir='ltr'>διαπράττεσθαι.</span> 
     </span>
    </p>
   </div>
   <div class='ocr_carea' id='block_1_57' title="bbox 501 3125 2081 3212">
    <p class='ocr_par' dir='ltr' id='par_1_57' title="bbox 501 3139 2079 3212">
     <span class='ocr_line' id='line_1_57' title="bbox 501 3139 2079 3212; baseline -0.005 -12"><span class='ocrx_word' id='word_1_423' title='bbox 501 3160 661 3200; x_wconf 87' lang='lat' dir='ltr'><strong>more</strong></span> <span class='ocrx_word' id='word_1_424' title='bbox 691 3144 828 3198; x_wconf 87' lang='lat' dir='ltr'><strong>nihil</strong></span> <span class='ocrx_word' id='word_1_425' title='bbox 860 3153 944 3197; x_wconf 87' lang='lat' dir='ltr'><strong>est</strong></span> <span class='ocrx_word' id='word_1_426' title='bbox 978 3143 1160 3212; x_wconf 85' lang='lat' dir='ltr'><strong>majus</strong></span> <span class='ocrx_word' id='word_1_427' title='bbox 1195 3161 1208 3195; x_wconf 88' lang='lat'>:</span> <span class='ocrx_word' id='word_1_428' title='bbox 1237 3151 1290 3197; x_wconf 90' lang='lat' dir='ltr'><strong>et</strong></span> <span class='ocrx_word' id='word_1_429' title='bbox 1320 3142 1454 3195; x_wconf 84' lang='lat' dir='ltr'><strong>nihil</strong></span> <span class='ocrx_word' id='word_1_430' title='bbox 1483 3142 1652 3196; x_wconf 90' lang='lat' dir='ltr'><strong>animi</strong></span> <span class='ocrx_word' id='word_1_431' title='bbox 1696 3143 1875 3195; x_wconf 89' lang='lat' dir='ltr'><strong>salute</strong></span> <span class='ocrx_word' id='word_1_432' title='bbox 1907 3139 2079 3208; x_wconf 76' lang='lat' dir='ltr'><strong>magis</strong></span> 
     </span>
    </p>
   </div>
   <div class='ocr_carea' id='block_1_58' title="bbox 2187 3125 3773 3212">
    <p class='ocr_par' dir='ltr' id='par_1_58' title="bbox 2187 3125 3773 3205">
     <span class='ocr_line' id='line_1_58' title="bbox 2187 3125 3773 3205; baseline -0.011 -13"><span class='ocrx_word' id='word_1_433' title='bbox 2187 3139 2344 3192; x_wconf 63' lang='grc' dir='ltr'>Ινόϐου</span> <span class='ocrx_word' id='word_1_434' title='bbox 2381 3135 2490 3205; x_wconf 77' lang='grc' dir='ltr'><strong>γὰρ</strong></span> <span class='ocrx_word' id='word_1_435' title='bbox 2537 3131 2672 3187; x_wconf 88' lang='grc' dir='ltr'><strong>Θεοῦ</strong></span> <span class='ocrx_word' id='word_1_436' title='bbox 2703 3131 2856 3184; x_wconf 80' lang='grc' dir='ltr'>οὐδὲν</span> <span class='ocrx_word' id='word_1_437' title='bbox 2892 3129 3098 3198; x_wconf 81' lang='grc' dir='ltr'>μεῖζον,</span> <span class='ocrx_word' id='word_1_438' title='bbox 3133 3129 3226 3180; x_wconf 73' lang='grc' dir='ltr'><strong>καὶ</strong></span> <span class='ocrx_word' id='word_1_439' title='bbox 3270 3125 3548 3196; x_wconf 76' lang='grc' dir='ltr'>σωτηρίας</span> <span class='ocrx_word' id='word_1_440' title='bbox 3587 3127 3773 3200; x_wconf 65' lang='grc' dir='ltr'>ψυχῆς</span> 
     </span>
    </p>
   </div>
   <div class='ocr_carea' id='block_1_59' title="bbox 504 3215 2081 3303">
    <p class='ocr_par' dir='ltr' id='par_1_59' title="bbox 504 3230 2078 3303">
     <span class='ocr_line' id='line_1_59' title="bbox 504 3230 2078 3303; baseline -0.006 -12"><span class='ocrx_word' id='word_1_441' title='bbox 504 3237 904 3291; x_wconf 76' lang='lat' dir='ltr'><strong>necessarium.</strong></span> <span class='ocrx_word' id='word_1_442' title='bbox 939 3235 1080 3299; x_wconf 82' lang='lat' dir='ltr'><strong>Quid</strong></span> <span class='ocrx_word' id='word_1_443' title='bbox 1102 3236 1241 3288; x_wconf 86' lang='lat' dir='ltr'><strong>enim</strong></span> <span class='ocrx_word' id='word_1_444' title='bbox 1269 3235 1506 3303; x_wconf 84' lang='lat' dir='ltr'><strong>proderit</strong></span> <span class='ocrx_word' id='word_1_445' title='bbox 1549 3233 1770 3292; x_wconf 82' lang='lat' dir='ltr'><strong>homini,</strong></span> <span class='ocrx_word' id='word_1_446' title='bbox 1803 3232 2001 3300; x_wconf 90' lang='lat' dir='ltr'><strong>inquit,</strong></span> <span class='ocrx_word' id='word_1_447' title='bbox 2033 3230 2078 3282; x_wconf 83' lang='lat' dir='ltr'><strong>si</strong></span> 
     </span>
    </p>
   </div>
   <div class='ocr_carea' id='block_1_60' title="bbox 2187 3215 3775 3303">
    <p class='ocr_par' dir='ltr' id='par_1_60' title="bbox 2187 3215 3775 3294">
     <span class='ocr_line' id='line_1_60' title="bbox 2187 3215 3775 3294; baseline -0.011 -12"><span class='ocrx_word' id='word_1_448' title='bbox 2187 3229 2325 3282; x_wconf 64' lang='grc' dir='ltr'>οὐδὲν</span> <span class='ocrx_word' id='word_1_449' title='bbox 2364 3224 2691 3294; x_wconf 82' lang='grc' dir='ltr'>ἀναγκαιότε</span> <span class='ocrx_word' id='word_1_450' title='bbox 2706 3239 2817 3292; x_wconf 89' lang='grc' dir='ltr'>ρον.</span> <span class='ocrx_word' id='word_1_451' title='bbox 2859 3222 2920 3273; x_wconf 85' lang='grc' dir='ltr'>Τί</span> <span class='ocrx_word' id='word_1_452' title='bbox 2963 3219 3072 3290; x_wconf 73' lang='grc' dir='ltr'><strong>γὰρ</strong></span> <span class='ocrx_word' id='word_1_453' title='bbox 3096 3216 3398 3287; x_wconf 68' lang='grc' dir='ltr'>ὠφελήσει</span> <span class='ocrx_word' id='word_1_454' title='bbox 3427 3215 3775 3284; x_wconf 69' lang='grc' dir='ltr'>ἄνθρωπον,</span> 
     </span>
    </p>
   </div>
   <div class='ocr_carea' id='block_1_61' title="bbox 504 3307 2081 3391">
    <p class='ocr_par' dir='ltr' id='par_1_61' title="bbox 504 3325 2081 3390">
     <span class='ocr_line' id='line_1_61' title="bbox 504 3325 2081 3390; baseline -0.003 -9"><span class='ocrx_word' id='word_1_455' title='bbox 504 3333 742 3382; x_wconf 73' lang='grc' dir='ltr'>ιἰιεγειιιν</span> <span class='ocrx_word' id='word_1_456' title='bbox 772 3333 1026 3379; x_wconf 87' lang='lat' dir='ltr'><strong>mundum</strong></span> <span class='ocrx_word' id='word_1_457' title='bbox 1054 3335 1245 3390; x_wconf 90' lang='lat' dir='ltr'><strong>totum,</strong></span> <span class='ocrx_word' id='word_1_458' title='bbox 1268 3335 1317 3378; x_wconf 86' lang='lat' dir='ltr'><strong>et</strong></span> <span class='ocrx_word' id='word_1_459' title='bbox 1341 3326 1716 3378; x_wconf 81' lang='lat' dir='ltr'><strong>detrimentum</strong></span> <span class='ocrx_word' id='word_1_460' title='bbox 1749 3325 1941 3376; x_wconf 76' lang='lat' dir='ltr'><strong>anima:</strong></span> <span class='ocrx_word' id='word_1_461' title='bbox 1973 3338 2081 3376; x_wconf 71' lang='lat' dir='ltr'><strong>suae</strong></span> 
     </span>
    </p>
   </div>
   <div class='ocr_carea' id='block_1_62' title="bbox 2187 3307 3780 3391">
    <p class='ocr_par' dir='ltr' id='par_1_62' title="bbox 2187 3307 3780 3391">
     <span class='ocr_line' id='line_1_62' title="bbox 2187 3307 3780 3391; baseline -0.013 -17"><span class='ocrx_word' id='word_1_462' title='bbox 2187 3323 2365 3391; x_wconf 77' lang='grc' dir='ltr'>φησὶν,</span> <span class='ocrx_word' id='word_1_463' title='bbox 2397 3319 2507 3372; x_wconf 79' lang='grc' dir='ltr'><strong>ἐὰν</strong></span> <span class='ocrx_word' id='word_1_464' title='bbox 2538 3317 2690 3370; x_wconf 77' lang='grc' dir='ltr'>ὅλον</span> <span class='ocrx_word' id='word_1_465' title='bbox 2725 3315 2833 3367; x_wconf 82' lang='grc' dir='ltr'>τὸν</span> <span class='ocrx_word' id='word_1_466' title='bbox 2863 3314 3095 3379; x_wconf 82' lang='grc' dir='ltr'><strong>κόσμον</strong></span> <span class='ocrx_word' id='word_1_467' title='bbox 3127 3311 3417 3378; x_wconf 82' lang='grc' dir='ltr'>κερδήσῃ,</span> <span class='ocrx_word' id='word_1_468' title='bbox 3443 3308 3541 3363; x_wconf 78' lang='grc' dir='ltr'>καὶ</span> <span class='ocrx_word' id='word_1_469' title='bbox 3563 3307 3780 3378; x_wconf 75' lang='grc' dir='ltr'>ζημιω-</span> 
     </span>
    </p>
   </div>
   <div class='ocr_carea' id='block_1_63' title="bbox 507 3403 2081 3505">
    <p class='ocr_par' dir='ltr' id='par_1_63' title="bbox 507 3415 2081 3488">
     <span class='ocr_line' id='line_1_63' title="bbox 507 3415 2081 3488; baseline -0.004 -17"><span class='ocrx_word' id='word_1_470' title='bbox 507 3420 674 3488; x_wconf 75' lang='lat' dir='ltr'><strong>faciat</strong></span> <span class='ocrx_word' id='word_1_471' title='bbox 706 3417 772 3470; x_wconf 65' lang='lat'><strong>“1</strong></span> <span class='ocrx_word' id='word_1_472' title='bbox 800 3417 854 3469; x_wconf 84' lang='lat' dir='ltr'><strong>Et</strong></span> <span class='ocrx_word' id='word_1_473' title='bbox 886 3417 1159 3470; x_wconf 71' lang='lat' dir='ltr'><strong>[tiedicum</strong></span> <span class='ocrx_word' id='word_1_474' title='bbox 1193 3417 1359 3486; x_wconf 79' lang='lat' dir='ltr'><strong>quaeri</strong></span> <span class='ocrx_word' id='word_1_475' title='bbox 1388 3429 1486 3485; x_wconf 90' lang='lat' dir='ltr'><strong>par</strong></span> <span class='ocrx_word' id='word_1_476' title='bbox 1517 3416 1675 3469; x_wconf 88' lang='lat' dir='ltr'><strong>estin</strong></span> <span class='ocrx_word' id='word_1_477' title='bbox 1703 3415 1929 3468; x_wconf 87' lang='lat' dir='ltr'><strong>adversa</strong></span> <span class='ocrx_word' id='word_1_478' title='bbox 1958 3427 2081 3467; x_wconf 92' lang='lat' dir='ltr'><strong>cor-</strong></span> 
     </span>
    </p>
   </div>
   <div class='ocr_carea' id='block_1_64' title="bbox 2187 3403 3782 3505">
    <p class='ocr_par' dir='ltr' id='par_1_64' title="bbox 2187 3403 3782 3480">
     <span class='ocr_line' id='line_1_64' title="bbox 2187 3403 3782 3480; baseline -0.009 -12"><span class='ocrx_word' id='word_1_479' title='bbox 2187 3412 2262 3480; x_wconf 81' lang='grc' dir='ltr'>θῇ</span> <span class='ocrx_word' id='word_1_480' title='bbox 2296 3411 2410 3478; x_wconf 81' lang='grc' dir='ltr'><strong>τὴν</strong></span> <span class='ocrx_word' id='word_1_481' title='bbox 2440 3408 2655 3478; x_wconf 74' lang='grc' dir='ltr'>ψυχὴν</span> <span class='ocrx_word' id='word_1_482' title='bbox 2695 3403 2919 3466; x_wconf 85' lang='grc' dir='ltr'>αὐτοῦ;</span> <span class='ocrx_word' id='word_1_483' title='bbox 2957 3405 3065 3454; x_wconf 75' lang='grc' dir='ltr'><strong>Καὶ</strong></span> <span class='ocrx_word' id='word_1_484' title='bbox 3094 3405 3122 3454; x_wconf 84' lang='grc' dir='ltr'>ὁ</span> <span class='ocrx_word' id='word_1_485' title='bbox 3160 3405 3343 3472; x_wconf 73' lang='grc' dir='ltr'>ίατρδς</span> <span class='ocrx_word' id='word_1_486' title='bbox 3375 3404 3433 3453; x_wconf 85' lang='grc' dir='ltr'><strong>έν</strong></span> <span class='ocrx_word' id='word_1_487' title='bbox 3455 3404 3575 3464; x_wconf 85' lang='grc' dir='ltr'>ταῖς</span> <span class='ocrx_word' id='word_1_488' title='bbox 3612 3419 3782 3474; x_wconf 68' lang='grc' dir='ltr'>περι-</span> 
     </span>
    </p>
   </div>
   <div class='ocr_carea' id='block_1_65' title="bbox 505 3507 2081 3580">
    <p class='ocr_par' dir='ltr' id='par_1_65' title="bbox 505 3507 2081 3580">
     <span class='ocr_line' id='line_1_65' title="bbox 505 3507 2081 3580; baseline -0.004 -16"><span class='ocrx_word' id='word_1_489' title='bbox 505 3511 656 3580; x_wconf 91' lang='lat' dir='ltr'><strong>poris</strong></span> <span class='ocrx_word' id='word_1_490' title='bbox 691 3509 1022 3573; x_wconf 75' lang='lat' dir='ltr'><strong>valetudine,</strong></span> <span class='ocrx_word' id='word_1_491' title='bbox 1054 3518 1108 3562; x_wconf 91' lang='lat' dir='ltr'><strong>et</strong></span> <span class='ocrx_word' id='word_1_492' title='bbox 1164 3509 1218 3562; x_wconf 92' lang='lat' dir='ltr'><strong>in</strong></span> <span class='ocrx_word' id='word_1_493' title='bbox 1271 3517 1591 3577; x_wconf 81' lang='lat' dir='ltr'><strong>tempestate</strong></span> <span class='ocrx_word' id='word_1_494' title='bbox 1642 3507 2081 3578; x_wconf 78' lang='lat' dir='ltr'><strong>gubernatorem.</strong></span> 
     </span>
    </p>
   </div>
   <div class='ocr_carea' id='block_1_66' title="bbox 507 3598 2085 3670">
    <p class='ocr_par' dir='ltr' id='par_1_66' title="bbox 507 3598 2085 3670">
     <span class='ocr_line' id='line_1_66' title="bbox 507 3598 2085 3670; baseline -0.003 -16"><span class='ocrx_word' id='word_1_495' title='bbox 507 3603 704 3655; x_wconf 77' lang='lat' dir='ltr'><strong>Annon</strong></span> <span class='ocrx_word' id='word_1_496' title='bbox 739 3600 892 3655; x_wconf 86' lang='lat' dir='ltr'><strong>vides</strong></span> <span class='ocrx_word' id='word_1_497' title='bbox 928 3615 1180 3670; x_wconf 83' lang='lat' dir='ltr'><strong>magnam</strong></span> <span class='ocrx_word' id='word_1_498' title='bbox 1217 3615 1339 3655; x_wconf 85' lang='lat' dir='ltr'><strong>esse</strong></span> <span class='ocrx_word' id='word_1_499' title='bbox 1375 3608 1749 3670; x_wconf 88' lang='lat' dir='ltr'><strong>tempestatem</strong></span> <span class='ocrx_word' id='word_1_500' title='bbox 1779 3609 1835 3653; x_wconf 88' lang='lat' dir='ltr'><strong>et</strong></span> <span class='ocrx_word' id='word_1_501' title='bbox 1873 3598 2085 3668; x_wconf 78' lang='lat' dir='ltr'><strong>plagam</strong></span> 
     </span>
    </p>
   </div>
   <div class='ocr_carea' id='block_1_67' title="bbox 505 3689 2090 3756">
    <p class='ocr_par' dir='ltr' id='par_1_67' title="bbox 505 3689 2090 3756">
     <span class='ocr_line' id='line_1_67' title="bbox 505 3689 2090 3756; baseline -0.002 -11"><span class='ocrx_word' id='word_1_502' title='bbox 505 3692 774 3745; x_wconf 88' lang='lat' dir='ltr'><strong>divinitus</strong></span> <span class='ocrx_word' id='word_1_503' title='bbox 806 3691 1156 3745; x_wconf 86' lang='lat' dir='ltr'><strong>immissam?</strong></span> <span class='ocrx_word' id='word_1_504' title='bbox 1208 3689 1448 3755; x_wconf 83' lang='lat' dir='ltr'><strong>Medere,</strong></span> <span class='ocrx_word' id='word_1_505' title='bbox 1483 3691 1726 3754; x_wconf 89' lang='lat' dir='ltr'><strong>domine,</strong></span> <span class='ocrx_word' id='word_1_506' title='bbox 1763 3704 1908 3756; x_wconf 74' lang='lat' dir='ltr'><strong>rege,</strong></span> <span class='ocrx_word' id='word_1_507' title='bbox 1944 3698 2006 3742; x_wconf 85' lang='lat' dir='ltr'><strong>ut</strong></span> <span class='ocrx_word' id='word_1_508' title='bbox 2034 3697 2090 3743; x_wconf 88' lang='lat' dir='ltr'><strong>et</strong></span> 
     </span>
    </p>
   </div>
   <div class='ocr_carea' id='block_1_68' title="bbox 510 3782 2090 3853">
    <p class='ocr_par' dir='ltr' id='par_1_68' title="bbox 510 3782 2090 3853">
     <span class='ocr_line' id='line_1_68' title="bbox 510 3782 2090 3853; baseline -0.001 -17"><span class='ocrx_word' id='word_1_509' title='bbox 510 3785 743 3853; x_wconf 89' lang='lat' dir='ltr'><strong>teipsnm</strong></span> <span class='ocrx_word' id='word_1_510' title='bbox 793 3800 975 3839; x_wconf 84' lang='lat' dir='ltr'><strong>serves</strong></span> <span class='ocrx_word' id='word_1_511' title='bbox 1041 3784 1399 3845; x_wconf 88' lang='lat' dir='ltr'><strong>incolumem,</strong></span> <span class='ocrx_word' id='word_1_512' title='bbox 1456 3792 1511 3837; x_wconf 94' lang='lat' dir='ltr'><strong>et</strong></span> <span class='ocrx_word' id='word_1_513' title='bbox 1543 3799 1638 3837; x_wconf 87' lang='lat' dir='ltr'><strong>eos</strong></span> <span class='ocrx_word' id='word_1_514' title='bbox 1677 3783 1768 3852; x_wconf 87' lang='lat' dir='ltr'><strong>qui</strong></span> <span class='ocrx_word' id='word_1_515' title='bbox 1825 3782 1904 3836; x_wconf 89' lang='lat' dir='ltr'><strong>rei</strong></span> <span class='ocrx_word' id='word_1_516' title='bbox 1959 3789 2090 3836; x_wconf 90' lang='lat' dir='ltr'><strong>sunt</strong></span> 
     </span>
    </p>
   </div>
   <div class='ocr_carea' id='block_1_69' title="bbox 509 3873 2085 3938">
    <p class='ocr_par' dir='ltr' id='par_1_69' title="bbox 509 3873 2085 3938">
     <span class='ocr_line' id='line_1_69' title="bbox 509 3873 2085 3938; baseline -0.001 -9"><span class='ocrx_word' id='word_1_517' title='bbox 509 3890 693 3938; x_wconf 83' lang='lat' dir='ltr'><strong>sanes,</strong></span> <span class='ocrx_word' id='word_1_518' title='bbox 730 3885 783 3929; x_wconf 84' lang='lat' dir='ltr'><strong>et</strong></span> <span class='ocrx_word' id='word_1_519' title='bbox 811 3876 876 3930; x_wconf 90' lang='lat' dir='ltr'><strong>ad</strong></span> <span class='ocrx_word' id='word_1_520' title='bbox 913 3877 1268 3930; x_wconf 86' lang='lat' dir='ltr'><strong>stabilitatem</strong></span> <span class='ocrx_word' id='word_1_521' title='bbox 1301 3875 1554 3935; x_wconf 84' lang='lat' dir='ltr'><strong>reducas,</strong></span> <span class='ocrx_word' id='word_1_522' title='bbox 1591 3874 1770 3928; x_wconf 87' lang='lat' dir='ltr'><strong>minas</strong></span> <span class='ocrx_word' id='word_1_523' title='bbox 1793 3873 2085 3937; x_wconf 86' lang='lat' dir='ltr'><strong>cohibens,</strong></span> 
     </span>
    </p>
   </div>
   <div class='ocr_carea' id='block_1_70' title="bbox 508 3965 2083 4038">
    <p class='ocr_par' dir='ltr' id='par_1_70' title="bbox 508 3965 2083 4038">
     <span class='ocr_line' id='line_1_70' title="bbox 508 3965 2083 4038; baseline -0.003 -14"><span class='ocrx_word' id='word_1_524' title='bbox 508 3985 635 4024; x_wconf 90' lang='lat' dir='ltr'><strong>cum</strong></span> <span class='ocrx_word' id='word_1_525' title='bbox 669 3983 722 4023; x_wconf 88' lang='lat' dir='ltr'><strong>et</strong></span> <span class='ocrx_word' id='word_1_526' title='bbox 758 3971 870 4038; x_wconf 86' lang='lat' dir='ltr'><strong>ipse</strong></span> <span class='ocrx_word' id='word_1_527' title='bbox 896 3971 948 4021; x_wconf 89' lang='lat' dir='ltr'><strong>in</strong></span> <span class='ocrx_word' id='word_1_528' title='bbox 980 3984 1209 4038; x_wconf 88' lang='lat' dir='ltr'><strong>corpore</strong></span> <span class='ocrx_word' id='word_1_529' title='bbox 1242 3970 1319 4024; x_wconf 88' lang='lat' dir='ltr'><strong>sis</strong></span> <span class='ocrx_word' id='word_1_530' title='bbox 1351 3977 1403 4022; x_wconf 90' lang='lat' dir='ltr'><strong>et</strong></span> <span class='ocrx_word' id='word_1_531' title='bbox 1433 3969 1612 4036; x_wconf 90' lang='lat' dir='ltr'><strong>lapsui</strong></span> <span class='ocrx_word' id='word_1_532' title='bbox 1651 3968 1943 4022; x_wconf 79' lang='lat' dir='ltr'><strong>obnoxius.</strong></span> <span class='ocrx_word' id='word_1_533' title='bbox 1989 3965 2083 4020; x_wconf 89' lang='lat' dir='ltr'><strong>Sic</strong></span> 
     </span>
    </p>
   </div>
   <div class='ocr_carea' id='block_1_71' title="bbox 510 4059 2094 4130">
    <p class='ocr_par' dir='ltr' id='par_1_71' title="bbox 510 4059 2094 4130">
     <span class='ocr_line' id='line_1_71' title="bbox 510 4059 2094 4130; baseline -0.002 -16"><span class='ocrx_word' id='word_1_534' title='bbox 510 4063 657 4114; x_wconf 90' lang='lat' dir='ltr'><strong>enim</strong></span> <span class='ocrx_word' id='word_1_535' title='bbox 701 4073 754 4114; x_wconf 89' lang='lat' dir='ltr'><strong>et</strong></span> <span class='ocrx_word' id='word_1_536' title='bbox 785 4062 1022 4130; x_wconf 88' lang='lat' dir='ltr'><strong>propitio</strong></span> <span class='ocrx_word' id='word_1_537' title='bbox 1053 4061 1223 4114; x_wconf 85' lang='lat' dir='ltr'><strong>uteris</strong></span> <span class='ocrx_word' id='word_1_538' title='bbox 1247 4059 1378 4114; x_wconf 87' lang='lat' dir='ltr'><strong>Deo.</strong></span> <span class='ocrx_word' id='word_1_539' title='bbox 1425 4060 1534 4114; x_wconf 88' lang='lat' dir='ltr'><strong>Deo</strong></span> <span class='ocrx_word' id='word_1_540' title='bbox 1565 4071 1746 4113; x_wconf 88' lang='lat' dir='ltr'><strong>autem</strong></span> <span class='ocrx_word' id='word_1_541' title='bbox 1777 4067 2094 4128; x_wconf 76' lang='lat' dir='ltr'><strong>protegente</strong></span> 
     </span>
    </p>
   </div>
   <div class='ocr_carea' id='block_1_72' title="bbox 508 4151 2091 4222">
    <p class='ocr_par' dir='ltr' id='par_1_72' title="bbox 508 4151 2091 4222">
     <span class='ocr_line' id='line_1_72' title="bbox 508 4151 2091 4222; baseline -0.003 -15"><span class='ocrx_word' id='word_1_542' title='bbox 508 4154 636 4222; x_wconf 87' lang='lat' dir='ltr'><strong>quis</strong></span> <span class='ocrx_word' id='word_1_543' title='bbox 672 4154 883 4209; x_wconf 71' lang='lat' dir='ltr'><strong>allicere</strong></span> <span class='ocrx_word' id='word_1_544' title='bbox 919 4156 1063 4208; x_wconf 89' lang='lat' dir='ltr'><strong>malo</strong></span> <span class='ocrx_word' id='word_1_545' title='bbox 1117 4156 1330 4222; x_wconf 85' lang='lat' dir='ltr'><strong>possit?</strong></span> <span class='ocrx_word' id='word_1_546' title='bbox 1374 4154 1677 4217; x_wconf 86' lang='lat' dir='ltr'><strong>Memento,</strong></span> <span class='ocrx_word' id='word_1_547' title='bbox 1711 4152 1938 4204; x_wconf 78' lang='lat' dir='ltr'><strong>domine</strong></span> <span class='ocrx_word' id='word_1_548' title='bbox 1994 4151 2091 4215; x_wconf 90' lang='lat' dir='ltr'><strong>mi,</strong></span> 
     </span>
    </p>
   </div>
   <div class='ocr_carea' id='block_1_73' title="bbox 511 4241 2097 4316">
    <p class='ocr_par' dir='ltr' id='par_1_73' title="bbox 511 4241 2097 4316">
     <span class='ocr_line' id='line_1_73' title="bbox 511 4241 2097 4316; baseline -0.001 -18"><span class='ocrx_word' id='word_1_549' title='bbox 511 4246 658 4316; x_wconf 88' lang='lat' dir='ltr'><strong>quod</strong></span> <span class='ocrx_word' id='word_1_550' title='bbox 694 4256 747 4301; x_wconf 93' lang='lat' dir='ltr'><strong>et</strong></span> <span class='ocrx_word' id='word_1_551' title='bbox 797 4248 914 4315; x_wconf 87' lang='lat' dir='ltr'><strong>ipse</strong></span> <span class='ocrx_word' id='word_1_552' title='bbox 938 4262 1066 4300; x_wconf 86' lang='lat' dir='ltr'><strong>caro</strong></span> <span class='ocrx_word' id='word_1_553' title='bbox 1096 4262 1176 4311; x_wconf 93' lang='lat' dir='ltr'><strong>es,</strong></span> <span class='ocrx_word' id='word_1_554' title='bbox 1209 4255 1262 4300; x_wconf 89' lang='lat' dir='ltr'><strong>et</strong></span> <span class='ocrx_word' id='word_1_555' title='bbox 1315 4255 1375 4299; x_wconf 92' lang='lat' dir='ltr'><strong>ut</strong></span> <span class='ocrx_word' id='word_1_556' title='bbox 1405 4247 1616 4315; x_wconf 83' lang='lat' dir='ltr'><strong>lapsum</strong></span> <span class='ocrx_word' id='word_1_557' title='bbox 1657 4243 1882 4308; x_wconf 90' lang='lat' dir='ltr'><strong>metuis,</strong></span> <span class='ocrx_word' id='word_1_558' title='bbox 1930 4241 2097 4309; x_wconf 86' lang='lat' dir='ltr'><strong>lapsis</strong></span> 
     </span>
    </p>
   </div>
   <div class='ocr_carea' id='block_1_74' title="bbox 515 4331 2096 4406">
    <p class='ocr_par' dir='ltr' id='par_1_74' title="bbox 515 4331 2096 4406">
     <span class='ocr_line' id='line_1_74' title="bbox 515 4331 2096 4406; baseline -0.005 -16"><span class='ocrx_word' id='word_1_559' title='bbox 515 4338 736 4406; x_wconf 80' lang='lat' dir='ltr'><strong>ignosce</strong></span> <span class='ocrx_word' id='word_1_560' title='bbox 775 4353 787 4389; x_wconf 95' lang='lat'>:</span> <span class='ocrx_word' id='word_1_561' title='bbox 832 4335 1036 4388; x_wconf 86' lang='lat' dir='ltr'><strong>Eadem</strong></span> <span class='ocrx_word' id='word_1_562' title='bbox 1065 4337 1257 4406; x_wconf 80' lang='lat' dir='ltr'><strong>quippe</strong></span> <span class='ocrx_word' id='word_1_563' title='bbox 1304 4351 1550 4388; x_wconf 78' lang='lat' dir='ltr'><strong>mensura</strong></span> <span class='ocrx_word' id='word_1_564' title='bbox 1588 4349 1692 4404; x_wconf 85' lang='lat' dir='ltr'><strong>qua</strong></span> <span class='ocrx_word' id='word_1_565' title='bbox 1736 4331 1899 4385; x_wconf 78' lang='lat' dir='ltr'><strong>mensi</strong></span> <span class='ocrx_word' id='word_1_566' title='bbox 1931 4331 2096 4400; x_wconf 80' lang='lat' dir='ltr'><strong>fueri-</strong></span> 
     </span>
    </p>
   </div>
   <div class='ocr_carea' id='block_1_75' title="bbox 514 4423 2098 4493">
    <p class='ocr_par' dir='ltr' id='par_1_75' title="bbox 514 4423 2098 4493">
     <span class='ocr_line' id='line_1_75' title="bbox 514 4423 2098 4493; baseline -0.004 -11"><span class='ocrx_word' id='word_1_567' title='bbox 514 4446 652 4493; x_wconf 77' lang='lat' dir='ltr'><strong>mus,</strong></span> <span class='ocrx_word' id='word_1_568' title='bbox 702 4429 1005 4482; x_wconf 70' lang='lat' dir='ltr'><strong>remetiatur</strong></span> <span class='ocrx_word' id='word_1_569' title='bbox 1059 4428 1275 4483; x_wconf 70' lang='lat' dir='ltr'><strong>nobis“.</strong></span> <span class='ocrx_word' id='word_1_570' title='bbox 1323 4428 1619 4491; x_wconf 79' lang='lat' dir='ltr'><strong>Memento,</strong></span> <span class='ocrx_word' id='word_1_571' title='bbox 1668 4423 1836 4478; x_wconf 80' lang='lat' dir='ltr'><strong>frater</strong></span> <span class='ocrx_word' id='word_1_572' title='bbox 1875 4424 2098 4492; x_wconf 91' lang='lat' dir='ltr'><strong>optime,</strong></span> 
     </span>
    </p>
   </div>
   <div class='ocr_carea' id='block_1_76' title="bbox 514 4517 2104 4588">
    <p class='ocr_par' dir='ltr' id='par_1_76' title="bbox 514 4517 2104 4588">
     <span class='ocr_line' id='line_1_76' title="bbox 514 4517 2104 4588; baseline -0.008 -12"><span class='ocrx_word' id='word_1_573' title='bbox 514 4524 660 4588; x_wconf 88' lang='lat' dir='ltr'><strong>quod</strong></span> <span class='ocrx_word' id='word_1_574' title='bbox 685 4521 843 4576; x_wconf 86' lang='lat' dir='ltr'><strong>hodie</strong></span> <span class='ocrx_word' id='word_1_575' title='bbox 869 4536 1082 4584; x_wconf 87' lang='lat' dir='ltr'><strong>sumus,</strong></span> <span class='ocrx_word' id='word_1_576' title='bbox 1115 4536 1212 4574; x_wconf 90' lang='lat' dir='ltr'><strong>nec</strong></span> <span class='ocrx_word' id='word_1_577' title='bbox 1243 4521 1450 4574; x_wconf 86' lang='lat' dir='ltr'><strong>scimus</strong></span> <span class='ocrx_word' id='word_1_578' title='bbox 1471 4517 1598 4587; x_wconf 85' lang='lat' dir='ltr'><strong>quid</strong></span> <span class='ocrx_word' id='word_1_579' title='bbox 1619 4523 1992 4584; x_wconf 81' lang='lat' dir='ltr'><strong>superuentura</strong></span> <span class='ocrx_word' id='word_1_580' title='bbox 2008 4530 2104 4583; x_wconf 84' lang='lat' dir='ltr'><strong>pa-</strong></span> 
     </span>
    </p>
   </div>
   <div class='ocr_carea' id='block_1_77' title="bbox 517 4605 2105 4666">
    <p class='ocr_par' dir='ltr' id='par_1_77' title="bbox 517 4605 2105 4666">
     <span class='ocr_line' id='line_1_77' title="bbox 517 4605 2105 4666; baseline -0.005 -1"><span class='ocrx_word' id='word_1_581' title='bbox 517 4615 618 4666; x_wconf 78' lang='lat' dir='ltr'><strong>riat</strong></span> <span class='ocrx_word' id='word_1_582' title='bbox 652 4613 762 4665; x_wconf 81' lang='lat' dir='ltr'><strong>dies</strong></span> <span class='ocrx_word' id='word_1_583' title='bbox 793 4613 813 4644; x_wconf 76' lang='grc'>⁸</span> <span class='ocrx_word' id='word_1_584' title='bbox 845 4632 856 4665; x_wconf 91' lang='lat'>:</span> <span class='ocrx_word' id='word_1_585' title='bbox 899 4623 1045 4664; x_wconf 88' lang='lat' dir='ltr'><strong>utne</strong></span> <span class='ocrx_word' id='word_1_586' title='bbox 1078 4612 1427 4665; x_wconf 89' lang='lat' dir='ltr'><strong>inveniamur</strong></span> <span class='ocrx_word' id='word_1_587' title='bbox 1459 4610 1629 4663; x_wconf 90' lang='lat' dir='ltr'><strong>notati</strong></span> <span class='ocrx_word' id='word_1_588' title='bbox 1665 4623 1788 4662; x_wconf 91' lang='lat' dir='ltr'><strong>cum</strong></span> <span class='ocrx_word' id='word_1_589' title='bbox 1827 4605 2105 4658; x_wconf 84' lang='lat' dir='ltr'><strong>dedecore</strong></span> 
     </span>
    </p>
   </div>
   <div class='ocr_carea' id='block_1_78' title="bbox 516 4696 2098 4772">
    <p class='ocr_par' dir='ltr' id='par_1_78' title="bbox 516 4696 2098 4772">
     <span class='ocr_line' id='line_1_78' title="bbox 516 4696 2098 4772; baseline -0.006 -14"><span class='ocrx_word' id='word_1_590' title='bbox 516 4720 581 4758; x_wconf 86' lang='lat' dir='ltr'><strong>ac</strong></span> <span class='ocrx_word' id='word_1_591' title='bbox 600 4705 894 4768; x_wconf 87' lang='lat' dir='ltr'><strong>maledicti,</strong></span> <span class='ocrx_word' id='word_1_592' title='bbox 919 4714 1030 4758; x_wconf 93' lang='lat' dir='ltr'><strong>tum</strong></span> <span class='ocrx_word' id='word_1_593' title='bbox 1056 4704 1107 4756; x_wconf 91' lang='lat' dir='ltr'><strong>in</strong></span> <span class='ocrx_word' id='word_1_594' title='bbox 1135 4705 1386 4772; x_wconf 56' lang='lat' dir='ltr'><strong>presenti</strong></span> <span class='ocrx_word' id='word_1_595' title='bbox 1415 4701 1635 4765; x_wconf 70' lang='lat' dir='ltr'><strong>saeculo,</strong></span> <span class='ocrx_word' id='word_1_596' title='bbox 1662 4710 1775 4753; x_wconf 89' lang='lat' dir='ltr'><strong>tum</strong></span> <span class='ocrx_word' id='word_1_597' title='bbox 1807 4699 1860 4751; x_wconf 89' lang='lat' dir='ltr'><strong>in</strong></span> <span class='ocrx_word' id='word_1_598' title='bbox 1888 4696 2098 4750; x_wconf 78' lang='lat' dir='ltr'><strong>futuro.</strong></span> 
     </span>
    </p>
   </div>
   <div class='ocr_carea' id='block_1_79' title="bbox 2192 3494 3778 3570">
    <p class='ocr_par' dir='ltr' id='par_1_79' title="bbox 2192 3494 3778 3570">
     <span class='ocr_line' id='line_1_79' title="bbox 2192 3494 3778 3570; baseline -0.008 -12"><span class='ocrx_word' id='word_1_599' title='bbox 2192 3505 2413 3558; x_wconf 85' lang='grc' dir='ltr'>στάσεσι</span> <span class='ocrx_word' id='word_1_600' title='bbox 2444 3499 2702 3570; x_wconf 78' lang='grc' dir='ltr'>ζητητέος</span> <span class='ocrx_word' id='word_1_601' title='bbox 2723 3511 2737 3526; x_wconf 88' lang='grc'>·</span> <span class='ocrx_word' id='word_1_602' title='bbox 2767 3498 2860 3550; x_wconf 76' lang='grc' dir='ltr'><strong>καὶ</strong></span> <span class='ocrx_word' id='word_1_603' title='bbox 2899 3497 2927 3549; x_wconf 85' lang='grc' dir='ltr'>ὁ</span> <span class='ocrx_word' id='word_1_604' title='bbox 2959 3495 3301 3565; x_wconf 77' lang='grc' dir='ltr'>κυϐερνήτης</span> <span class='ocrx_word' id='word_1_605' title='bbox 3334 3498 3390 3545; x_wconf 84' lang='grc' dir='ltr'>ὲν</span> <span class='ocrx_word' id='word_1_606' title='bbox 3413 3494 3490 3564; x_wconf 83' lang='grc' dir='ltr'>τῷ</span> <span class='ocrx_word' id='word_1_607' title='bbox 3516 3495 3778 3552; x_wconf 76' lang='grc' dir='ltr'>κλύδωνι,</span> 
     </span>
    </p>
   </div>
   <div class='ocr_carea' id='block_1_80' title="bbox 2191 3587 3781 3666">
    <p class='ocr_par' dir='ltr' id='par_1_80' title="bbox 2191 3587 3781 3666">
     <span class='ocr_line' id='line_1_80' title="bbox 2191 3587 3781 3666; baseline -0.006 -19"><span class='ocrx_word' id='word_1_608' title='bbox 2191 3599 2261 3650; x_wconf 85' lang='grc' dir='ltr'><strong>Ἢ</strong></span> <span class='ocrx_word' id='word_1_609' title='bbox 2291 3597 2388 3665; x_wconf 81' lang='grc' dir='ltr'><strong>οὐχ</strong></span> <span class='ocrx_word' id='word_1_610' title='bbox 2416 3595 2546 3666; x_wconf 84' lang='grc' dir='ltr'>ὁρᾷς</span> <span class='ocrx_word' id='word_1_611' title='bbox 2570 3595 2653 3646; x_wconf 83' lang='grc' dir='ltr'>ὃτι</span> <span class='ocrx_word' id='word_1_612' title='bbox 2681 3590 2887 3644; x_wconf 77' lang='grc' dir='ltr'>κλύδων</span> <span class='ocrx_word' id='word_1_613' title='bbox 2922 3592 3094 3661; x_wconf 79' lang='grc' dir='ltr'>μέγας</span> <span class='ocrx_word' id='word_1_614' title='bbox 3125 3589 3219 3640; x_wconf 77' lang='grc' dir='ltr'><strong>καὶ</strong></span> <span class='ocrx_word' id='word_1_615' title='bbox 3250 3587 3522 3656; x_wconf 71' lang='grc' dir='ltr'>θεομηνὴς</span> <span class='ocrx_word' id='word_1_616' title='bbox 3547 3587 3736 3656; x_wconf 85' lang='grc' dir='ltr'>πληγὴ</span> <span class='ocrx_word' id='word_1_617' title='bbox 3765 3604 3781 3652; x_wconf 90' lang='grc'><strong>;</strong></span> 
     </span>
    </p>
   </div>
   <div class='ocr_carea' id='block_1_81' title="bbox 2195 3676 3783 3756">
    <p class='ocr_par' dir='ltr' id='par_1_81' title="bbox 2195 3676 3783 3756">
     <span class='ocr_line' id='line_1_81' title="bbox 2195 3676 3783 3756; baseline -0.008 -17"><span class='ocrx_word' id='word_1_618' title='bbox 2195 3687 2500 3756; x_wconf 84' lang='grc' dir='ltr'>ίὰτρευσον,</span> <span class='ocrx_word' id='word_1_619' title='bbox 2561 3683 2818 3746; x_wconf 82' lang='grc' dir='ltr'>δέσποτα,</span> <span class='ocrx_word' id='word_1_620' title='bbox 2875 3679 3234 3751; x_wconf 84' lang='grc' dir='ltr'>κυϐέρνησον,</span> <span class='ocrx_word' id='word_1_621' title='bbox 3277 3677 3366 3730; x_wconf 85' lang='grc' dir='ltr'>ἵνα</span> <span class='ocrx_word' id='word_1_622' title='bbox 3401 3676 3496 3730; x_wconf 75' lang='grc' dir='ltr'>καὶ</span> <span class='ocrx_word' id='word_1_623' title='bbox 3549 3677 3783 3728; x_wconf 73' lang='grc' dir='ltr'>σεαυτὸν</span> 
     </span>
    </p>
   </div>
   <div class='ocr_carea' id='block_1_82' title="bbox 2194 3770 3785 3849">
    <p class='ocr_par' dir='ltr' id='par_1_82' title="bbox 2194 3770 3785 3849">
     <span class='ocr_line' id='line_1_82' title="bbox 2194 3770 3785 3849; baseline -0.006 -18"><span class='ocrx_word' id='word_1_624' title='bbox 2194 3777 2395 3849; x_wconf 73' lang='grc' dir='ltr'>σῴσῃς,</span> <span class='ocrx_word' id='word_1_625' title='bbox 2425 3777 2668 3836; x_wconf 76' lang='grc' dir='ltr'>καὶτοὺς</span> <span class='ocrx_word' id='word_1_626' title='bbox 2696 3772 2981 3835; x_wconf 82' lang='grc' dir='ltr'>ὑπαιτίους</span> <span class='ocrx_word' id='word_1_627' title='bbox 3016 3771 3229 3843; x_wconf 77' lang='grc' dir='ltr'>ὲξιάσῃ,</span> <span class='ocrx_word' id='word_1_628' title='bbox 3266 3771 3360 3825; x_wconf 63' lang='grc' dir='ltr'><strong>καλ⁵</strong></span> <span class='ocrx_word' id='word_1_629' title='bbox 3390 3770 3785 3839; x_wconf 81' lang='grc' dir='ltr'>ἀναστοιχειὼ-</span> 
     </span>
    </p>
   </div>
   <div class='ocr_carea' id='block_1_83' title="bbox 2195 3862 3786 3942">
    <p class='ocr_par' dir='ltr' id='par_1_83' title="bbox 2195 3862 3786 3942">
     <span class='ocr_line' id='line_1_83' title="bbox 2195 3862 3786 3942; baseline -0.005 -18"><span class='ocrx_word' id='word_1_630' title='bbox 2195 3887 2294 3942; x_wconf 87' lang='grc' dir='ltr'>σῃς</span> <span class='ocrx_word' id='word_1_631' title='bbox 2317 3873 2398 3932; x_wconf 88' lang='grc' dir='ltr'><strong>είς</strong></span> <span class='ocrx_word' id='word_1_632' title='bbox 2431 3867 2776 3930; x_wconf 81' lang='grc' dir='ltr'>εὐστάθειαν,</span> <span class='ocrx_word' id='word_1_633' title='bbox 2808 3865 3136 3936; x_wconf 76' lang='grc' dir='ltr'>ἀνεχόμενος</span> <span class='ocrx_word' id='word_1_634' title='bbox 3160 3863 3259 3935; x_wconf 83' lang='grc' dir='ltr'><strong>τὴν</strong></span> <span class='ocrx_word' id='word_1_635' title='bbox 3292 3863 3541 3934; x_wconf 84' lang='grc' dir='ltr'>ἀπειλὴν,</span> <span class='ocrx_word' id='word_1_636' title='bbox 3575 3862 3652 3926; x_wconf 86' lang='grc' dir='ltr'>ὼς</span> <span class='ocrx_word' id='word_1_637' title='bbox 3681 3863 3786 3916; x_wconf 55' lang='grc' dir='ltr'><strong>καὶ⁸</strong></span> 
     </span>
    </p>
   </div>
   <div class='ocr_carea' id='block_1_84' title="bbox 2195 3954 3786 4029">
    <p class='ocr_par' dir='ltr' id='par_1_84' title="bbox 2195 3954 3786 4029">
     <span class='ocr_line' id='line_1_84' title="bbox 2195 3954 3786 4029; baseline -0.008 -12"><span class='ocrx_word' id='word_1_638' title='bbox 2195 3963 2356 4026; x_wconf 74' lang='grc' dir='ltr'>αὐτὸς</span> <span class='ocrx_word' id='word_1_639' title='bbox 2402 3961 2476 4015; x_wconf 82' lang='grc' dir='ltr'>ὢν</span> <span class='ocrx_word' id='word_1_640' title='bbox 2525 3962 2582 4013; x_wconf 80' lang='grc' dir='ltr'>ὲν</span> <span class='ocrx_word' id='word_1_641' title='bbox 2630 3958 2840 4029; x_wconf 84' lang='grc' dir='ltr'>σώματι</span> <span class='ocrx_word' id='word_1_642' title='bbox 2885 3959 2980 4010; x_wconf 74' lang='grc' dir='ltr'>καὶ</span> <span class='ocrx_word' id='word_1_643' title='bbox 3025 3957 3131 4010; x_wconf 83' lang='grc' dir='ltr'><strong>ὑπὸ</strong></span> <span class='ocrx_word' id='word_1_644' title='bbox 3158 3957 3219 4009; x_wconf 82' lang='grc' dir='ltr'><strong>τὸ</strong></span> <span class='ocrx_word' id='word_1_645' title='bbox 3256 3955 3536 4008; x_wconf 86' lang='grc' dir='ltr'>πταιστόν.</span> <span class='ocrx_word' id='word_1_646' title='bbox 3585 3954 3786 4020; x_wconf 77' lang='grc' dir='ltr'>Οὕτως</span> 
     </span>
    </p>
   </div>
   <div class='ocr_carea' id='block_1_85' title="bbox 2197 4045 3786 4126">
    <p class='ocr_par' dir='ltr' id='par_1_85' title="bbox 2197 4045 3786 4126">
     <span class='ocr_line' id='line_1_85' title="bbox 2197 4045 3786 4126; baseline -0.009 -16"><span class='ocrx_word' id='word_1_647' title='bbox 2197 4055 2305 4126; x_wconf 72' lang='grc' dir='ltr'><strong>γὰρ</strong></span> <span class='ocrx_word' id='word_1_648' title='bbox 2332 4055 2422 4108; x_wconf 80' lang='grc' dir='ltr'>καὶ</span> <span class='ocrx_word' id='word_1_649' title='bbox 2451 4052 2580 4105; x_wconf 80' lang='grc' dir='ltr'>Θεὸν</span> <span class='ocrx_word' id='word_1_650' title='bbox 2615 4051 2791 4121; x_wconf 79' lang='grc' dir='ltr'>κτήσῃ</span> <span class='ocrx_word' id='word_1_651' title='bbox 2824 4050 2972 4102; x_wconf 78' lang='grc' dir='ltr'>ἵλεω.</span> <span class='ocrx_word' id='word_1_652' title='bbox 3003 4045 3138 4102; x_wconf 80' lang='grc' dir='ltr'>Θεοῦ</span> <span class='ocrx_word' id='word_1_653' title='bbox 3172 4046 3229 4099; x_wconf 85' lang='grc' dir='ltr'>δὲ</span> <span class='ocrx_word' id='word_1_654' title='bbox 3257 4046 3609 4117; x_wconf 84' lang='grc' dir='ltr'>περιέποντος</span> <span class='ocrx_word' id='word_1_655' title='bbox 3637 4049 3726 4110; x_wconf 89' lang='grc' dir='ltr'><strong>τίς</strong></span> <span class='ocrx_word' id='word_1_656' title='bbox 3757 4050 3786 4100; x_wconf 86' lang='grc' dir='ltr'>ὁ</span> 
     </span>
    </p>
   </div>
   <div class='ocr_carea' id='block_1_86' title="bbox 2198 4130 3790 4211">
    <p class='ocr_par' dir='ltr' id='par_1_86' title="bbox 2198 4130 3790 4211">
     <span class='ocr_line' id='line_1_86' title="bbox 2198 4130 3790 4211; baseline -0.009 -11"><span class='ocrx_word' id='word_1_657' title='bbox 2198 4144 2496 4206; x_wconf 76' lang='grc' dir='ltr'>κακώσωνς</span> <span class='ocrx_word' id='word_1_658' title='bbox 2525 4139 2830 4211; x_wconf 87' lang='grc' dir='ltr'>Μνήσθητι,</span> <span class='ocrx_word' id='word_1_659' title='bbox 2864 4138 3037 4210; x_wconf 81' lang='grc' dir='ltr'>Κύριέ</span> <span class='ocrx_word' id='word_1_660' title='bbox 3063 4155 3184 4208; x_wconf 85' lang='grc' dir='ltr'>μου,</span> <span class='ocrx_word' id='word_1_661' title='bbox 3215 4137 3296 4189; x_wconf 82' lang='grc' dir='ltr'><strong>ὅτι</strong></span> <span class='ocrx_word' id='word_1_662' title='bbox 3326 4135 3459 4206; x_wconf 78' lang='grc' dir='ltr'>σὰρξ</span> <span class='ocrx_word' id='word_1_663' title='bbox 3481 4130 3532 4186; x_wconf 76' lang='grc' dir='ltr'>εἷ</span> <span class='ocrx_word' id='word_1_664' title='bbox 3560 4136 3656 4188; x_wconf 74' lang='grc' dir='ltr'>καὶ</span> <span class='ocrx_word' id='word_1_665' title='bbox 3688 4138 3790 4187; x_wconf 76' lang='grc' dir='ltr'><strong>αὐ-</strong></span> 
     </span>
    </p>
   </div>
   <div class='ocr_carea' id='block_1_87' title="bbox 2198 4225 3781 4304">
    <p class='ocr_par' dir='ltr' id='par_1_87' title="bbox 2198 4225 3781 4304">
     <span class='ocr_line' id='line_1_87' title="bbox 2198 4225 3781 4304; baseline -0.008 -13"><span class='ocrx_word' id='word_1_666' title='bbox 2198 4237 2289 4300; x_wconf 81' lang='grc' dir='ltr'>τὸς</span> <span class='ocrx_word' id='word_1_667' title='bbox 2310 4252 2325 4264; x_wconf 90' lang='grc'>·</span> <span class='ocrx_word' id='word_1_668' title='bbox 2359 4235 2449 4289; x_wconf 68' lang='grc' dir='ltr'><strong>καὶ</strong></span> <span class='ocrx_word' id='word_1_669' title='bbox 2477 4234 2550 4298; x_wconf 84' lang='grc' dir='ltr'><strong>ὡς</strong></span> <span class='ocrx_word' id='word_1_670' title='bbox 2587 4233 2723 4304; x_wconf 82' lang='grc' dir='ltr'>φοϐῇ</span> <span class='ocrx_word' id='word_1_671' title='bbox 2756 4231 2854 4294; x_wconf 76' lang='grc' dir='ltr'><strong>τὰς</strong></span> <span class='ocrx_word' id='word_1_672' title='bbox 2885 4231 3119 4300; x_wconf 83' lang='grc' dir='ltr'>πληγὰς,</span> <span class='ocrx_word' id='word_1_673' title='bbox 3150 4228 3334 4298; x_wconf 85' lang='grc' dir='ltr'>φείδου</span> <span class='ocrx_word' id='word_1_674' title='bbox 3372 4227 3479 4280; x_wconf 87' lang='grc' dir='ltr'><strong>τῶν</strong></span> <span class='ocrx_word' id='word_1_675' title='bbox 3509 4225 3744 4296; x_wconf 84' lang='grc' dir='ltr'>πληγῶν</span> <span class='ocrx_word' id='word_1_676' title='bbox 3769 4245 3781 4257; x_wconf 73' lang='grc'><strong>“</strong></span> 
     </span>
    </p>
   </div>
   <div class='ocr_carea' id='block_1_88' title="bbox 2214 4318 3789 4395">
    <p class='ocr_par' dir='ltr' id='par_1_88' title="bbox 2214 4318 3789 4395">
     <span class='ocr_line' id='line_1_88' title="bbox 2214 4318 3789 4395; baseline -0.006 -12"><span class='ocrx_word' id='word_1_677' title='bbox 2214 4329 2488 4395; x_wconf 77' lang='grc' dir='ltr'>Ἐπειπερ</span> <span class='ocrx_word' id='word_1_678' title='bbox 2527 4326 2628 4390; x_wconf 78' lang='grc' dir='ltr'><strong>οἵῳ</strong></span> <span class='ocrx_word' id='word_1_679' title='bbox 2670 4323 2863 4392; x_wconf 85' lang='grc' dir='ltr'>μέτρῳ</span> <span class='ocrx_word' id='word_1_680' title='bbox 2889 4321 3245 4392; x_wconf 81' lang='grc' dir='ltr'>μετροῦμεν,</span> <span class='ocrx_word' id='word_1_681' title='bbox 3274 4318 3789 4388; x_wconf 78' lang='grc' dir='ltr'>ἀντιμετρηθήσε-</span> 
     </span>
    </p>
   </div>
   <div class='ocr_carea' id='block_1_89' title="bbox 2202 4411 3788 4487">
    <p class='ocr_par' dir='ltr' id='par_1_89' title="bbox 2202 4411 3788 4487">
     <span class='ocr_line' id='line_1_89' title="bbox 2202 4411 3788 4487; baseline -0.009 -12"><span class='ocrx_word' id='word_1_682' title='bbox 2202 4437 2296 4474; x_wconf 86' lang='grc' dir='ltr'><strong>ται</strong></span> <span class='ocrx_word' id='word_1_683' title='bbox 2357 4418 2517 4487; x_wconf 81' lang='grc' dir='ltr'>ήμῖν.</span> <span class='ocrx_word' id='word_1_684' title='bbox 2571 4415 2877 4485; x_wconf 87' lang='grc' dir='ltr'>Μνήσθητι,</span> <span class='ocrx_word' id='word_1_685' title='bbox 2932 4413 3126 4482; x_wconf 84' lang='grc' dir='ltr'>ἀδελφὲ</span> <span class='ocrx_word' id='word_1_686' title='bbox 3187 4411 3338 4475; x_wconf 83' lang='grc' dir='ltr'>καλὲ,</span> <span class='ocrx_word' id='word_1_687' title='bbox 3393 4413 3473 4464; x_wconf 82' lang='grc' dir='ltr'>ὅτι</span> <span class='ocrx_word' id='word_1_688' title='bbox 3534 4413 3788 4480; x_wconf 70' lang='grc' dir='ltr'>σήμερον</span> 
     </span>
    </p>
   </div>
   <div class='ocr_carea' id='block_1_90' title="bbox 2206 4495 3786 4582">
    <p class='ocr_par' dir='ltr' id='par_1_90' title="bbox 2206 4495 3786 4582">
     <span class='ocr_line' id='line_1_90' title="bbox 2206 4495 3786 4582; baseline -0.006 -18"><span class='ocrx_word' id='word_1_689' title='bbox 2206 4516 2394 4582; x_wconf 76' lang='grc' dir='ltr'>ἐσμεν,</span> <span class='ocrx_word' id='word_1_690' title='bbox 2430 4509 2524 4564; x_wconf 73' lang='grc' dir='ltr'><strong>καὶ</strong></span> <span class='ocrx_word' id='word_1_691' title='bbox 2551 4509 2605 4561; x_wconf 86' lang='grc' dir='ltr'><strong>τι</strong></span> <span class='ocrx_word' id='word_1_692' title='bbox 2633 4495 2876 4571; x_wconf 70' lang='grc' dir='ltr'>τέξεταί</span> <span class='ocrx_word' id='word_1_693' title='bbox 2896 4507 2934 4574; x_wconf 80' lang='grc' dir='ltr'>ἡ</span> <span class='ocrx_word' id='word_1_694' title='bbox 2963 4504 3222 4559; x_wconf 82' lang='grc' dir='ltr'>ἐπιοῦσα</span> <span class='ocrx_word' id='word_1_695' title='bbox 3247 4507 3356 4559; x_wconf 82' lang='grc' dir='ltr'>οὐκ</span> <span class='ocrx_word' id='word_1_696' title='bbox 3389 4503 3667 4572; x_wconf 78' lang='grc' dir='ltr'>οἴδαμεν·</span> <span class='ocrx_word' id='word_1_697' title='bbox 3705 4503 3786 4564; x_wconf 83' lang='grc' dir='ltr'>ὼς</span> 
     </span>
    </p>
   </div>
   <div class='ocr_carea' id='block_1_91' title="bbox 2212 4597 3788 4676">
    <p class='ocr_par' dir='ltr' id='par_1_91' title="bbox 2212 4597 3788 4676">
     <span class='ocr_line' id='line_1_91' title="bbox 2212 4597 3788 4676; baseline -0.004 -19"><span class='ocrx_word' id='word_1_698' title='bbox 2212 4604 2285 4676; x_wconf 82' lang='grc' dir='ltr'>μὴ</span> <span class='ocrx_word' id='word_1_699' title='bbox 2332 4601 2620 4673; x_wconf 81' lang='grc' dir='ltr'>εὑρεθῆναι</span> <span class='ocrx_word' id='word_1_700' title='bbox 2658 4601 2804 4670; x_wconf 77' lang='grc' dir='ltr'>ἡμᾶς</span> <span class='ocrx_word' id='word_1_701' title='bbox 2837 4598 3306 4670; x_wconf 82' lang='grc' dir='ltr'>κωμῳδουμένους</span> <span class='ocrx_word' id='word_1_702' title='bbox 3336 4597 3429 4649; x_wconf 79' lang='grc' dir='ltr'>καὶ</span> <span class='ocrx_word' id='word_1_703' title='bbox 3459 4597 3788 4665; x_wconf 83' lang='grc' dir='ltr'>κατηραμέ-</span> 
     </span>
    </p>
   </div>
   <div class='ocr_carea' id='block_1_92' title="bbox 2208 4687 3787 4762">
    <p class='ocr_par' dir='ltr' id='par_1_92' title="bbox 2208 4687 3787 4762">
     <span class='ocr_line' id='line_1_92' title="bbox 2208 4687 3787 4762; baseline -0.007 -14"><span class='ocrx_word' id='word_1_704' title='bbox 2208 4713 2354 4758; x_wconf 88' lang='grc' dir='ltr'>νους,</span> <span class='ocrx_word' id='word_1_705' title='bbox 2380 4694 2472 4748; x_wconf 59' lang='grc' dir='ltr'><strong>καὶ⁹</strong></span> <span class='ocrx_word' id='word_1_706' title='bbox 2497 4694 2554 4746; x_wconf 81' lang='grc' dir='ltr'>ὲν</span> <span class='ocrx_word' id='word_1_707' title='bbox 2583 4691 2659 4762; x_wconf 83' lang='grc' dir='ltr'>τῷ</span> <span class='ocrx_word' id='word_1_708' title='bbox 2689 4690 2784 4744; x_wconf 82' lang='grc' dir='ltr'>νῦν</span> <span class='ocrx_word' id='word_1_709' title='bbox 2814 4690 2971 4744; x_wconf 79' lang='grc' dir='ltr'>αἰῶνι</span> <span class='ocrx_word' id='word_1_710' title='bbox 3010 4690 3104 4742; x_wconf 78' lang='grc' dir='ltr'>καὶ</span> <span class='ocrx_word' id='word_1_711' title='bbox 3133 4693 3189 4742; x_wconf 82' lang='grc' dir='ltr'>ὲν</span> <span class='ocrx_word' id='word_1_712' title='bbox 3221 4689 3299 4759; x_wconf 84' lang='grc' dir='ltr'>τῷ</span> <span class='ocrx_word' id='word_1_713' title='bbox 3328 4689 3593 4758; x_wconf 87' lang='grc' dir='ltr'>μέλλοντι.</span> <span class='ocrx_word' id='word_1_714' title='bbox 3624 4687 3787 4757; x_wconf 78' lang='grc' dir='ltr'><strong>Μνή-</strong></span> 
     </span>
    </p>
   </div>
   <div class='ocr_carea' id='block_1_93' title="bbox 518 4778 2081 4859">
    <p class='ocr_par' dir='ltr' id='par_1_93' title="bbox 518 4789 2081 4859">
     <span class='ocr_line' id='line_1_93' title="bbox 518 4789 2081 4859; baseline -0.004 -12"><span class='ocrx_word' id='word_1_715' title='bbox 518 4794 789 4848; x_wconf 80' lang='lat' dir='ltr'><strong>Memento</strong></span> <span class='ocrx_word' id='word_1_716' title='bbox 819 4795 1103 4848; x_wconf 71' lang='lat' dir='ltr'><strong>horrenda:</strong></span> <span class='ocrx_word' id='word_1_717' title='bbox 1133 4794 1283 4847; x_wconf 91' lang='lat' dir='ltr'><strong>illius</strong></span> <span class='ocrx_word' id='word_1_718' title='bbox 1316 4792 1786 4859; x_wconf 77' lang='lat' dir='ltr'><strong>inexorabilisque</strong></span> <span class='ocrx_word' id='word_1_719' title='bbox 1803 4789 2081 4843; x_wconf 75' lang='lat' dir='ltr'><strong>sententia:</strong></span> 
     </span>
    </p>
   </div>
   <div class='ocr_carea' id='block_1_94' title="bbox 2187 4778 3790 4859">
    <p class='ocr_par' dir='ltr' id='par_1_94' title="bbox 2212 4778 3790 4856">
     <span class='ocr_line' id='line_1_94' title="bbox 2212 4778 3790 4856; baseline -0.004 -17"><span class='ocrx_word' id='word_1_720' title='bbox 2212 4787 2368 4856; x_wconf 88' lang='grc' dir='ltr'>σθητι</span> <span class='ocrx_word' id='word_1_721' title='bbox 2416 4787 2514 4856; x_wconf 79' lang='grc' dir='ltr'><strong>τῆς</strong></span> <span class='ocrx_word' id='word_1_722' title='bbox 2576 4783 2902 4852; x_wconf 84' lang='grc' dir='ltr'>ἀποφάσεως</span> <span class='ocrx_word' id='word_1_723' title='bbox 2966 4783 3181 4849; x_wconf 71' lang='grc' dir='ltr'>ἐκείνης</span> <span class='ocrx_word' id='word_1_724' title='bbox 3234 4783 3330 4849; x_wconf 77' lang='grc' dir='ltr'>τῆς</span> <span class='ocrx_word' id='word_1_725' title='bbox 3390 4778 3626 4848; x_wconf 78' lang='grc' dir='ltr'>φοϐερᾶς</span> <span class='ocrx_word' id='word_1_726' title='bbox 3688 4782 3790 4833; x_wconf 72' lang='grc' dir='ltr'><strong>καὶ</strong></span> 
     </span>
    </p>
   </div>
   <div class='ocr_carea' id='block_1_95' title="bbox 516 4880 2100 4952">
    <p class='ocr_par' dir='ltr' id='par_1_95' title="bbox 516 4880 2100 4952">
     <span class='ocr_line' id='line_1_95' title="bbox 516 4880 2100 4952; baseline -0.006 -14"><span class='ocrx_word' id='word_1_727' title='bbox 516 4901 624 4951; x_wconf 84' lang='lat' dir='ltr'><strong>qua</strong></span> <span class='ocrx_word' id='word_1_728' title='bbox 642 4885 1102 4938; x_wconf 86' lang='lat' dir='ltr'><strong>immisericordes</strong></span> <span class='ocrx_word' id='word_1_729' title='bbox 1117 4884 1168 4935; x_wconf 93' lang='lat' dir='ltr'><strong>in</strong></span> <span class='ocrx_word' id='word_1_730' title='bbox 1187 4884 1362 4952; x_wconf 77' lang='lat' dir='ltr'><strong>ignem</strong></span> <span class='ocrx_word' id='word_1_731' title='bbox 1386 4883 1772 4935; x_wconf 76' lang='lat' dir='ltr'><strong>inexstinctutn</strong></span> <span class='ocrx_word' id='word_1_732' title='bbox 1792 4880 2100 4933; x_wconf 85' lang='lat' dir='ltr'><strong>mittentur.</strong></span> 
     </span>
    </p>
   </div>
   <div class='ocr_carea' id='block_1_96' title="bbox 517 4970 2082 5038">
    <p class='ocr_par' dir='ltr' id='par_1_96' title="bbox 517 4970 2082 5038">
     <span class='ocr_line' id='line_1_96' title="bbox 517 4970 2082 5038; baseline -0.005 -8"><span class='ocrx_word' id='word_1_733' title='bbox 517 4977 791 5030; x_wconf 87' lang='lat' dir='ltr'><strong>Memento</strong></span> <span class='ocrx_word' id='word_1_734' title='bbox 818 4976 933 5029; x_wconf 80' lang='lat' dir='ltr'><strong>fore</strong></span> <span class='ocrx_word' id='word_1_735' title='bbox 970 4984 1028 5028; x_wconf 91' lang='lat' dir='ltr'><strong>ut</strong></span> <span class='ocrx_word' id='word_1_736' title='bbox 1073 4976 1230 5028; x_wconf 90' lang='lat' dir='ltr'><strong>nobis</strong></span> <span class='ocrx_word' id='word_1_737' title='bbox 1265 4975 1533 5028; x_wconf 91' lang='lat' dir='ltr'><strong>sistantur</strong></span> <span class='ocrx_word' id='word_1_738' title='bbox 1567 4974 1636 5026; x_wconf 92' lang='lat' dir='ltr'><strong>ob</strong></span> <span class='ocrx_word' id='word_1_739' title='bbox 1667 4973 1856 5026; x_wconf 84' lang='lat' dir='ltr'><strong>oculos</strong></span> <span class='ocrx_word' id='word_1_740' title='bbox 1887 4970 1944 5033; x_wconf 92' lang='lat' dir='ltr'><strong>ii,</strong></span> <span class='ocrx_word' id='word_1_741' title='bbox 1987 4971 2082 5038; x_wconf 89' lang='lat' dir='ltr'><strong>qui</strong></span> 
     </span>
    </p>
   </div>
   <div class='ocr_carea' id='block_1_97' title="bbox 521 5059 2098 5135">
    <p class='ocr_par' dir='ltr' id='par_1_97' title="bbox 521 5059 2098 5135">
     <span class='ocr_line' id='line_1_97' title="bbox 521 5059 2098 5135; baseline -0.006 -12"><span class='ocrx_word' id='word_1_742' title='bbox 521 5071 722 5124; x_wconf 80' lang='lat' dir='ltr'><strong>fuerint</strong></span> <span class='ocrx_word' id='word_1_743' title='bbox 753 5085 782 5122; x_wconf 90' lang='lat' dir='ltr'><strong>a</strong></span> <span class='ocrx_word' id='word_1_744' title='bbox 824 5069 982 5122; x_wconf 86' lang='lat' dir='ltr'><strong>nobis</strong></span> <span class='ocrx_word' id='word_1_745' title='bbox 1012 5078 1106 5121; x_wconf 90' lang='lat' dir='ltr'><strong>aut</strong></span> <span class='ocrx_word' id='word_1_746' title='bbox 1142 5067 1410 5120; x_wconf 82' lang='lat' dir='ltr'><strong>beneﬁcio</strong></span> <span class='ocrx_word' id='word_1_747' title='bbox 1445 5067 1630 5135; x_wconf 90' lang='lat' dir='ltr'><strong>aliquo</strong></span> <span class='ocrx_word' id='word_1_748' title='bbox 1658 5074 1751 5118; x_wconf 89' lang='lat' dir='ltr'><strong>aut</strong></span> <span class='ocrx_word' id='word_1_749' title='bbox 1781 5064 1983 5118; x_wconf 90' lang='lat' dir='ltr'><strong>damno</strong></span> <span class='ocrx_word' id='word_1_750' title='bbox 2017 5059 2098 5114; x_wconf 77' lang='lat' dir='ltr'><strong>af—</strong></span> 
     </span>
    </p>
   </div>
   <div class='ocr_carea' id='block_1_98' title="bbox 523 5157 2089 5230">
    <p class='ocr_par' dir='ltr' id='par_1_98' title="bbox 523 5157 2089 5230">
     <span class='ocr_line' id='line_1_98' title="bbox 523 5157 2089 5230; baseline -0.004 -16"><span class='ocrx_word' id='word_1_751' title='bbox 523 5163 669 5217; x_wconf 55' lang='lat' dir='ltr'><strong>t’ccti.</strong></span> <span class='ocrx_word' id='word_1_752' title='bbox 712 5162 916 5230; x_wconf 79' lang='lat' dir='ltr'><strong>Ecquid</strong></span> <span class='ocrx_word' id='word_1_753' title='bbox 949 5169 1060 5213; x_wconf 88' lang='lat' dir='ltr'><strong>tum</strong></span> <span class='ocrx_word' id='word_1_754' title='bbox 1093 5160 1337 5229; x_wconf 88' lang='lat' dir='ltr'><strong>proderit</strong></span> <span class='ocrx_word' id='word_1_755' title='bbox 1374 5159 1590 5228; x_wconf 78' lang='lat' dir='ltr'><strong>egregia</strong></span> <span class='ocrx_word' id='word_1_756' title='bbox 1622 5174 1717 5226; x_wconf 89' lang='lat' dir='ltr'><strong>per</strong></span> <span class='ocrx_word' id='word_1_757' title='bbox 1751 5157 1891 5209; x_wconf 90' lang='lat' dir='ltr'><strong>hanc</strong></span> <span class='ocrx_word' id='word_1_758' title='bbox 1922 5157 2089 5208; x_wconf 87' lang='lat' dir='ltr'><strong>vitam</strong></span> 
     </span>
    </p>
   </div>
   <div class='ocr_carea' id='block_1_99' title="bbox 522 5244 2089 5314">
    <p class='ocr_par' dir='ltr' id='par_1_99' title="bbox 522 5244 2089 5314">
     <span class='ocr_line' id='line_1_99' title="bbox 522 5244 2089 5314; baseline -0.006 -10"><span class='ocrx_word' id='word_1_759' title='bbox 522 5250 663 5304; x_wconf 73' lang='lat' dir='ltr'><strong>fama</strong></span> <span class='ocrx_word' id='word_1_760' title='bbox 704 5252 911 5305; x_wconf 79' lang='lat' dir='ltr'><strong>fuisse?</strong></span> <span class='ocrx_word' id='word_1_761' title='bbox 939 5250 1011 5304; x_wconf 83' lang='lat' dir='ltr'><strong>Ne</strong></span> <span class='ocrx_word' id='word_1_762' title='bbox 1043 5250 1144 5311; x_wconf 88' lang='lat' dir='ltr'><strong>sic,</strong></span> <span class='ocrx_word' id='word_1_763' title='bbox 1180 5251 1444 5308; x_wconf 77' lang='lat' dir='ltr'><strong>obtestor.</strong></span> <span class='ocrx_word' id='word_1_764' title='bbox 1480 5258 1664 5300; x_wconf 82' lang='lat' dir='ltr'><strong>nostro</strong></span> <span class='ocrx_word' id='word_1_765' title='bbox 1694 5262 1792 5297; x_wconf 89' lang='lat' dir='ltr'><strong>nos</strong></span> <span class='ocrx_word' id='word_1_766' title='bbox 1828 5244 1928 5313; x_wconf 90' lang='lat' dir='ltr'><strong>ipsi</strong></span> <span class='ocrx_word' id='word_1_767' title='bbox 1974 5245 2089 5314; x_wconf 72' lang='lat' dir='ltr'><strong>gla-</strong></span> 
     </span>
    </p>
   </div>
   <div class='ocr_carea' id='block_1_100' title="bbox 523 5339 2094 5412">
    <p class='ocr_par' dir='ltr' id='par_1_100' title="bbox 523 5339 2094 5412">
     <span class='ocr_line' id='line_1_100' title="bbox 523 5339 2094 5412; baseline -0.004 -18"><span class='ocrx_word' id='word_1_768' title='bbox 523 5345 611 5397; x_wconf 91' lang='lat' dir='ltr'><strong>dio</strong></span> <span class='ocrx_word' id='word_1_769' title='bbox 635 5343 967 5412; x_wconf 73' lang='lat' dir='ltr'><strong>jugulemus.</strong></span> <span class='ocrx_word' id='word_1_770' title='bbox 998 5341 1122 5394; x_wconf 66' lang='lat' dir='ltr'><strong>ilaac</strong></span> <span class='ocrx_word' id='word_1_771' title='bbox 1154 5343 1230 5393; x_wconf 90' lang='lat' dir='ltr'><strong>tui</strong></span> <span class='ocrx_word' id='word_1_772' title='bbox 1259 5354 1550 5409; x_wconf 89' lang='lat' dir='ltr'><strong>peramans</strong></span> <span class='ocrx_word' id='word_1_773' title='bbox 1574 5339 1717 5397; x_wconf 85' lang='lat' dir='ltr'><strong>dico.</strong></span> <span class='ocrx_word' id='word_1_774' title='bbox 1754 5340 2094 5404; x_wconf 76' lang='lat' dir='ltr'><strong>maximeque</strong></span> 
     </span>
    </p>
   </div>
   <div class='ocr_carea' id='block_1_101' title="bbox 522 5428 2090 5499">
    <p class='ocr_par' dir='ltr' id='par_1_101' title="bbox 522 5428 2090 5499">
     <span class='ocr_line' id='line_1_101' title="bbox 522 5428 2090 5499; baseline -0.005 -12"><span class='ocrx_word' id='word_1_775' title='bbox 522 5436 589 5487; x_wconf 90' lang='lat' dir='ltr'><strong>de</strong></span> <span class='ocrx_word' id='word_1_776' title='bbox 621 5445 690 5499; x_wconf 90' lang='lat' dir='ltr'><strong>te,</strong></span> <span class='ocrx_word' id='word_1_777' title='bbox 724 5435 964 5496; x_wconf 87' lang='lat' dir='ltr'><strong>domine,</strong></span> <span class='ocrx_word' id='word_1_778' title='bbox 999 5433 1288 5490; x_wconf 81' lang='lat' dir='ltr'><strong>sollicitus.</strong></span> <span class='ocrx_word' id='word_1_779' title='bbox 1335 5442 1388 5484; x_wconf 91' lang='lat' dir='ltr'><strong>ut</strong></span> <span class='ocrx_word' id='word_1_780' title='bbox 1431 5432 1589 5483; x_wconf 86' lang='lat' dir='ltr'><strong>linem</strong></span> <span class='ocrx_word' id='word_1_781' title='bbox 1630 5429 1843 5483; x_wconf 89' lang='lat' dir='ltr'><strong>dicendi</strong></span> <span class='ocrx_word' id='word_1_782' title='bbox 1876 5428 2090 5480; x_wconf 79' lang='lat' dir='ltr'><strong>faciam.</strong></span> 
     </span>
    </p>
   </div>
   <div class='ocr_carea' id='block_1_102' title="bbox 522 5521 2094 5594">
    <p class='ocr_par' dir='ltr' id='par_1_102' title="bbox 522 5521 2094 5594">
     <span class='ocr_line' id='line_1_102' title="bbox 522 5521 2094 5594; baseline -0.007 -13"><span class='ocrx_word' id='word_1_783' title='bbox 522 5527 701 5581; x_wconf 74' lang='lat' dir='ltr'><strong>Laetos</strong></span> <span class='ocrx_word' id='word_1_784' title='bbox 732 5526 960 5594; x_wconf 87' lang='lat' dir='ltr'><strong>posthac</strong></span> <span class='ocrx_word' id='word_1_785' title='bbox 997 5526 1216 5578; x_wconf 84' lang='lat' dir='ltr'><strong>nuntios</strong></span> <span class='ocrx_word' id='word_1_786' title='bbox 1243 5524 1461 5577; x_wconf 89' lang='lat' dir='ltr'><strong>audiam</strong></span> <span class='ocrx_word' id='word_1_787' title='bbox 1493 5525 1556 5575; x_wconf 82' lang='lat' dir='ltr'><strong>de</strong></span> <span class='ocrx_word' id='word_1_788' title='bbox 1586 5523 1848 5575; x_wconf 85' lang='lat' dir='ltr'><strong>comitate</strong></span> <span class='ocrx_word' id='word_1_789' title='bbox 1880 5521 1932 5573; x_wconf 90' lang='lat' dir='ltr'><strong>in</strong></span> <span class='ocrx_word' id='word_1_790' title='bbox 1969 5536 2094 5573; x_wconf 85' lang='lat' dir='ltr'><strong>eru-</strong></span> 
     </span>
    </p>
   </div>
   <div class='ocr_carea' id='block_1_103' title="bbox 523 5615 2094 5677">
    <p class='ocr_par' dir='ltr' id='par_1_103' title="bbox 523 5615 2094 5677">
     <span class='ocr_line' id='line_1_103' title="bbox 523 5615 2094 5677; baseline -0.004 -5"><span class='ocrx_word' id='word_1_791' title='bbox 523 5620 722 5672; x_wconf 87' lang='lat' dir='ltr'><strong>diendo</strong></span> <span class='ocrx_word' id='word_1_792' title='bbox 757 5635 820 5672; x_wconf 85' lang='lat' dir='ltr'><strong>ac</strong></span> <span class='ocrx_word' id='word_1_793' title='bbox 874 5617 1131 5670; x_wconf 75' lang='lat' dir='ltr'><strong>facilitate</strong></span> <span class='ocrx_word' id='word_1_794' title='bbox 1182 5616 1385 5669; x_wconf 90' lang='lat' dir='ltr'><strong>domini</strong></span> <span class='ocrx_word' id='word_1_795' title='bbox 1451 5615 1596 5668; x_wconf 89' lang='lat' dir='ltr'><strong>mei:</strong></span> <span class='ocrx_word' id='word_1_796' title='bbox 1636 5626 1692 5668; x_wconf 90' lang='lat' dir='ltr'><strong>ut</strong></span> <span class='ocrx_word' id='word_1_797' title='bbox 1755 5622 1991 5677; x_wconf 90' lang='lat' dir='ltr'><strong>cantem,</strong></span> <span class='ocrx_word' id='word_1_798' title='bbox 2035 5621 2094 5665; x_wconf 88' lang='lat' dir='ltr'><strong>ut</strong></span> 
     </span>
    </p>
   </div>
   <div class='ocr_carea' id='block_1_104' title="bbox 525 5705 2100 5780">
    <p class='ocr_par' dir='ltr' id='par_1_104' title="bbox 525 5705 2100 5780">
     <span class='ocr_line' id='line_1_104' title="bbox 525 5705 2100 5780; baseline -0.007 -13"><span class='ocrx_word' id='word_1_799' title='bbox 525 5713 819 5778; x_wconf 72' lang='lat' dir='ltr'><strong>intelligam</strong></span> <span class='ocrx_word' id='word_1_800' title='bbox 853 5720 1188 5780; x_wconf 83' lang='lat' dir='ltr'><strong>quantopere</strong></span> <span class='ocrx_word' id='word_1_801' title='bbox 1237 5708 1369 5762; x_wconf 90' lang='lat' dir='ltr'><strong>mihi</strong></span> <span class='ocrx_word' id='word_1_802' title='bbox 1425 5705 1681 5775; x_wconf 88' lang='lat' dir='ltr'><strong>deinceps</strong></span> <span class='ocrx_word' id='word_1_803' title='bbox 1704 5705 1915 5758; x_wconf 88' lang='lat' dir='ltr'><strong>amicus</strong></span> <span class='ocrx_word' id='word_1_804' title='bbox 1949 5719 2100 5758; x_wconf 90' lang='lat' dir='ltr'><strong>meus</strong></span> 
     </span>
    </p>
   </div>
   <div class='ocr_carea' id='block_1_105' title="bbox 596 5817 1589 5887">
    <p class='ocr_par' dir='ltr' id='par_1_105' title="bbox 596 5817 1589 5887">
     <span class='ocr_line' id='line_1_105' title="bbox 596 5817 1589 5887; baseline -0.005 -10"><span class='ocrx_word' id='word_1_805' title='bbox 596 5825 615 5854; x_wconf 75' lang='grc'><strong><em>⁵</em></strong></span> <span class='ocrx_word' id='word_1_806' title='bbox 647 5823 810 5876; x_wconf 78' lang='lat' dir='ltr'><strong>Marc.</strong></span> <span class='ocrx_word' id='word_1_807' title='bbox 845 5837 961 5887; x_wconf 77' lang='lat' dir='ltr'><strong>vm,</strong></span> <span class='ocrx_word' id='word_1_808' title='bbox 995 5821 1084 5876; x_wconf 79' lang='grc'><strong>56.</strong></span> <span class='ocrx_word' id='word_1_809' title='bbox 1193 5822 1213 5851; x_wconf 82' lang='grc'><strong><em>⁵</em></strong></span> <span class='ocrx_word' id='word_1_810' title='bbox 1241 5818 1369 5873; x_wconf 87' lang='lat' dir='ltr'><strong>Luc.</strong></span> <span class='ocrx_word' id='word_1_811' title='bbox 1396 5835 1466 5882; x_wconf 78' lang='lat' dir='ltr'><strong>vi,</strong></span> <span class='ocrx_word' id='word_1_812' title='bbox 1502 5817 1589 5872; x_wconf 77' lang='grc'><strong>38.</strong></span> 
     </span>
    </p>
   </div>
   <div class='ocr_carea' id='block_1_106' title="bbox 1666 5813 2141 5878">
    <p class='ocr_par' dir='ltr' id='par_1_106' title="bbox 1666 5813 2141 5878">
     <span class='ocr_line' id='line_1_106' title="bbox 1666 5813 2141 5878; baseline -0.017 -8"><span class='ocrx_word' id='word_1_813' title='bbox 1666 5818 1867 5869; x_wconf 78' lang='lat' dir='ltr'><strong>‘Prov.</strong></span> <span class='ocrx_word' id='word_1_814' title='bbox 1897 5830 2060 5878; x_wconf 75' lang='lat' dir='ltr'><strong>xxvii,</strong></span> <span class='ocrx_word' id='word_1_815' title='bbox 2094 5813 2141 5864; x_wconf 88' lang='lat' dir='ltr'><strong>l.</strong></span> 
     </span>
    </p>
   </div>
   <div class='ocr_carea' id='block_1_107' title="bbox 2205 4869 3794 4949">
    <p class='ocr_par' dir='ltr' id='par_1_107' title="bbox 2205 4869 3794 4949">
     <span class='ocr_line' id='line_1_107' title="bbox 2205 4869 3794 4949; baseline -0.006 -19"><span class='ocrx_word' id='word_1_816' title='bbox 2205 4877 2668 4949; x_wconf 84' lang='grc' dir='ltr'>ἀπαραλογίστου,</span> <span class='ocrx_word' id='word_1_817' title='bbox 2703 4874 2790 4943; x_wconf 87' lang='grc' dir='ltr'>ὑφ’</span> <span class='ocrx_word' id='word_1_818' title='bbox 2819 4870 2885 4945; x_wconf 78' lang='grc' dir='ltr'>ἧς</span> <span class='ocrx_word' id='word_1_819' title='bbox 2905 4875 2956 4926; x_wconf 81' lang='grc' dir='ltr'>οἱ</span> <span class='ocrx_word' id='word_1_820' title='bbox 2990 4872 3345 4943; x_wconf 86' lang='grc' dir='ltr'>ἀνελεήμονες</span> <span class='ocrx_word' id='word_1_821' title='bbox 3378 4873 3455 4932; x_wconf 87' lang='grc' dir='ltr'>εἰς</span> <span class='ocrx_word' id='word_1_822' title='bbox 3481 4870 3590 4938; x_wconf 77' lang='grc' dir='ltr'>πῦρ</span> <span class='ocrx_word' id='word_1_823' title='bbox 3621 4869 3794 4921; x_wconf 82' lang='grc' dir='ltr'>ἄσϐε-</span> 
     </span>
    </p>
   </div>
   <div class='ocr_carea' id='block_1_108' title="bbox 2205 4962 3790 5040">
    <p class='ocr_par' dir='ltr' id='par_1_108' title="bbox 2205 4962 3790 5037">
     <span class='ocr_line' id='line_1_108' title="bbox 2205 4962 3790 5037; baseline -0.006 -15"><span class='ocrx_word' id='word_1_824' title='bbox 2205 4988 2326 5023; x_wconf 80' lang='grc' dir='ltr'>στον</span> <span class='ocrx_word' id='word_1_825' title='bbox 2365 4966 2867 5037; x_wconf 81' lang='grc' dir='ltr'>ὲκπεμφθήσονται.</span> <span class='ocrx_word' id='word_1_826' title='bbox 2912 4965 3194 5034; x_wconf 80' lang='grc' dir='ltr'>Μνήσθητι</span> <span class='ocrx_word' id='word_1_827' title='bbox 3225 4963 3306 5015; x_wconf 85' lang='grc' dir='ltr'>ὅτι</span> <span class='ocrx_word' id='word_1_828' title='bbox 3335 4962 3790 5032; x_wconf 85' lang='grc' dir='ltr'>παραστήσονται</span> 
     </span>
    </p>
   </div>
   <div class='ocr_carea' id='block_1_109' title="bbox 2200 5053 3792 5132">
    <p class='ocr_par' dir='ltr' id='par_1_109' title="bbox 2200 5053 3792 5132">
     <span class='ocr_line' id='line_1_109' title="bbox 2200 5053 3792 5132; baseline -0.006 -19"><span class='ocrx_word' id='word_1_829' title='bbox 2200 5064 2332 5132; x_wconf 84' lang='grc' dir='ltr'>ἡμῖν</span> <span class='ocrx_word' id='word_1_830' title='bbox 2375 5065 2443 5113; x_wconf 78' lang='grc' dir='ltr'>τὰ</span> <span class='ocrx_word' id='word_1_831' title='bbox 2479 5055 2537 5112; x_wconf 86' lang='grc' dir='ltr'>εὖ</span> <span class='ocrx_word' id='word_1_832' title='bbox 2578 5059 2887 5112; x_wconf 82' lang='grc' dir='ltr'>πεπονθότα</span> <span class='ocrx_word' id='word_1_833' title='bbox 2919 5056 3207 5127; x_wconf 80' lang='grc' dir='ltr'>πρόσωπα,</span> <span class='ocrx_word' id='word_1_834' title='bbox 3240 5055 3335 5107; x_wconf 73' lang='grc' dir='ltr'><strong>καὶ</strong></span> <span class='ocrx_word' id='word_1_835' title='bbox 3361 5056 3430 5106; x_wconf 88' lang='grc' dir='ltr'><strong>τά</strong></span> <span class='ocrx_word' id='word_1_836' title='bbox 3459 5053 3792 5122; x_wconf 81' lang='grc' dir='ltr'>δεινοπαθή-</span> 
     </span>
    </p>
   </div>
   <div class='ocr_carea' id='block_1_110' title="bbox 2198 5148 3793 5224">
    <p class='ocr_par' dir='ltr' id='par_1_110' title="bbox 2198 5148 3793 5224">
     <span class='ocr_line' id='line_1_110' title="bbox 2198 5148 3793 5224; baseline -0.004 -16"><span class='ocrx_word' id='word_1_837' title='bbox 2198 5173 2367 5208; x_wconf 91' lang='grc' dir='ltr'>σαντα</span> <span class='ocrx_word' id='word_1_838' title='bbox 2413 5155 2501 5224; x_wconf 85' lang='grc' dir='ltr'><strong>ὑφ’</strong></span> <span class='ocrx_word' id='word_1_839' title='bbox 2536 5153 2712 5224; x_wconf 86' lang='grc' dir='ltr'>ἡμῶν.</span> <span class='ocrx_word' id='word_1_840' title='bbox 2761 5154 2870 5206; x_wconf 77' lang='grc' dir='ltr'><strong>Καὶ</strong></span> <span class='ocrx_word' id='word_1_841' title='bbox 2906 5153 2958 5204; x_wconf 84' lang='grc' dir='ltr'><strong>τί</strong></span> <span class='ocrx_word' id='word_1_842' title='bbox 2988 5151 3260 5220; x_wconf 78' lang='grc' dir='ltr'>ὠφελήσει</span> <span class='ocrx_word' id='word_1_843' title='bbox 3300 5149 3418 5202; x_wconf 77' lang='grc' dir='ltr'>τότε</span> <span class='ocrx_word' id='word_1_844' title='bbox 3455 5148 3514 5201; x_wconf 75' lang='grc' dir='ltr'>τὸ</span> <span class='ocrx_word' id='word_1_845' title='bbox 3549 5148 3793 5202; x_wconf 75' lang='grc' dir='ltr'>ἐνταῦθα</span> 
     </span>
    </p>
   </div>
   <div class='ocr_carea' id='block_1_111' title="bbox 2201 5239 3793 5314">
    <p class='ocr_par' dir='ltr' id='par_1_111' title="bbox 2201 5239 3793 5314">
     <span class='ocr_line' id='line_1_111' title="bbox 2201 5239 3793 5314; baseline -0.003 -16"><span class='ocrx_word' id='word_1_846' title='bbox 2201 5246 2430 5298; x_wconf 77' lang='grc' dir='ltr'>ἀκοῦσαι</span> <span class='ocrx_word' id='word_1_847' title='bbox 2476 5245 2623 5314; x_wconf 81' lang='grc' dir='ltr'>ἡμᾶς</span> <span class='ocrx_word' id='word_1_848' title='bbox 2673 5242 2926 5307; x_wconf 82' lang='grc' dir='ltr'>ἱκανούς;</span> <span class='ocrx_word' id='word_1_849' title='bbox 2963 5243 3074 5312; x_wconf 82' lang='grc' dir='ltr'><strong>Μὴ,</strong></span> <span class='ocrx_word' id='word_1_850' title='bbox 3124 5239 3445 5310; x_wconf 82' lang='grc' dir='ltr'>παρακαλῶ,</span> <span class='ocrx_word' id='word_1_851' title='bbox 3484 5239 3558 5310; x_wconf 83' lang='grc' dir='ltr'><strong>μὴ</strong></span> <span class='ocrx_word' id='word_1_852' title='bbox 3610 5239 3793 5305; x_wconf 80' lang='grc' dir='ltr'>οὕτως</span> 
     </span>
    </p>
   </div>
   <div class='ocr_carea' id='block_1_112' title="bbox 2200 5330 3790 5402">
    <p class='ocr_par' dir='ltr' id='par_1_112' title="bbox 2200 5330 3790 5402">
     <span class='ocr_line' id='line_1_112' title="bbox 2200 5330 3790 5402; baseline -0.004 -13"><span class='ocrx_word' id='word_1_853' title='bbox 2200 5340 2281 5401; x_wconf 78' lang='grc' dir='ltr'>εἰς</span> <span class='ocrx_word' id='word_1_854' title='bbox 2323 5337 2549 5398; x_wconf 79' lang='grc' dir='ltr'>ἑαυτοὺς</span> <span class='ocrx_word' id='word_1_855' title='bbox 2580 5336 2640 5387; x_wconf 81' lang='grc' dir='ltr'>τὸ</span> <span class='ocrx_word' id='word_1_856' title='bbox 2670 5335 2822 5402; x_wconf 81' lang='grc' dir='ltr'>ξίφος</span> <span class='ocrx_word' id='word_1_857' title='bbox 2854 5333 3104 5402; x_wconf 84' lang='grc' dir='ltr'>ῶθῶμεν.</span> <span class='ocrx_word' id='word_1_858' title='bbox 3135 5333 3306 5385; x_wconf 84' lang='grc' dir='ltr'>Φίλων</span> <span class='ocrx_word' id='word_1_859' title='bbox 3337 5332 3482 5399; x_wconf 81' lang='grc' dir='ltr'>λέγω</span> <span class='ocrx_word' id='word_1_860' title='bbox 3513 5330 3606 5382; x_wconf 73' lang='grc' dir='ltr'><strong>καὶ</strong></span> <span class='ocrx_word' id='word_1_861' title='bbox 3642 5332 3790 5400; x_wconf 77' lang='grc' dir='ltr'>μάλα</span> 
     </span>
    </p>
   </div>
   <div class='ocr_carea' id='block_1_113' title="bbox 2201 5422 3786 5499">
    <p class='ocr_par' dir='ltr' id='par_1_113' title="bbox 2201 5422 3786 5499">
     <span class='ocr_line' id='line_1_113' title="bbox 2201 5422 3786 5499; baseline -0.005 -16"><span class='ocrx_word' id='word_1_862' title='bbox 2201 5431 2516 5499; x_wconf 76' lang='grc' dir='ltr'>κηδόμενος,</span> <span class='ocrx_word' id='word_1_863' title='bbox 2572 5428 2829 5491; x_wconf 84' lang='grc' dir='ltr'>δέσποτα,</span> <span class='ocrx_word' id='word_1_864' title='bbox 2880 5425 3032 5488; x_wconf 87' lang='grc' dir='ltr'>τέλος</span> <span class='ocrx_word' id='word_1_865' title='bbox 3083 5425 3175 5477; x_wconf 78' lang='grc' dir='ltr'><strong>τοῦ</strong></span> <span class='ocrx_word' id='word_1_866' title='bbox 3226 5424 3407 5491; x_wconf 87' lang='grc' dir='ltr'>λόγου.</span> <span class='ocrx_word' id='word_1_867' title='bbox 3449 5422 3786 5492; x_wconf 73' lang='grc' dir='ltr'>Ἀκούσαιμι</span> 
     </span>
    </p>
   </div>
   <div class='ocr_carea' id='block_1_114' title="bbox 2200 5517 3788 5589">
    <p class='ocr_par' dir='ltr' id='par_1_114' title="bbox 2200 5517 3788 5589">
     <span class='ocr_line' id='line_1_114' title="bbox 2200 5517 3788 5589; baseline -0.006 -12"><span class='ocrx_word' id='word_1_868' title='bbox 2200 5527 2307 5578; x_wconf 80' lang='grc' dir='ltr'><strong>ἀπὸ</strong></span> <span class='ocrx_word' id='word_1_869' title='bbox 2335 5523 2428 5576; x_wconf 78' lang='grc' dir='ltr'>τοῦ</span> <span class='ocrx_word' id='word_1_870' title='bbox 2457 5522 2549 5574; x_wconf 76' lang='grc' dir='ltr'>νῦν</span> <span class='ocrx_word' id='word_1_871' title='bbox 2577 5522 2783 5589; x_wconf 76' lang='grc' dir='ltr'>ἀγαθὰς</span> <span class='ocrx_word' id='word_1_872' title='bbox 2807 5519 2975 5582; x_wconf 79' lang='grc' dir='ltr'>ἀκοὰς</span> <span class='ocrx_word' id='word_1_873' title='bbox 2999 5520 3092 5572; x_wconf 64' lang='grc' dir='ltr'><strong>καλ⁸</strong></span> <span class='ocrx_word' id='word_1_874' title='bbox 3121 5517 3517 5589; x_wconf 82' lang='grc' dir='ltr'>φιλανθρώπως</span> <span class='ocrx_word' id='word_1_875' title='bbox 3559 5518 3788 5569; x_wconf 75' lang='grc' dir='ltr'>παιδευ-</span> 
     </span>
    </p>
   </div>
   <div class='ocr_carea' id='block_1_115' title="bbox 2200 5606 3785 5681">
    <p class='ocr_par' dir='ltr' id='par_1_115' title="bbox 2200 5606 3785 5681">
     <span class='ocr_line' id='line_1_115' title="bbox 2200 5606 3785 5681; baseline -0.006 -15"><span class='ocrx_word' id='word_1_876' title='bbox 2200 5617 2357 5676; x_wconf 82' lang='grc' dir='ltr'>τικὰς</span> <span class='ocrx_word' id='word_1_877' title='bbox 2387 5613 2514 5681; x_wconf 68' lang='grc' dir='ltr'>περὶ</span> <span class='ocrx_word' id='word_1_878' title='bbox 2547 5612 2639 5663; x_wconf 78' lang='grc' dir='ltr'>τοῦ</span> <span class='ocrx_word' id='word_1_879' title='bbox 2673 5611 2804 5681; x_wconf 74' lang='grc' dir='ltr'><strong>ἐμοῦ</strong></span> <span class='ocrx_word' id='word_1_880' title='bbox 2834 5611 3040 5680; x_wconf 83' lang='grc' dir='ltr'>Κυρίου</span> <span class='ocrx_word' id='word_1_881' title='bbox 3068 5626 3082 5640; x_wconf 77' lang='grc' dir='ltr'><strong>ο</strong></span> <span class='ocrx_word' id='word_1_882' title='bbox 3134 5610 3221 5660; x_wconf 81' lang='grc' dir='ltr'><strong>ἵνα</strong></span> <span class='ocrx_word' id='word_1_883' title='bbox 3263 5609 3398 5680; x_wconf 82' lang='grc' dir='ltr'>ᾄσω,</span> <span class='ocrx_word' id='word_1_884' title='bbox 3442 5609 3528 5661; x_wconf 81' lang='grc' dir='ltr'>ἵνα</span> <span class='ocrx_word' id='word_1_885' title='bbox 3558 5606 3675 5674; x_wconf 86' lang='grc' dir='ltr'><strong>γνῶ</strong></span> <span class='ocrx_word' id='word_1_886' title='bbox 3708 5607 3785 5667; x_wconf 77' lang='grc' dir='ltr'><strong>ὡς</strong></span> 
     </span>
    </p>
   </div>
   <div class='ocr_carea' id='block_1_116' title="bbox 2210 5689 3780 5774">
    <p class='ocr_par' dir='ltr' id='par_1_116' title="bbox 2210 5689 3780 5774">
     <span class='ocr_line' id='line_1_116' title="bbox 2210 5689 3780 5774; baseline -0.005 -15"><span class='ocrx_word' id='word_1_887' title='bbox 2210 5705 2616 5774; x_wconf 58' lang='grc' dir='ltr'>ὑπακουσόμενος</span> <span class='ocrx_word' id='word_1_888' title='bbox 2641 5702 2834 5773; x_wconf 77' lang='grc' dir='ltr'>ἔσομαι</span> <span class='ocrx_word' id='word_1_889' title='bbox 2861 5702 2954 5755; x_wconf 76' lang='grc' dir='ltr'><strong>καὶ</strong></span> <span class='ocrx_word' id='word_1_890' title='bbox 2987 5701 3123 5771; x_wconf 76' lang='grc' dir='ltr'>πρὸς</span> <span class='ocrx_word' id='word_1_891' title='bbox 3149 5701 3207 5752; x_wconf 80' lang='grc' dir='ltr'><strong>τὸ</strong></span> <span class='ocrx_word' id='word_1_892' title='bbox 3238 5702 3362 5770; x_wconf 79' lang='grc' dir='ltr'>έξῆς</span> <span class='ocrx_word' id='word_1_893' title='bbox 3394 5699 3498 5753; x_wconf 68' lang='grc' dir='ltr'>ὑπὸ</span> <span class='ocrx_word' id='word_1_894' title='bbox 3520 5689 3616 5752; x_wconf 77' lang='grc' dir='ltr'>τοῦ</span> <span class='ocrx_word' id='word_1_895' title='bbox 3644 5697 3780 5768; x_wconf 52' lang='grc' dir='ltr'>ἐμοῦ</span> 
     </span>
    </p>
   </div>
  </div>
