3934 6492
168 456 296 520 i353

1341 425 1871 492 EPISTULARUM
1933 424 2076 484 LIB.
2138 422 2214 479 ll.

3259 398 3394 470 1354

160 577 337 644 φίλου.
369 567 513 636 Ἤδη
539 565 648 633 γὰρ
684 561 734 614 οἱ
761 555 1156 628 γειτνιάζοντες
1189 554 1320 623 ἡμῖν
1357 548 1592 602 ἐνταῦθα
1629 546 1729 615 ἐμ-

1856 543 2183 609 ὼεοειυειυτ.
2223 533 2342 588 Jam
2389 531 2534 586 enim
2564 537 2618 582 et
2658 525 2748 593 qui
2777 525 2865 579 hic
2895 522 2948 578 in
2980 531 3162 578 nostra
3198 525 3395 578 vicinia

1945 641 1953 644 _
2130 643 2140 644 γ
2172 636 2206 644 ν.
2248 641 2303 644 ξ-
2336 619 2760 644 -.--..-.,ς..,ζ,υ...κο
2797 616 2863 644 ηΙη
2896 631 2955 644 ι...
2999 630 3117 644 ιιι-,ω
3151 614 3213 644 ,ιιι
3248 614 3394 644 ἓηαιι-

158 638 312 738 (ροδοι
337 663 434 717 καὶ
460 653 714 728 ἑντρομοί
743 654 882 705 εἰσιν
913 649 970 714 ἐξ
997 640 1072 700 ὧν
1103 644 1362 700 ἀκούουσι
1381 660 1394 673 ·
1419 642 1620 710 καίπερ
1652 638 1727 709 μὴ

158 733 479 816 ἐπταικότες
512 768 589 803 τι.
618 743 893 815 Τύραννός
917 743 1064 794 ἐστιν
1101 741 1129 790 ὁ
1156 736 1446 806 ἐρχόμενος
1473 749 1486 764 ·
1535 733 1730 801 μάχαι-

161 868 259 920 ραν
302 843 661 911 ἐπιφέρεται·
692 833 905 904 πτωχὸς
943 832 1040 900 οὐχ
1069 828 1283 882 ὑποίσει
1326 825 1589 893 ἀπειλήν·
1631 822 1730 890 οὐχ

161 942 245 992 ἵνα
293 932 756 1001 ἁνταγωνίσηται,
804 925 1034 995 δέχεται,
1072 920 1174 974 κᾶν
1227 918 1301 989 μὴ
1346 916 1604 987 βούλοιτο,
1639 913 1730 965 ἐπὶ

157 1030 332 1095 τούτῳ
357 1027 457 1093 οὐχ
489 1019 788 1080 ὑπεύθυνος
809 1030 821 1045 ·
860 1014 981 1067 οὐδὲ
1007 1012 1115 1082 γάρ
1154 1009 1315 1080 αὐτὸς
1352 1005 1461 1073 ἐγὼ
1491 1003 1726 1071 καταληο

162 1121 316 1190 cesi;
357 1116 557 1176 οὕτως,
592 1108 876 1178 δυνηθείην
907 1105 972 1159 ἂν
1015 1103 1214 1170 ἑτέρως
1259 1099 1473 1168 δρᾶσαι.
1516 1095 1639 1149 Ἐὰν
1673 1094 1730 1146 δὲ

1828 641 1982 695 sunt,
2016 636 2212 698 pavent
2245 641 2307 678 ac
2330 619 2765 676 contremiscunt
2795 616 2866 669 ob
2895 631 2957 668 ea
2998 630 3118 683 qua!
3151 614 3214 668 ad
3248 614 3396 681 ipsos

1827 723 2194 793 perferuntur,
2248 715 2350 769 etsi
2415 727 2683 781 nusquam
2720 708 3066 762 offenderint.
3108 706 3398 776 Tyrannus

1831 813 2099 872 imminet,
2135 808 2372 878 gladium
2429 805 2678 866 intentat,
2714 816 2823 855 non
2879 798 3172 853 sustinebit
3222 797 3400 850 minas

1831 921 2056 976 pauper.
2091 902 2204 954 Non
2233 914 2342 968 qun
2381 898 2674 951 reluctatur
2712 909 2724 943 :
2754 892 2846 946 sed
2883 892 3121 959 excipiet
3150 889 3231 943 vel
3262 890 3401 941 invi-

1841 995 2022 1057 tus,iu
2045 994 2148 1047 hac
2175 1007 2232 1044 re
2258 990 2478 1044 minime
2508 983 2985 1054 reprehendendus
3019 1001 3031 1034 :
3063 996 3236 1049 neque
3254 979 3401 1033 enim

1841 1103 1944 1158 ego
1973 1086 2020 1140 si
2049 1086 2128 1138 sic
2161 1081 2589 1150 comprehensus
2615 1080 2738 1140 sim,
2773 1075 2975 1144 possim
3014 1073 3170 1127 aliter
3199 1072 3400 1126 facere.

164 1164 313 1190 γν--ι
363 1164 557 1176 --ν---ν
713 1164 724 1178 υ
831 1164 842 1177 .
1108 1164 1119 1170 -
1292 1164 1303 1168 -

159 1214 301 1281 ρα
341 1209 517 1277 τούτῳ
542 1206 606 1258 τὸ
636 1203 831 1265 αἴτιον,
866 1197 1052 1260 καλῶς
1071 1211 1083 1225 ·
1113 1193 1249 1247 ἀλλὰ
1275 1193 1370 1244 καὶ
1400 1190 1570 1250 οὕτως
1601 1205 1739 1256 συμ-

1856 1179 1896 1234 5i
1929 1194 2056 1232 vero
2083 1178 2173 1231 hic
2201 1176 2457 1243 deinceps
2489 1173 2541 1225 iu
2567 1173 2780 1238 culpam
2815 1169 3044 1230 incidat,
3077 1174 3226 1220 recte
3253 1183 3268 1219 :
3306 1164 3402 1220 sed

161 1254 349 1360 7:136);
376 1299 451 1360 ὡς
472 1254 530 1348 ἐΓν
550 1254 847 1362 ὀξθαλμοῖς
870 1254 1074 1358 Κυρίου
1090 1301 1104 1314 ·
1129 1283 1189 1347 ἐξ
1208 1276 1269 1334 οῦ
1297 1280 1392 1334 καὶ
1417 1254 1736 1345 εὐσταθήσει

1856 1279 1890 1322 :t
1924 1276 2038 1322 tum
2071 1283 2194 1320 cum
2227 1264 2463 1334 quadam
2505 1258 3012 1321 commiseratione,
3053 1266 3310 1324 tanquam
3347 1254 3402 1308 iu

166 1391 367 1461 μῶλον
419 1389 481 1442 τὸ
530 1387 792 1453 ὑπήκοον,
830 1377 1185 1446 δουλούμενον
1229 1373 1412 1442 εὐνοίᾳ
1455 1371 1566 1432 τοῖς
1592 1385 1734 1421 νικον

162 1483 340 1544 ποιοῖς
364 1473 699 1549 βασιλεῦσιν.

515 1655 593 1706 P'.
623 1679 694 1691 —
732 1645 954 1709 ’Υπὰτῳ
985 1644 1196 1708 τέκνῳ.
1225 1637 1400 1711 [χιγ’.]

1834 1360 2010 1414 oculis
2041 1356 2254 1411 Domini
2292 1378 2302 1409 :
2339 1371 2404 1408 ex
2437 1368 2546 1423 quo
2578 1352 2831 1407 subditus
2857 1350 3037 1417 magis
3054 1344 3405 1402 confirmabi-

1839 1460 1925 1504 tur
1976 1457 2034 1502 ut
2091 1463 2158 1502 ex
2215 1443 2589 1501 benevolentia
2645 1441 2945 1496 victoribus
2988 1435 3408 1506 imperatoribus

1838 1538 2062 1594 serviat.

2329 1625 2392 1680 C.
2413 1653 2482 1664 —
2516 1623 2725 1693 Hypata
2747 1622 2880 1690 ﬁlio.

489 1764 723 1814 Jacobum
741 1760 1046 1817 monachum,
1069 1757 1328 1819 egregium
1347 1749 1525 1804 Christi
1555 1747 1902 1802 confessorem,
1924 1744 2206 1794 defunctum
2231 1742 2409 1790 laudat.
2435 1738 2635 1802 (Baron.
2665 1750 2744 1786 an.
2765 1736 2874 1794 818,
2905 1748 2954 1783 n.
2980 1732 3082 1794 25.)

231 1876 348 1930 Οὐκ
387 1870 616 1933 ἀπαθῶς
650 1869 746 1921 καὶ
776 1868 937 1937 ἡμεῖς
980 1866 1031 1916 oi
1061 1859 1309 1916 ταπεινοῖ
1341 1855 1660 1927 ἐδεξάμεθα,
1691 1846 1735 1904 ὧ

1910 1852 2019 1906 Nec
2049 1865 2149 1904 nos
2189 1848 2422 1902 humiles
2452 1848 2571 1900 sine
2602 1845 2808 1907 dolore,
2841 1841 2937 1906 ﬁli,
2966 1839 3284 1909 accepimus
3314 1851 3406 1892 sa-

165 1969 376 2028 τέκνον,
411 1963 511 2033 τὴν
537 1960 689 2031 ἱεράν
709 1959 966 2027 κοίμησιν
995 1953 1251 2007 Ἰακώϐου
1288 1950 1380 2003 τοῦ
1406 1943 1738 2019 ὁμολογητοῦ

166 2053 427 2128 Χριστοῦ,
468 2031 566 2104 καὶ
604 2049 760 2119 ἡμῶν
806 2044 1034 2114 ἀδελφοῦ
1081 2042 1400 2110 ἁξιεράστου
1427 2053 1440 2066 ·
1492 2034 1606 2089 ἀλλ’
1647 2031 1741 2089 οῦν

168 2125 285 2194 οῦδὲ
337 2137 718 2209 ἁπεριχαρῶς.
777 2134 850 2188 Τὸ
893 2133 1107 2204 πρῶτον
1149 2131 1238 2184 διὰ
1286 2129 1348 2181 τὸ
1377 2125 1742 2197 πνευματικὸν

170 2234 420 2303 φίλτρον·
446 2230 499 2282 τί
529 2229 636 2299 γὰρ
668 2228 701 2298 ἢ
733 2227 867 2289 υἱὸς,
900 2225 994 2278 καὶ
1020 2223 1134 2285 υίὸς
1162 2219 1499 2292 τηλικοῦτος,
1529 2214 1590 2272 οῦ
1628 2217 1740 2285 ἐγὼ

169 2327 253 2379 διὰ
278 2329 378 2388 τᾲς
412 2322 685 2392 ἁμαρτίας
711 2319 831 2372 οὐδὲ
861 2319 989 2378 παῖς
1027 2313 1309 2368 καλεῖσθαι
1345 2312 1527 2378 ἄξιος;
1573 2310 1646 2362 Τὸ
1687 2308 1745 2362 δὲ

172 2417 256 2470 διὰ
287 2414 389 2486 τὴν
416 2413 628 2478 ἐλπίδα,
673 2409 874 2477 μᾶλλον
903 2407 961 2461 δὲ
989 2408 1078 2460 διά
1118 2405 1179 2458 τὸ
1203 2404 1495 2468 λυσιτελὲς,
1531 2403 1623 2456 καὶ
1650 2402 1746 2471 οὑχ

173 2507 328 2577 ἡμῶν
373 2506 556 2576 μόνον,
584 2496 658 2556 ὧν
683 2501 757 2564 ὡς
785 2499 942 2570 μέλος
969 2497 1170 2567 κόσμος
1201 2495 1344 2565 ἱερὸς
1382 2492 1745 2546 καθίστασθαι

175 2601 420 2666 πέφυκεν
440 2614 454 2627 ·
477 2594 612 2648 ἀλλὰ
637 2593 744 2664 γὰρ
771 2591 867 2645 καὶ
898 2589 1077 2658 πάσης
1104 2587 1204 2655 τῆς
1228 2585 1322 2639 τοῦ
1349 2584 1484 2638 Θεοῦ
1521 2583 1748 2653 Ἐκκλη-

178 2691 315 2750 σίας.
351 2687 419 2739 Τί
449 2687 560 2756 γὰρ
596 2686 698 2738 οἴει
745 2683 835 2735 τὸν
882 2681 1085 2750 ἄνδρας
1113 2677 1226 2732 ἀλλ’
1263 2676 1745 2747 ὂύχὸμολογητήνς

176 2781 288 2834 ἀλλ’
336 2779 460 2848 οὐχὶ
519 2777 799 2847 μάρτυρα;
856 2772 970 2827 ἀλλ’
1014 2772 1110 2840 οὐχ
1150 2771 1324 2834 ὅσιον;
1372 2769 1467 2822 Ἐκ
1504 2768 1750 2836 νεότητος

178 2872 414 2954 ἡθλησεν
439 2865 774 2939 ἀσκητικῶς,
801 2849 1378 2931 ὑποταγεὶς’ἐννὸμως,
1404 2859 1544 2913 κατὰ
1562 2857 1750 2912 παθῶν

180 2949 596 3034 ἀνδρισάμενος,
640 2955 910 3028 παρθένον
955 2953 1016 3006 τὸ
1061 2953 1218 3022 σῶμα
1261 2951 1525 3017 φυλάξας,
1553 2949 1618 3001 δι’
1651 2949 1752 3000 ὑπ-

179 3042 484 3124 ωπιασμῶν
516 3048 859 3122 ἐγκρατικῶν
889 3045 980 3101 καὶ
1012 3042 1390 3112 δουλαγωγιῶν
1410 3060 1424 3073 ·
1474 3041 1645 3102 οὕτως
1674 3038 1750 3103 ὡς

181 3146 368 3214 ἔτυχεν
392 3142 609 3207 ἐσθίωνζ
641 3140 810 3202 οὕτως
837 3136 1128 3201 καθεύδων,
1154 3134 1232 3187 ἔτι
1261 3133 1540 3202 ὑγιαίνων,
1570 3131 1644 3194 ὡς
1667 3130 1748 3195 ξε-

181 3238 347 3301 νίζειν
378 3235 507 3296 τοὺς
535 3232 779 3303 ὁρῶντας
811 3227 1220 3300 ὑποχωρητικὸς
1248 3225 1325 3289 ὡς
1357 3224 1424 3278 τά
1446 3224 1636 3285 πολλὰ,
1665 3222 1749 3291 ἐφ’

179 3331 302 3382 ὅσον
328 3322 444 3379 οἷόν
467 3341 548 3387 τε,
575 3323 669 3376 καὶ
694 3323 774 3385 είς
803 3322 992 3375 ἑαυτὸν
1017 3318 1440 3388 ἐπαναγόμενος,
1465 3314 1756 3370 κάντεῦθεν

183 3417 400 3488 πτερῶν
431 3415 620 3468 ἐαυτὸν
653 3412 789 3484 πρὸς
817 3413 906 3465 τὸν
933 3411 1183 3482 οὐράνιον
1213 3409 1411 3480 ἔρωτα.
1444 3407 1554 3461 Καὶ
1580 3407 1653 3477 μή
1671 3423 1756 3468 τις

183 3510 461 3582 νομίσειεν
487 3503 923 3560 ὑποπλάττεσθαί
960 3521 1026 3574 με
1054 3501 1410 3572 ψυχαγωγίας
1440 3498 1624 3551 ἕνεκεν
1649 3497 1758 3551 τῶν

184 3601 494 3656 ἀκουόντων
517 3597 710 3664 λόγους
730 3612 745 3626 ·
776 3595 985 3666 μάρτυς
1007 3593 1140 3656 Θεὸς
1172 3591 1264 3644 καὶ
1297 3593 1325 3644 ὁ
1357 3590 1569 3643 ἐκείνου
1600 3589 1758 3642 παιδ-

185 3692 400 3762 αγωγὸς
443 3688 736 3750 Λουκιανὸς
763 3689 792 3740 ὁ
829 3687 992 3756 ἱερὸς,
1018 3685 1119 3738 κᾶν
1157 3683 1571 3751 δυσανέγερτος·
1605 3681 1664 3744 ἐξ
1697 3671 1758 3732 οῦ

189 3804 277 3855 μοι
300 3783 398 3837 καὶ
419 3782 452 3851 ἡ
474 3781 580 3833 τῶν
606 3777 982 3848 ἀγνοουμένων
1004 3775 1254 3846 δήλωσις.
1281 3773 1463 3827 Ταῦτα
1484 3772 1558 3835 ὡς
1583 3771 1756 3825 ἰνδαλ-

191 3878 265 3945 μά
292 3895 348 3930 τι
381 3873 588 3944 σχέδιον
611 3871 708 3940 τῆς
738 3870 1042 3940 ἀσκήσεως.

1843 1961 1989 2000 cram
2031 1942 2416 1996 dormitionem
2456 1939 2641 1994 Jacobi
2694 1935 3031 1991 confessoris
3079 1929 3302 1995 Christi,
3356 1937 3413 1982 et

1844 2035 2092 2091 amabilis
2120 2033 2303 2087 fratris
2341 2033 2534 2094 nostri,
2558 2046 2658 2085 nec
2683 2043 2848 2100 porro
2879 2029 3000 2083 sine
3038 2025 3243 2079 laetitia.
3274 2022 3409 2077 Illud

1843 2131 2059 2200 quidem
2114 2141 2180 2181 ex
2240 2123 2508 2194 spirituali
2572 2120 2808 2174 affectu:
2841 2117 2969 2189 quid
3032 2115 3178 2171 enim
3208 2115 3298 2168 ille
3326 2113 3412 2168 ni-

1846 2222 1892 2276 si
1939 2221 2100 2282 ﬁlius,
2132 2226 2187 2272 et
2230 2216 2355 2270 talis
2416 2215 2556 2268 ﬁlius
2606 2212 2765 2281 cujus
2794 2225 2899 2279 ego
2937 2217 3156 2278 propter
3189 2214 3413 2276 peccata

1850 2329 1967 2367 mea
2002 2327 2068 2365 ne
2108 2309 2250 2364 ﬁlius
2292 2308 2509 2377 quidem
2539 2306 2645 2359 dici
2688 2300 2978 2358 merebar?
3014 2301 3117 2354 hoc
3143 2315 3271 2353 vero
3300 2296 3414 2367 spei

1850 2419 2012 2459 causa
2043 2403 2123 2455 vel
2167 2401 2428 2455 utilitatis
2459 2416 2471 2452 :
2507 2412 2606 2452 nec
2632 2403 2832 2450 nostrae
2863 2394 3148 2452 duntaxat,
3180 2402 3413 2458 quorum

1850 2497 1942 2550 ille
1986 2495 2132 2548 velut
2170 2491 2476 2547 membrum
2522 2502 2677 2543 sacer
2727 2493 2955 2539 ornatus
2985 2484 3206 2535 futurus
3251 2477 3417 2532 erat?

1847 2601 2036 2642 verum
2066 2585 2227 2639 etiam
2267 2584 2435 2636 totius
2475 2578 2567 2633 Dei
2601 2576 2878 2632 Ecclesiae.
2909 2571 3050 2640 Quid
3076 2568 3255 2624 enim?
3281 2581 3418 2637 quac

1850 2681 1954 2734 lem
1999 2679 2175 2730 virum
2244 2674 2479 2729 censes?
2537 2685 2715 2726 annon
2779 2660 3181 2723 confessorem?
3229 2671 3418 2713 annon

1855 2769 2188 2840 martyrem?
2214 2782 2394 2820 annon
2433 2762 2731 2819 sanctum?
2761 2762 2807 2816 A
2834 2758 3021 2828 primis
3047 2753 3207 2809 annis
3241 2752 3295 2805 ln
3327 2763 3419 2803 as-

1853 2862 2036 2917 ceticaa
2064 2861 2186 2914 vita:
2219 2858 2496 2913 laboribus
2524 2853 2811 2910 desudavit
2854 2849 3093 2920 legitime
3137 2842 3413 2904 subditus,

1857 2953 2143 3013 obediens,
2181 2951 2446 3004 adversus
2472 2946 2640 3003 animi
2672 2954 2854 2999 motus
2886 2939 3117 2994 viriliter
3145 2946 3416 3006 pugnans,

1856 3045 2241 3112 incorruptum
2283 3054 2488 3110 corpus
2517 3035 2902 3093 afﬂictionibus
2931 3029 3272 3090 custodiens,
3292 3023 3421 3092 qui-

1855 3137 1958 3192 bus
1981 3135 2114 3188 illud
2157 3133 2487 3195 continebat,
2545 3139 2599 3184 et
2643 3129 2696 3182 in
2756 3127 3077 3182 servitutem
3110 3117 3416 3187 redigebat,

1853 3231 1971 3284 sine
1998 3227 2211 3282 delectu
2251 3225 2546 3281 comedens
2575 3229 2630 3278 et
2667 3220 2947 3275 dormiens
2975 3232 3098 3272 cum
3125 3214 3305 3268 adhuc
3335 3226 3425 3265 sa-

1853 3337 1958 3375 nus
1985 3329 2154 3387 esset,
2180 3319 2253 3372 ita
2273 3327 2333 3371 ut
2359 3317 2410 3370 in
2431 3313 2846 3370 admirationem
2871 3317 3088 3378 raperet
3107 3307 3420 3360 intuentes:

1859 3425 2134 3465 secessum
2169 3404 2357 3462 colens
2389 3414 2446 3460 ut
2473 3404 2767 3474 plurimum
2801 3409 2855 3453 et
2878 3395 3059 3467 quoad
3087 3399 3324 3464 poterat,
3371 3397 3426 3444 et

1854 3502 2094 3571 seipsum
2123 3500 2414 3568 colligens,
2448 3507 2610 3566 atque
2639 3495 2702 3548 ad
2732 3493 3006 3549 caelestem
3037 3501 3278 3546 amorem
3297 3483 3424 3537 inde

1855 3607 2176 3662 assurgens.
2219 3591 2296 3645 Ac
2327 3605 2394 3643 ne
2435 3588 2557 3657 quis
2611 3586 2727 3640 haec
2763 3600 2792 3639 a
2833 3597 2919 3637 me
2980 3579 3108 3650 ﬁngi
3147 3575 3427 3633 existimet

1857 3683 2024 3736 animi
2059 3682 2230 3752 gratia
2264 3689 2485 3749 pr0pter
2532 3678 2654 3731 illos
2683 3668 2776 3743 qui
2825 3674 2940 3727 hinc
2973 3670 3234 3725 audient:
3266 3663 3425 3718 testis

1853 3780 1938 3827 est
1963 3771 2126 3838 Deus,
2153 3781 2207 3827 et
2243 3772 2337 3841 qui
2366 3770 2484 3839 ejus
2515 3767 2840 3836 paedagogus
2897 3761 3001 3814 fuit
3040 3772 3195 3813 sacer
3225 3753 3426 3808 Lucia-

1860 3879 1984 3929 nus,
2038 3864 2284 3933 quamvis
2331 3877 2474 3930 aegre
2530 3856 2755 3929 produci
2794 3854 2989 3924 possit,
3042 3865 3071 3903 a
3130 3862 3238 3917 quo
3290 3843 3423 3900 mihi

188 3987 382 4025 eorum
420 3985 543 4040 qua:
572 3965 881 4023 nesciebam
917 3963 1057 4019 facta
1089 3961 1398 4032 explicatio.
1476 3959 1654 4030 Atque
1711 3959 1828 4013 haec
1864 3960 2013 4014 velut
2065 3960 2200 4015 rude
2268 3957 2538 4027 quoddam
2605 3952 2880 4023 specimen
2949 3944 3202 4000 asceticat
3265 3939 3428 3994 disci-

191 4065 372 4135 plinaz.

274 4157 403 4210 Ἐπὶ
433 4155 489 4207 δὲ
522 4154 620 4223 τῆς
647 4150 933 4223 ὁμολογίας
990 4147 1153 4201 πόσον
1199 4147 1289 4199 καὶ
1320 4145 1500 4216 ἡλίκον
1533 4143 1756 4214 θέατρον

195 4248 429 4320 ἐγενήθη
456 4245 549 4296 καὶ
573 4243 820 4311 ἀγγέλοις
845 4240 940 4293 καὶ
961 4237 1283 4307 ἀνθρώποις.
1315 4237 1377 4286 Ὢ
1402 4234 1499 4300 τῆς
1521 4233 1757 4302 εὐθύμου

197 4342 292 4393 καὶ
340 4335 624 4404 θεοφιλοῦς
666 4330 927 4402 καρδίαςι
969 4326 1214 4399 εἰσῆλθεν
1249 4328 1328 4389 εἰς
1356 4326 1417 4378 τὸ
1448 4325 1657 4378 στάδιον
1685 4322 1760 4385 ὡς

199 4427 438 4502 Χριστοῦ
472 4424 827 4497 στρατιώτης,
851 4421 1176 4485 ἁδείλαντος,
1208 4418 1482 4488 ἀτρέμας·
1515 4414 1760 4469 ἐντεῦθεν

200 4525 292 4577 καὶ
338 4518 588 4575 ἐντεῦθεν
627 4517 676 4568 οἱ
723 4515 990 4584 ὑπηρέται
1040 4512 1133 4565 τοῦ
1189 4511 1411 4572 σκότους
1460 4506 1761 4572 κατέξαναν

200 4619 318 4677 ταῖς
375 4611 612 4680 πληγαῖς
672 4605 833 4670 νῶτα,
889 4606 1102 4675 στέρνα,
1160 4603 1486 4673 βραχίονας·
1543 4599 1761 4670 ἐξέχεαν

202 4707 431 4774 αἵματα,
459 4702 729 4769 ὑπέτεμον
766 4697 991 4766 σάρκας,
1023 4695 1209 4748 εἴασαν
1251 4695 1330 4755 εἰς
1362 4694 1464 4762 γῆν
1495 4691 1761 4762 ἐρριμμέ-

202 4814 289 4848 νον
317 4795 412 4847 τδν
440 4794 614 4860 ἅγιον,
644 4791 717 4860 μὴ
747 4789 1046 4860 προέμενον
1072 4787 1218 4856 ῥῆμα
1244 4784 1526 4855 ἀριστερὸν
1550 4782 1610 4834 τὸ
1638 4781 1763 4835 καθ-

202 4885 349 4946 όλου,
381 4880 521 4936 ἀλλὰ
561 4879 777 4949 θεοτελῆ
808 4878 904 4948 τὴν
938 4875 1236 4946 μαρτυρίαν
1276 4871 1593 4940 ποιούμενον
1669 4869 1764 4922 καὶ

203 4973 375 5028 ταῦτα
417 4970 557 5040 ὑπὲρ
608 4966 842 5038 Χριστοῦ
886 4965 978 5019 τοῦ
1017 4964 1144 5016 Υίοῦ
1188 4963 1279 5015 τοῦ
1317 4961 1450 5014 Θεοῦ
1501 4962 1593 5012 καὶ
1629 4958 1762 5011 Θεοῦ

205 5065 382 5136 ἡμῶν.
407 5063 482 5116 Τὸ
502 5062 610 5131 γὰρ
638 5060 766 5130 περὶ
787 5060 883 5129 τῆς
897 5058 1063 5126 ἁγίας
1084 5053 1247 5108 αὑτοῦ
1278 5052 1482 5113 εἰκόνος
1502 5051 1762 5114 ἐναθλεῖν,

207 5159 343 5227 ὑπὲρ
376 5151 542 5207 αὐτοῦ
568 5151 774 5204 ἐκείνου
803 5151 921 5202 ἐστὶ
952 5147 1267 5218 μαρτυρεῖν.
1313 5141 1766 5197 Ἀκουσὰτωσαν

207 5245 412 5314 πραεῖς
456 5243 554 5294 καί
591 5237 1094 5309 εὐφρανθήτωσαν
1115 5253 1129 5266 ·
1166 5233 1578 5304 χορευσάτωσαν
1614 5234 1762 5301 φιλο-

211 5340 485 5404 μάρτυρες
527 5331 623 5383 καὶ
664 5329 1077 5399 γεγηθέτωσαν·
1115 5324 1452 5394 αἰσχυνέσθω
1484 5324 1722 5384 διάϐολος
1749 5342 1762 5354 ·

211 5428 456 5479 πιπτέτω
487 5421 856 5490 είκονομάχων
884 5419 1066 5484 στίφος
1091 5433 1104 5447 ·
1151 5416 1214 5466 ἐκ
1247 5415 1354 5465 τῶν
1386 5413 1558 5481 ἔργων
1588 5413 1768 5480 ἀμφοο

205 5519 379 5580 τέρων
406 5512 804 5573 θεοκελεύστως
837 5509 1172 5575 ἐπιγνώσατε
1197 5503 1553 5574 ἀμφοτέρους.
1587 5504 1649 5554 Οἱ
1675 5503 1770 5572 μὲν

208 5611 311 5679 γὰρ
342 5608 402 5658 οὐ
433 5606 584 5658 τόνδε
616 5603 794 5673 μόνον,
827 5601 960 5654 ἀλλὰ
991 5599 1098 5668 γάρ
1130 5599 1222 5650 καὶ
1253 5596 1475 5658 πολλοὺς
1502 5595 1608 5646 τῶν
1634 5599 1772 5663 ἡμε-

211 5703 401 5772 τέρων,
434 5701 531 5754 καὶ
583 5701 681 5768 οὐχ
715 5697 1016 5766 ἡμετέρων,
1051 5691 1331 5761 ἡμετέρων
1381 5691 1425 5743 δ’
1454 5686 1544 5742 οὖν
1587 5691 1734 5759 ὅμως
1758 5707 1771 5721 ·

277 5823 296 5854 ⁷
330 5820 477 5876 Psal.
511 5831 718 5878 xxxtu,
750 5815 805 5867 2.
880 5812 900 5842 ⁸
927 5810 1111 5863 Matth.
1148 5825 1217 5861 vn
1242 5849 1255 5871 ,
1291 5806 1381 5863 ΞΟ.

535 5913 798 5970 Ρητιοι.
842 5905 955 5963 Gn.
993 5901 1208 5961 XClX.

1936 4141 1991 4196 ln
2028 4136 2372 4194 confessione
2401 4143 2580 4188 autem
2623 4139 2882 4201 quantum
2930 4133 2983 4179 et
3023 4121 3182 4190 quale
3220 4126 3429 4186 specta-

1863 4231 2040 4285 culum
2074 4227 2248 4281 factus
2274 4233 2357 4278 est
2399 4232 2452 4277 et
2484 4221 2691 4290 angelis
2725 4227 2779 4272 et
2809 4209 3158 4269 hominibus!
3192 4205 3235 4260 Ο
3264 4220 3426 4276 gene-

1863 4335 2047 4375 rosum
2083 4320 2298 4386 Deoque
2327 4317 2552 4370 charum
2583 4311 2712 4367 cor!
2762 4312 3042 4377 Ingressus
3079 4312 3161 4359 est
3191 4298 3424 4355 stadium

1865 4423 2119 4480 tanquam
2150 4407 2352 4461 Christi
2386 4407 2540 4460 miles
2566 4401 2907 4471 impavidus,
2946 4393 3248 4465 intrepidus
3291 4408 3304 4444 :
3341 4389 3429 4443 hic

1867 4510 1918 4555 et
1957 4500 2084 4554 inde
2116 4498 2466 4553 tenebrarum
2517 4490 2750 4546 ministri
2796 4497 2943 4556 terga
2989 4483 3309 4537 verberibus
3349 4481 3426 4532 la-

1869 4595 2112 4654 niarunt,
2146 4600 2387 4658 pectora,
2421 4584 2640 4640 brachia
2669 4601 2680 4636 :
2716 4578 3041 4648 sanguinem
3079 4575 3381 4628 hauserunt
3408 4611 3424 4634 ,

1865 4700 2060 4742 carnes
2102 4679 2496 4741 conciderunt,
2544 4685 2773 4731 stratum
2820 4670 2970 4726 humi
3009 4677 3257 4724 sanctum
3300 4664 3426 4718 reli-

1865 4784 2140 4848 querunt,
2192 4787 2312 4826 cum
2368 4770 2644 4823 sinistram
2694 4779 2880 4817 vocem
2938 4761 3143 4816 nullam
3199 4769 3427 4828 prorsus

1865 4847 2168 4929 emitteret,
2212 4863 2304 4917 sed
2336 4862 2653 4929 martyrium
2687 4855 2796 4908 Deo
2835 4862 3118 4921 acceptum
3149 4847 3424 4917 expleret.

1866 4969 1920 5014 et
1953 4963 2065 5013 haec
2098 4972 2193 5024 pro
2227 4955 2442 5008 Christo
2485 4949 2619 5002 Filio
2659 4948 2748 5002 Dei
2798 4960 2860 5000 ac
2906 4943 3013 4998 Deo
3046 4949 3252 4995 nostro.
3288 4936 3424 4990 Nam

1871 5067 1970 5123 pro
2016 5059 2204 5104 sancta
2242 5047 2361 5114 ejus
2392 5044 2624 5111 imagine
2667 5040 2985 5099 decertare,
3034 5048 3134 5103 pro
3179 5031 3297 5101 ipso
3345 5035 3429 5082 est

1871 5119 2187 5214 martyrium
2231 5139 2334 5207 pati
2369 5155 2381 5190 :
2425 5135 2660 5191 Audiam
2694 5129 2956 5186 mansueti
3005 5135 3055 5179 et
3092 5125 3336 5177 twtentur
3362 5119 3424 5183 ";

1871 5235 2142 5290 exsultent
2183 5239 2479 5297 martyrum
2523 5233 2792 5278 amatores
2824 5230 2875 5274 et
2919 5217 3214 5284 tripudient
3243 5231 3257 5268 :
3290 5227 3426 5266 con-

1866 5327 2123 5382 fundatur
2164 5320 2453 5374 diabolus:
2510 5315 2762 5369 concidat
2805 5307 3282 5365 lcouomachorum
3329 5315 3426 5356 ca-

1868 5427 2056 5479 terva,
2105 5429 2170 5466 ex
2218 5421 2571 5476 utrorumque
2629 5403 2923 5474 operibus,
2980 5400 3130 5468 juxta
3181 5395 3426 5449 divinum

1868 5511 2182 5565 mamlatum
2214 5507 2257 5569 ⁸,
2291 5512 2548 5571 utrosque
2570 5499 2869 5570 agnoscite.
2893 5495 3120 5550 liienim
3146 5507 3252 5546 non
3282 5491 3430 5543 hunc

1874 5604 2050 5658 solum
2082 5639 2096 5663 ,
2157 5599 2248 5651 sed
2297 5607 2352 5650 et
2396 5595 2598 5650 multos
2636 5609 2666 5647 e
2703 5590 2934 5651 nostris.
2971 5603 3034 5642 ac
3062 5600 3170 5640 non
3202 5582 3427 5644 nostris,

1874 5697 1968 5751 sed
2001 5692 2203 5749 nostris
2238 5702 2453 5755 tamen;
2496 5685 2763 5756 siquidem
2793 5695 2982 5738 omnes
3012 5691 3182 5732 unum
3230 5687 3426 5742 corpus

3011 5880 3083 5940 43
