  <div class='ocr_page' id='page_1' title='image "/cluster/home/n/w/nwhite01/storage/ocr_20150623/99/ien.35556001661347/687.png"; bbox 0 0 3934 6446; ppageno 0'>
   <div class='ocr_carea' id='block_1_1' title="bbox 544 395 682 460">
    <p class='ocr_par' dir='ltr' id='par_1_1' title="bbox 544 395 682 460">
     <span class='ocr_line' id='line_1_1' title="bbox 544 395 682 460; baseline 0.007 -1"><span class='ocrx_word' id='word_1_1' title='bbox 544 395 682 460; x_wconf 84' lang='grc'><strong>1355</strong></span> 
     </span>
    </p>
   </div>
   <div class='ocr_carea' id='block_1_2' title="bbox 1738 390 2607 455">
    <p class='ocr_par' dir='ltr' id='par_1_2' title="bbox 1738 390 2607 455">
     <span class='ocr_line' id='line_1_2' title="bbox 1738 390 2607 455; baseline -0.005 -1"><span class='ocrx_word' id='word_1_2' title='bbox 1738 395 1819 454; x_wconf 88' lang='lat' dir='ltr'><strong>S.-</strong></span> <span class='ocrx_word' id='word_1_3' title='bbox 1838 390 2229 455; x_wconf 82' lang='lat' dir='ltr'><strong>THEODORI</strong></span> <span class='ocrx_word' id='word_1_4' title='bbox 2260 390 2607 452; x_wconf 77' lang='lat' dir='ltr'><strong>STUDlT/E</strong></span> 
     </span>
    </p>
   </div>
   <div class='ocr_carea' id='block_1_3' title="bbox 3662 398 3806 467">
    <p class='ocr_par' dir='ltr' id='par_1_3' title="bbox 3662 398 3806 467">
     <span class='ocr_line' id='line_1_3' title="bbox 3662 398 3806 467; baseline 0.021 -3"><span class='ocrx_word' id='word_1_5' title='bbox 3662 398 3806 467; x_wconf 79' lang='grc'>1356</span> 
     </span>
    </p>
   </div>
   <div class='ocr_carea' id='block_1_4' title="bbox 542 506 2116 588">
    <p class='ocr_par' dir='ltr' id='par_1_4' title="bbox 542 509 2116 588">
     <span class='ocr_line' id='line_1_4' title="bbox 542 509 2116 588; baseline -0.005 -19"><span class='ocrx_word' id='word_1_6' title='bbox 542 528 738 569; x_wconf 84' lang='lat' dir='ltr'><strong>sumus</strong></span> <span class='ocrx_word' id='word_1_7' title='bbox 783 512 837 566; x_wconf 93' lang='lat' dir='ltr'><strong>in</strong></span> <span class='ocrx_word' id='word_1_8' title='bbox 874 509 1096 588; x_wconf 84' lang='lat' dir='ltr'><strong>Christo</strong></span> <span class='ocrx_word' id='word_1_9' title='bbox 1139 509 1268 567; x_wconf 84' lang='lat' dir='ltr'><strong>Jesu</strong></span> <span class='ocrx_word' id='word_1_10' title='bbox 1324 509 1420 582; x_wconf 85' lang='lat' dir='ltr'><strong>qui</strong></span> <span class='ocrx_word' id='word_1_11' title='bbox 1463 518 1548 566; x_wconf 83' lang='lat' dir='ltr'><strong>est</strong></span> <span class='ocrx_word' id='word_1_12' title='bbox 1598 519 1764 579; x_wconf 88' lang='lat' dir='ltr'><strong>caput</strong></span> <span class='ocrx_word' id='word_1_13' title='bbox 1824 509 2116 572; x_wconf 87' lang='lat' dir='ltr'><strong>omnium;</strong></span> 
     </span>
    </p>
   </div>
   <div class='ocr_carea' id='block_1_5' title="bbox 2226 506 3802 588">
    <p class='ocr_par' dir='ltr' id='par_1_5' title="bbox 2226 506 3802 586">
     <span class='ocr_line' id='line_1_5' title="bbox 2226 506 3802 586; baseline 0.007 -28"><span class='ocrx_word' id='word_1_14' title='bbox 2226 506 2411 577; x_wconf 79' lang='grc' dir='ltr'>ἐπειδὴ</span> <span class='ocrx_word' id='word_1_15' title='bbox 2442 507 2491 558; x_wconf 79' lang='grc' dir='ltr'><strong>οἱ</strong></span> <span class='ocrx_word' id='word_1_16' title='bbox 2524 507 2725 571; x_wconf 83' lang='grc' dir='ltr'>πάντες</span> <span class='ocrx_word' id='word_1_17' title='bbox 2770 506 2828 561; x_wconf 86' lang='grc' dir='ltr'>ἒν</span> <span class='ocrx_word' id='word_1_18' title='bbox 2861 507 3018 579; x_wconf 83' lang='grc' dir='ltr'>σῶμα</span> <span class='ocrx_word' id='word_1_19' title='bbox 3043 510 3101 562; x_wconf 77' lang='grc' dir='ltr'>ἐν</span> <span class='ocrx_word' id='word_1_20' title='bbox 3132 511 3354 584; x_wconf 78' lang='grc' dir='ltr'>Χριστῷ</span> <span class='ocrx_word' id='word_1_21' title='bbox 3395 507 3573 586; x_wconf 84' lang='grc' dir='ltr'><strong>’ἰήσοῦ</strong></span> <span class='ocrx_word' id='word_1_22' title='bbox 3615 516 3676 582; x_wconf 82' lang='grc' dir='ltr'>ὃς</span> <span class='ocrx_word' id='word_1_23' title='bbox 3703 536 3802 574; x_wconf 81' lang='grc' dir='ltr'>κε-</span> 
     </span>
    </p>
   </div>
   <div class='ocr_carea' id='block_1_6' title="bbox 544 601 2119 678">
    <p class='ocr_par' dir='ltr' id='par_1_6' title="bbox 544 601 2119 678">
     <span class='ocr_line' id='line_1_6' title="bbox 544 601 2119 678; baseline -0.006 -16"><span class='ocrx_word' id='word_1_24' title='bbox 544 607 753 678; x_wconf 91' lang='lat' dir='ltr'><strong>pariter</strong></span> <span class='ocrx_word' id='word_1_25' title='bbox 787 607 1113 660; x_wconf 80' lang='lat' dir='ltr'><strong>d-ivexarunt</strong></span> <span class='ocrx_word' id='word_1_26' title='bbox 1134 645 1150 672; x_wconf 95' lang='lat'><strong>,</strong></span> <span class='ocrx_word' id='word_1_27' title='bbox 1183 603 1537 667; x_wconf 88' lang='lat' dir='ltr'><strong>occiderunt,</strong></span> <span class='ocrx_word' id='word_1_28' title='bbox 1561 601 1742 656; x_wconf 87' lang='lat' dir='ltr'><strong>inedia</strong></span> <span class='ocrx_word' id='word_1_29' title='bbox 1778 607 2080 655; x_wconf 89' lang='lat' dir='ltr'><strong>enecarunt</strong></span> <span class='ocrx_word' id='word_1_30' title='bbox 2104 641 2119 664; x_wconf 90' lang='lat'><strong>,</strong></span> 
     </span>
    </p>
   </div>
   <div class='ocr_carea' id='block_1_7' title="bbox 543 692 2122 771">
    <p class='ocr_par' dir='ltr' id='par_1_7' title="bbox 543 692 2122 771">
     <span class='ocr_line' id='line_1_7' title="bbox 543 692 2122 771; baseline -0.008 -14"><span class='ocrx_word' id='word_1_31' title='bbox 543 710 598 757; x_wconf 90' lang='lat' dir='ltr'><strong>et</strong></span> <span class='ocrx_word' id='word_1_32' title='bbox 626 713 968 771; x_wconf 77' lang='lat' dir='ltr'><strong>quaecunque</strong></span> <span class='ocrx_word' id='word_1_33' title='bbox 1001 697 1105 751; x_wconf 88' lang='lat' dir='ltr'><strong>alia</strong></span> <span class='ocrx_word' id='word_1_34' title='bbox 1144 703 1440 751; x_wconf 77' lang='lat' dir='ltr'><strong>consecuta</strong></span> <span class='ocrx_word' id='word_1_35' title='bbox 1469 703 1619 750; x_wconf 90' lang='lat' dir='ltr'><strong>sunt.</strong></span> <span class='ocrx_word' id='word_1_36' title='bbox 1666 693 1759 747; x_wconf 90' lang='lat' dir='ltr'><strong>Ille</strong></span> <span class='ocrx_word' id='word_1_37' title='bbox 1789 707 1918 748; x_wconf 93' lang='lat' dir='ltr'><strong>vero</strong></span> <span class='ocrx_word' id='word_1_38' title='bbox 1944 707 2010 745; x_wconf 76' lang='lat' dir='ltr'><strong>ex</strong></span> <span class='ocrx_word' id='word_1_39' title='bbox 2040 692 2122 744; x_wconf 84' lang='lat' dir='ltr'><strong>di-</strong></span> 
     </span>
    </p>
   </div>
   <div class='ocr_carea' id='block_1_8' title="bbox 543 785 2123 848">
    <p class='ocr_par' dir='ltr' id='par_1_8' title="bbox 543 785 2123 848">
     <span class='ocr_line' id='line_1_8' title="bbox 543 785 2123 848; baseline -0.006 -1"><span class='ocrx_word' id='word_1_40' title='bbox 543 792 721 847; x_wconf 77' lang='lat' dir='ltr'><strong>versis</strong></span> <span class='ocrx_word' id='word_1_41' title='bbox 754 791 861 845; x_wconf 86' lang='lat' dir='ltr'><strong>illis</strong></span> <span class='ocrx_word' id='word_1_42' title='bbox 883 789 1205 844; x_wconf 80' lang='lat' dir='ltr'><strong>vulneribus</strong></span> <span class='ocrx_word' id='word_1_43' title='bbox 1235 786 1501 841; x_wconf 89' lang='lat' dir='ltr'><strong>membris</strong></span> <span class='ocrx_word' id='word_1_44' title='bbox 1531 786 1788 839; x_wconf 93' lang='lat' dir='ltr'><strong>omnibus</strong></span> <span class='ocrx_word' id='word_1_45' title='bbox 1809 785 2041 848; x_wconf 88' lang='lat' dir='ltr'><strong>solutus,</strong></span> <span class='ocrx_word' id='word_1_46' title='bbox 2069 791 2123 838; x_wconf 88' lang='lat' dir='ltr'><strong>et</strong></span> 
     </span>
    </p>
   </div>
   <div class='ocr_carea' id='block_1_9' title="bbox 544 876 2183 949">
    <p class='ocr_par' dir='ltr' id='par_1_9' title="bbox 544 876 2183 949">
     <span class='ocr_line' id='line_1_9' title="bbox 544 876 2183 949; baseline -0.002 -11"><span class='ocrx_word' id='word_1_47' title='bbox 544 886 775 939; x_wconf 88' lang='lat' dir='ltr'><strong>artubus</strong></span> <span class='ocrx_word' id='word_1_48' title='bbox 807 882 1025 936; x_wconf 77' lang='lat' dir='ltr'><strong>laxatus</strong></span> <span class='ocrx_word' id='word_1_49' title='bbox 1049 920 1064 945; x_wconf 97' lang='lat'><strong>,</strong></span> <span class='ocrx_word' id='word_1_50' title='bbox 1113 891 1167 934; x_wconf 89' lang='lat' dir='ltr'><strong>et</strong></span> <span class='ocrx_word' id='word_1_51' title='bbox 1195 894 1397 949; x_wconf 85' lang='lat' dir='ltr'><strong>corpus</strong></span> <span class='ocrx_word' id='word_1_52' title='bbox 1431 877 1810 933; x_wconf 83' lang='lat' dir='ltr'><strong>acerbissimis</strong></span> <span class='ocrx_word' id='word_1_53' title='bbox 1837 876 2122 931; x_wconf 86' lang='lat' dir='ltr'><strong>doloribus</strong></span> <span class='ocrx_word' id='word_1_54' title='bbox 2177 926 2183 934; x_wconf 94' lang='lat'><strong>.</strong></span> 
     </span>
    </p>
   </div>
   <div class='ocr_carea' id='block_1_10' title="bbox 545 968 2122 1045">
    <p class='ocr_par' dir='ltr' id='par_1_10' title="bbox 545 968 2122 1045">
     <span class='ocr_line' id='line_1_10' title="bbox 545 968 2122 1045; baseline -0.005 -15"><span class='ocrx_word' id='word_1_55' title='bbox 545 975 873 1045; x_wconf 65' lang='lat' dir='ltr'><strong>chirurgicaz</strong></span> <span class='ocrx_word' id='word_1_56' title='bbox 911 973 1220 1029; x_wconf 88' lang='lat' dir='ltr'><strong>curationis</strong></span> <span class='ocrx_word' id='word_1_57' title='bbox 1259 971 1534 1040; x_wconf 91' lang='lat' dir='ltr'><strong>subjecit,</strong></span> <span class='ocrx_word' id='word_1_58' title='bbox 1567 978 1622 1025; x_wconf 90' lang='lat' dir='ltr'><strong>et</strong></span> <span class='ocrx_word' id='word_1_59' title='bbox 1654 969 1863 1026; x_wconf 73' lang='lat' dir='ltr'><strong>fractus</strong></span> <span class='ocrx_word' id='word_1_60' title='bbox 1895 969 2023 1023; x_wconf 88' lang='lat' dir='ltr'><strong>inde</strong></span> <span class='ocrx_word' id='word_1_61' title='bbox 2054 968 2122 1022; x_wconf 87' lang='lat' dir='ltr'><strong>ad</strong></span> 
     </span>
    </p>
   </div>
   <div class='ocr_carea' id='block_1_11' title="bbox 545 1061 2121 1138">
    <p class='ocr_par' dir='ltr' id='par_1_11' title="bbox 545 1061 2121 1138">
     <span class='ocr_line' id='line_1_11' title="bbox 545 1061 2121 1138; baseline -0.006 -15"><span class='ocrx_word' id='word_1_62' title='bbox 545 1069 707 1124; x_wconf 79' lang='lat' dir='ltr'><strong>linem</strong></span> <span class='ocrx_word' id='word_1_63' title='bbox 735 1083 908 1138; x_wconf 86' lang='lat' dir='ltr'><strong>usque</strong></span> <span class='ocrx_word' id='word_1_64' title='bbox 927 1077 1188 1136; x_wconf 86' lang='lat' dir='ltr'><strong>tanquam</strong></span> <span class='ocrx_word' id='word_1_65' title='bbox 1211 1064 1454 1135; x_wconf 85' lang='lat' dir='ltr'><strong>quotidie</strong></span> <span class='ocrx_word' id='word_1_66' title='bbox 1480 1063 1721 1118; x_wconf 91' lang='lat' dir='ltr'><strong>moriens</strong></span> <span class='ocrx_word' id='word_1_67' title='bbox 1744 1062 1909 1117; x_wconf 89' lang='lat' dir='ltr'><strong>vitam</strong></span> <span class='ocrx_word' id='word_1_68' title='bbox 1934 1061 2121 1124; x_wconf 86' lang='lat' dir='ltr'><strong>traxit,</strong></span> 
     </span>
    </p>
   </div>
   <div class='ocr_carea' id='block_1_12' title="bbox 540 1155 2120 1231">
    <p class='ocr_par' dir='ltr' id='par_1_12' title="bbox 540 1155 2120 1231">
     <span class='ocr_line' id='line_1_12' title="bbox 540 1155 2120 1231; baseline -0.006 -16"><span class='ocrx_word' id='word_1_69' title='bbox 540 1175 601 1215; x_wconf 86' lang='lat' dir='ltr'><strong>et</strong></span> <span class='ocrx_word' id='word_1_70' title='bbox 628 1160 849 1231; x_wconf 89' lang='lat' dir='ltr'><strong>quidem</strong></span> <span class='ocrx_word' id='word_1_71' title='bbox 883 1175 1006 1215; x_wconf 91' lang='lat' dir='ltr'><strong>cum</strong></span> <span class='ocrx_word' id='word_1_72' title='bbox 1036 1158 1338 1228; x_wconf 77' lang='lat' dir='ltr'><strong>gratiarum</strong></span> <span class='ocrx_word' id='word_1_73' title='bbox 1371 1157 1604 1220; x_wconf 86' lang='lat' dir='ltr'><strong>actione,</strong></span> <span class='ocrx_word' id='word_1_74' title='bbox 1637 1165 1805 1227; x_wconf 87' lang='lat' dir='ltr'><strong>atque</strong></span> <span class='ocrx_word' id='word_1_75' title='bbox 1834 1155 1970 1210; x_wconf 89' lang='lat' dir='ltr'><strong>adeo</strong></span> <span class='ocrx_word' id='word_1_76' title='bbox 1995 1169 2120 1209; x_wconf 93' lang='lat' dir='ltr'><strong>cum</strong></span> 
     </span>
    </p>
   </div>
   <div class='ocr_carea' id='block_1_13' title="bbox 547 1248 2122 1318">
    <p class='ocr_par' dir='ltr' id='par_1_13' title="bbox 547 1248 2122 1318">
     <span class='ocr_line' id='line_1_13' title="bbox 547 1248 2122 1318; baseline -0.003 -12"><span class='ocrx_word' id='word_1_77' title='bbox 547 1251 880 1307; x_wconf 83' lang='lat' dir='ltr'><strong>humilitate.</strong></span> <span class='ocrx_word' id='word_1_78' title='bbox 918 1251 1075 1318; x_wconf 86' lang='lat' dir='ltr'><strong>Quod</strong></span> <span class='ocrx_word' id='word_1_79' title='bbox 1117 1250 1194 1316; x_wconf 91' lang='lat' dir='ltr'><strong>si,</strong></span> <span class='ocrx_word' id='word_1_80' title='bbox 1237 1260 1297 1304; x_wconf 93' lang='lat' dir='ltr'><strong>ut</strong></span> <span class='ocrx_word' id='word_1_81' title='bbox 1329 1249 1556 1314; x_wconf 88' lang='lat' dir='ltr'><strong>scribis,</strong></span> <span class='ocrx_word' id='word_1_82' title='bbox 1595 1264 1756 1303; x_wconf 90' lang='lat' dir='ltr'><strong>suum</strong></span> <span class='ocrx_word' id='word_1_83' title='bbox 1790 1248 1953 1303; x_wconf 88' lang='lat' dir='ltr'><strong>etiam</strong></span> <span class='ocrx_word' id='word_1_84' title='bbox 1999 1248 2122 1302; x_wconf 89' lang='lat' dir='ltr'><strong>obi-</strong></span> 
     </span>
    </p>
   </div>
   <div class='ocr_carea' id='block_1_14' title="bbox 545 1342 2120 1413">
    <p class='ocr_par' dir='ltr' id='par_1_14' title="bbox 545 1342 2120 1413">
     <span class='ocr_line' id='line_1_14' title="bbox 545 1342 2120 1413; baseline -0.003 -17"><span class='ocrx_word' id='word_1_85' title='bbox 545 1348 663 1396; x_wconf 89' lang='lat' dir='ltr'><strong>tum</strong></span> <span class='ocrx_word' id='word_1_86' title='bbox 693 1342 987 1413; x_wconf 70' lang='lat' dir='ltr'><strong>praedixit,</strong></span> <span class='ocrx_word' id='word_1_87' title='bbox 1023 1342 1128 1396; x_wconf 91' lang='lat' dir='ltr'><strong>hoc</strong></span> <span class='ocrx_word' id='word_1_88' title='bbox 1161 1342 1339 1411; x_wconf 90' lang='lat' dir='ltr'><strong>ipsum</strong></span> <span class='ocrx_word' id='word_1_89' title='bbox 1375 1349 1494 1396; x_wconf 88' lang='lat' dir='ltr'><strong>erat</strong></span> <span class='ocrx_word' id='word_1_90' title='bbox 1529 1354 1873 1408; x_wconf 86' lang='lat' dir='ltr'><strong>consequens</strong></span> <span class='ocrx_word' id='word_1_91' title='bbox 1901 1355 1967 1393; x_wconf 83' lang='lat' dir='ltr'><strong>ex</strong></span> <span class='ocrx_word' id='word_1_92' title='bbox 1995 1354 2120 1393; x_wconf 86' lang='lat' dir='ltr'><strong>cer-</strong></span> 
     </span>
    </p>
   </div>
   <div class='ocr_carea' id='block_1_15' title="bbox 543 1429 2121 1500">
    <p class='ocr_par' dir='ltr' id='par_1_15' title="bbox 543 1429 2121 1500">
     <span class='ocr_line' id='line_1_15' title="bbox 543 1429 2121 1500; baseline -0.001 -14"><span class='ocrx_word' id='word_1_93' title='bbox 543 1433 863 1488; x_wconf 88' lang='lat' dir='ltr'><strong>taminibus.</strong></span> <span class='ocrx_word' id='word_1_94' title='bbox 898 1431 1037 1499; x_wconf 85' lang='lat' dir='ltr'><strong>Quia</strong></span> <span class='ocrx_word' id='word_1_95' title='bbox 1063 1447 1190 1488; x_wconf 88' lang='lat' dir='ltr'><strong>vero</strong></span> <span class='ocrx_word' id='word_1_96' title='bbox 1230 1432 1480 1500; x_wconf 86' lang='lat' dir='ltr'><strong>adjecisti</strong></span> <span class='ocrx_word' id='word_1_97' title='bbox 1527 1431 1824 1485; x_wconf 82' lang='lat' dir='ltr'><strong>maximum</strong></span> <span class='ocrx_word' id='word_1_98' title='bbox 1858 1431 1924 1485; x_wconf 88' lang='lat' dir='ltr'><strong>ad</strong></span> <span class='ocrx_word' id='word_1_99' title='bbox 1955 1429 2121 1484; x_wconf 77' lang='lat' dir='ltr'><strong>funus</strong></span> 
     </span>
    </p>
   </div>
   <div class='ocr_carea' id='block_1_16' title="bbox 542 1524 2121 1592">
    <p class='ocr_par' dir='ltr' id='par_1_16' title="bbox 542 1524 2121 1592">
     <span class='ocr_line' id='line_1_16' title="bbox 542 1524 2121 1592; baseline -0.004 -10"><span class='ocrx_word' id='word_1_100' title='bbox 542 1540 875 1582; x_wconf 88' lang='lat' dir='ltr'><strong>concursum</strong></span> <span class='ocrx_word' id='word_1_101' title='bbox 903 1525 1074 1580; x_wconf 78' lang='lat' dir='ltr'><strong>fuisse</strong></span> <span class='ocrx_word' id='word_1_102' title='bbox 1104 1525 1268 1579; x_wconf 89' lang='lat' dir='ltr'><strong>etiam</strong></span> <span class='ocrx_word' id='word_1_103' title='bbox 1305 1524 1602 1578; x_wconf 82' lang='lat' dir='ltr'><strong>illustrium</strong></span> <span class='ocrx_word' id='word_1_104' title='bbox 1639 1525 1920 1592; x_wconf 87' lang='lat' dir='ltr'><strong>utriusque</strong></span> <span class='ocrx_word' id='word_1_105' title='bbox 1959 1538 2121 1591; x_wconf 79' lang='lat' dir='ltr'><strong>gene-</strong></span> 
     </span>
    </p>
   </div>
   <div class='ocr_carea' id='block_1_17' title="bbox 542 1615 2121 1690">
    <p class='ocr_par' dir='ltr' id='par_1_17' title="bbox 542 1615 2121 1690">
     <span class='ocr_line' id='line_1_17' title="bbox 542 1615 2121 1690; baseline -0.004 -16"><span class='ocrx_word' id='word_1_106' title='bbox 542 1619 654 1684; x_wconf 86' lang='lat' dir='ltr'><strong>ris;</strong></span> <span class='ocrx_word' id='word_1_107' title='bbox 701 1617 754 1672; x_wconf 91' lang='lat' dir='ltr'><strong>id</strong></span> <span class='ocrx_word' id='word_1_108' title='bbox 784 1632 1002 1690; x_wconf 90' lang='lat' dir='ltr'><strong>quoque</strong></span> <span class='ocrx_word' id='word_1_109' title='bbox 1041 1615 1172 1672; x_wconf 81' lang='lat' dir='ltr'><strong>facit</strong></span> <span class='ocrx_word' id='word_1_110' title='bbox 1205 1618 1269 1670; x_wconf 86' lang='lat' dir='ltr'><strong>ad</strong></span> <span class='ocrx_word' id='word_1_111' title='bbox 1312 1617 1748 1672; x_wconf 85' lang='lat' dir='ltr'><strong>testiiicationem</strong></span> <span class='ocrx_word' id='word_1_112' title='bbox 1781 1631 1969 1670; x_wconf 90' lang='lat' dir='ltr'><strong>eorum</strong></span> <span class='ocrx_word' id='word_1_113' title='bbox 2001 1630 2121 1684; x_wconf 72' lang='lat' dir='ltr'><strong>qua:</strong></span> 
     </span>
    </p>
   </div>
   <div class='ocr_carea' id='block_1_18' title="bbox 543 1708 2121 1781">
    <p class='ocr_par' dir='ltr' id='par_1_18' title="bbox 543 1708 2121 1781">
     <span class='ocr_line' id='line_1_18' title="bbox 543 1708 2121 1781; baseline -0.003 -15"><span class='ocrx_word' id='word_1_114' title='bbox 543 1709 689 1766; x_wconf 87' lang='lat' dir='ltr'><strong>dico.</strong></span> <span class='ocrx_word' id='word_1_115' title='bbox 713 1709 899 1781; x_wconf 88' lang='lat' dir='ltr'><strong>Neque</strong></span> <span class='ocrx_word' id='word_1_116' title='bbox 921 1711 1065 1765; x_wconf 91' lang='lat' dir='ltr'><strong>enim</strong></span> <span class='ocrx_word' id='word_1_117' title='bbox 1101 1710 1202 1764; x_wconf 91' lang='lat' dir='ltr'><strong>nisi</strong></span> <span class='ocrx_word' id='word_1_118' title='bbox 1229 1708 1323 1764; x_wconf 90' lang='lat' dir='ltr'><strong>Dei</strong></span> <span class='ocrx_word' id='word_1_119' title='bbox 1355 1720 1488 1763; x_wconf 89' lang='lat' dir='ltr'><strong>nutu</strong></span> <span class='ocrx_word' id='word_1_120' title='bbox 1513 1710 1579 1765; x_wconf 90' lang='lat' dir='ltr'><strong>ad</strong></span> <span class='ocrx_word' id='word_1_121' title='bbox 1613 1709 1886 1763; x_wconf 88' lang='lat' dir='ltr'><strong>hominem</strong></span> <span class='ocrx_word' id='word_1_122' title='bbox 1922 1709 2121 1764; x_wconf 89' lang='lat' dir='ltr'><strong>obscu-</strong></span> 
     </span>
    </p>
   </div>
   <div class='ocr_carea' id='block_1_19' title="bbox 543 1800 2117 1858">
    <p class='ocr_par' dir='ltr' id='par_1_19' title="bbox 543 1800 2117 1858">
     <span class='ocr_line' id='line_1_19' title="bbox 543 1800 2117 1858; baseline -0.001 0"><span class='ocrx_word' id='word_1_123' title='bbox 543 1818 666 1858; x_wconf 89' lang='lat' dir='ltr'><strong>rum</strong></span> <span class='ocrx_word' id='word_1_124' title='bbox 698 1803 997 1858; x_wconf 87' lang='lat' dir='ltr'><strong>secundum</strong></span> <span class='ocrx_word' id='word_1_125' title='bbox 1024 1816 1243 1858; x_wconf 88' lang='lat' dir='ltr'><strong>carnem</strong></span> <span class='ocrx_word' id='word_1_126' title='bbox 1273 1801 1398 1856; x_wconf 90' lang='lat' dir='ltr'><strong>talis</strong></span> <span class='ocrx_word' id='word_1_127' title='bbox 1425 1800 1603 1856; x_wconf 80' lang='lat' dir='ltr'><strong>factus</strong></span> <span class='ocrx_word' id='word_1_128' title='bbox 1628 1816 1929 1857; x_wconf 80' lang='lat' dir='ltr'><strong>COIICUI&#39;SUS</strong></span> <span class='ocrx_word' id='word_1_129' title='bbox 1951 1811 2117 1856; x_wconf 91' lang='lat' dir='ltr'><strong>esset.</strong></span> 
     </span>
    </p>
   </div>
   <div class='ocr_carea' id='block_1_20' title="bbox 541 1894 2117 1966">
    <p class='ocr_par' dir='ltr' id='par_1_20' title="bbox 541 1894 2117 1966">
     <span class='ocr_line' id='line_1_20' title="bbox 541 1894 2117 1966; baseline -0.001 -16"><span class='ocrx_word' id='word_1_130' title='bbox 541 1894 634 1950; x_wconf 91' lang='lat' dir='ltr'><strong>Ille</strong></span> <span class='ocrx_word' id='word_1_131' title='bbox 668 1895 834 1966; x_wconf 79' lang='lat' dir='ltr'><strong>igitur</strong></span> <span class='ocrx_word' id='word_1_132' title='bbox 861 1895 914 1951; x_wconf 92' lang='lat' dir='ltr'><strong>in</strong></span> <span class='ocrx_word' id='word_1_133' title='bbox 940 1896 1141 1952; x_wconf 75' lang='lat' dir='ltr'><strong>ccelum</strong></span> <span class='ocrx_word' id='word_1_134' title='bbox 1173 1895 1330 1962; x_wconf 87' lang='lat' dir='ltr'><strong>abiit,</strong></span> <span class='ocrx_word' id='word_1_135' title='bbox 1362 1905 1416 1950; x_wconf 91' lang='lat' dir='ltr'><strong>et</strong></span> <span class='ocrx_word' id='word_1_136' title='bbox 1447 1894 1733 1965; x_wconf 90' lang='lat' dir='ltr'><strong>appositus</strong></span> <span class='ocrx_word' id='word_1_137' title='bbox 1759 1903 1842 1949; x_wconf 91' lang='lat' dir='ltr'><strong>est</strong></span> <span class='ocrx_word' id='word_1_138' title='bbox 1867 1895 1932 1949; x_wconf 90' lang='lat' dir='ltr'><strong>ad</strong></span> <span class='ocrx_word' id='word_1_139' title='bbox 1969 1910 2117 1950; x_wconf 90' lang='lat' dir='ltr'><strong>com-</strong></span> 
     </span>
    </p>
   </div>
   <div class='ocr_carea' id='block_1_21' title="bbox 541 1981 2118 2056">
    <p class='ocr_par' dir='ltr' id='par_1_21' title="bbox 541 1981 2118 2056">
     <span class='ocr_line' id='line_1_21' title="bbox 541 1981 2118 2056; baseline 0 -17"><span class='ocrx_word' id='word_1_140' title='bbox 541 1985 867 2041; x_wconf 87' lang='lat' dir='ltr'><strong>militones:</strong></span> <span class='ocrx_word' id='word_1_141' title='bbox 912 1993 1217 2056; x_wconf 91' lang='lat' dir='ltr'><strong>auctusque</strong></span> <span class='ocrx_word' id='word_1_142' title='bbox 1265 1994 1349 2040; x_wconf 92' lang='lat' dir='ltr'><strong>est</strong></span> <span class='ocrx_word' id='word_1_143' title='bbox 1391 1983 1594 2039; x_wconf 87' lang='lat' dir='ltr'><strong>chorus</strong></span> <span class='ocrx_word' id='word_1_144' title='bbox 1632 1981 2008 2038; x_wconf 82' lang='lat' dir='ltr'><strong>conl‘essorum</strong></span> <span class='ocrx_word' id='word_1_145' title='bbox 2053 2000 2118 2040; x_wconf 91' lang='lat' dir='ltr'><strong>ac</strong></span> 
     </span>
    </p>
   </div>
   <div class='ocr_carea' id='block_1_22' title="bbox 546 2076 2116 2148">
    <p class='ocr_par' dir='ltr' id='par_1_22' title="bbox 546 2076 2116 2148">
     <span class='ocr_line' id='line_1_22' title="bbox 546 2076 2116 2148; baseline -0.001 -16"><span class='ocrx_word' id='word_1_146' title='bbox 546 2088 848 2147; x_wconf 80' lang='lat' dir='ltr'><strong>martyrum</strong></span> <span class='ocrx_word' id='word_1_147' title='bbox 890 2078 1134 2148; x_wconf 87' lang='lat' dir='ltr'><strong>priorum</strong></span> <span class='ocrx_word' id='word_1_148' title='bbox 1162 2119 1176 2143; x_wconf 97' lang='lat'><strong>,</strong></span> <span class='ocrx_word' id='word_1_149' title='bbox 1217 2093 1284 2132; x_wconf 83' lang='lat' dir='ltr'><strong>ex</strong></span> <span class='ocrx_word' id='word_1_150' title='bbox 1319 2090 1430 2146; x_wconf 91' lang='lat' dir='ltr'><strong>quo</strong></span> <span class='ocrx_word' id='word_1_151' title='bbox 1467 2076 1728 2145; x_wconf 79' lang='lat' dir='ltr'><strong>gaudium</strong></span> <span class='ocrx_word' id='word_1_152' title='bbox 1764 2086 1845 2130; x_wconf 92' lang='lat' dir='ltr'><strong>est</strong></span> <span class='ocrx_word' id='word_1_153' title='bbox 1890 2077 1943 2130; x_wconf 92' lang='lat' dir='ltr'><strong>in</strong></span> <span class='ocrx_word' id='word_1_154' title='bbox 1976 2077 2116 2131; x_wconf 62' lang='lat' dir='ltr'><strong>caalo</strong></span> 
     </span>
    </p>
   </div>
   <div class='ocr_carea' id='block_1_23' title="bbox 539 2167 2110 2237">
    <p class='ocr_par' dir='ltr' id='par_1_23' title="bbox 539 2167 2110 2237">
     <span class='ocr_line' id='line_1_23' title="bbox 539 2167 2110 2237; baseline 0 -15"><span class='ocrx_word' id='word_1_155' title='bbox 539 2178 594 2222; x_wconf 90' lang='lat' dir='ltr'><strong>ct</strong></span> <span class='ocrx_word' id='word_1_156' title='bbox 621 2168 789 2222; x_wconf 89' lang='lat' dir='ltr'><strong>animi</strong></span> <span class='ocrx_word' id='word_1_157' title='bbox 824 2167 1031 2235; x_wconf 64' lang='lat' dir='ltr'><strong>latitia,</strong></span> <span class='ocrx_word' id='word_1_158' title='bbox 1056 2167 1216 2237; x_wconf 89' lang='lat' dir='ltr'><strong>cujus</strong></span> <span class='ocrx_word' id='word_1_159' title='bbox 1249 2167 1502 2237; x_wconf 88' lang='lat' dir='ltr'><strong>precibus</strong></span> <span class='ocrx_word' id='word_1_160' title='bbox 1525 2167 1823 2234; x_wconf 85' lang='lat' dir='ltr'><strong>salvemur,</strong></span> <span class='ocrx_word' id='word_1_161' title='bbox 1863 2167 2064 2223; x_wconf 76' lang='lat' dir='ltr'><strong>fratres</strong></span> <span class='ocrx_word' id='word_1_162' title='bbox 2096 2187 2110 2222; x_wconf 88' lang='lat'><strong>:</strong></span> 
     </span>
    </p>
   </div>
   <div class='ocr_carea' id='block_1_24' title="bbox 539 2262 2116 2332">
    <p class='ocr_par' dir='ltr' id='par_1_24' title="bbox 539 2262 2116 2332">
     <span class='ocr_line' id='line_1_24' title="bbox 539 2262 2116 2332; baseline 0.001 -17"><span class='ocrx_word' id='word_1_163' title='bbox 539 2263 656 2331; x_wconf 88' lang='lat' dir='ltr'><strong>ipse</strong></span> <span class='ocrx_word' id='word_1_164' title='bbox 688 2271 872 2316; x_wconf 88' lang='lat' dir='ltr'><strong>autem</strong></span> <span class='ocrx_word' id='word_1_165' title='bbox 905 2263 1120 2332; x_wconf 82' lang='lat' dir='ltr'><strong>dignam</strong></span> <span class='ocrx_word' id='word_1_166' title='bbox 1155 2262 1403 2330; x_wconf 86' lang='lat' dir='ltr'><strong>obsequii</strong></span> <span class='ocrx_word' id='word_1_167' title='bbox 1457 2262 1543 2316; x_wconf 88' lang='lat' dir='ltr'><strong>sui</strong></span> <span class='ocrx_word' id='word_1_168' title='bbox 1587 2263 1891 2318; x_wconf 87' lang='lat' dir='ltr'><strong>mercedem</strong></span> <span class='ocrx_word' id='word_1_169' title='bbox 1927 2263 2116 2316; x_wconf 89' lang='lat' dir='ltr'><strong>nanci-</strong></span> 
     </span>
    </p>
   </div>
   <div class='ocr_carea' id='block_1_25' title="bbox 538 2351 2111 2424">
    <p class='ocr_par' dir='ltr' id='par_1_25' title="bbox 538 2351 2111 2424">
     <span class='ocr_line' id='line_1_25' title="bbox 538 2351 2111 2424; baseline 0.001 -19"><span class='ocrx_word' id='word_1_170' title='bbox 538 2361 744 2408; x_wconf 88' lang='lat' dir='ltr'><strong>scatur.</strong></span> <span class='ocrx_word' id='word_1_171' title='bbox 768 2351 919 2408; x_wconf 88' lang='lat' dir='ltr'><strong>Beati</strong></span> <span class='ocrx_word' id='word_1_172' title='bbox 951 2364 1131 2408; x_wconf 89' lang='lat' dir='ltr'><strong>autem</strong></span> <span class='ocrx_word' id='word_1_173' title='bbox 1162 2362 1216 2407; x_wconf 94' lang='lat' dir='ltr'><strong>et</strong></span> <span class='ocrx_word' id='word_1_174' title='bbox 1248 2353 1341 2422; x_wconf 89' lang='lat' dir='ltr'><strong>qui</strong></span> <span class='ocrx_word' id='word_1_175' title='bbox 1371 2361 1759 2418; x_wconf 88' lang='lat' dir='ltr'><strong>convenerunt,</strong></span> <span class='ocrx_word' id='word_1_176' title='bbox 1794 2369 1982 2408; x_wconf 87' lang='lat' dir='ltr'><strong>revera</strong></span> <span class='ocrx_word' id='word_1_177' title='bbox 2009 2354 2111 2424; x_wconf 89' lang='lat' dir='ltr'><strong>pii,</strong></span> 
     </span>
    </p>
   </div>
   <div class='ocr_carea' id='block_1_26' title="bbox 539 2452 2115 2516">
    <p class='ocr_par' dir='ltr' id='par_1_26' title="bbox 539 2452 2115 2516">
     <span class='ocr_line' id='line_1_26' title="bbox 539 2452 2115 2516; baseline 0.001 -18"><span class='ocrx_word' id='word_1_178' title='bbox 539 2459 727 2498; x_wconf 87' lang='lat' dir='ltr'><strong>revera</strong></span> <span class='ocrx_word' id='word_1_179' title='bbox 754 2452 1055 2515; x_wconf 82' lang='lat' dir='ltr'><strong>martyrum</strong></span> <span class='ocrx_word' id='word_1_180' title='bbox 1089 2453 1362 2499; x_wconf 89' lang='lat' dir='ltr'><strong>amatores</strong></span> <span class='ocrx_word' id='word_1_181' title='bbox 1383 2485 1399 2509; x_wconf 84' lang='lat'><strong>,</strong></span> <span class='ocrx_word' id='word_1_182' title='bbox 1444 2460 1679 2514; x_wconf 89' lang='lat' dir='ltr'><strong>quorum</strong></span> <span class='ocrx_word' id='word_1_183' title='bbox 1728 2461 1852 2516; x_wconf 90' lang='lat' dir='ltr'><strong>pars</strong></span> <span class='ocrx_word' id='word_1_184' title='bbox 1885 2461 2010 2501; x_wconf 90' lang='lat' dir='ltr'><strong>cum</strong></span> <span class='ocrx_word' id='word_1_185' title='bbox 2049 2461 2115 2501; x_wconf 92' lang='lat' dir='ltr'><strong>eo</strong></span> 
     </span>
    </p>
   </div>
   <div class='ocr_carea' id='block_1_27' title="bbox 539 2533 2112 2605">
    <p class='ocr_par' dir='ltr' id='par_1_27' title="bbox 539 2533 2112 2605">
     <span class='ocr_line' id='line_1_27' title="bbox 539 2533 2112 2605; baseline 0 -15"><span class='ocrx_word' id='word_1_186' title='bbox 539 2534 612 2590; x_wconf 89' lang='lat' dir='ltr'><strong>sit</strong></span> <span class='ocrx_word' id='word_1_187' title='bbox 651 2549 814 2605; x_wconf 93' lang='lat' dir='ltr'><strong>quem</strong></span> <span class='ocrx_word' id='word_1_188' title='bbox 854 2535 1188 2590; x_wconf 81' lang='lat' dir='ltr'><strong>extulerunt.</strong></span> <span class='ocrx_word' id='word_1_189' title='bbox 1222 2533 1299 2590; x_wconf 86' lang='lat' dir='ltr'><strong>De</strong></span> <span class='ocrx_word' id='word_1_190' title='bbox 1331 2534 1664 2589; x_wconf 88' lang='lat' dir='ltr'><strong>venerandis</strong></span> <span class='ocrx_word' id='word_1_191' title='bbox 1686 2533 1804 2601; x_wconf 90' lang='lat' dir='ltr'><strong>ejus</strong></span> <span class='ocrx_word' id='word_1_192' title='bbox 1829 2535 2077 2605; x_wconf 87' lang='lat' dir='ltr'><strong>reliquiis</strong></span> <span class='ocrx_word' id='word_1_193' title='bbox 2097 2574 2112 2600; x_wconf 95' lang='lat'><strong>,</strong></span> 
     </span>
    </p>
   </div>
   <div class='ocr_carea' id='block_1_28' title="bbox 537 2626 2110 2696">
    <p class='ocr_par' dir='ltr' id='par_1_28' title="bbox 537 2626 2110 2696">
     <span class='ocr_line' id='line_1_28' title="bbox 537 2626 2110 2696; baseline -0.001 -15"><span class='ocrx_word' id='word_1_194' title='bbox 537 2627 683 2681; x_wconf 87' lang='lat' dir='ltr'><strong>sicut</strong></span> <span class='ocrx_word' id='word_1_195' title='bbox 716 2627 909 2696; x_wconf 88' lang='lat' dir='ltr'><strong>scripsi</strong></span> <span class='ocrx_word' id='word_1_196' title='bbox 945 2627 1012 2681; x_wconf 89' lang='lat' dir='ltr'><strong>de</strong></span> <span class='ocrx_word' id='word_1_197' title='bbox 1044 2642 1254 2682; x_wconf 90' lang='lat' dir='ltr'><strong>canone</strong></span> <span class='ocrx_word' id='word_1_198' title='bbox 1281 2668 1296 2693; x_wconf 95' lang='lat'><strong>,</strong></span> <span class='ocrx_word' id='word_1_199' title='bbox 1332 2627 1531 2682; x_wconf 80' lang='lat' dir='ltr'><strong>faciam</strong></span> <span class='ocrx_word' id='word_1_200' title='bbox 1567 2629 1611 2683; x_wconf 91' lang='lat' dir='ltr'><strong>si</strong></span> <span class='ocrx_word' id='word_1_201' title='bbox 1641 2626 1872 2682; x_wconf 92' lang='lat' dir='ltr'><strong>Domino</strong></span> <span class='ocrx_word' id='word_1_202' title='bbox 1900 2629 2110 2696; x_wconf 89' lang='lat' dir='ltr'><strong>placet:</strong></span> 
     </span>
    </p>
   </div>
   <div class='ocr_carea' id='block_1_29' title="bbox 538 2716 2114 2774">
    <p class='ocr_par' dir='ltr' id='par_1_29' title="bbox 538 2716 2114 2774">
     <span class='ocr_line' id='line_1_29' title="bbox 538 2716 2114 2774; baseline 0.001 -3"><span class='ocrx_word' id='word_1_203' title='bbox 538 2716 784 2772; x_wconf 76' lang='lat' dir='ltr'><strong>Salutate</strong></span> <span class='ocrx_word' id='word_1_204' title='bbox 811 2719 1029 2771; x_wconf 80' lang='lat' dir='ltr'><strong>invicem</strong></span> <span class='ocrx_word' id='word_1_205' title='bbox 1055 2719 1108 2770; x_wconf 79' lang='lat' dir='ltr'><strong>in</strong></span> <span class='ocrx_word' id='word_1_206' title='bbox 1134 2717 1312 2771; x_wconf 82' lang='lat' dir='ltr'><strong>osculo</strong></span> <span class='ocrx_word' id='word_1_207' title='bbox 1342 2727 1523 2771; x_wconf 78' lang='lat' dir='ltr'><strong>sancto</strong></span> <span class='ocrx_word' id='word_1_208' title='bbox 1541 2719 1583 2771; x_wconf 84' lang='lat'><strong>’.</strong></span> <span class='ocrx_word' id='word_1_209' title='bbox 1615 2718 1830 2773; x_wconf 90' lang='lat' dir='ltr'><strong>Etenim</strong></span> <span class='ocrx_word' id='word_1_210' title='bbox 1861 2719 2114 2774; x_wconf 89' lang='lat' dir='ltr'><strong>omnibus</strong></span> 
     </span>
    </p>
   </div>
   <div class='ocr_carea' id='block_1_30' title="bbox 538 2808 2114 2879">
    <p class='ocr_par' dir='ltr' id='par_1_30' title="bbox 538 2808 2114 2879">
     <span class='ocr_line' id='line_1_30' title="bbox 538 2808 2114 2879; baseline -0.001 -14"><span class='ocrx_word' id='word_1_211' title='bbox 538 2809 799 2866; x_wconf 84' lang='lat' dir='ltr'><strong>fratribus</strong></span> <span class='ocrx_word' id='word_1_212' title='bbox 831 2811 944 2866; x_wconf 69' lang='lat' dir='ltr'><strong>haec</strong></span> <span class='ocrx_word' id='word_1_213' title='bbox 975 2810 1223 2879; x_wconf 82' lang='lat' dir='ltr'><strong>legenda.</strong></span> <span class='ocrx_word' id='word_1_214' title='bbox 1264 2808 1477 2864; x_wconf 90' lang='lat' dir='ltr'><strong>Salutat</strong></span> <span class='ocrx_word' id='word_1_215' title='bbox 1507 2825 1605 2865; x_wconf 91' lang='lat' dir='ltr'><strong>vos</strong></span> <span class='ocrx_word' id='word_1_216' title='bbox 1640 2811 1896 2865; x_wconf 92' lang='lat' dir='ltr'><strong>dominus</strong></span> <span class='ocrx_word' id='word_1_217' title='bbox 1935 2812 2114 2864; x_wconf 87' lang='lat' dir='ltr'><strong>archi-</strong></span> 
     </span>
    </p>
   </div>
   <div class='ocr_carea' id='block_1_31' title="bbox 536 2900 2113 2971">
    <p class='ocr_par' dir='ltr' id='par_1_31' title="bbox 536 2900 2113 2971">
     <span class='ocr_line' id='line_1_31' title="bbox 536 2900 2113 2971; baseline -0.001 -15"><span class='ocrx_word' id='word_1_218' title='bbox 536 2901 826 2971; x_wconf 87' lang='lat' dir='ltr'><strong>episc0pus</strong></span> <span class='ocrx_word' id='word_1_219' title='bbox 849 2942 864 2966; x_wconf 96' lang='lat'><strong>,</strong></span> <span class='ocrx_word' id='word_1_220' title='bbox 916 2901 1365 2971; x_wconf 86' lang='lat' dir='ltr'><strong>protopresbyter</strong></span> <span class='ocrx_word' id='word_1_221' title='bbox 1390 2941 1405 2966; x_wconf 96' lang='lat'><strong>,</strong></span> <span class='ocrx_word' id='word_1_222' title='bbox 1454 2915 1775 2956; x_wconf 72' lang='lat' dir='ltr'><strong>(economus</strong></span> <span class='ocrx_word' id='word_1_223' title='bbox 1795 2939 1810 2966; x_wconf 91' lang='lat'><strong>,</strong></span> <span class='ocrx_word' id='word_1_224' title='bbox 1840 2909 1894 2955; x_wconf 89' lang='lat' dir='ltr'><strong>et</strong></span> <span class='ocrx_word' id='word_1_225' title='bbox 1923 2900 2113 2970; x_wconf 85' lang='lat' dir='ltr'><strong>reliqui</strong></span> 
     </span>
    </p>
   </div>
   <div class='ocr_carea' id='block_1_32' title="bbox 537 2991 1719 3049">
    <p class='ocr_par' dir='ltr' id='par_1_32' title="bbox 537 2991 1719 3049">
     <span class='ocr_line' id='line_1_32' title="bbox 537 2991 1719 3049; baseline 0 -3"><span class='ocrx_word' id='word_1_226' title='bbox 537 2991 756 3048; x_wconf 79' lang='lat' dir='ltr'><strong>fratres.</strong></span> <span class='ocrx_word' id='word_1_227' title='bbox 790 2992 1057 3048; x_wconf 89' lang='lat' dir='ltr'><strong>Dominus</strong></span> <span class='ocrx_word' id='word_1_228' title='bbox 1086 2994 1156 3048; x_wconf 92' lang='lat' dir='ltr'><strong>sit</strong></span> <span class='ocrx_word' id='word_1_229' title='bbox 1183 2993 1492 3049; x_wconf 88' lang='lat' dir='ltr'><strong>vobiscum.</strong></span> <span class='ocrx_word' id='word_1_230' title='bbox 1523 2995 1719 3048; x_wconf 84' lang='lat' dir='ltr'><strong>Amen.</strong></span> 
     </span>
    </p>
   </div>
   <div class='ocr_carea' id='block_1_33' title="bbox 906 3189 1653 3261">
    <p class='ocr_par' dir='ltr' id='par_1_33' title="bbox 906 3189 1653 3261">
     <span class='ocr_line' id='line_1_33' title="bbox 906 3189 1653 3261; baseline 0.003 -17"><span class='ocrx_word' id='word_1_231' title='bbox 906 3191 991 3249; x_wconf 89' lang='lat' dir='ltr'><strong>Cl.</strong></span> <span class='ocrx_word' id='word_1_232' title='bbox 1027 3219 1097 3230; x_wconf 91' lang='lat'><strong>--</strong></span> <span class='ocrx_word' id='word_1_233' title='bbox 1133 3189 1295 3245; x_wconf 87' lang='lat' dir='ltr'><strong>Petro</strong></span> <span class='ocrx_word' id='word_1_234' title='bbox 1332 3189 1554 3245; x_wconf 75' lang='grc' dir='ltr'>Νἱειεω.</span> <span class='ocrx_word' id='word_1_235' title='bbox 1590 3192 1653 3261; x_wconf 80' lang='grc'><strong>(⁴)</strong></span> 
     </span>
    </p>
   </div>
   <div class='ocr_carea' id='block_1_34' title="bbox 2226 597 3806 674">
    <p class='ocr_par' dir='ltr' id='par_1_34' title="bbox 2226 597 3806 674">
     <span class='ocr_line' id='line_1_34' title="bbox 2226 597 3806 674; baseline 0.009 -23"><span class='ocrx_word' id='word_1_236' title='bbox 2226 597 2370 669; x_wconf 77' lang='grc' dir='ltr'>φαλὴ</span> <span class='ocrx_word' id='word_1_237' title='bbox 2427 600 2686 653; x_wconf 77' lang='grc' dir='ltr'>πάντωνο</span> <span class='ocrx_word' id='word_1_238' title='bbox 2735 599 2998 664; x_wconf 84' lang='grc' dir='ltr'><strong>ὡσαύτως</strong></span> <span class='ocrx_word' id='word_1_239' title='bbox 3045 602 3331 672; x_wconf 63' lang='grc' dir='ltr'>ᾐκίσαντο,</span> <span class='ocrx_word' id='word_1_240' title='bbox 3373 605 3641 674; x_wconf 76' lang='grc' dir='ltr'>ἔκτειναν,</span> <span class='ocrx_word' id='word_1_241' title='bbox 3691 613 3806 666; x_wconf 81' lang='grc' dir='ltr'>ὲλι-</span> 
     </span>
    </p>
   </div>
   <div class='ocr_carea' id='block_1_35' title="bbox 2227 691 3804 765">
    <p class='ocr_par' dir='ltr' id='par_1_35' title="bbox 2227 691 3804 765">
     <span class='ocr_line' id='line_1_35' title="bbox 2227 691 3804 765; baseline 0.01 -25"><span class='ocrx_word' id='word_1_242' title='bbox 2227 691 2661 760; x_wconf 81' lang='grc' dir='ltr'>μαγχονήσαντο,</span> <span class='ocrx_word' id='word_1_243' title='bbox 2689 692 2786 744; x_wconf 75' lang='grc' dir='ltr'><strong>καὶ</strong></span> <span class='ocrx_word' id='word_1_244' title='bbox 2811 691 2908 743; x_wconf 83' lang='grc' dir='ltr'>ὅσα</span> <span class='ocrx_word' id='word_1_245' title='bbox 2939 691 3076 745; x_wconf 81' lang='grc' dir='ltr'>ἄλλα</span> <span class='ocrx_word' id='word_1_246' title='bbox 3099 693 3310 758; x_wconf 78' lang='grc' dir='ltr'><strong>τούτοις</strong></span> <span class='ocrx_word' id='word_1_247' title='bbox 3340 695 3605 765; x_wconf 77' lang='grc' dir='ltr'>ἑπόμενα.</span> <span class='ocrx_word' id='word_1_248' title='bbox 3653 700 3712 754; x_wconf 82' lang='grc'><strong>’0</strong></span> <span class='ocrx_word' id='word_1_249' title='bbox 3742 704 3804 756; x_wconf 86' lang='grc' dir='ltr'>δὲ</span> 
     </span>
    </p>
   </div>
   <div class='ocr_carea' id='block_1_36' title="bbox 2225 779 3803 859">
    <p class='ocr_par' dir='ltr' id='par_1_36' title="bbox 2225 779 3803 859">
     <span class='ocr_line' id='line_1_36' title="bbox 2225 779 3803 859; baseline 0.009 -27"><span class='ocrx_word' id='word_1_250' title='bbox 2225 779 2334 832; x_wconf 75' lang='grc' dir='ltr'><strong>ἀπὸ</strong></span> <span class='ocrx_word' id='word_1_251' title='bbox 2363 779 2472 832; x_wconf 83' lang='grc' dir='ltr'><strong>τῶν</strong></span> <span class='ocrx_word' id='word_1_252' title='bbox 2491 780 2923 852; x_wconf 82' lang='grc' dir='ltr'>δυσφορωτάτων</span> <span class='ocrx_word' id='word_1_253' title='bbox 2945 783 3169 837; x_wconf 77' lang='grc' dir='ltr'><strong>ἐκείνων</strong></span> <span class='ocrx_word' id='word_1_254' title='bbox 3188 785 3411 858; x_wconf 76' lang='grc' dir='ltr'>πληγῶν</span> <span class='ocrx_word' id='word_1_255' title='bbox 3435 790 3803 859; x_wconf 79' lang='grc' dir='ltr'>παραλυθεὶς,</span> 
     </span>
    </p>
   </div>
   <div class='ocr_carea' id='block_1_37' title="bbox 2225 870 3808 950">
    <p class='ocr_par' dir='ltr' id='par_1_37' title="bbox 2225 870 3808 950">
     <span class='ocr_line' id='line_1_37' title="bbox 2225 870 3808 950; baseline 0.006 -26"><span class='ocrx_word' id='word_1_256' title='bbox 2225 871 2319 924; x_wconf 73' lang='grc' dir='ltr'>καὶ</span> <span class='ocrx_word' id='word_1_257' title='bbox 2344 870 2732 942; x_wconf 75' lang='grc' dir='ltr'>ὲξαρθρωθεὶς,</span> <span class='ocrx_word' id='word_1_258' title='bbox 2759 873 2853 925; x_wconf 79' lang='grc' dir='ltr'>καὶ</span> <span class='ocrx_word' id='word_1_259' title='bbox 2883 877 3286 944; x_wconf 81' lang='grc' dir='ltr'>χειρουργεῖται</span> <span class='ocrx_word' id='word_1_260' title='bbox 3319 878 3497 941; x_wconf 87' lang='grc' dir='ltr'>ἀνίαις</span> <span class='ocrx_word' id='word_1_261' title='bbox 3521 879 3808 950; x_wconf 84' lang='grc' dir='ltr'>δριμείαις</span> 
     </span>
    </p>
   </div>
   <div class='ocr_carea' id='block_1_38' title="bbox 2224 962 3807 1036">
    <p class='ocr_par' dir='ltr' id='par_1_38' title="bbox 2224 962 3807 1036">
     <span class='ocr_line' id='line_1_38' title="bbox 2224 962 3807 1036; baseline 0.008 -21"><span class='ocrx_word' id='word_1_262' title='bbox 2224 962 2285 1016; x_wconf 84' lang='grc' dir='ltr'><strong>τὸ</strong></span> <span class='ocrx_word' id='word_1_263' title='bbox 2321 963 2501 1034; x_wconf 83' lang='grc' dir='ltr'>σῶμα,</span> <span class='ocrx_word' id='word_1_264' title='bbox 2531 965 2625 1018; x_wconf 75' lang='grc' dir='ltr'><strong>καὶ</strong></span> <span class='ocrx_word' id='word_1_265' title='bbox 2658 965 2844 1018; x_wconf 79' lang='grc' dir='ltr'>ἔκτοτε</span> <span class='ocrx_word' id='word_1_266' title='bbox 2877 967 3036 1036; x_wconf 86' lang='grc' dir='ltr'>μέχρι</span> <span class='ocrx_word' id='word_1_267' title='bbox 3058 967 3243 1032; x_wconf 83' lang='grc' dir='ltr'><strong>τέλους</strong></span> <span class='ocrx_word' id='word_1_268' title='bbox 3277 970 3523 1024; x_wconf 80' lang='grc' dir='ltr'>ἐντεῦθεν</span> <span class='ocrx_word' id='word_1_269' title='bbox 3552 974 3807 1027; x_wconf 73' lang='grc' dir='ltr'>διαλελυι-</span> 
     </span>
    </p>
   </div>
   <div class='ocr_carea' id='block_1_39' title="bbox 2229 1055 3808 1134">
    <p class='ocr_par' dir='ltr' id='par_1_39' title="bbox 2229 1055 3808 1134">
     <span class='ocr_line' id='line_1_39' title="bbox 2229 1055 3808 1134; baseline 0.008 -27"><span class='ocrx_word' id='word_1_270' title='bbox 2229 1056 2408 1126; x_wconf 82' lang='grc' dir='ltr'>μένος,</span> <span class='ocrx_word' id='word_1_271' title='bbox 2426 1055 2500 1119; x_wconf 85' lang='grc' dir='ltr'>ὠς</span> <span class='ocrx_word' id='word_1_272' title='bbox 2528 1055 2853 1128; x_wconf 84' lang='grc' dir='ltr'>καθημέραν</span> <span class='ocrx_word' id='word_1_273' title='bbox 2873 1059 3232 1129; x_wconf 85' lang='grc' dir='ltr'><strong>ἀποθνήσκων</strong></span> <span class='ocrx_word' id='word_1_274' title='bbox 3261 1061 3507 1127; x_wconf 86' lang='grc' dir='ltr'>διετέλει,</span> <span class='ocrx_word' id='word_1_275' title='bbox 3539 1064 3634 1117; x_wconf 89' lang='grc' dir='ltr'><strong>καί</strong></span> <span class='ocrx_word' id='word_1_276' title='bbox 3656 1083 3720 1134; x_wconf 85' lang='grc' dir='ltr'><strong>γε</strong></span> <span class='ocrx_word' id='word_1_277' title='bbox 3746 1068 3808 1120; x_wconf 85' lang='grc' dir='ltr'>ὲν</span> 
     </span>
    </p>
   </div>
   <div class='ocr_carea' id='block_1_40' title="bbox 2225 1148 3806 1226">
    <p class='ocr_par' dir='ltr' id='par_1_40' title="bbox 2225 1148 3806 1226">
     <span class='ocr_line' id='line_1_40' title="bbox 2225 1148 3806 1226; baseline 0.008 -26"><span class='ocrx_word' id='word_1_278' title='bbox 2225 1149 2569 1220; x_wconf 71' lang='grc' dir='ltr'><strong>εὐχαριστίᾳ,</strong></span> <span class='ocrx_word' id='word_1_279' title='bbox 2598 1148 2691 1201; x_wconf 84' lang='grc' dir='ltr'><strong>καί</strong></span> <span class='ocrx_word' id='word_1_280' title='bbox 2716 1166 2780 1217; x_wconf 89' lang='grc' dir='ltr'><strong>γε</strong></span> <span class='ocrx_word' id='word_1_281' title='bbox 2813 1151 2870 1202; x_wconf 84' lang='grc' dir='ltr'>ὲν</span> <span class='ocrx_word' id='word_1_282' title='bbox 2903 1153 3396 1226; x_wconf 79' lang='grc' dir='ltr'><strong>ταπεινοφροσύνῃ.</strong></span> <span class='ocrx_word' id='word_1_283' title='bbox 3423 1157 3482 1209; x_wconf 75' lang='lat' dir='ltr'><strong>Ei</strong></span> <span class='ocrx_word' id='word_1_284' title='bbox 3519 1157 3598 1220; x_wconf 83' lang='grc' dir='ltr'>δὲ,</span> <span class='ocrx_word' id='word_1_285' title='bbox 3619 1159 3698 1222; x_wconf 85' lang='grc' dir='ltr'>ὡς</span> <span class='ocrx_word' id='word_1_286' title='bbox 3737 1160 3806 1214; x_wconf 77' lang='grc' dir='ltr'><strong>σὺ</strong></span> 
     </span>
    </p>
   </div>
   <div class='ocr_carea' id='block_1_41' title="bbox 2225 1239 3809 1314">
    <p class='ocr_par' dir='ltr' id='par_1_41' title="bbox 2225 1239 3809 1314">
     <span class='ocr_line' id='line_1_41' title="bbox 2225 1239 3809 1314; baseline 0.009 -22"><span class='ocrx_word' id='word_1_287' title='bbox 2225 1239 2352 1311; x_wconf 79' lang='grc' dir='ltr'>φὴς,</span> <span class='ocrx_word' id='word_1_288' title='bbox 2388 1242 2484 1294; x_wconf 75' lang='grc' dir='ltr'>καὶ</span> <span class='ocrx_word' id='word_1_289' title='bbox 2511 1239 2601 1292; x_wconf 83' lang='grc' dir='ltr'><strong>τὸν</strong></span> <span class='ocrx_word' id='word_1_290' title='bbox 2633 1239 2860 1294; x_wconf 83' lang='grc' dir='ltr'>θάνατον</span> <span class='ocrx_word' id='word_1_291' title='bbox 2892 1242 3057 1296; x_wconf 82' lang='grc' dir='ltr'>αὐτοῦ</span> <span class='ocrx_word' id='word_1_292' title='bbox 3090 1247 3485 1314; x_wconf 88' lang='grc' dir='ltr'>προηγόρευσε.</span> <span class='ocrx_word' id='word_1_293' title='bbox 3519 1251 3614 1302; x_wconf 78' lang='grc' dir='ltr'>καὶ</span> <span class='ocrx_word' id='word_1_294' title='bbox 3643 1253 3809 1305; x_wconf 83' lang='grc' dir='ltr'>τοῦτο</span> 
     </span>
    </p>
   </div>
   <div class='ocr_carea' id='block_1_42' title="bbox 2226 1332 3809 1409">
    <p class='ocr_par' dir='ltr' id='par_1_42' title="bbox 2226 1332 3809 1409">
     <span class='ocr_line' id='line_1_42' title="bbox 2226 1332 3809 1409; baseline 0.008 -23"><span class='ocrx_word' id='word_1_295' title='bbox 2226 1332 2517 1386; x_wconf 82' lang='grc' dir='ltr'>ἀκόλουθον</span> <span class='ocrx_word' id='word_1_296' title='bbox 2576 1333 2685 1386; x_wconf 87' lang='grc' dir='ltr'><strong>τῶν</strong></span> <span class='ocrx_word' id='word_1_297' title='bbox 2741 1333 2937 1389; x_wconf 75' lang='grc' dir='ltr'>ἄθλων.</span> <span class='ocrx_word' id='word_1_298' title='bbox 2985 1337 3207 1408; x_wconf 80' lang='grc' dir='ltr'>Ἐπειδὴ</span> <span class='ocrx_word' id='word_1_299' title='bbox 3255 1338 3311 1390; x_wconf 86' lang='grc' dir='ltr'>δὲ</span> <span class='ocrx_word' id='word_1_300' title='bbox 3359 1345 3662 1409; x_wconf 82' lang='grc' dir='ltr'>προσεῖπας</span> <span class='ocrx_word' id='word_1_301' title='bbox 3709 1348 3809 1399; x_wconf 72' lang='grc' dir='ltr'><strong>καὶ</strong></span> 
     </span>
    </p>
   </div>
   <div class='ocr_carea' id='block_1_43' title="bbox 2224 1424 3807 1503">
    <p class='ocr_par' dir='ltr' id='par_1_43' title="bbox 2224 1424 3807 1503">
     <span class='ocr_line' id='line_1_43' title="bbox 2224 1424 3807 1503; baseline 0.008 -28"><span class='ocrx_word' id='word_1_302' title='bbox 2224 1424 2649 1495; x_wconf 82' lang='grc' dir='ltr'><strong>πολυάνθρωπον</strong></span> <span class='ocrx_word' id='word_1_303' title='bbox 2677 1425 2980 1498; x_wconf 85' lang='grc' dir='ltr'>συνδρομὴν</span> <span class='ocrx_word' id='word_1_304' title='bbox 3009 1428 3262 1495; x_wconf 81' lang='grc' dir='ltr'>γενέσθαι</span> <span class='ocrx_word' id='word_1_305' title='bbox 3296 1431 3396 1499; x_wconf 80' lang='grc' dir='ltr'><strong>τῆς</strong></span> <span class='ocrx_word' id='word_1_306' title='bbox 3434 1433 3676 1503; x_wconf 75' lang='grc' dir='ltr'><strong>κηδείας,</strong></span> <span class='ocrx_word' id='word_1_307' title='bbox 3709 1437 3807 1490; x_wconf 76' lang='grc' dir='ltr'><strong>καί</strong></span> 
     </span>
    </p>
   </div>
   <div class='ocr_carea' id='block_1_44' title="bbox 2223 1515 3805 1595">
    <p class='ocr_par' dir='ltr' id='par_1_44' title="bbox 2223 1515 3805 1595">
     <span class='ocr_line' id='line_1_44' title="bbox 2223 1515 3805 1595; baseline 0.008 -29"><span class='ocrx_word' id='word_1_308' title='bbox 2223 1530 2286 1583; x_wconf 85' lang='grc' dir='ltr'><strong>γε</strong></span> <span class='ocrx_word' id='word_1_309' title='bbox 2337 1515 2445 1567; x_wconf 79' lang='grc' dir='ltr'><strong>ἀπὸ</strong></span> <span class='ocrx_word' id='word_1_310' title='bbox 2477 1516 2586 1568; x_wconf 84' lang='grc' dir='ltr'><strong>τῶν</strong></span> <span class='ocrx_word' id='word_1_311' title='bbox 2616 1517 2931 1586; x_wconf 79' lang='grc' dir='ltr'>περιφανῶν</span> <span class='ocrx_word' id='word_1_312' title='bbox 2969 1520 3090 1571; x_wconf 82' lang='grc' dir='ltr'>κατ’</span> <span class='ocrx_word' id='word_1_313' title='bbox 3117 1521 3425 1592; x_wconf 66' lang='grc' dir='ltr'>ἀμφότερα,</span> <span class='ocrx_word' id='word_1_314' title='bbox 3468 1525 3547 1577; x_wconf 77' lang='grc' dir='ltr'>ἔτι</span> <span class='ocrx_word' id='word_1_315' title='bbox 3583 1530 3805 1595; x_wconf 82' lang='grc' dir='ltr'>μαρτύ-</span> 
     </span>
    </p>
   </div>
   <div class='ocr_carea' id='block_1_45' title="bbox 2227 1603 3810 1685">
    <p class='ocr_par' dir='ltr' id='par_1_45' title="bbox 2227 1603 3810 1685">
     <span class='ocr_line' id='line_1_45' title="bbox 2227 1603 3810 1685; baseline 0.008 -29"><span class='ocrx_word' id='word_1_316' title='bbox 2227 1621 2340 1677; x_wconf 90' lang='grc' dir='ltr'>ριον</span> <span class='ocrx_word' id='word_1_317' title='bbox 2385 1603 2479 1658; x_wconf 81' lang='grc' dir='ltr'>τοῦ</span> <span class='ocrx_word' id='word_1_318' title='bbox 2528 1604 2710 1674; x_wconf 81' lang='grc' dir='ltr'>λόγου.</span> <span class='ocrx_word' id='word_1_319' title='bbox 2747 1608 2820 1659; x_wconf 90' lang='grc' dir='ltr'>Οὐ</span> <span class='ocrx_word' id='word_1_320' title='bbox 2856 1606 2965 1676; x_wconf 90' lang='grc' dir='ltr'>γὰρ</span> <span class='ocrx_word' id='word_1_321' title='bbox 2994 1606 3061 1660; x_wconf 86' lang='grc' dir='ltr'><strong>ἂν</strong></span> <span class='ocrx_word' id='word_1_322' title='bbox 3090 1610 3169 1672; x_wconf 85' lang='grc' dir='ltr'>εἰς</span> <span class='ocrx_word' id='word_1_323' title='bbox 3202 1610 3485 1681; x_wconf 77' lang='grc' dir='ltr'>ἄνθρωπον</span> <span class='ocrx_word' id='word_1_324' title='bbox 3519 1615 3705 1685; x_wconf 85' lang='grc' dir='ltr'>ἁφανῆ</span> <span class='ocrx_word' id='word_1_325' title='bbox 3741 1620 3810 1669; x_wconf 81' lang='grc' dir='ltr'>τὸ</span> 
     </span>
    </p>
   </div>
   <div class='ocr_carea' id='block_1_46' title="bbox 2224 1696 3808 1776">
    <p class='ocr_par' dir='ltr' id='par_1_46' title="bbox 2224 1696 3808 1776">
     <span class='ocr_line' id='line_1_46' title="bbox 2224 1696 3808 1776; baseline 0.007 -28"><span class='ocrx_word' id='word_1_326' title='bbox 2224 1696 2366 1749; x_wconf 73' lang='grc' dir='ltr'>κατὰ</span> <span class='ocrx_word' id='word_1_327' title='bbox 2393 1696 2594 1766; x_wconf 88' lang='grc' dir='ltr'>σάρκα,</span> <span class='ocrx_word' id='word_1_328' title='bbox 2622 1698 2670 1749; x_wconf 87' lang='grc' dir='ltr'><strong>εί</strong></span> <span class='ocrx_word' id='word_1_329' title='bbox 2694 1698 2768 1767; x_wconf 85' lang='grc' dir='ltr'><strong>μὴ</strong></span> <span class='ocrx_word' id='word_1_330' title='bbox 2795 1697 2928 1750; x_wconf 80' lang='grc' dir='ltr'>Θεοῦ</span> <span class='ocrx_word' id='word_1_331' title='bbox 2962 1699 3163 1765; x_wconf 85' lang='grc' dir='ltr'>νεύσει,</span> <span class='ocrx_word' id='word_1_332' title='bbox 3193 1703 3224 1771; x_wconf 83' lang='grc' dir='ltr'><strong>ἡ</strong></span> <span class='ocrx_word' id='word_1_333' title='bbox 3252 1703 3476 1773; x_wconf 79' lang='grc' dir='ltr'>τοιαύτη</span> <span class='ocrx_word' id='word_1_334' title='bbox 3514 1706 3808 1776; x_wconf 66' lang='grc' dir='ltr'>συνάθρομ</span> 
     </span>
    </p>
   </div>
   <div class='ocr_carea' id='block_1_47' title="bbox 2225 1788 3807 1870">
    <p class='ocr_par' dir='ltr' id='par_1_47' title="bbox 2225 1788 3807 1870">
     <span class='ocr_line' id='line_1_47' title="bbox 2225 1788 3807 1870; baseline 0.003 -30"><span class='ocrx_word' id='word_1_335' title='bbox 2225 1805 2308 1851; x_wconf 88' lang='grc' dir='ltr'><strong>σις</strong></span> <span class='ocrx_word' id='word_1_336' title='bbox 2337 1789 2599 1857; x_wconf 85' lang='grc' dir='ltr'>ἐγεγόνει.</span> <span class='ocrx_word' id='word_1_337' title='bbox 2643 1789 2879 1854; x_wconf 86' lang='grc' dir='ltr'>Ἐκεῖνος</span> <span class='ocrx_word' id='word_1_338' title='bbox 2921 1791 3019 1859; x_wconf 87' lang='grc' dir='ltr'><strong>μὲν</strong></span> <span class='ocrx_word' id='word_1_339' title='bbox 3063 1788 3156 1845; x_wconf 77' lang='grc' dir='ltr'>οὖν</span> <span class='ocrx_word' id='word_1_340' title='bbox 3197 1795 3399 1867; x_wconf 79' lang='grc' dir='ltr'>μετέϐη</span> <span class='ocrx_word' id='word_1_341' title='bbox 3453 1798 3585 1867; x_wconf 82' lang='grc' dir='ltr'>πρὸς</span> <span class='ocrx_word' id='word_1_342' title='bbox 3629 1801 3807 1870; x_wconf 80' lang='grc' dir='ltr'>οὐρα.</span> 
     </span>
    </p>
   </div>
   <div class='ocr_carea' id='block_1_48' title="bbox 2224 1882 3806 1963">
    <p class='ocr_par' dir='ltr' id='par_1_48' title="bbox 2224 1882 3806 1963">
     <span class='ocr_line' id='line_1_48' title="bbox 2224 1882 3806 1963; baseline 0.009 -29"><span class='ocrx_word' id='word_1_343' title='bbox 2224 1882 2336 1945; x_wconf 88' lang='grc' dir='ltr'>νὸν,</span> <span class='ocrx_word' id='word_1_344' title='bbox 2386 1884 2482 1936; x_wconf 60' lang='grc' dir='ltr'><strong>καὶ⁹</strong></span> <span class='ocrx_word' id='word_1_345' title='bbox 2529 1884 2828 1955; x_wconf 81' lang='grc' dir='ltr'>προσετέθη</span> <span class='ocrx_word' id='word_1_346' title='bbox 2865 1887 2977 1947; x_wconf 88' lang='grc' dir='ltr'>τοῖς</span> <span class='ocrx_word' id='word_1_347' title='bbox 3018 1887 3322 1955; x_wconf 85' lang='grc' dir='ltr'>συνάθλοις,</span> <span class='ocrx_word' id='word_1_348' title='bbox 3368 1891 3462 1943; x_wconf 77' lang='grc' dir='ltr'><strong>καὶ</strong></span> <span class='ocrx_word' id='word_1_349' title='bbox 3501 1891 3746 1963; x_wconf 70' lang='grc' dir='ltr'>ηὔξησεν</span> <span class='ocrx_word' id='word_1_350' title='bbox 3773 1899 3806 1948; x_wconf 88' lang='grc' dir='ltr'>ὀ</span> 
     </span>
    </p>
   </div>
   <div class='ocr_carea' id='block_1_49' title="bbox 2224 1974 3800 2056">
    <p class='ocr_par' dir='ltr' id='par_1_49' title="bbox 2224 1974 3800 2056">
     <span class='ocr_line' id='line_1_49' title="bbox 2224 1974 3800 2056; baseline 0.01 -32"><span class='ocrx_word' id='word_1_351' title='bbox 2224 1975 2383 2046; x_wconf 86' lang='grc' dir='ltr'>χορὸς</span> <span class='ocrx_word' id='word_1_352' title='bbox 2413 1974 2523 2026; x_wconf 86' lang='grc' dir='ltr'><strong>τῶν</strong></span> <span class='ocrx_word' id='word_1_353' title='bbox 2561 1975 2658 2028; x_wconf 87' lang='grc' dir='ltr'>ἀπ’</span> <span class='ocrx_word' id='word_1_354' title='bbox 2695 1976 2890 2040; x_wconf 83' lang='grc' dir='ltr'>αἰῶνος</span> <span class='ocrx_word' id='word_1_355' title='bbox 2935 1978 3280 2051; x_wconf 85' lang='grc' dir='ltr'>ὀμολογητῶν</span> <span class='ocrx_word' id='word_1_356' title='bbox 3329 1982 3424 2034; x_wconf 83' lang='grc' dir='ltr'><strong>καὶ</strong></span> <span class='ocrx_word' id='word_1_357' title='bbox 3475 1986 3800 2056; x_wconf 84' lang='grc' dir='ltr'>μαρτύρων.</span> 
     </span>
    </p>
   </div>
   <div class='ocr_carea' id='block_1_50' title="bbox 2240 2058 3805 2147">
    <p class='ocr_par' dir='ltr' id='par_1_50' title="bbox 2240 2058 3805 2147">
     <span class='ocr_line' id='line_1_50' title="bbox 2240 2058 3805 2147; baseline 0.008 -29"><span class='ocrx_word' id='word_1_358' title='bbox 2240 2065 2354 2134; x_wconf 80' lang='grc' dir='ltr'><strong>Ἐφ’</strong></span> <span class='ocrx_word' id='word_1_359' title='bbox 2381 2058 2426 2133; x_wconf 81' lang='grc' dir='ltr'><strong>ᾧ</strong></span> <span class='ocrx_word' id='word_1_360' title='bbox 2456 2066 2599 2137; x_wconf 89' lang='grc' dir='ltr'><strong>χαρά</strong></span> <span class='ocrx_word' id='word_1_361' title='bbox 2627 2068 2686 2120; x_wconf 86' lang='grc' dir='ltr'>ὲν</span> <span class='ocrx_word' id='word_1_362' title='bbox 2705 2067 2919 2139; x_wconf 84' lang='grc' dir='ltr'>οὐρανῷ</span> <span class='ocrx_word' id='word_1_363' title='bbox 2948 2069 3041 2122; x_wconf 71' lang='grc' dir='ltr'>καὶ</span> <span class='ocrx_word' id='word_1_364' title='bbox 3069 2069 3329 2142; x_wconf 78' lang='grc' dir='ltr'>θυμηδίᾳ,</span> <span class='ocrx_word' id='word_1_365' title='bbox 3361 2066 3421 2126; x_wconf 77' lang='grc' dir='ltr'>οὐ</span> <span class='ocrx_word' id='word_1_366' title='bbox 3451 2077 3572 2138; x_wconf 88' lang='grc' dir='ltr'>ταῖς</span> <span class='ocrx_word' id='word_1_367' title='bbox 3605 2078 3805 2147; x_wconf 78' lang='grc' dir='ltr'><strong>εὐχαῖς</strong></span> 
     </span>
    </p>
   </div>
   <div class='ocr_carea' id='block_1_51' title="bbox 2224 2157 3805 2235">
    <p class='ocr_par' dir='ltr' id='par_1_51' title="bbox 2224 2157 3805 2235">
     <span class='ocr_line' id='line_1_51' title="bbox 2224 2157 3805 2235; baseline 0.008 -24"><span class='ocrx_word' id='word_1_368' title='bbox 2224 2157 2547 2230; x_wconf 80' lang='grc' dir='ltr'>σωθείημεν,</span> <span class='ocrx_word' id='word_1_369' title='bbox 2595 2160 2810 2230; x_wconf 84' lang='grc' dir='ltr'>ἀδελφοί</span> <span class='ocrx_word' id='word_1_370' title='bbox 2826 2175 2839 2189; x_wconf 87' lang='grc'><em>’</em></span> <span class='ocrx_word' id='word_1_371' title='bbox 2871 2160 3021 2233; x_wconf 81' lang='grc' dir='ltr'>εὕροι</span> <span class='ocrx_word' id='word_1_372' title='bbox 3069 2181 3128 2217; x_wconf 89' lang='grc' dir='ltr'><strong>τε</strong></span> <span class='ocrx_word' id='word_1_373' title='bbox 3179 2165 3598 2235; x_wconf 82' lang='grc' dir='ltr'>μισθαποδοσίαν</span> <span class='ocrx_word' id='word_1_374' title='bbox 3637 2169 3805 2234; x_wconf 80' lang='grc' dir='ltr'>ἀξίαν</span> 
     </span>
    </p>
   </div>
   <div class='ocr_carea' id='block_1_52' title="bbox 2221 2251 3808 2332">
    <p class='ocr_par' dir='ltr' id='par_1_52' title="bbox 2221 2251 3808 2332">
     <span class='ocr_line' id='line_1_52' title="bbox 2221 2251 3808 2332; baseline 0.009 -29"><span class='ocrx_word' id='word_1_375' title='bbox 2221 2251 2323 2320; x_wconf 84' lang='grc' dir='ltr'>τῆς</span> <span class='ocrx_word' id='word_1_376' title='bbox 2362 2251 2516 2317; x_wconf 87' lang='grc' dir='ltr'>ὁσίας</span> <span class='ocrx_word' id='word_1_377' title='bbox 2568 2252 3018 2326; x_wconf 80' lang='grc' dir='ltr'>ὲξυπηρετήσεως</span> <span class='ocrx_word' id='word_1_378' title='bbox 3073 2257 3261 2311; x_wconf 81' lang='grc' dir='ltr'>αὐτοῦ.</span> <span class='ocrx_word' id='word_1_379' title='bbox 3323 2261 3694 2332; x_wconf 86' lang='grc' dir='ltr'>Εὐλογημένοι</span> <span class='ocrx_word' id='word_1_380' title='bbox 3739 2265 3808 2318; x_wconf 75' lang='grc' dir='ltr'>δὲ</span> 
     </span>
    </p>
   </div>
   <div class='ocr_carea' id='block_1_53' title="bbox 2223 2343 3806 2420">
    <p class='ocr_par' dir='ltr' id='par_1_53' title="bbox 2223 2343 3806 2420">
     <span class='ocr_line' id='line_1_53' title="bbox 2223 2343 3806 2420; baseline 0.008 -24"><span class='ocrx_word' id='word_1_381' title='bbox 2223 2343 2317 2396; x_wconf 76' lang='grc' dir='ltr'>καὶ</span> <span class='ocrx_word' id='word_1_382' title='bbox 2390 2344 2441 2396; x_wconf 81' lang='grc' dir='ltr'><strong>οἱ</strong></span> <span class='ocrx_word' id='word_1_383' title='bbox 2514 2345 2961 2416; x_wconf 84' lang='grc' dir='ltr'>συναγερθέντες,</span> <span class='ocrx_word' id='word_1_384' title='bbox 2995 2348 3070 2411; x_wconf 84' lang='grc' dir='ltr'><strong>ὡς</strong></span> <span class='ocrx_word' id='word_1_385' title='bbox 3117 2350 3331 2420; x_wconf 79' lang='grc' dir='ltr'>ἀληθῶς</span> <span class='ocrx_word' id='word_1_386' title='bbox 3383 2353 3645 2420; x_wconf 75' lang='grc' dir='ltr'>εὐσεϐεῖς,</span> <span class='ocrx_word' id='word_1_387' title='bbox 3721 2356 3806 2420; x_wconf 81' lang='grc' dir='ltr'><strong>ὡς</strong></span> 
     </span>
    </p>
   </div>
   <div class='ocr_carea' id='block_1_54' title="bbox 2241 2433 3806 2515">
    <p class='ocr_par' dir='ltr' id='par_1_54' title="bbox 2241 2433 3806 2515">
     <span class='ocr_line' id='line_1_54' title="bbox 2241 2433 3806 2515; baseline 0.011 -30"><span class='ocrx_word' id='word_1_388' title='bbox 2241 2433 2457 2505; x_wconf 84' lang='grc' dir='ltr'>ἀληθῶς</span> <span class='ocrx_word' id='word_1_389' title='bbox 2505 2436 2911 2510; x_wconf 81' lang='grc' dir='ltr'>φιλομάρτυρες</span> <span class='ocrx_word' id='word_1_390' title='bbox 2946 2456 2961 2472; x_wconf 77' lang='grc' dir='ltr'><strong><em>ο</em></strong></span> <span class='ocrx_word' id='word_1_391' title='bbox 3029 2434 3105 2494; x_wconf 84' lang='grc' dir='ltr'>ὧν</span> <span class='ocrx_word' id='word_1_392' title='bbox 3164 2446 3321 2514; x_wconf 83' lang='grc' dir='ltr'>μερὶς</span> <span class='ocrx_word' id='word_1_393' title='bbox 3399 2446 3517 2514; x_wconf 87' lang='grc' dir='ltr'>μεθ’</span> <span class='ocrx_word' id='word_1_394' title='bbox 3581 2442 3642 2501; x_wconf 72' lang='grc' dir='ltr'><strong>οὗ</strong></span> <span class='ocrx_word' id='word_1_395' title='bbox 3706 2450 3806 2515; x_wconf 79' lang='grc' dir='ltr'><strong>ἐξ·</strong></span> 
     </span>
    </p>
   </div>
   <div class='ocr_carea' id='block_1_55' title="bbox 2223 2523 3803 2610">
    <p class='ocr_par' dir='ltr' id='par_1_55' title="bbox 2223 2523 3803 2610">
     <span class='ocr_line' id='line_1_55' title="bbox 2223 2523 3803 2610; baseline 0.01 -32"><span class='ocrx_word' id='word_1_396' title='bbox 2223 2527 2548 2597; x_wconf 86' lang='grc' dir='ltr'>εκομίσαντο</span> <span class='ocrx_word' id='word_1_397' title='bbox 2606 2523 2734 2583; x_wconf 79' lang='grc' dir='ltr'>εἷεν.</span> <span class='ocrx_word' id='word_1_398' title='bbox 2775 2529 2912 2600; x_wconf 76' lang='grc' dir='ltr'>Περὶ</span> <span class='ocrx_word' id='word_1_399' title='bbox 2973 2532 3067 2586; x_wconf 77' lang='grc' dir='ltr'>τοῦ</span> <span class='ocrx_word' id='word_1_400' title='bbox 3126 2537 3309 2602; x_wconf 88' lang='grc' dir='ltr'>τιμίου</span> <span class='ocrx_word' id='word_1_401' title='bbox 3365 2537 3530 2590; x_wconf 74' lang='grc' dir='ltr'>αὐτοῦ</span> <span class='ocrx_word' id='word_1_402' title='bbox 3600 2538 3803 2610; x_wconf 73' lang='grc' dir='ltr'>λειψά-</span> 
     </span>
    </p>
   </div>
   <div class='ocr_carea' id='block_1_56' title="bbox 2222 2619 3802 2703">
    <p class='ocr_par' dir='ltr' id='par_1_56' title="bbox 2222 2619 3802 2703">
     <span class='ocr_line' id='line_1_56' title="bbox 2222 2619 3802 2703; baseline 0.009 -32"><span class='ocrx_word' id='word_1_403' title='bbox 2222 2635 2337 2684; x_wconf 89' lang='grc' dir='ltr'>νου,</span> <span class='ocrx_word' id='word_1_404' title='bbox 2373 2619 2448 2682; x_wconf 85' lang='grc' dir='ltr'>ὼς</span> <span class='ocrx_word' id='word_1_405' title='bbox 2482 2620 2735 2691; x_wconf 82' lang='grc' dir='ltr'>γέγραφα</span> <span class='ocrx_word' id='word_1_406' title='bbox 2776 2624 2907 2695; x_wconf 77' lang='grc' dir='ltr'>περὶ</span> <span class='ocrx_word' id='word_1_407' title='bbox 2949 2627 3193 2692; x_wconf 80' lang='grc' dir='ltr'>κανόνος,</span> <span class='ocrx_word' id='word_1_408' title='bbox 3238 2629 3288 2681; x_wconf 89' lang='grc' dir='ltr'><strong>εί</strong></span> <span class='ocrx_word' id='word_1_409' title='bbox 3329 2629 3539 2683; x_wconf 84' lang='grc' dir='ltr'>εὐδοκεῖ</span> <span class='ocrx_word' id='word_1_410' title='bbox 3567 2632 3802 2703; x_wconf 83' lang='grc' dir='ltr'>Κύριος,</span> 
     </span>
    </p>
   </div>
   <div class='ocr_carea' id='block_1_57' title="bbox 2222 2714 3800 2796">
    <p class='ocr_par' dir='ltr' id='par_1_57' title="bbox 2222 2714 3800 2796">
     <span class='ocr_line' id='line_1_57' title="bbox 2222 2714 3800 2796; baseline 0.012 -31"><span class='ocrx_word' id='word_1_411' title='bbox 2222 2714 2457 2780; x_wconf 86' lang='grc' dir='ltr'>ποιήσω·</span> <span class='ocrx_word' id='word_1_412' title='bbox 2491 2715 2871 2773; x_wconf 77' lang='grc' dir='ltr'>Ἀσπάσασθε</span> <span class='ocrx_word' id='word_1_413' title='bbox 2890 2720 3204 2789; x_wconf 75' lang='grc' dir='ltr'><strong>ἀλλήλους</strong></span> <span class='ocrx_word' id='word_1_414' title='bbox 3224 2721 3292 2774; x_wconf 78' lang='grc' dir='ltr'>ἐν</span> <span class='ocrx_word' id='word_1_415' title='bbox 3315 2724 3603 2794; x_wconf 72' lang='grc' dir='ltr'>φιλήματι</span> <span class='ocrx_word' id='word_1_416' title='bbox 3626 2728 3800 2796; x_wconf 70' lang='grc' dir='ltr'>ἁγίῳ.</span> 
     </span>
    </p>
   </div>
   <div class='ocr_carea' id='block_1_58' title="bbox 2222 2804 3811 2883">
    <p class='ocr_par' dir='ltr' id='par_1_58' title="bbox 2222 2804 3811 2883">
     <span class='ocr_line' id='line_1_58' title="bbox 2222 2804 3811 2883; baseline 0.012 -28"><span class='ocrx_word' id='word_1_417' title='bbox 2222 2804 2334 2857; x_wconf 75' lang='grc' dir='ltr'>Καὶ</span> <span class='ocrx_word' id='word_1_418' title='bbox 2356 2811 2462 2876; x_wconf 85' lang='grc' dir='ltr'>γὰρ</span> <span class='ocrx_word' id='word_1_419' title='bbox 2484 2807 2616 2859; x_wconf 85' lang='grc' dir='ltr'>πᾶσι</span> <span class='ocrx_word' id='word_1_420' title='bbox 2637 2811 2748 2871; x_wconf 82' lang='grc' dir='ltr'>τοῖς</span> <span class='ocrx_word' id='word_1_421' title='bbox 2771 2810 3018 2880; x_wconf 79' lang='grc' dir='ltr'><strong>ἀδελφοῖς</strong></span> <span class='ocrx_word' id='word_1_422' title='bbox 3037 2811 3434 2881; x_wconf 83' lang='grc' dir='ltr'>ἀναγνωστέον.</span> <span class='ocrx_word' id='word_1_423' title='bbox 3466 2819 3811 2883; x_wconf 79' lang='grc' dir='ltr'>Ἀσπάζεται</span> 
     </span>
    </p>
   </div>
   <div class='ocr_carea' id='block_1_59' title="bbox 2223 2896 3808 2980">
    <p class='ocr_par' dir='ltr' id='par_1_59' title="bbox 2223 2896 3808 2980">
     <span class='ocr_line' id='line_1_59' title="bbox 2223 2896 3808 2980; baseline 0.009 -30"><span class='ocrx_word' id='word_1_424' title='bbox 2223 2896 2370 2967; x_wconf 82' lang='grc' dir='ltr'>ὑμᾶς</span> <span class='ocrx_word' id='word_1_425' title='bbox 2397 2900 2425 2952; x_wconf 97' lang='lat'><strong>6</strong></span> <span class='ocrx_word' id='word_1_426' title='bbox 2458 2900 2646 2967; x_wconf 80' lang='grc' dir='ltr'>κύριος</span> <span class='ocrx_word' id='word_1_427' title='bbox 2670 2900 2698 2951; x_wconf 88' lang='lat'><strong>6</strong></span> <span class='ocrx_word' id='word_1_428' title='bbox 2744 2902 3218 2972; x_wconf 81' lang='grc' dir='ltr'>Ἀρχιεπίσκοπος,</span> <span class='ocrx_word' id='word_1_429' title='bbox 3244 2908 3271 2960; x_wconf 88' lang='grc' dir='ltr'>ὁ</span> <span class='ocrx_word' id='word_1_430' title='bbox 3305 2911 3808 2980; x_wconf 79' lang='grc' dir='ltr'>πρωτοπρεσὸύτε-</span> 
     </span>
    </p>
   </div>
   <div class='ocr_carea' id='block_1_60' title="bbox 2227 2991 3810 3072">
    <p class='ocr_par' dir='ltr' id='par_1_60' title="bbox 2227 2991 3810 3072">
     <span class='ocr_line' id='line_1_60' title="bbox 2227 2991 3810 3072; baseline 0.009 -31"><span class='ocrx_word' id='word_1_431' title='bbox 2227 3007 2342 3060; x_wconf 88' lang='grc' dir='ltr'>ρος,</span> <span class='ocrx_word' id='word_1_432' title='bbox 2383 2993 2411 3043; x_wconf 89' lang='grc' dir='ltr'>ὁ</span> <span class='ocrx_word' id='word_1_433' title='bbox 2455 2991 2756 3058; x_wconf 81' lang='grc' dir='ltr'>οἰκονόμος,</span> <span class='ocrx_word' id='word_1_434' title='bbox 2787 2994 2876 3045; x_wconf 74' lang='grc' dir='ltr'><strong>καὶ</strong></span> <span class='ocrx_word' id='word_1_435' title='bbox 2910 2994 2959 3046; x_wconf 90' lang='grc' dir='ltr'><strong>οί</strong></span> <span class='ocrx_word' id='word_1_436' title='bbox 3003 2994 3178 3050; x_wconf 83' lang='grc' dir='ltr'>λοιποὶ</span> <span class='ocrx_word' id='word_1_437' title='bbox 3209 2999 3447 3070; x_wconf 82' lang='grc' dir='ltr'>ἀδελφοί.</span> <span class='ocrx_word' id='word_1_438' title='bbox 3486 3002 3544 3054; x_wconf 83' lang='grc' dir='ltr'>ὐ</span> <span class='ocrx_word' id='word_1_439' title='bbox 3594 3002 3810 3072; x_wconf 83' lang='grc' dir='ltr'>Κύριος</span> 
     </span>
    </p>
   </div>
   <div class='ocr_carea' id='block_1_61' title="bbox 2226 3082 2781 3153">
    <p class='ocr_par' dir='ltr' id='par_1_61' title="bbox 2226 3082 2781 3153">
     <span class='ocr_line' id='line_1_61' title="bbox 2226 3082 2781 3153; baseline 0.005 -19"><span class='ocrx_word' id='word_1_440' title='bbox 2226 3082 2348 3152; x_wconf 80' lang='grc' dir='ltr'>μεθ’</span> <span class='ocrx_word' id='word_1_441' title='bbox 2379 3082 2551 3151; x_wconf 84' lang='grc' dir='ltr'>ὑμῶν.</span> <span class='ocrx_word' id='word_1_442' title='bbox 2590 3083 2781 3153; x_wconf 84' lang='grc' dir='ltr'>Ἀμήν.</span> 
     </span>
    </p>
   </div>
   <div class='ocr_carea' id='block_1_62' title="bbox 2540 3191 3483 3275">
    <p class='ocr_par' dir='ltr' id='par_1_62' title="bbox 2540 3191 3483 3275">
     <span class='ocr_line' id='line_1_62' title="bbox 2540 3191 3483 3275; baseline 0.014 -30"><span class='ocrx_word' id='word_1_443' title='bbox 2540 3191 2663 3247; x_wconf 81' lang='lat' dir='ltr'><strong>PA&#39;.</strong></span> <span class='ocrx_word' id='word_1_444' title='bbox 2687 3225 2756 3234; x_wconf 90' lang='lat'><strong>——</strong></span> <span class='ocrx_word' id='word_1_445' title='bbox 2783 3195 2982 3265; x_wconf 81' lang='grc' dir='ltr'>Πέτρῳ</span> <span class='ocrx_word' id='word_1_446' title='bbox 3005 3199 3272 3268; x_wconf 82' lang='grc' dir='ltr'>Νικαίας.</span> <span class='ocrx_word' id='word_1_447' title='bbox 3316 3200 3483 3275; x_wconf 79' lang='grc' dir='ltr'>[χιδ¹.]</span> 
     </span>
    </p>
   </div>
   <div class='ocr_carea' id='block_1_63' title="bbox 1491 3303 2875 3372">
    <p class='ocr_par' dir='ltr' id='par_1_63' title="bbox 1491 3303 2875 3372">
     <span class='ocr_line' id='line_1_63' title="bbox 1491 3303 2875 3372; baseline 0.004 -19"><span class='ocrx_word' id='word_1_448' title='bbox 1491 3303 1668 3366; x_wconf 87' lang='lat' dir='ltr'><strong>Lapsis</strong></span> <span class='ocrx_word' id='word_1_449' title='bbox 1693 3309 1892 3368; x_wconf 86' lang='lat' dir='ltr'><strong>tempus</strong></span> <span class='ocrx_word' id='word_1_450' title='bbox 1925 3306 1984 3355; x_wconf 89' lang='lat' dir='ltr'><strong>ad</strong></span> <span class='ocrx_word' id='word_1_451' title='bbox 2023 3309 2222 3358; x_wconf 89' lang='lat' dir='ltr'><strong>modum</strong></span> <span class='ocrx_word' id='word_1_452' title='bbox 2243 3307 2554 3372; x_wconf 61' lang='lat' dir='ltr'><strong>paenitentia</strong></span> <span class='ocrx_word' id='word_1_453' title='bbox 2579 3309 2875 3370; x_wconf 61' lang='lat' dir='ltr'><strong>prwscribit.</strong></span> 
     </span>
    </p>
   </div>
   <div class='ocr_carea' id='block_1_64' title="bbox 608 3387 2113 3461">
    <p class='ocr_par' dir='ltr' id='par_1_64' title="bbox 608 3387 2113 3461">
     <span class='ocr_line' id='line_1_64' title="bbox 608 3387 2113 3461; baseline -0.001 -17"><span class='ocrx_word' id='word_1_454' title='bbox 608 3391 684 3445; x_wconf 91' lang='lat' dir='ltr'><strong>De</strong></span> <span class='ocrx_word' id='word_1_455' title='bbox 719 3387 1151 3461; x_wconf 77' lang='lat' dir='ltr'><strong>interrogatione</strong></span> <span class='ocrx_word' id='word_1_456' title='bbox 1176 3387 1392 3442; x_wconf 90' lang='lat' dir='ltr'><strong>Domini</strong></span> <span class='ocrx_word' id='word_1_457' title='bbox 1419 3389 1694 3458; x_wconf 65' lang='lat' dir='ltr'><strong>prmpositi</strong></span> <span class='ocrx_word' id='word_1_458' title='bbox 1725 3387 1827 3442; x_wconf 89' lang='lat' dir='ltr'><strong>hoc</strong></span> <span class='ocrx_word' id='word_1_459' title='bbox 1860 3397 2113 3443; x_wconf 90' lang='lat' dir='ltr'><strong>nostrum</strong></span> 
     </span>
    </p>
   </div>
   <div class='ocr_carea' id='block_1_65' title="bbox 534 3479 2114 3549">
    <p class='ocr_par' dir='ltr' id='par_1_65' title="bbox 534 3479 2114 3549">
     <span class='ocr_line' id='line_1_65' title="bbox 534 3479 2114 3549; baseline -0.003 -12"><span class='ocrx_word' id='word_1_460' title='bbox 534 3490 621 3537; x_wconf 89' lang='lat' dir='ltr'><strong>est</strong></span> <span class='ocrx_word' id='word_1_461' title='bbox 653 3482 943 3537; x_wconf 87' lang='lat' dir='ltr'><strong>consilium</strong></span> <span class='ocrx_word' id='word_1_462' title='bbox 969 3521 984 3547; x_wconf 93' lang='lat'><strong>,</strong></span> <span class='ocrx_word' id='word_1_463' title='bbox 1022 3489 1082 3535; x_wconf 92' lang='lat' dir='ltr'><strong>ut</strong></span> <span class='ocrx_word' id='word_1_464' title='bbox 1121 3493 1291 3549; x_wconf 91' lang='lat' dir='ltr'><strong>usque</strong></span> <span class='ocrx_word' id='word_1_465' title='bbox 1323 3479 1391 3533; x_wconf 92' lang='lat' dir='ltr'><strong>ad</strong></span> <span class='ocrx_word' id='word_1_466' title='bbox 1422 3490 1647 3534; x_wconf 90' lang='lat' dir='ltr'><strong>sanctos</strong></span> <span class='ocrx_word' id='word_1_467' title='bbox 1684 3480 1964 3549; x_wconf 88' lang='lat' dir='ltr'><strong>apostolos</strong></span> <span class='ocrx_word' id='word_1_468' title='bbox 2001 3481 2114 3535; x_wconf 92' lang='lat' dir='ltr'><strong>sol-</strong></span> 
     </span>
    </p>
   </div>
   <div class='ocr_carea' id='block_1_66' title="bbox 535 3570 2116 3642">
    <p class='ocr_par' dir='ltr' id='par_1_66' title="bbox 535 3570 2116 3642">
     <span class='ocr_line' id='line_1_66' title="bbox 535 3570 2116 3642; baseline -0.002 -16"><span class='ocrx_word' id='word_1_469' title='bbox 535 3581 733 3627; x_wconf 90' lang='lat' dir='ltr'><strong>vantur</strong></span> <span class='ocrx_word' id='word_1_470' title='bbox 770 3588 961 3627; x_wconf 90' lang='lat' dir='ltr'><strong>onmes</strong></span> <span class='ocrx_word' id='word_1_471' title='bbox 995 3587 1026 3625; x_wconf 91' lang='lat' dir='ltr'><strong>a</strong></span> <span class='ocrx_word' id='word_1_472' title='bbox 1049 3570 1405 3642; x_wconf 70' lang='lat' dir='ltr'><strong>pmuitentia,</strong></span> <span class='ocrx_word' id='word_1_473' title='bbox 1445 3577 1501 3624; x_wconf 86' lang='lat' dir='ltr'><strong>et</strong></span> <span class='ocrx_word' id='word_1_474' title='bbox 1528 3571 1822 3640; x_wconf 86' lang='lat' dir='ltr'><strong>participes</strong></span> <span class='ocrx_word' id='word_1_475' title='bbox 1864 3571 1994 3624; x_wconf 80' lang='lat' dir='ltr'><strong>ﬁant</strong></span> <span class='ocrx_word' id='word_1_476' title='bbox 2027 3586 2116 3624; x_wconf 90' lang='lat' dir='ltr'><strong>sa-</strong></span> 
     </span>
    </p>
   </div>
   <div class='ocr_carea' id='block_1_67' title="bbox 535 3661 2114 3732">
    <p class='ocr_par' dir='ltr' id='par_1_67' title="bbox 535 3661 2114 3732">
     <span class='ocr_line' id='line_1_67' title="bbox 535 3661 2114 3732; baseline -0.001 -15"><span class='ocrx_word' id='word_1_477' title='bbox 535 3672 944 3718; x_wconf 89' lang='lat' dir='ltr'><strong>cramentorum</strong></span> <span class='ocrx_word' id='word_1_478' title='bbox 991 3679 1004 3714; x_wconf 92' lang='lat'>:</span> <span class='ocrx_word' id='word_1_479' title='bbox 1067 3678 1177 3716; x_wconf 92' lang='lat' dir='ltr'><strong>non</strong></span> <span class='ocrx_word' id='word_1_480' title='bbox 1227 3669 1408 3715; x_wconf 89' lang='lat' dir='ltr'><strong>tamen</strong></span> <span class='ocrx_word' id='word_1_481' title='bbox 1457 3669 1519 3715; x_wconf 89' lang='lat' dir='ltr'><strong>ut</strong></span> <span class='ocrx_word' id='word_1_482' title='bbox 1575 3661 1878 3732; x_wconf 86' lang='lat' dir='ltr'><strong>presbyteri</strong></span> <span class='ocrx_word' id='word_1_483' title='bbox 1928 3661 2114 3715; x_wconf 88' lang='lat' dir='ltr'><strong>munia</strong></span> 
     </span>
    </p>
   </div>
   <div class='ocr_carea' id='block_1_68' title="bbox 535 3752 2114 3821">
    <p class='ocr_par' dir='ltr' id='par_1_68' title="bbox 535 3752 2114 3821">
     <span class='ocr_line' id='line_1_68' title="bbox 535 3752 2114 3821; baseline -0.003 -10"><span class='ocrx_word' id='word_1_484' title='bbox 535 3753 1068 3814; x_wconf 89' lang='lat' dir='ltr'><strong>obeantsacerdotii,</strong></span> <span class='ocrx_word' id='word_1_485' title='bbox 1097 3753 1273 3821; x_wconf 85' lang='lat' dir='ltr'><strong>quoad</strong></span> <span class='ocrx_word' id='word_1_486' title='bbox 1306 3753 1597 3807; x_wconf 82' lang='lat' dir='ltr'><strong>conveniat</strong></span> <span class='ocrx_word' id='word_1_487' title='bbox 1625 3752 1924 3808; x_wconf 87' lang='lat' dir='ltr'><strong>orthodoxa</strong></span> <span class='ocrx_word' id='word_1_488' title='bbox 1947 3769 2114 3820; x_wconf 86' lang='lat' dir='ltr'><strong>syno-</strong></span> 
     </span>
    </p>
   </div>
   <div class='ocr_carea' id='block_1_69' title="bbox 537 3844 2114 3915">
    <p class='ocr_par' dir='ltr' id='par_1_69' title="bbox 537 3844 2114 3915">
     <span class='ocr_line' id='line_1_69' title="bbox 537 3844 2114 3915; baseline -0.001 -15"><span class='ocrx_word' id='word_1_489' title='bbox 537 3849 640 3902; x_wconf 91' lang='lat' dir='ltr'><strong>dus</strong></span> <span class='ocrx_word' id='word_1_490' title='bbox 663 3886 678 3909; x_wconf 92' lang='lat'><strong>,</strong></span> <span class='ocrx_word' id='word_1_491' title='bbox 723 3846 778 3900; x_wconf 91' lang='lat' dir='ltr'><strong>in</strong></span> <span class='ocrx_word' id='word_1_492' title='bbox 827 3860 934 3914; x_wconf 91' lang='lat' dir='ltr'><strong>qua</strong></span> <span class='ocrx_word' id='word_1_493' title='bbox 971 3845 1175 3914; x_wconf 85' lang='lat' dir='ltr'><strong>integra</strong></span> <span class='ocrx_word' id='word_1_494' title='bbox 1219 3845 1326 3897; x_wconf 90' lang='lat' dir='ltr'><strong>erit</strong></span> <span class='ocrx_word' id='word_1_495' title='bbox 1364 3844 1638 3899; x_wconf 89' lang='lat' dir='ltr'><strong>absolutio</strong></span> <span class='ocrx_word' id='word_1_496' title='bbox 1673 3855 1726 3903; x_wconf 84' lang='lat' dir='ltr'><strong>et</strong></span> <span class='ocrx_word' id='word_1_497' title='bbox 1757 3845 1910 3915; x_wconf 92' lang='lat' dir='ltr'><strong>plena</strong></span> <span class='ocrx_word' id='word_1_498' title='bbox 1946 3845 2114 3899; x_wconf 86' lang='lat' dir='ltr'><strong>animi</strong></span> 
     </span>
    </p>
   </div>
   <div class='ocr_carea' id='block_1_70' title="bbox 536 3934 2114 4004">
    <p class='ocr_par' dir='ltr' id='par_1_70' title="bbox 536 3934 2114 4004">
     <span class='ocr_line' id='line_1_70' title="bbox 536 3934 2114 4004; baseline 0.001 -12"><span class='ocrx_word' id='word_1_499' title='bbox 536 3939 744 3993; x_wconf 76' lang='lat' dir='ltr'><strong>lautitia.</strong></span> <span class='ocrx_word' id='word_1_500' title='bbox 789 3934 847 3990; x_wconf 85' lang='lat' dir='ltr'><strong>In</strong></span> <span class='ocrx_word' id='word_1_501' title='bbox 884 3936 1165 3991; x_wconf 89' lang='lat' dir='ltr'><strong>communi</strong></span> <span class='ocrx_word' id='word_1_502' title='bbox 1209 3947 1393 3991; x_wconf 85' lang='lat' dir='ltr'><strong>autem</strong></span> <span class='ocrx_word' id='word_1_503' title='bbox 1424 3953 1651 4004; x_wconf 87' lang='lat' dir='ltr'><strong>omnes,</strong></span> <span class='ocrx_word' id='word_1_504' title='bbox 1693 3948 1750 3991; x_wconf 90' lang='lat' dir='ltr'><strong>ut</strong></span> <span class='ocrx_word' id='word_1_505' title='bbox 1796 3953 2114 3993; x_wconf 85' lang='lat' dir='ltr'><strong>communes</strong></span> 
     </span>
    </p>
   </div>
   <div class='ocr_carea' id='block_1_71' title="bbox 537 4028 2116 4093">
    <p class='ocr_par' dir='ltr' id='par_1_71' title="bbox 537 4028 2116 4093">
     <span class='ocr_line' id='line_1_71' title="bbox 537 4028 2116 4093; baseline 0.001 -11"><span class='ocrx_word' id='word_1_506' title='bbox 537 4028 814 4093; x_wconf 85' lang='lat' dir='ltr'><strong>monachi,</strong></span> <span class='ocrx_word' id='word_1_507' title='bbox 842 4029 957 4082; x_wconf 89' lang='lat' dir='ltr'><strong>sive</strong></span> <span class='ocrx_word' id='word_1_508' title='bbox 981 4029 1154 4083; x_wconf 87' lang='lat' dir='ltr'><strong>sacris</strong></span> <span class='ocrx_word' id='word_1_509' title='bbox 1187 4028 1385 4083; x_wconf 89' lang='lat' dir='ltr'><strong>initiati</strong></span> <span class='ocrx_word' id='word_1_510' title='bbox 1411 4029 1526 4084; x_wconf 89' lang='lat' dir='ltr'><strong>sive</strong></span> <span class='ocrx_word' id='word_1_511' title='bbox 1557 4045 1684 4091; x_wconf 91' lang='lat' dir='ltr'><strong>non,</strong></span> <span class='ocrx_word' id='word_1_512' title='bbox 1719 4030 2042 4084; x_wconf 88' lang='lat' dir='ltr'><strong>benedioant</strong></span> <span class='ocrx_word' id='word_1_513' title='bbox 2063 4039 2116 4084; x_wconf 89' lang='lat' dir='ltr'><strong>et</strong></span> 
     </span>
    </p>
   </div>
   <div class='ocr_carea' id='block_1_72' title="bbox 536 4119 2110 4192">
    <p class='ocr_par' dir='ltr' id='par_1_72' title="bbox 536 4119 2110 4192">
     <span class='ocr_line' id='line_1_72' title="bbox 536 4119 2110 4192; baseline 0.001 -17"><span class='ocrx_word' id='word_1_514' title='bbox 536 4119 970 4184; x_wconf 84' lang='lat' dir='ltr'><strong>benedicantur,</strong></span> <span class='ocrx_word' id='word_1_515' title='bbox 1019 4129 1072 4172; x_wconf 89' lang='lat' dir='ltr'><strong>et</strong></span> <span class='ocrx_word' id='word_1_516' title='bbox 1116 4129 1408 4188; x_wconf 88' lang='lat' dir='ltr'><strong>precentur</strong></span> <span class='ocrx_word' id='word_1_517' title='bbox 1452 4128 1506 4174; x_wconf 92' lang='lat' dir='ltr'><strong>et</strong></span> <span class='ocrx_word' id='word_1_518' title='bbox 1547 4136 1736 4190; x_wconf 90' lang='lat' dir='ltr'><strong>preces</strong></span> <span class='ocrx_word' id='word_1_519' title='bbox 1788 4122 2110 4192; x_wconf 89' lang='lat' dir='ltr'><strong>suscipiant.</strong></span> 
     </span>
    </p>
   </div>
   <div class='ocr_carea' id='block_1_73' title="bbox 539 4215 2116 4286">
    <p class='ocr_par' dir='ltr' id='par_1_73' title="bbox 539 4215 2116 4286">
     <span class='ocr_line' id='line_1_73' title="bbox 539 4215 2116 4286; baseline 0.003 -17"><span class='ocrx_word' id='word_1_520' title='bbox 539 4215 604 4270; x_wconf 80' lang='lat' dir='ltr'><strong>Et</strong></span> <span class='ocrx_word' id='word_1_521' title='bbox 647 4215 908 4286; x_wconf 90' lang='lat' dir='ltr'><strong>quoniam</strong></span> <span class='ocrx_word' id='word_1_522' title='bbox 949 4230 1168 4270; x_wconf 84' lang='lat' dir='ltr'><strong>necesse</strong></span> <span class='ocrx_word' id='word_1_523' title='bbox 1198 4225 1282 4270; x_wconf 90' lang='lat' dir='ltr'><strong>est</strong></span> <span class='ocrx_word' id='word_1_524' title='bbox 1327 4215 1523 4272; x_wconf 83' lang='lat' dir='ltr'><strong>Missas</strong></span> <span class='ocrx_word' id='word_1_525' title='bbox 1570 4218 1832 4272; x_wconf 89' lang='lat' dir='ltr'><strong>celebrari</strong></span> <span class='ocrx_word' id='word_1_526' title='bbox 1877 4227 1937 4273; x_wconf 94' lang='lat' dir='ltr'><strong>ut</strong></span> <span class='ocrx_word' id='word_1_527' title='bbox 1967 4219 2116 4274; x_wconf 86' lang='lat' dir='ltr'><strong>ordi-</strong></span> 
     </span>
    </p>
   </div>
   <div class='ocr_carea' id='block_1_74' title="bbox 538 4307 2114 4381">
    <p class='ocr_par' dir='ltr' id='par_1_74' title="bbox 538 4307 2114 4381">
     <span class='ocr_line' id='line_1_74' title="bbox 538 4307 2114 4381; baseline 0.004 -23"><span class='ocrx_word' id='word_1_528' title='bbox 538 4315 737 4360; x_wconf 92' lang='lat' dir='ltr'><strong>nentur</strong></span> <span class='ocrx_word' id='word_1_529' title='bbox 775 4316 830 4360; x_wconf 90' lang='lat' dir='ltr'><strong>et</strong></span> <span class='ocrx_word' id='word_1_530' title='bbox 875 4307 1157 4376; x_wconf 82' lang='lat' dir='ltr'><strong>presbyter</strong></span> <span class='ocrx_word' id='word_1_531' title='bbox 1196 4315 1250 4360; x_wconf 89' lang='lat' dir='ltr'><strong>et</strong></span> <span class='ocrx_word' id='word_1_532' title='bbox 1301 4308 1597 4375; x_wconf 84' lang='lat' dir='ltr'><strong>diaconus,</strong></span> <span class='ocrx_word' id='word_1_533' title='bbox 1640 4309 1736 4379; x_wconf 90' lang='lat' dir='ltr'><strong>qui</strong></span> <span class='ocrx_word' id='word_1_534' title='bbox 1785 4325 1975 4364; x_wconf 85' lang='lat' dir='ltr'><strong>eorum</strong></span> <span class='ocrx_word' id='word_1_535' title='bbox 2019 4311 2114 4381; x_wconf 91' lang='lat' dir='ltr'><strong>qui</strong></span> 
     </span>
    </p>
   </div>
   <div class='ocr_carea' id='block_1_75' title="bbox 537 4399 2115 4470">
    <p class='ocr_par' dir='ltr' id='par_1_75' title="bbox 537 4399 2115 4470">
     <span class='ocr_line' id='line_1_75' title="bbox 537 4399 2115 4470; baseline 0.004 -18"><span class='ocrx_word' id='word_1_536' title='bbox 537 4401 796 4452; x_wconf 83' lang='lat' dir='ltr'><strong>arcentur</strong></span> <span class='ocrx_word' id='word_1_537' title='bbox 827 4399 976 4453; x_wconf 88' lang='lat' dir='ltr'><strong>vices</strong></span> <span class='ocrx_word' id='word_1_538' title='bbox 1009 4400 1265 4468; x_wconf 89' lang='lat' dir='ltr'><strong>impleant</strong></span> <span class='ocrx_word' id='word_1_539' title='bbox 1298 4440 1313 4464; x_wconf 99' lang='lat'><strong>,</strong></span> <span class='ocrx_word' id='word_1_540' title='bbox 1350 4416 1584 4470; x_wconf 90' lang='lat' dir='ltr'><strong>quorum</strong></span> <span class='ocrx_word' id='word_1_541' title='bbox 1636 4416 1746 4455; x_wconf 92' lang='lat' dir='ltr'><strong>non</strong></span> <span class='ocrx_word' id='word_1_542' title='bbox 1787 4402 1984 4457; x_wconf 86' lang='lat' dir='ltr'><strong>invidia</strong></span> <span class='ocrx_word' id='word_1_543' title='bbox 2020 4403 2115 4458; x_wconf 87' lang='lat' dir='ltr'><strong>sed</strong></span> 
     </span>
    </p>
   </div>
   <div class='ocr_carea' id='block_1_76' title="bbox 539 4491 2115 4562">
    <p class='ocr_par' dir='ltr' id='par_1_76' title="bbox 539 4491 2115 4562">
     <span class='ocr_line' id='line_1_76' title="bbox 539 4491 2115 4562; baseline 0.003 -19"><span class='ocrx_word' id='word_1_544' title='bbox 539 4491 838 4560; x_wconf 83' lang='lat' dir='ltr'><strong>gratiarum</strong></span> <span class='ocrx_word' id='word_1_545' title='bbox 891 4492 1036 4544; x_wconf 90' lang='lat' dir='ltr'><strong>actio</strong></span> <span class='ocrx_word' id='word_1_546' title='bbox 1079 4493 1432 4547; x_wconf 90' lang='lat' dir='ltr'><strong>innotescat:</strong></span> <span class='ocrx_word' id='word_1_547' title='bbox 1485 4495 1928 4562; x_wconf 86' lang='lat' dir='ltr'><strong>quandoquidem</strong></span> <span class='ocrx_word' id='word_1_548' title='bbox 1978 4496 2115 4549; x_wconf 87' lang='lat' dir='ltr'><strong>alter</strong></span> 
     </span>
    </p>
   </div>
   <div class='ocr_carea' id='block_1_77' title="bbox 537 4581 2110 4654">
    <p class='ocr_par' dir='ltr' id='par_1_77' title="bbox 537 4581 2110 4654">
     <span class='ocr_line' id='line_1_77' title="bbox 537 4581 2110 4654; baseline 0.005 -21"><span class='ocrx_word' id='word_1_549' title='bbox 537 4581 755 4636; x_wconf 76' lang='lat' dir='ltr'><strong>ulterius</strong></span> <span class='ocrx_word' id='word_1_550' title='bbox 778 4599 939 4636; x_wconf 84' lang='lat' dir='ltr'><strong>onera</strong></span> <span class='ocrx_word' id='word_1_551' title='bbox 972 4591 1183 4648; x_wconf 89' lang='lat' dir='ltr'><strong>portare</strong></span> <span class='ocrx_word' id='word_1_552' title='bbox 1215 4584 1258 4614; x_wconf 85' lang='grc'><strong>¹⁰</strong></span> <span class='ocrx_word' id='word_1_553' title='bbox 1279 4584 1539 4652; x_wconf 88' lang='lat' dir='ltr'><strong>jubemur</strong></span> <span class='ocrx_word' id='word_1_554' title='bbox 1571 4586 1748 4640; x_wconf 87' lang='lat' dir='ltr'><strong>verbis</strong></span> <span class='ocrx_word' id='word_1_555' title='bbox 1779 4587 2110 4654; x_wconf 84' lang='lat' dir='ltr'><strong>apostolicis,</strong></span> 
     </span>
    </p>
   </div>
   <div class='ocr_carea' id='block_1_78' title="bbox 2292 3391 3812 3478">
    <p class='ocr_par' dir='ltr' id='par_1_78' title="bbox 2292 3391 3812 3478">
     <span class='ocr_line' id='line_1_78' title="bbox 2292 3391 3812 3478; baseline 0.012 -33"><span class='ocrx_word' id='word_1_556' title='bbox 2292 3391 2442 3459; x_wconf 74' lang='grc' dir='ltr'>Αὕτη</span> <span class='ocrx_word' id='word_1_557' title='bbox 2473 3393 2505 3462; x_wconf 86' lang='grc' dir='ltr'>ἡ</span> <span class='ocrx_word' id='word_1_558' title='bbox 2555 3392 2686 3463; x_wconf 89' lang='grc' dir='ltr'>παρ’</span> <span class='ocrx_word' id='word_1_559' title='bbox 2717 3393 2876 3464; x_wconf 79' lang='grc' dir='ltr'>ἡμῶν</span> <span class='ocrx_word' id='word_1_560' title='bbox 2918 3395 3197 3468; x_wconf 76' lang='grc' dir='ltr'>συμϐουλὴ</span> <span class='ocrx_word' id='word_1_561' title='bbox 3231 3399 3371 3469; x_wconf 84' lang='grc' dir='ltr'>πρὸς</span> <span class='ocrx_word' id='word_1_562' title='bbox 3400 3401 3498 3473; x_wconf 82' lang='grc' dir='ltr'><strong>τὴν</strong></span> <span class='ocrx_word' id='word_1_563' title='bbox 3530 3405 3812 3478; x_wconf 82' lang='grc' dir='ltr'>ἐρώτησιν</span> 
     </span>
    </p>
   </div>
   <div class='ocr_carea' id='block_1_79' title="bbox 2220 3483 3810 3563">
    <p class='ocr_par' dir='ltr' id='par_1_79' title="bbox 2220 3483 3810 3563">
     <span class='ocr_line' id='line_1_79' title="bbox 2220 3483 3810 3563; baseline 0.012 -27"><span class='ocrx_word' id='word_1_564' title='bbox 2220 3483 2314 3537; x_wconf 81' lang='grc' dir='ltr'>τοῦ</span> <span class='ocrx_word' id='word_1_565' title='bbox 2347 3485 2541 3554; x_wconf 85' lang='grc' dir='ltr'>κυρίου</span> <span class='ocrx_word' id='word_1_566' title='bbox 2572 3484 2900 3554; x_wconf 79' lang='grc' dir='ltr'>ἡγουμένου,</span> <span class='ocrx_word' id='word_1_567' title='bbox 2928 3488 3013 3540; x_wconf 79' lang='grc' dir='ltr'>ἵνα</span> <span class='ocrx_word' id='word_1_568' title='bbox 3043 3490 3204 3560; x_wconf 82' lang='grc' dir='ltr'>μέχρι</span> <span class='ocrx_word' id='word_1_569' title='bbox 3232 3493 3342 3546; x_wconf 84' lang='grc' dir='ltr'>τῶν</span> <span class='ocrx_word' id='word_1_570' title='bbox 3368 3496 3541 3563; x_wconf 87' lang='grc' dir='ltr'>ἁγίων</span> <span class='ocrx_word' id='word_1_571' title='bbox 3561 3500 3810 3556; x_wconf 81' lang='grc' dir='ltr'>ἀποστό-</span> 
     </span>
    </p>
   </div>
   <div class='ocr_carea' id='block_1_80' title="bbox 2219 3577 3811 3660">
    <p class='ocr_par' dir='ltr' id='par_1_80' title="bbox 2219 3577 3811 3660">
     <span class='ocr_line' id='line_1_80' title="bbox 2219 3577 3811 3660; baseline 0.01 -30"><span class='ocrx_word' id='word_1_572' title='bbox 2219 3577 2326 3631; x_wconf 86' lang='grc' dir='ltr'><strong>λων</strong></span> <span class='ocrx_word' id='word_1_573' title='bbox 2361 3578 2455 3631; x_wconf 78' lang='grc' dir='ltr'><strong>κάὶ</strong></span> <span class='ocrx_word' id='word_1_574' title='bbox 2485 3577 2689 3630; x_wconf 84' lang='grc' dir='ltr'>λυθῶσι</span> <span class='ocrx_word' id='word_1_575' title='bbox 2722 3580 2922 3644; x_wconf 83' lang='grc' dir='ltr'>πάντες</span> <span class='ocrx_word' id='word_1_576' title='bbox 2943 3581 3039 3635; x_wconf 79' lang='grc' dir='ltr'>τοῦ</span> <span class='ocrx_word' id='word_1_577' title='bbox 3093 3585 3426 3657; x_wconf 81' lang='grc' dir='ltr'>ἐπιστιμίου,</span> <span class='ocrx_word' id='word_1_578' title='bbox 3476 3591 3811 3660; x_wconf 81' lang='grc' dir='ltr'>μετέχοντες</span> 
     </span>
    </p>
   </div>
   <div class='ocr_carea' id='block_1_81' title="bbox 2220 3669 3810 3755">
    <p class='ocr_par' dir='ltr' id='par_1_81' title="bbox 2220 3669 3810 3755">
     <span class='ocr_line' id='line_1_81' title="bbox 2220 3669 3810 3755; baseline 0.009 -35"><span class='ocrx_word' id='word_1_579' title='bbox 2220 3669 2328 3721; x_wconf 84' lang='grc' dir='ltr'><strong>τῶν</strong></span> <span class='ocrx_word' id='word_1_580' title='bbox 2359 3670 2718 3738; x_wconf 82' lang='grc' dir='ltr'>ἁγιασμάτων</span> <span class='ocrx_word' id='word_1_581' title='bbox 2743 3686 2758 3703; x_wconf 78' lang='grc' dir='ltr'><strong>ο</strong></span> <span class='ocrx_word' id='word_1_582' title='bbox 2790 3672 2851 3723; x_wconf 89' lang='grc' dir='ltr'><strong>οὐ</strong></span> <span class='ocrx_word' id='word_1_583' title='bbox 2887 3673 3067 3743; x_wconf 83' lang='grc' dir='ltr'>μέντοι</span> <span class='ocrx_word' id='word_1_584' title='bbox 3093 3677 3338 3746; x_wconf 83' lang='grc' dir='ltr'>ἐνεργεῖν</span> <span class='ocrx_word' id='word_1_585' title='bbox 3359 3681 3482 3742; x_wconf 78' lang='grc' dir='ltr'>τοὺς</span> <span class='ocrx_word' id='word_1_586' title='bbox 3511 3680 3678 3750; x_wconf 85' lang='grc' dir='ltr'>ίερεῖς</span> <span class='ocrx_word' id='word_1_587' title='bbox 3701 3686 3810 3755; x_wconf 78' lang='grc' dir='ltr'>τῆς</span> 
     </span>
    </p>
   </div>
   <div class='ocr_carea' id='block_1_82' title="bbox 2223 3762 3810 3853">
    <p class='ocr_par' dir='ltr' id='par_1_82' title="bbox 2223 3762 3810 3853">
     <span class='ocr_line' id='line_1_82' title="bbox 2223 3762 3810 3853; baseline 0.011 -41"><span class='ocrx_word' id='word_1_588' title='bbox 2223 3763 2542 3832; x_wconf 80' lang='grc' dir='ltr'>ἱερωσύνης,</span> <span class='ocrx_word' id='word_1_589' title='bbox 2580 3762 2686 3826; x_wconf 77' lang='grc' dir='ltr'>ἕως</span> <span class='ocrx_word' id='word_1_590' title='bbox 2733 3764 2997 3831; x_wconf 84' lang='grc' dir='ltr'>ὲλεύσεως</span> <span class='ocrx_word' id='word_1_591' title='bbox 3043 3768 3323 3838; x_wconf 78' lang='grc' dir='ltr'>ὀρθοδόξου</span> <span class='ocrx_word' id='word_1_592' title='bbox 3377 3772 3613 3839; x_wconf 84' lang='grc' dir='ltr'>συνόδου,</span> <span class='ocrx_word' id='word_1_593' title='bbox 3663 3779 3730 3830; x_wconf 84' lang='grc' dir='ltr'><strong>ἐν</strong></span> 
     </span>
    </p>
   </div>
   <div class='ocr_carea' id='block_1_83' title="bbox 2223 3851 3809 3932">
    <p class='ocr_par' dir='ltr' id='par_1_83' title="bbox 2223 3851 3809 3932">
     <span class='ocr_line' id='line_1_83' title="bbox 2223 3851 3809 3932; baseline 0.012 -29"><span class='ocrx_word' id='word_1_594' title='bbox 2223 3853 2373 3905; x_wconf 79' lang='grc' dir='ltr'>πᾶσα</span> <span class='ocrx_word' id='word_1_595' title='bbox 2423 3851 2576 3914; x_wconf 83' lang='grc' dir='ltr'>λύσις</span> <span class='ocrx_word' id='word_1_596' title='bbox 2607 3854 2703 3908; x_wconf 72' lang='grc' dir='ltr'><strong>καὶ</strong></span> <span class='ocrx_word' id='word_1_597' title='bbox 2735 3858 2881 3910; x_wconf 84' lang='grc' dir='ltr'>πᾶσα</span> <span class='ocrx_word' id='word_1_598' title='bbox 2916 3857 3170 3928; x_wconf 78' lang='grc' dir='ltr'>θυμηδία.</span> <span class='ocrx_word' id='word_1_599' title='bbox 3221 3859 3434 3924; x_wconf 85' lang='grc' dir='ltr'>Κοινῶς</span> <span class='ocrx_word' id='word_1_600' title='bbox 3479 3863 3538 3915; x_wconf 89' lang='grc' dir='ltr'>δὲ</span> <span class='ocrx_word' id='word_1_601' title='bbox 3592 3851 3809 3932; x_wconf 71' lang='grc' dir='ltr'>πάντες</span> 
     </span>
    </p>
   </div>
   <div class='ocr_carea' id='block_1_84' title="bbox 2221 3943 3810 4028">
    <p class='ocr_par' dir='ltr' id='par_1_84' title="bbox 2221 3943 3810 4028">
     <span class='ocr_line' id='line_1_84' title="bbox 2221 3943 3810 4028; baseline 0.011 -33"><span class='ocrx_word' id='word_1_602' title='bbox 2221 3943 2293 4006; x_wconf 81' lang='grc' dir='ltr'>ὡς</span> <span class='ocrx_word' id='word_1_603' title='bbox 2330 3945 2500 3997; x_wconf 77' lang='grc' dir='ltr'>κοινοὶ</span> <span class='ocrx_word' id='word_1_604' title='bbox 2530 3948 2777 4018; x_wconf 77' lang='grc' dir='ltr'>μοναχοὶ,</span> <span class='ocrx_word' id='word_1_605' title='bbox 2811 3949 2921 4001; x_wconf 74' lang='grc' dir='ltr'>εἴτε</span> <span class='ocrx_word' id='word_1_606' title='bbox 2952 3950 3259 4018; x_wconf 85' lang='grc' dir='ltr'>ίερώμενοι,</span> <span class='ocrx_word' id='word_1_607' title='bbox 3289 3953 3396 4005; x_wconf 71' lang='grc' dir='ltr'>εἴτε</span> <span class='ocrx_word' id='word_1_608' title='bbox 3427 3953 3522 4026; x_wconf 83' lang='grc' dir='ltr'><strong>μὴ,</strong></span> <span class='ocrx_word' id='word_1_609' title='bbox 3553 3957 3810 4028; x_wconf 79' lang='grc' dir='ltr'>εὐλογεί-</span> 
     </span>
    </p>
   </div>
   <div class='ocr_carea' id='block_1_85' title="bbox 2221 4039 3809 4122">
    <p class='ocr_par' dir='ltr' id='par_1_85' title="bbox 2221 4039 3809 4122">
     <span class='ocr_line' id='line_1_85' title="bbox 2221 4039 3809 4122; baseline 0.01 -33"><span class='ocrx_word' id='word_1_610' title='bbox 2221 4054 2401 4092; x_wconf 86' lang='grc' dir='ltr'>τωσαν</span> <span class='ocrx_word' id='word_1_611' title='bbox 2427 4039 2521 4091; x_wconf 69' lang='grc' dir='ltr'><strong>καὶ</strong></span> <span class='ocrx_word' id='word_1_612' title='bbox 2550 4040 3002 4109; x_wconf 85' lang='grc' dir='ltr'>εὐλογείσθωσαν,</span> <span class='ocrx_word' id='word_1_613' title='bbox 3031 4043 3122 4094; x_wconf 72' lang='grc' dir='ltr'>καὶ</span> <span class='ocrx_word' id='word_1_614' title='bbox 3147 4043 3488 4114; x_wconf 85' lang='grc' dir='ltr'>εὐχέσθωσαν</span> <span class='ocrx_word' id='word_1_615' title='bbox 3512 4051 3604 4101; x_wconf 82' lang='grc' dir='ltr'><strong>καὶ</strong></span> <span class='ocrx_word' id='word_1_616' title='bbox 3630 4051 3809 4122; x_wconf 73' lang='grc' dir='ltr'>εὐχὰς</span> 
     </span>
    </p>
   </div>
   <div class='ocr_carea' id='block_1_86' title="bbox 2221 4128 3807 4216">
    <p class='ocr_par' dir='ltr' id='par_1_86' title="bbox 2221 4128 3807 4216">
     <span class='ocr_line' id='line_1_86' title="bbox 2221 4128 3807 4216; baseline 0.01 -35"><span class='ocrx_word' id='word_1_617' title='bbox 2221 4128 2670 4201; x_wconf 75' lang='grc' dir='ltr'>λαμϐανέτωσαν.</span> <span class='ocrx_word' id='word_1_618' title='bbox 2716 4133 2930 4203; x_wconf 84' lang='grc' dir='ltr'>Ἐπειδὴ</span> <span class='ocrx_word' id='word_1_619' title='bbox 2973 4133 3030 4187; x_wconf 82' lang='grc' dir='ltr'>δὲ</span> <span class='ocrx_word' id='word_1_620' title='bbox 3073 4134 3367 4203; x_wconf 85' lang='grc' dir='ltr'>ἀναγκαῖον</span> <span class='ocrx_word' id='word_1_621' title='bbox 3408 4139 3502 4192; x_wconf 77' lang='grc' dir='ltr'>καὶ</span> <span class='ocrx_word' id='word_1_622' title='bbox 3547 4141 3807 4216; x_wconf 86' lang='grc' dir='ltr'>λειτουρ-</span> 
     </span>
    </p>
   </div>
   <div class='ocr_carea' id='block_1_87' title="bbox 2221 4221 3811 4309">
    <p class='ocr_par' dir='ltr' id='par_1_87' title="bbox 2221 4221 3811 4309">
     <span class='ocr_line' id='line_1_87' title="bbox 2221 4221 3811 4309; baseline 0.004 -34"><span class='ocrx_word' id='word_1_623' title='bbox 2221 4221 2346 4290; x_wconf 85' lang='grc' dir='ltr'>γίαν</span> <span class='ocrx_word' id='word_1_624' title='bbox 2379 4223 2530 4278; x_wconf 86' lang='grc' dir='ltr'>θείαν</span> <span class='ocrx_word' id='word_1_625' title='bbox 2560 4225 2941 4290; x_wconf 77' lang='grc' dir='ltr'>ἐπιτελεῖσθαι,</span> <span class='ocrx_word' id='word_1_626' title='bbox 2975 4226 3063 4279; x_wconf 79' lang='grc' dir='ltr'><strong>ἵνα</strong></span> <span class='ocrx_word' id='word_1_627' title='bbox 3112 4231 3460 4304; x_wconf 78' lang='grc' dir='ltr'>χειροτονηθῇ</span> <span class='ocrx_word' id='word_1_628' title='bbox 3514 4234 3609 4286; x_wconf 79' lang='grc' dir='ltr'><strong>καὶ</strong></span> <span class='ocrx_word' id='word_1_629' title='bbox 3655 4255 3811 4309; x_wconf 85' lang='grc' dir='ltr'>πρε..</span> 
     </span>
    </p>
   </div>
   <div class='ocr_carea' id='block_1_88' title="bbox 2224 4313 3812 4389">
    <p class='ocr_par' dir='ltr' id='par_1_88' title="bbox 2224 4313 3812 4389">
     <span class='ocr_line' id='line_1_88' title="bbox 2224 4313 3812 4389; baseline 0.009 -24"><span class='ocrx_word' id='word_1_630' title='bbox 2224 4313 2484 4384; x_wconf 86' lang='grc' dir='ltr'>σ6ύτερος</span> <span class='ocrx_word' id='word_1_631' title='bbox 2537 4315 2630 4366; x_wconf 81' lang='grc' dir='ltr'><strong>καὶ</strong></span> <span class='ocrx_word' id='word_1_632' title='bbox 2675 4314 2941 4381; x_wconf 85' lang='grc' dir='ltr'>διάκονος,</span> <span class='ocrx_word' id='word_1_633' title='bbox 2992 4317 3433 4389; x_wconf 81' lang='grc' dir='ltr'>ἀναπληροῦντες</span> <span class='ocrx_word' id='word_1_634' title='bbox 3485 4322 3578 4377; x_wconf 84' lang='grc' dir='ltr'>τὸν</span> <span class='ocrx_word' id='word_1_635' title='bbox 3627 4326 3812 4384; x_wconf 86' lang='grc' dir='ltr'>τόπον</span> 
     </span>
    </p>
   </div>
   <div class='ocr_carea' id='block_1_89' title="bbox 2221 4400 3808 4486">
    <p class='ocr_par' dir='ltr' id='par_1_89' title="bbox 2221 4400 3808 4486">
     <span class='ocr_line' id='line_1_89' title="bbox 2221 4400 3808 4486; baseline 0.01 -30"><span class='ocrx_word' id='word_1_636' title='bbox 2221 4404 2329 4457; x_wconf 85' lang='grc' dir='ltr'>τῶν</span> <span class='ocrx_word' id='word_1_637' title='bbox 2366 4405 2702 4476; x_wconf 74' lang='grc' dir='ltr'>εἰργομένων</span> <span class='ocrx_word' id='word_1_638' title='bbox 2725 4421 2738 4435; x_wconf 88' lang='grc'><strong>·</strong></span> <span class='ocrx_word' id='word_1_639' title='bbox 2798 4400 2873 4459; x_wconf 82' lang='grc' dir='ltr'>ὧν</span> <span class='ocrx_word' id='word_1_640' title='bbox 2908 4406 3028 4477; x_wconf 80' lang='grc' dir='ltr'>οὐχὶ</span> <span class='ocrx_word' id='word_1_641' title='bbox 3071 4407 3281 4477; x_wconf 86' lang='grc' dir='ltr'>φθόνος,</span> <span class='ocrx_word' id='word_1_642' title='bbox 3320 4411 3438 4464; x_wconf 84' lang='grc' dir='ltr'>ἀλλ’</span> <span class='ocrx_word' id='word_1_643' title='bbox 3467 4414 3808 4486; x_wconf 78' lang='grc' dir='ltr'>εὐχαριστία</span> 
     </span>
    </p>
   </div>
   <div class='ocr_carea' id='block_1_90' title="bbox 2221 4496 3813 4571">
    <p class='ocr_par' dir='ltr' id='par_1_90' title="bbox 2221 4496 3813 4571">
     <span class='ocr_line' id='line_1_90' title="bbox 2221 4496 3813 4571; baseline 0.009 -22"><span class='ocrx_word' id='word_1_644' title='bbox 2221 4496 2570 4566; x_wconf 79' lang='grc' dir='ltr'>γνωριζέσθω</span> <span class='ocrx_word' id='word_1_645' title='bbox 2589 4513 2602 4527; x_wconf 79' lang='grc'><strong><em>⁸</em></strong></span> <span class='ocrx_word' id='word_1_646' title='bbox 2628 4497 2857 4567; x_wconf 81' lang='grc' dir='ltr'>ἐπείπερ</span> <span class='ocrx_word' id='word_1_647' title='bbox 2880 4499 3167 4568; x_wconf 74' lang='grc' dir='ltr'>ἀλλήλων</span> <span class='ocrx_word' id='word_1_648' title='bbox 3189 4503 3260 4556; x_wconf 85' lang='grc' dir='ltr'>τὰ</span> <span class='ocrx_word' id='word_1_649' title='bbox 3281 4503 3443 4571; x_wconf 79' lang='grc' dir='ltr'>βάρη</span> <span class='ocrx_word' id='word_1_650' title='bbox 3463 4505 3813 4569; x_wconf 72' lang='grc' dir='ltr'>,βαστάζειν</span> 
     </span>
    </p>
   </div>
   <div class='ocr_carea' id='block_1_91' title="bbox 2220 4585 3811 4669">
    <p class='ocr_par' dir='ltr' id='par_1_91' title="bbox 2220 4585 3811 4669">
     <span class='ocr_line' id='line_1_91' title="bbox 2220 4585 3811 4669; baseline 0.009 -31"><span class='ocrx_word' id='word_1_651' title='bbox 2220 4585 2591 4650; x_wconf 87' lang='grc' dir='ltr'>ἀποστολικῶς</span> <span class='ocrx_word' id='word_1_652' title='bbox 2611 4587 3031 4658; x_wconf 79' lang='grc' dir='ltr'>διατετάγμεθα.</span> <span class='ocrx_word' id='word_1_653' title='bbox 3062 4592 3198 4663; x_wconf 82' lang='grc' dir='ltr'><strong>Ἤδη</strong></span> <span class='ocrx_word' id='word_1_654' title='bbox 3227 4593 3416 4647; x_wconf 86' lang='grc' dir='ltr'>τούτου</span> <span class='ocrx_word' id='word_1_655' title='bbox 3447 4596 3811 4669; x_wconf 83' lang='grc' dir='ltr'>προδιομολο-</span> 
     </span>
    </p>
   </div>
   <div class='ocr_carea' id='block_1_92' title="bbox 538 4670 2116 4760">
    <p class='ocr_par' dir='ltr' id='par_1_92' title="bbox 538 4670 2116 4740">
     <span class='ocr_line' id='line_1_92' title="bbox 538 4670 2116 4740; baseline 0.006 -17"><span class='ocrx_word' id='word_1_656' title='bbox 538 4670 775 4739; x_wconf 87' lang='lat' dir='ltr'><strong>hocjam</strong></span> <span class='ocrx_word' id='word_1_657' title='bbox 810 4671 878 4724; x_wconf 83' lang='lat' dir='ltr'><strong>al)</strong></span> <span class='ocrx_word' id='word_1_658' title='bbox 908 4672 1165 4725; x_wconf 91' lang='lat' dir='ltr'><strong>omnibus</strong></span> <span class='ocrx_word' id='word_1_659' title='bbox 1204 4679 1362 4724; x_wconf 84' lang='lat' dir='ltr'><strong>antea</strong></span> <span class='ocrx_word' id='word_1_660' title='bbox 1403 4674 1579 4740; x_wconf 86' lang='lat' dir='ltr'><strong>palam</strong></span> <span class='ocrx_word' id='word_1_661' title='bbox 1606 4676 1924 4739; x_wconf 88' lang='lat' dir='ltr'><strong>constituto,</strong></span> <span class='ocrx_word' id='word_1_662' title='bbox 1959 4685 2032 4740; x_wconf 92' lang='lat' dir='ltr'><strong>ut,</strong></span> <span class='ocrx_word' id='word_1_663' title='bbox 2073 4677 2116 4732; x_wconf 88' lang='lat' dir='ltr'><strong>si</strong></span> 
     </span>
    </p>
   </div>
   <div class='ocr_carea' id='block_1_93' title="bbox 2226 4670 3810 4760">
    <p class='ocr_par' dir='ltr' id='par_1_93' title="bbox 2226 4680 3810 4760">
     <span class='ocr_line' id='line_1_93' title="bbox 2226 4680 3810 4760; baseline 0.011 -30"><span class='ocrx_word' id='word_1_664' title='bbox 2226 4680 2491 4748; x_wconf 86' lang='grc' dir='ltr'>γουμένου</span> <span class='ocrx_word' id='word_1_665' title='bbox 2536 4680 2642 4733; x_wconf 82' lang='grc' dir='ltr'><strong>ὑπὸ</strong></span> <span class='ocrx_word' id='word_1_666' title='bbox 2691 4682 2946 4735; x_wconf 80' lang='grc' dir='ltr'>πάντωνο</span> <span class='ocrx_word' id='word_1_667' title='bbox 2994 4683 3090 4736; x_wconf 82' lang='grc' dir='ltr'>τοῦ</span> <span class='ocrx_word' id='word_1_668' title='bbox 3129 4684 3178 4736; x_wconf 90' lang='grc' dir='ltr'><strong>εί</strong></span> <span class='ocrx_word' id='word_1_669' title='bbox 3222 4690 3611 4760; x_wconf 84' lang='grc' dir='ltr'>παραχωρήσοι</span> <span class='ocrx_word' id='word_1_670' title='bbox 3661 4693 3810 4760; x_wconf 78' lang='grc' dir='ltr'>Θεὸς</span> 
     </span>
    </p>
   </div>
   <div class='ocr_carea' id='block_1_94' title="bbox 536 4759 2119 4837">
    <p class='ocr_par' dir='ltr' id='par_1_94' title="bbox 536 4759 2119 4837">
     <span class='ocr_line' id='line_1_94' title="bbox 536 4759 2119 4837; baseline 0.004 -23"><span class='ocrx_word' id='word_1_671' title='bbox 536 4759 682 4815; x_wconf 89' lang='lat' dir='ltr'><strong>Deus</strong></span> <span class='ocrx_word' id='word_1_672' title='bbox 725 4777 822 4831; x_wconf 91' lang='lat' dir='ltr'><strong>per</strong></span> <span class='ocrx_word' id='word_1_673' title='bbox 855 4762 1229 4816; x_wconf 90' lang='lat' dir='ltr'><strong>inscrutabilia</strong></span> <span class='ocrx_word' id='word_1_674' title='bbox 1266 4762 1494 4830; x_wconf 67' lang='lat' dir='ltr'><strong>justitiae</strong></span> <span class='ocrx_word' id='word_1_675' title='bbox 1541 4765 1883 4834; x_wconf 74' lang='lat' dir='ltr'><strong>suaejudicia</strong></span> <span class='ocrx_word' id='word_1_676' title='bbox 1912 4771 2119 4837; x_wconf 87' lang='lat' dir='ltr'><strong>permi-</strong></span> 
     </span>
    </p>
   </div>
   <div class='ocr_carea' id='block_1_95' title="bbox 539 4853 2119 4925">
    <p class='ocr_par' dir='ltr' id='par_1_95' title="bbox 539 4853 2119 4925">
     <span class='ocr_line' id='line_1_95' title="bbox 539 4853 2119 4925; baseline 0.006 -21"><span class='ocrx_word' id='word_1_677' title='bbox 539 4853 673 4906; x_wconf 88' lang='lat' dir='ltr'><strong>serit</strong></span> <span class='ocrx_word' id='word_1_678' title='bbox 704 4854 1139 4922; x_wconf 87' lang='lat' dir='ltr'><strong>persecutionem</strong></span> <span class='ocrx_word' id='word_1_679' title='bbox 1173 4853 1378 4909; x_wconf 86' lang='lat' dir='ltr'><strong>iterum</strong></span> <span class='ocrx_word' id='word_1_680' title='bbox 1401 4855 1647 4920; x_wconf 82' lang='lat' dir='ltr'><strong>excitari,</strong></span> <span class='ocrx_word' id='word_1_681' title='bbox 1672 4857 1912 4925; x_wconf 78' lang='lat' dir='ltr'><strong>perferre</strong></span> <span class='ocrx_word' id='word_1_682' title='bbox 1940 4859 2119 4914; x_wconf 89' lang='lat' dir='ltr'><strong>omnia</strong></span> 
     </span>
    </p>
   </div>
   <div class='ocr_carea' id='block_1_96' title="bbox 540 4945 2116 5017">
    <p class='ocr_par' dir='ltr' id='par_1_96' title="bbox 540 4945 2116 5017">
     <span class='ocr_line' id='line_1_96' title="bbox 540 4945 2116 5017; baseline 0.006 -21"><span class='ocrx_word' id='word_1_683' title='bbox 540 4960 716 5013; x_wconf 82' lang='lat' dir='ltr'><strong>usque</strong></span> <span class='ocrx_word' id='word_1_684' title='bbox 743 4945 808 4998; x_wconf 90' lang='lat' dir='ltr'><strong>ad</strong></span> <span class='ocrx_word' id='word_1_685' title='bbox 837 4954 1069 4998; x_wconf 86' lang='lat' dir='ltr'><strong>mortem</strong></span> <span class='ocrx_word' id='word_1_686' title='bbox 1114 4947 1337 5011; x_wconf 89' lang='lat' dir='ltr'><strong>malint,</strong></span> <span class='ocrx_word' id='word_1_687' title='bbox 1370 4963 1534 5016; x_wconf 90' lang='lat' dir='ltr'><strong>quam</strong></span> <span class='ocrx_word' id='word_1_688' title='bbox 1559 4950 1789 5017; x_wconf 90' lang='lat' dir='ltr'><strong>prodere</strong></span> <span class='ocrx_word' id='word_1_689' title='bbox 1813 4952 2116 5005; x_wconf 86' lang='lat' dir='ltr'><strong>veritatem.</strong></span> 
     </span>
    </p>
   </div>
   <div class='ocr_carea' id='block_1_97' title="bbox 540 5035 2121 5113">
    <p class='ocr_par' dir='ltr' id='par_1_97' title="bbox 540 5035 2121 5113">
     <span class='ocr_line' id='line_1_97' title="bbox 540 5035 2121 5113; baseline 0.008 -26"><span class='ocrx_word' id='word_1_690' title='bbox 540 5035 615 5088; x_wconf 85' lang='lat' dir='ltr'><strong>Ita</strong></span> <span class='ocrx_word' id='word_1_691' title='bbox 654 5053 751 5090; x_wconf 93' lang='lat' dir='ltr'><strong>nos</strong></span> <span class='ocrx_word' id='word_1_692' title='bbox 781 5038 1013 5093; x_wconf 88' lang='lat' dir='ltr'><strong>humiles</strong></span> <span class='ocrx_word' id='word_1_693' title='bbox 1040 5040 1326 5102; x_wconf 86' lang='lat' dir='ltr'><strong>sentimus,</strong></span> <span class='ocrx_word' id='word_1_694' title='bbox 1365 5049 1526 5110; x_wconf 89' lang='lat' dir='ltr'><strong>atque</strong></span> <span class='ocrx_word' id='word_1_695' title='bbox 1552 5043 1804 5097; x_wconf 89' lang='lat' dir='ltr'><strong>omnibus</strong></span> <span class='ocrx_word' id='word_1_696' title='bbox 1836 5046 2121 5113; x_wconf 88' lang='lat' dir='ltr'><strong>responde-</strong></span> 
     </span>
    </p>
   </div>
   <div class='ocr_carea' id='block_1_98' title="bbox 539 5126 2112 5202">
    <p class='ocr_par' dir='ltr' id='par_1_98' title="bbox 539 5126 2112 5202">
     <span class='ocr_line' id='line_1_98' title="bbox 539 5126 2112 5202; baseline 0.006 -23"><span class='ocrx_word' id='word_1_697' title='bbox 539 5141 681 5180; x_wconf 84' lang='lat' dir='ltr'><strong>mus.</strong></span> <span class='ocrx_word' id='word_1_698' title='bbox 717 5126 869 5192; x_wconf 86' lang='lat' dir='ltr'><strong>Quod</strong></span> <span class='ocrx_word' id='word_1_699' title='bbox 906 5147 1033 5184; x_wconf 85' lang='lat' dir='ltr'><strong>vero</strong></span> <span class='ocrx_word' id='word_1_700' title='bbox 1065 5139 1305 5199; x_wconf 78' lang='lat' dir='ltr'><strong>paterna:</strong></span> <span class='ocrx_word' id='word_1_701' title='bbox 1346 5132 1620 5186; x_wconf 87' lang='lat' dir='ltr'><strong>sanctitati</strong></span> <span class='ocrx_word' id='word_1_702' title='bbox 1664 5143 1769 5186; x_wconf 66' lang='lat' dir='ltr'><strong>tuae</strong></span> <span class='ocrx_word' id='word_1_703' title='bbox 1815 5135 2112 5202; x_wconf 76' lang='lat' dir='ltr'><strong>videbitur,</strong></span> 
     </span>
    </p>
   </div>
   <div class='ocr_carea' id='block_1_99' title="bbox 538 5217 1936 5291">
    <p class='ocr_par' dir='ltr' id='par_1_99' title="bbox 538 5217 1936 5291">
     <span class='ocr_line' id='line_1_99' title="bbox 538 5217 1936 5291; baseline 0.004 -20"><span class='ocrx_word' id='word_1_704' title='bbox 538 5217 589 5271; x_wconf 83' lang='lat' dir='ltr'><strong>id</strong></span> <span class='ocrx_word' id='word_1_705' title='bbox 624 5234 849 5288; x_wconf 87' lang='lat' dir='ltr'><strong>prorsus</strong></span> <span class='ocrx_word' id='word_1_706' title='bbox 882 5229 1029 5273; x_wconf 90' lang='lat' dir='ltr'><strong>recto</strong></span> <span class='ocrx_word' id='word_1_707' title='bbox 1054 5219 1261 5286; x_wconf 87' lang='lat' dir='ltr'><strong>judicio</strong></span> <span class='ocrx_word' id='word_1_708' title='bbox 1291 5221 1458 5291; x_wconf 82' lang='lat' dir='ltr'><strong>magis</strong></span> <span class='ocrx_word' id='word_1_709' title='bbox 1491 5232 1936 5277; x_wconf 86' lang='lat' dir='ltr'><strong>consentaneum.</strong></span> 
     </span>
    </p>
   </div>
   <div class='ocr_carea' id='block_1_100' title="bbox 940 5332 1700 5407">
    <p class='ocr_par' dir='ltr' id='par_1_100' title="bbox 940 5332 1700 5407">
     <span class='ocr_line' id='line_1_100' title="bbox 940 5332 1700 5407; baseline 0.003 -19"><span class='ocrx_word' id='word_1_710' title='bbox 940 5333 1049 5389; x_wconf 85' lang='lat' dir='ltr'><strong>Cll.</strong></span> <span class='ocrx_word' id='word_1_711' title='bbox 1095 5364 1152 5372; x_wconf 92' lang='lat'>—</span> <span class='ocrx_word' id='word_1_712' title='bbox 1183 5332 1436 5388; x_wconf 81' lang='lat' dir='ltr'><strong>Evarcsto</strong></span> <span class='ocrx_word' id='word_1_713' title='bbox 1466 5336 1581 5404; x_wconf 79' lang='lat' dir='ltr'><strong>ﬁlio</strong></span> <span class='ocrx_word' id='word_1_714' title='bbox 1613 5338 1700 5407; x_wconf 81' lang='lat'><strong>(°).</strong></span> 
     </span>
    </p>
   </div>
   <div class='ocr_carea' id='block_1_101' title="bbox 2216 4770 3807 4857">
    <p class='ocr_par' dir='ltr' id='par_1_101' title="bbox 2216 4770 3807 4857">
     <span class='ocr_line' id='line_1_101' title="bbox 2216 4770 3807 4857; baseline 0.008 -33"><span class='ocrx_word' id='word_1_715' title='bbox 2216 4770 2362 4826; x_wconf 86' lang='grc' dir='ltr'>κατὰ</span> <span class='ocrx_word' id='word_1_716' title='bbox 2393 4772 2462 4825; x_wconf 89' lang='grc' dir='ltr'><strong>τά</strong></span> <span class='ocrx_word' id='word_1_717' title='bbox 2491 4771 2784 4844; x_wconf 86' lang='grc' dir='ltr'>ἀθεώρητα</span> <span class='ocrx_word' id='word_1_718' title='bbox 2812 4774 2977 4828; x_wconf 85' lang='grc' dir='ltr'>αὐτοῦ</span> <span class='ocrx_word' id='word_1_719' title='bbox 3019 4775 3264 4845; x_wconf 86' lang='grc' dir='ltr'>κρίματα</span> <span class='ocrx_word' id='word_1_720' title='bbox 3295 4779 3394 4849; x_wconf 75' lang='grc' dir='ltr'>τῆς</span> <span class='ocrx_word' id='word_1_721' title='bbox 3421 4779 3807 4857; x_wconf 79' lang='grc' dir='ltr'>δικαιοσύνης,</span> 
     </span>
    </p>
   </div>
   <div class='ocr_carea' id='block_1_102' title="bbox 2218 4863 3808 4945">
    <p class='ocr_par' dir='ltr' id='par_1_102' title="bbox 2218 4863 3808 4945">
     <span class='ocr_line' id='line_1_102' title="bbox 2218 4863 3808 4945; baseline 0.011 -32"><span class='ocrx_word' id='word_1_722' title='bbox 2218 4863 2380 4916; x_wconf 86' lang='grc' dir='ltr'>πάλιν</span> <span class='ocrx_word' id='word_1_723' title='bbox 2412 4863 2649 4934; x_wconf 77' lang='grc' dir='ltr'>διωγμὸν</span> <span class='ocrx_word' id='word_1_724' title='bbox 2683 4866 3020 4936; x_wconf 72' lang='grc' dir='ltr'>ἀναφθῆναιο</span> <span class='ocrx_word' id='word_1_725' title='bbox 3045 4868 3219 4921; x_wconf 85' lang='grc' dir='ltr'>πάντα</span> <span class='ocrx_word' id='word_1_726' title='bbox 3244 4868 3461 4924; x_wconf 79' lang='grc' dir='ltr'>ἑλέσθαι</span> <span class='ocrx_word' id='word_1_727' title='bbox 3493 4873 3658 4945; x_wconf 81' lang='grc' dir='ltr'>μέχρι</span> <span class='ocrx_word' id='word_1_728' title='bbox 3697 4877 3808 4933; x_wconf 87' lang='grc' dir='ltr'>θα-</span> 
     </span>
    </p>
   </div>
   <div class='ocr_carea' id='block_1_103' title="bbox 2214 4955 3812 5032">
    <p class='ocr_par' dir='ltr' id='par_1_103' title="bbox 2214 4955 3812 5032">
     <span class='ocr_line' id='line_1_103' title="bbox 2214 4955 3812 5032; baseline 0.011 -26"><span class='ocrx_word' id='word_1_729' title='bbox 2214 4955 2400 5016; x_wconf 85' lang='grc' dir='ltr'>νάτου,</span> <span class='ocrx_word' id='word_1_730' title='bbox 2425 4957 2457 5024; x_wconf 83' lang='grc' dir='ltr'>ἢ</span> <span class='ocrx_word' id='word_1_731' title='bbox 2483 4957 2582 5025; x_wconf 86' lang='grc' dir='ltr'><strong>τὴν</strong></span> <span class='ocrx_word' id='word_1_732' title='bbox 2614 4957 2868 5028; x_wconf 79' lang='grc' dir='ltr'>ἀλήθειαν</span> <span class='ocrx_word' id='word_1_733' title='bbox 2894 4959 3198 5029; x_wconf 76' lang='grc' dir='ltr'>προδοῦναι.</span> <span class='ocrx_word' id='word_1_734' title='bbox 3234 4961 3418 5024; x_wconf 78' lang='grc' dir='ltr'>Οὕτως</span> <span class='ocrx_word' id='word_1_735' title='bbox 3442 4965 3603 5032; x_wconf 77' lang='grc' dir='ltr'>ἡμεῖς</span> <span class='ocrx_word' id='word_1_736' title='bbox 3629 4970 3677 5020; x_wconf 92' lang='grc' dir='ltr'>οί</span> <span class='ocrx_word' id='word_1_737' title='bbox 3705 4987 3812 5023; x_wconf 75' lang='grc' dir='ltr'>τα·-</span> 
     </span>
    </p>
   </div>
   <div class='ocr_carea' id='block_1_104' title="bbox 2217 5049 3810 5128">
    <p class='ocr_par' dir='ltr' id='par_1_104' title="bbox 2217 5049 3810 5128">
     <span class='ocr_line' id='line_1_104' title="bbox 2217 5049 3810 5128; baseline 0.01 -28"><span class='ocrx_word' id='word_1_738' title='bbox 2217 5049 2393 5101; x_wconf 75' lang='grc' dir='ltr'>πεινοὶ</span> <span class='ocrx_word' id='word_1_739' title='bbox 2428 5051 2752 5122; x_wconf 75' lang='grc' dir='ltr'>φρονοῦμεν,</span> <span class='ocrx_word' id='word_1_740' title='bbox 2783 5052 2903 5104; x_wconf 78' lang='grc' dir='ltr'>ἐπεὶ</span> <span class='ocrx_word' id='word_1_741' title='bbox 2933 5054 3027 5105; x_wconf 73' lang='grc' dir='ltr'><strong>καὶ</strong></span> <span class='ocrx_word' id='word_1_742' title='bbox 3060 5056 3224 5106; x_wconf 81' lang='grc' dir='ltr'>πᾶσιν</span> <span class='ocrx_word' id='word_1_743' title='bbox 3263 5057 3692 5126; x_wconf 80' lang='grc' dir='ltr'>ἁποκρινόμεθα·</span> <span class='ocrx_word' id='word_1_744' title='bbox 3725 5065 3810 5128; x_wconf 82' lang='grc' dir='ltr'>ὡς</span> 
     </span>
    </p>
   </div>
   <div class='ocr_carea' id='block_1_105' title="bbox 2220 5141 3814 5217">
    <p class='ocr_par' dir='ltr' id='par_1_105' title="bbox 2220 5141 3814 5217">
     <span class='ocr_line' id='line_1_105' title="bbox 2220 5141 3814 5217; baseline 0.005 -23"><span class='ocrx_word' id='word_1_745' title='bbox 2220 5141 2278 5194; x_wconf 83' lang='grc' dir='ltr'>δὲ</span> <span class='ocrx_word' id='word_1_746' title='bbox 2321 5143 2562 5211; x_wconf 83' lang='grc' dir='ltr'>δοκεῖτῇ</span> <span class='ocrx_word' id='word_1_747' title='bbox 2595 5146 2832 5213; x_wconf 80' lang='grc' dir='ltr'>πατρικῇ</span> <span class='ocrx_word' id='word_1_748' title='bbox 2874 5161 2963 5196; x_wconf 87' lang='grc' dir='ltr'><strong>σου</strong></span> <span class='ocrx_word' id='word_1_749' title='bbox 3011 5145 3308 5217; x_wconf 71' lang='grc' dir='ltr'>ἁγιωσύνῃ,</span> <span class='ocrx_word' id='word_1_750' title='bbox 3350 5147 3432 5217; x_wconf 78' lang='grc' dir='ltr'>εἴη</span> <span class='ocrx_word' id='word_1_751' title='bbox 3475 5149 3698 5214; x_wconf 77' lang='grc' dir='ltr'>πάντως</span> <span class='ocrx_word' id='word_1_752' title='bbox 3744 5157 3814 5209; x_wconf 77' lang='grc' dir='ltr'>τὸ</span> 
     </span>
    </p>
   </div>
   <div class='ocr_carea' id='block_1_106' title="bbox 2223 5231 2638 5303">
    <p class='ocr_par' dir='ltr' id='par_1_106' title="bbox 2223 5231 2638 5303">
     <span class='ocr_line' id='line_1_106' title="bbox 2223 5231 2638 5303; baseline 0 -20"><span class='ocrx_word' id='word_1_753' title='bbox 2223 5231 2517 5303; x_wconf 85' lang='grc' dir='ltr'>εὐκριτώτε</span> <span class='ocrx_word' id='word_1_754' title='bbox 2530 5250 2638 5301; x_wconf 92' lang='grc' dir='ltr'>ρον.</span> 
     </span>
    </p>
   </div>
   <div class='ocr_carea' id='block_1_107' title="bbox 2493 5344 3545 5426">
    <p class='ocr_par' dir='ltr' id='par_1_107' title="bbox 2493 5344 3545 5426">
     <span class='ocr_line' id='line_1_107' title="bbox 2493 5344 3545 5426; baseline 0.012 -30"><span class='ocrx_word' id='word_1_755' title='bbox 2493 5344 2614 5398; x_wconf 92' lang='lat' dir='ltr'><strong>PB&#39;.</strong></span> <span class='ocrx_word' id='word_1_756' title='bbox 2666 5376 2736 5386; x_wconf 87' lang='lat'><strong>——-</strong></span> <span class='ocrx_word' id='word_1_757' title='bbox 2765 5347 3082 5414; x_wconf 82' lang='grc' dir='ltr'>Εὐαρέστῳ</span> <span class='ocrx_word' id='word_1_758' title='bbox 3103 5349 3310 5416; x_wconf 81' lang='grc' dir='ltr'>τέκνῳ.</span> <span class='ocrx_word' id='word_1_759' title='bbox 3355 5353 3545 5426; x_wconf 85' lang='grc' dir='ltr'>[χηγ’.]</span> 
     </span>
    </p>
   </div>
   <div class='ocr_carea' id='block_1_108' title="bbox 1615 5454 2777 5513">
    <p class='ocr_par' dir='ltr' id='par_1_108' title="bbox 1615 5454 2777 5513">
     <span class='ocr_line' id='line_1_108' title="bbox 1615 5454 2777 5513; baseline 0.007 -13"><span class='ocrx_word' id='word_1_760' title='bbox 1615 5454 1900 5513; x_wconf 85' lang='lat' dir='ltr'><strong>Apostatam</strong></span> <span class='ocrx_word' id='word_1_761' title='bbox 1919 5462 2212 5510; x_wconf 85' lang='lat' dir='ltr'><strong>monachum</strong></span> <span class='ocrx_word' id='word_1_762' title='bbox 2241 5465 2441 5509; x_wconf 84' lang='lat' dir='ltr'><strong>revocat</strong></span> <span class='ocrx_word' id='word_1_763' title='bbox 2466 5460 2524 5507; x_wconf 81' lang='lat' dir='ltr'><strong>ad</strong></span> <span class='ocrx_word' id='word_1_764' title='bbox 2544 5460 2777 5509; x_wconf 80' lang='lat' dir='ltr'><strong>ofﬁcium.</strong></span> 
     </span>
    </p>
   </div>
   <div class='ocr_carea' id='block_1_109' title="bbox 611 5550 2113 5626">
    <p class='ocr_par' dir='ltr' id='par_1_109' title="bbox 611 5550 2113 5626">
     <span class='ocr_line' id='line_1_109' title="bbox 611 5550 2113 5626; baseline 0.009 -22"><span class='ocrx_word' id='word_1_765' title='bbox 611 5550 677 5606; x_wconf 88' lang='lat' dir='ltr'><strong>Et</strong></span> <span class='ocrx_word' id='word_1_766' title='bbox 707 5552 855 5622; x_wconf 81' lang='lat' dir='ltr'><strong>gravi</strong></span> <span class='ocrx_word' id='word_1_767' title='bbox 888 5569 1088 5624; x_wconf 83' lang='lat' dir='ltr'><strong>angore</strong></span> <span class='ocrx_word' id='word_1_768' title='bbox 1141 5563 1195 5610; x_wconf 84' lang='lat' dir='ltr'><strong>et</strong></span> <span class='ocrx_word' id='word_1_769' title='bbox 1241 5557 1418 5611; x_wconf 90' lang='lat' dir='ltr'><strong>cordis</strong></span> <span class='ocrx_word' id='word_1_770' title='bbox 1448 5558 1552 5612; x_wconf 90' lang='lat' dir='ltr'><strong>mei</strong></span> <span class='ocrx_word' id='word_1_771' title='bbox 1584 5559 1834 5626; x_wconf 85' lang='lat' dir='ltr'><strong>angustia</strong></span> <span class='ocrx_word' id='word_1_772' title='bbox 1858 5601 1872 5624; x_wconf 92' lang='lat'><strong>,</strong></span> <span class='ocrx_word' id='word_1_773' title='bbox 1919 5563 2113 5618; x_wconf 89' lang='lat' dir='ltr'><strong>addam</strong></span> 
     </span>
    </p>
   </div>
   <div class='ocr_carea' id='block_1_110' title="bbox 540 5644 2112 5725">
    <p class='ocr_par' dir='ltr' id='par_1_110' title="bbox 540 5644 2112 5725">
     <span class='ocr_line' id='line_1_110' title="bbox 540 5644 2112 5725; baseline 0.008 -26"><span class='ocrx_word' id='word_1_774' title='bbox 540 5652 593 5699; x_wconf 83' lang='lat' dir='ltr'><strong>et</strong></span> <span class='ocrx_word' id='word_1_775' title='bbox 627 5644 915 5714; x_wconf 74' lang='lat' dir='ltr'><strong>laurymis,</strong></span> <span class='ocrx_word' id='word_1_776' title='bbox 966 5648 1190 5714; x_wconf 84' lang='lat' dir='ltr'><strong>epistola</strong></span> <span class='ocrx_word' id='word_1_777' title='bbox 1232 5649 1348 5702; x_wconf 68' lang='lat' dir='ltr'><strong>haec</strong></span> <span class='ocrx_word' id='word_1_778' title='bbox 1394 5649 1459 5703; x_wconf 90' lang='lat' dir='ltr'><strong>ad</strong></span> <span class='ocrx_word' id='word_1_779' title='bbox 1494 5659 1576 5713; x_wconf 92' lang='lat' dir='ltr'><strong>te,</strong></span> <span class='ocrx_word' id='word_1_780' title='bbox 1625 5649 1792 5706; x_wconf 83' lang='lat' dir='ltr'><strong>frater</strong></span> <span class='ocrx_word' id='word_1_781' title='bbox 1825 5670 1836 5705; x_wconf 86' lang='lat'><strong><em>:</em></strong></span> <span class='ocrx_word' id='word_1_782' title='bbox 1878 5668 1943 5710; x_wconf 87' lang='lat' dir='ltr'><strong>eo</strong></span> <span class='ocrx_word' id='word_1_783' title='bbox 1971 5659 2112 5725; x_wconf 90' lang='lat' dir='ltr'><strong>quod</strong></span> 
     </span>
    </p>
   </div>
   <div class='ocr_carea' id='block_1_111' title="bbox 611 5782 1638 5848">
    <p class='ocr_par' dir='ltr' id='par_1_111' title="bbox 611 5782 1638 5848">
     <span class='ocr_line' id='line_1_111' title="bbox 611 5782 1638 5848; baseline 0.004 -14"><span class='ocrx_word' id='word_1_784' title='bbox 611 5784 631 5814; x_wconf 81' lang='grc'>⁹</span> <span class='ocrx_word' id='word_1_785' title='bbox 668 5782 682 5834; x_wconf 91' lang='grc' dir='ltr'><strong>Ι</strong></span> <span class='ocrx_word' id='word_1_786' title='bbox 716 5782 860 5837; x_wconf 83' lang='lat' dir='ltr'><strong>Petr.</strong></span> <span class='ocrx_word' id='word_1_787' title='bbox 896 5800 957 5848; x_wconf 92' lang='lat' dir='ltr'><strong>v,</strong></span> <span class='ocrx_word' id='word_1_788' title='bbox 1006 5785 1087 5838; x_wconf 67' lang='grc'><strong>14.</strong></span> <span class='ocrx_word' id='word_1_789' title='bbox 1169 5787 1210 5814; x_wconf 84' lang='grc'>¹”</span> <span class='ocrx_word' id='word_1_790' title='bbox 1245 5785 1418 5840; x_wconf 88' lang='lat' dir='ltr'><strong>Galat.</strong></span> <span class='ocrx_word' id='word_1_791' title='bbox 1456 5801 1544 5848; x_wconf 76' lang='lat' dir='ltr'><strong>v1,</strong></span> <span class='ocrx_word' id='word_1_792' title='bbox 1586 5786 1638 5838; x_wconf 69' lang='grc' dir='ltr'><strong>εὶ.</strong></span> 
     </span>
    </p>
   </div>
   <div class='ocr_carea' id='block_1_112' title="bbox 621 5897 1075 5967">
    <p class='ocr_par' dir='ltr' id='par_1_112' title="bbox 621 5897 1075 5967">
     <span class='ocr_line' id='line_1_112' title="bbox 621 5897 1075 5967; baseline 0.009 -17"><span class='ocrx_word' id='word_1_793' title='bbox 621 5911 678 5967; x_wconf 47' lang='grc' dir='ltr'><strong>κ’)</strong></span> <span class='ocrx_word' id='word_1_794' title='bbox 723 5897 1075 5955; x_wconf 65' lang='lat' dir='ltr'><strong>Pamnetica.</strong></span> 
     </span>
    </p>
   </div>
   <div class='ocr_carea' id='block_1_113' title="bbox 2305 5565 3805 5645">
    <p class='ocr_par' dir='ltr' id='par_1_113' title="bbox 2305 5565 3805 5645">
     <span class='ocr_line' id='line_1_113' title="bbox 2305 5565 3805 5645; baseline 0.008 -27"><span class='ocrx_word' id='word_1_795' title='bbox 2305 5565 2399 5618; x_wconf 85' lang='grc' dir='ltr'>Ἐκ</span> <span class='ocrx_word' id='word_1_796' title='bbox 2432 5565 2630 5635; x_wconf 77' lang='grc' dir='ltr'>πολλῆς</span> <span class='ocrx_word' id='word_1_797' title='bbox 2688 5566 2916 5636; x_wconf 72' lang='grc' dir='ltr'>θλίψεως</span> <span class='ocrx_word' id='word_1_798' title='bbox 2971 5569 3063 5621; x_wconf 71' lang='grc' dir='ltr'><strong>καὶ</strong></span> <span class='ocrx_word' id='word_1_799' title='bbox 3115 5573 3344 5641; x_wconf 78' lang='grc' dir='ltr'>συνοχῆς</span> <span class='ocrx_word' id='word_1_800' title='bbox 3391 5573 3620 5643; x_wconf 76' lang='grc' dir='ltr'>καρδίας</span> <span class='ocrx_word' id='word_1_801' title='bbox 3670 5595 3805 5645; x_wconf 85' lang='grc' dir='ltr'>μου,</span> 
     </span>
    </p>
   </div>
   <div class='ocr_carea' id='block_1_114' title="bbox 2223 5657 3806 5742">
    <p class='ocr_par' dir='ltr' id='par_1_114' title="bbox 2223 5657 3806 5742">
     <span class='ocr_line' id='line_1_114' title="bbox 2223 5657 3806 5742; baseline 0.008 -32"><span class='ocrx_word' id='word_1_802' title='bbox 2223 5657 2516 5728; x_wconf 84' lang='grc' dir='ltr'>προσθείην</span> <span class='ocrx_word' id='word_1_803' title='bbox 2561 5659 2652 5713; x_wconf 74' lang='grc' dir='ltr'><strong>καὶ</strong></span> <span class='ocrx_word' id='word_1_804' title='bbox 2695 5659 2966 5730; x_wconf 84' lang='grc' dir='ltr'>δακρύων,</span> <span class='ocrx_word' id='word_1_805' title='bbox 3000 5664 3030 5732; x_wconf 82' lang='grc' dir='ltr'>ἡ</span> <span class='ocrx_word' id='word_1_806' title='bbox 3063 5663 3321 5738; x_wconf 79' lang='grc' dir='ltr'>ἐπιστολὴ</span> <span class='ocrx_word' id='word_1_807' title='bbox 3369 5665 3505 5736; x_wconf 84' lang='grc' dir='ltr'>πρός</span> <span class='ocrx_word' id='word_1_808' title='bbox 3541 5683 3599 5720; x_wconf 89' lang='grc' dir='ltr'><strong>σε</strong></span> <span class='ocrx_word' id='word_1_809' title='bbox 3632 5668 3806 5742; x_wconf 77' lang='grc' dir='ltr'>αὕτη,</span> 
     </span>
    </p>
   </div>
  </div>
