3934 6498
132 424 265 490 i357

1313 421 1846 482 EPISTULARUM
1921 422 2068 482 LIB.
2111 423 2193 482 II.

3246 416 3380 482 1358

129 532 323 603 ἁδελφέ
348 546 361 560 ·
392 529 529 584 διότι
569 530 784 600 ἀκήκοα
815 530 1107 585 ἀποθανεῖν
1143 548 1200 584 σε
1246 532 1336 585 τὸν
1381 536 1480 603 τῆς
1529 533 1710 602 ἁμαρ-

1838 533 1990 590 ιυόὶνί
2034 545 2086 588 te
2118 533 2321 604 peccati
2357 541 2531 586 morte
2561 541 2838 586 mortuum
2874 544 3015 587 esse.
3046 529 3212 584 Aiunt
3239 532 3385 584 enim

125 631 248 686 τίας
281 624 533 680 θάνατον.
566 624 704 678 Φασὶ
731 625 840 695 γὰρ
870 625 1316 696 άπορῤιψάμενον
1347 625 1409 678 τὸ
1438 625 1707 693 ἐπάγγελ-

130 738 205 790 μα
232 719 334 789 τῆς
361 717 682 789 παρθενίας,
714 718 775 770 τὸ
805 716 1006 788 ἔνδυμα
1029 717 1091 770 τὸ
1117 716 1493 786 εὐαγγελικδν,
1521 716 1584 770 τὸ
1617 733 1708 770 σε·

129 813 362 882 δάσμιον
391 812 489 864 καὶ
514 810 765 878 ἀγγέλοις
791 811 884 864 καὶ
911 808 1218 880 ἀνθρώποις
1257 809 1577 880 πολίτευμα,
1610 810 1709 864 λα-

129 903 244 957 ϐεῖν
272 920 332 956 σε
359 905 598 971 γυναῖκα
628 901 912 972 μοιχικῶς,
938 900 1138 972 μᾶλλον
1158 902 1216 955 δὲ
1244 901 1342 972 τὴν
1366 899 1508 954 Εὐαν
1537 903 1712 954 εἰπεῖν

131 994 486 1066 κυριώτερον.
524 991 673 1062 Αὕτη
705 993 814 1062 γάρ
843 1010 902 1045 σε
944 992 1038 1045 τοῦ
1066 991 1394 1063 παραδείσου
1422 992 1520 1062 τῆς
1551 991 1713 1060 ἁγίας

133 1084 280 1155 ζωῆς
307 1084 615 1139 ἐκϐαλοῦσα
641 1084 814 1148 ἔθετο,
835 1086 915 1147 είς
938 1082 1133 1147 πένθος
1161 1083 1259 1153 μὲν
1284 1083 1408 1154 ἐμοὶ
1433 1082 1509 1153 τῷ
1534 1083 1714 1153 ἁμαρ-

132 1176 289 1246 τωλῷ
322 1193 418 1229 σου
453 1176 643 1248 πατρὶ,
677 1177 757 1240 είς
786 1193 844 1228 τε
869 1173 1131 1245 αίσχύνην
1163 1173 1264 1243 τῆς
1295 1173 1596 1243 άγγελικῆς
1618 1190 1712 1226 σου

133 1267 513 1337 άδελφότητος,
545 1267 642 1320 καὶ
679 1267 758 1330 είς
785 1265 1016 1336 ἔπαρσιν
1047 1267 1142 1319 καὶ
1174 1263 1402 1337 αὔχημα
1428 1265 1506 1337 τῷ
1529 1264 1714 1319 διαϐό-

135 1361 232 1433 λῳ.
265 1362 331 1414 Ὦ
378 1362 431 1414 τί
476 1362 693 1430 γὲγονε;
735 1359 864 1430 φεῦι
908 1359 1026 1422 πῶς
1062 1376 1124 1413 σε
1153 1357 1484 1431 ἐχειρώσατο
1524 1360 1553 1412 6
1584 1358 1717 1430 δρά-

137 1470 288 1521 κων;
321 1455 404 1517 είς
431 1450 543 1506 οἷον
583 1452 641 1506 δέ
686 1469 744 1504 σε
781 1451 1054 1522 ἀπέρριψε
1091 1450 1256 1522 βάθος
1301 1451 1596 1517 δυσωδίας;
1645 1451 1720 1504 T6

139 1547 252 1615 φῶς
306 1545 539 1614 γέγονας
599 1543 825 1607 σκότοςε
886 1544 921 1613 ἡ
961 1542 1198 1612 Χριστοῦ
1244 1541 1441 1596 εὐωδία
1483 1544 1511 1595 ὁ
1554 1531 1718 1612 Μ’δῇ

142 1637 367 1710 μιαρός·
401 1637 430 1688 6
457 1635 660 1706 τίμιος,
697 1635 889 1705 ἄτιμος
909 1647 922 1661 ⁸
948 1635 976 1686 6
1003 1625 1229 1701 ἔνδοξος,
1256 1632 1440 1698 ἄδοξος
1460 1647 1474 1662 ·
1501 1633 1529 1686 6
1559 1633 1722 1702 ἄσχε-

139 1747 248 1794 τος,
288 1728 366 1799 τῷ
396 1727 612 1797 δαίμονι
654 1727 1057 1798 χειροδὲσμιοςο
1098 1726 1126 1778 6
1168 1725 1414 1795 φιλητὸς,
1459 1724 1719 1796 μισητός⁹

1808 627 2077 696 abjecisse
2123 637 2176 681 te
2220 625 2559 695 propositum
2597 623 2965 693 virginitatis,
3010 623 3385 676 indumentum

1808 719 2178 790 evangelicum
2202 756 2219 782 ,
2254 716 2629 772 venerandum
2662 725 2716 770 et
2748 715 2955 784 angelis
2981 723 3038 770 et
3062 715 3389 770 hominibus

1809 810 1934 864 vita:
1965 809 2272 863 institutum
2297 846 2314 872 ,
2343 816 2398 861 et
2423 806 2684 861 feminam
2729 805 2999 860 adulterio
3029 805 3127 859 tibi
3161 805 3390 861 ascivis--

1812 919 1871 958 se
1896 943 1911 968 ,
1947 918 2111 973 quam
2145 901 2369 973 proprie
2409 901 2586 969 magis
2618 899 2786 954 Evam
2820 899 3002 956 dicere
3032 899 3210 954 liceat.
3266 898 3392 953 Haec

1811 997 1956 1051 enim
1987 1006 2037 1050 te
2060 995 2128 1050 de
2154 1003 2356 1050 sanctae
2383 993 2509 1048 vita:
2537 993 2795 1063 paradiso
2832 992 3183 1048 exturbatum
3221 1006 3392 1060 expo-

1813 1089 1924 1144 suit
1955 1087 2090 1143 mihi
2118 1087 2336 1157 quidem
2365 1088 2633 1157 peccaturi
2658 1084 2809 1139 Patri
2843 1094 2939 1139 tuo
2965 1084 3033 1139 ad
3063 1085 3293 1148 luctum,
3324 1084 3393 1138 ad

1813 1176 2076 1246 pudorem
2119 1188 2250 1229 vero
2299 1173 2558 1242 angelica:
2607 1171 3045 1226 confraternitati
3088 1180 3230 1236 tuae,
3280 1173 3397 1224 dia-

1816 1269 1941 1323 bolo
1965 1277 2144 1322 autem
2170 1266 2235 1320 ad
2267 1264 2690 1320 ostentationem
2725 1273 2781 1318 et
2804 1263 3156 1333 jactantiam.
3186 1261 3230 1317 0
3260 1263 3396 1333 quid

1817 1359 2020 1416 factum
2053 1356 2176 1413 est?
2215 1357 2355 1412 heu!
2395 1372 2505 1427 quo
2537 1365 2695 1426 pacto
2731 1365 2782 1410 te
2826 1355 3143 1426 subjugavit
3187 1355 3398 1410 draco?

1818 1451 1976 1522 quale
2009 1460 2061 1506 te
2090 1450 2144 1504 in
2183 1449 2370 1505 fetoris
2409 1449 2737 1519 profundum
2769 1449 3069 1504 demersit?
3101 1446 3309 1503 Lumen
3339 1449 3395 1501 in

1821 1543 2094 1609 tenebras,
2117 1541 2320 1597 Christi
2345 1542 2520 1596 bonus
2551 1544 2686 1596 odor
2709 1541 2764 1596 in
2790 1556 2956 1613 grave
2982 1540 3243 1596 olentiam
3275 1554 3397 1594 mu-

1822 1645 1966 1690 tatus
1993 1651 2093 1691 es:
2127 1649 2192 1690 ex
2239 1649 2401 1689 sacro
2434 1634 2734 1704 profanus;
2767 1649 2834 1690 ex
2868 1633 3137 1688 honorato
3169 1633 3392 1687 inhono-

1826 1733 1976 1782 ratns
2005 1767 2021 1792 ,
2089 1741 2152 1781 ex
2190 1725 2432 1796 glorioso
2460 1725 2724 1795 inglorius
2751 1765 2768 1792 ,
2829 1740 2893 1779 ex
2924 1725 3108 1780 soluto
3139 1734 3193 1778 et
3227 1724 3400 1778 libero

140 1824 198 1874 τὸ
255 1820 534 1892 πρὸὅατον
599 1818 798 1892 Ἰησοῦ,
860 1816 1221 1889 θηριάλωτον.
1289 1815 1592 1889 Προσθήσω
1655 1823 1723 1870 τά

1838 1820 2154 1890 mancipium
2187 1820 2365 1874 factus
2402 1818 2648 1886 diaboli,
2704 1833 2770 1873 ex
2808 1818 3010 1874 dilecto
3048 1833 3250 1874 exosus
3275 1858 3291 1881 ,
3333 1832 3398 1870 ex

146 1888 338 1984 μείζω.
402 1914 460 1966 '0
520 1888 879 1982 δεδιωγμένος
919 1888 1138 1962 ίὲνεκεν
1198 1908 1299 1978 τῆς
1343 1888 1717 1978 δικαιοσύνης,

1838 1888 2025 1961 Ξίιτίειί
2046 1923 2146 1962 ove
2171 1907 2353 1977 przeda
2379 1906 2512 1976 lupi.
2547 1906 2757 1961 Addam
2785 1907 2872 1962 his
2896 1907 3125 1978 majora.
3150 1906 3253 1974 Qui
3282 1923 3403 1976 per-

144 2002 584 2073 κατειλημμένος
634 2003 739 2055 ὑπὸ
789 2002 887 2071 τῆς
931 2000 1243 2071 ἁμαρτίαςο
1291 2001 1319 2052 6
1359 2000 1718 2072 ὁμολογητὴς,

144 2097 424 2167 ἀρνητήςσ
467 2094 496 2146 6
527 2093 621 2146 1:6v
658 2092 1006 2163 μακαρισμὸν
1049 2092 1139 2144 ἐπὶ
1183 2091 1427 2162 κορυφῆς
1484 2091 1558 2153 ὼς
1609 2091 1723 2144 διά-

144 2187 292 2258 δημα
343 2186 551 2255 φέρων,
582 2184 941 2256 ἀφῃρημένος
985 2183 1046 2236 τὸ
1084 2182 1398 2254 θαυμαστὸν
1428 2183 1599 2254 ὄνομα
1628 2182 1722 2237 τοῦ

148 2278 410 2349 μοναχοῦ.

213 2371 376 2439 Οίμοι
401 2371 414 2423 !
448 2368 535 2431 τίς
565 2367 803 2431 ἀκούσας
819 2366 880 2420 οὐ
910 2366 1182 2430 στενάξειε
1209 2384 1224 2432 ;
1254 2367 1337 2430 τίς
1352 2367 1410 2419 δὲ
1439 2364 1726 2420 κατανοῶν

146 2464 205 2515 οὐ
237 2461 527 2532 φρίξειεν;
561 2460 803 2530 ᾔσχυνας
840 2457 899 2510 τὸ
933 2458 1247 2528 μοναχικδν,
1279 2457 1554 2528 ὲφόῦησας
1599 2458 1727 2520 τοὺς

147 2555 483 2626 ἑστηκότας,
516 2552 816 2613 ὲσάλευσας
844 2552 970 2614 τοὺς
1022 2551 1376 2614 ὀκλάζοντας,
1407 2553 1560 2614 ἔπιες
1624 2569 1726 2604 πο-

147 2650 340 2718 τήριον
372 2646 627 2716 ἀνομίας,
659 2643 918 2707 εἶλκυσας
935 2645 996 2696 τὸ
1018 2645 1143 2697 καθ’
1200 2645 1391 2697 ἑαυτὸν
1414 2645 1542 2708 τοὺς
1591 2646 1727 2715 ὀμο-

137 2741 335 2804 ταγείς
364 2733 779 2803 ἀπογεύσασθαι
807 2736 902 2788 τοῦ
933 2736 1190 2789 θανάτου.
1220 2738 1284 2789 Ὢ
1311 2738 1406 2789 καὶ
1436 2733 1594 2802 αὖθις
1640 2738 1730 2791 λέ-

83 2850 86 2853 ·
149 2850 250 2899 γω,
291 2833 346 2885 τί
376 2830 653 2892 πέπονθας
684 2829 924 2896 ὲλεεινὲ;
957 2829 1074 2894 πῶς
1106 2833 1134 2884 6
1168 2832 1479 2901 Ἐωσιρόρος
1513 2833 1729 2885 ἐσκοτί-

152 2926 285 2992 σθης
315 2942 330 2988 ;
364 2923 486 2985 πῶς
514 2923 573 2975 τὸ
595 2920 929 2993 χρησιμεῦον
957 2921 1156 2986 σκεῦος
1208 2923 1572 2994 συνετρίόηςς
1631 2925 1732 2978 οὐκ

148 3011 274 3079 αίδῇ
307 3009 415 3061 κᾶν
438 3009 497 3060 τὸ
525 3007 696 3077 ὄνομά
725 3025 842 3074 σου,
877 3010 960 3062 ὅτι
1011 3010 1320 3080 Εὐάρεστος
1374 3012 1730 3084 καλούμενος,

152 3101 496 3168 Δυσάρεστος
535 3097 946 3170 ἐχρημάτισαςς
989 3101 1065 3153 Οὐ
1098 3101 1294 3172 πέρυσι
1327 3095 1460 3172 ἧκες
1498 3105 1635 3175 πρός
1666 3123 1734 3175 με

154 3189 277 3242 ἐπεὶ
326 3189 423 3243 καὶ
479 3192 615 3261 πρὸς
651 3191 742 3243 τὸν
776 3188 934 3261 κῦριν
995 3191 1087 3245 τὸν
1125 3193 1556 3262 ἁρχιεπίσκοπον
1616 3197 1736 3258 ὅλος

155 3282 338 3352 ὑγιὴς,
370 3280 630 3352 εὐθυμος,
661 3283 961 3354 πρόθυμος,
985 3284 1124 3355 ὑπὲρ
1146 3285 1333 3356 ἐτέρου
1355 3287 1556 3356 μᾶλλον
1584 3288 1739 3341 ἀδελ-

155 3378 255 3441 φοῦ
276 3395 374 3432 σου
392 3396 468 3430 πα
478 3379 769 3449 ρακλήτωρ
786 3379 878 3432 καὶ
895 3380 1207 3451 ἀνορθωτής
1227 3400 1241 3448 ;
1264 3382 1381 3445 πῶς
1396 3382 1637 3448 ὲξὲλιπες
1659 3385 1741 3450 ἐξ-

156 3471 328 3525 άπινα
346 3486 361 3536 ;
379 3471 500 3534 πῶς
518 3470 942 3542 ἀπετυφλώθηςς
965 3472 1080 3536 πῶς
1100 3474 1493 3544 ἠμνημόνησας
1505 3476 1595 3527 καὶ
1606 3474 1740 3529 Θεοῦ

157 3567 253 3617 καὶ
284 3563 468 3632 ἡμῶν,
502 3562 612 3616 τῶν
638 3581 697 3616 τε
715 3564 1147 3634 προηνυσμένων
1161 3565 1475 3636 ἀσκητικῶν
1515 3583 1608 3620 σου
1641 3568 1739 3620 πό-

156 3673 264 3710 νων
295 3658 392 3709 καὶ
412 3655 652 3727 ἱδρώτων
673 3671 687 3685 ·
721 3656 840 3731 ἐπεὶ
857 3653 923 3727 ἧς
937 3657 1029 3709 καὶ
1059 3657 1163 3711 τῶν
1181 3658 1485 3729 χρησίμων,
1517 3660 1612 3712 καὶ
1636 3659 1744 3712 τῶν

157 3753 217 3803 ὲν
246 3752 373 3812 ταῖς
415 3748 816 3818 ὑπερεχούσαις
843 3749 1148 3814 διακονίαις
1181 3752 1567 3820 τεταγμένωνς
1607 3749 1744 3805 Εἶτα

157 3842 252 3907 τί;
293 3828 474 3912 μικρὰ
505 3839 781 3911 προσϐολὴ
803 3840 896 3894 τοῦ
952 3841 1171 3914 ἐχθροῦ,
1228 3842 1498 3912 ἐπιθυμία
1543 3843 1743 3912 ἔχουσα

163 3935 263 4001 μὲν
298 3931 380 4002 τῷ
402 3931 581 3986 δοκεῖν
609 3933 804 4001 γλυκὺ,
842 3934 1224 4003 συνειλιγμένη
1257 3933 1315 3985 δὲ
1343 3933 1583 4004 διστόμῳ
1637 3951 1745 4004 μα-

160 4024 356 4096 χαίρᾳ,
383 4019 453 4094 ἦς
481 4023 578 4094 τῆς
608 4025 836 4094 πικρίας
861 4025 1016 4077 οὐδὲν
1076 4024 1494 4095 χολωδέστερον,
1542 4026 1744 4098 δραξα-

165 4118 304 4185 μένη
340 4131 400 4168 σε
431 4117 744 4186 κατήγαγεν
777 4116 852 4174 ὡς
873 4116 967 4169 ἀπ’
997 4116 1230 4188 οὐρανοῦ
1253 4118 1354 4190 τῆς
1384 4119 1597 4190 ὑψηλῆς
1655 4137 1744 4173 πο-

162 4207 393 4270 λιτείας,
427 4207 672 4260 δείκνυσι
692 4207 750 4260 δὲ
782 4207 918 4261 ὡσεὶ
948 4209 1294 4280 τραυματίαν
1328 4210 1658 4265 καθεύδοντα
1687 4215 1745 4266 ὲν

161 4299 344 4380 τάφῳ.
378 4298 445 4351 Τί
472 4298 579 4367 γὰρ
615 4296 744 4350 ἄλλο
777 4299 927 4351 ἐστὶν
957 4294 1098 4353 εἶναι
1121 4301 1214 4353 τὸν
1270 4301 1329 4353 ὲν
1360 4304 1426 4373 τῇ
1476 4304 1743 4374 ἁμαρτίᾳ,

166 4389 202 4459 ἢ
257 4391 319 4440 ὲν
349 4387 558 4459 φθορᾷς
590 4385 829 4443 Οὐτίπου
859 4390 976 4459 φῶς
1020 4391 1251 4460 νοερὸν,·
1287 4393 1512 4464 οὐδεμία
1569 4395 1744 4461 ἐλπὶς,

165 4480 398 4552 οὐδεμία
419 4479 694 4552 γλυκύτης
728 4481 929 4554 ψυχῆς,
988 4484 1216 4556 οὐδεμία
1261 4485 1538 4558 διανόησις
1601 4489 1742 4560 ἱερὰ,

1821 2001 2159 2055 secutionem
2194 2000 2422 2070 justitia:
2450 2015 2616 2054 causa
2647 2000 2953 2070 patiebatur
2976 2009 3214 2070 ,'captns
3247 2009 3334 2055 est
3371 2014 3401 2053 a

1822 2103 2074 2163 peccato;
2108 2094 2201 2164 qui
2253 2093 2538 2148 confessor
2587 2103 2748 2159 erat,
2804 2103 2948 2147 nunc
2995 2102 3253 2163 negator;
3309 2094 3404 2162 qui

1823 2187 2213 2242 beatitudinem
2249 2187 2303 2241 in
2331 2187 2534 2242 vertice
2561 2187 2705 2241 velut
2733 2185 2984 2241 diadema
3013 2186 3282 2257 gestabat,
3307 2186 3407 2239 ad-

1824 2278 2076 2332 mirando
2116 2274 2371 2333 monachi
2413 2279 2634 2333 nomine
2673 2276 2942 2344 spoliatus
2980 2286 3084 2330 est.

1899 2370 1998 2427 Hei
2031 2370 2200 2425 mihi!
2244 2371 2369 2439 quis
2406 2370 2521 2424 haec
2562 2370 2791 2424 audiens
2850 2382 2958 2423 non
3012 2367 3232 2437 gemat?
3284 2381 3410 2437 quis

1826 2464 2073 2534 cogitans
2095 2478 2202 2516 non
2235 2462 2630 2517 exhorrescat?
2653 2463 2867 2517 Pudore
2905 2459 3183 2516 suffudisti
3215 2476 3411 2514 mons-

1828 2557 1982 2620 chos,
2013 2555 2287 2609 stantibus
2320 2564 2589 2610 terrorem
2616 2555 2875 2626 injecisti,
2908 2555 3186 2624 lapsantes
3227 2552 3411 2622 impu-

1829 2648 2176 2714 listi,bibisti
2218 2648 2446 2704 calicem
2482 2647 2811 2717 iniquitatis,
2871 2645 3088 2701 traxisti
3140 2655 3408 2714 quantum

1830 2738 1884 2791 in
1919 2748 1971 2790 te
2007 2735 2112 2789 fuit
2136 2735 2321 2790 socios
2353 2745 2414 2788 ut
2437 2743 2670 2788 mortem
2702 2734 3079 2803 degustarent.
3123 2731 3167 2785 Ο
3209 2732 3410 2786 iterum

1830 2828 1975 2894 dico,
2010 2828 2140 2898 quid
2174 2842 2374 2897 passus
2396 2842 2480 2892 es,
2504 2825 2710 2880 miser?
2745 2824 3022 2896 quomodo
3054 2823 3298 2879 tenebris
3327 2824 3414 2877 of-

1833 2920 1992 2976 fusus
2012 2937 2093 2984 es,
2124 2918 2382 2974 Lucifer?
2412 2920 2690 2990 quomodo
2726 2935 2822 2974 vas
2852 2919 2986 2972 utile
3017 2919 3294 2974 contritus
3313 2919 3414 2972 es?

1834 3012 1945 3069 Nec
1977 3013 2154 3082 ipsum
2189 3026 2388 3065 nomen
2419 3019 2571 3064 tuum
2613 3009 2906 3075 revereris,
2937 3008 3083 3079 quod
3114 3007 3414 3063 Evarestus

1836 3120 1959 3160 cum
1993 3103 2310 3173 appelleris,
2347 3102 2674 3174 Dysarestus
2727 3102 2993 3158 evasisti?
3034 3100 3228 3156 Nonne
3267 3115 3416 3156 anno

1767 3233 1811 3295 C
1839 3198 2111 3268 prmterito
2135 3196 2202 3250 ad
2228 3210 2314 3250 me
2343 3195 2543 3250 venisti
2575 3202 2739 3265 atque
2789 3195 2855 3249 ad
2892 3195 3176 3248 dominum
3229 3193 3417 3248 archi-

1845 3289 2164 3358 episc0pum
2204 3298 2350 3342 totus
2383 3303 2573 3354 sanus,
2605 3287 2766 3340 hilari
2803 3287 2990 3341 animo
3017 3295 3072 3340 et
3100 3286 3290 3352 alacri,
3320 3297 3419 3355 pro

1842 3381 2013 3435 altero
2044 3380 2206 3434 etiam
2233 3378 2401 3435 fratre
2427 3388 2523 3434 tuo
2565 3379 2886 3449 deprecator
2910 3389 2964 3434 et
2993 3380 3244 3434 crector?
3270 3379 3419 3441 Ono-

1843 3473 2007 3526 modo
2053 3480 2278 3542 repente
2311 3470 2612 3526 defecisti?
2646 3471 2924 3542 quomodo
2975 3482 3282 3527 excaecatus
3323 3471 3422 3527 es?

1842 3563 2123 3635 quomodo
2154 3563 2246 3618 Dei
2270 3563 2475 3619 oblitus
2493 3580 2551 3620 es
2575 3574 2630 3620 et
2662 3567 2839 3620 nostri
2857 3566 2881 3618 ?
2902 3573 3335 3636 exactOrumquc
3364 3568 3420 3620 in

1843 3656 2076 3712 ascetica
2126 3657 2236 3711 vita
2306 3656 2557 3711 laborum
2626 3657 3022 3727 sudorumque,
3076 3658 3422 3728 quandoqui-

1842 3749 1964 3803 dem
1994 3764 2117 3804 eras
2148 3749 2293 3803 inter
2323 3749 2510 3814 utiles,
2556 3760 2762 3820 eOSque
2789 3750 2842 3803 in
2875 3750 3068 3820 primis
3101 3750 3422 3806 ministeriis

1843 3841 2243 3911 fungebantur?
2264 3841 2402 3907 Quid
2439 3851 2562 3911 post
2589 3842 2742 3896 hazc?
2771 3841 2947 3897 Parva
2978 3843 3154 3898 hostis
3187 3843 3423 3913 impres-

1844 3935 1949 4000 sio,
2001 3934 2270 4003 cupiditas
2307 3935 2492 4002 specie
2551 3935 2772 4003 quidem
2824 3935 3169 3990 dulcedinem
3228 3935 3424 4004 praefe-

1841 4042 1991 4093 rens,
2020 4026 2114 4082 sed
2137 4025 2367 4095 ancipiti
2397 4026 2579 4095 gladio
2611 4026 2902 4095 implicita,
2929 4028 3089 4098 cujus
3127 4028 3425 4082 acerbitate

1844 4118 1981 4172 nihil
2020 4118 2283 4181 amarius,
2309 4117 2592 4186 abreptum
2618 4128 2667 4172 te
2698 4118 2894 4186 dejecit
2915 4128 3174 4188 tanquam
3197 4119 3264 4173 de
3287 4120 3426 4174 caelo

1844 4213 2074 4267 excelsae
2124 4211 2587 4274 conversationis,
2649 4213 3001 4282 ostenditque
3048 4213 3198 4268 velut
3251 4213 3426 4283 plagis

1846 4315 2104 4360 onustum
2138 4306 2189 4358 in
2223 4305 2478 4374 sepulcro
2509 4304 2891 4360 dormientem.
2927 4305 3067 4373 Quid
3097 4307 3243 4360 enim
3277 4306 3427 4360 aliud

1845 4409 1930 4451 est
1964 4399 2016 4450 in
2053 4406 2275 4460 peccato
2324 4411 2448 4450 esse
2505 4409 2669 4464 quam
2708 4397 2764 4449 in
2813 4396 3028 4451 morte?
3071 4393 3290 4451 Nullum
3313 4398 3423 4466 jam

1848 4491 2029 4545 lumen
2059 4489 2402 4554 intellectus,
2437 4491 2583 4543 nulla
2616 4505 2763 4557 spes.
2817 4490 2963 4544 nulla
3012 4490 3258 4546 suavitas
3307 4492 3428 4544 ani--

166 4575 304 4628 άλλά
333 4575 431 4642 νὺξ
466 4575 676 4648 βαθεῖα,
694 4576 855 4646 μύσις
882 4577 975 4631 τοῦ
995 4579 1585 4653 διανοητικοῦ,δαγμὸς
1611 4600 1733 4653 καρ·

1850 4593 1972 4642 mae,
2005 4579 2153 4633 nulla
2182 4594 2339 4634 sacra
2366 4580 2628 4650 cogitatio
2659 4595 2672 4632 :
2704 4580 2797 4636 sed
2823 4580 3096 4651 profunda
3118 4598 3247 4648 nox,
3273 4597 3429 4636 men-

165 4665 381 4729 διακὺς,
412 4667 578 4735 φόϐος
612 4667 826 4722 καὶτοῦ
858 4668 1136 4739 τυχόντος,
1189 4675 1245 4724 ὲν
1269 4673 1345 4742 τῷ
1376 4673 1620 4745 βορϐόρῳ
1649 4692 1746 4727 κυ-

167 4756 464 4811 λινδεῖσθαι
495 4759 861 4830 καθεκάστην,
896 4760 1028 4814 ὡσεί
1058 4778 1111 4815 τι
1177 4763 1550 4834 ἰλυσπώμενον
1608 4768 1746 4819 κνώ-

169 4853 350 4906 εαλον.
385 4853 450 4904 Τί
481 4855 775 4923 εἰργάσατο
810 4857 838 4909 6
860 4855 1114 4925 δαίμων,
1152 4856 1202 4908 τί
1237 4874 1296 4910 σε
1353 4857 1683 4912 ἀπετέλεσεν
1715 4861 1748 4930 ἡ

173 4945 606 5014 παγκατάρατκ
631 4946 929 5018 ὲπιθυμία;
956 4948 1022 5000 δι’
1045 4941 1113 5019 ἦς
1144 4949 1253 5002 ἀπὸ
1310 4949 1400 5003 τοῦ
1446 4951 1640 5015 αίῶνος
1700 4953 1749 5005 οἱ

170 5037 541 5107 ἠπατημένοι,
575 5038 698 5091 οὐδὲ
748 5039 816 5092 τὰ
865 5038 1098 5094 ἐνταῦθα
1152 5041 1565 5112 κεκερδάκασιν,
1613 5043 1751 5096 ἀλλὰ

173 5131 267 5181 καὶ
300 5131 371 5182 τά
404 5130 631 5200 οὐράνια
654 5131 963 5195 ἀπώλεσαν,
997 5131 1054 5186 ἓν
1072 5133 1577 5206 κληρονομήσαντες
1593 5134 1752 5207 μόνον

173 5220 235 5271 τδ
265 5220 381 5292 πῦρ
409 5222 472 5272 τὸ
506 5220 746 5275 αἰώνιον.

260 5313 424 5366 Ἀλλά
451 5314 631 5383 δεῦρο,
664 5316 747 5367 υίὲ
777 5334 899 5386 μου,
932 5317 1291 5388 άνακλήθητι,
1328 5319 1478 5373 καλῶ
1533 5337 1591 5373 σε
1648 5322 1755 5375 ἀπὸ

179 5405 390 5473 βαθέων
425 5409 654 5476 καρδίας
710 5427 834 5479 μου,
883 5412 992 5462 ἀπὸ
1045 5411 1365 5482 σπλάγχνων
1421 5413 1755 5484 ὲμπυριζόν-

175 5513 282 5550 των
316 5515 385 5568 με
416 5514 432 5528 ·
469 5499 662 5569 ἐπειδὴ
698 5501 729 5570 ἡ
761 5501 828 5570 σὴ
856 5502 980 5566 δόξα
1007 5503 1133 5574 ἐμὴ,
1175 5504 1248 5568 ώς
1312 5505 1409 5557 καὶ
1457 5505 1690 5575 ἔμπαλιν
1720 5509 1753 5579 ἡ

179 5593 430 5660 αἰσχύνη.
465 5591 658 5662 Δεῦρο,
693 5594 1029 5666 ὲξεγὲροητι,
1060 5599 1088 5650 ὁ
1136 5596 1337 5667 Κύριος
1398 5599 1718 5654 κεκέλευκεν
1740 5618 1755 5632 ·

184 5682 264 5736 Οὐ
289 5684 377 5752 μὴ
401 5684 680 5754 μνησθῶ,
714 5689 869 5758 φησὶ,
904 5689 1020 5742 τῶν
1047 5690 1307 5760 ἀνομιῶν
1323 5707 1458 5748 σου.
1496 5695 1633 5748 Καί·
1663 5695 1754 5760 Μὴ

257 5861 299 5893 ¹¹
330 5862 436 5916 lsa.
478 5880 633 5928 sLItl,
667 5866 759 5919 9.5.

1850 4675 1920 4729 tis
1951 4674 2278 4735 obstructio,
2333 4681 2388 4728 et
2421 4673 2603 4728 cordis
2633 4688 2872 4737 morsus,
2933 4689 2997 4728 ac
3037 4674 3205 4729 timor
3259 4690 3325 4728 ex
3370 4690 3430 4728 re

1853 4769 2094 4838 qualibet
2130 4783 2142 4821 :
2185 4769 2238 4822 in
2281 4783 2441 4823 coeno
2461 4768 2672 4823 versari
2726 4767 2967 4833 assidue,
3032 4769 3179 4824 velut
3227 4771 3432 4824 animal

1855 4861 2143 4931 quodpiam
2181 4863 2233 4914 in
2285 4859 2404 4914 luto
2453 4876 2512 4915 se
2567 4860 2841 4915 volutans.
2880 4859 3024 4927 Quid
3058 4871 3321 4932 operatus
3348 4872 3434 4915 est

1855 4951 2114 5004 dannon?
2146 4950 2277 5020 quid
2327 4949 2426 5004 tibi
2465 4952 2700 5004 contulit
2749 4953 3088 5006 exsecranda
3118 4953 3434 5022 cupiditas?

1855 5061 1953 5115 per
1981 5059 2143 5113 quam
2179 5044 2273 5113 qui
2304 5044 2371 5098 ab
2409 5059 2526 5098 aevo
2569 5045 2778 5114 decepti
2806 5044 2979 5111 fuere,
3013 5061 3190 5114 neque
3220 5060 3281 5100 ea
3311 5061 3435 5115 quae

1859 5137 1946 5191 ltic
1968 5147 2091 5191 sunt
2141 5138 2556 5199 lucrifeccrunt,
2586 5138 2906 5192 ctcualestia
2957 5137 3212 5202 amisere,
3263 5154 3433 5192 unum

1859 5231 2035 5286 solum
2075 5231 2392 5285 haereditate
2422 5231 2760 5300 possidentes
2790 5233 2967 5299 ignem
3000 5241 3288 5288 aeternum.

1933 5323 2133 5379 Verum
2188 5323 2295 5376 huc
2341 5323 2492 5388 ades,
2555 5322 2628 5377 fili
2670 5323 2743 5377 mi
2779 5341 2793 5378 :
2826 5325 2895 5378 ab
2926 5324 3036 5377 imo
3084 5326 3250 5379 corde
3299 5340 3437 5378 voco

1863 5429 1934 5483 te,
1966 5433 2031 5473 ex
2051 5416 2353 5471 visceribus
2385 5432 2472 5470 me
2503 5417 2972 5472 inllammantibus
3001 5419 3294 5487 :quoniam
3322 5419 3437 5487 glo-

1862 5513 1941 5565 ria
1971 5520 2085 5576 tua,
2118 5507 2288 5579 gloria
2324 5522 2443 5560 mea
2473 5515 2592 5561 est:
2629 5509 2771 5562 sicut
2801 5508 3032 5564 dedecus
3070 5525 3100 5564 e
3133 5513 3435 5564 contrario.

1864 5608 1995 5673 Age,
2017 5599 2418 5670 expergiscere,
2451 5599 2713 5655 Dominus
2739 5601 2924 5669 jussit.
2949 5600 3070 5654 Non
3098 5602 3434 5667 recordabar,

1867 5695 2060 5764 inquit,
2091 5691 2428 5762 iniquitalum
2461 5699 2670 5746 (uarum
2713 5693 2775 5748 “.
2813 5692 2877 5749 Et
2911 5712 2925 5748 τ
2958 5693 3210 5764 Nunquid
3231 5693 3318 5762 qui
3346 5709 3436 5747 ca-
