3934 6506
177 486 306 553 i361

1384 477 1921 538 EPISTOLARUM
1954 478 2099 537 LIB.
2136 478 2216 538 ΙΙ.

3314 476 3333 537 1
3347 479 3452 542 36?.

165 617 356 673 καιρον
406 597 738 670 ἡγησάμεθα
766 587 1003 668 χαράξαι
1030 596 1159 666 ύμῖν
1190 593 1451 664 βραχεῖαν
1471 591 1745 661 συλλαὸὴν

1854 593 2113 646 duximus
2137 592 2354 646 brevem
2388 592 2455 646 ad
2478 609 2596 656 vos,
2630 593 2684 645 in
2713 593 2945 648 Domino
2977 608 3196 648 sorores
3246 597 3447 664 episto-

161 695 283 754 ταῖς
341 691 491 746 κατὰ
541 691 749 761 Κύριον
807 690 1088 759 ἀδελφαῖς.
1134 687 1244 740 Καὶ
1300 687 1366 757 δὴ
1421 687 1742 757 ἐρωτῶμεν,

162 784 280 847 πῶς
323 784 502 854 ἔχειὴ
554 782 689 853 ἀγία
715 782 847 844 δυὰς
898 781 1071 850 ὑμῶν,
1151 781 1207 834 αἱ
1262 782 1436 832 πᾶσαι
1493 779 1742 847 ἀδελφαί.

174 875 368 943 Ὁρᾶτε
401 875 541 938 πῶς,
574 874 672 927 καὶ
696 874 796 926 οὐκ
838 872 1025 934 ἄλλαις
1055 871 1309 940 ἀδελφαῖς
1331 914 1345 936 ,
1385 872 1517 942 ὑμῖν
1575 889 1747 942 προσ-

161 965 409 1033 κείμενοι
444 965 590 1017 κατὰ
622 963 755 1016 Θεὸν
785 964 1079 1033 ἐρωτῶμεν
1103 965 1198 1016 καὶ
1231 962 1624 1033 διαλεγόμεθα·
1654 962 1750 1016 καὶ

161 1053 414 1115 εἰκότωςο
452 1046 515 1106 οῦ
544 1053 653 1124 γὰρ
686 1053 890 1116 πίστις,
926 1054 1044 1106 ἐκεῖ
1070 1055 1164 1105 καὶ
1191 1053 1375 1116 πόθος,
1434 1052 1609 1106 ἕλκων
1655 1053 1752 1107 καὶ

157 1144 559 1214 ἀνθελκόμενος
591 1145 681 1198 διὰ
721 1143 1039 1214 Πνεύματος
1071 1143 1230 1212 ἀγίου
1257 1161 1274 1176 ο
1321 1135 1382 1196 οῦ
1440 1143 1497 1196 δὲ
1551 1144 1748 1213 ταῦτα,

159 1237 277 1288 ἐκεῖ
318 1237 418 1290 καὶ
449 1237 672 1308 φροντὶς
711 1235 987 1305 σώματος.
1017 1235 1116 1290 Διὰ
1142 1236 1301 1288 τοῦτο
1328 1236 1617 1308 γράφομεν
1647 1254 1752 1290 πα-

159 1327 537 1397 ρακαλοῦντες
569 1329 710 1399 ὑπὲρ
735 1328 975 1399 Χριστοῦ
997 1329 1046 1380 οἱ
1073 1328 1283 1394 ἀνάξιοι
1313 1370 1328 1394 ,
1355 1328 1576 1400 ἔχεσθαι
1603 1331 1753 1400 ἡμᾶς

156 1421 253 1489 τῆς
275 1423 454 1492 καλῆς
483 1421 801 1492 ὁμολογίας,
824 1416 892 1492 ἦς
913 1421 1348 1492 ὡμολογήσαμεν
1392 1421 1633 1485 ἅπαντες
1667 1424 1752 1474 ὲν-

158 1517 325 1571 ώπιον
337 1514 474 1569 Θεοῦ
499 1513 716 1566 καὶτῶν
730 1513 1002 1566 ἐκλεκτῶν
1015 1513 1286 1580 ἀγγέλων·
1300 1512 1466 1583 ζῆσαι
1490 1515 1548 1567 ὲν
1563 1514 1753 1585 Κυρίῳ

158 1612 212 1662 ὲν
241 1613 313 1680 τῇ
340 1607 607 1662 ἀποθέσει
640 1606 735 1659 τοῦ
776 1606 1040 1677 σαρκικοῦ
1066 1607 1416 1678 φρονήματος
1433 1623 1447 1636 ·
1473 1608 1620 1679 ὅπερ.
1636 1607 1755 1661 ἐστὶ

156 1706 213 1755 τὸ
246 1704 491 1773 ῥαγῆναι
517 1699 627 1752 τῶν
652 1691 869 1768 δεσμῶν
893 1699 994 1768 τῆς
1040 1696 1422 1770 προσπαθείας
1479 1697 1574 1750 τοῦ
1627 1699 1753 1769 τῇδε

157 1795 376 1858 αἰῶνος,
421 1793 520 1844 καὶ
556 1791 697 1860 μετὰ
721 1790 856 1842 Θεοῦ
904 1790 1181 1859 γενέσθαι,
1230 1790 1291 1842 ὃν
1330 1791 1424 1843 καὶ
1463 1789 1755 1859 ἠγαπήσα-

159 1905 280 1958 μεν,
383 1884 484 1937 καὶ
508 1881 953 1952 ὲνυμφεύθημεν,
991 1881 1108 1953 μεθ’
1139 1875 1203 1936 οὗ
1257 1883 1351 1935 καὶ
1414 1881 1752 1951 συνεσόμεθα

156 1975 348 2029 εἰσαεί.
372 1972 579 2026 Τοῦτον
613 1973 1014 2043 ὲρωτευώμεθα
1042 1973 1133 2027 τὸν
1159 1974 1415 2040 ἀληθινὸν
1428 1974 1630 2046 ἔρωτα,
1658 1973 1752 2028 τὸν

155 2064 455 2136 ἀπρόσιτον
480 2062 667 2127 πόθον,
698 2063 791 2115 τὸν
825 2063 985 2132 μόνον
1041 2063 1322 2134 Δεσπότην
1367 2063 1602 2133 ούρανοῦ
1657 2064 1752 2117 καὶ

154 2158 274 2224 γῆς.
330 2147 408 2209 Ub
441 2157 474 2225 ἡ
506 2153 644 2226 πρὸς
669 2154 994 2226 ἀνθρώπους
1024 2156 1304 2227 ἀγάπησις
1357 2155 1620 2226 τοσαύτη,
1675 2156 1751 2219 ὡς

153 2249 340 2301 δούλου
385 2247 602 2319 μορφὴν
639 2247 804 2299 αὐτὸν
832 2247 1146 2311 ἀναλαϐεῖν,
1191 2251 1269 2312 εἰς
1310 2247 1373 2300 τὸ
1401 2248 1749 2302 ἀνακαλέσα-

155 2341 279 2395 σθαι
324 2342 477 2410 ἡμᾶς
521 2340 622 2410 τῆς
673 2338 902 2410 φθοράς,
955 2341 1050 2393 καὶ
1090 2339 1246 2403 θεοὺς
1301 2341 1746 2412 ἀπεργάσασθαι.

163 2432 251 2494 Ὠς
311 2430 550 2500 μεγίστη
591 2433 623 2498 ὴ
658 2429 984 2497 ἐπαγγελία.
1040 2430 1127 2492 Ὠς
1168 2431 1404 2494 ἐξαίσιον
1442 2431 1504 2483 τὸ
1555 2432 1613 2482 ὲν
1659 2431 1750 2483 ού-

158 2525 344 2592 ρανοίς
372 2521 715 2590 ἀπάντημαι
759 2519 918 2573 Ἐκεῖ
941 2519 1365 2589 ἐκλάμψουσιν
1414 2524 1468 2574 οι
1533 2520 1750 2575 δίκαιοι

153 2614 230 2678 ὡς
278 2616 308 2666 6
363 2612 572 2681 ἣλιος
621 2614 741 2665 ἐκεῖ
785 2612 844 2664 αἱ
875 2611 975 2680 τὴν
1038 2612 1341 2683 παρθενίαν
1399 2613 1748 2683 ὲνδεδυμὲναι

151 2705 225 2773 τῷ
278 2704 552 2774 ἀφθάρτῳ
601 2703 820 2773 νυμφίῳ
851 2704 1288 2774 συναφθήσονται
1317 2720 1331 2735 θ
1377 2705 1499 2758 ἐκεῖ
1529 2706 1588 2757 αἱ
1638 2707 1742 2775 τὴν

152 2793 437 2863 ὑποταγὴν
487 2793 586 2845 καὶ
647 2793 898 2864 ὑπακοὴν
946 2792 1321 2864 ὲξασκήσασαι
1359 2795 1435 2858 ὡς
1480 2797 1747 2866 ἄρχουσαι

151 2884 422 2958 Χριστοῦ,
465 2885 824 2955 χορεύσουσιν
852 2884 1050 2940 αἰώνια
1077 2903 1092 2919 ο
1144 2887 1202 2940 αι
1253 2886 1310 2939 δὲ
1350 2887 1614 2954 ἐναντίαι,
1678 2887 1748 2940 τά

153 2977 399 3038 ἐναντία,
432 2976 678 3047 δηλονότι
729 2977 1037 3030 πείσονται.

224 3069 416 3132 Ὥστε,
447 3055 699 3136 ἀδελφαὶ,
720 3069 1100 3140 σταυροφόροι,
1137 3070 1212 3141 μὴ
1243 3070 1497 3139 λάθωμεν
1525 3072 1746 3133 ἑαυταῖς

150 3158 272 3211 ἀντὶ
299 3158 452 3228 ζωῆς
491 3159 585 3211 καὶ
624 3159 799 3230 χαρᾶς
847 3158 1101 3229 ἀπείρου,
1146 3160 1366 3211 κόλασιν
1399 3161 1493 3213 καὶ
1521 3158 1630 3230 πῦρ
1655 3161 1744 3212 αἱ·

1855 684 1962 738 lam
1987 701 2236 739 exarare.
2262 685 2326 740 Et
2348 686 2567 754 quidem
2594 701 2853 755 rogamus
2875 688 3152 755 quomodo
3171 704 3228 740 se
3251 687 3456 744 habeat

1852 789 2079 836 sanctus
2095 780 2340 833 binarius
2363 788 2561 844 vester,
2587 792 2915 846 sororesque
2931 778 3224 831 universae.
3251 775 3453 834 Videtis

1851 872 2313 943 quemadmodum
2349 872 2504 926 vobis
2542 883 2593 925 et
2627 886 2735 926 non
2768 870 2895 925 aliis
2922 871 3214 924 sororibus
3240 871 3445 924 addicti

1853 967 2155 1022 secundum
2192 966 2362 1021 Deum
2388 965 2744 1021 sciscitamur
2769 974 2824 1020 et
2855 965 3022 1020 verba
3055 963 3313 1019 facimus.
3339 963 3451 1019 Nec

1851 1054 2254 1119 immerito,nbi
2278 1054 2421 1108 enim
2444 1053 2595 1118 ﬁdes,
2616 1054 2686 1109 ibi
2709 1062 2763 1108 et
2783 1069 2957 1120 amor,
2981 1055 3204 1108 trahens
3223 1062 3459 1109 tractus-

1853 1164 1959 1219 que
2001 1149 2243 1203 vicissim
2278 1164 2374 1218 per
2399 1147 2661 1214 Spiritum
2714 1158 2966 1203 sanctum
2995 1165 3010 1215 ;
3036 1149 3127 1202 ubi
3154 1149 3301 1203 enim
3331 1148 3447 1202 hac

1854 1249 2003 1305 sunt,
2029 1241 2102 1294 ibi
2121 1250 2173 1295 et
2190 1257 2320 1295 cura
2338 1241 2607 1310 corporis.
2628 1241 2835 1296 Idcirco
2856 1241 3174 1306 scribimus,
3207 1255 3304 1294 vos
3327 1241 3449 1296 vice

1853 1334 2054 1389 Christi
2083 1336 2362 1406 hortantes
2383 1334 2616 1404 indigni,
2651 1344 2708 1388 ut
2745 1335 3101 1404 persistamus
3130 1335 3182 1387 in
3217 1333 3445 1403 pulchra

1855 1429 2105 1498 pactione
2153 1444 2318 1499 quam
2359 1429 2500 1497 pacti
2544 1443 2736 1482 sumus
2773 1442 2966 1482 omnes
2999 1442 3186 1481 coram
3227 1424 3340 1480 Deo
3388 1435 3445 1482 et

1852 1521 2042 1576 electis
2082 1522 2318 1590 angelis;
2347 1521 2534 1575 vivere
2588 1519 2642 1573 in
2691 1519 2928 1573 Domino
2979 1518 3040 1572 in
3099 1518 3446 1587 depositione

1855 1629 2050 1669 sensus
2085 1615 2345 1681 carnalis,
2377 1613 2524 1683 quod
2558 1623 2644 1669 est
2668 1612 2949 1683 dirupisse
2980 1612 3204 1665 vincula
3233 1609 3446 1680 cupidi-

1857 1716 2027 1761 tatum
2055 1708 2242 1763 saeculi
2275 1707 2462 1777 hujus,
2495 1717 2698 1761 etcum
2738 1705 2852 1760 Deo
2889 1704 3101 1760 versari
3149 1719 3312 1774 quem
3357 1703 3448 1757 di-

1855 1799 2113 1862 leximus,
2163 1809 2215 1854 et
2250 1799 2338 1853 cui
2401 1801 2746 1868 desponsata:
2804 1813 3018 1864 sumus,
3059 1812 3182 1853 cum
3223 1812 3331 1867 quo
3388 1806 3444 1851 et

1858 1909 2074 1964 semper
2121 1894 2348 1947 erimus.
2408 1891 2565 1947 Hunc
2609 1891 2932 1946 adamemus
2966 1888 3060 1960 qui
3092 1904 3256 1944 verus
3286 1903 3444 1944 amor

1856 1996 1959 2051 est,
2010 1986 2340 2041 desiderium
2396 1987 2762 2050 inaccessum,
2817 1983 2968 2039 solus
2998 1985 3126 2039 cmli
3171 1993 3442 2055 terraeque

1854 2079 2142 2134 Dominus.
2181 2078 2351 2148 Cujus
2411 2094 2541 2147 erga
2587 2078 2839 2132 homines
2903 2086 3053 2132 tanta
3100 2076 3343 2141 dilectio,
3379 2084 3442 2129 ut

1853 2173 1995 2227 servi
2022 2172 2254 2226 formam
2289 2171 2673 2241 assumpserit,
2703 2186 2813 2241 quo
2875 2187 2976 2225 nos
3030 2177 3323 2224 revocaret
3371 2169 3440 2222 ab

1854 2265 2099 2329 interitu,
2134 2273 2187 2318 et
2225 2264 2358 2319 deos
2406 2261 2660 2317 efﬁceret.
2691 2260 2736 2317 0
2771 2263 3066 2316 maximam
3113 2262 3438 2331 promissio-

1853 2357 2008 2410 nem!
2041 2371 2074 2410 ο
2116 2356 2444 2427 stupendum
2489 2357 2544 2409 in
2575 2355 2734 2410 cmlis
2767 2370 3059 2410 occursum
3085 2355 3124 2385 ¹⁷
3157 2355 3170 2408 !
3211 2353 3294 2407 Ibi
3327 2353 3439 2423 ful-

1852 2449 2040 2518 gebunt
2061 2448 2200 2517 justi
2232 2449 2369 2501 sicut
2397 2447 2476 2501 sol
2502 2464 2519 2500 :
2553 2446 2650 2513 ibi,
2684 2463 2807 2517 quae
2831 2445 3201 2517 virginitatem
3237 2445 3438 2499 induc-

1851 2551 2002 2604 runt,
2050 2539 2370 2608 incorrupto
2417 2553 2623 2608 sponso
2667 2538 3078 2608 conjungcntur
3111 2555 3123 2590 :
3157 2535 3268 2599 ibi,
3313 2552 3438 2604 quae

1851 2632 2242 2700 subjectionem
2277 2639 2332 2685 et
2357 2630 2723 2685 obedientiam
2760 2632 3072 2695 coluerunt,
3110 2630 3258 2685 velut
3281 2629 3435 2699 prin-

1849 2725 2002 2794 cipes
2022 2722 2225 2776 Christi
2257 2731 2523 2791 perpetuo
2556 2721 2936 2791 tripudiabunt
2964 2739 2976 2775 :
3007 2721 3304 2777 contrariis
3331 2737 3434 2776 au-

1850 2829 1956 2873 tem
1980 2815 2258 2872 contraria
2287 2815 2404 2869 sine
2428 2814 2598 2869 dubio
2631 2813 2911 2869 evenient.

1918 3065 2120 3130 Quare,
2183 3078 2425 3130 sorores,
2493 3078 2719 3118 crucem
2785 3070 3073 3133 portantes
3134 3079 3432 3119 caveamus

1847 3157 2031 3222 nobis,
2067 3170 2135 3210 ne
2165 3171 2264 3225 pro
2295 3156 2403 3209 vita
2433 3164 2487 3210 et
2522 3156 2721 3226 gaudio
2761 3155 3034 3211 immenso
3089 3157 3429 3227 supplicium

151 3251 314 3304 ὡνιον
343 3248 885 3320 ἀποθησαυρίζουσαι
936 3251 1004 3304 δι’
1073 3251 1337 3331 ἀμελείας
1388 3254 1486 3304 καὶ
1535 3251 1744 3324 φθορᾶς

1854 3251 2138 3318 ignemque
2159 3257 2424 3303 aeternum
2453 3249 2810 3318 acquiramus
2836 3264 2934 3318 per
2961 3249 3354 3320 negligentiam
3380 3259 3435 3304 et

154 3343 385 3411 σαρκὸς,
420 3341 708 3413 παρακοῆς
736 3358 795 3394 τε
820 3342 915 3395 καὶ
966 3342 1250 3412 ὲμπαθοῦς
1299 3344 1644 3414 ἀναστροφῆς
1671 3361 1684 3374 ·
1713 3345 1746 3414 ἡ

152 3436 327 3507 ἀρετὴ
361 3436 425 3486 ἐκ
449 3432 584 3486 Θεοῦ
609 3435 705 3486 καὶ
723 3432 926 3504 θεία·ὴ
958 3433 1126 3488 κακία
1166 3435 1228 3486 ὲκ
1255 3435 1488 3497 Σατανᾶ,
1523 3437 1617 3487 καὶ
1639 3438 1746 3488 Σα-

151 3529 346 3590 τανᾶς.
392 3525 458 3579 Oi
489 3525 589 3596 τὴν
617 3523 843 3596 πρώτην
873 3525 1146 3596 ἑλόμενοι,
1181 3526 1306 3578 Θεοὶ
1335 3528 1430 3578 καὶ
1457 3527 1594 3579 Θεοῦ
1622 3543 1635 3557 °
1697 3530 1745 3580 οἱ

153 3619 253 3688 τὴν
305 3618 574 3689 δευτέραν
625 3618 882 3688 δαίμονες
910 3658 926 3685 ,
974 3619 1072 3670 καὶ
1119 3616 1213 3670 τοῦ
1263 3619 1502 3673 Σατανᾶ.
1560 3617 1747 3681 Οὕτως

153 3706 300 3781 ὑμᾶς
331 3711 430 3763 καὶ
456 3709 551 3763 νῦν
594 3708 940 3779 δεξιούμεθα.
974 3707 1088 3762 Καὶ
1120 3708 1195 3778 μὴ
1232 3708 1404 3779 βαρὺς
1437 3711 1565 3780 ὑμῖν
1598 3709 1747 3777 λογι-

155 3804 347 3874 σθείην
371 3801 449 3865 ὼς
493 3801 729 3872 φορτικά
772 3800 979 3867 λαλῶν,
1032 3800 1173 3853 ἀλλά
1217 3801 1420 3871 μᾶλλον
1476 3800 1629 3871 ἡδὺς,
1670 3800 1746 3864 ὼς

156 3896 300 3965 ὑπὲρ
362 3891 502 3948 Θεοῦ
533 3893 837 3963 παραινῶν.
871 3892 979 3946 Καὶ
1010 3893 1071 3945 οὐ
1138 3892 1276 3960 πρὸς
1312 3894 1412 3956 τάς
1468 3892 1661 3964 κυρίας
1718 3894 1747 3945 ὁ

156 3984 349 4052 λόγος·
399 3984 565 4037 αὐταὶ
592 3986 702 4054 γὰρ
761 3982 1072 4036 διδάσκαλοι
1138 3983 1234 4034 καὶ
1281 3983 1503 4051 ἑτέρων.
1585 3981 1745 4034 Ἀλλά

157 4077 298 4147 πρὸς
325 4075 389 4128 τὸ
415 4076 514 4144 τῆς
541 4075 896 4146 ἀδελφότητικ
924 4073 1202 4145 πλήρωμα
1222 4091 1234 4103 ’
1259 4075 1396 4144 ὅπερ
1444 4073 1740 4147 φυλαχθείη

159 4169 242 4220 ἔτι
289 4183 355 4219 τε
403 4167 503 4218 καὶ
550 4167 650 4232 ἔτι,
696 4166 974 4233 εῦεκτοῦν,
1016 4165 1274 4235 εὐθηνοῦν
1331 4167 1411 4227 εἰς
1457 4166 1739 4236 καύχημα,

159 4261 255 4314 καὶ
306 4257 436 4329 ἐμοὶ
459 4258 534 4319 ὡς
560 4257 960 4328 παρακλήτορι,
1022 4259 1103 4320 εἰς
1133 4256 1350 4328 ἡμέραν
1378 4257 1615 4327 Χριστοῦ
1649 4275 1662 4288 ·
1699 4251 1745 4326 ᾧ

161 4357 192 4425 ἡ
220 4352 358 4419 δόξα
403 4351 485 4412 είς
509 4350 636 4412 τοὺς
659 4347 884 4411 αἰῶνας.
934 4348 1134 4418 Ἀμήν.

434 4461 560 4514 ΡΕ’.
588 4452 660 4500 -'—
703 4459 954 4528 Ἀνθίμῳ
984 4456 1195 4523 τέκνῳ.
1247 4457 1435 4530 [χκθ’.]

1850 3339 2032 3394 carnis
2050 3339 2484 3408 corruptionem,
2518 3354 2614 3407 per
2646 3339 3072 3393 inobedientiam
3098 3341 3436 3395 molliorem-

1849 3449 1954 3502 que
1988 3432 2482 3486 conversationem.
2515 3429 2703 3485 Virtus
2744 3446 2774 3484 a
2821 3429 2954 3494 Deo,
2989 3440 3042 3485 et
3081 3430 3266 3485 divina
3304 3449 3319 3486 :
3355 3432 3437 3486 vi-

1849 3525 2062 3580 tiositas
2095 3541 2124 3577 a
2158 3523 2383 3588 Satana,
2423 3533 2476 3576 et
2510 3522 2762 3578 Satanas.
2791 3523 2894 3589 Qui
2931 3524 3172 3593 priorem
3202 3523 3433 3593 eligunt,

1848 3619 1924 3672 dii
1963 3625 2094 3672 sunt
2147 3626 2200 3670 et
2251 3615 2345 3670 Dei
2376 3634 2390 3670 :
2420 3616 2517 3702 qui
2563 3617 2950 3684 posteriorem,
2994 3616 3271 3670 daemones
3307 3625 3436 3669 sunt

1850 3719 1904 3764 et
1942 3709 2229 3764 dtemonis.
2254 3707 2349 3762 Sic
2385 3724 2489 3777 ego
2509 3723 2608 3762 vos
2658 3722 2807 3762 nunc
2858 3709 3023 3762 etiam
3073 3709 3432 3777 complector.

1857 3802 1965 3856 Nec
1996 3815 2126 3855 vero
2168 3801 2353 3870 gravis
2406 3799 2596 3854 videar
2643 3800 2799 3855 vobis
2848 3810 3108 3870 tanquam
3165 3801 3302 3854 dura
3352 3799 3436 3855 lo-

1853 3909 2050 3962 quens.
2084 3892 2177 3947 sed
2213 3901 2404 3962 gratus
2431 3893 2638 3961 potius,
2672 3901 2732 3946 ut
2761 3893 2857 3962 qui
2906 3908 3005 3961 pro
3039 3892 3152 3946 Deo
3185 3908 3281 3946 vos
3317 3907 3435 3944 mo-

1854 3997 2032 4035 neam.
2065 3979 2252 4050 Neque
2289 3982 2357 4036 ad
2387 3981 2640 4036 dominas
2686 3990 2894 4051 spectat
2948 3981 3036 4036 hic
3071 3998 3288 4048 sermo;
3330 3983 3435 4036 illa:

1851 4077 1995 4131 enim
2023 4075 2252 4129 aliarum
2276 4075 2440 4128 etiam
2460 4083 2590 4129 sunt
2628 4076 2901 4145 magistra:
2924 4093 2937 4142 ;
2970 4076 3062 4129 sed
3097 4076 3162 4128 ad
3187 4091 3435 4130 commu-

1855 4182 1978 4220 nem
2017 4173 2219 4219 caelum
2239 4179 2488 4218 sororum
2520 4180 2533 4214 :
2565 4164 2656 4233 qui
2683 4166 2856 4234 magis
2880 4164 3164 4233 magisque
3192 4180 3360 4219 sanus
3382 4175 3436 4219 et

1852 4257 2038 4326 vigens
2074 4265 2337 4318 servetur,
2365 4255 2430 4309 ad
2452 4269 2625 4309 meam
2645 4257 2806 4309 etiam
2835 4264 2894 4308 ut
2917 4257 3215 4310 hortatoris
3233 4257 3436 4324 gloria-

1854 4350 2054 4402 tionem
2084 4349 2138 4401 in
2169 4349 2255 4402 die
2286 4346 2489 4402 Christi
2519 4366 2534 4401 :
2566 4349 2654 4402 cui
2691 4348 2863 4417 gloria
2893 4348 2946 4401 in
2979 4349 3200 4404 sarcula.
3236 4351 3430 4402 Amen.

2291 4462 2402 4518 CV.
2428 4494 2498 4506 —~
2522 4463 2773 4518 Anthimo
2815 4464 2930 4532 ﬁlio
2959 4464 3041 4533 (‘).

1429 4597 1504 4644 Ad
1522 4598 1782 4658 quemdam
1809 4603 1890 4660 qni
1917 4599 2188 4649 deiecerat.

242 4678 305 4731 '0
334 4679 503 4750 νόμος
529 4677 625 4731 τοῦ
653 4676 789 4731 Θεοῦ
814 4680 842 4730 6
869 4678 1035 4748 φόϐος
1061 4695 1120 4731 τε
1146 4678 1242 4731 καὶ
1270 4679 1298 4730 6
1325 4678 1528 4750 τρόμος
1561 4681 1747 4746 αὑτοῦ,

1928 4684 2035 4739 Lex
2063 4685 2181 4750 Dei,
2216 4685 2379 4739 timor
2399 4695 2452 4739 et
2495 4694 2702 4739 tremor
2726 4685 2901 4755 ipsius
2940 4685 3030 4755 qui
3066 4686 3145 4739 ait
3178 4703 3191 4738 :
3231 4684 3432 4755 Specu-

163 4773 241 4836 ὣς
280 4786 441 4841 φησι’
477 4770 720 4823 Σκοπόν
769 4784 843 4824 σε
880 4769 1113 4824 τέθεικα
1143 4768 1224 4835 τῷ
1260 4771 1406 4835 οἴκῳ
1470 4771 1738 4838 Ἰσραήλ.

174 4864 235 4917 Ὀ
259 4863 318 4916 δὲ
345 4861 551 4924 σκοπὸς
578 4861 680 4931 τῆς
702 4862 986 4931 ἀγγελίας,
1037 4862 1319 4932 ἠνάγκασέ
1371 4880 1462 4933 με,
1522 4864 1738 4933 ἀδελφὲ,

162 4953 256 5006 διὰ
307 4952 642 5023 γράμματος
673 4955 836 5008 πάλιν
873 4955 1194 5024 ἀναγγεῖλαί
1257 4973 1338 5008 σοι
1369 4955 1468 5027 τὴν
1509 4958 1742 5029 ἐρχομέ-

163 5063 264 5117 νην
295 5045 578 5116 ῥομφαίαν
600 5044 696 5098 τοῦ
725 5046 859 5100 Θεοῦ
890 5048 984 5100 ἐπὶ
1046 5047 1124 5113 σὲ,
1155 5047 1428 5118 ῥομφαίαν
1480 5050 1740 5120 φοϐερὰν,

167 5134 446 5205 ῥομφαίαν
470 5134 715 5205 πύρινον,
750 5135 1022 5205 ῥομφαίαν
1049 5136 1108 5188 οὐ
1160 5136 1338 5206 σῶμα,
1371 5135 1510 5189 ἀλλά
1567 5136 1749 5207 ψυχὴν

165 5226 572 5296 ὲμὸἀλλουσαν,
622 5227 703 5289 εἰς
731 5226 958 5293 γέενναν
989 5227 1159 5298 πυρὸς
1191 5230 1269 5291 εἰς
1295 5228 1639 5298 ἀπεράντους
1665 5231 1752 5283 αἱ·

164 5316 462 5381 ῶνας.Καὶ
490 5317 710 5388 δακρύω
722 5318 950 5388 γράφων
978 5318 1319 5383 ότάλας,καὶ
1335 5321 1505 5374 στένω
1533 5324 1753 5392 πικρὸν,

1854 4780 2078 4830 latorem
2122 4779 2273 4846 posui
2333 4787 2380 4830 te
2427 4778 2606 4830 domui
2655 4777 2832 4832 Israel
2876 4779 2940 4833 ¹⁸.
2993 4779 3206 4848 Scopus
3250 4791 3428 4835 autem

1854 4870 2095 4925 mandati
2128 4869 2306 4940 coegit
2330 4883 2436 4934 me,
2469 4869 2654 4934 frater,
2702 4885 2800 4940 per
2833 4869 3046 4926 litteras
3088 4872 3282 4925 iterum
3333 4888 3433 4925 an-

1851 4963 2104 5017 nuntiare
2133 4962 2230 5015 tibi
2264 4962 2568 5016 venientem
2602 4976 2766 5033 super
2819 4973 2869 5017 te
2912 4965 3280 5033 rhompbteam
3313 4965 3427 5030 Dei,

1849 5055 2188 5122 romphaaam
2243 5053 2685 5120 formidabilem,
2746 5056 3122 5125 rhompbaeam
3177 5057 3428 5130 igneam,

1851 5145 2220 5214 rhomphzeam
2259 5161 2378 5214 qua:
2411 5162 2521 5201 non
2562 5162 2766 5216 corpus
2799 5153 2892 5202 sed
2921 5151 3174 5204 animam
3207 5151 3432 5221 conjicit

1853 5239 1907 5292 in
1940 5243 2248 5308 gehennam
2278 5241 2419 5310 ignis
2459 5242 2513 5293 in
2545 5242 2744 5295 saecula
2780 5243 3134 5312 sempiterna.
3170 5243 3430 5299 Scribens

1857 5329 2170 5400 illacrymor
2209 5331 2396 5391 miser,
2428 5341 2480 5385 et
2507 5347 2691 5384 amare
2724 5347 2918 5402 angor,
2951 5334 3096 5403 quod
3131 5335 3200 5388 de
3243 5335 3354 5389 tilio
3376 5345 3432 5388 et

169 5412 254 5462 ὃτι
311 5410 410 5463 ἐπὶ
438 5409 531 5462 τὸν
565 5411 699 5479 ἐμὸν
729 5412 844 5463 υἱὸν
868 5412 961 5465 καὶ
1012 5413 1258 5483 μαθητὴν
1296 5416 1324 5466 ὁ
1373 5414 1546 5483 λόγος.
1596 5414 1747 5468 Ἀλλά

1860 5421 2131 5490 discipulo
2164 5437 2287 5476 meo
2322 5423 2393 5476 sit
2419 5438 2625 5475 sermo.
2671 5423 2776 5477 Sed
2821 5423 2952 5492 quid
3001 5426 3194 5496 agam?
3226 5426 3282 5479 Si
3321 5442 3430 5480 non

165 5503 215 5554 τί
241 5502 449 5570 πάθω;
478 5502 572 5555 ὲάν
605 5502 679 5573 μὴ
710 5503 1036 5571 ἀναγγείλω,
1076 5505 1137 5558 τὺ
1181 5500 1314 5575 αἷμά
1382 5524 1477 5559 σου
1526 5512 1590 5562 ὲκ
1638 5509 1747 5561 τῶν

168 5595 368 5664 χειρῶν
421 5612 522 5665 μου
551 5595 800 5666 ὲκζητεῖν
833 5597 936 5667 ἔφη
974 5598 1135 5661 Θεός·
1160 5599 1315 5652 οὐδὲν
1341 5600 1548 5671 ⁹ἑτερον,
1603 5602 1636 5673 ἢ
1685 5602 1746 5654 τὸ

167 5681 299 5736 αὑτό
360 5699 432 5752 με
497 5684 596 5753 τῆς
649 5684 926 5758 τιμωρίας
986 5687 1392 5743 συναπολαῦσαι
1439 5695 1629 5763 κρῖμα.
1672 5689 1743 5746 Ὦ

1854 5515 2280 5578 aimuntiavero,
2313 5514 2637 5584 sanguinem
2689 5525 2842 5568 tuum
2889 5515 2958 5570 de
2989 5517 3246 5571 manibus
3290 5517 3429 5572 meis

1854 5604 2250 5673 requisiturum
2305 5620 2362 5659 se
2422 5605 2555 5660 dicit
2591 5605 2733 5661 Deus
2762 5608 2844 5659 ”:
2878 5624 3054 5680 neque
3108 5609 3296 5676 aliam,
3332 5609 3424 5663 sed

1849 5697 2097 5752 eamdem
2131 5695 2306 5769 ipsam
2330 5713 2416 5754 me
2441 5700 2643 5766 pariter
2675 5700 2927 5756 vindicta).
2957 5701 3285 5756 sententiam
3327 5715 3428 5757 ex-

241 5819 286 5850 "
311 5819 507 5875 Matth.
552 5838 676 5887 xm,
707 5823 797 5881 63.
839 5825 879 5859 ¹⁸
903 5824 1098 5884 Ezech.
1125 5843 1256 5896 xxx,
1290 5827 1339 5884 7.
1422 5830 1462 5861 ”
1497 5828 1688 5886 Ezech.
1715 5831 1897 5898 111,18.

285 5913 715 5985 (')Paraenetica.
