3934 6478
183 415 318 479 1365

1373 406 1916 468 EPISTOLARUM
1977 406 2125 467 LIB.
2163 367 2275 468 II.‘

3333 407 3470 474 1366

251 531 325 583 Ἦ
381 529 446 582 ού
502 526 802 597 διεϐλέψω,
853 523 1317 597 διορατικὼτατε,
1375 525 1469 578 τὸν
1521 523 1799 595 χαλεπὸνλ

1933 522 2134 578 Annon
2164 522 2376 588 vidisti,
2406 523 2492 577 vir
2521 523 2940 591 oculatissime.,
2971 539 3196 595 gravem
3231 523 3466 598 Leonis,

178 622 421 692 διωγμὸν
468 620 700 684 Λέοντος
750 619 842 672 τοῦ
890 617 1274 691 θηριωνύμου;
1306 611 1367 670 οῦ
1411 620 1445 689 ἡ
1501 616 1762 687 Ἀχααϐι-

178 715 305 785 τικὴ
333 715 457 785 χεὶρ
485 707 598 766 εἷλε
624 713 719 767 καὶ
747 713 877 776 τοὺς
900 710 959 776 ἐξ
987 712 1151 766 ἀλλου
1186 712 1446 782 κράτους,
1473 710 1682 764 ἔκτεινέ
1704 727 1766 764 τε

179 807 276 858 καὶ
311 804 486 858 ῶλεσε
507 820 521 837 ο
547 805 608 858 τό
633 821 698 872 γε
735 803 1244 874 φιλανθρωπότερον
1273 803 1585 874 έφρούρησε
1629 801 1768 872 μετὰ

181 898 391 952 πικρὰν
442 897 818 968 μαστίγωσινο
851 896 923 967 μὴ
957 898 1040 949 ὅτι
1075 913 1139 965 γε
1169 898 1295 961 τοὺς
1334 897 1439 950 ὑπὸ
1480 898 1659 968 χεῖρα.
1701 896 1768 950 El

181 992 225 1044 δ’
266 989 434 1053 αὐτὸς
470 990 694 1048 ούτίπου
727 989 837 1043 τῶν
884 989 1146 1042 τοιούτων
1176 989 1463 1053 πεπονθὼς
1503 990 1642 1060 μετά
1667 991 1769 1062 τὴν

183 1079 488 1149 σύλληψιν,
521 1078 829 1148 σύγγνωθι,
880 1079 1154 1149 ὲσυλήθης
1177 1122 1191 1145 ,
1228 1079 1372 1148 ἅγιε.
1427 1080 1536 1134 Καὶ
1572 1081 1647 1151 μή
1679 1097 1770 1151 μοι

182 1171 558 1243 φυλάττεσθαι
615 1171 716 1234 τὰς
783 1171 990 1235 οἰκείας
1065 1170 1402 1241 Ἐκκλησίας
1454 1172 1620 1241 λέγε,
1677 1175 1772 1227 καὶ

184 1267 331 1330 σώας
376 1265 478 1326 τὰς
538 1265 780 1336 ἱστορίας
835 1266 1049 1336 μένειν,
1098 1267 1200 1336 τήν
1243 1283 1304 1319 τε
1357 1268 1638 1338 ἀναφορὰν
1681 1265 1770 1319 τοῦ

183 1359 497 1425 ἀγιωτὰτου
536 1358 692 1429 ἡμῶν
732 1359 1096 1432 πατριάρχου.
1135 1359 1306 1413 Τοῦτο
1349 1361 1457 1430 γὰρ
1495 1361 1588 1414 καὶ
1621 1357 1772 1412 ἄλλοι

183 1453 530 1522 ἀπαχθέντες
573 1451 970 1520 φιλολογοῦσιν.
1005 1453 1078 1505 Οὐ
1120 1451 1346 1505 δύναται
1387 1451 1560 1506 ταῦτα
1590 1450 1744 1504 διασε

1866 616 2092 670 nomine
2117 614 2295 670 ferino
2317 615 2468 683 digni
2524 618 2964 686 persecutionem
2988 618 3012 670 ?
3035 618 3196 688 cujus
3226 618 3468 676 Achabi-

1875 708 1980 760 tica
2015 722 2213 763 manus
2241 708 2406 762 etiam
2439 722 2532 763 eos
2555 709 2650 780 qui
2679 710 2784 765 sub
2807 711 2913 765 alio
2943 712 3175 782 imperio
3194 723 3350 768 erant
3373 729 3470 784 ap-

1868 801 2179 869 prehendit,
2214 802 2438 868 occidit,
2469 803 2786 871 interemit,
2823 814 2917 860 aut
2943 848 2957 872 ,
2989 807 3136 875 quod
3174 807 3470 862 humanius

1872 892 2016 958 fuit,
2074 893 2130 947 in
2183 909 2458 948 carcerem
2499 894 2732 951 detrusit
2765 906 2887 967 post
2922 899 3099 952 diram
3148 899 3471 970 ﬁagellatio—

1870 999 1993 1038 nem
2024 1006 2037 1039 :
2089 985 2288 1041 nedum
2319 986 2388 1041 iis
2422 1003 2654 1056 parcens
2687 990 2780 1059 qui
2817 999 2974 1045 erant
3013 992 3117 1048 sub
3158 992 3279 1059 ejus
3313 1003 3468 1061 pote-

1871 1087 2033 1136 state.
2084 1079 2240 1146 Quod
2295 1080 2341 1135 si
2401 1092 2459 1135 tu
2500 1080 2642 1134 nihil
2680 1082 2993 1152 hujusmodi
3028 1099 3226 1154 passus
3243 1098 3304 1138 es
3342 1093 3468 1154 post

1871 1173 2445 1242 comprehensionem,
2471 1174 2696 1245 ignosce
2718 1192 2732 1228 :
2759 1177 3027 1246 spoliatus
3049 1192 3130 1243 es,
3153 1177 3239 1231 vir
3255 1186 3465 1233 sancte.

1870 1262 2058 1335 Neque
2087 1264 2222 1318 mihi
2257 1263 2462 1321 dixeris
2502 1274 2751 1322 servatas
2785 1266 2958 1323 fuisse
2985 1268 3240 1338 proprias
3288 1267 3468 1323 eccle-

1870 1358 2002 1426 sias,
2037 1366 2092 1414 et
2120 1358 2365 1429 pieturas
2396 1361 2640 1432 integras
2671 1375 3016 1431 permanere,
3048 1369 3103 1415 et
3123 1375 3470 1415 commemo-

1872 1452 2140 1506 rationem
2168 1453 2507 1509 sanctissimi
2531 1453 2862 1523 patriarchae
2887 1453 3080 1509 nostri.
3105 1452 3222 1509 Hoc
3244 1455 3388 1508 enim
3414 1465 3469 1507 et

185 1542 432 1606 σῶσθαι,
500 1541 548 1596 εἰ
618 1542 778 1611 μήτοι
827 1542 1090 1613 προδοσίᾳ
1139 1542 1405 1613 ἀληθινῆς
1469 1541 1775 1606 ἑνστάσεως

1886 1544 1967 1599 alii
1997 1545 2089 1614 qui
2120 1544 2332 1600 seducti
2364 1545 2589 1600 fuerunt
2619 1547 2838 1602 causari
2872 1545 3071 1601 solent.
3115 1543 3233 1601 Non
3271 1554 3467 1615 potue-

183 1635 427 1703 ἐγένετο.
469 1634 537 1686 Τί
584 1633 642 1687 τὸ
675 1634 868 1704 ὄφελος
888 1675 903 1700 ,
946 1637 996 1688 εί
1037 1637 1203 1706 ἡμεῖς
1231 1636 1280 1689 ol
1308 1634 1435 1698 ναὸς
1465 1633 1604 1688 Θεοῦ
1624 1675 1640 1701 ,
1682 1634 1776 1688 καὶ

1886 1645 2007 1692 runt
2032 1638 2147 1693 haec
2177 1639 2407 1703 servari,
2444 1639 2551 1694 nisi
2581 1654 2726 1694 verae
2747 1637 3082 1694 defensionis
3115 1637 3352 1708 proditio
3379 1637 3470 1690 in-

183 1727 340 1789 ὄντες
390 1726 490 1778 καὶ
538 1725 858 1796 λεγόμενοι,
905 1725 1324 1796 ὴχρειώθημεν,
1383 1726 1481 1782 καὶ
1535 1726 1777 1797 ἀψύχους

1886 1729 2198 1785 tercederet.
2229 1728 2370 1795 Quid
2414 1735 2636 1800 prodest
2659 1730 2705 1786 si
2746 1746 2849 1786 nos
2885 1730 2978 1800 qui
3005 1728 3100 1784 Dei
3129 1729 3390 1800 templum
3413 1736 3466 1783 et

183 1821 372 1881 οἴκους
402 1817 944 1889 περιεποιησάμεθα;
972 1821 1005 1889 ἡ
1035 1816 1202 1872 εἰκὼν
1227 1817 1325 1871 τοῦ
1353 1817 1619 1888 Χριστοῦ,
1647 1815 1773 1870 οὔτε

1886 1836 2066 1878 sumus
2099 1822 2414 1877 etdicimur
2439 1866 2453 1887 ,
2487 1823 2715 1878 inutiles
2747 1822 2876 1878 facti
2905 1838 3101 1878 sumus
3127 1865 3142 1889 ,
3186 1822 3467 1876 inanimas

183 1911 287 1979 τῆς
338 1911 644 1976 Θεοτόκου,
703 1909 830 1964 οὔτε
872 1911 1017 1980 τινὸς
1059 1909 1216 1980 ἁγίου
1248 1910 1552 1966 διαπίπτει.
1603 1911 1774 1966 Μένει

187 2004 298 2074 γὰρ
331 2004 389 2055 ὲν
428 2003 612 2066 αὐτοῖς
648 2003 724 2066 ὡς
775 2001 1157 2072 πρωτοτύποις
1177 2016 1193 2033 ⁸
1237 2003 1498 2057 πίπτουσι
1529 2004 1586 2058 δὲ
1615 2006 1663 2058 οἱ
1691 2004 1775 2058 δο-

184 2096 415 2158 ieiuna;
456 2096 742 2166 καθαιρεῖν
793 2095 998 2158 αὑτάς·
1046 2095 1185 2150 ἀλλά
1227 2096 1336 2167 γὰρ
1374 2097 1470 2150 καὶ
1515 2097 1565 2150 οί
1605 2096 1776 2166 φειδοῖ

182 2187 395 2241 τούτων
427 2188 722 2258 προέμενοι
750 2187 849 2258 τὴν
880 2189 1224 2259 παρρησίαν,
1258 2191 1354 2246 καὶ
1382 2190 1480 2261 τὴν
1508 2190 1574 2246 δι’
1605 2190 1776 2261 αὐτῆς

184 2282 456 2335 κάκωσιν.
493 2281 642 2334 Οὺάῑ
686 2279 837 2332 ἄλλοι
867 2280 1336 2354 ἀποθνήσκοντες,
1381 2282 1556 2354 ἕτεροι
1601 2283 1775 2353 ὑπερ-

183 2373 502 2444 οριξὸμενοι
523 2415 539 2438 ,
571 2371 724 2426 ἄλλοι
776 2373 1193 2444 μαστιζόμενοι,
1229 2376 1406 2445 ἕτεροι
1437 2375 1778 2447 φρουρούμε-

185 2482 303 2519 νοιο
340 2466 410 2518 τὰ
460 2465 562 2536 ὅρη
613 2464 808 2534 ἔχοντα
856 2468 951 2520 καὶ
976 2468 1032 2519 αἱ
1071 2469 1319 2538 ὲρημίαι,
1351 2469 1548 2542 πέτραι
1590 2487 1648 2523 τε
1683 2470 1777 2523 καὶ

185 2559 437 2628 σπήλαια
483 2559 610 2622 τοὺς
666 2559 956 2630 μακαρίως
995 2560 1430 2631 δεδιωγμένους·
1486 2565 1577 2617 καὶ
1614 2565 1777 2635 ἡμεῖς

182 2655 327 2707 οἶκοι
371 2653 666 2724 μένοντες,
720 2655 815 2707 καὶ
863 2656 1101 2725 οἰόμενοι
1155 2656 1410 2720 ἀϐλαϐῶς
1461 2657 1772 2728 διαμένειν;

183 2746 468 2817 οὐδαμῶς.
528 2747 842 2801 Ἀπολέσθω
880 2749 1032 2802 πᾶσα
1059 2751 1093 2818 ἠ
1124 2749 1218 2802 τοῦ
1262 2749 1466 2820 κόσμου
1524 2750 1624 2821 ὕλη
1666 2749 1776 2804 τῶν

182 2839 493 2891 δοκούντων
520 2853 535 2868 ·
579 2841 613 2907 ἠ
665 2840 1075 2911 ὁμολογουμένη
1113 2841 1286 2911 βλάϐη
1325 2842 1503 2912 ψυχῆς
1549 2859 1778 2913 προκρι-

182 2929 370 2983 νὲσθω
412 2929 482 3001 ἦν
508 2930 722 3001 ὑπέστη
771 2933 877 2996 πᾶς
913 2934 1315 3003 προφασιστής.
1367 2934 1554 2987 Ταῦτα
1607 2933 1777 3003 φιλῶν

183 3023 284 3076 καὶ
345 3023 785 3094 ὑπομιμνήσκων
833 3026 1062 3095 εἴρηκα,
1105 3026 1197 3078 καὶ
1242 3025 1316 3088 ὼς
1349 3026 1452 3078 ὑπὸ
1497 3028 1778 3096 ἐπιτιμίαν

185 3113 363 3182 ἐσμὲν
396 3113 541 3179 ἄξιοι
583 3113 760 3167 ἐλθεῖν
786 3132 801 3146 ο
846 3115 939 3167 καὶ
975 3115 1056 3167 ὅτι
1106 3115 1164 3167 ἐν
1207 3115 1385 3186 καιρῷ
1427 3115 1776 3184 ὀρθοδοξίαςν

1879 1923 2058 1967 autem
2081 1913 2276 1969 domos
2309 1913 2547 1983 integras
2595 1912 2922 1968 servamus?
2981 1913 3164 1983 Imago
3214 1912 3464 1978 Christi,

1877 2019 1978 2061 nec
2013 2004 2263 2076 Deiparm
2291 2045 2306 2069 ,
2363 2021 2465 2060 nec
2513 2006 2693 2060 sancti
2742 2006 2908 2061 ullius
2951 2005 3248 2061 intercidit.
3283 2005 3470 2061 Manet

1876 2099 2021 2153 enim
2046 2099 2099 2152 in
2126 2099 2208 2154 eis
2239 2107 2506 2169 tanquam
2537 2099 2883 2170 prototypis:
2918 2098 3183 2155 excidunt
3216 2113 3346 2152 vero
3372 2098 3468 2168 qui

1878 2192 1999 2247 illas
2047 2208 2078 2246 e
2125 2192 2309 2247 medio
2360 2191 2547 2246 tollere
2599 2192 2703 2248 sibi
2753 2193 3033 2259 videntur,
3077 2199 3192 2246 tum
3246 2199 3301 2245 et
3333 2190 3466 2261 qui,

1878 2293 1939 2340 ut
1969 2286 2054 2340 his
2087 2293 2315 2355 parcant
2344 2323 2358 2349 ,
2395 2285 2701 2340 libertatem
2735 2284 3053 2352 abiecerunt
3078 2323 3094 2348 ,
3136 2293 3211 2351 et,
3243 2299 3364 2354 quae
3399 2297 3469 2337 ex

1878 2392 1940 2431 ea
1979 2377 2249 2445 sequitur,
2291 2376 2665 2431 vexationem.
2693 2375 2819 2431 Vae!
2864 2375 2955 2430 alii
2999 2375 3333 2442 moriuntur,
3374 2375 3467 2431 alii

1876 2467 2151 2533 exsulant,
2196 2468 2289 2523 alii
2346 2467 2579 2538 ﬂagellis
2639 2468 2961 2535 creduntur,
3012 2466 3105 2523 alii
3155 2467 3468 2522 carceribus

1879 2561 2210 2615 addicuntur
2243 2577 2256 2614 :
2297 2570 2512 2615 montes
2535 2570 2591 2614 et
2617 2559 2968 2624 solitudines,
3004 2573 3134 2614 saxa
3164 2567 3218 2613 et
3241 2559 3468 2628 spelun-

1877 2668 1954 2708 cae
1986 2653 2175 2708 beatos
2201 2652 2322 2708 illos
2345 2654 2434 2722 qui
2463 2652 2902 2722 persecutionem
2922 2651 3230 2721 patiuntur,
3259 2650 3464 2716 passim

1880 2745 2085 2800 habent
2113 2763 2125 2799 :
2161 2755 2215 2801 et
2239 2761 2342 2800 nos
2366 2745 2517 2800 domi
2554 2745 2846 2810 haerentes,
2879 2745 3084 2814 absque
3113 2742 3468 2799 incommodo

1880 2852 2102 2891 manere
2146 2851 2248 2891 nos
2282 2851 2446 2906 posse
2485 2836 2864 2892 arbitramur?
2901 2833 3253 2891 Nullomodo.
3277 2833 3470 2891 Pereat

1880 2930 2137 2984 universa
2173 2928 2364 2982 mundi
2397 2928 2752 2998 aspectabilis
2791 2928 3020 2983 materia
3050 2947 3064 2983 :
3105 2937 3469 2998 anteponatur

1881 3031 2025 3077 certa
2051 3022 2250 3076 animm
2283 3021 2582 3091 pernicies,
2615 3005 2778 3091 quam
2821 3022 2990 3076 subiit
3017 3021 3270 3092 quisquis
3299 3035 3471 3076 excu-

1881 3114 2150 3168 sationem
2181 3113 2496 3183 praatendit.
2540 3113 2664 3168 Haec
2693 3113 2896 3168 amoris
2930 3128 3062 3182 ergo
3085 3155 3099 3179 ,
3141 3121 3200 3166 ut
3224 3127 3472 3168 commo-

180 3206 348 3259 οὐδὲν
379 3207 740 3277 ἁψηλάφητον
771 3207 1025 3278 ἀφεθείη.
1085 3209 1197 3262 Καὶ
1222 3205 1279 3264 εὖ
1309 3210 1442 3279 ἔχει,
1471 3209 1558 3263 διὰ
1587 3227 1779 3264 ταπει-

1886 3203 2393 3268 nefaciam,dixi,et
2421 3212 2482 3258 ut
2508 3203 2660 3274 digni
2683 3204 2855 3258 simus
2879 3203 2974 3273 qui
3000 3204 3066 3257 ad
3092 3203 3472 3274 pmnitentiam

181 3298 412 3363 νώσεως
447 3299 701 3369 βαδίσαι,
739 3302 833 3354 καὶ
865 3301 1118 3356 ίάσασθαι
1172 3303 1234 3355 τὸ
1268 3301 1596 3372 ὴσθενηκὺς,
1621 3301 1654 3368 ἢ
1691 3300 1779 3353 διὰ

181 3393 560 3463 ἁναιτιασμοῦ
592 3392 942 3464 προστρίϐειν
971 3394 1185 3457 ἑαυτοῖς
1215 3394 1434 3463 μείζονα
1460 3393 1779 3464 αίτιάματα.

1887 3296 2172 3351 veniamus
2205 3311 2220 3347 :
2271 3303 2328 3350 et
2371 3294 2499 3366 quia
2523 3335 2539 3360 ,
2588 3312 2713 3350 cum
2749 3303 2967 3365 tempus
2999 3295 3122 3350 ﬁdei
3154 3295 3475 3352 orthodoxae

1891 3401 2260 3460 Opportunum
2285 3389 2387 3444 erit
2411 3429 2426 3454 ,
2459 3389 2598 3443 nihil
2629 3389 2976 3458 relinquetur
3002 3405 3110 3445 non
3137 3404 3432 3446 excussum
3457 3405 3472 3443 :

185 3500 531 3561 praestatque
579 3504 674 3559 per
720 3489 1080 3544 humilitatem
1136 3489 1430 3556 incedere,
1486 3499 1540 3544 ct
1590 3487 1774 3545 sanari
1812 3488 1958 3558 quod
2007 3487 2284 3542 inﬁrmum
2328 3495 2455 3551 est,
2513 3499 2679 3556 quam
2729 3500 2825 3556 per
2878 3485 3263 3557 impunitatem
3299 3487 3479 3544 accire

185 3589 296 3645 sibi
333 3588 544 3654 majora
574 3586 792 3640 delicta.

379 3681 482 3733 PZ'
512 3680 613 3751 (4).
648 3709 721 3720 -
749 3679 877 3746 Τοῖς
904 3679 974 3732 ἐν
999 3677 1173 3732 ἄστει
1205 3679 1514 3748 ἀδελφοῖς.
1591 3677 1783 3751 [χλγ’.]

2110 3673 2269 3729 CVII.
2297 3704 2370 3716 --
2391 3671 2678 3729 Fratribus
2703 3675 2756 3728 in
2782 3672 2909 3730 urbe
2935 3674 3264 3746 degentibus.

1079 3793 1313 3852 Quadam
1341 3800 1512 3842 contra
1536 3793 1751 3843 ofﬁcium
1786 3804 1840 3841 ac
1870 3794 2055 3852 praeter
2080 3787 2148 3836 fas
2165 3793 2374 3850 agentes
2403 3785 2647 3850 increpat.

284 3897 571 3969 Εὔκαιρον
599 3897 896 3968 ἡγησάμην
928 3897 1094 3950 τανῦν
1124 3897 1386 3961 εἰσιόντος
1435 3897 1529 3950 τοῦ
1561 3895 1795 3964 ἀδελφοῦ

186 3995 435 4055 Λέοντος
466 3991 772 4046 ἐπιστεῖλαι
800 3989 998 4053 κοινῶς
1025 3991 1216 4055 πᾶσιν,
1247 3989 1612 4060 εὐλογημένοι
1643 3987 1794 4042 ἀδελο

186 4089 287 4154 (βοὶ
328 4085 428 4136 καὶ
487 4083 763 4153 Πατέρεςο
798 4083 1384 4153 προσυπομιμνήσκων
1437 4081 1507 4134 τά
1555 4080 1794 4151 ἐχόμενα

187 4178 506 4248 σωτηρίας.
549 4176 766 4246 Ἐπειδὴ
796 4177 898 4230 κάν
931 4179 996 4247 τῇ
1025 4169 1265 4247 ἀπουσίᾳ
1287 4174 1459 4246 ταύτῃ
1487 4175 1580 4228 καὶ
1607 4174 1793 4246 ἐξορίᾳ

186 4268 448 4341 ἔμφοϐός
475 4269 589 4338 εἰμι
613 4269 707 4322 καὶ
734 4267 998 4339 ἔντρομος
1034 4267 1172 4337 μετὰ
1206 4266 1298 4324 τοῦ
1335 4267 1539 4320 οίκείου
1570 4267 1789 4337 φορτίου
1825 4305 1866 4358 D

184 4363 309 4416 τῶν
356 4360 790 4430 ἁμαρτημάτων,
823 4359 920 4414 καλ⁸
957 4359 1088 4430 περὶ
1116 4362 1214 4427 τῆς
1243 4359 1554 4430 ἀνηκούσης
1585 4376 1674 4430 μοι
1708 4361 1789 4423 είς

186 4456 351 4527 ὑμᾶς
389 4453 667 4522 φροντίδος
717 4452 814 4504 καὶ
849 4452 1206 4521 προστασίας.
1250 4450 1528 4520 Φοϐοῦμαι
1558 4451 1665 4522 γὰρ
1694 4451 1791 4504 καὶ

184 4547 358 4600 δέδια
384 4584 398 4606 ,
429 4544 622 4614 μήπως
653 4543 812 4613 ὑμεῖς
847 4545 895 4596 ot
932 4545 990 4595 ὲν
1017 4542 1172 4596 ἄστει
1203 4543 1604 4614 διατρίϐοντες,
1640 4542 1791 4613 εὑρι-

185 4635 531 4705 πιστότερον
561 4637 639 4699 είς
677 4635 962 4706 ἐμπτωσίν
990 4652 1114 4689 τινα
1145 4635 1438 4706 ὲμπέσοιτε
1461 4673 1477 4699 ,
1513 4635 1610 4688 καλ¹
1647 4634 1790 4706 ἅπερ

184 4731 286 4784 διὰ
331 4727 551 4782 πολλῶν
578 4728 764 4784 κόπων
792 4746 854 4782 τε
887 4730 984 4782 καὶ
1016 4727 1218 4793 ἄθλων,
1247 4728 1356 4782 τῶν
1384 4727 1492 4799 πρὸ
1520 4728 1788 4798 διωγμοῦ,

187 4826 291 4878 καί
344 4821 412 4872 ὲν
436 4818 514 4889 τῷ
548 4818 772 4890 διωγμῷ
806 4818 1248 4890 συνηθροίσαμεν
1282 4818 1754 4890 ἀγαθουργήματα
1774 4858 1789 4885 ,

185 4908 703 4978 ἀφυλακτήσαντες
753 4906 892 4979 πρὸς
948 4906 1158 4977 βραχὺ,
1194 4905 1364 4986 ἄρδην
1411 4905 1788 4974 ἀπολέσωμεν.

199 5002 436 5058 Ἀκούω
479 5000 777 5067 ἀστασίαν,
812 4999 1148 5071 μεταϐασίαν
1172 5015 1187 5030 ·
1219 4997 1380 5053 ἀλλον
1417 4998 1478 5062 ἐξ
1510 4999 1669 5052 ἄλλου
1696 4998 1794 5052 καὶ

185 5091 447 5163 ἀδελφοῦ
473 5094 568 5147 καὶ
596 5093 763 5146 τόπου
791 5091 1193 5161 μεταϐαίνοντα
1216 5106 1229 5122 '
1262 5089 1355 5146 καὶ
1379 5090 1440 5143 τό
1473 5109 1537 5160 γε
1564 5089 1794 5143 ἐλεεινό-

183 5205 368 5260 τερον
395 5224 408 5249 ,
464 5186 624 5254 μόνον
678 5184 840 5238 ἀλλον
884 5183 1255 5254 καθεζόμενον
1279 5221 1294 5246 ,
1333 5184 1428 5236 καὶ
1465 5182 1684 5253 ἕτερον,
1730 5183 1794 5236 τὸ

186 5279 428 5335 κελλίον
469 5280 548 5341 είς
583 5276 762 5331 οἰκίαν
801 5276 931 5330 ἔνθα
951 5279 1233 5346 γυναῖκες,
1259 5274 1485 5346 έχοντα⁹
1511 5277 1604 5329 καὶ
1635 5276 1794 5330 ἄλλον

187 5369 381 5424 πάλιν
422 5367 503 5429 είς
545 5366 910 5436 μοναστήριον
937 5367 1251 5432 γυναικεῖον
1294 5362 1650 5432 διαιτώμενον
1681 5363 1796 5414 εἱσ-

188 5463 282 5518 aet
308 5479 323 5491 ο
366 5459 558 5529 ἓτερον
624 5459 787 5510 πάλιν
830 5450 934 5510 ὧδέ
975 5473 1034 5508 τε
1070 5457 1308 5508 ’κάκεῖσε
1359 5452 1793 5525 οἰκοτριϐοῦντα.

188 5554 332 5607 ἔνθα
390 5551 580 5621 κόραι,
628 5549 757 5602 ἔνθα
811 5549 922 5618 πῦρ
952 5548 1054 5601 οὐκ
1087 5546 1390 5618 ὲμπυρίζον
1427 5547 1641 5618 χόρτον,
1678 5546 1795 5600 ἀλλ’

187 5641 356 5698 οἷκον
399 5639 581 5710 ψυχῆς
603 5655 618 5670 ·
656 5638 834 5701 ἐνίους
868 5637 1029 5691 πάλιν
1065 5637 1493 5707 ἐπιλαθομένους
1521 5637 1623 5706 τῆς
1650 5636 1796 5691 ἐννό-

193 5752 306 5810 μου
355 5732 530 5803 ζωῆς,
563 5731 788 5795 δούλους
812 5730 1203 5803 ὠνησαμένους
1243 5732 1427 5794 αὐτοῖς
1465 5731 1632 5802 συζῇν
1655 5749 1666 5760 ·
1705 5731 1798 5786 καλ

271 5848 358 5917 (4)
403 5845 456 5900 In
487 5845 611 5901 cod.
639 5846 771 5917 Reg.
806 5846 931 5916 pta'.

1974 3889 2355 3958 Opportunum
2385 3887 2697 3942 existimavi
2726 3890 3110 3958 protlciscente
3145 3908 3290 3949 nunc
3315 3894 3482 3953 fratre

1893 3976 2098 4042 Leone,
2124 3992 2450 4032 communes
2479 3977 2738 4032 omnibus
2763 3978 2974 4033 litteras
3004 3983 3135 4036 dare
3155 4021 3171 4047 ,
3205 3981 3478 4038 benedicti

1891 4074 2094 4128 fratres
2123 4073 2460 4139 Patresque;
2494 4085 2762 4128 revocans
2791 4071 2845 4125 in
2873 4074 3192 4129 memoriam
3211 4090 3333 4145 quae
3359 4092 3482 4147 per-

1891 4167 2066 4221 tinent
2106 4166 2172 4220 ad
2203 4165 2608 4236 salutem,quia
2638 4181 2734 4236 per
2761 4165 3064 4221 absentiam
3100 4166 3259 4222 istam
3298 4179 3350 4224 et
3382 4185 3484 4224 ex-

1893 4261 2076 4314 silium
2111 4261 2162 4313 in
2194 4268 2339 4313 metu
2373 4270 2426 4314 et
2455 4261 2653 4314 timore
2677 4273 2893 4324 versor,
2923 4259 2995 4314 ob
3025 4257 3172 4314 illam
3200 4276 3319 4330 quae
3353 4261 3484 4317 mihi

1893 4359 2092 4421 praeter
2122 4349 2405 4420 proprium
2438 4357 2790 4418 peccatorum
2819 4365 2963 4404 onus
2998 4349 3288 4417 incumbit,
3315 4352 3482 4408 vestri

1892 4455 2082 4496 curam
2127 4449 2182 4494 et
2223 4440 2629 4510 praefecturam.
2673 4439 2858 4497 Metuo
2896 4442 3044 4496 enim
3082 4458 3148 4499 ac
3190 4458 3384 4499 vereor
3416 4459 3486 4501 ne

1893 4552 1992 4592 vos
2051 4536 2147 4606 qui
2204 4539 2260 4589 in
2317 4535 2453 4591 urbe
2510 4537 2824 4604 habitatis,
2874 4536 3098 4595 facilius
3152 4540 3208 4595 in
3269 4540 3483 4610 lapsum

1895 4631 2135 4700 aliquem
2161 4629 2464 4684 incurratis
2491 4669 2506 4694 ,
2535 4639 2590 4685 et
2614 4646 2736 4701 quae
2769 4631 2959 4687 multis
2987 4631 3276 4688 laboribus
3303 4642 3485 4689 certa-

1895 4723 2246 4791 minibusque
2267 4763 2281 4788 ,
2312 4731 2427 4776 tum
2468 4732 2594 4777 ante
2623 4724 3090 4793 persecutionem,
3126 4735 3244 4780 tum
3278 4727 3336 4782 in
3365 4741 3490 4797 per-

1896 4816 2180 4870 secutione
2201 4855 2216 4878 ,
2249 4815 2393 4869 bona
2421 4830 2587 4883 opera
2615 4815 2942 4887 collegimus
2962 4855 2978 4881 ,
3011 4818 3195 4873 brevis
3222 4820 3487 4888 temporis

1897 4905 2227 4974 negligentia
2278 4903 2530 4959 funditus
2560 4905 2946 4974 deperdamus.
2985 4907 3165 4961 Audio
3212 4908 3452 4963 instabili

1896 5007 2091 5060 tatem,
2116 4997 2282 5050 audio
2308 4997 2750 5068 emigrationem,
2778 4999 2949 5055 alium
2982 5000 3054 5055 ab
3083 5001 3191 5056 alio
3221 5012 3276 5057 et
3315 5000 3488 5057 fratre

1895 5099 1949 5143 et
1974 5090 2097 5143 loco
2133 5089 2460 5155 abeuntem;
2485 5098 2561 5156 et,
2584 5090 2729 5160 quod
2754 5092 3125 5149 miserabilius
3151 5101 3238 5150 est
3257 5135 3272 5160 ,
3315 5096 3485 5151 alium

1897 5181 2076 5235 solum
2110 5181 2467 5247 residentem,
2503 5183 2671 5236 alium
2709 5183 2961 5239 cellulam
3004 5185 3060 5239 in
3091 5187 3258 5241 domo
3289 5187 3344 5242 in
3377 5205 3486 5257 qua

1897 5281 2026 5328 sunt
2059 5273 2321 5328 mulieres
2348 5273 2676 5341 habentem;
2703 5275 2872 5329 alium
2907 5292 3100 5332 rursus
3128 5278 3182 5332 in
3214 5280 3484 5334 muliebri

1897 5363 2233 5419 monasterio
2266 5374 2529 5434 perpetuo
2546 5365 2912 5421 diversantem
2942 5386 2956 5434 ;
2994 5369 3163 5424 alium
3193 5370 3375 5426 denuo
3411 5371 3486 5426 ibi

1898 5459 2239 5531 frequentem
2267 5462 2358 5515 ubi
2395 5473 2524 5516 sunt
2548 5463 2766 5532 puellae,
2808 5464 2896 5518 ubi
2933 5465 3075 5535 ignis
3115 5481 3226 5520 non
3259 5465 3478 5533 fenum,

1899 5552 1994 5608 sed
2039 5553 2262 5608 domum
2312 5554 2508 5608 animae
2550 5557 2918 5613 comburens:
2965 5558 3234 5627 quosdam
3288 5575 3488 5615 rursus

1903 5640 2147 5697 astricta:
2178 5640 2392 5711 legibus
2414 5644 2540 5698 vita:
2568 5645 2790 5712 oblitos,
2820 5662 3010 5702 servos
3039 5663 3246 5713 emere,
3278 5658 3332 5704 et
3357 5665 3484 5704 Clllll

1905 5733 2014 5789 illis
2037 5734 2265 5802 vivere;
2307 5734 2445 5791 alios
2480 5734 2608 5794 item
2646 5739 2875 5795 mercari
2912 5755 3095 5809 agros.
3132 5739 3178 5796 Ο
3208 5739 3480 5797 infelicem
