3934 6464
504 368 636 434 1367

1712 369 1772 426 S-
1800 365 2192 426 THEODORI
2224 365 2310 424 ST
2319 364 2570 424 UDsz‘E

3623 364 3762 427 1368

497 484 737 538 animam
773 483 986 539 meam!
1020 485 1299 552 quomodo
1327 482 1384 535 in
1420 482 1506 537 bis
1542 498 1649 535 non
1683 480 2074 551 ingemiscant?

2201 477 2308 531 ὀὖν
2342 478 2562 549 ἐτέρους
2601 477 2807 544 arma:
2832 474 3145 546 ἀγοράζειν.
3181 476 3244 527 Ὢ
3276 475 3376 546 τῆς
3416 474 3612 539 ἀθλίας
3657 493 3764 546 μου

496 574 774 647 quomodo
817 589 924 626 non
975 584 1210 627 metuam
1263 574 1307 628 si
1351 574 1561 641 justum
1614 571 1705 626 Dei
1746 582 2075 642 pra-ceptum

497 680 606 719 non
643 662 1006 716 annuntiem?
1041 661 1276 731 thuid,
1339 663 1563 727 fratres,
1604 662 1669 716 de
1697 671 1841 716 statu
1883 662 2079 715 mentis

497 755 750 810 exiistis?
777 755 968 824 utquid
1000 753 1218 808 Domini
1270 755 1437 818 servi,
1472 754 1728 808 vitiorum
1781 755 1922 808 servi
1952 753 2079 809 facti

499 849 672 903 estis?
717 865 838 901 cum
873 848 976 902 sub
1008 848 1123 915 lege
1161 847 1285 902 silis
1308 887 1322 910 ,
1355 863 1453 902 cur
1482 857 1670 902 contra
1713 849 1881 918 legem
1920 862 2081 917 agere

503 939 834 994 sustinetis?
866 955 963 992 cur
989 938 1192 994 Christi
1225 939 1463 994 cultores
1485 978 1499 1002 ,
1542 939 1634 993 ﬁlii
1671 943 2078 1003 exacerbantes,

499 1051 528 1087 a
566 1049 730 1102 prava
768 1033 1094 1088 seductione
1134 1048 1242 1087 non
1277 1031 1578 1087 receditis?
1614 1049 1720 1087 non
1752 1031 2000 1086 residetis
2026 1034 2080 1084 in

501 1124 635 1179 locis
697 1124 958 1178 seandalo
1007 1124 1362 1179 carentibus?
1415 1140 1522 1178 non
1578 1125 1689 1177 bini
1731 1134 1786 1177 et
1828 1123 1941 1178 bini
1988 1131 2083 1177 aut

500 1217 663 1272 etiam
689 1218 874 1287 plures
905 1218 1068 1272 simul
1093 1219 1230 1272 estis
1260 1233 1414 1271 more
1443 1218 1785 1287 apostolico?

573 1308 666 1362 Vae
701 1309 802 1362 soli
831 1327 843 1362 :
883 1324 961 1362 vae
993 1309 1175 1362 sedem
1215 1325 1320 1362 non
1355 1309 1574 1362 babenti
1607 1327 1620 1361 :
1657 1324 1734 1363 va:
1759 1308 2082 1363 mulieribus

499 1399 688 1453 dedito
735 1412 749 1450 :
812 1415 892 1452 vae
941 1399 1086 1452 servi
1142 1414 1349 1454 servo:
1400 1415 1480 1454 vae
1530 1399 1680 1454 Giezi
1709 1438 1723 1465 ,
1759 1400 1852 1469 qui
1886 1400 2083 1470 emptis

500 1492 647 1560 agris
677 1501 731 1545 et
763 1491 996 1556 vinetis,
1042 1491 1205 1561 lepra:
1239 1489 1480 1545 Naaman
1518 1493 1690 1547 haeres
1730 1491 1832 1546 fuit
1870 1493 1952 1547 '°!
1999 1493 2084 1547 An

503 1584 701 1638 divina:
731 1599 893 1637 voces
925 1599 1032 1638 non
1071 1593 1203 1639 sunt
1243 1585 1324 1638 lite
1349 1586 1370 1637 ?
1417 1585 1499 1636 An
1535 1597 1634 1652 ego
1662 1599 1691 1638 a
1715 1584 1925 1653 meipso
1955 1597 2084 1652 pro-

502 1669 656 1724 fero?
689 1671 919 1736 Quando
960 1671 1202 1726 fervebat
1232 1671 1540 1741 persecutio
1561 1713 1575 1735 ,
1616 1672 1852 1726 habebat
1885 1687 1992 1742 qua
2025 1688 2084 1727 se

502 1761 820 1815 defenderet
848 1763 1261 1828 necessitatem,
1288 1765 1382 1834 qui
1425 1765 1478 1816 in
1508 1779 1698 1818 eorum
1740 1780 1862 1832 qum
1893 1779 2083 1818 recen-

2178 569 2390 638 ψυχῆςι
2424 570 2540 632 πῶς
2561 569 2618 621 ἐν
2647 566 2855 629 τούτοις
2881 568 2940 619 οὐ
2970 565 3237 632 στενάξως
3275 567 3392 631 πῶς
3413 566 3467 620 δέ
3494 568 3554 620 οὐ
3584 567 3766 637 φοϐη-

2183 661 2417 732 Θήσομαι
2451 660 2524 731 μὴ
2559 659 2908 728 ἀναγγέλλων
2951 659 3012 711 τὸ
3042 658 3317 728 δικαίωμα
3357 659 3448 711 τοῦ
3481 659 3665 722 Θεοῦ;
3699 661 3768 711 Τί

2180 752 2242 823 δὴ
2285 751 2571 822 ἐξέστητε,
2604 750 2854 819 ἀδελφοί;
2885 749 2937 802 τι
2966 749 3023 803 δὲ
3061 751 3108 802 οἱ
3142 748 3317 801 δοῦλοι
3347 751 3554 821 Κυρίου
3583 751 3768 803 δοῦλοι

2182 844 2367 897 παθῶν
2401 843 2697 911 γεγόνατε;
2741 842 2794 894 τί
2823 842 2873 893 οἱ
2923 843 2982 893 ἐν
3014 841 3165 911 νόμῳ
3205 841 3427 910 ἀνομείν
3454 841 3764 911 ἀνέχεσθε;

2180 935 2233 989 τί
2283 936 2340 988 δὲ
2385 936 2434 989 οἱ
2494 935 2828 1006 Θεραπευταὶ
2879 933 3152 1005 Χριστοῦ,
3209 933 3316 985 υἱοὶ
3377 933 3767 1004 παραπικραί-

2181 1045 2389 1092 νοντες,
2427 1028 2488 1080 οὐ
2534 1027 2866 1098 μετέρχεσθε
2907 1026 3005 1100 τῆς
3031 1027 3277 1095 πονηρᾶς
3318 1025 3661 1094 ἀπαγωγῆςς
3699 1026 3766 1078 οὔ

2183 1117 2480 1182 καθέζεσθε
2513 1122 2592 1181 εἰς
2620 1119 2816 1180 τόπους
2853 1116 3315 1178 ἀσκανδαλίστους
3341 1132 3356 1182 ;
3394 1117 3453 1169 οὐ
3477 1116 3572 1169 δύο
3597 1116 3697 1170 δύο
3730 1117 3768 1188 ἢ

2183 1212 2277 1266 καὶ
2311 1211 2480 1281 πρὸς,
2515 1210 2739 1263 σύνεστε
2769 1207 3181 1271 ἀποστολικῶς;

2253 1305 2390 1356 Οὐαὶ
2414 1302 2490 1372 τῷ
2517 1304 2661 1373 μόνῳ
2683 1303 2695 1355 !
2722 1302 2846 1354 οὐαὶ
2869 1301 2944 1371 τῷ
2967 1300 3274 1370 ἀκαθξστῳῐ
3303 1300 3426 1352 οὐαὶ
3450 1298 3527 1370 τῷ
3543 1301 3775 1368 γυναιά-

2183 1393 2327 1458 ζοντι
2351 1392 2362 1443 !
2391 1392 2515 1444 οὐαὶ
2529 1390 2608 1461 τῷ
2629 1388 2987 1457 ὂουλοδούλῳῐ
3018 1389 3140 1442 οὐαὶ
3168 1387 3247 1459 τῷ
3265 1387 3450 1459 Γιεζῇ,
3473 1390 3530 1451 ὃς
3554 1389 3775 1458 ὠνησά-

2187 1501 2344 1555 μενος
2363 1484 2588 1554 ἀγροὺς,
2612 1483 2705 1536 καὶ
2723 1481 3072 1553 ἀμπελῶνας,
3093 1479 3542 1552 κεκληρονόμηκε
3562 1482 3663 1550 τὴν
3680 1479 3773 1532 λέ-

2185 1593 2327 1646 πραν
2352 1575 2600 1644 Νεεμάνῑ
2639 1575 2713 1645 μὴ
2739 1576 2859 1645 οὐχὶ
2884 1575 3025 1627 Θεῖαι
3056 1577 3130 1644 μὴ
3168 1573 3344 1642 φωναὶ
3368 1567 3527 1636 αὗται
3551 1591 3565 1638 ;
3609 1574 3686 1641 μή
3712 1591 3773 1625 τι

2185 1667 2293 1735 ἐγὼ
2313 1666 2446 1737 παρ’
2462 1666 2698 1737 ἐμαυτοῦ
2719 1665 2976 1734 εἰσφέρω;
2991 1667 3078 1718 ὅτε
3093 1664 3360 1734 ἕϐραζενό
3373 1665 3634 1736 διωγμὸς,
3651 1662 3776 1736 εἷχὲ

2185 1776 2268 1821 τις
2296 1758 2453 1826 λόγον
2493 1758 2552 1823 ἐξ
2582 1756 2826 1826 ἀνάγκης
2845 1797 2860 1821 ,
2889 1756 2946 1808 ἓν
2968 1774 3112 1808 τισιν
3136 1751 3211 1811 ὧν
3245 1757 3733 1829 ἀπηριθμησάμην
3757 1800 3775 1825 ,

502 1855 716 1908 suimus
763 1854 941 1924 aliqua
998 1855 1183 1924 lapsus
1230 1868 1412 1922 esset;
1461 1867 1514 1911 et
1565 1857 1635 1911 ob
1686 1857 1846 1911 ﬁdem
1892 1865 2080 1911 exorta

2201 1849 2484 1918 εμπίπτειν
2504 1865 2519 1879 ·
2553 1848 2649 1902 καὶ
2675 1851 2707 1919 ἡ
2738 1847 2829 1900 διὰ
2861 1847 2958 1917 τὴν
2997 1847 3180 1900 πίστιν
3212 1848 3447 1918 ἀνάγκη,
3478 1849 3650 1914 ἔσωζε
3678 1852 3781 1903 τὸν

503 1946 807 1999 necessitas
845 1960 996 1998 reum
1034 1946 1372 2001 absolvebat.
1409 1945 1566 2002 Nunc
1607 1963 1736 2002 vero
1777 1948 1960 2004 nullus
1998 1956 2084 2002 est

506 2045 862 2102 persecutor,
900 2037 1083 2091 nullus
1117 2038 1211 2108 qui
1244 2039 1534 2107 prohibeat
1572 2040 1868 2109 quominus
1911 2039 2082 2093 hone-

503 2135 588 2182 ste
629 2128 926 2194 habitetis,
969 2139 1023 2184 et
1064 2146 1187 2186 cum
1233 2131 1355 2187 aliis
1389 2133 1470 2186 vel
1519 2134 1804 2188 minimum
1841 2134 2080 2189 duobus.

500 2213 638 2274 Nam
675 2222 817 2277 male
847 2223 1115 2290 viventes,
1149 2225 1526 2280 condemnatis
1558 2242 1624 2281 ex
1655 2226 1956 2296 vobisipsis
1988 2241 2082 2282 eos

501 2311 596 2382 qui
645 2315 948 2369 secundum
998 2316 1168 2386 legem
1216 2317 1426 2371 vivunt.
1489 2318 1688 2371 Annon
1738 2319 1854 2372 haec
1906 2328 2084 2373 vestra

505 2401 837 2459 instabilitas
867 2405 1075 2460 indicio
1100 2417 1205 2472 est,
1234 2423 1331 2462 vos
1357 2409 1410 2462 in
1440 2424 1572 2478 pace
1607 2409 1832 2464 minime
1852 2425 2089 2464 conven-

504 2496 696 2551 turos?
727 2493 1074 2567 ﬂesipiscite,
1115 2499 1363 2564 obsecro,
1395 2501 1591 2570 fratres
1627 2507 1726 2556 mei
1760 2503 1955 2568 sancti,
1989 2519 2089 2556 ccc-

503 2585 652 2642 latis
678 2589 970 2643 vocationis
999 2591 1285 2660 participes
1312 2592 1389 2647 “z
1430 2593 1535 2647 nisi
1557 2594 1942 2663 corrigamini,
1975 2608 2085 2648 non

504 2677 587 2734 sic
610 2679 937 2750 appellandi,
956 2681 1050 2736 sed
1077 2681 1391 2738 nominibus
1412 2684 1724 2747 contrariis,
1740 2683 1882 2753 quod
1918 2683 2080 2736 absit.

507 2767 633 2826 Hac
658 2787 758 2842 ego
784 2781 1060 2828 contestor
1086 2790 1270 2830 coram
1299 2775 1410 2830 Deo
1438 2776 1736 2847 electisque
1763 2777 1972 2845 angelis
1999 2793 2010 2829 :
2040 2774 2088 2829 si

504 2860 630 2931 quis
660 2874 943 2916 correctus
964 2878 1073 2916 non
1106 2863 1295 2928 fuerit,
1327 2875 1381 2919 et
1402 2875 1524 2936 post
1551 2867 1914 2921 constitutum
1948 2878 2090 2921 tem-

506 2953 658 3022 poris
687 2955 928 3016 spatium
958 2956 1258 3024 perstiterit
1287 2999 1301 3023 ,
1354 2974 1383 3011 a
1424 2959 1738 3013 divinorum
1776 2977 2091 3014 sacramen-

508 3051 688 3098 torum
748 3045 1169 3115 participatione
1223 3047 1501 3101 arcebitnr
1553 3063 1652 3117 pro
1707 3063 1768 3102 ea
1828 3058 2090 3118 potestate

2193 1942 2603 2013 εὺρισκόμενον.
2633 1940 2743 1994 Νῦν
2769 1940 2826 1994 δὲ
2853 1941 3028 2004 οὐδεὶς
3063 1943 3091 1994 ό
3132 1939 3365 2005 διώκων,
3396 1941 3506 1993 οὐδ’
3538 1944 3565 1993 ό
3592 1943 3784 1996 κωλύ-

2195 2053 2304 2089 σων
2344 2035 2526 2098 καλῶς
2565 2036 2714 2105 ἡμᾶς
2752 2034 3108 2098 καθέζεσθαι,
3147 2035 3240 2086 καὶ
3283 2034 3381 2086 σὺν
3416 2034 3596 2097 ἄλλοις
3625 2037 3785 2093 δυοῖν

2196 2124 2333 2182 εἶναι
2377 2127 2751 2197 τούλάχιστον.
2800 2127 2890 2190 Ἐξ
2942 2126 3098 2194 ὑμῶν
3131 2126 3241 2195 γὰρ
3287 2125 3468 2178 αὐτῶν
3501 2129 3786 2199 κατακρί-

2197 2221 2352 2276 νεσθε
2401 2220 2509 2274 τῶν
2558 2220 2799 2290 ἐννόμως
2854 2219 3196 2285 διαζώντων,
3250 2219 3298 2270 οἱ
3359 2217 3653 2280 κακόζωοι.
3712 2221 3787 2272 Ἢ

2194 2314 2314 2384 οὐχὶ
2353 2311 2685 2384 προδήλωμα
2718 2313 2817 2380 τῆς
2852 2312 2910 2363 ἐν
2957 2311 3150 2381 εξίήνῃ
3200 2310 3568 2379 ἀσυνδρομίας
3620 2310 3788 2380 ὑμῶν

2195 2407 2229 2476 ή
2260 2403 2510 2476 παροῦσα
2553 2403 2775 2469 ἁθεσία;
2817 2403 3186 2471 Ἀνανήψατε,
3231 2401 3535 2473 παρακαλῶ
3557 2442 3571 2465 ,
3601 2401 3788 2455 ἁδελ-

2195 2498 2297 2564 φοί
2315 2513 2434 2565 μου
2475 2496 2630 2566 ἅγιοι
2652 2534 2668 2560 ,
2699 2494 2975 2562 κλήσεως
3004 2493 3369 2560 ἐπουρανίου
3392 2491 3639 2560 μέτοχοι
3661 2508 3676 2520 ·
3719 2493 3789 2546 ἂν

2201 2589 2276 2661 μὴ
2307 2589 2698 2660 διορθωσησθε,
2736 2589 2834 2658 οὐχ
2864 2587 3038 2649 οὕτως
3073 2587 3312 2657 κλητέοι,
3347 2586 3460 2639 ἀλλ’
3493 2587 3788 2649 ἐναντίως,

2199 2684 2336 2754 ὅπερ
2364 2682 2550 2752 ἀπείη.
2577 2681 2760 2734 Ταῦτα
2793 2679 3238 2751 διαμαρτύρομαι
3263 2679 3492 2732 ἐνώπιον
3519 2677 3615 2731 τοῦ
3641 2678 3788 2733 Θεοῦ

2199 2774 2427 2830 καὶτῶν
2471 2773 2745 2827 ἐκλεκτῶν
2783 2774 3034 2842 ἀγγέλων
3056 2791 3068 2802 ·
3106 2773 3161 2826 ετ
3189 2789 3272 2836 τις
3313 2773 3387 2843 μὴ
3414 2771 3793 2843 διορθώσηται

2200 2868 2338 2936 μετά
2391 2867 2491 2937 τὴν
2545 2863 2857 2936 ὡρισμένην
2912 2867 2991 2926 εἰς
3046 2864 3241 2934 χρόνου
3274 2864 3419 2925 τινὸς
3463 2863 3794 2932 σύμφθασιν

2198 2961 2464 3030 ἐπιμονὴν
2488 3001 2502 3026 ,
2553 2958 2659 3013 τῶν
2697 2958 3065 3027 ,ἁγιασμάτων
3111 2957 3214 3010 ὑπὸ
3241 2956 3378 3009 Θεοῦ
3428 2958 3508 3018 εἰς
3543 2957 3796 3028 μετάλη-

2198 3053 2289 3120 ιᾷιν
2336 3052 2618 3122 εἴργεται,
2677 3049 2820 3104 κατά
2871 3049 2970 3120 τὴν
3021 3049 3268 3114 ἐξουσίαν
3325 3051 3389 3114 ἣν
3421 3049 3589 3102 ἔδωκέ
3631 3067 3730 3118 μοι
3763 3052 3795 3104 ὁ

508 3146 630 3203 quae.
679 3135 814 3189 mihi
867 3135 920 3189 in
961 3151 1058 3190 vos
1095 3150 1124 3188 a
1168 3135 1403 3191 Domino
1433 3137 1557 3190 data
1587 3145 1712 3204 est;
1756 3138 1822 3190 ad
1860 3138 2091 3191 aediﬁca-

2201 3144 2403 3213 Κύριος
2435 3144 2493 3196 ἐν
2524 3142 2651 3212 ὑμῖν
2674 3157 2688 3170 ο
2723 3143 2803 3204 εἰς
2837 3140 3126 3209 οἰκοδομὴν
3151 3141 3245 3193 καὶ
3273 3142 3374 3193 οὐκ
3409 3141 3490 3200 εἰς
3517 3139 3792 3210 καθαίρε-

511 3226 738 3302 tionem,
771 3243 878 3282 non
936 3227 1001 3281 ad
1057 3228 1484 3283 destructionem
1537 3228 1749 3297 loquor.
1783 3227 1891 3284 Vos
1921 3244 2050 3284 vero
2077 3268 2092 3294 ,

510 3316 707 3375 fratres
743 3320 848 3374 mei
873 3360 888 3379 .
927 3329 1186 3390 tanquam
1239 3321 1330 3374 lilii
1368 3320 1692 3376 obedientize
1735 3325 1872 3376 bene
1903 3323 2048 3393 agite
2078 3362 2094 3388 ,

509 3420 574 3465 ut
597 3420 651 3466 et
673 3409 784 3466 Deo
811 3412 1085 3477 serviatis,
1115 3422 1167 3466 et
1196 3429 1281 3467 me
1313 3413 1575 3467 miserum
1608 3429 1639 3467 a
1675 3415 1881 3483 peccati
1921 3425 2096 3470 morte

509 3503 842 3569 vindicetis,
889 3505 942 3558 in
989 3503 1208 3558 Christo
1255 3501 1380 3558 Jesn
1439 3503 1670 3558 Domino
1728 3516 1919 3561 nostro
1949 3546 1964 3572 ,
2010 3509 2098 3562 cui

511 3593 684 3665 gloria
713 3610 839 3650 cum
872 3594 1033 3649 Patre
1062 3604 1116 3649 et
1144 3606 1336 3650 sancto
1379 3594 1609 3664 Spiritu.
1643 3595 1843 3651 Amen.

893 3706 1075 3764 CVIII.
1105 3736 1171 3746 —
1193 3705 1397 3759 Joanni
1429 3705 1708 3760 Sardensi.

2203 3251 2285 3286 σιν
2344 3237 2372 3288 ό
2401 3234 2580 3302 λόγος.
2658 3232 2846 3302 Ὑμεῖς
2872 3232 2951 3293 δὲ,
2990 3232 3212 3299 ἀδελφοί
3254 3249 3378 3301 μου,
3413 3230 3488 3292 ὡς
3535 3232 3641 3282 υἱοὶ
3692 3233 3797 3283 ὑπο

2197 3326 2391 3394 ακοῆς,
2423 3323 2486 3379 εὖ
2517 3325 2783 3397 πράξατε,
2819 3323 2907 3376 ἵνα
2935 3323 3027 3375 καὶ
3051 3323 3180 3374 Θεὸν
3209 3323 3605 3393 Θεραπεύσητε,
3638 3324 3797 3392 κάμὲ

2195 3418 2287 3472 τὸν
2312 3418 2541 3471 ἐλεεινὸν
2572 3417 2665 3470 τοῦ
2699 3417 2926 3470 θανάτου
2959 3416 3058 3484 τῆς
3092 3414 3368 3483 ἁμαρτίας
3409 3414 3691 3483 ἐξέλησθε,
3732 3418 3798 3468 ἐν

2197 3514 2418 3585 Χριστῷ
2469 3512 2644 3584 Ἰησοῦ
2675 3511 2754 3582 τῷ
2793 3511 2982 3582 Κυρίῳ
3013 3508 3170 3579 ἡμῶν
3196 3549 3210 3574 ,
3318 3510 3349 3578 ἡ
3381 3509 3507 3574 δόξα
3545 3509 3641 3564 σὺν
3675 3511 3799 3563 Πα-

2200 3607 2293 3676 τρὶ
2333 3606 2427 3659 καὶ
2463 3607 2605 3674 ἁγίῳ
2637 3603 2938 3675 Πνεύματι.
2985 3604 3181 3673 Ἀμήν.

2526 3716 2629 3770 PH'
2671 3717 2768 3787 (5).
2806 3745 2877 3755 —
2926 3715 3174 3781 Ἰωάννῃ
3214 3711 3469 3780 Σάρδης.
3500 3710 3682 3784 [χλε’.]

1235 3821 1300 3871 Ut
1325 3835 1386 3869 ex
1411 3820 1549 3884 gravi
1575 3819 1748 3870 morbo
1769 3823 2100 3885 convalescat,
2126 3827 2364 3877 Ecclesiae
2398 3828 2642 3892 imprimis
2668 3843 2812 3878 causa
2836 3835 3083 3891 precatur.

589 3925 802 3982 Dudum
826 3925 1137 3982 audivimus
1161 3936 1426 3997 aegrotare
1444 3936 1726 3997 paternam
1751 3929 2094 3984 sanctitatem

514 4031 664 4076 tuam
683 4060 698 4084 ,
729 4035 876 4073 nunc
905 4035 1036 4074 vero
1066 4037 1202 4090 pene
1226 4022 1390 4075 etiam
1420 4021 1766 4091 desperatam
1797 4035 1941 4077 esse.
1976 4021 2095 4088 Quo

514 4113 709 4169 nuntio
738 4128 838 4167 nos
868 4112 1104 4168 humiles
1133 4114 1205 4168 ita
1232 4130 1425 4168 sumus
1451 4113 1811 4178 consternati,
1839 4123 2097 4184 tantoque

515 4207 753 4279 perculsi
776 4208 984 4272 dolore,
1023 4215 1079 4260 ut
1106 4206 1378 4276 prolicisci
1408 4208 1549 4263 istuc
1571 4207 1786 4260 animus
1816 4205 1978 4261 fuerit
1998 4249 2013 4269 ,
2046 4217 2101 4262 et

517 4301 793 4371 ingratum
815 4316 1092 4355 rumorem
1120 4300 1294 4354 oculis
1323 4315 1610 4369 usurpare.
1641 4297 1697 4351 Id
1724 4315 1852 4353 vero
1880 4309 2100 4369 prOpter

516 4394 778 4450 instantia
815 4391 1032 4462 negotia
1063 4390 1269 4446 factum
1300 4405 1409 4443 non
1442 4400 1545 4444 est.
1580 4389 1759 4455 Quare
1792 4390 1966 4444 coacti
1995 4390 2100 4443 fui-

515 4499 642 4538 mus
664 4482 858 4538 litteris
886 4479 1298 4551 quodammodo
1321 4479 1504 4532 volare
1533 4494 1632 4532 ceu
1659 4493 1912 4547 corpore,
1938 4487 2103 4548 atque

518 4571 718 4627 intueri
749 4585 801 4626 te
827 4572 1106 4642 egregium
1140 4579 1374 4640 patrem,
1409 4570 1686 4622 sincerum
1718 4570 1979 4635 amicum,
2007 4585 2100 4637 ge-

518 4681 775 4722 nerosum
809 4674 1001 4718 testem
1033 4662 1303 4717 veritatis.
1337 4661 1442 4714 Pro
1469 4662 1571 4716 hac
1609 4661 1883 4729 siquidem
1925 4669 1980 4714 et
2006 4677 2103 4714 ex—

517 4760 701 4813 silium
731 4755 1040 4826 pertulisti,
1071 4764 1126 4808 et
1152 4755 1390 4808 carceris
1420 4755 1635 4806 vincula
1676 4772 1689 4806 :
1735 4754 1866 4820 quin
1899 4763 1953 4806 et
1982 4762 2108 4806 ante

518 4848 632 4901 haec
660 4846 1036 4916 spectaculum
1068 4845 1244 4900 factus
1270 4885 1285 4907 ,
1317 4853 1373 4898 ut
1400 4843 1644 4913 Apostoli
1679 4843 1857 4896 verbis
1884 4851 2007 4896 utar
2031 4845 2108 4918 ⁸⁸,

515 4949 568 4994 et
603 4939 811 5010 angelis
857 4947 912 4992 et
957 4938 1272 4991 hominibus
1303 4954 1315 4990 :
1367 4951 1477 5005 quo
1515 4935 1601 4988 die
1633 4935 1848 4988 allisum
1883 4945 1965 4989 est
1995 4935 2112 4988 solo

521 5030 588 5084 ab
619 5030 798 5099 impiis
827 5044 1013 5083 coram
1044 5028 1344 5097 Caipbaico
1383 5026 1616 5081 concilio
1639 5066 1654 5090 ,
1688 5041 1907 5079 sacrum
1947 5035 2114 5094 caput

527 5131 706 5174 tuum.
743 5119 786 5173 Ο
816 5119 947 5188 quid
977 5120 1134 5173 nobis
1165 5118 1406 5173 accidit?
1444 5119 1585 5184 Quid
1625 5117 1776 5172 abire
1806 5118 1932 5172 hinc
1964 5118 2113 5172 festi-

522 5224 615 5267 nat
672 5213 930 5267 columna
983 5214 1280 5267 Ecclesix?
1336 5213 1492 5266 Mane
1545 5211 1873 5276 nobiscum,
1927 5212 2105 5266 adhuc

517 5320 711 5372 mane,
744 5314 928 5374 patere
967 5320 1066 5376 pro
1099 5304 1388 5374 Evangelio
1411 5321 1510 5358 ceu
1543 5305 1721 5358 bonus
1742 5304 1917 5358 miles.
1942 5303 2104 5359 Vides

519 5407 576 5451 ut
600 5398 802 5456 bellum
827 5399 1025 5454 ardet?
1052 5407 1111 5452 ut
1145 5413 1244 5468 pro
1267 5398 1370 5453 lide
1396 5400 1781 5468 impugnantur
1806 5406 1859 5453 et
1890 5413 2102 5467 pugna-

592 5543 738 5612 εοίν
777 5558 910 5628 Reg.
943 5574 996 5622 ν,
1039 5557 1130 5611 9-6.
1212 5560 1251 5588 ¹¹
1289 5557 1454 5612 Hebr.
1493 5571 1590 5622 tu,
1635 5557 1683 5610 1.

2289 3937 2422 3990 Ἀπὸ
2454 3937 2646 4008 χρόνου
2675 3929 2989 4006 ἠκούσαμεν
3015 3934 3402 4003 νοσηλεύεσοαξ
3439 3951 3532 3988 σου
3561 3934 3658 4005 τὴν
3691 3953 3800 3990 πα·

2203 4027 2397 4099 τρικὴν
2435 4026 2769 4097 ἁγιωσύνην,
2821 4027 2946 4096 ἄρτι
2985 4025 3040 4078 δὲ
3094 4026 3294 4096 μικροῦ
3348 4026 3458 4078 δεῖν
3504 4029 3602 4079 καὶ
3645 4028 3797 4080 ἀπο-

2204 4120 2561 4187 γνωσθεϊσαν.
2606 4119 2716 4172 Καὶ
2756 4117 3011 4171 τοσοῦτον
3044 4117 3388 4188 ἐθροήθημεν
3421 4119 3468 4171 οἱ
3510 4122 3794 4186 ταπεινοὶ,

2206 4213 2300 4264 καὶ
2352 4211 2785 4282 συνεκινήθημεν
2838 4209 3128 4279 λυπηρῶς,
3163 4211 3236 4271 ὡς
3265 4210 3504 4279 ὁρμῆσαι
3553 4211 3800 4264 καταλα-

2209 4304 2322 4356 6εῖν
2353 4306 2503 4374 ἡμᾶς
2533 4305 2590 4356 ἐν
2634 4306 2746 4366 τοῖς
2790 4301 3010 4365 αὐτόθι,
3068 4303 3163 4356 καὶ⁹
3194 4301 3313 4370 ὄψει
3355 4303 3649 4356 ὑπολαϐεῖν
3687 4304 3801 4375 τὴν

2202 4394 2490 4464 ἀπευκτὴν
2517 4395 2708 4462 ἀκοήν.
2748 4393 2862 4446 Οὐκ
2910 4392 3189 4460 ἐξεγένετο
3218 4392 3275 4444 δὲ
3307 4392 3396 4445 διὰ
3419 4393 3485 4445 τά
3516 4397 3802 4462 παριστά-

2210 4502 2344 4554 μενα
2376 4484 2572 4555 τούτῳ.
2623 4484 2713 4536 Διὸ
2752 4482 3182 4553 ἠναγκάσθημεν
3227 4484 3393 4534 οἱονεὶ
3445 4482 3800 4550 πετασθῆναι

2206 4578 2318 4636 τοῖς
2339 4577 2662 4646 γράμμασιν
2689 4575 2762 4637 ὡς
2787 4576 2844 4627 ἐν
2865 4574 3096 4645 σώματι,
3129 4575 3223 4627 καὶ
3253 4575 3382 4627 ἰδεῖν
3419 4591 3476 4626 σε
3505 4575 3596 4626 τὸν
3623 4575 3798 4628 καλὸν

2211 4667 2445 4738 πατέρα,
2468 4668 2557 4721 τὸν
2587 4669 2809 4735 γνήσιον
2836 4667 3007 4736 φίλον,
3028 4665 3120 4718 τὸν
3139 4667 3387 4733 γενναῖον
3415 4666 3673 4734 μάρτυρα
3689 4670 3802 4734 τῆς

2210 4755 2490 4825 ἀληθείας.
2523 4756 2696 4827 Εἴπερ
2744 4756 2887 4826 ὑπὲρ
2919 4757 3088 4826 αὐτῆς
3145 4756 3208 4808 σὺ
3253 4757 3348 4808 κα)⁵
3377 4754 3654 4824 ἐξόριστος
3697 4759 3806 4810 καὶ

2214 4846 2638 4916 φρουροδέσμιος
2657 4862 2671 4876 ⁸
2711 4847 2804 4900 καί
2841 4863 2905 4914 γε
2939 4845 3045 4916 πρὸ
3078 4845 3281 4898 τούτων
3313 4845 3538 4915 θέατρον
3562 4846 3808 4916 γενόμε-

2215 4954 2337 5000 νος,
2371 4937 2744 5000 ἀποστολικῶς
2791 4940 2994 5001 εἰπεῖν,
3026 4938 3120 4990 καὶ⁹
3167 4937 3422 5006 ἀγγέλοις
3446 4937 3542 4989 καὶ
3576 4938 3808 5006 ἀνθρώ-

2219 5045 2362 5090 ποις,
2400 5029 2520 5080 καθ’
2550 5030 2616 5096 ἢν
2645 5028 2859 5098 ἡμέραν
2891 5027 3148 5098 ἔρριπταί
3180 5046 3272 5081 σου
3303 5030 3408 5082 ὑπὸ
3429 5029 3538 5082 τῶν
3556 5030 3806 5095 ἀσεὸῶν,

2223 5121 2364 5173 κατὰ
2392 5120 2685 5190 πρόσωπον
2713 5123 2807 5173 τοῦ
2847 5122 3193 5189 Καῖαφαῖκοῦ
3229 5122 3537 5192 συνεδρίου,
3571 5124 3651 5185 εἰς
3677 5124 3810 5175 τοῦ-

2214 5213 2380 5280 ὂαφος
2402 5215 2436 5280 ἡ
2466 5213 2585 5282 ἱερά
2619 5216 2853 5284 κορυφή.
2884 5216 2946 5265 Ὢ
2969 5214 3021 5265 τί
3047 5214 3254 5282 γίνεται
3281 5217 3338 5266 ἐν
3363 5214 3605 5284 ἡμῖν;“τῖ
3634 5215 3808 5266 dcta!-

2217 5322 2334 5374 ρειν
2382 5304 2490 5358 τῶν
2521 5306 2649 5375 τῇδε
2697 5306 2918 5358 σπεύδει
2957 5305 2985 5355 ὁ
3040 5306 3229 5368 στύλος
3268 5309 3368 5376 τῆς
3428 5305 3805 5376 Ἐκκλησίας;

2215 5398 2412 5451 Μεῖνον
2451 5398 2569 5468 μεθ’
2603 5399 2782 5470 ἡμῶν,
2815 5398 2896 5452 ἔτι
2938 5401 3124 5470 μεῖνον
3145 5415 3161 5433 ·
3193 5398 3692 5470 συγκακοπάθησον
3723 5399 3810 5472 τῷ

1767 5561 1808 5589 ’π
1848 5556 1862 5610 l
1894 5557 2019 5614 Cor.
2053 5574 2127 5620 tv,
2169 5557 2220 5609 9.

2081 5672 2310 5728 NOTA‘J.

593 5793 668 5860 (ὃ)
701 5794 756 5848 In
792 5794 911 5846 cod.
951 5795 1079 5861 Heg.
1119 5799 1241 5859 ριγ’.
