3934 6474
247 404 381 467 1369

1433 401 1968 462 EPISTOLARUM
2033 402 2178 462 LIB.
2221 402 2302 462 II.

3349 410 3485 472 1370

244 517 568 588 Εὑαγγελίῳ
611 517 688 582 ὼς
717 515 880 580 καλὸς
913 514 1278 586 στρατιώτης.
1323 513 1486 584 Ὁρᾷς
1535 514 1682 577 ὅπως
1725 513 1806 566 ἐν-

1918 514 2075 569 mus?
2123 515 2254 580 Nee,
2301 531 2522 573 oramus
2574 528 2634 572 ut
2679 533 2918 575 maneas.
2998 522 3148 594 Roga
3209 525 3483 582 Christum

241 630 388 666 εστιν
416 613 446 664 6
463 611 702 680 πόλεμος
720 627 735 675 ;
756 608 906 670 ὅπως
929 606 1236 678 βαλλόμεθα
1257 607 1354 660 καὶ
1386 605 1654 676 βάλλομεν
1675 606 1816 679 ὑπὲρ

237 707 333 760 τοῦ
365 703 530 772 λόγου
553 721 567 770 ;
600 704 712 757 Nat
741 701 1150 772 ἀντιϐολοῦμεν,
1174 699 1474 769 ἐπίμεινον.
1500 700 1733 772 Αἰτησαι
1757 700 1816 754 ὃν

237 797 602 868 ὡμολόγησας
673 795 942 867 Χριστὸν,
1009 794 1104 848 καὶ
1160 790 1445 863 ὁμολογεῖς
1490 794 1817 862 προσκυνεῖν

237 889 734 962 ἀνθρωποπρεπῶς
763 888 1204 959 ἐγγραφόμενον·
1240 886 1336 942 καὶ
1369 885 1683 940 είσακούσει
1716 886 1817 956 τῆς

236 982 479 1053 δεήσεως
510 1000 626 1040 σου.
649 983 710 1037 El
734 981 792 1036 δὲ
818 981 1038 1044 πάντως
1069 980 1354 1051 ἀπαίρεις,
1380 978 1524 1034 οὕτω
1537 980 1636 1049 τῆς
1666 979 1808 1048 Προ-

239 1075 388 1138 νοίας
437 1074 792 1144 κελευούσης,
847 1071 1009 1135 αὐτὸς
1048 1071 1149 1141 μὲν
1181 1072 1490 1143 χωρήσεις,
1528 1064 1586 1122 εὖ
1620 1068 1807 1137 ῐσμεν,

235 1165 532 1235 ὁμολογίας
558 1163 792 1218 ἔπαθλον
821 1163 1265 1233 ἀπενεγκάμενος
1282 1179 1298 1194 ο
1331 1164 1466 1233 ἡμῖν
1494 1160 1552 1213 δὲ
1572 1158 1697 1211 ἵλεω
1717 1155 1810 1209 τὸν

1912 624 2072 678 quem
2119 607 2401 677 professus
2448 624 2508 664 es
2555 617 2608 664 et
2656 610 2927 678 proﬁteris
2975 614 3204 670 adorare
3249 617 3483 673 humana

1911 697 2091 766 Specie
2114 697 2420 767 depictum;
2448 711 2500 754 et
2524 700 2773 755 exaudiet
2795 716 2982 770 preces
3007 712 3152 759 tuas.
3187 705 3280 760 Sin
3306 717 3484 762 autem

1911 789 2138 845 omnino
2167 789 2403 846 discedis
2436 791 2509 846 ita
2533 792 2760 862 jubente
2793 792 3172 863 Providentia;
3215 799 3330 866 ipse
3362 801 3454 869 qui

1910 884 2055 949 dem,
2081 892 2168 940 sat
2199 885 2404 940 scimus
2427 925 2443 949 ,
2471 887 2646 943 abibis
2677 889 3036 945 confessionis
3069 889 3309 946 referens
3338 906 3480 960 prae-

1917 979 2081 1032 mium
2113 997 2127 1034 :
2160 979 2316 1035 nobis
2345 995 2473 1035 vero
2503 979 2668 1036 Deum
2699 982 2966 1052 optimum
2998 985 3189 1040 reddes
3221 984 3484 1040 interces-

1917 1066 2071 1121 sione
2097 1075 2188 1122 tua
2212 1069 2538 1138 propitium;
2579 1070 2745 1126 simul
2768 1074 2929 1128 etiam
2961 1084 3021 1129 ut
3046 1074 3264 1130 festinet
3292 1075 3483 1131 Eccle-

1913 1156 2009 1212 siae
2037 1173 2150 1213 suae
2176 1160 2508 1229 prospicere.

234 1256 369 1310 Θεὸν
401 1256 497 1308 τὸν
534 1255 739 1324 ἀγαθὸν
782 1255 1144 1325 καταστήσεις
1175 1256 1295 1317 ταῖς
1344 1251 1665 1325 πρεσϐείαις
1685 1264 1703 1280 ⁸
1748 1247 1810 1301 οὐ
1842 1247 1952 1321 μὴν
1975 1249 2113 1305 ἀλλά
2144 1253 2239 1306 καὶ
2301 1255 2382 1318 εἰς
2435 1254 2498 1308 τὸ
2558 1257 2785 1328 ταχῦναι
2807 1259 3206 1332 ἐπισκέψασθαι
3233 1263 3331 1336 τὴν
3358 1265 3477 1320 ἐαυ·

231 1352 330 1408 τοῦ
377 1350 726 1422 Ἐκκλησίαν.

612 1465 715 1520 PG'
755 1465 852 1537 (6).
894 1494 965 1506 -—-
1013 1463 1185 1531 Ἠλίᾳ
1222 1460 1640 1535 τέκνῳ.[χλζ’.]

2369 1460 2505 1517 CIX.
2534 1489 2596 1501 —
2633 1460 2766 1518 Elia:
2793 1463 2906 1533 ﬁlio
2935 1464 3022 1536 (·).

1565 1583 1641 1635 Ad
1666 1583 1926 1646 quemdam
1956 1584 2163 1648 lapsum.

304 1700 404 1764 τίς
453 1700 482 1753 6
527 1697 845 1765 ἀναγκάσας
897 1712 963 1766 με
1008 1689 1312 1748 ἐπιστεῖλαί
1350 1711 1471 1758 σοι,
1512 1692 1803 1764 ἀνθρωπε;

1977 1692 2110 1760 Quis
2140 1709 2227 1749 me
2252 1694 2429 1765 coegit
2458 1703 2517 1749 ut
2543 1695 2612 1750 ad
2643 1704 2696 1750 te
2722 1737 2738 1760 ,
2771 1697 2846 1751 mi
2886 1699 3049 1754 homo
3068 1739 3085 1764 ,
3139 1704 3480 1758 scriberem?

229 1793 369 1856 Θεὸς
398 1790 642 1860 δηλονότι
673 1789 702 1840 6
741 1789 1087 1858 καταστήσας
1121 1804 1186 1857 με
1221 1788 1312 1840 ἐπὶ
1351 1788 1413 1841 σὲ
1440 1788 1675 1857 ποιμένα
1716 1787 1810 1840 καὶ

230 1883 538 1952 νομοθέτην
563 1896 576 1910 ·
682 1879 858 1943 δώσω,
894 1879 969 1941 ὼς
1005 1879 1145 1948 ὑπὲρ
1180 1878 1395 1932 πάντων
1423 1879 1530 1931 τῶν
1561 1879 1808 1947 ἀδελφῶν

233 1993 355 2035 σου,
413 1972 510 2026 καὶ
557 1972 684 2042 περὶ
722 1970 816 2025 σοῦ
862 1970 1038 2039 λόγον.
1086 1969 1366 2037 ’Λπετάξω
1396 1970 1459 2041 δὴ
1496 1967 1587 2024 οῦν
1618 1971 1809 2023 αὐθαι-

233 2068 446 2141 ρέτως,
479 2064 772 2133 ὑπετάγης
818 2062 1090 2133 εὐηκόως’
1123 2059 1242 2115 εἶτα
1274 2063 1513 2116 ἐσινίασέ
1556 2081 1614 2117 σε
1645 2065 1673 2116 6
1706 2061 1810 2115 Σα-

227 2159 405 2220 τανᾶς
444 2156 764 2229 ἀπορρήξας
795 2155 895 2224 τῆς
925 2153 1074 2218 θείας
1119 2156 1433 2224 συναφείας.
1469 2151 1635 2219 Αὖθις
1669 2155 1808 2210 ἐλέει

226 2249 373 2303 Θεοῦ
432 2248 742 2320 συνήφθης·
787 2247 878 2299 καὶ
917 2245 1082 2300 πάλιν
1114 2246 1367 2317 ἐνεργείᾳ
1411 2246 1666 2316 δαίμονος
1697 2248 1806 2300 ἀπ-

229 2342 544 2411 επήδησας.
573 2340 803 2392 Ἔπειτα
829 2337 992 2391 πάλιν
1010 2337 1202 2399 ἐλθὼν,
1231 2336 1645 2407 ἐξωμολογήσω,
1675 2339 1808 2392 ὑπο-

227 2433 503 2503 σχόμενος
534 2430 632 2500 τὴν
675 2430 812 2500 πρὸς
842 2430 904 2482 τὸ
948 2427 1076 2494 ἐξῆς
1109 2429 1412 2499 ἀσφάλειαν
1434 2445 1448 2460 ’
1491 2430 1586 2482 καὶ
1619 2428 1806 2500 ἐπειδὴ

216 2523 554 2594 ,ὑποστροφὴ
580 2521 679 2590 τῆς
711 2519 926 2589 ἐξορίας
951 2522 1047 2574 ἐπὶ
1075 2521 1169 2574 τοῦ
1201 2522 1542 2592 Νικηφόρον,
1567 2522 1629 2576 ού
1676 2537 1806 2574 συν-

223 2617 405 2687 ῆλθες
437 2616 556 2676 τοῖς
593 2613 800 2676 λοιποῖς
821 2655 836 2678 ,
870 2613 984 2668 ἀλλ’
1013 2613 1236 2683 ἐμεινας
1276 2616 1362 2682 ἐφ’
1391 2613 1586 2668 ἐαυτοῦ
1627 2614 1809 2667 δελεαο

223 2708 464 2778 ζόμενος
503 2706 608 2760 ὑπὸ
645 2706 742 2759 τοῦ
786 2706 994 2775 ὄφεωςο
1054 2708 1148 2759 καὶ
1196 2706 1354 2760 τοῦτο
1409 2707 1514 2770 ἕως
1567 2707 1663 2761 τοῦ
1711 2707 1806 2762 νῦν

223 2796 618 2869 βασιλεύοντος
641 2796 906 2866 τετάρτου
940 2795 1076 2864 μετά
1104 2795 1441 2866 Νικηφόρον.
1464 2795 1612 2858 Ἕως
1650 2796 1800 2858 πότε,

220 2889 457 2952 ἐλεεινὲ,
489 2887 719 2959 ἐγκυλίῃ
757 2890 869 2946 τοῖς
913 2886 1011 2956 τῆς
1044 2886 1318 2958 ἁμαρτίας
1360 2886 1652 2957 τὲλμασιν;
1702 2887 1806 2950 ἓως

218 2982 378 3044 τίνος
430 2980 532 3033 ούκ
591 2981 817 3050 ἀνήσεις
863 2979 1193 3048 ἀσχημονεῖν
1242 2978 1475 3033 ἐνώπιον
1522 2980 1659 3032 Θεοῦ
1711 2981 1806 3032 καὶ

1911 1784 2056 1840 Deus
2082 1784 2226 1841 haud
2253 1785 2438 1851 dubie,
2471 1786 2561 1854 qui
2585 1801 2674 1841 me
2702 1786 2796 1842 tibi
2825 1798 3097 1857 pastorem
3123 1800 3179 1844 et
3205 1790 3479 1859 legislato-

1911 1893 2025 1932 rem
2070 1877 2394 1944 constituit;
2431 1878 2520 1933 cui
2555 1878 2872 1934 redditurus
2900 1896 3023 1936 sum
3057 1891 3116 1934 ut
3145 1897 3244 1950 pro
3268 1884 3479 1940 caeteris

1913 1967 2175 2022 fratribus
2199 1967 2306 2024 tuis
2332 2006 2347 2032 ,
2379 1969 2462 2024 sic
2483 1984 2582 2039 pro
2609 1979 2660 2024 te
2685 1985 2903 2040 quoque
2933 1972 3221 2027 rationem.
3254 1974 3476 2030 Renun-

1912 2060 2060 2114 tiasti
2105 2061 2272 2130 igitur
2324 2062 2528 2116 mundo
2580 2069 2672 2115 tua
2713 2063 2901 2133 utique
2946 2063 3120 2132 ipsius
3162 2065 3476 2134 voluntate,

1909 2149 2139 2205 libenter
2167 2151 2417 2206 subditus
2449 2150 2597 2206 fuisti
2626 2171 2639 2206 :
2668 2163 2855 2221 postea
2879 2155 3136 2208 cribravit
3162 2166 3211 2209 te
3245 2157 3477 2212 Satanas

1909 2243 2185 2312 abripiens
2215 2259 2246 2298 a
2273 2241 2456 2297 divina
2488 2244 2767 2299 societate.
2801 2244 3001 2299 lterum
3046 2247 3152 2301 Deo
3182 2249 3476 2306 miserante
3575 2285 3584 2295 ο

1908 2334 2066 2390 nobis
2096 2335 2477 2401 consociatus,
2508 2347 2561 2390 et
2590 2336 2787 2391 iterum
2819 2339 3078 2394 daemonis
3110 2355 3270 2411 opera
3301 2345 3476 2398 resili-

1908 2427 2018 2481 isti.
2053 2426 2180 2482 Post
2203 2428 2317 2482 haec
2347 2429 2524 2482 denuo
2547 2444 2796 2484 reversus
2822 2433 3243 2503 exomologesim
3275 2435 3471 2502 fecisti,

1907 2519 2255 2573 stabilitatem
2291 2519 2344 2571 in
2373 2529 2651 2588 posterum
2689 2522 3006 2589 promittens
3035 2542 3048 2578 :
3099 2537 3153 2577 et
3188 2537 3473 2596 postquam

1905 2611 2082 2664 exsilii
2102 2610 2362 2664 relaxatio
2385 2609 2488 2665 fuit
2519 2611 2618 2664 sub
2636 2611 2962 2680 Nicephoro,
2983 2628 3106 2667 cum
3133 2617 3343 2669 caeteris
3363 2632 3475 2670 non

1907 2700 2150 2765 rediisti;
2185 2701 2276 2755 secl
2307 2699 2448 2769 apud
2477 2707 2528 2754 te
2554 2700 2829 2755 inescatus
2850 2715 2881 2754 a
2909 2710 3158 2768 serpente
3189 2703 3474 2757 mansisti:

1906 2793 2068 2861 idque
2116 2794 2181 2846 ad
2225 2807 2347 2846 eum
2410 2806 2583 2861 usque
2634 2791 2729 2861 qui
2789 2807 2937 2847 nunc
2993 2794 3282 2862 imperium
3332 2803 3479 2850 tenet

1905 2893 2131 2954 quartus
2161 2899 2190 2938 a
2215 2881 2541 2950 Niceplioro.
2570 2882 2862 2953 Quousque
2892 2883 3107 2938 tandem
3130 2886 3391 2942 volutaris
3418 2887 3476 2940 in

1907 2991 2064 3031 (ωηο
2093 2975 2333 3044 peccati?
2355 2972 2650 3041 Quousque
2678 2989 2785 3027 non
2809 2973 3011 3028 desinis
3041 2973 3294 3029 indecore
3315 2990 3478 3045 agere

219 3071 572 3141 ἀυθρὼπωνς
631 3071 745 3123 Οὐκ
786 3070 864 3122 ἐνι
899 3069 1161 3135 θάνατος;
1210 3071 1311 3124 οὐκ
1358 3071 1437 3124 ἐνι
1483 3072 1800 3142 κριτήριον;

1910 3083 2086 3123 coram
2118 3067 2227 3120 Deo
2257 3076 2312 3121 et
2340 3065 2692 3120 hominibus?
2731 3066 2813 3119 An
2845 3066 2993 3120 nulla
3033 3082 3178 3123 mors
3212 3069 3326 3124 est?
3354 3070 3477 3123 nul-

217 3167 303 3220 υὺ
355 3163 548 3224 δώσεις
593 3165 736 3216 τίσιν
764 3161 1019 3225 αἰώνιον,
1059 3157 1127 3232 ἦς
1173 3157 1269 3214 καὶ
1311 3163 1474 3231 μόνον
1504 3162 1805 3232 ἐνθύμησις

217 3254 588 3311 καταστέλλει
623 3253 802 3322 ψυχὴν
839 3253 930 3305 καὶ
960 3253 1281 3324 ἐπιστρέφει
1315 3253 1450 3324 πρὸς
1480 3252 1799 3322 μετάνοιαν;

229 3346 570 3414 Ἀνάνηψον,
601 3343 878 3412 ἄνθρωπε,
909 3345 1268 3415 ἁνακλήθητι,
1300 3343 1603 3416 παρακαλῶ
1625 3360 1639 3374 ·
1668 3345 1805 3413 ἄφες

213 3437 538 3505 οἰκοδομεῖν
575 3435 752 3498 οἰκίας
805 3436 1114 3506 κοσμικῶς,
1167 3439 1194 3490 6
1234 3437 1328 3489 τὸν
1377 3431 1525 3490 οἶκόν
1566 3455 1658 3490 σου
1704 3437 1804 3506 τῆς

211 3528 412 3602 ψυχῆς
443 3523 822 3589 καταλελυκώς
843 3541 856 3555 ⁸
885 3523 947 3577 ἔα
974 3526 1246 3577 τεκτονεῖν
1270 3524 1344 3586 ὡς
1374 3524 1560 3586 λαῖκδς
1578 3563 1594 3588 ,
1644 3525 1672 3576 6
1714 3539 1804 3573 τε·

211 3617 589 3687 κταινόμενος
640 3617 744 3669 ὑπὸ
771 3615 864 3669 τοῦ
910 3617 1124 3669 Σατανᾶ
1147 3631 1160 3644 ·
1195 3615 1268 3686 μὴ
1308 3618 1618 3687 προφασίσῃ
1648 3613 1806 3667 τοῦτο

209 3711 492 3768 κὰκεῖνο⁸
525 3706 696 3769 οὐδείς
730 3724 789 3759 σε
819 3706 1080 3772 ἐξελεῖται
1125 3709 1188 3761 ἐκ
1232 3708 1412 3779 χειρὸς
1455 3707 1680 3778 Κυρίου.
1711 3707 1804 3776 Μὴ

207 3796 396 3865 εἴπῃς
419 3793 774 3864 ἡμαρτηκὼς·
801 3797 914 3847 Οὐκ
937 3797 1066 3848 οἴσω
1099 3797 1196 3857 τὰς
1217 3798 1580 3865 ἐπιτιμήσεις.
1602 3800 1802 3862 υἰσεις,

206 3889 424 3943 τέκνον
467 3903 600 3957 μου’
651 3885 801 3939 καλῶ
841 3888 947 3957 γάρ
1003 3904 1062 3940 σε
1112 3886 1282 3948 οὕτως
1317 3890 1487 3940 ἐλπίδι
1527 3889 1624 3958 τῆς
1669 3889 1805 3941 ὑπο-

209 3981 512 4054 στροφῆς,
557 3980 667 4049 ἐγὼ
694 3984 720 4034 ὁ
752 3981 1028 4042 ταπεινός.
1076 3981 1140 4033 Εἰ
1172 3981 1392 4050 Πατὴρ,
1425 3982 1804 4051 πεφεισμένως

211 4073 544 4146 ίατρεύσω,
588 4072 1038 4143 συμπαοητικῶς,
1069 4074 1454 4142 φιλοστόργως.
1501 4073 1676 4126 Μόνον
1714 4074 1804 4126 θέ-

203 4167 422 4235 λησον,
468 4162 625 4232 μόνον
657 4162 937 4234 κινήθητι,
982 4163 1272 4234 διάρρηξον
1314 4164 1381 4216 τὰ
1415 4165 1712 4234 κατέχοντά
1743 4180 1802 4215 σε

203 4254 411 4326 δεσμὰ
443 4255 536 4307 τοῦ
593 4255 859 4308 θανάτου·
916 4255 1144 4322 ὲγγύΟεν
1187 4256 1322 4308 Θεοῦ
1371 4256 1618 4325 βοήθεια,
1655 4257 1748 4310 καὶ
1775 4259 1802 4309 ὁ

204 4347 412 4417 φύλαξ
442 4362 534 4398 σου
561 4347 659 4416 τῆς
692 4345 840 4414 ζωῆς
866 4345 1094 4414 ἄγγελος
1137 4347 1568 4417 προπορεύσεται
1594 4365 1608 4379 ⁸
1658 4352 1802 4419 χαρὰ

204 4445 270 4494 ἐν
312 4435 543 4505 οὐρανῷ
594 4438 904 4505 γενήσεται,
967 4436 1229 4506 θρηνήσει
1267 4439 1294 4488 6
1336 4438 1613 4504 διάϐολος,
1652 4456 1803 4508 σκιρ-

204 4531 390 4601 τὴσω
428 4523 540 4592 ἐγὼ
580 4527 608 4578 6
633 4526 820 4589 τάλας,
861 4525 1107 4595 εὑρηκὼς
1135 4527 1193 4579 τὸ
1222 4527 1497 4590 ἀπολωλός
1530 4547 1632 4598 μου
1671 4530 1803 4600 πρό-

206 4623 424 4682 εατον,
452 4618 544 4670 καί
569 4635 631 4685 γε
657 4620 689 4689 ή
717 4617 1012 4688 ἀδελφότης
1044 4622 1158 4672 σού.
1189 4619 1322 4673 Είδέ
1347 4620 1443 4689 μὴ,
1469 4621 1564 4692 ἔσῃ
1581 4622 1802 4692 θήραμα

203 4714 294 4785 τῷ
357 4709 626 4780 διαϐόλῳ,
679 4710 774 4762 τοῦ
828 4711 950 4764 οὐαὶ
1001 4712 1369 4782 κληρονόμος,
1429 4705 1489 4763 οῦ
1548 4714 1803 4784 ῥυσθεξης

206 4802 592 4865 ὑπακούσας,
632 4801 729 4854 καὶ
776 4803 872 4855 σὺν
903 4801 980 4872 τῷ
1017 4802 1231 4872 ἀδελφῷ
1266 4819 1359 4855 σου
1409 4803 1539 4874 Σίλᾳ
1587 4805 1804 4857 ἐλευσό-

205 4911 420 4969 μενος.

488 5013 570 5066 PI'
749 5045 818 5055 —-
859 5012 937 5084 Τῇ
975 5013 1213 5084 ὀμόζυγι
1250 5015 1568 5084 Δημόχαρι.
1613 5014 1799 5086 [χλη¹.]

1904 3159 2016 3214 lum
2060 3157 2363 3228 judicium?
2407 3174 2516 3212 non
2564 3172 2778 3226 poenam
2831 3157 2950 3212 lues
2991 3167 3283 3225 aeternam,
3322 3161 3478 3227 cujus

1905 3251 2018 3320 sola
2073 3250 2334 3320 cogitatio
2391 3259 2607 3304 coercet
2651 3249 2926 3314 animam,
2978 3253 3357 3322 convertitque
3410 3254 3476 3307 ad

1906 3341 2320 3412 poenitentiam?
2348 3339 2756 3411 Expergiscere,
2792 3341 2977 3406 homo,
3011 3343 3287 3411 resipisce.
3324 3346 3479 3399 obteo

1906 3437 2247 3491 stor.0mitte
2265 3437 2455 3490 domos
2477 3433 2659 3489 saeculi
2677 3447 2827 3489 more
2843 3444 3142 3500 exstruere,
3164 3438 3254 3505 qui
3284 3437 3480 3491 animae.

1907 3537 2012 3583 tua:
2041 3530 2262 3584 domum
2288 3529 2604 3584 destruxisti
2641 3542 2655 3578 :
2688 3528 2876 3583 desine
2904 3537 2960 3582 nt
2994 3528 3169 3583 laicus
3198 3528 3476 3594 fabricari,

1906 3623 1999 3692 qui
2031 3632 2302 3677 structura
2331 3625 2394 3676 lis
2435 3622 2688 3678 Satauaa:
2732 3637 2908 3692 neque
2940 3623 3041 3674 hac
3071 3631 3165 3676 aut
3185 3622 3274 3674 illa
3309 3637 3476 3676 excu-

1905 3716 2116 3768 satione
2161 3713 2351 3768 utaris.
2393 3712 2563 3768 Nemo
2594 3725 2646 3769 te
2685 3714 2895 3767 auferet
2931 3713 2994 3766 tle
3032 3728 3194 3767 manu
3237 3712 3473 3768 Domini.

1904 3804 1982 3860 Ne
2006 3808 2154 3859 dicas
2174 3814 2455 3875 postquam
2477 3804 2742 3874 peccasti:
2771 3802 2966 3859 Ptenas
2986 3822 3088 3858 non
3109 3803 3271 3858 dabo.
3296 3802 3476 3867 Dabis,

1907 3898 1981 3952 fili
2023 3897 2098 3952 mi
2139 3915 2152 3952 :
2197 3897 2277 3952 sic
2305 3898 2447 3953 enim
2494 3913 2594 3966 ego
2641 3897 2865 3950 humilis
2896 3910 2947 3950 te
2974 3896 3198 3950 nomino
3227 3913 3323 3967 spe
3343 3913 3478 3952 con-

1907 3991 2197 4046 versionis.
2228 3991 2284 4045 Si
2319 4001 2472 4061 pater
2503 4005 2647 4056 sum,
2673 3990 2997 4044 medicinam
3030 3989 3259 4043 adhibeo
3292 4006 3473 4059 parce,

1905 4086 2386 4151 coniniiserantcr,
2420 4095 2688 4138 amanter.
2734 4081 2879 4138 Velis
2909 4085 3322 4137 tantummodo:
3357 4094 3479 4136 tan-

1907 4178 2184 4232 tummodo
2215 4177 2484 4232 movearis
2513 4195 2526 4230 :
2557 4191 2748 4246 rumpe
2779 4192 2899 4245 qua:
2935 4185 2984 4229 te
3014 4176 3257 4228 detinent
3287 4176 3478 4230 mortis

1904 4272 2139 4325 vincula.
2165 4270 2337 4340 Prope
2362 4270 2516 4325 adest
2545 4269 2635 4324 Dei
2671 4270 2935 4324 auxilium
2957 4308 2971 4331 ,
3002 4278 3056 4322 et
3087 4269 3208 4322 vitae
3242 4279 3347 4323 tua:
3376 4287 3478 4323 cu—

1906 4374 2017 4415 stos
2040 4363 2264 4433 angelus
2289 4361 2566 4431 gradietur
2588 4372 2711 4413 ante
2735 4369 2804 4414 te.
2831 4359 3094 4413 Gaudium
3118 4360 3224 4415 erit
3248 4360 3475 4427 incmlo,

1908 4455 2110 4524 lugebit
2152 4455 2439 4518 diabolus,
2474 4471 2574 4523 ego
2622 4455 2787 4505 miser
2820 4453 3035 4504 inventa
3077 4466 3177 4505 ove
3213 4467 3332 4506 mea
3359 4467 3480 4519 qua:

1911 4547 2142 4616 perierat
2174 4547 2544 4610 exsultabo,et
2580 4547 2765 4615 utique
2793 4546 2985 4600 fratres
3017 4547 3092 4600 tui
3127 4562 3338 4602 omnes.
3381 4547 3477 4602 Sin

1911 4641 2115 4701 minus,
2147 4639 2323 4708 praeda
2351 4639 2458 4693 eris
2489 4638 2712 4700 diaboli,
2742 4648 2796 4692 et
2829 4638 2999 4693 haeres
3034 4637 3430 4692 maledictimiis
3461 4656 3474 4692 :

1911 4748 2015 4802 qua
2052 4731 2278 4796 utinam,
2310 4731 2442 4784 mihi
2472 4731 2732 4787 obediens
2757 4770 2772 4796 ,
2809 4745 2861 4784 et
2887 4747 3009 4786 cum
3040 4730 3153 4785 Sila
3189 4732 3356 4785 fratre
3389 4741 3480 4785 tuo

1912 4824 2151 4885 veniens,
2187 4823 2452 4877 libereris.

2307 5013 2410 5070 CX.
2432 5045 2500 5053 -
2531 5012 2696 5068 Uxori
2739 5012 3074 5068 Demochari.

1499 5130 1787 5179 Consolatur
1810 5130 1858 5180 in
1883 5131 2017 5180 obitu
2043 5130 2225 5180 mariti.

320 5235 455 5304 Ἀφ’
476 5229 544 5304 ἦς
573 5235 785 5306 ἡμέρας
817 5237 1089 5307 ἀνηγγέλη
1122 5239 1249 5308 ἡμῖν
1279 5238 1306 5291 6
1329 5236 1554 5301 θάνατος
1578 5238 1670 5291 τοῦ
1701 5258 1805 5308 μα-

203 5332 431 5405 καρίου
467 5331 796 5400 στρατηγοῦ,
840 5332 1002 5402 μέχρι
1028 5330 1123 5384 τοῦ
1151 5331 1341 5402 δεῦρο,
1381 5331 1550 5383 πολλὰ
1587 5333 1808 5402 δοκιμάο

203 5439 432 5485 σαντες
485 5423 582 5475 οὐκ
635 5423 998 5495 εύωδώθημεν
1060 5425 1363 5479 ἐπιστεῖλαι
1417 5429 1484 5497 τῇ
1534 5425 1806 5496 τιμιότητί

204 5537 316 5574 σου
345 5535 360 5546 ·
430 5517 526 5567 καὶ
570 5515 665 5568 νῦν
698 5517 753 5568 δὲ
800 5517 1201 5581 ἐπιστέλλοντες
1238 5518 1389 5572 οὐδέν
1432 5537 1489 5571 σε
1537 5518 1800 5588 ὠφελεῖν,

201 5607 348 5662 οὐδὲ
381 5604 766 5675 ἐλαφροποιεῖν
798 5606 892 5658 τοῦ
926 5606 1124 5676 βάρους
1151 5609 1249 5679 τῆς
1282 5608 1546 5663 ἐνωδύνου
1578 5607 1802 5679 καρδίας

1986 5239 2057 5290 Ex
2087 5253 2194 5306 quo
2223 5237 2380 5291 nobis
2412 5236 2723 5290 renuntiata
2757 5250 2905 5288 mors
2944 5246 3025 5289 est
3054 5236 3193 5290 beati
3229 5238 3474 5306 magistri

1911 5332 2168 5393 militum,
2191 5331 2256 5384 ad
2295 5331 2440 5383 hunc
2470 5345 2645 5398 usque
2674 5329 2838 5390 diem,
2869 5343 2994 5381 cum
3027 5328 3196 5382 multa
3225 5330 3478 5399 explora-

1913 5425 2190 5488 verimus,
2243 5424 2447 5477 nullam
2497 5421 2833 5485 excellentiae
2880 5429 2987 5473 tua;
3029 5421 3300 5475 scribendi
3337 5423 3475 5475 viain

1908 5520 2156 5572 idoneam
2209 5516 2352 5571 nacti
2389 5532 2632 5571 sumus:
2680 5524 2734 5568 et
2785 5529 2931 5568 nunc
2977 5530 3100 5569 cum
3151 5517 3476 5576 scribimus,

1907 5610 2037 5663 nihil
2067 5609 2259 5679 jnvare
2282 5618 2355 5672 te,
2383 5625 2482 5663 nec
2509 5622 2724 5678 gravem
2755 5621 3048 5677 possumus
3075 5608 3254 5664 cordis
3273 5623 3478 5664 mcero-

1698 5721 1925 5779 ΝΟΤι-Ε.

287 5842 379 5904 (6)
403 5837 462 5891 in
505 5836 621 5890 cod.
652 5837 781 5902 Reg.
815 5845 926 5905 ριε’.

2025 5843 2095 5908 (7)
2122 5843 2174 5894 in
2209 5843 2327 5898 Cod.
2363 5843 2492 5907 Reg.
2537 5845 2665 5912 ptg'.
2704 5844 2778 5909 (⁵)
2815 5841 3161 5897 Paraenetica.
