3934 6456
524 362 655 428 1371

1723 370 1784 430 S.
1814 367 2212 430 THEODORI
2252 367 2599 436 STUDITIE

3633 360 3767 424 1372

507 496 622 535 rem
651 479 955 537 sublevare.
993 481 1126 549 Quae
1163 484 1306 539 enim
1367 486 1590 555 reperiri
1645 497 1813 556 queat
1873 487 2082 550 oratio,

2197 485 2489 555 δυνάμεθα.
2563 485 2661 550 Τίς
2714 483 2824 556 γάρ
2882 484 2976 538 καὶ
3030 480 3341 554 ὲξευρεθείη
3392 479 3549 547 λόγος
3603 478 3765 544 ἄλγος

505 590 632 643 qua;
658 585 814 630 tanto
845 576 1019 631 dolori
1052 577 1370 631 medeatur?
1409 580 1659 632 Attamen
1699 566 1759 633 ut
1794 577 1943 632 illius
1987 591 2088 631 nos

509 682 730 737 quoque
784 668 838 721 in
875 680 1083 738 partem
1127 669 1316 724 venire
1358 671 1757 736 ostendamus,
1809 685 1920 724 non
1967 671 2088 738 ejus

513 767 724 811 tantum
747 773 915 813 causa
948 761 1042 829 qui
1074 761 1138 814 ad
1174 760 1468 816 Dominum
1498 762 1669 828 abiit;
1702 761 1974 831 siquidem
2005 761 2089 815 vir

515 845 692 900 bonus
729 855 783 900 et
810 848 971 916 pius,
1004 849 1268 904 doctrinae
1309 851 1630 905 orthodoxa:
1677 860 2086 922 pr0pngnator,

511 938 770 1007 pacisque
801 940 949 1009 pugil
979 940 1267 1010 dereliquit
1336 958 1458 1006 nos,
1492 957 1525 997 0
1556 943 1876 997 calamitas!
1912 931 2091 998 sed‘et

512 1028 589 1080 tui
630 1029 802 1097 gratia
833 1045 953 1097 qua:
974 1030 1229 1084 derelicta
1267 1045 1347 1094 es,
1375 1031 1648 1101 conjugali
1691 1032 1895 1084 auxilio
1925 1031 2091 1085 desti-

511 1128 660 1182 tuta,
694 1121 991 1188 praesertim
1030 1136 1156 1176 cum
1206 1123 1305 1175 viri
1361 1137 1550 1177 amans
1588 1137 1738 1178 esses
1769 1123 2086 1180 admodum.

512 1211 618 1264 Sed
654 1213 915 1280 quoniam
947 1213 1116 1268 divini
1155 1214 1357 1270 decreti
1406 1215 1590 1284 ignara
1641 1230 1750 1269 non
1790 1230 1884 1269 es:
1921 1214 2090 1269 Terra

511 1317 564 1354 es
587 1342 601 1365 ,
641 1311 691 1355 et
731 1304 784 1356 in
818 1303 1016 1358 terram
1043 1309 1312 1359 reverteris
1349 1307 1429 1372 ‘3;
1476 1318 1530 1361 et
1564 1322 1782 1361 rursum
1814 1325 1827 1361 :
1881 1305 1948 1360 Ut
1987 1323 2091 1360 non

513 1395 900 1448 contristemini
946 1399 1010 1449 de
1057 1394 1474 1464 dormientibus,
1529 1399 1663 1451 sicut
1707 1408 1754 1452 et
1795 1400 1969 1452 caeteri
2000 1401 2089 1470 qui

515 1502 659 1553 spem
690 1504 788 1540 non
817 1488 1008 1542 habent
1044 1489 1122 1555 ἰς
1158 1506 1282 1544 cum
1323 1491 1398 1544 illi
1430 1506 1458 1544 a
1493 1490 1601 1546 Deo
1632 1491 1932 1546 adducendi
1980 1493 2092 1548 sint

515 1592 638 1633 cum
670 1577 796 1634 Jesu
839 1581 894 1634 in
923 1582 1320 1638 resurrectione
1346 1603 1359 1637 :
1392 1584 1675 1639 hortamur
1698 1592 1753 1640 et
1775 1600 1996 1642 oramus
2032 1593 2091 1639 ut

515 1669 746 1724 nimium
779 1671 1020 1726 dolorem
1058 1674 1314 1742 abjicias.
1345 1675 1777 1730 consolationem
1833 1678 2074 1748 aliquam

515 1763 772 1832 accipias,
804 1764 869 1816 ad
899 1771 950 1816 te
980 1764 1189 1827 redeas,
1223 1764 1466 1817 animum
1497 1766 1768 1822 exhilares
1793 1784 1808 1822 :
1838 1769 2088 1838 quando-

515 1853 740 1921 quidem
779 1854 980 1908 liheros
1043 1854 1234 1918 habes,
1283 1865 1337 1910 et
1393 1855 1597 1910 familia
1650 1858 1744 1911 tibi
1787 1870 1868 1914 est
1911 1861 2091 1918 indole

515 1947 685 2001 animi
725 1959 1018 2017 praastans;
1043 1957 1097 2003 et
1124 1950 1227 2003 nisi
1260 1966 1411 2006 mens
1446 1951 1620 2022 erigat
1646 1967 1703 2008 se
1725 1955 1793 2007 ad
1831 1955 2092 2012 cohiben-

515 2037 646 2091 dum
669 2039 931 2102 dolorem,
960 2055 1149 2110 regere
1179 2056 1245 2096 ac
1277 2043 1378 2096 rite
1412 2043 1715 2113 gubernare
1746 2046 1895 2100 nullo
1929 2049 2091 2105 modo

514 2128 734 2197 poterit.
769 2128 851 2183 Ad
881 2139 1188 2185 extremum
1223 2132 1386 2186 beato
1415 2133 1575 2188 etiam
1627 2135 1706 2188 illi
1737 2135 2090 2204 profuturum

513 2227 600 2274 est
631 2219 683 2272 id
710 2219 854 2288 quod
881 2220 1174 2276 suademus
1201 2241 1214 2276 :
1246 2238 1356 2292 quo
1393 2221 1526 2292 quid
1564 2238 1685 2278 esse
1717 2225 1890 2292 possit
1927 2236 2089 2295 opta-

513 2307 725 2364 bilius?
756 2309 894 2375 Quid
921 2325 1052 2379 ergo
1087 2320 1278 2375 restat,
1315 2311 1574 2365 domina?
1597 2312 1672 2365 Da
1694 2313 1923 2382 gloriam
1950 2314 2092 2370 bono

517 2401 670 2468 Deo;
702 2401 883 2469 profer
915 2402 1002 2456 illa
1037 2404 1204 2456 verba
1233 2403 1335 2458 Job
1369 2421 1382 2456 :
1419 2403 1671 2456 Dominus
1695 2406 1860 2471 dedit,
1908 2405 2094 2461 Domi-

517 2509 613 2545 nus
629 2493 883 2559 abstulit;
905 2496 1040 2547 sicut
1064 2494 1287 2548 Domino
1307 2495 1509 2565 placuit
1528 2498 1604 2548 ita
1630 2505 1678 2548 et
1705 2496 1902 2558 factum
1933 2500 2089 2556 est".

516 2583 753 2638 Maxima
783 2585 908 2640 inde
942 2601 1127 2639 revera
1189 2587 1281 2639 tibi
1346 2586 1464 2640 laus
1526 2586 1722 2652 fuerit,
1781 2589 2094 2660 patebitque

519 2690 686 2744 quam
723 2677 924 2730 eruditi
953 2677 1054 2730 viri
1081 2693 1219 2731 uxor
1248 2677 1433 2733 fueris.
1468 2678 1671 2736 Doctus
1702 2681 1791 2736 ille
1820 2682 2091 2752 siquidem

516 2777 573 2820 et
608 2769 916 2837 sapiens,et
946 2770 1228 2824 institutor
1258 2787 1366 2826 non
1393 2771 1752 2828 initiatorum.
1779 2774 1959 2841 Quare
1986 2779 2096 2832 sic-

518 2873 579 2917 ut
609 2864 700 2918 ille
755 2865 888 2920 viris
917 2866 1239 2935 praeclarum
1269 2866 1373 2921 fuit
1395 2868 1728 2938 exemplum,
1752 2880 1870 2926 esto
1898 2881 1953 2927 et
1979 2872 2095 2941 ipsa

519 2955 842 3011 mulieribus
869 2999 884 3023 ,
924 2957 1140 3027 lugendi
1174 2957 1412 3012 studium
1453 2959 1752 3025 declinans,
1804 2970 1856 3014 et
1907 2973 2093 3018 osten-

519 3048 656 3102 dens
714 3055 951 3105 tutorem
1015 3051 1110 3106 tibi
1173 3050 1341 3104 Deum
1400 3066 1560 3116 esse,
1613 3053 1749 3122 qui,
1810 3069 1933 3108 cum
1982 3072 2092 3112 non

2120 1827 2164 1884 Β

2190 578 2446 632 τοσοῦτον
2471 577 2832 650 θεραπεύειν;
2873 575 3016 632 Ἀλλ’
3045 576 3132 628 ἵνα
3165 572 3504 643 καταδήλους
3537 571 3762 625 ἑαυτοὺς

2191 671 2510 741 ποιήσωμεν
2524 671 2598 734 ὡς
2631 669 2971 741 μετέσχομεν
2994 667 3089 720 καὶ
3118 666 3274 720 αὐτοὶ
3295 663 3493 732 λύπης,
3517 663 3576 714 οὐ
3606 661 3766 732 μόνον

2190 764 2284 817 ἐπὶ
2320 763 2398 835 τῷ
2431 764 2797 835 ὲνδημήσαντι
2837 763 2973 833 πρὸς
3007 760 3241 831 Κύριον·
3273 758 3356 811 ὅτι
3397 755 3538 825 ἀνὴρ
3564 752 3766 821 ἀγαθὸς

2190 856 2285 910 καὶ
2315 856 2583 925 εὐσεϐὴς,
2621 855 2904 926 πρόμαχος
2945 850 3288 923 ὀρθοδοξίας,
3325 848 3419 900 καὶ
3456 844 3766 914 ἀγωνιστὴς

2190 947 2436 1018 είρήνης,
2473 947 2828 1001 ἀπολέλοιπεν
2868 947 3036 1016 ἡμᾶς,
3068 941 3112 996 ὣ
3137 942 3239 1012 τῆς
3267 939 3586 1010 συμφοράςῑ
3629 933 3766 989 ἀλλά

2191 1040 2285 1092 καὶ
2305 1039 2397 1092 ἐπὶ
2422 1040 2504 1092 σοὶ
2524 1042 2589 1110 τῇ
2624 1037 3046 1108 καταλειφθείσῃ
3077 1036 3270 1105 ἐρήμῳ
3303 1032 3400 1102 τῆς
3430 1027 3764 1099 ὁμοζυγικῆς

2191 1130 2533 1202 ἐπικουρίας,
2570 1130 2748 1194 ἄλλως
2777 1146 2838 1182 τε
2872 1130 2967 1183 καὶ
3006 1125 3375 1196 φιλανδρούσῃ
3400 1121 3542 1174 λίαν.
3573 1117 3765 1180 Οὕτως

2190 1215 2283 1273 οὖν
2337 1220 2766 1291 ἀπαραμύθητον
2820 1217 2879 1271 τὸ
2941 1215 3113 1279 πάθος
3165 1211 3450 1277 ἀπέδειξεν
3507 1211 3536 1262 ὁ
3581 1207 3762 1275 λόγος.

2203 1309 2340 1363 Ἀλλ’
2383 1312 2506 1363 ἐπεὶ
2533 1311 2634 1363 οὐκ
2664 1305 2714 1362 εί
2745 1308 3033 1370 ἀδίδακτος
3059 1304 3152 1358 τοῦ
3182 1302 3330 1356 θείου
3369 1299 3762 1368 διατάγματος,

2189 1403 2270 1455 ὅτι
2293 1401 2384 1471 Γῆ
2409 1398 2616 1466 simcui
2643 1403 2730 1466 είς
2750 1399 2868 1470 γῆν
2903 1397 3241 1463 ἀπελεύσῃ.
3281 1394 3390 1446 Καὶ
3414 1392 3593 1444 πάλιν·
3628 1390 3766 1442 Ἵνα

2185 1495 2270 1566 μὴ
2294 1496 2393 1549 ἐπὶ
2417 1495 2542 1561 τοῖς
2558 1491 3008 1561 κεκοιμημένοις
3031 1487 3338 1556 λυπῆσθε,
3365 1484 3556 1549 καθὼς
3585 1481 3690 1536 καὶ
3713 1483 3766 1534 οἱ

2189 1585 2392 1639 λοιποὶ
2429 1586 2484 1638 οὶ
2527 1583 2607 1652 μὴ
2653 1582 2898 1652 ἔχοντες
2947 1578 3200 1633 ἐλπίδα·
3250 1577 3327 1639 ὡς
3363 1574 3769 1645 ἀχθησομένοις

2192 1677 2291 1730 σὺν
2329 1676 2408 1746 τῷ
2451 1674 2630 1746 Ἰησοῦ
2683 1673 2788 1726 ὑπὸ
2835 1670 2973 1726 Θεοῦ
3012 1672 3070 1724 ὲν
3104 1671 3170 1741 τῇ
3214 1665 3542 1722 ἀναστάσει·
3581 1678 3768 1733 παρα-

2193 1768 2467 1839 καλοῦμεν
2519 1768 2610 1822 καὶ
2661 1762 3052 1834 ἀντιϐολοῦμεν
3103 1759 3339 1814 κενῶσαί
3398 1775 3459 1810 σε
3516 1755 3578 1809 τὸ
3628 1753 3769 1807 πολὺ

2190 1861 2288 1932 τῆς
2310 1858 2520 1930 λύπης,
2572 1857 2759 1911 λαϐεῖν
2791 1853 3141 1926 παραμύθιον
3178 1852 3396 1924 μικρὸν,
3440 1850 3520 1911 είς
3564 1846 3770 1918 ἑαυτὴν

2191 1953 2475 2024 γενέσθαι,
2531 1949 2784 2022 ἱλαρῦναι
2829 1949 2930 2018 τὴν
2978 1946 3186 2016 ψυχήν·
3233 1943 3421 2013 ἐπειδὴ
3467 1941 3561 1994 καὶ
3598 1941 3770 1992 τέκνα

2192 2046 2367 2117 ἔχεις,
2400 2045 2497 2098 καὶ
2545 2043 2695 2097 οἰκία
2742 2059 2823 2095 σοι
2878 2041 3114 2109 πάρεστι
3151 2034 3528 2109 μεγαλοφυής·
3578 2033 3677 2086 καὶ
3717 2032 3771 2084 εί

2196 2141 2272 2211 μὴ
2292 2139 2320 2190 ὁ
2345 2137 2470 2201 νοῦς
2489 2136 2772 2204 ἀνενέγκοι
2800 2133 2900 2203 τῆς
2924 2131 3387 2202 κατακρατήσεως
3414 2125 3509 2180 τοῦ
3533 2125 3767 2192 πάθους,

2194 2232 2415 2285 διοικεῖν
2441 2229 2535 2280 καὶ
2570 2227 2777 2280 διέπειν
2825 2223 3001 2295 ὀρθῶς
3048 2223 3149 2275 οὐκ
3188 2222 3253 2275 ἀν
3303 2235 3433 2272 ποτε
3483 2217 3768 2287 δυνηθείη.

2207 2323 2332 2376 Ἐπὶ
2379 2321 2514 2374 πᾶσι
2543 2319 2600 2372 δὲ
2636 2316 2878 2388 κάκείνῳ
2921 2314 3001 2384 τῷ
3034 2312 3292 2383 μακαρίῳ
3321 2309 3666 2379 λυσιτελήσει
3708 2307 3772 2360 τὸ

2191 2412 2517 2482 λεγόμενον·
2555 2401 2618 2460 οὗ
2662 2407 2713 2459 τί
2755 2406 2822 2460 ἂν
2871 2406 3083 2474 γένοιτο
3135 2401 3766 2475 περισπουδαστότερονς

2193 2504 2260 2556 Τί
2285 2497 2380 2556 οὖν
2409 2499 2616 2565 λοιπὸν,
2659 2492 2703 2552 ὦ
2737 2496 2937 2568 κυρία;
2972 2497 3058 2558 δὸς
3088 2495 3243 2560 δόξαν
3273 2493 3352 2564 τῷ
3389 2491 3581 2562 ἀγαθῷ
3607 2490 3733 2560 Θεῷ
3752 2504 3769 2520 ·

2195 2593 2422 2663 φθέγξαι
2457 2592 2526 2645 τὰ
2552 2588 2645 2644 τοῦ
2687 2589 2839 2655 Ἰὼϐ,
2881 2589 2935 2640 Ὀ
2963 2588 3179 2655 Κύριος
3204 2587 3447 2649 ἔδωκεν,
3475 2586 3508 2638 ό
3549 2583 3772 2650 Κύριος

2193 2685 2506 2754 ἀφείλετο·
2553 2683 2634 2748 ὡς
2659 2679 2739 2746 τῷ
2770 2679 2965 2748 Κυρίῳ
2998 2677 3232 2742 ἔδοξεν,
3263 2677 3451 2741 οὓτως
3492 2674 3593 2728 καὶ
3633 2673 3771 2743 ἐτέ-

2192 2795 2350 2832 νετο.
2393 2774 2491 2845 Εἴη
2531 2772 2782 2827 ἐντεῦθεν
2809 2773 2885 2835 ὡς
2909 2770 3123 2840 ἀληθῶς
3157 2767 3412 2840 μέγιστον
3455 2765 3634 2829 κλέος,
3673 2765 3775 2818 καὶ

2195 2870 2421 2940 φανείης
2442 2869 2557 2922 οἴου
2583 2865 3016 2935 πεπαιδευμένου
3044 2862 3236 2933 ἀνδρὸς
3260 2860 3524 2930 ὁμόζυγος
3553 2857 3773 2926 ἐγένου.

2194 2965 2307 3018 Καὶ
2336 2963 2443 3033 γάρ
2469 2963 2672 3024 ἐκεῖνος
2702 2961 2796 3014 καὶ⁴
2821 2956 3144 3027 γνωστικὸς,
3177 2956 3270 3010 καὶ
3297 2953 3478 3022 σοφὸς,
3508 2951 3603 3004 καὶ
3631 2969 3772 3004 παι-

2195 3057 2388 3127 δευτὴς
2421 3056 2525 3107 τῶν
2553 3054 2833 3125 ἀμυήτων.
2880 3050 2968 3114 Ὠς
3010 3049 3120 3120 γὰρ
3149 3042 3240 3102 οὖν
3273 3047 3478 3107 ἐκεῖνος
3508 3044 3776 3114 ἀνδράσιν

520 3153 714 3205 esses,
784 3148 843 3193 ut
913 3155 1061 3196 esses
1122 3140 1189 3195 de
1247 3141 1421 3195 nihilo
1472 3152 1521 3196 te
1572 3142 1864 3211 produxit,
1919 3153 1974 3197 et
2029 3146 2095 3200 ad

2199 3149 2502 3216 ὑπόδειγμα
2524 3145 2709 3210 καλὸν,
2737 3144 2828 3196 ἔσο
2865 3142 2959 3195 καὶ
2983 3141 3122 3210 αὑτὴ
3141 3138 3410 3208 γυναιξὶν,
3440 3135 3776 3189 ἐκκλίνουσα

520 3227 805 3284 florentem
855 3239 1067 3285 :etatem
1123 3231 1413 3301 perduxit,
1469 3241 1522 3287 et
1579 3242 1728 3288 tanto
1790 3237 1911 3289 viro
1966 3251 2096 3291 con-

518 3320 745 3391 junxit,
805 3321 1248 3393 disjunctamque
1303 3323 1498 3379 iterum
1554 3326 1707 3379 uniet
1765 3341 1859 3395 per
1914 3343 2097 3383 resur-

522 3412 845 3468 rectionem.
904 3412 1086 3479 Quare
1143 3429 1430 3469 excessum
1484 3416 1652 3484 ipsius
1704 3420 2096 3486 peregrinatio-

526 3519 649 3556 nem
679 3517 800 3558 esse
839 3505 1042 3574 cogita.
1098 3505 1294 3559 Annon
1326 3507 1490 3575 igitur
1531 3508 1890 3577 privationem
1923 3509 2095 3567 ferres

526 3599 571 3651 si
623 3613 715 3652 rex
774 3607 1023 3654 terrenus
1069 3601 1393 3655 mandaret?
1429 3602 1550 3668 Fer,
1587 3604 1819 3658 domina
1872 3621 2011 3669 mea,
2043 3613 2098 3660 et

528 3683 687 3737 istam
728 3701 893 3755 quam
926 3688 1074 3742 solus
1109 3704 1270 3744 verus
1297 3698 1349 3744 et
1385 3692 1631 3746 omnium
1660 3708 1754 3747 rex
1791 3694 2093 3761 imperavit.

527 3773 604 3827 lta
635 3791 862 3845 prorsus
893 3779 1177 3833 hortamur
1209 3797 1221 3833 :
1254 3790 1307 3835 et
1335 3797 1465 3836 vero
1513 3799 1796 3852 speramus
1850 3794 2098 3856 receptu-

532 3881 648 3920 ram
692 3879 742 3922 te
778 3883 900 3923 eum
945 3871 997 3922 in
1042 3872 1129 3925 die
1158 3872 1268 3936 illa,
1332 3887 1618 3943 postquam
1666 3876 1987 3938 viduitatem
2043 3879 2098 3933 in

533 3956 764 4013 Domino
803 3965 1133 4028 servaveris,
1171 3974 1224 4017 et
1251 3965 1463 4034 egregia
1493 3967 1732 4036 germina
1763 3984 1926 4037 quam
1959 3972 2100 4039 opti-

531 4067 617 4106 mc
639 4052 945 4108 institueris
976 4071 989 4106 :
1022 4071 1142 4124 quae
1170 4068 1223 4109 et
1249 4072 1348 4111 nos
1379 4059 1700 4123 salutamus,
1733 4068 1787 4113 et
1817 4060 2100 4116 hortamur

532 4150 592 4194 ut
621 4143 735 4211 pari
772 4158 836 4198 ac
877 4153 932 4199 tu
965 4147 1133 4200 animi
1169 4147 1541 4203 moderatione
1596 4160 1873 4219 paternam
1906 4153 2102 4207 absen-

531 4240 660 4292 tiam
695 4239 894 4308 ferant,
931 4253 986 4297 et
1017 4255 1262 4302 materna
1294 4246 1598 4301 directione
1630 4248 1694 4302 ad
1732 4258 1878 4304 recta
1917 4250 2100 4306 omnia

533 4332 910 4390 iuformentur.

821 4628 956 4685 CXI.
993 4660 1058 4668 —
1090 4629 1365 4685 Mouachis
1406 4631 1776 4702 Myelensibus.

2195 3238 2256 3291 τὸ
2292 3235 2613 3306 φιλοπενθὲς
2633 3275 2648 3300 ,
2679 3235 2774 3288 καὶ
2808 3231 3130 3286 δεικνύουσα
3157 3231 3240 3282 ὃτι
3280 3247 3362 3282 σοι
3394 3226 3710 3298 προστάτης
3742 3225 3777 3278 ὁ

2195 3331 2347 3393 Θεὸς,
2382 3329 2440 3392 ὃς
2466 3328 2560 3381 καὶ
2593 3328 2657 3380 ὲκ
2683 3325 2777 3378 τοῦ
2820 3323 2895 3394 μὴ
2927 3323 3079 3386 ὄντος
3121 3322 3201 3384 εἰς
3242 3321 3302 3373 τὸ
3335 3316 3474 3374 εἷναί
3523 3336 3584 3373 σε
3626 3336 3779 3388 stap-

2195 3424 2390 3494 ήγαγε,
2427 3423 2520 3475 καὶ
2551 3423 2632 3483 είς
2661 3417 2847 3489 ἀκμὴν
2877 3416 3091 3487 ἡλικίας
3125 3416 3321 3485 ἤγαγε,
3347 3413 3442 3465 καὶ
3464 3412 3780 3483 τηλικούτῳ

2196 3512 2348 3586 ἀνδρὶ
2376 3509 2678 3573 συνέζευξε,
2708 3509 2801 3561 καὶ
2822 3502 2978 3569 αὖθις
3001 3503 3288 3568 διαζεύξας
3317 3499 3537 3554 ὲνώσειε
3557 3500 3643 3552 διὰ
3671 3501 3778 3568 τῆς

2196 3604 2584 3665 ἀναστάσεως·
2650 3600 2789 3652 ὥστε
2847 3598 3068 3668 νόμισον
3136 3594 3444 3664 ἀποδημίαν
3505 3587 3642 3644 εἶναι
3713 3593 3783 3646 τὸ

2198 3697 2450 3764 πρᾶγμα.
2489 3694 2603 3746 Οὐκ
2653 3682 2760 3761 ἆρα
2790 3692 3019 3761 ἦνεγκες
3063 3689 3162 3761 τὴν
3201 3688 3482 3758 στέρησιν,
3518 3685 3566 3738 εί
3610 3684 3780 3754 βασι-

2197 3788 2319 3851 λεὺς
2358 3788 2601 3852 ἐπίγειος
2630 3784 2961 3855 ὲπέτρεψεν;
2995 3780 3174 3848 Οῐσον,
3211 3778 3472 3834 δέσποινά
3519 3795 3642 3849 μου,
3677 3781 3781 3830 καὶ

2197 3880 2390 3951 τήνδε,
2431 3879 2497 3950 ἦν
2530 3881 2558 3931 ὁ
2603 3878 2764 3947 μόνος
2808 3874 3060 3946 ἀληθινὸς
3109 3873 3204 3926 καὶ
3233 3872 3455 3925 πάντων
3513 3868 3781 3938 βασιλεὺς

2199 3973 2471 4026 ἐκέλευσε.
2534 3971 2663 4037 Ναὶ,
2699 3968 3158 4038 παρακαλοῦμεν,
3212 3964 3308 4018 καί
3339 3981 3403 4032 γε
3441 3961 3782 4030 πιστεύομεν

2198 4063 2572 4136 ἀπολήψεσθαι
2601 4080 2659 4114 σε
2689 4060 2854 4114 αὑτὸν
2884 4061 2941 4112 ὲν
2974 4061 3040 4127 τῇ
3089 4057 3275 4128 ἡμέρᾳ
3315 4053 3499 4127 ἐκείνῃ
3518 4069 3532 4085 ο
3564 4052 3784 4122 φυλάτ-

2199 4172 2395 4209 τουσαν
2428 4154 2527 4221 τὴν
2555 4150 2783 4221 χηρείαν
2828 4150 2885 4202 ὲν
2910 4147 3099 4216 Κυρίῳ
3120 4185 3135 4212 ,
3165 4145 3260 4198 καὶ
3301 4158 3489 4195 τεκνοτ
3502 4139 3784 4212 ροφοῦσαν

2199 4248 2397 4320 ἄριστα
2442 4247 2512 4300 τὰ
2553 4243 2692 4297 καλά
2737 4243 3130 4314 βλαστήματα·
3183 4238 3328 4308 ἅπερ
3371 4236 3467 4289 καὶ
3495 4252 3786 4306 προσαγο-

2204 4339 2433 4412 ρεύομεν
2457 4352 2472 4366 ·
2506 4337 2602 4390 καὶ
2650 4333 3024 4405 ὁμοιοτρόπως
3067 4348 3149 4384 σοι
3181 4327 3553 4400 παραινοῦμεν
3585 4327 3786 4397 φέρειν

2203 4432 2299 4501 τὴν
2325 4429 2598 4500 πατρικὴν
2631 4428 2906 4497 στέρησιν,
2943 4423 3037 4477 καὶ
3069 4423 3312 4494 μητρυιῇ
3347 4417 3788 4473 διαπλάττεσθαι

2124 4506 2171 4562 Ῑ)
2201 4523 2454 4595 ρυθμίσει
2491 4521 2629 4593 πρὸς
2658 4521 2837 4572 πᾶσαν
2878 4515 3171 4585 εὐθύτητα.

2339 4640 2466 4692 ΡΙΑ¹
2493 4637 2592 4709 (7).
2610 4667 2682 4678 —
2709 4633 2843 4700 Τοῖς
2865 4631 3191 4702 μονάζουσι
3218 4628 3480 4695 Μυέλης.
3567 4622 3780 4699 [χμγ¹.]

1201 4747 1426 4812 Ειοϐίυω
1457 4749 1680 4811 Dionysii
1713 4752 1933 4803 monachi
1959 4754 2042 4816 qui
2069 4756 2197 4818 apud
2221 4756 2506 4819 Myclenses
2528 4755 2710 4816 hospes
2746 4750 2862 4800 illos
2886 4748 3097 4799 obierat.

603 4853 866 4907 Dormitio
906 4854 1124 4923 quidem
1174 4855 1352 4909 dilecti
1385 4856 1569 4911 fratris
1625 4858 1796 4912 nostri
1836 4858 2098 4932 Dionysii,

532 4945 756 5000 definito
804 4945 897 4998 Dei
946 4945 1175 5000 consilio
1225 4956 1351 5001 ante
1393 4948 1834 5004 constitutionem
1887 4953 2095 5018 mundi,

527 5039 641 5108 jam
667 5039 886 5096 accidit.
925 5036 1092 5094 Vobis
1128 5055 1276 5105 vero,
1316 5040 1536 5106 fratres,
1580 5041 1880 5097 benefaciat
1919 5043 2099 5098 Domi-

534 5148 661 5197 nus,
718 5132 862 5201 quod
921 5131 1073 5187 illum
1137 5134 1328 5187 morbo
1384 5133 1656 5198 affectum,
1714 5136 1766 5189 in
1823 5136 2101 5206 praestanti

535 5224 871 5279 monasterio
907 5233 1107 5289 vestro,
1145 5240 1268 5278 cum
1306 5225 1430 5279 illac
1468 5226 1568 5280 iter
1612 5226 1855 5292 haberet,
1887 5230 2104 5299 excepi-

533 5319 634 5373 stis
722 5316 885 5387 idque
927 5316 1282 5388 quoadusque
1316 5318 1717 5372 tabernaculum
1747 5320 1799 5372 in
1831 5330 1974 5374 terra
2007 5320 2103 5376 de-

534 5415 733 5481 posuit,
785 5413 1126 5482 evolavitque
1172 5413 1224 5466 in
1267 5413 1484 5467 cmlum.
1552 5413 1780 5484 Dignum
1813 5429 1975 5483 porro
2009 5416 2100 5484 qui

534 5520 600 5559 eo
635 5504 941 5574 perveniret
966 5504 1184 5559 fratrem
1218 5503 1385 5559 fuisse
1425 5506 1594 5559 multa
1649 5514 1935 5560 testantur.
1981 5506 2098 5560 Pri-

606 5620 651 5651 ²³
683 5619 880 5675 Genes.
909 5635 992 5686 ιιι,
1018 5619 1101 5674 l9.
1178 5619 1270 5674 "1
1304 5619 1498 5675 Thess.
1527 5637 1597 5686 Iv,
1638 5619 1723 5675 12.
1803 5621 1847 5652 "
1880 5618 1980 5674 Job
2014 5635 2052 5672 ι.
2084 5618 2178 5674 ‘21.

2285 4866 2350 4917 Ἦ
2375 4863 2472 4935 μὲν
2503 4861 2758 4931 κοίμησις
2782 4858 2876 4912 τοῦ
2910 4854 3194 4928 ἀγαπητοῦ
3219 4853 3376 4925 ἡμῶν
3400 4849 3632 4919 ἀδελφοῦ
3657 4853 3791 4905 Διο-

2204 4955 2406 5020 νυσίου,
2440 4955 2506 5023 τῇ
2539 4951 2816 5022 ὡρισμένῃ
2841 4949 3003 5018 βουλῇ
3041 4945 3139 5002 τοῦ
3165 4944 3301 4998 Θεοῦ
3328 4942 3434 5013 πρὸ
3459 4940 3788 5010 καταϐολῆς

2204 5045 2430 5116 κόσμου,
2491 5044 2592 5114 ἤδη
2644 5044 2769 5113 ὅρον
2827 5040 3036 5093 ἐλαϐεν.
3075 5038 3235 5107 Ὑμῖν
3302 5035 3381 5098 δὲ,
3433 5034 3676 5102 ἀδελφοὶ,
3715 5032 3785 5088 εὖ

2205 5139 2428 5208 ποιήσαι
2458 5137 2683 5207 Κύριος,
2716 5136 2797 5188 ὅτι
2838 5130 3168 5203 ὑπεδέξασθε
3200 5129 3364 5183 αὑτὸν
3395 5125 3790 5195 ἀσθενήσαντα

2207 5229 2351 5283 κατά
2410 5227 2643 5298 πάροδον
2699 5227 2756 5279 ὲν
2783 5227 2849 5294 τῇ
2901 5221 3233 5293 διαφερούσῃ
3295 5220 3423 5289 ὑμῖν
3459 5219 3599 5286 μονῇ
3627 5233 3644 5248 ο
3679 5218 3792 5270 καὶ.

2205 5320 2363 5374 τοῦτο
2395 5319 2588 5389 μέχρις
2619 5317 2684 5371 ἂν
2716 5316 2948 5370 ἀπέθετο
2995 5314 3054 5367 τὸ
3087 5313 3284 5383 σκῆνος
3330 5313 3390 5363 ὲν
3414 5312 3508 5380 γῇ,
3549 5311 3645 5362 καὶ
3670 5310 3793 5362 ἀπο

2211 5411 2351 5477 έπτη
2385 5411 2461 5472 είς
2492 5408 2738 5479 οὐρανόν.
2780 5408 2901 5460 Ὀτι
2936 5405 2994 5460 δὲ
3027 5405 3176 5468 ἄξιος
3203 5404 3300 5474 τῆς
3329 5404 3507 5454 ὲκείσε
3541 5402 3790 5471 πορείας

2205 5505 2232 5555 ό
2258 5501 2504 5572 ἀδελφὸς,
2534 5500 2808 5573 μαρτύρια
2836 5497 3029 5554 πολλά.
3049 5496 3270 5569 Πρῶτον
3297 5494 3446 5567 μὲνὴ
3475 5493 3640 5565 μέχρι
3667 5496 3789 5566 γήσ-

2025 5729 2250 5788 ΝΟΤΛΕ.

615 5821 690 5889 {7)
729 5823 781 5875 ln
812 5822 932 5875 cod.
961 5823 1091 5890 Reg.
1137 5825 1254 5891 ριίν.
