3934 6464
216 389 354 454 1373

213 525 340 577 ρους
381 510 491 564 ἀπὸ
516 514 786 585 νεότητος,
816 519 1039 590 δόκιμος
1062 525 1226 587 αὑτοῦ
1260 530 1435 588 ὑποτα

213 598 294 662 δὶς
319 601 686 674 ὲφυλακίσθη,
711 608 860 674 ἅπαξ
881 613 1094 684 ἀπῆρεν
1119 620 1177 670 ὲν
1204 623 1270 690 τῇ
1309 598 1657 702 Δύσείίὺπὲρ
1686 633 1786 704 τῆς

211 692 336 744 καθ’
370 693 518 762 ἡμᾶς
553 696 878 767 Ἑκκλησίας
914 704 1212 773 ἀπόστολος
1240 728 1254 742 ο
1285 715 1456 788 ὅνπερ
1496 692 1786 794 εὐλόγησεν

210 783 571 842 ἁποστολικὺν
599 790 793 861 στόμα,
817 795 1094 867 καὶ,ᾔνεσε
1128 783 1742 884 ῬωμαίωννἘκκλησία
1766 833 1782 848 ·

209 874 388 975 distat:
413 882 837 975 μεμαρτύρηται
885 887 990 942 ὑπὸ
1038 874 1255 959 πολλοῖς
1292 874 1653 975 ἀδελφότητος
1690 908 1787 962 αὑ-

209 967 338 1069 τοὺζ
375 968 556 1069 Ἀἱνὴρ
577 971 838 1069 δυπατὸς
872 980 1023 1069 ἔργῳ
1054 987 1152 1040 καὶ
1208 992 1386 1060 λόγῳ,
1420 967 1659 1069 ἐργάτης
1695 1001 1785 1053 ἐν·

207 1052 382 1107 τολῶν
409 1055 565 1124 Θεοῦ,
594 1061 788 1128 στύλος
823 1068 916 1122 καὶ
937 1071 1216 1146 ἑδραίωμα
1241 1080 1336 1132 τοῦ
1373 1084 1576 1139 οἰκείου
1605 1106 1786 1143 κοινο-

353 1165 369 1179 ·
408 1150 578 1243 πολλά
608 1155 985 1230 ἐνδειξάμενος
1013 1144 1216 1236 ἀρετῆς
1253 1170 1540 1243 ἰδιώματα,
1571 1181 1665 1233 καὶ
1689 1183 1784 1237 νῦν

207 1239 340 1293 αὑτὸ
378 1242 537 1298 τοῦτο
564 1248 708 1303 κατὰ
733 1252 824 1306 τὸν
865 1257 1104 1327 παρόντα
1131 1239 1390 1335 διωγμὸν,
1420 1239 1784 1345 περιερχόμε-

207 1349 298 1436 νος
327 1335 516 1436 πόλεις
546 1357 606 1393 τε
635 1343 965 1436 καὶῗχώρας,
997 1349 1416 1426 ὑστερούμενος,
1438 1335 1779 1436 θλιϐόμενος,

206 1424 263 1527 εν
296 1426 375 1497 τῷ
407 1428 679 1484 διακονεῖν
708 1435 801 1488 τὸν
833 1438 932 1508 τῆς
961 1441 1217 1514 ἀληθείας
1235 1424 1424 1518 λόγον,
1456 1424 1650 1527 μέχρις

205 1513 362 1624 ἔπνει
410 1519 726 1624 ἐκδημήσας
753 1527 889 1598 πρὸς
922 1513 1146 1603 Κύριον.
1201 1513 1468 1598 Τοιοῦτον.
1488 1513 1601 1612 οὲᾇ,
1629 1513 1716 1614 -ὡς

203 1608 438 1717 ἀλήθεια
482 1612 620 1717 ἔχει,
661 1617 1025 1692 ὲξεναγήσατε
1068 1627 1256 1684 δοῦλον
1296 1635 1524 1708 Κυρίου,
1556 1608 1650 1696 καὶ

202 1697 454 1754 λικοῦτον
482 1703 734 1775 λείψανον
766 1710 921 1781 ἅγιον
964 1721 1094 1791 παρ’
1121 1721 1250 1792 ὑμῖν
1288 1697 1614 1804 ᾠκονομηθη
1642 1697 1780 1790 ἀπο·

202 1793 660 1904 θησαυρισθῆναι.
695 1807 788 1861 Διὸ
841 1813 936 1864 καὶ
991 1815 1194 1884 μᾶλλον
1243 1793 1656 1897 προσετέθημεν
1707 1835 1774 1904 τῇ

200 1889 364 1990 κατά-
389 1891 768 1990 Θεὸνμάγάπῃ
804 1901 977 1972 ὑμῶν,
1013 1908 1107 1962 καὶ
1152 1889 1498 1985 ὲπευγόμεθα
1535 1889 1677 1990 ’ὑμῖν
1708 1889 1777 1980 τά

199 1978 379 2084 ἀγαθά
406 1982 510 2084 της
533 1985 646 2038 ἄνω
689 1988 1070 2067 Ἰερουσαλὴμ,
1102 1999 1220 2053 ἀνθ’
1249 1978 1322 2056 ὧν
1356 1978 1496 2075 μετὰ
1513 1978 1778 2084 ἀληθινῆς

200 2072 429 2139 καρδίας
457 2075 788 2142 ὑπεδέξασθε
818 2085 911 2138 τὸν
942 2087 1088 2143 ὅσιον
1114 2095 1411 2167 Διονύσιον,
1434 2095 1496 2174 οὑ
1545 2105 1606 2158 τὸ
1635 2123 1774 2178 μνη-

201 2165 437 2234 μόσυνον
467 2171 610 2238 μετὰ
641 2174 750 2230 τῶν
781 2179 1070 2252 ὁμοταγῶν
1098 2186 1290 2256 ἁγίων.

261 2468 391 2524 PIB'
411 2470 512 2542 (8).
537 2504 606 2514 -—
626 2479 1009 2572 Κατηχηὶτικξγ
1028 2487 1177 2572 πρὸς
1192 2490 1333 2572 {ope
1351 2495 1568 2554 ἑαυτοῦ
1587 2518 1702 2570 μα-

846 2555 1050 2622 θητάς.
1085 2556 1274 2635 [χμδ’.]

1412 420 1942 491 EPISTOLARUM
1978 435 2125 499 LIB.
2164 443 2244 502 ΙΙ.

3324 447 3342 511 1
3355 450 3458 514 374

1438 537 1531 608 γή.
1554 540 1770 594 Ἔπειτα

1893 568 2041 606 mum
2075 556 2317 624 quidem,
2349 559 2416 612 ab
2449 559 2733 628 iuventute
2769 560 2834 614 ad
2881 562 3090 616 senium
3129 577 3304 630 usque
3332 580 3458 632 spe-

1888 652 2032 698 ctata
2079 644 2184 701 fuit
2226 648 2347 718 ejus
2386 649 2714 704 obedientia.
2766 651 2970 706 Deinde
3016 652 3067 706 in
3100 653 3336 710 vinculis
3377 655 3461 712 bis

1888 733 2033 791 fuit:
2086 740 2251 793 semel
2314 742 2370 795 in
2421 737 2769 797 Occidentem
2824 759 2923 813 pro
2968 745 3208 801 Ecclesia
3269 757 3460 803 nostra

1887 829 2097 899 legatus
2126 832 2402 902 profectus
2425 846 2509 890 est
2542 853 2556 890 :
2601 836 2728 892 huic
2766 837 3039 893 benedixit
3086 854 3149 894 os
3190 841 3458 909 apostoli—

1883 931 2008 973 cum
2038 938 2052 975 :
2086 921 2231 978 hunc
2281 924 2522 980 laudavit
2569 925 2812 983 Ecclesia
2869 928 3112 983 Romana
3139 946 3154 984 :
3181 930 3270 999 qui
3301 932 3457 985 testi-

1886 1009 2130 1066 monium
2168 1014 2332 1069 etiam
2367 1016 2558 1071 habuit
2584 1033 2614 1072 a
2666 1017 2930 1073 fratribus
2979 1020 3093 1074 suis
3120 1022 3461 1090 quampluri-

1886 1101 2011 1154 mis.
2081 1100 2173 1156 Vir
2227 1115 2407 1174 potens
2460 1125 2610 1176 opere
2659 1126 2722 1162 ac
2762 1127 2995 1164 sermone
3018 1112 3083 1175 “,
3141 1112 3459 1168 observator

1885 1193 2264 1251 mandatorum
2312 1197 2428 1264 Dei,
2479 1201 2732 1254 columna
2786 1209 2842 1256 et
2897 1203 3298 1259 firmamentum
3345 1221 3458 1260 cm-

1887 1285 2033 1338 nobii
2078 1287 2163 1341 sui
2201 1289 2334 1358 :qni
2367 1291 2533 1344 multa
2569 1292 2817 1346 exhibuit
2858 1293 3075 1350 virtutis
3121 1312 3259 1352 verae
3282 1299 3455 1354 docu-

1885 1387 2084 1444 menta,
2110 1380 2272 1449 idque
2290 1383 2524 1438 maxime
2555 1384 2607 1437 in
2633 1384 2735 1439 hac
2770 1388 3019 1454 presenti
3051 1373 3452 1457 persecutione,

1883 1471 2061 1531 nrbes,
2103 1477 2461 1545 regionesque
2530 1492 2889 1546 percurrens,
2949 1495 3136 1551 egens,
3199 1487 3456 1542 aerumnis

1883 1577 2123 1630 pressus,
2178 1566 2304 1619 dum
2372 1568 2617 1622 veritatis
2667 1571 2892 1625 verbum
2943 1572 3246 1642 dispensat,
3280 1577 3454 1633 donec

1880 1655 2117 1708 animam
2171 1655 2369 1712 efﬂavit
2412 1659 2477 1713 ad
2518 1661 2802 1716 Dominum
2849 1667 3223 1733 proficiscens.
3265 1667 3452 1724 Talem

1880 1758 2030 1814 ergo,
2080 1754 2137 1798 ut
2177 1761 2234 1801 se
2279 1763 2364 1802 res
2420 1750 2600 1818 habet,
2653 1751 2864 1808 Domini
2910 1754 3172 1811 famulum
3219 1760 3453 1830 hospitio

1881 1837 2222 1906 excepistis;
2261 1850 2312 1894 et
2342 1849 2447 1894 tam
2488 1852 2690 1900 sanctae
2741 1846 2882 1915 apud
2943 1863 3041 1903 vos
3107 1849 3349 1919 reliquiae
3396 1859 3456 1906 ut

1885 1929 2332 1996 reconderentur,
2386 1933 2565 1988 divina
2611 1938 2948 2005 providentia
2993 1941 3244 2012 contigit.
3299 1943 3456 1999 Unde

1881 2028 1937 2074 et
1964 2019 2170 2074 arctius
2203 2031 2397 2078 vestrae
2435 2027 2728 2080 secundum
2766 2027 2933 2084 Deum
2967 2030 3219 2086 charitati
3251 2033 3455 2088 obstri-

1881 2113 1952 2167 cti
2018 2129 2230 2180 sumus,
2297 2117 2563 2188 vobisque
2628 2135 2896 2190 supremae
2951 2122 3252 2182 Jerusalem
3311 2127 3453 2182 bona

1880 2213 2132 2274 Optamus
2191 2221 2291 2276 pro
2335 2223 2399 2263 eo
2450 2211 2594 2280 quod
2649 2213 2864 2269 sincero
2918 2219 3082 2271 corde
3133 2218 3454 2288 suscepistis

1877 2292 2128 2353 sanctum
2161 2299 2501 2372 Dionysium,
2527 2305 2682 2374 cujus
2702 2309 2962 2363 memoria
2986 2319 3071 2366 est
3086 2326 3212 2366 cum
3243 2313 3452 2368 sanctis

1875 2391 1995 2461 ejus
2032 2393 2516 2450 commilitonibus.

2055 2507 2215 2563 CXII.
2241 2538 2314 2548 -
2337 2509 2668 2568 Calecltetica
2715 2513 2784 2568 ad
2819 2515 3105 2586 discipulos
3129 2534 3272 2574 suos.

573 2662 648 2713 De
673 2664 814 2715 obilu
838 2668 1060 2731 Dionysii
1083 2681 1136 2723 et
1154 2677 1323 2738 Anthi,
1347 2685 1698 2736 monachorum
1725 2704 1738 2739 :
1771 2701 1980 2749 quorum
2005 2687 2239 2737 virtutem
2271 2703 2327 2738 ac
2352 2689 2474 2738 facta
2495 2693 2728 2754 praeclara
2755 2697 3080 2747 commendat.

275 2738 529 2811 Ἀδελφοὶ
570 2746 662 2798 καὶ
686 2749 948 2821 Πατέρες.
979 2756 1161 2811 Ἀλλοι
1198 2763 1297 2830 μὲν
1317 2764 1579 2838 λυπηρῶς
1601 2771 1771 2840 ἀναγ-

190 2832 444 2898 γέλλουσι
507 2839 606 2901 τὰς
653 2841 763 2894 τῶν
806 2845 1021 2899 οίκείων
1066 2850 1397 2920 ἀποϐιώσεις
1594 2862 1650 2915 δὲ
1677 2832 1771 2918 καὶ

191 2924 312 2978 λίαν
345 2931 683 3015 περιχαριῦς.
708 2935 807 2988 Διά
830 2937 880 2989 τί
903 2955 917 3004 ;
944 2939 1025 2992 ὅτι
1055 2942 1104 2993 οί
1135 2924 1576 3015 ἀποϐεϐιωκότες
1617 2955 1768 3009 ἀδελ-

191 3020 284 3083 ςοὶ
319 3021 483 3089 ἡμῶν
512 3011 679 3090 ἅγιοι,
723 3026 968 3098 κλήσεως
1000 3035 1329 3106 ἐπουρανίου
1360 3011 1600 3115 μέτοχοι,
1639 3051 1770 3102 Ἀν-

190 3106 285 3170 Qa;
316 3109 344 3160 ὁ
375 3112 699 3184 ιρερώνυμος
733 3118 987 3188 ἡνθηκὼς
1014 3123 1110 3188 τὰς
1132 3106 1477 3196 ἁρετάςίκαὶ
1496 3106 1768 3200 λιονύσιος

189 3203 220 3258 ό
246 3201 558 3273 διαπρέψας
588 3209 956 3277 Διονυσιακῶς
985 3216 1105 3268 καθ’
1132 3220 1408 3291 ὁσιότητα.
1445 3219 1568 3289 Οἷος
1597 3226 1652 3280 δὲ
1676 3230 1768 3282 καὶ

187 3294 216 3344 ὁ
256 3293 492 3358 θάνατος
522 3299 871 3371 ἀμφοτέρων,
897 3306 1108 3365 δίκαιον
1141 3313 1338 3368 εἰπεῖν.
1363 3317 1422 3368 '0
1448 3319 1547 3387 μὲν
1574 3319 1767 3390 ἐληλυ-

189 3383 304 3448 θὼς
337 3387 447 3440 ἀπὸ
479 3389 579 3460 τῆς
599 3393 807 3458 οίκείας
840 3395 1018 3462 ξενίας
1041 3401 1187 3484 ᾇρτι,
1219 3407 1311 3460 καί
1331 3424 1392 3476 γε
1423 3383 1766 3484 συνταξάμε-

187 3496 280 3542 νος
336 3481 468 3550 ἡμῖν
520 3483 660 3537 αὐτὰ
691 3485 754 3556 δὴ
809 3489 877 3542 τὰ
905 3480 1211 3562 τελευταῖα,
1243 3499 1300 3550 ἐν
1348 3503 1413 3571 τῇ
1447 3480 1759 3579 ὑποστροφῇ

187 3571 321 3624 καθ’
353 3574 472 3626 ὁδὸν
498 3579 843 3647 νοσηλευθεὶς
876 3584 1199 3655 κεκοίμηται
1225 3590 1384 3660 ίερῶς
1408 3594 1466 3645 ἐν
1493 3571 1763 3669 μονα-στηί

187 3664 299 3734 ρίῳ
328 3667 427 3734 τῆς
460 3667 700 3738 Μυέλης.
732 3670 790 3724 Ὀ
809 3671 864 3737 δὲ
888 3674 1144 3746 ἀσθενείᾳ
1169 3682 1499 3749 περιπεσὼν,
1532 3664 1762 3762 ὑπέστη,

185 3759 236 3815 εξ
276 3756 353 3827 μὴ
385 3760 654 3826 προπετὲς
689 3763 884 3830 εἰπεῖν,
916 3767 984 3820 τὰ
1007 3767 1097 3820 τοῦ
1138 3771 1382 3842 ἀοιδίμου
1421 3775 1539 3829 Ἰὼϐ
1588 3756 1767 3852 πάθης

186 3866 366 3918 ματα,
399 3850 511 3903 Καὶ
540 3853 647 3923 γὰρ
676 3855 771 3918 τὰς
806 3857 1014 3927 σάρκας
1038 3861 1204 3916 αὑτοῦ
1237 3861 1343 3918 εἶδε
1377 3850 1764 3940 ρυῖσκομένας,

183 3943 288 3993 καὶ
313 3943 380 3995 τὰ
393 3944 528 3998 ὀστᾶ
550 3947 930 4019 κεκολλημένα
952 3954 1016 4022 τῇ
1045 3955 1227 4023 σαρκί.
1249 3959 1407 4012 Πόνοι
1427 3962 1765 4031 ἀνύποιστοι,

183 4033 404 4101 πληγαὶ
451 4041 804 4108 τραυμάτων,
861 4042 1018 4114 ῥύσις
1071 4049 1171 4116 τῆς
1226 4053 1461 4123 γαστρὸς
1504 4056 1762 4130 ἄμετρος,

183 4125 335 4195 μόνη
375 4127 407 4196 ἡ
441 4129 577 4200 πνοὴ
627 4135 1023 4205 παραμένουσα
1045 4153 1061 4184 ε
1088 4139 1147 4192 ἐν
1177 4136 1258 4205 οἷς
1301 4125 1766 4215 εὐχαρίστως-καί

179 4218 357 4281 αὑτὸς
383 4221 519 4291 πρὸς
548 4223 770 4296 Κύριον.
806 4229 912 4284 Ἴδε
941 4231 990 4284 oi
1024 4233 1304 4304 μακάριοι,
1348 4235 1425 4302 ᾡς
1470 4243 1566 4296 καὶ
1612 4243 1766 4298 αὑτοὶ

180 4314 491 4386 μάρτυρες.
543 4319 816 4386 Διονύσιος
844 4324 873 4375 ό
913 4324 1006 4379 τοῦ
1055 4326 1191 4385 Θεοῦ
1239 4330 1478 4402 ἐργάτης
1519 4334 1764 4406 δόκιμος,

176 4413 279 4463 καὶ
311 4409 504 4474 Ἀνθος
541 4412 602 4465 τὸ
627 4415 812 4485 ἀρνίον
846 4419 940 4472 τοῦ
970 4421 1231 4491 Χριστοῦ.
1281 4426 1559 4492 Διονύσιος
1592 4431 1621 4482 ό
1666 4431 1764 4500 μέ-
1797 4457 1841 4512 ι)

175 4520 276 4573 χρι
311 4504 515 4594 γήρους
557 4507 619 4558 τὸ
661 4506 759 4576 τῆς
806 4510 1087 4582 ὑποταγῆς
1122 4515 1314 4572 ἄεθλον
1363 4520 1767 4594 ἀπὺινεότητος

172 4593 487 4658 τετελεκώς
510 4611 524 4624 ·
553 4598 647 4650 καὶ
675 4599 870 4665 Ἄνθος
895 4605 922 4656 ὁ
955 4604 1020 4671 ὲκ
1066 4607 1256 4670 παιδὸς
1302 4611 1552 4676 ὁσιωθεὶς
1599 4593 1766 4685 μέχρι

174 4688 641 4760 μεσηλικιὸτητος
701 4693 824 4747 καθ’
869 4697 1186 4770 ὑποταγήν⁶
1231 4702 1533 4775 ἀμφότεροι
1591 4709 1762 4779 σκεύη

170 4780 468 4850 εὔχρηστα
488 4783 564 4854 τῷ
594 4785 841 4860 Δεσπότῃ
868 4787 1008 4859 Θεῷ.
1038 4792 1111 4843 υὺ
1150 4794 1313 4862 μόνον
1359 4795 1418 4848 ὲν
1461 4791 1545 4859 οἷς
1589 4798 1762 4868 ὑμνήο

170 4875 362 4942 θησαν
391 4874 652 4946 πρότερον
683 4878 780 4932 καὶ
815 4879 1044 4952 ὕστερον
1069 4899 1083 4913 ο
1113 4884 1251 4955 πρὸς
1277 4885 1333 4939 δὲ
1363 4886 1457 4939 καὶ
1499 4888 1758 4957 φυλακῶν

166 4965 494 5033 διαδήματα
524 4968 711 5024 ἕνεκεν
754 4973 1102 5046 δικαιοσύνης
1152 4979 1563 5048 περιεϐάλοντο.
1600 4977 1675 5038 Οὑ
1708 4983 1763 5036 τε

165 5059 238 5112 ἂν
270 5059 488 5125 γένοιτο
519 5062 856 5134 ἐνδοξότερον
881 5083 898 5132 ;
937 5069 1092 5139 Ἔχει
1123 5070 1179 5124 δὲ
1205 5072 1434 5143 θάτερος
1466 5075 1594 5130 ἄλλο
1623 5077 1759 5130 καύ-

166 5172 361 5227 κημα.
394 5155 457 5207 τδ
494 5157 901 5231 ἐξυπηρετῆσαι
926 5165 1092 5219 αὑτὸν
1123 5166 1201 5238 τῷ
1224 5171 1399 5241 κυρίῳ
1424 5171 1641 5243 ἀδελφῷ
1663 5171 1760 5228 καὶ

165 5246 621 5318 ἀρχιεπισκόπῳ,
651 5250 745 5302 καὶ
763 5251 936 5326 ὲξυπη
948 5256 1174 5326 ρέτησιν,
1191 5259 1430 5328 μακρὰν,
1458 5263 1552 5316 καὶ
1581 5265 1642 5317 οὑ
1664 5263 1760 5332 μό·-

165 5354 263 5388 νον
299 5339 544 5427 μακρὰν,
579 5339 714 5394 ἀλλά
753 5345 850 5396 καὶ
874 5346 1276 5420 ἐπαινουμένην
1299 5351 1441 5409 λίαν.
1485 5355 1758 5427 Ἀμφοτὲσε

167 5427 358 5497 ρωθεν
390 5422 484 5479 οὖν
515 5429 844 5499 ἀξιάγαστος
868 5435 897 5487 ὁ
926 5435 1175 5508 ἀδελφός.

232 5702 285 5734 ¹⁶
323 5699 453 5754 an.
497 5717 644 5768 xxrv,
686 5703 770 5759 19.

1949 2769 2168 2826 Fratres
2199 2773 2517 2842 Patresque.
2545 2775 2647 2827 Alii
2679 2777 2895 2844 quidem
2950 2779 3196 2833 dolenter
3222 2795 3446 2835 suorum

1876 2864 2058 2917 obitus
2111 2865 2475 2932 annuntiant;
2510 2881 2614 2935 ego
2655 2884 2784 2922 vero
2825 2885 3018 2938 magna
3068 2886 3190 2926 cum
3241 2871 3445 2927 latitia.

1877 2953 2018 3018 Quid
2051 2955 2120 3007 ita
2153 2955 2176 3007 ?
2206 2957 2334 3024 quia
2374 2955 2467 3025 qui
2508 2959 2614 3013 vita
2662 2968 3016 3016 excesserunt
3044 2962 3215 3016 sancti
3253 2961 3448 3018 fratres

1876 3047 2073 3110 nostri,
2126 3047 2333 3101 caelesti
2394 3050 2678 3104 vocatione
2728 3051 3033 3119 potiuntur,
3079 3053 3296 3109 Authus
3351 3055 3446 3124 qui

1872 3137 2026 3206 juxta
2054 3153 2248 3192 nomen
2271 3154 2430 3193 suum
2460 3143 2752 3196 virtutibus
2779 3143 2961 3198 tloruit
2996 3161 3011 3210 ;
3044 3154 3097 3197 et
3129 3143 3445 3214 Dionysius,

1875 3229 1967 3297 qui
2009 3225 2253 3298 Dionysii
2323 3229 2495 3283 instar
2551 3230 2839 3286 sanctitate
2901 3233 3225 3302 praecelluit.
3258 3233 3447 3300 Qualis

1875 3328 2056 3374 autem
2092 3321 2374 3390 utriusque
2396 3337 2546 3376 mors
2575 3321 2760 3388 fuerit,
2800 3339 3016 3394 aequum
3047 3335 3130 3382 est
3154 3341 3444 3397 exponere.

1875 3395 1970 3464 Ille
2014 3411 2283 3480 quidema
2317 3413 2753 3483 peregrinatione
2801 3431 2898 3471 sua
2946 3416 3057 3485 jam
3088 3419 3280 3485 redux,
3320 3435 3446 3474 cum

1877 3510 2033 3557 antea
2065 3503 2272 3557 scilicet
2298 3505 2551 3560 mandata
2580 3522 2830 3575 suprema
2866 3508 3023 3566 nobis
3060 3511 3442 3576 commisisset,

1879 3594 1932 3647 in
1974 3594 2148 3647 reditu
2183 3594 2375 3649 morbo
2413 3594 2469 3648 in
2517 3596 2602 3650 via
2651 3607 2955 3668 correptus,
2989 3599 3078 3671 pie
3118 3601 3449 3655 obdormivit

1883 3685 1937 3739 in
1969 3686 2307 3740 monasterio
2333 3686 2610 3756 Myelensi.
2637 3687 2735 3744 llic
2764 3706 2892 3744 vero
2921 3692 3251 3747 valetudinis
3291 3693 3446 3746 intir-

1876 3778 2059 3831 mitate
2085 3778 2355 3841 detentus,
2391 3779 2746 3836 celeberrimo
2775 3780 2900 3848 Job,
2951 3784 3054 3838 nisi
3095 3785 3444 3839 temerarium

1875 3881 1954 3924 est
1984 3869 2187 3937 dicere,
2221 3872 2369 3940 paria
2401 3887 2694 3942 perpessus
2717 3882 2817 3929 est.
2847 3873 2981 3929 Nam
3010 3885 3064 3930 et
3092 3891 3286 3931 carnes
3315 3892 3446 3932 suas

1873 3962 2170 4018 deﬂuentes
2203 3964 2359 4028 vidit,
2395 3975 2448 4020 et
2486 3981 2607 4019 ossa
2642 3969 2792 4023 carni
2825 3968 3154 4038 agglutinata
3183 3987 3197 4036 ;
3233 3970 3447 4026 labores

1875 4057 2264 4122 intolerabiles,
2295 4061 2469 4128 plagae
2508 4058 2769 4117 confracti
2805 4062 3069 4130 corporis,
3115 4062 3444 4131 profluvium

1872 4147 2078 4200 ventris
2122 4147 2497 4210 immodicum.
2544 4148 2694 4205 solus
2730 4160 2945 4206 restans
2967 4151 3245 4208 anhelitus
3279 4172 3293 4208 :
3322 4171 3446 4223 qua:

1874 4253 1997 4292 cum
2041 4240 2335 4310 gratiarum
2368 4243 2582 4299 actione
2623 4253 2676 4296 et
2707 4243 2963 4312 patientia
3022 4246 3303 4314 perferens
3340 4249 3447 4300 mi-

1874 4332 2047 4401 gravit
2083 4343 2138 4387 et
2165 4333 2280 4403 ipse
2315 4335 2380 4388 ad
2409 4333 2724 4390 Dominum.
2770 4336 2920 4391 Beati
2948 4354 3156 4404 revera,
3183 4350 3444 4411 tanquam

1872 4433 1925 4481 et
1951 4423 2055 4491 ipsi
2086 4436 2374 4495 martyres,
2414 4425 2723 4496 Dionysius,
2756 4430 2958 4499 probus
2989 4431 3083 4486 Dei
3136 4433 3442 4501 operarius,

1869 4525 1922 4571 et
1946 4518 2160 4572 Anthus
2192 4518 2440 4586 agnellus
2468 4517 2693 4574 Christi.
2727 4521 3035 4591 Dionysius,
3061 4522 3151 4591 qui
3187 4538 3218 4577 a
3244 4523 3444 4592 juven-

1866 4617 1981 4662 tute
2004 4609 2072 4662 ad
2112 4610 2326 4663 senium
2380 4625 2551 4679 usque
2607 4611 2931 4668 obedientia:
2980 4624 3256 4669 certamen
3323 4632 3445 4684 per-

1863 4701 2019 4755 duxit
2055 4719 2070 4766 ;
2112 4711 2167 4754 et
2198 4701 2433 4768 Anthus,
2469 4703 2561 4771 qui
2598 4720 2626 4756 a
2666 4719 2836 4774 puero
2877 4722 3050 4775 usque
3095 4708 3161 4761 ad
3207 4708 3440 4762 mediam

1862 4802 2076 4850 aetatem
2125 4792 2425 4847 obediendo
2478 4794 2825 4852 sanctitatem
2870 4796 3097 4867 adeptus
3140 4808 3241 4853 est.
3267 4797 3443 4854 Ambo

1864 4897 1992 4937 vasa
2023 4883 2172 4936 utilia
2207 4883 2438 4938 Domino
2466 4882 2576 4938 Deo
2605 4901 2618 4939 :
2645 4901 2750 4940 non
2785 4886 2841 4940 in
2870 4887 2939 4942 iis
2989 4889 3153 4944 modo
3201 4906 3440 4960 quorum

1863 4990 2028 5030 causa
2058 4977 2211 5046 prius
2266 4993 2330 5031 ac
2379 4977 2655 5046 posterius
2694 4978 2892 5033 laudati
2950 4991 3122 5046 sunt;
3177 4985 3271 5036 sed
3292 4983 3440 5052 quod

1860 5077 2123 5137 praeterea
2158 5083 2440 5125 carcerum
2483 5070 2701 5125 coronis
2745 5082 2966 5140 propter
2989 5071 3258 5141 justitiam
3287 5075 3437 5131 redi-

1861 5161 1980 5214 miti
2012 5169 2145 5216 sunt
2179 5179 2193 5215 :
2227 5177 2337 5231 quo
2366 5161 2498 5230 quid
2522 5162 2699 5232 possit
2747 5178 2868 5218 esse
2898 5165 3185 5235 gloriosius
3211 5167 3233 5220 ?
3264 5166 3439 5223 Habet

1860 5265 2041 5309 autem
2084 5257 2221 5309 alter
2275 5256 2416 5310 aliud
2471 5273 2581 5327 quo
2616 5272 2677 5312 se
2718 5257 2906 5327 jactet,
2967 5260 3112 5330 quod
3173 5262 3433 5318 nimirum

1859 5349 2155 5404 famulatus
2200 5348 2270 5404 sit
2308 5349 2528 5405 domino
2572 5349 2727 5405 fratri
2773 5360 2827 5407 et
2883 5354 3295 5426 archiepiscOpo
3381 5367 3437 5412 et

1858 5439 2075 5510 quidem
2128 5440 2287 5510 longo
2333 5439 2618 5507 famulatu,
2671 5456 2770 5497 nec
2820 5442 2981 5515 longo
3030 5446 3229 5510 solum,
3260 5446 3436 5501 sedet

1861 5532 2017 5587 valde
2062 5532 2296 5587 laudato.
2337 5531 2584 5605 Utroque
2617 5533 2784 5602 igitur
2827 5537 3049 5594 nomine
3074 5538 3435 5596 admiratione

1863 5625 2059 5696 dignus
2088 5633 2171 5681 est
2200 5625 2386 5682 frater.

1695 5809 1925 5866 NOTAE.

236 5869 326 5937 (8)
357 5865 417 5922 In
452 5867 569 5922 cod.
614 5868 741 5937 Reg.
770 5879 871 5936 ρκ’.
