3934 6484
481 393 618 459 1375

1675 399 1738 458 5ο
1769 395 2163 459 THEODORI
2206 396 2554 458 STUDITE-
2605 425 2615 434 ι

3612 388 3747 453 1376

553 510 631 562 Ad
657 507 772 563 haec
800 523 954 580 ergo,
989 510 1210 575 fratres,
1234 511 1363 581 quid
1389 510 1634 566 dicemus
1659 513 1684 565 ?
1716 511 1948 582 Migrare
1971 525 2070 565 nos

2244 508 2310 560 Τί
2335 505 2429 563 οὖν
2479 511 2723 580 εἴπωμεν
2760 510 2896 582 πρὸς
2936 509 3132 573 ταῦτα,
3170 507 3430 575 ἀδελφοί;
3461 505 3546 558 ὅτι
3574 522 3747 574 μετα-

481 599 611 654 hinc
654 614 884 670 prorsus
931 610 1202 672 quotquot
1247 602 1496 659 homines
1541 619 1756 669 sumus,
1783 603 2065 673 migratio-

479 708 715 762 nemque
763 708 886 749 esse
948 694 1019 749 ab
1084 695 1322 751 incolatu
1369 696 1437 750 ad
1484 711 1663 751 veram
1724 699 1988 767 requiem,
2036 712 2068 751 a

478 783 720 839 tenebris
747 783 817 839 ad
875 784 1073 851 lucem,
1107 801 1136 837 a
1168 786 1405 840 tuntultu
1456 786 1522 841 ad
1586 787 2062 856 tranquillitatem,

478 890 509 929 a
542 875 684 930 bello
721 874 788 930 ad
844 891 1054 946 pacem,
1110 877 1199 930 ubi
1232 893 1341 932 non
1372 889 1456 933 est
1503 878 1762 933 mordens
1814 879 2059 942 coluber,

480 968 572 1022 ubi
628 983 738 1023 non
772 979 856 1025 est
888 970 1209 1025 mutationis
1262 981 1463 1036 metus,
1506 972 1597 1026 ubi
1650 972 1866 1042 recipiet
1895 988 2064 1027 unus-

477 1060 698 1131 quisque
745 1072 902 1131 prout
945 1063 1002 1117 in
1045 1079 1260 1133 corpore
1320 1064 1503 1134 gessit,
1547 1065 1654 1119 sive
1701 1065 1915 1131 bonum,
1962 1065 2070 1119 sive

480 1152 682 1207 malum
705 1154 774 1207 ".
796 1153 976 1221 Quare
995 1156 1411 1218 contendamus,
1428 1154 1623 1211 fratres
1644 1161 1770 1219 mei,
1794 1166 1850 1212 ut
1881 1167 2069 1213 sancte

480 1245 820 1312 moriamur;
852 1261 963 1316 quo
990 1255 1247 1301 aeternam
1275 1248 1683 1302 damnationem
1709 1247 2062 1318 eii‘ugiatnus,

479 1347 535 1393 ct
566 1353 793 1409 regnum
838 1339 1101 1396 ccelorum
1148 1355 1567 1411 consequamur.
1616 1340 1953 1396 Hart-emtum
1992 1353 2071 1397 est

479 1431 711 1485 incidere
744 1431 801 1485 in
854 1448 1046 1486 manus
1079 1432 1182 1487 Dei
1212 1433 1427 1489 viventis
1446 1434 1512 1489 ⁸⁸.
1549 1434 1691 1488 Deus
1713 1442 1895 1491 noster.
1934 1433 2071 1502 ignis

480 1535 790 1574 consumens
820 1531 895 1575 est
921 1522 986 1576 ".
1007 1521 1494 1590 Pertimescamus,
1528 1525 1623 1579 lilii
1644 1524 1846 1591 dilecti,
1869 1525 2072 1580 exhor-

483 1627 787 1678 rescamus,
819 1613 1086 1669 adversus
1122 1618 1418 1673 draconem
1475 1618 1754 1673 diabolum
1808 1632 2071 1688 exsurga-

481 1719 627 1769 ntus,
657 1713 711 1759 et
750 1706 845 1775 qui
896 1715 1041 1762 stare
1074 1707 1353 1773 videntur,
1390 1718 1444 1764 et
1472 1710 1563 1779 qui
1598 1712 1863 1780 prostrati
1888 1718 2019 1766 sunt
2053 1729 2068 1766 :

482 1797 746 1866 quoniam
778 1798 885 1855 illis
909 1799 1131 1870 quidem
1155 1800 1337 1856 brevis
1360 1802 1623 1857 relaxatio
1649 1818 1839 1859 casum
1872 1803 2067 1858 mortis

480 1888 638 1943 affert
667 1905 683 1954 ;
719 1889 804 1946 his
835 1905 966 1945 vero
1000 1906 1169 1962 parva
1213 1893 1411 1948 mentis
1457 1893 1664 1947 erectio
1700 1902 1923 1963 praestat
1948 1892 2069 1947 vul-

482 1995 674 2035 nerum
704 1983 906 2037 animae
954 1985 1320 2039 curationem.
1357 1983 1617 2054 Nunquid
1662 1986 1754 2056 qui
1787 1986 1931 2039 cadit
1968 2002 2073 2039 non

482 2075 709 2144 resurgit
740 2076 766 2129 ?
804 2083 897 2127 aut
930 2075 1022 2146 qui
1048 2077 1324 2142 avertitur,
1368 2093 1473 2130 non
1505 2080 1787 2132 revertitur
1811 2077 1904 2132 ὀἳ
1935 2078 2069 2144 lmo,

482 2165 684 2222 fratres
734 2168 840 2221 mei
882 2185 897 2223 :
952 2168 1198 2223 nondum
1238 2168 1427 2224 clausa
1468 2179 1552 2224 est
1590 2167 1785 2237 janua,
1824 2170 2070 2224 nondum

484 2259 701 2315 solutus
719 2269 806 2316 est
838 2271 1166 2316 conventus.
1212 2260 1515 2317 Parcamus
1545 2262 1704 2317 nobis
1734 2262 1869 2333 ipsis
1896 2282 1909 2317 :
1939 2278 2075 2318 con-

484 2352 794 2409 sideremus
840 2354 1308 2423 quemadmodum
1343 2354 1397 2408 in
1448 2355 1583 2409 urbe
1625 2369 1931 2421 versemur,
1977 2355 2071 2410 ubi

485 2445 898 2512 consideamus,
933 2436 1265 2518 quibuscum
1313 2450 1475 2505 verba
1516 2450 1802 2515 faciamus,
1835 2462 2074 2521 quantus

485 2538 557 2595 sit
588 2540 747 2595 cibtts
776 2549 980 2605 noster,
1009 2540 1189 2610 quies,
1217 2557 1465 2608 somnus,
1491 2541 1890 2610 confabulatio,
1916 2545 2074 2615 hym-

485 2643 683 2683 norum
728 2629 1065 2699 decantatio,
1117 2640 1230 2688 tota
1296 2632 1408 2689 Deo
1467 2633 1715 2704 placens,
1772 2642 1887 2690 tota
1926 2634 2075 2691 utilis

487 2722 762 2791 proximo.

562 2814 917 2884 Miseremini,
969 2818 1338 2885 auxiliamini,
1398 2833 1467 2873 ne
1517 2819 1816 2889 quisquam
1867 2820 2075 2891 aliquid

489 2905 658 2965 faciat
688 2916 881 2963 contra
935 2924 1002 2965 ac
1050 2911 1229 2966 decet.
1266 2909 1409 2977 Quid
1453 2912 1628 2981 prosit
1652 2912 1699 2967 si
1738 2913 1923 2968 lucrer
1948 2912 2076 2969 uni-

488 3014 709 3054 versum
740 3001 1029 3068 mundum,
1059 3010 1115 3057 et
1144 3004 1362 3058 miserae
1407 3003 1607 3059 animae
1631 3019 1767 3059 mea:
1799 3005 2074 3075 iacturam

492 3089 690 3145 faciam
718 3089 805 3145 “1
835 3089 972 3159 Quis
1000 3092 1136 3146 mihi
1187 3092 1355 3162 hujus
1390 3093 1517 3148 vitae
1566 3094 1903 3163 voluptatum
1957 3094 2075 3151 fru-

2169 599 2423 669 σιίνομεν
2479 601 2695 666 πάντως
2736 605 2934 666 πάντες
2977 600 3258 672 ἄνθρωποι
3287 597 3559 661 ἐντεῦθεν,
3586 598 3686 651 καὶ
3712 598 3747 666 ἡ

2170 692 2469 761 μετάϐασις
2506 694 2615 748 ἀπὸ
2651 693 2949 765 παροικίας
2982 695 3060 757 είς
3076 690 3335 762 ἀληθινὴν
3373 690 3746 751 κατάπαυσιν,

2168 787 2232 838 ἐκ
2264 786 2488 851 σκότους
2511 789 2592 851 είς
2625 787 2760 856 φῶς,
2810 789 2920 841 ἀπὸ
2963 787 3208 859 ταραχῆς
3246 787 3326 848 είς
3362 783 3634 853 γαλήνην,
3685 784 3751 834 ἐκ

2168 880 2406 951 πολέμου
2433 884 2512 944 είς
2533 882 2779 952 εἰρήνην,
2809 882 2944 935 ὅπου
2967 881 3069 934 οὐκ
3086 880 3167 933 ἔνι
3196 880 3406 933 δάκνων
3430 877 3574 944 ὄφις,
3612 877 3749 929 ὅπου

2168 974 2269 1027 οὐκ
2296 972 2376 1026 ἔνι
2404 974 2615 1045 τροπῆς
2639 972 2825 1042 φόϐος,
2856 974 2993 1027 ὅπου
3023 972 3339 1042 κομίσεται
3383 969 3647 1033 ἕκαστος
3680 966 3754 1019 τὰ

2167 1064 2264 1118 διὰ
2292 1065 2396 1119 τοῦ
2431 1064 2706 1134 σώματος
2745 1067 2897 1135 πρὸς
2939 1064 2979 1119 ἃ
3022 1063 3303 1132 ἔπραξεν,
3334 1061 3454 1115 εἴτε
3497 1060 3753 1129 ἀγαθὸν,

2168 1158 2292 1211 εἴτε
2318 1158 2525 1211 κακόν.
2561 1158 2653 1211 Διὸ
2673 1156 3022 1226 σπεύσωμεν,
3049 1140 3270 1223 ἀδελφοί
3301 1168 3425 1223 μου,
3461 1151 3558 1202 καὶ
3580 1151 3752 1217 ἡμεῖς

2169 1251 2332 1314 ὁσίως
2364 1250 2671 1304 ἀποϐιῶσαι
2697 1267 2711 1281 ·
2750 1250 2827 1314 ὡς
2849 1249 2916 1302 ἂν
2945 1248 3213 1319 φύγοιμεν
3238 1245 3460 1306 αἱωνίας
3487 1244 3752 1314 κρίσεως,

2169 1346 2265 1398 καὶ
2290 1343 2654 1414 ἀξιωθείημεν
2676 1341 2951 1413 βασιλείας
2974 1340 3243 1413 οὐρανῶν.
3268 1335 3530 1404 Φοὸερὸν
3549 1334 3615 1387 τὸ
3646 1334 3754 1402 ἑμ-

2169 1433 2382 1487 πεσεῐν
2412 1436 2500 1499 είς
2537 1432 2739 1503 χεῖρας
2787 1431 2937 1487 Θεοῦ
2987 1430 3222 1496 ζῶντος.
3265 1429 3329 1481 '0
3365 1426 3509 1492 Θεὸς
3556 1424 3754 1494 ἡμῶν,

2169 1528 2289 1596 πῦρ
2343 1528 2816 1582 καταναλίσκον.
2871 1521 3421 1595 Φοϐηθῶμεν,τέκνα
3464 1517 3753 1587 ἀγαπητά,

2170 1620 2474 1691 φρίξωμεν,
2523 1618 2905 1689 διαναστῶμεν
2950 1616 3092 1671 κατὰ
3118 1613 3211 1668 τοῦ
3240 1614 3533 1684 δράκοντος
3566 1608 3758 1663 διαϐό-
3820 1608 3827 1611 ’

2169 1713 2285 1777 λου,
2318 1713 2413 1766 καὶ
2436 1715 2485 1766 οἱ
2515 1712 2799 1775 δοκοῦντες
2832 1708 3076 1773 ἑστάναι,
3107 1707 3200 1760 καὶ
3239 1704 3289 1758 οί
3330 1700 3760 1757 ὑποσκελισθέν-

2170 1824 2264 1869 τες
2290 1822 2304 1837 ο
2336 1806 2419 1860 ὅτι
2453 1807 2565 1866 τοῖς
2602 1805 2701 1874 μὲν
2745 1804 2974 1874 βραχεῖα
3021 1799 3291 1871 χαύνωσις
3342 1795 3550 1849 πτῶσιν
3578 1796 3759 1865 ἁπερ-

2169 1897 2398 1966 γάξεται
2429 1896 2662 1951 Θανάτου
2690 1911 2704 1925 ο
2727 1901 2843 1958 τοῖς
2864 1894 2920 1948 δὲ
2947 1892 3121 1963 μικρὰ
3139 1880 3429 1952 ἁνάνευσιέ
3452 1889 3597 1941 ἴασιν
3631 1889 3763 1941 ἀνα-

2168 1992 2313 2045 τελεῖ
2339 1989 2587 2061 ψυχικῶν
2617 1988 2968 2061 τραυμάτων.
3001 1986 3099 2054 Μὴ
3133 1987 3166 2039 ό
3214 1984 3447 2037 πίπτων
3485 1983 3598 2035 οὐκ
3651 1981 3762 2034 ἀν-

2172 2084 2409 2138 ίσταται
2434 2098 2453 2147 ;
2485 2081 2523 2150 ἢ
2547 2084 2580 2136 ό
2603 2080 3003 2150 ἀποστρέφων
3048 2080 3159 2133 οὐκ
3209 2075 3552 2144 ἐπιστρέφει
3569 2091 3590 2139 ;
3620 2073 3762 2136 Ναὶ,

2172 2174 2389 2244 ἀδελφοί
2429 2191 2529 2244 μου
2559 2188 2573 2202 °
2606 2172 2760 2227 οὔπω
2790 2174 2823 2243 ή
2856 2172 2999 2242 θύρα
3042 2170 3379 2233 κέκλεισται,
3410 2168 3564 2221 οὔπω
3592 2168 3627 2239 ἡ
3656 2185 3765 2221 πα-

2172 2266 2405 2338 νήγυρις
2448 2265 2777 2320 διαλέλυται.
2824 2262 3145 2331 Φεισὼμεθα
3178 2258 3421 2313 ἑαυτῶν*
3460 2258 3764 2329 σκοπῶμεν

2173 2361 2290 2423 πῶς
2316 2364 2374 2413 ὲν
2391 2357 2936 2429 ἄστειδιατρίὸομεν,
2957 2355 3060 2407 ποῦ
3080 2350 3445 2424 καθεζόμεθα,
3473 2351 3593 2422 μεθ’
3615 2352 3754 2406 οἴων

2177 2450 2486 2522 προσώπων
2525 2450 2909 2521 διαλεγόμεθα,
2963 2448 3170 2519 πηλίκη
3212 2448 3247 2516 ἠ
3295 2447 3471 2515 τροφὴ
3498 2445 3684 2517 ήμῶν,
3727 2463 3767 2512 η

2175 2547 2399 2618 ἡσυχία,
2432 2546 2465 2615 ἠ
2501 2544 2763 2608 ὖπνὼσις,
2791 2544 2825 2614 ἠ
2858 2543 3065 2615 ὁμιλία,
3091 2543 3124 2608 ἡ
3169 2539 3405 2611 ὖμνησις
3431 2554 3444 2566 ·
3478 2540 3574 2611 ὅλη
3626 2540 3770 2612 ἁρε-

2176 2638 2275 2708 στὴ
2305 2635 2446 2706 Θεῷ,
2477 2636 2573 2706 ὅλη
2607 2634 2896 2706 ὲπωφελὴς
2925 2634 3002 2706 τῷ
3026 2635 3218 2698 πέλας.

2260 2818 2516 2883 Ἐλεεῖτε,
2552 2816 2799 2890 βοηθεῖτε
2830 2834 2846 2849 ·
2896 2818 2969 2889 μή
3002 2816 3086 2880 τίς
3112 2834 3165 2871 τι
3204 2817 3437 2889 πράττοι
3490 2814 3645 2887 παρὰ
3698 2814 3767 2869 τὺ

2177 2914 2346 2977 εἰκός.
2377 2913 2444 2966 Τί
2472 2914 2668 2983 ὄφελος
2696 2912 2793 2967 ἐὰν
2819 2912 2940 2966 ὅλον
2974 2910 3069 2965 τὸν
3100 2911 3307 2983 κόσμον
3340 2911 3613 2983 κερδήσω,
3663 2910 3769 2963 καὶ

2178 3007 2446 3079 ζημιωθῶ
2475 3008 2576 3078 τὴν
2605 3008 2847 3076 ὲλεεινήν
2885 3022 2986 3076 μου
3018 3003 3225 3075 ψυχήν;
3249 3004 3304 3057 τί
3336 3022 3427 3075 μοι
3450 3002 3773 3076 προσθήσε-

2178 3118 2269 3154 ται
2296 3102 2355 3154 ὲν
2387 3100 2571 3172 ἡμέρα
2594 3099 2829 3154 θανάτου
2878 3095 2987 3150 τῶν
3015 3096 3145 3167 τῇδε
3173 3093 3520 3167 ἡδυπαθειῶν
3549 3092 3614 3146 τὸ
3664 3094 3768 3148 τέ-

492 3192 618 3238 ctus
653 3182 760 3239 erit
791 3183 846 3238 in
888 3184 977 3239 die
1004 3184 1243 3238 mortis?
1270 3200 1380 3254 quo
1406 3194 1591 3240 autem
1622 3185 1815 3242 dolore
1847 3186 2073 3254 afﬁciar,

2183 3193 2311 3260 λος;
2362 3192 2503 3246 τίδὲ
2551 3191 2815 3261 πείσομαι
2845 3189 2974 3243 ὅταν
3018 3189 3147 3250 τοὺς
3195 3188 3489 3257 όμοταγεῖς
3530 3202 3631 3257 μου
3668 3186 3773 3241 τδω

495 3291 621 3332 cum
645 3276 832 3332 socios
859 3285 915 3332 et
938 3278 1181 3347 aequales
1210 3291 1365 3333 meos
1396 3276 1582 3332 videro
1628 3276 1683 3331 in
1722 3275 1818 3333 Dei
1847 3295 2072 3348 regnum

495 3368 677 3432 evehi,
739 3384 826 3424 tne
883 3384 1019 3424 vero
1074 3369 1130 3424 in
1186 3370 1442 3427 tenebras
1498 3369 1805 3427 exteriores
1864 3373 2083 3443 abripi?

498 3458 660 3529 Vere,
692 3460 888 3517 fratres
917 3462 1047 3527 mei,
1081 3462 1216 3516 nihil
1254 3472 1339 3517 est
1367 3463 1666 3519 delectatio
1701 3465 1912 3529 carnis,
1943 3467 2082 3522 nihil

498 3569 724 3624 regnum
749 3564 1054 3620 terrenum,
1081 3556 1217 3609 nihil
1253 3556 1435 3626 gloria
1476 3555 1544 3611 ad
1597 3565 1814 3628 tempus
1854 3558 2081 3624 durans,

498 3649 644 3705 nihil
679 3648 890 3704 divitiae
923 3648 1087 3705 fluxae
1122 3659 1178 3705 et
1207 3652 1450 3719 caducas,
1504 3652 1642 3706 nihil
1695 3653 1905 3709 deliciae
1963 3669 2086 3724 qua:

498 3740 769 3807 defluunt,
795 3743 944 3796 nulla
974 3743 1030 3797 in
1082 3744 1195 3798 ullo
1224 3760 1439 3809 eorum,
1472 3760 1594 3814 quae
1644 3746 1714 3799 ab
1753 3746 1918 3815 hujus
1962 3747 2086 3801 vitae

498 3834 721 3902 cupidis
749 3833 979 3904 pulchra
1004 3841 1061 3889 et
1117 3836 1368 3906 speciosa
1414 3836 1804 3890 existimantur
1835 3836 2082 3891 utilitas:

499 3925 597 3981 sed
632 3926 814 3979 omnia
839 3926 1046 3980 vanitas
1081 3936 1132 3980 et
1176 3927 1519 3995 superﬂuitas
1571 3930 1790 3994 spiritus
1815 3928 1880 3993 ³¹,
1922 3935 1981 3980 ut
2010 3927 2089 3980 ln-

500 4018 690 4087 qnitur
725 4017 772 4073 is
807 4018 901 4086 qui
930 4033 1123 4073 omnes
1152 4018 1316 4085 hujus
1353 4018 1538 4074 saeculi
1573 4021 1873 4074 suavitates
1908 4018 2088 4074 fuerat

508 4118 795 4178 expertus.
828 4108 1009 4179 Atque
1066 4110 1275 4164 utinam
1322 4111 1539 4165 vanitas
1608 4111 1906 4165 duntaxat:
1960 4127 2085 4165 cum

508 4216 607 4270 pro
632 4200 728 4254 illa
779 4201 1099 4270 sempiterni
1153 4201 1433 4256 cruciatus
1473 4202 1542 4257 iis
1592 4212 1852 4270 parentur
1910 4202 2001 4272 qui
2035 4203 2090 4257 in

501 4309 566 4347 ea
587 4293 929 4347 volutantur.
950 4293 1117 4349 Nobis
1158 4309 1289 4349 vero
1330 4295 1532 4363 quibus
1553 4294 1893 4362 spiritualem
1922 4294 2090 4349 vitam

509 4387 773 4441 Dominus
797 4387 1028 4457 largitus
1059 4398 1161 4452 est,
1196 4387 1357 4457 quale
1397 4397 1798 4457 quantumque,
1832 4389 1939 4443 nisi
1971 4404 2091 4443 eam

2184 3283 2775 3356 προσλαμϐανομένους
2813 3284 2893 3346 είς
2924 3279 3202 3351 βασιλείαν
3238 3278 3398 3343 Θεοῦ,
3441 3279 3679 3351 ἐμαυτὸν
3709 3278 3773 3332 δὲ

2184 3379 2473 3450 αίρόμενον
2494 3378 2573 3439 είς
2594 3376 2657 3429 τὸ
2684 3373 2953 3445 ἐξώτερον
2983 3373 3206 3439 σκότος;
3262 3374 3491 3436 Ὄντως,
3542 3369 3773 3438 ἀδελφοί

2190 3488 2314 3542 μου,
2346 3468 2499 3522 οὐδὲν
2537 3469 2571 3539 η
2603 3464 2874 3520 εὐπάθεια
2911 3464 3011 3534 τῆς
3041 3464 3264 3535 σαρκὸς,
3318 3461 3470 3516 οὐδὲν
3518 3459 3778 3528 βασιλεία

2184 3563 2452 3630 ἐπίγειος,
2485 3559 2639 3614 οὐδὲν
2668 3558 2795 3623 δόξα
2818 3557 3177 3628 πρόσκαιρος,
3210 3553 3363 3607 οὐδὲν
3385 3550 3615 3613 πλοῦτος
3637 3552 3777 3621 ῥευ-

2190 3654 2574 3725 ματιζόμενος,
2640 3652 2796 3705 οὐδὲν
2851 3648 3033 3720 τρυφὴ
3097 3646 3467 3717 ἀπορρέουσα,
3520 3643 3677 3697 οὐδὲν
3713 3646 3775 3699 ὲν

2186 3747 2361 3800 οὐδενὶ
2404 3744 2513 3799 τῶν
2563 3740 2938 3814 νομιζομένων
2978 3739 3093 3801 τοῖς
3128 3735 3415 3807 φιλοζώοις
3459 3735 3642 3789 καλῶν
3672 3736 3778 3789 καὶ

2188 3840 2407 3912 ὡραίων
2446 3837 2680 3907 ὄφελος·
2732 3833 2869 3886 ἀλλὰ
2918 3830 2993 3886 τὰ
3047 3830 3245 3884 πάντα
3282 3829 3609 3899 ματαιότης
3668 3829 3779 3881 καὶ

2189 3934 2506 4000 περίσσεια
2558 3928 2916 3996 πνεύματος,
2950 3923 3027 3985 ῶς
3064 3939 3231 3993 φησιν
3286 3924 3315 3975 ό
3355 3920 3465 3973 τῶν
3510 3920 3774 3973 ἁπάντων

2191 4025 2364 4097 ἡδέων
2387 4023 2481 4076 τοῦ
2511 4023 2636 4093 τῇδε
2664 4019 2858 4082 αἰῶνος
2884 4017 3194 4087 ἀπόπειραν
3234 4015 3627 4084 ποιησάμενος.
3655 4013 3781 4066 Καὶ

2176 4120 2304 4173 ἐἴθε
2340 4116 2636 4189 ματαιότης
2674 4118 2870 4183 μόνον’
2907 4110 3028 4165 ἀλλ’
3076 4111 3159 4163 ὃτι
3187 4108 3303 4162 ἀντ’
3353 4107 3523 4176 αὐτῆς
3558 4122 3781 4159 αιωνιοι

2196 4212 2421 4283 βάσανοι
2476 4207 2832 4278 ταμιεύονται
2899 4205 3014 4266 τοῖς
3070 4199 3551 4270 ὲγκεκυλισμένοις
3604 4197 3777 4267 αὐτῇ.

2210 4305 2373 4375 Ἡμῖν
2426 4301 2484 4354 δὲ
2536 4296 2618 4363 οἷς
2668 4301 2701 4369 ὴ
2739 4293 3088 4365 πνευματικὴ
3124 4292 3236 4362 ζωὴ
3292 4291 3609 4361 κεχάρισται
3664 4288 3782 4341 ὑπὸ

2195 4395 2425 4467 Κυρίου,
2457 4391 2596 4460 πόση
2630 4391 2726 4444 καὶ
2754 4387 2962 4459 πηλίκη
2989 4383 3316 4456 τιμωρία,εί
3351 4381 3426 4454 μὴ
3460 4379 3783 4451 φευξόμεθα

507 4478 802 4546 fugiamus,
836 4479 1091 4533 imminet
1108 4480 1490 4549 supplicium?
1535 4479 1860 4549 Propterea,
1886 4479 2076 4537 fratres

2193 4489 2385 4556 αὐτῆς,
2417 4483 2807 4543 ἁποκείσεταις
2840 4479 2939 4532 Διά
2971 4477 3152 4538 τοῦτο,
3182 4475 3399 4543 ἀδελφοί
3461 4491 3586 4543 μου,
3634 4474 3783 4527 ὐπο-

504 4570 635 4637 ntei,
667 4585 884 4633 moneo,
942 4570 1153 4634 hortor,
1182 4571 1434 4633 obsecro,
1471 4580 1730 4639 tanquam
1776 4570 1990 4623 debitor
2028 4583 2083 4625 et

507 4676 700 4718 servus
725 4672 905 4718 vester
932 4670 1155 4732 propter
1202 4661 1512 4725 Dominum,
1547 4673 1605 4716 ut
1646 4662 1796 4731 juste
1820 4673 1873 4717 et
1895 4672 2087 4717 sancte

506 4754 759 4810 vivamus
780 4755 945 4809 etiam
976 4755 1029 4808 in
1050 4762 1350 4824 posterum,
1386 4763 1446 4807 ut
1474 4754 1638 4807 vitam
1668 4762 1935 4808 aeternam
1964 4754 2085 4808 adi-

507 4848 789 4918 piscamur
818 4847 874 4901 in
902 4845 1123 4901 Christo
1162 4845 1293 4902 Jesu
1326 4828 1557 4901 Domino
1610 4854 1822 4911 nostro,
1853 4846 1941 4901 cui
1964 4846 2085 4917 glo—

509 4939 591 4996 tia
619 4939 673 4996 in
708 4939 930 4996 saecula.
973 4940 1168 4993 Amen.

795 5053 981 5111 CXIII.
999 5086 1070 5097 —
1087 5054 1457 5128 Euphrosyna:
1486 5057 1804 5127 praepositae.

2194 4580 2511 4649 μιμνήσκω,
2547 4570 2821 4642 παραινῶ,
2861 4567 3189 4642 παρακαλῶ,
3223 4567 3299 4630 ὡς
3332 4566 3640 4634 ὀφειλέτης,
3698 4567 3783 4632 ὠς

2190 4665 2377 4727 δοῦλος
2405 4662 2559 4733 ὑμῶν
2606 4662 2695 4715 διὰ
2722 4659 2957 4731 Κύριον⁹
2990 4657 3216 4719 δικαίως
3244 4657 3339 4710 καὶ
3391 4654 3554 4718 ὁσίως
3614 4655 3780 4709 πολι-

2190 4753 2516 4824 τευσώμεθα
2541 4752 2637 4805 καὶ
2661 4751 2797 4822 πρὸς
2844 4750 2906 4803 τὸ
2933 4748 3081 4819 ἑξῆς.
3116 4748 3234 4801 Ἱνα
3267 4746 3783 4859 κληρονομήσωμεὲ

2192 4846 2339 4917 ζωὴν
2365 4842 2604 4907 αἰώνιον,
2641 4844 2700 4895 ὲν
2721 4840 2942 4913 Χριστῷ
2983 4837 3159 4909 Ἰησοῦ
3189 4837 3269 4897 τῶ
3296 4838 3490 4910 Κυρίῳ
3513 4839 3695 4911 ἡμῶν,
3733 4837 3783 4908 ᾧ

2195 4941 2229 5010 ή
2261 4938 2391 5005 δόξα
2417 4936 2497 5000 είς
2527 4936 2654 5000 τοὺς
2683 4934 2905 4998 αἰῶνας.
2954 4933 3151 5004 Ἀμήν.

2412 5055 2557 5108 PiI".
2589 5053 2764 5125 (9).-
2790 5052 3157 5122 Εὐφροσύνῃ
3176 5052 3503 5122 ἡγουμένῃ.
3579 5023 3779 5122 [χμε¹.]

1776 5167 2071 5218 Consolatur
2102 5167 2152 5218 in
2179 5162 2318 5219 obitu
2344 5166 2533 5217 matris.

584 5279 909 5335 Postulabat
954 5280 1060 5336 hoc
1108 5279 1253 5350 quod
1284 5278 1485 5334 accidit
1508 5279 1680 5333 beata:
1707 5276 1944 5333 dominae
1977 5294 2091 5331 ma-

517 5374 693 5445 trique
724 5376 1004 5429 communi
1042 5374 1164 5446 (nec
1190 5374 1336 5431 enim
1374 5372 1641 5441 refugiam
1690 5383 1919 5427 matrem
1951 5388 2090 5441 quo-

517 5482 624 5537 que
663 5476 907 5521 nostram
946 5468 1095 5522 illaut
1130 5467 1403 5537 appellare
1431 5473 1653 5538 propter
1708 5464 1982 5531 virtutem)
2031 5473 2092 5518 ut

525 5651 614 5706 14.

2278 5279 2502 5350 Ἀπῄτει
2557 5277 2612 5330 τὸ
2670 5275 2881 5345 συμϐὰν
2916 5274 3044 5346 περὶ
3092 5274 3194 5345 τὴν
3250 5272 3528 5347 μακαρίαν
3574 5275 3785 5343 κυρίαν

2194 5371 2288 5424 καὶ
2312 5371 2495 5440 κοινὴν
2529 5368 2741 5439 μητέρα
2776 5383 2790 5398 ο
2826 5368 2888 5420 οὐ
2908 5365 3018 5448 γᾴρ
3053 5366 3430 5437 παραιτοῦμαι
3462 5364 3557 5418 καὶ
3614 5364 3783 5434 ἡμῶν

2198 5464 2412 5535 μητέρα
2442 5464 2613 5533 αὐτὴν
2657 5460 2947 5532 ὀνομάζειν
3004 5460 3093 5514 διὰ
3126 5460 3225 5531 τὴν
3277 5458 3477 5530 ἀρετήν
3507 5474 3521 5489 ⁸
3574 5457 3783 5521 αὐτοὺς

592 5583 635 5612 ’⁷
667 5582 711 5636 Il
740 5582 867 5638 Cor.
898 5598 953 5649 v,
991 5580 1060 5637 10
1156 5584 1202 5616 ³⁸
1230 5581 1393 5638 Hebr.
1428 5600 1483 5650 ι,
1515 5582 1603 5637 51.
1682 5582 1727 5615 ³³
1752 5578 1919 5638 Hebr.
1952 5594 2053 5643 ιιι,

2258 5579 2304 5608 ³ο
2335 5575 2537 5633 Jerem.
2570 5592 2686 5644 vin,
2713 5576 2766 5631 4.
2844 5575 2887 5609 ³⁸
2908 5572 3099 5629 Matth.
3134 5588 3248 5640 ινι,
3281 5572 3372 5627 26.
3448 5571 3490 5603 "
3520 5568 3702 5626 Eccle.
3736 5586 3779 5627 ι.

2027 5729 2257 5790 NOTAE.

601 5862 676 5931 t9)
710 5862 767 5918 In
798 5861 922 5918 cod.
955 5860 1087 5927 Rea.
1133 5854 1271 5929 pxa'.
