3934 6482
229 421 363 487 1377

1416 425 1952 486 EPISTOLARUM
2018 427 2088 487 Li
2101 428 2166 488 B.
2200 429 2282 489 ll.

3334 427 3470 492 i378

219 540 371 609 ἡμᾶς
399 535 654 606 ἀφῖχθαι,
687 536 781 589 καὶ
801 536 891 589 τὸν
915 545 1260 606 προσήκοντα
1302 539 1588 607 ἐπιτάφιον
1619 539 1794 610 ἐκείνῃ

1909 553 2009 592 nos
2039 540 2138 608 ipsi
2177 540 2513 607 veniremus,
2551 551 2605 596 et
2651 541 2803 596 illam
2838 541 3056 612 quidem
3084 555 3324 611 congrua
3355 541 3473 595 lau-

225 643 323 701 μεν
350 628 484 702 ᾆσαι
518 645 534 660 ⁸
561 629 646 682 σοὶ
673 629 731 682 δὲ
765 631 832 699 τῇ
862 629 1320 702 ὑπολελειμμένῃ,
1381 632 1477 684 καὶ
1517 632 1680 684 οἱονεὶ
1704 633 1800 700 ὀρ-

223 725 368 793 φανῇ
398 723 498 793 τῆς
522 724 800 794 μητρυιῆς
824 737 918 773 σου
942 721 1236 789 συναφείας
1265 739 1325 774 τε
1348 722 1443 776 καὶ
1471 723 1796 792 συμπνοίας,

222 815 569 882 φθέγξασθαι
597 813 948 885 παραμύθιον
974 828 988 843 ·
1016 813 1132 882 εἴγε
1161 815 1256 867 καὶ
1285 814 1592 886 ὲξευρεθείη
1623 815 1800 868 τοιοῦ-

221 925 314 959 τον
354 907 672 979 φάρμακον,
701 906 1000 976 δυνάμενον
1026 905 1408 976 καταπραῧναί
1463 923 1556 960 σου
1591 906 1652 959 τὺ
1700 905 1801 976 τῆς

222 1000 407 1068 ψυχῆς
437 998 687 1067 ἀλγεινὸν
716 1001 810 1050 καὶ
834 997 1253 1068 συμπεπτωκός.
1311 997 1449 1049 Ἀλλ’
1479 998 1602 1050 ἐπεὶ
1639 997 1799 1050 τοῦτο

223 1092 324 1143 οὐκ
351 1092 650 1159 ἐνδέχεται,
681 1091 769 1143 διὰ
796 1091 1122 1160 γράμματος
1153 1089 1185 1158 ἡ
1229 1089 1528 1158 ὲπισκοπή.
1571 1089 1634 1141 Ὢ
1680 1089 1799 1151 πῶς

222 1183 450 1251 ἀπέπτη
503 1183 596 1249 ἀφ’
627 1183 781 1251 ἡμῶν
829 1183 862 1251 ἡ
904 1181 1043 1251 καλὴ
1101 1181 1316 1251 άμμὰς,
1355 1183 1387 1251 ἡ
1430 1182 1798 1252 Χριστοφόρος

221 1273 384 1342 γυνὴ,
407 1273 468 1324 τὸ
492 1273 778 1342 κειμήλιον
811 1273 911 1342 τῆς
951 1271 1324 1342 σωφροσύνης,
1378 1272 1438 1325 τὸ
1491 1290 1797 1342 κεχαριτω-

228 1365 393 1434 μένον
441 1365 754 1434 πρόσωπον,
789 1364 850 1416 τὸ
915 1365 1013 1433 τῆς
1057 1364 1347 1427 εὖλαδείας
1404 1365 1655 1435 τέμενος,
1735 1365 1797 1417 τὸ

223 1455 435 1524 πλῆρες
483 1455 725 1524 ἡμερῶν,
783 1455 890 1508 τῶν
935 1472 995 1508 τε
1047 1455 1325 1525 λυομένων
1377 1457 1470 1509 καί⁵
1521 1456 1799 1526 μενουσῶν

224 1547 424 1616 θέαμα,
445 1549 473 1600 δ
497 1549 829 1616 ήγιασμένος
857 1547 1004 1612 ναὸς,
1033 1551 1061 1602 ό
1086 1547 1283 1602 ὲλαιὼν
1309 1549 1406 1618 τῆς
1433 1548 1796 1618 συμπαθείας,

219 1642 246 1691 ο
278 1641 565 1712 οἰκτιρμὸς
594 1640 692 1708 τῆς
735 1640 1045 1706 ἐπιδόσεως,
1097 1641 1158 1694 τὸ
1195 1640 1331 1706 ζῶον
1376 1639 1545 1703 ὅντως
1586 1641 1649 1693 τὸ
1678 1640 1799 1692 θεό⁸

220 1732 484 1796 πλαστον,
516 1735 541 1785 ὁ
561 1734 791 1799 ἄφθονος
819 1733 1116 1804 ὀφθαλμὸς,
1148 1735 1182 1803 ὴ
1220 1733 1532 1791 ἀϐάσκανος
1577 1735 1796 1804 καρδία,

217 1828 254 1892 ἡ
292 1826 396 1895 πρὸ
426 1825 520 1878 τοῦ
556 1825 786 1878 θανάτου
809 1825 1051 1894 ’ἔκδημος
1092 1825 1201 1877 τῶν
1227 1825 1356 1895 τῇδε
1408 1824 1497 1877 διὰ
1551 1825 1640 1878 τὸν
1696 1842 1797 1877 πο-

1900 630 2120 685 datione
2151 630 2368 687 funebri
2394 649 2886 703 prosequeremur;
2920 634 3019 688 tibi
3048 643 3176 689 v'ero
3202 633 3473 689 derelicta:

1900 729 1955 775 et
1981 731 2230 779 materna
2262 725 2670 794 quodammodo
2723 726 2894 779 animi
2948 726 3306 796 corporisque
3341 743 3473 782 con-

1895 813 2183 883 junclione
2207 817 2411 871 orbata:
2457 816 2892 871 consolationem
2957 817 3348 872 adhiberemus
3377 835 3390 870 :
3423 817 3470 871 si

1902 913 2084 959 tamen
2113 909 2414 962 remedium
2447 909 2780 964 inveniretur
2797 908 3084 977 ejusmodi,
3111 908 3257 977 quod
3288 917 3473 977 posset

1900 997 2081 1053 aﬂlicti
2139 1001 2510 1070 prostratique
2539 1001 2706 1055 animi
2761 1002 3008 1054 dolorem
3059 1001 3327 1070 mitigare.
3365 1000 3473 1055 Sed

1899 1090 2158 1158 quoniam
2196 1091 2248 1144 id
2279 1091 2396 1145 ﬁeri
2450 1093 2658 1161 nequit,
2695 1107 2787 1162 per
2831 1092 3038 1147 litteras
3089 1093 3179 1146 ﬁet
3213 1091 3470 1144 visitatio.

1898 1181 1943 1236 0
1977 1198 2087 1252 quo
2119 1192 2278 1253 pacto
2303 1200 2333 1238 a
2360 1184 2518 1239 nobis
2553 1185 2790 1238 avolavit
2824 1185 2963 1239 bona
3003 1194 3196 1246 mater,
3238 1183 3475 1238 Christi-'-

1899 1272 2013 1328 fera
2047 1275 2262 1341 mulier,
2287 1275 2582 1331 thesaurus
2621 1277 2990 1340 continentia),
3018 1275 3196 1345 gratia
3219 1284 3472 1328 ornatum

1900 1375 2083 1437 caput,
2120 1370 2401 1439 religionis
2452 1371 2776 1433 sacrarium,
2827 1370 3046 1440 plenum
3090 1369 3299 1423 dierum
3355 1377 3471 1422 tum

1900 1453 2223 1508 obeuntium
2309 1466 2424 1510 tum
2525 1459 2966 1528 permanentium
3039 1457 3465 1524 spectaculum,

1900 1546 2160 1615 templum
2227 1550 2647 1614 sanctiﬁcatum,
2707 1551 2969 1605 olivetum
3045 1549 3470 1618 compassionis,

1901 1639 2304 1694 commiseratio
2339 1642 2664 1711 largitionis,
2704 1657 2828 1697 vere
2849 1657 2879 1695 a
2903 1640 3014 1696 Deo
3037 1639 3332 1695 formatum
3355 1642 3470 1694 ani-

1902 1729 2030 1793 mal,
2077 1732 2270 1787 oculus
2306 1732 2528 1788 invidiae
2578 1750 2793 1804 expers,
2830 1750 2926 1790 cor
2978 1738 3097 1792 sine
3137 1738 3474 1793 malevolen-

1904 1821 2000 1884 tia,
2037 1822 2088 1875 in
2118 1824 2224 1879 hoc
2266 1826 2450 1880 seculo
2480 1836 2604 1880 ante
2636 1838 2867 1882 mortem
2911 1832 3192 1900 peregrina
3223 1831 3292 1886 ob
3324 1831 3474 1886 desi-

221 1918 489 1987 θούμενον
516 1916 745 1987 νυμφίον
776 1917 1033 1986 Χριστὸν,
1064 1917 1156 1968 καὶ
1181 1915 1270 1968 διὰ
1296 1914 1393 1985 τὴν
1436 1916 1614 1968 ἐκεῖσε
1667 1916 1794 1969 ἅλυ-

1902 1915 2113 1969 derium
2174 1916 2372 1985 Sponsi
2406 1917 2633 1983 Christi,
2678 1935 2733 1974 et
2779 1932 3003 1990 propter
3065 1921 3310 1977 futuram
3359 1924 3472 1978 illic

220 2026 313 2061 τον
341 2009 488 2077 ζωὴν
509 2009 602 2060 καὶ
629 2010 901 2078 ἀκήρατον
923 2027 936 2073 ;
960 2009 1044 2070 Ὢ,
1078 2008 1143 2071 ὃ),
1177 2008 1315 2058 πόσα
1347 2005 1590 2077 λαλήσας
1640 2007 1798 2076 δυνη-

222 2101 378 2170 θείην
407 2101 643 2154 κενῶσαι
666 2100 727 2152 τὸ
769 2099 1041 2153 συνωθοῦν
1071 2100 1167 2169 τὴν
1208 2099 1436 2170 καρδίαν
1471 2117 1574 2169 μου
1605 2117 1799 2169 σεμνο-

218 2193 476 2265 λόγημαί
542 2192 803 2260 Καίτοιγε
836 2190 1109 2262 ὀψιμαθὴς
1158 2189 1270 2260 ἐγὼ
1320 2192 1419 2260 τῆς
1469 2193 1666 2261 κυρίας
1704 2196 1799 2245 καὶ

219 2287 327 2338 τῶν
354 2285 598 2339 ὲνουσῶν
625 2285 753 2354 ὑμῖν
803 2284 1031 2354 ἀρετῶν,
1080 2284 1174 2336 καὶ
1205 2284 1457 2338 τοσοῦτον
1504 2287 1562 2338 ὲν
1608 2286 1795 2357 πείρᾳ,

217 2379 342 2430 ὅσον
366 2378 529 2447 ἄκρῳ
552 2376 801 2444 δακτύλῳ
827 2375 1176 2444 ὲφαψάμενός
1226 2393 1310 2440 τις
1361 2376 1598 2446 μέλιτος.
1658 2377 1798 2430 Ἀλλ’

215 2471 371 2538 ὅμως
410 2472 442 2539 ἡ
476 2469 707 2539 βραχεῖα
734 2468 923 2537 γεῦσις
953 2468 1188 2538 δήλωσιν
1213 2468 1514 2539 παρίστησι
1540 2468 1641 2539 τῆς
1669 2467 1799 2538 ὅλης

216 2561 581 2630 γλυκύτητος,
607 2561 783 2621 ἄλλως
807 2575 866 2612 τε
895 2558 991 2612 καὶ
1021 2559 1172 2633 παρὰ
1209 2560 1318 2613 τῶν
1355 2561 1554 2630 μᾶλλον
1598 2577 1796 2613 πεπει-

217 2655 477 2721 ραμένων
529 2653 683 2721 ὑμῶν
718 2652 817 2719 τῆς
863 2651 1067 2722 ἀρετῆς
1132 2652 1379 2721 ἀδελφῶν
1438 2652 1792 2722 ἐκδιδαχθείς,

215 2744 500 2813 ἀρκοῦσαν
544 2745 652 2814 ἔχω
681 2743 782 2814 τὴν
831 2745 961 2815 περὶ
1012 2745 1184 2815 αὐτῆς
1233 2746 1436 2814 γνῶσιν
1487 2748 1545 2799 ὲν
1583 2746 1792 2816 Κυρίῳ.

226 2835 450 2904 Ἐκείνη
472 2833 691 2888 ἀπὸτοῦ
715 2835 958 2889 τοιούτου
994 2837 1110 2907 βίου
1159 2837 1298 2909 ἤχθη
1324 2841 1404 2902 είς
1456 2839 1576 2891 τόδε
1604 2838 1665 2891 τὸ
1695 2856 1795 2891 πο-

211 2927 471 2996 λίτευμα.
503 2929 595 2979 Δεῖ
623 2927 732 3000 γάρ
766 2945 833 2998 με
869 2928 1077 2982 ἄνωθεν
1106 2929 1417 2996 ὑπολαϐεῖν,
1469 2933 1563 2984 καὶ
1597 2931 1795 3003 μικρόν

210 3037 267 3072 τι
301 3019 642 3090 ἐνδιατρίψαι
671 3020 750 3091 τῷ
769 3021 912 3091 λόγῳ
947 3023 1296 3094 παρηγορίας
1327 3024 1510 3093 χάριν.

288 3195 450 3265 Ἔχει
482 3195 673 3261 οὕτως.
705 3198 826 3251 Τῶν
856 3200 950 3268 ἀφ’
999 3199 1156 3270 ἡλίου
1201 3199 1477 3254 ἀνατολῶν
1510 3201 1572 3254 τὸ
1612 3202 1790 3269 γένος,

209 3287 312 3340 καὶ
342 3288 486 3340 κατὰ
513 3289 697 3353 τόπον,
729 3290 988 3344 καὶκατὰ
1014 3292 1220 3359 τρόπον
1253 3307 1264 3320 ·
1302 3291 1462 3362 εἴπερ
1501 3294 1533 3362 ἡ
1593 3293 1790 3362 Ἀρμε-

207 3380 325 3442 νία,
359 3380 484 3433 ὅθεν
507 3383 602 3435 καὶ
638 3384 669 3452 ή
692 3385 791 3452 ἀρε
804 3383 882 3452 τή.
915 3384 977 3436 Εί
999 3384 1055 3436 δὲ
1089 3385 1267 3438 καὶτὸ
1299 3378 1439 3454 αἷμα
1463 3384 1543 3438 δεῖ
1565 3376 1747 3452 ζητεῖν
1773 3402 1787 3417 ·

206 3474 275 3524 ὲκ
298 3471 583 3542 βασιλικοῦ
622 3475 906 3545 κράματος
944 3478 1273 3547 στρατηγίαι
1304 3479 1399 3530 καὶ
1419 3478 1788 3547 δημαγωγίαι,

207 3565 314 3618 καὶ
341 3567 398 3619 ὲν
437 3566 700 3638 Ἀρμενία
734 3568 828 3622 καὶ
846 3570 1281 3640 ὲν,Γραικίᾳ,τοῦ
1310 3573 1580 3642 ὁμοζύγου
1614 3572 1756 3640 λέγω
1775 3591 1789 3604 ·

209 3659 348 3712 ἐπεὶ
393 3662 490 3712 καὶ
535 3663 631 3731 τὴν
677 3661 900 3733 πρώτην
952 3664 1284 3733 στρατηγίδα
1338 3659 1482 3717 εἷλεν
1535 3666 1790 3732 ἐνταῦθα,

205 3754 408 3822 ὥσπερ
442 3754 537 3805 καὶ
574 3754 674 3824 τὴν
703 3757 1125 3826 πατρικιότητα,
1154 3758 1182 3808 ὁ
1223 3758 1382 3828 ἀνήρ.
1424 3755 1498 3813 Οὗ
1542 3760 1793 3830 άπορῤα-

205 3848 382 3912 γεῖσα
407 3846 494 3898 διὰ
527 3846 781 3912 θανάτου,
811 3848 908 3899 οὐκ
960 3848 1192 3917 ἤνεγκεν
1245 3847 1381 3914 ἄζυξ
1420 3851 1622 3920 μένειν,
1673 3851 1789 3904 ἀλλ’

208 3939 307 4007 ἔχε
318 3954 370 3989 ιν
401 3939 691 4008 μνηστῆρα
710 3956 725 3971 ο
751 3938 870 3991 τίνα
890 3939 1026 4009 ἄρα;
1061 3941 1118 3991 ού
1137 3940 1285 3994 τόνδε
1315 3945 1408 3995 καὶ
1427 3942 1577 3996 τόνδε
1595 3943 1791 4014 ἄρχον-

207 4049 281 4084 τα
305 4029 343 4100 ἢ
379 4029 622 4099 βασιλέα,
660 4032 794 4101 ῶςή
853 4033 960 4086 τῶν
990 4033 1202 4088 πολ-λῶν
1253 4034 1460 4105 ἔφεσις,
1505 4042 1668 4111 σαρκὶ
1700 4038 1794 4091 καὶ

206 4124 418 4192 αἵματι
447 4126 860 4194 προσκειμένων
881 4140 894 4152 ·
929 4125 1066 4178 ἀλλά
1091 4127 1181 4181 τὸν
1214 4129 1374 4196 μόνον
1402 4130 1604 4200 ὡραῖον
1653 4149 1791 4200 νυμ-

207 4217 367 4282 φίον,
400 4214 490 4266 τὸν
513 4217 750 4285 ἄρχοντα
775 4217 874 4287 τῆς
905 4219 1147 4288 εἰρήνης.
1170 4219 1260 4271 Διὸ
1290 4220 1384 4273 καὶ
1420 4222 1794 4291 είρηνώνυμος

202 4311 238 4377 ἡ
265 4307 488 4376 νύμφη,
512 4308 602 4359 τὸν
640 4309 746 4360 τῶν
782 4309 918 4362 ὅλων
940 4311 1164 4378 βασιλέα
1184 4313 1437 4382 Χριστὸν,
1470 4314 1561 4365 τὸν
1589 4314 1793 4385 Κύριον

204 4402 313 4470 τῆς
340 4399 520 4468 δόξης,
552 4401 646 4453 καὶ
675 4401 864 4455 τοῦτον
892 4403 979 4454 διά
1002 4403 1092 4456 τοῦ
1120 4405 1408 4474 μοναδικοῦ
1441 4407 1795 4477 ἐπαγγέλμα-

203 4510 305 4554 τος
347 4493 821 4562 μνηστευσαμένη.
871 4494 986 4562 Ἐφ’
1025 4488 1068 4560 ᾧ
1117 4495 1262 4558 ὅπως
1294 4497 1584 4565 ἠρίστευσε
1627 4499 1795 4569 πράτ-

1899 2005 2063 2059 vitam
2122 2006 2555 2063 indissolubiletn
2601 2019 2656 2065 et
2706 2012 3109 2067 immortalem?
3163 2017 3304 2082 0,0,
3352 2017 3476 2086 qui-

1899 2092 2130 2149 busnam
2189 2096 2375 2152 verbis
2424 2100 2648 2168 exsequi
2705 2101 2850 2153 illam
2909 2102 3136 2170 possim,
3199 2120 3320 2173 quae
3378 2119 3475 2160 cor

1901 2203 2080 2242 meum
2135 2188 2433 2242 sollicitum
2465 2190 2648 2255 habet,
2686 2191 3092 2247 laudationem!
3155 2193 3222 2248 Et
3250 2197 3472 2264 quidem

1899 2280 2077 2334 serius
2108 2294 2208 2348 ego
2247 2280 2549 2339 dominam.
2582 2291 2636 2334 et
2661 2282 2893 2338 virtutes
2957 2295 3169 2340 vestras
3217 2287 3470 2356 cognovi,

1899 2384 2000 2423 nec
2029 2369 2378 2438 experientiae
2410 2370 2534 2439 plus
2576 2371 2772 2434 habeo,
2806 2389 2968 2443 quam
3017 2377 3109 2445 qui
3138 2393 3356 2431 summo
3389 2378 3472 2430 di-

1899 2461 2010 2530 gito
2043 2460 2147 2514 mel
2177 2461 2374 2532 attigit.
2416 2463 2666 2517 Attamen
2729 2467 2910 2520 tenuis
2961 2468 3269 2538 degustatio
3303 2469 3472 2523 totius

1899 2552 2202 2607 dulcedinis
2240 2555 2516 2623 specimen
2558 2556 2819 2612 exhibet:
2871 2561 3176 2627 praesertim
3225 2576 3348 2616 cum
3404 2562 3473 2616 ab

1899 2645 1968 2699 iis
1996 2646 2309 2710 sororibus,
2341 2648 2542 2716 quibus
2579 2651 2752 2704 virtus
2784 2662 2961 2705 vestra
2998 2654 3170 2723 magis
3190 2667 3472 2724 perspecta

1897 2746 2031 2802 erat,
2065 2739 2315 2802 edoctus,
2353 2740 2713 2796 subicientem
2745 2743 2812 2798 de
2838 2760 2901 2798 ea
2949 2746 3200 2800 notitiam
3234 2747 3464 2802 habeam

1897 2828 1952 2882 in
1973 2829 2224 2885 Domino.
2253 2831 2388 2886 Vitae
2410 2832 2656 2888 conditio
2685 2849 2714 2888 a
2743 2851 2852 2905 qua
2876 2837 3091 2893 transiit
3121 2839 3213 2894 illa
3237 2841 3303 2894 ad
3325 2840 3469 2895 istud

1896 2921 2231 2986 institutum,
2259 2921 2364 2978 fuit
2399 2924 2739 2995 huiusmodi.
2775 2926 2998 2997 Oportet
3043 2930 3189 2984 enim
3230 2948 3317 2986 me
3355 2948 3468 2987 rem

1895 3013 2060 3070 altius
2113 3023 2376 3084 repetere,
2414 3027 2468 3072 et
2513 3019 2916 3076 consolationis
2962 3021 3138 3090 gratia
3189 3023 3471 3094 paulisper

1896 3104 2130 3160 dicendo
2159 3107 2464 3162 immorari.

1969 3199 2061 3253 Sic
2094 3208 2275 3253 autem
2307 3214 2366 3254 se
2396 3216 2482 3255 res
2527 3200 2710 3256 habet.
2770 3203 2957 3259 Genus
3004 3204 3151 3260 illius
3182 3221 3245 3260 ex
3273 3203 3468 3261 Orien-

1897 3288 2124 3353 talibus,
2155 3297 2209 3342 et
2236 3290 2416 3358 quoad
2441 3290 2644 3357 locum,
2665 3302 2719 3346 et
2743 3295 2923 3362 quoad
2957 3295 3201 3350 indolem
3234 3318 3245 3352 :
3275 3313 3340 3350 ex
3366 3300 3471 3350 Ar-

1894 3380 2071 3434 menia
2105 3380 2331 3447 scilicet,
2364 3382 2508 3435 unde
2535 3392 2590 3436 et
2638 3383 2836 3439 virtus.
2874 3385 3030 3451 Quod
3069 3387 3116 3441 si
3165 3387 3329 3442 etiam
3369 3389 3468 3442 ha-

1893 3470 2068 3526 benda
2097 3472 2241 3527 ratio
2282 3475 2588 3544 sanguinis,
2635 3475 2780 3530 hunc
2818 3492 2943 3532 cum
2981 3479 3201 3549 regibus
3237 3482 3470 3534 commi-

1895 3573 2038 3616 stum
2067 3563 2278 3618 habuit.
2315 3565 2602 3619 Accedunt
2632 3567 2895 3622 militares
2916 3584 2979 3622 ac
3022 3570 3236 3634 civiles,
3271 3579 3384 3623 tum
3415 3570 3468 3624 in

1894 3655 2178 3716 Armenia.
2236 3665 2347 3710 tum
2406 3658 2460 3710 in
2533 3659 2738 3714 Graecia
2797 3660 3155 3726 praefecturae,
3218 3663 3470 3733 conjugis

1894 3743 2058 3809 dico;
2111 3745 2383 3815 siquidem
2423 3747 2742 3816 primariam
2778 3750 2832 3803 iu
2859 3752 3104 3806 exercitu
3148 3753 3467 3822 dignitatem

1895 3837 2206 3906 pariterque
2240 3840 2588 3907 patriciatum
2622 3841 2852 3911 adeptus
2882 3854 2968 3897 est
3003 3844 3087 3897 vir
3133 3845 3242 3900 ille.
3275 3848 3320 3899 A
3359 3863 3470 3916 quo

1894 3944 1988 4000 per
2017 3939 2246 3984 mortem
2273 3931 2506 3996 divulsa,
2534 3933 2821 4001 innuptam
2848 3950 3068 3989 manere
3096 3953 3153 3991 se
3187 3953 3294 3991 non
3321 3938 3468 4004 tulit,

1896 4023 1987 4076 sed
2021 4038 2280 4091 sponsutn
2330 4023 2541 4089 habuit,
2605 4040 2899 4095 quemnam
2937 4028 3113 4082 vero?
3154 4045 3261 4083 non
3324 4031 3472 4084 hunc

1893 4115 1977 4169 vel
2035 4115 2186 4169 illum
2237 4118 2538 4187 principem
2598 4128 2693 4172 aut
2748 4134 2955 4190 regem,
3017 4123 3161 4190 quod
3218 4123 3472 4180 ambiunt

1895 4209 2100 4271 multm,
2133 4211 2286 4262 carni
2329 4220 2384 4264 et
2419 4212 2677 4280 sanguini
2737 4213 2968 4268 addicta:
3001 4233 3015 4281 ;
3069 4216 3161 4269 sed
3218 4232 3340 4269 eum
3374 4218 3467 4286 qui

1896 4302 2047 4356 solus
2075 4311 2158 4355 est
2190 4317 2429 4371 sponsus
2459 4305 2765 4374 speciosus,
2821 4308 3076 4377 princeps
3105 4310 3276 4377 pacis.
3313 4307 3469 4364 Unde

1895 4404 1950 4448 et
1983 4393 2134 4463 pacis
2158 4408 2355 4448 nomen
2390 4396 2596 4450 habens
2619 4412 2842 4466 sponsa,
2877 4399 3261 4452 universorum
3288 4416 3468 4470 regem

1898 4489 2177 4543 Christum
2243 4487 2432 4557 gloriae
2487 4489 2802 4553 Dominum,
2836 4490 2938 4544 sibi
2969 4505 3065 4559 per
3102 4493 3468 4546 monasticam

204 4598 391 4635 τουσα
406 4582 475 4634 τὰ
498 4583 590 4634 τοῦ
621 4583 874 4652 ἐραστοῦ,
908 4586 1317 4657 προδεδήλωκεν
1343 4590 1371 4640 ὁ
1409 4588 1565 4656 λόγος
1614 4590 1689 4653 ὠς
1734 4595 1789 4643 ὲν

1899 4578 2292 4650 professionem
2317 4595 2584 4649 sponsum
2613 4581 2826 4635 ascivit.
2861 4580 2918 4633 lu
2940 4597 3049 4651 quo
3063 4582 3280 4651 quidem
3304 4598 3468 4652 quam

208 4673 586 4742 σκιαγραφίᾳ.
652 4673 868 4744 Ταύτης
911 4676 943 4745 ἡ
995 4675 1383 4745 ἀστράπτουσα
1426 4682 1725 4751 προσευχὴ,
1760 4683 1792 4753 ἡ

205 4764 519 4829 κατάνυξις
552 4783 566 4796 ’
618 4767 793 4837 ἡτῶν
832 4767 1088 4838 δακρύων
1135 4770 1312 4838 χύσις,
1365 4773 1397 4839 ἡ
1454 4773 1794 4839 άκατάλαλος

203 4859 518 4929 γλῶττα,ἡ
564 4859 1017 4932 ἀπαρρησίαστος
1068 4860 1199 4926 ἕξις,
1259 4865 1292 4934 ὴ
1343 4866 1794 4937 Χριστομίμητος

201 4952 721 5022 ταπεινοφροσύνη,
775 4955 808 5024 ἠ
860 4955 1170 5022 φιλέντολος
1224 4957 1459 5027 δεξιά,ἠ
1533 4958 1793 5031 θεηγόρος

201 5048 454 5109 διάνοια,
490 5047 521 5115 ἠ
550 5047 818 5117 καιομένη
857 5047 934 5118 τῷ
968 5049 1072 5118 τῆς
1129 5050 1349 5119 ἀγάπης
1378 5052 1616 5122 Χριστοῦ
1662 5055 1795 5125 πυρὶ

201 5138 439 5210 καρδία,
478 5139 572 5190 καὶ
604 5138 756 5201 τέλος
783 5142 815 5209 ἡ
846 5140 1125 5209 ὀρθόδοξος
1152 5143 1396 5212 λατρεία,
1427 5145 1521 5196 καὶ
1544 5145 1602 5195 τὸ
1624 5162 1795 5213 πεφυο

200 5228 496 5298 λαγμένον
524 5230 621 5299 τῆς
649 5231 929 5301 αἱρετικῆς
958 5235 1243 5296 κοινωνίας
1268 5235 1409 5303 μετά
1433 5237 1792 5290 άνυποστόλου

202 5323 556 5394 παρρησίας.
595 5324 700 5375 Καὶ
739 5323 922 5393 Θαῦμα
950 5325 1065 5389 πῶς
1109 5327 1166 5378 ὲν
1226 5327 1305 5394 τῷ
1349 5329 1792 5396 παριππεύσαντι

201 5413 467 5483 διωγμῶ,
504 5416 563 5467 οὗ
608 5415 769 5484 μόνον
799 5416 1016 5488 ἑαυτὴν,
1042 5418 1176 5470 ἀλλὰ
1213 5419 1307 5470 καὶ
1330 5419 1410 5483 σὲ,
1456 5420 1645 5490 κυρία,
1699 5423 1794 5474 καὶ

200 5511 347 5579 ὅλην
392 5523 486 5560 σου
527 5510 628 5579 τὴν
672 5511 834 5576 ἁγίαν
879 5511 1144 5575 συνοδίαν,
1205 5511 1505 5582 άμέθεκτον
1547 5517 1643 5568 σὺν
1678 5515 1793 5585 Θεῷ

200 5602 428 5667 ταύτης
474 5601 834 5670 διεφυλάξατο
879 5619 894 5631 ⁵
949 5603 1116 5674 καλὴν
1192 5607 1458 5674 κορωνίδα
1511 5608 1586 5675 τῷ
1651 5609 1792 5659 τέλει

205 5692 748 5761 ὲπισφραγισαμένη
771 5709 784 5722 °
819 5695 884 5745 ἐκ
929 5694 1036 5745 τῶν
1075 5694 1373 5764 όρθοδόξων
1418 5697 1608 5763 πηγῶν
1637 5715 1794 5766 μετα.

204 5782 428 5854 σχοῦσα
447 5782 554 5833 τῶν
592 5783 970 5851 ἁγιασμάτων,
1003 5785 1298 5837 κάντεῦθεν
1342 5785 1623 5857 ἁπάρασα,
1675 5807 1792 5856 χαι-

209 5872 473 5946 ῳμένως
503 5891 515 5904 ο
540 5874 675 5942 ὅπερ
713 5876 936 5944 σημεῖον
989 5875 1242 5947 μέγιστον
1285 5879 1383 5949 τῆς
1414 5871 1486 5930 ὧν
1535 5880 1789 5932 ἐπεπόθει

1898 4671 2155 4742 praeclare
2187 4672 2380 4740 egerit,
2414 4688 2536 4741 qua:
2558 4673 2740 4727 dilecti
2777 4683 2906 4727 sunt
2942 4689 3268 4744 exsequens,
3305 4692 3471 4745 supe-

1899 4765 2012 4817 rior
2039 4778 2218 4818 sermo
2246 4762 2568 4818 adumbrata
2592 4766 2828 4834 quadam
2850 4766 3219 4835 descriptione
3249 4768 3473 4821 demon-

1898 4859 2111 4913 stravit.
2143 4856 2316 4927 liujus
2349 4858 2528 4913 oratio
2552 4857 2786 4929 fulguris
2810 4859 2984 4914 instar
3013 4861 3280 4926 emicans,
3319 4876 3470 4915 com-

1897 4952 2146 5022 punctio,
2177 4951 2542 5020 lacrymarum
2594 4951 2806 5015 eil‘usio,
2839 4953 2972 5006 nulli
3020 4952 3335 5007 obtrectans
3365 4953 3470 5006 lin-

1897 5063 2022 5115 gua,
2064 5046 2355 5101 verecundi
2383 5061 2582 5111 mores,
2605 5046 2883 5101 Christum
2917 5047 3138 5102 imitans
3165 5047 3467 5111 humilitas,

1896 5139 2274 5194 mandatorum
2301 5154 2492 5194 amans
2523 5140 2770 5203 dextera,
2798 5155 2952 5194 mens
2981 5140 3165 5194 divina
3199 5149 3466 5204 tractans,

1897 5250 1990 5288 cor
2020 5234 2213 5288 ardens
2245 5234 2366 5303 igne
2403 5232 2688 5286 charitatis
2714 5231 2952 5293 Christi,
2996 5231 3232 5300 denique
3280 5229 3469 5283 ortho-

1897 5329 2067 5381 doxus
2097 5326 2296 5389 cultus,
2330 5334 2384 5377 et
2413 5334 2570 5378 cauta
2605 5324 2873 5377 haeretica:
2905 5322 3309 5378 communionis
3336 5337 3463 5375 cum

1898 5413 2166 5482 intrepida
2223 5414 2471 5466 libertate
2497 5412 2783 5466 devitatio.
2817 5413 2893 5466 Ac
2935 5412 3134 5466 mirum
3169 5427 3301 5466 sane
3353 5427 3464 5480 quo

1896 5515 2053 5576 pacto
2105 5521 2210 5558 non
2244 5507 2477 5574 seipsam
2538 5505 2719 5568 modo,
2782 5505 2875 5559 sed
2905 5515 2958 5560 et
3013 5515 3083 5567 te,
3125 5505 3364 5569 domina,
3411 5513 3466 5558 et

1897 5608 2138 5652 sanctam
2189 5597 2657 5667 congregationem
2731 5606 2879 5650 tuam
2945 5599 3274 5658 universam,
3330 5597 3460 5650 dum

1896 5700 2238 5760 grassaretur
2276 5692 2598 5759 persecutio,
2658 5692 2805 5746 illius
2859 5701 3132 5761 expertem
3199 5691 3292 5744 Dei
3360 5705 3463 5761 ope

1897 5784 2268 5847 conservarit;
2305 5783 2589 5852 pulchram
2650 5786 2742 5838 lini
2779 5784 3095 5839 coronidem
3149 5783 3455 5851 imponens,

1898 5877 1963 5930 ab
1997 5876 2314 5931 orthodoxis
2360 5875 2603 5932 fontibus
2654 5893 2807 5933 sacra
2868 5876 3222 5948 participans,
3277 5875 3458 5926 animo
