3934 6468
501 391 638 457 1379

1678 398 1740 458 S.
1772 397 2165 462 THEODORI
2207 400 2348 462 STU
2359 401 2555 463 DITi‘E

3607 410 3740 473 1380

499 503 705 592 laetanti
731 502 1000 559 excedens
1021 519 1050 559 e
1077 504 1184 560 vita
1214 523 1229 559 :
1265 506 1413 577 quod
1468 506 1732 563 indicium
1765 520 1850 566 est
1889 512 2064 566 maxi-

2188 516 2521 583 ιπιτεύξεως,
2585 515 2825 587 Χριστοῦ
2874 517 3080 587 τυχεῖν,
3150 517 3249 572 καὶ
3311 518 3450 589 μετά
3503 520 3742 592 Χριστοῦ

497 583 676 664 mum,
706 606 1016 666 compotem
1052 596 1249 654 factam
1289 615 1476 655 eorum
1510 615 1631 657 esse
1665 617 1788 672 quae
1819 604 2070 672 optabat,

496 690 719 747 Christo
747 690 960 746 scilicet
1006 689 1138 754 frui,
1180 703 1234 747 et
1281 707 1406 746 cum
1455 691 1675 749 Christo
1705 694 1760 748 in
1805 705 2071 751 πίει-ηοω

497 797 642 838 esse.
680 780 771 837 Sic
798 781 965 853 igitur
996 783 1216 837 vivebat
1256 783 1436 850 beata,
1469 785 1548 842 sic
1579 798 1633 843 et
1671 802 1859 848 sancte
1892 793 2069 849 obiit:

498 883 664 944 atque
695 875 768 929 ita
809 890 932 930 esse
989 876 1264 932 credimus
1298 892 1399 933 nos
1435 891 1769 948 peccatores.
1825 883 1982 941 Nunc
2005 886 2072 942 ad

501 977 557 1023 te
584 969 949 1024 convertenda
990 979 1073 1024 est
1101 971 1302 1025 oratio.
1341 971 1573 1029 Domina
1602 991 1746 1042 mea,
1790 979 1921 1048 quid
1969 981 2073 1034 hoc

499 1071 605 1126 est,
637 1062 805 1131 quod,
835 1063 940 1117 etsi
969 1062 1166 1117 acerba
1215 1073 1300 1118 est
1329 1067 1624 1134 separatio,
1684 1070 1861 1126 tulisti
1890 1079 2073 1127 tamen

500 1167 627 1207 cum
670 1154 967 1223 gratiarum
1000 1155 1238 1220 actione,
1269 1166 1326 1211 ut
1363 1159 1715 1229 audivimus;
1777 1164 2076 1220 vehemen-

501 1255 693 1317 terque
724 1257 774 1301 te
814 1248 1182 1311 laudavimus,
1215 1265 1322 1304 non
1357 1250 1593 1321 ejulatus
1631 1269 1660 1308 a
1690 1255 1900 1312 ratione
1938 1258 2076 1312 alie-

503 1355 605 1395 nos
642 1339 957 1395 fundentem
991 1358 1006 1407 ;
1055 1357 1158 1396 non
1211 1344 1324 1411 spei
1358 1359 1561 1401 vacuas
1611 1347 2074 1417 lamentationes;

502 1433 598 1488 sed
623 1442 682 1486 ut
710 1433 996 1501 pulchrum
1022 1441 1142 1486 erat
1166 1443 1295 1490 etut
1317 1435 1544 1491 decebat
1572 1452 1752 1494 veram
1782 1442 2075 1496 monialem

503 1532 558 1578 et
589 1523 852 1593 optimam
901 1525 1240 1594 magistram,
1272 1527 1524 1596 exemplo
1584 1543 1686 1584 suo
1717 1532 1931 1587 animas
1969 1533 2074 1588 sibi

505 1613 803 1668 aDomino
835 1613 1076 1670 creditas
1129 1615 1541 1683 informantem,
1594 1627 1690 1674 aut
1743 1623 1950 1691 potius,
2017 1631 2078 1679 ut

504 1706 748 1776 apertius
771 1707 975 1774 dicam,
1007 1707 1330 1762 clarissima:
1372 1709 1519 1764 illius
1551 1720 1604 1766 et
1629 1713 1904 1768 unanima:
1938 1729 2075 1770 con-

505 1801 809 1870 spirantem
861 1801 1029 1856 filiam
1083 1803 1136 1856 in
1198 1803 1448 1870 Domino,
1511 1820 1707 1860 nurum
1767 1807 1820 1860 in
1887 1823 2074 1873 carne,

505 1866 746 1960 aequales
778 1892 830 1946 in
888 1893 1284 1963 gubernatione
1327 1895 1550 1950 virtutis
1582 1897 1594 1949 l
1635 1896 1810 1952 Unam
1838 1899 1984 1953 enim
2021 1900 2076 1954 in
2107 1866 2152 1926 Β

505 1983 725 2038 duobus
746 1986 1072 2054 corporibus
1105 1986 1346 2041 animam
1375 1987 1568 2053 fuisse,
1590 1997 1644 2042 et
1674 1988 1950 2048 laudabile
1971 2000 2076 2058 est,

507 2084 564 2131 et
594 2075 750 2130 vobis
773 2077 1098 2146 gloriosum.

578 2166 696 2223 Non
731 2185 860 2239 ergo
888 2172 1106 2239 penitus
1131 2186 1160 2224 a
1204 2181 1277 2234 te,
1309 2171 1551 2239 domina,
1586 2183 1842 2244 separata
1871 2187 1957 2232 est
1982 2178 2081 2234 do-

510 2259 682 2326 mina,
717 2262 810 2315 sed
844 2261 910 2315 ad
951 2262 1227 2316 modicum
1259 2271 1492 2333 tempus,
1521 2265 1695 2322 donec
1735 2268 1982 2324 eamdem
2023 2279 2079 2325 et

511 2366 616 2406 nos
650 2352 791 2406 viam
845 2353 1188 2410 insistamus.
1225 2353 1596 2426 Przeterquam
1650 2359 1795 2428 quod
1827 2363 2083 2432 spiritua-

513 2445 639 2500 liter
678 2461 825 2500 nunc
847 2445 1013 2500 etiam
1043 2448 1215 2514 adest,
1237 2459 1290 2503 et
1321 2463 1416 2504 sua
1451 2451 1544 2504 tibi
1576 2454 1754 2507 studia
1787 2455 2078 2526 impendit:

513 2537 769 2608 quodque
826 2537 1006 2607 majus
1066 2549 1168 2604 est,
1223 2539 1334 2595 Deo
1389 2543 1642 2612 proprior
1678 2544 1837 2611 facta,
1879 2564 1980 2617 pro
2026 2559 2082 2606 te

513 2630 734 2700 tuisque
787 2631 1132 2699 deprecatur.
1162 2631 1318 2697 Quod
1372 2649 1502 2704 ergo
1541 2645 1730 2700 restat,
1779 2654 1846 2694 ne
1901 2642 2082 2696 animo

513 2721 800 2784 concidas,
830 2736 1077 2786 oramus,
1113 2722 1268 2793 quasi
1300 2723 1532 2793 praeside
1556 2739 1773 2790 carens,
1801 2737 1894 2781 aut
1922 2729 2082 2798 quasi

514 2813 632 2868 sola
657 2811 929 2867 derelicta.
973 2810 1151 2867 Habes
1179 2813 1348 2879 illam,
1377 2825 1430 2868 et
1460 2816 1680 2885 prmilla
1710 2815 1883 2872 Deum
1918 2820 2081 2890 cujus

515 2915 645 2960 sunt
685 2907 908 2972 omnia;
949 2906 1042 2960 sed
1097 2914 1151 2960 et
1182 2923 1280 2962 nos
1337 2917 1669 2977 peccatores,
1701 2910 1841 2965 sicut
1887 2912 1979 2966 illa
2030 2921 2084 2967 et

514 3005 641 3050 ante
673 3006 925 3062 mortem,
961 3006 1016 3052 et
1059 2996 1114 3051 in
1148 3008 1322 3052 morte
1373 3000 1488 3067 ipsa
1526 3002 1842 3068 postulavit,
1892 3003 2080 3071 habes,

515 3087 562 3142 si
591 3087 719 3156 quid
753 3088 1011 3156 prodesse
1035 3099 1199 3157 queat
1229 3089 1394 3143 homo
1429 3103 1699 3158 peccator.
1745 3090 1869 3146 llaec
1893 3101 2082 3148 nostra

2173 609 2396 662 ἔσεσθαι
2421 607 2617 661 εἰσαεί.
2673 607 2860 676 Οῦτως
2908 603 3004 661 οῦν
3047 607 3179 662 ἐὸίω
3225 610 3258 680 ή
3315 612 3588 679 μακαρία,
3652 616 3745 667 καὶ

2172 699 2346 762 οὕτως
2373 697 2546 766 ἀγίως
2574 696 2753 769 ἀπῆρε
2786 712 2798 728 ⁸
2823 679 2919 750 καὶ
2943 698 3119 762 οὕτως
3157 679 3485 770 πιστεύομεν
3513 701 3664 771 ἔχειν
3695 704 3743 755 οἱ

2174 788 2509 861 ἁμαρτωλοί.
2536 789 2740 843 Λοιπὸν
2763 791 2858 843 ἐπὶ
2892 790 2952 844 σὲ
2969 792 2997 844 ὁ
3014 791 3173 860 λόγος
3236 796 3609 862 μετενεκτέος.
3649 795 3746 847 Δέ-

2175 881 2376 936 σποινά
2405 899 2530 953 μου,
2561 881 2611 936 τί
2639 881 2827 949 τοῦτο;
2845 883 2934 937 ίνα
2959 885 3007 936 εἰ
3029 883 3124 937 καὶ
3149 883 3346 955 δριμὺς
3383 887 3412 940 ό
3439 887 3742 957 χωρισμὸς,

2174 975 2289 1031 ἀλλ’
2319 976 2468 1046 ὅμως
2497 975 2729 1048 ἐνέγκῃς
2765 975 3128 1046 εὐχαρίστως,
3163 978 3307 1031 καθά
3337 979 3434 1033 καὶ
3493 980 3744 1050 ἀκηκόα-

2177 1081 2300 1137 μεν,
2330 1065 2425 1120 καὶ
2473 1066 2823 1140 ἐπῃνέσαμὼ
2852 1083 2912 1119 σε
2941 1069 3082 1122 πάνυ
3110 1084 3124 1098 ⁸
3163 1069 3238 1140 μὴ
3271 1071 3610 1142 προϊεμένην
3632 1085 3745 1124 κω-

2175 1158 2372 1221 κυτοὺς
2420 1157 2672 1226 ἀλόγους,
2716 1158 2810 1211 καὶ
2872 1158 3104 1229 θρήνους
3161 1160 3517 1225 ἀνελπίστους
3548 1177 3562 1191 ⁸
3607 1163 3748 1216 ἀλλά

2175 1249 2424 1314 δεόντως,
2457 1249 2552 1304 καὶ
2600 1250 2676 1312 ὼς
2697 1247 2913 1320 ἀληθῶς
2974 1251 3334 1323 μοναζούσης,
3385 1253 3479 1306 καὶ
3511 1255 3746 1324 ἀρίστης

2175 1339 2518 1405 διδασκάλου,
2552 1340 2937 1414 ύποτυπούσης
2985 1342 3062 1412 τῷ
3113 1345 3234 1396 καθ’
3297 1345 3499 1416 ἑαυτὴν
3535 1347 3750 1400 ὐποδεί-

2175 1449 2346 1503 γματι
2366 1433 2467 1496 τὰς
2497 1433 2881 1496 πιστευθείσας
2910 1445 2992 1488 σοι
3020 1435 3198 1506 ψυχὰς
3229 1437 3333 1489 ὑπὸ
3352 1439 3579 1510 Κυρίου·
3605 1441 3747 1510 μᾶλ-

2175 1523 2266 1577 λον
2297 1524 2376 1589 δὲ,
2432 1525 2517 1579 ἵνα
2565 1523 2985 1595 γνωριμώτερον
3026 1527 3187 1592 εῐπω,
3242 1528 3318 1591 ὠς
3370 1531 3586 1601 ἐκείνης
3647 1531 3750 1601 τῆς

2175 1615 2420 1687 ἀοιδίμου
2473 1615 2750 1687 όμοψύχου
2797 1617 3181 1688 ὁμογνώμονος
3225 1618 3492 1690 θυγατρὸς
3533 1622 3590 1674 ἐν
3630 1624 3749 1676 Κυ-

2179 1709 2303 1779 ρίῳ,
2360 1709 2578 1780 νύμφης
2607 1710 2666 1762 ἐν
2696 1709 2882 1780 σαρκὶ,
2939 1709 3190 1780 ἰσαρέτου
3229 1711 3287 1765 ἐν
3318 1712 3586 1784 πολιτείᾳ.
3637 1715 3752 1769 Καὶ

2177 1802 2286 1872 γὰρ
2324 1803 2421 1874 μία
2449 1802 2597 1874 ψυχὴ
2644 1804 2702 1855 ἐν
2729 1802 2850 1855 δυσὶ
2897 1800 3114 1873 σώμασι
3166 1803 3228 1857 τὸ
3276 1805 3399 1858 καθ’
3439 1808 3604 1878 ὑμᾶς,
3651 1809 3752 1862 καὶ

2178 1895 2389 1949 αἰνετὸν
2407 1897 2501 1950 καὶ
2526 1894 2944 1967 δεδοξασμένον.

2253 2161 2326 2214 Ού
2353 2160 2530 2214 τοίνυν
2554 2162 2631 2223 είς
2650 2161 2797 2216 ἅπαν
2819 2161 3091 2233 ἐχωρίσθη
3137 2179 3255 2228 σου,
3287 2160 3482 2232 κυρία,
3531 2163 3700 2234 κυρία
3732 2181 3750 2197 ⁸

2177 2253 2315 2308 ἀλλά
2337 2255 2473 2326 πρὸς
2493 2255 2709 2326 μικρὸν,
2731 2255 2835 2318 ἕως
2864 2256 2930 2309 ἂν
2957 2256 3052 2309 καὶ
3077 2257 3238 2325 ἡμεῖς
3267 2257 3369 2326 τὴν
3399 2255 3570 2325 αὐτὴν
3599 2257 3757 2310 ὁδεύ-

2182 2362 2366 2414 σωμεν
2397 2345 2551 2399 ὁδόν⁸
2600 2345 2738 2416 πλὴν
2788 2347 2870 2400 ὅτι
2917 2349 3012 2401 καὶ
3059 2349 3447 2418 πνευματικῶς
3498 2349 3592 2403 καὶ
3622 2351 3757 2422 ἄρτι

2178 2438 2409 2507 πάρεστι
2434 2438 2529 2490 καὶ
2556 2437 2828 2508 συμφέρει
2861 2454 2942 2493 σοι
2979 2439 3050 2493 τά
3084 2441 3477 2508 σπουδάσματα
3500 2457 3514 2471 ⁸
3547 2443 3646 2496 καὶ
3693 2444 3760 2495 τὸ

2183 2527 2392 2599 μεῖζον,
2427 2528 2622 2582 ὄτικαὶ
2654 2529 2933 2598 ἐγγυτέρω
2971 2529 3238 2601 γενομένη
3279 2532 3440 2597 Θεοῦ,
3473 2532 3762 2585 ἀντιϐολεῖ

2179 2621 2248 2675 τὰ
2277 2623 2407 2694 περὶ
2443 2621 2538 2675 σοῦ
2567 2620 2662 2674 καὶ
2696 2619 2805 2674 τῶν
2830 2622 2940 2674 σῶν
3001 2625 3092 2693 Μὴ
3117 2623 3182 2695 δὴ
3209 2619 3306 2678 οὖν
3344 2625 3530 2678 λοιπὸν
3579 2644 3764 2681 κατα·-

2181 2713 2388 2777 πέσοις,
2421 2711 2871 2784 παρακαλοῦμεν,
2898 2711 2973 2776 ὡς
2992 2715 3455 2785 ἀπροστάτευτος,
3490 2718 3625 2787 μηδὲ
3680 2719 3764 2784 ὡς

2187 2805 2570 2875 μεμονωμένη.
2613 2804 2799 2876 Ἔχεις
2823 2805 2994 2878 αὐτὴν
3025 2807 3118 2858 καὶ
3143 2807 3249 2877 πρὸ
3277 2807 3450 2878 αὐτῆς
3483 2809 3575 2861 τὸν
3595 2808 3761 2873 Θεὺν,

2181 2888 2245 2947 οῦ
2269 2894 2338 2947 τὰ
2364 2894 2541 2947 πάντα
2563 2911 2576 2923 ⁸
2605 2897 2655 2948 εἰ
2680 2897 2736 2948 δέ
2752 2898 3026 2968 καὶιήμᾶς
3051 2899 3175 2962 τοὺς
3199 2892 3580 2969 ἁμαρτωλοὺς,
3609 2902 3766 2954 κατὰ

2181 2985 2280 3057 τὴν
2324 2987 2538 3057 ἐκείνης
2579 2988 2676 3040 καὶ
2704 2990 2811 3057 πρὸ
2858 2991 3117 3054 θανάτου,
3154 2991 3250 3043 καὶ
3277 2995 3334 3044 ἐν
3366 2993 3442 3062 τῷ
3484 2994 3764 3046 ἀποπνεῖν

2182 3082 2419 3151 αἴτησιν,
2463 3081 2606 3152 ἔχεις
2628 3099 2641 3113 ⁸
2668 3082 2826 3154 εἰπερ
2849 3102 2901 3136 τι
2949 3086 3041 3139 καὶ
3073 3085 3370 3138 λυσιτελεῖν
3399 3086 3615 3139 δύναιτο
3659 3087 3762 3140 ἄν-

517 3187 603 3232 est
661 3175 906 3232 funebris
937 3178 1217 3233 allocutio.
1244 3177 1325 3233 Tu
1382 3194 1530 3243 vero,
1569 3194 1603 3234 ο
1659 3180 1815 3234 beata
1853 3184 2078 3249 anima;

2188 3172 2404 3244 θρωπος
2438 3174 2780 3244 ἁμαρτωλός.
2813 3175 2963 3249 Α’ύτη
3003 3177 3162 3248 ἡμῶν
3201 3179 3235 3248 ἡ
3264 3177 3548 3246 ἐπιτάφιος
3582 3194 3766 3249 προσ-

517 3268 586 3322 ad
606 3268 745 3322 lianc
767 3267 913 3321 enim
940 3269 1116 3322 oratio
1142 3269 1538 3334 convertenda;
1562 3285 1629 3324 ne
1655 3285 1685 3323 a
1713 3269 1869 3324 nobis
1887 3285 2079 3338 poscas

2188 3267 2450 3336 φώνησις.
2498 3267 2570 3320 Σὺ
2595 3267 2675 3332 δὲ,
2707 3263 2750 3321 ὦ
2782 3269 3032 3339 μακαρία
3059 3269 3206 3339 ψυχὴ
3242 3267 3401 3338 (πρὸς
3430 3269 3600 3336 αὐτὴν
3623 3269 3768 3341 ιιγὰρ

517 3369 580 3415 ιιι
607 3359 752 3415 Deus
786 3360 879 3415 tibi
928 3376 1023 3430 per
1077 3378 1178 3416 nos
1213 3361 1286 3415 sit
1325 3363 1594 3431 prOpitius
1643 3380 1657 3416 :
1692 3363 1787 3418 sed
1830 3372 1885 3416 tu
1929 3364 2080 3417 illuut

2189 3357 2623 3430 ἐπιστρεπτέον),
2659 3358 2734 3428 μὴ
2779 3359 2916 3429 πρὸς
2959 3359 3119 3430 ἡμῶν
3167 3358 3321 3414 αἰτοῦ
3377 3359 3467 3412 τὸν
3503 3357 3636 3410 Θεόν
3679 3361 3769 3411 σοι

517 3454 679 3509 nobis
709 3454 938 3509 concilia
965 3453 1447 3523 deprecationibus
1477 3472 1489 3508 :
1527 3455 1627 3509 hoc
1657 3456 1802 3511 enim
1839 3465 1891 3510 te
1921 3471 2082 3525 posse

2193 3451 2321 3504 ἵλεω
2351 3450 2625 3519 γενέσθαι.
2683 3450 2821 3503 Ἀλλ’
2873 3451 3012 3521 αὑτὴ
3044 3452 3203 3504 αὐτὸν
3253 3453 3387 3521 ἡμῖν
3421 3449 3775 3516 κατάλλαξον

517 3547 846 3602 confidimus
880 3563 893 3599 :
928 3561 1102 3615 neque
1143 3555 1202 3599 ut
1231 3545 1511 3616 adjutores
1547 3563 1645 3603 nos
1683 3549 1876 3602 habeat
1905 3549 2082 3603 domi-

2197 3546 2316 3606 ταῖς
2342 3544 2660 3612 πρεσϐείαις
2683 3561 2696 3575 ⁸
2731 3542 3044 3616 Θαρῤοῦμεν
3071 3544 3179 3614 γὰρ
3203 3544 3362 3597 τοῦτο
3411 3543 3620 3614 ἰσχύειν
3662 3561 3726 3596 σε
3752 3560 3769 3574 ⁸

519 3651 611 3702 na,
640 3652 816 3700 soror,
869 3645 1062 3700 mater,
1114 3635 1223 3690 ﬁlia
1254 3647 1387 3704 tua;
1421 3638 1512 3692 sed
1566 3638 1792 3706 teipsam
1836 3638 2082 3708 impende

2198 3635 2332 3706 μηδέ
2357 3637 2500 3706 ὑμᾶς
2527 3636 2856 3706 ἐπικούρους
2886 3635 3030 3706 ἔχειν
3073 3636 3173 3706 τὴν
3213 3636 3410 3706 κυρίαν
3445 3637 3770 3706 ἀδελφομη-

521 3730 680 3785 etilli
717 3741 769 3784 et
805 3731 961 3784 nobis
991 3739 1044 3782 et
1081 3728 1323 3783 universi
1369 3729 1516 3801 gregi
1566 3741 1683 3796 tuo,
1742 3731 1799 3783 in
1832 3728 2084 3797 Domino,

521 3826 608 3881 cui
641 3825 814 3897 gloria
850 3826 902 3879 in
925 3824 1146 3879 saecula.
1185 3824 1381 3878 Amen.

895 4025 1081 4083 CXIV.
1112 4057 1183 4067 —
1217 4025 1438 4082 Juliano
1466 4026 1721 4082 vestitori.

2191 3728 2479 3793 τρότεκνόν
2507 3745 2623 3782 σου.
2658 3727 2821 3781 Ἀλλὰ
2860 3729 3065 3799 σαυτὴν
3087 3727 3299 3799 πάρεχε
3338 3728 3433 3780 καὶ
3467 3728 3628 3797 αὐτῇ,
3668 3729 3777 3782 καὶ

2193 3821 2346 3891 ἡμῖν,
2367 3820 2460 3872 καὶ
2487 3819 2582 3890 ὅλῃ
2616 3822 2680 3890 τῇ
2704 3819 2912 3892 ποίμνῃ
2946 3835 3041 3872 σου
3068 3820 3126 3873 ἐν
3157 3819 3367 3891 Κυρίῳο
3399 3813 3445 3889 ᾧ
3467 3820 3500 3890 ὴ
3530 3819 3660 3883 δόξα
3687 3821 3778 3884 εἰς

2193 3912 2321 3975 τοὺς
2356 3911 2578 3974 αἰῶνας.
2610 3913 2667 3965 Ἀ
2678 3913 2806 3982 μήν.

2381 4026 2524 4082 ΡΙΔ’.
2555 4025 2689 4099 (ιο).
2709 4056 2778 4066 -
2809 4025 3115 4092 Ἰουλιανῷ
3135 4025 3480 4095 βεστήτορι.
3557 4012 3778 4098 [χμς’.ἶ

1720 4139 1857 4189 Varia
1884 4153 2072 4191 morum
2093 4139 2386 4191 documenta
2409 4137 2575 4189 tradit.

594 4251 1046 4321 Quandoquidem
1095 4263 1192 4320 per
1225 4248 1446 4304 fratrem
1489 4263 1588 4304 nos
1625 4250 1904 4313 salutasti,
1938 4267 2093 4320 prae-

525 4345 670 4401 clare
698 4343 884 4406 frater,
921 4357 1137 4412 aequum
1192 4341 1321 4396 duxi
1359 4342 1590 4397 salutem
1624 4343 1719 4396 tibi
1751 4359 1846 4412 per
1877 4343 2092 4398 litteras

526 4437 755 4493 reddere
786 4454 800 4490 :
834 4451 897 4489 ea
937 4451 994 4488 re
1021 4435 1316 4489 ostendens
1343 4434 1565 4488 charam
1590 4435 1724 4490 mihi
1755 4451 1877 4490 esse
1908 4437 2094 4490 excel-

528 4522 753 4582 lentiam
790 4537 979 4592 tuam;
1010 4540 1188 4596 neque
1240 4527 1345 4581 hoc
1384 4526 1585 4589 solum,
1645 4527 1738 4582 sed
1794 4529 2086 4582 sollicitum

529 4635 614 4675 me
639 4634 758 4674 esse
805 4628 863 4672 ut
895 4617 1081 4673 salvus
1107 4616 1307 4672 evadas
1341 4632 1370 4670 a
1403 4617 1606 4671 diaboli
1642 4618 2039 4674 tentationibus
2071 4637 2085 4685 ;

2280 4249 2498 4321 Ἐπειδὴ
2543 4249 2995 4321 προσηγόρευσας
3041 4250 3189 4321 ἡμᾶς
3248 4248 3335 4304 διὰ
3376 4248 3470 4303 τοῦ
3508 4248 3778 4319 ἀδελφοῦ,

2195 4344 2391 4411 ἀδελφὲ
2419 4342 2574 4406 καλὲ,
2596 4343 2760 4396 καλὸν
2793 4343 3088 4414 ἡγησάμην
3113 4343 3202 4396 διὰ
3250 4342 3579 4415 γράμματος
3616 4346 3782 4397 ἀντι-

2195 4431 2641 4504 προσαγορεῦσαι
2667 4449 2725 4484 σε
2747 4447 2758 4461 ⁸
2791 4432 3052 4486 δεικνύων
3069 4430 3339 4496 ἐντεῦθεν,
3368 4432 3442 4495 ὡς
3466 4433 3784 4501 ἀγαπητῶς

2196 4524 2306 4596 ἔχω
2323 4527 2450 4596 περὶ
2465 4525 2563 4596 τὴν
2592 4525 2888 4596 τιμιότητά
2920 4543 3013 4578 σου
3035 4541 3050 4555 ⁸
3085 4526 3145 4578 σὺ
3181 4524 3344 4595 μόνον
3385 4525 3464 4588 δὲ,
3496 4525 3632 4579 ἀλλά
3677 4529 3784 4580 καὶ

2202 4617 2617 4689 μεριμνητικῶς
2656 4620 2735 4681 εἰς
2777 4617 2840 4670 τὸ
2885 4616 3156 4681 σώζεσθαι
3189 4617 3356 4688 αὐτὴν
3383 4617 3492 4670 ἀπὸ
3519 4617 3630 4670 τῶν
3675 4619 3781 4672 τοῦ

529 4712 640 4767 scis
664 4711 830 4776 enim,
873 4709 1066 4772 amice,
1110 4708 1346 4763 circuire
1380 4708 1531 4762 illum
1581 4723 1795 4778 semper
1831 4718 2082 4780 tanquam

2194 4681 2442 4765 δια-δόλου
2477 4711 2886 4782 πειρατηρίων⁸
2938 4711 3046 4763 ἴσθι
3078 4710 3209 4781 γὰρ,
3255 4681 3532 4781 ἀγαπητέ,
3580 4712 3664 4764 ὅτι
3699 4714 3785 4777 ὡς

529 4806 767 4869 leonem,
802 4813 856 4857 et
877 4816 1117 4871 quaerere
1143 4816 1302 4870 quem
1325 4801 1551 4856 devoret
1566 4802 1633 4855 ³⁸.
1676 4804 1856 4868 Quare
1880 4804 2082 4860 attendi

2199 4802 2335 4855 λέων
2367 4803 2454 4856 ἀεὶ
2477 4803 2832 4873 περιέρχεται
2857 4803 3038 4874 ζητῶν
3059 4804 3182 4856 τίνα
3211 4805 3478 4875 καταπίῃ.
3515 4805 3647 4874 Ἔχε
3680 4801 3786 4858 οὖν

530 4895 838 4966 diligenter,
884 4903 938 4948 et
963 4895 1275 4962 pactionum
1307 4893 1617 4948 recordare.
1644 4895 1917 4965 Scriptum
1951 4907 2036 4952 est
2071 4917 2086 4952 :

534 4987 774 5042 Peccam’
799 4988 822 5041 ?
851 5001 954 5038 non
1000 4985 1230 5052 adjiciat
1265 4986 1457 5038 iterum
1486 5003 1499 5037 :
1549 4987 1638 5039 sed
1688 4996 1738 5039 et
1765 4987 1828 5039 de
1856 4988 2097 5055 pristinis

532 5083 810 5149 deprecare
832 5080 895 5132 ³⁵.
937 5078 1000 5132 Et
1025 5094 1242 5131 rursum
1280 5079 1542 5133 Dominus
1573 5079 1650 5132 ait
1677 5097 1691 5133 :
1731 5080 1949 5134 Omnem
1980 5076 2098 5148 pal-

535 5174 714 5225 mitem
749 5188 850 5224 non
869 5171 1116 5239 ferentem
1141 5170 1392 5238 fructum,
1430 5171 1566 5225 tollit
1592 5187 1708 5224 eum
1741 5171 1902 5225 Pater
1931 5189 2097 5238 meus,

2201 4894 2610 4963 προσεκτικῶς⁸
2639 4893 2886 4966 μέμνησο
2909 4895 3018 4948 τῶν
3054 4895 3363 4965 συνθηκῶν.
3401 4897 3728 4967 Γέγραπται
3767 4914 3784 4927 ⁸

2204 4986 2526 5054 Ἢμαρτες;
2549 4987 2633 5056 μὴ
2665 4987 2936 5056 προσθῇς
2961 5005 2976 5020 ⁸
3010 4988 3107 5042 καὶ
3141 4989 3272 5056 περὶ
3324 4987 3443 5041 τῶν
3472 4990 3791 5056 προτέρων

2198 5094 2315 5132 σου
2341 5076 2605 5146 δεήθητι.
2639 5080 2748 5132 Καὶ
2771 5081 2932 5133 πάλιν
2955 5081 2983 5133 ό
3009 5080 3211 5151 Κύριος
3235 5079 3384 5149 λέγει
3412 5096 3426 5110 ⁸
3457 5080 3588 5134 Πᾶν
3622 5080 3788 5150 κλῆ-

2195 5187 2282 5242 μα
2302 5172 2388 5242 μὴ
2427 5170 2609 5241 φέρον
2637 5175 2888 5240 καρπὸν,
2915 5173 3067 5241 αἴρει
3123 5173 3271 5227 αὐτὸ
3324 5175 3356 5227 ὁ
3389 5171 3615 5240 Πατὴρ,
3677 5176 3788 5226 καὶ

535 5278 582 5319 et
615 5271 667 5318 in
687 5267 856 5335 ignem
889 5263 1073 5330 mittit,
1105 5272 1152 5316 et
1175 5265 1324 5317 ardet
1353 5264 1421 5318 ".
1461 5263 1904 5320 Reformidemus
1932 5266 2082 5336 igitul

2200 5266 2284 5329 εἰς
2339 5263 2458 5332 πῦρ
2536 5264 2853 5328 βάλλεται,
2910 5266 3006 5318 καὶ
3030 5265 3276 5319 καίεται.
3325 5263 3658 5334 Φοϐηθῶμεν
3688 5262 3792 5319 οὖν

538 5357 871 5426 exemplum,
910 5371 1006 5426 pro
1036 5355 1326 5408 animabus
1360 5355 1564 5408 nostris
1586 5355 1952 5422 decertemus,
1989 5355 2101 5425 pri-

2200 5355 2261 5408 τὸ
2281 5355 2583 5426 ὑπόδειγμα
2618 5372 2631 5384 ⁸
2671 5355 3070 5426 ἀγωνισώμεθα
3101 5357 3240 5427 ὑπὲρ
3258 5357 3364 5410 τῶν
3389 5357 3576 5426 ψυχῶν
3597 5357 3790 5426 ἡμῶν,

543 5464 776 5518 usquam
804 5449 966 5502 instet
990 5448 1125 5501 liora
1153 5448 1348 5502 mortis
1376 5465 1389 5501 :
1425 5462 1494 5502 ue
1523 5447 1671 5502 velut
1696 5447 2023 5504 infructuosi
2047 5462 2077 5503 e

2200 5448 2332 5516 πρὶν
2365 5447 2398 5518 ἢ
2429 5449 2716 5520 ἐπιστῆναι
2750 5449 2846 5522 τὴν
2877 5449 3025 5521 ῶραν
3050 5449 3145 5504 τοῦ
3211 5451 3444 5504 θανάτου
3467 5466 3478 5478 ⁸
3517 5450 3596 5520 μὴ
3626 5453 3795 5503 ἐκκο-

612 5601 656 5632 ⁸δ
682 5598 697 5652 l
727 5599 874 5654 Petr.
906 5617 959 5667 v,
982 5602 1034 5657 8.
1113 5602 1157 5634 ³⁸
1191 5601 1360 5659 Eccli.
1391 5619 1506 5672 aut,
1532 5605 1583 5659 l.
1663 5605 1707 5637 ³⁵
1737 5603 1899 5664 Joan.
1934 5622 2024 5671 xv,
2049 5604 2105 5658 2.

2024 5721 2246 5777 NOTAE.

622 5838 733 5906 (l0)
759 5837 812 5891 lu
838 5837 951 5893 cod.
980 5838 1108 5907 Reg.
1140 5844 1282 5908 ρκη’.
