3934 6512
191 465 295 532 1381
1326 469 1862 531 EPISTOLARUM
1899 469 2044 532 LIB.
2117 473 2198 534 Il.
3254 473 3392 537 1382

191 582 379 650 φθῶμεν
404 579 473 643 ὡς
494 578 737 652 ἄκαρποι
777 581 873 636 καὶ
921 581 1346 653 ἀτελεσφὸρητοι
1373 584 1475 648 τῆς
1506 584 1714 654 ἀγαθῆς
1741 635 1744 646 ,

1834 587 2044 642 inutiles
2072 586 2463 643 abscindamur
2485 602 2514 641 a
2533 586 2675 642 bona
2703 587 2829 651 vite,
2855 601 2976 657 quae
3003 595 3085 642 est
3113 586 3387 642 Christus.

189 670 414 739 ἀμπέλου,
447 671 563 740 ἥτις
614 671 763 725 ἐστὶν
810 674 838 724 ὁ
871 672 1128 744 Χριστός,
1157 674 1260 727 Διά
1291 674 1469 727 τοῦτο
1499 671 1712 744 ἦλθον,

1838 679 2112 750 Propterea
2138 682 2271 743 veni,
2304 682 2382 734 ait
2417 681 2704 746 Dominus,
2733 697 2834 734 non
2859 686 2917 733 ut
2954 680 3194 750 judicent
3232 696 3391 731 mun-

192 764 370 833 φησὶνό
399 762 613 833 Κύριος,
637 765 750 832 οὐχ
774 763 874 816 ἵνα
919 764 1102 832 κρίνω
1144 766 1252 820 τὸν
1287 768 1539 834 κόσμον,
1577 768 1716 821 ἀλλ’

1839 775 1969 840 tum,
2003 790 2091 827 sea
2136 783 2193 826 ut
2219 773 2596 842 salvi/irem”.
2625 774 2689 828 Et
2731 774 2928 829 iterum
2971 774 3134 828 dicit:
3175 771 3235 826 Si
3291 788 3392 824 non

190 845 463 906 ίνασώσω.
502 853 609 906 Καὶ
647 854 810 908 πάλιν
859 854 1050 923 λέγει’
1102 855 1172 909 El
1217 857 1302 925 μὴ
1354 853 1563 927 ἦλθον,
1620 858 1719 911 καὶ

1842 868 2094 932 tettissem,
2119 876 2167 920 et
2197 867 2403 920 locutus
2437 868 2656 936 fuissem
2681 868 2776 930 eis,
2803 875 3074 935 peccatum
3105 882 3207 918 non
3236 859 3395 917 Italic?-

189 944 426 1012 ἐλάλησα
455 945 680 1011 αὐτοῖς,
743 947 1036 1016 ἁμαρτίαν
1071 951 1182 1003 οὐκ
1210 946 1379 1017 εἶχον
1415 965 1428 978 ·
1467 951 1607 1005 “vir
1653 950 1721 1003 δὲ

1842 969 1932 1011 'ent
1966 973 1986 1012 .'
2014 975 2151 1012 nunc
2176 969 2347 1012 autem
2377 961 2771 1013 excusationem
2801 976 2906 1011 non
2951 959 3144 1011 [tabent
3167 957 3230 1010 de
3272 972 3395 1025 pec-

189 1037 450 1102 πρόφασιν
468 1037 575 1088 οὐκ
611 1036 827 1105 ἔχουσι
854 1038 987 1106 περὶ
1017 1037 1128 1106 τῆς
1173 1040 1465 1109 ἁμαρτίας
1497 1039 1716 1094 αὐτῶν.

1836 1059 1941 1104 :ato
1970 1067 2064 1104 suo
2095 1051 2161 1103 ".
2192 1049 2259 1105 Et
2283 1051 2480 1105 iterum
2509 1069 2522 1104 :
2552 1049 2735 1105 Sermo
2780 1067 2932 1121 quem
2990 1051 3198 1103 locutus
3251 1064 3389 1113 sum,

191 1127 280 1178 Καὶ
302 1126 464 1179 πάλιν·
508 1127 568 1180 '0
597 1130 782 1197 λόγος
815 1130 887 1183 ὃν
911 1131 1191 1200 ἐλάλησα
1211 1173 1226 1196 ,
1266 1132 1498 1200 ἐκεῖνος
1534 1133 1728 1200 κρινεῖ

1845 1142 1912 1196 lle
1931 1141 2198 1212 judicabit
2225 1157 2342 1196 eum
2382 1143 2439 1195 in
2493 1143 2784 1196 novissimo
2809 1142 2892 1195 die
2918 1141 2985 1194 ³⁸.
3018 1139 3250 1208 Jamque
3279 1139 3393 1206 ipse

189 1217 418 1271 αὑτὸνὲν
441 1218 512 1288 τῇ
533 1220 764 1290 ἐσχάτῃ
788 1222 1000 1292 ἡμέρᾳ.
1029 1225 1192 1294 Ἤδη,
1216 1226 1488 1296 ἁγαπητέ,
1509 1227 1538 1277 ὁ
1558 1225 1719 1289 καλὸς

1842 1249 1950 1306 :rga
1971 1250 2074 1290 nos
2098 1235 2302 1300 omnia,
2328 1234 2548 1300 dilecte,
2578 1236 2756 1289 bonus
2816 1232 2955 1288 Dens
2990 1241 3178 1286 noster
3209 1231 3395 1300 exple-

190 1309 297 1374 Θεὸς
319 1312 462 1384 ἡμῶν
483 1316 661 1371 πάντα
692 1315 762 1369 τὰ
791 1318 871 1380 εἰς
907 1320 1054 1388 ἡμᾶς
1092 1321 1410 1392 ἐπλήρωσεν
1436 1336 1450 1350 ο
1497 1321 1592 1374 ἐπὶ
1617 1321 1720 1389 γῆς

1842 1328 1920 1382 rit.
1959 1325 2018 1380 In
2049 1335 2195 1381 terra
2217 1327 2366 1381 visus
2392 1335 2497 1391 est,
2530 1326 2756 1393 formam
2783 1324 2917 1378 servi
2966 1323 3188 1392 accepit,
3221 1323 3395 1391 [actus

188 1401 336 1474 ὤφθη,
371 1403 588 1460 δούλου
625 1408 873 1478 μορφὴν
901 1409 1220 1476 ἀνέλαϐεν,
1277 1411 1546 1477 ὑπήκοος
1594 1411 1722 1479 ἐγέ-

1845 1429 1900 1474 εει
1924 1419 2168 1474 obediens
2199 1435 2359 1489 usque
2389 1416 2457 1470 ad
2505 1429 2749 1481 mortem,
2797 1423 3017 1469 mortem
3061 1425 3239 1468 autem
3274 1431 3398 1468 cru-

189 1509 299 1548 νετο
323 1495 486 1564 μέχρι
531 1498 814 1565 θανάτου,
849 1501 1107 1555 θανάτου
1162 1500 1231 1554 δὲ
1287 1503 1575 1570 σταυροῦ.
1613 1502 1723 1555 Καὶ

1843 1516 1900 1567 :is
1926 1513 1995 1567 ³⁹.
2040 1513 2216 1582 Atque
2246 1511 2360 1565 haec
2389 1525 2513 1565 cum
2549 1519 2695 1564 esset
2722 1508 2910 1580 glorize
2948 1507 3241 1571 Dominus,
3270 1523 3396 1575 por-

188 1586 330 1642 ταῦτα
370 1590 566 1659 Κύριος
609 1589 686 1644 ὢν
721 1592 821 1663 τῆς
855 1593 1035 1665 δόξης,
1069 1597 1163 1648 καὶ
1206 1594 1275 1648 τὰ
1323 1595 1507 1649 πάντα
1539 1596 1723 1667 φέρων

1848 1621 2056 1675 ansque
2086 1606 2270 1658 omnia
2305 1603 2472 1657 verbo
2500 1602 2717 1656 virtutis
2753 1616 2868 1656 sua:
2889 1600 2934 1631 ⁸⁸
2960 1618 2973 1654 :
3006 1615 3270 1654 revocans
3297 1613 3398 1654 nos

189 1677 250 1744 τῷ
281 1680 466 1749 ῥήματι
516 1682 622 1753 τῆς
675 1683 960 1755 δυνάμεως
1003 1685 1170 1739 αὐτοῦ
1209 1703 1224 1719 ο
1285 1687 1724 1758 ἀνακαλούμενος

1842 1699 1894 1753 ὼ
1946 1698 2108 1753 insita
2168 1695 2328 1749 nobis
2365 1710 2460 1764 per
2531 1692 2929 1762 protoplastum
3003 1691 3395 1758 corruptione;

188 1769 309 1838 ήμᾶς
334 1772 432 1825 ἀπὸ
467 1774 567 1845 τῆς
596 1777 964 1849 ἐγγενομένης
995 1781 1129 1851 ἡμῖν
1152 1779 1242 1832 διὰ
1278 1778 1372 1832 τοῦ
1400 1782 1725 1850 πρωτοπλά-

1843 1806 2002 1860 teque
2036 1789 2086 1844 id
2128 1795 2364 1845 tantnm.
2398 1785 2493 1839 sed
2527 1796 2624 1854 per
2648 1794 2892 1839 sanctam
2922 1799 3144 1852 quoque
3173 1797 3396 1836 carnem

190 1878 290 1916 στου
321 1864 549 1938 φθορᾶς·
596 1870 694 1923 καὶ
742 1871 803 1923 οὐ
853 1871 1035 1940 μόνον,
1077 1869 1213 1923 ἀλλὰ
1241 1870 1352 1942 γὰρ
1380 1872 1478 1923 καὶ
1514 1871 1723 1936 θεώσας

1845 1897 1983 1936 suam
2038 1897 2136 1935 nos
2173 1876 2671 1944 deiticanszcujus
2741 1885 2796 1929 et
2878 1873 3074 1929 fratres
3138 1872 3398 1943 appellari

189 1955 309 2024 ἡμᾶς
334 1958 416 2012 διὰ
444 1960 543 2030 τῆς
564 1962 732 2030 ἁγίας
766 1939 932 2016 αὑτοῦ
989 1964 1226 2034 σαρκόςο
1276 1939 1337 2018 οὗ
1369 1966 1465 2017 καὶ
1502 1965 1723 2034 ἀδελφοὶ

1848 1975 2150 2039 neruimus,
2199 1970 2656 2040 etconcorporei,
2716 1979 2771 2024 et
2801 1977 3112 2031 consortes,
3147 1974 3201 2021 et
3222 1966 3401 2022 cohze-

189 2049 434 2121 ὴξιὼμεθα
460 2053 764 2119 καλεῖσθαι,
796 2056 890 2109 καὶ
908 2055 1208 2126 σύσσωμοι,
1242 2057 1334 2108 καὶ
1372 2056 1725 2128 συμμέτοχοι,

1848 2067 2007 2120 'edes.
2039 2062 2308 2118 Convenit
2331 2076 2461 2130 ergo
2498 2071 2557 2115 ut
2595 2059 2746 2114 omni
2781 2060 3033 2115 custodia
3092 2073 3191 2112 nos
3221 2067 3401 2111 custo-

189 2143 262 2194 καὶ
287 2145 726 2218 συγκληρονόμοι.
760 2150 853 2201 Δεῖ
882 2143 976 2202 οὖν
1004 2150 1154 2220 ἡμᾶς
1187 2149 1334 2220 πάσῃ
1381 2149 1596 2220 φυλακῇ
1633 2169 1726 2219 φυ-

1849 2157 2068 2210 liamus.
2122 2155 2180 2207 ln
2219 2154 2401 2209 medio
2435 2154 2758 2224 laqueorum
2816 2151 3120 2219 ingrederis
3148 2166 3243 2220 per
3268 2149 3402 2204 civi-

189 2227 370 2288 λάττειν
395 2238 641 2303 ἑαυτούς.
699 2239 789 2294 Ἐν
829 2241 981 2312 μέσῳ
1040 2241 1286 2309 παγίδων
1322 2240 1620 2305 διαϐαίνεις
1670 2243 1728 2295 ἐν

1850 2257 1994 2302 atem
2032 2247 2347 2312 ambulans,
2400 2247 2526 2301 vide
2563 2262 2630 2301 ne
2667 2247 2744 2301 sis
2769 2245 3057 2300 remissus.
3105 2245 3162 2299 In
3207 2243 3403 2298 timore

188 2327 239 2394 τῇ
280 2328 416 2382 πόλει
447 2329 814 2403 διερχόμενος*
849 2332 951 2403 ὅρα
1005 2332 1080 2403 μὴ
1128 2335 1402 2404 ἐμπαρῇςι
1455 2333 1543 2385 Ἐν
1576 2333 1726 2403 φάδφ

1843 2340 2046 2393 Domini
2075 2341 2147 2395 sit
2188 2340 2536 2394 conversatio
2568 2349 2659 2394 tua
2692 2355 2814 2393 cum
2865 2339 2998 2393 viris
3029 2339 3224 2393 bonis:
3268 2338 3396 2408 fuge

191 2411 364 2517 Κυρίου
393 2423 423 2492 ὴ
446 2424 767 2496 ἀναστροφή
801 2442 894 2489 σου
913 2424 1053 2478 ἐστω
1074 2425 1214 2495 μετὰ
1236 2425 1446 2497 ἀνδρῶν
1473 2425 1693 2493 ἀγαθῶν
1715 2443 1728 2455 °

1854 2432 1956 2486 llos
1987 2433 2080 2501 qui
2115 2434 2233 2487 sine
2261 2433 2519 2486 cautione
2541 2432 2731 2486 vivunt
2763 2449 2775 2486 :
2813 2428 2934 2500 fuge
2966 2431 3123 2486 ludos
3151 2430 3406 2500 risusque

190 2515 328 2578 φεῦγε
360 2515 479 2577 τοὺς
509 2516 844 2584 ἀφυλάκτως
877 2518 1085 2581 ζῶντας
1117 2533 1129 2546 ·
1165 2516 1336 2586 φεῦγε
1381 2517 1608 2586 παίγνια
1631 2517 1730 2570 καὶ

1856 2526 2098 2581 uveniles
2133 2544 2145 2580 :
2177 2525 2302 2594 fuge
2332 2525 2612 2595 crapulam
2631 2537 2686 2578 et
2714 2525 3033 2579 ebrietatem
3067 2522 3403 2593 pestiferam.

188 2601 525 2676 γελοιάσματα
561 2611 900 2678 νεωτερικά·
945 2609 1116 2680 φεῦγε
1151 2609 1466 2682 κραιπάλας
1501 2611 1594 2663 καὶ
1629 2626 1730 2662 πο-

1853 2617 2021 2671 )ηιηὶδ
2048 2632 2218 2669 sermo
2253 2616 2427 2670 malus
2459 2632 2523 2669 ex
2554 2628 2643 2669 ore
2685 2625 2778 2670 tuo
2824 2632 2924 2668 non
2974 2615 3268 2685 procedat;
3315 2613 3406 2667 sed

186 2689 411 2760 λυποσίας
447 2699 811 2772 φθοροποιούς
857 2700 987 2756 Πᾶν
1009 2701 1177 2771 ῥῆμα
1220 2701 1459 2769 σαπρὸν
1513 2702 1580 2754 ἐκ
1623 2701 1730 2755 τοῦ

1855 2711 1880 2762 i
1906 2710 2023 2780 quis
2054 2709 2216 2762 bonus
2260 2710 2329 2762 ad
2379 2709 2793 2777 a’di/icationem
2831 2708 3161 2762 audientium
3187 2705 3255 2759 δ’.
3312 2705 3408 2759 Di-

186 2788 444 2856 στόματός
470 2809 590 2848 σου
617 2795 705 2864 μὴ
730 2794 1144 2864 ἐκπορευέσθω
1167 2811 1182 2826 ⁸
1215 2793 1352 2850 ἀλλ’
1380 2795 1436 2848 εἷ
1466 2813 1521 2848 τι
1542 2794 1730 2848 καλὸν

1853 2814 2046 2855 escere
2085 2814 2152 2852 ne
2173 2799 2417 2865 studeas,
2472 2799 2600 2868 quia
2632 2797 2816 2852 nudus
2854 2797 2904 2850 in
2962 2797 3107 2850 hunc
3145 2794 3406 2848 mundum

185 2880 256 2946 είς
317 2885 640 2955 οἰκοδομὴν
701 2887 821 2941 τῶν
883 2889 1249 2941 ἀκουόντων.
1317 2887 1409 2956 Μὴ
1476 2886 1730 2957 φρόντιζε

1858 2907 2120 2962 ngressus
2149 2905 2229 2956 es,
2273 2900 2326 2945 et
2374 2891 2554 2945 nudus
2600 2891 2824 2944 recedes
2851 2889 2917 2943 ι’.
2974 2887 3054 2942 Ne
3112 2902 3259 2942 ames
3297 2887 3411 2956 glo-

186 2970 403 3028 πλουτείν
434 2994 448 3007 ·
484 2980 566 3032 ὅτι
597 2980 808 3050 γυμνὸς
837 2979 1087 3050 εἰσῆλθες
1118 2982 1197 3043 είς
1224 2978 1314 3032 τὸν
1341 2979 1548 3046 κόσμον
1600 2978 1730 3031 τοῦ-

1857 2983 1974 3036 iam
2006 2981 2197 3035 mundi
2232 2980 2420 3049 hujus,
2467 2981 2596 3050 quia
2628 2979 2769 3035 sicut
2817 2979 3003 3034 fumus
3037 2978 3410 3048 praetervolat.

184 3073 274 3129 τον,
305 3069 502 3138 γυμνὸς
522 3072 618 3124 καὶ
643 3061 950 3144 ἆπελεύσῃ.
979 3070 1070 3142 Μὴ
1107 3071 1297 3138 ἀγάπα
1321 3072 1419 3139 τὴν
1455 3070 1612 3136 δόξαν
1635 3070 1731 3124 τοῦ

1860 3075 2016 3130 Jnum
2037 3074 2214 3128 solum
2247 3089 2369 3126 ama
2396 3073 2622 3137 bonum,
2655 3087 2852 3142 purum
2887 3073 3051 3126 sorde
3079 3070 3288 3139 peccati
3319 3084 3413 3123 cor

185 3155 360 3225 κόσμου
417 3161 646 3214 τούτου·
710 3163 792 3216 ὅτι
829 3164 905 3226 ὡς
953 3162 1158 3226 καπνὸς
1214 3163 1575 3233 παρέρχεται.
1636 3163 1732 3214 Ἓν

1865 3168 2058 3230 labere,
2095 3181 2325 3235 regnum
2361 3165 2625 3220 ccelorum
2672 3164 2921 3234 adipisci,
2952 3173 3006 3219 et
3045 3173 3300 3218 aeternam
3329 3161 3418 3215 fu-

185 3245 304 3340 σίλει
336 3251 492 3320 μόνον
523 3255 588 3307 τὸ
614 3254 838 3323 ἀγαθὸν,
875 3254 936 3307 τὸ
976 3253 1223 3326 καθαρὰν
1261 3253 1404 3324 ἔχειν
1437 3254 1537 3322 τὴν
1597 3270 1735 3323 καρ-

1856 3276 1966 3331 gere
1987 3257 2422 3312 damnationem.
2450 3257 2618 3310 Serva
2653 3263 2910 3310 mandata
2959 3271 3081 3324 quze
3105 3253 3366 3323 accepisti
3397 3271 3409 3306 :

184 3339 280 3390 δίαν
307 3342 407 3395 ἀπὸ
441 3345 542 3415 τῆς
575 3347 830 3417 ῥυπαρᾶς
858 3346 1136 3418 ἁμαρτίας
1155 3363 1169 3377 ο
1195 3346 1256 3397 τὸ
1270 3346 1546 3415 ἐπιτυχεῖν
1579 3345 1730 3414 βασι-

1864 3364 2028 3403 iurem
2059 3358 2208 3402 tuam
2231 3346 2430 3401 inclina
2460 3347 2748 3400 mendico:
2778 3361 2900 3400 cum
2930 3345 3190 3415 opitulari
3221 3359 3417 3398 manus

184 3426 307 3496 λείας
334 3437 578 3507 οὐρανῶν
602 3454 616 3470 ·
655 3439 750 3492 καὶ
794 3442 987 3507 φυγεῖν
1019 3438 1259 3510 κρίσεως
1320 3439 1566 3492 αἰωνίου.
1621 3438 1736 3501 Τὰς

1869 3455 1935 3493 ua
1969 3448 2171 3509 potest,
2204 3438 2425 3509 porrige
2453 3437 2737 3508 indigenti.
2769 3438 2981 3491 Minuta
3017 3437 3125 3490 duo
3156 3435 3415 3505 pauperis

185 3519 395 3592 ἐντολὰς,
431 3528 500 3591 ἂς
536 3529 750 3595 ἔλαϐες,
777 3530 1015 3600 φύλαττε
1037 3547 1051 3560 ·
1100 3529 1281 3583 κλῖνον
1320 3529 1524 3601 πτωχῷ
1555 3529 1615 3581 τὸ
1643 3527 1738 3592 οὖς

1866 3532 2020 3585 viduae
2046 3532 2283 3586 antelata
2316 3541 2447 3585 sunt
2479 3529 2735 3584 omnibus
2765 3545 2886 3601 quae
2925 3530 3094 3584 missa
3125 3529 3341 3583 fuerant
3363 3529 3419 3583 in

187 3629 298 3667 σουο
340 3619 501 3689 ἡνίκα
554 3623 671 3692 ἔχει
704 3624 739 3694 ὴ
807 3623 929 3694 χείρ
988 3640 1082 3675 σου
1137 3621 1378 3692 βοηθεῖν,
1420 3621 1610 3690 ὄρεξον
1661 3621 1738 3691 τῷ

1868 3621 2295 3693 gazophylacium
2319 3622 2385 3675 ⁸³.
2414 3620 2797 3676 Juramentum
2834 3638 2944 3676 non
2983 3620 3192 3676 habitet
3235 3621 3288 3674 in
3325 3633 3421 3675 ore

184 3705 409 3782 δεομένῳ.
441 3713 550 3767 Δύο
610 3714 784 3770 λεπτά
815 3717 989 3786 χήρας
1043 3716 1264 3784 πτωχῆς
1301 3715 1737 3785 ὑπερηκόντισαν

1872 3731 1975 3770 uo:
2010 3731 2135 3769 nam
2168 3715 2261 3786 qui
2300 3716 2450 3784 jurat
2479 3731 2585 3768 non
2638 3716 2960 3782 salvabitur,
2991 3716 3206 3771 tametsi
3239 3715 3422 3770 omnia

185 3801 377 3858 πάντων
433 3807 545 3860 τῶν
589 3809 648 3861 ἐν
710 3808 788 3879 τῷ
845 3808 1234 3878 γαζοφυλακίῳ
1288 3808 1738 3877 ἐμϐεϐλημένων.

1872 3817 2117 3879 ιτωοερια
2140 3823 2362 3863 servare
2393 3808 2662 3863 videatur.
2695 3807 2866 3863 Visita
2894 3809 3170 3862 hominem
3197 3823 3425 3862 carcere

186 3891 360 3963 Ὅρκος
405 3902 463 3953 ἐν
496 3900 580 3972 τῷ
634 3901 868 3971 στόματί
911 3917 1007 3954 σου
1056 3901 1131 3972 μὴ
1183 3900 1526 3964 αὐλιζέσθω⁶
1560 3902 1589 3952 ὁ
1630 3898 1739 3970 γὰρ

1862 3901 2152 3964 letentum,
2189 3908 2249 3953 ut
2294 3899 2536 3954 visitet-is
2589 3915 2620 3953 a
2651 3899 2904 3954 Domino.
2931 3898 3164 3954 Assidue
3208 3913 3326 3962 ora,
3360 3906 3415 3954 et

182 3983 373 4054 ὀμνύων
425 3993 488 4046 οὐ
546 3992 876 4064 σωθήσεται,
937 3993 1038 4046 κᾶν
1092 3993 1223 4063 δοκῇ
1293 3994 1475 4046 πᾶσαν
1522 3991 1735 4060 ἐντολὴν

1874 3991 2024 4045 isalle
2070 3990 2124 4044 in
2150 3991 2334 4057 corde,
2369 3999 2428 4045 ut
2467 3990 2737 4059 Spiritum
2763 4000 3018 4045 sanctum
3056 3991 3427 4045 contuberna-

181 4081 350 4134 ποιεῖν.
378 4083 746 4139 Ἐπισκέπτου
777 4084 1066 4156 ἄνθρωπον
1096 4085 1153 4136 ἐν
1193 4082 1432 4153 φυλακῇ,
1469 4082 1555 4134 ἵνα
1618 4084 1734 4134 ἐπι-

1876 4096 1957 4132 em
2002 4080 2269 4150 excipias.
2306 4080 2430 4135 Hazc
2461 4096 2633 4150 pauca
2663 4081 2731 4134 de
2763 4082 2950 4135 multis
2998 4082 3254 4150 dogmata
3295 4080 3429 4134 cha-

184 4171 399 4244 σκεφθῇς
423 4177 531 4229 ὑπὸ
559 4178 787 4246 Κυρίου.
812 4176 1127 4248 Προσεύχου
1156 4192 1416 4246 συνεχως,
1450 4174 1545 4227 καὶ
1573 4172 1737 4241 ψάλλε

1876 4170 2054 4236 itatis,
2089 4172 2230 4226 bona
2274 4185 2560 4243 pnecepta,
2598 4189 2719 4242 qua:
2777 4175 2938 4228 ambo
2971 4187 3338 4243 exsequamur
3368 4184 3429 4227 ut

183 4258 229 4310 ὲν
251 4265 434 4338 καρδίᾳ
460 4284 475 4298 ο
514 4269 605 4321 ἵνα
620 4270 680 4322 τὸ
700 4269 926 4340 Πνεῦμα
949 4269 1010 4322 τὸ
1029 4269 1184 4338 ἅγιον
1200 4267 1436 4338 ὑποδέξῃ
1465 4266 1733 4319 σύνοικον.

1875 4263 1990 4318 ιδΙνί
2049 4265 2246 4330 simus,
2282 4267 2336 4319 in
2371 4264 2592 4321 Christo
2643 4265 2769 4320 Jesu
2831 4264 3064 4321 Domino
3100 4274 3314 4333 nostro,
3339 4267 3428 4321 cui

184 4349 342 4409 Ταῦτα
365 4358 428 4410 ἐκ
474 4359 690 4413 πολλῶν
726 4359 887 4429 ὀλίγα
934 4359 1206 4431 δείγματα
1243 4361 1490 4428 ἀγάπης,
1527 4356 1737 4410 ἐντολαὶ

1392 4375 1490 4428 της,
1527 4356 1740 4410 ἐντολαὶ
1852 4355 2020 4426 gloria
2059 4357 2111 4409 in
2138 4357 2336 4411 saecula
2367 4358 2712 4411 smculorutn.
2751 4357 2945 4411 Amen.

182 4445 381 4518 ἀγαθαὶ,
427 4454 498 4520 ἃς
538 4456 842 4528 ἀμφότεροι
903 4456 1229 4527 πράξοιμεν,
1263 4456 1360 4508 καὶ
1407 4453 1735 4523 σωθείημεν,
1775 4453 1833 4505 ἐν
1864 4450 2086 4525 Χριστῷ
2123 4452 2299 4524 Ἰησοῦ
2331 4451 2408 4523 τῷ
2438 4452 2631 4524 Κυρίῳ
2655 4453 2834 4523 ἡμῶν,
2861 4445 2905 4520 ᾧ
2946 4453 2980 4523 ἡ
3009 4451 3135 4517 δόξα
3165 4453 3245 4516 είς
3303 4452 3430 4518 τοὺς

183 4546 360 4614 αίῶνας
390 4551 503 4603 τῶν
536 4551 775 4606 αἰώνων.
822 4553 1018 4622 Ἀμήν.

371 4648 500 4704 PIE'
536 4650 672 4720 (li).
692 4650 1140 4720 —-Et'159p00't5rn
1168 4647 1496 4718 ἡγουμένῃ.
1539 4643 1739 4719 [χμζ’.]

1604 4643 1739 4716 μζ’.]
2131 4637 2297 4694 CXV.
2332 4668 2402 4678 —
2432 4636 2794 4708 Euphrosynaz
2836 4637 3152 4707 prwpositw.

1266 4760 1478 4810 Rursum
1501 4761 1566 4807 de
1590 4754 1749 4820 ipsius
1773 4755 1944 4804 matris
1981 4750 2120 4804 obitu
2144 4751 2336 4803 scribit.

255 4865 334 4930 Ὠς
362 4869 512 4922 καλὰ
543 4868 613 4923 τὰ
642 4867 948 4939 γράμματα
1001 4869 1100 4939 τῆς
1144 4868 1455 4939 τιμιότητός
1491 4884 1612 4932 σου,
1653 4866 1748 4919 καὶ
1779 4868 1808 4923 ῑ

1925 4865 2097 4931 Quam
2154 4863 2431 4933 praeclara:
2484 4858 2706 4914 fuerunt
2735 4858 3054 4914 reverentiae
3086 4859 3433 4914 tuaalitterae-

185 4959 237 5010 τὺ
267 4959 515 5032 λυπηρὸν
572 4961 998 5032 ἐπιδεικνύμενα
1043 4963 1144 5032 τῆς
1172 4963 1266 5016 ἐπὶ⁸
1301 4966 1366 5033 τῇ
1402 4961 1527 5033 ὁσίᾳ
1575 4963 1738 5032 μητρὶ

1881 4972 1975 5025 [uae
2002 4965 2056 5010 et
2085 4954 2328 5009 dolorem
2347 4968 2414 5006 ex
2441 4960 2646 5007 sancta:
2667 4950 2860 5004 matris
2883 4951 3034 5004 obitu
3054 4958 3267 5004 testatae
3288 4961 3434 5010 sunt,

188 5052 502 5120 κοιμήσεως,
534 5053 629 5106 καὶ
650 5054 711 5106 τὸ
733 5054 1143 5123 ὑπομνηστικὸν
1170 5055 1268 5123 τῆς
1287 5054 1497 5117 ἐλπίδος
1525 5053 1741 5122 ἔχονταὲ

1882 5059 1911 5104 τι
1950 5049 2064 5117 spei
2113 5047 2445 5102 mentionem
2499 5043 2906 5099 continebant!
2964 5042 3435 5108 Quemadmodum

195 5143 271 5206 Ὠς
294 5146 402 5217 γὰρ
434 5147 500 5198 τὸ
530 5147 708 5217 πάντη
745 5147 955 5200 ἄλυπον
988 5148 1086 5201 καὶ
1137 5148 1346 5216 ἄδακρυ
1401 5148 1493 5199 ἐπὶ
1524 5148 1588 5215 τῇ
1645 5144 1748 5198 τῶν

1881 5143 1998 5196 nim
2025 5157 2131 5195 non
2158 5141 2342 5196 dolere
2362 5153 2610 5209 prorsus,
2641 5152 2742 5190 nec
2778 5136 2906 5191 [lere
2946 5143 3292 5189 mortuorum
3317 5134 3434 5189 dis—

189 5240 597 5309 κεκοιμημένων
630 5239 923 5304 διαζεύξει,
945 5242 1339 5310 κατηγορεῖται
1373 5237 1742 5308 (ἀναισθησίας

1887 5232 2124 5296 essione,
2167 5230 2365 5284 merito
2439 5226 2862 5298 reprehenditur
2897 5244 2910 5292 ;
2951 5226 3191 5295 stuporis
3239 5226 3438 5295 quippe

189 5329 280 5400 γὰρ
304 5334 636 5403 τεκμήριον)
655 5349 667 5362 ’
697 5333 840 5386 οὕτω
870 5334 932 5385 τὸ
974 5333 1153 5403 πέραν
1174 5331 1269 5384 τοῦ
1328 5331 1531 5401 μέτρου
1594 5329 1742 5382 πάλιπ

1890 5334 1939 5379 st
1968 5335 2351 5395 argumentum
2388 5342 2400 5379 :
2433 5326 2515 5378 sic
2561 5324 2724 5376 etiam
2765 5322 2907 5376 ultra
2962 5319 3189 5376 modum
3251 5320 3438 5375 dolm-e

193 5427 557 5480 κατακλᾶσθαι
585 5429 651 5496 τῇ
677 5426 847 5497 λύπῃ,
880 5426 990 5497 τῷν
1022 5425 1095 5496 μὴ
1125 5426 1359 5494 ἐχόντων
1391 5424 1536 5476 ἐστὶν
1566 5421 1746 5474 ἐλπίδα

1887 5417 2060 5489 rangi,
2100 5433 2289 5472 eorum
2316 5425 2399 5472 est
2433 5417 2525 5486 qui
2572 5417 2996 5471 resurrectionis
3020 5430 3170 5482 spem
3203 5428 3312 5468 non
3340 5414 3439 5466 ha-

195 5513 556 5582 ἀναστάσεως.
613 5491 1043 5590 Ᾰεῡρο-’λοιπὺή
1083 5491 1297 5588 ⁷ἀδελφὴ
1336 5518 1394 5569 ἐν
1442 5513 1654 5585 Κυρίῳ,
1702 5511 1748 5565 τὶ

1889 5522 2014 5564 ient.
2050 5514 2163 5580 Age
2195 5526 2340 5565 nunc
2399 5525 2549 5580 ergo,
2578 5523 2742 5563 soror
2791 5508 2842 5562 in
2907 5507 3160 5572 Domino,
3200 5504 3442 5574 legitimo

255 5632 296 5665 ³⁸
321 5634 484 5688 Joan.
523 5637 730 5702 xn,47.
806 5637 850 5682 ³³⁷
875 5634 1031 5690 Joan.
1066 5652 1154 5700 xv,
1183 5636 1272 5688 2?.
1350 5632 1704 5697 “103mm,
1732 5627 1823 5682 48.
1906 5629 1950 5660 ⁸⁸
1980 5626 2214 5697 Philipp.
2243 5642 2300 5692 Il,
2343 5625 2395 5691 7,
2431 5626 2485 5681 8.
2563 5625 2608 5656 ⁸⁸
2652 5621 2816 5680 Hebr.
2841 5639 2879 5690 t,
2913 5621 2965 5678 5.
3044 5622 3085 5653 “
3124 5619 3325 5690 Ephes.
3367 5631 3443 5686 tv,

193 5700 268 5756 29.
336 5709 382 5738 ’⁵³
413 5705 541 5761 Job.
577 5700 614 5770 ι,
643 5707 732 5761 il.
806 5706 851 5737 ⁸³
881 5707 1048 5762 Marc.
1081 5723 1178 5772 ιιι,
1209 5707 1297 5761 45.

1699 5814 1928 5874 ΝΟΤΑΕ.

262 5939 364 6008 (ιι)
397 5939 460 5995 ιη
489 5937 608 5994 cod.
647 5937 774 6009 Reg.
819 5937 950 6006 ρλγ¹.
