3934 6456
527 375 662 440 1383

521 583 668 639 illius
691 584 1046 639 simulacrum
1086 599 1152 640 ex
1185 593 1367 640 mente
1395 585 1719 654 abjiciamus
1746 604 1760 652 ;
1787 587 1949 642 absit.
1981 586 2095 641 Erit

523 675 669 728 enim
705 675 847 745 apud
901 691 1002 731 nos
1053 677 1234 732 omnis
1291 676 1686 733 adhortationis
1747 679 2094 748 gubernatio-

525 767 722 836 nisque
754 781 1178 822 monumentum
1210 786 1222 822 :
1283 769 1375 824 sed
1409 779 1464 824 ut
1511 770 1774 824 alacriore
1805 771 1990 824 animo
2015 771 2094 825 si-

527 875 670 922 mus,
700 875 766 914 ac
795 875 1123 930 peragamus
1163 862 1497 929 propositum
1527 871 1798 916 certamen
1827 863 2093 918 exercita-

530 951 718 1005 tionis.
751 950 868 1006 Non
894 952 1060 1022 igitur
1078 953 1299 1020 reliquit
1325 963 1375 1008 te
1395 963 1566 1008 mater
1592 954 1880 1009 immatura
1911 965 2089 1023 atate,

529 1060 629 1098 nec
671 1044 864 1098 rudem
932 1060 1113 1098 rerum
1179 1046 1511 1111 divinarum,
1576 1062 1676 1103 nec
1729 1047 2091 1102 humanarum

526 1136 834 1204 imperitam
868 1154 883 1202 ;
917 1137 1040 1199 sed,
1075 1137 1278 1191 Christi
1304 1139 1500 1208 gratia,
1533 1139 1787 1192 omnibus
1819 1143 1984 1194 rebus
2017 1141 2099 1192 in-

525 1237 814 1292 structam,
841 1237 895 1281 et
945 1229 1072 1285 vita
1100 1245 1203 1283 usu
1255 1230 1504 1297 peritam,
1540 1240 1594 1284 et
1646 1232 1945 1300 prudentia
1980 1231 2096 1300 ple-

527 1334 676 1385 nam,
701 1328 756 1373 et
798 1319 1030 1374 scientia
1063 1321 1414 1389 locupletem,
1449 1331 1503 1375 et
1548 1323 1932 1393 gubernationi
1972 1337 2094 1388 per-

526 1408 798 1464 idoneam.
834 1409 1077 1479 Cumque
1121 1411 1370 1467 humana
1401 1415 1528 1468 vita
1571 1414 1780 1469 deliniti
1821 1418 1929 1469 sint
1959 1415 2094 1480 dies,

524 1499 779 1568 prospice
811 1499 1079 1567 imprimis
1133 1502 1366 1570 pr0pria
1422 1502 1726 1564 securitati,
1773 1503 2095 1570 adjutricem

528 1604 816 1644 assumens
847 1590 960 1644 sive
989 1605 1018 1644 e
1049 1590 1232 1653 domo,
1285 1592 1328 1646 si
1372 1602 1645 1661 suppetat,
1685 1594 1800 1648 sive
1829 1595 2098 1648 extrinse-

525 1694 639 1734 cus.
684 1680 891 1749 Quippe
919 1679 1033 1734 lieri
1081 1683 1306 1736 omnino
1340 1691 1540 1751 potest,
1600 1693 1656 1738 ut
1698 1683 1955 1738 feminam
2010 1685 2096 1738 in-

525 1771 714 1826 venias
764 1772 848 1825 eui
881 1774 1098 1842 negotia
1148 1789 1270 1842 qua
1309 1774 1579 1829 interdum
1633 1785 1926 1831 occurrunt
1961 1776 2096 1831 dilli-

1699 381 1757 438 S.
1793 377 2178 438 TIIEODORI
2219 376 2566 440 STUDITJ‘I

523 493 746 563 planctu
785 489 1078 560 perfuncti,
1104 491 1170 546 ad
1198 505 1296 546 nos
1327 491 1650 546 redeamus:
1684 507 1789 546 non
1815 502 1872 546 ut
1893 503 2092 547 sancta

2202 495 2376 548 ἱκανὸν
2412 493 2505 548 τοῦ
2566 491 2794 554 πένθους
2850 489 3307 560 ἀφοσιωσάμενοι,
3365 491 3444 551 εἰς

3625 367 3760 436 1384

3521 489 3760 552 ἑαυτοὺς

2195 587 2485 657 γενώμεθα
2509 604 2523 618 ο
2559 586 2655 657 οὐχ
2686 587 2769 639 ὃτι
2808 584 3061 638 ἐκϐαλεῖν
3089 583 3188 652 τῆς
3241 583 3468 651 καρδίας
3495 584 3556 635 τὸ
3588 586 3765 639 ῐνδαλ-

2199 698 2274 750 μα
2306 679 2402 748 τῆς
2433 678 2596 746 ἁγίας
2636 677 2852 747 ὲκείνης
2873 692 2887 704 ⁸
2935 677 3008 746 μή
3052 693 3106 728 τι
3157 673 3367 742 γένοιτο
3391 689 3406 705 ο
3445 673 3534 744 εἴη
3566 676 3677 744 γὰρ
3707 677 3764 730 ὲν

2195 772 2328 840 ἡμῖν
2358 769 2655 838 ὑπόμνημα
2678 767 2858 835 πάσης
2889 765 3289 836 παρακλήσεως
3323 763 3422 817 καὶ
3463 765 3763 836 διακυϐερ-

2197 864 2407 933 νήσεως
2430 873 2446 888 °
2471 859 2608 914 ἀλλά
2642 859 2705 913 τὸ
2731 858 2960 926 ἄγεσθαι
2987 858 3369 928 εὐθυμότερον,
3403 859 3497 911 καὶ
3527 856 3764 911 διανύειν

2195 955 2286 1008 τὸν
2334 953 2694 1025 προκείμενον
2725 952 2912 1021 ἀγῶνα
2939 952 3038 1021 τῆς
3069 951 3378 1021 ἀσκήσεως.
3425 950 3541 1002 Οὐκ
3582 950 3763 1002 εἴασεν

2195 1043 2289 1102 οὖν
2325 1064 2384 1100 σε
2413 1047 2470 1099 ἐν
2506 1045 2672 1115 ἀώρῳ
2698 1043 2961 1115 ἡλικίᾳοὴ
2998 1043 3201 1112 μήτηρ,
3253 1042 3361 1095 οὐδ’
3415 1039 3600 1110 ἀμαθῆ
3656 1041 3765 1094 τῶν

2200 1139 2384 1203 θείων,
2426 1137 2536 1192 οὐδ’
2577 1137 2806 1213 ἄπειρον
2855 1134 2964 1186 τῶν
3019 1135 3078 1185 ὲν
3123 1133 3241 1203 βίῳ,
3273 1132 3538 1184 πάντοθεν
3578 1131 3766 1201 χάριτι

2197 1229 2436 1301 Χριστοῦ
2465 1229 2848 1298 ίκανουμένην,
2888 1226 2981 1280 καὶ
3011 1226 3126 1295 βίου
3180 1224 3463 1296 ἔμπειρον,
3495 1226 3591 1277 καὶ
3631 1240 3770 1294 φρο-

2202 1323 2410 1391 νήσεως
2437 1319 2712 1388 ἔμπλεων,
2763 1319 2858 1371 καὶ
2898 1314 3152 1385 γνώσεως
3199 1313 3457 1384 εϐπορον,
3491 1315 3585 1367 καὶ⁵
3629 1314 3767 1367 διοι-

2197 1411 2412 1480 κήσεως
2441 1408 2681 1462 εῦθετον.
2721 1407 2833 1460 Καὶ
2859 1406 3083 1477 ἡμερῶν
3112 1403 3534 1476 ἀπηρτισμένων
3551 1404 3617 1472 τῇ
3650 1401 3766 1474 ζωῇ

2201 1504 2310 1556 τῶν
2347 1502 2672 1572 ἀνθρώπων,
2722 1499 2845 1570 ἔχου
2894 1499 2958 1570 δὴ
3021 1497 3122 1566 τῆς
3179 1497 3385 1560 οἰκείας
3438 1495 3764 1560 ἀσφαλείας,

2198 1595 2552 1666 λαμϐάνουσα
2580 1592 2793 1664 βοηθὸν,
2829 1591 2939 1644 εἴτε
2972 1590 3202 1657 οἴκοθεν,
3233 1591 3408 1659 ἄνπερ
3450 1588 3543 1642 καὶ
3589 1589 3767 1654 ἐστιν,

2199 1688 2309 1740 εἴτε
2345 1686 2561 1750 ἔξωθεν.
2594 1686 2707 1738 Οὐκ
2764 1684 2969 1752 ἄπορον
3023 1681 3132 1752 γὰρ
3179 1681 3358 1751 εὑρεῖν
3393 1681 3626 1749 γυναῖκα
3676 1679 3768 1732 ἐπ’

2199 1779 2449 1833 ἀναθέσει
2480 1776 2587 1830 τῶν
2606 1774 3024 1845 συμπιπτόντων
3052 1774 3199 1826 ἐστιν
3227 1773 3315 1824 ὅτε
3336 1772 3768 1841 δυστεκμάρτων

528 1863 728 1916 eillima
760 1866 1092 1932 committas,
1124 1881 1244 1936 qua
1281 1867 1536 1936 expedire
1590 1883 1687 1938 per
1712 1883 1771 1924 se
1800 1884 1955 1924 mens
1990 1885 2096 1924 una

2203 1870 2564 1940 πραγμάτων,
2590 1861 2664 1921 ὧν
2694 1867 2791 1938 τὴν
2814 1866 2968 1920 λύσιν
3017 1862 3098 1928 εἷς
3123 1865 3246 1926 νοῦς
3279 1864 3376 1932 οὐχ
3408 1858 3519 1927 οἷός
3551 1863 3610 1914 τέ
3645 1861 3768 1915 ἐστι

527 1965 788 2023 nequeat.

599 2046 835 2100 Attende
864 2046 1118 2108 similiter
1166 2049 1509 2105 subditarum
1545 2067 1792 2107 sororum
1826 2052 2100 2121 guberna-

529 2137 665 2191 tioni
701 2153 716 2191 :
749 2155 942 2209 regens
977 2141 1101 2196 illas
1134 2141 1186 2194 in
1224 2141 1482 2207 Domino,
1515 2158 1639 2197 cum
1668 2144 1817 2196 omni
1847 2144 2097 2214 longanio

532 2230 720 2285 [nitate
751 2241 806 2285 et
838 2233 1314 2289 commiseratione
1337 2235 1562 2305 exigens
1585 2251 1705 2304 qua
1726 2244 1854 2290 sunt
1886 2236 2053 2290 officii
2080 2253 2094 2291 :

528 2335 706 2389 neque
744 2337 947 2392 urgens
974 2323 1378 2388 vehementius,
1414 2325 1508 2380 sed
1542 2325 1686 2379 sicut
1716 2327 1898 2380 nutrix
1954 2327 2097 2384 ﬁlios

529 2426 662 2466 suos
712 2411 924 2479 fovens,
966 2422 1245 2484 totamque
1277 2426 1327 2469 te
1381 2416 1490 2470 illis
1523 2417 1840 2486 impendens
1875 2436 1887 2471 :
1930 2418 2004 2472 ita
2041 2426 2100 2474 ut

529 2504 766 2558 animam
807 2505 980 2573 ipsam
1021 2522 1117 2575 pro
1151 2508 1259 2560 illis
1293 2523 1558 2577 exponas,
1613 2525 1790 2579 neque
1830 2509 1968 2565 freni
1999 2511 2100 2565 ha-

533 2594 704 2650 benas
743 2611 773 2649 e
807 2597 1088 2651 contrario
1139 2598 1356 2666 penitus
1406 2601 1709 2666 remittens,
1764 2616 1886 2672 qua
1933 2617 2097 2658 causa

533 2702 655 2741 esse
679 2687 822 2741 solet
861 2687 1265 2754 dissolutionis,
1290 2690 1650 2756 confusionis,
1683 2703 1735 2746 et
1776 2694 1979 2748 nullius
2011 2710 2100 2750 er-

533 2791 597 2846 ga
628 2775 770 2830 ﬁlios
799 2778 1024 2831 amoris.
1056 2778 1176 2832 Scis
1203 2779 1478 2848 quomodo
1509 2788 1582 2840 te.
1613 2791 1877 2850 prasente
1903 2792 2096 2850 matre,

533 2888 751 2942 gereres
793 2887 808 2924 ι
846 2873 954 2928 scis
990 2873 1042 2926 in
1103 2882 1155 2928 te
1209 2875 1450 2928 omnium
1486 2875 1700 2930 illarum
1755 2877 1946 2932 oculos
1978 2887 2100 2932 tan-

533 2981 695 3033 quam
726 2965 778 3018 in
805 2963 973 3018 Deum
1004 2980 1124 3019 esse
1149 2981 1459 3032 conversos,
1493 2983 1785 3036 personam
1831 2977 1976 3023 tuam
2015 2971 2100 3024 in-

533 3055 802 3110 tuentiqu
835 3055 982 3109 velut
1007 3055 1432 3110 conciliatricem
1467 3057 1609 3126 apud
1643 3055 1833 3111 Deum.
1860 3059 2016 3124 Quod
2051 3059 2096 3115 si

535 3148 648 3216 ipsa
702 3149 782 3200 sic
828 3161 994 3215 agas;
1027 3147 1376 3215 perspicuum
1416 3157 1500 3202 est
1529 3149 1673 3202 aliud
1718 3148 1841 3204 illas
1890 3151 2098 3218 spirare

537 3239 676 3292 nihil
702 3238 929 3301 debere,
955 3253 1118 3307 quam
1148 3239 1293 3308 quod
1330 3248 1383 3292 tu
1436 3241 1693 3308 magistra
1724 3255 1777 3295 et
1824 3242 2001 3310 cupis.
2050 3251 2105 3297 et

534 3331 726 3402 jubes,
757 3342 810 3386 et
861 3331 1156 3386 enuntias:
1190 3346 1413 3396 prorsus
1450 3342 1506 3386 ut
1529 3332 1773 3402 genuina
1807 3333 1926 3387 ﬁlia
1979 3349 2105 3404 erga

539 3431 811 3488 matrem,
876 3432 937 3477 ut
989 3423 1228 3477 membra
1285 3423 1353 3478 de
1405 3425 1647 3478 membro
1678 3441 1805 3495 erga
1839 3437 2018 3495 caput,
2049 3436 2109 3480 nt

545 3513 710 3570 ﬂores
737 3529 865 3584 erga
899 3516 1186 3570 rosarium.
1218 3515 1297 3570 Ad
1326 3516 1427 3572 hoc
1454 3517 1596 3571 enim
1628 3529 1680 3574 et
1711 3520 1764 3574 in
1784 3537 1948 3574 unum
1980 3538 2108 3576 con-

569 3615 856 3668 venerunt,
879 3607 1081 3661 mundo
1111 3607 1318 3672 relicto,
1341 3617 1395 3662 et
1427 3608 1492 3663 iis
1521 3611 1708 3679 quain
1735 3613 1934 3666 mundo
1957 3623 2104 3678 sunt,

555 3697 888 3766 parentibus
913 3713 976 3752 ac
1018 3697 1297 3764 fratribus,
1333 3701 1655 3756 necessariis
1693 3712 1746 3755 et
1777 3703 1992 3766 amicis,
2028 3704 2107 3757 fa-

559 3790 858 3844 cultatibus
880 3798 933 3843 et
956 3790 1133 3844 carnis
1163 3789 1463 3856 affectibus,
1491 3793 1792 3846 calibatum
1821 3795 2103 3862 amplexa,

540 3879 883 3949 Christoque
913 3879 1198 3948 desponsa
1235 3896 1252 3934 :
1277 3891 1334 3935 ut
1362 3891 1547 3936 sancte
1572 3891 1624 3936 et
1651 3885 2104 3950 quemadmodum

539 3971 784 4039 virgines
820 3971 978 4022 decet
1025 3971 1288 4035 viventes,
1328 3987 1552 4039 regnum
1599 3973 1863 4027 calorum
1911 3990 2106 4030 conse-

540 4072 798 4130 quantur,
827 4061 1135 4127 intrentque
1166 4077 1287 4115 cum
1315 4061 1531 4117 Christo
1562 4064 1613 4116 in
1643 4065 1917 4120 caleslem
1951 4067 2102 4120 illum

545 4163 597 4205 et
628 4152 958 4206 ineffabilem
987 4151 1287 4204 thalamum
1319 4153 1637 4222 nuptialem.
1673 4153 1802 4210 Tale
1834 4165 1886 4210 et
1919 4157 2022 4211 illis
2051 4166 2106 4212 et

541 4243 656 4305 tibi,
719 4243 958 4303 domina,
1013 4253 1286 4296 certamen
1380 4251 1463 4297 est
1516 4253 1569 4297 et
1625 4244 1942 4313 professio:
1981 4263 2104 4316 pro-

544 4335 668 4388 inde
693 4334 819 4387 huic
856 4334 1201 4387 attendamus
1242 4353 1254 4388 ι
1301 4335 1354 4387 in
1379 4334 1478 4388 hac
1508 4351 1848 4402 moveamur,
1871 4346 1924 4390 et
1951 4338 2102 4390 viva-

545 4440 667 4477 mus
700 4442 712 4476 :
759 4439 864 4476 non
897 4423 1000 4476 huc
1036 4432 1089 4476 et
1125 4423 1253 4477 illuc
1281 4425 1656 4492 respicientes,
1685 4427 1827 4494 quod
1859 4428 1938 4480 sic
1969 4427 2101 4482 illud

2196 1962 2397 2016 δοῦναι.

2272 2056 2436 2124 Ἔχου
2459 2053 2524 2122 δὴ
2562 2051 2760 2122 ὁμοίιος
2793 2051 2884 2104 καὶ
2934 2049 3034 2118 τῆς
3078 2046 3458 2118 κυϐερνήσεως
3490 2045 3597 2098 τῶν
3659 2043 3771 2098 ὑπὸ

2196 2149 2356 2219 χεῖρα
2383 2143 2651 2212 ἀδελφῶν,
2685 2141 3067 2212 καθηγουμένη
3099 2141 3156 2193 tv
3195 2138 3382 2208 Κυρίῳ
3419 2136 3556 2207 μετά
3583 2136 3771 2204 πάσης

2199 2238 2600 2310 μακροθυμίας,
2621 2234 2754 2307 μετὰ
2772 2232 3132 2301 συμπαθείας,
3152 2231 3286 2301 μετά
3299 2231 3498 2298 ὲκζητή
3509 2245 3644 2290 σεως
3657 2227 3772 2281 τῶν

2196 2329 2558 2399 ὀφειλομένων
2572 2344 2586 2358 ο
2614 2327 2747 2396 μήτε
2763 2321 3170 2385 καταπιέζουσα
3185 2319 3450 2391 σφοδρῶς,
3473 2318 3584 2372 ἀλλ’
3605 2317 3681 2382 ὡς
3702 2317 3777 2371 ἀν

2195 2421 2395 2492 τροφὸς
2454 2419 2632 2491 θάλπῃ
2678 2417 2745 2470 τὰ
2798 2415 2997 2485 ἑαυτῆς
3041 2415 3244 2478 τέκνα,
3301 2411 3368 2464 τὰ
3424 2411 3543 2464 κατ’
3595 2410 3776 2474 αὐτὰς

2199 2512 2535 2584 ἀμειϐομένη
2569 2525 2586 2544 ο
2627 2511 2704 2572 ὡς
2746 2509 2838 2562 καὶ
2899 2508 3066 2577 αὐτὴν
3124 2506 3223 2575 τὴν
3272 2503 3448 2575 ψυχὴν
3504 2502 3774 2573 προέσθαι

2197 2605 2339 2675 ὑπὲρ
2375 2604 2556 2657 αὐτῶν
2581 2619 2598 2635 ο
2650 2601 2772 2672 μηδ’
2804 2596 2870 2653 αὖ
2897 2601 3082 2653 ἀνεῖσα
3124 2597 3318 2659 ὑλικῶς
3335 2596 3432 2658 τὰς
3485 2595 3640 2664 ἡνίας
3671 2593 3772 2646 τοῦ

2197 2695 2452 2768 χαλινοῦ’
2506 2695 2676 2748 αῐτιον
2721 2691 2830 2762 γὰρ
2859 2691 3015 2746 τοῦτο
3068 2688 3385 2752 διαλύσεως,
3427 2686 3660 2752 ἀταξίας
3708 2699 3775 2738 τε

2198 2790 2294 2842 καὶ
2325 2785 2726 2856 ἀφιλοτεκνίας.
2759 2778 2920 2848 Οἶδας
2949 2783 3096 2846 ὅπως
3129 2779 3398 2850 συνούσης
3425 2779 3522 2848 τῆς
3564 2776 3780 2848 μητρὸς

2202 2881 2409 2944 ἐποίεις
2429 2897 2444 2911 ο
2468 2878 2614 2943 οἶδας
2656 2879 2738 2932 ὅτι
2767 2877 2817 2931 οῖ
2859 2875 3129 2946 ὀφθαλμοὶ
3175 2873 3366 2928 πασῶν
3397 2871 3575 2925 αὐτῶν
3605 2870 3687 2931 είς
3715 2868 3780 2920 σὲ

2201 2973 2486 3043 βλέπουσιν
2527 2971 2602 3032 ὡς
2631 2971 2710 3033 είς
2769 2968 2922 3030 Θεὸν,
2965 2967 3170 3037 ὁρῶσαι
3201 2965 3264 3017 τὸ
3318 2960 3610 3033 πρόσωπόν
3651 2975 3776 3022 σου,

2203 3064 2483 3134 μεσιτεῦον
2515 3063 2706 3124 αὐταῖς
2733 3062 2800 3114 τά
2825 3061 2959 3129 πρὸς
2989 3059 3172 3111 αὐτόν.
3230 3054 3292 3109 Εἰ
3321 3055 3376 3108 δὲ
3408 3054 3546 3122 αὑτὴ
3572 3051 3777 3117 οὕτως,

2206 3155 2364 3223 δῆλον
2387 3156 2469 3206 ὅτι
2513 3155 2794 3215 κάκείναις
2842 3149 3192 3221 ὀφειλόμενόν
3245 3149 3393 3200 ἐστιν
3443 3144 3570 3199 ἀλλο
3600 3143 3780 3214 μηδὲν

2210 3244 2489 3307 ἀναπνεῖν,
2543 3240 2578 3311 ἢ
2622 3241 2758 3310 ὅπερ
2795 3241 2926 3310 σὺή
2969 3238 3287 3300 διδάσκαλος
3327 3237 3420 3289 καὶ
3468 3236 3618 3305 ἐρᾷς,
3680 3237 3780 3288 καὶ

2209 3333 2451 3404 ὲντέλλῃ,
2470 3331 2564 3384 καὶ⁵
2586 3331 2923 3401 διαγορεύεις
2941 3345 2957 3361 ⁶
2986 3329 3082 3383 καὶ
3111 3328 3300 3391 ἁπλῶς
3321 3326 3397 3389 ὡς
3440 3326 3604 3379 τέκνα
3631 3329 3780 3394 γνή-

2210 3441 2299 3477 σια
2327 3424 2463 3494 πρὸς
2495 3422 2728 3493 μητέρα,
2751 3421 2827 3484 ὼς
2857 3421 2988 3491 μέλη
3015 3422 3078 3473 ὲκ
3108 3419 3310 3489 μέρους
3341 3417 3472 3488 πρὸς
3506 3415 3775 3484 κεφαλὴν,

2207 3517 2284 3579 ὼς
2313 3515 2451 3585 ἄνθη
2487 3515 2623 3585 πρὸς
2655 3513 2936 3586 ῥοδωνιὰν.
2979 3512 3102 3566 Ἐπὶ
3148 3511 3324 3580 τούτῳ
3349 3511 3458 3580 γὰρ
3511 3508 3606 3560 καὶ
3639 3507 3778 3573 ἕλη-

2207 3607 2463 3663 λύθεισαν
2501 3607 2592 3659 ἐπὶ
2630 3605 2691 3658 τὸ
2714 3603 2865 3669 αὐτὸ,
2901 3602 3300 3656 καταλιποῦσαι
3328 3602 3531 3670 κόσμον
3567 3599 3664 3651 καὶ
3703 3599 3780 3652 τὰ

2209 3701 2270 3752 ὲν
2304 3700 2516 3770 κόσμῳ,
2547 3701 2724 3766 γονεῖς
2756 3715 2814 3750 τε
2835 3698 2931 3751 καὶ
2967 3695 3253 3763 ἀδελφοὺς,
3277 3694 3512 3754 οἰκείους
3550 3692 3644 3744 καὶ
3685 3693 3780 3759 φί-

2207 3789 2356 3856 λους,
2387 3788 2649 3860 ὑπάρξεις
2680 3805 2739 3840 τε
2763 3788 2856 3841 καὶ
2880 3787 3093 3856 σχέσεις
3121 3783 3343 3855 σαρκὸς,
3373 3784 3602 3848 ἀζυγίαν
3625 3783 3777 3849 ἀγα-ι

2211 3883 2477 3952 πήσασαι,
2514 3880 2610 3933 καὶ
2652 3879 2884 3949 Χριστὸν
2933 3877 3406 3948 νυμφευσάμεναι.
3458 3876 3574 3928 Ἵνα
3604 3875 3777 3937 ὁσίως

2205 3976 2299 4028 καὶ
2327 3973 2791 4043 παρθενοπρεπῶς
2827 3971 3087 4042 ζήσασαι,
3117 3969 3573 4040 κληρονομήσωσι
3609 3967 3768 4036 βασιο

2203 4064 2351 4118 λείαν
2374 4063 2650 4134 οὐρανῶν·
2701 4062 2796 4115 καὶ
2827 4062 2894 4115 ’ὸ
2927 4062 3066 4131 μετά
3113 4059 3348 4130 Χριστοῦ
3391 4059 3653 4112 εἰσελθεῖν
3691 4060 3777 4122 εἰς

2203 4161 2293 4210 τὸν
2345 4157 2597 4227 οὐράνιον
2651 4157 2861 4207 ἐκεῖνον
2909 4154 3004 4207 καὶ
3063 4153 3422 4221 ἁνεκλάλητον
3477 4150 3774 4220 νυμφῶνα.

2204 4248 2455 4301 Τοιοῦτον
2484 4247 2579 4300 καὶ
2603 4248 2790 4309 αὑταῖς
2821 4247 2913 4298 καὶ
2930 4248 3033 4310 σοὶ,
3059 4245 3249 4316 κυρία,
3271 4245 3331 4297 τὸ
3357 4243 3646 4311 ἀγώνισμα
3671 4243 3776 4296 καὶ

2204 4339 2560 4408 ἐπάγγελμα·
2602 4337 2778 4407 τούτῳ
2813 4339 2906 4389 καὶ
2948 4337 3304 4409 προσέχωμεν
3333 4350 3344 4364 °
3382 4335 3439 4387 tv
3471 4333 3646 4403 τούτῳ
3672 4335 3776 4389 καὶ

2205 4428 2483 4499 κινὼμεθα
2527 4427 2620 4480 καὶ
2658 4426 2928 4496 διαζῶμεν
2953 4443 2965 4457 ·
3007 4426 3080 4497 μὴ
3113 4425 3516 4478 ἀποϐλέπουσαι
3572 4418 3676 4479 ὧδέ
3709 4444 3774 4480 τε

543 4516 958 4577 monasterium,
994 4516 1074 4567 vel
1106 4516 1186 4569 sic
1222 4516 1370 4569 aliud
1413 4518 1829 4571 monasterium.
1867 4517 2099 4572 Noxium

2207 4521 2384 4583 κάκεῖ,
2418 4519 2498 4570 ὃτι
2527 4517 2698 4578 οὕτως
2733 4519 2908 4568 ἐκεῖνο
2935 4515 2995 4567 τὸ
3045 4515 3424 4582 μοναστήριον,
3459 4515 3550 4566 καὶ
3588 4514 3774 4578 οὕτως

543 4607 646 4660 hoc
688 4616 768 4659 est
799 4624 812 4658 :
849 4621 969 4659 cum
996 4621 1060 4658 ex
1119 4615 1509 4674 praceptorum
1564 4621 1751 4659 norma
1791 4607 1965 4660 metiri
2000 4622 2102 4662 nos

541 4699 857 4762 debeamus,
889 4714 994 4751 non
1023 4707 1201 4750 autem
1233 4713 1298 4751 ex
1353 4697 1567 4751 vicinis.
1604 4696 1738 4750 Hine
1764 4698 1907 4750 enim
1944 4715 2102 4753 nemo

543 4791 855 4859 assequitur
881 4799 936 4843 ut
969 4800 1113 4845 recte
1138 4790 1371 4854 incedat,
1408 4789 1800 4859 Deoquedignc
1842 4791 2097 4848 ambulet.

543 4877 681 4942 Quia
707 4893 944 4946 prasens
977 4887 1108 4932 atas
1135 4878 1412 4947 negligens
1439 4887 1543 4937 est.
1580 4889 1633 4932 et
1660 4879 1728 4931 ab
1766 4889 1955 4934 exaota
1987 4881 2101 4935 dis-

545 4970 743 5038 ciplina
793 4971 1039 5034 descivit,
1070 4980 1120 5023 et
1169 4971 1236 5022 ab
1265 4985 1327 5022 ea
1376 4971 1587 5024 vivendi
1623 4972 1865 5041 regulam
1918 4979 2102 5041 petere

542 5079 742 5117 vanum
769 5073 856 5117 est
882 5074 934 5117 et
974 5064 1198 5128 inutile;
1265 5064 1391 5118 illuc
1437 5075 1744 5133 spectemus
1793 5066 1883 5119 ubi
1910 5074 2096 5120 sancta

543 5155 655 5208 vita
685 5165 737 5206 et
770 5155 998 5208 Domino
1025 5156 1242 5222 placens
1263 5155 1614 5223 resplenduit.
1649 5154 1833 5220 Vides,
1867 5171 2018 5210 soror
2047 5167 2099 5209 et

548 5255 729 5300 mater
755 5247 1072 5314 spit'ilualis,
1106 5245 1560 5313 quemadmodum
1597 5247 1775 5313 adegit
1813 5261 1896 5298 me
1921 5247 2100 5299 chari-

548 5349 634 5392 tas
665 5337 755 5390 Dei
798 5339 1018 5391 liberius
1046 5338 1186 5406 apud
1220 5352 1316 5390 vos
1345 5337 1524 5405 loqui?
1564 5336 1702 5389 Nihil
1729 5337 1960 5405 amplius
1986 5338 2099 5391 fac-

548 5441 711 5485 turus
740 5447 909 5493 eram,
937 5432 978 5483 si
1009 5434 1072 5484 ad
1100 5432 1270 5499 ipsam
1300 5441 1573 5498 parentem
1602 5446 1775 5483 meam
1809 5440 1863 5483 et
1891 5445 2100 5499 germa-

553 5540 650 5578 nas
681 5538 896 5576 sorores
921 5522 1081 5575 verba
1117 5521 1384 5574 fecissem.
1425 5521 1788 5589 Praterqnam
1818 5522 1959 5588 quod
1984 5538 2099 5573 om-

544 5632 642 5668 nes
672 5629 868 5681 corpus
901 5613 1101 5667 Christi
1144 5628 1356 5675 sumus,
1398 5622 1449 5664 et
1497 5629 1663 5665 unum
1694 5613 1906 5665 Patrem
1944 5613 2095 5665 invo-

543 5721 731 5762 camus
763 5707 962 5759 bonum
1011 5702 1179 5756 Deum
1230 5712 1502 5757 nostrum.
1539 5701 1716 5767 Quare
1745 5701 1938 5755 fratres
1968 5718 2098 5769 quo-

546 5813 652 5867 que
681 5811 870 5851 omnes
901 5797 1150 5860 invicem,
1181 5803 1234 5848 et
1269 5809 1465 5865 corpus
1500 5808 1688 5856 unum,
1714 5801 1764 5847 et
1788 5800 2091 5856 consortes,

2203 4609 2262 4660 τὸ
2291 4609 2417 4662 ἄλλο
2468 4607 2850 4675 μοναστήριον.
2910 4605 3181 4674 Βλαϐερὸν
3235 4605 3426 4657 τοῦτο’
3460 4608 3525 4674 τῇ
3574 4606 3771 4676 ἐντολῇ

2202 4701 2282 4753 δεῖ
2311 4701 2684 4769 παραμετρεῖν
2715 4699 2959 4760 ἑαυτοὺς,
3008 4697 3143 4749 ἀλλὰ
3182 4698 3255 4767 μὴ
3275 4699 3387 4758 τοῖς
3417 4696 3607 4759 πέλας.
3643 4697 3773 4750 Ἐν-

2202 4792 2388 4844 τεῦθεν
2417 4791 2521 4860 γὰρ
2547 4790 2644 4842 οὐκ
2669 4790 2890 4859 ἔρχεταί
2929 4806 3014 4852 τις
3050 4790 3128 4852 είς
3162 4788 3222 4841 τὸ
3265 4788 3600 4859 ὀρθοποδεῖν,
3639 4789 3768 4843 οὐδὲ

2203 4881 2517 4951 θεοπρεπῶς
2569 4879 2912 4950 πορεύεσθαι.
2972 4879 3196 4950 Ἐπειδὴ
3229 4880 3262 4948 ὴ
3314 4880 3566 4947 παροῦσα
3595 4881 3762 4946 γενεά

2201 4973 2296 5026 καὶ
2323 4972 2586 5042 ὀλίγωρός
2640 4975 2806 5036 ἐστιν,
2851 4971 3193 5024 ἐκλελοιπυῖα
3233 4973 3326 5023 τοῦ
3375 4971 3768 5041 ἡκριϐωμένου

2204 5063 2340 5133 βίου,
2375 5065 2468 5117 καὶ
2497 5066 2556 5115 τὸ
2583 5064 2677 5116 ἀπ’
2702 5063 2871 5131 αὐτῆς
2899 5061 3275 5125 κανονίζεσθαι
3311 5061 3478 5114 ἕωλον
3509 5061 3604 5114 καὶ
3628 5062 3767 5115 ἀλυ-

2204 5153 2410 5216 σιτελές
2435 5169 2446 5181 ·
2479 5155 2595 5206 ἐκεῖ
2633 5154 2922 5221 σκοπῶμεν
2947 5149 3008 5206 οἶ)
3038 5156 3064 5205 ὁ
3097 5154 3242 5222 ἱερὸς
3279 5153 3414 5222 βίος,
3447 5153 3574 5206 ἔνθα
3601 5154 3773 5223 ἔλαμ-

2199 5247 2297 5314 ψεν
2325 5248 2355 5315 ἡ
2383 5246 2736 5314 εὐαρέστησις
2768 5244 2976 5314 Κυρίῳ.
3009 5243 3194 5314 ὐρᾷς,
3229 5245 3428 5312 ἀδελφὴ
3454 5245 3545 5295 καὶ
3579 5247 3770 5316 μήτηρ

2205 5337 2566 5407 πνευματικὴ,
2591 5337 2738 5399 ὃπως
2768 5353 2833 5406 με
2858 5338 3168 5404 ἠνάγκασεν
3185 5339 3219 5406 ἡ
3251 5337 3387 5389 κατά
3411 5335 3542 5388 Θεὸν
3572 5338 3766 5410 ἀγάπη

2200 5429 2679 5499 παρῤησιασθῆναι
2731 5430 2786 5480 ὲν
2837 5429 2996 5497 ὑμῖν;
3031 5427 3183 5480 οὐδὲν
3228 5427 3386 5480 πλέον
3429 5427 3651 5493 ἔμελλον
3698 5430 3768 5481 ειν

2200 5523 2390 5580 ποιεῖν,
2417 5521 2463 5571 εί
2493 5519 2625 5588 πρὸς
2656 5520 2868 5589 μητέρα
2903 5520 3001 5590 τὴν
3031 5519 3186 5589 ἐμὴν,
3213 5521 3302 5572 καὶ
3341 5520 3474 5587 πρὸς
3523 5519 3766 5588 ἀδελφὰς

2200 5611 2338 5663 κατά
2375 5611 2552 5681 σάρκα
2583 5606 2646 5678 ἦν
2681 5628 2770 5679 μοι
2815 5609 3177 5677 διαλέγεσθαι.
3230 5611 3375 5680 Πλὴν
3411 5611 3492 5663 ὅτι
3552 5611 3764 5674 πάντες

2199 5701 2358 5770 σῶμά
2383 5703 2548 5770 ὲσμεν
2577 5701 2836 5772 Χριστοῦ,
2873 5704 2964 5755 κα)⁵
2986 5702 3080 5755 ἕνα
3110 5702 3319 5772 πατέρα
3349 5702 3762 5771 ἐπικαλούμεοα

2197 5793 2288 5846 τὸν
2308 5792 2514 5862 ἀγαθὸν
2545 5793 2674 5847 Θεὸν
2712 5794 2888 5864 ἡμῶν.
2920 5794 3081 5848 Ὥστε
3115 5794 3331 5863 ἀδελφοὶ
3371 5795 3565 5858 πάντες
3592 5794 3761 5868 ἀλλή-
