3934 6512
182 435 314 499 1385

1394 447 1935 511 EPISTOLARUM
1960 452 2104 511 LIB.
2147 453 2230 510 II.

3318 451 3453 514 1386

178 546 303 608 λων.
333 548 431 600 καὶ
468 553 768 619 συσσωμοι,
805 552 901 605 καὶ
930 553 1290 624 συμμέτοχοι,
1323 559 1416 611 καὶ
1455 560 1762 630 συγκληρο-

1882 573 1922 617 :t
1971 563 2305 617 cohaeredcs.
2367 563 2544 631 Atque
2585 562 2708 616 imle
2743 570 2828 618 est
2869 564 3020 632 quod
3056 579 3158 618 nos
3219 563 3452 617 salutem

177 640 354 710 νόμοι.
386 640 700 694 Κάντεῦθεν
721 642 782 694 τὸ
804 644 978 708 φιλεῖν
999 647 1146 714 ἡμᾶς
1175 649 1270 702 καὶ
1299 649 1568 714 σώζεσθαι
1592 652 1760 721 ὑμᾶς.

176 733 432 801 καθαπερ
461 734 654 803 ἀγαπᾷ
687 733 911 804 Κύριος,
939 737 1032 790 καὶ
1057 739 1394 795 ἐντέταλται.
1432 743 1643 813 Εἰρήνη
1669 760 1754 796 σοι

174 827 236 892 τῇ
279 825 450 895 κυρίᾳ
496 826 684 895 μητρί.
715 826 920 898 Εἰρήνη
957 834 1078 894 ταῖς
1124 833 1381 902 ἀδελφαῖς
1437 837 1495 887 ἐν
1541 834 1764 906 Χριστῷ

189 915 364 984 Ἰησοῦ
395 916 476 980 τῷ
503 919 692 988 Κυρίῳ
712 920 892 989 ἡμῶν.
934 922 1131 995 Ἀμήν.

462 1028 606 1096 PICT
635 1030 770 1097 (12).
810 1062 882 1073 -—
924 1032 1171 1105 Ἰωάννῃ
1212 1036 1481 1107 ἑρημίτῃ.
1560 1035 1760 1109 [χμη⁹.]

1871 665 2110 711 vestram
2173 670 2426 709 amamus
2477 656 2618 710 sicut
2663 665 2810 710 amat
2866 655 3156 720 Dominus,
3206 671 3270 710 ac
3313 655 3456 711 sicut

1871 757 2199 816 praaceptum
2275 755 2380 799 est.
2442 743 2558 797 Pax
2623 745 2720 799 tibi
2772 745 3010 800 domina:
3083 744 3264 799 matri.
3341 742 3451 800 Pax

1873 838 2170 895 sororibus
2205 839 2261 893 in
2297 837 2520 894 Christo
2547 836 2682 894 Jesu
2729 837 2963 894 Domino
3004 848 3221 894 nostro.
3255 838 3452 894 Amen.

2274 1033 2460 1088 CXVI.
2488 1065 2557 1074 —
2578 1035 2775 1090 Joanm
2806 1038 3061 1092 eremitat.

944 1146 1019 1196 De
1051 1151 1260 1212 quodam
1295 1151 1506 1200 eremita
1527 1149 1767 1200 han-elice
1787 1148 1842 1198 ad
1876 1147 2023 1196 tidem
2057 1148 2347 1197 catholicam
2377 1147 2684 1199 adducenda.

259 1247 393 1300 Ἡδὺ
424 1247 606 1319 θέαμα
630 1249 834 1305 ὁπόταν
863 1269 948 1315 τις
990 1253 1262 1321 θεάσοιτο,
1288 1256 1446 1309 τοῦτο
1477 1257 1572 1310 καὶ
1626 1254 1766 1325 μετὰ

183 1339 277 1409 τὴν
319 1341 679 1412 ἀναχώρησιν
731 1346 812 1408 είς
850 1346 976 1399 νοῦν
1008 1347 1097 1400 ἀεὶ
1147 1349 1483 1402 ἀναθεωρεῖν
1550 1348 1764 1402 εἴωθεν.

184 1434 374 1497 Οὕτως
408 1431 504 1489 οὖν
531 1437 628 1490 καὶ
672 1441 835 1510 ἡμεῖς
863 1444 911 1494 οἱ
955 1443 1227 1506 ταπεινοὶ,
1261 1443 1572 1512 θεοτίμητε,
1620 1439 1769 1505 ἅπαξ

187 1543 244 1578 σε
279 1526 602 1595 βλέψαντες,
633 1531 731 1583 καὶ
774 1531 1138 1602 ὡμιληκότες,
1177 1536 1279 1588 οὐκ
1321 1531 1768 1603 ἐπιλελήσμεθα·

184 1618 319 1670 ἀλλὰ
342 1621 758 1692 φανταζόμενον
780 1623 976 1694 ἔχομεν
999 1627 1058 1679 ἐν
1084 1629 1150 1697 τῇ
1181 1626 1391 1697 διανοίᾳ
1414 1642 1427 1655 ·
1453 1625 1590 1679 αὐτὸ
1613 1625 1771 1677 τοῦτο

185 1711 518 1781 γαννύμενοι
566 1715 700 1784 όρᾷν
749 1715 1038 1786 ἄνθρωπον
1082 1717 1242 1780 Θεοῦ,
1285 1717 1564 1788 προσώπῳ
1592 1715 1770 1768 τεκαὶ

185 1803 376 1874 ὁμιλίᾳ
413 1805 578 1876 χάριν
622 1805 777 1860 θείαν
810 1808 1118 1877 λάμποντα,
1186 1809 1281 1862 καὶ
1331 1810 1411 1872 είς
1461 1807 1773 1876 δοξολογίαν

186 1897 321 1950 Θεοῦ
366 1902 839 1971 προτρεπόμενον.
879 1902 1079 1973 Ἐσχες
1108 1902 1164 1956 δὲ
1192 1901 1352 1956 τοῦτο
1408 1904 1475 1973 τῇ
1528 1902 1770 1972 ἐρημικῇ

191 1989 450 2056 μονώσει,
507 1993 602 2045 καὶ
653 1995 719 2064 τῇ
779 1997 1155 2066 προσευκτικῇ
1200 1993 1596 2065 προσελεύσει·
1634 1993 1775 2064 λαμ·

189 2082 457 2151 πρυνθεὶς
505 2083 822 2148 Μωσαῖκῶς
887 2086 989 2156 τὴν
1044 2085 1168 2155 ὅφιν
1223 2085 1328 2157 πρὸ
1383 2084 1480 2139 τοῦ
1526 2087 1770 2157 ἀρρήτου

189 2177 382 2242 φάους.
413 2175 508 2228 Διὸ
550 2176 644 2228 καὶ
693 2172 849 2242 αὖθις
894 2178 1196 2249 γλιχόμεθά
1253 2195 1314 2232 σε
1375 2177 1762 2242 κατοπτεῦσαι,

187 2269 282 2321 καὶ
316 2255 731 2340 συμμετασχεῖν
759 2271 869 2323 τῶν
893 2273 950 2323 ἐν
987 2271 1071 2323 σοὶ
1105 2271 1370 2340 χαρίτων,
1406 2270 1550 2322 κατὰ
1581 2269 1767 2322 δευτέο

189 2376 357 2426 ρωσιν
391 2359 717 2427 ἀγιαστικοῦ
761 2363 1190 2434 μετουσιασμοῦ,
1230 2365 1294 2417 σὺ
1329 2364 1464 2436 πρὸς
1491 2364 1645 2431 Θεὸν,
1678 2364 1774 2417 καὶ

185 2455 348 2521 ἡμεῖς
379 2453 535 2524 παρὰ
566 2453 685 2507 σοῦ.
732 2454 896 2526 Ὁρᾷς
923 2457 1046 2509 ὅσον
1073 2475 1132 2510 σε
1183 2458 1314 2521 Θεὸς
1340 2454 1616 2523 ἐδόξασεν,
1649 2459 1774 2511 ἐπεὶ

185 2545 448 2609 ἑδόξασας
468 2546 636 2599 αὐτόν
661 2563 676 2612 ;
714 2546 850 2601 ἀλλὰ
884 2548 980 2601 καὶ
1015 2548 1096 2603 ἔτι
1125 2548 1399 2614 δοξάσειεν
1428 2552 1486 2603 ἐν
1513 2551 1657 2604 τέλει
1678 2550 1772 2604 τοῦ

186 2638 327 2707 βίου,
354 2637 799 2708 ἀποπεραίνοντα
818 2640 982 2706 ἀξίως
1005 2642 1098 2694 τὸν
1129 2642 1348 2712 δρόμον.
1384 2642 1544 2712 Ἡμῖν
1578 2643 1634 2695 δὲ
1661 2646 1773 2706 τοῖς

183 2733 536 2804 ἁμαρτωλοῖς
565 2730 749 2797 εὔξαιο
783 2734 885 2787 κᾶν
910 2734 1179 2804 ἄρξασθαι
1212 2735 1302 2788 τοῦ
1334 2737 1603 2808 σωτηρίου
1650 2737 1774 2808 δρό-

186 2840 325 2893 μου’
388 2824 620 2896 ἐπείπερ
654 2825 872 2896 μακρὰν
931 2826 1038 2878 ἀπὸ
1078 2826 1212 2880 Θεοῦ
1261 2829 1312 2880 οἱ
1365 2829 1660 2900 ἐλάχιστοι.
1710 2831 1774 2882 Ἡ

183 2915 378 2986 πρώτη
409 2916 638 2989 ἐπιϐολὴ
666 2917 760 2970 τοῦ
784 2919 941 2986 λόγου
970 2921 1025 2974 ἐν
1047 2919 1279 2984 τούτοις.

253 3097 355 3159 Τίς
389 3099 424 3167 ἠ
458 3098 718 3169 δευτέρα;
765 3099 901 3170 Περὶ
933 3100 1259 3155 Θεοκτίστου
1314 3102 1408 3155 τοῦ
1466 3103 1728 3174 ἐρημίτου
1757 3121 1771 3136 ο

182 3189 238 3249 ὃς
274 3190 432 3252 ὅπως
484 3190 748 3262 διερρἁη
795 3192 851 3257 ἐξ
892 3191 1189 3262 αἱρετικῶν
1244 3212 1407 3246 τινων
1465 3195 1774 3248 ὑποθέσεων

182 3280 276 3333 τοῦ
331 3279 586 3350 σώματος
617 3282 718 3350 τῆς
760 3283 1113 3352 Ἐκκλησίας,
1166 3287 1329 3347 αὐτὸς
1371 3287 1527 3356 ἡμῶν
1575 3286 1776 3355 μᾶλλον

183 3372 508 3434 ἐπίστασαι,
541 3372 862 3441 τιμιώτατε.
916 3373 1064 3443 Πλὴν
1115 3375 1196 3428 ὅτι
1243 3376 1337 3429 καὶ
1374 3379 1534 3447 ἡμεῖς
1570 3377 1776 3447 προπέ-

1942 1251 1998 1304 Si
2030 1253 2337 1320 jucundum
2366 1255 2748 1322 spectaculum
2768 1255 2970 1310 viderit
2999 1255 3299 1326 quispiam,
3327 1258 3457 1320 hoc,

1869 1352 1924 1397 et
1944 1353 2236 1414 postquam
2270 1349 2582 1412 recesserit,
2610 1349 2799 1402 animo
2827 1364 3042 1418 semper
3067 1349 3270 1404 intueri
3295 1351 3456 1406 solet.

1877 1431 1972 1488 Sic
2007 1435 2174 1503 igitur
2202 1445 2255 1489 et
2284 1452 2388 1492 nos
2441 1438 2703 1502 humiles,
2735 1439 2821 1492 vir
2849 1454 2879 1493 a
2921 1439 3032 1494 Deo
3080 1441 3365 1507 honorate,
3392 1459 3458 1496 ex

1871 1540 1982 1594 quo
2009 1535 2062 1581 te
2093 1528 2261 1581 semel
2295 1529 2538 1582 vidimus
2569 1539 2624 1585 et
2673 1530 2842 1586 locuti
2875 1541 3056 1586 tecum
3100 1549 3318 1598 sumus,
3353 1536 3463 1588 mi-

1873 1616 2024 1670 nime
2053 1617 2209 1672 obliti
2243 1634 2460 1684 sumus;
2503 1620 2600 1675 sed
2628 1624 2959 1692 impressum
2988 1625 3158 1677 menti
3191 1626 3457 1693 gerimus.

1875 1707 2029 1762 illum
2059 1714 2236 1780 ipsum
2263 1714 2447 1768 videre
2467 1715 2760 1785 gestientes
2787 1716 3064 1771 hominem
3086 1716 3202 1784 Dei,
3228 1728 3282 1772 et
3309 1720 3458 1772 vultu

1872 1806 1928 1853 et
1965 1803 2152 1857 verbis
2215 1804 2458 1858 divinam
2516 1807 2750 1871 gratiam
2791 1809 3118 1876 spirantem,
3153 1819 3208 1864 et
3267 1810 3332 1864 ad
3367 1810 3460 1864 Dei

1873 1891 2065 1949 laudes
2100 1896 2444 1951 incitantem.
2481 1899 2599 1953 Hoc
2625 1915 2758 1953 vero
2790 1900 3018 1970 adeptus
3068 1918 3128 1957 es
3178 1904 3459 1957 eremitica

1874 1986 2193 2054 solitudine,
2229 2001 2282 2044 et
2324 1992 2592 2046 orationis
2627 1993 3088 2063 frequentatione,
3125 1995 3322 2050 facient
3370 2013 3463 2065 ge-

1879 2094 2007 2134 rens
2053 2080 2255 2154 Moysis
2297 2083 2472 2138 instar
2520 2083 2785 2139 ineffabili
2827 2087 2948 2141 luce
2996 2087 3459 2156 resplendeutem.

1879 2172 2147 2239 Quocirca
2181 2186 2235 2230 et
2275 2175 2469 2230 iterum
2497 2176 2697 2231 intueri
2754 2187 2803 2231 te
2826 2179 3102 2247 cupimus.
3164 2188 3220 2233 et
3276 2178 3463 2249 gratiae

1875 2267 2144 2321 donorum
2177 2283 2298 2334 qua:
2320 2270 2373 2321 in
2403 2279 2452 2322 te
2479 2278 2608 2322 sunt
2651 2269 2947 2338 participes
2979 2270 3117 2334 tieri,
3153 2285 3218 2324 ac
3252 2272 3461 2325 sancti-

1877 2360 2005 2413 tatis
2044 2375 2211 2430 quam
2262 2369 2317 2414 tu
2367 2376 2397 2414 a
2443 2363 2577 2424 Deo,
2634 2377 2737 2415 nos
2789 2361 2888 2416 abs
2931 2369 3002 2425 te,
3047 2363 3232 2416 minus
3277 2371 3458 2416 tamen

1876 2467 2041 2521 quam
2074 2463 2279 2522 quanta
2311 2453 2366 2507 in
2402 2462 2453 2507 te
2505 2461 2609 2516 est,
2666 2454 3012 2508 hauriemus.
3056 2452 3223 2509 Vides
3254 2466 3457 2524 quanta

1878 2554 1931 2600 te
1965 2544 2110 2600 Deus
2135 2547 2309 2616 gloria
2366 2545 2630 2611 effecerit,
2662 2546 2940 2616 quoniam
2981 2556 3038 2600 tu
3095 2548 3250 2601 illmn
3287 2549 3457 2618 gloria

1877 2640 2146 2695 aﬂecisti?
2201 2640 2380 2709 Atque
2419 2641 2630 2694 utinam
2669 2655 2869 2694 ornare
2913 2650 2963 2693 te
3017 2652 3211 2710 pergat
3259 2642 3311 2694 in
3357 2641 3464 2694 ﬁne

1878 2734 2021 2797 vitae,
2043 2733 2377 2786 curriculum
2400 2741 2459 2784 ut
2481 2748 2578 2796 par
2601 2741 2684 2785 est
2700 2731 3095 2786 absolventem.
3115 2731 3194 2786 Tu
3220 2749 3347 2786 vero
3367 2749 3462 2802 pro

1877 2823 2036 2877 nobis
2069 2837 2165 2875 ora
2201 2822 2602 2892 peccatoribus,
2654 2830 2714 2874 ut
2766 2821 2849 2875 vel
2878 2821 3208 2875 inchoemus
3257 2824 3464 2875 saluta-

1877 2932 1993 2970 rem
2023 2931 2287 2980 cursum;
2320 2916 2522 2984 quippe
2547 2916 2639 2984 qui
2671 2930 2701 2967 a
2728 2915 2835 2968 Deo
2870 2915 3029 2983 longe
3064 2915 3332 2969 absumus
3369 2917 3464 2967 ho-

1877 3009 2144 3064 munculi.
2178 3009 2358 3078 Atque
2387 3009 2489 3062 hoc
2518 3009 2753 3075 primum
2785 3006 3056 3061 orationis
3094 3010 3462 3076 propositum.

1949 3101 2233 3168 Quodnam
2267 3101 2546 3156 alterum?
2570 3101 2642 3154 De
2671 3099 3002 3155 Tlteoctisto
3056 3102 3282 3154 eremita
3320 3117 3334 3153 :
3369 3101 3465 3169 qui

1878 3210 2116 3263 quonam
2156 3195 2320 3249 modo
2359 3211 2453 3264 per
2485 3193 2780 3249 hatreticas
2828 3194 3096 3264 quasdam
3133 3194 3469 3264 quaestiones

1879 3286 1946 3339 ab
1981 3286 2244 3340 Ecclesia:
2275 3301 2509 3355 corpore
2539 3285 2790 3341 divulsus
2832 3289 2922 3352 sit,
2957 3287 3074 3355 ipse
3111 3290 3250 3341 nosti
3274 3287 3470 3343 melius

1881 3394 2046 3448 quam
2093 3393 2214 3442 nos,
2254 3378 2737 3432 reverendissime.
2775 3378 3032 3432 Attamen
3059 3388 3113 3432 et
3143 3379 3246 3448 ipsi
3299 3395 3472 3447 nuper

188 3478 313 3531 ρυσι
347 3462 752 3531 πλησιάσαντες
784 3467 896 3527 τοῖς
931 3464 1052 3517 καθ’
1091 3467 1240 3536 ἡμᾶς
1276 3466 1339 3538 ['l‘.
1370 3468 1537 3540 ὑμᾶς]
1572 3469 1773 3521 ἐνδιαι-

1882 3469 1944 3522 ad
1999 3469 2226 3522 cellulas
2258 3478 2471 3523 vestras
2522 3485 2655 3523 cum
2687 3469 3058 3531 venissemus,
3109 3470 3176 3522 de
3229 3469 3469 3523 hominis

184 3558 454 3624 τήμασιν,
489 3555 832 3626 ἐξεμὰθομεν
861 3559 1012 3627 παρὰ
1050 3558 1158 3611 τῶν
1196 3562 1415 3613 εἰδότων
1457 3562 1524 3613 τὰ
1551 3561 1645 3614 τοῦ
1678 3564 1774 3614 ἁν-

185 3648 336 3718 δρὸς.
373 3649 448 3700 Οὐ
479 3649 585 3719 μὴν
615 3649 749 3702 ἀλλὰ
781 3651 872 3702 καὶ
901 3650 988 3702 διὰ
1010 3653 1358 3720 γραμμάτων
1382 3655 1776 3724 ὑπεμνήσαμεν

187 3744 280 3794 καὶ
317 3742 775 3812 παρεκαλέσαμεν
797 3743 1132 3810 ἀποσχέσθαι
1160 3745 1322 3797 αὑτὸν
1351 3746 1458 3796 τών
1487 3746 1776 3798 σκοτεινῶν

185 3833 419 3885 ἐκείνων
450 3833 542 3886 καὶ
573 3833 969 3904 δαιμονοποιῶν
997 3835 1350 3906 φθεγμάτων,
1389 3837 1690 3907 όρθοδοξεῖν
1723 3839 1778 3891 δὲ

188 3927 398 3996 μᾶλλον
418 3927 510 3979 ἐπί
538 3945 597 3980 τε
619 3929 716 3997 τῆς
747 3927 1022 3996 παναγίας
1037 3929 1324 3994 Θεοτόκου,
1355 3933 1449 3983 καὶ
1473 3932 1580 3984 τῶν
1603 3931 1778 3985 ἄλλων

185 4019 433 4089 τρόπων.
470 4017 586 4072 Νῦν
610 4015 704 4072 οὖν
736 4019 996 4091 Νικάνωρ
1021 4023 1050 4074 ὁ
1089 4023 1358 4092 ἡμέτερος
1390 4023 1618 4090 ἁδελφὸς
1663 4041 1779 4091 φοι-

183 4113 367 4182 τήσας
406 4111 546 4180 πρὸς
576 4113 744 4182 ἡμᾶς,
784 4113 1120 4184 ἀπήγγειλεν
1169 4114 1344 4167 ἐλθεῖν
1379 4117 1458 4177 εἰς
1497 4116 1779 4183 μετάγνω-

186 4219 273 4256 σιν
296 4203 395 4257 τὸν
426 4203 616 4272 ἄνδρα,
639 4208 730 4257 καὶ
755 4204 960 4259 ἐθέλειν
980 4210 1304 4278 όμοφρονεῖν
1339 4210 1404 4278 τῇ
1445 4207 1745 4278 Ἐκκλησία
1762 4224 1776 4240 ο

185 4298 379 4366 λέγειν
417 4296 476 4349 δὲ
514 4299 649 4368 μηδὲ
700 4299 938 4369 γράμμα
988 4299 1121 4370 ἐμὸν
1177 4300 1480 4370 εἰληφέναι,
1527 4302 1662 4354 ἀλλὰ
1690 4302 1782 4354 καὶ

182 4393 321 4460 ἐρᾷν
347 4389 627 4454 δέξασθαι.
681 4390 834 4443 Ἐπεὶ
858 4387 974 4457 οὖν,
1013 4393 1196 4463 Πάτερ
1253 4393 1397 4461 ἅγιε,
1432 4395 1778 4464 γέγραπταιο

192 4483 258 4536 '0
280 4483 527 4551 ἐξάγων
551 4482 726 4546 ἀξιον
751 4482 820 4546 ἐξ
841 4484 1095 4548 ἀναξίου
1121 4485 1201 4550 ὡς
1222 4488 1416 4554 στόμα
1440 4503 1560 4552 μου
1587 4487 1778 4539 ἔσται.

181 4580 322 4645 Καὶ,
379 4578 439 4631 '0
484 4578 883 4649 ἀποστρέφων
908 4582 1224 4650 ἄνθρωπον
1263 4585 1331 4637 ἐκ
1363 4585 1605 4651 πλάνης
1637 4586 1781 4640 ὀδοῦ

179 4671 405 4736 αὑτοῦ,
438 4674 700 4740 καλύψει
730 4672 964 4741 πλῆθος
994 4675 1297 4743 αμαρτιῶν
1323 4693 1337 4707 ·
1371 4677 1452 4728 δεῖ
1485 4677 1582 4746 τὴν
1617 4680 1784 4745 ἁγιω-

185 4767 363 4835 σύνην
399 4782 494 4817 σου
525 4766 898 4837 διαναστῆναι,
927 4769 1021 4821 καὶ
1048 4768 1230 4821 δοῦναι
1248 4772 1406 4839 χεῖρα
1433 4771 1684 4839 βοηθείας
1708 4772 1783 4842 τῷ

181 4859 561 4926 πλανωμένῳ.
625 4861 715 4914 Ἑν
745 4860 921 4930 τούτῳ
985 4863 1091 4932 γὰρ
1147 4862 1281 4915 Θεοῦ
1343 4866 1603 4934 συνεργὸς
1656 4868 1774 4938 ἔσῃ.

185 4954 393 5004 Ἔσται
423 4952 480 5003 δὲ
506 4950 665 5005 τοῦτο
700 4953 856 5020 πῶς;
907 4954 994 5006 ἵνα
1017 4955 1296 5023 δηλώματι
1343 4957 1488 5020 ἄξοις
1529 4959 1618 5009 τὸν
1650 4960 1779 5013 Θεό-

181 5059 416 5096 κτιστον
434 5043 573 5112 πρὸς
610 5045 690 5106 σέ,
725 5045 902 5108 εἴποις
936 5063 994 5097 τε
1041 5047 1133 5099 καὶ
1156 5046 1442 5118 διαλεχθῇς
1474 5050 1540 5101 τὰ
1570 5052 1775 5104 εἰκότα.

187 5137 297 5188 Καὶ
325 5136 380 5186 εἰ
409 5136 510 5204 μὲν
536 5134 716 5206 εῦροις
739 5137 900 5189 αὑτὸν
923 5139 1140 5190 εἴκοντα
1164 5139 1240 5208 τῷ
1262 5139 1388 5208 θείῳ
1409 5141 1572 5210 λόγῳ,
1606 5142 1779 5204 εἴποις

183 5230 280 5281 καὶ
313 5228 454 5296 περὶ
487 5227 622 5296 ἐμοῦ
654 5227 749 5280 τοῦ
789 5230 1070 5289 ταπεινοῦ,
1105 5233 1186 5283 ὅτι
1228 5232 1307 5293 είς
1339 5232 1470 5284 αὐτὸ
1504 5233 1658 5284 τοῦτο
1688 5252 1779 5286 κε-

184 5323 428 5388 κὶνημαι
454 5318 625 5387 φιλῶν
653 5321 752 5390 τὴν
776 5324 1051 5391 σωτηρίαν
1082 5322 1248 5374 αὐτοῦ
1276 5336 1289 5349 ·
1313 5322 1416 5373 κᾶν
1439 5322 1774 5390 δοκιμαζοις,

183 5414 211 5464 ὁ
253 5410 756 5478 Πατὴρ,κὰκεῖνος
807 5413 927 5481 ἐρᾷ,
977 5411 1268 5463 ἐπιστείλω
1327 5413 1473 5481 αὐτῷ
1521 5414 1775 5476 εὐθέτως,

185 5504 335 5555 ὣστε
368 5501 769 5573 ἀμφοτέρωθεν
805 5503 1160 5571 ἑλκυσθῆναι,
1203 5506 1297 5556 καὶ
1331 5505 1658 5575 κερδηθῆναι
1684 5507 1775 5557 τὸν

185 5595 600 5663 ἀπολλύμενον.
634 5595 806 5648 Τοῦτο
836 5597 946 5666 γὰρ
991 5596 1239 5665 βούλεται
1276 5596 1428 5661 Θεὸς,
1473 5599 1574 5650 κᾶν
1619 5598 1777 5651 τοῦτο

254 5713 305 5744 ⁵⁵
329 5710 544 5767 Jerem.
571 5727 660 5776 xv,
695 5711 783 5766 19.
862 5713 904 5775 ἥδ
929 5711 1041 5766 λιιιι.
1076 5729 1123 5774 v,
1165 5713 1250 5766 20.

1881 3561 2046 3615 rebus
2088 3576 2153 3615 ex
2193 3561 2259 3614 iis
2307 3561 2398 3628 qui
2457 3570 2725 3614 noverant
2755 3561 3069 3614 didicimus.
3124 3559 3269 3626 Quin
3304 3561 3470 3613 etiam

1881 3670 1979 3723 per
2012 3654 2223 3706 litteras
2260 3651 2789 3707 eommonel‘ccimus
2829 3653 3143 3720 hortatique
3169 3668 3383 3718 sumus,
3417 3663 3478 3704 ut

1881 3746 1949 3798 ab
1999 3744 2358 3797 tcnebriroms
2417 3744 2528 3796 illis
2595 3755 2649 3798 et.
2693 3745 3056 3798 daemoniacis
3118 3746 3474 3798 sermonibus

1882 3838 2205 3899 abstineret,
2270 3847 2324 3890 et
2372 3837 2680 3891 orthodoxe
2721 3839 2908 3907 potius
2952 3840 3182 3892 sentiret
3235 3850 3348 3892 tum
3408 3839 3476 3892 de

1884 3929 2232 3984 sanctissima
2269 3928 2525 3998 Deipara,
2560 3941 2674 3983 tum
2731 3933 2795 3984 de
2830 3931 2954 3985 aliis
2986 3931 3284 3996 capitibus.
3318 3930 3475 3985 Nune

1883 4037 2013 4089 ergo
2077 4019 2319 4075 Nicanor
2368 4020 2537 4075 frater
2590 4032 2796 4076 noster
2831 4025 2906 4075 ad
2935 4037 3035 4077 nos
3075 4025 3303 4077 veniens
3337 4024 3476 4078 tesi--

1884 4118 2070 4184 puisse
2131 4114 2410 4168 hominem
2473 4115 2834 4181 renuntiavit,
2899 4116 3147 4184 velleque
3214 4117 3476 4172 Ecclesia:

1884 4207 2221 4270 consentire,
2259 4221 2459 4275 negare
2491 4217 2674 4260 autem
2710 4222 2770 4260 se
2804 4207 3014 4261 litteras
3048 4224 3200 4262 meas
3227 4212 3477 4278 accepis-

1885 4312 1984 4360 se;
2020 4295 2115 4350 sed
2149 4305 2204 4349 et
2241 4295 2368 4349 illas
2403 4306 2615 4365 Optare.
2671 4297 2939 4362 Quoniam
2998 4297 3163 4364 igitur
3209 4300 3474 4366 scriptum

1885 4399 1989 4453 est,
2043 4388 2204 4442 Pater
2261 4398 2449 4442 sancte
2485 4405 2498 4441 :
2540 4387 2646 4453 Qui
2689 4389 2861 4441 educit
2890 4391 3107 4458 dignum
3140 4406 3204 4443 ea:
3236 4393 3475 4462 indigno,

1885 4484 2024 4536 sicut
2047 4500 2102 4534 os
2134 4498 2302 4533 meum
2327 4483 2425 4534 erit
2460 4482 2525 4547 ‘i,
2574 4491 2628 4535 et
2659 4499 2670 4533 :
2711 4481 3065 4545 Quiconrerti
3089 4483 3272 4551 fecerit
3308 4485 3478 4537 Itami-

1887 4591 2002 4628 nem
2033 4575 2096 4626 ab
2127 4590 2305 4627 errore
2324 4574 2421 4627 via?
2455 4589 2583 4636 sua},
2624 4576 2816 4642 aperiet
2840 4574 3236 4627 multitudinem
3289 4593 3476 4640 pecca-

1887 4677 2061 4719 torum
2094 4668 2171 4729 u’;
2234 4666 2583 4717 sanctitatem
2622 4679 2768 4718 tuam
2803 4681 3098 4732 exsurgere
3130 4677 3367 4735 oportet,
3422 4680 3477 4722 et

1889 4755 2076 4808 auxilii
2118 4770 2336 4808 manum
2373 4755 2652 4822 porrigere
2678 4755 2904 4807 erranti.
2958 4756 3011 4806 In
3049 4757 3152 4809 hoc
3182 4759 3326 4810 enim
3381 4757 3472 4810 Dei

1889 4849 2103 4916 adjutur
2133 4847 2263 4900 eris.
2303 4846 2408 4911 Qui
2461 4862 2589 4899 vero
2619 4847 2669 4898 id
2705 4848 2833 4900 lict?
2870 4846 2935 4901 Ut.
2989 4846 3370 4902 Theoctistum
3407 4852 3475 4903 ad

1891 4950 1941 4994 te
1972 4942 2229 5001 advoces,
2262 4939 2424 5006 eique
2459 4939 2613 4990 dicas
2647 4947 2700 4990 et
2729 4939 3005 4992 edisseras
3036 4956 3163 5008 quae
3211 4958 3310 5008 par
3345 4943 3470 4995 erit.

1889 5031 2021 5085 Etsi
2049 5031 2271 5099 quidem
2309 5030 2503 5082 cedere
2539 5031 2693 5082 illum
2725 5030 2932 5084 videris
2964 5030 3153 5085 divino
3183 5033 3461 5098 sermoni,-

1887 5127 1954 5178 de
1980 5142 2064 5177 me
2094 5126 2255 5177 etiam
2286 5123 2479 5175 humili
2517 5124 2813 5192 signitices,
2847 5125 3094 5177 eamdem
3122 5140 3298 5178 meam
3325 5142 3471 5179 mem

1890 5226 1994 5268 tem
2055 5231 2194 5278 esse,
2230 5215 2350 5281 ejus
2387 5213 2581 5266 salutis
2639 5213 2913 5266 desiderio
2947 5237 2959 5268 ;
2993 5222 3065 5278 et,
3095 5213 3142 5266 si
3186 5217 3468 5282 probabis.

1888 5308 2069 5369 Pater,
2115 5307 2278 5375 idque
2307 5306 2396 5358 ille
2417 5313 2653 5373 expetet,
2689 5305 2932 5357 scribam
2970 5306 3035 5358 ad
3095 5306 3249 5358 illum
3299 5323 3469 5376 appo-

1886 5407 2006 5463 site.
2041 5415 2098 5458 ut
2135 5415 2364 5473 utraque
2396 5411 2548 5471 parte
2583 5401 2853 5462 trahatur,
2891 5409 2944 5454 ct
2975 5401 3321 5468 lucriﬁatqui
3347 5419 3472 5471 per;

1885 5502 1943 5553 it.
1979 5497 2090 5551 Hoc
2150 5497 2294 5549 enim
2326 5495 2442 5547 vult
2483 5492 2646 5557 Deus,
2686 5502 2739 5546 et
2768 5491 2936 5560 hujus
2972 5493 3146 5561 gratia
3180 5493 3234 5546 in
3270 5502 3467 5546 terram

1885 5594 2050 5653 venit,
2086 5591 2224 5659 quod
2266 5590 2498 5657 perierat
2535 5600 2785 5655 quaerens
2822 5585 3080 5638 reducere
3110 5583 3178 5637 “2
3228 5593 3279 5638 et
3320 5601 3468 5640 amo-

1336 5716 1377 5745 “
1401 5714 1582 5766 Matth.
1615 5718 1872 5780 \\'lll,13.

1756 5835 1891 5889 ΝΟΤ
1902 5835 1981 5885 Αἰ.

255 5945 379 6012 (12)
421 5943 477 5994 In
518 5943 639 5994 end.
669 5943 799 6009 Reg.
837 5944 964 6009 {.za'.

439 6052 715 6108 Parnm.
745 6051 861 6111 Gn.
903 6051 1092 6109 XCIX
