3934 6460
543 363 682 429 1387

1746 369 1807 428 S.
1851 368 2243 429 THEODORI
2278 370 2628 432 STUDlT/E

3698 370 3827 435 1388

542 495 664 536 rem
694 480 933 549 proximi
965 494 1087 537 esse
1116 480 1273 552 jubet
1328 482 1486 539 nobis
1524 483 1732 542 amoris
1761 500 1890 556 erga
1950 500 2008 541 se
2045 501 2118 539 ari

2239 480 2409 555 ἦλθεν
2478 486 2573 539 ἐπὶ
2633 484 2732 554 τῆς
2795 484 2898 556 γῆς
2954 485 3014 538 τὸ
3074 484 3354 549 ἀπολωλὸς
3410 483 3665 557 ἐκζητῶν
3714 488 3830 538 ἐπι-

540 582 889 642 gumentum.
923 571 1197 643 Omnique
1224 583 1426 630 conatu
1458 576 1686 631 excitari
1718 591 1821 632 nos
1852 579 2130 643 convenit,

541 660 708 718 Pater
731 673 962 720 sancte:
1004 666 1060 721 in
1099 666 1245 720 hunc
1272 667 1420 721 enim
1455 667 1619 723 ﬁnem
1650 678 1708 724 ut
1733 669 1801 724 ad
1843 681 1895 726 te
1926 670 2132 725 scribe-

540 770 659 810 rem
684 767 966 826 permotus
996 773 1141 813 sum.
1179 756 1338 824 Quod
1400 760 1447 814 si
1498 773 1620 830 post
1667 761 1828 816 talem
1870 772 2130 818 conatum

2244 580 2476 651 στρέψαι
2501 597 2515 611 ⁸
2570 579 2776 649 καὶτῆς
2793 581 2873 642 είς
2904 578 3067 632 αὐτὸν
3086 578 3309 650 ἀγάπης
3330 576 3607 642 ἀπόδειξιν
3621 577 3723 643 τὴν
3736 576 3827 629 τοῦ

2241 667 2414 734 πέλας
2444 670 2631 741 φιλίαν
2682 672 2920 724 ποιεῖται
2951 673 3106 741 ἡμῖν.
3159 670 3272 723 Καὶ
3296 670 3379 723 δεῖ
3423 668 3591 723 παντὶ
3651 669 3829 720 σθένει

2240 764 2535 835 κινηθῆναι
2566 765 2737 836 ἡμᾶς,
2775 765 2962 835 Πάτερ
2992 765 3106 818 ὃσιε
3133 779 3148 796 ·
3197 766 3280 828 εἰς
3314 762 3473 816 τοῦτο
3506 763 3620 833 γὰρ
3671 760 3828 828 κάγὼ

541 845 858 902 detrectans
916 862 1026 902 non
1068 848 1424 919 obsequetur,
1480 851 1671 905 videbit
1699 853 1912 923 iniquus
1941 852 2008 909 ⁸⁷.
2042 854 2118 909 Αίι

2241 856 2488 928 κινηθεὶς
2514 856 2732 929 ἔγραψά
2762 873 2867 910 σοι.
2882 843 2967 909 Ἐί
2997 856 3053 909 δὲ
3080 855 3222 925 μετὰ
3263 856 3363 925 τὴν
3395 853 3655 923 τοιαύτην
3706 855 3828 906 ἐπι-

542 938 813 996 Dominus
852 939 1065 997 :Sinite
1118 942 1265 1007 illos,
1320 944 1447 998 ειεθί
1494 958 1617 1000 sunt
1651 945 1718 1002 ".
1751 946 1920 1015 Quem
1964 948 2118 1016 igitur

2244 949 2500 1021 χείρησιν
2530 947 2774 1003 ἀπειθῶν
2804 947 3047 1013 ἀπειθεῖ,
3069 948 3279 1016 ὄψεται
3307 950 3339 1000 ό
3362 945 3605 1014 ἀνομῶν
3629 964 3641 976 ’
3675 944 3828 1013 λέγει

542 1049 867 1089 successum
895 1036 1162 1092 Dominus
1191 1037 1425 1105 dederit,
1471 1040 1716 1095 indicare
1739 1042 1899 1107 mihi,
1941 1041 2126 1109 Pater,

539 1127 879 1182 venerandis
910 1128 1016 1183 tuis
1038 1128 1238 1184 litteris
1268 1130 1487 1187 bonitas
1519 1141 1613 1186 tua
1653 1147 1722 1187 ne
1748 1144 2022 1205 gravetur.

882 1324 1094 1382 CXVII.
1132 1358 1207 1369 —
1232 1328 1485 1386 Mariano
1519 1334 1814 1403 spat/tario.

2232 1042 2475 1113 Κύριος·
2514 1043 2733 1111 Ἀςοετε
2787 1042 3032 1109 αὐτοὺς,
3088 1041 3311 1111 τυφλοί
3363 1042 3566 1094 εἰσινσ
3602 1039 3683 1102 ὡς
3735 1034 3828 1092 οὖν

2235 1134 2415 1189 εύοδοῖ
2442 1135 2675 1207 Κύριος,
2718 1136 3084 1208 ἀγαθύνθητι,
3118 1138 3321 1209 Πάτερ,
3347 1134 3712 1208 δηλοποιῆσαί
3739 1151 3827 1207 μοι

2238 1230 2536 1301 γράμματι
2573 1246 2670 1285 σου
2709 1230 2900 1303 τιμίῳ.

2470 1344 2597 1398 PIZ'
2632 1345 2765 1415 (15).
2802 1375 2873 1386 -
2895 1342 3179 1413 Μαριανῷ
3207 1343 3542 1412 σπαθαρίφ.
3560 1338 3758 1415 [χνη’.]

1880 1449 1960 1500 De
1997 1452 2168 1501 mundi
2199 1462 2509 1522 contemptu.

610 1548 899 1619 Compellit
933 1564 1021 1607 me
1048 1551 1115 1605 ad
1147 1552 1493 1609 scribendum
1508 1554 1683 1625 pietas
1715 1566 1827 1621 tua,
1866 1564 2125 1626 tanquam

541 1640 669 1697 inde
713 1640 979 1709 fructum,
1016 1643 1217 1714 inquit,
1243 1647 1506 1716 capiens;
1536 1662 1638 1717 ego
1667 1663 1799 1703 vero
1829 1664 1934 1703 non
1968 1660 2125 1719 puto,

538 1734 668 1803 quia
699 1746 881 1786 sermo
906 1744 1116 1799 noster,
1149 1736 1617 1805 quemadmodum
1660 1747 1714 1793 et
1748 1740 1880 1805 vita,
1916 1740 2127 1796 inutilis

537 1836 643 1889 cst;
667 1826 762 1879 sed
791 1834 850 1879 ut
876 1826 1147 1881 charitate
1178 1829 1364 1897 potius
1400 1832 1646 1886 incitata.
1682 1828 1931 1885 Charitas
1952 1834 2123 1901 enim,

537 1918 617 1973 ait
644 1920 964 1988 Apostolus,
999 1935 1103 1972 non
1129 1922 1332 1992 cogitat
1361 1923 1563 1977 malum
1591 1924 1657 1979 δ’.
1691 1923 1960 1979 Caeterum
1988 1940 2127 1996 quo-

536 2012 817 2082 quomodo
850 2027 936 2068 res
956 2028 1016 2068 se
1038 2013 1258 2081 habeat,
1288 2018 1423 2072 cedo
1447 2027 1502 2073 et
1517 2018 1791 2090 obsequor
1813 2020 1993 2074 amico
2022 2035 2123 2074 no-

536 2113 678 2171 stro,
708 2104 829 2159 viro
859 2105 1028 2170 bono,
1061 2106 1446 2164 laudatissima
1486 2111 1728 2182 prasidi,
1761 2110 1986 2166 alumno
2011 2111 2127 2181 pie-

534 2197 690 2256 tatis.
739 2198 1007 2253 doctrinae
1036 2200 1362 2257 orthodoxa:
1402 2201 1699 2274 discipulo,
1745 2203 1953 2259 homini
2004 2203 2124 2270 Dei,

534 2290 935 2346 monachorum
995 2295 1250 2350 amatori.
1314 2293 1481 2350 Multa
1514 2305 1644 2351 sunt
1694 2297 1944 2352 encomia
2007 2307 2121 2362 tua,

533 2384 753 2454 egregia
808 2384 1075 2441 facinora.
1136 2385 1244 2441 Sed
1278 2387 1425 2452 vide,
1459 2389 1684 2443 domine
1710 2390 1808 2453 mi,
1841 2391 2123 2459 quomodo

534 2474 821 2537 ambules;
883 2476 990 2530 hoc
1032 2477 1178 2532 enim
1217 2479 1420 2533 clamat
1452 2479 1749 2548 Apostolus
1772 2480 1820 2510 '°
1852 2495 1866 2531 :
1927 2495 2037 2533 non
2064 2487 2127 2534 ut

534 2570 823 2639 insipiens,
882 2571 976 2625 sed
1006 2580 1065 2625 ut
1085 2570 1339 2642 sapiens;
1368 2588 1475 2625 non
1504 2582 1562 2626 ut
1584 2574 1736 2626 carni
1766 2572 2003 2636 deditus,
2030 2574 2124 2628 scd

534 2666 597 2711 ut
643 2673 835 2713 amans
888 2658 1089 2726 Deum;
1156 2676 1265 2715 non
1318 2671 1580 2731 tanquam
1636 2664 1979 2727 immortalis,
2027 2662 2125 2717 sed

533 2761 797 2821 tanquam
842 2752 909 2808 de
948 2754 1101 2808 exitu
1154 2754 1424 2809 sollicitus
1487 2754 1797 2810 Commune
1846 2766 1929 2810 est
1964 2754 2123 2810 debi-

535 2857 673 2911 tum,
700 2847 958 2916 prasinus
982 2848 1253 2903 terminus
1289 2849 1383 2918 qui
1423 2849 1740 2905 transcendi
1772 2866 1877 2904 non
1921 2857 2120 2919 potest.

533 2936 660 2993 Non
678 2950 752 2994 est
776 2941 947 3005 enim,
988 2941 1083 3007 ait,
1111 2942 1203 3012 qui
1240 2942 1374 2996 vivet
1391 2950 1439 2996 et
1464 2959 1569 2997 non
1590 2942 1784 2998 videbit
1806 2953 2027 2995 mortem
2052 2944 2120 2994 ⁸⁸.

533 3033 794 3099 Quaenam
837 3049 993 3105 ergo,
1042 3035 1213 3102 dices,
1267 3048 1633 3106 utrorumque
1699 3037 1934 3107 propria:
1991 3045 2123 3091 sunt

532 3127 715 3182 notae?
747 3126 884 3198 Ego,
922 3128 1120 3194 amice,
1154 3129 1254 3184 tibi
1283 3144 1579 3199 exponam.
1615 3128 1869 3185 Priorum
1900 3128 2119 3199 quidem

2326 1563 2519 1618 Ἕλκει
2543 1565 2705 1637 ’ἡμᾶς
2733 1565 2769 1637 ἡ
2798 1562 3054 1617 εὐσέϐειά
3077 1578 3171 1616 σου
3201 1560 3341 1633 πρὸς
3364 1560 3428 1615 τὸ
3450 1560 3715 1632 γράφειν.
3751 1560 3828 1621 ὠς

2235 1656 2656 1727 δφελος,φησὶν,
2690 1656 3059 1728 εὖρίσκουσα⁶
3105 1652 3202 1708 καὶ⁵
3260 1653 3322 1707 οὐ
3371 1652 3549 1706 δοκῶ*
3588 1652 3826 1722 ἐπείπερ

2233 1746 2398 1817 ἡμῶν
2424 1747 2524 1801 σὺν
2550 1748 2630 1819 τῷ
2660 1747 2784 1819 βίῳ,
2831 1747 2927 1801 καὶ
2953 1748 2983 1801 ό
3018 1747 3181 1816 λόγος
3226 1745 3504 1816 ἄχρηστος
3526 1758 3541 1772 ⁸
3597 1744 3720 1798 ἀλλ’
3751 1746 3827 1809 ὠς

2234 1841 2428 1913 ἀγάπῃ
2458 1841 2759 1914 φερομένη.
2805 1840 2873 1899 Ἡ
2889 1840 3093 1912 ἀγάπη
3127 1839 3260 1912 γὰρ,
3301 1839 3467 1910 φησὶν
3489 1840 3517 1891 ὁ
3557 1837 3828 1891 Ἀπόστο-

2232 1931 2346 1999 λος,
2400 1932 2467 1987 τὸ
2510 1932 2702 1986 κακὸν
2755 1934 2829 1987 οὺ
2876 1929 3192 2002 λογίζεται.
3245 1931 3394 2002 Πλὴν
3439 1928 3723 2002 ὁποτέρως
3758 1930 3827 1983 ἂν

2233 2026 2369 2096 ἐχοι,
2402 2025 2535 2080 εἵκω
2589 2026 2687 2080 καὶ
2735 2024 3001 2096 πείθομαι
3043 2025 3122 2097 τῷ
3154 2025 3412 2097 ἡμετέρῳ
3450 2023 3685 2097 ἐραστῇ.
3746 2022 3827 2093 τῷ

2232 2118 2427 2189 ἀγαθῷ
2448 2118 2628 2190 ἀνδρὶ,
2655 2119 2735 2191 τῷ
2776 2120 3124 2191 πανευφήμῳ
3159 2118 3403 2190 ἄρχοντι,
3452 2118 3529 2188 τῷ
3561 2117 3827 2189 τροφίμῳ

2233 2211 2332 2282 τῆς
2363 2212 2670 2279 εὐσεϐείας,
2700 2213 2780 2284 τῷ
2805 2213 3085 2286 θρέμματι
3119 2213 3219 2283 τῆς
3243 2211 3580 2283 ὀρθοδοξίας,
3616 2211 3696 2282 τῷ
3727 2214 3829 2267 ἀν-

2234 2309 2444 2382 θρώπῳ
2478 2310 2576 2364 τοῦ
2607 2310 2767 2379 Θεοῦ,
2796 2310 2873 2382 τῷ
2902 2310 3103 2383 φιλητῇ
3140 2308 3249 2363 τῶν
3279 2308 3589 2380 μοναστῶν.
3638 2307 3830 2363 Πολλά

2235 2419 2331 2455 σου
2377 2402 2448 2456 τὰ
2487 2400 2764 2472 ἐγκώμια,
2798 2401 3063 2455 κάλλιστα
3113 2402 3182 2455 τὰ
3206 2399 3611 2473 ἁριστεύματα.
3662 2399 3830 2455 Ἀλλὰ

2234 2493 2477 2565 βλέποις,
2499 2496 2527 2549 ό
2557 2494 2825 2566 δεσπότης
2856 2512 2983 2566 μου,
3003 2495 3120 2559 πῶς
3146 2496 3467 2566 περιπατεῖς
3484 2510 3497 2523 ’
3525 2491 3689 2547 τοῦτο
3711 2493 3829 2564 γὰρ

2234 2586 2335 2658 βοᾷ
2367 2588 2394 2640 ὀ
2432 2587 2777 2653 Ἀπόστολος,
2821 2585 2896 2658 μὴ
2935 2586 3012 2650 ὡς
3066 2586 3291 2656 ἄσοφος,
3347 2585 3465 2640 ἀλλ’
3495 2585 3571 2650 ὼς
3606 2588 3783 2656 σοφός
3805 2599 3823 2614 ·

2235 2678 2310 2750 μὴ
2336 2678 2411 2744 ὡς
2441 2680 2794 2753 φιλόσαρκος,
2822 2680 2939 2735 ἀλλ’
2972 2679 3049 2743 ὡς
3074 2678 3323 2750 φιλόθεος
3350 2694 3365 2709 ·
3400 2679 3477 2750 μὴ
3508 2679 3585 2741 ὡς
3607 2677 3829 2734 ἀθάνα-

2228 2786 2342 2836 τος,
2376 2769 2493 2823 ἀλλ’
2526 2771 2601 2834 ὼς
2651 2770 2997 2841 ἐμμέριμνος
3041 2768 3262 2835 ἐξόδου·
3293 2771 3357 2822 τὸ
3402 2768 3583 2821 κοινὸν
3624 2768 3825 2839 χρέος,

2228 2865 2290 2917 τὸ
2320 2865 2701 2935 ἀνυπέρϐατον
2748 2866 3045 2936 ὁροθέσιον.
3087 2867 3211 2920 Οὐκ
3263 2864 3397 2920 ἔστι
3436 2862 3565 2935 γὰρ,
3621 2865 3823 2935 φησιν,

2231 2956 2301 3023 ὃς
2348 2955 2613 3025 ζήσεται,
2650 2961 2747 3012 καὶ
2804 2962 2917 3014 οὐκ
2964 2959 3175 3028 ὄψεται
3228 2949 3510 3015 θάνατον.
3545 2955 3685 3009 Τίνα
3726 2952 3828 3011 οὖν

2230 3048 2560 3120 ἀμφοτέρων
2579 3050 2647 3104 τὰ
2668 3049 2954 3121 ἰδιώματα,
2976 3053 3149 3115 εἴποις
3165 3050 3230 3107 ἄν
3250 3070 3265 3119 ;
3283 3050 3426 3121 Ἐγώ
3450 3066 3533 3103 σοι
3549 3049 3723 3119 διεξίῃ
3733 3067 3824 3120 μι,

2230 3140 2353 3211 φίλε
2381 3159 2394 3172 ·
2437 3141 2531 3195 τοῦ
2574 3142 2673 3213 μὲν
2740 3141 2959 3213 πρώτου
3018 3142 3359 3213 χορεύματα,
3406 3140 3823 3210 γελοιάσματα,

533 3221 767 3281 choreae,
788 3222 954 3286 risus,
982 3221 1115 3287 ludi,
1144 3222 1498 3293 turpiloquia,
1520 3224 1837 3290 ebrietates,
1857 3225 2114 3293 crapulm,

2235 3234 2483 3303 παίγνια,
2526 3235 3029 3308 αἰσχρολογήματα,
3060 3236 3422 3306 οἱνοφλυγίαι,
3469 3251 3829 3306 γαστριμαρ-

532 3312 661 3365 elati
688 3312 936 3381 spiritus,
961 3313 1151 3369 inanes
1172 3316 1474 3382 jactantiae,
1502 3317 1760 3386 exquisiti
1793 3317 1859 3371 ad
1892 3318 2118 3387 gloriam

2228 3326 2365 3395 γίαι,
2399 3322 2791 3398 μετεωρίσμοὶ,
2850 3328 3076 3381 διάκενα
3128 3330 3467 3400 φυσήματα,
3530 3330 3825 3384 καλλωπί-

533 3411 764 3458 ornatus
803 3405 895 3457 alii
927 3404 1049 3460 aliis
1073 3407 1451 3471 succedentes,
1475 3407 1789 3462 divitiarum
1823 3408 2120 3476 desideria,

533 3509 765 3563 quisque
808 3494 895 3549 his
926 3496 1077 3564 plura
1107 3505 1162 3550 ct
1195 3498 1451 3567 graviora
1483 3499 1551 3553 ob
1575 3498 1860 3569 dignitatis
1894 3510 1998 3553 tuae
2037 3514 2123 3552 re-

532 3586 837 3641 verentiam
881 3590 1256 3657 praetermitto.
1292 3589 1357 3643 Et
1386 3591 1633 3660 quidem,
1659 3592 1751 3661 qui
1777 3592 1911 3644 talia
1934 3602 2119 3661 agunt,

534 3695 754 3749 regnum
808 3677 905 3734 Dei
955 3697 1060 3734 non
1115 3684 1587 3753 consequentur",
1640 3695 1697 3739 ut
1742 3685 2123 3755 pronuntiavit

533 3773 855 3842 Apostolus.
877 3778 992 3841 Age
1014 3790 1145 3830 vero
1158 3777 1389 3831 alterius
1409 3792 1632 3847 quoque
1659 3780 1835 3847 partis
1856 3795 1980 3849 quae
2009 3780 2123 3834 sint

533 3868 755 3936 prepria
818 3868 1129 3922 ostendam.
1187 3867 1494 3939 Paupertas
1548 3872 1801 3940 spiritus,
1850 3888 2121 3942 compun-

534 3960 735 4014 ctionis
780 3959 1057 4031 lacrymze,
1090 3963 1477 4027 mansuetudo,
1514 3981 1641 4036 pax,
1712 3965 2117 4032 misericordia,

532 4051 737 4106 mentis
763 4051 816 4105 in
840 4052 1007 4106 Deum
1025 4055 1440 4125 contemplatio,
1477 4065 1827 4126 contemptus
1848 4058 2117 4126 pecuniae,

533 4142 720 4196 odium
759 4143 974 4206 mundi,
1006 4142 1319 4213 frugalitas,
1351 4146 1693 4201 continentia
1718 4162 1818 4216 pro
1847 4148 2121 4218 cujusque

530 4233 733 4287 virium
758 4232 1019 4288 facultate
1051 4250 1065 4285 :
1108 4249 1273 4304 supra
1301 4236 1613 4305 coniugem,
1644 4252 1809 4307 supra
1838 4238 2000 4305 filios,
2028 4256 2122 4294 su-

532 4336 629 4395 pra
654 4335 930 4393 parentes,
957 4338 1122 4395 supra
1170 4324 1391 4393 fratres,
1435 4344 1603 4399 supra
1644 4345 1837 4386 omnes
1886 4334 2117 4388 omnino

531 4432 721 4472 amare
742 4416 1037 4472 Dominum
1064 4420 1158 4488 qui
1180 4420 1309 4475 fecit
1341 4436 1462 4489 nos,
1493 4424 1587 4493 qui
1608 4425 1853 4495 seipsum
1876 4427 1943 4480 ad
1969 4442 2119 4481 mor-

532 4520 643 4565 tem
685 4511 911 4566 tradidit
936 4527 1033 4580 pro
1059 4528 1394 4585 unoquoque
1424 4526 1694 4572 nostrum.

2227 3434 2409 3488 σματα
2440 3419 2843 3489 άλλεπάλληλα,
2883 3420 3288 3489 φιλοπλουτίαι,
3332 3422 3562 3493 ἔρωτες,
3612 3424 3711 3475 xal.
3746 3424 3824 3479 τὰ

2224 3510 2398 3563 πλείω
2424 3511 2525 3564 καὶ
2554 3511 2834 3584 βαρύτερα
2858 3514 3003 3567 αἰδοῖ
3023 3514 3123 3583 τῆς
3171 3512 3425 3579 ἐξουσίας
3456 3532 3550 3568 σου
3582 3515 3819 3586 ἀφίημι.

2223 3602 2336 3655 Καί
2361 3619 2425 3672 γε
2440 3607 2495 3657 οἱ
2524 3605 2596 3657 τὰ
2622 3606 2869 3660 τοιαῦτα
2886 3606 3275 3674 πράσσοντες
3296 3608 3634 3672 βασιλείαν
3660 3610 3819 3663 Θεοῦ

2222 3696 2294 3748 οὐ
2357 3699 2972 3768 κληρονομήσουσιν,
3034 3702 3315 3773 ἀπέφηνεν
3372 3705 3401 3757 ὁ
3459 3703 3818 3771 Ἀπόστολος.

2223 3786 2394 3859 Δεῦρο
2429 3808 2514 3844 σοι
2558 3792 2788 3847 καὶτοῦ
2841 3795 3030 3868 ἐτέρου
3080 3798 3430 3871 ύποδείξαιμι
3480 3801 3549 3855 τὰ
3599 3803 3812 3874 κράτη.

2222 3880 2475 3952 Πτωχεία
2514 3884 2852 3955 πνεύματος,
2878 3888 3231 3957 κατανύξεως
3263 3892 3500 3963 δάκρυα,
3534 3896 3814 3965 πραότης,

2221 3974 2437 4046 εἰρήνη,
2471 3976 2836 4052 ἐλεημοσύνη,
2865 3982 2959 4035 νοῦ
2985 3984 3123 4054 πρὸς
3154 3983 3288 4037 Θεὸν
3316 3984 3541 4055 θεωρία,
3570 3988 3820 4061 ἀφιλαρ-

2219 4069 2409 4140 γυρία,
2469 4073 2823 4143 μισοκοσμία,
2886 4075 3212 4146 αὐτάρκεια,
3267 4078 3608 4148 ἐγκράτειαο
3664 4084 3819 4137 κατὰ

2219 4160 2453 4233 δύναμιν
2486 4164 2587 4235 τῆς
2617 4165 2703 4235 ἐφ’
2738 4167 2959 4239 ἑκάστῳ
2987 4168 3298 4240 δυνάμεως,
3333 4173 3475 4245 ὑπὲρ
3510 4175 3816 4244 όμόζυγον,

2222 4254 2369 4326 ὑπὲρ
2395 4255 2582 4320 τέκνα,
2607 4258 2748 4329 ὑπὲρ
2768 4262 2971 4328 γονεῖς,
2999 4262 3141 4335 ὑπὲρ
3165 4263 3450 4333 ἀδελφοὺς.
3470 4266 3610 4338 ὑπὲρ
3634 4268 3817 4323 ἄπαν-

2217 4365 2318 4413 τας
2337 4350 2546 4417 ἁπλῶς,
2579 4353 2801 4424 ἀγαπᾷν
2823 4353 2913 4406 τὸν
2938 4346 3143 4426 Κύριον
3169 4355 3261 4410 τὸν
3292 4358 3597 4428 ποιήσαντα
3630 4363 3814 4433 ἡμᾶς,

2218 4441 2312 4495 τὸν
2354 4443 2498 4516 ὑπὲρ
2536 4445 2656 4509 ἐνὸς
2686 4448 2923 4501 ἑκάστου
2962 4448 3305 4504 ἐκδεδωκότα
3346 4452 3541 4506 ἐαυτὸν
3592 4453 3673 4518 είς
3705 4455 3814 4510 θά-

2219 4551 2399 4589 νατον.

602 4604 731 4661 Haec
760 4616 923 4677 atque
957 4606 1043 4661 his
1067 4608 1296 4675 similia,
1330 4611 1443 4663 veri
1482 4622 1610 4665 sunt
1633 4611 1959 4671 Christiani.
1986 4612 2108 4669 Noli

2286 4623 2472 4677 Ταῦτα
2498 4627 2589 4678 καὶ
2616 4626 2687 4680 τὰ
2708 4627 2924 4692 τούτοις
2941 4631 3127 4701 ὅμοια,
3151 4632 3363 4688 καὶτοῦ
3382 4635 3641 4705 ἀληθινοῦ
3665 4640 3812 4710 Χρι-

532 4699 680 4753 enim
720 4700 788 4754 de
816 4702 1089 4755 monacho
1122 4702 1495 4771 interpretari,
1527 4704 1769 4773 domine,
1804 4723 1927 4776 quae
1968 4711 2112 4765 dicta

532 4800 683 4857 sunt,
701 4803 755 4848 et
782 4808 890 4848 non
918 4795 985 4848 de
1014 4794 1157 4849 laico
1187 4796 1471 4865 aequaliter
1510 4800 1693 4854 omnia
1725 4801 1743 4870 (
1774 4804 1989 4857 tametsi
2036 4782 2112 4860 'de

532 4883 805 4937 monacho
846 4883 1183 4954 impensius)
1217 4896 1416 4955 praeter
1445 4889 1838 4946 continentiam
1893 4902 1947 4949 et
1979 4909 2114 4964 pan-

532 4987 820 5044 pertatem,
846 4978 913 5031 de
942 4978 1144 5046 quibus
1174 4980 1457 5037 saecularis
1494 4998 1601 5039 non
1633 4986 2107 5046 condemnabitur.

533 5068 602 5123 Et
638 5077 820 5122 tamen
851 5069 976 5124 istic
1006 5085 1226 5140 quoque
1244 5082 1638 5144 sunttempora
1661 5077 2032 5145 continentiae,
2059 5093 2114 5137 et

532 5160 869 5232 frugalitatis
921 5162 1087 5233 leges.
1119 5163 1389 5219 Habentes
1418 5168 1566 5221 enim
1604 5170 1884 5237 alimenta,
1919 5173 2114 5243 inquit,

533 5262 583 5308 et
611 5255 801 5323 quibus
832 5265 1090 5330 tegantur,
1124 5258 1203 5312 Itis
1237 5261 1465 5313 contenti
1504 5261 1671 5315 simus
1689 5263 1756 5316 ⁸³.
1800 5263 1905 5329 Qui
1939 5276 2115 5321 autem

532 5349 721 5402 divites
751 5349 870 5417 ﬁeri
892 5352 1095 5417 uolunt,
1126 5352 1365 5405 incidunt
1396 5353 1449 5406 in
1470 5354 1793 5410 barathrum
1844 5357 2113 5415 inelucta-

532 5440 641 5495 bile
663 5440 728 5495 ⁵³.
758 5438 823 5495 Et
844 5457 1092 5507 rursum,
1124 5441 1189 5497 Ut
1219 5454 1269 5497 et
1292 5444 1381 5513 qui
1402 5444 1595 5499 [tabent
1624 5462 1835 5514 uxores,
1859 5461 2113 5522 tanquam

2218 4713 2461 4770 στιανοῦ.
2514 4717 2605 4787 Μὴ
2651 4719 2760 4788 γάρ
2795 4736 2878 4771 τοι
2917 4722 3169 4796 νομίσῃς,
3200 4725 3476 4793 δέσποτα,
3512 4729 3605 4782 ἐπὶ
3634 4734 3814 4800 μονά-

2215 4803 2399 4869 ζοντος
2451 4806 2521 4860 τὰ
2558 4808 2838 4879 λεχθέντα,
2894 4812 3011 4865 ἀλλ’
3061 4815 3183 4886 οὐχὶ
3232 4818 3330 4871 καὶ
3381 4820 3473 4873 ἐπὶ
3507 4820 3700 4876 λαῖκοῦ
3736 4828 3812 4881 τὰ

2213 4898 2392 4952 πάντα
2429 4899 2629 4973 ἐπίσης
2650 4902 2776 4973 (κᾶν
2808 4904 2865 4957 ἐν
2896 4905 2974 4976 τῷ
3000 4908 3287 4976 μονάζοντι
3316 4912 3757 4986 ἐπιτεταμένως)

2215 4990 2355 5062 πλὴν
2381 4993 2627 5062 άγαμίας
2672 4996 2769 5049 καὶ
2808 4998 3221 5072 ἀκτημοσύνης,
3257 5005 3318 5056 ἐν
3346 5002 3430 5069 οἷς
3460 5008 3489 5058 ό
3534 5010 3814 5078 κοσμικδς

2214 5083 2277 5135 ού
2300 5086 2698 5157 κατακέκριται
2721 5104 2735 5119 ο
2755 5089 2907 5159 ὅμως
2930 5093 3212 5149 κάνταῦθα
3242 5097 3571 5169 ἐγκρατείας
3594 5105 3811 5174 καιροὶ,

2215 5179 2312 5229 καὶ
2343 5178 2685 5247 αὐταρκείας
2742 5181 2960 5265 θεσμοί.
2999 5188 3289 5257 Ἔχοντες
3316 5193 3446 5264 γὰρ,
3477 5197 3636 5263 φησὶ,
3677 5197 3812 5252 δια-

2214 5269 2440 5336 τροφὰς
2459 5270 2557 5322 καὶ
2573 5272 2994 5343 σκεπάσματα,
3022 5281 3257 5347 τούτοις
3278 5283 3807 5357 ἀρκεσθησόμεθα.

2211 5364 2276 5414 οι
2300 5360 2369 5413 δὲ
2390 5362 2760 5433 βουλόμενοι
2801 5370 3113 5437 πλουτεῖν,
3169 5374 3577 5443 ἐμπίπτουσιν
3623 5384 3703 5448 εἰς
3744 5384 3812 5437 τὸ

2216 5453 2459 5523 ἄφυκτον
2492 5455 2787 5530 βάραθρον.
2832 5462 2943 5516 Καὶ
2960 5464 3149 5534 πάλιν,
3178 5467 3315 5524 Ἵνα
3344 5471 3443 5524 καὶ
3472 5475 3529 5526 οι
3552 5475 3810 5545 ἔχοντες

604 5557 648 5661 ἵ
678 5555 1095 5661 Ρειξιιιεέξιι..1οἑ“
1153 5558 1200 5661 ἒξ
1223 5558 1638 5661 Μαιιδιιιιᾈξὶῖ,
1698 5560 1779 5661 Σοί
1798 5562 1925 5621 Cor.
1954 5582 2074 5629 xm,
2099 5568 2153 5621 5.
2231 5566 2276 5599 '°
2299 5566 2501 5638 Ephes.
2529 5570 2683 5631 v.15.
2761 5573 2803 5605 "
2834 5574 2981 5632 Psal.
3034 5559 3302 5649 Lxxxrtti,
3337 5583 3428 5642 49.
3505 5588 3553 5620 ⁵⁸
3591 5588 3806 5661 Ephes.

533 5642 585 5693 ν,
612 5628 665 5681 4.
739 5628 787 5659 "
824 5629 840 5680 ι
872 5626 1014 5680 Tim.
1045 5644 1121 5691 vr,
1163 5630 1216 5684 8.
1296 5630 1381 5683 “l
1413 5630 1539 5685 Cor.
1567 5648 1663 5695 ru,
1699 5632 1789 5687 29.

2043 5748 2272 5809 NOTAE.

605 5834 717 5902 (l3)
751 5834 809 5889 in
836 5835 958 5889 cod.
996 5835 1129 5903 Reg.
1172 5843 1308 5905 pza'.
