3934 6526
185 528 296 595 1389

1323 513 1864 576 EPISTOLARUM
1929 514 2075 573 LIB.
2111 512 2192 573 Π.

3253 511 3390 575 1390

181 643 437 715 γυναῖκας,
492 639 568 705 ὡς
604 635 693 708 μὴ
732 636 977 705 ἔχοντες
1017 626 1189 687 ὦσιν.
1250 628 1408 694 Ἰδοὺ,
1465 624 1702 683 δέσποτά

1806 643 1908 682 non
1935 628 2185 681 habentes
2218 626 2326 680 sint
2354 626 2422 680 ⁸⁵.
2461 624 2623 688 Ecce,
2657 624 2730 679 mi
2756 622 3001 689 domine,
3036 623 3269 694 adegisti
3303 641 3390 679 me

184 756 280 810 μου,
303 732 592 804 ἠνάγκασας
626 746 696 800 με
730 728 792 780 τὸ
834 725 1112 796 δικαίωμα
1146 723 1242 777 τοῦ
1275 723 1412 776 Θεοῦ
1442 722 1697 789 ἀναγγεῖ-

184 830 246 884 lai
293 845 379 880 σοι.
426 824 749 891 Σπεύσωμεν
788 818 1089 890 ἀμφότεροι
1124 815 1387 886 σωθῆναι.
1438 812 1698 883 Ἀρκετὸς

183 921 320 989 ἡμῖνὸ
345 915 716 989 παρεληλυθὼς
750 915 941 985 χρόνος
968 911 1064 965 τοῦ
1099 911 1238 982 βίου,
1268 911 1330 963 τὸ
1361 909 1573 979 θέλημα
1597 907 1696 978 τῆς

179 1012 338 1082 σαρκὸς
379 1007 838 1080 κατεργάσασθαι.
891 1004 1043 1066 Νῦν,
1077 1004 1293 1073 φησὶνὸ
1347 1001 1690 1067 Ἀπόστολος,

174 1107 330 1170 καιρὸς
351 1101 776 1170 εὐπρόσδεκτος
800 1137 816 1162 ,
845 1097 964 1151 νῦν
989 1096 1181 1166 ἡμέρα
1204 1094 1523 1164 σωτηρίας.
1563 1093 1696 1147 Ἰδοὺ

175 1195 385 1262 ὀὰγαθὸς
416 1194 538 1258 Θεὸς
570 1193 856 1262 ἐκδέχεται
891 1190 998 1252 ἓως
1036 1189 1274 1259 ἐσχάτης
1296 1186 1575 1256 ἀναπνοῆς
1603 1186 1696 1240 τὸν

175 1288 344 1358 καρπὸν
378 1288 556 1358 ἡμῶν
614 1284 691 1356 μὴ
723 1285 907 1337 εἴποιο
965 1283 1278 1346 Ἐκκοψον
1332 1280 1541 1339 αὐτὸν,
1594 1277 1696 1330 ἵνα

174 1382 312 1434 rimi
340 1383 440 1447 τὴν
470 1378 583 1448 γῆν
633 1375 950 1446 καταργεῖ;
1005 1374 1080 1444 μὴ
1119 1373 1312 1445 κλείσῃ
1345 1370 1470 1425 καθ’
1507 1369 1689 1441 ἡμῶν,

173 1471 244 1522 καὶ
267 1471 352 1523 οὐκ
378 1470 514 1521 ἔστιν
543 1467 774 1534 ἄνοιξιςσ
813 1466 888 1535 μὴ
921 1463 1078 1517 λάϐοι
1113 1464 1259 1532 ἡμᾶς
1283 1465 1311 1515 ὁ
1342 1460 1586 1522 διάϐολος
1611 1460 1690 1524 είς

174 1564 303 1631 μέρος
335 1559 506 1626 αὑτοῦ,
562 1558 1074 1629 συγκολαζομένους
1115 1553 1347 1608 αἰώνια·
1408 1553 1484 1623 μὴ
1529 1552 1697 1620 ἀνάρ-

172 1671 329 1707 mare:
351 1655 490 1720 ἄφνω
523 1651 838 1722 γενοίμεθα.
866 1649 1106 1711 Ποσάκις
1129 1648 1334 1715 ἐγγύας
1353 1645 1692 1715 δεδώκαμεν,

172 1745 229 1805 ὠς
247 1745 285 1795 εί
303 1746 388 1813 τῆς
419 1743 720 1809 ἀσθενείας,
756 1742 789 1814 ἢ
819 1741 974 1794 τοῦδε
1010 1739 1107 1794 τοῦ
1147 1738 1426 1804 κινδύνου,
1458 1739 1490 1808 ἢ
1527 1737 1694 1807 τῆσδε

170 1841 244 1902 τῆς
269 1838 473 1906 θλίψεως
504 1839 814 1909 ῥυσθῶμεν,
853 1836 971 1907 Θεῷ
1019 1836 1258 1906 γνησίως
1292 1833 1656 1902 δουλεύσομεν
1677 1847 1692 1861 '

172 1929 243 1981 καὶ
276 1931 415 1983 πάλιν
471 1929 850 2000 ἐπελαϐόμεθα
899 1929 1010 1981 τῶν
1054 1927 1372 1999 συνθηκῶν;
1424 1925 1531 1988 ἓως
1563 1923 1694 1978 πότε

169 2021 372 2087 ἀνέξεται
392 2040 406 2088 ;
429 2023 530 2088 ἕως
561 2023 710 2086 τίνος
729 2022 880 2075 ἐάσει
907 2038 922 2084 ;
967 2021 1218 2091 Ἀνάγκη
1245 2020 1464 2082 πάντως
1498 2014 1693 2087 μικρὸν

171 2114 352 2187 ὕστερον
371 2115 600 2181 ἐξελθεῖν
633 2115 741 2168 τῶν
776 2112 1014 2168 ἐνθένδε.
1044 2113 1136 2184 Μὴ
1166 2112 1349 2166 τοίνυν
1371 2108 1695 2180 εὑρεθῶμεν

167 2209 599 2277 ἀπαρασκεύαστοι
656 2207 764 2261 τῶν
810 2206 1037 2275 ἀγαθῶν
1083 2205 1286 2277 ἔργων,
1335 2204 1428 2258 ἵνα
1495 2201 1573 2273 μὴ
1634 2200 1697 2254 τὸ

167 2299 260 2352 οὐαὶ
281 2304 398 2372 ἡμῖν
425 2304 504 2374 εἴη
532 2300 759 2355 αἰώνιον
785 2299 882 2353 καὶ
908 2298 1219 2369 ἀπέραντον
1249 2314 1264 2328 ·
1297 2297 1413 2351 ἀλλ’
1455 2296 1515 2348 ἐν
1546 2296 1690 2348 ἐτοι-

169 2394 300 2463 uasis}
348 2394 779 2467 εὐαρεστήσεως,
822 2391 971 2455 ὅπως
1027 2388 1453 2461 συμϐασιλεύειν
1506 2387 1699 2460 Κυρίῳ

168 2485 539 2557 καταξιωθῶμεν
578 2486 661 2549 εἰς
690 2484 1087 2554 ἀτελευτήτους
1112 2482 1346 2546 αίῶνας.
1382 2482 1420 2533 Γ
1425 2480 1624 2533 ἑνοιτο.

331 2594 457 2646 Plll'
488 2593 628 2664 (l4).
669 2623 736 2632 —-
759 2593 1131 2664 Εὐφροσύνα
1160 2591 1489 2662 ἡγουμένῃ.
1518 2588 1703 2662 [χνγ’.]

1727 1986 1770 2041 Β

1799 729 1861 774 ιιι
1894 719 2100 790 justam
2127 717 2223 773 Dei
2276 718 2453 788 legem
2505 719 2892 772 annuntiat-em
2924 716 3042 771 tibi.
3087 717 3394 771 Contenda-

1800 828 1923 868 mus
1953 813 2114 867 ambo
2141 821 2201 866 ut
2220 812 2356 867 salvi
2381 811 2574 867 simus.
2605 810 2752 865 Satis
2778 811 2935 864 nobis
2972 809 3139 864 fuerit
3162 818 3390 879 practer-

1800 905 1935 959 itum
1969 905 2097 960 vitae
2151 915 2388 975 tempus.
2425 915 2487 958 ut
2515 905 2786 959 desideria
2811 903 2998 957 carnis
3025 903 3392 971 expleremus.

1802 998 1982 1062 Nunc,
2009 999 2086 1052 ait
2138 997 2458 1068 Apostolus,
2493 1006 2695 1066 tempus
2729 995 3071 1065 acceptabile,
3112 1012 3250 1048 nunc
3279 998 3394 1048 dies

1798 1090 1989 1144 salutis
2018 1091 2088 1143 ⁸⁸.
2134 1089 2275 1145 Ecce
2313 1089 2492 1144 bonus
2557 1088 2700 1142 Deus
2752 1103 2929 1156 usque
2979 1088 3044 1140 ad
3083 1098 3392 1142 extremum

1798 1184 2054 1253 spiritum
2077 1190 2363 1251 exspectat
2387 1181 2623 1237 fructum
2648 1196 2678 1234 a
2703 1181 2901 1247 nobis;
2933 1197 3002 1235 ne
3034 1179 3220 1235 dicat:
3259 1179 3398 1235 Suc-

1797 1277 1914 1330 cide
1939 1276 2116 1337 illum,
2147 1285 2203 1328 ut
2225 1274 2352 1344 quid
2376 1274 2538 1327 etiam
2568 1283 2764 1326 terram
2791 1283 3014 1339 occupat
3040 1273 3123 1326 '7?
3151 1288 3218 1326 ue
3241 1275 3396 1326 clau-

1799 1367 1897 1423 dat
1934 1368 2118 1432 nobis,
2152 1377 2208 1422 et
2234 1381 2344 1420 non
2379 1367 2450 1421 sit
2477 1366 2570 1435 qui
2606 1367 2818 1435 aperiat
2853 1385 2863 1418 :
2908 1381 2976 1420 ne
3010 1374 3261 1420 assumat
3293 1381 3395 1419 nos

1798 1460 2053 1516 diabolus
2085 1460 2141 1514 in
2167 1470 2372 1515 sortem
2398 1474 2553 1514 suam
2580 1474 2705 1512 cum
2740 1459 2859 1528 ipso
2894 1457 2950 1512 in
2987 1466 3256 1512 aeternum
3291 1473 3393 1526 pu-

1797 1554 2034 1609 niendos
2068 1569 2082 1607 :
2121 1567 2190 1607 ne
2214 1561 2441 1621 repente
2476 1550 2651 1620 abripi
2688 1566 2788 1604 nos
2823 1551 3130 1618 contingat.
3164 1549 3395 1615 Quoties

1797 1645 2219 1715 spopondimus,
2242 1658 2366 1706 nos,
2401 1643 2448 1696 si
2482 1643 2551 1697 ab
2581 1642 2921 1706 infirmitate,
2946 1643 2992 1696 si
3021 1643 3088 1695 ab
3115 1641 3217 1696 hoc
3249 1644 3396 1710 peri-

1798 1737 1946 1799 culo,
1995 1733 2042 1790 si
2078 1735 2146 1789 ab
2178 1734 2285 1788 hac
2343 1748 2589 1788 aerumna
2622 1733 3009 1798 liberaremur,
3045 1733 3154 1787 Deo
3180 1733 3397 1788 sincere

1798 1829 2130 1884 servituros:
2163 1834 2217 1880 et
2240 1835 2431 1896 postea
2457 1825 2772 1895 pactionum
2792 1826 2947 1880 obliti
2976 1840 3171 1880 sumus
3198 1825 3397 1892 ?Qno-

1805 1937 1980 1992 usque
2013 1920 2233 1974 tandem
2286 1918 2628 1974 sustinebit?
2666 1933 2956 1989 quousque
2982 1919 3265 1974 cessabit?
3292 1918 3399 1973 Ne-

1797 2029 1951 2070 cesse
1985 2023 2072 2069 est
2093 2026 2326 2082 prorsus
2356 2011 2517 2080 paulo
2545 2019 2672 2080 post
2699 2011 2828 2066 hinc
2858 2013 3034 2066 abire.
3063 2011 3184 2066 Non
3225 2013 3397 2082 igitur

1795 2105 2281 2177 deprehendamur
2309 2119 2339 2158 a
2367 2103 2527 2159 bonis
2546 2103 2803 2173 operibus
2828 2105 3105 2174 imparati,
3143 2121 3211 2160 ne
3237 2105 3398 2162 nobis

1795 2210 2062 2254 aeternum
2106 2206 2162 2252 et
2192 2199 2299 2251 line
2343 2211 2540 2251 care-ns
2564 2210 2646 2249 va:
2691 2195 2952 2250 obveniat
2984 2214 2998 2262 ;
3051 2197 3146 2252 sed
3181 2213 3396 2265 praepa-

1795 2299 1987 2345 rantes
2035 2304 2138 2344 nos
2184 2289 2251 2342 ad
2284 2285 2639 2344 obtinendam
2671 2286 2768 2342 Dei
2797 2303 3005 2358 pacem,
3045 2299 3104 2344 ut
3127 2306 3252 2344 cum
3285 2289 3398 2344 Do-

1798 2383 1949 2437 mino
1980 2395 2214 2452 regnare
2243 2394 2559 2435 mereamur
2582 2377 2638 2432 in
2679 2381 2880 2436 saecula
2909 2396 3019 2435 non
3056 2383 3392 2438 desinentia.

1801 2474 1944 2530 Fiat.

2060 2586 2298 2642 CXVIII.
2326 2618 2395 2628 —
2430 2586 2798 2660 Euphrosyna:
2831 2589 3154 2659 prwposirw.

355 2705 416 2756 Ut
436 2707 627 2768 matris,
652 2706 798 2768 cujus
823 2705 1014 2755 obitum
1048 2705 1343 2765 deﬂeverat,
1380 2707 1592 2754 virtutes
1619 2702 1797 2754 imitari
1833 2703 2050 2763 studeat,
2074 2701 2356 2765 praesertim
2385 2701 2433 2752 in
2459 2703 2750 2754 monasterii
2777 2703 3158 2768 gubernatione.

217 2811 351 2882 Ἀρτι
403 2817 605 2886 μᾶλλον
660 2815 1000 2886 ἀποδέχομαι
1055 2816 1158 2887 τὴν
1210 2815 1506 2886 τιμιότητά
1559 2832 1653 2868 σου
1682 2829 1697 2844 ⁸

160 2899 614 2978 ἀποκλαυσαμένην
635 2908 736 2979 τὴν
769 2909 1053 2978 μακαρίαν
1090 2907 1311 2978 μητέρα
1335 2923 1349 2937 ’
1391 2908 1480 2960 ὅτε
1510 2906 1701 2977 ἐξελη-

161 2991 299 3059 λυθὼς
323 2999 349 3050 ὁ
373 3001 677 3071 οἰκονόμος,
708 2999 1016 3070 ἀπήγγειλε
1043 2997 1503 3070 παρακεκλῆσθαι
1531 2998 1702 3068 αὐτὴν

159 3086 203 3138 ἐν
239 3090 426 3162 Κυρίῳ.
473 3093 588 3162 Ἐφ’
647 3084 693 3160 ᾧ
751 3093 844 3146 καὶ
883 3094 916 3163 ὴ
969 3091 1306 3154 ταπείνωσίς
1373 3108 1472 3161 μου
1509 3090 1698 3160 ἀνείθη

160 3181 492 3276 φροντίζοντος
533 3183 607 3238 τά
640 3184 781 3238 κατὰ
823 3184 882 3238 σέ
933 3185 1008 3248 ὡς
1055 3183 1296 3254 ἀδελφῆς
1345 3184 1403 3235 ἐν
1451 3181 1692 3253 Χριστῷ.
1725 3218 1766 3276 C

157 3273 230 3322 Δεῖ
249 3273 363 3343 γὰρ,
391 3270 433 3330 ὧ
459 3277 656 3350 κυρία,
686 3280 744 3331 ἐν
763 3280 875 3340 τοῖς
908 3278 1213 3347 φιλτάτοις,
1237 3275 1336 3330 καὶ
1360 3275 1539 3345 τὸτῆς
1558 3275 1696 3344 ἀγάο

159 3378 243 3433 της
264 3366 729 3439 ἐνδεικνυμένους,
762 3367 1038 3438 πενθῆσαι
1065 3363 1341 3436 φυσικῶς.
1363 3369 1458 3419 καὶ
1491 3366 1569 3436 τῷ
1603 3366 1700 3435 τῆς

157 3451 331 3520 ἐλπίδος
353 3459 806 3530 ἐπερειδομένους
838 3459 1095 3526 δόγματι,
1131 3457 1554 3528 παρακληθῆναι
1579 3455 1699 3508 θεοε-

157 3547 365 3615 πρεπῶς,
393 3553 514 3622 μηδ’
541 3550 824 3621 ὁποτέρως
853 3549 1207 3622 λυμήνασθαι
1245 3549 1308 3602 τὸ
1339 3548 1526 3601 καλόν.
1558 3550 1701 3601 Ἴσον

155 3637 238 3708 γάρ
283 3642 420 3697 ἐστιν
471 3644 816 3716 ἀναλγησίας
863 3646 897 3715 ἡ
958 3645 1307 3715 ύπέρμετρος
1343 3641 1699 3714 περιωδυνία.

156 3731 358 3805 Μέτροις
390 3739 643 3810 ἀγόμεθα
669 3738 764 3792 καὶ
787 3739 977 3791 κανόσι
1004 3737 1194 3803 θείοις,
1233 3737 1329 3790 καὶ
1382 3737 1617 3806 μάλιστα
1653 3733 1704 3786 οἱ

154 3823 198 3876 τὸ
257 3828 345 3900 τῆς
413 3832 758 3900 τελειότητος
846 3829 1181 3900 ἐπάγγελμα
1262 3826 1698 3899 ἐπανῃρημένοι.

156 3913 389 3974 Ἐκλαυσε
415 3924 511 3977 καὶ
546 3922 752 3978 Μωσέα
781 3921 873 3975 τὸν
910 3920 1192 3990 θεόπτηνό
1225 3919 1376 3983 λαὸς,
1411 3918 1548 3972 ἀλλὰ
1578 3934 1701 3970 τεσ-

155 4012 423 4081 σαράκοντα
467 4017 723 4090 ἡμέρας·
792 4017 888 4070 καὶ
961 4014 1166 4085 Ῥαχὴλ
1231 4015 1332 4086 τὴν
1389 4012 1702 4084 θαυμασίαν

162 4101 324 4158 Ἰακὼϐ
351 4111 378 4161 ό
403 4115 759 4182 πατριάρχης
803 4112 901 4164 σὺν
932 4110 1148 4171 τέκνοις
1174 4123 1188 4139 °
1236 4107 1373 4161 ἀλλὰ
1418 4105 1703 4177 βραχείαις

154 4195 390 4266 ήξιέραιςο
440 4205 540 4258 καὶ
570 4204 735 4257 αὑτὸν
774 4203 974 4275 Ἰωσὴφ
1004 4205 1033 4257 ὁ
1095 4201 1558 4272 πολυθρύλλητος,
1607 4197 1705 4252 καὶ

154 4289 314 4354 ἅλλους
342 4295 495 4350 ἄλλοι
535 4296 595 4349 ἐν
626 4313 685 4348 τε
731 4296 945 4366 Παλαιᾷ
974 4295 1070 4348 καὶ
1113 4294 1232 4365 Νέᾳ
1258 4293 1507 4364 Διαθήκῃ
1533 4311 1546 4326 ·
1584 4291 1701 4345 ἀλλ’

152 4379 458 4454 ὡρισμένως,
490 4389 589 4442 καὶ
609 4388 712 4441 οὐκ
732 4388 846 4441 ἀεί’
870 4386 1014 4441 οὕτω
1044 4387 1109 4456 δὴ
1145 4387 1239 4440 καὶ
1261 4386 1402 4456 αὑτὴ
1428 4386 1706 4455 ποιήσασα

153 4477 225 4524 καὶ
252 4480 493 4544 ποιοῦσα,
529 4480 814 4551 ἐπαινετὴ,
841 4479 996 4550 παρά
1022 4495 1084 4530 τε
1107 4476 1226 4548 Θεῷ
1244 4478 1340 4530 καὶ
1367 4477 1698 4549 ἀνθρώποις.

1868 2813 2029 2868 Nunc
2071 2812 2184 2884 jam
2227 2815 2403 2885 magis
2432 2814 2596 2870 laudo
2622 2814 2989 2870 reverentiam
3026 2824 3199 2872 tuam.
3247 2810 3396 2883 quod

1801 2905 2024 2961 beatam
2060 2917 2287 2963 matrem
2325 2909 2560 2963 dedendi
2592 2908 2756 2962 ﬁnem
2786 2907 2935 2975 fecit,
2973 2905 3196 2977 quando
3214 2921 3402 2976 egres-

1799 3011 1893 3051 sus
1916 2996 2268 3052 OEconomus
2301 3007 2353 3053 te
2379 2998 2817 3053 consolationem
2852 2999 2907 3053 in
2953 2998 3188 3054 Domino
3232 2999 3403 3054 admi-

1799 3089 1936 3144 sisse
1964 3090 2319 3145 renuntiavit.
2367 3089 2447 3144 Ex
2481 3107 2591 3162 quo
2617 3100 2672 3146 et
2702 3091 2953 3146 dolorem
2988 3106 3212 3162 quoque
3241 3091 3375 3146 remi

1801 3183 1872 3237 sit
1935 3183 2223 3238 humilitas
2268 3199 2411 3250 mea,
2458 3184 2526 3241 de
2581 3194 2633 3241 te
2683 3194 2948 3256 tanquam
2994 3185 3061 3239 de
3121 3201 3311 3240 sorore
3343 3185 3400 3239 in

1802 3274 2025 3329 Christo
2058 3276 2314 3331 sollicita.
2356 3275 2520 3332 Decet
2549 3292 2811 3346 namque,
2847 3277 3096 3342 domina,
3131 3286 3195 3332 ut
3222 3276 3388 3331 amici

1805 3367 1951 3423 inter
1978 3383 2038 3422 se
2078 3377 2130 3423 et
2155 3370 2444 3424 charitatis
2495 3369 2774 3439 specimen
2807 3369 3001 3424 dantes
3037 3369 3259 3440 lugeant
3297 3383 3394 3423 na-

1805 3469 1940 3515 tura:
1965 3461 2156 3526 ductu,
2197 3470 2251 3516 et
2281 3462 2349 3516 iis
2381 3478 2503 3533 qua:
2544 3477 2670 3532 spes
2697 3461 2856 3516 docet
2887 3461 3064 3516 innixi
3096 3462 3398 3517 secundum

1809 3555 1976 3609 Deum
2042 3555 2420 3622 consolentur,
2469 3564 2837 3624 neutramque
2873 3553 2927 3607 in
2979 3563 3192 3624 partem
3229 3554 3404 3607 hone-

1805 3655 1949 3701 stum
1975 3647 2231 3702 violetur.
2276 3645 2376 3699 Par
2428 3647 2573 3700 enim
2619 3655 2701 3700 est
2745 3654 2981 3715 stupori,
3031 3646 3124 3714 qui
3172 3646 3398 3700 modum

1807 3739 2023 3794 excedit
2057 3739 2266 3793 nimius
2295 3738 2478 3792 dolor.
2529 3736 2802 3792 Mensuris
2841 3753 3072 3807 agamur
3100 3747 3155 3791 et
3200 3738 3403 3807 regulis

1808 3832 2034 3898 divinis,
2066 3848 2169 3888 nos
2198 3831 2441 3885 maxime
2474 3829 2569 3900 qui
2605 3827 2963 3900 perfectionis
2996 3831 3400 3898 professionem

1806 3926 2097 3996 elegimus.
2135 3924 2356 3980 Planxit
2388 3931 2442 3978 et
2472 3922 2707 3994 Moysem
2739 3921 2834 3977 Dei
2857 3933 3275 3994 conspectorem
3300 3940 3403 3993 po-

1807 4019 1988 4088 pnlus,
2041 4018 2134 4072 sed
2207 4017 2399 4071 diebus
2459 4016 2829 4088 quadraginta
2868 4034 2882 4070 :
2921 4025 2977 4070 et
3018 4015 3402 4071 admirandam

1808 4113 2103 4168 Rachelem
2147 4127 2271 4166 cum
2318 4111 2449 4165 tiliis
2475 4110 2791 4180 patriarcha
2842 4107 3039 4175 Iacob,
3092 4112 3184 4163 sed
3213 4112 3406 4181 paucis

1806 4206 2000 4261 diebus
2039 4220 2055 4259 :
2095 4213 2149 4258 et
2178 4206 2323 4259 hunc
2348 4204 2530 4274 ipsum
2567 4203 2962 4258 celeberrimus
2990 4201 3216 4272 Joseph,
3242 4204 3410 4258 alios—

1807 4313 1915 4368 que
1971 4297 2062 4350 alii
2089 4305 2203 4350 tum
2259 4297 2313 4350 in
2346 4295 2560 4360 Vetere,
2596 4305 2710 4350 tum
2745 4295 2799 4349 in
2841 4296 2994 4350 Novo
3024 4295 3403 4353 Testamento.

1808 4391 1902 4446 sed
1931 4401 2083 4446 certo
2108 4401 2376 4460 tempore,
2408 4406 2515 4445 non
2549 4403 2786 4458 semper.
2815 4387 2972 4454 Quod
2997 4399 3052 4443 et
3075 4400 3128 4443 tu
3153 4389 3410 4444 similiter

1809 4498 1934 4537 cum
1981 4482 2160 4552 egeris
2193 4497 2458 4552 agasque,
2515 4480 2816 4536 laudabilis
2843 4497 2903 4536 es
2948 4482 3094 4551 apud
3146 4481 3319 4535 Deum
3356 4497 3409 4535 et

152 4559 346 4632 Βλέποις
368 4571 457 4624 ἀεὶ
495 4573 642 4625 κατὰ
683 4571 809 4624 νοῦν
846 4570 947 4641 τὴν
983 4568 1355 4641 ποθουμένην,
1414 4569 1509 4620 καὶ⁵
1553 4567 1698 4638 μάλα

1806 4572 1948 4643 apud
1997 4572 2273 4626 homines.
2307 4575 2532 4627 Intuere
2565 4586 2783 4641 semper
2832 4572 3024 4627 animo
3054 4588 3221 4642 quam
3255 4574 3408 4627 desi-

154 4662 507 4726 συμϐουλεύωο
547 4665 608 4729 ἐξ
633 4659 694 4719 οῦ
729 4664 1136 4726 εύκατάνυκτος
1173 4661 1294 4736 ἔσῃ,
1339 4663 1696 4732 μισόκοσμος,

151 4748 381 4846 φξλόοεος,
433 4758 868 4828 ἐμπαρὰσκευος
922 4755 1064 4827 πρὸς
1115 4754 1216 4826 τὴν
1264 4754 1436 4825 αὐτὴν
1485 4754 1696 4818 ἐξοδονο

151 4849 195 4892 οὺ
221 4845 264 4896 τί
287 4847 350 4900 ἂν
373 4850 594 4918 γένοιτο
638 4848 1190 4920 σωτηριωδέ-στερον;

203 5017 268 5070 Τὸ
293 5024 586 5079 πιστευθὲν
613 5041 698 5076 σοι
745 5023 996 5093 ποίμνιον
1040 5021 1132 5078 τοῦ
1190 5022 1327 5076 Θεοῦ
1388 5022 1704 5093 ποιμαίνοις

149 5107 282 5177 ὁσίως
308 5116 378 5180 ὥς
408 5120 602 5189 μήτηρ
626 5119 1001 5188 πνευματικὴ,
1034 5117 1151 5170 ἀλλ’
1175 5117 1276 5171 οὐκ
1308 5118 1556 5190 ἄρχουσα
1606 5118 1704 5172 ἁν-

152 5201 430 5277 θρωπίνως,
455 5213 537 5276 ὡς
564 5210 812 5265 τυποῦσα
845 5211 912 5264 δι’
942 5211 1142 5280 ἐαυτῆς
1180 5213 1238 5263 ἐν
1267 5215 1381 5275 τοῖς
1423 5211 1547 5264 κατ’
1619 5213 1706 5265 ἐν-

148 5299 300 5371 τολὴν,
327 5307 443 5360 ἀλλ’
479 5308 584 5361 οὐκ
615 5305 923 5362 ἀπαιτοῦσα
970 5305 1040 5360 τὰ
1110 5305 1251 5375 ὑπὲρ
1307 5305 1574 5376 δύναμιν’
1632 5307 1708 5370 ὡς

149 5391 313 5467 ἐπίσης
342 5401 402 5452 ἐν
427 5401 635 5462 πάσαις
667 5403 737 5471 τῇ
767 5401 960 5472 ἀγάπῃ
1014 5397 1520 5468 καταμεριζομένη,
1589 5399 1706 5453 ἀλλ’

148 5479 192 5533 νὺ
245 5490 647 5561 προστιθεμένη
683 5489 820 5560 ἄλλῃ
850 5488 1028 5553 ἄλλως
1079 5489 1147 5543 δι’
1196 5490 1430 5560 αἵματος
1481 5490 1702 5561 τρόπον.

156 5571 294 5648 Ὁρᾷς
314 5581 466 5645 ὅπως
487 5581 961 5653 νενομοθετήμεθα
985 5580 1122 5652 πρὸς
1137 5581 1233 5652 τῆς
1255 5581 1515 5653 ἀληθείας
1537 5599 1550 5647 ;
1584 5582 1704 5633 ’Λλ-

1806 4665 1968 4719 deras
2006 4683 2018 4718 :
2046 4679 2378 4735 magnOpere
2402 4663 2452 4717 id
2484 4664 2722 4732 suadeo;
2750 4680 2815 4718 ex
2844 4679 2955 4734 quo
2982 4674 3035 4720 et
3061 4664 3225 4720 facile
3249 4679 3404 4718 com-

1808 4759 2092 4828 pungeris,
2121 4768 2175 4812 et
2225 4759 2413 4812 odium
2448 4757 2696 4828 concipis
2729 4758 2946 4826 mundi,
2981 4773 3226 4814 amorem
3284 4756 3403 4824 Dei,

1812 4863 1974 4922 teque
2001 4851 2068 4906 ad
2103 4863 2336 4906 mortem
2364 4852 2539 4922 ipsam
2575 4852 2925 4920 comparabis
2952 4869 2968 4905 :
2999 4866 3111 4922 quo
3133 4851 3263 4921 quid
3282 4865 3408 4907 esse

1812 4953 1992 5015 potest
2021 4942 2085 4996 ad
2118 4943 2350 4997 salutem
2375 4943 2875 4998 accommodatius?

1876 5037 2242 5091 Commissum
2275 5036 2368 5090 tibi
2407 5035 2500 5089 Dei
2537 5051 2753 5106 gregem
2814 5045 3006 5093 sancte
3049 5036 3313 5107 guberna,
3346 5044 3408 5092 ut

1805 5128 2106 5199 spiritualis
2141 5138 2332 5190 mater,
2367 5143 2474 5182 non
2504 5136 2563 5182 ut
2593 5129 2837 5183 humano
2869 5144 3024 5184 more
3053 5130 3354 5201 praesidens
3382 5149 3398 5185 :

1806 5231 1868 5276 ut
1899 5237 1993 5290 per
2016 5221 2244 5286 teipsam
2286 5221 2424 5275 dans
2459 5222 2766 5292 exemplum
2800 5222 2854 5276 in
2898 5222 2966 5278 iis
2997 5239 3119 5293 quze
3166 5239 3406 5294 praecep-

1808 5324 1860 5367 ta
1895 5322 2042 5378 sunt,
2080 5327 2189 5366 non
2216 5329 2339 5382 qua:
2363 5329 2528 5384 supra
2554 5313 2697 5368 vires
2727 5314 2949 5384 exigens
2976 5332 2990 5381 ;
3025 5325 3281 5385 tanquam
3333 5331 3398 5370 ex

1813 5421 1973 5474 aequo
2019 5404 2342 5459 charitatem
2409 5405 2666 5460 onmihus
2697 5406 3035 5476 impertiens,
3068 5425 3174 5462 non
3238 5407 3402 5462 aliam

1817 5495 1908 5549 alii
1972 5509 2069 5563 per
2154 5494 2406 5550 allectum
2475 5495 2758 5565 sanguinis
2823 5504 3183 5565 anteponens.
3239 5495 3405 5551 V'ides

1819 5602 1940 5657 quae
1969 5587 2112 5658 leges
2139 5587 2407 5657 impositm
2441 5587 2599 5643 nobis
2629 5588 2738 5642 sint
2781 5603 2810 5641 a
2835 5588 3061 5643 veritate
3090 5589 3113 5642 ἲ
3146 5588 3247 5644 Sed
3271 5586 3404 5659 quid

232 5714 270 5744 "
297 5715 471 5773 lCor.
509 5734 607 5784 vn,
631 5718 720 5773 29.
799 5718 847 5751 ⁸⁸
873 5717 916 5774 ll
946 5717 1075 5776 Cor.
1109 5735 1184 5789 vr,
1217 5719 1272 5778 2.
1349 5721 1394 5752 "
1437 5719 1570 5776 Luc.
1608 5736 1728 5785 xui,
1766 5720 1816 5775 7.

1660 5878 1886 5936 ΝΟΤιΕ.

206 5987 304 6053 Hi)
331 5992 390 6048 ln
426 5996 556 6050 cod.
589 5995 723 6063 Reg.
772 5996 914 6066 ρκη’.
