3934 6492
507 434 638 499 1391

1701 441 1760 498 S.
1802 437 2197 529 THEODORI
2239 437 2587 498 STUDITAs‘.

3662 443 3784 506 1392

502 556 580 606 ait
625 567 858 622 magnus
898 551 1149 608 Petrus?
1200 551 1269 607 Et
1309 571 1426 607 cum
1488 558 1796 624 apparuerit
1862 557 2103 625 princeps

2209 555 2274 608 λὰ
2300 555 2353 607 τί
2380 572 2549 626 φησιν
2577 556 2606 607 ὁ
2638 555 2815 623 μέγας
2869 553 3114 623 Πέτρος;
3170 556 3279 608 Kai
3345 559 3784 628 φανερωθέντος

500 656 779 716 pastorum
812 685 826 709 ,
870 648 1166 716 percipietis
1209 648 1703 704 inmmrcescibilem
1768 650 1955 720 gloriae
2012 665 2101 702 co-

502 756 693 794 ronam
739 739 805 792 ³⁸.
893 739 1113 805 Quanta
1138 740 1234 795 tibi
1281 740 1402 795 laus
1433 743 1538 797 erit
1592 757 1778 797 coram
1826 741 2098 807 Domino,

494 833 813 888 exclamare
841 850 855 886 :
880 831 1013 886 Ecce
1048 849 1141 904 ego
1180 842 1230 887 et
1255 834 1446 903 puella:
1475 850 1607 905 quas
1657 834 1852 888 dedisti
1882 834 2012 887 mihi
2029 834 2098 887 ”.

501 922 712 977 Addam
767 929 823 977 et
876 921 1011 976 illud
1068 921 1246 978 :Non
1317 940 1433 976 sum
1510 924 1834 994 defatigatus
1898 933 1946 977 te
2021 940 2103 977 se-

502 1031 667 1085 quens
704 1031 723 1069 :
749 1024 799 1069 et
834 1015 977 1069 diem
1003 1015 1234 1070 hominis
1275 1033 1380 1071 non
1417 1016 1713 1071 desideravi
1742 1057 1757 1083 ,
1785 1016 2004 1071 Domine
2033 1016 2099 1071 ‘°.

502 1107 718 1164 Etenim
766 1107 849 1164 sic
912 1123 975 1164 se
1038 1123 1128 1163 res
1184 1108 1371 1174 habet,
1431 1110 1626 1163 Omnia
1686 1107 1800 1164 Deo
1860 1107 2103 1171 dedisti,

502 1200 692 1255 omnia
726 1200 1062 1255 existimasti
1113 1210 1174 1255 ut
1200 1208 1470 1266 stercora,
1513 1208 1575 1255 ut
1612 1200 1891 1256 Christum
1936 1199 2105 1254 lucri-

503 1290 681 1347 facias
713 1290 761 1322 ’ί
814 1329 830 1346 .
868 1290 1073 1357 Quare,
1126 1290 1174 1347 si
1207 1306 1330 1361 qum
1385 1300 1517 1347 sunt
1564 1293 1733 1347 etiam
1797 1292 2105 1348 tribulatio-

502 1397 624 1449 nes,
664 1381 868 1453 quibus
902 1381 1294 1438 conﬂictantur
1318 1382 1410 1453 qui
1437 1384 1742 1438 secundum
1793 1383 1965 1439 Deum
2020 1384 2105 1439 vi-

506 1485 617 1532 tam
674 1484 884 1547 agunt;
939 1474 1043 1543 fer,
1104 1478 1350 1532 domina.
1413 1476 1604 1532 Multa
1627 1478 1768 1533 enim
1801 1478 2106 1533 tribulatio-

505 1568 883 1638 nesjustarum
921 1569 991 1635 θ’,
1045 1579 1103 1623 ut
1132 1577 1361 1626 testatur
1393 1582 1618 1627 sanctus
1646 1570 1842 1636 David,
1873 1588 1996 1644 quae
2053 1582 2108 1628 et

507 1664 567 1719 in
599 1672 781 1719 mente
814 1663 956 1718 etin
1020 1661 1286 1719 sensibus
1341 1662 1412 1719 ab
1468 1664 1693 1719 inimico
1754 1666 2102 1733 excitantur;

506 1756 665 1825 cujus
725 1764 784 1811 tu
853 1754 1088 1826 cogitata
1190 1757 1446 1826 ignorare
1529 1757 1681 1822 noli,
1740 1759 1901 1829 cujus
1982 1776 2107 1816 ver-

504 1850 680 1906 sutias
737 1849 847 1903 tuis
885 1849 1145 1920 precibus
1208 1857 1414 1915 averte,
1476 1848 1601 1903 Non
1630 1860 1706 1905 est
1746 1852 1896 1905 nobis
1936 1852 2105 1906 collu-

503 1942 694 2006 ctatio,
730 1948 790 1995 ut
838 1942 916 1996 ait
946 1941 1269 2011 Apostolus,
1322 1942 1573 1998 adversus
1630 1960 1843 1997 carnem
1889 1953 1940 1999 et
1974 1961 2101 1999 san-

503 2033 736 2101 guinem,
777 2032 868 2086 sed
891 2032 1145 2087 adversus
1172 2033 1508 2103 principatus
1542 2045 1592 2090 et
1626 2044 1910 2104 potestates
1941 2052 2099 2091 mun-

502 2124 559 2177 di
586 2123 744 2193 hujus
770 2123 860 2179 “:
914 2138 1149 2195 quarum
1212 2126 1443 2196 laqueos
1490 2126 1747 2194 evadere,
1799 2128 1980 2198 magni
2016 2139 2101 2184 est

504 2229 696 2269 revera
721 2216 1059 2272 certaminis.
1090 2217 1347 2272 Animam
1379 2216 1582 2275 habeas
1615 2217 1668 2273 in
1699 2233 1805 2289 qua
1837 2228 2100 2276 retractes

502 2324 627 2378 quae
660 2309 1004 2378 contingunt.
1072 2308 1212 2366 Hinc
1250 2311 1398 2365 enim
1429 2309 1647 2366 frenum
1680 2321 1766 2366 est
1837 2310 2047 2382 peccati
2080 2351 2095 2375 ,

503 2410 558 2455 et
609 2401 876 2456 auxilium
912 2402 1180 2456 divinum.
1224 2401 1507 2474 Tanquam
1552 2419 1827 2474 germanae
1881 2419 2100 2460 sorores

506 2490 608 2545 tibi
637 2491 750 2546 sint
811 2492 1013 2562 quibus
1044 2507 1265 2562 praees:
1319 2502 1533 2562 oportet
1577 2494 1724 2547 enim
1770 2502 1827 2546 ut
1872 2492 2101 2561 singula:

504 2598 637 2639 suos
661 2583 757 2639 tibi
791 2584 1021 2641 affectus
1053 2595 1433 2655 exponant,et
1481 2602 1647 2657 quam
1684 2586 1750 2640 ad
1793 2601 1909 2641 rem
1958 2602 2098 2640 una-

503 2692 737 2749 quaeque
766 2678 836 2732 sit
865 2679 1196 2747 proclivior:
1240 2689 1296 2734 tu
1329 2693 1460 2734 vero
1512 2678 1634 2732 illas
1690 2679 1922 2748 benigne
1956 2679 2101 2733 exci-

504 2773 645 2841 pias,
673 2780 728 2825 et
759 2770 903 2826 hanc
955 2771 1178 2841 quidem
1205 2772 1530 2836 consoleris,
1568 2770 1698 2826 huic
1758 2771 1975 2826 animos
2004 2771 2101 2826 ad-

505 2866 652 2927 das,
692 2864 843 2918 illam
901 2866 1217 2932 conﬁrmes,
1284 2872 1340 2919 et
1374 2868 1518 2936 quod
1588 2864 1816 2936 singulis
1877 2864 2097 2919 demum

508 2955 641 3009 utile
667 2963 752 3010 est
775 2954 1050 3011 conferas.
1091 2953 1204 3011 Nec
1244 2969 1376 3010 vero
1427 2955 1644 3009 taedium
1688 2955 1790 3009 hac
1830 2955 1886 3010 in
1941 2970 1999 3011 re
2050 2967 2101 3013 te

508 3046 709 3114 capiat.
743 3045 888 3101 Deus
946 3046 1168 3117 adjutor
1201 3046 1471 3103 Dominus
1509 3046 1874 3102 corroborans
1903 3065 1918 3115 ;
1960 3048 2101 3103 inci-

508 3140 726 3209 piamus
757 3155 858 3195 nos
885 3149 1140 3207 tantum;
1199 3152 1252 3196 et
1293 3141 1412 3210 ipse
1468 3142 1617 3193 docet
1678 3141 1958 3194 scientiam
1987 3140 2033 3172 “
2082 3179 2097 3194 .

510 3230 766 3285 Ᾱέηιαίοτ
800 3248 912 3297 vos,
970 3233 1151 3303 inquit
1213 3233 1526 3303 Apostolus,
1568 3234 1906 3288 cemulatione
1956 3234 2101 3288 Dei:

510 3325 765 3391 despondi
814 3342 902 3379 vos
960 3326 1053 3378 uni
1099 3325 1235 3389 viro,
1290 3325 1544 3395 uirginem
1610 3340 1815 3378 castam
1866 3326 2104 3380 exhibere

512 3416 724 3471 Christo
748 3416 793 3448 °'
825 3455 839 3470 .
863 3417 957 3471 Sic
996 3431 1086 3471 res
1118 3425 1337 3472 nostras
1365 3432 1423 3470 se
1446 3415 1647 3470 habere
1686 3417 1885 3485 cogita,
1920 3433 2102 3486 quan-

512 3518 625 3561 tum
670 3506 839 3576 hujus
866 3507 1284 3562 assimilationis
1316 3521 1610 3577 possumus
1680 3508 1896 3577 assequi
1930 3525 1943 3574 ;
1979 3508 2106 3562 licet

511 3598 715 3669 alioqui
746 3610 1062 3669 peccatores
1094 3599 1290 3653 simus.
1331 3599 1397 3652 Et
1432 3598 1576 3653 Deus
1624 3601 1796 3669 pacis,
1860 3601 1953 3670 qui
2012 3615 2106 3655 co-

514 3694 827 3765 gnominem
890 3691 1042 3761 pacis
1103 3691 1316 3746 lrenem
1370 3702 1600 3745 matrem
1654 3702 1798 3746 tuam
1826 3693 1893 3746 ad
1933 3707 1993 3747 se
2050 3692 2105 3747 in

513 3801 646 3856 pace
668 3796 722 3841 et
744 3787 1040 3841 sanctitate
1071 3785 1398 3854 assumpsit,
1430 3802 1527 3855 per
1564 3786 1709 3839 illius
1754 3786 1985 3856 vestigia
2018 3786 2102 3840 vi-

515 3890 623 3932 tam
640 3885 694 3933 et
724 3877 1198 3933 conversationem
1233 3885 1381 3931 tuam
1435 3877 1672 3945 dirigere
1706 3877 1979 3947 dignetur,
2006 3892 2103 3947 pa-

513 3986 676 4027 scens
696 3980 1036 4041 pascentem,
1080 3969 1383 4040 ducemque
1438 3968 1740 4035 deducens,
1783 3971 1838 4025 in
1876 3972 2099 4027 Christo

909 4082 1172 4139 CXIX.—
1195 4081 1395 4137 Jacobo
1437 4084 1713 4138 monacho.

2203 644 2309 699 τοῦ
2348 644 2797 713 ἀρχιποίμενος,
2848 644 3204 712 κομίσοισθε
3246 642 3357 698 τὸν
3387 646 3786 716 ἀμαράντινον

2203 735 2309 806 τῆς
2346 736 2535 804 δόξης
2564 737 2894 806 στέφανον.
2936 735 3156 789 Ἠλίκον
3191 753 3274 789 σοι
3305 735 3501 809 βοῆσαι
3561 741 3785 800 ἐνώπιον

2206 831 2416 900 Κυρίου
2438 846 2452 860 °
2491 828 2649 884 Ἰδοὺ
2676 828 2792 899 ἐγὼ
2830 826 2930 882 καί
2962 828 3035 882 τὰ
3063 828 3272 882 παιδία
3305 830 3345 885 ἅ
3370 848 3473 901 μοι
3507 831 3785 901 δέδωκας.

2206 923 2513 994 Προσθεὶην
2547 922 2590 974 δ’
2614 921 2682 976 ἂν
2711 921 2935 975 κάκεῖνο
2961 936 2976 949 ·
3020 921 3163 992 Ἐγὼ
3198 924 3312 977 οὐκ
3356 924 3663 981 ἐκοπίασα
3688 946 3787 983 κα-

2203 1013 2593 1069 τακολουθῶν
2616 1029 2737 1077 σοι,
2775 1013 2874 1066 καί
2904 1010 3134 1081 ἡμέραν
3176 1013 3494 1082 ἀνθρώπου
3523 1020 3639 1072 οὐκ
3692 1019 3788 1073 ἐπ-

2206 1108 2502 1178 εθύμησα,
2534 1108 2727 1175 Κύριε.
2758 1106 2869 1159 Καὶ
2894 1106 3005 1175 γὰρ
3042 1106 3217 1171 οὕτως
3272 1106 3407 1178 ἔχει.
3440 1110 3631 1166 Πάντα
3677 1112 3789 1185 Θεῴ

2204 1201 2469 1264 δέδωκας,
2502 1200 2681 1253 πάντα
2707 1200 2899 1270 ἡγήσω
2926 1197 3195 1263 σκύϐαλα,
3252 1199 3337 1254 ἵνα
3366 1202 3607 1272 Χριστὸν
3665 1222 3790 1277 κερ-

2206 1293 2396 1365 δήσῃς.
2431 1292 2598 1346 Ὥστε
2626 1294 2675 1345 εἰ
2701 1292 2798 1346 καὶ
2821 1291 3053 1362 θλίψεις,
3098 1288 3187 1357 αἷς
3220 1292 3460 1359 συζῶσιν
3521 1297 3573 1349 οἱ
3638 1300 3793 1365 θείως

2205 1384 2579 1449 διαϐιοῦντες,
2609 1384 2801 1456 φέροις
2822 1426 2838 1450 ,
2870 1386 3315 1457 κυρία.Πολλαί
3338 1388 3449 1458 γὰρ
3469 1391 3530 1442 al
3557 1392 3793 1459 θλίψεις

2206 1473 2328 1528 τῶν
2356 1473 2607 1528 δικαίων
2629 1514 2645 1539 ,
2686 1474 2763 1536 ὡς
2794 1474 2892 1546 βοᾷ
2917 1477 2946 1528 6
2981 1476 3135 1543 ἅγιος
3168 1475 3355 1543 Δαυῖδ,
3386 1479 3595 1547 νοητῶς
3620 1496 3683 1533 τε
3708 1483 3798 1535 καὶ

2207 1568 2488 1639 αἰσθητῶς
2523 1570 2899 1638 ἀναπτάμεναι
2926 1569 3077 1640 παρὰ
3103 1569 3199 1623 τοῦ
3233 1569 3450 1642 ἐχθροῦ.
3481 1566 3557 1625 OB
3579 1574 3654 1625 τά
3684 1576 3799 1645 νοή.

2210 1681 2359 1734 ματα
2397 1665 2472 1735 μὴ
2498 1663 2687 1731 ἀγνόει
2716 1681 2731 1696 ο
2774 1658 2836 1719 οὗ
2857 1664 2957 1727 τὰς
2989 1665 3272 1735 μεθοδείας
3303 1668 3426 1730 ταῖς
3462 1673 3798 1739 προσευχαῖς

2207 1756 2436 1826 τροποῦ.
2469 1758 2591 1811 Οὐκ
2622 1756 2795 1811 ἐστιν
2829 1756 2978 1825 ἡμῖν
3002 1757 3041 1823 ἡ
3074 1759 3238 1826 πάλη
3295 1760 3447 1828 πρὸς
3493 1755 3641 1828 αἷμα
3699 1762 3799 1815 καί

2210 1846 2431 1916 σάρκα,
2466 1847 2543 1908 ὥς
2569 1850 2795 1919 φησινδ
2859 1850 3208 1915 ’Λπόστολος,
3270 1855 3436 1905 ἀλλὰ
3485 1851 3639 1920 πρὸς
3688 1855 3799 1921 τὰς

2206 1939 2396 2008 ἀρχὰς
2426 1938 2525 1994 καί
2550 1939 2840 2007 ἐξουσίας
2868 1941 2977 1995 τοῦ
3006 1940 3151 2009 τῇδε
3191 1943 3428 2011 κόσμου
3452 1959 3466 1973 ·
3501 1937 3576 1997 ὦν
3599 1943 3801 2013 διαφυ-

2207 2033 2327 2101 γεῖν
2353 2032 2452 2095 τὰς
2480 2032 2736 2100 παγίδας,
2756 2034 3119 2103 ἀγωνιστικὸν
3148 2033 3227 2105 τῷ
3252 2034 3387 2089 ὄντι.
3409 2036 3594 2105 Ἔχοις
3618 2036 3803 2109 ψυχὴν

2206 2125 2266 2176 ὲν
2358 2123 2611 2196 ἀναθήσῃ
2646 2125 2716 2178 τὰ
2743 2124 3135 2196 συμϐαίνοντα.
3177 2126 3459 2180 Ἐντεῦθεν
3494 2130 3605 2198 γὰρ
3648 2130 3804 2199 χαλι-

2207 2213 2296 2278 νὸς
2330 2215 2611 2285 ἁμαρτίας
2642 2217 2738 2269 καὶ
2792 2214 3018 2287 βοήθεια
3071 2216 3212 2271 θεία.
3276 2210 3403 2270 Οἷον
3458 2218 3514 2270 αἱ
3564 2219 3804 2288 ἀδελφαὶ

2205 2306 2306 2378 τὴν
2336 2308 2436 2379 σὴν
2466 2307 2688 2378 ἔχουσαι
2724 2309 3066 2378 προστασίαν
3088 2325 3100 2338 ·
3131 2310 3216 2363 δεῖ
3243 2309 3355 2381 γὰρ
3394 2310 3566 2375 αὐτὰς
3610 2313 3808 2366 ἀνατί-

2208 2399 2399 2453 θεσθαί
2440 2417 2522 2453 σοι
2556 2400 2655 2464 τὰς
2686 2400 2901 2458 ἑαυτῶν
2933 2400 3134 2472 ὁρμὰς,
3170 2403 3267 2455 καὶ
3311 2403 3451 2473 πρὸς
3483 2402 3537 2456 τί
3588 2404 3803 2476 ἑκάστη

2207 2492 2676 2563 ἐπίρῤεπέστερον
2714 2492 2852 2563 ἔχει,
2886 2495 2981 2547 καὶ
3030 2494 3204 2566 αὐτὴν
3237 2494 3603 2566 ὑποδέχεσθαι
3625 2511 3641 2526 ’
3703 2500 3806 2551 καὶ

2207 2587 2305 2658 τὴν
2343 2588 2444 2657 μὲν
2475 2589 2835 2660 παρακαλεῖν,
2868 2590 2967 2660 τὴν
2996 2590 3052 2643 δὲ
3115 2592 3543 2662 προθυμεῖσθαι,
3593 2594 3696 2665 τὴν
3742 2597 3804 2650 δὲ

2210 2679 2633 2749 ἀσφαλίζεσθαι,
2703 2684 2797 2734 καὶ
2855 2681 3043 2745 ἁπλῶς
3078 2683 3141 2735 τὸ
3186 2683 3498 2755 πρόσφορον
3551 2685 3809 2750 ἁπάσαις

2208 2771 2569 2843 προσφέρειν.
2607 2772 2718 2825 Καὶ
2770 2773 2937 2843 μήτοι
2981 2773 3286 2845 ἀκηδιάσῃς
3343 2777 3401 2829 ὲν
3450 2775 3611 2846 τῷδε.
3664 2779 3807 2844 Θεὸς

2211 2865 2605 2935 συνασπιστὴς,
2633 2864 2840 2937 Κύριος
2872 2867 3178 2938 ὑπερείδων
3212 2886 3226 2899 ’
3253 2870 3415 2939 ἡμεῖς
3475 2871 3641 2939 μόνον
3694 2874 3809 2943 ἀρ-

2210 2955 2431 3025 ξώμεθα
2460 2974 2475 2989 ο
2500 2959 2595 3012 καὶ
2636 2960 2800 3023 αὐτὸς
2831 2960 3102 3014 διδάσκει
3136 2961 3382 3030 γνῶσιν.
3413 2963 3589 3030 Ζηλῶ
3611 2963 3803 3033 ὑμᾶς,

2210 3051 2376 3120 φησὶν
2406 3052 2433 3103 6
2472 3052 2823 3119 Ἀπόστολος,
2838 3050 2994 3121 ζήλῳ
3018 3053 3167 3107 Θεοῦ
3203 3070 3216 3083 ·
3240 3054 3611 3126 ἡρμοσάμην
3631 3055 3807 3126 ὑμᾶς

2210 3141 2303 3194 ἐνὶ
2334 3142 2529 3208 ἀνδρὶ,
2558 3143 2863 3211 παρθένον
2894 3143 3091 3212 ἁγνὴν
3132 3146 3525 3214 παραστῆσαι
3552 3147 3637 3214 τῷ
3662 3152 3807 3219 Χρι-

2209 3229 2352 3295 στῷ.
2389 3231 2576 3295 Οὕτως
2607 3232 2963 3302 ὑπολάμϐανε
2989 3235 3057 3286 τὰ
3089 3235 3212 3288 καθ’
3245 3238 3415 3305 ἡμᾶς,
3469 3238 3594 3292 ὅσον
3654 3244 3809 3295 κατά

2207 3322 2436 3392 ἔσχατον
2463 3324 2736 3394 ἀπήχημα
2763 3324 3159 3395 ἁφομοιώσεως
3179 3344 3192 3357 ·
3222 3327 3325 3382 κᾶν
3368 3328 3545 3393 ἄλλως
3607 3332 3808 3403 ἁμαρ-

2204 3415 2369 3468 τω)ιοί
2398 3418 2581 3487 ἡμεῖς.
2608 3418 2717 3470 Καὶ
2742 3419 2769 3470 6
2793 3417 2927 3482 Θεὸς
2955 3420 3054 3489 τῆς
3076 3420 3321 3492 εἰρήνης,
3352 3421 3382 3474 6
3420 3423 3514 3475 καί
3544 3424 3645 3494 τὴν
3673 3443 3809 3479 συν-

2206 3504 2423 3575 ώνυμον
2460 3507 2688 3579 εἰρήνην
2722 3508 3022 3580 κληθεῖσάν
3058 3527 3153 3563 σου
3222 3512 3435 3582 μητέρα
3486 3515 3545 3567 ὲν
3596 3518 3805 3588 εἰρήνῃ

2208 3600 2304 3651 καὶ
2331 3599 2575 3669 ὁσιότητι
2600 3600 2738 3673 πρὸς
2762 3602 2954 3654 ἑαυτὸν
2971 3602 3433 3674 προσλαϐόμενος,
3464 3608 3559 3660 καὶ
3588 3612 3651 3659 σὲ
3674 3610 3807 3662 κατ’

2210 3690 2354 3760 ἴχνος
2380 3692 2594 3764 ἐκείνης
2624 3693 3002 3748 πολιτεύεσθαι
3032 3695 3311 3762 ἀξιώσειε,
3346 3699 3656 3768 ποιμαίνων
3684 3719 3812 3753 ποι-

2211 3782 2537 3851 μαίνουσαν,
2564 3785 2660 3837 καὶ
2691 3784 2904 3854 ὁδηγῶν
2930 3784 3255 3857 ὁδηγοῦσαν,
3282 3787 3341 3842 ὲν
3377 3788 3530 3860 αὐτῷ
3568 3790 3812 3864 Χριστῷ

2206 3873 2284 3943 τῷ
2343 3875 2463 3946 Θεῷ
2523 3875 2704 3947 ἡμῶν,
2766 3869 2864 3947 ὧή
2894 3877 3021 3944 δόξα
3048 3880 3130 3942 εἰς
3156 3880 3288 3944 τοὺς
3320 3881 3549 3944 αἰῶνας.
3593 3882 3809 3955 Ἀμήν.

2206 3964 2317 4022 Deo
2340 3977 2549 4030 nostro,
2595 3970 2685 4024 cui
2715 3969 2884 4040 gloria
2926 3971 2981 4025 in
3023 3972 3243 4028 sacula.
3278 3973 3471 4029 Amen.

2388 4080 2515 4134 ΡιΘ¹
2546 4082 2679 4153 (15).
2724 4084 2978 4151 Ἰακώϐῳ
3004 4085 3340 4155 μονάζοντι.
3364 4087 3547 4163 [χνδκί

698 4202 823 4253 Cum
843 4212 906 4250 eo
937 4200 1046 4263 qui,
1068 4204 1181 4261 post
1200 4196 1411 4259 lapsum,
1437 4196 1657 4247 retineat
1693 4195 2053 4259 episcopatum,
2085 4195 2546 4246 communicandum
2568 4210 2666 4246 non
2696 4209 2828 4258 esse,
2850 4196 3048 4248 etiamsi
3070 4212 3296 4249 errorem
3316 4200 3642 4251 damnaverit.

586 4310 826 4365 Tardius
854 4307 1017 4361 etiam
1051 4304 1119 4360 ad
1178 4305 1588 4360 rescribendum
1629 4306 1724 4360 tibi
1751 4305 2110 4360 nusaccinxi-

516 4421 665 4470 mus,
702 4404 870 4457 frater
907 4398 1246 4462 honorande,
1277 4410 1501 4468 propter
1562 4400 1822 4469 temporis
1871 4398 2110 4455 diliicul-

518 4509 686 4554 tatem
736 4514 749 4550 :
806 4504 1048 4550 attamen
1096 4494 1209 4563 pari
1269 4493 1555 4548 charitatis
1626 4508 1885 4547 mensura
1938 4492 2112 4546 vicem

518 4590 617 4646 tibi
640 4589 943 4651 reddimus,
970 4587 1198 4641 moleste
1226 4585 1446 4655 quidem
1469 4585 1707 4640 ferentes
1720 4590 1968 4640 eiicomia
1992 4600 2114 4654 quae

520 4690 573 4741 iu
615 4700 718 4740 nos
760 4682 1103 4752 exc0gitasti,
1134 4682 1227 4750 qui
1264 4680 1424 4734 laude
1459 4679 1684 4748 dignum
1752 4679 1890 4732 nihil
1939 4678 2107 4733 hahe-

520 4790 683 4840 mus;
716 4771 948 4827 recreati
983 4779 1164 4825 autem
1209 4769 1419 4823 ardenti
1487 4769 1603 4823 zelo
1654 4781 1925 4823 accuratae
1969 4784 2105 4822 con-

519 4867 844 4923 versationis
884 4874 1011 4929 tuze,
1063 4879 1171 4935 qua
1212 4877 1371 4917 caves
1404 4876 1470 4914 ne
1505 4876 1615 4931 quo
1662 4861 1827 4915 modo
1881 4860 2109 4930 tepidio-

521 4972 641 5011 rum
713 4952 1055 5024 negligentia:
1089 4950 1427 5021 adjungaris,
1459 4949 1525 5003 de
1554 4965 1662 5019 qua
1698 4949 1793 5003 tibi
1816 4950 1998 5004 omnis
2024 4958 2109 5003 est

522 5062 727 5104 sermo.
767 5048 880 5117 Ego
910 5060 1040 5099 vero
1077 5085 1090 5110 ,
1146 5044 1493 5106 charissime,
1557 5059 1663 5097 non
1712 5052 1847 5113 puto
1902 5042 2049 5097 illum
2093 5083 2109 5108 ,

523 5156 686 5210 quem
720 5140 998 5202 iudicasti,
1035 5137 1115 5191 sic
1145 5136 1295 5204 loqui
1340 5145 1437 5190 aut
1464 5150 1647 5204 agere.
1691 5136 1812 5201 Quo
1847 5136 1989 5189 enim
2013 5151 2111 5205 pa-

523 5244 611 5286 cto
642 5232 734 5301 qui
769 5232 835 5285 ad
866 5230 1188 5285 hierarchize
1218 5228 1448 5298 gradum
1484 5237 1773 5298 provectus
1806 5240 1908 5293 est,
1944 5228 2007 5281 ad
2028 5229 2112 5281 in-

526 5326 651 5378 tima
685 5324 1025 5393 deprimatur
1053 5323 1075 5375 ?
1121 5320 1397 5391 quomodo
1424 5322 1514 5389 qui
1546 5319 1913 5374 confessionis
1936 5329 2113 5373 certa-

527 5432 650 5469 men
699 5416 986 5479 sustinuit,
1040 5428 1165 5467 cum
1219 5411 1494 5466 illaudatis
1546 5409 1900 5481 profanisque
1967 5413 2113 5466 abri-

528 5507 707 5576 piatur
740 5507 763 5559 ?
796 5508 890 5560 Ais
944 5508 1089 5560 enim
1114 5503 1386 5561 allii-mare
1419 5503 1597 5566 illum,
1626 5502 1772 5571 quod
1832 5503 1884 5556 in
1924 5504 2112 5558 cathe-

600 5621 693 5675 l"l
736 5623 879 5675 Pclr.
916 5640 945 5674 v
981 5664 993 5683 ,
1035 5622 1100 5674 4.
1212 5622 1255 5650 ⁵⁵³
1309 5621 1412 5674 lsa.
1473 5636 1589 5681 γιιι,
1632 5620 1711 5674 l8.

528 5694 574 5726 ”
631 5692 826 5762 Ephes.
862 5710 931 5759 VI,
973 5694 1056 5745 12.
1169 5692 1214 5721 ⁸³
1275 5692 1415 5743 Ρδηι.
1493 5706 1644 5755 xcm,
1728 5690 1811 5743 10.
1905 5693 1946 5721 ⁸⁵

1805 5621 1849 5651 ⁸ο
1902 5619 2104 5673 Jerem.
2141 5638 2275 5686 xm,
2317 5621 2401 5675 lG.

2004 5692 2043 5744 ll
2086 5692 2211 5746 Cor.
2254 5710 2324 5755 χι,
2367 5694 2420 5745 2.

2281 4305 2507 4375 Βραδεῖς
2539 4307 2633 4360 καὶ
2664 4307 2830 4376 ἡμεῖς
2856 4306 2994 4378 πρὸς
3030 4308 3131 4377 τὴν
3155 4307 3265 4360 τῶν
3302 4307 3654 4377 γραμμάτων
3706 4310 3814 4363 άν-

2212 4392 2411 4446 τίδοσιν
2442 4395 2868 4466 ἀπηντήκαμεν,
2900 4395 3100 4465 ἀδελφὲ
3142 4397 3464 4466 τιμιώτατε,
3521 4397 3672 4451 οὓτω
3706 4401 3819 4454 τοῦ

2212 4487 2406 4556 χρόνου
2439 4487 2908 4557 δυσκολήσαντος*
2939 4486 3057 4540 ἀλλ’
3115 4488 3267 4557 ὅμως
3323 4488 3679 4558 ἀμειϐόμεθά
3748 4510 3819 4545 σε

2212 4582 2322 4640 τοῖς
2359 4581 2496 4641 [σοις
2523 4580 2621 4649 τῆς
2645 4580 2868 4649 ἀγάπης
2909 4580 3131 4651 μέτροις
3151 4599 3165 4612 -
3194 4580 3643 4651 δυσχεραίνοντες
3705 4585 3822 4653 μὲν

2212 4672 2298 4741 ἐφ’
2329 4666 2411 4735 οἷς
2444 4672 2668 4743 ἐξεῦρες
2693 4671 2815 4725 καθ’
2850 4672 3008 4741 ἡμῶν
3036 4672 3359 4742 ἐγκωμίοις,
3394 4672 3470 4735 ὡς
3494 4674 3597 4725 οὐκ
3642 4676 3823 4744 ἑχόν-

2216 4780 2326 4816 των
2354 4764 2580 4816 ἐπαίνου
2635 4763 2794 4831 λόγον
2815 4778 2829 4792 ⁶
2854 4764 3282 4833 εὐφραινόμενοι
3312 4764 3369 4816 δὲ
3397 4763 3491 4815 ἐπὶ
3516 4767 3585 4835 τῇ
3610 4763 3830 4819 διαπύ.

2215 4872 2293 4925 ρῳ
2327 4854 2632 4927 ζηλοτυπίᾳ
2670 4858 2767 4925 τῆς
2795 4856 3185 4926 ἡκριὸωμένης
3211 4872 3305 4909 σου
3340 4856 3614 4919 πολιτείας
3643 4874 3659 4887 ⁸
3700 4875 3826 4927 qm-

2212 4945 2518 5017 λαττούσης
2572 4948 2770 5018 ἑαυτὴν
2834 4948 3216 5001 ἀκατάτακτον
3282 4946 3391 5001 τῶν
3430 4949 3829 5020 χυδαιομένων

2215 5043 2281 5111 τῇ
2315 5040 2631 5112 ἀδιαφορία,
2666 5042 2799 5113 περί
2827 5038 2896 5115 ἦς
2928 5060 3010 5095 σοι
3042 5043 3137 5095 καὶ
3170 5044 3197 5095 6
3244 5044 3353 5105 πᾶς
3391 5042 3570 5112 λόγος.
3660 5046 3830 5115 Ἐγὼ

2208 5134 2264 5186 δὲ
2299 5135 2399 5187 οὐκ
2428 5136 2631 5205 οἴομαι,
2693 5136 2940 5204 φίλτατε,
2976 5137 3115 5203 ὅπερ
3161 5137 3444 5207 ὲσήμανας
3503 5138 3831 5210 πρόσωπον

2209 5225 2355 5279 οὕτω
2388 5228 2484 5281 καὶ
2508 5228 2686 5295 λέγειν
2719 5227 2813 5280 καί
2840 5227 3123 5297 πράττειν.
3151 5228 3392 5292 Καίπῶς
3420 5229 3531 5299 γὰρ
3558 5232 3587 5284 ὁ
3619 5234 3681 5284 ἐν
3708 5231 3827 5300 βα-

2211 5318 2333 5390 θμῷ
2354 5320 2635 5390 ἱεραρχίας
2652 5320 2959 5389 ἀνηγμένος
2981 5319 3338 5391 χαμαιζήλως
3360 5323 3547 5389 ἄγοιτο
3566 5338 3581 5385 ;
3602 5323 3727 5388 πῶς
3754 5325 3833 5378 δὲ.

2211 5410 2368 5462 καὶὸ
2412 5408 2667 5479 ἡθληκὼς
2722 5409 2790 5462 δι’
2849 5411 3143 5481 ὁμολογίας
3202 5414 3646 5482 συνυποφέρεται
3695 5417 3837 5481 τοῖς

2215 5502 2517 5573 ἁζηλώτοις
2547 5504 2641 5555 καὶ
2662 5502 2904 5573 ἀνιέροις
2934 5520 2949 5570 ;
2981 5502 3087 5575 φὴς
3120 5504 3231 5577 γὰρ
3259 5503 3438 5573 λέγειν
3496 5505 3693 5570 αὑτὸν,
3729 5508 3837 5563 ὅτι

2497 5623 2536 5653 ⁶²
2572 5621 2809 5693 Philipp.
2865 5638 2949 5690 ut,
2983 5623 3037 5678 8.
3148 5623 3194 5654 “
3244 5621 3389 5679 Psal.
3447 5640 3647 5693 χχχιιι,
3718 5628 3830 5687 20.

2050 5807 2280 5863 NO'UE.

605 5908 716 5978 (15)
749 5906 806 5961 In
839 5906 960 5961 cod.
1009 5905 1141 5973 Reg.
1181 5909 1325 5970 pac'.
