3934 6474
203 388 219 448 i
227 386 318 449 393

1369 393 1914 453 EPISTOLARUM
1975 395 2123 456 LIB.
2170 397 2255 457 ΙΙ.

3313 405 3447 470 13θᾶ

196 507 248 557 τὸ
268 503 580 566 καθέζεσθαι
618 507 701 570 είς
752 507 1128 573 ἑπισκοπείον,
1162 510 1221 562 ὲν
1271 503 1425 581 ᾧπερ
1480 511 1740 581 ἠσέϐησεκ.

1858 508 1956 562 dra
1987 511 2284 581 episcopali
2309 512 2500 568 sedere
2566 513 2701 568 nihil
2755 516 3042 585 prohibeat
3087 533 3232 586 eum,
3266 523 3356 590 qui
3393 528 3444 577 in

197 596 496 664 ὀκατέχων,
526 597 591 650 τὸ
623 597 832 652 κωλύον
861 601 1016 654 οὐδέν
1042 617 1055 630 ο
1092 601 1188 654 καὶ
1220 602 1282 654 τὸ
1337 604 1488 673 παρὰ
1547 620 1754 671 συγκα-

194 688 418 742 ταὸατῶν
450 690 843 744 άνεπισκόπων
870 691 1197 756 σιτίζεσθαι,
1229 694 1384 747 οὐδὲν
1404 695 1641 765 μάχεται
1670 695 1751 765 τῷ

194 783 358 834 κανόνι
388 784 485 852 τῆς
511 782 818 846 εὐσεϐείας.
852 785 966 838 Καὶ
989 785 1108 848 πῶς
1136 785 1296 838 τοῦτο
1325 787 1387 838 οὐ
1419 787 1656 857 μάχεται
1684 791 1752 858 τῇ

193 873 425 942 ἀληθείας
458 872 552 926 τοῦ
582 873 742 942 ἁγίου
759 875 924 928 Δαυῒδ
935 875 1228 946 ψάλλοντος
1255 892 1268 905 ⁸
1293 878 1542 931 Ἐλάιον
1568 879 1753 948 ἁμαρ-

191 962 362 1018 τωλοῦ
379 963 463 1034 μὴ
490 965 802 1019 λιπανάτω
830 967 947 1035 τὴν
1001 969 1282 1038 κεφαλήν
1339 987 1485 1038 μου.
1553 971 1662 1024 Τοῦ
1690 989 1752 1025 τε

193 1056 325 1124 ἁγίου
361 1056 681 1111 Ἀθανασίου
723 1062 1184 1130 προστάσσοντος,
1236 1063 1512 1134 μηδεμίαν
1553 1082 1747 1118 κοινω-

189 1151 290 1203 νίαν
317 1150 455 1220 ἔχειν
484 1151 636 1220 ήμᾶς
676 1152 814 1222 πρὸς
835 1154 1308 1226 τοὺςαίρετικοὺς,
1340 1157 1476 1210 ἀλλὰ
1509 1157 1614 1228 μὴν
1640 1175 1747 1229 μη-

189 1238 236 1290 δὲ
266 1239 394 1307 πρὸς
414 1240 539 1303 τοὺς
587 1241 988 1307 κοινωνοῦντας
1016 1245 1156 1312 μετὰ
1183 1245 1295 1298 τῶν
1325 1245 1559 1300 ἀσεϐῶν.
1623 1246 1748 1310 Πῶς

188 1330 234 1382 δὲ
256 1331 307 1382 οὐ
337 1331 614 1396 κοινωνία,
646 1331 810 1404 είπερ
831 1333 916 1387 δεῖ
941 1335 1274 1400 καθέζεσθαι
1328 1339 1386 1389 ἐν
1436 1339 1587 1408 τόπῳ
1637 1355 1747 1392 τοιο

188 1423 328 1493 ούτῳ,
351 1427 455 1479 κάκ
494 1425 607 1478 τῶν
631 1427 896 1482 τοιούτων
921 1429 1222 1494 σιτίζεσθαι
1250 1448 1267 1497 ;
1303 1432 1404 1484 οὐκ
1436 1431 1548 1503 ἔχει
1583 1433 1746 1502 φύσιν

188 1517 276 1569 κᾶν
312 1518 379 1587 μὴ
410 1519 596 1572 ἐκεῖσε
631 1520 870 1591 κάθηταί
911 1539 1018 1587 τις,
1070 1524 1284 1577 ἐκεῖθεν
1347 1525 1404 1578 δὲ
1463 1527 1743 1596 τρέςεοιτο,

188 1606 304 1676 αὑτὴ
351 1608 382 1677 ή
406 1604 552 1671 δόσις
576 1611 674 1662 καὶ
696 1609 860 1680 λῆψις
889 1612 1181 1667 κοινωνίαν
1245 1617 1556 1686 ἐργάζοιτο
1611 1620 1746 1690 φησὶ

187 1698 279 1770 γὰρ
307 1701 333 1751 ὁ
375 1701 700 1766 Ἀπόστολος
725 1719 739 1734 ο
771 1704 984 1759 Οἴδατε
1016 1707 1118 1759 καί
1148 1708 1319 1776 ὑμεῖς
1346 1711 1744 1775 Φιλιππήσιοι

188 1789 263 1843 ὅτι
295 1793 386 1846 ὅτε
415 1793 686 1862 ἐξῆλθον
733 1797 851 1851 ἀπὸ
892 1799 1290 1867 Μακεδονίας,
1338 1801 1587 1870 οὐδεμία
1641 1821 1743 1872 μοι

200 1883 506 1953 Ἐκκλησία
536 1888 907 1956 ἐκοινώνησε
936 1890 1114 1960 χάριν
1137 1865 1366 1958 δόσεώς
1389 1910 1452 1946 τε
1476 1865 1585 1946 ’καὶ
1631 1865 1742 1962 ξῑή-
1778 1865 1819 1919 Β

185 1986 341 2044 Ψεωςο
369 1981 416 2032 εὶ
449 1979 535 2048 μὴ
569 1979 741 2049 ὑμεῖς
766 1983 961 2050 μόνον
984 1995 998 2009 ·
1029 1981 1119 2035 ὅτι
1145 1983 1246 2036 καὶ
1269 1983 1339 2036 ἐν
1367 1985 1742 2039 Θεσσαλονί-

185 2086 248 2138 κῃ
273 2067 423 2133 ἅπαξ
449 2071 551 2122 καὶ
587 2069 682 2137 δὶς
704 2074 795 2138 εις
844 2070 961 2140 τὴν
1002 2073 1214 2140 χρείαν
1264 2090 1369 2142 μοι
1410 2074 1742 2144 ἐπέμψατε.

185 2158 237 2209 Εἰ
277 2156 362 2210 οὖν
403 2159 464 2212 τὸ
495 2159 667 2226 ἅπαξ,
705 2163 798 2214 καὶ
825 2160 904 2225 δὶς
927 2161 1134 2228 λαϐεῖν,
1170 2165 1458 2218 κοινωνίαν
1491 2167 1743 2238 ἀπέφηνε

183 2252 232 2304 τὸ
276 2253 382 2320 φῶς
406 2253 500 2307 τοῦ
533 2256 781 2324 κόσμου·
812 2255 870 2308 τὸ
924 2257 1014 2310 ἀεὶ
1068 2257 1372 2329 λαμϐάνειν
1433 2261 1517 2325 τίς
1560 2261 1626 2315 ἂν
1681 2259 1742 2316 εὖ

184 2345 367 2412 φρονῶν
395 2347 455 2398 οὺ
492 2345 747 2414 φεύξοιτο
792 2347 868 2410 ὡς
890 2350 1170 2404 ἀντίθετον
1202 2353 1421 2420 φωτός;

239 2439 319 2489 Δεῖ
344 2438 400 2490 δὲ
439 2455 536 2508 την
590 2439 902 2511 ἁγιωσύνην
931 2458 1025 2495 σου
1050 2445 1312 2508 ἐπιεικῶς
1343 2446 1440 2499 καὶ
1487 2464 1742 2501 ταπεινο-

183 2530 366 2597 φρόνως
418 2531 499 2600 τῷ
530 2531 710 2603 Πατρὶ
766 2534 865 2599 τὰς
916 2537 1256 2609 ὑπομνήσεις
1307 2541 1538 2594 είσοίσαι
1569 2559 1583 2572 ο
1637 2543 1741 2596 κᾶν

185 2621 267 2688 μὲν
288 2621 498 2692 πεισθῇ,
538 2625 921 2696 ἐκερδήσαμεν
950 2629 1043 2681 τὸν
1097 2631 1316 2701 Πατέρα
1347 2647 1360 2661 ο
1427 2636 1474 2686 εί
1528 2635 1583 2687 δὲ
1638 2637 1738 2706 μὴ,

180 2712 230 2763 τὸ
257 2714 452 2767 ἑαυτῶν
486 2716 734 2785 ἀσφαλὲς
780 2718 855 2789 μὴ
917 2720 1241 2792 προώμεθα.
1298 2724 1434 2794 Περὶ
1486 2727 1593 2797 γὰρ
1645 2729 1744 2781 τοῦ

181 2805 342 2859 παιδία
370 2807 752 2878 βαπτίζεσθαι,
801 2811 907 2864 ὑπὸ
928 2812 1118 2876 τῶνδε,
1149 2815 1248 2884 τὴν
1274 2817 1563 2889 ἐπιστολὴν
1610 2820 1740 2890 ὅλην

178 2898 234 2967 ἢν
273 2901 392 2972 πρὸς
457 2904 548 2956 τὸν
602 2903 768 2957 αὑτὸν
823 2891 1196 2972 ὲίκαλέσαντα
1257 2911 1386 2981 περὶ
1429 2909 1523 2962 τοῦ
1571 2910 1738 2965 αὑτοῦ

179 2990 474 3060 πράγματος
506 2992 774 3063 ὲχάραξα,
808 2997 900 3048 καὶ
927 3000 992 3066 τῇ
1028 3001 1092 3068 σῇ
1116 3000 1390 3070 τιμιότητι
1417 3002 1735 3068 ἀπέστειλα,

180 3087 406 3153 περιττὸν
449 3090 803 3161 ἡγησάμενος
833 3091 912 3153 δὶς
952 3095 1045 3145 ἐπὶ
1089 3093 1151 3146 τὸ
1186 3095 1734 3166 αὐτὸ³εἰκαιολογεῖν.

178 3176 336 3243 Οὖτως
382 3175 473 3235 οὖν
516 3181 630 3250 ἐγὼ
655 3185 683 3235 ὁ
705 3183 960 3248 ταπεινὸς
989 3185 1194 3257 φρονῶ,
1252 3188 1347 3241 καὶ
1399 3191 1735 3260 φρονοῦντας
1763 3212 1805 3269 C

177 3269 282 3332 τοὺς
331 3273 516 3340 ἁγίους
584 3275 718 3343 ὁρῶ,
771 3275 846 3341 ὡς
889 3275 946 3329 δὲ
993 3277 1210 3349 ἑκάστῳ
1261 3279 1410 3333 δοκεῖ
1453 3280 1597 3352 ἔχειν
1643 3282 1735 3335 εὖ·

179 3377 319 3429 ροιεν.
363 3367 525 3430 Ἴσως
573 3365 629 3419 δὲ
656 3367 842 3438 φαίηὸ
883 3369 1266 3442 άρτιζόμενος,
1323 3374 1387 3426 ὲκ
1434 3373 1530 3426 τοῦ
1573 3373 1732 3444 ὀρθο-

178 3454 523 3523 φρονήσαντος
586 3458 682 3510 καὶ
721 3459 1140 3530 ὲπιτιμηθέντος
1192 3457 1332 3514 εἶναι
1375 3461 1473 3533 τὴν
1521 3464 1684 3534 λῆψιν
1716 3481 1730 3494 ·

176 3544 272 3599 ἀλλ’
299 3547 446 3603 οὔπω
470 3549 663 3605 ταῦτα.
693 3551 837 3615 Ἕως
865 3552 989 3607 δ’ἂν
1021 3554 1244 3624 κατέχοι
1269 3556 1370 3626 τὴν
1401 3557 1729 3628 ἐπισκοπὴν,

177 3636 215 3685 ti
255 3639 342 3690 καὶ
383 3641 458 3709 μὴ
484 3642 783 3712 ἱερουργεῖ,
829 3643 964 3712 μηδὲ
996 3644 1214 3715 μετέχοι
1241 3647 1350 3698 τῶν
1375 3648 1734 3716 ἀγιασμάτων

186 3725 238 3778 Ἠ
279 3728 329 3780 δὲ
357 3731 565 3802 ἀληθὴς
610 3733 889 3802 μετάνοια,
919 3734 997 3806 τῷ
1023 3735 1236 3805 άφῆσαι
1268 3740 1366 3808 τὴν
1402 3740 1728 3809 ἐπισκοπὴν,

177 3821 253 3871 καὶ
293 3822 475 3894 πόρρω
528 3825 805 3890 γενέσθαι,
849 3825 1042 3896 ὥσπερ
1072 3828 1218 3892 τινὲς
1268 3830 1534 3900 ἐποίησαν
1563 3848 1577 3863 ·
1638 3833 1732 3901 ἀφ’

176 3903 237 3964 ὧν
265 3914 492 3980 άὸλαδὲς
516 3917 579 3969 τὸ
610 3917 672 3969 λσ
685 3918 940 3988 μόάνειν⁸
995 3921 1114 3991 μεθ’
1133 3914 1209 3974 ὦν
1244 3922 1576 3976 καταδεκτὸν
1638 3927 1734 3977 καὶ

175 4003 224 4056 τὺ
266 4009 580 4064 συνεσθίειν.
637 4010 800 4063 Ἀλλο
826 4029 879 4064 τι
902 4011 1081 4080 λέγειν
1121 4014 1220 4066 οὐκ
1252 4013 1400 4085 ἔχω’
1450 4014 1482 4086 ἢ
1531 4016 1590 4068 τὸ
1630 4033 1734 4068 πα-

177 4097 490 4168 ρακληθῆναί
548 4115 606 4151 σε
626 4099 1024 4170 προσεύχεσθαι
1054 4102 1187 4172 περὶ
1220 4103 1320 4173 τῆς
1348 4102 1730 4168 ταπεινώσεως

179 4202 302 4253 μου·
340 4192 396 4243 οὐ
449 4191 612 4262 μόνον
665 4190 1034 4261 ὀρθολεκτεῖν,
1066 4193 1204 4248 ἀλλὰ
1259 4195 1355 4248 καὶ
1410 4195 1730 4266 ὀρθοποδείν

176 4281 284 4348 περὶ
307 4283 401 4353 τὴν
432 4282 658 4354 πρᾶξιν.

285 4409 390 4462 PK’
425 4410 563 4482 (16).
592 4439 662 4451 —
691 4411 920 4480 Νικήτςι
940 4413 1341 4484 τοποτηρητῇ.
1392 4412 1585 4489 [κνςα]

1858 600 1945 656 illa
1979 603 2175 658 sedens
2207 602 2373 674 impie
2405 620 2464 660 se
2485 606 2692 676 gessit;
2735 617 2789 661 et
2841 609 2984 677 quod
3015 625 3045 663 a
3107 612 3448 668 condescen-

1855 692 2116 750 dentibus
2170 697 2658 766 pseudoepiscopis
2697 699 2852 770 pasci
2886 701 3084 768 ipsum,
3113 703 3330 771 pietatis
3358 721 3448 760 re-

1854 786 1994 855 gulae
2028 803 2134 840 non
2175 799 2460 859 repugnet.
2496 788 2560 843 Et
2607 806 2717 859 quo
2749 801 2910 861 pacto
2951 793 3165 848 veritati
3197 795 3300 850 hoc
3333 812 3444 852 non

1853 889 2116 949 repugnet
2147 880 2171 934 ?
2203 897 2326 935 cum
2353 893 2580 938 sanctus
2614 883 2782 939 David
2832 895 2997 940 canat
3027 886 3093 940 “:
3122 885 3309 942 Oleum
3322 906 3443 957 pec-

1853 967 2050 1020 catoris
2081 985 2186 1021 non
2215 971 2510 1040 impinguet
2538 983 2693 1041 caput
2726 989 2919 1039 meum,
2947 983 3003 1029 et
3025 986 3252 1031 sanctus
3276 977 3447 1033 Atha-

1852 1057 2046 1110 nasius
2079 1059 2379 1128 praecipiat,
2436 1075 2506 1115 ne
2565 1061 2731 1115 ullam
2792 1077 2917 1116 cum
2975 1063 3243 1120 haereticis
3289 1079 3441 1120 como

1853 1145 2169 1200 muniouem
2193 1145 2521 1212 habeamus,
2567 1165 2632 1203 ac
2683 1165 2752 1204 ne
2787 1167 2912 1205 cum
2962 1152 3029 1207 iis
3085 1155 3306 1223 quidem
3348 1157 3444 1226 qui

1849 1252 1973 1292 cum
2009 1238 2191 1308 impiis
2231 1242 2672 1299 communicant.
2729 1241 2834 1310 Qui
2880 1253 3064 1299 autem
3123 1251 3443 1304 communio

1848 1343 1959 1384 non
1995 1329 2084 1395 sit,
2103 1330 2150 1385 si
2177 1331 2272 1385 tali
2306 1332 2357 1385 in
2384 1333 2504 1388 loco
2541 1335 2766 1398 sedere,
2817 1345 2987 1405 atque
3052 1352 3082 1390 a
3120 1339 3326 1395 talibus
3366 1342 3445 1394 ci-

1849 1420 1978 1475 bum
2035 1423 2288 1492 accipere
2346 1427 2656 1494 oporteat?
2718 1422 2838 1481 Non
2894 1437 2979 1482 est
3029 1430 3124 1484 ita.
3197 1430 3443 1488 Tametsi

1849 1511 2142 1580 quisquam
2173 1513 2249 1566 ibi
2279 1529 2390 1567 non
2414 1515 2623 1580 sedeat,
2653 1517 2698 1572 si
2725 1517 2906 1573 tamen
2935 1522 3059 1575 inde
3080 1522 3279 1588 alatur,
3303 1541 3442 1594 pra:-

1849 1603 1984 1657 bitio
2013 1605 2129 1672 ipsa
2162 1613 2216 1659 et
2243 1607 2490 1676 acceptio
2548 1611 2997 1666 communionem
3026 1611 3244 1668 eiIiciet.
3297 1613 3442 1670 Dicit

1845 1697 1992 1752 enim
2039 1699 2332 1768 Apostolus
2369 1718 2382 1754 :
2418 1701 2580 1756 Scitis
2624 1712 2674 1756 et
2712 1720 2826 1771 vos,
2880 1704 3266 1776 Philippenses,
3301 1711 3441 1779 quod

1847 1793 2057 1860 quando
2090 1794 2360 1861 profectus
2393 1811 2510 1847 sum
2558 1813 2591 1848 a
2622 1795 2963 1864 Macedom'a,
2997 1800 3146 1854 nulla
3173 1803 3303 1855 mihi
3335 1803 3441 1856 Ec-

1849 1884 2010 1939 clesia
2043 1887 2452 1940 communicavit
2481 1889 2538 1940 in
2573 1892 2778 1943 ratione
2835 1891 2950 1944 dati
2979 1902 3027 1946 et
3077 1896 3296 1963 accepti,
3337 1896 3443 1949 nisi

1849 1992 1938 2029 vos
1965 1977 2086 2040 soli,
2119 1978 2244 2045 quia
2274 1989 2321 2031 et
2356 1977 2788 2034 Thessalonicam
2819 1983 2979 2037 semel
3009 1993 3060 2038 et
3101 1985 3179 2038 bis
3206 1987 3261 2039 in
3285 2003 3442 2042 usum

1848 2071 1980 2124 mihi
2023 2074 2246 2126 misistis
2285 2074 2352 2127 ⁸⁷.
2401 2074 2458 2128 Si
2519 2091 2651 2146 ergo
2708 2078 2877 2133 semel
2913 2089 2967 2133 et
3023 2080 3110 2134 bis
3168 2082 3438 2152 accipere,

1848 2166 2289 2219 communionem
2333 2168 2627 2236 appellavit
2685 2170 2777 2224 lux
2823 2171 3058 2237 mundi;
3099 2188 3316 2243 semper
3347 2190 3441 2229 ac-

1847 2253 2027 2322 cipere
2058 2255 2184 2323 quis
2215 2264 2363 2309 recte
2433 2259 2679 2314 sentiens
2718 2275 2828 2314 non
2889 2260 3125 2332 refugiat
3176 2271 3440 2333 tanquam

1848 2349 2039 2402 lumini
2061 2351 2450 2405 contrarium?

1916 2439 2143 2511 Oportet
2172 2453 2356 2496 autem
2389 2445 2737 2499 sanctitatem
2779 2453 2934 2499 tuam
2960 2450 3206 2501 modeste
3227 2459 3282 2503 et
3334 2450 3440 2504 hn-

1844 2535 2048 2587 militer
2074 2534 2220 2589 Patri
2273 2536 2676 2591 admonitiones
2708 2552 3000 2606 suggerere
3041 2554 3056 2602 ;
3088 2553 3173 2602 ac,
3209 2540 3255 2594 si
3313 2542 3444 2610 qui-

1844 2627 1966 2680 dem
2010 2644 2331 2696 persuasum
2362 2631 2408 2682 ei
2431 2628 2617 2690 fuerit.
2663 2630 2858 2684 lucrati
2918 2630 3138 2685 Patrem
3187 2649 3382 2688 sumus
3420 2651 3435 2688 :

1843 2720 1928 2772 sin
1959 2721 2161 2783 minus,
2186 2722 2330 2790 quod
2362 2729 2540 2775 tutum
2568 2722 2726 2777 nobis
2760 2734 2844 2778 est
2878 2738 2988 2777 non
3050 2724 3383 2793 abjiciamus
3419 2767 3435 2783 .

1846 2811 1919 2866 De
1952 2811 2252 2866 infantibus
2281 2824 2464 2868 autem
2496 2814 2588 2884 qui
2637 2815 2706 2868 ab
2745 2815 2828 2870 bis
2854 2817 2939 2870 vel
2970 2817 3040 2871 ab
3093 2818 3201 2874 illis
3258 2819 3435 2889 bapti-

1843 2909 2058 2962 zantur,
2097 2901 2366 2972 integram
2425 2900 2737 2972 epistolam,
2772 2917 2937 2971 quam
2984 2903 3050 2958 ad
3106 2919 3230 2959 eum
3256 2905 3438 2975 ipsum

1841 2995 1934 3062 qui
1977 2994 2304 3048 criminatus
2335 3003 2421 3048 est
2461 2997 2527 3050 de
2562 2998 2754 3051 eadem
2788 3012 2847 3050 re
2897 2999 3138 3064 exaravi,
3180 2999 3247 3054 ad
3281 3015 3437 3054 reve-

1842 3087 2074 3140 rentiam
2123 3097 2514 3156 qnoqueluam
2540 3088 2708 3155 misi,
2747 3103 3221 3158 supervacaneum
3279 3101 3434 3147 ratus

1842 3178 1924 3233 bis
1962 3178 2029 3231 de
2051 3177 2238 3230 eadem
2273 3194 2331 3232 re
2362 3177 2567 3232 frustra
2613 3179 2786 3247 loqui.
2854 3179 2948 3235 Sic
3000 3180 3172 3252 igitur
3209 3183 3436 3240 humilis

1838 3284 1937 3340 ego
1964 3270 2141 3323 sentio
2168 3286 2182 3323 :
2209 3269 2289 3323 sic
2312 3270 2510 3335 sentio,
2570 3279 2625 3325 et
2649 3280 2872 3327 sanctos
2898 3274 2970 3328 ita
2997 3275 3201 3329 sentire
3226 3276 3385 3331 video
3415 3293 3432 3331 :

1839 3372 1898 3415 ut
1940 3363 2176 3431 quisque
2200 3371 2383 3416 autent
2425 3364 2644 3427 sentiet,
2677 3364 2756 3419 sic
2847 3364 3111 3420 inveniat.
3180 3365 3436 3424 Fortasse

1837 3461 2020 3507 autem
2074 3452 2274 3506 dixerit
2316 3453 2410 3521 qui
2456 3454 2725 3523 pascitur,
2758 3470 2818 3509 se
2851 3471 2880 3509 a
2920 3467 3066 3510 recte
3109 3459 3376 3513 sentiente
3413 3500 3432 3526 ,

1836 3543 2041 3613 quique
2079 3544 2457 3612 paenitentiam
2492 3547 2775 3614 suscepit,
2832 3547 3121 3614 accipere:
3173 3549 3269 3604 sed
3321 3567 3433 3606 non

1837 3636 1911 3688 ita
1946 3645 2049 3688 est.
2099 3634 2354 3699 Quandiu
2434 3650 2564 3688 vero
2629 3635 2828 3690 retinet
2875 3638 3293 3705 episcopatum,
3326 3641 3432 3695 etsi

1836 3727 2260 3791 nonsacrilicat,
2298 3741 2401 3781 nec
2461 3727 2636 3781 sacris
2688 3728 3000 3798 participet.
3056 3728 3191 3783 Vera
3245 3743 3431 3787 autem

1838 3817 2184 3888 paenitentia,
2221 3820 2604 3888 episcOpatum
2642 3821 2917 3884 abdicare,
2953 3831 3007 3874 et
3039 3823 3429 3896 procul'abire,

1836 3911 1982 3981 quod
2019 3912 2244 3981 quidam
2296 3910 2588 3976 fecerunt;
2623 3928 2654 3965 a
2709 3912 2913 3982 quibus
2969 3915 3218 3984 accipere
3270 3915 3431 3969 inno-

1836 4004 1984 4056 xium
2032 4015 2154 4068 cst;
2199 4019 2324 4057 cum
2349 4003 2552 4072 quibus
2592 4012 2649 4057 et
2679 4004 2821 4058 vesci
2879 4003 2961 4058 fas
2992 4016 3098 4060 est.
3155 4006 3314 4059 Aliud
3345 4005 3433 4059 di-

1837 4109 1958 4148 cere
1991 4110 2098 4148 non
2125 4095 2299 4148 habeo
2333 4132 2348 4158 ,
2373 4094 2476 4146 nisi
2521 4093 2728 4146 hortari
2756 4102 2809 4148 te
2851 4105 2906 4148 ut
2942 4110 3066 4148 Ores
3100 4110 3199 4163 pro
3244 4096 3428 4149 humi-

1837 4187 1994 4240 litate
2027 4201 2146 4239 mea
2177 4202 2192 4250 ;
2227 4200 2335 4239 non
2369 4185 2548 4239 solum
2576 4196 2636 4238 ut
2672 4197 2818 4240 recte
2851 4187 3080 4255 loquar,-
3110 4202 3300 4241 verum
3349 4196 3429 4243 et-

1833 4280 1940 4334 iam
1976 4288 2035 4333 ut
2068 4288 2212 4334 recte
2266 4278 2425 4331 mein
2475 4275 2787 4347 factisipsis
2827 4293 3038 4347 geram.

2141 4409 2308 4465 LXX.
2342 4437 2414 4449 -—
2449 4407 2655 4463 Nicetw
2694 4415 2868 4463 locum
2895 4416 3110 4467 tenenti.

798 4571 895 4620 Pro
919 4570 1211 4621 muneribus
1239 4572 1298 4621 ab
1329 4571 1417 4621 illo
1442 4571 1606 4623 missis
1625 4577 1811 4637 gratias
1845 4573 1964 4638 agit,
1985 4584 2042 4620 ac
2061 4570 2248 4621 monita
2267 4569 2501 4620 salutaria
2522 4571 2778 4634 rependit.

240 4697 445 4770 Ἐπειδὴ
472 4699 887 4772 ἐδωροφόρησεν
917 4701 1108 4771 ήμίνή
1142 4699 1448 4769 φιλέντολός
1493 4718 1587 4754 σου
1641 4703 1728 4754 δε-

1905 4698 2361 4768 Quandoquidem
2394 4698 2480 4752 bis
2508 4697 2617 4752 illis
2668 4699 2993 4756 muneribus
3024 4717 3147 4766 nos,
3180 4704 3422 4769 domine,

174 4786 263 4856 ea,
303 4792 459 4844 τοῦτο
485 4794 726 4857 κάκεῖνο,
773 4793 1029 4857 δέσποτα,
1062 4792 1271 4857 δέξοιτο
1318 4795 1413 4846 καὶ
1456 4794 1523 4846 τά
1583 4794 1723 4864 πρὸς

173 4882 305 4949 ἡμῶν
344 4884 453 4935 τῶν
483 4883 736 4938 εὐτελῶν.
789 4885 855 4937 Ai.
881 4887 912 4956 ὴ
924 4885 1050 4956 μέτε
1061 4902 1173 4955 ραι,
1203 4883 1522 4949 ἀποστολαὶ,
1554 4900 1724 4954 προσ-

173 4975 326 5042 ευχαὶ,
374 4977 720 5049 εὐχαριστίαι
745 5018 760 5040 ,
794 4979 844 5030 εί
881 4977 939 5030 δέ
977 4995 1029 5030 τι
1073 4977 1166 5030 καὶ
1213 4976 1401 5047 ἕτερον
1427 4975 1508 5028 δεῖ
1553 4993 1725 5047 προσ-

173 5063 339 5134 θεῖναι,
377 5070 680 5124 νουθεσίαι.
721 5070 836 5124 Καὶ
861 5069 1004 5133 τίνες
1036 5063 1236 5136 αὗται;
1265 5069 1550 5138 φοϐεῖσθαι
1579 5069 1725 5138 ὑμᾶς

173 5158 245 5211 τδν
287 5162 436 5229 Θεὸν,
474 5164 659 5216 πίστιν
687 5163 833 5235 ἔχειν
862 5162 1052 5234 ὀρθὴν,
1088 5161 1389 5233 ἀπέχεσθαι
1447 5161 1728 5228 σαρκικῶν

172 5249 467 5324 ἐπιθυμιῶν,
501 5255 786 5325 πορνείας,
823 5254 1091 5324 μοιχείας,
1120 5252 1484 5323 ἀκαθαρσίας,
1546 5254 1727 5323 πάσης

172 5342 310 5415 ἄλλης
335 5349 622 5417 ἀσελγείας
651 5365 666 5379 ·
709 5348 982 5420 αἱρεῖσθαι
1038 5347 1095 5400 δὲ
1143 5346 1213 5400 τὰ
1267 5345 1388 5399 θεῖα
1438 5347 1724 5416 πράττειν,

172 5433 313 5490 ἐλεεῖν
339 5441 574 5510 πτωχὸν,
629 5439 908 5509 φείδεσθαι
954 5439 1178 5503 δούλων,
1216 5438 1432 5508 ὀρέγειν
1462 5441 1623 5507 χεῖρα
1644 5437 1722 5507 τῷ

173 5525 389 5597 πλησίον,
421 5534 889 5602 ταπεινοφρονείν,
923 5529 1357 5601 συνεσταλμένον
1406 5525 1567 5592 εἶναι,
1625 5532 1722 5583 καὶ

225 5638 265 5672 ⁸⁸
324 5642 467 5700 Psal.
515 5660 642 5709 CXL,
713 5643 768 5697 5.
888 5644 931 5675 ⁸⁷
987 5642 1236 5713 Philipp.
1274 5658 1345 5707 tv,
1394 5642 1489 5706 l5,
1555 5642 1636 5696 lii.

1832 4796 2215 4849 mandatorum
2265 4807 2460 4846 amans
2501 4793 2722 4847 dextera
2768 4803 2861 4848 tua
2903 4795 3229 4864 cumulavit,
3275 4798 3423 4852 acci-

1833 4890 1946 4957 piat
1994 4886 2238 4941 vicissim
2295 4901 2418 4955 quze
2452 4901 2481 4939 a
2514 4887 2672 4941 nobis
2723 4887 2924 4943 vilibus
2971 4888 3421 4958 proficiscuntur.

1833 4980 2060 5035 Munera
2089 4990 2276 5034 nostra
2301 4989 2431 5035 sunt
2453 4995 2668 5049 preces,
2707 4982 3009 5051 gratiarum
3044 4984 3314 5046 actiones,
3345 4993 3421 5047 et,

1834 5076 1879 5130 si
1917 5075 2044 5145 quid
2082 5083 2343 5144 praeterea
2403 5083 2487 5129 est
2513 5074 2848 5140 addendum,
2894 5073 3321 5130 admonitiones.
3359 5077 3424 5131 Et

1832 5184 2084 5239 quaenam
2129 5167 2248 5221 hae?
2288 5166 2506 5221 Timere
2535 5183 2632 5221 vos
2663 5167 2858 5232 Deum,
2897 5168 3056 5222 fidem
3103 5181 3308 5222 reetam
3339 5176 3421 5222 te-

1832 5275 1984 5325 nere,
2015 5259 2290 5313 abstinere
2329 5274 2358 5311 a
2409 5257 2702 5312 desideriis
2732 5257 3070 5319 carnalibus.
3102 5257 3421 5312 fornicatio-

1830 5350 1938 5414 nis,
1972 5349 2245 5416 adulterii,
2290 5349 2642 5418 impuritatis,
2693 5348 2877 5404 omnis
2922 5350 3152 5403 alterius
3179 5349 3419 5419 impudi-

1827 5442 2008 5504 citizc;
2063 5444 2223 5496 malle
2259 5455 2441 5497 autem
2459 5441 2644 5497 divina
2675 5440 2925 5513 exsequi,
2966 5456 3267 5511 pauperum
3314 5441 3420 5496 mi~

1826 5535 2019 5600 sereri,
2070 5535 2243 5591 servis
2281 5550 2527 5604 parcere,
2574 5550 2794 5590 manum
2845 5535 3087 5604 praebere
3145 5533 3414 5604 proximo,

1669 5754 1896 5809 NOTAE.

231 5850 327 5921 (16)
357 5853 412 5906 In
443 5856 563 5909 cod.
613 5855 744 5920 lieg.
781 5853 911 5919 ρλα’.
