3934 6454
496 343 640 409 1395

1692 353 1753 412 S.
1787 355 2180 418 THEODORI
2222 361 2362 422 STU
2377 364 2576 424 ῡίΤίΕ

3633 388 3771 459 1396

490 462 720 517 humilia
774 465 1000 530 sentire,
1053 466 1314 538 colligere
1350 483 1432 530 se,
1467 485 1566 526 nec
1596 470 1832 527 effusum
1858 489 1984 530 esse
2009 476 2066 530 li-

2187 479 2260 550 μὴ
2307 481 2702 554 διακεχυμένον
2744 489 2864 554 ταῖς
2918 492 3228 566 αισθήσεσι,
3278 499 3349 556 δι’
3398 495 3475 560 ῶν
3536 507 3773 578 θάνατος

489 554 674 609 centia
715 569 1003 622 sensuum,
1045 572 1140 627 per
1192 574 1334 628 quos
1366 562 1576 630 peccati
1614 579 1762 619 mors
1793 568 2075 631 ascendit;

489 645 681 712 paucis
726 654 1047 702 contentum
1094 664 1240 714 esse,
1275 666 1378 704 non
1412 651 1668 707 inebriari
1691 656 1832 720 vino,
1868 658 1925 710 in
1955 675 2076 728 quo,

489 745 550 789 ut
582 737 824 806 loquitur
866 741 1185 808 Apostolus,
1235 753 1312 797 est
1345 743 1566 798 luxuria
1583 746 1627 778 ⁸⁸
1659 765 1673 813 ;
1706 763 1816 802 non
1857 751 2079 807 studere

487 829 817 895 avaritiae”,
878 831 935 886 in
981 848 1086 903 qua
1139 837 1297 890 radix
1343 847 1429 892 est
1471 841 1740 895 malorum
1773 845 2074 910 omnium;

487 919 771 976 assiduum
830 937 954 980 esse
1004 926 1061 981 in
1121 930 1486 998 orationibus,
1530 933 1583 988 in
1629 936 1980 1003 lectionibus,
2019 939 2074 994 in

485 1012 830 1080 psalmodiis,
861 1016 917 1072 in
951 1020 1146 1075 mortis
1189 1023 1564 1092 meditatione,
1599 1027 1652 1081 in
1694 1045 1801 1098 qua
1834 1039 1918 1086 est
1951 1034 2080 1086 ani-

485 1119 590 1158 mae
624 1110 978 1176 compunctio
1014 1128 1142 1166 cum
1177 1112 1458 1186 lacrymis.
1496 1116 1887 1190 Lacrymarum
1931 1125 2074 1179 enim

484 1205 571 1250 est
627 1213 868 1266 presens
909 1202 1046 1270 vita,
1089 1218 1123 1258 o
1171 1204 1494 1272 Christiani,
1556 1212 1652 1266 sed
1691 1228 1796 1266 non
1837 1215 2072 1272 risuum.

482 1283 647 1341 Nullo
681 1289 845 1345 modo
869 1291 1079 1362 jurare,
1112 1311 1216 1352 nec
1241 1300 1611 1356 venerandum
1649 1303 1740 1359 Dei
1776 1321 1971 1362 nomen
2018 1309 2073 1363 in

481 1376 810 1447 jnramentis
854 1400 1168 1456 usurpare:
1222 1391 1423 1446 salvari
1467 1394 1613 1448 enim
1651 1398 1744 1464 qui
1779 1397 1931 1467 jurat
1963 1415 2070 1455 non

486 1480 685 1538 potest.
721 1473 1028 1533 Immunem
1058 1495 1178 1536 esse
1209 1482 1277 1536 ab
1301 1485 1428 1539 odio
1453 1485 1744 1552 Cainitico,
1777 1493 1847 1545 ab
1876 1494 2075 1548 exitio-

486 1573 547 1612 sa
570 1561 928 1630 detractione,
954 1568 1025 1623 ab
1045 1570 1169 1623 odio
1196 1571 1287 1626 Dei
1320 1572 1562 1642 inimico,
1595 1593 1624 1632 a
1652 1581 1904 1637 convicio
1927 1587 2074 1654 quod

485 1649 729 1705 excludit
758 1667 789 1706 a
816 1669 985 1723 regno
1017 1658 1285 1713 ctelorum
1314 1677 1329 1714 :
1367 1677 1548 1732 regem
1576 1669 1850 1723 honorare
1886 1686 1951 1724 ac
1980 1687 2074 1741 pa-

485 1747 710 1795 rentes:
768 1743 1057 1814 conjugem
1117 1755 1178 1800 ut
1204 1749 1445 1816 seipsnm
1496 1752 1724 1823 diligere
1753 1798 1767 1822 ,
1799 1772 1898 1812 nec
1925 1759 2069 1813 aliud

2180 571 2458 644 ἁμαρτίας
2481 576 2708 643 ἄνεισιν,
2767 583 3104 656 αὐταρκείας
3145 591 3388 664 ἔχεσθαι,
3449 601 3538 672 μὴ
3583 571 3774 674 mea:

2178 671 2434 721 σκεσθαι
2466 668 2631 736 οἴνῳ,
2657 672 2729 726 ἐν
2781 668 2830 742 ᾧ
2894 678 3087 747 ἐστιν,
3133 668 3533 758 ἀποστολικῶς
3566 668 3770 766 εἰπεῖν,

2177 757 2444 850 ἀσωτίαο
2481 762 2555 833 μὴ
2599 765 2983 840 φιλαργυρεῖν,
3021 774 3080 828 ὲν
3119 769 3164 844 ᾦ
3190 779 3221 850 ἡ
3248 780 3372 850 ῥίζα
3399 786 3620 842 πάντων
3661 757 3771 847 τῶν

2178 849 2365 903 κακῶν
2398 853 2513 906 ἐστι
2539 871 2554 885 ο
2583 856 2866 926 σχολάζειν
2892 863 2952 916 ἐν
2980 865 3252 938 δεήσεσιν,
3279 875 3338 928 ἐν
3371 877 3770 951 ἀναγνώσεσιν,

2176 942 2234 994 ἐν
2265 942 2628 1013 ψαλμῳδίαις,
2661 950 2719 1004 ὲν
2748 953 2989 1028 μερίμνῃ
3037 958 3296 1029 θανάτου,
3333 967 3421 1036 ἐφ’
3527 942 3774 1030 κατάνυλ

2178 1031 2259 1137 Si;
2302 1035 2478 1108 ψυχῆς
2508 1040 2604 1092 καὶ
2630 1041 2864 1116 δάκρυα.
2899 1049 3164 1122 Δακρύων
3210 1057 3321 1129 γὰρ
3351 1031 3388 1111 ὁ-
3415 1031 3608 1134 τέαρὼν
3630 1067 3770 1137 βίος.

2175 1117 2220 1177 ὧ
2263 1126 2601 1196 Χριστιανοὶ,
2653 1134 2773 1188 ἀλλ’
2796 1138 2856 1190 οὐ
2879 1117 3158 1206 γελώτων.
3181 1117 3468 1220 Μηδαμῶς
3495 1117 3768 1225 όμνύῗειῖιρνζ

2179 1217 2314 1289 μηδὲ
2351 1220 2535 1287 ὅρκιον
2558 1225 2620 1278 τὸ
2655 1228 2952 1301 πολύτιμον
2978 1235 3161 1306 ὄνομα
3188 1217 3284 1294 soi")
3311 1217 3447 1300 Θεοῦ
3492 1217 3584 1303 δίὰ
3643 1256 3772 1306 στὸ-

2179 1324 2348 1414 "pato;
2379 1312 2608 1414 tp'épstv:
2643 1318 2704 1370 οὐ
2744 1320 2852 1390 γὰρ
2882 1321 3003 1378 ἔστι
3030 1326 3123 1379 τὸν
3163 1329 3434 1400 ὀμνύοντα
3497 1341 3767 1414 σωθῆναι.

2177 1395 2727 1471 Καθαρεύεινφθόνου
2744 1410 2840 1463 τοῦ
2871 1412 3098 1478 Καΐνου,
3130 1395 3463 1490 καταλαλιᾶς
3489 1432 3589 1501 τῆς

2177 1485 2350 1556 θρίου,
2361 1491 2552 1558 μίσους
2568 1497 2661 1550 τοῦ
2678 1499 3264 1581 ἐχθροθέου,λοιδορίας
3280 1518 3380 1586 τῆς
3399 1485 3504 1585 ἔξω
3519 1485 3772 1599 {elicior};

2178 1579 2458 1649 βασιλείας
2477 1588 2745 1656 οὐρανῶνο
2777 1599 2944 1667 τιμᾷν
2960 1600 3052 1653 τὸν
3082 1579 3479 1677 βασιλέαίτούς
3509 1579 3772 1691 γεννήτόί

2177 1689 2280 1781 ρας
2305 1689 2319 1703 ·
2351 1677 2573 1781 ἀγαπᾷν
2607 1681 2685 1781 ῶς
2708 1686 2903 1741 ἑαυτὸν
2932 1691 3031 1761 τὴν
3060 1696 3356 1768 ὁμόζυγον,
3387 1705 3482 1758 καὶ
3623 1677 3772 1780 γνω-

2180 1758 2349 1828 ρίζειν
2377 1763 2546 1836 ἄλλην
2575 1769 2820 1843 πλευρὰν
2849 1758 3141 1854 πορννικὴν,
3183 1758 3269 1857 sap"
3403 1758 3767 1868 (ima—.655.

485 1825 847 1887 fornicarium
897 1834 1043 1890 latus
1096 1853 1451 1908 cognoscere,
1495 1841 1549 1894 in
1579 1859 1689 1910 quo
1714 1845 1792 1899 ira
1823 1855 1909 1901 est
1937 1847 2030 1902 Dei
2060 1866 2066 1902 :

494 1918 864 1954 Πηφκὶρηιη...
888 1927 1023 1954 -..ἐμ
1049 1938 1093 1954 ,ι
1135 1931 1396 1954 ..ι..ι.....Δ
1424 1933 1536 1954 3-.."
1554 1952 1590 1954 _,
1610 1935 1678 1954 ιρ.
1727 1938 1762 1954 n
1873 1941 1917 1954 η
1977 1941 2034 1954 η.

2181 1825 2190 1828 ν
2499 1825 2510 1836 ι
2721 1825 2733 1843 ι
2856 1825 3141 1854 --νι--ν--σιη
3183 1825 3250 1857 ιγ
3311 1825 3325 1864 ε
3403 1825 3431 1846 υ
3599 1825 3767 1860 σεου.

2180 1857 2584 1954 {ICERVOVQTJ‘P
2611 1866 2709 1919 καὶ
2722 1871 2976 1939 μοιχοὺς
3001 1880 3199 1946 κρινεῖ
3230 1886 3265 1937 ὁ
3292 1825 3467 1954 025.154".l
3479 1825 3770 1952 ξαιδεύειν

485 1918 864 1979 Fornicatores
884 1927 1026 1980 enim
1043 1938 1094 1983 et
1129 1931 1398 1986 adulteros
1413 1933 1680 2002 judicabit
1718 1938 1940 1995 Deus".
1976 1941 2070 1996 Fi-

482 2011 588 2067 lios
639 2016 948 2072 secundum
1006 2019 1178 2076 Deum
1227 2023 1538 2092 instituere,
1588 2038 1642 2082 et
1670 2033 1979 2102 exemplum
2014 2050 2072 2090 se

482 2100 593 2158 illis
623 2103 689 2158 ad
718 2108 1065 2175 prudentiam
1100 2112 1375 2181 praebere;
1405 2124 1460 2170 et
1499 2118 1605 2172 alia
1632 2100 1972 2192 quaecunque
2003 2125 2068 2180 ad

482 2194 682 2251 animae
715 2200 950 2257 salutem
983 2215 1252 2274 praecepta
1282 2216 1431 2263 sunt.
1472 2207 1600 2264 Haec
1637 2222 1786 2276 sunt,
1823 2215 2066 2284 domine,

481 2303 604 2358 quae
632 2292 864 2361 egregiis
894 2298 1218 2355 muneribus
1248 2301 1356 2356 tuis
1385 2304 1738 2371 rependimus
1780 2325 1793 2360 :
1837 2324 1958 2378 quae
2001 2326 2071 2366 ne

481 2383 780 2449 spreveris,
808 2389 1030 2442 tametsi
1059 2390 1128 2444 ab
1156 2391 1428 2448 inltonoro
1450 2395 1632 2464 capite
1673 2397 1913 2468 profecta
1937 2402 2067 2457 sint.

481 2470 580 2528 Dei
609 2474 755 2530 enim
786 2479 1043 2535 mandata
1067 2483 1241 2550 pluris
1273 2484 1522 2542 facienda
1551 2498 1680 2543 sunt
1707 2505 1870 2561 quam
1907 2507 2071 2550 omne

480 2579 677 2621 aurum
704 2575 760 2623 et
787 2567 928 2639 lapis
954 2574 1249 2640 pretiosus.

549 2676 740 2738 CXXI.
778 2713 850 2725 ο-
883 2684 1097 2743 ΤΙιοιηιε
1129 2693 1455 2761 patriarcha:
1494 2693 2004 2772 Hierosolymt'tano.

1960 2979 2040 3015 an.
2072 2970 2183 3035 821,
2206 2989 2254 3026 ιι.
2279 2977 2383 3041 55.)

549 3045 773 3111 Quanto
810 3063 915 3104 nos
963 3049 1199 3110 humiles
1228 3054 1410 3114 affecti
1461 3059 1730 3118 fuerimus
1761 3067 1962 3132 gaudio
1999 3086 2065 3126 ex
2094 3080 2138 3138 α

479 3141 884 3210 sapientissime
932 3159 1042 3215 qua
1090 3161 1193 3202 nos
1233 3165 1328 3220 per
1368 3153 1655 3220 epistolam
1701 3160 1907 3230 dignati
1940 3163 2071 3220 estis

479 3233 844 3299 allocutione,
895 3237 1208 3308 perspicere
1248 3249 1432 3311 potest
1474 3261 1730 3315 suprema
1793 3251 2071 3308 beatitudo

480 3336 662 3379 vestra
700 3341 714 3379 :
745 3326 944 3395 quippe
973 3329 1066 3397 qui
1097 3334 1400 3399 apostolico
1437 3338 1606 3406 gradu
1654 3344 2072 3410 superemineno

479 3427 585 3477 tes.
624 3426 679 3471 et
716 3417 906 3473 fratris
942 3418 1157 3476 Domini
1195 3439 1292 3492 per
1317 3426 1619 3497 legitimam
1662 3437 2068 3493 successionem

480 3523 768 3577 personam
808 3521 1080 3581 gerentes,
1131 3517 1215 3570 vel
1264 3519 1382 3574 solo
1428 3522 1594 3577 all‘atu
1643 3527 1915 3584 honorare
1965 3547 2066 3587 nos

479 3600 745 3671 inglorios
801 3606 1001 3660 merito
1054 3612 1358 3677 poteratis:
1396 3616 1596 3670 nedum
1639 3627 1914 3675 tantarunt
1944 3623 2067 3677 lau-

477 3691 608 3744 dum
643 3691 904 3763 fastigiis,
948 3712 977 3749 a
1007 3698 1207 3767 quibus
1253 3717 1354 3757 nos
1404 3713 1515 3759 tam
1573 3707 1732 3778 longe
1773 3711 2063 3780 absumus,

479 3788 540 3833 ut
586 3796 724 3850 pene
754 3785 1011 3840 arbitrari
1049 3803 1158 3842 non
1207 3792 1457 3847 ausimus
1488 3795 1555 3849 de
1589 3798 1748 3853 nobis
1772 3800 1912 3856 dicta
1951 3802 2064 3859 haec

477 3889 509 3924 a
547 3874 702 3928 vobis
727 3874 898 3932 fuisse
927 3893 940 3931 :
976 3895 1041 3934 ac
1075 3897 1143 3936 ne
1171 3884 1336 3940 ullius
1375 3887 1598 3955 quidem
1634 3906 1698 3945 ex
1727 3892 1794 3946 iis
1824 3898 1916 3964 qui
1948 3896 2063 3951 for-

477 3966 604 4020 titer
642 3982 702 4022 se
723 3982 1010 4039 gesserunt
1039 3988 1160 4029 esse
1196 3975 1310 4031 haec
1353 3982 1622 4047 encomia,
1659 3985 1751 4038 sed
1785 3987 2063 4044 clivinissi-

479 4057 549 4109 mi
615 4059 875 4116 antistitis
926 4065 1120 4130 nostri,
1185 4066 1238 4121 in
1285 4084 1447 4137 quem
1511 4075 1707 4129 merito
1770 4081 2062 4136 conveniat

475 4150 732 4217 quaalibet
769 4153 1151 4226 cujuscunque
1199 4159 1530 4218 laudationis
1563 4169 1763 4222 oratio.
1813 4171 1916 4225 Sed
1965 4175 2059 4242 qui

474 4243 632 4295 aliter
685 4243 954 4313 patefacta
1016 4245 1212 4304 fuisset
1277 4251 1588 4324 benignitas
1646 4269 1824 4315 vestra
1860 4262 2060 4319 divinae

474 4333 690 4398 aemula,
734 4337 837 4390 nisi
870 4341 1112 4408 paternis
1137 4342 1420 4400 atl'ectibus
1449 4350 1732 4417 splendide
1758 4369 1902 4408 esset
1931 4371 2058 4424 pro-

474 4424 630 4480 dita:
673 4426 819 4480 sicut
857 4438 910 4482 et
955 4432 1085 4486 solis
1118 4433 1210 4486 lux
1255 4450 1551 4506 erumpens
1602 4443 1765 4497 radiis
1793 4445 2052 4499 dilfundi-
2087 4429 2130 4482 Ῑ)

474 4518 595 4570 tur?
644 4519 746 4584 Qui
787 4521 949 4576 aliter
995 4526 1269 4582 unanimis
1304 4539 1357 4583 et
1392 4535 1717 4602 conspirans
1767 4538 2052 4593 nobiscum

473 4625 668 4664 sensus
701 4624 1126 4685 agnosceretur;
1156 4619 1260 4674 nisi
1303 4623 1370 4678 ab
1416 4624 1479 4677 iis
1520 4640 1918 4696 secerneretur,
1960 4634 2054 4702 qui

472 4703 542 4759 ad
571 4706 938 4774 adversarios,
986 4713 1403 4787 qualescunque
1436 4720 1510 4773 illi
1552 4722 1682 4787 sint,
1725 4738 1923 4793 Sponte
1958 4732 2054 4785 dc-

470 4796 758 4854 fecerunt?
808 4801 885 4856 De
931 4804 1153 4872 quibus,
1222 4812 1322 4864 etsi
1365 4812 1625 4869 audacius
1666 4818 1738 4871 sit
1792 4836 1820 4872 a
1872 4822 2051 4889 nobis,

469 4905 687 4959 tequum
739 4901 917 4948 tamen
962 4905 1045 4951 est
1082 4898 1212 4962 dici,
1249 4902 1379 4972 quid
1428 4907 1689 4962 tandem?
1721 4913 1862 4980 quod
1894 4914 2050 4968 ebul-

470 4983 634 5037 liente
665 4984 885 5040 hairesis
911 4991 1297 5056 persecutione
1335 4999 1698 5055 conveniebat
1734 5005 2048 5062 sublimium

468 5076 679 5130 sedium
740 5079 1039 5149 antistites,
1080 5094 1339 5156 tanquam
1380 5090 1618 5157 Spiritus
1653 5097 1956 5165 adjutores,
1998 5113 2050 5158 et

467 5171 780 5242 apostolicis
826 5174 1269 5236 institutionibus
1319 5182 1528 5250 plenos,
1570 5187 1814 5245 fraterno
1861 5196 2048 5250 animo

466 5266 820 5333 commoveri,
873 5285 1094 5325 manum
1138 5289 1236 5339 pro
1264 5278 1484 5333 veritate
1527 5287 1866 5343 certantibus
1895 5305 2048 5344 com-

465 5355 722 5423 patiendo
744 5361 1038 5431 porrigere.
1080 5364 1137 5417 Si
1169 5369 1296 5436 quid
1321 5372 1480 5435 enim,
1511 5374 1608 5442 ait,
1639 5381 1843 5446 patitur
1882 5399 2042 5437 unum

534 5469 580 5503 ⁸⁸
606 5471 801 5540 Epltes.
832 5493 882 5541 γ,
919 5478 1003 5534 18.

2176 1944 2380 2053 ἐνθέ.ως
2407 1950 2476 2004 τὰ
2503 1954 2691 2022 τέκνα,
2707 1961 2819 2014 ,καὶ
2845 1944 3046 2021 ἑαυτὸνή
3088 1971 3396 2047 ὑπόδειγμα
3411 1944 3640 2039 ⁸τιθέναι

2176 2035 2357 2091 αὐτῶν
2407 2043 2678 2110 συνέσεως
2701 2064 2716 2079 °
2755 2054 2850 2105 καὶ
2898 2056 2998 2110 ὅσα
3064 2060 3202 2118 ἄλλα
3233 2067 3261 2119 ὁ
3418 2035 3641 2147 ἐντολῆς

2174 2143 2272 2238 γος
2290 2132 2515 2238 ἀπαιτεῖ
2535 2138 2616 2201 είς
2649 2147 2925 2212 σωτηρίαν
2958 2150 3159 2223 ψυχῆς.
3197 2132 3401 2228 Ταῦτα,
3423 2159 3469 2218 ὦ
3501 2132 3766 2238 δέσῖιτοτα,

2174 2219 2522 2324 ἀμειπτήρια
2553 2229 2664 2282 τῶν
2693 2234 2878 2290 καλῶν
2922 2219 3335 2320 σου-*τιαροχῶν
3365 2219 3399 2285 θ’
3444 2257 3481 2312 ἃ
3508 2261 3583 2331 μὴ

2174 2310 2393 2429 μάσοις,
2423 2317 2526 2372 κᾶν
2559 2320 2618 2386 ἐξ
2645 2322 2843 2395 ἀτίμου
2877 2310 3458 2417 στόματος-προήχθη,

2171 2404 2386 2548 ὲέτολαὶ
2406 2414 2607 2480 παντὸς
2642 2421 2866 2490 χρυσίου
2901 2427 2998 2480 καὶ
3023 2428 3189 2486 λίθων
3222 2404 3536 2512 milia;th
3563 2404 3770 2518 τιμαλῗ.

2173 2513 2210 2548 ω
2248 2514 2464 2548 στεοαι-

2173 2513 2464 2570 φεστεραι.

2188 2705 2348 2762 PKA'
2407 2710 2542 2784 (17).
2568 2747 2636 2759 -—
2670 2723 2842 2793 Θωμᾷ
2877 2731 3237 2875 [ἵειζξῆιᾶρχῃ
3306 2737 3758 2818 Ἱεροσολύμων.

2253 3080 2470 3139 Ἦλίκον
2494 3088 2747 3162 ἥσθημεν
2771 3097 2819 3148 οί
2847 3101 3096 3155 ταπεινοὶ
3123 3104 3222 3175 τῆς
3251 3107 3341 3163 διὰ
3365 3112 3458 3166 τοῦ
3491 3117 3764 3190 γράμμα-

2171 3187 2265 3234 τος
2291 3177 2568 3248 πανσόφου
2601 3182 2754 3252 ὑμῶν
2782 3194 3224 3263 προσφωνήσεως
3271 3177 3763 3273 ἠξιωμένοι,.αυν-

2171 3267 2304 3336 ορᾷν
2366 3271 2603 3340 πάρεστι
2637 3279 2702 3347 τῇ
2737 3283 3012 3355 κορυφαίᾳ
3043 3286 3200 3356 ὐμῶν
3231 3267 3635 3370 μακαρῖιότητῖιθ
3675 3307 3760 3360 οῖ-

2170 3374 2234 3426 γε
2262 3359 2338 3430 τῷ
2371 3364 2717 3439 ἀποστολικῷ
2754 3370 2950 3443 βαθμῷ
2998 3359 3493 3454 ὑπερανεστῶτες,
3527 3359 3633 3445 ’καὶ
3695 3359 3758 3452 τὸ

2170 3449 2264 3501 τοῦ
2294 3451 2616 3521 ἁδελφοθέου
2645 3459 2714 3512 δι’
2741 3460 2966 3533 ἐννόμου
2998 3465 3252 3539 διαδοχῆς
3268 3449 3559 3544 ἐπέχοντες
3581 3449 3758 3554 πρόσξ

2169 3557 2337 3607 ωπον,
2397 3546 2490 3598 καὶ
2538 3547 2666 3621 ψιλῇ
2704 3557 3014 3626 προσρήσει
3047 3563 3214 3632 τιμᾷν
3245 3557 3420 3636 ἔχοιτε
3449 3573 3576 3637 τοὺς
3625 3546 3756 3633 καθ’

2171 3634 2315 3704 ἡμᾶς
2341 3637 2698 3710 ἀγεράστους,
2759 3649 2902 3702 κατὰ
2925 3651 2986 3704 τὸ
3012 3654 3159 3718 είκός
3187 3672 3202 3686 ·
3391 3634 3570 3733 ὄτιγε-
3595 3671 3758 3742 τηλι-

2167 3727 2376 3783 κούτων
2403 3732 2640 3788 ἐπαίνων
2670 3736 2964 3809 ὐψώμασιν
2995 3760 3009 3774 ·
3043 3739 3118 3800 ὧν
3148 3750 3312 3821 ἡμεῖς
3331 3757 3586 3814 τοσοῦτον
3609 3763 3752 3818 ἀπο⁹

2165 3819 2376 3892 δέομεν,
2404 3825 2481 3889 ὡς
2531 3831 2731 3900 μικροῦ
2758 3833 2868 3887 δεῖν
2900 3823 3055 3907 ’μηδὲ
3098 3819 3303 3916 τολμᾷν
3356 3849 3565 3906 οἴεσθαι
3616 3861 3752 3928 περὶ

2163 3915 2194 3982 ὴ
2206 3915 2321 3983 μῶν
2351 3917 2441 3986 ὐφ’
2471 3919 2623 3990 ὑμῶν
2648 3921 2819 3976 ταῦτα
2848 3924 3131 3998 λελέχθαι·
3170 3915 3285 3988 ἀλλ’
3311 3938 3430 3992 οὐδέ
3459 3959 3607 4008 τινος
3638 3915 3750 4003 τῶν

2165 4006 2434 4078 ἀνδρικῶν
2462 4007 2691 4066 εἶναιτὰ
2721 4015 2977 4088 ἐγκώμια
2996 4036 3009 4048 ·
3043 4022 3212 4092 ἤγουν
3241 4025 3335 4080 τοῦ
3365 4029 3753 4092 θεσπεσιωτά-

2163 4115 2256 4152 του
2288 4101 2445 4171 ἡμῶν
2473 4105 2866 4177 ἀρχιποίμενος
2888 4128 2900 4140 ·
2928 4113 3015 4182 ἐφ’
3042 4109 3086 4182 ᾧ
3111 4119 3219 4182 πᾶς
3245 4121 3338 4175 καὶ
3357 4126 3558 4191 παντὸς
3588 4131 3617 4182 ό
3645 4133 3749 4203 τῆς

2161 4188 2438 4258 εὐφημίας
2473 4196 2697 4262 εἰκότως
2723 4200 3020 4257 ἀνάπτοιτο
3042 4205 3220 4276 λόγος.
3285 4212 3446 4269 Ἀλλὰ
3500 4188 3620 4284 πῶς

2161 4280 2333 4344 ἄλλως
2354 4282 2416 4335 τὸ
2440 4285 2772 4360 θεομίμητον
2803 4294 2959 4363 ὐμῶν
3010 4299 3102 4352 καὶ
3155 4280 3612 4381 εὐσυμπάθητονν
3635 4316 3746 4369 ὑπ-

2161 4371 2375 4442 εδείχθη
2401 4387 2415 4402 ⁸
2453 4377 2527 4447 μὴ
2573 4379 2694 4449 οὐχὶ
2720 4386 2840 4446 ταῖς
2881 4387 3186 4457 Πατρικαῖς
3227 4371 3507 4452 διαθέσεσι
3534 4402 3745 4475 θριαμ-

2161 4461 2454 4535 ϐευόμενον
2475 4484 2489 4498 ο
2525 4469 2601 4534 ὡς
2627 4474 2720 4525 καὶ
2751 4475 2901 4546 ήλίου
2930 4479 3140 4554 ἕξαλμα
3197 4486 3384 4542 ἀκτῖσι
3437 4461 3745 4552 κατασπεί-

2162 4557 2423 4628 ρόμενον;
2477 4563 2600 4627 Πῶς
2630 4565 2675 4617 δ’
2700 4565 2767 4620 ἂν
2797 4570 3002 4642 ἑτέρως
3026 4577 3086 4626 τὸ
3118 4577 3404 4651 σύμψυχον
3453 4587 3586 4656 ἡμῖν
3642 4593 3744 4646 καὶ

2159 4649 2476 4721 όμόγνωμον
2543 4655 2898 4748 ἐγνωρίσθτγγο
2960 4666 3035 4736 μὴ
3086 4669 3206 4740 οὐχὶ
3246 4649 3397 4744 ίπρδς
3449 4649 3579 4742 τοὺς
3624 4687 3742 4748 τοῖς

2157 4739 2426 4804 ἐναντίοις
2459 4745 2632 4797 ὁποῖοί
2659 4764 2790 4801 ποτε
2835 4746 2977 4822 ἦσαν
3021 4757 3502 4832 αὐτομολήσαντας
3530 4771 3744 4845 διακρι-

2156 4834 2380 4903 νόμενον
2405 4855 2419 4898 ;
2445 4839 2530 4906 ἐφ’
2556 4835 2637 4902 οἷς
2672 4842 2722 4895 εί
2793 4847 2888 4899 καὶ
2919 4848 3209 4921 τολμηρὸν,
3243 4857 3382 4929 πρὸς
3404 4861 3561 4930 ἡμῶν
3588 4834 3741 4935 ὁμῶς

2154 4925 2359 4981 ἔνδικόν
2390 4931 2502 4983 ἐστι
2536 4932 2703 5001 φάναι
2723 4951 2736 4965 °
2765 4938 2830 4990 Τί
2851 4939 3047 5007 τοῦτο;
3084 4945 3166 4997 ὅτι
3191 4925 3300 5017 τῆς.
3321 4925 3586 5020 αἱρέσεως

2154 5020 2359 5084 κτικῶς
2384 5024 2880 5101 ἀναπαφλασάσης,
2930 5035 3102 5106 ἐχρῆν
3153 5041 3282 5105 τοὺς
3338 5043 3448 5097 τῶν
3512 5047 3741 5122 ὑψηλῶν

2154 5111 2358 5183 θρόνων
2388 5118 2625 5188 ἐξόχους,
2655 5122 2732 5185 ὡς
2767 5123 2864 5177 τοῦ
2889 5127 3209 5200 Πνεύματος
3241 5111 3588 5211 συμμάχους,
3609 5111 3621 5122 ’
3640 5147 3740 5204 καὶ

2151 5203 2259 5256 τῶν
2294 5207 2668 5268 ἁποστολικῶν
2698 5215 3304 5293 ὐποθηκῶνὲμπλέους,
3336 5235 3737 5306 συγκινηθῆναι

2156 5297 2514 5370 φιλαδέλφως,
2551 5309 2708 5377 χεῖρα
2738 5309 2923 5379 ὀρέξαι
2967 5318 3080 5379 τοῖς
3139 5319 3280 5393 ὑπὲρ
3325 5323 3589 5395 ἀληθείας
3633 5334 3740 5385 κά-

2156 5407 2349 5458 μνουσι
2388 5399 2874 5472 συμπαθοπρεπῶς
2899 5446 2912 5460 .
2929 5406 3064 5464 Εἴτε
3080 5410 3211 5482 γὰρ,
3230 5417 3383 5486 φησὶ,
3414 5418 3639 5492 πάσχει
3667 5423 3731 5482 ἐς

1108 5481 1363 5540 ⁸³1Τὶιιι.
1402 5504 1471 5555 vl,
1507 5488 1594 5551 10,
1672 5495 1716 5524 ⁷⁰
1749 5495 1909 5552 llebr.
1946 5517 2064 5561 xm,
2111 5504 2162 5554 .t.

1982 5652 2208 5714 NOTAE.

534 5784 644 5854 (l7)
688 5786 741 5840 ιιι
779 5791 901 5844 cod.
942 5791 1070 5862 Heg.
1101 5796 1232 5865 ρλβ’.
