3934 6508
191 498 323 565 1397

1381 467 1921 534 EPISTOLARUM
1980 464 2130 525 LIB.
2179 416 2263 520 II.

3323 449 3461 514 1398

180 619 387 693 μέλος,
443 611 797 683 συμπάσχει
825 603 1023 660 πάντα
1054 599 1128 656 τὰ
1174 598 1361 668 μέλην
1410 597 1531 649 sire
1592 591 1773 657 δοξά-

1892 585 2194 647 nembrum,
2229 578 2626 649 compatiuntur
2650 576 2828 629 omnia
2884 570 3118 625 membra
3156 585 3175 623 :
3220 570 3327 624 sive
3351 568 3464 640 glo-

1908 679 1918 690 -
1965 687 1974 693 .
2037 692 2042 693 ,
2108 691 2134 693 η
2182 688 2265 693 μ---
2326 671 2614 693 -..-...ι...-....
2701 664 3027 693 -..μ-...υλιικο
3088 664 3266 693 ..ι-...ἔι-
3294 676 3461 693 ..ριν-ι-

184 686 335 772 ξεται
383 707 454 762 ἐν
477 703 681 775 μέλος,
712 696 1025 767 συγ-χαίρει
1046 690 1243 746 πάντα
1268 689 1342 743 τὰ
1364 686 1524 757 μέλη
1544 701 1561 718 ο
1594 701 1760 752 κεφα-

182 805 277 874 λῆς
299 797 506 871 δηλαδὴ
529 795 698 866 οὔσης
725 789 822 844 τοῦ
877 780 1336 856 ὲκκλησιαστικοῦ
1395 779 1518 834 ὅλου
1576 776 1767 844 σώμα-

182 869 272 958 τοίς
356 869 605 962 Χριστοῦ
670 883 764 939 τοῦ
842 877 1102 954 ἀληθινοῦ
1187 875 1396 947 Κυρίου
1463 873 1560 926 καὶ
1630 869 1768 924 Θεοῦ

184 986 368 1058 ἡμῶν.

251 1101 435 1166 Ὅπερ
469 1093 612 1163 ὁτῆς
638 1090 853 1152 Δὺσεως
896 1082 1254 1144 ἀποστολικὸς
1305 1074 1606 1149 πεπραχὼς
1640 1075 1766 1127 ὅσον

182 1187 548 1262 ὢνησε,τίδεῖ
576 1181 909 1249 καὶ¹λέγεινς
941 1174 1265 1249 ἐπιρρώσας
1292 1172 1394 1240 μὲν
1423 1169 1493 1226 τά
1538 1166 1647 1221 τῶν
1681 1166 1771 1220 ὲν-

187 1255 494 1350 ισταμὲνων
509 1277 592 1329 ὃτι
619 1273 853 1344 μάλιστα
876 1268 1222 1340 φρονήματα.
1249 1263 1423 1331 Είπερ
1449 1258 1547 1312 καὶ
1564 1255 1775 1327 σμικρά

187 1373 330 1445 ῥοπὴ
353 1369 544 1430 σθένος
571 1364 824 1437 ἐμποιεῖν
852 1359 1011 1414 εἴωθε
1039 1356 1119 1426 τῷ
1149 1355 1435 1424 κάμνοντι,
1468 1349 1773 1420 ἐπιρραπί-

185 1481 280 1527 σας
297 1463 357 1517 δὲ
374 1459 454 1531 τῷ
467 1475 598 1512 πνευ
607 1452 950 1528 ματοκινήτῳ
980 1444 1198 1516 ὲλεγμῷ
1207 1444 1315 1500 τῶν
1339 1438 1680 1494 ἀσεϐούντων
1707 1435 1777 1490 τά

184 1557 527 1628 φρυάγματα
558 1564 574 1579 ⁶
639 1541 701 1601 οὗ
730 1544 784 1600 τί
833 1544 898 1596 ἂν
951 1539 1166 1609 γένοιτο
1213 1530 1771 1603 σωτηριωδέστερον;

183 1644 264 1711 οἷς
295 1646 356 1700 δὲ
393 1643 555 1698 τοῦτο
610 1640 788 1693 ποιεῖν
818 1635 956 1700 ἐξὸν,
1008 1631 1236 1686 οὐτίπου
1288 1627 1570 1698 ποιήσασι,
1619 1621 1777 1676 τούν-

185 1741 371 1795 αντίον
398 1736 479 1800 δὲ,
532 1734 634 1788 οὐκ
655 1730 763 1800 ἔχω
815 1728 996 1796 λέγειν
1043 1725 1072 1777 ὁ
1108 1721 1299 1784 τάλας,
1332 1717 1472 1773 αἰδοῖ
1522 1712 1619 1769 τοῦ
1677 1713 1778 1784 τῆς

190 1828 600 1902 μακαριότητος
631 1821 787 1894 ἡμῶν
817 1817 1077 1888 ἀγγέλου,
1115 1816 1240 1868 ὅσον
1274 1811 1342 1865 ἂν
1402 1810 1489 1878 εἴη
1537 1808 1599 1860 τὸ
1645 1822 1780 1860 κατ-

1871 679 2046 730 riatur
2103 688 2268 727 unum
2324 671 2638 735 membrum,
2695 664 3027 736 congaudent
3086 664 3266 718 omnia
3294 676 3462 715 mom-

1872 772 1969 824 bra
1993 770 2078 835 ἠ;
2124 766 2252 837 quia
2286 765 2547 820 nimirum
2583 769 2750 831 caput
2784 769 2868 816 est
2898 758 3068 812 totius
3098 753 3463 812 ecclesiastici

1873 860 2121 931 corporis
2171 858 2447 920 Christus,
2508 869 2673 910 verus
2724 852 2994 908 Dominus
3051 863 3116 904 ac
3167 846 3310 902 Deus
3366 862 3468 901 no-

1873 963 2006 1007 ster.

1944 1067 2102 1135 Quod
2162 1062 2473 1122 Occidentis
2527 1059 2866 1131 apostolicus
2914 1073 3039 1113 cum
3087 1054 3462 1126 prmstitisset,

1874 1171 2140 1231 quantum
2175 1156 2462 1228 profuerit,
2489 1154 2619 1224 quid
2649 1149 3088 1208 attinetdicere?
3115 1147 3313 1218 partim
3344 1146 3470 1216 qui-

1875 1257 1998 1311 dem
2024 1252 2354 1309 certantium
2408 1259 2620 1303 mentes
2673 1257 3026 1314 summopere
3079 1241 3464 1297 conﬁrmans:

1877 1349 2152 1422 siquidem
2190 1347 2447 1416 exiguum
2496 1350 2832 1396 momentum
2870 1339 2980 1392 vim
3015 1347 3070 1392 et
3095 1337 3267 1391 robur
3305 1333 3467 1389 fessis

1876 1451 1932 1497 et
1987 1438 2362 1495 laborantibus
2413 1435 2611 1490 addere
2670 1433 2859 1487 solet:
2914 1429 3113 1500 partim
3167 1426 3466 1494 impiorum

1881 1533 2134 1588 fremitus
2177 1546 2208 1585 a
2260 1529 2466 1600 Spiritu
2511 1525 2757 1598 profecta
2791 1521 3219 1593 reprehensione
3246 1533 3470 1587 compe-

1881 1641 2088 1682 scens:
2141 1640 2254 1693 quo
2306 1621 2440 1692 quid
2511 1619 2630 1674 ﬁeri
2691 1619 2867 1688 potuit
2894 1611 3230 1671 salutarius?
3265 1609 3467 1665 Contra

1880 1734 2010 1774 vero
2048 1718 2143 1789 qui
2169 1717 2313 1772 idem
2355 1715 2534 1770 facere
2564 1728 2688 1768 cum
2718 1718 2966 1782 possent,
2999 1705 3225 1762 minime
3251 1701 3469 1774 praesti-

1881 1819 2090 1873 terunt,
2111 1810 2292 1864 dicere
2307 1810 2476 1863 miser
2499 1820 2694 1862 vereor
2715 1811 2938 1874 prepter
2962 1800 3140 1872 angeli
3166 1796 3468 1855 beatitudi-

184 1894 476 1995 ηγόρημα.
497 1894 502 1895 ν
524 1915 661 1971 Ἀλλ’
695 1915 879 1967 ἐκεῖνα
912 1910 1012 1982 μὲν
1040 1907 1216 1977 πέρας
1249 1905 1491 1974 εἴληφεν,
1523 1895 1635 1954 οἷον
1685 1897 1780 1953 καὶ

1892 1905 1971 1958 nis
2004 1913 2198 1958 vestrae
2220 1899 2608 1964 reverentiam,
2634 1907 2838 1968 quanta
2861 1896 2970 1950 illis
2991 1894 3254 1950 debeatur
3288 1904 3472 1959 repre-

187 1993 522 2085 ἐξήκουσται
549 2010 719 2064 ἅπασι
755 2023 770 2038 ·
796 2005 892 2058 τοῦ
921 1999 1129 2071 ἀγαθοῦ
1154 1997 1290 2052 Θεοῦ
1315 1997 1379 2050 ἐκ
1417 1993 1595 2049 ποδῶν
1624 1993 1777 2062 ποιήο

189 2081 384 2166 σαντος
416 2102 510 2154 τὸν
539 2099 814 2168 ἀλιτήριον
841 2094 1134 2165 δράκοντα,
1160 2087 1253 2142 καί
1302 2103 1366 2154 γε
1390 2083 1609 2153 θανάτῳ
1629 2081 1778 2145 ἐξαι-

190 2197 289 2265 σίῳ
323 2194 421 2245 καὶ
445 2189 546 2258 τῆς
570 2183 910 2245 ἀποστασίας
939 2179 1152 2247 ἐνδίκῳ.
1187 2176 1262 2229 Οὑ
1297 2175 1405 2245 μὴν
1431 2173 1503 2227 τά
1530 2171 1779 2244 παρόντα

188 2262 376 2348 καθὼς
407 2277 723 2335 ὑπετόπασέ
754 2292 890 2336 πως.
924 2274 1048 2326 Ὀτι
1075 2271 1104 2323 ὁ
1131 2268 1230 2341 μὲν
1253 2265 1463 2339 χειμὼν
1499 2262 1778 2335 παρῆ)θεν

189 2379 417 2433 οὒτίπου
447 2374 507 2427 δὲ
537 2371 600 2424 τὺ
622 2366 960 2438 ποθούμενον
987 2364 1087 2436 ἔαρ
1115 2382 1129 2395 ο
1160 2362 1194 2434 ἢ
1243 2362 1368 2415 ὅσον
1391 2357 1610 2427 αἰθρίαν
1653 2352 1778 2408 τινά

192 2469 538 2538 ὑπαυγάσαι,
574 2464 671 2516 καὶ
698 2461 857 2530 τήνδε
886 2457 974 2512 διά
1002 2455 1064 2510 τὸ
1092 2457 1188 2510 ἀπ’
1215 2452 1346 2523 ἠοῦς
1403 2451 1587 2520 νέφος.
1653 2449 1780 2520 Ἀρ-

194 2566 311 2618 κεῖν
335 2562 451 2630 γὰρ
483 2553 620 2625 ἡγοῦ
633 2570 731 2624 μαι
765 2552 860 2605 ἐπὶ
887 2551 987 2620 τῆς
1011 2548 1221 2611 εἰκόνος
1245 2547 1407 2600 ἐᾶσαι
1449 2542 1542 2596 τὸν
1595 2540 1776 2609 λόγον,

198 2656 338 2727 μήτε
367 2656 470 2721 τῆς
503 2646 658 2718 ὑμῶν
689 2641 1044 2715 μεγαλονοίας
1074 2639 1401 2708 ὲνδεομένης
1447 2633 1740 2705 μαθήσεως
1762 2647 1777 2663 ο

200 2725 323 2819 μήτ’
353 2744 427 2799 αὖ
456 2741 549 2796 τοῦ
594 2735 787 2808 καιροῦ
809 2731 1199 2803 ἐπιτρέποντος
1225 2728 1394 2799 φαίην
1420 2725 1773 2795 ὲκδηλότερα.

302 2840 468 2909 χάριν
494 2833 589 2887 καὶ
618 2831 675 2884 αί
706 2829 847 2899 ἱεραὶ
867 2825 1022 2897 ὑμῶν
1051 2824 1272 2895 κεραῖαι
1299 2818 1630 2875 άνεπίδοτοι.
1656 2813 1782 2878 Πῶς

196 2902 402 3002 γὰρ’τᾶν
429 2927 525 2982 καὶ
553 2922 909 3001 ἐπεδόθησαν,
938 2917 1095 2989 ἡμῶν
1120 2915 1229 2968 τῶν
1258 2910 1494 2966 εὐτελῶν
1520 2902 1622 2962 ὧδέ
1673 2923 1780 2959 που

200 2995 544 3093 πορρωτέρω
573 2995 666 3066 τοῦ
693 3011 886 3072 ἄστεος
916 3002 1410 3078 παρερριμμένων·
1445 2999 1635 3067 ὥσπερ
1689 2995 1785 3048 καὶ

200 3089 379 3172 ἄλλοιν
427 3106 636 3179 ἀλλαχῆ
681 3104 790 3158 τῶν
839 3098 1215 3169 δεδιωγμένων
1236 3114 1250 3163 ;
1275 3094 1387 3149 Καὶ
1414 3091 1545 3161 γοῦν
1570 3090 1663 3143 καὶ¹
1692 3089 1784 3140 λο-

199 3205 344 3275 γίαι,
381 3203 577 3272 ὥσπερ
601 3195 927 3265 ὲποθοῦμεν,
962 3189 1117 3244 οὔπω
1147 3189 1396 3258 ἐγένοντο
1421 3203 1435 3216 ·
1469 3183 1607 3253 πλὴν
1628 3183 1661 3250 ἡ
1692 3197 1786 3248 γε·

1880 1995 2093 2052 hensio.
2132 1994 2334 2048 Verum
2367 1993 2483 2048 haec
2511 1993 2609 2056 ita,
2634 1998 2690 2044 ut
2720 2003 2910 2043 omnes
2941 1985 3258 2048 audierunt,
3306 1981 3471 2035 finem

1878 2103 2093 2158 cepere,
2119 2085 2231 2141 Deo
2248 2086 2393 2140 bono
2417 2083 2695 2138 funestum
2719 2082 3016 2134 draconem
3039 2074 3465 2139 exterminante,

1877 2189 1933 2235 et
1984 2179 2208 2250 quidem
2267 2176 2437 2232 atroci
2486 2183 2662 2230 morte
2705 2181 2761 2228 et
2790 2170 3080 2242 apostasiae
3111 2175 3470 2238 congruente.

1879 2272 1990 2327 Nec
2044 2281 2230 2326 tamen
2281 2284 2348 2324 eo
2390 2269 2512 2323 loco
2565 2274 2694 2322 sunt
2733 2277 3132 2334 usquequaque
3178 2261 3475 2331 praesentia

1881 2379 1990 2434 quo
2026 2362 2343 2430 suspicatus
2365 2375 2444 2414 es.
2475 2357 2747 2423 Quoniam
2780 2355 2956 2409 hiems
2978 2353 3199 2423 quidem
3231 2350 3475 2414 transiit,

1880 2454 2126 2509 nondum
2165 2462 2343 2506 tamen
2383 2450 2540 2504 adest
2566 2463 2663 2502 ver
2695 2455 3036 2514 exoptatum,
3062 2442 3170 2497 nisi
3197 2449 3476 2510 quatenus

1882 2546 2150 2602 serenitas
2183 2543 2433 2612 quaedam
2465 2540 2708 2610 effulget,
2744 2548 2800 2595 et
2832 2539 2947 2592 haec
2976 2550 3074 2606 per
3111 2532 3372 2589 nebulum
3401 2532 3471 2584 ab

1882 2653 2103 2693 aurora.
2137 2635 2350 2691 Suﬂicit
2387 2634 2555 2695 enim.
2605 2633 2823 2701 opinor,
2873 2628 3114 2696 imagine
3151 2623 3474 2680 adumbrari

1881 2733 2230 2785 orationem:
2291 2727 2418 2797 quia
2451 2741 2553 2780 nec
2597 2723 2780 2779 doceri
2821 2735 2960 2791 opus
2988 2727 3075 2775 est
3121 2715 3476 2787 prudentiam

1883 2831 2146 2886 vestram,
2187 2834 2365 2888 neque
2387 2834 2508 2890 ego,
2541 2816 2624 2870 vel
2659 2815 2704 2870 si
2747 2825 2960 2883 tempus
2993 2810 3350 2882 permitteret,
3372 2806 3484 2862 cla-

1883 2915 2030 2968 riora
2056 2912 2317 2967 dicerem.
2347 2911 2480 2976 Quaa
2499 2911 2664 2965 etiam
2691 2922 2858 2963 causa
2902 2905 3005 2960 fuit
3050 2919 3153 2959 cur
3185 2902 3327 2959 sacri
3359 2901 3482 2970 api-

1885 3021 1975 3062 ces
2019 3003 2184 3059 vestri
2239 3004 2562 3074 erogatione
2611 3000 2968 3071 pecuniarum
3019 2995 3318 3052 caruerint.
3379 2993 3481 3059 Qui

1886 3095 2034 3151 enim
2064 3096 2211 3148 illam
2242 3093 2595 3162 accepissent
2629 3107 2658 3145 a
2699 3091 2858 3145 nobis
2885 3089 3089 3144 nullius
3106 3087 3269 3158 pretii
3309 3085 3486 3139 homi-

1888 3187 2048 3240 nibus
2079 3187 2254 3254 quiin
2292 3185 2439 3238 hunc
2482 3183 2660 3237 locum
2709 3180 2900 3251 procul
2926 3181 2995 3234 ab
3030 3179 3165 3233 urbe
3190 3175 3353 3246 ejecti
3393 3190 3489 3229 su-

199 3267 412 3370 νομένη
440 3296 516 3358 ὼς
546 3267 604 3345 εν
626 3289 706 3361 τῷ
755 3284 1099 3359 ἐμϐολιμαίῳ
1132 3281 1405 3351 πιττακίῳ
1453 3277 1747 3348 δεδήλωται
1767 3289 1781 3302 ο

1892 3293 2033 3340 mus,
2088 3277 2232 3329 sicut
2270 3283 2326 3328 et
2385 3275 2494 3329 alio
2546 3274 2640 3328 alii
2671 3289 2736 3326 ex
2777 3271 2846 3326 iis
2902 3269 2997 3339 qui
3048 3267 3487 3338 persecutionem

200 3366 314 3444 τιῦν
342 3384 750 3448 ὲπιδωσάντων,
785 3378 1066 3449 εἰληφέναι
1103 3375 1306 3446 μᾶλλον
1335 3373 1368 3443 ἢ
1395 3370 1662 3442 προέσθαι
1694 3366 1789 3437 χά-

206 3501 292 3555 ριν
346 3475 760 3548 ὁμολογούντων
787 3487 801 3503 ο
851 3470 934 3522 ὃτι
998 3465 1258 3537 ἠξίωνται
1325 3460 1610 3515 κοινωνίαν
1665 3457 1788 3510 τινὰ

204 3549 355 3651 σχεῖν
377 3580 440 3630 ὲν
461 3579 574 3638 τοῖς
601 3570 926 3641 ἁγιωτάτοις
957 3565 1168 3625 τόποις,
1207 3557 1293 3627 ἐφ’
1317 3551 1400 3618 οἷς
1440 3553 1498 3606 τὸ
1525 3551 1667 3651 μέγα

202 3638 490 3731 ειζσεὸείας
521 3638 859 3730 ἀπετελέσθη
915 3657 1240 3731 μυστήριον,
1265 3647 1399 3709 Θεὸς
1444 3647 1502 3698 ὲν
1531 3642 1609 3713 τῷ
1666 3638 1791 3694 καθ’

205 3767 358 3834 ἡμᾶς
393 3761 582 3831 ὀφθεὶς
616 3758 767 3811 εἴδει.

1890 3377 2021 3422 sunt
2055 3367 2246 3437 passi?
2278 3368 2356 3420 Ita
2383 3383 2449 3421 ne
2494 3366 2738 3420 collecta:
2771 3362 2991 3434 quidem
3029 3358 3488 3431 quemadmodum

1891 3461 2248 3529 cupiebamus
2282 3460 2439 3514 factae
2462 3469 2613 3523 sunt,
2642 3467 2841 3528 praeter
2863 3471 2984 3510 eam
3012 3456 3079 3509 de
3105 3469 3213 3524 qua
3243 3454 3298 3506 in
3329 3452 3492 3506 sche-

1893 3553 1958 3608 da
2009 3554 2203 3608 litteris
2244 3555 2446 3608 inserta
2507 3552 2804 3607 indicatum
2834 3558 2917 3606 est
2953 3568 2967 3604 :
3003 3548 3072 3603 iis
3111 3546 3204 3617 qui
3234 3543 3494 3600 contule-

1897 3653 2047 3707 runt,
2080 3645 2359 3713 accepisse
2390 3645 2572 3711 potius
2606 3642 2835 3711 gratiam
2865 3655 3030 3711 quam
3071 3638 3292 3694 dedisse
3322 3632 3458 3702 proli
3478 3659 3493 3672 -

1901 3737 2182 3802 tentibus;
2218 3736 2365 3807 quod
2399 3735 2546 3805 digni
2599 3733 2807 3788 fuerint
2831 3733 2926 3804 qui
2957 3728 3329 3787 sanctissimis
3359 3722 3494 3787 locis

209 3824 712 3912 communicarent,
746 3845 801 3898 in
860 3839 1062 3912 quibus
1130 3845 1388 3904 magnum
1445 3825 1663 3898 pietatis
1728 3826 2050 3897 mysterium
2085 3836 2371 3897 peractum
2402 3834 2509 3892 est,
2565 3825 2709 3881 Deus
2741 3825 2798 3879 in
2855 3824 3037 3894 specie
3072 3831 3261 3880 nostra
3315 3841 3498 3897 appa—

209 3958 363 4003 rens.

283 4087 354 4139 Ὢ
376 4082 475 4137 τοῦ
499 4079 846 4151 παναῤῥήτου
877 4071 1188 4145 θαύματοςι
1243 4068 1457 4137 Ὀνπερ
1487 4067 1800 4134 ἐγγεγραμ-

1973 4056 2018 4113 0
2057 4026 2344 4112 ineli‘abile'
2362 4069 2599 4126 prorsus
2647 4055 2980 4110 miraculum
3007 4053 3021 4107 l
3052 4051 3227 4120 Quem
3272 4053 3496 4123 quidem

216 4179 382 4250 μένον
406 4175 510 4228 κάν
537 4175 603 4242 τῇ
644 4146 858 4242 Ῠραφῇ,
890 4161 1409 4237 πατροπαραδὸτως,
1443 4158 1571 4228 ἦτοι
1602 4154 1783 4250 θεοκη-

1900 4151 2066 4206 etiam
2113 4149 2327 4220 pictura
2379 4162 2728 4218 expressum,
2777 4157 3012 4216 paterna
3055 4146 3367 4212 traditione,
3397 4161 3496 4200 seu

215 4240 460 4346 θύκτωςν
495 4240 905 4338 ἡμέῖςνψμᾶλλον
941 4258 1000 4311 δὲ
1035 4259 1069 4327 ή
1099 4255 1190 4308 ὑπ’
1218 4250 1468 4322 οὐρανὸν,
1504 4242 1783 4316 ὁμολογοῦ·

1902 4245 2087 4315 potius
2125 4244 2313 4297 divina
2344 4257 2476 4297 voce
2500 4256 2624 4306 nos,
2658 4241 2743 4295 vel
2778 4241 2961 4309 potius
2993 4240 3148 4294 orbis
3179 4240 3494 4304 universus,

219 4330 322 4436 μέν
373 4330 577 4415 τέ’κᾶι
620 4330 1055 4424 προσκυνοῦμεν,
1093 4345 1152 4412 ἐξ
1182 4345 1352 4411 αὐτῆς
1401 4337 1650 4410 βαλϐίδος
1702 4335 1783 4389 τοῐ

1901 4336 2231 4391 conlitemur
2305 4342 2360 4388 et
2423 4333 2724 4388 adoramus
2778 4332 2846 4386 ab
2899 4333 3017 4402 ipso
3091 4330 3498 4400 praedicationis

216 4423 288 4524 κη
298 4453 601 4524 ρὺγματος.
627 4423 701 4501 Ui:
723 4445 831 4514 γὰρ
852 4442 916 4497 ἂν
936 4441 1108 4499 ἄλλως
1133 4434 1520 4508 ὁμολογηθεῖεν
1541 4428 1778 4501 Χριστὸς

1905 4427 2157 4482 exordio.
2193 4425 2367 4480 Aliter
2390 4426 2537 4480 enim
2583 4441 2690 4478 non
2736 4425 3131 4480 conﬁteremur
3165 4423 3448 4477 Christum
3479 4439 3494 4476 :

216 4514 816 4612 ὼξοὶ-μακαριώτατοι
845 4535 1126 4589 διδάσκετε
1147 4571 1162 4596 ,
1185 4531 1450 4601 ἡρνηνται
1474 4525 1533 4577 δὲ
1574 4523 1783 4576 Ίουδαῖ·

1905 4524 2048 4579 sicut
2074 4538 2174 4577 vos
2209 4521 2515 4575 beatissimi
2545 4520 2776 4582 docetis,
2801 4526 3001 4585 negant
3027 4530 3155 4570 vero
3183 4514 3498 4570 Iudaeorum

218 4639 336 4696 κῶς
363 4640 412 4690 οἱ
445 4635 756 4703 δυσώνυμοι
802 4626 1180 4697 Εἰκονομάχοι,
1207 4622 1282 4686 ὼς
1329 4620 1433 4673 ὑπὸ
1487 4615 1783 4686 πνεύματος

1909 4630 2063 4670 more
2118 4611 2466 4668 detestabiles
2531 4607 2905 4671 lconomachi,
2973 4617 3234 4673 tanquam
3280 4619 3311 4657 a
3350 4602 3498 4656 malo

219 4694 466 4801 πονηροῦ
492 4694 896 4795 ἐνεργούμενοι.
927 4694 1038 4774 καὶ
1070 4716 1128 4769 ὃν
1159 4717 1280 4773 ταῖς
1309 4710 1607 4766 θεοκλινέσι
1638 4722 1783 4776 προσ

1912 4707 2109 4777 spiritu
2157 4703 2372 4775 agitati.
2423 4703 2596 4769 Quem
2633 4700 2812 4770 ipsum
2847 4708 2902 4753 tu
2950 4695 3354 4766 acceptissimis
3383 4694 3497 4750 Deo

221 4789 413 4895 ευχαίς
473 4789 601 4872 ἵλεω
629 4789 960 4883 -πονιήσειας,
996 4806 1041 4863 ὧ
1076 4808 1196 4862 θεία
1243 4805 1339 4859 καὶ
1400 4803 1520 4873 ίερά
1573 4799 1781 4868 κεφαλὴ

1913 4798 2168 4870 precibus
2211 4794 2506 4866 propitium
2549 4791 2766 4856 reddas,
2819 4807 2852 4845 ο
2894 4789 3142 4845 divinum
3183 4797 3238 4843 et
3271 4803 3497 4842 sacrum

223 4878 495 4979 txgpétpat
521 4905 618 4974 τὴν
639 4878 942 4957 λαοπλάνον
977 4900 1212 4967 αἰρεσιν,
1249 4892 1454 4962 ἀνάψαι
1497 4887 1783 4959 ὀρθοδοξίαι

1914 4900 2121 4959 caput:
2169 4898 2231 4943 ut
2278 4887 2462 4958 populi
2511 4885 2874 4941 seductricem
2923 4881 3176 4937 hteresim
3225 4878 3498 4949 proﬂiget,

221 5002 398 5071 ἥλιον·
443 4993 564 5051 εἶτα
595 4996 690 5050 καὶ
725 4996 872 5065 ἡμᾶς
905 4992 1032 5055 τοὺς
1068 4994 1125 5045 ἐν
1151 4990 1361 5047 τέκνοις
1401 5001 1494 5036 σου
1519 4981 1783 5035 τελοῦντω

1915 4983 2150 5051 ﬁdeique
2175 4981 2489 5035 orthodoxa:
2533 4977 2702 5032 solem
2744 4973 3010 5030 accendat
3041 4993 3056 5028 :
3094 4972 3294 5028 deinde
3327 4980 3381 5026 et
3403 4987 3502 5025 nos

223 5062 548 5162 ἐλαχίστους
596 5062 1079 5158 περιποιήσασθαι,
1140 5077 1436 5148 ἑπομένους
1494 5072 1572 5144 τῷ
1627 5088 1783 5143 μακα·

1916 5077 2008 5145 qui
2047 5072 2260 5128 minimi
2296 5073 2349 5125 in
2399 5070 2527 5126 ﬁliis
2561 5071 2670 5123 tuis
2703 5081 2918 5130 sumus,
2953 5064 3156 5129 foveat,
3197 5062 3502 5118 beatissimi

228 5160 485 5254 ριωτάτῳ
541 5179 719 5248 Ila-cpi
753 5176 850 5230 καὶ
906 5174 1152 5246 ἀρχιερεῖ
1210 5168 1390 5240 ἡμῶν.
1460 5163 1604 5220 Εἶεν.
1666 5160 1807 5226 Τοὺς

227 5272 774 5344 ὲξυπηρετουμένους
800 5269 928 5339 ὑμῖν
959 5265 1206 5333 Πατέρας
1240 5263 1336 5315 καὶ
1375 5259 1620 5319 κλεινοὺς
1650 5254 1809 5311 ἀδελ-

229 5373 366 5440 φοὺς
410 5365 593 5437 ἡμῶν,
626 5361 740 5431 ὲγώ
791 5377 852 5414 τε
879 5359 976 5413 καὶ
1014 5360 1043 5411 ὁ
1098 5356 1230 5426 ἐμὸς
1284 5351 1535 5420 ἀδελφὸς,
1600 5348 1812 5401 Θεσσα-

228 5462 454 5529 λονίκης
515 5459 544 5511 ὁ
601 5453 1016 5524 θεοφιλέστατος
1077 5445 1527 5520 ἀρχιεπίσκοπος,
1587 5440 1815 5494 πλεῖστα

232 5549 740 5622 προσαγορεύομεν.
781 5546 908 5602 Ἐπὶ
953 5544 1061 5616 γάρ
1094 5542 1172 5612 τῷ
1224 5541 1364 5611 ἁγίῳ
1393 5556 1487 5593 σου
1514 5533 1811 5608 προσώπῳ,

233 5646 339 5717 πρὸ
363 5645 473 5696 τῶν
497 5642 676 5695 ποδῶν
707 5657 825 5705 σου,
864 5638 1064 5709 μᾶλλον
1099 5632 1457 5704 εὐλογηθῆναι
1501 5629 1688 5701 ἄμφω,
1721 5626 1817 5682 καὶ

234 5739 347 5791 ὅσοι
379 5735 491 5788 τῶν
521 5735 622 5788 σὺν
649 5734 802 5804 ἡμῖν,
835 5732 1009 5785 εἰπεῖν
1038 5725 1508 5800 πρεπωδέστερον.

343 5939 387 5969 ’¹
419 5937 435 5991 l
470 5936 604 5993 Cor.
641 5949 738 5988 xu.
760 5930 852 5986 ‘26.

1918 5167 2096 5222 Patris
2145 5177 2198 5221 et
2237 5163 2488 5234 praesulis
2534 5160 2709 5215 nostri
2749 5158 2996 5225 vestigiis
3027 5157 3377 5211 inliterentes.
3423 5153 3501 5208 Ita

1919 5258 2010 5314 sit.
2043 5258 2150 5310 Eos
2179 5255 2274 5325 qui
2337 5255 2652 5308 ministrant
2689 5251 2846 5306 vobis
2892 5259 3073 5320 patres
3099 5247 3502 5317 praeclarasque

1915 5350 2114 5404 fratres
2173 5355 2410 5409 nostros,
2454 5362 2555 5416 ego
2597 5353 2653 5399 et
2689 5343 2858 5397 frater
2890 5357 3044 5396 meus
3093 5337 3503 5393 Thessalonica:

1917 5441 2358 5510 archiepiscopus
2395 5439 2503 5492 Deo
2557 5435 2920 5492 charissimus
2972 5431 3268 5503 plurimum
3295 5429 3503 5484 saluta-

1920 5548 2061 5586 mus.
2125 5530 2324 5586 Coram
2381 5535 2570 5583 sancta
2616 5525 2761 5580 enim
2813 5524 2955 5578 facie
2999 5532 3114 5588 tua,
3183 5530 3310 5575 ante
3337 5517 3502 5588 pedes

1921 5637 2069 5689 tuos,
2116 5621 2552 5678 benedictionem
2601 5618 2849 5688 accipere
2883 5631 2984 5672 nos
3019 5613 3212 5669 ambos
3259 5621 3314 5666 et
3340 5619 3504 5680 quot-

1915 5726 2051 5789 quot
2094 5715 2375 5772 nobiscum
2422 5721 2568 5779 sunt,
2618 5712 2788 5768 multo
2819 5706 3232 5767 convenientius
3265 5703 3500 5761 dicatur.
