3934 6460
498 397 638 464 1399

776 507 986 564 CXXII.
1020 539 1088 551 -—
1123 507 1394 563 Theodoro
1420 508 1796 577 Itospitalario.

1693 399 1754 461 S.
1797 396 2191 458 THEODOBI
2223 397 2573 459 STUDIT.‘E

3640 393 3660 455 ‘l
3674 393 3778 456 400

2447 506 2604 560 PKB’
2628 507 2761 579 (l8).
2787 538 2858 549 —
2883 506 3157 576 Θεοδώρῳ
3191 508 3707 582 ξενοδιὰῳήχνηζ]

1488 624 1705 685 Rogatus
1728 621 1933 684 exponit
1954 633 2065 683 qua:
2084 619 2186 670 sint
2205 619 2421 671 hominis
2440 619 2702 673 Christiani
2725 622 2905 674 officia.

562 715 641 767 En
685 712 804 772 tibi,
852 709 1099 777 domine,
1158 710 1375 764 litteras
1401 724 1541 778 quas
1591 712 1748 778 petis,
1792 718 1846 763 et
1874 708 2095 762 absolve
2123 714 2169 765 Α

492 824 592 864 nos
654 807 723 860 ah
782 804 1164 860 accusatione.
1216 802 1330 858 Cur
1361 819 1511 867 vero,
1544 803 1715 868 dices,
1746 818 1853 856 non
1889 801 2086 855 citius?

490 902 629 968 Quia
685 898 864 970 pudor
891 897 1051 951 nobis
1084 905 1225 960 erat,
1267 896 1354 951 vel
1396 897 1691 961 hortando,
1728 896 1808 949 vel
1836 895 2085 949 docendo

490 991 852 1049 reverentiam
912 998 1062 1043 tuam
1118 988 1446 1059 alloqui.At
1500 988 1629 1057 quia
1656 986 1958 1051 desideras,
1991 1001 2083 1040 ac-

488 1090 628 1156 cipe,
665 1083 1066 1140 amantissime.
1096 1080 1243 1135 Nihil
1272 1097 1404 1152 ergo
1434 1081 1582 1135 aliud
1610 1090 1695 1135 est
1728 1097 1890 1135 verus
1923 1080 2083 1135 Chri-

488 1180 721 1242 stianus,
752 1192 917 1247 quam
940 1175 1347 1230 imitamentum
1375 1184 1430 1229 et
1466 1174 1809 1242 signaculum
1838 1174 2039 1228 Christi
2066 1192 2079 1227 :

489 1290 612 1327 cum
669 1272 746 1326 illi
789 1271 1072 1325 conciliari
1107 1269 1189 1324 sic
1237 1268 1456 1333 debeat,
1505 1277 1567 1323 ut
1596 1268 1839 1323 membra
1870 1268 2084 1338 singula

489 1364 682 1433 capiti,
710 1373 765 1416 et
798 1363 1008 1430 palmes
1035 1361 1153 1415 viti.
1210 1359 1478 1415 Dominus
1502 1362 1705 1431 quippe
1740 1362 1856 1430 ipse
1894 1360 2029 1415 dixit
2066 1377 2079 1413 :

494 1457 602 1528 Ego
633 1475 751 1514 sum
775 1459 920 1520 vitis,
953 1475 1040 1512 vos
1068 1457 1314 1526 palmites
1341 1456 1484 1510 7"".
1514 1456 1579 1510 Et
1602 1471 1821 1510 rursum
1844 1456 2077 1524 Aposto-

488 1551 575 1605 lus
604 1568 617 1604 :
660 1548 759 1603 Vos
789 1551 915 1604 estis
944 1566 1137 1618 corpus
1194 1548 1417 1615 Christi,
1447 1557 1497 1602 et
1543 1548 1778 1602 membra
1822 1546 1886 1601 de
1919 1562 2083 1600 ntem-

491 1644 667 1697 bro".
694 1642 954 1698 Fructum
1000 1658 1129 1713 ergo
1169 1642 1433 1710 feramus,
1466 1641 1710 1705 domine,
1744 1657 1878 1695 uvas
1906 1641 2084 1695 virtu-

492 1746 629 1796 tum,
656 1746 710 1790 et
747 1751 816 1791 ne
856 1734 1189 1805 infructuosi
1231 1735 1427 1790 simus.
1460 1736 1552 1789 Ait
1597 1736 1741 1790 enim
1769 1734 2033 1789 Dominus
2067 1753 2081 1789 :

493 1827 681 1883 Omnis
705 1828 907 1898 palmes
945 1830 1035 1899 qui
1066 1845 1171 1883 non
1202 1828 1334 1897 facit
1363 1828 1603 1898 fructum
1631 1828 1848 1895 bonum,
1880 1829 2085 1884 excidi-

492 1932 600 1984 tur,
662 1926 714 1974 et
772 1923 828 1975 in
885 1923 1055 1992 ignem
1108 1922 1345 1975 mittitur
1367 1921 1435 1986 ⁷⁷,
1496 1925 1761 1993 gehennae
1814 1922 2084 1977 videlicet.

492 2011 887 2068 Formidabiles
929 2014 1111 2069 minas
1162 2014 1669 2083 pertimescamus:
1715 2014 2086 2085 glorilicemus

2278 711 2435 773 Ἰδοὺ,
2481 710 2737 775 δέσποτα,
2766 712 2829 764 τὸ
2861 712 3097 782 γράμμα
3122 709 3467 776 ἀπαιτοῦντι,
3492 711 3603 764 καὶ
3643 712 3779 765 ἀπό-

2190 803 2352 855 λυσον
2383 803 2531 874 ἡμᾶς
2562 805 2661 873 τῆς
2709 804 3043 873 ἐγκλὴσεως.
3073 806 3174 858 Διὰ
3225 804 3280 858 τί
3324 806 3403 868 δὲ,
3452 806 3644 873 φαίης,
3705 808 3781 876 μὴ

2191 894 2419 964 τάχιον;
2473 895 2598 949 Ὀτι
2641 896 2975 965 αἱδουμένως
3039 898 3258 965 ετχομεν
3323 895 3657 960 νουθετικῶς
3713 900 3781 968 τῇ

2190 984 2462 1053 τιμιότητί
2492 1003 2587 1038 σου
2614 987 2951 1058 προσφέρειν
2978 987 3073 1040 τὸν
3101 987 3284 1055 λόγον.
3324 988 3480 1042 Ἐπεὶ
3526 988 3780 1057 ποθοίης,

2190 1078 2391 1144 δέξαιο,
2432 1080 2889 1150 προσφιλέστατε.
2923 1081 3090 1134 Οὐδὲν
3118 1078 3211 1134 οῦν
3243 1081 3372 1136 ἄλλο
3402 1083 3553 1137 ἐστὶν
3581 1086 3612 1136 6
3644 1083 3781 1154 ἀλη-

2192 1177 2291 1248 θὴς
2318 1176 2662 1247 Χριστιανὸς,
2692 1176 2724 1246 ἢ
2759 1175 2997 1245 Χριστοῦ
3033 1176 3263 1245 μίμημα
3291 1179 3384 1232 καὶ
3428 1178 3782 1249 ἀποσφράγι-

2193 1285 2306 1338 σμα
2354 1284 2367 1298 ο
2401 1266 2654 1320 τοσοῦτον
2704 1268 2935 1335 ὀφείλων
2963 1266 3302 1321 οἰκειοῦσθαι
3354 1269 3524 1337 αὐτῷ,
3560 1269 3639 1331 ὡς
3667 1269 3783 1337 εχει

2194 1360 2351 1430 μέλος
2381 1359 2612 1412 ’ἑκαστον
2643 1358 2782 1429 πρὸς
2809 1359 3071 1429 κεφαλὴν,
3104 1360 3199 1412 καὶ
3232 1359 3419 1429 κλῆμα
3474 1360 3617 1429 πρὸς
3675 1361 3786 1430 ἄμ-

2189 1451 2375 1506 πελον.
2424 1451 2598 1513 Αὐτὸς
2647 1451 2756 1523 γὰρ
2789 1452 2817 1503 ὁ
2847 1451 3052 1522 Κύριος
3104 1452 3349 1522 εἴρηκεν·
3394 1452 3541 1521 Ἐγώ
3588 1455 3710 1521 ειμι
3743 1453 3781 1521 ἠ

2189 1543 2478 1613 ἄμπελος.
2533 1543 2706 1612 ὑμεῖς
2738 1542 2814 1598 τὰ
2850 1542 3146 1611 κλήματα.
3184 1543 3296 1595 Καὶ
3343 1541 3507 1595 πάλιν
3547 1544 3576 1596 6
3622 1543 3787 1596 ’Λπό-

2194 1637 2412 1701 stola;-
2462 1635 2647 1704 Ὑμεῖς
2689 1636 2833 1691 ἐστε
2877 1634 3053 1704 σῶμα
3084 1634 3366 1703 Χριστοῦ,
3397 1634 3496 1688 καὶ
3514 1635 3679 1704 μέλη
3716 1635 3785 1689 ὲκ

2186 1728 2426 1801 μέρους.
2459 1730 2989 1801 Καρποφορήσωμεν
3021 1723 3136 1795 οῦν,
3165 1723 3210 1781 ὦ
3232 1727 3489 1792 δέσποτα,
3513 1730 3646 1792 τούς
3674 1728 3787 1782 τῶν

2192 1823 2403 1895 ἀρετῶν
2437 1823 2691 1894 βότρυας,
2725 1823 2819 1876 καὶ
2851 1821 2927 1892 μὴ
2955 1822 3199 1892 ἄκαρποι
3225 1814 3397 1891 ὦμεν.
3433 1821 3576 1891 Φησὶ
3616 1822 3732 1893 γὰρ
3757 1821 3786 1873 6

2194 1913 2398 1985 Κύριος
2422 1928 2437 1944 ’
2488 1910 2621 1967 Πᾶν
2672 1910 2880 1993 κλῆμα
2905 1912 2990 1981 μὴ
3045 1912 3262 1966 ποιοῦν
3296 1912 3532 1980 καρπὸν
3561 1913 3786 1979 καλὸν,

2193 2007 2567 2069 ἐκκόπτεται,
2593 2005 2691 2059 καὶ
2721 2007 2804 2068 εις
2835 2003 2957 2072 πῦρ
2985 2004 3306 2069 βάλλεται,
3333 2004 3395 2058 τὸ
3415 2004 3517 2075 τῆς
3551 2004 3789 2075 γεέννης

490 2108 658 2160 Deum
675 2105 739 2159 'in
768 2121 998 2176 corpore
1025 2115 1216 2161 nostro
1275 2114 1330 2160 et
1360 2106 1413 2160 in
1444 2107 1636 2176 spiritu
1686 2117 1899 2162 nostro.
1936 2107 2087 2162 Prse-

2199 2099 2414 2171 δηλαδή.
2451 2098 2790 2171 Φοϐηθῶμεν
2819 2100 2920 2168 τὴν
2954 2098 3193 2170 φοϐερὰν
3230 2098 3463 2170 ἀπειλήν
3480 2099 3503 2128 ’δ
3539 2098 3792 2165 δοξάσω-

489 2199 624 2269 cipit
658 2200 857 2254 iterum
887 2201 1228 2269 Apostolus;
1262 2200 1385 2270 ejus
1414 2202 1562 2255 enim
1592 2202 1758 2255 ctiam
1796 2210 1927 2256 sunt
1959 2204 2084 2257 ista:

494 2291 703 2346 'l'ollens
732 2309 855 2362 ergo
886 2296 1121 2347 membra
1150 2292 1371 2360 Christi,
1425 2294 1627 2365 faciam
1656 2298 1890 2350 membra
1922 2314 2088 2351 mem-

492 2384 683 2439 rriris?
731 2384 885 2438 Absit
907 2385 997 2439 "l
1037 2383 1129 2440 Sic
1179 2386 1561 2442 observemus.
1593 2388 1853 2442 Amemus
1889 2404 2089 2445 uxores

493 2485 712 2531 nostras
738 2477 882 2531 sicut
930 2492 1166 2547 corpora
1197 2487 1384 2533 nostra
1410 2496 1423 2543 ;
1464 2491 1521 2534 et
1549 2479 1822 2549 impudica
1852 2495 2086 2549 corpora

491 2578 599 2619 non
628 2564 959 2620 amabimus.
1001 2562 1167 2631 Uxor,
1200 2566 1400 2636 inquit,
1424 2568 1599 2621 virum
1630 2568 1812 2621 timeat
1832 2569 1899 2621 7’.
1923 2568 2091 2622 Amo-

490 2657 535 2709 ri
560 2657 712 2711 enim
752 2667 961 2713 metum
995 2658 1257 2724 miscens,
1276 2669 1485 2715 rectam
1516 2661 1686 2715 vitam
1714 2663 1897 2717 (lucet.
1927 2660 2087 2727 Filii,

490 2748 693 2803 obedite
715 2751 1047 2820 parentibus,
1089 2758 1151 2805 ut
1183 2768 1405 2808 rursum
1433 2752 1655 2809 dicit”.
1688 2753 1911 2809 Justum
1943 2756 2090 2808 enim

490 2849 573 2893 est
603 2850 857 2907 parentes
883 2840 1145 2897 honorari
1178 2841 1311 2896 etin
1342 2843 1498 2897 senio
1532 2845 1833 2898 sustentari
1870 2858 1899 2897 a
1933 2843 2084 2899 liliis.

492 2929 596 2998 Ipsi
631 2930 776 2986 enim
816 2932 924 2988 illis
951 2934 1254 2988 secundum
1289 2932 1459 2989 Deum
1490 2945 1748 2991 auctores
1786 2947 1914 2991 sunt
1943 2937 2090 2992 vitae.

496 3022 560 3076 Et
600 3042 614 3077 :
658 3023 966 3080 Benedictio
992 3028 1166 3095 patris
1213 3027 1393 3095 ﬁrmat
1425 3028 1608 3083 domos
1640 3028 1877 3098 ﬁliorum
1906 3048 1926 3095 ;
1975 3047 2096 3085 ma-

494 3116 708 3171 ledictio
740 3127 919 3172 autem
960 3120 1157 3173 matris
1224 3121 1468 3173 eradicat
1513 3122 1947 3189 fundamenta“.
1979 3121 2089 3179 Et:

494 3206 708 3268 Patres,
742 3224 939 3263 rursus
992 3210 1088 3275 ait,
1124 3208 1287 3263 nolite
1323 3211 1393 3263 ad
1435 3212 1778 3265 iracundiam
1809 3230 2095 3281 provocare

495 3300 639 3369 ﬁlios
677 3313 911 3357 vestros:
943 3304 1034 3357 sed
1060 3302 1280 3358 educata
1306 3304 1430 3359 illas
1481 3306 1537 3359 in
1579 3306 1865 3375 disciplina
1894 3316 1944 3361 et
1975 3324 2095 3361 cor-

2195 2211 2294 2264 μεν
2323 2194 2415 2247 τὸν
2444 2193 2577 2247 Θεὸν
2598 2195 2657 2247 έν
2685 2190 2765 2262 τῷ
2815 2194 3033 2262 σώματι
3087 2191 3246 2263 ἡμῶν
3287 2191 3385 2246 καὶ
3416 2194 3473 2245 ὲν
3500 2190 3580 2261 τῷ
3614 2190 3794 2244 πνεύ-

2194 2304 2325 2359 ματι
2356 2286 2534 2359 ἡμῶν.
2558 2284 2786 2339 Κελεύει
2824 2286 2987 2339 πάλιν
3015 2286 3045 2339 ὁ
3094 2283 3438 2347 ’Δτεόστολοςο
3481 2284 3648 2348 αὐτὸς
3675 2284 3794 2356 γὰρ

2191 2382 2287 2435 καὶ
2316 2380 2522 2434 ταῦτα’
2557 2381 2742 2448 Ἄρας
2770 2374 2885 2434 οὖν
2913 2378 2988 2432 τὰ
3022 2378 3178 2448 μέλη
3206 2375 3489 2444 Χριστοῦ,
3541 2376 3795 2441 ποιήσω

2190 2477 2421 2541 πόρνης
2471 2471 2664 2543 tuan;
2711 2470 2809 2539 Μὴ
2859 2469 3129 2541 γένοιτο]
3159 2468 3319 2523 Οὐτω
3353 2468 3791 2539 φυλαττώμεθα.

2204 2566 2534 2636 Ἀγαπῶμεν
2584 2564 2685 2628 τὰς
2733 2562 2942 2618 ἑαυτῶν
3001 2564 3291 2630 γυναῖκας,
3324 2561 3401 2623 ὠς
3448 2561 3517 2613 τὰ
3566 2560 3795 2614 ἑαυτῶν

2193 2656 2457 2727 σώματαο
2490 2657 2584 2710 καὶ
2616 2656 2716 2709 οὐκ
2750 2653 3169 2726 ὲρασθησόμεθα
3197 2650 3466 2720 ἀσελγοῦς
3502 2650 3792 2721 σώματος.

2204 2749 2267 2803 Ἠ
2298 2747 2477 2819 γυνὴ,
2524 2746 2713 2818 φησὶν,
2754 2746 2856 2800 ἵνα
2884 2744 3140 2816 φοϐῆται
3166 2743 3277 2799 τὸν
3298 2744 3505 2811 ἄνδρα.
3536 2741 3629 2812 Τῷ
3661 2746 3796 2810 φίλ-

2192 2858 2309 2912 τρῳ
2338 2841 2448 2913 γὰρ
2481 2842 2577 2895 τὸν
2612 2840 2776 2911 φόϐον
2808 2839 3075 2911 κιρνῶσα,
3110 2840 3334 2909 ἄριστον
3371 2835 3589 2906 βιώσειε
3646 2836 3792 2907 βίον.

2198 2938 2276 2992 Τὰ
2326 2936 2530 3001 τέκνα,
2584 2935 2925 2991 ὑπακούετε
2976 2932 3104 3000 τοῖς
3156 2931 3465 3003 γονεῦσιν,
3517 2929 3594 2993 ῶς
3649 2948 3796 3002 φησι

2194 3030 2379 3084 πάλιν.
2421 3029 2642 3082 Δίκαιον
2666 3028 2775 3097 γὰρ
2800 3027 2927 3088 τοὺς
2959 3025 3151 3092 γονέας
3179 3022 3444 3093 τιμᾶσθαι
3489 3023 3588 3075 καὶ
3616 3039 3799 3093 γηρο-

2193 3120 2487 3194 κομεῖσθαι
2511 3119 2616 3172 ὐπὸ
2656 3118 2766 3172 τῶν
2798 3117 3023 3172 παίδων.
3052 3114 3221 3170 Αὐτοὶ
3261 3116 3373 3187 γὰρ
3420 3115 3586 3169 αἴτιοι
3645 3115 3798 3186 μετὰ

2194 3215 2326 3269 Θεὸν
2363 3212 2459 3267 τοῦ
2495 3208 2637 3266 εἶναι
2682 3211 2881 3274 αὐτοὺς
2912 3212 2995 3273 εἰς
3022 3208 3159 3278 φῶς.
3197 3208 3307 3263 Kal
3327 3226 3341 3239 ·
3379 3209 3646 3280 Εὐλοτία
3675 3224 3799 3263 πα-

2193 3307 2335 3375 τρὸς
2357 3304 2617 3373 στηρίξει
2640 3305 2848 3369 οἴκους
2884 3302 3140 3358 τέκνωνο
3188 3301 3419 3370 κατάρα
3462 3301 3531 3355 δὲ
3555 3300 3797 3370 μητρὸς

498 3395 730 3463 reptione
753 3394 969 3449 Domini
985 3396 1052 3448 θ’.
1085 3392 1277 3466 Itaque
1297 3408 1585 3466 parentum
1615 3412 1756 3467 Opus
1785 3409 1869 3453 est
1898 3414 2095 3468 pacare

2200 3397 2420 3467 ἐκριζοῖ
2442 3395 2704 3484 θεμέλια.
2730 3395 2838 3449 Καί
2856 3411 2871 3426 ο
2912 3398 2977 3450 Ol
3006 3393 3282 3461 πατέρες,
3312 3391 3478 3451 πάλιν
3517 3392 3677 3463 φησὶ,
3698 3390 3797 3461 μὴ

491 3487 658 3553 ﬁlios,
694 3486 968 3544 instruere
995 3495 1052 3543 et
1078 3487 1319 3543 l'onuare
1348 3488 1474 3545 illos
1503 3490 1823 3547 charactere
1846 3492 2091 3562 pietatis.

497 3578 637 3645 Quid
668 3581 980 3650 reliquum?
1017 3596 1209 3637 servos
1250 3581 1450 3652 subjici
1473 3582 1714 3638 dominis
1738 3599 1863 3639 cum
1899 3586 2098 3641 timore

496 3681 552 3725 et
592 3668 853 3737 tremore,
909 3671 1032 3728 sine
1061 3672 1211 3737 dolo,
1245 3684 1300 3728 et
1340 3674 1477 3729 forti
1502 3675 1724 3729 animo:
1790 3676 1883 3732 sed
1914 3686 1970 3732 et
1997 3678 2098 3732 do-

502 3760 679 3816 minos
705 3761 1042 3818 remittentes
1072 3764 1273 3831 minas,
1298 3763 1494 3835 aequali
1524 3779 1657 3818 cura
1684 3780 1877 3819 omnes
1916 3766 2097 3820 intue-

498 3854 567 3914 ri,
598 3854 835 3911 scientes
866 3871 1033 3910 unum
1069 3870 1191 3911 esse
1228 3858 1474 3911 omnium
1510 3856 1799 3913 Dominum
1832 3858 2083 3914 Deum”.

2200 3479 2576 3559 παροργίζετε
2609 3488 2682 3541 τὰ
2706 3485 2887 3540 τέκνα
2912 3484 3102 3555 ὑμῶν·
3132 3486 3273 3539 ἀλλ’
3291 3482 3608 3552 ἐκτρέφετε
3631 3484 3799 3537 αὐτὰ

2198 3584 2269 3636 ἐν
2305 3581 2542 3648 παιδείᾳ
2592 3579 2690 3633 καὶ
2733 3578 3024 3645 νουθεσίᾳ
3071 3577 3315 3645 Κυρίου.
3350 3576 3517 3628 Ὥστε
3549 3574 3649 3628 καὶ
3691 3592 3800 3645 γοα

2200 3674 2381 3728 νεῦσιν
2432 3675 2616 3745 ἔργον,
2657 3673 2965 3743 εἰρηνεύειν
2998 3670 3069 3723 τὰ
3114 3669 3304 3733 τέκνα,
3339 3667 3642 3739 στοιχειοῦν
3691 3669 3799 3723 καὶ

2199 3768 2458 3821 πλάττειν
2490 3765 2776 3829 εὐσεϐείας
2809 3764 3140 3835 χαρακτῆρι.
3173 3762 3241 3815 Τί
3288 3761 3511 3826 λοιπόνς
3562 3760 3800 3828 δούλους

2196 3857 2483 3919 δεσπόταις
2530 3856 2931 3910 ὑποτάττεσθαι
2970 3853 3109 3925 μετὰ
3161 3852 3329 3922 φόϐου
3385 3853 3482 3907 καὶ
3537 3854 3798 3924 τρόμου.

502 3946 568 3999 Et
620 3945 710 4001 hic
764 3946 1105 4016 quidemrest
1135 3948 1396 4011 servitus,
1450 3949 1596 4003 sicut
1642 3961 1696 4003 et
1748 3951 1952 4021 nuptiae
1986 3970 2000 4006 :
2030 3954 2087 4006 in

2199 3948 2389 4012 ὶδόλως
2418 3949 2515 4002 καὶ
2546 3947 2822 4018 εὐψύχωςο
2853 3946 2991 4001 ἀλλά
3014 3946 3263 4009 καὶτοὺς
3290 3946 3562 4009 δεσπότας
3593 3947 3796 4002 άνιένυ

500 4034 683 4091 futuro
715 4045 899 4090 autem
930 4036 1132 4091 saeculo
1158 4045 1389 4107 utraque
1422 4038 1719 4093 cessabunt
1746 4056 1762 4093 :
1790 4054 2091 4110 omnesque

2199 4058 2289 4104 τας
2337 4040 2437 4104 τὰς
2467 4040 2720 4104 ἀπειλὰς,
2755 4040 3035 4112 ἰσομοιρίᾳ
3089 4040 3370 4110 φροντίδος
3414 4041 3543 4104 τοὺς
3575 4040 3801 4105 πάντας

502 4144 674 4182 unum
710 4138 893 4193 erunt,
932 4130 1077 4185 sicut
1112 4130 1310 4198 angeli.

2193 4132 2328 4204 ὀρᾷν
2350 4148 2365 4163 ·
2403 4132 2613 4195 είδότας
2643 4132 2727 4185 ὅτι
2770 4126 2851 4195 εἷς
2883 4129 3092 4201 Κύριος
3117 4131 3357 4197 πάντων,
3404 4133 3433 4184 6
3464 4130 3617 4194 Θεός.
3675 4132 3801 4186 Καὶ

504 4218 603 4275 ὧδε
628 4221 728 4291 μὲν
756 4222 791 4293 η
812 4222 1029 4275 δουλεία
1062 4222 1138 4285 ὡς
1174 4222 1268 4276 καὶ
1290 4222 1319 4275 6
1343 4222 1541 4294 γάμος·
1573 4223 1632 4277 ἐν
1651 4223 1706 4277 δὲ
1740 4224 1818 4297 τῷ
1848 4224 2098 4298 μέλλοντι
2136 4225 2318 4294 αἰῶνι,
2352 4225 2461 4279 τῶν
2500 4225 2828 4298 ἀμφοτέρων
2889 4223 3173 4296 ἀναίρεσις
3198 4238 3213 4253 ’
3286 4224 3339 4276 oi
3388 4223 3593 4287 πάντες
3616 4223 3678 4277 δὲ
3717 4224 3783 4277 ιν

502 4314 690 4387 ὥσπερ
712 4315 760 4369 οἱ
794 4314 1037 4384 ἄγγελοι.

572 4407 945 4475 Quamobrem
992 4408 1311 4478 quicunque
1337 4409 1454 4463 vult
1483 4410 1670 4465 salvus
1698 4411 1835 4478 ﬁeri,
1868 4412 2092 4485 vigilare

501 4502 663 4556 debet
695 4510 755 4554 ut
783 4499 941 4568 juxta
994 4511 1325 4568 praeceptum
1356 4500 1506 4554 vivat
1540 4520 1553 4555 :
1597 4518 1706 4556 non
1751 4502 1925 4572 juret,
1980 4519 2091 4557 non

501 4594 813 4656 extollatur,
863 4606 971 4646 non
1033 4591 1226 4655 rideat,
1281 4606 1389 4645 non
1436 4592 1744 4657 delicietur,
1774 4608 1882 4647 non
1919 4593 2091 4660 ludat,

504 4701 613 4740 non
661 4684 1048 4749 excandescat,
1089 4699 1195 4737 non
1251 4682 1573 4751 fornicetur,
1609 4701 1716 4739 non
1770 4686 2095 4753 inebrietur,

2268 4405 2370 4461 Διά
2395 4405 2556 4460 τοῦτο
2585 4403 2961 4476 γρηγορητέον
2988 4401 3153 4455 παντὶ
3177 4400 3256 4471 τῷ
3283 4400 3495 4455 θέλοντι
3520 4402 3773 4475 σωθῆναι

2198 4501 2322 4555 κατ’
2349 4498 2571 4569 ἐντολὴν
2619 4496 2719 4568 ζῇν
2743 4512 2758 4525 ·
2811 4494 2886 4567 μὴ
2938 4493 3182 4564 ὀμνύειν,
3217 4493 3294 4563 μὴ
3330 4495 3795 4567 μετεωρίζεσθαι,

2205 4594 2281 4664 μὴ
2308 4591 2492 4663 γελᾷν,
2544 4588 2620 4661 μὴ
2673 4588 2907 4659 τρυφᾷν,
2943 4585 3020 4657 μὴ
3058 4585 3301 4658 παίζειν,
3335 4585 3410 4656 μὴ
3450 4585 3796 4657 θυμοῦσθαι,

2208 4684 2283 4755 μὴ
2311 4681 2617 4754 πορνεύειν,
2646 4679 2722 4751 μὴ
2773 4677 3013 4750 μεθύειν,
3042 4676 3117 4749 μὴ
3152 4677 3503 4749 θησαυρίζειν
3541 4680 3753 4750 χρυσόν
3777 4698 3797 4713 ο

507 4794 613 4834 non
636 4787 927 4850 congreget
956 4793 1152 4833 aurum
1180 4793 1195 4833 :
1227 4776 1323 4832 sed
1351 4778 1518 4848 quid?
1550 4788 1691 4841 oret,
1718 4779 1921 4849 lugeat,
1939 4778 2098 4850 hym-

2201 4746 2339 4830 ἀλλά
2387 4746 2483 4842 τίς
2532 4746 2959 4845 προσεύχεσθαι,
3008 4746 3385 4842 προσκλαίειν,
3437 4746 3795 4842 ὐμννολογεῖν,

507 4887 609 4926 nos
635 4879 841 4936 cantet,
878 4870 1136 4924 mandata
1170 4886 1269 4940 pro
1298 4870 1507 4926 viribus
1548 4882 1751 4935 servet,
1796 4871 1986 4940 paucis
2018 4871 2092 4926 sit

506 4970 817 5029 contentus,
847 4962 1079 5016 humilia
1130 4962 1329 5033 sapiat,
1375 4962 1687 5033 proximum
1732 4962 1941 5032 diligat,
1980 4974 2089 5014 non

507 5056 768 5125 loquatur
805 5056 1072 5110 adversus
1098 5053 1350 5121 fratrem,
1388 5072 1497 5110 non
1538 5056 1797 5121 invideat,
1836 5072 1943 5110 non
1966 5070 2091 5109 suc-

506 5154 747 5212 censeat,
774 5154 1001 5216 paratus
1031 5147 1102 5202 sit
1133 5162 1352 5216 semper
1378 5147 1442 5201 ad
1485 5147 1770 5201 subeunda
1815 5161 1915 5217 pro
1946 5158 2094 5200 recto

506 5238 828 5292 discrimina
860 5254 873 5289 :
908 5249 1110 5307 praeter
1149 5237 1355 5291 bonum
1400 5236 1596 5303 Deum,
1642 5237 1812 5291 alium
1859 5238 1912 5290 in
1946 5246 2092 5291 terra

508 5347 616 5384 non
680 5330 937 5385 formidet
973 5348 987 5385 :
1027 5332 1138 5400 regi
1197 5330 1481 5400 subjectus
1512 5331 1585 5384 sit
1620 5332 1672 5383 iu
1703 5331 1771 5385 iis
1806 5331 1860 5385 in
1892 5330 2094 5399 quibus

505 5424 601 5477 Dei
648 5425 965 5479 mandatum
995 5440 1103 5479 non
1137 5425 1372 5479 violatur
1410 5441 1423 5477 :
1470 5425 1698 5481 honoret
1741 5425 2096 5496 magistratus

508 5524 766 5585 tauquam
794 5516 1095 5587 disciplina:
1126 5515 1485 5573 administros
1518 5536 1530 5571 :
1557 5519 1793 5588 gaudeat
1822 5519 1880 5572 in
1908 5518 2097 5572 Domi-

599 5630 721 5662 ποτε
768 5627 928 5683 Joan.
979 5645 1069 5695 xv,
1101 5630 1154 5684 5.
1292 5630 1337 5662 ⁷⁸
1391 5630 1410 5684 1
1457 5629 1584 5685 Cor.
1645 5645 1786 5692 xvu,
1838 5630 1930 5694 ‘22.

505 5698 552 5732 ⁸⁸
577 5699 775 5770 Ephes.
806 5716 881 5763 νι,
911 5701 962 5753 1.

572 5888 686 5953 (l8)
725 5888 780 5942 lu
813 5887 932 5942 cod.
971 5888 1100 5959 Reg.
1144 5887 1275 5957 ρλγι

2044 5630 2086 5661 ’⁷⁷
2119 5626 2311 5682 Matth.
2347 5644 2444 5690 vn,
2476 5629 2563 5681 l9.

1069 5702 1112 5732 “
1152 5699 1317 5757 Eccli.
1350 5716 1433 5766 ιιι,
1462 5702 1548 5756 11.
1624 5702 1669 5735 ⁸³
1704 5700 1905 5773 Ephes.
1940 5717 2013 5768 γι,
2038 5702 2091 5756 ι1.
2168 5700 2368 5754 “ibid.
2431 5698 2548 5755 5-9.

2106 5790 2334 5849 NOTAE.

2198 4870 2561 4924 ὲντολοποιεῖν
2614 4867 2759 4921 κατὰ
2794 4865 2856 4919 τὸ
2907 4866 3155 4927 δυνατὸν,
3189 4864 3622 4937 ὀλιγαρχεῖσθαι,
3687 4884 3797 4921 τα-

2200 4961 2597 5031 πεινοφρονεῖν,
2646 4959 2867 5031 ἀγαπᾷν
2920 4956 3011 5011 τὸν
3055 4956 3307 5027 πλησίον,
3343 4956 3419 5028 μὴ
3456 4958 3799 5015 καταλαλεῖν

2197 5053 2452 5121 ἀδελφοῦ,
2505 5053 2580 5123 μὴ
2610 5052 2849 5121 φθονεῖν,
2880 5052 2956 5122 μὴ
2987 5050 3305 5121 ὀργίζεσθαι
3340 5066 3355 5080 ·
3390 5050 3610 5122 ἕτοιμον
3641 5048 3799 5109 εῖναι

2197 5148 2285 5201 ἀεὶ
2320 5146 2455 5217 πρὸς
2481 5146 2606 5206 τοὺς
2636 5144 2777 5215 ὑπὲρ
2803 5144 2897 5196 τοῦ
2927 5142 3135 5212 ἀγαθοῦ
3162 5144 3466 5211 κινδύνους,
3496 5146 3572 5216 μὴ
3601 5147 3801 5214 φοϐεῖ.

2204 5238 2327 5292 σθαι
2362 5238 2502 5307 πλὴν
2530 5236 2666 5289 Θεοῦ
2694 5236 2788 5290 τοῦ
2819 5234 3050 5304 ἀγαθοῦ,
3081 5236 3240 5290 ἄλλον
3268 5236 3363 5289 ἐπὶ
3397 5237 3524 5306 γῆς·
3552 5239 3803 5294 ὑποτάτ-

2203 5329 2389 5383 τεσθαι
2416 5328 2628 5399 βασιλεῖ
2650 5329 2709 5381 ἐν
2740 5322 2824 5388 οἷς
2845 5326 3034 5398 ἐντολὴ
3059 5327 3196 5381 Θεοῦ
3222 5329 3281 5382 οὐ
3302 5329 3796 5399 παραϐλάπτεταιο

2202 5423 2368 5493 τιμᾷν
2399 5422 2667 5491 ἄρχοντας
2697 5420 2775 5484 ὡς
2824 5420 3107 5485 διακόνους
3139 5421 3395 5488 εὐταξίας
3421 5439 3435 5453 ·
3486 5423 3708 5494 χαίρειν
3736 5427 3803 5480 ἐν

2206 5513 2396 5584 Κυρίῳ
2430 5512 2659 5565 πάντοτε
2693 5526 2706 5540 ⁸
2737 5512 2843 5566 κᾶν
2878 5512 3152 5583 σύμϐασις
3173 5508 3283 5567 εἷεν
3307 5513 3589 5584 λυπηρῶν,
3622 5516 3804 5587 εὐχα-

2657 5628 2704 5661 "
2736 5626 2756 5681 l
2794 5629 2923 5685 Cor.
2964 5644 3038 5694 vt,
3071 5628 3159 5685 15.
3294 5632 3339 5663 ⁷⁸
3380 5629 3584 5703 Ephes.
3622 5648 3674 5696 τ,
3700 5634 3801 5690 53.
