3934 6492
175 465 280 530 1401
1315 461 1703 524 EPISTOLAI

1808 462 1853 519 ll
1893 461 2051 520 LIB.
2088 462 2171 520 ΙΙ.
3269 462 3407 521 1402

175 590 339 656 ριστεῖν
374 584 556 656 Κυρίῳ
583 584 670 653 ἐφ’
693 579 775 649 οἷς
813 583 881 638 ἂν
932 584 1194 653 οίκονομῇ
1249 582 1319 635 τὰ
1373 581 1493 636 κατ’
1521 583 1703 637 αὐτόν.

1817 592 1886 631 no
1911 593 2128 646 semper
2158 595 2172 632 :
2209 589 2282 642 et,
2322 580 2369 634 si
2413 578 2642 634 molesta
2674 579 2944 650 quaepiam
2978 579 3249 645 accidant,
3281 597 3405 651 gra-

172 643 324 734 ἒΓιιῦτα
356 678 426 740 ὡς
459 643 538 730 εν.
559 643 771 745 ὀλίγοις
822 643 1132 746 ὑπέμνησα.
1330 676 1703 746 εὐλογημένην

1808 671 1910 725 tias
1935 643 2166 726 Domino
2192 683 2337 742 agat,
2371 687 2593 741 quoque
2623 672 2787 727 modo
2815 687 2903 727 res
2936 672 3108 741 ipsius
3131 673 3408 742 disponat.

172 789 248 824 σου
268 769 429 839 ψυχήν
460 784 473 798 ο
503 769 589 821 ἵνα
619 767 872 836 γνωρίσω
924 766 1000 830 ὡς
1053 765 1222 836 φιλῶν
1260 769 1378 835 είμι
1423 767 1516 819 τὸν
1573 768 1703 836 ἐμὸν

1808 759 1928 816 Hace
1981 763 2174 831 paucis
2230 765 2480 834 suggessi
2528 764 2830 820 benedicta:
2897 766 3097 820 animae
3133 775 3288 820 tuae:
3349 775 3409 821 ut

170 863 436 933 ὁμώνυμον,
471 861 560 914 καὶ
604 859 805 929 εὐσεὸἦ
858 858 1048 929 ἄνδρα,
1098 859 1192 911 καὶ
1241 857 1392 928 φίλον
1421 858 1702 928 διάπυρον.

1800 855 2089 909 ostendam
2123 871 2310 910 amare
2340 872 2428 910 me
2463 857 2851 927 cognominem
2882 872 3064 912 meum
3087 899 3103 923 ,
3143 860 3408 927 piumque

181 955 282 1007 Ἐὰν
324 954 376 1007 δὲ
424 953 500 1006 ἔτι
553 952 763 1023 ζῶμεν,
798 953 877 1004 ἔτι
936 951 1263 1022 λαλήσομεν,
1319 950 1400 1003 ἔτι
1451 967 1703 1021 παρακα-

1808 947 2007 1013 virum,
2057 959 2111 1004 et
2149 950 2384 1003 amicum
2442 948 2747 1004 ardentem.
2785 949 2942 1016 Quod
2970 951 3015 1005 si
3046 951 3228 1006 adhuc
3251 951 3406 1005 vive-

170 1048 379 1115 λέσομεν,
413 1045 490 1098 ἔτι
520 1042 1047 1114 συμβουλευσόμεθα
1087 1044 1263 1096 πάντα
1308 1042 1537 1112 δεύτερα
1566 1043 1708 1112 ήγήσ

173 1140 326 1192 σασθαι
350 1142 442 1210 τῆς
487 1138 621 1193 Θεοῦ
686 1139 927 1208 ἀγάπης.
991 1138 1053 1191 Τί
1107 1137 1216 1208 γὰρ
1263 1135 1565 1205 ὠφελήσει
1598 1135 1704 1189 ἇν-

171 1237 383 1299 θρωπον,
413 1231 517 1284 ἐὰν
557 1232 710 1285 ὅλον
740 1232 848 1283 τόν
899 1231 1135 1299 κόσμον
1165 1230 1455 1300 κερδήσῃ,
1489 1230 1607 1299 τὴν
1635 1229 1706 1284 δὲ

169 1323 343 1390 ψυχὴν
384 1322 565 1379 αὑτοῦ
601 1321 858 1393 ζημιωθῇ
874 1341 891 1387 ;
942 1315 1018 1375 Οὔ
1078 1323 1346 1392 φύγοιμεν
1375 1339 1390 1354 ·
1446 1322 1703 1394 εὕροιμεν

168 1417 212 1467 δὲ
251 1417 380 1480 ἔλεος
433 1420 490 1468 ὲν
540 1418 730 1487 ἡμέρᾳ
779 1416 1051 1486 κρίσεως,
1105 1416 1202 1468 καὶ
1256 1415 1317 1468 τὸ
1372 1416 1509 1484 μετὰ
1565 1413 1702 1467 Θεοῦ

169 1508 381 1575 γενέσθαι
404 1509 461 1559 ἐν
497 1509 646 1579 χαρᾷ
677 1506 1029 1577 ἀνεκλαλήτῳ
1061 1507 1143 1569 είς
1169 1506 1296 1568 τοὺς
1321 1505 1544 1568 αἰῶνας.

281 1731 415 1788 ΡΚΓ
442 1733 576 1804 (l9).
599 1766 669 1776 —
701 1732 1069 1802 Εὐρροσύνῃ
1097 1731 1424 1801 ἡγουμένῃ.
1517 1730 1707 1805 [χξα’.]

1807 1054 1932 1095 mus
1963 1079 1979 1104 ,
2010 1040 2192 1096 adhuc
2228 1041 2556 1111 loquemur,
2603 1041 2785 1096 adhuc
2827 1041 3196 1108 hortabimur,
3231 1042 3413 1096 adhuc

1812 1132 2191 1196 suadebimus,
2226 1142 2283 1186 ut
2329 1133 2513 1187 omnia
2546 1133 2806 1188 inferiora
2855 1135 3026 1189 ducas
3076 1148 3264 1188 amore
3293 1133 3409 1188 Dei.

1813 1224 1958 1291 Quid
2001 1225 2143 1277 enim
2189 1226 2426 1292 proderit
2456 1227 2658 1279 homini
2690 1229 2737 1280 si
2787 1229 3093 1281 universum
3151 1226 3411 1279 mundum

1811 1316 2065 1381 lucretur,
2110 1320 2303 1372 anima:
2330 1335 2448 1372 vero
2477 1319 2852 1373 detrimentum
2881 1321 3126 1390 patiatur
3142 1319 3185 1351 ⁸⁸
3211 1319 3412 1384 ?Quod

1809 1404 2126 1477 fugiamus:
2162 1418 2222 1462 ut
2249 1409 2603 1464 inveniamus
2642 1411 3074 1465 misericordiam
3115 1411 3169 1464 in
3199 1412 3287 1464 die
3317 1411 3412 1478 jn-

1807 1499 1960 1565 dieii,
2000 1509 2056 1554 et
2082 1516 2208 1555 eum
2268 1499 2380 1556 Deo
2415 1503 2594 1557 simus
2628 1503 2684 1556 in
2727 1504 2925 1572 gaudio
2963 1503 3322 1557 inenarrabili
3353 1503 3412 1554 in

1812 1591 2035 1646 saecula.

2059 1735 2294 1792 CXXIII.
2325 1767 2395 1776 —
2429 1735 2796 1808 Euphroswa
2848 1737 3168 1806 prwpositw.

717 1845 1018 1897 Monasterio
1053 1844 1369 1909 praepositam
1402 1846 1632 1896 hortatur
1656 1857 1714 1898 ut
1734 1862 1795 1898 eo
1817 1863 2026 1900 munere
2051 1857 2222 1900 sancte
2259 1864 2314 1900 ae
2339 1852 2578 1914 praeclare
2599 1851 2852 1916 fungatur.

231 1951 483 2023 Ἀκηκοὼς
517 1953 612 2007 καὶ
638 1951 735 2006 νῦν
763 1952 846 2005 ὄτι
868 1949 1238 2022 παρεμυθήθη
1269 1966 1362 2001 σου
1394 1950 1427 2019 ή
1455 1950 1703 2019 τιμιότης

1879 1949 2018 2006 Cum
2053 1966 2202 2006 nunc
2249 1966 2474 2022 quoque
2522 1952 2708 2006 audivi
2762 1952 3032 2018 dolorem,
3064 1967 3227 2022 quem
3261 1970 3418 2012 reve-

166 2045 358 2099 ἀπὸτοῦ
386 2047 509 2117 περὶ
537 2047 640 2118 τὴν
675 2045 952 2117 μακαρίαν
984 2043 1196 2114 μητέρα
1225 2041 1454 2104 πάθους,
1483 2042 1704 2114 εὐχαρί-

168 2155 307 2208 στησα
334 2139 404 2210 τῷ
440 2139 634 2212 Κυρίῳ
664 2155 678 2170 ο
711 2140 769 2201 ὃς
799 2137 1065 2210 ἐγνώρισε
1119 2155 1177 2190 σε
1211 2137 1309 2190 καὶ
1364 2137 1703 2207 φιλομήτορα

166 2233 534 2302 γνησιεύουσαν,
579 2233 677 2286 καὶ
725 2231 972 2301 φιλόθεον
1017 2229 1453 2302 ἀριστεύουσαν⁸
1497 2228 1560 2281 τὸ
1603 2229 1702 2299 μὲν

164 2326 231 2378 διὰ
253 2327 333 2380 τοῦ
360 2326 707 2396 ἁγαπητικοῦ
748 2323 1017 2394 λυπηροῦ·
1055 2323 1115 2376 τὸ
1151 2323 1209 2376 δὲ
1238 2322 1326 2376 διὰ
1357 2320 1449 2374 τοῦ
1485 2337 1702 2390 συμμε-

168 2421 465 2488 μετρημένου
493 2417 911 2490 παρακλητικοῦ
946 2433 959 2448 ο
988 2415 1046 2482 ἐξ
1079 2409 1155 2468 ὧν
1188 2413 1590 2476 ἀποδέδεικται,
1620 2413 1702 2464 ὅτι

165 2509 238 2560 καὶ
267 2511 461 2580 μητέρα
492 2511 588 2562 καὶ
624 2508 756 2561 Θεὸν
785 2507 1096 2577 ἠγάπησας.
1118 2507 1278 2561 Ἀλλὰ
1307 2507 1486 2575 δεῦρο,
1514 2506 1700 2576 κυρία,

162 2599 382 2668 χαίρουσα
422 2601 514 2654 καὶ
544 2600 826 2671 τρέμουσα
879 2599 1063 2670 βάδιζε
1091 2600 1191 2672 τὴν
1225 2600 1345 2654 όδόν
1396 2618 1522 2653 σουο
1580 2601 1704 2670 χαί-

166 2706 298 2757 ρουσα
338 2692 451 2762 μὲν,
484 2693 566 2745 ὅτι
598 2691 834 2762 ἠξίωσαι
875 2693 1137 2762 τοιαύτης
1193 2694 1399 2764 μητρὸς
1454 2694 1703 2765 Θυγάτηρ

164 2782 494 2851 χρηματίσαμ
553 2783 832 2854 τρέμουσα
861 2783 939 2848 δὲ,
979 2785 1060 2838 ὅτι
1113 2784 1176 2838 τὸ
1213 2784 1317 2854 τῆς
1364 2785 1704 2854 προστασίας

164 2879 534 2949 φροντιστήριόν
569 2894 656 2930 σοι
683 2877 951 2944 πάρεστιν
982 2898 997 2914 ο
1031 2871 1093 2930 οὗ
1128 2877 1226 2947 οὐχ
1254 2881 1280 2931 ὁ
1313 2877 1490 2947 τυχὼν
1528 2877 1699 2946 ἁγὼν,

162 2967 255 3019 οὐδὲ
288 2971 755 3041 εὐκαταφρόνητος
779 2969 807 3020 ό
839 2967 1028 3038 μισθός
1050 2986 1064 2999 ·
1097 2968 1236 3022 ἀλλὰ
1277 2970 1371 3021 καὶ
1419 2967 1543 3022 λίαν
1599 2971 1704 3039 ἀμ-

163 3058 428 3128 φοτέρωθεν
476 3061 537 3113 τὸ
583 3058 786 3128 ὕψωμα
830 3061 945 3122 τοῖς
975 3058 1100 3113 νοῦν
1139 3057 1340 3128 ἔχουσι.
1385 3059 1457 3112 Σὺ
1487 3057 1580 3111 οὖν
1626 3058 1703 3122 ὡς

162 3150 387 3220 ἐχέφρων,
422 3151 496 3204 ὡς
531 3150 752 3222 συνετὴ,
787 3151 860 3214 ὼς
897 3149 1166 3221 μητρόθεν
1193 3149 1410 3220 ἠγμένη
1440 3151 1498 3202 ὲν
1529 3149 1703 3202 Πνεύ-

164 3260 285 3311 ματι,
315 3245 531 3313 ἄριστον
574 3244 689 3315 βίον
745 3244 840 3296 καὶ
905 3243 1362 3310 κεκανονισμένον
1411 3241 1698 3294 διέλασον·

160 3336 299 3388 τύπον
335 3335 528 3406 ἑαυτὴν
560 3313 829 3406 προθεῖσα
857 3335 1223 3405 ἀγαθοεργίας
1270 3336 1390 3396 ταῖς
1419 3333 1697 3402 ἀδελφαῖς.
1729 3313 1773 3372 c

160 3425 231 3496 Μὴ
256 3425 472 3500 νυστάξῃ
499 3426 563 3478 τὸ
592 3425 750 3495 ὄμμα
781 3424 880 3494 τῆς
907 3423 1137 3495 καρδίας
1172 3441 1265 3476 σου
1318 3424 1424 3476 ἀπὸ
1453 3425 1701 3494 φυλακῆς

159 3515 243 3568 τῶν
267 3517 481 3571 ἐντολῶν
512 3516 608 3570 τοῦ
652 3515 811 3570 Θεοῦ.
844 3517 936 3587 Μὴ
988 3516 1159 3588 βύσῃς
1183 3517 1244 3570 τὸ
1271 3516 1364 3580 οὓς
1392 3517 1491 3587 τῆς
1521 3517 1702 3588 ψυχῆς

160 3610 422 3664 εἰσακούειν
475 3611 666 3681 φωνῆς
720 3608 1110 3680 διδασκαλικῆς
1139 3625 1166 3684 °_
1202 3609 1566 3680 διδασκομένη
1607 3611 1703 3664 καὶ

159 3698 439 3756 διδάσκουσα
461 3719 476 3733 ⁸
509 3700 859 3773 φωτιζομένη
890 3702 987 3754 καὶ
1043 3701 1352 3768 φωτίζουσα
1373 3718 1388 3732 ·
1429 3719 1698 3772 χειραγω-

159 3795 360 3868 γουμένη
393 3798 484 3852 καὶ
522 3795 944 3869 χειραγωγοῦσα
970 3812 983 3826 ·
1017 3796 1406 3867 προσαγομένη
1458 3796 1579 3866 Θεῷ
1609 3797 1703 3850 καὶ

161 3889 494 3956 προσάγουσα.
533 3887 823 3944 Ἀκουστδν
874 3889 960 3958 εἴη
999 3889 1061 3941 τὸ
1091 3888 1260 3959 ὗνομά
1291 3907 1386 3942 σου
1430 3892 1487 3943 ὲν
1521 3891 1700 3962 ἀγαθῇ

160 3978 384 4053 πολιτείᾳ·
412 3982 487 4044 ὡς
518 3983 586 4036 ἂν
608 3981 898 4051 δοξάζηται
920 3981 1051 4043 Θεὸς
1065 3982 1132 4054 ⁶ὲν
1155 3984 1236 4034 σοὶ
1265 3983 1360 4035 καὶ
1389 3984 1448 4035 ὲν
1468 3986 1534 4054 τῇ
1565 3985 1700 4054 μονῇ

162 4087 234 4123 σου
259 4091 271 4104 ·
304 4075 372 4145 μή
400 4074 764 4144 χυδαιουμένη
792 4071 933 4129 κατὰ
976 4071 1075 4144 τήν
1101 4073 1209 4126 τῶν
1240 4073 1451 4128 πολλῶν
1481 4076 1699 4148 χλιαρό⁴

159 4177 287 4232 τητα,
331 4163 442 4218 ἀλλ’
469 4164 882 4236 ἀκριϐαζομὲνη
940 4165 1083 4218 κατὰ
1136 4165 1238 4234 τὴν
1286 4165 1549 4236 διαταγὴν
1605 4168 1701 4222 τοῦ

161 4253 458 4326 Πνεύματος,
504 4260 565 4311 ἐν
613 4257 693 4310 ἑνὶ
724 4258 1055 4328 φρονήματι,
1087 4259 1146 4310 ὲν
1190 4258 1271 4310 ἐνί
1314 4257 1602 4328 θελήματι,
1644 4261 1704 4313 ὲν

164 4347 238 4416 μιᾷ
263 4349 450 4422 καρδίᾳ
478 4367 539 4402 τε
571 4349 666 4403 καὶ
697 4350 868 4419 ψυχῇ,
905 4350 1138 4420 μιμήσει
1162 4349 1273 4402 τῶν
1303 4353 1361 4403 ὲν
1410 4350 1701 4406 ἀποστολι-

161 4443 257 4502 mi;
287 4443 549 4513 Πρὰξεσιν
580 4442 984 4514 ἱστορουμένων
1016 4441 1209 4510 ἁγίων.
1237 4437 1358 4497 τΗν·
1380 4445 1508 4515 γὰρ,
1543 4445 1698 4516 φησὶ,

161 4527 364 4586 πάντων
391 4537 501 4604 μία
527 4535 699 4603 ψυχὴ
741 4533 840 4587 καὶ
873 4532 1120 4601 καρδίαι
1143 4533 1240 4586 καὶ
1274 4533 1478 4602 οὐδείς
1502 4553 1556 4589 τι
1585 4536 1704 4590 τῶν

162 4622 516 4692 ὑπαρχόντων
536 4624 698 4690 αὐτῷ
719 4625 930 4695 ἔλεγεν
955 4625 1113 4679 ἴδιον
1144 4621 1318 4680 εἶναι.

1807 2046 1982 2098 rentia
2019 2053 2112 2098 tua
2152 2059 2218 2098 ex
2272 2045 2446 2099 beatae
2486 2045 2680 2100 matris
2721 2046 2876 2100 obitu
2908 2059 3149 2115 ceperat,
3183 2049 3411 2120 mitiga-

1809 2146 1924 2189 tum
1960 2151 2124 2203 esse;
2157 2138 2241 2205 egi
2268 2135 2504 2192 Domino
2545 2139 2781 2206 gratias,
2827 2140 2920 2209 qui
2959 2150 3010 2193 te
3039 2149 3096 2193 et
3122 2142 3175 2195 in
3210 2144 3410 2198 matris

1806 2243 1995 2282 amore
2045 2231 2312 2284 sinceram
2352 2233 2600 2300 agnovit.
2649 2241 2706 2284 et
2733 2232 2786 2285 in
2829 2233 2921 2286 Dei
2965 2248 3154 2290 amore
3178 2237 3408 2304 praecel-

1806 2319 2005 2373 lentem
2033 2339 2046 2373 :
2080 2320 2213 2376 illud
2243 2323 2465 2392 quidem
2493 2338 2588 2387 per
2607 2325 2813 2380 amoris
2842 2325 3059 2394 plenam
3099 2328 3408 2398 tristitiam,

1807 2411 1913 2467 hoc
1941 2428 2069 2468 vero
2104 2431 2200 2483 per
2227 2428 2621 2487 congruentem
2652 2420 3101 2476 consolationem
3141 2441 3154 2478 :
3199 2440 3264 2479 ex
3291 2429 3414 2495 qui-

1807 2504 1910 2559 bus
1962 2507 2142 2576 patuit
2201 2510 2348 2576 quod
2399 2521 2454 2563 et
2510 2519 2742 2565 matrem
2777 2520 2832 2566 et
2877 2511 3051 2567 Deum
3109 2518 3407 2572 amaveris.

1806 2592 1908 2648 Sed
1937 2610 2057 2664 age,
2102 2596 2349 2660 domina,
2391 2599 2633 2666 gaudens
2671 2607 2727 2653 et
2768 2608 3013 2657 tremens
3059 2602 3204 2656 viam
3256 2613 3411 2659 tuam

1807 2687 2044 2742 insiste:
2096 2690 2341 2757 gaudens
2401 2691 2652 2760 quidem,
2702 2694 2849 2763 quod
2907 2696 3031 2750 talis
3078 2699 3269 2753 matris
3290 2699 3403 2753 filia

1806 2779 1913 2832 dici
1955 2781 2224 2838 merueris
2261 2800 2274 2836 :
2327 2784 2526 2840 timens
2586 2801 2739 2852 vero,
2793 2788 2920 2857 quia
2956 2789 3050 2844 tibi
3080 2795 3405 2849 monasterii

1807 2870 2138 2941 prmfectura
2164 2875 2453 2942 incumbit,
2496 2877 2660 2948 cujus
2699 2895 2808 2934 non
2846 2881 2962 2936 leve
2991 2895 3268 2940 certamen
3303 2897 3413 2952 est,

1807 2979 1908 3017 nec
1968 2981 2180 3021 merces
2229 2972 2656 3036 contemnenda,
2703 2973 2799 3026 sed
2838 2975 3076 3031 sublime
3119 2988 3414 3049 utrumque

1805 3057 1950 3127 apud
1990 3073 2087 3113 eos
2121 3060 2215 3128 qui
2267 3069 2416 3114 recte
2456 3062 2697 3131 sapiunt.
2747 3063 2828 3118 Tu
2864 3081 2996 3135 ergo
3051 3075 3112 3122 ut
3158 3071 3398 3138 sapiens,

1804 3161 1866 3203 ut
1895 3150 2156 3218 prudens,
2192 3159 2455 3222 tanquam
2493 3169 2523 3208 a
2563 3166 2738 3211 matre
2767 3156 2818 3210 in
2854 3158 3050 3227 spiritu
3082 3159 3299 3225 educta,
3329 3164 3412 3217 vi-

1809 3248 1915 3293 tam
1938 3255 2037 3311 age
2058 3257 2222 3311 quam
2255 3243 2522 3312 optimam
2546 3253 2604 3299 et
2635 3248 2943 3317 regularem
2979 3267 2994 3303 :
3059 3252 3288 3322 teipsam
3319 3270 3413 3308 so-

1807 3330 2026 3385 roribus
2056 3333 2109 3385 in
2149 3334 2460 3400 exemplum
2516 3345 2668 3390 recte
2694 3339 2894 3408 agendi
2929 3354 3266 3410 proponens.
3307 3342 3402 3398 Vi-

1809 3424 1937 3494 gilet
1981 3425 2164 3480 cordis
2196 3427 2273 3480 tui
2310 3427 2506 3483 oculus
2559 3429 2627 3484 ad
2671 3432 2974 3485 custodiam
3027 3436 3410 3492 mandatorum

1811 3517 1924 3591 Dei:
1953 3516 2030 3572 Ne
2060 3518 2282 3574 obturcs
2307 3535 2498 3575 aurem
2522 3523 2720 3578 animae
2750 3524 2818 3578 ad
2848 3525 3183 3581 audiendam
3220 3544 3411 3585 vocem

1809 3608 2060 3663 docentis
2111 3627 2125 3663 :
2180 3610 2400 3666 discens
2453 3621 2508 3666 et
2551 3614 2779 3676 docens.
2816 3616 3000 3672 lumen
3048 3620 3324 3690 accipiens
3356 3631 3412 3678 et

1809 3700 2148 3766 illuminans,
2193 3705 2522 3759 manuducta
2554 3718 2608 3762 et
2645 3711 3046 3776 manuducens,
3089 3714 3268 3769 oblata
3300 3716 3409 3772 Deo

1808 3803 1865 3848 et
1911 3793 2167 3850 oﬂerens.
2218 3795 2449 3852 Celebre
2497 3799 2568 3853 sit
2596 3816 2793 3855 nomen
2829 3814 2985 3857 tuum
3021 3804 3074 3858 in
3103 3806 3246 3863 bona
3275 3825 3405 3864 eon-

1809 3889 2140 3952 versatione,
2182 3899 2243 3943 ut
2292 3889 2624 3957 gloriﬁcctur
2674 3892 2818 3951 Deus
2856 3896 2910 3950 in
2948 3906 2999 3952 te
3028 3907 3083 3953 et
3122 3899 3178 3954 in
3208 3918 3408 3958 mona-

1811 3979 1981 4033 sterio
2008 3988 2104 4034 tuo
2137 3998 2151 4034 :
2199 3997 2378 4050 neque
2429 3982 2564 4038 illud
2611 3987 2948 4043 dissolvatur
2975 4006 3072 4060 per
3107 3993 3403 4051 multarunt

1812 4070 2167 4139 tepiditatem,
2222 4072 2319 4125 sed
2350 4072 2640 4143 diligenter
2672 4077 2728 4130 in
2782 4077 2966 4134 oﬂicio
3004 4093 3223 4138 maneat
3248 4083 3409 4152 juxta

1809 4159 2166 4214 directionem
2225 4159 2482 4230 Spiritus,
2525 4163 2580 4219 in
2629 4182 2739 4221 uno
2767 4183 2954 4238 sensu,
2990 4172 3043 4225 in
3073 4189 3181 4228 una
3219 4177 3409 4232 volun-

1811 4261 1942 4316 tate,
1976 4252 2029 4305 in
2066 4267 2175 4307 uno
2224 4257 2387 4310 corde
2417 4267 2469 4311 et
2499 4258 2705 4325 anima,
2739 4260 2805 4314 ad
2837 4264 3148 4333 exemplum
3184 4278 3408 4324 sancto-

1811 4360 1956 4405 rum,
1989 4345 2084 4414 qui
2124 4347 2176 4398 in
2208 4348 2441 4402 Actibus
2480 4351 2806 4418 apostolicis
2835 4368 3238 4412 memorantur.
3268 4358 3408 4415 Erat

1809 4437 1980 4502 enim,
2004 4437 2201 4506 inquit,
2232 4440 2466 4492 omnium
2498 4442 2680 4495 anima
2708 4459 2815 4497 una
2851 4453 2900 4498 et
2935 4462 3027 4498 cor
3055 4463 3216 4501 unum
3252 4463 3270 4502 :
3315 4467 3412 4504 nec

1808 4531 2089 4601 quisquam
2136 4551 2316 4588 eorum
2339 4553 2458 4606 qua:
2492 4537 2817 4607 possidebat,
2858 4543 3062 4613 aliquid
3112 4561 3270 4599 suum
3299 4563 3409 4601 esse

1809 4622 2018 4677 dicebat
2034 4625 2079 4656 ⁸⁵

215 4689 343 4784 Αὕτη
378 4716 492 4786 ζωὴ
513 4715 716 4785 ἀγαθὴ,
747 4689 886 4787 αὕτη
922 4719 1082 4789 μερὶς
1121 4719 1328 4790 Κυρίου
1358 4735 1372 4750 ·
1405 4720 1563 4773 τοῦτο
1588 4737 1694 4774 κοιο

1885 4714 2012 4772 Haec
2034 4717 2175 4772 bona
2195 4727 2279 4773 est
2312 4721 2444 4786 vita,
2471 4721 2586 4777 haec
2611 4724 2789 4792 portio
2812 4725 3054 4789 Domini,
3084 4729 3189 4786 hoc
3213 4746 3405 4788 verum

163 4803 303 4858 νόὸιον
325 4807 596 4878 ἀληθινόν.
617 4801 691 4862 Οὗ
719 4809 776 4861 δὲ
799 4812 860 4862 οὐ
883 4808 1078 4876 ταῦτα,
1100 4810 1410 4864 τούναντίον
1438 4812 1683 4881 δηλονότι

173 4893 330 4970 Ἠλίκη
355 4918 435 4954 σοι
462 4902 609 4973 χαρὰ
633 4902 726 4956 καὶ¹
759 4902 906 4970 δόξα,
941 4905 1244 4974 τιμιωτάτη
1266 4944 1281 4967 ,
1313 4904 1450 4957 ἀλλὰ
1480 4908 1587 4975 γὰρ
1612 4907 1708 4960 καὶ

163 4991 250 5051 τοῖς
276 4999 476 5058 τέκνοις
509 5011 624 5060 σου,
652 4995 1025 5060 ἁποστολικῶς
1054 4996 1464 5051 πολιτεύεσθαι·
1496 5015 1705 5071 πατρο-

163 5083 465 5150 παραδότως,
497 5087 726 5156 ἄγεσθαι
775 5089 1228 5158 εὐγενοπρεπῶςί
1257 5090 1416 5144 τοῦτο
1455 5091 1565 5162 γὰρ
1616 5092 1707 5144 εὐο

164 5174 333 5239 γένεια,
378 5179 685 5250 θεαρέστως
738 5179 859 5250 ζῇν,
906 5181 1258 5248 ἁγιοπρεπῶς
1302 5183 1702 5247 πολιτεύεσθαι,

162 5267 288 5333 γένος
314 5271 455 5342 ὑμᾶς
485 5272 847 5343 χρηματίζειν
899 5273 1175 5339 ἐκλεκτὸν,
1207 5275 1430 5346 σπέρμα
1465 5276 1704 5345 ἔντιμον,

162 5359 307 5426 τίνοςς
337 5365 542 5436 Θὲκλης
578 5367 792 5436 ἐκείνης
825 5367 924 5434 τῆς
958 5370 1449 5440 πρωτομάρτυρος,
1485 5371 1707 5440 Φεῦρω-

164 5447 273 5517 νίας,
300 5452 626 5526 Εὺπραξίας,
658 5455 751 5508 τοῦ
777 5460 892 5509 κατ’
924 5458 1093 5520 αὐτὰς
1125 5458 1271 5529 ἱεροῦ
1300 5463 1393 5512 καὶ
1431 5461 1705 5530 μακαρίου

165 5541 450 5610 καταλόγου.
499 5545 564 5600 Εἰ
610 5545 734 5616 γὰρ,
772 5546 977 5616 κόσμον
1027 5547 1381 5614 κατελίπατε,
1430 5550 1478 5602 εὶ
1530 5550 1707 5618 γονεῖς

215 5695 256 5728 ⁸⁸
286 5697 472 5756 Matth.
501 5718 613 5768 3m,
651 5703 743 5758 26.
840 5702 886 5736 "
913 5705 1036 5762 Act.
1062 5723 1136 5774 tv,
1168 5706 1256 5764 52.

1815 4809 2147 4864 coenobium.
2211 4808 2311 4865 Ubi
2359 4827 2486 4867 vero
2545 4813 2659 4868 haec
2709 4832 2815 4870 non
2870 4827 3020 4884 sunt,
3055 4824 3405 4878 contrarium

1813 4900 2022 4970 utique.
2065 4900 2280 4966 Quanta
2325 4903 2510 4958 laetitia
2540 4912 2594 4958 et
2634 4906 2808 4974 gloria
2849 4908 2969 4973 tibi,
3015 4913 3409 4968 reverendissi-

1814 5009 1923 5058 ma,
1955 5003 2011 5049 et
2045 4993 2261 5050 ﬁliabus
2311 4997 2441 5064 tuis,
2473 4999 2773 5067 apostolice
2815 5001 3021 5068 vivere,
3057 5005 3404 5062 traditionem

1813 5089 2069 5158 patritam
2119 5089 2404 5144 retinendo
2443 5091 2697 5147 nobiliter
2741 5095 2944 5165 agere?
2991 5095 3112 5151 Haec
3142 5100 3285 5153 enim
3321 5111 3407 5156 est

1811 5179 2088 5243 nobilitas,
2137 5193 2416 5248 acceptam
2470 5182 2577 5237 Deo
2624 5185 2791 5238 vitam
2829 5187 3052 5253 ducere,
3086 5194 3404 5248 conversari

1808 5280 1869 5324 ut
1899 5282 2119 5326 sanctos
2146 5273 2321 5339 decet,
2359 5289 2534 5344 genus
2574 5277 2810 5331 electum
2846 5295 2945 5334 vos
2973 5283 3261 5351 appellari,
3303 5300 3395 5340 se-

1811 5377 1934 5416 men
1998 5364 2335 5428 lionorabile,
2392 5367 2726 5435 cnjusnam?
2775 5369 2988 5426 Thecla:
3041 5375 3181 5429 illius
3215 5389 3403 5445 proto-

1811 5456 2084 5526 martyris,
2111 5456 2413 5524 Febronise,
2450 5460 2754 5530 Eupraxire,
2785 5473 2840 5518 et
2871 5465 3069 5535 reliqui
3095 5469 3404 5526 secundum

1809 5549 1931 5605 illas
1989 5552 2133 5607 sacri
2178 5567 2243 5608 ac
2289 5554 2434 5610 beati
2490 5557 2742 5627 catalogi.
2792 5558 3005 5616 Etenim
3050 5563 3097 5620 si
3135 5565 3402 5621 mundum

1664 5827 1889 5889 ΝΟΤᾸΞ.

230 5929 328 6002 (l9)
363 5934 419 5990 In
455 5936 578 5991 cod.
614 5936 746 6006 Reg.
796 5936 924 6006 pla'.
