3934 6464
545 376 680 444 1403
1730 385 1788 444 S.
1833 385 1934 444 TH
1945 384 2160 446 EODO]

2267 385 2613 447 STUDITAE
3668 387 3798 458 1404

538 493 855 563 reliquistis,
905 493 951 549 si
1012 506 1266 566 parentes
1314 497 1648 568 abnegastis,
1676 499 1721 553 si
1757 501 2117 569 virginitatem
2150 544 2160 564 Α

2230 499 2556 572 ἠρνήσασθε,
2585 502 2634 554 εί
2661 498 2962 571 παρθενίαν
3005 497 3237 563 εἵλεσθε,
3269 500 3319 552 εί
3367 500 3590 572 Χριστῷ
3640 503 3804 572 ὲνυμ-

533 586 794 656 elegistis,
827 586 871 641 si
901 585 1125 643 Christo
1149 589 1436 658 deSponsaa
1478 591 1630 655 estis,
1660 591 1704 644 si
1741 607 1965 661 regnum
2004 609 2117 648 ca:-

2230 593 2481 664 ρεύθητε,
2531 595 2580 646 εί
2637 593 2916 664 βασιλείαν
2951 593 3198 664 οὐρανῶν
3229 594 3576 664 ἠγαπήσατε,
3622 597 3674 649 τί
3729 599 3801 667 μὴ

535 679 710 733 lorum
736 681 1059 744 adamastis,
1098 697 1196 736 cur
1221 697 1329 735 non
1356 681 1592 736 studium
1621 691 1860 736 vestrum
1893 699 2117 738 curam-

2230 686 2401 739 πᾶσαν
2431 685 2585 755 ὑμῶν
2630 685 2730 757 τὴν
2761 685 2994 747 σπουδὴν
3028 686 3121 739 καὶ
3147 685 3422 756 μέριμναν
3480 688 3620 758 πρὸς
3646 690 3804 743 τοῦτο

533 785 644 838 que
700 785 918 826 omnem
979 773 1045 827 ad
1108 773 1212 828 hoc
1255 773 1598 829 conferatis?
1634 777 1934 844 gaudentes
1974 778 2160 846 quod-

2230 775 2418 846 ἔχοιτε,
2453 777 2740 848 χαίρουσαι
2762 777 2845 830 ὅτι
2865 776 3106 830 τοιούτου
3131 778 3412 832 θεοσδότου
3442 779 3619 851 δώρου
3650 783 3805 850 ἠξιώο

535 864 627 916 tali
663 880 889 919 munere
913 874 968 920 et
999 865 1108 919 Deo
1152 866 1387 936 dignata:
1432 869 1586 930 estis,
1615 869 1879 938 dignitate
1907 869 2118 922 ineoru-

2230 869 2370 939 θητε,
2397 867 2707 940 ἀξιώματος
2737 867 3146 938 ἀνυπερϐλήτου
3176 881 3193 896 ⁶
3250 870 3310 922 ού
3358 870 3504 938 λέγω
3560 875 3706 926 κατὰ
3738 873 3806 925 τὰ

533 956 763 1024 parabili
806 971 819 1008 :
880 973 988 1012 non
1036 958 1158 1012 dico
1209 959 1509 1013 secundum
1565 961 1803 1014 humana
1852 978 1865 1012 :
1923 961 2117 1016 umbra

2230 958 2539 1029 iveptbmva.
2581 959 2733 1029 (σκιά
2765 958 2874 1028 γὰρ
2916 958 3092 1012 ταῦτα
3133 958 3226 1012 καὶ
3260 959 3535 1030 ὀνείρατα,
3577 963 3674 1014 καὶ
3731 963 3808 1031 τῷ

531 1047 678 1100 enim
702 1047 816 1102 haec
841 1059 968 1104 sunt
1009 1061 1065 1104 et
1095 1051 1306 1105 somnia
1329 1091 1346 1114 ,
1388 1067 1511 1118 quze
1546 1067 1671 1106 cum
1722 1055 1972 1121 praesenti
2011 1069 2118 1108 sae-

2230 1053 2447 1120 παρόντι
2501 1050 2656 1104 αἰῶνι
2692 1050 3223 1122 συγκαταλυὸμενα),
3269 1051 3404 1104 ἀλλά
3433 1057 3527 1104 καὶ
3555 1054 3702 1107 κατά
3740 1057 3809 1108 τὰ

532 1140 658 1194 culo
686 1141 987 1196 interibunt
1018 1159 1032 1196 :
1067 1143 1163 1197 sed
1215 1145 1516 1199 secundum
1550 1145 1857 1213 spiritualia
1893 1164 1906 1199 :
1938 1147 2115 1216 siqui-

2230 1143 2570 1212 πνευματικά
2600 1160 2614 1175 ·
2650 1143 2809 1212 είπερ
2841 1142 3111 1212 παρθενία
3160 1143 3254 1195 καὶ
3301 1143 3657 1214 ἀκτημοσύνη
3699 1146 3808 1196 τῶν

531 1228 654 1283 dem
706 1229 988 1298 virginitas
1044 1241 1098 1285 et
1155 1243 1444 1302 paupertas
1502 1235 1644 1289 inter
1688 1236 1923 1290 maxima
1972 1238 2117 1293 dona

2230 1235 2495 1304 μεγίστων
2527 1232 2745 1304 δωρεῶν
2789 1232 2850 1286 τὸ
2888 1232 3200 1304 ἐξαίρετον;
3231 1235 3325 1287 καὶ
3358 1235 3406 1286 εί
3435 1233 3809 1304 ἀπληστεύονο

533 1322 890 1390 praecipuum.
924 1323 1079 1388 Quod
1105 1325 1151 1378 si
1184 1340 1292 1378 non
1323 1327 1666 1380 exsatiautur
1694 1329 1787 1397 qui
1825 1328 1877 1382 in
1910 1330 2117 1384 mundo

2230 1343 2305 1378 ιαι
2331 1326 2378 1377 οί
2405 1324 2547 1378 κατὰ
2577 1325 2782 1395 κόσμον
2807 1325 3098 1394 μετασχεῖν
3119 1324 3228 1376 τῶν
3254 1325 3500 1393 ματαίων
3522 1325 3618 1376 καὶ
3641 1326 3811 1378 ἀπολ-

531 1420 682 1474 sunt,
723 1422 772 1465 et
800 1414 1095 1481 acquirunt
1132 1413 1315 1468 inania
1339 1425 1392 1469 et
1421 1418 1661 1484 peritura
1697 1433 1711 1470 :
1762 1434 1926 1487 quam
1964 1422 2115 1473 insa-

2230 1417 2490 1489 lupévwv'
2527 1417 2581 1470 τί
2615 1418 2710 1472 καὶ
2757 1417 2920 1470 πόσον
2951 1419 3113 1488 ἡμεῖς
3165 1416 3456 1487 ὀφείλομεν
3485 1418 3808 1488 ἀκορέστως

533 1503 795 1558 turabiles
823 1521 921 1559 nos
949 1521 1070 1559 esse
1108 1506 1370 1561 debemus
1405 1507 1456 1560 in
1499 1509 1777 1577 perpetuis
1803 1521 1857 1564 et
1888 1510 2117 1566 inenar-

2230 1513 2359 1584 ἔχειν
2390 1513 2448 1565 ὲν
2475 1514 2588 1574 τοῖς
2634 1510 2938 1582 ἀμηρύτοις
2991 1511 3086 1565 καὶ
3123 1510 3507 1579 ἀνεκλαλὴτοις
3541 1509 3802 1576 ἀγαθοῖςς

531 1596 799 1650 rabilibus
849 1597 1035 1652 bonis?
1078 1598 1277 1668 Utique
1331 1599 1539 1661 hortor,
1600 1602 1786 1671 utique
1838 1602 2110 1659 obsecro:

2230 1605 2346 1671 Nai,
2407 1603 2728 1675 παρακαλῶ·
2789 1604 2897 1668 ναὶ,
2962 1602 3246 1669 ἀντιϐολῶ,
3285 1602 3713 1672 κατακτήσασθε
3741 1605 3810 1658 τὰ

529 1689 798 1758 acquirite
835 1693 1106 1752 ccelestia,
1149 1693 1271 1748 lilia:
1308 1692 1399 1746 Dei
1431 1702 1624 1759 estote,
1661 1695 1862 1763 reginae
1893 1696 1946 1748 in
1974 1697 2114 1751 caelo

2230 1696 2443 1765 abpa’vta
2464 1711 2478 1725 ·
2520 1694 2764 1764 γένοισθε
2795 1693 2930 1748 Θεοῦ
2963 1694 3288 1764 θυγατέρες,
3321 1693 3593 1764 βασιλίδες
3637 1695 3810 1765 obpa-

531 1784 802 1852 glorinsze,
832 1799 1045 1853 sponsa:
1073 1784 1297 1850 Christi,
1324 1784 1527 1840 Christi
1569 1786 1904 1847 colum-edes,
1941 1787 2032 1841 lux
2059 1789 2112 1842 in

2230 1788 2519 1859 νοτίμητοι,
2538 1787 2779 1858 Χριστοῦ
2811 1786 3047 1858 νύμφαι,
3079 1785 3318 1856 Χριστοῦ
3347 1787 3806 1857 συγκληρονόμοι,

532 1877 760 1941 mundo,
810 1893 990 1931 sermo
1028 1889 1274 1942 sanctus,
1318 1880 1665 1933 conversatio
1701 1879 1859 1934 laude
1904 1879 2068 1950 digna
2099 1899 2112 1934 :
2149 1879 2160 1933 l

2230 1879 2336 1946 pii):
2373 1880 2430 1931 ἐν
2460 1878 2670 1949 κόσμῳ,
2694 1878 2909 1948 λάλημα
2932 1876 3108 1945 ἅγιον,
3132 1876 3431 1946 πολίτευμα
3463 1876 3807 1942 ἀξιέπαινον.

531 1978 590 2024 tu
619 1971 861 2039 quidem,
908 1970 1130 2024 domina
1176 1971 1400 2026 antistes
1449 1982 1501 2026 et
1552 1973 1611 2025 in
1655 1971 1875 2027 Christo
1925 1973 2119 2041 praesi-

2230 1969 2289 2022 Σύ
2320 1987 2380 2023 τε
2403 1972 2434 2040 ὴ
2464 1971 2628 2040 κυρία
2654 1968 3067 2040 καθηγουμένη,
3092 1968 3187 2023 καὶ
3211 1968 3269 2020 ἐν
3288 1966 3509 2037 Χριστῷ
3535 1968 3808 2037 ἄρχουσα,

530 2061 686 2122 deus,
717 2071 770 2115 et
801 2077 896 2116 vos
919 2063 1132 2131 egregia
1167 2064 1416 2132 pignora,
1451 2063 1575 2117 lilia:
1605 2079 1858 2132 supernae
1883 2062 2114 2118 Jerusa-

2230 2061 2375 2131 ὃμεῖς
2405 2078 2463 2114 τε
2496 2062 2551 2113 αἱ
2594 2060 2934 2114 καλλίτεκνοι
2970 2058 3270 2128 θυγατέρες
3309 2057 3548 2127 τῆς,ἇνω
3599 2056 3807 2127 Ἰερου-

530 2147 661 2214 lem,
693 2151 748 2203 in
779 2150 999 2206 Christo
1029 2149 1158 2207 Jesu
1193 2152 1422 2208 Domino
1475 2163 1683 2219 nostro,
1715 2155 1801 2208 cui
1833 2151 2007 2224 gloria
2059 2153 2117 2208 in

2230 2154 2418 2225 ταλὴμ,
2445 2155 2504 2207 ἐν
2540 2153 2765 2224 Χριστῷ
2803 2153 2979 2225 ’ἱησοῦ
3003 2154 3081 2226 τῷ
3111 2154 3304 2226 Κυρίῳ
3326 2149 3506 2223 ἡμῶν,
3531 2148 3577 2221 ᾧ
3615 2154 3651 2225 ἡ
3676 2151 3813 2218 δόξα

529 2243 747 2300 saecula.
777 2244 970 2300 Amen.

2230 2247 2294 2308 είς
2319 2245 2447 2308 τοὺς
2473 2246 2697 2309 αἰῶνας.
2749 2245 2943 2316 Ἀμήν.

2223 2357 2374 2412 PKA'
2409 2357 2544 2429 (20).
2579 2389 2645 2399 —
2680 2358 3026 2431 Κατήχησις
3055 2359 3232 2431 -πρὸς-
3261 2357 3406 2426 τοὺς
3441 2357 3668 2414 ἑαυτοῦ
3691 2376 3815 2431 μα-

2787 2430 2990 2497 θητάς·
3053 2429 3234 2502 [xw-1

1485 2537 1672 2590 Horum
1696 2540 2047 2591 contentiones
2066 2542 2199 2593 inter
2219 2554 2297 2602 se,
2319 2547 2373 2592 et
2390 2544 2611 2605 quadam
2636 2541 2730 2593 alia
2751 2542 2975 2607 castigat.

703 2358 940 2415 CXXIV.
972 2391 1038 2404 —-
1061 2359 1360 2417 Catechesis
1384 2361 1454 2417 ad
1477 2362 1764 2432 discipulos
1789 2380 1935 2418 suos.

603 2653 997 2708 Catechesibus
1026 2668 1128 2724 ego
1165 2654 1393 2710 humilis
1420 2669 1644 2724 operam
1672 2658 1765 2718 do,
1797 2671 1904 2711 non
1930 2667 2117 2711 osten-

2296 2634 2498 2726 Ἔργον
2543 2656 2656 2722 ἐγὼ
2687 2657 2715 2708 ὁ
2749 2655 2999 2718 ταπεινὸς
3032 2653 3339 2724 ἐργάζομαι
3389 2655 3449 2709 ἐν
3503 2657 3627 2719 ταῖς
3677 2673 3819 2709 κατ-

535 2744 754 2798 talinnis
781 2745 984 2809 studio,
1021 2761 1201 2814 neque
1235 2761 1302 2802 ex
1353 2747 1591 2802 absurda
1624 2748 1824 2802 mentis
1858 2748 2111 2817 elatione,

2230 2751 2504 2821 ηχήσεσιν,
2547 2751 2647 2804 ούκ
2670 2751 2727 2818 ἐξ
2759 2750 3190 2822 ἐπιτηδεύματος
3224 2749 3627 2821 φανητιασμοῦ,
3685 2751 3817 2803 οὐδὲ

534 2839 628 2892 sed
659 2854 727 2892 ex
765 2852 912 2892 metu
953 2854 1019 2894 ac
1061 2850 1318 2905 tremore,
1376 2855 1444 2894 ex
1481 2841 1648 2895 corde
1706 2843 1870 2896 anxio
1905 2852 1959 2897 et
1989 2843 2118 2898 cha-

2230 2841 2325 2893 ὶπὸ
2360 2841 2744 2912 συνεπάρσεως
2772 2841 3009 2905 διανοίας
3043 2841 3360 2896 ἀλλοκότου·
3400 2843 3517 2896 ἀλλ’
3544 2845 3609 2894 ἐκ
3634 2842 3818 2910 φόϐου

531 2931 716 2997 ritate,
745 2930 942 2986 fratres
975 2941 1288 3003 patresque.
1320 2931 1576 2990 Amantis
1605 2934 1874 3005 siquidem
1899 2937 2114 3007 signum

2230 2934 2312 2986 καὶ
2337 2934 2568 3004 τρόμου,
2605 2934 2664 2998 ἐξ
2692 2935 2952 2986 ἐπιπόνου
2992 2936 3220 3005 καρδίας
3253 2937 3349 2989 καὶ
3375 2935 3617 3006 ἀγάπης,
3651 2937 3822 2990 ἀδελ-

531 3037 612 3079 est
650 3025 882 3080 sollicite
910 3026 1127 3080 docere.
1170 3025 1365 3093 Argue,
1413 3026 1612 3096 inquit,
1659 3029 1891 3096 increpa,
1925 3043 2160 3099 oppor-(

2230 3025 2312 3092 ροὶ
2363 3028 2455 3079 καὶ
2488 3024 2750 3094 Πατέρες.
2780 3025 2953 3095 Είπερ
2983 3027 3306 3093 ἀγαπῶντος
3338 3026 3538 3096 δεῖγμα
3567 3027 3629 3079 τὸ
3678 3030 3818 3081 ἐπι-

533 3129 677 3184 tune,
727 3121 1022 3185 importune
1043 3121 1110 3173 ⁸⁸.
1153 3119 1231 3173 Ad
1293 3121 1426 3185 hac,
1479 3121 1717 3184 hortare,
1768 3122 2014 3186 instrue,
2063 3131 2116 3177 et

2230 3114 2400 3184 μελῶς
2450 3108 2747 3168 παιδεύεὶν.
2807 3115 3123 3183 Ἐλεγξον,
3172 3117 3358 3188 φησιν,
3417 3117 3819 3187 ἐπιτίμησον,

530 3228 870 3284 quaecunque
923 3212 1025 3265 alia
1085 3212 1247 3266 habet
1305 3213 1389 3266 lex
1439 3211 1532 3266 Dei
1587 3229 1650 3268 ac
1677 3215 1942 3284 praecipit.
1976 3202 2118 3282 Quid

2230 3207 2530 3273 εὐκαίρως,
2566 3207 2846 3275 ἀκαίρως.
2888 3208 3042 3262 Ἐπεὶ
3093 3210 3188 3262 καὶ
3242 3209 3650 3281 παρακάλεσον,
3686 3229 3822 3266 νου-

530 3319 662 3375 ergo
690 3303 998 3370 significare
1026 3304 1281 3358 volumus
1312 3303 1398 3356 bis
1428 3303 1652 3359 verbis?
1685 3305 1757 3360 De
1788 3309 2116 3376 petulantia;

2230 3295 2465 3364 Βέτησον,
2517 3298 2616 3349 ὅσα
2657 3297 2792 3351 ἄλλα
2842 3300 2870 3351 ὁ
2901 3299 2995 3352 τοῦ
3027 3299 3164 3352 Θεοῦ
3190 3301 3351 3371 νόμος
3403 3301 3515 3370 ἔχει
3555 3305 3653 3354 καὶ
3691 3303 3821 3354 διας

530 3397 678 3468 quod
746 3396 814 3451 ad
873 3397 1234 3466 psalmodiam
1268 3413 1295 3451 a
1331 3397 1432 3466 piis
1491 3406 1545 3451 et
1595 3399 1866 3468 religiosis
1917 3402 2115 3467 vocati,

531 3507 642 3544 non
673 3489 815 3544 sicut
860 3490 1014 3544 decet
1044 3488 1348 3544 convenitis
1394 3499 1448 3544 et
1475 3497 1685 3545 noctem
1730 3491 1929 3547 ducitis
1968 3509 1983 3546 :
2022 3492 2118 3546 sed

529 3583 585 3636 in
634 3584 926 3637 verborum
973 3581 1442 3648 contentionibus,
1490 3583 1793 3652 primisque
1826 3584 2107 3638 consessi-

529 3677 654 3730 bus.
687 3675 1012 3743 Anticipasti
1041 3684 1120 3741 tu,
1172 3675 1371 3745 inquit,
1398 3684 1453 3729 et
1483 3691 1568 3729 me
1609 3690 1717 3728 non
1765 3676 2119 3743 exspectasti.

532 3769 817 3841 Propriam
869 3786 1081 3826 ccenam
1113 3771 1419 3840 sumpsisti,
1463 3781 1517 3826 et
1551 3785 1637 3825 me
1669 3785 1778 3824 non
1811 3770 2116 3826 advocasti.

530 3846 646 3933 Ego
684 3863 912 3918 chorum
946 3863 1292 3928 moderabor,
1325 3870 1379 3917 et
1417 3877 1526 3917 non
1582 3872 1661 3925 tu,
1697 3862 1894 3926 inquit.
1940 3864 2118 3933 Atque

530 3955 649 4009 haec
675 3954 727 4007 in
785 3953 1030 4008 Ecclesia
1064 3971 1078 4008 :
1112 3961 1274 4022 atque
1323 3952 1440 4006 haec
1493 3951 1846 4007 audientibus
1888 3951 1996 4008 illis
2023 3952 2120 4022 qui

532 4048 837 4103 invitarunt
873 4065 889 4101 :
937 4061 1004 4101 ex
1043 4047 1244 4116 quibus
1273 4045 1351 4098 ira
1386 4044 1610 4115 quidem
1639 4045 1823 4099 divina
1866 4045 2121 4100 invisibi-

532 4127 624 4204 Iis,
651 4139 806 4194 dolor
840 4153 967 4193 vero
1005 4148 1058 4192 et
1111 4136 1340 4192 ollensio
1383 4147 1571 4207 aperta
1619 4137 1992 4191 invitantium.
2036 4137 2122 4192 An

532 4241 852 4304 potestatem
905 4247 1014 4285 non
1065 4231 1302 4296 habetis,
1340 4231 1387 4286 si
1425 4230 1558 4300 quid
1599 4231 1862 4286 molestiae
1889 4230 2121 4295 incidat,

532 4326 786 4395 privatim
818 4324 1114 4380 accusandi
1162 4333 1376 4388 mutuo,
1409 4333 1463 4377 et
1493 4338 1616 4393 quas
1660 4335 1959 4383 occurrunt
1991 4339 2124 4378 con-

2221 3389 2521 3444 κελεύεται.
2555 3391 2622 3443 Τί
2656 3391 2720 3462 δὴ
2747 3388 2841 3446 οὖν
2869 3392 3117 3463 βούλεταί
3160 3411 3250 3465 μοι
3276 3399 3303 3448 ὀ
3329 3395 3484 3463 λόγος
3525 3397 3824 3466 ὑποδηλῶ-

2223 3496 2313 3533 σαι
2339 3497 2353 3544 ;
2379 3481 2515 3553 Περὶ
2547 3482 2795 3548 ἀταξίας·
2827 3485 2909 3537 ὅτι
2935 3484 3404 3555 προσκαλούμενοι
3433 3487 3536 3538 ὑπὸ
3565 3488 3821 3539 εὐσεϐῶν

2220 3573 2300 3636 είς
2333 3572 2670 3643 ψαλμῳδίας,
2711 3576 2774 3628 ού
2809 3575 2950 3628 κατὰ
2975 3575 3036 3629 τὸ
3065 3577 3350 3646 πρεπῶδες
3386 3577 3821 3649 συναθροίζεσθε

2222 3667 2317 3720 καὶ
2347 3669 2704 3739 παννυχίζετε
2727 3711 2741 3735 ,
2772 3669 2884 3722 ἀλλ’
2947 3672 3005 3722 ἐν
3059 3670 3414 3742 λογομαχίαις
3452 3675 3548 3726 καὶ
3587 3691 3820 3743 πρωτο-

2223 3762 2479 3826 κλισίαις.
2506 3762 2822 3832 Προῠλαϐες
2849 3765 2937 3828 σὺ,
2970 3766 3126 3836 φησὶ,
3167 3765 3311 3836 κάμὲ
3341 3767 3443 3819 οὐκ
3490 3765 3820 3836 ἀνέμειναε.

2223 3855 2297 3907 Τὸ
2348 3855 2476 3908 ῐδιον
2522 3855 2739 3908 δεῖπνον
2801 3854 3025 3925 ἔφαγες,
3088 3856 3230 3927 κάμὲ
3293 3857 3356 3910 ού
3415 3858 3820 3920 συνεκάλεσας.

2235 3943 2377 4013 Ἐγὼ
2408 3947 2901 4018 κανοναρχήσαιμι,
2936 3947 3052 4002 ἀλλ’
3090 3949 3151 4002 ού
3181 3949 3268 4014 σὺ,
3299 3950 3454 4021 φησί.
3485 3951 3597 4003 Καὶ
3631 3947 3824 4004 ταῦτα.

2224 4036 2282 4087 ἐν
2324 4036 2611 4109 ἐκκλησίᾳ·
2653 4038 2747 4092 καὶ
2770 4037 2941 4092 ταῦτα
2969 4040 3276 4094 ἀκουόντων
3301 4041 3408 4093 τῶν
3435 4041 3817 4110 κεκληκὸτων·

2224 4128 2309 4198 ἐφ’
2338 4125 2417 4192 οἷς
2444 4130 2581 4202 ὀργὴ
2614 4131 2713 4201 μὲν
2742 4129 2877 4184 Θεοῦ
2905 4133 3151 4204 ἀοράτως
3179 4148 3193 4163 ·
3239 4133 3384 4204 λύπη
3422 4133 3477 4186 δὲ
3507 4136 3599 4186 καὶ
3631 4133 3821 4206 βλάϐη

2226 4221 2633 4294 ὁμολογουμένη
2665 4221 2775 4276 τῶν
2805 4222 3173 4294 κεκληκότων.
3207 4224 3298 4295 Μὴ
3330 4224 3438 4295 γὰρ
3493 4225 3680 4295 χώραν
3707 4227 3822 4282 οὐκ

2229 4313 2410 4384 ἔχητε,
2446 4317 2494 4367 εί
2532 4314 2626 4368 καί
2656 4332 2707 4367 τι
2739 4315 2946 4383 γίνοιτο
2970 4313 3273 4378 θλιπτικὸν,
3306 4317 3386 4378 είς
3408 4315 3468 4367 τὸ
3505 4315 3612 4385 ίδίᾳ
3645 4316 3824 4384 ἐγκα-

532 4416 753 4471 ciliandi
777 4430 872 4484 per
934 4415 1364 4469 satisfactionem
1414 4422 1470 4467 et
1517 4429 1814 4484 congruam
1851 4405 2160 4469 humilita?

2233 4405 2346 4457 λείν
2367 4404 2636 4476 ἀλλήλοις,
2669 4406 2762 4458 καὶ
2786 4405 2856 4458 τά
2883 4405 3269 4475 συμπίπτοντα
3309 4406 3711 4460 καταλλάσσειν
3743 4409 3822 4462 δι’

532 4510 678 4563 tem?
737 4508 840 4561 Sed
899 4505 1070 4560 frater
1132 4523 1254 4562 cum
1286 4507 1454 4562 fratre
1506 4508 1811 4568 contendit,
1841 4508 2121 4575 irascitur,

533 4601 730 4671 injuria
760 4599 945 4666 allicit,
972 4601 1287 4655 indecenter
1308 4615 1368 4656 se
1397 4600 1535 4671 gerit
1562 4600 1614 4654 in
1639 4600 1815 4656 oculis
1843 4601 2117 4655 omnium.

535 4694 579 4749 0
628 4692 1028 4765 petulantiam?
1062 4707 1095 4746 ο
1141 4691 1384 4746 alienum
1435 4707 1466 4746 a
1505 4692 1792 4747 monachis
1834 4700 2125 4763 spectacu-

532 4786 645 4840 lum
681 4785 695 4839 l
725 4800 758 4840 ο
788 4785 1097 4840 divinarum
1125 4781 1306 4853 legum
1334 4783 1742 4853 contemptum!

608 4959 813 5015 Deinde
870 4976 1034 5015 causa
1079 4961 1372 5032 praeposito
1412 4961 1752 5016 attribuitur.
1802 4960 1983 5028 Talis,
2033 4961 2121 5015 in-

534 5053 755 5121 quiunt,
807 5050 1054 5121 magistri
1088 5051 1222 5107 tales
1268 5061 1323 5106 et
1350 5051 1624 5120 discipuli.
1657 5052 1855 5103 Annon
1890 5065 2118 5104 exosum

537 5159 625 5196 me
655 5143 720 5196 iis
768 5145 932 5196 etiam
969 5142 1065 5212 qui
1105 5143 1158 5198 in
1192 5144 1325 5197 urbe
1355 5153 1484 5195 sunt
1527 5140 1880 5195 reddidistis?
1917 5142 2117 5195 Annon

537 5233 864 5302 praeclarum
932 5248 1171 5295 nomen,
1225 5233 1369 5301 quod
1420 5233 1472 5284 in
1535 5239 1722 5285 sancta
1779 5231 2126 5285 fraternitate

539 5335 726 5379 nostra
765 5326 1097 5381 celebratqu
1126 5325 1246 5390 fuit,
1281 5326 1336 5380 in
1373 5327 1712 5380 contrarium
1743 5325 2131 5379 convertitur?

543 5417 806 5487 Pugnatis
849 5429 903 5473 et
939 5418 1271 5491 belligeratis
1302 5437 1315 5472 :
1371 5417 1659 5475 comeditis
1692 5427 1748 5474 et
1777 5418 1984 5485 bibitis,
2016 5433 2122 5472 non

635 5532 680 5562 “
713 5530 756 5585 Il
801 5530 943 5586 Tim.
976 5547 1051 5596 tv,
1091 5531 1144 5585 Ξ.

2227 4496 2524 4564 ἀπολογίας
2551 4499 2645 4549 καὶ
2674 4497 2772 4566 τῆς
2792 4496 3022 4568 δεούσης
3047 4497 3466 4566 ταπεινώσεως;
3499 4498 3639 4552 Ἀλλ’
3656 4499 3830 4553 ἀδελ-

2229 4587 2327 4657 φὸς
2362 4587 2480 4657 μετ’
2509 4587 2735 4657 ἀδελφοῦ
2766 4589 3022 4659 μάχεται,
3054 4589 3353 4660 ὀργίζεται,
3374 4590 3603 4662 ὑϐρίζει,
3629 4592 3828 4664 ἀσχη-

2230 4680 2400 4749 μονεῖ,
2449 4679 2543 4732 ἐπὶ
2581 4679 2873 4750 προσώπου
2913 4682 3152 4735 πάντων.
3189 4684 3253 4737 Ὦ
3299 4682 3398 4754 τῆς
3441 4683 3712 4751 ἀταξίαςῖ
3769 4686 3830 4741 ὣ

2225 4770 2324 4840 τῆς
2373 4770 2647 4841 ἀμονάχου
2686 4770 2953 4844 θεωρίαςῑ
2987 4773 3031 4826 ὣ
3060 4772 3162 4844 τῆς
3211 4774 3674 4846 καταφρονήσεως
3702 4778 3830 4833 τῶν

2231 4861 2393 4915 θείων
2422 4862 2603 4933 νόμων
2629 4865 2641 4918 l

2301 4950 2433 5008 Εἶτα
2479 4955 2512 5025 ή
2556 4954 2702 5008 αἰτία
2743 4953 2837 5010 ἐπὶ
2887 4956 2979 5009 τὸν
3037 4956 3472 5026 καθηγούμενον.
3528 4957 3820 5021 Τοιούτου,

2231 5046 2387 5118 φησὶ,
2419 5046 2738 5100 διδασκάλου
2769 5049 3076 5119 τηλικοῦτοι
3107 5050 3204 5103 καὶ
3245 5049 3505 5121 μαθηταί.
3531 5039 3660 5119 Ἆρ’
3696 5050 3820 5114 οὐκ

2235 5138 2461 5208 μισητόν
2491 5155 2558 5208 με
2589 5139 2926 5209 πεποιήκατε
2957 5141 3052 5193 καὶ
3089 5143 3198 5204 τοῖς
3225 5144 3284 5193 ἐν
3315 5142 3467 5195 ἄστει
3495 5159 3509 5208 ;
3535 5137 3664 5211 Ἆρ’
3697 5142 3826 5212 ούχτ

2229 5230 2289 5282 τὸ
2320 5229 2482 5282 καλὸν
2509 5229 2680 5300 ὄνομα
2702 5230 2761 5283 τὸ
2790 5231 3087 5302 ἐπικληθὲν
3114 5234 3208 5287 ἐπὶ
3237 5237 3302 5304 τῇ
3335 5234 3456 5304 ὁσία
3487 5232 3838 5302 ἀδελφότητι

2231 5321 2410 5392 ήμῶν,
2451 5323 2528 5386 είς
2567 5323 2878 5376 τούναντίον
2928 5327 3360 5396 περιτρέπεται;
3423 5323 3683 5393 Μὰχεσθε
3724 5329 3844 5380 καὶ

2233 5415 2517 5484 πολεμεῖτε
2547 5431 2559 5443 °
2614 5413 2856 5486 τρώγετε
2901 5423 2996 5472 καὶ
3037 5418 3220 5472 πίνετε
3245 5434 3259 5448 ·
3291 5418 3392 5471 οὐκ
3417 5416 3687 5484 εὐλαϐῶς,
3720 5417 3846 5490 οὐχ

2062 5705 2290 5761 ΝΟΤᾹΣ.

627 5824 736 5894 (‘20)
765 5825 821 5880 In
863 5826 982 5881 cod.
1013 5824 1146 5894 Reg.
1201 5821 1342 5894 (1)3."-
