3934 6526
176 471 282 537 1405
1295 481 1729 544 EPISTOLARI

1804 483 1828 545 1
1869 486 2014 546 LIB.
2056 487 2140 548 II.
3223 480 3357 546 1406

173 586 364 658 ἡσύχως,
398 585 505 641 ἀλλ’
526 585 777 658 ἀσὲμνως
799 629 817 656 ,
861 591 979 646 ἀλλ’
1007 594 1316 668 ἀμονάχως.
1371 600 1509 654 Elea
1563 595 1677 656 οὖν
1703 612 1726 670 γὲ

1809 611 2093 657 everenter
2141 609 2196 656 et
2263 600 2507 670 pacifica,
2545 598 2639 655 sed
2674 598 2981 662 inhoneste,
3043 598 3138 653 sed
3167 608 3361 654 contra

170 678 373 741 ἐσθίετε.
420 678 534 733 εἴτε
584 682 810 746 πίνετε,
849 683 970 738 εἴτε
1024 687 1086 740 τι
1140 689 1382 754 ποιεῖτε,
1431 692 1598 762 φησὶν
1648 694 1679 746 ό

1811 709 1987 748 norem
2025 693 2437 747 monasticum:
2491 678 2612 747 Sive
2672 707 2797 761 ergo
2835 690 3197 754 manducatis,
3257 693 3364 747 sive

179 765 464 833 ’Δπόστολος,
494 767 688 822 πάντα
709 771 800 837 είς
826 770 1016 837 δόξαν
1043 776 1192 830 Θεοῦ
1224 779 1464 832 ποιεῖτε.
1489 780 1680 850 Ὑμεῖς

1816 785 1984 850 ibitis,
2020 785 2126 839 sive
2154 784 2282 854 quid
2305 785 2454 838 aliud
2478 785 2677 854 facitis,
2705 784 2781 838 ait
2826 783 3143 852 Apostolus,
3181 785 3363 836 omnia

169 855 212 908 δὲ
235 857 315 926 οὐχ
343 857 520 926 οὕτως,
552 862 646 914 καὶ
676 864 1066 935 καταισχύνετε
1118 867 1179 920 τὸ
1239 869 1393 938 ἆγιον
1452 872 1638 942 σχῆμα
1658 887 1676 904 ⁸

1814 894 1836 929 ι
1859 876 2084 946 gloriam
2113 875 2209 930 Dei
2233 877 2394 945 facite
2410 876 2476 929 ⁸⁷.
2502 875 2613 931 Vos
2638 891 2768 929 vero
2818 890 2926 928 non
2969 874 3047 928 sic
3076 892 3090 927 :
3125 881 3178 928 et
3208 874 3367 944 igno-

170 947 490 1013 σκανδαλίζετε
532 953 656 1015 τοὺς
679 954 949 1022 εὐλαόεἰς,
1005 957 1208 1027 μᾶλλον
1244 958 1303 1012 δὲ
1331 961 1427 1015 καὶ
1454 963 1682 1016 ἀνευλα-

1815 968 1951 1023 ninia
1980 968 2194 1024 aflicitis
2226 984 2442 1024 sacrum
2493 969 2739 1022 habitum
2785 985 2798 1021 :
2829 965 3159 1021 verecundis
3195 965 3368 1020 offen-

168 1035 270 1130 θείς.
335 1039 448 1092 Εἴθε
518 1042 748 1111 ἠκούετο
816 1048 945 1118 περὶ
1002 1048 1121 1114 ἐνὸς
1199 1051 1432 1126 ἑκάστῳ
1500 1055 1676 1124 ὑμῶν.

1818 1060 1963 1115 iculo
2011 1061 2163 1126 estis,
2229 1061 2337 1115 imo
2366 1061 2549 1130 potius
2593 1058 3003 1114 inverecundis.
3044 1055 3267 1112 Utinam
3301 1058 3369 1112 de

177 1126 348 1222 ’θποίον
368 1131 578 1198 εὐλαϐὲς
597 1136 888 1206 πρόσωπον
918 1139 1073 1210 φέρει
1095 1143 1124 1196 ό
1141 1142 1289 1197 δεῖνα
1308 1145 1321 1198 !
1351 1146 1465 1200 Οὐὰ
1490 1146 1680 1217 ἡλίκον

1816 1167 2116 1222 ηηοιιιιοίιυε
2147 1163 2394 1222 vestrum
2421 1152 2678 1206 audiatur
2706 1168 2721 1204 :
2755 1150 3030 1216 Quantam
3075 1150 3227 1204 vultu
3253 1164 3369 1202 mo-

167 1218 211 1314 τὸ
248 1224 498 1314 ,σιωπηλόν
553 1226 649 1279 τοῦ
693 1228 874 1284 δεῖναι
935 1228 1065 1299 εὖγε
1122 1234 1184 1287 τὸ
1231 1214 1682 1308 ἀπαρρησίαστον

1814 1214 2268 1314 estiam-praefert
2305 1214 2425 1299 ille!
2475 1242 2520 1299 Ο
2550 1214 2818 1314 quantum
2880 1241 3082 1297 silentii
3127 1242 3367 1296 studium

169 1311 354 1405 txsivou'
381 1313 468 1368 τοῦ
504 1316 559 1369 δὲ
594 1317 657 1370 τὺ
686 1321 966 1374 τακτικόνο
1005 1321 1169 1376 ἄλλου
1195 1324 1257 1377 τὸ
1290 1326 1679 1396 σεμνόψαλτον·

1817 1346 1866 1392 st
1898 1336 2009 1390 illi!
2045 1351 2253 1405 quanta
2308 1311 2585 1390 modestia
2623 1345 2708 1389 est
2745 1334 2928 1402 istius,
2980 1333 3192 1387 ordinis
3236 1346 3370 1385 cura

167 1401 318 1498 ἑτέρου
351 1406 405 1458 τὸ
447 1408 850 1482 εὐαπάντητονί
903 1413 1092 1468 Ταῦτα
1143 1417 1238 1470 καὶ
1285 1419 1411 1482 τοὺς
1458 1419 1684 1490 ἔχοντας

1815 1444 1840 1481 n
1875 1428 1998 1495 hoc,
2049 1427 2102 1482 in
2134 1428 2243 1482 alio
2295 1427 2534 1498 gravitas
2579 1434 2796 1487 cantus,
2839 1426 2894 1480 in
2944 1426 3054 1479 alio
3099 1423 3368 1478 comitas!

169 1495 390 1562 καλλύνει,
437 1503 526 1554 καὶ
550 1505 678 1566 τοὺς
712 1505 1052 1577 θεωροῦντας
1083 1509 1313 1580 ὀνίνησι,
1337 1511 1430 1564 τόν
1458 1529 1519 1565 τε
1547 1512 1682 1566 Θεὸν

1819 1516 1912 1573 lare
1965 1526 2020 1572 et
2071 1517 2193 1572 illos
2237 1495 2330 1584 qui
2375 1516 2461 1571 bis
2498 1515 2710 1586 praediti
2766 1524 2894 1570 sunt
2921 1521 3140 1575 ornant,
3166 1522 3221 1566 et
3248 1527 3372 1581 spe.

167 1587 414 1656 εὐφραίνει,
452 1595 592 1664 κάμὲ
642 1596 734 1650 τὸν
793 1599 1118 1668 ἁμαρτωλὸν
1165 1603 1439 1672 σεμνύνει.
1478 1602 1594 1656 Νῦν
1625 1605 1683 1658 δὲ

1822 1617 1995 1664 tantes
2022 1608 2239 1678 juvant.
2281 1607 2562 1676 Deumque
2604 1606 2933 1666 exhilarant,
2965 1613 3020 1659 et
3060 1619 3146 1656 me
3179 1618 3375 1670 pecca-

168 1677 278 1767 κατὰ
302 1681 386 1742 τὰς
422 1683 692 1755 ἁμαρτίας
728 1705 831 1758 μου
863 1690 1217 1762 ἀντίστροφα.
1244 1694 1354 1749 Καὶ
1382 1694 1442 1748 οὐ
1466 1695 1683 1750 πάντων

1820 1717 1958 1755 orem
2010 1700 2324 1755 honestant.
2355 1698 2510 1754 Nunc
2561 1713 2711 1764 vero,
2759 1697 2908 1767 quod
2943 1695 3182 1766 peccatis
3234 1695 3373 1748 meis

166 1766 479 1864 καθάπτομαι·
519 1777 642 1830 ἐπεὶ
681 1779 868 1834 πολλοὶ
900 1781 1082 1853 χάριτι
1110 1783 1265 1852 Θεοῦ,
1288 1785 1431 1849 οἴους
1463 1789 1618 1859 ζητεί
1653 1788 1683 1841 ὁ

1826 1793 2038 1857 ebetur,
2078 1793 2262 1848 omnia
2317 1790 2619 1847 contraria.
2669 1787 2782 1844 Nec
2812 1799 3000 1844 tamen
3032 1801 3224 1842 omnes
3247 1801 3374 1855 per-

168 1856 306 1955 i—dvog'
333 1861 435 1955 ἀλλ’
463 1864 686 1955 ἐκείνων
710 1867 818 1921 τῶν
868 1872 1242 1941 ὲνισχημένων
1270 1877 1337 1945 τῇ
1359 1856 1680 1948 ἀπροσεξίᾳ.

1819 1886 1994 1955 tringo
2025 1856 2049 1940 7:
2109 1885 2236 1955 quia
2276 1899 2374 1954 per
2404 1883 2498 1938 Dei
2537 1881 2767 1954 gratiam
2810 1881 2967 1934 multi
3011 1887 3141 1934 sunt
3181 1878 3372 1948 quales

166 1947 425 2049 llzpaxlaktb
477 1954 568 2049 οὖν
624 1961 790 2028 ὑμᾶς,
833 1963 1034 2032 μᾶλλον
1061 1964 1116 2018 δὲ
1145 1966 1483 2038 ἐντέλλομαι,
1516 1947 1682 2024 ἀλλά·
1715 1963 1719 2016 l

1818 1947 1956 2049 xigil
1978 1947 2159 2034 ratio}
2190 1947 2430 2034 sed-illos
2451 1947 2902 2048 quirnegligentia
2928 1971 3189 2042 implicati
3217 1978 3369 2027 sunt.

165 2036 263 2141 ἔατε
282 2044 338 2095 τὰ
359 2048 561 2141 πονηρὰ
587 2049 694 2120 ἤθη
726 2052 821 2105 καὶ
850 2052 967 2123 ἔθη,
1000 2055 1127 2118 τοὺς
1159 2036 1397 2127 τρόπους
1436 2059 1531 2112 καὶ
1556 2062 1685 2124 τοὺς

1816 2072 1986 2127 lortor
2017 2086 2146 2141 ergo
2173 2086 2288 2134 vos,
2321 2079 2419 2124 ant
2442 2069 2628 2139 potius
2646 2036 2912 2137 praecipio
2952 2083 2966 2120 :
3003 2073 3208 2118 mutate
3242 2077 3369 2130 per-

165 2127 334 2199 λόγους·
357 2138 418 2189 τὰ
446 2141 702 2209 σχήματα
729 2144 824 2194 καὶ
851 2143 919 2196 τὰ
949 2147 1211 2215 στόματα.
1239 2148 1393 2201 Ἐπεὶ
1413 2149 1496 2214 τίς
1525 2150 1684 2220 χρεία

1819 2176 1975 2218 ersos
2030 2175 2209 2215 mores
2241 2168 2296 2213 et
2324 2155 2770 2219 consuetudines,
2816 2153 3037 2207 modum
3078 2148 3272 2220 agendi
3319 2156 3371 2200 et

164 2223 256 2324 ἀντὶ
281 2227 466 2293 ἀγαθοῦ
497 2232 764 2302 πονηρίαν
817 2234 1188 2290 ὑποδεικνύειν
1235 2241 1349 2301 τοῖς
1400 2239 1680 2311 κλήτορσι,

1818 2253 2061 2324 ›ᾳυεοόί,
2094 2260 2280 2322 gestus
2319 2258 2482 2317 atque
2513 2248 2628 2301 oris
2661 2246 2937 2300 habitum.
2977 2242 3190 2296 Etenim
3239 2237 3371 2308 quid

163 2311 265 2417 θεόν
299 2333 351 2417 τε
374 2319 594 2417 λυπεῖν,
646 2324 794 2394 κάμὲ
831 2326 923 2382 τὸν
976 2329 1208 2383 ἐλεεινὸν
1262 2334 1680 2404 καταισχύνειν;

1817 2355 1934 2401 uvat
1992 2344 2117 2400 boni
2169 2344 2292 2398 loco
2346 2340 2614 2396 malitiam
2658 2338 2952 2394 ostendere
2996 2331 3370 2394 vocatoribus,

171 2405 559 2511 I’fl'xouaoigcouat
584 2458 600 2484 ,
658 2418 876 2489 ἀδελφοί
942 2438 1044 2491 μου
1071 2462 1086 2487 ,
1125 2423 1248 2476 ἐπεὶ
1313 2424 1496 2496 βοήσω
1545 2427 1684 2498 πρὸς

1816 2441 2065 2508 Deumque
2117 2437 2465 2500 contristare,
2497 2441 2552 2488 et
2583 2447 2670 2486 me
2697 2430 2960 2486 miserum
2995 2427 3204 2497 pudore
3245 2424 3369 2478 allio

162 2497 324 2599 Κύριον
355 2505 395 2599 όᾼ
429 2507 667 2599 ἀνάξιος.
708 2512 939 2565 Ἔπειτα
995 2515 1088 2568 καὶ
1137 2515 1522 2587 διαστελοῦμαι
1577 2497 1684 2572 ἀπὸ

1818 2530 2249 2596 ereiExaudiar,
2283 2528 2484 2583 fratres
2509 2526 2640 2588 mei',
2673 2539 2798 2578 cum
2827 2521 3080 2576 clamabo
3109 2519 3371 2587 indignus

160 2592 230 2641 τοῦ
259 2592 616 2664 ἀπειθοῦντος.
657 2600 866 2665 Ἀπλῶς
910 2603 966 2656 δὲ
1020 2604 1164 2673 λέγω
1201 2607 1363 2676 τυχὸν
1395 2609 1488 2661 καὶ
1530 2608 1682 2662 ἀδια-

1819 2623 1850 2676 d
1884 2621 2196 2676 Dominum.
2229 2592 2434 2673 Deinde
2456 2616 2757 2672 subducam
2787 2628 2875 2666 me
2905 2612 2974 2665 ab
3000 2609 3369 2664 inohediente.

161 2681 305 2776 Ῡάρως
331 2688 560 2761 φέρομαι
588 2709 604 2725 ο
659 2693 736 2764 μὴ
787 2694 1111 2750 διαστέλλων
1134 2695 1224 2751 τὸν
1248 2699 1394 2752 ὅσιον
1442 2698 1550 2753 ἀπὸ
1586 2697 1682 2752 τοῦ

1819 2714 2038 2767 'ortasse
2092 2721 2275 2764 autem
2324 2708 2507 2762 minus
2543 2705 2842 2776 prudenter
2895 2703 3108 2771 loquor,
3171 2709 3227 2754 et
3285 2700 3372 2753 in-

159 2774 350 2866 ᾁνοσίου.
392 2782 580 2854 Ὑμεῖς
637 2789 770 2842 Θεὸν
819 2791 880 2843 οὐ
933 2791 1219 2860 φοϐεῖσθες
1277 2794 1412 2863 Οὐχὶ
1467 2794 1524 2846 δὲ
1555 2795 1684 2865 περὶ

1820 2801 2199 2858 iscriminatim
2222 2799 2384 2861 feror,
2419 2796 2566 2866 pium
2591 2795 2660 2850 ah
2686 2793 2855 2863 impio
2877 2807 2982 2846 non
3004 2790 3372 2860 distinguens.

157 2865 292 2937 ἀργοῦ
338 2877 577 2947 ῥήματος
641 2879 886 2951 δώσομεν
940 2883 1132 2952 λόγον;
1202 2885 1265 2938 Ὅ
1317 2885 1463 2951 Θεὸς
1513 2883 1684 2954 ἡμῶν

1824 2894 1894 2949 ὀε
1935 2892 2103 2948 Deum
2156 2907 2268 2946 non
2311 2888 2570 2944 timetis?
2622 2887 2822 2940 Annon
2859 2884 2928 2938 de
2967 2883 3147 2937 otioso
3205 2885 3377 2937 verbo

282 2972 746 3056 καταναλίσκον,
802 2975 1043 3043 ἀδελφοί.
1108 2979 1206 3031 Ὃν
1258 2977 1609 3048 φοϐηθῶμεν,
1640 2975 1685 3046 ᾧ

1828 2989 2048 3042 itionem
2082 2985 2374 3039 reddemus
2395 2981 2479 3036 ⁸⁸ἳ
2533 2979 2687 3034 Deus.
2752 2988 2932 3031 noster
2985 2976 3122 3046 ignis
3187 2991 3381 3028 consu-

159 3051 240 3104 ἀπὸ
280 3055 362 3109 τοῦ
421 3059 582 3132 δευρο
633 3063 1008 3136 δουλεύσωμεν
1071 3068 1274 3131 ὁσίως·
1333 3069 1422 3122 ἵνα
1484 3070 1684 3134 κακίας

1821 3093 1930 3130 iens
1952 3075 2107 3139 est”,
2148 3074 2370 3128 fratres.
2402 3071 2558 3126 lllum
2589 3068 2903 3131 timeamus,
2933 3066 3008 3119 illi
3035 3076 3224 3120 sancte
3255 3079 3374 3118 ser-

158 3139 332 3235 ἀπάσης
377 3151 539 3225 μέχρι
581 3157 679 3208 καὶ
734 3157 1057 3228 ἀργολογίας
1081 3161 1430 3229 ἀπεχόμενοι,
1483 3163 1685 3232 ἀρετῆς

1825 3169 1998 3223 iamus
2057 3166 2110 3220 in
2167 3173 2468 3235 posterum,
2511 3171 2572 3216 ut
2626 3177 2658 3216 a
2706 3159 2852 3214 malo
2893 3159 3044 3213 omni
3088 3172 3265 3226 usque
3310 3156 3378 3211 ad

155 3229 199 3356 δὲ
239 3238 463 3356 ἐχόμενοι
497 3285 514 3311 ,
587 3248 916 3319 κληρονόμοι
977 3250 1273 3320 γενοίμεθα
1339 3252 1485 3324 ζωῆς
1526 3229 1684 3308 ialm-

1825 3260 2018 3316 erbum
2048 3229 2284 3313 otiosum
2310 3255 2669 3319 abstinentes,
2703 3250 3004 3320 virtutique
3034 3248 3374 3310 insistentes,

154 3325 259 3379 νιου*
287 3336 538 3402 φυγόντες
562 3339 632 3393 τά
656 3340 849 3412 ἡπειλη
858 3340 994 3410 μένα
1017 3343 1350 3416 κολαστήρια
1375 3348 1486 3410 τοῖς
1517 3364 1687 3401 κατα-

1826 3352 2037 3407 ιωτεόεε
2065 3351 2259 3404 fiamus
2289 3348 2412 3402 vitae
2455 3359 2691 3408 aeternae,
2723 3343 2992 3397 intentata
3026 3346 3379 3407 contempto-

157 3427 406 3513 φρονηταίς
436 3468 451 3492 ,
491 3432 550 3484 ὲν
592 3431 818 3502 Χριστῷ
860 3433 1035 3505 Ἰησοῦ
1084 3435 1163 3506 τῷ
1207 3436 1399 3508 Κυρίῳ
1439 3439 1617 3509 ἡμῶν,
1644 3433 1689 3507 ᾧ

1830 3445 1947 3500 ibus
1973 3442 2236 3513 supplicia
2273 3440 2634 3511 eﬁ‘ugientes;
2681 3437 2733 3491 in
2769 3435 2991 3490 Christo
3018 3432 3148 3489 Jesu
3197 3430 3383 3486 Domi-

154 3511 312 3603 ᾐδόξα
357 3522 446 3574 καὶ
478 3524 540 3576 τὸ
591 3525 795 3594 κράτος
847 3528 942 3581 σὺν
975 3527 1055 3597 τῷ
1093 3528 1268 3600 Πατρὶ
1316 3531 1410 3582 καὶ
1435 3530 1514 3600 τῷ
1545 3531 1690 3602 ἁγίῳ

1835 3552 1869 3592 0
1927 3511 2134 3600 nostro,
2189 3534 2278 3590 cui
2324 3532 2491 3603 gloria
2520 3542 2574 3587 et
2604 3530 2896 3600 imperium
2948 3543 3074 3584 cum
3123 3526 3283 3580 Patre
3329 3531 3385 3578 et

155 3599 409 3676 Πνεύματι,
465 3612 563 3667 νῦν
610 3615 708 3668 καὶ
753 3615 862 3679 ἀεὶ,
893 3617 988 3670 καὶ
1037 3619 1120 3682 είς
1167 3599 1295 3683 τοὺς
1342 3599 1545 3686 αἰῶνας
1581 3599 1691 3678 τῶν

1836 3636 1988 3682 ancto
2018 3626 2247 3697 Spiritu,
2282 3599 2429 3680 nunc
2455 3632 2510 3679 et
2540 3599 2775 3693 semper,
2807 3629 2862 3676 et
2890 3621 2946 3676 in
2973 3619 3175 3676 saecula
3213 3631 3389 3672 sacu-

154 3699 346 3759 αίὼνων.
373 3706 566 3777 ’Δμήν.

1797 3723 1998 3778 lorum.
2026 3722 2223 3776 Amen.

235 3818 374 3879 PKE’
406 3826 544 3899 (21).
586 3858 659 3871 —-
706 3831 1070 3899 Κανονικαῖς
1116 3836 1445 3904 aperis/nov
1505 3833 1690 3908 [χξθ’.]

1614 3834 1690 3908 in]
2017 3836 2226 3893 CXXV.
2254 3865 2325 3878 -—
2353 3836 2436 3889 Ad
2467 3835 2748 3888 canonicas
2788 3832 3167 3904 principemes.

853 3944 1036 3994 Harum
1075 3945 1288 3997 virtutes
1312 3948 1491 4007 laudat,
1516 3955 1569 3998 et
1597 3951 1655 3998 ad
1679 3950 1947 4013 perfectam
1980 3948 2354 4001 sanctimoniam
2383 3949 2629 3998 hortatur.

205 4042 328 4109 Χθὲς
383 4047 508 4103 ίδὼν
557 4049 707 4121 ὑμᾶς
739 4051 839 4114 τὰς
897 4054 956 4106 ὲν
1005 4053 1194 4126 Κυρίῳ
1244 4055 1517 4126 ἀδελφὰς,
1571 4057 1696 4110 ἐπεὶ

1875 4060 2009 4115 Cum
2044 4074 2142 4112 vos
2175 4058 2423 4110 hesterna
2467 4055 2554 4109 die
2594 4055 2647 4108 in
2695 4051 2931 4107 Domino
2977 4064 3202 4106 sorores
3237 4048 3373 4117 vidi,

157 4141 440 4207 κατεπεῖγον
463 4137 536 4211 ἦν
561 4142 650 4196 διά
671 4143 773 4214 τὴν
813 4141 910 4197 τοῦ
960 4145 1380 4216 θεοφιλεστάτου
1435 4150 1695 4220 άρχιεπι-

1833 4152 1931 4222 [uia
1967 4159 2188 4221 propter
2227 4147 2576 4202 dilectissimi
2607 4147 2714 4200 Deo
2747 4141 3147 4212 archiepiscopi
3178 4141 3386 4196 valetu-

156 4228 324 4282 σκόπου
379 4232 708 4299 ἀσθένειαν,
763 4235 1050 4308 ἐκωλύθην
1101 4237 1233 4309 ὑμῖν
1282 4239 1515 4310 λαλῆσαι
1571 4242 1696 4295 ὅσον

1829 4243 1985 4297 linem
2038 4257 2126 4296 res
2166 4239 2415 4310 urgebat,
2447 4236 2761 4307 prohibitus
2811 4249 2934 4289 sum
2977 4248 3078 4287 vos
3113 4242 3382 4302 quantum

156 4315 311 4388 ἐχρῆν.
374 4325 512 4379 Νυνὶ
565 4327 624 4380 δὲ
673 4326 763 4380 διὰ
833 4328 929 4381 τοῦ
983 4330 1315 4401 γράμματος
1363 4333 1424 4385 τὸ
1476 4333 1696 4398 ἐλλιπὲς

1831 4351 1940 4406 νριιε
1975 4345 2090 4389 erat
2117 4331 2342 4402 alloqui.
2371 4327 2527 4384 Nunc
2563 4343 2692 4382 vero
2722 4342 3034 4397 congruum
3065 4327 3384 4382 existimavi

154 4408 508 4486 ἀναπληρῶσαι
545 4418 727 4483 καλῶς
768 4417 914 4488 ἔχειν
947 4420 1198 4490 ἐνόμισα.
1228 4418 1381 4475 Εἶδον
1422 4423 1578 4493 ὑμῶν
1603 4423 1703 4494 τὴν

1827 4443 1900 4482 »ετ
1939 4426 2148 4480 litteras
2183 4423 2435 4491 supplere
2463 4420 2606 4487 quod
2635 4419 2828 4474 defuit.
2863 4417 2984 4472 Vidi
3013 4434 3255 4488 namque
3291 4434 3380 4473 so-

157 4498 453 4576 ἀδελφότητα
501 4511 605 4579 ὅση
652 4510 746 4563 καὶ
786 4510 973 4581 ἡλίκη,
1025 4512 1110 4565 ὅτι
1138 4529 1198 4565 τε
1228 4513 1423 4584 πλήθει
1453 4516 1703 4585 ηὐξημέ-

1839 4517 2054 4570 ietatem
2101 4524 2361 4577 vestram,
2411 4519 2613 4581 quanta
2651 4510 2944 4579 qualisque
2991 4510 3084 4576 sit,
3136 4510 3282 4578 quod
3331 4520 3387 4566 et

156 4608 221 4660 νη,
252 4601 336 4650 καὶ
370 4603 587 4655 συνέσει
617 4602 955 4673 διαφέρουσα
975 4618 990 4633 ⁶
1039 4604 1134 4658 καὶ
1175 4603 1404 4670 ἐδόξασα
1436 4607 1525 4659 τὸν
1559 4609 1700 4675 ἀγαο

1831 4624 2035 4664 ιιιιηετο
2067 4607 2266 4675 ampla,
2307 4613 2364 4662 et
2401 4603 2689 4674 prudentia
2725 4613 2992 4670 prastans
3023 4620 3036 4656 :
3068 4602 3384 4672 bonumque

158 4681 225 4735 δὸν
249 4688 370 4742 Θεὸν
396 4693 596 4762 ἡμῶν.
632 4694 691 4758 ὃς
741 4696 1051 4767 συνήγαγεν
1085 4696 1232 4765 ὑμᾶς
1277 4696 1533 4750 τοσοῦτον
1565 4699 1701 4768 πλῆ-

1830 4702 1973 4753 )eum
2005 4705 2255 4751 nostrum
2299 4693 2622 4766 gloriﬁcavi,
2668 4692 2761 4762 qui
2799 4702 2950 4746 tanta
2987 4708 3086 4746 vos
3132 4694 3383 4748 multitu-

156 4775 222 4842 θος
249 4785 334 4837 ἐπὶ
377 4787 438 4840 τὸ
489 4788 646 4854 αὐτὸ,
703 4789 784 4859 τῷ
834 4791 1192 4861 σταυροφόρῳ
1251 4790 1351 4862 βίῳ
1423 4791 1697 4845 δουλεύειν

1830 4790 1928 4843 line
1961 4789 2014 4841 in
2047 4803 2215 4841 unum
2236 4785 2603 4854 congregavit,
2632 4791 2691 4837 ut
2720 4783 2824 4837 sub
2846 4797 3011 4836 cruce
3034 4783 3298 4849 viventes,
3326 4785 3383 4839 in

156 4870 272 4943 αὐτῷ
313 4879 367 4928 ὲν
401 4881 648 4950 ὁσιότητι
701 4881 796 4935 καὶ
856 4882 1197 4954 δικαιοσύνῃ.
1231 4884 1366 4937 Τίνα
1418 4878 1512 4936 οὖν
1550 4886 1706 4936 ἐπαι-

1828 4881 2098 4934 .anctitate
2153 4886 2207 4932 et
2251 4877 2464 4946 jusntia
2516 4875 2777 4930 serviatis
2830 4875 2929 4928 illi.
2992 4874 3165 4940 Quam
3213 4876 3381 4946 igitur

154 4963 294 5034 νέπω;
330 4972 427 5042 τὴν
468 4973 900 5046 καθηγουμένην
956 4975 1138 5041 πλέον,
1174 4976 1208 5046 ἢ
1256 4977 1402 5047 ὑμᾶς
1440 4977 1539 5040 τὰς
1577 4978 1706 5029 ἑπο-

1831 4970 2084 5025 audabo?
2134 4968 2414 5024 Ducemne
2458 4975 2699 5022 vestram
2743 4966 2948 5036 potius,
3002 4982 3071 5020 an
3119 4982 3220 5022 vos
3259 4982 3384 5037 quae

159 5058 290 5122 μένας
319 5067 411 5117 καὶ
464 5067 959 5137 ὑποτασσομένας;
1020 5068 1354 5139 Ἀμφότεραι
1408 5069 1701 5138 ἐγκωμίων

1829 5063 2094 5134 equimini
2127 5071 2182 5115 et
2226 5060 2459 5114 subditae
2504 5059 2674 5114 estis?
2706 5058 2896 5113 Ambae
2927 5059 3072 5114 enim
3116 5059 3382 5114 encomiis

155 5151 366 5222 πλήρεις,
391 5161 564 5213 αῐνων
595 5161 692 5214 καὶ
724 5161 983 5216 ἐπαίνων.
1038 5163 1148 5216 Καὶ
1173 5164 1233 5215 οὐ
1273 5162 1432 5232 μόνον
1467 5163 1609 5216 κατά
1641 5162 1702 5214 τὸ

1827 5156 2113 5216 :umulataz.
2148 5153 2400 5207 laudibus
2429 5161 2484 5207 et
2510 5152 2823 5223 pmconiis.
2861 5149 2980 5206 Nec
3007 5151 3128 5206 ideo
3170 5159 3380 5205 tantum

157 5249 352 5313 συναφὲς
395 5252 496 5320 τῆς
536 5252 916 5323 πνευματικῆς
950 5254 1134 5323 ζωῆς,
1168 5253 1285 5307 ἀλλ’
1317 5254 1400 5307 ὅτι
1446 5254 1540 5307 καὶ
1598 5253 1698 5324 βίῳ

1830 5251 1952 5321 μιοό
1978 5247 2279 5317 spiritualis
2306 5247 2430 5300 vita:
2463 5262 2604 5300 nexu
2629 5245 2900 5314 copulata:
2930 5245 3085 5308 estis,
3122 5244 3217 5298 sed
3239 5242 3383 5310 quod

153 5335 510 5415 ἠκριόωμένῳ,
579 5346 722 5400 κατά
776 5362 837 5399 τε
876 5346 1240 5415 ἐγκράτειαν,
1296 5348 1389 5399 καὶ
1449 5345 1549 5412 τὴν
1613 5345 1698 5414 ἐφ’

1830 5351 1998 5397 exacta
2026 5340 2315 5408 disciplina
2344 5348 2398 5393 et
2436 5339 2827 5393 continentiam
2857 5338 2912 5392 et
2956 5349 3207 5391 mutuum
3243 5339 3383 5390 inter

157 5426 336 5497 ιινταίς
372 5436 627 5490 δουλείαν
660 5437 758 5492 καὶ
801 5439 982 5490 πᾶσαν
1004 5437 1304 5503 διακονίαν,
1336 5436 1479 5491 καθά
1519 5436 1707 5507 μεμά-

1831 5452 1908 5490 ros
1959 5433 2282 5488 famulatum
2333 5446 2399 5486 ac
2443 5432 2807 5486 ministerium
2858 5430 3263 5501 quodcunque,
3323 5439 3384 5483 ut

155 5519 269 5594 Θηκα
295 5568 308 5590 ,
340 5529 719 5601 διατηρεῖσθε.
770 5531 1153 5602 Εὑλογημέναι
1179 5532 1338 5602 ὑμεῖς
1375 5532 1435 5584 ὲν
1469 5530 1663 5601 Κυρίῳ
1685 5545 1699 5560 ⁸

1832 5527 1999 5590 lidici,
2026 5525 2350 5581 observatis.
2389 5523 2694 5579 Benedicta:
2723 5539 2823 5578 vos
2852 5523 2906 5577 in
2943 5521 3176 5576 Domino
3203 5538 3218 5575 :
3255 5520 3385 5574 bea-

159 5622 392 5689 μακάριον
419 5623 485 5676 τὸ
514 5623 807 5696 σύνταγμα
842 5625 996 5695 ὑμῶν
1015 5640 1028 5658 ⁸
1055 5625 1268 5678 αἱνετδν
1301 5624 1362 5680 τὸ
1401 5623 1704 5694 πολίτευμα

1828 5635 1901 5676 ,υε
1947 5629 2119 5676 coetus
2168 5627 2348 5674 vester
2382 5637 2395 5673 :
2432 5616 2724 5672 laudabilis
2774 5616 3124 5672 conversatio
3155 5621 3330 5670 vestra
3362 5627 3381 5668 :

223 5735 259 5766 "
287 5738 303 5791 l
333 5737 464 5794 Cor.
511 5756 566 5804 κ,
596 5739 685 5794 5i.
764 5740 810 5772 ⁸³
833 5738 1021 5796 Matth.
1058 5757 1154 5808 xu,
1182 5737 1273 5795 36.
1349 5738 1394 5771 "
1421 5736 1578 5794 Deut.
1614 5751 1687 5800 tv,
1716 5734 1808 5788 9.4.

1668 5829 1904 5888 NOTAE.

215 5923 311 5993 lii)
337 5927 390 5982 In
420 5927 548 5984 cod.
587 5928 719 5997 Reg.
760 5925 887 5996 ρλξ¹.
