3934 6462
551 390 682 451 1407

1740 392 1800 452 S.
1840 393 2236 457 THEODORI
2277 393 2626 456 STUDITE

3684 387 3815 450 1408

548 519 740 558 omnes
781 518 1002 572 sponsae
1031 501 1235 559 Christi
1267 523 1280 558 :
1310 506 1463 576 virgo
1496 521 1859 578 unaquaque,
1900 520 1962 565 ut
1987 510 2134 565 Can-

2248 510 2430 578 S‘pé'iv'
2471 509 2645 561 πᾶσαι
2696 505 2906 575 νύμφαι
2950 500 3222 572 Χριστοῦο
3266 503 3472 571 ὲκάστη
3524 501 3812 567 παρθένος,

548 597 780 650 ticorum
814 598 993 651 verbis
1022 597 1216 666 loquar
1251 597 1431 652 hortus
1463 599 1766 663 conclusus,
1798 601 1919 669 fons
1953 603 2134 672 signa-

550 701 631 742 ms
654 689 723 753 ὀ,
752 705 878 743 rosa
908 690 1034 743 boni
1077 690 1263 744 odoris
1292 689 1426 756 Deo,
1462 691 1637 745 lilium
1679 693 2128 762 incorruptionis.

552 778 593 830 Ο
625 778 911 846 pulchrum
949 778 1298 847 paradisuml
1341 795 1373 834 ο
1405 789 1645 848 pratum,
1684 796 1794 850 quo
1828 781 2135 836 delectatur

549 870 694 925 Dens
767 871 1021 927 Christus
1049 872 1104 925 in
1134 872 1316 926 medio
1345 885 1614 936 vestrum,
1650 874 1742 943 qui
1786 873 2001 946 lignum
2049 882 2137 930 est

549 967 694 1018 vitae.

622 1057 727 1112 Sed
762 1059 1024 1129 quoniam
1061 1059 1129 1114 ad
1169 1059 1606 1129 experimentum
1643 1059 2136 1130 probationemque

551 1147 774 1202 virtutis
821 1159 906 1204 est
950 1149 1117 1203 etiam
1162 1149 1329 1203 arbor
1389 1150 1572 1212 vetita,
1625 1165 1747 1219 quae
1790 1151 2018 1219 pulchra
2066 1151 2136 1205 ad

552 1241 1058 1310 contemplandum,
1103 1257 1208 1297 nec
1260 1251 1344 1297 est
1400 1257 1532 1297 sane
1578 1243 1631 1297 id
1690 1243 1836 1312 quod
1883 1243 2132 1310 videtur;

553 1331 667 1386 imo
710 1347 897 1386 amara
945 1343 998 1388 et
1048 1333 1336 1387 mortifera
1383 1332 1428 1388 si
1474 1335 1708 1388 edatur:
1744 1343 1798 1388 et
1841 1333 1974 1403 quid
2032 1334 2136 1388 hoc

553 1424 700 1477 aliud
748 1436 830 1480 est
873 1441 1041 1494 quam
1081 1426 1356 1496 voluptas,
1388 1442 1496 1496 qua
1551 1425 1660 1480 Eva
1707 1427 1881 1496 prima
1933 1441 2134 1496 parens

552 1527 710 1584 capta
751 1517 868 1571 est?
900 1517 1327 1574 Commonemus
1367 1533 1467 1574 vos
1502 1529 1555 1573 et
1585 1519 1888 1583 hortamur,
1932 1533 2002 1573 ne
2032 1535 2135 1572 un-

553 1622 718 1676 quam
757 1607 1015 1664 lethalem
1059 1609 1299 1664 fructum
1341 1611 1645 1682 attingatis,
1678 1611 1773 1666 sed
1814 1611 2134 1666 mandatum

551 1699 836 1769 arripiatis
880 1700 1116 1770 speciosi
1147 1701 1512 1771 undequaque
1539 1717 1603 1756 ac
1634 1701 1747 1755 veri
1796 1701 1972 1770 reipsa
2017 1703 2136 1756 fru-

551 1800 697 1854 etus,
731 1790 1101 1846 obedientiam
1134 1801 1189 1845 et
1214 1791 1578 1846 humilitatem
1613 1791 1952 1855 excolentes,
1997 1793 2133 1848 cha-

2247 602 2597 675 ’ᾼσματικῶς
2642 600 2853 661 είπεῖν,
2908 596 3105 664 κῆπος
3166 594 3619 662 κεκλεισμένος,
3653 610 3820 661 πητη

2231 692 2706 765 ἐσφραγισμένη,
2743 691 2894 762 ῥόδον
2917 689 3182 758 εύοσμίας
3210 686 3371 751 Θεοῦ,
3397 688 3582 756 κρῖνον
3605 688 3816 754 ἀχραν-

2232 789 2388 851 τίαςί
2440 788 2504 838 Ὠ
2553 785 2718 839 καλοῦ
2769 781 3141 852 παραδείσουί
3175 782 3240 832 Ὢ
3278 779 3553 850 λειμῶνος
3601 779 3819 848 θεοτερ-

2234 879 2393 943 ποῦς.
2426 878 2662 950 Χριστὸς
2699 878 2758 930 ὲν
2795 876 2945 947 μέσῳ
2993 873 3170 945 ὑμῶν,
3197 873 3257 937 ὃς
3287 875 3408 926 ἐστι
3437 871 3502 925 τὸ
3530 870 3691 938 ξύλον
3718 875 3818 941 τῆς

2234 975 2401 1043 ζωῆς.

2318 1064 2661 1136 Ἀλλ’ὲπειδὴ
2693 1063 2831 1132 πρὸς
2849 1063 3048 1127 πεῖραν
3079 1059 3174 1113 καὶ
3203 1057 3438 1129 δοκιμὴν
3459 1057 3668 1127 ἀρετῆς
3697 1057 3815 1109 ἐστι

2234 1158 2327 1211 καὶ
2349 1157 2411 1210 τὺ
2439 1157 2607 1226 φυτὸν
2625 1155 2686 1208 τὸ
2702 1153 3081 1224 ἀπειρημένον
3100 1168 3114 1181 ο
3147 1151 3284 1223 ὅπερ
3311 1149 3513 1221 ὡραῖον
3537 1150 3618 1211 εἰς
3642 1165 3820 1200 κατα-

2236 1252 2450 1322 νόησινο
2477 1250 2539 1304 ού
2564 1249 2672 1320 μὴν
2697 1249 2834 1318 ὅπερ
2848 1245 3094 1316 φαίνοιτό
3122 1243 3295 1309 ἐστιν,
3321 1242 3458 1297 ἀλλά
3484 1242 3687 1312 πικρὸν
3725 1240 3820 1292 καὶ

2235 1342 2536 1410 θανάσιμον
2584 1344 2651 1412 τῇ
2693 1338 3017 1410 μεταλήψειο
3037 1338 3133 1391 καὶ
3151 1337 3204 1389 τί
3224 1335 3404 1399 τοῦτο,
3425 1332 3633 1405 ἀλλ’[ἧ]
3657 1332 3820 1402 ἡδονὴ

2236 1434 2325 1502 ὑφ’
2354 1427 2422 1504 ἦς
2448 1432 2592 1485 ἑάλω
2622 1429 2736 1484 Εὕα
2763 1431 2796 1500 ὴ
2823 1429 3166 1500 προμήτωρ;
3194 1425 3696 1495 ὑπομιμνήσκομεν
3726 1424 3823 1474 καὶ

2237 1523 2631 1595 παραινοῦμεν,
2664 1526 2878 1592 μήποτε
2901 1517 3142 1588 ἅψασθαι
3187 1517 3331 1587 ὑμᾶς
3371 1513 3466 1567 τοῦ
3515 1512 3823 1582 θανασίμου

2237 1611 2451 1681 καρποῦ
2470 1627 2483 1642 ·
2515 1610 2654 1663 ἀλλά
2680 1607 3128 1679 μεταλαμϐάνειν
3154 1605 3256 1676 τῆς
3288 1604 3510 1675 ἐντολῆς
3548 1603 3646 1656 τοῦ
3681 1620 3825 1656 παν-

2237 1704 2440 1774 ωραίου
2495 1703 2591 1756 καὶ
2643 1699 2902 1771 ἀληθινοῦ
2939 1699 3015 1762 ὡς
3055 1697 3275 1768 ἀληθῶς
3308 1695 3561 1766 καρποῦ⁶
3603 1696 3824 1763 ὑπακοῇ

2238 1795 2334 1848 καὶ
2386 1791 2864 1864 ταπεινοφροσύνῃ
2913 1789 3302 1860 κεκρημένας·
3363 1788 3557 1861 ἀγάπῃ
3614 1791 3682 1858 τῇ
3744 1790 3824 1849 εἰς

554 1882 774 1937 ritatem
807 1883 877 1938 ad
908 1884 1142 1938 invicem
1189 1893 1244 1938 et
1279 1899 1508 1939 vacuam
1541 1885 1745 1938 invidia
1794 1885 2132 1952 equitatem,

2248 1886 2477 1956 ἀλλήλας
2501 1887 2592 1940 καὶ
2621 1883 2872 1954 ἀφθονίᾳ,
2909 1879 3271 1952 ἀκτημοσύνῃ
3299 1881 3398 1934 καὶ
3443 1879 3821 1949 είρηνοποιία.

553 1985 978 2047 paupertatem,
1036 1976 1300 2046 pacisque
1353 1993 1544 2032 curam
1609 1990 1663 2034 et
1713 1980 1980 2036 studium.
2043 1980 2136 2034 Sic

556 2066 704 2120 enim
741 2067 990 2122 viventes
1031 2067 1417 2137 glorilicabitis
1454 2067 1624 2123 Deum
1670 2069 1726 2124 in
1768 2087 2002 2140 corpore
2044 2087 2137 2126 vc-

553 2167 672 2212 stro
705 2166 760 2212 et
789 2158 845 2212 in
884 2159 1106 2227 spiritu,
1140 2159 1285 2213 sicut
1327 2169 1553 2216 sanctus
1595 2164 1855 2230 prtedicat
1898 2165 2134 2233 Aposto-

555 2251 643 2306 lus
665 2250 733 2305 ".
810 2248 903 2306 Sic
951 2261 1007 2306 et
1059 2252 1296 2321 amplius
1361 2254 1861 2323 multiplicabimiui
1902 2258 2031 2310 :sic
2083 2264 2138 2309 et

555 2342 871 2398 sanctitatis
927 2359 1129 2399 nomen
1177 2344 1234 2399 in
1288 2345 1392 2399 hac
1437 2346 1547 2399 vita
1591 2347 1934 2407 obtinebitis,
1975 2355 2029 2401 et
2082 2348 2134 2401 in

557 2433 743 2488 futuro
795 2434 997 2488 sarculo
1056 2435 1232 2503 gloria
1292 2436 1457 2489 simul
1514 2435 1797 2490 fruemini.
1851 2437 2133 2505 Scriptum

554 2537 639 2582 est
673 2546 687 2582 :
717 2525 778 2582 Si
807 2528 1184 2596 compatimur,
1210 2537 1258 2582 et
1283 2527 1886 2598 congloriﬁcabimur”.
1915 2530 1982 2584 Et
2005 2530 2134 2599 quid

553 2617 774 2673 tandem
851 2619 1009 2674 vobis
1063 2619 1326 2674 decorum
1387 2621 1601 2688 magis?
1663 2621 1794 2690 quid
1849 2622 2138 2691 augustius

556 2725 722 2777 quam
757 2709 850 2764 Dei
879 2711 1018 2765 tilias
1041 2711 1170 2772 dici.
1203 2726 1358 2766 sacra
1387 2711 1637 2775 donaria,
1675 2714 1874 2781 templa
1906 2713 2137 2783 virgini-

555 2800 727 2855 tatis?
753 2800 889 2855 Cum
919 2816 1048 2871 ergo
1085 2801 1200 2856 haec
1239 2803 1312 2856 ita
1358 2803 1489 2866 sint,
1525 2803 1777 2873 gaudete,
1821 2818 2042 2859 sorores
2081 2805 2137 2858 in

556 2890 800 2956 Christo,
854 2893 1109 2962 gaudete,
1174 2893 1304 2948 odio
1355 2895 1623 2949 habentes
1697 2893 1952 2950 all‘ectum
2008 2912 2137 2968 erga

558 3001 725 3040 carne
758 2987 1000 3055 junctos,
1038 2985 1167 3039 odio
1198 2985 1462 3040 habentes
1490 2993 1694 3040 sortem
1736 2987 1790 3040 in
1836 2993 1979 3040 terra
2010 3003 2139 3055 pos-

559 3080 764 3144 sidere,
820 3079 949 3134 odio
1008 3079 1275 3133 habentes
1333 3078 1516 3132 omnia
1578 3094 1698 3148 quae
1756 3079 2024 3148 optabilia
2081 3079 2137 3133 in

561 3174 768 3227 mundo
807 3182 935 3227 sunt
964 3190 976 3225 :
1009 3173 1269 3241 quoniam
1307 3173 1654 3225 conversatio
1678 3184 1860 3227 vestra
1899 3172 1954 3226 in
1985 3173 2138 3227 ccelis

560 3271 679 3326 cst,
731 3271 786 3317 et
838 3263 1128 3317 hereditas
1175 3279 1404 3332 regnum
1456 3263 1746 3328 canorum,
1795 3273 1848 3318 et
1901 3279 2140 3334 sponsus

563 3355 820 3410 Christus
847 3355 984 3425 ipse,
1019 3355 1113 3424 qui
1145 3370 1242 3410 vos
1267 3355 1484 3409 vocavit
1517 3364 1575 3408 ut
1597 3355 1773 3424 ipsum
1799 3358 2138 3425 sequamini:

560 3447 658 3517 qui
709 3458 763 3501 et
815 3463 912 3502 vos
976 3464 1072 3517 per
1139 3451 1695 3514 consummationem,
1759 3450 1815 3504 in
1861 3452 2141 3507 ccelestem

565 3541 868 3593 thalamum
897 3554 1020 3593 cum
1065 3539 1423 3609 prudentibus
1455 3540 1761 3611 virginibus
1811 3543 2140 3599 introducet.

567 3632 696 3686 Haec
725 3649 826 3701 ego
863 3632 1074 3699 paucis,
1113 3639 1173 3684 ut
1207 3631 1524 3700 agnoscatis
1554 3648 1641 3686 me
1681 3633 1734 3686 in
1765 3631 1972 3703 Spiritu
2017 3651 2146 3690 san-

566 3736 657 3777 cto
684 3732 940 3792 tanquam
969 3737 1187 3777 sorores
1211 3737 1304 3776 vos
1335 3723 1615 3787 habuisse,
1641 3723 1906 3795 vobisque
1938 3725 2146 3796 optima

569 3818 752 3872 omnia
783 3825 1070 3885 exoptare.

849 3934 1088 3995 CXXVI.
1117 3965 1188 3976 ——
1215 3934 1493 3992 Monac/iis
1524 3935 1855 3992 Photinudii.

2238 1977 2398 2032 Οῦτω
2423 1978 2532 2048 γὰρ
2557 1976 2771 2048 βιοῦσαι
2802 1975 3079 2042 δοξάσοιτε
3109 1975 3204 2027 τὸν
3229 1973 3365 2026 Θεὸν
3397 1975 3455 2026 ὲν
3485 1971 3564 2042 τῷ
3601 1972 3823 2040 σώματι

2239 2069 2394 2142 ὑμῶν
2428 2071 2522 2123 καὶ⁹
2559 2071 2617 2122 ὲν
2650 2069 2730 2139 τῷ
2751 2067 3055 2138 πνεύματι’
3089 2067 3232 2121 καθά
3267 2065 3366 2137 βοᾷ
3403 2066 3431 2117 6
3461 2067 3610 2136 ἱερὸς
3655 2067 3826 2119 Ἀπό-

2240 2160 2425 2222 στολος
2444 2159 2616 2214 ὀὕτω
2646 2161 2740 2213 καὶ
2768 2159 2969 2229 μᾶλλον
2993 2157 3441 2228 πληθυνθήσεσθε
3463 2173 3477 2187 ·
3504 2156 3652 2209 οὕτω
3684 2159 3824 2210 κάν-

2238 2253 2414 2306 ταῦθα
2447 2251 2891 2324 όνομασθήσεσθε
2924 2253 3151 2322 ὀνόματι
3177 2251 3480 2320 ὁσιότητος,
3529 2249 3625 2303 καὶ
3661 2251 3720 2302 ὲν
3749 2249 3828 2318 τῷ

2241 2343 2490 2412 μέλλοντι
2525 2343 2682 2396 αίῶνι
2729 2342 3259 2412 συνδοξασθήσεσθε.
3297 2343 3479 2410 Εἴπερ
3513 2342 3626 2413 γὰρ
3671 2357 3830 2410 συμ-

2239 2437 2575 2505 πάσχομεν,
2622 2436 2720 2489 καὶ
2767 2434 3422 2504 συνδοξασθησόμεθα,
3480 2437 3826 2504 γέγραπται.

2240 2529 2350 2580 Καὶ
2376 2527 2428 2579 τί
2459 2526 2644 2579 λοιπὸν
2669 2525 3000 2598 ὡραιότερον
3034 2525 3225 2594 ὑμῶν;
3271 2526 3322 2577 τί
3354 2525 3410 2577 δὲ
3443 2525 3834 2594 σεϐασμιώτε-

2241 2635 2373 2688 ρον;
2407 2617 2717 2689 θυγατέρας
2754 2618 2889 2671 Θεοῦ
2935 2617 3243 2681 καλεῖσθαι,
3285 2617 3640 2687 ἀναθήματα,
3681 2621 3831 2689 ίερά,

2241 2714 2403 2775 ναοὺς
2433 2713 2757 2783 παρθενίας.
2811 2711 2966 2765 Ἐπεὶ
3006 2707 3098 2765 οὖν
3118 2709 3328 2783 ταῦτα,
3363 2712 3612 2782 χαίρετε,
3667 2713 3832 2765 ἀδελ-

2240 2803 2342 2871 φαί
2372 2805 2430 2856 ἐν
2483 2780 2705 2871 Κυρίῳ,
2745 2803 2992 2872 χαίρετε,
3041 2780 3438 2872 μισοῦσαίτῆν
3465 2780 3672 2870 νχαράν
3734 2801 3837 2854 τοῦ

2241 2897 2478 2966 κόσμου’
2528 2895 2784 2965 μισοῦσαι
2804 2895 2864 2947 τὸ
2899 2895 3035 2966 πρὸς
3083 2895 3212 2956 τοὺς
3263 2892 3406 2945 κατά
3439 2893 3619 2961 σάρκα
3654 2893 3835 2956 ίδίους

2239 2988 2589 3060 προσπαθὲς⁸
2636 2987 2893 3059 μισοῦσαι
2956 2987 3016 3039 τὸ
3072 2985 3276 3057 κλῆρον
3317 2985 3463 3055 ἔχειν
3518 2988 3615 3038 ἐπὶ
3683 2987 3839 3057 γῆςο

2244 3081 2591 3152 μισοῦσαιτά
2624 3081 2766 3135 κατά
2787 3081 2992 3150 κόσμον
3030 3077 3238 3150 ἐραστά
3265 3078 3504 3132 ἅπαντα.
3558 3079 3842 3151 Ἐπεί-περ

2242 3174 2396 3244 ὑμῶν
2441 3173 2504 3226 τὺ
2530 3173 2830 3242 πολίτευμα
2874 3174 2933 3224 ἐν
2975 3172 3249 3242 οὐρανοῖς,
3298 3172 3395 3224 καὶ
3445 3171 3763 3242 κληρουχία
3803 3176 3840 3244 ὴ

2250 3266 2497 3336 βασιλεία
2525 3265 2634 3318 τῶν
2657 3264 2934 3336 οὐρανῶνο
2971 3265 3068 3317 καὶ
3094 3263 3328 3332 νυμφίος
3359 3264 3522 3327 αὐτὸς
3560 3265 3840 3335 Χριστὸς,

2246 3361 2274 3412 6
2301 3357 2586 3430 κεκληκὼς
2610 3359 2754 3427 ὑμᾶς
2777 3356 2955 3411 ὀπίσω
2975 3355 3141 3409 αὐτοῦ
3186 3357 3500 3411 ἀκολουθεῖν
3523 3373 3539 3388 ο
3581 3358 3682 3410 καὶ
3699 3361 3840 3435 σείσ-

2247 3447 2393 3514 ἀξων
2427 3449 2517 3502 διά
2546 3447 2881 3511 τελειώσεως
2920 3448 3000 3511 είς
3026 3447 3120 3500 τὸν
3163 3446 3490 3518 ἐπουράνιον
3522 3447 3826 3517 νυμφῶνα,

2251 3543 2391 3614 μετὰ
2446 3541 2554 3595 τῶν
2628 3541 2913 3613 φρονίμων
2973 3538 3285 3610 παρθένων.
3364 3538 3552 3592 Ταῦτα
3620 3538 3680 3591 δὲ
3744 3537 3841 3591 ἐπ’

2247 3635 2463 3702 ὀλίγον,
2507 3633 2583 3697 ὡς
2645 3634 2711 3687 ἀν
2762 3632 2939 3701 γνῶτε
2976 3633 3060 3686 ὅτι
3121 3635 3180 3686 ἐν
3241 3629 3523 3700 Πνεύματι
3562 3632 3710 3702 ἁγίῳ
3759 3633 3840 3694 ὡς

2247 3727 2483 3796 ἀδελφὰς
2536 3727 2682 3796 ὑμᾶς
2743 3724 3132 3796 λελογίσμεθα,
3186 3722 3287 3778 καὶ
3351 3723 3703 3792 ὲπευχόμεθα
3767 3725 3842 3776 τά

2247 3820 2555 3891 κρείττονα.

2246 3941 2419 4007 PKC."
2447 3938 2583 4010 (22).
2643 3967 2715 3979 —
2801 3937 2948 4061 Τοὶξί
2990 3935 3282 4080 μοῖιέχῖῒς
3353 3929 3462 3988 τοῦ
3509 3935 3846 3990 Φωτεινου-

2950 4025 3042 4061 ου.
3093 4029 3123 4079 χ
3157 4014 3190 4061 ⁸.

2950 4025 3042 4061 ου.
3068 4014 3190 4079 [χον.

630 4118 706 4169 De
729 4120 887 4166 morte
911 4114 1117 4174 abbatis,
1139 4125 1284 4174 quam
1306 4111 1471 4161 laudat
1496 4125 1508 4159 :
1533 4115 1639 4160 tum
1664 4111 1727 4161 de
1749 4125 2063 4176 successore,
2097 4130 2247 4180 quem
2265 4118 2490 4170 hortatur
2515 4126 2568 4170 ut
2588 4119 2722 4170 bene
2753 4118 2942 4183 praesit,
2967 4132 3022 4169 ac
3057 4122 3343 4181 monachos,
3369 4127 3426 4169 ut
3455 4117 3504 4169 ei
3547 4126 3778 4182 pareant.

645 4225 911 4280 Lwtitiam
972 4220 1191 4291 quidem
1255 4219 1414 4274 vobis
1469 4217 1665 4279 aﬁert,
1721 4217 1950 4285 fratres,
2000 4222 2148 4290 quod

572 4321 776 4384 scribo,
829 4318 922 4373 sed
962 4330 1235 4371 summam
1276 4313 1557 4368 tristitiam
1591 4324 1974 4385 argumentum
2011 4317 2148 4371 seri-

572 4415 775 4487 ptionis
808 4431 820 4466 :
848 4412 976 4482 quia
1007 4407 1303 4478 dereliquit
1330 4422 1426 4462 vos
1449 4417 1636 4477 pastor
1663 4410 1859 4472 bonus,
1891 4409 2056 4464 Pater
2089 4413 2146 4466 in

575 4506 824 4570 Domino,
854 4503 959 4562 via.
985 4504 1094 4556 dux
1134 4510 1188 4554 et
1217 4501 1424 4564 lumen,
1457 4502 1550 4570 qui
1592 4501 1778 4556 multis
1813 4503 1973 4557 annis
2005 4505 2146 4558 mul-

574 4609 658 4653 tas
684 4612 814 4652 oves
847 4598 1012 4666 pavit,
1041 4605 1094 4649 et
1125 4594 1336 4649 caulam
1367 4595 1608 4650 alumnis
1645 4595 1860 4662 plenam
1901 4598 2146 4668 reliquit.

574 4689 765 4759 viginti
801 4697 1183 4741 nurnerantem
1213 4701 1377 4755 supra
1413 4687 1682 4740 ducentos
1719 4703 1732 4738 :
1764 4687 1846 4740 vir
1887 4703 2151 4744 veneran-

575 4784 700 4843 dus,
731 4791 784 4835 et
811 4780 1008 4834 divinae
1031 4779 1222 4848 gratiae
1252 4793 1480 4848 compos
1513 4795 1527 4832 :
1557 4777 1828 4833 candidus
1856 4780 2150 4836 admodum

574 4874 808 4944 capillis,
833 4885 886 4928 et
912 4872 1206 4927 candidum
1247 4871 1413 4926 simul
1455 4885 1551 4926 cor
1582 4886 1809 4941 gerens;
1843 4872 1996 4928 dives
2021 4875 2152 4930 cha-

576 4967 775 5030 ritate,
834 4964 1111 5034 ditiorque
1163 4963 1544 5018 misericordia
1596 4981 1610 5017 :
1658 4948 1908 5032 plurimis
1963 4980 2153 5021 revera

580 5059 876 5114 virtutibus
906 5066 1161 5123 ornatus,
1193 5072 1263 5112 ne
1294 5057 1538 5126 singulas
1562 5057 1898 5112 recensendo
1938 5058 2152 5130 longio-

578 5169 694 5208 rem
745 5153 938 5206 laciam
989 5151 1318 5206 orationem.
1384 5148 1568 5203 Eheu!
1625 5149 1798 5203 eheu!
1845 5166 1953 5219 quo
1989 5159 2151 5220 pacto

577 5245 761 5314 gravia
795 5245 911 5297 haec
945 5259 1053 5297 non
1093 5244 1241 5297 sint?
1272 5257 1382 5310 quo
1414 5251 1574 5311 pacto
1601 5257 1708 5295 non
1739 5242 2029 5297 luctuosa?
2057 5255 2151 5298 aut

578 5337 704 5405 quis
735 5335 1042 5391 desolatum
1073 5335 1306 5404 posthac
1329 5350 1546 5403 gregem
1580 5350 1685 5388 non
1718 5335 1918 5398 videat,
1953 5335 1997 5388 si
2030 5337 2152 5404 quis

578 5446 642 5483 ea
675 5436 884 5498 spectet
929 5442 1050 5496 quae
1097 5425 1452 5481 acciderunt?
1485 5424 1680 5480 Verum
1726 5427 1857 5495 quid
1896 5428 2153 5482 tandem?

585 5518 776 5576 Utrum
826 5520 878 5573 in
915 5523 1062 5573 luctu
1091 5518 1489 5587 persistemus?
1524 5534 1593 5572 an
1651 5534 1888 5573 maerore
1923 5520 2151 5589 dejicie-

2328 4225 2526 4296 Χαράς
2557 4223 2659 4294 μὲν
2695 4224 2728 4293 ἠ
2761 4226 3056 4296 προγραφὴ
3091 4226 3240 4295 ὑμῖν,
3271 4226 3490 4294 ἀδελφοί
3511 4243 3525 4257 ⁸
3564 4225 3751 4297 λύπης
3782 4228 3844 4281 δὲ

2255 4315 2338 4367 ὅτι
2363 4317 2598 4384 μάλιστα
2629 4316 2662 4385 ὴ
2693 4315 2785 4368 ἐπὶ
2811 4315 2874 4368 τὸ
2900 4317 3136 4386 γράφειν
3186 4317 3442 4381 ὑπόθεσις
3462 4335 3476 4348 ·
3511 4320 3596 4371 δτι
3640 4322 3846 4374 ἀπολὲ-

2253 4408 2439 4461 λοιπεν
2469 4409 2611 4477 ὑμᾶς
2633 4410 2662 4461 6
2693 4408 2900 4478 ποιμὴν
2936 4411 2964 4462 ό
2997 4407 3182 4473 καλὸς,
3220 4412 3249 4463 ό
3295 4411 3353 4463 ἐν
3392 4409 3585 4481 Κυρίῳ
3613 4411 3843 4482 Πατὴρ,

2250 4502 2277 4552 6
2306 4501 2500 4570 όδηγδς
2535 4503 2630 4556 καὶ
2666 4504 2917 4572 φωστὴρ,
2956 4503 2985 4553 6
3038 4501 3258 4566 πολλοῖς
3307 4501 3457 4555 ἔτεσι
3508 4505 3605 4556 καὶ
3656 4506 3846 4558 πολλά

2251 4593 2502 4662 πρόϐατα
2559 4593 2856 4664 ποιμάνας,
2917 4593 3011 4646 καὶ
3062 4594 3164 4664 τὴν
3195 4593 3349 4648 λείαν
3416 4595 3585 4659 ἐάσας
3647 4598 3845 4670 πλήρη

2252 4684 2609 4756 θρεμμάτων.
2675 4686 2853 4758 Εἴπερ
2933 4689 2992 4741 ὲν
3049 4687 3347 4752 διακοσίοις
3409 4689 3560 4760 παρά
3625 4693 3849 4746 εἴκοσιν

2251 4777 2638 4849 ἠριθμημένην
2660 4794 2673 4807 °
2714 4780 2742 4832 6
2769 4778 3053 4849 αἰδέσιμος
3083 4777 3223 4850 ἀνὴρ
3254 4781 3353 4833 καὶ
3397 4781 3622 4851 χάριτος
3684 4782 3849 4847 θείας

2257 4869 2517 4939 μέτοχοςο
2555 4873 2582 4924 6
2611 4871 2806 4934 λευκὸς
2830 4871 2972 4940 ἄγαν
3003 4871 3103 4940 τὴν
3142 4873 3325 4944 τρίχα,
3373 4875 3466 4928 καὶ
3514 4874 3596 4927 ἔτι
3646 4875 3846 4929 λελευ-

2255 4963 2527 5032 κασμένος
2547 4963 2646 5035 τὴν
2667 4965 2896 5036 καρδίαν
2915 4982 2929 4996 ’
2974 4967 3003 5019 ὁ
3033 4965 3290 5029 πλούσιος
3320 4965 3420 5036 τὴν
3452 4968 3702 5037 ἀγάπην,
3748 4974 3850 5023 καὶ

2259 5054 2656 5128 πλουσιώτερος
2687 5057 2787 5128 τὴν
2818 5057 3224 5129 ἐλεημοσύνηνο
3275 5060 3304 5112 ό
3329 5059 3577 5112 πλείοσιν
3612 5060 3849 5129 ἀρεταῖς

2256 5148 2334 5212 ὡς
2363 5148 2578 5220 ἀληθῶς
2605 5150 3170 5222 κατακεκοσμημένος
3193 5166 3206 5179 ·
3237 5151 3326 5204 ἵνα
3385 5153 3459 5222 μὴ
3508 5152 3567 5203 ἒν
3615 5154 3740 5206 καθ’
3784 5155 3850 5206 ἓν

2257 5241 2739 5311 ἀπαριθμούμενος
2790 5244 3002 5312 μακρὸν
3045 5243 3256 5314 εὑρεθῶ
3301 5245 3606 5300 ἀποτείνων
3657 5247 3845 5313 λόγον.

2266 5333 2365 5385 Ὠῐ
2399 5332 2479 5385 ὧι
2519 5334 2634 5396 πῶς
2666 5335 2726 5386 ού
2773 5333 2946 5386 ταῦτα
2981 5334 3275 5400 θλιπτικά;
3323 5336 3438 5399 πῶς
3464 5336 3523 5390 δὲ
3554 5337 3655 5390 οὐκ
3675 5338 3847 5405 ὀδυρο

2259 5426 2422 5490 τικά;
2459 5425 2575 5489 πῶς
2620 5427 2678 5479 δὲ
2723 5427 2822 5480 οὐκ
2853 5427 2941 5481 ἐπ’
2988 5428 3225 5498 ἐρημίας
3261 5431 3294 5498 ὴ
3349 5430 3555 5499 θεωρία
3583 5431 3683 5498 τῆς
3714 5431 3848 5484 ποί-

2261 5535 2400 5588 μνης
2428 5521 2554 5573 ὅσον
2581 5518 2724 5574 κατά
2779 5520 2849 5573 τά
2879 5519 3198 5589 φθάσαντας
3242 5521 3403 5576 Ἀλλά
3431 5522 3483 5575 τί
3515 5522 3670 5594 ἀρα;
3715 5525 3850 5579 ὲπι-

650 5660 699 5694 ”
720 5659 877 5715 Cant.
913 5675 986 5721 Iv,
1021 5656 1107 5712 19..
1187 5656 1272 5709 ⁹¹Ι
1309 5657 1435 5711 Cor.
1476 5673 1550 5720 vl,
1579 5656 1667 5712 20.
1747 5659 1790 5690 ⁹¹
1818 5658 1974 5712 Rom.
2009 5675 2126 5723 vm,
2158 5661 2247 5713 l7.

2093 5753 2316 5811 NOTAJ.

666 5845 776 5915 (22)
805 5846 861 5900 lu
902 5846 1023 5901 cod.
1063 5846 1192 5914 Reg.
1226 5845 1360 5913 ρλη’.
