3934 6480
175 400 291 463 1409

1348 410 1892 477 EPISTOLARUM
1940 417 2087 478 LIB.
2146 420 2230 478 Il.

3294 421 3428 488 1410

173 517 430 586 μείνωμεν
482 515 563 584 τῷ
626 516 852 586 πένθει;
899 524 1333 594 κατηφιάσωμεν
1402 527 1725 599 δυσθυμότε-

1842 550 1965 590 mus
2012 535 2297 590 animum?
2344 550 2412 590 an
2469 536 2648 591 dolori
2702 538 3164 595 succumbemus?
3211 539 3428 610 Nequa-

172 621 278 674 pov;
324 602 683 672 ἐναφεθῶμεν
731 604 810 674 τῷ
858 608 1062 674 πάθει,
1123 612 1428 681 Οὐμενοῦν,
1469 612 1514 669 ῶ
1583 617 1738 671 ἁδελ-

170 696 275 764 φοί⁸
304 694 414 748 ἀλλ’
453 694 663 760 εἰδότες
701 698 785 751 ὅτι
818 697 1000 770 δόγμα
1047 701 1182 756 Θεοῦ
1219 707 1384 759 πᾶσιν
1430 708 1742 781 ἀνθρώποις

168 792 236 853 εἰς
266 790 472 857 γένεσιν
501 789 758 845 ἐλθοῦσιν
786 787 948 857 αὖθις
972 795 1252 860 ἀναλύειν,
1287 799 1384 851 καὶ
1419 799 1518 871 τὴν
1551 802 1736 872 κρείτ-

168 899 278 934 τονα
308 881 396 932 καὶ
426 881 696 953 ἀπήμονα
724 885 1168 956 μεταλαμϐάνειν
1200 889 1370 961 ζωὴν,
1401 886 1470 963 ἧς
1513 893 1739 966 ἀπαρχὴ

168 971 377 1043 Χριστὸς
392 974 418 1025 ό
441 973 579 1037 Θεὸς
606 977 640 1046 ἡ
650 975 789 1046 μῶν,
811 978 839 1030 ὁ
858 978 961 1048 τῆς
986 978 1130 1050 ζωῆς
1151 980 1415 1053 ἀρχηγός·
1447 985 1738 1054 παρακλη-

168 1065 330 1133 θῶμεν
368 1065 719 1138 παρακλήσει
749 1069 910 1133 Θεοῦ,
946 1071 1027 1136 είς
1054 1073 1282 1137 ἑαυτοὺς
1309 1073 1601 1146 γενώμεθα
1623 1093 1637 1107 ·
1660 1077 1740 1130 εἴ·

167 1174 340 1227 πῶμεν
357 1176 370 1189 ο
405 1159 466 1212 '0
490 1161 717 1230 Κύριος
747 1161 993 1229 ἔδωκεν,
1018 1167 1052 1219 d
1068 1165 1287 1232 Κύριος
1314 1167 1619 1236 ἀφείλετο,
1645 1169 1738 1223 τὸν

167 1254 310 1306 καλὸν
337 1254 691 1324 διδάσκαλον,
713 1259 825 1321 ,τὸν
870 1261 1017 1331 ἱερὸν
1055 1262 1438 1332 καθηγεμόνα.
1500 1265 1594 1329 Τις
1625 1267 1736 1338 γάρ

167 1344 318 1399 ἐστιν
336 1347 654 1418 ἅνθρωπος
683 1348 753 1416 ὃς
774 1349 1037 1421 ζήσεται,
1056 1355 1158 1408 καὶ
1179 1357 1292 1410 οὐκ
1310 1357 1525 1426 ὄψεται
1548 1359 1735 1416 θάνα-

168 1454 263 1489 τον
275 1453 292 1502 ;
323 1439 405 1495 ἵνα
433 1441 530 1495 τοῦ
588 1443 865 1516 ἡμετέρου
898 1445 1116 1517 Πατρὸς
1142 1447 1461 1513 ξενοπαθεῖν
1495 1451 1732 1524 ἔχωμεν.

169 1531 641 1608 Εὐχαριστ[ητ]ἐον
681 1537 763 1588 ὅτι
790 1537 1035 1592 τοιούτου
1064 1539 1365 1612 ὴξιώμεθα·
1391 1545 1487 1598 καὶ
1517 1546 1600 1599 ὅτι
1631 1546 1737 1612 ἕως

169 1623 350 1694 γήρους
373 1627 465 1680 καὶ
495 1627 797 1698 πρεσϐείου
834 1631 867 1701 ἡ
890 1633 1118 1704 χρονικὴ
1143 1634 1453 1706 παράτασις
1479 1654 1493 1668 ·
1529 1638 1624 1691 καὶ
1651 1639 1734 1694 ὅτι

169 1732 223 1781 γε
249 1717 621 1784 ἐγκατέλιπεν,
653 1720 756 1773 οὐκ
792 1722 1436 1794 ἀπροστατεύτους,οὑδὲ
1464 1729 1731 1800 ὲρὴμουςυ

168 1807 288 1860 dm
310 1812 399 1862 καὶ
423 1810 729 1882 εὐλόγησεν
780 1813 980 1881 ὲξόδια,
1031 1819 1128 1871 καὶ
1157 1819 1436 1890 ἐπηύξατο
1459 1822 1728 1893 ἁρμόδιαο

167 1902 246 1953 καὶ
274 1902 364 1956 ἕνα
392 1903 502 1959 τῶν
535 1907 638 1960 σὺν
660 1907 791 1978 ὑμῖν
815 1910 1158 1983 κατέστησεν
1192 1915 1281 1984 ἐφ’
1309 1917 1456 1986 ὑμᾶς
1485 1935 1729 1990 προστα-
1763 1895 1810 1956 Β

167 1993 439 2051 τεύσοντα·
499 2000 562 2054 ὃν
623 2004 1005 2074 παραινοῦμεν
1060 2006 1345 2072 ζώσασθαι
1400 2012 1477 2076 ὡς
1523 2013 1731 2069 τέλειον

168 2090 313 2161 ἄνδρα
337 2092 435 2164 τὴν
462 2094 662 2164 ὀσφῦν,
687 2097 784 2150 καὶ
807 2099 1247 2175 Χριστομιμήτῳ
1273 2104 1604 2161 ταπεινώσει
1630 2109 1731 2180 τῆς

167 2182 605 2259 ὲμπιστευθείσης
641 2188 796 2260 αύτῷ
821 2190 1100 2258 διακονίας
1139 2194 1395 2265 ἔχεσθαι·
1419 2198 1606 2254 κανόνι
1634 2201 1732 2255 καὶ

169 2275 284 2344 ἴχνει
317 2277 409 2332 τοῦ
467 2281 750 2352 μακαρίου
793 2282 1008 2338 ἐκείνου
1059 2286 1440 2358 πορευόμενον
1472 2288 1552 2361 τῷ
1601 2291 1728 2346 κατ’

168 2367 361 2439 ἐντολὴν
383 2369 520 2424 Θεοῦ
563 2371 732 2444 λόγῳ.

226 2458 650 2551 Παρακαλοῦμεν
679 2464 736 2518 δὲ
762 2465 1028 2532 ὡσαύτως
1069 2473 1166 2526 καὶ
1199 2473 1367 2544 ὑμᾶς,
1408 2475 1510 2548 τὴν
1553 2476 1729 2551 καλὴν

166 2549 494 2624 ἀδελφότητα,
537 2556 856 2630 ὁμογνώμῳ
909 2561 1095 2616 πίστει
1153 2583 1214 2618 τε
1262 2569 1357 2622 καὶ
1412 2570 1604 2646 ἀγάπῃ
1644 2549 1725 2644 τῷ

168 2653 432 2718 νεοκτίστῳ
456 2649 803 2720 καθηγεμόνι
825 2653 1073 2708 ὑπείκειν
1101 2657 1160 2711 ὲν
1183 2659 1376 2731 Κυρίῳ
1397 2677 1412 2692 ο
1433 2661 1527 2715 καὶ⁸
1556 2662 1726 2729 δεῖξαι

167 2735 412 2802 ὅτιδντως
441 2742 470 2794 ό
502 2741 641 2806 Θεὸς
671 2744 731 2797 ἐν
760 2744 887 2815 ὑμῖν
925 2749 1076 2810 ἐστι·
1119 2750 1215 2802 καὶ
1253 2753 1281 2804 ό
1338 2753 1487 2817 ὅσιος
1532 2755 1724 2827 Πατὴρ

169 2828 594 2902 προθυμούμενος
621 2834 718 2890 καὶ
770 2837 1007 2890 συνδέων
1057 2840 1292 2906 πάντας,
1360 2843 1441 2907 εἰς
1469 2845 1725 2915 ὁμόνοιάν

168 2938 216 2973 τε
241 2923 324 2975 καὶ
355 2924 689 2996 σύμπνοιαν.
717 2929 849 2996 Ναὶ,
878 2931 1103 3001 ἀδελφοὶ
1141 2934 1468 3007 ἐπιπόθητοι
1488 2952 1503 2968 ·
1548 2938 1726 3005 οὕτως

169 3015 349 3083 ἔσεσθε,
428 3017 577 3074 οὕτω
645 3021 1005 3094 παγιώθητεο
1072 3025 1180 3080 κᾶν
1219 3029 1370 3081 πᾶσα
1426 3029 1571 3101 ἀρχὴ
1621 3034 1724 3086 οὐκ

167 3105 438 3178 εὐμάρειαν
481 3110 638 3182 ἔχοι·
693 3114 873 3186 χρόνῳ
899 3116 956 3169 δὲ
1001 3117 1291 3188 προϊοῦσα,
1332 3123 1413 3184 είς
1443 3120 1558 3188 ἕξιν
1598 3125 1722 3178 ἑπι-

168 3201 469 3273 στημονικὴν
527 3203 896 3261 καθίσταται·
952 3210 1090 3281 μηδὲ
1140 3213 1446 3282 ὁμοιωθῆτε
1487 3217 1604 3279 τοῖς
1656 3218 1720 3270 ὲκ

1844 644 2034 698 quam,
2080 628 2316 684 fratres?
2363 631 2457 685 sed
2487 645 2613 685 cum
2657 634 2898 686 sciamus
2929 640 3193 688 statutum
3242 649 3363 688 esse
3394 648 3426 687 a

1841 719 1955 775 Deo
1997 722 2254 776 omnibus
2295 724 2348 776 in
2404 723 2580 778 lucem
2633 724 3035 793 prodeuntibus
3088 725 3425 792 hominibus,

1841 829 2063 869 rursum
2107 815 2378 885 diSSt)IVi,
2426 831 2480 874 et
2527 818 2807 874 meliorem
2865 819 3106 888 malique
3144 827 3423 888 expertem

1840 907 2008 960 vitam
2054 909 2332 978 recipere,
2388 910 2550 978 cujus
2599 911 2858 981 primitiae
2912 911 3168 968 Christus
3191 913 3237 944 "
3282 913 3428 968 Deus

1841 1010 2030 1056 noster
2087 1003 2182 1071 qui
2235 1004 2495 1073 princeps
2547 1012 2632 1058 est
2687 1005 2850 1070 vitat;
2912 1005 3265 1060 consolemur
3323 1020 3427 1059 nos

1840 1093 2220 1150 consolatione
2253 1095 2368 1162 Dei,
2395 1095 2462 1150 ad
2491 1112 2589 1153 nos
2616 1097 2765 1168 ipsos
2789 1097 3104 1163 redeamus,
3137 1096 3388 1151 dicamus
3409 1112 3424 1123 ·

1839 1182 2100 1239 Dominus
2139 1186 2304 1252 dedit,
2358 1186 2619 1242 Dominus
2667 1187 2891 1242 abstulit
2913 1188 2960 1219 “
2999 1189 3207 1243 bonum
3251 1189 3428 1258 magi-

1841 1283 2042 1341 strum,
2087 1291 2305 1330 sacrum
2361 1276 2754 1334 institutorem.
2792 1276 2924 1344 Quis
2970 1278 3118 1334 enim
3161 1290 3237 1332 est
3268 1279 3425 1331 homo

1839 1369 1932 1437 qui
1962 1369 2091 1424 vivet
2118 1378 2169 1422 et
2218 1386 2321 1424 non
2347 1371 2540 1424 videbit
2579 1383 2806 1426 mortem
2827 1364 2915 1424 ’⁸ίῖ
2945 1381 3005 1425 ιιι
3033 1371 3214 1426 Patris
3250 1372 3425 1427 nostri

1839 1459 2174 1515 desiderium
2203 1460 2346 1516 ferre
2367 1477 2775 1518 assuescamus.
2807 1461 3045 1532 Agendae
3081 1473 3212 1519 sunt
3235 1465 3425 1534 gratia}

1839 1551 1987 1620 quod
2025 1552 2188 1607 talem
2220 1553 2402 1624 adepti
2437 1552 2670 1620 fuimus,
2713 1563 2768 1609 et
2810 1554 2960 1622 quod
3007 1555 3076 1610 ad
3105 1565 3420 1626 provectam

1840 1659 2016 1714 usque
2041 1655 2260 1700 aetatem
2298 1647 2630 1716 seniumque
2659 1648 2986 1717 perductum
3021 1657 3106 1703 est
3139 1651 3262 1717 ejus
3297 1649 3426 1704 vitae

1837 1742 2078 1802 tempus,
2104 1742 2160 1790 et
2191 1735 2340 1804 quod
2371 1735 2491 1791 sine
2520 1744 2734 1792 rectore
2777 1752 2878 1793 nos
2911 1753 3018 1793 non
3048 1738 3292 1808 reliquit,
3323 1755 3423 1794 nec

1837 1827 2159 1894 solitarios;
2193 1829 2286 1883 sed
2321 1837 2377 1883 et
2414 1831 2606 1885 abiens
2645 1830 2950 1897 benedixit,
2985 1841 3039 1887 et
3061 1833 3419 1902 congruentia

1839 1930 2092 1990 precatus
2123 1928 2229 1980 est.
2270 1929 2324 1976 et
2362 1936 2534 1975 unum
2566 1936 2597 1977 e
2626 1922 2788 1977 vobis
2824 1923 3112 1978 constituit
3135 1924 3226 1994 qui
3261 1923 3419 1979 vobis

1832 2012 2021 2081 praesit
2054 2029 2068 2066 :
2100 2028 2265 2083 quem
2309 2015 2598 2069 hortamur
2631 2022 2694 2068 ut
2726 2023 2988 2085 tanquam
3021 2017 3104 2069 vir
3143 2016 3420 2086 perfectus

1834 2105 2051 2160 lumbos
2081 2106 2353 2176 accingat,
2385 2113 2438 2160 et
2482 2105 2688 2162 Christi
2720 2108 2918 2162 aetnula
2955 2108 3268 2163 humilitate
3310 2108 3418 2162 im-

1831 2197 2072 2266 positum
2103 2195 2208 2252 sibi
2255 2197 2623 2252 ministerium
2664 2199 3047 2268 amplectatur,
3080 2200 3224 2254 beati
3267 2201 3417 2255 illius

1830 2289 2034 2359 regulae
2065 2297 2120 2344 et
2156 2290 2400 2360 vestigiis
2428 2290 2710 2359 incedens,
2747 2291 2854 2348 hoc
2891 2301 2995 2357 est,
3037 2291 3131 2347 Dei
3167 2295 3332 2349 verbo
3360 2303 3416 2349 et

1829 2381 2114 2438 mandato.

1901 2471 2200 2530 Hortamur
2226 2483 2408 2531 autem
2439 2485 2495 2533 et
2524 2491 2624 2532 vos
2665 2482 2898 2547 pariter.
2945 2480 3265 2548 praeclaram
3301 2481 3416 2536 fra-

1828 2568 2167 2634 ternitatem,
2205 2578 2267 2622 ut
2296 2569 2541 2624 unanimi
2577 2569 2680 2625 fide
2729 2579 2782 2626 et
2826 2571 3092 2626 charitate
3139 2588 3281 2628 novo
3327 2589 3416 2629 re-

1829 2663 1969 2716 ctori
2000 2663 2396 2732 obtemperetis
2426 2662 2479 2716 in
2507 2661 2779 2718 Domino:
2803 2665 3216 2734 ostendatisque
3244 2667 3410 2721 Deum

1827 2768 2018 2810 revera
2071 2755 2216 2809 inter
2265 2770 2364 2810 vos
2417 2770 2562 2820 esse,
2621 2765 2989 2826 sanctumque
3038 2756 3279 2823 Patrem,
3316 2759 3410 2828 qui

1826 2859 2022 2901 omnes
2056 2845 2345 2909 accendat,
2395 2858 2799 2920 connectatque
2843 2851 2911 2906 ad
2960 2852 3314 2907 concordiam
3359 2862 3414 2908 et

1826 2953 2182 2993 consensum.
2213 2936 2437 3010 Utique,
2465 2939 2661 2997 fratres
2692 2943 3082 3005 amantissimi,
3106 2945 3188 2999 sic
3212 2955 3407 3011 estote,

1825 3031 1907 3086 sic
1946 3031 2330 3086 stabiliamini.
2390 3032 2651 3099 Quamvis
2698 3036 3033 3105 principium
3084 3052 3250 3092 omne
3299 3055 3406 3092 non

1826 3124 2012 3179 statim
2041 3122 2361 3178 facilitatem
2391 3124 2588 3177 habeat
2617 3144 2630 3179 :
2664 3141 2961 3197 progressu
2990 3137 3168 3183 tamen
3199 3139 3412 3199 tempo-

1827 3215 1906 3268 ris
1942 3231 2103 3270 usum
2133 3226 2187 3270 et
2213 3201 2502 3271 scientiam
2550 3218 2893 3286 adipiscitur.
2933 3219 3041 3274 Nec
3079 3223 3291 3276 similes
3328 3223 3409 3276 eis

167 3290 304 3354 εὐθὺς
326 3291 435 3360 (sic)
465 3295 764 3369 φιλαρχίας
803 3275 1062 3367 ἀστάτοις
1108 3275 1204 3358 καλ
1257 3275 1715 3380 ἀνεπιστήμοσιν.

1832 3304 2064 3370 fueritis,
2099 3309 2194 3378 qui
2228 3324 2292 3362 ex
2326 3309 2649 3364 dominandi
2691 3311 2877 3366 studio
2914 3313 3146 3382 inquieti
3200 3327 3331 3369 sunt
3355 3325 3411 3368 et

177 3381 366 3476 Ἐπειδὴ
387 3387 444 3440 δὲ
476 3391 572 3443 ἐπὶ
627 3391 790 3461 ξυροῦ
824 3395 885 3446 τὸ
928 3394 1023 3448 τοῦ
1071 3395 1316 3469 διωγμοῦ
1348 3402 1608 3472 πρᾶγμα,
1643 3404 1720 3476 μὴ

169 3475 403 3544 προδῶτε,
437 3481 594 3551 ὑμῶν
631 3483 844 3554 δέομαι,
872 3485 972 3556 τὴν
1008 3487 1215 3549 πίστιν,
1258 3490 1395 3560 μηδὲ
1430 3493 1530 3562 τὴν
1568 3493 1722 3546 εὐσέ-

167 3569 320 3654 ϐειαν·
346 3572 460 3626 ἀλλ’
504 3577 556 3628 εί
613 3576 733 3646 ἥξει
786 3578 1055 3651 μηδαμῶς
1085 3584 1202 3642 τοῖς
1253 3586 1560 3654 αίρετικοῖς
1592 3587 1721 3641 καθ’

166 3653 258 3712 οἷον
283 3663 474 3734 δήποτε
505 3668 712 3738 τρόπον
733 3673 1172 3742 συνυπαχθῆναι.
1204 3675 1275 3726 Φέ
1290 3692 1433 3744 ροιτε
1452 3679 1718 3746 γενναίως

169 3753 320 3807 πάντα
368 3757 601 3830 δεύτερα
644 3763 963 3833 ἡγούμενοι,
1027 3765 1100 3836 μὴ
1145 3767 1306 3837 μόνον
1343 3772 1718 3842 μοναστήρια,

167 3843 245 3894 καὶ
293 3848 354 3899 τὰ
407 3850 465 3902 ἐν
524 3855 911 3925 μοναστηρίοις
973 3855 1210 3920 ἅπαντα,
1264 3858 1370 3912 κᾶν
1408 3856 1519 3912 εἷεν
1580 3861 1720 3930 ὑπὲρ

167 3934 264 3989 λίαν
292 3939 486 4013 ἄπειρα
507 3961 522 3975 ’
555 3945 690 4000 ἀλλὰ
719 3948 829 4017 γὰρ
859 3949 956 4002 καὶ
981 3950 1051 4004 τά
1075 3951 1289 4005 ἑαυτῶν
1322 3952 1580 4023 σώματα·
1614 3954 1715 4025 τὴν

168 4031 311 4101 καλὴν
364 4038 662 4106 φυγαδείαν
727 4042 998 4113 ἑλόμενοι,
1071 4046 1297 4098 καὶ-τὸν
1344 4046 1438 4100 τοῦ
1474 4047 1717 4120 διωγμοῦ

171 4131 489 4198 μακαρισμὸν
544 4135 978 4205 στεφανούμενοι
1055 4137 1148 4191 τὸν
1207 4139 1567 4210 ὑπερένδοξον
1623 4141 1719 4194 καὶ¹

168 4215 596 4292 ὑπερθαύμαστον
617 4240 634 4256 ο
660 4225 804 4279 καθὰ
843 4228 940 4281 καὶ
969 4228 1284 4285 ἐντέταλται
1318 4232 1446 4302 ὑμῖν
1475 4235 1504 4285 ὁ
1533 4234 1714 4302 μακά-

171 4324 280 4375 ριος.
336 4314 395 4368 El
449 4315 507 4369 δὲ
559 4317 644 4370 ὅτι
702 4318 846 4373 ἑάλω
882 4321 1123 4383 ἐκεῖνος·
1165 4323 1255 4377 ναὶ
1310 4325 1404 4375 καὶ
1463 4324 1566 4392 φεῦ
1618 4325 1717 4394 τῆς

167 4400 334 4474 ἦττηςί
367 4409 506 4480 πλὴν
540 4410 623 4462 ὅτι
645 4411 1020 4482 ἀνακέκληται
1041 4431 1055 4445 ο
1098 4413 1238 4485 πλὴν
1271 4415 1352 4468 ὄτι
1391 4415 1715 4487 ἐπιτετίμη-

1824 3398 2174 3468 impatientes
2191 3399 2518 3469 disciplinac.
2543 3399 2812 3455 Caeterum
2834 3404 3093 3471 quoniam
3116 3405 3169 3458 in
3191 3421 3411 3459 summo

1823 3492 2147 3548 discrimine
2173 3493 2574 3562 persecutionis
2607 3508 2920 3558 versamur,
2956 3497 3117 3550 ﬁdem
3144 3509 3405 3563 vestram,

1824 3585 2077 3650 obsecro,
2114 3585 2482 3654 pietatemque
2517 3601 2588 3642 ne
2629 3589 2878 3656 prodatis
2907 3605 2922 3642 :
2956 3588 3051 3644 sed
3087 3591 3130 3644 si
3162 3591 3401 3656 ingruat,

1824 3677 2051 3731 minime
2109 3692 2233 3731 cum
2296 3678 2570 3734 haereticis
2627 3695 2960 3752 quocunque
3015 3696 3175 3754 pacto
3228 3685 3406 3738 abdu-

1822 3771 2048 3826 camini.
2094 3769 2245 3825 Forti
2280 3771 2465 3825 animo
2509 3775 2798 3839 sustinete,
2836 3775 3024 3830 omnia
3070 3777 3407 3845 posthaben-

1823 3873 1929 3927 tes,
1961 3878 2072 3916 non
2110 3863 2290 3919 solum
2321 3865 2681 3932 monasteria,
2722 3874 2778 3921 et
2805 3882 3146 3938 quaecunque
3185 3874 3242 3924 in
3289 3887 3408 3924 mo-

1821 3956 2079 4011 nasteriis
2121 3963 2277 4024 sunt,
2325 3957 2632 4026 quamlibet
2677 3974 2841 4029 supra
2887 3961 3110 4015 modum
3150 3963 3262 4017 sint
3309 3979 3407 4018 co-

1820 4048 1998 4118 piosa,
2033 4049 2127 4103 sed
2164 4051 2386 4120 propria
2417 4051 2583 4104 etiam
2614 4066 2843 4122 corpora
2868 4054 3190 4122 :pulchrain
3220 4055 3401 4125 fugam

1819 4140 2108 4210 eligentes,
2168 4151 2222 4196 et
2278 4143 2677 4212 persecutionis
2738 4145 3077 4202 beatitudine
3131 4149 3404 4215 coronati,

1819 4249 1942 4303 qua:
1987 4234 2216 4303 gloriam
2259 4235 2636 4292 incredibilem
2686 4247 2741 4291 et
2771 4237 3152 4294 admirabilem
3194 4241 3400 4296 habet:

1818 4328 2285 4394 quemadmodum
2333 4329 2526 4385 beatus
2575 4330 2742 4384 etiam
2782 4329 2875 4385 ille
2914 4331 3069 4386 vobis
3121 4336 3398 4403 prteccpit.

1819 4420 1974 4486 Quod
2023 4422 2071 4476 si
2119 4421 2244 4490 quis
2291 4423 2502 4476 victum
2553 4423 2710 4477 illum
2770 4422 2943 4479 fuisse
2985 4425 3156 4490 dicat,
3210 4427 3400 4497 utique

168 4509 256 4561 ται,
308 4503 398 4554 καὶ
458 4504 599 4573 μετὰ
653 4503 761 4557 τῶν
824 4507 1068 4560 εὐσεϐῶν
1127 4508 1433 4577 συνῆπται,
1472 4511 1567 4562 καὶ
1628 4503 1714 4572 εἷς

1832 4521 1872 4567 at
1903 4513 2240 4583 deploranda
2284 4515 2470 4570 clades
2509 4532 2522 4568 :
2557 4524 2613 4570 at
2656 4527 2952 4572 revocatus
2983 4527 3088 4583 est,
3137 4529 3193 4573 at
3227 4519 3404 4589 poeni-

168 4584 260 4640 ἐστι
297 4592 397 4644 τῶν
423 4595 670 4664 ἀδελφῶν
720 4598 814 4650 καὶ
855 4599 1120 4670 Πατὲρων
1147 4601 1308 4669 ἡμῶν
1331 4618 1343 4629 °
1376 4602 1569 4655 καθότι
1621 4602 1716 4654 καὶ

1832 4607 2049 4660 tentiam
2098 4607 2228 4674 egit,
2269 4617 2325 4660 at
2356 4608 2464 4677 piis
2500 4623 2831 4681 aggregatus
2878 4622 2982 4677 est,
3017 4628 3274 4682 unusque
3320 4623 3404 4668 est

169 4678 466 4738 εὶσδέδεκται
499 4688 638 4759 πρὸς
695 4690 789 4744 τοῦ
815 4691 1185 4762 ίεροτελεστοῦ
1237 4693 1398 4764 ήμῶν
1425 4712 1716 4765 μακαριω-

1832 4698 2045 4750 'ralrum
2077 4697 2415 4768 Patrumque
2445 4678 2785 4755 nostrorum.
2813 4701 3003 4773 Itaque
3032 4678 3284 4773 receptus
3317 4714 3404 4758 cst

168 4769 302 4824 τάτου
359 4781 727 4851 πατριάρχου.
786 4781 974 4836 Ταῦτα
1052 4777 1144 4836 οὖν
1209 4783 1434 4850 εἰδότες,
1469 4785 1713 4854 ἀδελφοὶ,

1832 4786 1978 4840 :tiam
2027 4785 2098 4839 ab
2151 4787 2406 4841 antistite
2457 4798 2670 4856 nostro,
2705 4769 3026 4846 beatissimo
3063 4769 3399 4862 patriarcha.

168 4861 494 4938 εὒψυχὴσατε,
524 4874 922 4944 εύτακτήσατε,
969 4870 1030 4928 εὗ
1074 4875 1360 4946 πράξοιτε,
1395 4879 1453 4930 ὲν
1482 4879 1707 4949 Χριστῷ

179 4953 324 5024 Ἰησοῦ
380 4963 454 5034 τῷ
500 4966 694 5037 Κυρίῳ
735 4968 917 5038 ἡμῶν,
969 4968 1029 5033 ὃς
1068 4971 1324 5023 κάκεῖνον
1372 4972 1716 5025 ἀναπαύσειε

174 5052 285 5115 μετὰ
328 5055 567 5123 δικαίων,
627 5060 724 5112 καὶ
775 5061 920 5130 ὑμᾶς
978 5062 1368 5133 καταρτίσειεν
1430 5066 1488 5116 ὲν
1542 5066 1712 5118 πᾶσιν

171 5141 378 5217 ἀγαθοῖς,
401 5153 754 5224 ἠγαπημένοι
783 5154 942 5224 ἡμῶν
971 5156 1211 5225 ἀδελφοί.

409 5342 714 5417 ΡΚΖ’(25).
748 5346 949 5416 Πέτρῳ
976 5347 1247 5414 Νικαίας.
1287 5351 1408 5419 [χοα

1816 4875 1942 4930 Haec
1965 4875 2137 4946 igitur
2169 4892 2295 4932 cum
2327 4878 2483 4934 vobis
2516 4893 2801 4950 comperta
2834 4883 2966 4946 sint,
3001 4882 3220 4946 fratres,
3253 4883 3402 4938 bono

1817 4967 2010 5020 animo
2063 4977 2261 5031 estote,
2293 4971 2647 5040 disciplinam
2681 4983 2916 5039 servate,
2956 4975 3093 5029 bene
3129 4976 3302 5030 valete
3344 4978 3399 5030 in

1822 5058 2042 5114 Christo
2071 5059 2200 5115 Jesu
2246 5062 2480 5118 Domino
2531 5072 2747 5131 nostro,
2798 5067 2893 5136 qui
2949 5079 3002 5120 et
3052 5068 3128 5121 illi
3159 5071 3396 5138 quietem

1823 5151 2028 5206 tribuat
2067 5169 2191 5207 cum
2218 5155 2408 5224 justis,
2446 5168 2502 5212 et
2531 5173 2628 5213 vos
2666 5160 2721 5211 in
2756 5160 2917 5213 bonis
2948 5161 3202 5216 omnibus
3229 5161 3399 5231 perli-

1822 5243 1950 5309 ciat,
1986 5244 2172 5300 dilecti
2199 5245 2398 5302 fratres
2429 5250 2626 5304 nostri.

2200 5358 2461 5415 CXXVII.
2486 5391 2557 5400 ——
2589 5359 2741 5417 Petro
2791 5363 3006 5420 Νἱοωιε.

909 5481 1233 5545 Apologetica
1253 5484 1492 5533 adversus
1523 5484 1924 5538 calumniatores.
1950 5491 2150 5554 (Baron.
2176 5508 2260 5549 an.
2283 5496 2395 5558 823,
2422 5511 2476 5548 n.
2514 5497 2615 5562 19.)

227 5580 323 5640 Νῦν
388 5590 722 5663 εὐοδούμεθα
792 5593 1098 5646 ἐπιστεῖλαι
1159 5595 1225 5663 τῇ
1300 5598 1544 5667 πατρικῇ
1610 5615 1703 5649 σου

228 5691 440 5763 "lCor.
465 5725 552 5773 xv,
587 5711 656 5764 20
756 5709 927 5766 "Job
958 5727 994 5779 ι,
1029 5710 1120 5765 21.
1196 5712 1242 5743 ⁹⁵
1270 5710 1416 5766 Psal.
1457 5730 1614 5779 xvm,
1650 5715 1739 5770 49.

1889 5601 2046 5660 Nunc
2098 5614 2408 5678 opportuna
2475 5610 2749 5666 scribendi
2809 5621 3049 5681 paternae
3114 5611 3398 5670 sanctitati

1639 5808 1870 5864 NOTAE.

232 5889 322 5962 (ἓὸ)
345 5893 400 5950 In
429 5897 550 5952 cod.
578 5896 710 5969 Ilcg.
773 5895 904 5967 ρλϐ’.
