3934 6468
539 350 674 417 1411

1730 371 1793 433 8.
1831 373 2225 438 THEODORI
2261 376 2612 440 ΞΤυῡΙΤιΕ

3671 385 3806 451 1412

535 476 646 522 tua:
689 467 853 524 datur
900 471 1147 538 occasio,
1190 484 1484 546 postquam
1535 479 1611 536 ab
1665 485 1860 543 exsilio
1910 505 2091 545 revers

2217 492 2530 563 ἀγιωσύνῃ’
2584 492 2826 565 ὁπηνίκα
2893 494 3424 569 ἀνθυποστρέψαμεν
3464 497 3568 567 τῆς
3626 519 3804 570 φυγα-

533 576 748 617 sumus.
810 564 1096 632 Siquidem
1152 567 1411 624 incursus
1450 571 1691 628 Arabum
1748 592 1851 632 nos
1898 595 2119 652 quoque

535 653 770 709 humiles
817 671 942 710 cum
990 659 1116 714 aliis
1144 662 1433 730 permultis
1473 664 1702 734 ejicieus
1739 669 1808 722 ab
1850 670 2113 742 hospitio,

533 745 587 798 in
631 748 936 818 principem
978 750 1212 805 insulam
1269 765 1395 809 ante
1442 758 1634 812 urbem
1669 761 1871 832 abegit.
1915 763 1970 818 In
2007 783 2114 836 qua

532 841 734 908 quibus
765 846 1030 898 aerumnis
1052 845 1232 900 aﬂ‘eeti
1260 845 1527 904 fuerimus
1556 855 1754 920 partim
1785 871 1814 910 a
1847 857 2114 928 profugo-

532 948 655 985 rum
690 945 916 1003 urgente
943 951 1042 990 nos
1071 939 1250 1004 turba,
1277 941 1476 1008 partim
1502 944 1570 996 ab
1601 959 1736 999 uisui
1769 958 1822 1001 et
1851 951 2010 1018 aquis
2045 950 2113 1002 ad

533 1036 722 1093 potum
791 1027 1021 1082 minime
1073 1030 1310 1096 idoneis,
1373 1035 1507 1103 quid
1563 1050 1704 1105 opus
1757 1051 1842 1096 est
1890 1042 2114 1096 dicere?

531 1114 725 1171 Postea
774 1133 926 1184 vero,
985 1129 1045 1174 ut
1089 1123 1213 1176 inde
1250 1127 1524 1195 progressi
1571 1142 1766 1185 sumus
1817 1131 1884 1186 ad
1935 1133 2109 1187 vicina

529 1207 868 1264 Cltalcedoni
909 1212 1049 1276 loca,
1094 1214 1160 1268 ad
1196 1215 1298 1269 ista
1331 1218 1441 1270 duo
1479 1219 1732 1286 aCCessit,
1783 1232 1839 1277 et
1885 1224 1991 1278 hoc
2032 1223 2114 1278 al-

533 1307 734 1365 terum,
772 1303 919 1370 quod
969 1303 1023 1357 in
1076 1307 1461 1374 gravissimum
1512 1310 1808 1369 incidimus
1861 1317 2111 1370 morbum

529 1393 624 1461 qui
674 1394 940 1448 miserum
996 1411 1199 1466 corpus
1255 1408 1504 1454 nostrum
1564 1411 1710 1460 totos
1753 1417 1961 1476 septem
1992 1409 2111 1465 dies

530 1499 714 1538 rerum
758 1486 1044 1543 doloribus
1083 1488 1275 1545 aﬂlixit
1308 1513 1320 1545 ι
1356 1503 1520 1562 atque
1575 1506 1635 1548 ut
1689 1499 1858 1552 semel
1909 1501 2107 1567 dicam,

529 1575 690 1643 plane
722 1576 1065 1634 laboriosum
1103 1581 1205 1635 iter
1248 1592 1496 1637 nostrum
1537 1584 1662 1640 fuit.
1705 1588 1962 1646 Attamen
2006 1593 2109 1646 tria

528 1663 644 1718 haec
674 1666 863 1720 divino
904 1684 1130 1724 munere
1175 1670 1335 1726 nobis
1370 1674 1692 1744 obtigerunt
1724 1695 1738 1730 :
1768 1681 2007 1747 primum
2052 1689 2111 1735 ut

527 1754 906 1811 beatissimum
940 1760 1250 1828 pontiﬁcem
1297 1772 1548 1818 nostrum
1580 1766 1971 1836 salutaremus,
2021 1786 2110 1826 sa-

2219 584 2402 648 δείας’
2439 583 2674 656 ἐπείπερ
2729 588 2762 656 ἡ
2815 587 2923 640 τῶν
2982 586 3269 660 Ἀῤῥάδων
3301 590 3492 660 ἔφοδος
3533 591 3633 644 σὺν
3675 594 3806 647 πολ-

2219 675 2327 739 λοῖς
2363 676 2543 740 ἄλλοις
2592 679 2688 732 καὶ
2720 681 2867 749 ἡμᾶς
2913 682 3039 745 τοὺς
3082 684 3375 745 ταπεινοὺς
3416 683 3648 754 μεθεῖσα
3705 691 3804 756 τῆς

2219 768 2422 834 ξενίας,
2451 770 2711 839 ἀπήγαγε
2761 771 2869 842 πρὸ
2902 772 2997 825 τοῦ
3023 773 3217 838 ἄστεος
3271 775 3332 827 ἐν
3388 777 3455 846 τῇ
3507 777 3806 848 Πριγκίπῳ

2219 863 2385 930 νήσῳ.
2448 857 2601 937 Ἐνῇ
2649 863 2771 916 ὅσον
2827 864 3391 937 ὲταλαιπωρήσαμεν,
3448 871 3558 922 ἀπό
3611 889 3671 924 τε
3705 871 3800 924 τοῦ

2217 951 2532 1022 συνέχοντος
2564 955 2710 1023 ἡμᾶς
2761 955 3161 1023 φυγαδευτικοῦ
3206 957 3338 1010 λαοῦ
3372 971 3385 984 ⁸
3432 957 3527 1011 τοῦ
3558 978 3620 1013 τε
3672 959 3806 1014 καύ-

2219 1061 2414 1110 σωνος,
2443 1045 2677 1098 καὶτῶν
2736 1046 3017 1100 δυσπότων
3068 1047 3300 1111 ὑδάτων,
3339 1048 3392 1101 τί
3440 1049 3523 1101 δεῖ
3569 1054 3664 1106 καὶ
3714 1053 3804 1106 λέ-

2215 1153 2365 1205 γειν;
2402 1134 2536 1192 Εἶτα
2567 1139 2758 1210 ἐπειδὴ
2794 1138 3118 1211 προῦὸημεν
3176 1141 3463 1212 ἐγγυτέρω
3511 1147 3656 1198 κατά
3703 1147 3806 1216 τὴν

2213 1230 2552 1300 Χαλκηδόνα,
2592 1232 2709 1284 ἐκεῖ
2757 1236 2871 1285 τοῖν
2916 1233 3062 1286 δυοῖν
3103 1233 3359 1306 Θάτερον·
3413 1239 3804 1308 κατεπέσαμεν

2213 1324 2271 1376 ἐν
2303 1324 2558 1396 ἀσθενείᾳ
2585 1325 2850 1396 δυσοίστῳ
2878 1330 3212 1398 νεφριτικοῖς
3249 1329 3435 1393 πόνοις
3457 1331 3803 1408 παιδευούσῃ

2212 1415 2368 1484 ἡμῶν
2393 1418 2490 1486 τὴν
2523 1417 2759 1483 ἐλεεινὴν
2792 1419 2971 1489 σάρκα
3005 1421 3202 1489 μέχρις
3230 1420 3622 1490 ἐ6δοματιαίου
3653 1427 3799 1495 χρό-

2211 1523 2332 1559 νουο
2359 1508 2457 1560 καὶ
2491 1508 2685 1573 ἁπλῶς
2731 1511 2930 1574 εἰπεῖν,
2963 1511 3357 1581 ἀργαλεωτέρα
3387 1512 3545 1583 ἡμῶν
3589 1516 3625 1586 ἡ
3681 1518 3801 1582 ὁδὸς

2212 1599 2477 1667 ἐγεγόνει.
2513 1601 2707 1671 Ὅμως
2745 1602 2873 1672 τρία
2925 1603 3101 1656 ταῦτα
3130 1604 3360 1672 γέγονεν
3404 1606 3534 1675 ἡμῖν
3578 1608 3800 1663 ἐπιτεύ-

2209 1708 2400 1762 γματα
2426 1693 2568 1747 θεοῦ
2608 1695 2795 1766 χάριτι
2813 1710 2829 1724 '
2862 1695 2954 1748 τόν
2979 1713 3040 1750 τε
3069 1696 3489 1768 μακαριώτατον
3516 1700 3676 1770 ήμῶν
3699 1705 3800 1777 ἀρ-

2209 1784 2397 1854 χιερέα
2443 1790 2822 1857 προσκυνῆσαι
2865 1788 3259 1859 κομισαμένοις
3300 1791 3402 1853 τὰς
3441 1790 3597 1859 ἱερὰς
3630 1810 3800 1864 προσ-

526 1845 639 1898 cris
673 1846 793 1913 ejus
834 1849 1093 1915 precibus
1120 1850 1400 1919 fruentes;
1429 1855 1626 1910 deinde
1653 1858 1754 1912 bos
1780 1873 1944 1930 atque
1983 1861 2091 1918 illo:

2206 1877 2370 1944 ευχὰς
2397 1877 2592 1930 αὐτοῦ’
2654 1878 2850 1932 ἔπειτα
2884 1877 3073 1933 τούσδε
3110 1880 3206 1934 καὶ
3246 1882 3434 1935 τούσδε
3474 1882 3584 1935 τῶν
3629 1885 3797 1954 ἱερῶν

525 1952 714 1992 sacros
741 1940 932 1996 Patres
967 1959 1032 1998 ac
1057 1943 1291 2013 fratres;
1339 1963 1403 2001 ac
1437 1951 1618 2014 tertio,
1663 1959 1722 2004 ut
1761 1953 2099 2024 objectiones

522 2043 577 2086 ct
643 2035 1069 2092 criminationes
1134 2037 1230 2092 Dei
1290 2041 1667 2097 misericordia
1726 2045 2098 2116 diluerentur,

520 2141 661 2195 quas
701 2135 894 2180 contra
945 2143 1070 2192 nos,
1117 2132 1308 2186 nescio
1360 2133 1528 2196 unde,
1573 2135 1919 2193 suscitaruut
1950 2140 2101 2209 pacis

520 2218 771 2286 opiﬁces.
826 2220 1222 2278 Schismaticos
1279 2240 1381 2278 nos
1429 2235 1587 2281 antea
1637 2228 2028 2298 depinxerunt,
2068 2249 2100 2288 a

517 2311 686 2364 divini
719 2313 1000 2380 pontiﬁcis
1033 2317 1205 2369 nostri
1255 2318 1537 2373 consortio
1581 2335 1807 2377 aversos
1839 2339 1854 2377 :
1888 2325 2099 2393 privata

517 2405 844 2459 auctoritate
901 2420 1030 2460 usos
1058 2405 1231 2462 fuisse
1275 2408 1618 2466 aﬁirmaruut
1658 2413 1714 2466 in
1747 2429 1936 2468 eorum
1982 2430 2100 2485 pae-

514 2495 643 2558 nis,
703 2495 796 2564 qui
847 2496 1119 2551 haeretica:
1180 2501 1558 2554 communioni
1617 2503 2100 2560 adltaaserunt:et

514 2588 621 2642 alia
661 2590 830 2642 multa
861 2605 981 2658 quae
1025 2593 1254 2660 epistola
1286 2593 1568 2651 includere
1597 2596 1872 2653 dimcilius
1910 2608 2015 2654 est.

590 2680 793 2736 Verum
831 2684 897 2735 ad
942 2681 1182 2753 singula,
1231 2692 1289 2738 ut
1318 2686 1578 2750 diximus,
1618 2690 1823 2744 auxilio
1864 2706 2091 2760 precum

516 2783 737 2827 tuarum
775 2775 1025 2843 apposite
1067 2777 1484 2844 respondentes,
1508 2788 1563 2833 et
1595 2794 1719 2834 cum
1758 2796 1920 2837 sacro
1957 2797 2096 2853 pon-

516 2867 661 2921 tiﬁce
697 2881 887 2924 nostro
921 2872 1334 2927 communicare
1361 2888 1462 2928 nos
1492 2875 1858 2942 ostendimus,
1897 2878 1993 2947 qui
2036 2887 2092 2935 et

513 2973 730 3013 summa
764 2961 1108 3017 humanitate
1137 2978 1239 3017 nos
1262 2964 1497 3034 excepit,
1530 2975 1583 3020 et
1613 2976 1862 3022 amanter
1889 2978 2095 3024 tracta-

515 3053 592 3105 vit
627 3059 682 3105 et
719 3051 952 3117 dimisit,
1002 3055 1152 3108 nulla
1197 3056 1477 3110 mentiOue
1525 3057 1667 3113 facta
1715 3075 1930 3124 eorum,
1972 3078 2094 3130 qua:

2206 1969 2464 2041 Πατέρων
2487 1971 2582 2024 καὶ
2606 1972 2848 2042 ἀδελφῶν
2875 1988 2891 2003 ·
2916 1972 3014 2027 καὶ
3042 1974 3246 2044 τρίτον,
3274 1975 3335 2029 τὸ
3365 1976 3620 2031 διαλῦσαι
3647 1980 3794 2035 ἐλέει

2203 2061 2337 2116 Θεοῦ
2362 2063 2459 2128 τὰς
2495 2067 2780 2129 ἐνστάσεις
2831 2065 2928 2119 καὶ
2969 2068 3491 2140 ἀντιπαραστάσεις,
3546 2069 3615 2133 ἃς
3663 2074 3795 2129 καθ’

2201 2156 2363 2225 ἡμῶν
2391 2157 2491 2210 οὐκ
2515 2151 2614 2210 οἷδ’
2641 2157 2765 2211 ὅθεν
2808 2157 3026 2229 ἀνῆψαν
3055 2163 3103 2214 οἱ
3128 2161 3230 2231 τῆς
3251 2164 3478 2234 εἰρήνης
3517 2163 3792 2238 δημιουρ-

2203 2247 2290 2314 γοί
2309 2263 2322 2278 ο
2349 2248 2744 2317 σχισματικοὺς
2774 2249 2926 2318 ἡμᾶς
2954 2252 3539 2324 προανεζωγράφησαν
3570 2256 3671 2326 τῆς
3695 2258 3794 2312 τοῦ

2203 2339 2491 2393 Θεσπεσίου
2537 2341 2695 2411 ἡμῶν
2741 2343 3048 2416 ἀρχιερέως
3089 2346 3419 2414 συναφείας·
3485 2347 3795 2421 ίδιονόμους

2199 2433 2546 2504 ἀπεφήναντο
2570 2435 2630 2486 ἐν
2669 2437 2792 2498 ταῖς
2837 2440 3148 2511 ἐπιτιμίαις
3203 2439 3313 2493 τῶν
3363 2440 3692 2498 ἑαλωκότων
3723 2448 3790 2517 τῇ

2198 2526 2450 2595 αἱρετικῇ
2485 2527 2761 2598 κοινωνίᾳ.

2273 2700 2446 2756 Ἀλλα
2496 2702 2633 2758 ἄττα
2690 2705 3092 2778 ἐργωδέστερον
3138 2707 3217 2778 τῷ
3250 2711 3542 2781 γράμματι
3591 2716 3792 2768 ἐπικυ-

2196 2792 2365 2849 κλεῖν.
2427 2791 2594 2866 Πλὴν,
2636 2795 2711 2860 ὡς
2765 2798 3116 2869 προείρηται,
3164 2801 3356 2871 εὐχαῖς
3405 2821 3500 2858 σου
3547 2806 3689 2876 πρὸς
3730 2805 3790 2858 ἓν

2196 2885 2427 2941 ἕκαστον
2483 2889 2896 2958 ἀπαντήσαντες
2952 2889 3295 2957 εύθυόόλως,
3345 2896 3442 2949 καὶ
3491 2898 3586 2951 τοῦ
3632 2898 3788 2969 ἱεροῦ

2193 2978 2227 3045 ἡ
2239 2976 2355 3046 μῶν
2373 2978 2711 3049 πατριάρχου
2741 2983 3049 3035 κοινωνικοὶ
3070 2978 3211 3037 εἶναι
3233 2985 3692 3058 ἀποδεδείχαμενο
3725 2990 3791 3056 ὃς

2194 3069 2290 3121 καὶ
2317 3069 2454 3137 μετὰ
2485 3069 2934 3141 ὑπερϐαλλούσης
2963 3075 3430 3143 συγκαταόάσεως
3453 3080 3550 3131 καὶ
3586 3079 3794 3146 ἐδέξα-

516 3157 616 3212 per
641 3144 826 3198 dolum
858 3146 1091 3200 conﬁcta
1120 3146 1357 3201 fuerant.
1391 3148 1703 3215 Quinetiam
1729 3168 1852 3206 cum
1886 3155 2090 3208 mentio

516 3235 1124 3255 ηηη
1221 3251 1229 3255 ,
1322 3239 1364 3255 η,
1504 3245 1513 3254 .
1608 3245 1618 3255 .
1846 3254 1851 3255 ,
1940 3247 1950 3255 .

2198 3176 2254 3212 το
2288 3161 2383 3213 καὶ
2423 3159 2910 3233 ἐφιλοφρονήσατο,
2959 3165 3056 3218 καὶ
3104 3167 3425 3221 ἀπέστειλεν
3470 3171 3658 3238 ἡμᾶς·
3698 3144 3789 3243 ⁷μή

509 3235 666 3290 ﬁeret
717 3238 784 3291 de
835 3236 1067 3291 Domino
1111 3239 1272 3296 beato
1322 3239 1554 3298 Tarasio
1602 3245 1751 3314 (nam
1805 3254 1859 3299 ct
1902 3247 1971 3300 ab
2025 3262 2092 3301 eo

515 3328 793 3395 dixerant,
826 3327 1047 3384 Patrum
1075 3331 1284 3385 scilicet
1309 3342 1604 3399 amatores,
1637 3350 1736 3390 nos
1768 3335 2089 3404 descivisse,

510 3429 567 3473 et
602 3422 903 3476 secundam
947 3421 1000 3476 in
1042 3420 1220 3477 Nicaea
1250 3437 1502 3480 sanctam
1537 3427 1830 3498 synodum,
1865 3428 2088 3485 localem

509 3514 828 3583 appellare),
859 3529 960 3570 nos
981 3531 1116 3573 vero
1147 3517 1506 3587 probavimus
1525 3530 1579 3574 et
1609 3519 1760 3574 illum
1795 3522 1848 3575 in
1882 3524 2089 3578 sanctis

508 3606 771 3663 Pati-ibus
825 3608 1050 3672 habere,
1097 3620 1152 3665 et
1202 3612 1471 3682 synodum
1519 3613 1702 3668 verbis
1757 3615 2091 3686 scriptisque

508 3700 908 3754 meumenicam
941 3702 1188 3757 conﬁteri
1221 3723 1236 3758 :
1274 3705 1400 3760 licet
1449 3705 1659 3774 uspiam
1697 3706 1993 3777 aliquando
2035 3718 2092 3764 et

506 3790 694 3860 aliquo
735 3794 898 3847 modo
939 3805 994 3848 et
1021 3795 1352 3865 quibusdam
1406 3797 1566 3852 aliter
1615 3800 2083 3870 responderimus.

507 3883 642 3949 Quae
674 3885 897 3954 quidem
944 3900 1053 3941 non
1100 3898 1339 3958 oportet,
1389 3890 1534 3944 sicut
1564 3907 1668 3946 nec
1718 3909 1781 3948 ea
1808 3910 1930 3964 quae
1970 3908 2085 3951 tum

507 3977 669 4030 aliter
699 3984 819 4032 acta
848 3976 1096 4046 fuerunt,
1129 3997 1279 4036 nunc
1308 3983 1586 4050 inquirere
1613 3995 1667 4040 et
1703 3986 1985 4042 refricare.
2027 3987 2087 4044 Id

504 4071 654 4123 enim
694 4071 967 4128 tumultus
1001 4088 1224 4129 causam
1266 4076 1490 4145 prtebet,
1524 4092 1625 4132 nec
1652 4079 2081 4137 emolumentum

508 4161 678 4214 ullum
714 4161 891 4224 atl‘ert,
927 4164 1020 4219 sed
1057 4165 1445 4222 altercationes
1475 4169 1658 4237 potius
1692 4181 1746 4225 et
1776 4172 2084 4230 offendicu-

505 4255 619 4308 lum
653 4255 919 4311 Ecclesia:
951 4258 1065 4312 Dei.
1104 4258 1220 4314 Hoc
1245 4272 1302 4316 et
1329 4263 1424 4316 illo
1465 4265 1626 4318 modo
1663 4265 1718 4320 Ιιὶ
1759 4276 1814 4321 et
1838 4267 1916 4321 illi
1947 4268 2086 4324 scri-

504 4361 737 4418 pSerunt
791 4365 855 4404 ac
899 4362 1133 4420 egerunt
1165 4371 1179 4407 :
1211 4354 1414 4424 singuli
1465 4371 1524 4410 se
1569 4357 1852 4412 veritatem
1898 4369 2084 4416 tenere

503 4440 854 4493 arbitrantes.
900 4440 1082 4496 Multis
1130 4445 1313 4510 annis,
1353 4455 1412 4499 ut
1464 4447 1632 4512 nosti,
1681 4452 2077 4518 amantissime,

2197 3268 2344 3315 τινος
2365 3252 2526 3322 λόγου
2559 3254 2664 3308 τῶν
2699 3256 3157 3327 σκαιωρηθέντων
3183 3262 3787 3331 ἐπιμνηματισθέντος⁴

2197 3343 2258 3396 ού
2283 3344 2389 3414 μὴν
2414 3343 2550 3398 ἀλλὰ
2569 3346 2665 3399 καὶ⁹
2690 3346 2784 3400 τοῦ
2828 3347 3021 3420 κυρίου
3051 3350 3327 3421 Ταρασίου
3368 3354 3463 3407 καὶ
3501 3355 3560 3407 ἐν
3598 3357 3790 3423 ἁγίοις

2200 3437 2708 3507 μνημονευομένουο
2746 3438 2954 3509 ἔφασαν
2982 3441 3090 3513 γὰρ
3128 3444 3178 3495 οἱ
3209 3441 3372 3512 δῆθεν
3412 3443 3789 3517 φιλοπάτορες

2196 3529 2291 3583 καὶ
2318 3528 2509 3583 τούτου
2529 3531 2679 3600 ἡμᾶς
2693 3530 3016 3601 διεσχῐσθαι,
3045 3533 3143 3587 καὶ
3173 3535 3276 3605 τήν
3306 3552 3370 3603 γε
3397 3538 3456 3589 ἐν
3486 3539 3534 3590 Ν
3543 3541 3700 3611 ικαίᾳ
3719 3542 3788 3595 τὺ

2194 3622 2442 3694 δεύτερον
2463 3624 2627 3692 ἁγίαν
2660 3623 2876 3678 σύνοδον
2899 3626 3135 3697 τοπικὴν
3151 3627 3447 3682 ἀποκαλεῖν
3471 3646 3488 3663 ο
3517 3632 3686 3701 ἡμεῖς
3719 3633 3785 3688 δι

2196 3715 2644 3786 συνεστησάμεθα
2662 3717 2911 3781 ἑαυτοὺς,
2925 3717 3021 3771 καὶ
3039 3718 3202 3772 αὑτὸν
3217 3721 3275 3774 ἐν
3299 3721 3578 3793 Πατράσιν
3596 3724 3786 3790 ἁγίοις

2193 3807 2374 3877 ἔχειν·
2399 3807 2492 3860 καὶ
2520 3807 2620 3876 τήν
2673 3824 2737 3874 γε
2776 3806 2998 3862 σύνοδον
3039 3809 3428 3882 οἱκουμενικὴν
3481 3813 3779 3883 ὁμολογεῖν

2193 3899 2481 3968 ἐγγράφως
2507 3917 2566 3952 τε
2584 3901 2677 3952 καὶ
2699 3901 2995 3970 ἀγράφως·
3026 3902 3075 3954 εί
3103 3901 3198 3955 καί
3227 3919 3352 3968 που,
3384 3905 3476 3957 καί
3507 3922 3661 3970 ποτε,
3680 3909 3782 3962 καί

2191 4008 2309 4054 πως
2331 3991 2422 4043 καί
2448 4008 2588 4044 τισιν
2621 3991 3004 4064 ἀπεκρίθημεν
3026 3991 3251 4063 ἑτέρως.
3291 3996 3358 4048 Ἀ
3387 3995 3448 4048 ού
3480 3995 3561 4049 δεῖ
3580 3996 3782 4071 ὥσπερ

2190 4084 2286 4137 καὶ
2320 4085 2391 4138 τὰ
2421 4082 2725 4156 τηνικαῦτα
2779 4084 2985 4154 ἐτέρως
3026 4088 3397 4157 πεπραγμένα
3429 4088 3523 4141 νῦν
3567 4089 3784 4160 ἀναζη-

2189 4179 2301 4230 τεῖν
2331 4177 2427 4231 καὶ
2464 4178 2807 4244 ἀναξαίνιςιν⁸
2847 4177 2966 4231 ἔστι
3004 4178 3113 4250 γὰρ
3159 4182 3406 4250 ταραχῆς
3436 4181 3632 4244 αἴτιον,
3675 4183 3784 4235 καὶ

2189 4267 2339 4321 οὐδὲν
2363 4267 2547 4334 ὄνησιν
2593 4266 2758 4338 φέρον
2777 4282 2790 4295 ⁸
2818 4266 2851 4338 ἢ
2887 4267 3087 4336 μᾶλλον
3109 4266 3443 4339 λογομαχίαν
3486 4272 3579 4323 καὶ
3601 4288 3782 4340 προσ-

2189 4357 2367 4429 κοπὴν
2408 4362 2475 4429 τῇ
2514 4357 2814 4428 Ἐκκλησία
2868 4359 2963 4410 τοῦ
3016 4358 3190 4412 Θεοῦο
3228 4360 3401 4425 οὕτως
3440 4362 3536 4415 καὶ
3569 4363 3776 4431 οὕτως,

2187 4450 2295 4502 οἵδε
2319 4451 2410 4503 καὶ
2444 4449 2574 4515 οἵδε,
2601 4449 2868 4521 ἔγραψαν,
2901 4450 3160 4521 ἔδρασαν,
3213 4453 3434 4507 ἔκαστοι
3468 4455 3527 4506 τὸ
3564 4455 3779 4527 ἀληθὲς

499 4541 788 4600 peractum
829 4531 954 4596 fuit,
1006 4534 1150 4603 quod
1208 4535 1260 4589 in
1319 4551 1416 4590 ore
1468 4554 1617 4594 nunc
1675 4551 1758 4595 est
1810 4545 2077 4612 omnium,

2198 4541 2328 4610 ἔχειν
2363 4541 2618 4609 οἰόμενοι.
2641 4541 2888 4610 Μακροῖς
2909 4541 3110 4608 ἐτεσιν,
3128 4542 3203 4606 ὼς
3241 4540 3417 4609 οἶσθα,
3444 4547 3775 4619 τριπόθητε,

499 4624 759 4692 quodque
791 4625 995 4679 Orienti
1025 4636 1189 4695 atque
1210 4625 1494 4684 Occidenti
1525 4631 1762 4688 innotuit
1784 4649 1904 4704 qua?
1929 4646 2081 4704 gesta

2198 4634 2242 4687 εδ
2276 4632 2673 4704 θρυλλούμενον
2729 4635 3130 4707 κατεπράχθη,
3174 4638 3433 4711 Ἀνατολῇ
3472 4642 3565 4695 καὶ
3598 4643 3772 4697 Δύσει

497 4722 554 4769 et
584 4717 791 4785 scripta
840 4726 971 4771 sunt
1001 4728 1251 4775 evertere
1279 4731 1473 4776 neutra
1515 4738 1641 4791 pars
1682 4737 1881 4794 potest.
1927 4727 2082 4786 Nunc

2198 4724 2455 4796 πνώριμον
2483 4725 2778 4796 γενόμενον
2806 4743 2818 4754 '
2861 4727 2931 4781 τὰ
2961 4730 3329 4800 πεπραγμένα
3379 4733 3472 4785 καὶ
3507 4751 3773 4807 γεγραμο

497 4818 716 4876 tempus
749 4818 834 4862 est
869 4811 1202 4875 concordiae,
1232 4828 1382 4867 nunc
1430 4823 1649 4885 tempus
1695 4818 1747 4871 in
1786 4834 2080 4878 commune

2198 4817 2337 4882 ιένα,
2372 4816 2487 4870 οὗθ’
2524 4818 2712 4889 ἓτερον
2747 4818 2919 4889 μέρος
2967 4820 3298 4890 ἀνατρέπειν
3345 4817 3460 4878 οἷόν
3501 4843 3561 4878 τε
3610 4829 3762 4884 ἐστι.

499 4901 838 4955 decertandi.
871 4903 1072 4957 Eorum
1095 4904 1188 4974 qui
1219 4905 1351 4975 quid
1374 4907 1668 4977 scripsere,
1693 4923 2072 4981 monumenta,

496 4994 543 5047 si
578 4995 800 5062 quidem
841 5005 985 5051 recte
1015 4999 1218 5052 habere
1248 5000 1483 5069 posteris
1508 5002 1859 5072 videbuntur,
1907 5019 2074 5063 erunt

493 5084 657 5139 laude
689 5085 850 5156 digna
887 5105 901 5141 :
937 5089 1021 5142 sin
1053 5089 1255 5156 minus,
1291 5106 1472 5148 secus.
1505 5093 1707 5151 Fidelis
1736 5112 1936 5166 sermo,
1970 5116 2072 5156 nec

491 5176 642 5230 aliud
674 5179 776 5232 hac
806 5179 872 5234 de
890 5195 949 5235 re
973 5181 1156 5237 dicere
1187 5183 1335 5246 libet,
1368 5200 1546 5255 neque
1573 5187 1628 5240 in
1662 5204 1928 5257 praesens,
1967 5208 2067 5248 ue-

487 5283 599 5337 que
629 5269 682 5322 in
718 5277 1020 5338 posterum.
1052 5273 1120 5326 Et
1151 5274 1422 5342 ostendet,
1469 5277 1665 5347 inquit,
1704 5281 1823 5337 dies
1860 5285 2071 5338 revela-

487 5360 683 5425 tionis,
730 5372 784 5416 et
831 5364 1172 5420 novissimus
1218 5367 1360 5436 ignis
1406 5383 1519 5438 quo
1557 5370 1880 5439 judicantur
1925 5373 2066 5430 facta

2175 4907 2289 4960 Νῦν
2325 4909 2515 4978 καιρὸς
2545 4908 2819 4978 ὁμονοίας,
2872 4908 2966 4961 νῦν
3021 4912 3212 4981 καιρὸς
3243 4913 3659 4985 συναθλήσεως·
3694 4920 3767 4972 τὰ

2180 4998 2663 5068 ἐγκαταλείμματα
2675 5000 2768 5052 τοῦ
2787 5003 3149 5072 γεγραφότος,
3171 5007 3219 5058 εἰ
3246 5007 3344 5077 μὲν
3367 5007 3428 5061 εὖ
3446 5008 3588 5074 ’ἐξειν
3613 5009 3771 5064 δοκεῖ

2178 5095 2290 5154 τοῖς
2330 5093 2629 5161 μετέπειτα
2652 5092 2877 5146 ἐπαίνου
2895 5093 3080 5148 ἔνδικα
3101 5113 3113 5126 ·
3139 5096 3262 5148 εἰδὲ
3297 5099 3395 5170 μὴ,
3419 5101 3760 5158 τούναντίον.

2176 5187 2373 5250 Πιστὸς
2397 5187 2426 5238 ὁ
2459 5185 2634 5254 λόγος,
2665 5187 2760 5239 καὶ
2791 5187 2921 5257 περὶ
2946 5189 3140 5242 τούτου
3161 5191 3346 5260 λέγειν
3382 5192 3509 5246 ἄλλο
3533 5196 3595 5247 οὐ
3619 5195 3757 5265 βου-

2172 5277 2376 5349 λόμεθα
2395 5295 2407 5310 ·
2439 5276 2563 5330 οὗτε
2589 5277 2704 5343 νῦν,
2731 5277 2856 5330 οὕτε
2882 5281 3021 5351 πρὸς
3050 5281 3110 5334 τὸ
3150 5282 3299 5353 ἐξῆς.
3334 5285 3445 5337 Καὶ
3479 5285 3758 5356 δηλώσει,

2171 5371 2356 5439 φησὶν,
2395 5369 2554 5439 ἡτῆς
2595 5370 2994 5440 ἀποκαλύψεως
3036 5374 3255 5444 ἡμέρα,
3304 5377 3400 5428 καὶ
3452 5378 3512 5430 τὸ
3560 5379 3764 5433 τελευ-

488 5461 680 5508 nostra
725 5465 780 5508 et
815 5459 1206 5526 purgantur“.
1247 5459 1373 5515 Haac
1406 5462 1608 5530 partim
1653 5464 1895 5532 quidem,
1940 5476 2063 5522 tan-

2204 5466 2316 5515 αῖον
2344 5461 2473 5533 πῦρ,
2497 5455 2540 5529 ᾧ
2565 5463 2805 5534 κρίνεται
2836 5467 2932 5518 καὶ
2971 5466 3292 5537 καθαίρεται
3348 5467 3417 5522 τὰ
3478 5471 3755 5541 ἡμέτερα.

488 5559 650 5613 quam
676 5545 940 5600 unanimo
964 5549 1103 5617 patri
1134 5558 1187 5602 et
1208 5552 1359 5614 pacis
1386 5555 1637 5625 auctori;
1670 5556 1869 5624 partim
1892 5559 2057 5613 etiam

486 5637 616 5705 quia
670 5635 878 5692 doloris
929 5643 1377 5698 commemoratio
1429 5645 1688 5703 solatium
1743 5648 2061 5705 dolentibus

483 5728 681 5783 atl‘erre
719 5731 1022 5796 consuevit,
1080 5737 1393 5792 necessario
1445 5753 1474 5792 a
1524 5753 1609 5796 me
1649 5739 1855 5810 scripta
1909 5753 2058 5799 sunt.

557 5844 604 5874 “
635 5840 676 5895 ιι
698 5841 890 5900 Thess.
930 5862 968 5908 ι,
1003 5845 1052 5909 ’7,
1092 5847 1143 5902 8.

2173 5554 2358 5608 Ταῦτα
2376 5554 2512 5623 ὁμοῦ
2542 5557 2641 5625 μὲν
2672 5555 2747 5618 ὡς
2775 5557 2946 5627 lla-cpi
2981 5560 3253 5631 συμψύχῳ
3277 5562 3373 5615 καὶ
3407 5564 3754 5636 είρηνάρχῳο

2169 5646 2304 5717 ὁμοῦ
2335 5646 2391 5699 δὲ
2425 5647 2520 5701 καὶ
2566 5647 2647 5708 είς
2682 5648 2742 5700 τὸ
2787 5649 3023 5713 ἐξειπεῖν
3065 5653 3135 5706 τὰ
3172 5654 3416 5725 λυπηρὰ,
3454 5657 3755 5729 ῥᾳστώνην

2167 5739 2275 5797 οἶδε
2330 5742 2517 5815 φέρειν
2556 5743 2615 5798 ἐν
2671 5745 2784 5808 τοῖς
2837 5745 3238 5816 ὀδυνωμένοις,
3287 5750 3604 5818 ἀναγκαίως
3655 5755 3750 5822 γέ-
