3934 6506
183 435 291 499 1413

1313 437 1851 500 EI’ISTOLARUM
1913 436 2062 496 LIB.
2113 437 2194 498 Il.

3245 429 3383 493 1414

176 564 399 616 γραπται.
445 546 505 600 Εἰ
539 545 592 599 δὲ
633 546 1025 618 παρακληθεὶς
1063 546 1236 620 ὀφθῇς
1273 551 1408 620 ἡμῖν
1451 555 1568 614 τοῖς
1608 569 1703 606 τα-

1820 551 1964 619 )ιιοιΙ
2005 551 2052 606 si
2086 551 2497 606 consolatorem
2523 559 2579 606 te
2608 554 2771 606 nobis
2805 550 3105 606 humilibus
3137 550 3386 621 praebue-

177 638 363 701 πεινοίς,
408 634 567 687 κόπον
625 635 850 703 ἀγάπης
900 635 1450 706 ἀναλαμϐανόμενος,
1480 638 1705 700 πάντως

180 730 310 790 ἱόίους
351 728 484 798 ἡμᾶς
530 727 817 798 ποιήσειας
869 726 1000 798 περὶ
1044 729 1244 782 πάντα.
1297 730 1360 781 Οί
1412 729 1508 782 σὺν
1568 730 1705 800 ἡμῖν

177 819 591 891 προσαγορεύουσι
623 821 853 872 πλεῖστα
885 818 985 890 τὴν
1035 819 1354 890 ἁγιωσύνην
1404 838 1520 874 σου.
1558 821 1705 884 Τοὺς

178 916 254 966 σὺν
276 913 346 964 σοὶ
368 912 457 965 καὶ
487 913 645 983 ἡμεῖς
678 909 908 964 πλεῖστα
948 911 1477 984 προσφθεγγόμεθα,
1525 930 1703 966 πανα-

175 1019 387 1070 γιωτατε.

382 1119 529 1174 ΡΚΗ¹
550 1120 686 1192 (24).
717 1120 912 1190 Μαρίᾳ
939 1121 1424 1189 παρθενευούσῃ.
1502 1119 1694 1194 [χος¹.]

1809 647 1912 711 ris,
1952 643 2239 700 charitatis
2287 645 2535 699 laborem
2590 644 2938 714 suscipiens;
2979 643 3207 699 omnino
3259 654 3385 699 tuos

1809 753 1914 793 nos
1946 737 2144 793 reddes
2179 737 2234 792 in
2285 738 2569 793 omnibus.
2602 737 2709 805 Qui
2757 738 3050 793 nobiscum
3099 747 3229 792 sunt
3256 753 3387 792 san-

1809 831 2057 885 ctitatem
2088 838 2239 885 tuam
2280 830 2579 900 plurimum
2617 831 2858 885 salutant
2890 849 2912 886 :.
2937 845 3033 885 eos
3074 833 3167 900 qui
3207 840 3386 886 tecum

1811 929 1946 976 sunt
1971 921 2276 978 salutamus
2307 931 2363 977 et
2390 937 2495 977 nos
2524 921 2852 992 plurimum,
2886 922 3254 977 sanctissime.

1976 1121 2264 1178 CXXVIII.
2288 1152 2359 1164 —
2391 1122 2584 1179 Mariae
2615 1125 2971 1193 virginitatem
3010 1122 3220 1178 colenti.

1415 1236 1493 1288 De
1520 1237 1750 1289 laudibus
1775 1237 2095 1304 virginitatis.

243 1341 436 1413 Ἐπειδὴ
479 1341 573 1395 καὶ
624 1342 775 1406 ἅπαξ
827 1343 923 1396 καὶ
969 1343 1051 1408 δὶς
1103 1345 1409 1410 ἀποστολὰς
1471 1344 1711 1414 ἐφθάσα-

181 1451 261 1502 μεν
290 1434 422 1505 παρά
447 1434 542 1505 τῆς
565 1434 890 1503 τιμιότητός
927 1451 1022 1488 σου
1070 1435 1356 1503 δέξασθαι,
1406 1437 1710 1503 ἀναγκαῖον

180 1526 431 1598 ἐκρίναμεν
465 1526 537 1598 μὴ
570 1528 736 1597 μόνον
780 1526 910 1600 ψιλῇ
954 1530 1282 1601 προσρήσει,
1317 1530 1456 1584 ἀλλά
1483 1530 1580 1583 καὶ
1623 1529 1713 1582 διά

178 1621 466 1689 γράμματος
496 1618 943 1690 προσαγορεῦσαι
971 1619 1073 1692 τὴν
1110 1620 1555 1692 σεμνοπρέπειάν
1590 1635 1708 1673 σου·

180 1712 331 1764 καὶού
357 1711 600 1766 τοσοῦτον
657 1713 747 1767 διά
785 1713 887 1777 τὰς
918 1712 1257 1778 ἀποστολὰς,
1305 1714 1430 1766 ὅσον
1473 1711 1563 1765 διά
1611 1709 1712 1782 τὴν

181 1803 447 1874 σεμνότητά
475 1820 590 1859 σου.
627 1803 996 1874 Μανθάνομεν
1025 1803 1136 1876 γάρ
1169 1805 1251 1858 ὅτι
1281 1803 1374 1858 τὸν
1420 1805 1479 1857 ὲν
1507 1801 1716 1872 παρθε-

179 1893 252 1966 νίᾳ
272 1893 372 1964 βίον
417 1897 644 1968 ἑλομένη
695 1895 969 1950 δουλεύειν
993 1896 1071 1967 τῷ
1120 1895 1314 1967 Κυρίῳ
1361 1893 1634 1959 κατεδέξω
1660 1895 1717 1948 ὲν

177 1990 382 2062 ὁσιότητι
420 1994 513 2045 καὶ
569 1990 910 2064 δικαιοσύνῃ.
953 1991 1021 2045 Τί
1072 1990 1181 2062 γὰρ
1216 1992 1470 2062 κρεῖττον
1509 1988 1718 2058 παρθε-

180 2081 308 2147 νίαςς
362 2078 425 2155 ἦς
483 2085 516 2156 ἡ
573 2085 823 2155 μέριμνα
876 2083 994 2146 πῶς
1026 2081 1327 2153 ἀρέσειτῷ
1357 2079 1571 2151 Κυρίῳ,
1597 2079 1716 2142 πῶς

177 2151 480 2242 ἐπιτεύξεται
655 2151 962 2249 μελλόντων
992 2151 1218 2244 ἀγαθῶν
1244 2188 1260 2204 ’
1310 2173 1428 2237 πῶς
1452 2172 1711 2243 δυνηθείη
1750 2151 1790 2205 Β

175 2264 421 2336 δισδράσαι
449 2267 547 2332 τὰς
573 2265 952 2329 πολυπλόκους
979 2263 1264 2335 μεθοδείας
1309 2262 1404 2318 τοῦ
1438 2263 1710 2316 διαὸόλου.

183 2357 296 2411 Ἡδὲ
317 2360 412 2412 ὑπὸ
432 2360 609 2430 γάμον
625 2356 881 2423 τελοῦσα,
905 2357 1245 2421 τούναντίον,
1271 2355 1392 2419 πῶς
1413 2354 1606 2426 ἀρέσει
1635 2353 1715 2425 τῷ

176 2447 320 2517 ἀνδρὶ,
338 2448 449 2512 πῶς
473 2450 574 2512 τὰς
608 2446 705 2502 τοῦ
731 2447 941 2518 κόσμου
965 2442 1024 2500 εὖ
1053 2445 1288 2516 διαθείηο
1316 2446 1350 2515 ή
1387 2443 1716 2515 περικλυζο-

175 2540 285 2610 μένη
304 2543 406 2606 τοῖς
423 2541 690 2614 ἁλμυροῖς
707 2539 774 2593 κύ
784 2557 918 2612 μασι
937 2539 1034 2592 τοῦ
1062 2538 1204 2610 βίου,
1224 2540 1282 2591 ὲν
1302 2537 1380 2607 τῷ
1403 2534 1716 2608 φροντίζειν

177 2634 278 2706 περὶ
298 2635 492 2689 τέκνων
513 2653 576 2689 τε
604 2636 703 2689 καὶ
732 2633 937 2687 δούλων
970 2633 1064 2686 καὶ
1086 2630 1342 2686 δουλίδων
1362 2649 1377 2663 ο
1408 2631 1506 2683 καὶ
1518 2629 1626 2701 πρό
1649 2645 1714 2696 γε

174 2725 367 2795 τούτων,
397 2729 464 2782 τά
487 2729 622 2801 περὶ
648 2727 950 2799 ἀρέσκειαν
974 2725 1069 2779 τοῦ
1105 2722 1299 2796 ἀνδρός
1319 2738 1336 2755 ο
1366 2722 1522 2776 οὔπω
1553 2723 1712 2774 δυνα-

177 2817 290 2890 μένη
323 2820 760 2892 ὑπερανεστάναι
782 2818 892 2872 τῶν
933 2817 1186 2888 στροφῶν
1214 2816 1312 2869 τοῦ
1354 2816 1589 2885 κόσμου,
1619 2813 1716 2867 καὶ

172 2910 234 2979 τῷ
258 2913 344 2981 τῆς
366 2915 604 2979 διανοίας
629 2912 816 2984 πτερῷ
851 2909 1206 2981 κουφίζεσθαι
1231 2909 1372 2980 πρὸς
1392 2908 1619 2978 Κύριον.
1643 2906 1716 2959 Σὺ

176 2999 265 3068 οὖν,
288 2999 327 3058 ὧ
345 3007 604 3078 καλλίστη
641 3005 941 3076 γυναικῶν,
971 3000 1220 3074 μακαρία
1247 3001 1323 3064 ὡς
1344 2999 1586 3068 ἀληθῶς,
1620 2998 1718 3052 καὶ

171 3099 540 3170 τρισμακαρία,
571 3100 656 3152 ὅτι
684 3098 784 3168 τὴν
814 3095 1030 3166 ἀγαθὴν
1064 3093 1259 3165 μερίδα
1287 3091 1539 3158 ἐξελέξω,
1575 3090 1717 3161 μετά

173 3187 358 3256 Μαρίαν
413 3190 635 3261 ἐκείνην
691 3191 791 3260 τὴν
837 3188 1107 3258 ἀοίδιμον,
1170 3185 1338 3239 οἱονεὶ
1392 3184 1716 3257 παρακαθε-

173 3275 343 3349 ζομένη
382 3280 534 3351 παρά
555 3281 686 3342 τοὺς
714 3278 880 3340 πόδας
905 3275 1000 3329 τοῦ
1048 3275 1226 3346 Ἰησοῦ
1252 3316 1268 3342 ,
1316 3273 1413 3328 καὶ
1440 3272 1719 3327 ἀκούουσα

170 3366 226 3418 δι’
250 3369 766 3443 ἀπραγμονεστέρου
809 3369 927 3440 βίου
973 3368 1065 3421 τὸν
1095 3367 1257 3435 λόγον
1294 3365 1462 3418 αὐτοῦ
1484 3381 1498 3394 °
1549 3365 1716 3436 ἡγία-

1889 1343 2162 1412 Quoniam
2204 1346 2375 1401 semel
2403 1345 2713 1418 iterumque
2736 1368 2771 1421 a.
2794 1347 3099 1402 reverentia
3131 1354 3225 1400 tua
3256 1362 3396 1400 nun-

1812 1436 1920 1493 tias
1966 1438 2306 1509 accepimus,
2356 1440 2732 1495 necessarium
2772 1439 3032 1495 duximus
3075 1455 3183 1493 non
3230 1440 3395 1494 nudis

1813 1528 1995 1583 solum
2034 1529 2242 1595 verbis,
2291 1530 2389 1585 sed
2418 1531 2582 1585 etiam
2632 1531 2834 1586 litteris
2869 1530 3024 1585 aﬂ‘ari
3069 1531 3393 1600 gravitatem

1813 1629 1965 1676 tuam
2001 1639 2015 1675 :
2051 1636 2228 1690 neque
2259 1622 2366 1678 hoc
2399 1631 2506 1677 tam
2539 1632 2762 1693 propter
2785 1623 3034 1689 nuntias,
3065 1637 3231 1693 quam
3265 1638 3396 1693 pro-

1812 1721 1936 1782 pter
1983 1713 2463 1769 honoriﬁcentiam
2519 1724 2690 1769 tuam.
2742 1715 3071 1770 Audivimus
3120 1715 3268 1770 enim
3319 1725 3394 1781 te,

1813 1813 2068 1874 suscepta
2094 1805 2434 1874 virginitatis
2473 1806 2844 1876 professione,
2897 1805 3131 1861 Domino
3162 1806 3218 1860 in
3266 1822 3397 1860 san-

1813 1898 2001 1952 ctitate
2038 1907 2092 1953 et
2113 1897 2324 1964 justitia
2379 1900 2591 1954 servire
2639 1899 3020 1954 constituisse.
3070 1897 3213 1964 Quid
3245 1899 3392 1954 enim

1813 1989 2169 2060 praestantius
2214 1989 2558 2059 virginitate,
2609 1991 2771 2059 cujus
2819 2006 2951 2045 cura
2992 1998 3078 2045 est
3115 1991 3396 2060 quomodo

1813 2083 2029 2153 placeat
2071 2080 2393 2150 Domino",
2436 2082 2717 2154 quomodo
2770 2082 2957 2137 futura
3003 2084 3146 2138 bona
3200 2099 3395 2139 conse-

1816 2186 2040 2247 quatur,
2073 2177 2356 2246 quomodo
2388 2175 2718 2246 multiplices
2746 2183 2915 2245 queat
2939 2176 3143 2230 diaboli
3175 2174 3398 2231 fraudes

1816 2267 2115 2321 declinare.
2170 2264 2305 2331 Quae
2356 2280 2489 2321 vero
2533 2267 2886 2321 matrimonio
2937 2267 3158 2337 alligata
3211 2275 3318 2333 est,
3365 2282 3398 2321 e

1817 2360 2119 2420 contrario,
2162 2359 2442 2428 quomodo
2475 2358 2686 2428 placeat
2715 2360 2834 2414 viro
2855 2359 2924 2426 ’⁸,
2965 2359 3242 2430 quomodo
3276 2374 3398 2428 quas

1817 2450 2007 2505 mundi
2054 2460 2181 2506 sunt
2227 2459 2376 2506 recte
2417 2461 2693 2520 procuret,
2741 2453 2948 2507 amaris
2977 2453 3107 2507 vita:
3136 2451 3396 2507 ﬂuctibus

1817 2556 2082 2611 aestuans,
2131 2545 2262 2600 dum
2295 2545 2532 2601 sollicita
2563 2555 2647 2600 est
2681 2546 2748 2600 de
2776 2545 2986 2610 liberis,
3023 2547 3310 2616 servisque
3346 2556 3400 2600 et

1817 2639 2114 2702 ancillulis,
2154 2648 2209 2693 et
2256 2654 2372 2709 pra
2417 2639 2504 2694 his
2553 2638 2838 2703 omnibus,
2882 2655 3086 2694 curans
3122 2655 3245 2709 qua:
3279 2641 3399 2694 viro

1818 2740 1968 2801 grata
2006 2731 2118 2786 sint
2155 2750 2167 2786 :
2196 2734 2439 2786 nondum
2477 2732 2663 2787 valens
2694 2733 2881 2786 mundi
2913 2735 3186 2788 versutias
3213 2745 3400 2788 trans-

1818 2821 2071 2884 cendere,
2112 2829 2167 2875 et
2195 2821 2392 2876 mentis
2434 2822 2539 2876 alis
2579 2821 2798 2876 evolare
2845 2821 2913 2876 ad
2948 2820 3267 2879 Dominum.
3316 2821 3397 2876 Tu

1817 2926 1969 2980 ergo,
2020 2911 2352 2965 feminarum
2400 2908 2882 2980 praestantissima,
2924 2909 3082 2964 beata
3125 2925 3315 2964 revera
3347 2921 3401 2963 et

1819 3016 1904 3062 ter
1934 3007 2114 3064 beata.
2157 3006 2285 3075 quia
2311 3004 2579 3075 optimam
2610 3010 2819 3072 partem
2848 3001 3082 3072 elegisti,
3120 3009 3244 3071 post
3280 3001 3399 3055 Ma-

1819 3099 1958 3153 riam
2020 3097 2167 3151 illam
2223 3095 2681 3160 celeberrimam,
2750 3094 2945 3150 sedens
3000 3095 3400 3164 quodammodo

1821 3205 1983 3245 secus
2022 3191 2190 3258 pedes
2215 3187 2344 3242 Jesu
2372 3189 2419 3218 ⁹⁹
2456 3205 2471 3242 :
2501 3195 2554 3240 et
2589 3201 2686 3256 per
2717 3187 3044 3256 quietiorem
3076 3186 3245 3240 vitam
3283 3201 3404 3239 ver-

1819 3286 1949 3340 bum
1996 3284 2142 3339 illius
2190 3282 2444 3346 audiens,
2475 3280 2843 3336 Sanctiﬁcasti
2913 3281 3168 3350 teipsam,
3232 3279 3399 3334 vitam

1823 3386 1972 3432 tuam
2016 3375 2126 3430 Deo
2173 3375 2228 3429 in
2270 3389 2474 3427 munus
2512 3371 2769 3426 oll'erens.
2812 3370 3124 3425 Nobilitasti
3175 3369 3403 3439 sangui-

173 3477 252 3524 σας
281 3464 474 3535 ἑαυτὴν
502 3465 580 3528 ὡς
610 3461 897 3534 κειμήλιον
923 3459 1045 3530 Θεῷ
1093 3458 1402 3529 ἀναθεμένη
1444 3457 1542 3529 τὴν
1571 3457 1718 3527 ζωήν

1823 3486 1946 3525 nem
1989 3478 2146 3522 tttum
2173 3466 2226 3520 in
2261 3465 2469 3536 Spiritu
2501 3473 2714 3528 sancto,
2749 3462 3179 3534 pulcherrimum
3212 3476 3403 3516 exem-

174 3569 268 3608 σου,
317 3555 693 3624 Ἐξευγένισας
720 3555 782 3608 τὺ
804 3549 946 3623 αἷμά
986 3569 1080 3604 σου
1113 3554 1172 3605 ὲν
1230 3551 1511 3620 Πνεύματι
1554 3549 1718 3620 ἁγίῳ,

172 3649 310 3701 καλὸν
357 3651 664 3720 ὑπόδειγμα
711 3647 913 3716 ἑαυτὴν
965 3644 1307 3716 προθεμένη.
1363 3644 1428 3696 Τί
1481 3644 1588 3715 γάρ
1627 3644 1723 3697 καὶ

173 3737 500 3808 κερδήσουσιν
551 3741 606 3792 αἱ
655 3737 761 3791 ὑπὸ
801 3735 964 3804 ζυγόν
990 3737 1072 3800 ;εί
1135 3737 1209 3807 μή
1241 3752 1296 3787 τι
1344 3734 1453 3804 ἄρα
1493 3735 1726 3804 ἐκζητή-

173 3848 291 3885 σοιεν
338 3833 430 3885 καὶ
470 3833 857 3904 ψηλαφήσοιεν
914 3832 1011 3883 καὶ
1048 3828 1212 3882 αύταὶ
1279 3829 1371 3880 τὸν
1426 3828 1560 3882 Θεὸν
1600 3828 1724 3883 καθ’

171 3919 402 3978 δσονοῖόν
452 3943 537 3980 τε.
594 3924 732 3994 Ούχὶ
784 3923 959 3978 πᾶσαι
992 3921 1248 3989 συζυγίαι
1286 3918 1724 3990 ἀποξεύγνυνται

171 4018 245 4071 διὰ
293 4018 556 4086 Gavi-con;
604 4017 702 4086 οὐχ
745 4016 821 4079 ὡς
876 4015 1012 4087 ὄναρ
1058 4015 1128 4067 τά
1198 4014 1377 4085 ὡραῖα
1444 4015 1542 4067 τοῦ
1596 4015 1724 4086 τῇδε

174 4110 269 4178 βίου
314 4113 684 4182 ἀπέρχονται;
734 4109 874 4163 Ὅσα
904 4107 963 4160 δὲ
1001 4107 1130 4177 περὶ
1153 4107 1246 4159 τὸν
1275 4107 1455 4176 γάμον
1486 4106 1721 4162 ἐλεεινάῐ

169 4206 207 4255 οἱ
253 4204 345 4274 μὲν
417 4203 675 4265 ἄπαιδες,
727 4202 776 4255 οἱ
826 4199 886 4253 δὲ
955 4197 1311 4260 κακόπαιδες.
1375 4198 1590 4264 Πενίαι,
1631 4200 1729 4252 καὶ

170 4297 398 4351 πλοῦτοιο
435 4299 493 4351 αί
548 4296 648 4367 μὲν
672 4293 987 4358 πιέζουσαι,
1035 4293 1130 4345 καὶ
1173 4293 1338 4345 οἱονεί⁸
1395 4293 1727 4364 ἀποτηγανί-

171 4389 355 4452 ζουσαι·
415 4393 463 4444 οἱ
536 4389 594 4444 δὲ
660 4385 1198 4458 μεταρριπτούμενοι
1273 4385 1348 4448 ὡς
1417 4388 1476 4439 ὲν
1539 4386 1727 4451 κύϐοις

172 4487 223 4539 ἐκ
247 4488 400 4540 τῶνδε
445 4489 529 4549 είς
575 4484 763 4538 τόνδεο
815 4479 1092 4544 παστάδες
1141 4481 1492 4551 ἐγειρόμεναι
1521 4496 1532 4510 ·
1590 4480 1728 4534 ἀλλά

171 4581 245 4630 καὶ
285 4581 418 4649 μετά
459 4580 698 4652 θρήνους
750 4575 1200 4645 καταλυόμεναιο
1243 4573 1436 4646 θρῆνοι
1482 4575 1579 4628 καὶ
1630 4591 1727 4628 κο-

1822 3563 1972 3634 plum
2019 3561 2072 3615 in
2111 3572 2163 3614 te
2197 3559 2314 3628 ipsa
2357 3571 2690 3627 proponens.
2727 3554 2870 3621 Quid
2901 3554 3047 3608 enim
3084 3553 3222 3609 lucri
3264 3551 3404 3607 refe-

1824 3665 1945 3712 rent
1991 3668 2114 3724 quae
2161 3651 2263 3707 sub
2309 3649 2443 3721 jugo
2498 3655 2648 3713 sunt,
2706 3647 2813 3702 nisi
2860 3656 2915 3701 et
2979 3647 3111 3716 ipsae
3156 3656 3404 3714 quaerant

1824 3758 1880 3802 et
1930 3751 2224 3798 attrectent
2285 3739 2456 3794 Deum
2511 3748 2780 3808 quantum
2834 3737 3154 3807 possunt‘?
3205 3739 3403 3790 Annon

1826 3835 2084 3905 conjugia
2129 3833 2315 3887 omnia
2366 3837 2544 3886 morte
2589 3829 3004 3884 dissolvuntur?
3035 3830 3231 3883 Annon
3283 3843 3404 3894 spe-

1827 3931 1977 3985 ciosa
2033 3928 2199 3996 hujus
2255 3927 2382 3979 vita:
2444 3924 2649 3978 abeunt
2703 3923 2881 3976 instar
2940 3920 3182 3975 somnii?
3228 3918 3404 3985 Quam

1828 4023 2000 4078 multa
2029 4036 2159 4074 vero
2185 4020 2238 4073 in
2265 4015 2471 4087 nuptiis
2494 4014 2846 4069 miseranda?
2873 4013 2964 4066 alii
2991 4012 3177 4067 liberis
3196 4021 3385 4067 carent

1829 4117 1920 4172 alii
1954 4115 2222 4186 pessimos
2265 4113 2490 4167 habent.
2524 4109 2776 4180 Egestas,
2807 4117 2862 4162 et
2894 4107 3098 4162 divitiae
3132 4124 3145 4160 :
3177 4107 3271 4160 illa
3304 4123 3407 4159 an-

1827 4226 1984 4282 gens,
2043 4216 2098 4261 et
2152 4205 2560 4276 quodammodo
2615 4215 2935 4270 excoquens
2981 4216 2996 4266 ;
3049 4199 3132 4254 hae
3178 4199 3246 4253 ab
3304 4200 3410 4254 isto

1829 4301 1897 4356 ad
1952 4300 2138 4362 illum,
2201 4296 2438 4350 talorum
2498 4294 2694 4356 instar,
2742 4291 3100 4359 emigrantes.
3156 4286 3407 4342 Thalami

1830 4387 2100 4459 nuptiales
2143 4384 2431 4448 exstructi,
2458 4383 2554 4438 sed
2605 4389 2661 4435 et
2711 4395 2838 4435 cum
2880 4379 3030 4433 luctu
3085 4377 3355 4433 destructi
3392 4397 3405 4432 :

1828 4481 2066 4535 lamenta
2115 4487 2170 4532 et
2205 4476 2479 4546 planctus,
2533 4480 2586 4525 et
2619 4471 2844 4525 alternae
2883 4468 3251 4534 calamitates,
3283 4471 3410 4539 qui-

1828 4571 1933 4627 bus
1961 4570 2165 4625 referta
2193 4576 2277 4622 est
2304 4567 2436 4632 vita,
2464 4574 2520 4621 et
2542 4579 2779 4636 quorum
2805 4563 3058 4634 exempla
3090 4565 3162 4618 ob
3194 4563 3406 4619 oculos.

171 4674 334 4726 πετοί·
414 4670 816 4740 ἀλλεπάλληλοι
862 4667 1181 4738 συμφοραί·
1255 4662 1331 4722 ὧν
1414 4666 1629 4739 πλήρης
1698 4669 1728 4721 ό

169 4760 279 4828 βίος,
305 4764 397 4818 καὶ
424 4763 498 4817 τά
525 4761 953 4833 παραδείγματα
982 4758 1090 4828 πρὸ
1121 4755 1442 4828 ὀφθαλμῶν.

223 4855 287 4908 Σὺ
315 4855 368 4908 δὲ
415 4855 626 4908 τούτων
669 4853 891 4907 πάντων
918 4851 1202 4919 ἀπέφυγες
1223 4889 1237 4914 ,
1295 4848 1719 4920 καλλιπάρθενε,

1899 4844 1981 4897 Tu
2012 4857 2141 4897 vero
2157 4841 2272 4895 haec
2291 4839 2476 4893 omnia
2494 4836 2735 4903 evasisti,
2760 4836 2911 4907 virgo
2926 4835 3408 4908 praestantissima,

167 4949 475 5003 κατοικοῦσα
518 4947 872 5019 μονοτρόπως
910 4947 968 4999 ὲν
1007 4943 1176 5015 οίκῳο
1214 4944 1597 5015 φυλαττομένη
1645 4944 1719 5007 ὠς

1829 4937 2060 4993 seorsim
2113 4931 2261 4989 domi
2314 4931 2586 4993 habitans,
2636 4939 2696 4983 ut
2752 4929 3076 4983 suaveolens
3132 4944 3253 4984 rasa
3316 4946 3410 4999 per

325 5042 554 5104 εὐωδίας
586 5039 774 5109 Κυρίῳ
803 5040 871 5108 τῇ
910 5036 1207 5107 παρθενίᾳ·
1229 5035 1431 5106 ἔχουσα
1457 5035 1719 5105 μενοῦνγε

1828 5029 2191 5099 virginitatem
2212 5023 2442 5077 Domino
2456 5020 2727 5075 custodita
2755 5038 2770 5074 :
2798 5019 3004 5073 habens
3028 5029 3082 5073 et
3103 5019 3220 5088 ipsa
3254 5035 3410 5088 pror-

168 5130 357 5196 πάντως
402 5134 502 5187 καὶ
550 5130 811 5184 Θλιπτικά
861 5127 925 5180 ἐκ
981 5145 1042 5181 τε
1094 5129 1308 5198 ὁρατῶν
1343 5129 1437 5180 καὶ
1471 5127 1719 5198 ἀοράτων

1831 5138 1927 5178 sus
1953 5119 2334 5176 tribulationes
2359 5131 2390 5170 a
2407 5114 2720 5169 visibilibus
2745 5123 2801 5168 et
2826 5113 3197 5167 invisibilibus
3219 5113 3409 5166 inimi-

167 5225 370 5294 ἐχθρῶν.
398 5226 624 5294 Ἐπειδὴ
649 5225 782 5278 ὅπου
805 5223 1068 5294 ἀνάθημα
1089 5221 1302 5292 Κυρίῳ,
1323 5221 1440 5272 ἐκεῖ
1467 5223 1494 5273 ό
1521 5219 1719 5293 λῃστὴς

1830 5218 1911 5273 cis
1945 5234 1958 5269 ε
1992 5216 2192 5286 quippe
2221 5213 2312 5266 ubi
2340 5210 2629 5266 donarium
2661 5217 2745 5264 est
2775 5206 3026 5272 Domino,
3058 5206 3129 5260 ibi
3160 5206 3248 5260 l'ur
3275 5209 3405 5262 insi-

166 5319 420 5388 ἐφεδρεύει
451 5320 654 5388 κλέψαι
678 5319 774 5371 καὶ
803 5316 1038 5387 συλῆσαι
1069 5314 1128 5367 τὸ
1152 5314 1316 5383 ἱερόν.
1351 5312 1514 5367 Ἀλλά
1535 5313 1719 5382 θάρσει

1826 5311 2029 5372 diatur,
2073 5317 2133 5361 ut
2178 5306 2323 5376 quod
2353 5321 2570 5360 sacrum
2617 5313 2702 5358 est
2736 5303 2984 5373 rapiatet
3020 5303 3357 5369 deprazdetur
3388 5321 3400 5354 :

168 5408 212 5458 ἐν
255 5411 462 5483 Κυρίῳ,
501 5414 558 5465 ὲν
592 5405 636 5480 ᾧ
666 5409 955 5474 πέποιθας,
982 5409 1040 5461 ὲν
1092 5400 1137 5475 ᾧ
1168 5406 1419 5476 στέργεις
1463 5407 1590 5468 τοὺς
1637 5405 1719 5457 κό-

1827 5403 1921 5458 sed
1952 5403 2166 5457 conﬁde
2198 5402 2250 5454 in
2284 5399 2536 5465 Domino,
2575 5398 2631 5452 in
2671 5414 2780 5468 quo
2831 5412 2981 5467 spem
3015 5395 3314 5459 collocasti,
3348 5396 3403 5448 in

166 5519 310 5566 πούς·
341 5508 425 5561 ὅτι
478 5505 644 5570 αὐτὸς
688 5504 864 5575 φύλαξ
908 5504 1012 5574 τῆς
1046 5501 1195 5572 ζωῆς
1257 5516 1386 5554 σουο
1436 5500 1719 5570 ἐπίκουρος

1825 5511 1936 5566 quo
1967 5511 2244 5550 aerumnas
2277 5494 2656 5564 amplecteris:
2683 5493 2945 5564 quoniam
2975 5492 3090 5563 ipse
3111 5500 3293 5547 custos
3323 5500 3407 5545 est

225 5665 300 5720 "1
329 5669 462 5725 Cor.
504 5685 604 5734 VII,
636 5669 728 5725 32.
803 5671 850 5702 "
881 5667 1014 5724 ibid.
1057 5668 1148 5724 54.
1224 5667 1268 5700 θ’
1300 5666 1432 5722 Luc.
1464 5683 1515 5732 Χ,
1553 5668 1640 5730 42.
1720 5663 1734 5694 '
1767 5661 1889 5715 Act.
1929 5676 2063 5726 χιιι,
2099 5659 2190 5712 ‘27.

1667 5775 1896 5833 NOTAE.

225 5893 412 5950 (241111
453 5897 571 5951 cnd.
609 5897 739 5962 Reg.
772 5903 920 5963 9.0.73.
