  <div class='ocr_page' id='page_1' title='image "/cluster/home/n/w/nwhite01/storage/ocr_20150623/99/ien.35556001661347/717.png"; bbox 0 0 3934 6494; ppageno 0'>
   <div class='ocr_carea' id='block_1_1' title="bbox 534 386 677 457">
    <p class='ocr_par' dir='ltr' id='par_1_1' title="bbox 534 386 677 457">
     <span class='ocr_line' id='line_1_1' title="bbox 534 386 677 457; baseline -0.014 0"><span class='ocrx_word' id='word_1_1' title='bbox 534 386 677 457; x_wconf 60' lang='grc'><strong>1415</strong></span> 
     </span>
    </p>
   </div>
   <div class='ocr_carea' id='block_1_2' title="bbox 1721 390 2597 453">
    <p class='ocr_par' dir='ltr' id='par_1_2' title="bbox 1721 390 2597 453">
     <span class='ocr_line' id='line_1_2' title="bbox 1721 390 2597 453; baseline -0.001 -3"><span class='ocrx_word' id='word_1_2' title='bbox 1721 392 1783 451; x_wconf 90' lang='lat' dir='ltr'><strong>S.</strong></span> <span class='ocrx_word' id='word_1_3' title='bbox 1816 390 2210 453; x_wconf 80' lang='lat' dir='ltr'><strong>THEODORI</strong></span> <span class='ocrx_word' id='word_1_4' title='bbox 2249 391 2597 453; x_wconf 63' lang='lat' dir='ltr'><strong>STUDITE</strong></span> 
     </span>
    </p>
   </div>
   <div class='ocr_carea' id='block_1_3' title="bbox 3646 373 3775 436">
    <p class='ocr_par' dir='ltr' id='par_1_3' title="bbox 3646 373 3775 436">
     <span class='ocr_line' id='line_1_3' title="bbox 3646 373 3775 436; baseline 0.016 -3"><span class='ocrx_word' id='word_1_5' title='bbox 3646 373 3775 436; x_wconf 73' lang='grc'><strong>1416</strong></span> 
     </span>
    </p>
   </div>
   <div class='ocr_carea' id='block_1_4' title="bbox 520 489 2098 575">
    <p class='ocr_par' dir='ltr' id='par_1_4' title="bbox 520 501 2098 571">
     <span class='ocr_line' id='line_1_4' title="bbox 520 501 2098 571; baseline 0.003 -16"><span class='ocrx_word' id='word_1_6' title='bbox 520 503 649 559; x_wconf 68' lang='lat' dir='ltr'><strong>vitae</strong></span> <span class='ocrx_word' id='word_1_7' title='bbox 696 511 821 566; x_wconf 73' lang='lat' dir='ltr'><strong>tuae,</strong></span> <span class='ocrx_word' id='word_1_8' title='bbox 857 501 1077 571; x_wconf 88' lang='lat' dir='ltr'><strong>adjutor</strong></span> <span class='ocrx_word' id='word_1_9' title='bbox 1111 510 1166 557; x_wconf 92' lang='lat' dir='ltr'><strong>et</strong></span> <span class='ocrx_word' id='word_1_10' title='bbox 1190 501 1484 558; x_wconf 78' lang='lat' dir='ltr'><strong>auxiliator</strong></span> <span class='ocrx_word' id='word_1_11' title='bbox 1514 502 1569 557; x_wconf 92' lang='lat' dir='ltr'><strong>in</strong></span> <span class='ocrx_word' id='word_1_12' title='bbox 1602 501 2063 560; x_wconf 73' lang='lat' dir='ltr'><strong>tribulationibus</strong></span> <span class='ocrx_word' id='word_1_13' title='bbox 2090 521 2098 559; x_wconf 92' lang='lat'><strong>:</strong></span> 
     </span>
    </p>
   </div>
   <div class='ocr_carea' id='block_1_5' title="bbox 2206 489 3774 575">
    <p class='ocr_par' dir='ltr' id='par_1_5' title="bbox 2211 489 3774 575">
     <span class='ocr_line' id='line_1_5' title="bbox 2211 489 3774 575; baseline -0.012 -16"><span class='ocrx_word' id='word_1_14' title='bbox 2211 505 2308 559; x_wconf 72' lang='grc' dir='ltr'><strong>καὶ</strong></span> <span class='ocrx_word' id='word_1_15' title='bbox 2342 503 2538 575; x_wconf 82' lang='grc' dir='ltr'>βοηθὸς</span> <span class='ocrx_word' id='word_1_16' title='bbox 2568 502 2627 555; x_wconf 83' lang='grc' dir='ltr'>ὲν</span> <span class='ocrx_word' id='word_1_17' title='bbox 2660 501 2782 563; x_wconf 80' lang='grc' dir='ltr'>ταῖς</span> <span class='ocrx_word' id='word_1_18' title='bbox 2812 498 3061 568; x_wconf 78' lang='grc' dir='ltr'>θλίψεσιν</span> <span class='ocrx_word' id='word_1_19' title='bbox 3094 495 3155 557; x_wconf 72' lang='lat' dir='ltr'><strong>bc</strong></span> <span class='ocrx_word' id='word_1_20' title='bbox 3183 492 3279 548; x_wconf 78' lang='grc' dir='ltr'>καὶ</span> <span class='ocrx_word' id='word_1_21' title='bbox 3313 489 3540 546; x_wconf 86' lang='grc' dir='ltr'>τελειῶν</span> <span class='ocrx_word' id='word_1_22' title='bbox 3572 506 3668 544; x_wconf 81' lang='grc' dir='ltr'><strong>σου</strong></span> <span class='ocrx_word' id='word_1_23' title='bbox 3690 491 3774 542; x_wconf 71' lang='grc' dir='ltr'><strong>τὸν</strong></span> 
     </span>
    </p>
   </div>
   <div class='ocr_carea' id='block_1_6' title="bbox 521 593 2102 665">
    <p class='ocr_par' dir='ltr' id='par_1_6' title="bbox 521 593 2102 665">
     <span class='ocr_line' id='line_1_6' title="bbox 521 593 2102 665; baseline 0.001 -15"><span class='ocrx_word' id='word_1_24' title='bbox 521 595 617 665; x_wconf 93' lang='lat' dir='ltr'><strong>qui</strong></span> <span class='ocrx_word' id='word_1_25' title='bbox 648 609 872 649; x_wconf 91' lang='lat' dir='ltr'><strong>cursum</strong></span> <span class='ocrx_word' id='word_1_26' title='bbox 917 602 1071 647; x_wconf 90' lang='lat' dir='ltr'><strong>tuum</strong></span> <span class='ocrx_word' id='word_1_27' title='bbox 1103 608 1514 658; x_wconf 89' lang='lat' dir='ltr'><strong>consummans,</strong></span> <span class='ocrx_word' id='word_1_28' title='bbox 1547 593 1753 649; x_wconf 75' lang='lat' dir='ltr'><strong>ctelesti</strong></span> <span class='ocrx_word' id='word_1_29' title='bbox 1795 609 1963 665; x_wconf 70' lang='lat' dir='ltr'><strong>regno</strong></span> <span class='ocrx_word' id='word_1_30' title='bbox 2000 610 2102 651; x_wconf 87' lang='lat' dir='ltr'><strong>suo</strong></span> 
     </span>
    </p>
   </div>
   <div class='ocr_carea' id='block_1_7' title="bbox 526 681 2103 754">
    <p class='ocr_par' dir='ltr' id='par_1_7' title="bbox 526 681 2103 754">
     <span class='ocr_line' id='line_1_7' title="bbox 526 681 2103 754; baseline 0.001 -16"><span class='ocrx_word' id='word_1_31' title='bbox 526 692 579 738; x_wconf 90' lang='lat' dir='ltr'><strong>te</strong></span> <span class='ocrx_word' id='word_1_32' title='bbox 623 684 846 754; x_wconf 86' lang='lat' dir='ltr'><strong>dignam</strong></span> <span class='ocrx_word' id='word_1_33' title='bbox 898 681 1114 737; x_wconf 79' lang='lat' dir='ltr'><strong>eﬂiciet.</strong></span> <span class='ocrx_word' id='word_1_34' title='bbox 1144 682 1271 738; x_wconf 79' lang='lat' dir='ltr'><strong>Haec</strong></span> <span class='ocrx_word' id='word_1_35' title='bbox 1294 697 1325 737; x_wconf 89' lang='lat' dir='ltr'><strong>a</strong></span> <span class='ocrx_word' id='word_1_36' title='bbox 1355 683 1515 738; x_wconf 88' lang='lat' dir='ltr'><strong>nobis</strong></span> <span class='ocrx_word' id='word_1_37' title='bbox 1547 685 1928 751; x_wconf 79' lang='lat' dir='ltr'><strong>peccatoribus</strong></span> <span class='ocrx_word' id='word_1_38' title='bbox 1975 699 2103 754; x_wconf 79' lang='lat' dir='ltr'><strong>pro-</strong></span> 
     </span>
    </p>
   </div>
   <div class='ocr_carea' id='block_1_8' title="bbox 521 772 2096 841">
    <p class='ocr_par' dir='ltr' id='par_1_8' title="bbox 521 772 2096 841">
     <span class='ocr_line' id='line_1_8' title="bbox 521 772 2096 841; baseline 0 -14"><span class='ocrx_word' id='word_1_39' title='bbox 521 775 631 829; x_wconf 91' lang='lat' dir='ltr'><strong>lata</strong></span> <span class='ocrx_word' id='word_1_40' title='bbox 681 784 827 834; x_wconf 87' lang='lat' dir='ltr'><strong>sunt.</strong></span> <span class='ocrx_word' id='word_1_41' title='bbox 870 783 930 829; x_wconf 89' lang='lat' dir='ltr'><strong>ut</strong></span> <span class='ocrx_word' id='word_1_42' title='bbox 956 774 1101 830; x_wconf 88' lang='lat' dir='ltr'><strong>scias</strong></span> <span class='ocrx_word' id='word_1_43' title='bbox 1133 782 1185 828; x_wconf 91' lang='lat' dir='ltr'><strong>te</strong></span> <span class='ocrx_word' id='word_1_44' title='bbox 1215 772 1422 829; x_wconf 89' lang='lat' dir='ltr'><strong>Domini</strong></span> <span class='ocrx_word' id='word_1_45' title='bbox 1458 773 1716 828; x_wconf 81' lang='lat' dir='ltr'><strong>famulam</strong></span> <span class='ocrx_word' id='word_1_46' title='bbox 1769 790 1870 829; x_wconf 90' lang='lat' dir='ltr'><strong>nos</strong></span> <span class='ocrx_word' id='word_1_47' title='bbox 1909 776 2096 841; x_wconf 88' lang='lat' dir='ltr'><strong>etiam,</strong></span> 
     </span>
    </p>
   </div>
   <div class='ocr_carea' id='block_1_9' title="bbox 521 864 2101 933">
    <p class='ocr_par' dir='ltr' id='par_1_9' title="bbox 521 864 2101 933">
     <span class='ocr_line' id='line_1_9' title="bbox 521 864 2101 933; baseline 0.002 -15"><span class='ocrx_word' id='word_1_48' title='bbox 521 865 612 933; x_wconf 90' lang='lat' dir='ltr'><strong>qui</strong></span> <span class='ocrx_word' id='word_1_49' title='bbox 647 864 881 920; x_wconf 88' lang='lat' dir='ltr'><strong>Domino</strong></span> <span class='ocrx_word' id='word_1_50' title='bbox 934 865 1142 920; x_wconf 83' lang='lat' dir='ltr'><strong>servire</strong></span> <span class='ocrx_word' id='word_1_51' title='bbox 1189 865 1497 927; x_wconf 86' lang='lat' dir='ltr'><strong>studemus,</strong></span> <span class='ocrx_word' id='word_1_52' title='bbox 1530 864 1734 920; x_wconf 82' lang='lat' dir='ltr'><strong>habere</strong></span> <span class='ocrx_word' id='word_1_53' title='bbox 1771 866 1867 919; x_wconf 86' lang='lat' dir='ltr'><strong>tibi</strong></span> <span class='ocrx_word' id='word_1_54' title='bbox 1905 864 2101 921; x_wconf 79' lang='lat' dir='ltr'><strong>fratres</strong></span> 
     </span>
    </p>
   </div>
   <div class='ocr_carea' id='block_1_10' title="bbox 522 953 2102 1028">
    <p class='ocr_par' dir='ltr' id='par_1_10' title="bbox 522 953 2102 1028">
     <span class='ocr_line' id='line_1_10' title="bbox 522 953 2102 1028; baseline 0.001 -18"><span class='ocrx_word' id='word_1_55' title='bbox 522 956 576 1010; x_wconf 88' lang='lat' dir='ltr'><strong>in</strong></span> <span class='ocrx_word' id='word_1_56' title='bbox 612 953 842 1025; x_wconf 89' lang='lat' dir='ltr'><strong>Spiritu,</strong></span> <span class='ocrx_word' id='word_1_57' title='bbox 870 957 1013 1012; x_wconf 88' lang='lat' dir='ltr'><strong>sicut</strong></span> <span class='ocrx_word' id='word_1_58' title='bbox 1052 966 1107 1010; x_wconf 91' lang='lat' dir='ltr'><strong>et</strong></span> <span class='ocrx_word' id='word_1_59' title='bbox 1136 967 1335 1012; x_wconf 90' lang='lat' dir='ltr'><strong>natura</strong></span> <span class='ocrx_word' id='word_1_60' title='bbox 1394 971 1687 1012; x_wconf 87' lang='lat' dir='ltr'><strong>conservos</strong></span> <span class='ocrx_word' id='word_1_61' title='bbox 1727 975 1742 1012; x_wconf 90' lang='lat'><strong>:</strong></span> <span class='ocrx_word' id='word_1_62' title='bbox 1781 958 1882 1028; x_wconf 84' lang='lat' dir='ltr'><strong>qui</strong></span> <span class='ocrx_word' id='word_1_63' title='bbox 1920 966 1974 1012; x_wconf 89' lang='lat' dir='ltr'><strong>et</strong></span> <span class='ocrx_word' id='word_1_64' title='bbox 2005 972 2102 1027; x_wconf 89' lang='lat' dir='ltr'><strong>pro</strong></span> 
     </span>
    </p>
   </div>
   <div class='ocr_carea' id='block_1_11' title="bbox 522 1049 1225 1105">
    <p class='ocr_par' dir='ltr' id='par_1_11' title="bbox 522 1049 1225 1105">
     <span class='ocr_line' id='line_1_11' title="bbox 522 1049 1225 1105; baseline 0.003 -4"><span class='ocrx_word' id='word_1_65' title='bbox 522 1049 825 1104; x_wconf 86' lang='lat' dir='ltr'><strong>reverentia</strong></span> <span class='ocrx_word' id='word_1_66' title='bbox 860 1058 951 1105; x_wconf 89' lang='lat' dir='ltr'><strong>tua</strong></span> <span class='ocrx_word' id='word_1_67' title='bbox 979 1063 1225 1104; x_wconf 92' lang='lat' dir='ltr'><strong>oramus.</strong></span> 
     </span>
    </p>
   </div>
   <div class='ocr_carea' id='block_1_12' title="bbox 862 1243 1731 1304">
    <p class='ocr_par' dir='ltr' id='par_1_12' title="bbox 862 1243 1731 1304">
     <span class='ocr_line' id='line_1_12' title="bbox 862 1243 1731 1304; baseline 0.002 -3"><span class='ocrx_word' id='word_1_68' title='bbox 862 1243 1102 1302; x_wconf 77' lang='lat' dir='ltr'><strong>CXXIX.</strong></span> <span class='ocrx_word' id='word_1_69' title='bbox 1132 1276 1206 1289; x_wconf 96' lang='lat'><strong>—-</strong></span> <span class='ocrx_word' id='word_1_70' title='bbox 1230 1246 1393 1303; x_wconf 80' lang='lat' dir='ltr'><strong>Leoni</strong></span> <span class='ocrx_word' id='word_1_71' title='bbox 1428 1248 1731 1304; x_wconf 74' lang='lat' dir='ltr'><strong>sacellario.</strong></span> 
     </span>
    </p>
   </div>
   <div class='ocr_carea' id='block_1_13' title="bbox 2206 581 3776 665">
    <p class='ocr_par' dir='ltr' id='par_1_13' title="bbox 2206 581 3776 665">
     <span class='ocr_line' id='line_1_13' title="bbox 2206 581 3776 665; baseline -0.011 -15"><span class='ocrx_word' id='word_1_72' title='bbox 2206 595 2429 665; x_wconf 79' lang='grc' dir='ltr'><strong>δρόμον,</strong></span> <span class='ocrx_word' id='word_1_73' title='bbox 2488 594 2649 660; x_wconf 74' lang='grc' dir='ltr'>ἀξίαν</span> <span class='ocrx_word' id='word_1_74' title='bbox 2677 608 2739 645; x_wconf 89' lang='grc' dir='ltr'><strong>σε</strong></span> <span class='ocrx_word' id='word_1_75' title='bbox 2783 592 3002 660; x_wconf 86' lang='grc' dir='ltr'>ποιήσει</span> <span class='ocrx_word' id='word_1_76' title='bbox 3052 586 3157 657; x_wconf 81' lang='grc' dir='ltr'>τῆς</span> <span class='ocrx_word' id='word_1_77' title='bbox 3201 584 3457 656; x_wconf 77' lang='grc' dir='ltr'><strong>οὐρανίου</strong></span> <span class='ocrx_word' id='word_1_78' title='bbox 3508 581 3776 653; x_wconf 77' lang='grc' dir='ltr'><strong>βασιλείας</strong></span> 
     </span>
    </p>
   </div>
   <div class='ocr_carea' id='block_1_14' title="bbox 2208 674 3777 751">
    <p class='ocr_par' dir='ltr' id='par_1_14' title="bbox 2208 674 3777 751">
     <span class='ocr_line' id='line_1_14' title="bbox 2208 674 3777 751; baseline -0.009 -10"><span class='ocrx_word' id='word_1_79' title='bbox 2208 685 2396 741; x_wconf 83' lang='grc' dir='ltr'>αὐτοῦ.</span> <span class='ocrx_word' id='word_1_80' title='bbox 2454 685 2641 740; x_wconf 88' lang='grc' dir='ltr'>Ταῦτά</span> <span class='ocrx_word' id='word_1_81' title='bbox 2699 700 2783 735; x_wconf 89' lang='grc' dir='ltr'><strong>σοι</strong></span> <span class='ocrx_word' id='word_1_82' title='bbox 2840 682 2975 751; x_wconf 79' lang='grc' dir='ltr'>παρ’</span> <span class='ocrx_word' id='word_1_83' title='bbox 3055 679 3215 749; x_wconf 83' lang='grc' dir='ltr'>ἡμῶν</span> <span class='ocrx_word' id='word_1_84' title='bbox 3268 678 3376 731; x_wconf 85' lang='grc' dir='ltr'><strong>τῶν</strong></span> <span class='ocrx_word' id='word_1_85' title='bbox 3438 674 3777 747; x_wconf 81' lang='grc' dir='ltr'><strong>ἁμαρτωλῶν</strong></span> 
     </span>
    </p>
   </div>
   <div class='ocr_carea' id='block_1_15' title="bbox 2205 764 3775 845">
    <p class='ocr_par' dir='ltr' id='par_1_15' title="bbox 2205 764 3775 845">
     <span class='ocr_line' id='line_1_15' title="bbox 2205 764 3775 845; baseline -0.006 -18"><span class='ocrx_word' id='word_1_86' title='bbox 2205 767 2699 845; x_wconf 63' lang='grc' dir='ltr'>προσπεφώνηταιί</span> <span class='ocrx_word' id='word_1_87' title='bbox 2719 771 2807 824; x_wconf 81' lang='grc' dir='ltr'><strong>ἴνα</strong></span> <span class='ocrx_word' id='word_1_88' title='bbox 2828 769 3027 839; x_wconf 85' lang='grc' dir='ltr'>είδείης</span> <span class='ocrx_word' id='word_1_89' title='bbox 3056 769 3141 821; x_wconf 82' lang='grc' dir='ltr'>ὅτι</span> <span class='ocrx_word' id='word_1_90' title='bbox 3167 769 3200 837; x_wconf 80' lang='grc' dir='ltr'>ἡ</span> <span class='ocrx_word' id='word_1_91' title='bbox 3241 766 3339 819; x_wconf 88' lang='grc' dir='ltr'><strong>τοῦ</strong></span> <span class='ocrx_word' id='word_1_92' title='bbox 3377 766 3588 837; x_wconf 79' lang='grc' dir='ltr'>Κυρίου</span> <span class='ocrx_word' id='word_1_93' title='bbox 3618 764 3775 834; x_wconf 84' lang='grc' dir='ltr'>δούλη</span> 
     </span>
    </p>
   </div>
   <div class='ocr_carea' id='block_1_16' title="bbox 2205 855 3778 937">
    <p class='ocr_par' dir='ltr' id='par_1_16' title="bbox 2205 855 3778 937">
     <span class='ocr_line' id='line_1_16' title="bbox 2205 855 3778 937; baseline -0.01 -16"><span class='ocrx_word' id='word_1_94' title='bbox 2205 867 2299 922; x_wconf 80' lang='grc' dir='ltr'><strong>καὶ</strong></span> <span class='ocrx_word' id='word_1_95' title='bbox 2347 867 2497 937; x_wconf 78' lang='grc' dir='ltr'>ἡμᾶς</span> <span class='ocrx_word' id='word_1_96' title='bbox 2554 864 2683 927; x_wconf 84' lang='grc' dir='ltr'>τοὺς</span> <span class='ocrx_word' id='word_1_97' title='bbox 2739 863 3071 923; x_wconf 75' lang='grc' dir='ltr'><strong>σπεύδοντας</strong></span> <span class='ocrx_word' id='word_1_98' title='bbox 3117 858 3391 913; x_wconf 78' lang='grc' dir='ltr'>δουλεύειν</span> <span class='ocrx_word' id='word_1_99' title='bbox 3440 855 3522 927; x_wconf 82' lang='grc' dir='ltr'><strong>τῷ</strong></span> <span class='ocrx_word' id='word_1_100' title='bbox 3564 856 3778 926; x_wconf 77' lang='grc' dir='ltr'>Κυρὲῳ,</span> 
     </span>
    </p>
   </div>
   <div class='ocr_carea' id='block_1_17' title="bbox 2206 950 3781 1029">
    <p class='ocr_par' dir='ltr' id='par_1_17' title="bbox 2206 950 3781 1029">
     <span class='ocr_line' id='line_1_17' title="bbox 2206 950 3781 1029; baseline -0.007 -18"><span class='ocrx_word' id='word_1_101' title='bbox 2206 958 2352 1029; x_wconf 72' lang='grc' dir='ltr'>ἔχεις</span> <span class='ocrx_word' id='word_1_102' title='bbox 2388 957 2531 1012; x_wconf 82' lang='grc' dir='ltr'>κατὰ</span> <span class='ocrx_word' id='word_1_103' title='bbox 2577 955 2793 1024; x_wconf 79' lang='grc' dir='ltr'>πνεῦμα</span> <span class='ocrx_word' id='word_1_104' title='bbox 2836 952 3100 1021; x_wconf 82' lang='grc' dir='ltr'>ἀδελφούς</span> <span class='ocrx_word' id='word_1_105' title='bbox 3128 969 3244 1015; x_wconf 90' lang='grc' dir='ltr'>σου,</span> <span class='ocrx_word' id='word_1_106' title='bbox 3275 950 3468 1021; x_wconf 78' lang='grc' dir='ltr'>ὥσπερ</span> <span class='ocrx_word' id='word_1_107' title='bbox 3505 950 3603 1002; x_wconf 73' lang='grc' dir='ltr'><strong>καὶ</strong></span> <span class='ocrx_word' id='word_1_108' title='bbox 3653 950 3781 1017; x_wconf 82' lang='grc' dir='ltr'>ὁμο-</span> 
     </span>
    </p>
   </div>
   <div class='ocr_carea' id='block_1_18' title="bbox 2208 1039 3781 1115">
    <p class='ocr_par' dir='ltr' id='par_1_18' title="bbox 2208 1039 3781 1115">
     <span class='ocr_line' id='line_1_18' title="bbox 2208 1039 3781 1115; baseline -0.008 -13"><span class='ocrx_word' id='word_1_109' title='bbox 2208 1048 2428 1113; x_wconf 81' lang='grc' dir='ltr'>δούλους</span> <span class='ocrx_word' id='word_1_110' title='bbox 2474 1045 2617 1101; x_wconf 85' lang='grc' dir='ltr'><strong>κατά</strong></span> <span class='ocrx_word' id='word_1_111' title='bbox 2663 1043 2850 1115; x_wconf 83' lang='grc' dir='ltr'>φύσιν,</span> <span class='ocrx_word' id='word_1_112' title='bbox 2903 1042 3384 1115; x_wconf 86' lang='grc' dir='ltr'>ὐπερευχομένους</span> <span class='ocrx_word' id='word_1_113' title='bbox 3426 1057 3524 1094; x_wconf 89' lang='grc' dir='ltr'><strong>σου</strong></span> <span class='ocrx_word' id='word_1_114' title='bbox 3557 1039 3656 1110; x_wconf 80' lang='grc' dir='ltr'>τῆς</span> <span class='ocrx_word' id='word_1_115' title='bbox 3704 1055 3781 1091; x_wconf 84' lang='grc' dir='ltr'>τι-</span> 
     </span>
    </p>
   </div>
   <div class='ocr_carea' id='block_1_19' title="bbox 2213 1140 2488 1211">
    <p class='ocr_par' dir='ltr' id='par_1_19' title="bbox 2213 1140 2488 1211">
     <span class='ocr_line' id='line_1_19' title="bbox 2213 1140 2488 1211; baseline 0.004 -19"><span class='ocrx_word' id='word_1_116' title='bbox 2213 1140 2488 1211; x_wconf 75' lang='grc' dir='ltr'>μιόεητος.</span> 
     </span>
    </p>
   </div>
   <div class='ocr_carea' id='block_1_20' title="bbox 2337 1239 3641 1321">
    <p class='ocr_par' dir='ltr' id='par_1_20' title="bbox 2337 1239 3641 1321">
     <span class='ocr_line' id='line_1_20' title="bbox 2337 1239 3641 1321; baseline -0.008 -16"><span class='ocrx_word' id='word_1_117' title='bbox 2337 1250 2493 1305; x_wconf 77' lang='grc' dir='ltr'><strong>ΡΚΘ¹</strong></span> <span class='ocrx_word' id='word_1_118' title='bbox 2532 1248 2667 1321; x_wconf 71' lang='lat'><strong>(25).</strong></span> <span class='ocrx_word' id='word_1_119' title='bbox 2706 1280 2777 1293; x_wconf 92' lang='lat'><strong><em>—</em></strong></span> <span class='ocrx_word' id='word_1_120' title='bbox 2799 1246 3011 1303; x_wconf 76' lang='grc' dir='ltr'>Λέοντι</span> <span class='ocrx_word' id='word_1_121' title='bbox 3045 1243 3442 1312; x_wconf 48' lang='lat' dir='ltr'><strong>camella!)qu</strong></span> <span class='ocrx_word' id='word_1_122' title='bbox 3479 1239 3641 1315; x_wconf 80' lang='grc' dir='ltr'>[χπ¹.]</span> 
     </span>
    </p>
   </div>
   <div class='ocr_carea' id='block_1_21' title="bbox 952 1354 3338 1431">
    <p class='ocr_par' dir='ltr' id='par_1_21' title="bbox 952 1354 3338 1431">
     <span class='ocr_line' id='line_1_21' title="bbox 952 1354 3338 1431; baseline -0.003 -16"><span class='ocrx_word' id='word_1_123' title='bbox 952 1363 1372 1428; x_wconf 88' lang='lat' dir='ltr'><strong>Disceptationem</strong></span> <span class='ocrx_word' id='word_1_124' title='bbox 1396 1366 1461 1418; x_wconf 89' lang='lat' dir='ltr'><strong>de</strong></span> <span class='ocrx_word' id='word_1_125' title='bbox 1486 1365 1782 1431; x_wconf 80' lang='lat' dir='ltr'><strong>imaginibus</strong></span> <span class='ocrx_word' id='word_1_126' title='bbox 1805 1379 1965 1418; x_wconf 87' lang='lat' dir='ltr'><strong>coram</strong></span> <span class='ocrx_word' id='word_1_127' title='bbox 2000 1354 2305 1431; x_wconf 76' lang='lat' dir='ltr'><strong>imperatore</strong></span> <span class='ocrx_word' id='word_1_128' title='bbox 2338 1365 2451 1417; x_wconf 82' lang='lat' dir='ltr'><strong>ﬁeri</strong></span> <span class='ocrx_word' id='word_1_129' title='bbox 2477 1380 2577 1416; x_wconf 91' lang='lat' dir='ltr'><strong>non</strong></span> <span class='ocrx_word' id='word_1_130' title='bbox 2597 1365 2989 1415; x_wconf 88' lang='lat' dir='ltr'><strong>debere.Baron.</strong></span> <span class='ocrx_word' id='word_1_131' title='bbox 3011 1374 3090 1410; x_wconf 86' lang='lat' dir='ltr'><strong>an.</strong></span> <span class='ocrx_word' id='word_1_132' title='bbox 3116 1360 3196 1422; x_wconf 77' lang='lat'><strong>82,</strong></span> <span class='ocrx_word' id='word_1_133' title='bbox 3213 1375 3264 1410; x_wconf 90' lang='lat' dir='ltr'><strong>n.</strong></span> <span class='ocrx_word' id='word_1_134' title='bbox 3286 1359 3338 1408; x_wconf 89' lang='lat'><strong>9.</strong></span> 
     </span>
    </p>
   </div>
   <div class='ocr_carea' id='block_1_22' title="bbox 591 1471 2092 1548">
    <p class='ocr_par' dir='ltr' id='par_1_22' title="bbox 591 1471 2092 1548">
     <span class='ocr_line' id='line_1_22' title="bbox 591 1471 2092 1548; baseline 0.005 -21"><span class='ocrx_word' id='word_1_135' title='bbox 591 1471 798 1544; x_wconf 77' lang='lat' dir='ltr'><strong>Ingenti</strong></span> <span class='ocrx_word' id='word_1_136' title='bbox 826 1474 1122 1544; x_wconf 81' lang='lat' dir='ltr'><strong>gratiarum</strong></span> <span class='ocrx_word' id='word_1_137' title='bbox 1146 1484 1200 1529; x_wconf 91' lang='lat' dir='ltr'><strong>et</strong></span> <span class='ocrx_word' id='word_1_138' title='bbox 1225 1478 1639 1545; x_wconf 88' lang='lat' dir='ltr'><strong>responsionum</strong></span> <span class='ocrx_word' id='word_1_139' title='bbox 1657 1493 1793 1548; x_wconf 88' lang='lat' dir='ltr'><strong>quas</strong></span> <span class='ocrx_word' id='word_1_140' title='bbox 1807 1479 2092 1542; x_wconf 90' lang='lat' dir='ltr'><strong>debemus,</strong></span> 
     </span>
    </p>
   </div>
   <div class='ocr_carea' id='block_1_23' title="bbox 522 1564 2091 1639">
    <p class='ocr_par' dir='ltr' id='par_1_23' title="bbox 522 1564 2091 1639">
     <span class='ocr_line' id='line_1_23' title="bbox 522 1564 2091 1639; baseline 0.004 -21"><span class='ocrx_word' id='word_1_141' title='bbox 522 1564 746 1618; x_wconf 89' lang='lat' dir='ltr'><strong>nomine</strong></span> <span class='ocrx_word' id='word_1_142' title='bbox 766 1564 1039 1627; x_wconf 86' lang='lat' dir='ltr'><strong>obstricti,</strong></span> <span class='ocrx_word' id='word_1_143' title='bbox 1066 1580 1288 1634; x_wconf 81' lang='lat' dir='ltr'><strong>parvam</strong></span> <span class='ocrx_word' id='word_1_144' title='bbox 1319 1568 1615 1637; x_wconf 85' lang='lat' dir='ltr'><strong>quamdam</strong></span> <span class='ocrx_word' id='word_1_145' title='bbox 1670 1568 1838 1623; x_wconf 88' lang='lat' dir='ltr'><strong>debiti</strong></span> <span class='ocrx_word' id='word_1_146' title='bbox 1882 1580 2091 1639; x_wconf 86' lang='lat' dir='ltr'><strong>partem</strong></span> 
     </span>
    </p>
   </div>
   <div class='ocr_carea' id='block_1_24' title="bbox 518 1655 2093 1729">
    <p class='ocr_par' dir='ltr' id='par_1_24' title="bbox 518 1655 2093 1729">
     <span class='ocr_line' id='line_1_24' title="bbox 518 1655 2093 1729; baseline 0.004 -20"><span class='ocrx_word' id='word_1_147' title='bbox 518 1655 749 1710; x_wconf 86' lang='lat' dir='ltr'><strong>reddere</strong></span> <span class='ocrx_word' id='word_1_148' title='bbox 773 1672 873 1712; x_wconf 90' lang='lat' dir='ltr'><strong>nos</strong></span> <span class='ocrx_word' id='word_1_149' title='bbox 903 1672 1190 1714; x_wconf 87' lang='lat' dir='ltr'><strong>censemus</strong></span> <span class='ocrx_word' id='word_1_150' title='bbox 1209 1674 1303 1729; x_wconf 86' lang='lat' dir='ltr'><strong>per</strong></span> <span class='ocrx_word' id='word_1_151' title='bbox 1322 1659 1533 1715; x_wconf 87' lang='lat' dir='ltr'><strong>litteras</strong></span> <span class='ocrx_word' id='word_1_152' title='bbox 1562 1661 1627 1715; x_wconf 89' lang='lat' dir='ltr'><strong>ad</strong></span> <span class='ocrx_word' id='word_1_153' title='bbox 1662 1662 2093 1717; x_wconf 89' lang='lat' dir='ltr'><strong>Iaudatissimam</strong></span> 
     </span>
    </p>
   </div>
   <div class='ocr_carea' id='block_1_25' title="bbox 519 1746 2097 1809">
    <p class='ocr_par' dir='ltr' id='par_1_25' title="bbox 519 1746 2097 1809">
     <span class='ocr_line' id='line_1_25' title="bbox 519 1746 2097 1809; baseline 0.004 -7"><span class='ocrx_word' id='word_1_154' title='bbox 519 1762 586 1802; x_wconf 87' lang='lat' dir='ltr'><strong>ac</strong></span> <span class='ocrx_word' id='word_1_155' title='bbox 612 1746 1142 1803; x_wconf 87' lang='lat' dir='ltr'><strong>desideratissimam</strong></span> <span class='ocrx_word' id='word_1_156' title='bbox 1182 1752 1557 1807; x_wconf 79' lang='lat' dir='ltr'><strong>excellentiam</strong></span> <span class='ocrx_word' id='word_1_157' title='bbox 1594 1761 1740 1807; x_wconf 91' lang='lat' dir='ltr'><strong>tuam</strong></span> <span class='ocrx_word' id='word_1_158' title='bbox 1773 1755 1841 1807; x_wconf 89' lang='lat' dir='ltr'><strong>ab</strong></span> <span class='ocrx_word' id='word_1_159' title='bbox 1872 1754 2097 1809; x_wconf 88' lang='lat' dir='ltr'><strong>humili-</strong></span> 
     </span>
    </p>
   </div>
   <div class='ocr_carea' id='block_1_26' title="bbox 2276 1470 3751 1548">
    <p class='ocr_par' dir='ltr' id='par_1_26' title="bbox 2276 1470 3751 1548">
     <span class='ocr_line' id='line_1_26' title="bbox 2276 1470 3751 1548; baseline -0.007 -16"><span class='ocrx_word' id='word_1_160' title='bbox 2276 1477 2482 1533; x_wconf 82' lang='grc' dir='ltr'>Πολλοῦ</span> <span class='ocrx_word' id='word_1_161' title='bbox 2518 1477 2714 1548; x_wconf 81' lang='grc' dir='ltr'>χρέους</span> <span class='ocrx_word' id='word_1_162' title='bbox 2745 1471 3106 1546; x_wconf 81' lang='grc' dir='ltr'>εὐχαριστιῶν</span> <span class='ocrx_word' id='word_1_163' title='bbox 3138 1471 3236 1525; x_wconf 65' lang='grc' dir='ltr'><strong>κινιλ⁵</strong></span> <span class='ocrx_word' id='word_1_164' title='bbox 3272 1470 3583 1538; x_wconf 83' lang='grc' dir='ltr'>ἀπολογιῶν</span> <span class='ocrx_word' id='word_1_165' title='bbox 3614 1470 3751 1523; x_wconf 83' lang='grc' dir='ltr'>ὑπεύ</span> 
     </span>
    </p>
   </div>
   <div class='ocr_carea' id='block_1_27' title="bbox 2205 1560 3778 1639">
    <p class='ocr_par' dir='ltr' id='par_1_27' title="bbox 2205 1560 3778 1639">
     <span class='ocr_line' id='line_1_27' title="bbox 2205 1560 3778 1639; baseline -0.009 -12"><span class='ocrx_word' id='word_1_166' title='bbox 2205 1572 2352 1627; x_wconf 88' lang='grc' dir='ltr'>θυνοι</span> <span class='ocrx_word' id='word_1_167' title='bbox 2416 1571 2592 1633; x_wconf 78' lang='grc' dir='ltr'>ὅντες,</span> <span class='ocrx_word' id='word_1_168' title='bbox 2678 1568 2881 1639; x_wconf 85' lang='grc' dir='ltr'>μικράν</span> <span class='ocrx_word' id='word_1_169' title='bbox 2923 1579 3048 1620; x_wconf 88' lang='grc' dir='ltr'>τινα</span> <span class='ocrx_word' id='word_1_170' title='bbox 3103 1562 3401 1634; x_wconf 73' lang='grc' dir='ltr'>νομίζομεν</span> <span class='ocrx_word' id='word_1_171' title='bbox 3472 1560 3778 1615; x_wconf 79' lang='grc' dir='ltr'>ἀποδιδόναι</span> 
     </span>
    </p>
   </div>
   <div class='ocr_carea' id='block_1_28' title="bbox 2203 1655 3779 1735">
    <p class='ocr_par' dir='ltr' id='par_1_28' title="bbox 2203 1655 3779 1735">
     <span class='ocr_line' id='line_1_28' title="bbox 2203 1655 3779 1735; baseline -0.008 -17"><span class='ocrx_word' id='word_1_172' title='bbox 2203 1663 2427 1735; x_wconf 84' lang='grc' dir='ltr'>ὀφειλὴν</span> <span class='ocrx_word' id='word_1_173' title='bbox 2459 1662 2517 1714; x_wconf 80' lang='grc' dir='ltr'>ὲν</span> <span class='ocrx_word' id='word_1_174' title='bbox 2553 1665 2677 1727; x_wconf 82' lang='grc' dir='ltr'>ταῖς</span> <span class='ocrx_word' id='word_1_175' title='bbox 2711 1660 2848 1732; x_wconf 73' lang='grc' dir='ltr'>πρὸς</span> <span class='ocrx_word' id='word_1_176' title='bbox 2877 1658 2977 1729; x_wconf 73' lang='grc' dir='ltr'><strong>τὴν</strong></span> <span class='ocrx_word' id='word_1_177' title='bbox 3029 1656 3387 1726; x_wconf 83' lang='grc' dir='ltr'>πανεύφημον</span> <span class='ocrx_word' id='word_1_178' title='bbox 3433 1655 3529 1709; x_wconf 73' lang='grc' dir='ltr'>καὶ</span> <span class='ocrx_word' id='word_1_179' title='bbox 3557 1655 3779 1723; x_wconf 79' lang='grc' dir='ltr'>παμπόο</span> 
     </span>
    </p>
   </div>
   <div class='ocr_carea' id='block_1_29' title="bbox 2206 1745 3777 1826">
    <p class='ocr_par' dir='ltr' id='par_1_29' title="bbox 2206 1745 3777 1826">
     <span class='ocr_line' id='line_1_29' title="bbox 2206 1745 3777 1826; baseline -0.006 -19"><span class='ocrx_word' id='word_1_180' title='bbox 2206 1754 2369 1826; x_wconf 88' lang='grc' dir='ltr'>θητόν</span> <span class='ocrx_word' id='word_1_181' title='bbox 2402 1771 2495 1808; x_wconf 86' lang='grc' dir='ltr'><strong>σου</strong></span> <span class='ocrx_word' id='word_1_182' title='bbox 2547 1752 2826 1822; x_wconf 83' lang='grc' dir='ltr'>ὑπεροχὴν</span> <span class='ocrx_word' id='word_1_183' title='bbox 2881 1749 2988 1803; x_wconf 86' lang='grc' dir='ltr'><strong>ὐπὸ</strong></span> <span class='ocrx_word' id='word_1_184' title='bbox 3038 1749 3139 1819; x_wconf 83' lang='grc' dir='ltr'>τῆς</span> <span class='ocrx_word' id='word_1_185' title='bbox 3183 1746 3567 1809; x_wconf 69' lang='grc' dir='ltr'>ταπεινώσεως</span> <span class='ocrx_word' id='word_1_186' title='bbox 3622 1745 3777 1818; x_wconf 82' lang='grc' dir='ltr'>ήμῶν</span> 
     </span>
    </p>
   </div>
   <div class='ocr_carea' id='block_1_30' title="bbox 519 1838 2098 1917">
    <p class='ocr_par' dir='ltr' id='par_1_30' title="bbox 519 1838 2097 1902">
     <span class='ocr_line' id='line_1_30' title="bbox 519 1838 2097 1902; baseline 0.006 -9"><span class='ocrx_word' id='word_1_187' title='bbox 519 1848 632 1893; x_wconf 83' lang='lat' dir='ltr'><strong>tate</strong></span> <span class='ocrx_word' id='word_1_188' title='bbox 651 1850 837 1894; x_wconf 85' lang='lat' dir='ltr'><strong>nostra</strong></span> <span class='ocrx_word' id='word_1_189' title='bbox 854 1850 1123 1895; x_wconf 80' lang='lat' dir='ltr'><strong>exaratas.</strong></span> <span class='ocrx_word' id='word_1_190' title='bbox 1143 1838 1278 1895; x_wconf 85' lang='lat' dir='ltr'><strong>Nam</strong></span> <span class='ocrx_word' id='word_1_191' title='bbox 1301 1854 1354 1898; x_wconf 93' lang='lat' dir='ltr'><strong>et</strong></span> <span class='ocrx_word' id='word_1_192' title='bbox 1372 1859 1516 1898; x_wconf 91' lang='lat' dir='ltr'><strong>nunc</strong></span> <span class='ocrx_word' id='word_1_193' title='bbox 1534 1844 1739 1899; x_wconf 89' lang='lat' dir='ltr'><strong>Silvani</strong></span> <span class='ocrx_word' id='word_1_194' title='bbox 1761 1844 1947 1902; x_wconf 81' lang='lat' dir='ltr'><strong>fratris</strong></span> <span class='ocrx_word' id='word_1_195' title='bbox 1967 1862 2097 1902; x_wconf 87' lang='lat' dir='ltr'><strong>cau-</strong></span> 
     </span>
    </p>
   </div>
   <div class='ocr_carea' id='block_1_31' title="bbox 2206 1838 3777 1917">
    <p class='ocr_par' dir='ltr' id='par_1_31' title="bbox 2206 1838 3777 1917">
     <span class='ocr_line' id='line_1_31' title="bbox 2206 1838 3777 1917; baseline -0.007 -16"><span class='ocrx_word' id='word_1_196' title='bbox 2206 1844 2709 1917; x_wconf 81' lang='grc' dir='ltr'>ὲγχαραττομέναις</span> <span class='ocrx_word' id='word_1_197' title='bbox 2739 1842 3072 1905; x_wconf 72' lang='grc' dir='ltr'>ἐπιστολαῖς.</span> <span class='ocrx_word' id='word_1_198' title='bbox 3123 1840 3275 1893; x_wconf 84' lang='grc' dir='ltr'>Ἐπεὶ</span> <span class='ocrx_word' id='word_1_199' title='bbox 3304 1840 3400 1893; x_wconf 65' lang='grc' dir='ltr'><strong>καὶ</strong></span> <span class='ocrx_word' id='word_1_200' title='bbox 3427 1838 3523 1892; x_wconf 91' lang='grc' dir='ltr'><strong>νῦν</strong></span> <span class='ocrx_word' id='word_1_201' title='bbox 3564 1839 3663 1891; x_wconf 75' lang='grc' dir='ltr'><strong>ἐπὶ</strong></span> <span class='ocrx_word' id='word_1_202' title='bbox 3703 1838 3777 1909; x_wconf 80' lang='grc' dir='ltr'>τῷ</span> 
     </span>
    </p>
   </div>
   <div class='ocr_carea' id='block_1_32' title="bbox 520 1905 2098 2017">
    <p class='ocr_par' dir='ltr' id='par_1_32' title="bbox 520 1929 2093 2007">
     <span class='ocr_line' id='line_1_32' title="bbox 520 1929 2093 2007; baseline 0.006 -22"><span class='ocrx_word' id='word_1_203' title='bbox 520 1945 582 1985; x_wconf 90' lang='lat' dir='ltr'><strong>sa</strong></span> <span class='ocrx_word' id='word_1_204' title='bbox 598 1929 729 2001; x_wconf 91' lang='lat' dir='ltr'><strong>quid</strong></span> <span class='ocrx_word' id='word_1_205' title='bbox 753 1930 1250 1998; x_wconf 85' lang='lat' dir='ltr'><strong>respondebimus?</strong></span> <span class='ocrx_word' id='word_1_206' title='bbox 1278 1931 1519 1989; x_wconf 87' lang='lat' dir='ltr'><strong>Primum</strong></span> <span class='ocrx_word' id='word_1_207' title='bbox 1534 1936 1775 2005; x_wconf 84' lang='lat' dir='ltr'><strong>quidem,</strong></span> <span class='ocrx_word' id='word_1_208' title='bbox 1802 1939 1948 2007; x_wconf 92' lang='lat' dir='ltr'><strong>quod</strong></span> <span class='ocrx_word' id='word_1_209' title='bbox 1970 1954 2093 1994; x_wconf 92' lang='lat' dir='ltr'><strong>cum</strong></span> 
     </span>
    </p>
   </div>
   <div class='ocr_carea' id='block_1_33' title="bbox 2206 1905 3778 2017">
    <p class='ocr_par' dir='ltr' id='par_1_33' title="bbox 2206 1905 3778 2017">
     <span class='ocr_line' id='line_1_33' title="bbox 2206 1905 3778 2017; baseline -0.007 -23"><span class='ocrx_word' id='word_1_210' title='bbox 2206 1905 2415 2007; x_wconf 67' lang='grc' dir='ltr'>ἀδελιρῷ</span> <span class='ocrx_word' id='word_1_211' title='bbox 2451 1905 2745 2017; x_wconf 61' lang='grc' dir='ltr'>Σιλουανζύ,</span> <span class='ocrx_word' id='word_1_212' title='bbox 2779 1933 2832 1987; x_wconf 89' lang='grc' dir='ltr'><strong>τί</strong></span> <span class='ocrx_word' id='word_1_213' title='bbox 2881 1934 2977 1988; x_wconf 74' lang='grc' dir='ltr'><strong>καὶ</strong></span> <span class='ocrx_word' id='word_1_214' title='bbox 3013 1930 3505 2002; x_wconf 86' lang='grc' dir='ltr'>ἀπολογησόμεθα;</span> <span class='ocrx_word' id='word_1_215' title='bbox 3560 1905 3778 2002; x_wconf 74' lang='grc' dir='ltr'>πρῶτον</span> 
     </span>
    </p>
   </div>
   <div class='ocr_carea' id='block_1_34' title="bbox 518 2023 2097 2095">
    <p class='ocr_par' dir='ltr' id='par_1_34' title="bbox 518 2023 2097 2095">
     <span class='ocr_line' id='line_1_34' title="bbox 518 2023 2097 2095; baseline 0.005 -19"><span class='ocrx_word' id='word_1_216' title='bbox 518 2037 645 2077; x_wconf 86' lang='lat' dir='ltr'><strong>cum</strong></span> <span class='ocrx_word' id='word_1_217' title='bbox 670 2023 724 2076; x_wconf 91' lang='lat' dir='ltr'><strong>in</strong></span> <span class='ocrx_word' id='word_1_218' title='bbox 758 2034 1110 2095; x_wconf 87' lang='lat' dir='ltr'><strong>conspectum</strong></span> <span class='ocrx_word' id='word_1_219' title='bbox 1132 2040 1292 2079; x_wconf 89' lang='lat' dir='ltr'><strong>suum</strong></span> <span class='ocrx_word' id='word_1_220' title='bbox 1328 2024 1614 2082; x_wconf 88' lang='lat' dir='ltr'><strong>admiserit</strong></span> <span class='ocrx_word' id='word_1_221' title='bbox 1650 2027 1766 2083; x_wconf 92' lang='lat' dir='ltr'><strong>Deo</strong></span> <span class='ocrx_word' id='word_1_222' title='bbox 1789 2028 1955 2083; x_wconf 84' lang='lat' dir='ltr'><strong>chara</strong></span> <span class='ocrx_word' id='word_1_223' title='bbox 1974 2030 2097 2084; x_wconf 86' lang='lat' dir='ltr'><strong>ani-</strong></span> 
     </span>
    </p>
   </div>
   <div class='ocr_carea' id='block_1_35' title="bbox 519 2112 2092 2182">
    <p class='ocr_par' dir='ltr' id='par_1_35' title="bbox 519 2112 2092 2182">
     <span class='ocr_line' id='line_1_35' title="bbox 519 2112 2092 2182; baseline 0.004 -17"><span class='ocrx_word' id='word_1_224' title='bbox 519 2125 609 2165; x_wconf 84' lang='lat' dir='ltr'><strong>ma</strong></span> <span class='ocrx_word' id='word_1_225' title='bbox 637 2120 753 2177; x_wconf 91' lang='lat' dir='ltr'><strong>tua,</strong></span> <span class='ocrx_word' id='word_1_226' title='bbox 782 2112 939 2181; x_wconf 86' lang='lat' dir='ltr'><strong>quasi</strong></span> <span class='ocrx_word' id='word_1_227' title='bbox 976 2128 1143 2167; x_wconf 90' lang='lat' dir='ltr'><strong>unum</strong></span> <span class='ocrx_word' id='word_1_228' title='bbox 1167 2128 1232 2167; x_wconf 81' lang='lat' dir='ltr'><strong>ex</strong></span> <span class='ocrx_word' id='word_1_229' title='bbox 1259 2112 2092 2182; x_wconf 76' lang='lat' dir='ltr'><strong>familiaribus,melleaaffabili-</strong></span> 
     </span>
    </p>
   </div>
   <div class='ocr_carea' id='block_1_36' title="bbox 520 2201 2098 2279">
    <p class='ocr_par' dir='ltr' id='par_1_36' title="bbox 520 2201 2098 2279">
     <span class='ocr_line' id='line_1_36' title="bbox 520 2201 2098 2279; baseline 0.007 -25"><span class='ocrx_word' id='word_1_230' title='bbox 520 2209 652 2266; x_wconf 85' lang='lat' dir='ltr'><strong>tate,</strong></span> <span class='ocrx_word' id='word_1_231' title='bbox 686 2201 956 2273; x_wconf 79' lang='lat' dir='ltr'><strong>hilarique</strong></span> <span class='ocrx_word' id='word_1_232' title='bbox 987 2203 1140 2257; x_wconf 79' lang='lat' dir='ltr'><strong>vultu</strong></span> <span class='ocrx_word' id='word_1_233' title='bbox 1183 2219 1306 2259; x_wconf 88' lang='lat' dir='ltr'><strong>cum</strong></span> <span class='ocrx_word' id='word_1_234' title='bbox 1337 2204 1561 2260; x_wconf 89' lang='lat' dir='ltr'><strong>homine</strong></span> <span class='ocrx_word' id='word_1_235' title='bbox 1593 2208 1743 2261; x_wconf 89' lang='lat' dir='ltr'><strong>tenui</strong></span> <span class='ocrx_word' id='word_1_236' title='bbox 1776 2208 2098 2279; x_wconf 87' lang='lat' dir='ltr'><strong>colloquens</strong></span> 
     </span>
    </p>
   </div>
   <div class='ocr_carea' id='block_1_37' title="bbox 520 2293 2100 2371">
    <p class='ocr_par' dir='ltr' id='par_1_37' title="bbox 520 2293 2100 2371">
     <span class='ocr_line' id='line_1_37' title="bbox 520 2293 2100 2371; baseline 0.004 -22"><span class='ocrx_word' id='word_1_237' title='bbox 520 2309 587 2349; x_wconf 88' lang='lat' dir='ltr'><strong>ac</strong></span> <span class='ocrx_word' id='word_1_238' title='bbox 616 2303 879 2351; x_wconf 87' lang='lat' dir='ltr'><strong>tractans.</strong></span> <span class='ocrx_word' id='word_1_239' title='bbox 898 2293 1103 2351; x_wconf 89' lang='lat' dir='ltr'><strong>Deinde</strong></span> <span class='ocrx_word' id='word_1_240' title='bbox 1140 2297 1285 2367; x_wconf 89' lang='lat' dir='ltr'><strong>quod</strong></span> <span class='ocrx_word' id='word_1_241' title='bbox 1308 2296 1377 2353; x_wconf 90' lang='lat' dir='ltr'><strong>de</strong></span> <span class='ocrx_word' id='word_1_242' title='bbox 1401 2298 1570 2352; x_wconf 89' lang='lat' dir='ltr'><strong>rebus</strong></span> <span class='ocrx_word' id='word_1_243' title='bbox 1595 2300 1820 2366; x_wconf 89' lang='lat' dir='ltr'><strong>nostris,</strong></span> <span class='ocrx_word' id='word_1_244' title='bbox 1852 2301 1947 2370; x_wconf 91' lang='lat' dir='ltr'><strong>qui</strong></span> <span class='ocrx_word' id='word_1_245' title='bbox 1973 2316 2100 2371; x_wconf 85' lang='lat' dir='ltr'><strong>pec-</strong></span> 
     </span>
    </p>
   </div>
   <div class='ocr_carea' id='block_1_38' title="bbox 522 2386 2099 2458">
    <p class='ocr_par' dir='ltr' id='par_1_38' title="bbox 522 2386 2099 2458">
     <span class='ocr_line' id='line_1_38' title="bbox 522 2386 2099 2458; baseline 0.003 -19"><span class='ocrx_word' id='word_1_246' title='bbox 522 2394 739 2440; x_wconf 85' lang='lat' dir='ltr'><strong>calores</strong></span> <span class='ocrx_word' id='word_1_247' title='bbox 791 2400 1005 2452; x_wconf 90' lang='lat' dir='ltr'><strong>sumus,</strong></span> <span class='ocrx_word' id='word_1_248' title='bbox 1033 2395 1088 2440; x_wconf 90' lang='lat' dir='ltr'><strong>et</strong></span> <span class='ocrx_word' id='word_1_249' title='bbox 1130 2388 1197 2441; x_wconf 90' lang='lat' dir='ltr'><strong>de</strong></span> <span class='ocrx_word' id='word_1_250' title='bbox 1248 2386 1536 2458; x_wconf 87' lang='lat' dir='ltr'><strong>utriusque</strong></span> <span class='ocrx_word' id='word_1_251' title='bbox 1581 2398 1829 2443; x_wconf 89' lang='lat' dir='ltr'><strong>nostrum</strong></span> <span class='ocrx_word' id='word_1_252' title='bbox 1878 2390 2099 2445; x_wconf 86' lang='lat' dir='ltr'><strong>humilis</strong></span> 
     </span>
    </p>
   </div>
   <div class='ocr_carea' id='block_1_39' title="bbox 522 2476 2101 2548">
    <p class='ocr_par' dir='ltr' id='par_1_39' title="bbox 522 2476 2101 2548">
     <span class='ocr_line' id='line_1_39' title="bbox 522 2476 2101 2548; baseline 0.003 -17"><span class='ocrx_word' id='word_1_253' title='bbox 522 2476 771 2548; x_wconf 87' lang='lat' dir='ltr'><strong>corporis</strong></span> <span class='ocrx_word' id='word_1_254' title='bbox 796 2477 1110 2533; x_wconf 76' lang='lat' dir='ltr'><strong>inﬁrmitate</strong></span> <span class='ocrx_word' id='word_1_255' title='bbox 1134 2477 1411 2534; x_wconf 87' lang='lat' dir='ltr'><strong>sciscitata</strong></span> <span class='ocrx_word' id='word_1_256' title='bbox 1435 2479 1524 2542; x_wconf 90' lang='lat' dir='ltr'><strong>sit,</strong></span> <span class='ocrx_word' id='word_1_257' title='bbox 1556 2487 1611 2534; x_wconf 87' lang='lat' dir='ltr'><strong>et</strong></span> <span class='ocrx_word' id='word_1_258' title='bbox 1634 2480 1759 2534; x_wconf 85' lang='lat' dir='ltr'><strong>aliis</strong></span> <span class='ocrx_word' id='word_1_259' title='bbox 1782 2479 1960 2537; x_wconf 89' lang='lat' dir='ltr'><strong>modis</strong></span> <span class='ocrx_word' id='word_1_260' title='bbox 1986 2495 2101 2536; x_wconf 76' lang='lat' dir='ltr'><strong>sua:</strong></span> 
     </span>
    </p>
   </div>
   <div class='ocr_carea' id='block_1_40' title="bbox 521 2566 2099 2635">
    <p class='ocr_par' dir='ltr' id='par_1_40' title="bbox 521 2566 2099 2635">
     <span class='ocr_line' id='line_1_40' title="bbox 521 2566 2099 2635; baseline 0.002 -13"><span class='ocrx_word' id='word_1_261' title='bbox 521 2569 578 2623; x_wconf 90' lang='lat' dir='ltr'><strong>in</strong></span> <span class='ocrx_word' id='word_1_262' title='bbox 613 2582 713 2622; x_wconf 86' lang='lat' dir='ltr'><strong>nos</strong></span> <span class='ocrx_word' id='word_1_263' title='bbox 743 2567 1026 2622; x_wconf 86' lang='lat' dir='ltr'><strong>charitatis</strong></span> <span class='ocrx_word' id='word_1_264' title='bbox 1058 2566 1308 2623; x_wconf 76' lang='lat' dir='ltr'><strong>affectum</strong></span> <span class='ocrx_word' id='word_1_265' title='bbox 1340 2568 1661 2635; x_wconf 86' lang='lat' dir='ltr'><strong>ostenderit,</strong></span> <span class='ocrx_word' id='word_1_266' title='bbox 1695 2570 1832 2625; x_wconf 89' lang='lat' dir='ltr'><strong>adeo</strong></span> <span class='ocrx_word' id='word_1_267' title='bbox 1858 2578 1916 2625; x_wconf 92' lang='lat' dir='ltr'><strong>ut</strong></span> <span class='ocrx_word' id='word_1_268' title='bbox 1950 2569 2099 2626; x_wconf 88' lang='lat' dir='ltr'><strong>dice-</strong></span> 
     </span>
    </p>
   </div>
   <div class='ocr_carea' id='block_1_41' title="bbox 521 2655 2101 2732">
    <p class='ocr_par' dir='ltr' id='par_1_41' title="bbox 521 2655 2101 2732">
     <span class='ocr_line' id='line_1_41' title="bbox 521 2655 2101 2732; baseline 0.004 -20"><span class='ocrx_word' id='word_1_269' title='bbox 521 2668 647 2714; x_wconf 87' lang='lat' dir='ltr'><strong>ret:</strong></span> <span class='ocrx_word' id='word_1_270' title='bbox 680 2655 793 2728; x_wconf 78' lang='lat' dir='ltr'><strong>Ego</strong></span> <span class='ocrx_word' id='word_1_271' title='bbox 829 2658 885 2713; x_wconf 92' lang='lat' dir='ltr'><strong>in</strong></span> <span class='ocrx_word' id='word_1_272' title='bbox 934 2659 1301 2728; x_wconf 88' lang='lat' dir='ltr'><strong>suspicionem</strong></span> <span class='ocrx_word' id='word_1_273' title='bbox 1345 2662 1488 2730; x_wconf 89' lang='lat' dir='ltr'><strong>apud</strong></span> <span class='ocrx_word' id='word_1_274' title='bbox 1539 2675 1634 2716; x_wconf 90' lang='lat' dir='ltr'><strong>eos</strong></span> <span class='ocrx_word' id='word_1_275' title='bbox 1688 2661 1782 2731; x_wconf 90' lang='lat' dir='ltr'><strong>qui</strong></span> <span class='ocrx_word' id='word_1_276' title='bbox 1826 2674 1955 2732; x_wconf 76' lang='lat' dir='ltr'><strong>erga</strong></span> <span class='ocrx_word' id='word_1_277' title='bbox 2002 2676 2101 2718; x_wconf 82' lang='lat' dir='ltr'><strong>vos</strong></span> 
     </span>
    </p>
   </div>
   <div class='ocr_carea' id='block_1_42' title="bbox 519 2749 2099 2822">
    <p class='ocr_par' dir='ltr' id='par_1_42' title="bbox 519 2749 2099 2822">
     <span class='ocr_line' id='line_1_42' title="bbox 519 2749 2099 2822; baseline 0.001 -18"><span class='ocrx_word' id='word_1_278' title='bbox 519 2751 665 2805; x_wconf 88' lang='lat' dir='ltr'><strong>male</strong></span> <span class='ocrx_word' id='word_1_279' title='bbox 712 2749 890 2806; x_wconf 79' lang='lat' dir='ltr'><strong>aﬂ‘ecti</strong></span> <span class='ocrx_word' id='word_1_280' title='bbox 921 2760 1052 2806; x_wconf 90' lang='lat' dir='ltr'><strong>sunt</strong></span> <span class='ocrx_word' id='word_1_281' title='bbox 1083 2753 1264 2818; x_wconf 89' lang='lat' dir='ltr'><strong>venio,</strong></span> <span class='ocrx_word' id='word_1_282' title='bbox 1304 2752 1451 2822; x_wconf 89' lang='lat' dir='ltr'><strong>quod</strong></span> <span class='ocrx_word' id='word_1_283' title='bbox 1480 2751 1693 2805; x_wconf 84' lang='lat' dir='ltr'><strong>Studita</strong></span> <span class='ocrx_word' id='word_1_284' title='bbox 1725 2752 1827 2807; x_wconf 88' lang='lat' dir='ltr'><strong>sim</strong></span> <span class='ocrx_word' id='word_1_285' title='bbox 1875 2768 1890 2806; x_wconf 91' lang='lat'><strong>:</strong></span> <span class='ocrx_word' id='word_1_286' title='bbox 1924 2761 1979 2808; x_wconf 89' lang='lat' dir='ltr'><strong>et</strong></span> <span class='ocrx_word' id='word_1_287' title='bbox 2003 2752 2099 2806; x_wconf 87' lang='lat' dir='ltr'><strong>de-</strong></span> 
     </span>
    </p>
   </div>
   <div class='ocr_carea' id='block_1_43' title="bbox 524 2842 2099 2913">
    <p class='ocr_par' dir='ltr' id='par_1_43' title="bbox 524 2842 2099 2913">
     <span class='ocr_line' id='line_1_43' title="bbox 524 2842 2099 2913; baseline -0.001 -17"><span class='ocrx_word' id='word_1_288' title='bbox 524 2852 862 2910; x_wconf 74' lang='lat' dir='ltr'><strong>precaretur,</strong></span> <span class='ocrx_word' id='word_1_289' title='bbox 915 2859 984 2898; x_wconf 87' lang='lat' dir='ltr'><strong>ne</strong></span> <span class='ocrx_word' id='word_1_290' title='bbox 1035 2843 1171 2898; x_wconf 84' lang='lat' dir='ltr'><strong>tanti</strong></span> <span class='ocrx_word' id='word_1_291' title='bbox 1226 2843 1431 2897; x_wconf 88' lang='lat' dir='ltr'><strong>amoris</strong></span> <span class='ocrx_word' id='word_1_292' title='bbox 1492 2842 1806 2912; x_wconf 70' lang='lat' dir='ltr'><strong>coniunctio</strong></span> <span class='ocrx_word' id='word_1_293' title='bbox 1850 2857 2099 2913; x_wconf 88' lang='lat' dir='ltr'><strong>unquam</strong></span> 
     </span>
    </p>
   </div>
   <div class='ocr_carea' id='block_1_44' title="bbox 521 2934 2102 3006">
    <p class='ocr_par' dir='ltr' id='par_1_44' title="bbox 521 2934 2102 3006">
     <span class='ocr_line' id='line_1_44' title="bbox 521 2934 2102 3006; baseline 0.001 -17"><span class='ocrx_word' id='word_1_294' title='bbox 521 2934 898 2991; x_wconf 90' lang='lat' dir='ltr'><strong>labefactetur.</strong></span> <span class='ocrx_word' id='word_1_295' title='bbox 928 2934 1055 2990; x_wconf 71' lang='lat' dir='ltr'><strong>Haec</strong></span> <span class='ocrx_word' id='word_1_296' title='bbox 1088 2951 1188 2990; x_wconf 91' lang='lat' dir='ltr'><strong>nos</strong></span> <span class='ocrx_word' id='word_1_297' title='bbox 1220 2935 1411 2989; x_wconf 87' lang='lat' dir='ltr'><strong>omnia</strong></span> <span class='ocrx_word' id='word_1_298' title='bbox 1445 2936 1809 2991; x_wconf 75' lang='lat' dir='ltr'><strong>devinxerunt</strong></span> <span class='ocrx_word' id='word_1_299' title='bbox 1835 2944 1892 2991; x_wconf 83' lang='lat' dir='ltr'><strong>et</strong></span> <span class='ocrx_word' id='word_1_300' title='bbox 1929 2936 2102 3006; x_wconf 84' lang='lat' dir='ltr'><strong>magis</strong></span> 
     </span>
    </p>
   </div>
   <div class='ocr_carea' id='block_1_45' title="bbox 522 3026 2102 3101">
    <p class='ocr_par' dir='ltr' id='par_1_45' title="bbox 522 3026 2102 3101">
     <span class='ocr_line' id='line_1_45' title="bbox 522 3026 2102 3101; baseline 0 -19"><span class='ocrx_word' id='word_1_301' title='bbox 522 3028 809 3101; x_wconf 73' lang='lat' dir='ltr'><strong>magisque</strong></span> <span class='ocrx_word' id='word_1_302' title='bbox 834 3028 889 3083; x_wconf 89' lang='lat' dir='ltr'><strong>in</strong></span> <span class='ocrx_word' id='word_1_303' title='bbox 914 3028 1127 3084; x_wconf 86' lang='lat' dir='ltr'><strong>sincera</strong></span> <span class='ocrx_word' id='word_1_304' title='bbox 1148 3027 1439 3082; x_wconf 88' lang='lat' dir='ltr'><strong>dilectione</strong></span> <span class='ocrx_word' id='word_1_305' title='bbox 1468 3026 1865 3082; x_wconf 82' lang='lat' dir='ltr'><strong>confirmarunt</strong></span> <span class='ocrx_word' id='word_1_306' title='bbox 1896 3033 1957 3082; x_wconf 87' lang='lat' dir='ltr'><strong>ut</strong></span> <span class='ocrx_word' id='word_1_307' title='bbox 1988 3027 2102 3083; x_wconf 69' lang='lat' dir='ltr'><strong>haec</strong></span> 
     </span>
    </p>
   </div>
   <div class='ocr_carea' id='block_1_46' title="bbox 2204 2020 3779 2101">
    <p class='ocr_par' dir='ltr' id='par_1_46' title="bbox 2204 2020 3779 2101">
     <span class='ocr_line' id='line_1_46' title="bbox 2204 2020 3779 2101; baseline -0.008 -17"><span class='ocrx_word' id='word_1_308' title='bbox 2204 2030 2303 2101; x_wconf 79' lang='grc' dir='ltr'>μὲν</span> <span class='ocrx_word' id='word_1_309' title='bbox 2352 2030 2433 2082; x_wconf 84' lang='grc' dir='ltr'>ὅτι</span> <span class='ocrx_word' id='word_1_310' title='bbox 2474 2025 2647 2090; x_wconf 74' lang='grc' dir='ltr'>οὕτως</span> <span class='ocrx_word' id='word_1_311' title='bbox 2692 2026 2857 2081; x_wconf 74' lang='grc' dir='ltr'>αὐτὸν</span> <span class='ocrx_word' id='word_1_312' title='bbox 2895 2029 3210 2098; x_wconf 81' lang='grc' dir='ltr'>προσήκατο</span> <span class='ocrx_word' id='word_1_313' title='bbox 3247 2022 3375 2076; x_wconf 81' lang='grc' dir='ltr'>ἰδεῖν</span> <span class='ocrx_word' id='word_1_314' title='bbox 3426 2023 3461 2093; x_wconf 84' lang='grc' dir='ltr'>ὴ</span> <span class='ocrx_word' id='word_1_315' title='bbox 3525 2020 3779 2091; x_wconf 83' lang='grc' dir='ltr'>θεοφιλής</span> 
     </span>
    </p>
   </div>
   <div class='ocr_carea' id='block_1_47' title="bbox 2203 2110 3775 2188">
    <p class='ocr_par' dir='ltr' id='par_1_47' title="bbox 2203 2110 3775 2188">
     <span class='ocr_line' id='line_1_47' title="bbox 2203 2110 3775 2188; baseline -0.005 -17"><span class='ocrx_word' id='word_1_316' title='bbox 2203 2136 2296 2172; x_wconf 92' lang='grc' dir='ltr'><strong>σου</strong></span> <span class='ocrx_word' id='word_1_317' title='bbox 2326 2117 2474 2188; x_wconf 84' lang='grc' dir='ltr'>ψυχή</span> <span class='ocrx_word' id='word_1_318' title='bbox 2503 2133 2516 2147; x_wconf 63' lang='grc' dir='ltr'>θ</span> <span class='ocrx_word' id='word_1_319' title='bbox 2551 2117 2627 2179; x_wconf 85' lang='grc' dir='ltr'><strong>ώς</strong></span> <span class='ocrx_word' id='word_1_320' title='bbox 2670 2116 2768 2169; x_wconf 69' lang='grc' dir='ltr'><strong>ἕνα</strong></span> <span class='ocrx_word' id='word_1_321' title='bbox 2811 2117 2933 2169; x_wconf 88' lang='grc' dir='ltr'><strong>τινά</strong></span> <span class='ocrx_word' id='word_1_322' title='bbox 2980 2115 3090 2167; x_wconf 87' lang='grc' dir='ltr'><strong>τῶν</strong></span> <span class='ocrx_word' id='word_1_323' title='bbox 3147 2113 3395 2183; x_wconf 85' lang='grc' dir='ltr'>συνήθων</span> <span class='ocrx_word' id='word_1_324' title='bbox 3423 2126 3438 2141; x_wconf 92' lang='grc'><strong>·</strong></span> <span class='ocrx_word' id='word_1_325' title='bbox 3493 2110 3775 2183; x_wconf 87' lang='grc' dir='ltr'>μειλιχίῳ,</span> 
     </span>
    </p>
   </div>
   <div class='ocr_carea' id='block_1_48' title="bbox 2199 2204 3782 2282">
    <p class='ocr_par' dir='ltr' id='par_1_48' title="bbox 2199 2204 3782 2282">
     <span class='ocr_line' id='line_1_48' title="bbox 2199 2204 3782 2282; baseline -0.005 -19"><span class='ocrx_word' id='word_1_326' title='bbox 2199 2209 2323 2282; x_wconf 78' lang='grc' dir='ltr'>ἧθει</span> <span class='ocrx_word' id='word_1_327' title='bbox 2371 2208 2467 2262; x_wconf 75' lang='grc' dir='ltr'>καὶ</span> <span class='ocrx_word' id='word_1_328' title='bbox 2529 2207 2836 2279; x_wconf 84' lang='grc' dir='ltr'>εὐπροσίτῳ</span> <span class='ocrx_word' id='word_1_329' title='bbox 2894 2205 3175 2278; x_wconf 86' lang='grc' dir='ltr'>προσώπῳ</span> <span class='ocrx_word' id='word_1_330' title='bbox 3240 2204 3630 2274; x_wconf 84' lang='grc' dir='ltr'>συλλαλήσασα</span> <span class='ocrx_word' id='word_1_331' title='bbox 3687 2206 3782 2257; x_wconf 78' lang='grc' dir='ltr'>καὶ</span> 
     </span>
    </p>
   </div>
   <div class='ocr_carea' id='block_1_49' title="bbox 2201 2296 3784 2373">
    <p class='ocr_par' dir='ltr' id='par_1_49' title="bbox 2201 2296 3784 2373">
     <span class='ocr_line' id='line_1_49' title="bbox 2201 2296 3784 2373; baseline -0.005 -17"><span class='ocrx_word' id='word_1_332' title='bbox 2201 2300 2677 2373; x_wconf 80' lang='grc' dir='ltr'>συνανακραθεῖσα</span> <span class='ocrx_word' id='word_1_333' title='bbox 2728 2302 2869 2370; x_wconf 87' lang='grc' dir='ltr'><strong>μετά</strong></span> <span class='ocrx_word' id='word_1_334' title='bbox 2935 2298 3032 2352; x_wconf 92' lang='grc' dir='ltr'><strong>τοῦ</strong></span> <span class='ocrx_word' id='word_1_335' title='bbox 3099 2296 3374 2361; x_wconf 81' lang='grc' dir='ltr'>εὐτελοῦς.</span> <span class='ocrx_word' id='word_1_336' title='bbox 3431 2298 3667 2350; x_wconf 86' lang='grc' dir='ltr'>Ἔπειτα</span> <span class='ocrx_word' id='word_1_337' title='bbox 3713 2296 3784 2348; x_wconf 80' lang='grc' dir='ltr'>τὰ</span> 
     </span>
    </p>
   </div>
   <div class='ocr_carea' id='block_1_50' title="bbox 2202 2388 3779 2464">
    <p class='ocr_par' dir='ltr' id='par_1_50' title="bbox 2202 2388 3779 2464">
     <span class='ocr_line' id='line_1_50' title="bbox 2202 2388 3779 2464; baseline -0.003 -17"><span class='ocrx_word' id='word_1_338' title='bbox 2202 2394 2332 2464; x_wconf 73' lang='grc' dir='ltr'>περὶ</span> <span class='ocrx_word' id='word_1_339' title='bbox 2368 2393 2527 2464; x_wconf 87' lang='grc' dir='ltr'>ὴμῶν</span> <span class='ocrx_word' id='word_1_340' title='bbox 2583 2392 2693 2445; x_wconf 85' lang='grc' dir='ltr'><strong>τῶν</strong></span> <span class='ocrx_word' id='word_1_341' title='bbox 2750 2390 3089 2461; x_wconf 82' lang='grc' dir='ltr'>ἁμαρτωλῶν</span> <span class='ocrx_word' id='word_1_342' title='bbox 3140 2388 3313 2453; x_wconf 76' lang='grc' dir='ltr'>οὕτως</span> <span class='ocrx_word' id='word_1_343' title='bbox 3366 2391 3779 2460; x_wconf 80' lang='grc' dir='ltr'>συνανακρῖναι,</span> 
     </span>
    </p>
   </div>
   <div class='ocr_carea' id='block_1_51' title="bbox 2201 2481 3783 2557">
    <p class='ocr_par' dir='ltr' id='par_1_51' title="bbox 2201 2481 3783 2557">
     <span class='ocr_line' id='line_1_51' title="bbox 2201 2481 3783 2557; baseline -0.004 -17"><span class='ocrx_word' id='word_1_344' title='bbox 2201 2487 2301 2556; x_wconf 87' lang='grc' dir='ltr'>τήν</span> <span class='ocrx_word' id='word_1_345' title='bbox 2352 2503 2413 2539; x_wconf 90' lang='grc' dir='ltr'><strong>τε</strong></span> <span class='ocrx_word' id='word_1_346' title='bbox 2467 2485 2560 2541; x_wconf 90' lang='grc' dir='ltr'><strong>τοῦ</strong></span> <span class='ocrx_word' id='word_1_347' title='bbox 2616 2484 2947 2557; x_wconf 80' lang='grc' dir='ltr'>ἀμφοτέρων</span> <span class='ocrx_word' id='word_1_348' title='bbox 3002 2483 3162 2554; x_wconf 85' lang='grc' dir='ltr'>ήμῶν</span> <span class='ocrx_word' id='word_1_349' title='bbox 3209 2481 3469 2537; x_wconf 79' lang='grc' dir='ltr'>ταπεινοῦ</span> <span class='ocrx_word' id='word_1_350' title='bbox 3527 2482 3783 2553; x_wconf 76' lang='grc' dir='ltr'>σώματος</span> 
     </span>
    </p>
   </div>
   <div class='ocr_carea' id='block_1_52' title="bbox 2200 2572 3782 2645">
    <p class='ocr_par' dir='ltr' id='par_1_52' title="bbox 2200 2572 3782 2645">
     <span class='ocr_line' id='line_1_52' title="bbox 2200 2572 3782 2645; baseline -0.006 -14"><span class='ocrx_word' id='word_1_351' title='bbox 2200 2576 2519 2639; x_wconf 80' lang='grc' dir='ltr'>ἀσθένειαν,</span> <span class='ocrx_word' id='word_1_352' title='bbox 2563 2576 2659 2630; x_wconf 79' lang='grc' dir='ltr'>καὶ</span> <span class='ocrx_word' id='word_1_353' title='bbox 2712 2576 2809 2645; x_wconf 79' lang='grc' dir='ltr'>τὴν</span> <span class='ocrx_word' id='word_1_354' title='bbox 2872 2573 3039 2641; x_wconf 84' lang='grc' dir='ltr'>ἀλλην</span> <span class='ocrx_word' id='word_1_355' title='bbox 3087 2572 3370 2642; x_wconf 64' lang='grc' dir='ltr'>ὐποφῖψαι</span> <span class='ocrx_word' id='word_1_356' title='bbox 3423 2572 3782 2643; x_wconf 75' lang='grc' dir='ltr'>ἀγαπητικὴν</span> 
     </span>
    </p>
   </div>
   <div class='ocr_carea' id='block_1_53' title="bbox 2203 2665 3781 2730">
    <p class='ocr_par' dir='ltr' id='par_1_53' title="bbox 2203 2665 3781 2730">
     <span class='ocr_line' id='line_1_53' title="bbox 2203 2665 3781 2730; baseline -0.004 -6"><span class='ocrx_word' id='word_1_357' title='bbox 2203 2669 2573 2724; x_wconf 70' lang='grc' dir='ltr'>πνδιάθεσιν·</span> <span class='ocrx_word' id='word_1_358' title='bbox 2632 2667 2708 2730; x_wconf 82' lang='grc' dir='ltr'>ὡς</span> <span class='ocrx_word' id='word_1_359' title='bbox 2749 2665 3005 2721; x_wconf 89' lang='grc' dir='ltr'>τοσοῦτον</span> <span class='ocrx_word' id='word_1_360' title='bbox 3052 2667 3257 2719; x_wconf 74' lang='grc' dir='ltr'>εἰπεῖν’</span> <span class='ocrx_word' id='word_1_361' title='bbox 3313 2665 3395 2718; x_wconf 86' lang='grc' dir='ltr'>ὅτι</span> <span class='ocrx_word' id='word_1_362' title='bbox 3440 2666 3535 2718; x_wconf 77' lang='grc' dir='ltr'>καὶ</span> <span class='ocrx_word' id='word_1_363' title='bbox 3611 2665 3781 2717; x_wconf 85' lang='grc' dir='ltr'>Στου-</span> 
     </span>
    </p>
   </div>
   <div class='ocr_carea' id='block_1_54' title="bbox 2200 2753 3781 2830">
    <p class='ocr_par' dir='ltr' id='par_1_54' title="bbox 2200 2753 3781 2830">
     <span class='ocr_line' id='line_1_54' title="bbox 2200 2753 3781 2830; baseline -0.004 -17"><span class='ocrx_word' id='word_1_364' title='bbox 2200 2759 2401 2830; x_wconf 86' lang='grc' dir='ltr'>διώτης</span> <span class='ocrx_word' id='word_1_365' title='bbox 2467 2757 2847 2825; x_wconf 84' lang='grc' dir='ltr'>ὑποπτεύομαι</span> <span class='ocrx_word' id='word_1_366' title='bbox 2890 2758 3028 2827; x_wconf 83' lang='grc' dir='ltr'>πρός</span> <span class='ocrx_word' id='word_1_367' title='bbox 3083 2772 3248 2809; x_wconf 89' lang='grc' dir='ltr'>τινων</span> <span class='ocrx_word' id='word_1_368' title='bbox 3298 2753 3408 2806; x_wconf 87' lang='grc' dir='ltr'><strong>τῶν</strong></span> <span class='ocrx_word' id='word_1_369' title='bbox 3479 2755 3781 2817; x_wconf 76' lang='grc' dir='ltr'>ἀντιθέτως</span> 
     </span>
    </p>
   </div>
   <div class='ocr_carea' id='block_1_55' title="bbox 2204 2846 3787 2920">
    <p class='ocr_par' dir='ltr' id='par_1_55' title="bbox 2204 2846 3787 2920">
     <span class='ocr_line' id='line_1_55' title="bbox 2204 2846 3787 2920; baseline -0.001 -17"><span class='ocrx_word' id='word_1_370' title='bbox 2204 2850 2340 2920; x_wconf 74' lang='grc' dir='ltr'>πρὸς</span> <span class='ocrx_word' id='word_1_371' title='bbox 2392 2850 2537 2919; x_wconf 83' lang='grc' dir='ltr'>ὑμᾶς</span> <span class='ocrx_word' id='word_1_372' title='bbox 2570 2850 2841 2920; x_wconf 77' lang='grc' dir='ltr'>ἐχόντων’</span> <span class='ocrx_word' id='word_1_373' title='bbox 2878 2850 2975 2904; x_wconf 74' lang='grc' dir='ltr'><strong>καὶ</strong></span> <span class='ocrx_word' id='word_1_374' title='bbox 3024 2849 3088 2903; x_wconf 84' lang='grc' dir='ltr'><strong>τὸ</strong></span> <span class='ocrx_word' id='word_1_375' title='bbox 3134 2846 3476 2913; x_wconf 81' lang='grc' dir='ltr'>ἀπεύξασθαι</span> <span class='ocrx_word' id='word_1_376' title='bbox 3512 2850 3587 2918; x_wconf 87' lang='grc' dir='ltr'>μή</span> <span class='ocrx_word' id='word_1_377' title='bbox 3648 2865 3787 2901; x_wconf 89' lang='grc' dir='ltr'>ποτε</span> 
     </span>
    </p>
   </div>
   <div class='ocr_carea' id='block_1_56' title="bbox 2211 2939 3789 3011">
    <p class='ocr_par' dir='ltr' id='par_1_56' title="bbox 2211 2939 3789 3011">
     <span class='ocr_line' id='line_1_56' title="bbox 2211 2939 3789 3011; baseline -0.001 -18"><span class='ocrx_word' id='word_1_378' title='bbox 2211 2940 2469 3009; x_wconf 83' lang='grc' dir='ltr'>γενέσθαι</span> <span class='ocrx_word' id='word_1_379' title='bbox 2520 2941 2641 2995; x_wconf 73' lang='grc' dir='ltr'>τινὰ</span> <span class='ocrx_word' id='word_1_380' title='bbox 2704 2941 2912 3011; x_wconf 85' lang='grc' dir='ltr'>τρῶσιν</span> <span class='ocrx_word' id='word_1_381' title='bbox 2966 2942 3067 3011; x_wconf 87' lang='grc' dir='ltr'>τῆς</span> <span class='ocrx_word' id='word_1_382' title='bbox 3138 2940 3478 3011; x_wconf 76' lang='grc' dir='ltr'>τηλικαύτης</span> <span class='ocrx_word' id='word_1_383' title='bbox 3555 2939 3789 3010; x_wconf 82' lang='grc' dir='ltr'>φιλικῆς</span> 
     </span>
    </p>
   </div>
   <div class='ocr_carea' id='block_1_57' title="bbox 2203 3032 3789 3103">
    <p class='ocr_par' dir='ltr' id='par_1_57' title="bbox 2203 3032 3789 3103">
     <span class='ocr_line' id='line_1_57' title="bbox 2203 3032 3789 3103; baseline -0.002 -16"><span class='ocrx_word' id='word_1_384' title='bbox 2203 3033 2577 3103; x_wconf 83' lang='grc' dir='ltr'>ἀνακράσεως.</span> <span class='ocrx_word' id='word_1_385' title='bbox 2627 3032 2800 3088; x_wconf 92' lang='grc' dir='ltr'>Τοῦτο</span> <span class='ocrx_word' id='word_1_386' title='bbox 2836 3033 2958 3087; x_wconf 85' lang='grc' dir='ltr'>ὅλον</span> <span class='ocrx_word' id='word_1_387' title='bbox 2979 3033 3217 3098; x_wconf 78' lang='grc' dir='ltr'>ἐξένισεν</span> <span class='ocrx_word' id='word_1_388' title='bbox 3278 3034 3449 3103; x_wconf 75' lang='grc' dir='ltr'>ἡμᾶς,</span> <span class='ocrx_word' id='word_1_389' title='bbox 3503 3032 3603 3084; x_wconf 62' lang='grc' dir='ltr'><strong>καὶ¹</strong></span> <span class='ocrx_word' id='word_1_390' title='bbox 3651 3048 3789 3085; x_wconf 85' lang='grc' dir='ltr'>συν-</span> 
     </span>
    </p>
   </div>
   <div class='ocr_carea' id='block_1_58' title="bbox 518 3114 2098 3197">
    <p class='ocr_par' dir='ltr' id='par_1_58' title="bbox 518 3114 2098 3186">
     <span class='ocr_line' id='line_1_58' title="bbox 518 3114 2098 3186; baseline -0.001 -13"><span class='ocrx_word' id='word_1_391' title='bbox 518 3118 690 3173; x_wconf 86' lang='lat' dir='ltr'><strong>verba</strong></span> <span class='ocrx_word' id='word_1_392' title='bbox 734 3132 1129 3186; x_wconf 87' lang='lat' dir='ltr'><strong>usurparemus</strong></span> <span class='ocrx_word' id='word_1_393' title='bbox 1167 3114 1522 3185; x_wconf 80' lang='lat' dir='ltr'><strong>:Nunquam,</strong></span> <span class='ocrx_word' id='word_1_394' title='bbox 1561 3130 1595 3171; x_wconf 90' lang='grc' dir='ltr'><strong>ο</strong></span> <span class='ocrx_word' id='word_1_395' title='bbox 1622 3115 1850 3171; x_wconf 89' lang='lat' dir='ltr'><strong>Domine</strong></span> <span class='ocrx_word' id='word_1_396' title='bbox 1878 3117 2098 3172; x_wconf 88' lang='lat' dir='ltr'><strong>univer-</strong></span> 
     </span>
    </p>
   </div>
   <div class='ocr_carea' id='block_1_59' title="bbox 2206 3114 3792 3197">
    <p class='ocr_par' dir='ltr' id='par_1_59' title="bbox 2206 3123 3792 3197">
     <span class='ocr_line' id='line_1_59' title="bbox 2206 3123 3792 3197; baseline -0.003 -19"><span class='ocrx_word' id='word_1_397' title='bbox 2206 3124 2472 3197; x_wconf 77' lang='grc' dir='ltr'>εῤῥίζωσε</span> <span class='ocrx_word' id='word_1_398' title='bbox 2536 3124 2737 3196; x_wconf 83' lang='grc' dir='ltr'>μᾶλλον</span> <span class='ocrx_word' id='word_1_399' title='bbox 2807 3126 2902 3179; x_wconf 79' lang='grc' dir='ltr'><strong>καὶ</strong></span> <span class='ocrx_word' id='word_1_400' title='bbox 2965 3124 3168 3195; x_wconf 83' lang='grc' dir='ltr'>μᾶλλον</span> <span class='ocrx_word' id='word_1_401' title='bbox 3223 3125 3283 3177; x_wconf 84' lang='grc' dir='ltr'>ὲν</span> <span class='ocrx_word' id='word_1_402' title='bbox 3337 3127 3406 3195; x_wconf 76' lang='grc' dir='ltr'>τῇ</span> <span class='ocrx_word' id='word_1_403' title='bbox 3488 3123 3792 3195; x_wconf 76' lang='grc' dir='ltr'>εἰλικρινεῖ</span> 
     </span>
    </p>
   </div>
   <div class='ocr_carea' id='block_1_60' title="bbox 525 3207 2098 3300">
    <p class='ocr_par' dir='ltr' id='par_1_60' title="bbox 525 3207 2097 3277">
     <span class='ocr_line' id='line_1_60' title="bbox 525 3207 2097 3277; baseline 0 -14"><span class='ocrx_word' id='word_1_404' title='bbox 525 3222 735 3275; x_wconf 83' lang='lat' dir='ltr'><strong>surum,</strong></span> <span class='ocrx_word' id='word_1_405' title='bbox 759 3207 1010 3263; x_wconf 86' lang='lat' dir='ltr'><strong>oblivisci</strong></span> <span class='ocrx_word' id='word_1_406' title='bbox 1036 3223 1135 3261; x_wconf 82' lang='lat' dir='ltr'><strong>nos</strong></span> <span class='ocrx_word' id='word_1_407' title='bbox 1171 3208 1320 3262; x_wconf 90' lang='lat' dir='ltr'><strong>sinas</strong></span> <span class='ocrx_word' id='word_1_408' title='bbox 1344 3208 1547 3277; x_wconf 75' lang='lat' dir='ltr'><strong>egregii</strong></span> <span class='ocrx_word' id='word_1_409' title='bbox 1583 3207 1966 3275; x_wconf 90' lang='lat' dir='ltr'><strong>benefactoris,</strong></span> <span class='ocrx_word' id='word_1_410' title='bbox 1986 3209 2097 3275; x_wconf 83' lang='lat' dir='ltr'><strong>fidi,</strong></span> 
     </span>
    </p>
   </div>
   <div class='ocr_carea' id='block_1_61' title="bbox 2206 3207 3789 3300">
    <p class='ocr_par' dir='ltr' id='par_1_61' title="bbox 2206 3209 3789 3289">
     <span class='ocr_line' id='line_1_61' title="bbox 2206 3209 3789 3289; baseline -0.001 -19"><span class='ocrx_word' id='word_1_411' title='bbox 2206 3211 2375 3286; x_wconf 85' lang='grc' dir='ltr'>αὐτῆς</span> <span class='ocrx_word' id='word_1_412' title='bbox 2405 3218 2681 3289; x_wconf 85' lang='grc' dir='ltr'>ἀγαπήσει</span> <span class='ocrx_word' id='word_1_413' title='bbox 2708 3217 2779 3270; x_wconf 84' lang='grc' dir='ltr'><strong>τὰ</strong></span> <span class='ocrx_word' id='word_1_414' title='bbox 2807 3218 2946 3272; x_wconf 83' lang='grc' dir='ltr'><strong>αὐτά</strong></span> <span class='ocrx_word' id='word_1_415' title='bbox 2985 3217 3260 3284; x_wconf 77' lang='grc' dir='ltr'>λέγοντεςο</span> <span class='ocrx_word' id='word_1_416' title='bbox 3298 3217 3389 3282; x_wconf 88' lang='grc' dir='ltr'><strong>Μή</strong></span> <span class='ocrx_word' id='word_1_417' title='bbox 3426 3232 3583 3280; x_wconf 86' lang='grc' dir='ltr'>ποτε,</span> <span class='ocrx_word' id='word_1_418' title='bbox 3623 3209 3669 3269; x_wconf 79' lang='grc' dir='ltr'><strong>ὦ</strong></span> <span class='ocrx_word' id='word_1_419' title='bbox 3698 3216 3789 3268; x_wconf 81' lang='grc' dir='ltr'><strong>δέ-</strong></span> 
     </span>
    </p>
   </div>
   <div class='ocr_carea' id='block_1_62' title="bbox 522 3300 2098 3379">
    <p class='ocr_par' dir='ltr' id='par_1_62' title="bbox 522 3300 2095 3373">
     <span class='ocr_line' id='line_1_62' title="bbox 522 3300 2095 3373; baseline 0.001 -18"><span class='ocrx_word' id='word_1_420' title='bbox 522 3301 822 3367; x_wconf 82' lang='lat' dir='ltr'><strong>ttnanimis,</strong></span> <span class='ocrx_word' id='word_1_421' title='bbox 875 3300 1095 3371; x_wconf 88' lang='lat' dir='ltr'><strong>probati</strong></span> <span class='ocrx_word' id='word_1_422' title='bbox 1145 3302 1426 3367; x_wconf 88' lang='lat' dir='ltr'><strong>amatoris,</strong></span> <span class='ocrx_word' id='word_1_423' title='bbox 1482 3301 1625 3355; x_wconf 89' lang='lat' dir='ltr'><strong>sacri</strong></span> <span class='ocrx_word' id='word_1_424' title='bbox 1682 3301 1943 3365; x_wconf 91' lang='lat' dir='ltr'><strong>hominis,</strong></span> <span class='ocrx_word' id='word_1_425' title='bbox 1999 3318 2095 3373; x_wconf 88' lang='lat' dir='ltr'><strong>per</strong></span> 
     </span>
    </p>
   </div>
   <div class='ocr_carea' id='block_1_63' title="bbox 2206 3300 3824 3379">
    <p class='ocr_par' dir='ltr' id='par_1_63' title="bbox 2206 3306 3824 3379">
     <span class='ocr_line' id='line_1_63' title="bbox 2206 3306 3824 3379; baseline -0.001 -18"><span class='ocrx_word' id='word_1_426' title='bbox 2206 3326 2397 3374; x_wconf 88' lang='grc' dir='ltr'>σποτα,</span> <span class='ocrx_word' id='word_1_427' title='bbox 2446 3309 2556 3364; x_wconf 88' lang='grc' dir='ltr'><strong>τῶν</strong></span> <span class='ocrx_word' id='word_1_428' title='bbox 2620 3309 2881 3364; x_wconf 86' lang='grc' dir='ltr'>ἁπάντων</span> <span class='ocrx_word' id='word_1_429' title='bbox 2924 3308 3065 3379; x_wconf 81' lang='grc' dir='ltr'>δῴης</span> <span class='ocrx_word' id='word_1_430' title='bbox 3111 3312 3246 3379; x_wconf 79' lang='grc' dir='ltr'>ἡμῖν</span> <span class='ocrx_word' id='word_1_431' title='bbox 3296 3306 3655 3361; x_wconf 75' lang='grc' dir='ltr'>ἐπιλαθέσθαι</span> <span class='ocrx_word' id='word_1_432' title='bbox 3686 3306 3824 3361; x_wconf 72' lang='grc' dir='ltr'><strong>τοῦ</strong></span> 
     </span>
    </p>
   </div>
   <div class='ocr_carea' id='block_1_64' title="bbox 522 3392 2096 3465">
    <p class='ocr_par' dir='ltr' id='par_1_64' title="bbox 522 3392 2096 3465">
     <span class='ocr_line' id='line_1_64' title="bbox 522 3392 2096 3465; baseline 0.003 -18"><span class='ocrx_word' id='word_1_433' title='bbox 522 3393 708 3447; x_wconf 89' lang='lat' dir='ltr'><strong>omnia</strong></span> <span class='ocrx_word' id='word_1_434' title='bbox 736 3402 791 3447; x_wconf 89' lang='lat' dir='ltr'><strong>et</strong></span> <span class='ocrx_word' id='word_1_435' title='bbox 823 3392 877 3446; x_wconf 91' lang='lat' dir='ltr'><strong>in</strong></span> <span class='ocrx_word' id='word_1_436' title='bbox 908 3393 1166 3449; x_wconf 88' lang='lat' dir='ltr'><strong>omnibus</strong></span> <span class='ocrx_word' id='word_1_437' title='bbox 1196 3394 1392 3449; x_wconf 89' lang='lat' dir='ltr'><strong>tutoris</strong></span> <span class='ocrx_word' id='word_1_438' title='bbox 1421 3410 1484 3449; x_wconf 90' lang='lat' dir='ltr'><strong>ac</strong></span> <span class='ocrx_word' id='word_1_439' title='bbox 1512 3394 1749 3464; x_wconf 91' lang='lat' dir='ltr'><strong>patroni,</strong></span> <span class='ocrx_word' id='word_1_440' title='bbox 1778 3393 2017 3465; x_wconf 87' lang='lat' dir='ltr'><strong>Herique</strong></span> <span class='ocrx_word' id='word_1_441' title='bbox 2043 3403 2096 3451; x_wconf 91' lang='lat' dir='ltr'><strong>et</strong></span> 
     </span>
    </p>
   </div>
   <div class='ocr_carea' id='block_1_65' title="bbox 522 3485 2099 3543">
    <p class='ocr_par' dir='ltr' id='par_1_65' title="bbox 522 3485 2099 3543">
     <span class='ocr_line' id='line_1_65' title="bbox 522 3485 2099 3543; baseline -0.001 -1"><span class='ocrx_word' id='word_1_442' title='bbox 522 3485 743 3542; x_wconf 92' lang='lat' dir='ltr'><strong>Domini</strong></span> <span class='ocrx_word' id='word_1_443' title='bbox 795 3485 970 3541; x_wconf 88' lang='lat' dir='ltr'><strong>nostri</strong></span> <span class='ocrx_word' id='word_1_444' title='bbox 1008 3503 1021 3538; x_wconf 89' lang='lat'>:</span> <span class='ocrx_word' id='word_1_445' title='bbox 1054 3486 1149 3541; x_wconf 89' lang='lat' dir='ltr'><strong>sed</strong></span> <span class='ocrx_word' id='word_1_446' title='bbox 1184 3486 1385 3541; x_wconf 62' lang='lat' dir='ltr'><strong>haereat</strong></span> <span class='ocrx_word' id='word_1_447' title='bbox 1420 3486 1472 3541; x_wconf 91' lang='lat' dir='ltr'><strong>in</strong></span> <span class='ocrx_word' id='word_1_448' title='bbox 1500 3488 1656 3543; x_wconf 87' lang='lat' dir='ltr'><strong>nobis</strong></span> <span class='ocrx_word' id='word_1_449' title='bbox 1688 3486 1891 3541; x_wconf 81' lang='lat' dir='ltr'><strong>inﬁxus</strong></span> <span class='ocrx_word' id='word_1_450' title='bbox 1941 3502 2099 3542; x_wconf 87' lang='lat' dir='ltr'><strong>amor</strong></span> 
     </span>
    </p>
   </div>
   <div class='ocr_carea' id='block_1_66' title="bbox 524 3575 2099 3647">
    <p class='ocr_par' dir='ltr' id='par_1_66' title="bbox 524 3575 2099 3647">
     <span class='ocr_line' id='line_1_66' title="bbox 524 3575 2099 3647; baseline 0.002 -17"><span class='ocrx_word' id='word_1_451' title='bbox 524 3575 689 3630; x_wconf 87' lang='lat' dir='ltr'><strong>etiam</strong></span> <span class='ocrx_word' id='word_1_452' title='bbox 724 3588 843 3647; x_wconf 81' lang='lat' dir='ltr'><strong>post</strong></span> <span class='ocrx_word' id='word_1_453' title='bbox 872 3586 1122 3644; x_wconf 87' lang='lat' dir='ltr'><strong>mortem,</strong></span> <span class='ocrx_word' id='word_1_454' title='bbox 1156 3594 1374 3647; x_wconf 87' lang='lat' dir='ltr'><strong>unaque</strong></span> <span class='ocrx_word' id='word_1_455' title='bbox 1404 3579 1457 3632; x_wconf 92' lang='lat' dir='ltr'><strong>in</strong></span> <span class='ocrx_word' id='word_1_456' title='bbox 1485 3577 1670 3633; x_wconf 84' lang='lat' dir='ltr'><strong>futuro</strong></span> <span class='ocrx_word' id='word_1_457' title='bbox 1698 3579 1899 3635; x_wconf 69' lang='lat' dir='ltr'><strong>saeculo</strong></span> <span class='ocrx_word' id='word_1_458' title='bbox 1926 3578 2099 3634; x_wconf 90' lang='lat' dir='ltr'><strong>comi-</strong></span> 
     </span>
    </p>
   </div>
   <div class='ocr_carea' id='block_1_67' title="bbox 527 3669 2099 3741">
    <p class='ocr_par' dir='ltr' id='par_1_67' title="bbox 527 3669 2099 3741">
     <span class='ocr_line' id='line_1_67' title="bbox 527 3669 2099 3741; baseline 0.003 -20"><span class='ocrx_word' id='word_1_459' title='bbox 527 3677 695 3734; x_wconf 88' lang='lat' dir='ltr'><strong>tetur,</strong></span> <span class='ocrx_word' id='word_1_460' title='bbox 718 3669 940 3738; x_wconf 90' lang='lat' dir='ltr'><strong>quando</strong></span> <span class='ocrx_word' id='word_1_461' title='bbox 968 3684 1067 3722; x_wconf 90' lang='lat' dir='ltr'><strong>nos</strong></span> <span class='ocrx_word' id='word_1_462' title='bbox 1097 3669 1329 3724; x_wconf 83' lang='lat' dir='ltr'><strong>invicem</strong></span> <span class='ocrx_word' id='word_1_463' title='bbox 1360 3672 1677 3740; x_wconf 79' lang='lat' dir='ltr'><strong>cognituros</strong></span> <span class='ocrx_word' id='word_1_464' title='bbox 1709 3686 2015 3741; x_wconf 86' lang='lat' dir='ltr'><strong>speramus,</strong></span> <span class='ocrx_word' id='word_1_465' title='bbox 2044 3680 2099 3725; x_wconf 92' lang='lat' dir='ltr'><strong>et</strong></span> 
     </span>
    </p>
   </div>
   <div class='ocr_carea' id='block_1_68' title="bbox 524 3762 2099 3834">
    <p class='ocr_par' dir='ltr' id='par_1_68' title="bbox 524 3762 2099 3834">
     <span class='ocr_line' id='line_1_68' title="bbox 524 3762 2099 3834; baseline 0.001 -17"><span class='ocrx_word' id='word_1_466' title='bbox 524 3764 1007 3833; x_wconf 77' lang='lat' dir='ltr'><strong>congratulaturos</strong></span> <span class='ocrx_word' id='word_1_467' title='bbox 1034 3763 1086 3816; x_wconf 91' lang='lat' dir='ltr'><strong>in</strong></span> <span class='ocrx_word' id='word_1_468' title='bbox 1112 3764 1219 3817; x_wconf 86' lang='lat' dir='ltr'><strong>Deo</strong></span> <span class='ocrx_word' id='word_1_469' title='bbox 1245 3764 1312 3819; x_wconf 88' lang='lat' dir='ltr'><strong>iis</strong></span> <span class='ocrx_word' id='word_1_470' title='bbox 1344 3764 1437 3833; x_wconf 91' lang='lat' dir='ltr'><strong>qui</strong></span> <span class='ocrx_word' id='word_1_471' title='bbox 1468 3762 1705 3834; x_wconf 90' lang='lat' dir='ltr'><strong>Spiritus</strong></span> <span class='ocrx_word' id='word_1_472' title='bbox 1735 3765 1972 3834; x_wconf 90' lang='lat' dir='ltr'><strong>impulsu</strong></span> <span class='ocrx_word' id='word_1_473' title='bbox 1998 3781 2099 3819; x_wconf 91' lang='lat' dir='ltr'><strong>nos</strong></span> 
     </span>
    </p>
   </div>
   <div class='ocr_carea' id='block_1_69' title="bbox 523 3853 2093 3926">
    <p class='ocr_par' dir='ltr' id='par_1_69' title="bbox 523 3853 2093 3926">
     <span class='ocr_line' id='line_1_69' title="bbox 523 3853 2093 3926; baseline 0.002 -18"><span class='ocrx_word' id='word_1_474' title='bbox 523 3856 783 3910; x_wconf 87' lang='lat' dir='ltr'><strong>amarint.</strong></span> <span class='ocrx_word' id='word_1_475' title='bbox 821 3853 1019 3910; x_wconf 87' lang='lat' dir='ltr'><strong>Verum</strong></span> <span class='ocrx_word' id='word_1_476' title='bbox 1053 3856 1181 3911; x_wconf 89' lang='lat' dir='ltr'><strong>hinc</strong></span> <span class='ocrx_word' id='word_1_477' title='bbox 1211 3858 1495 3926; x_wconf 81' lang='lat' dir='ltr'><strong>egrediens</strong></span> <span class='ocrx_word' id='word_1_478' title='bbox 1526 3857 1723 3919; x_wconf 91' lang='lat' dir='ltr'><strong>oratio,</strong></span> <span class='ocrx_word' id='word_1_479' title='bbox 1769 3857 1821 3910; x_wconf 91' lang='lat' dir='ltr'><strong>in</strong></span> <span class='ocrx_word' id='word_1_480' title='bbox 1868 3857 2093 3926; x_wconf 89' lang='lat' dir='ltr'><strong>duplici,</strong></span> 
     </span>
    </p>
   </div>
   <div class='ocr_carea' id='block_1_70' title="bbox 523 3945 2099 4017">
    <p class='ocr_par' dir='ltr' id='par_1_70' title="bbox 523 3945 2099 4017">
     <span class='ocr_line' id='line_1_70' title="bbox 523 3945 2099 4017; baseline -0.001 -14"><span class='ocrx_word' id='word_1_481' title='bbox 523 3946 571 4003; x_wconf 83' lang='lat' dir='ltr'><strong>si</strong></span> <span class='ocrx_word' id='word_1_482' title='bbox 613 3945 794 4017; x_wconf 84' lang='lat' dir='ltr'><strong>jubes,</strong></span> <span class='ocrx_word' id='word_1_483' title='bbox 828 3954 1151 4016; x_wconf 81' lang='lat' dir='ltr'><strong>argumento</strong></span> <span class='ocrx_word' id='word_1_484' title='bbox 1190 3946 1516 4001; x_wconf 85' lang='lat' dir='ltr'><strong>versabitur.</strong></span> <span class='ocrx_word' id='word_1_485' title='bbox 1548 3946 1609 4000; x_wconf 90' lang='lat' dir='ltr'><strong>In</strong></span> <span class='ocrx_word' id='word_1_486' title='bbox 1660 3947 1838 4015; x_wconf 84' lang='lat' dir='ltr'><strong>priore</strong></span> <span class='ocrx_word' id='word_1_487' title='bbox 1880 3947 2099 4016; x_wconf 79' lang='lat' dir='ltr'><strong>itaque,</strong></span> 
     </span>
    </p>
   </div>
   <div class='ocr_carea' id='block_1_71' title="bbox 523 4037 2100 4111">
    <p class='ocr_par' dir='ltr' id='par_1_71' title="bbox 523 4037 2100 4111">
     <span class='ocr_line' id='line_1_71' title="bbox 523 4037 2100 4111; baseline -0.001 -17"><span class='ocrx_word' id='word_1_488' title='bbox 523 4040 619 4111; x_wconf 91' lang='lat' dir='ltr'><strong>qui</strong></span> <span class='ocrx_word' id='word_1_489' title='bbox 647 4055 841 4094; x_wconf 86' lang='lat' dir='ltr'><strong>sensus</strong></span> <span class='ocrx_word' id='word_1_490' title='bbox 869 4052 995 4093; x_wconf 92' lang='lat' dir='ltr'><strong>tuus</strong></span> <span class='ocrx_word' id='word_1_491' title='bbox 1033 4037 1217 4101; x_wconf 84' lang='lat' dir='ltr'><strong>fuerit,</strong></span> <span class='ocrx_word' id='word_1_492' title='bbox 1247 4038 1469 4092; x_wconf 88' lang='lat' dir='ltr'><strong>domine</strong></span> <span class='ocrx_word' id='word_1_493' title='bbox 1499 4038 1595 4105; x_wconf 89' lang='lat' dir='ltr'><strong>mi,</strong></span> <span class='ocrx_word' id='word_1_494' title='bbox 1634 4039 1775 4093; x_wconf 87' lang='lat' dir='ltr'><strong>idem</strong></span> <span class='ocrx_word' id='word_1_495' title='bbox 1811 4048 1866 4093; x_wconf 90' lang='lat' dir='ltr'><strong>et</strong></span> <span class='ocrx_word' id='word_1_496' title='bbox 1915 4049 2100 4093; x_wconf 79' lang='lat' dir='ltr'><strong>noster</strong></span> 
     </span>
    </p>
   </div>
   <div class='ocr_carea' id='block_1_72' title="bbox 525 4129 1323 4201">
    <p class='ocr_par' dir='ltr' id='par_1_72' title="bbox 525 4129 1323 4201">
     <span class='ocr_line' id='line_1_72' title="bbox 525 4129 1323 4201; baseline -0.003 -16"><span class='ocrx_word' id='word_1_497' title='bbox 525 4132 652 4185; x_wconf 90' lang='lat' dir='ltr'><strong>erit.</strong></span> <span class='ocrx_word' id='word_1_498' title='bbox 686 4129 777 4184; x_wconf 88' lang='lat' dir='ltr'><strong>Sic</strong></span> <span class='ocrx_word' id='word_1_499' title='bbox 820 4130 989 4201; x_wconf 74' lang='lat' dir='ltr'><strong>igitur</strong></span> <span class='ocrx_word' id='word_1_500' title='bbox 1020 4129 1323 4184; x_wconf 85' lang='lat' dir='ltr'><strong>ordiamur.</strong></span> 
     </span>
    </p>
   </div>
   <div class='ocr_carea' id='block_1_73' title="bbox 2201 3397 3789 3471">
    <p class='ocr_par' dir='ltr' id='par_1_73' title="bbox 2201 3397 3789 3471">
     <span class='ocr_line' id='line_1_73' title="bbox 2201 3397 3789 3471; baseline -0.002 -18"><span class='ocrx_word' id='word_1_501' title='bbox 2201 3400 2366 3454; x_wconf 84' lang='grc' dir='ltr'>καλοῦ</span> <span class='ocrx_word' id='word_1_502' title='bbox 2406 3402 2693 3471; x_wconf 80' lang='grc' dir='ltr'>εὐεργέτου</span> <span class='ocrx_word' id='word_1_503' title='bbox 2718 3442 2732 3465; x_wconf 88' lang='grc'><strong>,</strong></span> <span class='ocrx_word' id='word_1_504' title='bbox 2751 3401 2846 3455; x_wconf 86' lang='grc' dir='ltr'><strong>τοῦ</strong></span> <span class='ocrx_word' id='word_1_505' title='bbox 2870 3402 3081 3455; x_wconf 61' lang='grc' dir='ltr'>πιστοῦ</span> <span class='ocrx_word' id='word_1_506' title='bbox 3097 3399 3407 3470; x_wconf 66' lang='grc' dir='ltr'>συμώύχου,</span> <span class='ocrx_word' id='word_1_507' title='bbox 3430 3397 3525 3451; x_wconf 92' lang='grc' dir='ltr'><strong>τοῦ</strong></span> <span class='ocrx_word' id='word_1_508' title='bbox 3550 3398 3789 3468; x_wconf 83' lang='grc' dir='ltr'>δοκίμου</span> 
     </span>
    </p>
   </div>
   <div class='ocr_carea' id='block_1_74' title="bbox 2202 3490 3792 3565">
    <p class='ocr_par' dir='ltr' id='par_1_74' title="bbox 2202 3490 3792 3565">
     <span class='ocr_line' id='line_1_74' title="bbox 2202 3490 3792 3565; baseline -0.001 -20"><span class='ocrx_word' id='word_1_509' title='bbox 2202 3492 2456 3564; x_wconf 77' lang='grc' dir='ltr'>ἐραστοῦ,</span> <span class='ocrx_word' id='word_1_510' title='bbox 2484 3495 2580 3547; x_wconf 88' lang='grc' dir='ltr'><strong>τοῦ</strong></span> <span class='ocrx_word' id='word_1_511' title='bbox 2636 3494 2785 3561; x_wconf 88' lang='grc' dir='ltr'>ίεροῦ</span> <span class='ocrx_word' id='word_1_512' title='bbox 2822 3493 3136 3565; x_wconf 86' lang='grc' dir='ltr'>ἀνθρώπου,</span> <span class='ocrx_word' id='word_1_513' title='bbox 3179 3491 3295 3545; x_wconf 88' lang='grc' dir='ltr'>τοῦ·</span> <span class='ocrx_word' id='word_1_514' title='bbox 3328 3491 3473 3545; x_wconf 88' lang='grc' dir='ltr'><strong>κατά</strong></span> <span class='ocrx_word' id='word_1_515' title='bbox 3508 3490 3695 3544; x_wconf 81' lang='grc' dir='ltr'>πάντα</span> <span class='ocrx_word' id='word_1_516' title='bbox 3729 3492 3792 3544; x_wconf 88' lang='grc' dir='ltr'>ὲν</span> 
     </span>
    </p>
   </div>
   <div class='ocr_carea' id='block_1_75' title="bbox 2203 3582 3792 3654">
    <p class='ocr_par' dir='ltr' id='par_1_75' title="bbox 2203 3582 3792 3654">
     <span class='ocr_line' id='line_1_75' title="bbox 2203 3582 3792 3654; baseline 0 -19"><span class='ocrx_word' id='word_1_517' title='bbox 2203 3585 2337 3635; x_wconf 82' lang='grc' dir='ltr'>πᾶσι</span> <span class='ocrx_word' id='word_1_518' title='bbox 2390 3583 2485 3637; x_wconf 76' lang='grc' dir='ltr'>καὶ</span> <span class='ocrx_word' id='word_1_519' title='bbox 2540 3585 2842 3654; x_wconf 81' lang='grc' dir='ltr'>προστάτου</span> <span class='ocrx_word' id='word_1_520' title='bbox 2892 3584 2987 3636; x_wconf 77' lang='grc' dir='ltr'><strong>καὶ</strong></span> <span class='ocrx_word' id='word_1_521' title='bbox 3041 3582 3362 3651; x_wconf 81' lang='grc' dir='ltr'>κηδεμόνος,</span> <span class='ocrx_word' id='word_1_522' title='bbox 3415 3583 3510 3635; x_wconf 78' lang='grc' dir='ltr'><strong>καὶ</strong></span> <span class='ocrx_word' id='word_1_523' title='bbox 3567 3583 3792 3654; x_wconf 82' lang='grc' dir='ltr'>Κυρίου</span> 
     </span>
    </p>
   </div>
   <div class='ocr_carea' id='block_1_76' title="bbox 2209 3671 3793 3743">
    <p class='ocr_par' dir='ltr' id='par_1_76' title="bbox 2209 3671 3793 3743">
     <span class='ocr_line' id='line_1_76' title="bbox 2209 3671 3793 3743; baseline -0.001 -18"><span class='ocrx_word' id='word_1_524' title='bbox 2209 3672 2369 3743; x_wconf 78' lang='grc' dir='ltr'>ἡμῶν</span> <span class='ocrx_word' id='word_1_525' title='bbox 2406 3674 2503 3726; x_wconf 74' lang='grc' dir='ltr'>καὶ</span> <span class='ocrx_word' id='word_1_526' title='bbox 2528 3673 2802 3726; x_wconf 88' lang='grc' dir='ltr'>Δεσπότου</span> <span class='ocrx_word' id='word_1_527' title='bbox 2825 3690 2840 3707; x_wconf 77' lang='grc' dir='ltr'><strong>ο</strong></span> <span class='ocrx_word' id='word_1_528' title='bbox 2885 3673 3001 3727; x_wconf 85' lang='grc' dir='ltr'>ἀλλ’</span> <span class='ocrx_word' id='word_1_529' title='bbox 3031 3673 3118 3743; x_wconf 81' lang='grc' dir='ltr'>εἴη</span> <span class='ocrx_word' id='word_1_530' title='bbox 3148 3672 3209 3726; x_wconf 86' lang='grc' dir='ltr'><strong>τὸ</strong></span> <span class='ocrx_word' id='word_1_531' title='bbox 3238 3671 3461 3742; x_wconf 82' lang='grc' dir='ltr'>φίλτρον</span> <span class='ocrx_word' id='word_1_532' title='bbox 3511 3672 3608 3725; x_wconf 83' lang='grc' dir='ltr'><strong>καὶ</strong></span> <span class='ocrx_word' id='word_1_533' title='bbox 3644 3672 3793 3741; x_wconf 85' lang='grc' dir='ltr'>μετὰ</span> 
     </span>
    </p>
   </div>
   <div class='ocr_carea' id='block_1_77' title="bbox 2203 3764 3798 3835">
    <p class='ocr_par' dir='ltr' id='par_1_77' title="bbox 2203 3764 3798 3835">
     <span class='ocr_line' id='line_1_77' title="bbox 2203 3764 3798 3835; baseline 0 -20"><span class='ocrx_word' id='word_1_534' title='bbox 2203 3764 2412 3833; x_wconf 89' lang='grc' dir='ltr'>πότμον</span> <span class='ocrx_word' id='word_1_535' title='bbox 2438 3764 2682 3828; x_wconf 76' lang='grc' dir='ltr'>ὲνιζάνον</span> <span class='ocrx_word' id='word_1_536' title='bbox 2723 3767 2781 3818; x_wconf 82' lang='grc' dir='ltr'>ὲν</span> <span class='ocrx_word' id='word_1_537' title='bbox 2806 3766 2941 3835; x_wconf 82' lang='grc' dir='ltr'>ἡμῖν</span> <span class='ocrx_word' id='word_1_538' title='bbox 2963 3781 2977 3796; x_wconf 80' lang='lat'><strong>&#39;</strong></span> <span class='ocrx_word' id='word_1_539' title='bbox 3017 3764 3218 3834; x_wconf 77' lang='grc' dir='ltr'>μᾶλλον</span> <span class='ocrx_word' id='word_1_540' title='bbox 3258 3764 3316 3817; x_wconf 79' lang='grc' dir='ltr'>δὲ</span> <span class='ocrx_word' id='word_1_541' title='bbox 3344 3765 3438 3818; x_wconf 76' lang='grc' dir='ltr'><strong>καὶ</strong></span> <span class='ocrx_word' id='word_1_542' title='bbox 3468 3781 3798 3834; x_wconf 82' lang='grc' dir='ltr'>συμμετερ-</span> 
     </span>
    </p>
   </div>
   <div class='ocr_carea' id='block_1_78' title="bbox 2202 3849 3795 3927">
    <p class='ocr_par' dir='ltr' id='par_1_78' title="bbox 2202 3849 3795 3927">
     <span class='ocr_line' id='line_1_78' title="bbox 2202 3849 3795 3927; baseline 0.001 -21"><span class='ocrx_word' id='word_1_543' title='bbox 2202 3855 2428 3924; x_wconf 77' lang='grc' dir='ltr'>χύμενον</span> <span class='ocrx_word' id='word_1_544' title='bbox 2477 3856 2536 3908; x_wconf 74' lang='grc' dir='ltr'>ὲν</span> <span class='ocrx_word' id='word_1_545' title='bbox 2572 3856 2652 3927; x_wconf 83' lang='grc' dir='ltr'>τῷ</span> <span class='ocrx_word' id='word_1_546' title='bbox 2714 3856 2962 3925; x_wconf 84' lang='grc' dir='ltr'>μέλλοντι</span> <span class='ocrx_word' id='word_1_547' title='bbox 3006 3856 3186 3920; x_wconf 86' lang='grc' dir='ltr'>αἰῶνι,</span> <span class='ocrx_word' id='word_1_548' title='bbox 3241 3858 3300 3909; x_wconf 82' lang='grc' dir='ltr'>ὲν</span> <span class='ocrx_word' id='word_1_549' title='bbox 3349 3849 3395 3925; x_wconf 83' lang='grc' dir='ltr'>ᾧ</span> <span class='ocrx_word' id='word_1_550' title='bbox 3447 3856 3795 3925; x_wconf 82' lang='grc' dir='ltr'>πιστεύομεν</span> 
     </span>
    </p>
   </div>
   <div class='ocr_carea' id='block_1_79' title="bbox 2204 3946 3797 4019">
    <p class='ocr_par' dir='ltr' id='par_1_79' title="bbox 2204 3946 3797 4019">
     <span class='ocr_line' id='line_1_79' title="bbox 2204 3946 3797 4019; baseline 0.001 -20"><span class='ocrx_word' id='word_1_551' title='bbox 2204 3947 2494 4016; x_wconf 77' lang='grc' dir='ltr'>γνωρίζειν</span> <span class='ocrx_word' id='word_1_552' title='bbox 2537 3947 2807 4018; x_wconf 83' lang='grc' dir='ltr'>ἀλλήλους</span> <span class='ocrx_word' id='word_1_553' title='bbox 2834 3964 2850 3980; x_wconf 92' lang='grc'><strong>·</strong></span> <span class='ocrx_word' id='word_1_554' title='bbox 2899 3948 2993 4001; x_wconf 75' lang='grc' dir='ltr'><strong>καὶ</strong></span> <span class='ocrx_word' id='word_1_555' title='bbox 3037 3948 3361 4019; x_wconf 88' lang='grc' dir='ltr'>συγχαίρειν</span> <span class='ocrx_word' id='word_1_556' title='bbox 3401 3950 3458 4001; x_wconf 81' lang='grc' dir='ltr'>ὲν</span> <span class='ocrx_word' id='word_1_557' title='bbox 3497 3946 3619 4018; x_wconf 85' lang='grc' dir='ltr'><strong>Θεῷ</strong></span> <span class='ocrx_word' id='word_1_558' title='bbox 3654 3949 3797 4013; x_wconf 83' lang='grc' dir='ltr'>τοὺς</span> 
     </span>
    </p>
   </div>
   <div class='ocr_carea' id='block_1_80' title="bbox 2202 4035 3797 4109">
    <p class='ocr_par' dir='ltr' id='par_1_80' title="bbox 2202 4035 3797 4109">
     <span class='ocr_line' id='line_1_80' title="bbox 2202 4035 3797 4109; baseline 0.003 -21"><span class='ocrx_word' id='word_1_559' title='bbox 2202 4035 2541 4107; x_wconf 81' lang='grc' dir='ltr'>φιλήσαντας</span> <span class='ocrx_word' id='word_1_560' title='bbox 2577 4039 2805 4102; x_wconf 70' lang='grc' dir='ltr'>ἑαυτοὺς</span> <span class='ocrx_word' id='word_1_561' title='bbox 2834 4042 3373 4109; x_wconf 85' lang='grc' dir='ltr'>πνευματοκινήτως.</span> <span class='ocrx_word' id='word_1_562' title='bbox 3425 4038 3562 4091; x_wconf 86' lang='grc' dir='ltr'>Ἀλλ’</span> <span class='ocrx_word' id='word_1_563' title='bbox 3592 4040 3797 4092; x_wconf 77' lang='grc' dir='ltr'>ἐντεῦ-</span> 
     </span>
    </p>
   </div>
   <div class='ocr_carea' id='block_1_81' title="bbox 2200 4128 3796 4217">
    <p class='ocr_par' dir='ltr' id='par_1_81' title="bbox 2200 4128 3796 4217">
     <span class='ocr_line' id='line_1_81' title="bbox 2200 4128 3796 4217; baseline 0.001 -36"><span class='ocrx_word' id='word_1_564' title='bbox 2200 4128 2291 4182; x_wconf 88' lang='grc' dir='ltr'><strong>θεν</strong></span> <span class='ocrx_word' id='word_1_565' title='bbox 2344 4131 2372 4183; x_wconf 87' lang='grc' dir='ltr'>ὁ</span> <span class='ocrx_word' id='word_1_566' title='bbox 2422 4130 2578 4198; x_wconf 86' lang='grc' dir='ltr'>λόγος</span> <span class='ocrx_word' id='word_1_567' title='bbox 2612 4129 2885 4201; x_wconf 83' lang='grc' dir='ltr'>μετελθὼν</span> <span class='ocrx_word' id='word_1_568' title='bbox 2927 4132 2986 4184; x_wconf 82' lang='grc' dir='ltr'>ὲν</span> <span class='ocrx_word' id='word_1_569' title='bbox 3024 4132 3145 4193; x_wconf 81' lang='grc' dir='ltr'>ταῖς</span> <span class='ocrx_word' id='word_1_570' title='bbox 3204 4130 3358 4184; x_wconf 76' lang='grc' dir='ltr'>δυσὶν</span> <span class='ocrx_word' id='word_1_571' title='bbox 3416 4131 3796 4217; x_wconf 71' lang='grc' dir='ltr'><strong>ὐίιιοθέσεσιν⁹</strong></span> 
     </span>
    </p>
   </div>
   <div class='ocr_carea' id='block_1_82' title="bbox 525 4212 3796 4297">
    <p class='ocr_par' dir='ltr' id='par_1_82' title="bbox 525 4212 3796 4297">
     <span class='ocr_line' id='line_1_82' title="bbox 525 4212 3796 4297; baseline 0 -20"><span class='ocrx_word' id='word_1_572' title='bbox 525 4222 889 4293; x_wconf 68' lang='grc' dir='ltr'>ἐνδιατρίψειε</span> <span class='ocrx_word' id='word_1_573' title='bbox 920 4220 1062 4275; x_wconf 84' lang='grc' dir='ltr'><strong>κατά</strong></span> <span class='ocrx_word' id='word_1_574' title='bbox 1098 4220 1199 4291; x_wconf 80' lang='grc' dir='ltr'>τὴν</span> <span class='ocrx_word' id='word_1_575' title='bbox 1237 4220 1519 4273; x_wconf 75' lang='grc' dir='ltr'>κέλευσιν’</span> <span class='ocrx_word' id='word_1_576' title='bbox 1555 4217 1648 4271; x_wconf 73' lang='grc' dir='ltr'><strong>ἐπὶ</strong></span> <span class='ocrx_word' id='word_1_577' title='bbox 1702 4218 1801 4287; x_wconf 82' lang='grc' dir='ltr'><strong>μὲν</strong></span> <span class='ocrx_word' id='word_1_578' title='bbox 1840 4212 1933 4272; x_wconf 77' lang='grc' dir='ltr'><strong>οὖν</strong></span> <span class='ocrx_word' id='word_1_579' title='bbox 1991 4217 2091 4287; x_wconf 82' lang='grc' dir='ltr'>τῆς</span> <span class='ocrx_word' id='word_1_580' title='bbox 2127 4216 2369 4289; x_wconf 85' lang='grc' dir='ltr'>πρώτης,</span> <span class='ocrx_word' id='word_1_581' title='bbox 2436 4219 2511 4282; x_wconf 80' lang='grc' dir='ltr'>ὡς</span> <span class='ocrx_word' id='word_1_582' title='bbox 2554 4219 2720 4290; x_wconf 78' lang='grc' dir='ltr'>ἔχεις,</span> <span class='ocrx_word' id='word_1_583' title='bbox 2750 4223 2778 4273; x_wconf 89' lang='grc' dir='ltr'><strong>ό</strong></span> <span class='ocrx_word' id='word_1_584' title='bbox 2808 4221 2998 4291; x_wconf 88' lang='grc' dir='ltr'>κύριος</span> <span class='ocrx_word' id='word_1_585' title='bbox 3064 4220 3247 4291; x_wconf 82' lang='grc' dir='ltr'>ήμῶν,</span> <span class='ocrx_word' id='word_1_586' title='bbox 3283 4220 3457 4286; x_wconf 86' lang='grc' dir='ltr'>οῦτως</span> <span class='ocrx_word' id='word_1_587' title='bbox 3488 4225 3584 4277; x_wconf 81' lang='grc' dir='ltr'>καὶ</span> <span class='ocrx_word' id='word_1_588' title='bbox 3613 4212 3796 4297; x_wconf 62' lang='grc' dir='ltr'>ἡμεῖς</span> 
     </span>
    </p>
   </div>
   <div class='ocr_carea' id='block_1_83' title="bbox 522 4308 1917 4382">
    <p class='ocr_par' dir='ltr' id='par_1_83' title="bbox 522 4308 1917 4382">
     <span class='ocr_line' id='line_1_83' title="bbox 522 4308 1917 4382; baseline -0.005 -13"><span class='ocrx_word' id='word_1_589' title='bbox 522 4311 900 4382; x_wconf 80' lang='grc' dir='ltr'>διατιθέμεθα.</span> <span class='ocrx_word' id='word_1_590' title='bbox 941 4310 1367 4381; x_wconf 85' lang='grc' dir='ltr'>Προδιαιτείσθω</span> <span class='ocrx_word' id='word_1_591' title='bbox 1393 4310 1447 4363; x_wconf 74' lang='grc' dir='ltr'>δὲ</span> <span class='ocrx_word' id='word_1_592' title='bbox 1476 4312 1504 4363; x_wconf 86' lang='grc' dir='ltr'>ὁ</span> <span class='ocrx_word' id='word_1_593' title='bbox 1537 4310 1692 4378; x_wconf 87' lang='grc' dir='ltr'>λόγος</span> <span class='ocrx_word' id='word_1_594' title='bbox 1722 4308 1917 4372; x_wconf 74' lang='grc' dir='ltr'>οὕτως’</span> 
     </span>
    </p>
   </div>
   <div class='ocr_carea' id='block_1_84' title="bbox 596 4404 2099 4475">
    <p class='ocr_par' dir='ltr' id='par_1_84' title="bbox 596 4404 2099 4475">
     <span class='ocr_line' id='line_1_84' title="bbox 596 4404 2099 4475; baseline -0.003 -14"><span class='ocrx_word' id='word_1_595' title='bbox 596 4406 880 4463; x_wconf 81' lang='lat' dir='ltr'><strong>Homicida</strong></span> <span class='ocrx_word' id='word_1_596' title='bbox 907 4415 1194 4475; x_wconf 80' lang='lat' dir='ltr'><strong>postquam</strong></span> <span class='ocrx_word' id='word_1_597' title='bbox 1229 4405 1404 4459; x_wconf 90' lang='lat' dir='ltr'><strong>victus</strong></span> <span class='ocrx_word' id='word_1_598' title='bbox 1446 4404 1628 4467; x_wconf 86' lang='lat' dir='ltr'><strong>fuerit,</strong></span> <span class='ocrx_word' id='word_1_599' title='bbox 1652 4404 1859 4458; x_wconf 79' lang='lat' dir='ltr'><strong>debitas</strong></span> <span class='ocrx_word' id='word_1_600' title='bbox 1887 4404 2099 4473; x_wconf 83' lang='lat' dir='ltr'><strong>legibus</strong></span> 
     </span>
    </p>
   </div>
   <div class='ocr_carea' id='block_1_85' title="bbox 523 4496 2097 4573">
    <p class='ocr_par' dir='ltr' id='par_1_85' title="bbox 523 4496 2097 4573">
     <span class='ocr_line' id='line_1_85' title="bbox 523 4496 2097 4573; baseline -0.006 -16"><span class='ocrx_word' id='word_1_601' title='bbox 523 4514 717 4573; x_wconf 70' lang='lat' dir='ltr'><strong>pmuas</strong></span> <span class='ocrx_word' id='word_1_602' title='bbox 743 4498 913 4552; x_wconf 86' lang='lat' dir='ltr'><strong>dabit.</strong></span> <span class='ocrx_word' id='word_1_603' title='bbox 938 4496 1093 4551; x_wconf 83' lang='lat' dir='ltr'><strong>Nunc</strong></span> <span class='ocrx_word' id='word_1_604' title='bbox 1116 4507 1297 4552; x_wconf 86' lang='lat' dir='ltr'><strong>autem</strong></span> <span class='ocrx_word' id='word_1_605' title='bbox 1332 4496 1490 4551; x_wconf 87' lang='lat' dir='ltr'><strong>civile</strong></span> <span class='ocrx_word' id='word_1_606' title='bbox 1515 4496 1713 4549; x_wconf 89' lang='lat' dir='ltr'><strong>bellum</strong></span> <span class='ocrx_word' id='word_1_607' title='bbox 1742 4497 1913 4561; x_wconf 79' lang='lat' dir='ltr'><strong>adest,</strong></span> <span class='ocrx_word' id='word_1_608' title='bbox 1933 4496 2097 4560; x_wconf 81' lang='lat' dir='ltr'><strong>quod,</strong></span> 
     </span>
    </p>
   </div>
   <div class='ocr_carea' id='block_1_86' title="bbox 527 4584 2098 4657">
    <p class='ocr_par' dir='ltr' id='par_1_86' title="bbox 527 4584 2098 4657">
     <span class='ocr_line' id='line_1_86' title="bbox 527 4584 2098 4657; baseline -0.004 -12"><span class='ocrx_word' id='word_1_609' title='bbox 527 4591 672 4645; x_wconf 82' lang='lat' dir='ltr'><strong>sicut</strong></span> <span class='ocrx_word' id='word_1_610' title='bbox 713 4588 817 4643; x_wconf 90' lang='lat' dir='ltr'><strong>alia</strong></span> <span class='ocrx_word' id='word_1_611' title='bbox 852 4588 947 4641; x_wconf 70' lang='lat' dir='ltr'><strong>ira:</strong></span> <span class='ocrx_word' id='word_1_612' title='bbox 976 4587 1175 4641; x_wconf 73' lang='lat' dir='ltr'><strong>divina:</strong></span> <span class='ocrx_word' id='word_1_613' title='bbox 1203 4588 1377 4657; x_wconf 74' lang='lat' dir='ltr'><strong>signa,</strong></span> <span class='ocrx_word' id='word_1_614' title='bbox 1410 4595 1569 4640; x_wconf 68' lang='lat' dir='ltr'><strong>terrae</strong></span> <span class='ocrx_word' id='word_1_615' title='bbox 1603 4594 1785 4638; x_wconf 89' lang='lat' dir='ltr'><strong>motus</strong></span> <span class='ocrx_word' id='word_1_616' title='bbox 1813 4594 1867 4637; x_wconf 89' lang='lat' dir='ltr'><strong>et</strong></span> <span class='ocrx_word' id='word_1_617' title='bbox 1908 4584 2098 4651; x_wconf 85' lang='lat' dir='ltr'><strong>fames,</strong></span> 
     </span>
    </p>
   </div>
   <div class='ocr_carea' id='block_1_87' title="bbox 526 4678 2099 4747">
    <p class='ocr_par' dir='ltr' id='par_1_87' title="bbox 526 4678 2099 4747">
     <span class='ocr_line' id='line_1_87' title="bbox 526 4678 2099 4747; baseline -0.004 -12"><span class='ocrx_word' id='word_1_618' title='bbox 526 4681 807 4735; x_wconf 87' lang='lat' dir='ltr'><strong>eluviones</strong></span> <span class='ocrx_word' id='word_1_619' title='bbox 852 4681 1019 4734; x_wconf 90' lang='lat' dir='ltr'><strong>maris</strong></span> <span class='ocrx_word' id='word_1_620' title='bbox 1061 4689 1223 4747; x_wconf 87' lang='lat' dir='ltr'><strong>atque</strong></span> <span class='ocrx_word' id='word_1_621' title='bbox 1269 4678 1556 4744; x_wconf 81' lang='lat' dir='ltr'><strong>incendia;</strong></span> <span class='ocrx_word' id='word_1_622' title='bbox 1604 4681 1669 4732; x_wconf 87' lang='lat' dir='ltr'><strong>ad</strong></span> <span class='ocrx_word' id='word_1_623' title='bbox 1701 4678 2099 4747; x_wconf 87' lang='lat' dir='ltr'><strong>correptionem</strong></span> 
     </span>
    </p>
   </div>
   <div class='ocr_carea' id='block_1_88' title="bbox 2268 4395 3797 4471">
    <p class='ocr_par' dir='ltr' id='par_1_88' title="bbox 2268 4395 3797 4471">
     <span class='ocr_line' id='line_1_88' title="bbox 2268 4395 3797 4471; baseline 0.003 -21"><span class='ocrx_word' id='word_1_624' title='bbox 2268 4397 2525 4459; x_wconf 80' lang='grc' dir='ltr'>Φονίσκος</span> <span class='ocrx_word' id='word_1_625' title='bbox 2564 4396 2653 4450; x_wconf 79' lang='grc' dir='ltr'><strong>ἐπ’</strong></span> <span class='ocrx_word' id='word_1_626' title='bbox 2681 4395 2747 4450; x_wconf 82' lang='grc' dir='ltr'><strong>ἂν</strong></span> <span class='ocrx_word' id='word_1_627' title='bbox 2776 4397 3046 4469; x_wconf 78' lang='grc' dir='ltr'>κρατηθῇ,</span> <span class='ocrx_word' id='word_1_628' title='bbox 3074 4397 3301 4461; x_wconf 87' lang='grc' dir='ltr'>δικαίως</span> <span class='ocrx_word' id='word_1_629' title='bbox 3346 4399 3599 4452; x_wconf 87' lang='grc' dir='ltr'>ἀποτίσει</span> <span class='ocrx_word' id='word_1_630' title='bbox 3642 4401 3797 4471; x_wconf 75' lang='grc' dir='ltr'>πρὸς</span> 
     </span>
    </p>
   </div>
   <div class='ocr_carea' id='block_1_89' title="bbox 2197 4486 3798 4561">
    <p class='ocr_par' dir='ltr' id='par_1_89' title="bbox 2197 4486 3798 4561">
     <span class='ocr_line' id='line_1_89' title="bbox 2197 4486 3798 4561; baseline 0.001 -19"><span class='ocrx_word' id='word_1_631' title='bbox 2197 4488 2291 4543; x_wconf 87' lang='grc' dir='ltr'><strong>τοῦ</strong></span> <span class='ocrx_word' id='word_1_632' title='bbox 2320 4492 2485 4558; x_wconf 88' lang='grc' dir='ltr'>νόμου</span> <span class='ocrx_word' id='word_1_633' title='bbox 2518 4486 2616 4556; x_wconf 83' lang='grc' dir='ltr'>τὴν</span> <span class='ocrx_word' id='word_1_634' title='bbox 2641 4488 3044 4557; x_wconf 82' lang='grc' dir='ltr'>ἀντισηκοῦσαν</span> <span class='ocrx_word' id='word_1_635' title='bbox 3080 4491 3297 4560; x_wconf 81' lang='grc' dir='ltr'>ποινήν.</span> <span class='ocrx_word' id='word_1_636' title='bbox 3329 4490 3468 4543; x_wconf 73' lang='grc' dir='ltr'>Νυνὶ</span> <span class='ocrx_word' id='word_1_637' title='bbox 3495 4490 3553 4543; x_wconf 78' lang='grc' dir='ltr'>δὲ</span> <span class='ocrx_word' id='word_1_638' title='bbox 3598 4492 3798 4561; x_wconf 77' lang='grc' dir='ltr'>ἐμφύ-</span> 
     </span>
    </p>
   </div>
   <div class='ocr_carea' id='block_1_90' title="bbox 2198 4578 3798 4653">
    <p class='ocr_par' dir='ltr' id='par_1_90' title="bbox 2198 4578 3798 4653">
     <span class='ocr_line' id='line_1_90' title="bbox 2198 4578 3798 4653; baseline 0 -18"><span class='ocrx_word' id='word_1_639' title='bbox 2198 4581 2314 4645; x_wconf 89' lang='grc' dir='ltr'>λιος</span> <span class='ocrx_word' id='word_1_640' title='bbox 2346 4582 2582 4650; x_wconf 84' lang='grc' dir='ltr'>πόλεμος</span> <span class='ocrx_word' id='word_1_641' title='bbox 2622 4580 2949 4650; x_wconf 89' lang='grc' dir='ltr'>πρόκειται·</span> <span class='ocrx_word' id='word_1_642' title='bbox 2982 4578 3040 4645; x_wconf 84' lang='grc' dir='ltr'>ὃς</span> <span class='ocrx_word' id='word_1_643' title='bbox 3069 4578 3258 4652; x_wconf 84' lang='grc' dir='ltr'>ὥσπερ</span> <span class='ocrx_word' id='word_1_644' title='bbox 3294 4582 3351 4634; x_wconf 76' lang='grc' dir='ltr'>αἱ</span> <span class='ocrx_word' id='word_1_645' title='bbox 3378 4581 3536 4634; x_wconf 80' lang='grc' dir='ltr'>ἄλλαι</span> <span class='ocrx_word' id='word_1_646' title='bbox 3570 4582 3798 4653; x_wconf 84' lang='grc' dir='ltr'>θεομη-</span> 
     </span>
    </p>
   </div>
   <div class='ocr_carea' id='block_1_91' title="bbox 2201 4668 3796 4741">
    <p class='ocr_par' dir='ltr' id='par_1_91' title="bbox 2201 4668 3796 4741">
     <span class='ocr_line' id='line_1_91' title="bbox 2201 4668 3796 4741; baseline 0.002 -16"><span class='ocrx_word' id='word_1_647' title='bbox 2201 4672 2347 4725; x_wconf 73' lang='grc' dir='ltr'>νίαι*</span> <span class='ocrx_word' id='word_1_648' title='bbox 2407 4669 2618 4738; x_wconf 79' lang='grc' dir='ltr'>σεισμοί</span> <span class='ocrx_word' id='word_1_649' title='bbox 2672 4685 2733 4720; x_wconf 88' lang='grc' dir='ltr'><strong>τε</strong></span> <span class='ocrx_word' id='word_1_650' title='bbox 2794 4668 2888 4720; x_wconf 81' lang='grc' dir='ltr'>καὶ</span> <span class='ocrx_word' id='word_1_651' title='bbox 2940 4668 3121 4739; x_wconf 72' lang='grc' dir='ltr'>λιμοὶ,</span> <span class='ocrx_word' id='word_1_652' title='bbox 3179 4672 3616 4741; x_wconf 77' lang='grc' dir='ltr'>καταποντισμοὶ</span> <span class='ocrx_word' id='word_1_653' title='bbox 3684 4675 3796 4727; x_wconf 74' lang='grc' dir='ltr'>καὶ</span> 
     </span>
    </p>
   </div>
   <div class='ocr_carea' id='block_1_92' title="bbox 527 4759 2098 4859">
    <p class='ocr_par' dir='ltr' id='par_1_92' title="bbox 527 4770 2098 4839">
     <span class='ocr_line' id='line_1_92' title="bbox 527 4770 2098 4839; baseline -0.004 -10"><span class='ocrx_word' id='word_1_654' title='bbox 527 4785 772 4829; x_wconf 85' lang='lat' dir='ltr'><strong>nostram</strong></span> <span class='ocrx_word' id='word_1_655' title='bbox 822 4788 854 4827; x_wconf 91' lang='lat' dir='ltr'><strong>a</strong></span> <span class='ocrx_word' id='word_1_656' title='bbox 904 4772 1014 4825; x_wconf 86' lang='lat' dir='ltr'><strong>Deo</strong></span> <span class='ocrx_word' id='word_1_657' title='bbox 1061 4781 1144 4828; x_wconf 89' lang='lat' dir='ltr'><strong>est</strong></span> <span class='ocrx_word' id='word_1_658' title='bbox 1171 4772 1320 4838; x_wconf 89' lang='lat' dir='ltr'><strong>justo</strong></span> <span class='ocrx_word' id='word_1_659' title='bbox 1347 4770 1556 4839; x_wconf 86' lang='lat' dir='ltr'><strong>judicio</strong></span> <span class='ocrx_word' id='word_1_660' title='bbox 1579 4770 1892 4833; x_wconf 80' lang='lat' dir='ltr'><strong>excitatum,</strong></span> <span class='ocrx_word' id='word_1_661' title='bbox 1925 4779 1977 4823; x_wconf 83' lang='lat' dir='ltr'><strong>et</strong></span> <span class='ocrx_word' id='word_1_662' title='bbox 2006 4784 2098 4837; x_wconf 87' lang='lat' dir='ltr'><strong>po-</strong></span> 
     </span>
    </p>
   </div>
   <div class='ocr_carea' id='block_1_93' title="bbox 2206 4759 3797 4859">
    <p class='ocr_par' dir='ltr' id='par_1_93' title="bbox 2207 4759 3797 4834">
     <span class='ocr_line' id='line_1_93' title="bbox 2207 4759 3797 4834; baseline 0.001 -20"><span class='ocrx_word' id='word_1_663' title='bbox 2207 4762 2511 4831; x_wconf 79' lang='grc' dir='ltr'>ὲμπρήσεις</span> <span class='ocrx_word' id='word_1_664' title='bbox 2596 4759 2747 4829; x_wconf 83' lang='grc' dir='ltr'>παρὰ</span> <span class='ocrx_word' id='word_1_665' title='bbox 2794 4759 2929 4811; x_wconf 81' lang='grc' dir='ltr'>Θεοῦ</span> <span class='ocrx_word' id='word_1_666' title='bbox 2980 4760 3116 4830; x_wconf 86' lang='grc' dir='ltr'>πρὸς</span> <span class='ocrx_word' id='word_1_667' title='bbox 3160 4764 3537 4831; x_wconf 79' lang='grc' dir='ltr'>σωφρονισμὸν</span> <span class='ocrx_word' id='word_1_668' title='bbox 3594 4764 3797 4834; x_wconf 74' lang='grc' dir='ltr'>ἡμῶν,</span> 
     </span>
    </p>
   </div>
   <div class='ocr_carea' id='block_1_94' title="bbox 527 4856 2099 4931">
    <p class='ocr_par' dir='ltr' id='par_1_94' title="bbox 527 4856 2099 4931">
     <span class='ocr_line' id='line_1_94' title="bbox 527 4856 2099 4931; baseline -0.004 -17"><span class='ocrx_word' id='word_1_669' title='bbox 527 4860 639 4931; x_wconf 81' lang='lat' dir='ltr'><strong>puli</strong></span> <span class='ocrx_word' id='word_1_670' title='bbox 691 4859 799 4913; x_wconf 89' lang='lat' dir='ltr'><strong>vim</strong></span> <span class='ocrx_word' id='word_1_671' title='bbox 858 4868 1087 4921; x_wconf 78' lang='lat' dir='ltr'><strong>tantum,</strong></span> <span class='ocrx_word' id='word_1_672' title='bbox 1126 4868 1329 4927; x_wconf 86' lang='lat' dir='ltr'><strong>quanta</strong></span> <span class='ocrx_word' id='word_1_673' title='bbox 1368 4856 1544 4923; x_wconf 87' lang='lat' dir='ltr'><strong>periit,</strong></span> <span class='ocrx_word' id='word_1_674' title='bbox 1580 4857 1901 4925; x_wconf 88' lang='lat' dir='ltr'><strong>absumpsit.</strong></span> <span class='ocrx_word' id='word_1_675' title='bbox 1940 4856 2099 4910; x_wconf 86' lang='lat' dir='ltr'><strong>Post-</strong></span> 
     </span>
    </p>
   </div>
   <div class='ocr_carea' id='block_1_95' title="bbox 530 4948 2099 5021">
    <p class='ocr_par' dir='ltr' id='par_1_95' title="bbox 530 4948 2099 5021">
     <span class='ocr_line' id='line_1_95' title="bbox 530 4948 2099 5021; baseline -0.003 -20"><span class='ocrx_word' id='word_1_676' title='bbox 530 4965 689 5021; x_wconf 89' lang='lat' dir='ltr'><strong>quam</strong></span> <span class='ocrx_word' id='word_1_677' title='bbox 735 4964 863 5017; x_wconf 75' lang='lat' dir='ltr'><strong>ergo</strong></span> <span class='ocrx_word' id='word_1_678' title='bbox 918 4949 1176 5003; x_wconf 85' lang='lat' dir='ltr'><strong>misertus</strong></span> <span class='ocrx_word' id='word_1_679' title='bbox 1242 4948 1501 5001; x_wconf 82' lang='lat' dir='ltr'><strong>Dominus</strong></span> <span class='ocrx_word' id='word_1_680' title='bbox 1558 4948 1769 5016; x_wconf 82' lang='lat' dir='ltr'><strong>plagam</strong></span> <span class='ocrx_word' id='word_1_681' title='bbox 1820 4949 2099 5016; x_wconf 82' lang='lat' dir='ltr'><strong>repressit,</strong></span> 
     </span>
    </p>
   </div>
   <div class='ocr_carea' id='block_1_96' title="bbox 532 5036 2102 5107">
    <p class='ocr_par' dir='ltr' id='par_1_96' title="bbox 532 5036 2102 5107">
     <span class='ocr_line' id='line_1_96' title="bbox 532 5036 2102 5107; baseline -0.003 -15"><span class='ocrx_word' id='word_1_682' title='bbox 532 5039 760 5092; x_wconf 91' lang='lat' dir='ltr'><strong>minime</strong></span> <span class='ocrx_word' id='word_1_683' title='bbox 783 5040 894 5092; x_wconf 91' lang='lat' dir='ltr'><strong>vult</strong></span> <span class='ocrx_word' id='word_1_684' title='bbox 915 5038 1237 5107; x_wconf 86' lang='lat' dir='ltr'><strong>superstites</strong></span> <span class='ocrx_word' id='word_1_685' title='bbox 1271 5036 1480 5104; x_wconf 84' lang='lat' dir='ltr'><strong>perire;</strong></span> <span class='ocrx_word' id='word_1_686' title='bbox 1518 5036 1721 5104; x_wconf 90' lang='lat' dir='ltr'><strong>alioqui</strong></span> <span class='ocrx_word' id='word_1_687' title='bbox 1755 5051 2102 5089; x_wconf 87' lang='lat' dir='ltr'><strong>communem</strong></span> 
     </span>
    </p>
   </div>
   <div class='ocr_carea' id='block_1_97' title="bbox 532 5126 2099 5195">
    <p class='ocr_par' dir='ltr' id='par_1_97' title="bbox 532 5126 2099 5195">
     <span class='ocr_line' id='line_1_97' title="bbox 532 5126 2099 5195; baseline -0.003 -14"><span class='ocrx_word' id='word_1_688' title='bbox 532 5129 779 5181; x_wconf 86' lang='lat' dir='ltr'><strong>omnium</strong></span> <span class='ocrx_word' id='word_1_689' title='bbox 822 5131 1055 5191; x_wconf 83' lang='lat' dir='ltr'><strong>cladem,</strong></span> <span class='ocrx_word' id='word_1_690' title='bbox 1103 5126 1565 5195; x_wconf 85' lang='lat' dir='ltr'><strong>quemadmodum</strong></span> <span class='ocrx_word' id='word_1_691' title='bbox 1598 5126 1786 5178; x_wconf 84' lang='lat' dir='ltr'><strong>diluvii</strong></span> <span class='ocrx_word' id='word_1_692' title='bbox 1837 5134 2099 5192; x_wconf 85' lang='lat' dir='ltr'><strong>tempore,</strong></span> 
     </span>
    </p>
   </div>
   <div class='ocr_carea' id='block_1_98' title="bbox 532 5215 2102 5289">
    <p class='ocr_par' dir='ltr' id='par_1_98' title="bbox 532 5215 2102 5289">
     <span class='ocr_line' id='line_1_98' title="bbox 532 5215 2102 5289; baseline -0.004 -16"><span class='ocrx_word' id='word_1_693' title='bbox 532 5219 850 5273; x_wconf 78' lang='lat' dir='ltr'><strong>induxisset.</strong></span> <span class='ocrx_word' id='word_1_694' title='bbox 896 5216 1039 5282; x_wconf 85' lang='lat' dir='ltr'><strong>Quid</strong></span> <span class='ocrx_word' id='word_1_695' title='bbox 1093 5218 1297 5289; x_wconf 77' lang='lat' dir='ltr'><strong>igitur?</strong></span> <span class='ocrx_word' id='word_1_696' title='bbox 1348 5215 1569 5270; x_wconf 83' lang='lat' dir='ltr'><strong>Servari</strong></span> <span class='ocrx_word' id='word_1_697' title='bbox 1622 5217 1736 5269; x_wconf 92' lang='lat' dir='ltr'><strong>vult</strong></span> <span class='ocrx_word' id='word_1_698' title='bbox 1767 5230 1860 5270; x_wconf 91' lang='lat' dir='ltr'><strong>eos</strong></span> <span class='ocrx_word' id='word_1_699' title='bbox 1890 5217 1981 5284; x_wconf 89' lang='lat' dir='ltr'><strong>qui</strong></span> <span class='ocrx_word' id='word_1_700' title='bbox 2015 5232 2102 5268; x_wconf 84' lang='lat' dir='ltr'><strong>re-</strong></span> 
     </span>
    </p>
   </div>
   <div class='ocr_carea' id='block_1_99' title="bbox 535 5306 2094 5376">
    <p class='ocr_par' dir='ltr' id='par_1_99' title="bbox 535 5306 2094 5376">
     <span class='ocr_line' id='line_1_99' title="bbox 535 5306 2094 5376; baseline -0.004 -11"><span class='ocrx_word' id='word_1_701' title='bbox 535 5310 649 5365; x_wconf 90' lang='lat' dir='ltr'><strong>licti</strong></span> <span class='ocrx_word' id='word_1_702' title='bbox 682 5319 828 5372; x_wconf 88' lang='lat' dir='ltr'><strong>sunt,</strong></span> <span class='ocrx_word' id='word_1_703' title='bbox 855 5319 908 5364; x_wconf 91' lang='lat' dir='ltr'><strong>et</strong></span> <span class='ocrx_word' id='word_1_704' title='bbox 935 5308 1091 5363; x_wconf 84' lang='lat' dir='ltr'><strong>venia</strong></span> <span class='ocrx_word' id='word_1_705' title='bbox 1122 5311 1319 5376; x_wconf 75' lang='lat' dir='ltr'><strong>dignos</strong></span> <span class='ocrx_word' id='word_1_706' title='bbox 1352 5308 1489 5361; x_wconf 79' lang='lat' dir='ltr'><strong>fieri.</strong></span> <span class='ocrx_word' id='word_1_707' title='bbox 1518 5307 1606 5361; x_wconf 81' lang='lat' dir='ltr'><strong>Ait</strong></span> <span class='ocrx_word' id='word_1_708' title='bbox 1651 5308 1794 5361; x_wconf 88' lang='lat' dir='ltr'><strong>enim</strong></span> <span class='ocrx_word' id='word_1_709' title='bbox 1826 5308 1878 5361; x_wconf 90' lang='lat' dir='ltr'><strong>in</strong></span> <span class='ocrx_word' id='word_1_710' title='bbox 1915 5306 2094 5359; x_wconf 77' lang='lat' dir='ltr'><strong>Evan-</strong></span> 
     </span>
    </p>
   </div>
   <div class='ocr_carea' id='block_1_100' title="bbox 534 5397 2098 5472">
    <p class='ocr_par' dir='ltr' id='par_1_100' title="bbox 534 5397 2098 5472">
     <span class='ocr_line' id='line_1_100' title="bbox 534 5397 2098 5472; baseline -0.003 -17"><span class='ocrx_word' id='word_1_711' title='bbox 534 5401 723 5472; x_wconf 77' lang='lat' dir='ltr'><strong>geliis&#39;</strong></span> <span class='ocrx_word' id='word_1_712' title='bbox 750 5419 764 5456; x_wconf 88' lang='lat'><strong>:</strong></span> <span class='ocrx_word' id='word_1_713' title='bbox 791 5400 1076 5463; x_wconf 81' lang='lat' dir='ltr'><strong>Dimittite,</strong></span> <span class='ocrx_word' id='word_1_714' title='bbox 1099 5409 1147 5453; x_wconf 84' lang='lat' dir='ltr'><strong>et</strong></span> <span class='ocrx_word' id='word_1_715' title='bbox 1176 5401 1471 5453; x_wconf 68' lang='lat' dir='ltr'><strong>dimittetur</strong></span> <span class='ocrx_word' id='word_1_716' title='bbox 1495 5400 1654 5453; x_wconf 85' lang='lat' dir='ltr'><strong>vobis.</strong></span> <span class='ocrx_word' id='word_1_717' title='bbox 1685 5397 1751 5452; x_wconf 88' lang='lat' dir='ltr'><strong>Et</strong></span> <span class='ocrx_word' id='word_1_718' title='bbox 1779 5398 1916 5453; x_wconf 83' lang='lat' dir='ltr'><strong>beati</strong></span> <span class='ocrx_word' id='word_1_719' title='bbox 1946 5397 2098 5451; x_wconf 83' lang='lat' dir='ltr'><strong>Pauli</strong></span> 
     </span>
    </p>
   </div>
   <div class='ocr_carea' id='block_1_101' title="bbox 534 5490 2105 5563">
    <p class='ocr_par' dir='ltr' id='par_1_101' title="bbox 534 5490 2105 5563">
     <span class='ocr_line' id='line_1_101' title="bbox 534 5490 2105 5563; baseline -0.003 -16"><span class='ocrx_word' id='word_1_720' title='bbox 534 5507 710 5550; x_wconf 78' lang='lat' dir='ltr'><strong>voce:</strong></span> <span class='ocrx_word' id='word_1_721' title='bbox 748 5490 831 5546; x_wconf 85' lang='lat' dir='ltr'><strong>Ne</strong></span> <span class='ocrx_word' id='word_1_722' title='bbox 865 5493 980 5563; x_wconf 80' lang='lat' dir='ltr'><strong>quis</strong></span> <span class='ocrx_word' id='word_1_723' title='bbox 1024 5491 1223 5545; x_wconf 85' lang='lat' dir='ltr'><strong>malum</strong></span> <span class='ocrx_word' id='word_1_724' title='bbox 1258 5508 1351 5561; x_wconf 88' lang='lat' dir='ltr'><strong>pro</strong></span> <span class='ocrx_word' id='word_1_725' title='bbox 1382 5491 1522 5546; x_wconf 87' lang='lat' dir='ltr'><strong>malo</strong></span> <span class='ocrx_word' id='word_1_726' title='bbox 1554 5491 1714 5545; x_wconf 83' lang='lat' dir='ltr'><strong>alicui</strong></span> <span class='ocrx_word' id='word_1_727' title='bbox 1754 5491 1938 5545; x_wconf 81' lang='lat' dir='ltr'><strong>reddat</strong></span> <span class='ocrx_word' id='word_1_728' title='bbox 1962 5532 1977 5552; x_wconf 87' lang='lat'><strong>,</strong></span> <span class='ocrx_word' id='word_1_729' title='bbox 2016 5492 2105 5545; x_wconf 75' lang='lat' dir='ltr'><strong>sed</strong></span> 
     </span>
    </p>
   </div>
   <div class='ocr_carea' id='block_1_102' title="bbox 606 5629 1083 5689">
    <p class='ocr_par' dir='ltr' id='par_1_102' title="bbox 606 5629 1083 5689">
     <span class='ocr_line' id='line_1_102' title="bbox 606 5629 1083 5689; baseline -0.004 -4"><span class='ocrx_word' id='word_1_730' title='bbox 606 5631 628 5662; x_wconf 80' lang='grc'><strong><em>⁸</em></strong></span> <span class='ocrx_word' id='word_1_731' title='bbox 654 5630 845 5687; x_wconf 79' lang='lat' dir='ltr'><strong>Matth.</strong></span> <span class='ocrx_word' id='word_1_732' title='bbox 888 5646 960 5689; x_wconf 78' lang='lat' dir='ltr'><strong>vr.</strong></span> <span class='ocrx_word' id='word_1_733' title='bbox 995 5629 1083 5683; x_wconf 75' lang='grc'><strong>14.</strong></span> 
     </span>
    </p>
   </div>
   <div class='ocr_carea' id='block_1_103' title="bbox 2203 4850 3795 4925">
    <p class='ocr_par' dir='ltr' id='par_1_103' title="bbox 2203 4850 3795 4925">
     <span class='ocr_line' id='line_1_103' title="bbox 2203 4850 3795 4925; baseline 0.002 -20"><span class='ocrx_word' id='word_1_734' title='bbox 2203 4853 2385 4921; x_wconf 78' lang='grc' dir='ltr'>δικαίᾳ</span> <span class='ocrx_word' id='word_1_735' title='bbox 2399 4850 2575 4920; x_wconf 80' lang='grc' dir='ltr'>κρίσει</span> <span class='ocrx_word' id='word_1_736' title='bbox 2594 4851 2984 4921; x_wconf 73' lang='grc' dir='ltr'>ἀνερῤιπίσθη,</span> <span class='ocrx_word' id='word_1_737' title='bbox 3002 4850 3162 4904; x_wconf 79' lang='grc' dir='ltr'>ὀλέσα</span> <span class='ocrx_word' id='word_1_738' title='bbox 3172 4868 3240 4904; x_wconf 89' lang='grc' dir='ltr'><strong>σα</strong></span> <span class='ocrx_word' id='word_1_739' title='bbox 3253 4852 3507 4905; x_wconf 87' lang='grc' dir='ltr'>τοσοῦτον</span> <span class='ocrx_word' id='word_1_740' title='bbox 3519 4854 3795 4925; x_wconf 77' lang='grc' dir='ltr'>ἀριθμὸν,</span> 
     </span>
    </p>
   </div>
   <div class='ocr_carea' id='block_1_104' title="bbox 2201 4938 3797 5012">
    <p class='ocr_par' dir='ltr' id='par_1_104' title="bbox 2201 4938 3797 5012">
     <span class='ocr_line' id='line_1_104' title="bbox 2201 4938 3797 5012; baseline 0.001 -16"><span class='ocrx_word' id='word_1_741' title='bbox 2201 4944 2321 5006; x_wconf 84' lang='grc' dir='ltr'>ὅσος</span> <span class='ocrx_word' id='word_1_742' title='bbox 2346 4942 2440 4995; x_wconf 76' lang='grc' dir='ltr'><strong>καὶ</strong></span> <span class='ocrx_word' id='word_1_743' title='bbox 2469 4941 2675 4994; x_wconf 77' lang='grc' dir='ltr'>ὤλλυτο</span> <span class='ocrx_word' id='word_1_744' title='bbox 2696 4959 2709 4972; x_wconf 87' lang='grc'><strong>·</strong></span> <span class='ocrx_word' id='word_1_745' title='bbox 2753 4944 2875 4994; x_wconf 71' lang='grc' dir='ltr'>ἐπεὶ</span> <span class='ocrx_word' id='word_1_746' title='bbox 2912 4938 3007 4994; x_wconf 78' lang='grc' dir='ltr'><strong>οὖν</strong></span> <span class='ocrx_word' id='word_1_747' title='bbox 3044 4943 3465 5012; x_wconf 73' lang='grc' dir='ltr'>σπλαγχνισθεὶς</span> <span class='ocrx_word' id='word_1_748' title='bbox 3492 4947 3797 4999; x_wconf 82' lang='grc' dir='ltr'>κεκόπακε</span> 
     </span>
    </p>
   </div>
   <div class='ocr_carea' id='block_1_105' title="bbox 2199 5032 3795 5105">
    <p class='ocr_par' dir='ltr' id='par_1_105' title="bbox 2199 5032 3795 5105">
     <span class='ocr_line' id='line_1_105' title="bbox 2199 5032 3795 5105; baseline 0.003 -20"><span class='ocrx_word' id='word_1_749' title='bbox 2199 5036 2297 5102; x_wconf 84' lang='grc' dir='ltr'><strong>τὴν</strong></span> <span class='ocrx_word' id='word_1_750' title='bbox 2318 5033 2547 5105; x_wconf 83' lang='grc' dir='ltr'>θραῦσιν</span> <span class='ocrx_word' id='word_1_751' title='bbox 2580 5034 2803 5103; x_wconf 81' lang='grc' dir='ltr'>Κύριος,</span> <span class='ocrx_word' id='word_1_752' title='bbox 2833 5033 2892 5085; x_wconf 78' lang='grc' dir='ltr'><strong>οὐ</strong></span> <span class='ocrx_word' id='word_1_753' title='bbox 2924 5032 3170 5102; x_wconf 84' lang='grc' dir='ltr'>βούλεται</span> <span class='ocrx_word' id='word_1_754' title='bbox 3194 5036 3319 5097; x_wconf 83' lang='grc' dir='ltr'>τοὺς</span> <span class='ocrx_word' id='word_1_755' title='bbox 3342 5035 3795 5104; x_wconf 71' lang='grc' dir='ltr'>ὑπολειφθέντας</span> 
     </span>
    </p>
   </div>
   <div class='ocr_carea' id='block_1_106' title="bbox 2199 5126 3798 5197">
    <p class='ocr_par' dir='ltr' id='par_1_106' title="bbox 2199 5126 3798 5197">
     <span class='ocr_line' id='line_1_106' title="bbox 2199 5126 3798 5197; baseline 0.002 -18"><span class='ocrx_word' id='word_1_756' title='bbox 2199 5128 2475 5180; x_wconf 86' lang='grc' dir='ltr'>δλλυσθαι.</span> <span class='ocrx_word' id='word_1_757' title='bbox 2527 5126 2683 5179; x_wconf 74' lang='grc' dir='ltr'>Ἐπεὶ</span> <span class='ocrx_word' id='word_1_758' title='bbox 2720 5128 2936 5190; x_wconf 85' lang='grc' dir='ltr'>πάντως</span> <span class='ocrx_word' id='word_1_759' title='bbox 2972 5126 3331 5197; x_wconf 79' lang='grc' dir='ltr'>πανολεθρὶαν</span> <span class='ocrx_word' id='word_1_760' title='bbox 3360 5129 3682 5197; x_wconf 82' lang='grc' dir='ltr'>εἰργάσατο,</span> <span class='ocrx_word' id='word_1_761' title='bbox 3705 5131 3798 5193; x_wconf 78' lang='grc' dir='ltr'>ὡς</span> 
     </span>
    </p>
   </div>
   <div class='ocr_carea' id='block_1_107' title="bbox 2201 5218 3796 5287">
    <p class='ocr_par' dir='ltr' id='par_1_107' title="bbox 2201 5218 3796 5287">
     <span class='ocr_line' id='line_1_107' title="bbox 2201 5218 3796 5287; baseline 0.001 -16"><span class='ocrx_word' id='word_1_762' title='bbox 2201 5219 2293 5271; x_wconf 75' lang='grc' dir='ltr'>ἐπὶ</span> <span class='ocrx_word' id='word_1_763' title='bbox 2335 5219 2428 5272; x_wconf 82' lang='grc' dir='ltr'><strong>τοῦ</strong></span> <span class='ocrx_word' id='word_1_764' title='bbox 2483 5218 2896 5287; x_wconf 85' lang='grc' dir='ltr'>κατακλυσμοῦ.</span> <span class='ocrx_word' id='word_1_765' title='bbox 2933 5218 3092 5272; x_wconf 74' lang='grc' dir='ltr'>Ἀλλὰ</span> <span class='ocrx_word' id='word_1_766' title='bbox 3138 5219 3222 5284; x_wconf 78' lang='grc' dir='ltr'><strong>τίς</strong></span> <span class='ocrx_word' id='word_1_767' title='bbox 3282 5218 3345 5271; x_wconf 85' lang='grc' dir='ltr'>τὸ</span> <span class='ocrx_word' id='word_1_768' title='bbox 3410 5220 3796 5275; x_wconf 81' lang='grc' dir='ltr'>διασεσῶσθαι</span> 
     </span>
    </p>
   </div>
   <div class='ocr_carea' id='block_1_108' title="bbox 2201 5310 3799 5384">
    <p class='ocr_par' dir='ltr' id='par_1_108' title="bbox 2201 5310 3799 5384">
     <span class='ocr_line' id='line_1_108' title="bbox 2201 5310 3799 5384; baseline 0.028 -20"><span class='ocrx_word' id='word_1_769' title='bbox 2201 5313 2329 5375; x_wconf 77' lang='grc' dir='ltr'>τοὺς</span> <span class='ocrx_word' id='word_1_770' title='bbox 2360 5310 2640 5375; x_wconf 77' lang='grc' dir='ltr'>ἐαθέντας,</span> <span class='ocrx_word' id='word_1_771' title='bbox 2672 5314 2767 5365; x_wconf 72' lang='grc' dir='ltr'><strong>καὶ</strong></span> <span class='ocrx_word' id='word_1_772' title='bbox 2815 5312 3031 5380; x_wconf 74' lang='grc' dir='ltr'>φειδοῦς</span> <span class='ocrx_word' id='word_1_773' title='bbox 3078 5311 3333 5380; x_wconf 79' lang='grc' dir='ltr'>γενέσθαι</span> <span class='ocrx_word' id='word_1_774' title='bbox 3374 5312 3594 5377; x_wconf 49' lang='grc' dir='ltr'><strong>ἀξίους.</strong></span> <span class='ocrx_word' id='word_1_775' title='bbox 3642 5318 3799 5384; x_wconf 54' lang='grc' dir='ltr'><strong>φησὶ</strong></span> 
     </span>
    </p>
   </div>
   <div class='ocr_carea' id='block_1_109' title="bbox 2205 5405 3797 5475">
    <p class='ocr_par' dir='ltr' id='par_1_109' title="bbox 2205 5405 3797 5475">
     <span class='ocr_line' id='line_1_109' title="bbox 2205 5405 3797 5475; baseline 0.003 -19"><span class='ocrx_word' id='word_1_776' title='bbox 2205 5405 2313 5475; x_wconf 73' lang='grc' dir='ltr'>γὰρ</span> <span class='ocrx_word' id='word_1_777' title='bbox 2358 5406 2415 5457; x_wconf 86' lang='grc' dir='ltr'>ὲν</span> <span class='ocrx_word' id='word_1_778' title='bbox 2445 5406 2557 5467; x_wconf 85' lang='grc' dir='ltr'>τοῖς</span> <span class='ocrx_word' id='word_1_779' title='bbox 2600 5405 2972 5472; x_wconf 77' lang='grc' dir='ltr'>Εὐαγγελίοιςο</span> <span class='ocrx_word' id='word_1_780' title='bbox 3021 5406 3236 5472; x_wconf 69' lang='grc' dir='ltr'>’Ἄφετε</span> <span class='ocrx_word' id='word_1_781' title='bbox 3278 5406 3377 5456; x_wconf 77' lang='grc' dir='ltr'><strong>καί</strong></span> <span class='ocrx_word' id='word_1_782' title='bbox 3403 5405 3797 5473; x_wconf 62' lang='grc' dir='ltr'>ἀφεθήσεται</span> 
     </span>
    </p>
   </div>
   <div class='ocr_carea' id='block_1_110' title="bbox 2211 5495 3797 5567">
    <p class='ocr_par' dir='ltr' id='par_1_110' title="bbox 2211 5495 3797 5567">
     <span class='ocr_line' id='line_1_110' title="bbox 2211 5495 3797 5567; baseline 0.003 -18"><span class='ocrx_word' id='word_1_783' title='bbox 2211 5496 2372 5565; x_wconf 77' lang='grc' dir='ltr'>ὑμῖν.</span> <span class='ocrx_word' id='word_1_784' title='bbox 2399 5498 2509 5550; x_wconf 78' lang='grc' dir='ltr'><strong>Καὶ</strong></span> <span class='ocrx_word' id='word_1_785' title='bbox 2553 5496 2640 5553; x_wconf 74' lang='grc' dir='ltr'>διὰ</span> <span class='ocrx_word' id='word_1_786' title='bbox 2673 5496 2766 5550; x_wconf 84' lang='grc' dir='ltr'><strong>τοῦ</strong></span> <span class='ocrx_word' id='word_1_787' title='bbox 2802 5497 3073 5567; x_wconf 80' lang='grc' dir='ltr'>μακαρίου</span> <span class='ocrx_word' id='word_1_788' title='bbox 3114 5495 3354 5549; x_wconf 81' lang='grc' dir='ltr'>Παύλου·</span> <span class='ocrx_word' id='word_1_789' title='bbox 3392 5499 3487 5563; x_wconf 69' lang='grc' dir='ltr'><strong>Μή</strong></span> <span class='ocrx_word' id='word_1_790' title='bbox 3538 5500 3627 5563; x_wconf 83' lang='grc' dir='ltr'><strong>τίς</strong></span> <span class='ocrx_word' id='word_1_791' title='bbox 3659 5516 3797 5554; x_wconf 71' lang='grc' dir='ltr'>τινι</span> 
     </span>
    </p>
   </div>
   <div class='ocr_carea' id='block_1_111' title="bbox 2026 5720 2259 5775">
    <p class='ocr_par' dir='ltr' id='par_1_111' title="bbox 2026 5720 2259 5775">
     <span class='ocr_line' id='line_1_111' title="bbox 2026 5720 2259 5775; baseline -0.009 0"><span class='ocrx_word' id='word_1_792' title='bbox 2026 5720 2259 5775; x_wconf 63' lang='lat' dir='ltr'><strong>NOTAE.</strong></span> 
     </span>
    </p>
   </div>
   <div class='ocr_carea' id='block_1_112' title="bbox 615 5810 1319 5881">
    <p class='ocr_par' dir='ltr' id='par_1_112' title="bbox 615 5810 1319 5881">
     <span class='ocr_line' id='line_1_112' title="bbox 615 5810 1319 5881; baseline -0.007 -16"><span class='ocrx_word' id='word_1_793' title='bbox 615 5813 727 5881; x_wconf 72' lang='grc' dir='ltr'><strong>(ἳῦ)</strong></span> <span class='ocrx_word' id='word_1_794' title='bbox 762 5813 821 5865; x_wconf 83' lang='grc' dir='ltr'><strong>ιιι</strong></span> <span class='ocrx_word' id='word_1_795' title='bbox 854 5813 974 5865; x_wconf 87' lang='lat' dir='ltr'><strong>cod.</strong></span> <span class='ocrx_word' id='word_1_796' title='bbox 1007 5810 1138 5874; x_wconf 72' lang='lat' dir='ltr'><strong>Reg.</strong></span> <span class='ocrx_word' id='word_1_797' title='bbox 1176 5816 1319 5877; x_wconf 83' lang='grc' dir='ltr'>ρμγ’.</span> 
     </span>
    </p>
   </div>
  </div>
