3934 6506
199 455 307 522 1417

1331 471 1870 533 EPISTULARUM
1927 473 2073 533 LIB.
2095 545 2099 551 _
2130 475 2208 535 ΙΙ.

3272 481 3413 544 1418

198 579 349 629 xax'-r
373 576 493 630 ἀντὶ
537 579 728 634 κακοῦ
760 582 1125 636 ἀποδιδότω·
1168 586 1332 642 ἀλλὰ
1375 590 1631 644 πάντοτε
1662 591 1725 643 τὸ

1833 590 1969 660 quod
2002 591 2194 644 bonum
2225 601 2300 644 est
2331 593 2610 646 sectamini
2645 595 2697 646 in
2735 597 2979 661 invicem,
3006 609 3056 650 et
3089 603 3143 650 in
3167 614 3343 653 omnes
3369 601 3408 662 ",

196 667 384 738 ἀγαθὸν
427 669 678 736 διώκετε,
714 673 813 727 καὶ
842 678 929 740 είς
963 677 1301 745 ἀλλήλους,
1329 681 1422 732 καὶ
1453 684 1541 745 εὶς
1575 681 1724 734 πάν-

198 779 302 827 τας.
330 764 396 816 Οὐ
431 764 533 835 μὴν
581 767 1015 840 ἀνεπιτιμήτως.
1079 774 1233 828 Ἐπεὶ
1271 756 1370 828 καὶ⁵
1416 779 1558 831 Κάῖν
1628 797 1724 848 φοι

197 854 359 918 νεύσας
421 855 508 908 τὸν
551 858 822 926 ἀδελφὺν,
883 861 943 914 τὸ
987 861 1265 928 πολυειδὲς
1313 868 1408 919 καὶ
1469 868 1726 938 ᾀδόμενον

198 944 428 1013 ἐπιτίμιον
480 949 701 1012 εἰκότως
777 952 1020 1022 εἴληφεν.
1107 955 1527 1030 Ἐπιτετίμηται
1589 964 1726 1033 πρὸς

197 1036 357 1088 ἑαυτοῦ
425 1043 512 1092 καὶ
584 1041 816 1112 Λάμεχ,
872 1047 966 1097 καὶ
1023 1048 1426 1122 Ἀϐεσσαλὼμ,
1496 1055 1725 1123 ἀδελφὸν

207 1126 385 1194 Ἀμνὼν
415 1131 806 1204 κτείνας,ἐὰοη
841 1136 946 1188 ὑπὸ
971 1137 1066 1190 τοῦ
1098 1142 1330 1207 πατρὸς,
1365 1146 1506 1197 κατὰ
1535 1147 1596 1200 τὸ
1622 1148 1726 1201 ὑπὸ

196 1219 275 1288 τῆς
313 1221 652 1293 Θεοκοήτιδος
718 1229 1014 1300 πρόϐλημα
1067 1231 1372 1299 ἄκταντοςο
1415 1240 1511 1292 καὶ
1563 1241 1727 1304 αὑτὸς

195 1311 331 1364 Δαυῒδ
353 1314 443 1367 οὐκ
472 1316 842 1402 ἐϐούλετοντὸν
877 1323 1257 1395 Ἀδεσσαλὼμ,
1282 1329 1374 1382 τὸν
1402 1331 1727 1402 πατρολῴαν

195 1405 455 1460 κτενέσθαι.
495 1409 631 1462 Ἀλλ’
659 1412 780 1464 οὐδὲ
803 1415 931 1478 τοὺς
955 1422 1542 1490 συναποστατήσαντας
1578 1423 1726 1495 αὐτῷ

197 1498 310 1563 μετὰ
339 1499 428 1568 τὴν
452 1500 652 1554 παῦσιν
684 1503 778 1556 τοῦ
804 1507 1047 1577 πολέμου
1079 1509 1392 1580 γέγραπται
1421 1515 1725 1583 προστάξαι

201 1588 513 1656 φονεύεσθαι·
543 1595 782 1650 τοσαῦτα
821 1598 897 1661 ὡς
935 1604 1053 1653 κατ’
1086 1604 1355 1674 ἐπιτομὴν
1389 1608 1520 1676 περὶ
1546 1608 1726 1662 τοῦδε.

202 1677 445 1750 Ἐλεήμων
495 1686 604 1757 γὰρ
654 1686 782 1742 ὢνό
835 1690 987 1755 Θεὸς,
1033 1692 1178 1747 θέλει
1231 1695 1300 1748 δι’
1352 1698 1728 1768 ἐπιτιμήσεων

192 1771 332 1840 ἤγουν
356 1776 592 1847 ὲξοριῶν,
622 1781 905 1846 φυλακῶν,
925 1786 1102 1838 ἄλλων
1131 1787 1294 1840 τινῶν
1320 1788 1636 1844 ὑποθέσεων
1667 1794 1727 1846 τὺ

190 1863 270 1932 τῆς
302 1870 578 1934 μετανοίας
612 1874 800 1938 αὐτοῖς
829 1877 918 1929 διὰ
945 1876 1090 1946 ζωῆς
1123 1881 1528 1950 συντηρεῖσθαι.

1828 685 1897 737 At
1925 698 2032 735 non
2067 682 2185 736 sine
2211 685 2403 735 multa.
2438 681 2573 736 Nam
2602 695 2654 738 et
2681 684 2816 740 Cain
2844 703 2969 740 cum
3008 688 3232 744 fratrem
3263 692 3410 746 occi—

1826 777 2016 838 disset,
2051 774 2439 828 tnulliformem
2478 785 2531 829 et
2560 778 2888 832 celebratam
2942 795 3161 849 pmnam
3198 784 3397 837 merito

1828 868 2018 921 subiit.
2069 868 2290 923 l’mnam
2323 883 2541 936 quoque
2571 885 2600 922 a
2665 871 2845 934 seipso
2877 874 3092 940 repetiit
3120 873 3358 929 Lamcch
3392 915 3410 938 ,

1827 969 1881 1013 et
1911 959 2175 1021 Absaion,
2207 961 2301 1027 qui
2336 958 2556 1013 fratrem
2586 962 2803 1015 Amnon
2849 975 3092 1029 necarat,
3137 981 3165 1020 a
3213 977 3367 1036 patre
3395 1009 3409 1024 .

1824 1051 1978 1119 juxta
2011 1048 2351 1104 Thccuitidis
2385 1051 2690 1121 problema,
2716 1069 3058 1124 nequaquam
3087 1072 3264 1112 caesus
3293 1066 3410 1122 est;

1828 1156 1932 1196 nec
1966 1143 2204 1196 Absalon
2254 1145 2587 1212 parricidam
2619 1160 2779 1200 suum
2816 1148 2991 1224 occidi
3030 1148 3250 1203 volebat
3297 1152 3415 1220 ipse

1827 1231 2020 1297 David,
2051 1235 2144 1288 sed
2179 1249 2356 1304 neque
2385 1251 2482 1290 eos
2517 1238 2611 1305 qui
2652 1244 2779 1292 cum
2824 1239 3017 1293 eodem
3064 1241 3410 1307 defecerant,

1827 1335 1952 1394 post
1976 1326 2102 1380 belli
2133 1328 2295 1381 tinem
2323 1331 2516 1398 perimi
2538 1330 2775 1398 jussisse
2805 1332 3083 1400 proditum
3103 1347 3208 1390 est.
3237 1335 3316 1390 Ac
3345 1338 3414 1391 de

1829 1413 1916 1468 his
1970 1414 2234 1472 hactenus
2280 1417 2449 1472 veluti
2501 1421 2850 1488 compendio.
2902 1420 3217 1479 Misericors
3266 1425 3409 1478 enim

1830 1505 1975 1562 Deus
2003 1522 2100 1577 per
2135 1509 2533 1579 castigationes
2556 1550 2572 1576 ,
2621 1511 2674 1564 id
2707 1520 2792 1566 est
2819 1553 2834 1576 ,
2871 1515 3087 1579 exsilia,
3118 1529 3370 1570 carceres
3395 1557 3412 1579 ,

1829 1608 1883 1652 et
1909 1600 2131 1664 similia,
2161 1602 2543 1670 paenitentiam
2571 1603 2640 1658 ab
2669 1604 2782 1660 illis
2813 1613 2925 1662 tota
2951 1607 3060 1661 vita
3094 1609 3209 1662 vult
3230 1609 3419 1665 obser-

1829 1706 1967 1746 vari.

257 1959 364 2013 Ἐπὶ
390 1962 444 2015 δὲ
474 1968 539 2035 τῇ
565 1967 731 2039 ἑτέρᾳ
755 1970 1034 2033 ὑποθέσει,
1058 1972 1111 2024 τί
1136 1977 1231 2027 κα)¹
1264 1975 1455 2046 φῶμεν
1477 1995 1491 2043 ;
1525 1979 1726 2044 εἰδότος

1901 1961 1976 2015 De
2004 1960 2178 2016 altero
2214 1973 2395 2017 autem
2423 1963 2602 2033 capite
2641 1966 2773 2034 quid
2806 1967 3083 2033 dicemus,
3138 1986 3264 2026 cum
3295 1987 3421 2041 per-

191 2067 266 2104 σου
294 2054 378 2106 τοὺ
419 2059 716 2130 ἐχέφρονος
761 2063 856 2114 καὶ
908 2063 1236 2136 δραστηρίου
1271 2069 1365 2121 νοῦ
1412 2071 1483 2122 τὰ
1522 2073 1722 2126 πάντα.

190 2143 264 2208 Εἰς
293 2149 413 2202 αὐτὸ
430 2151 589 2204 τοῦτο
611 2154 644 2222 ὴ
663 2153 756 2206 τοῦ
781 2157 1158 2226 προάρξαντος
1185 2161 1416 2223 Λέοντος
1445 2161 1723 2230 ἔνστασις,

191 2239 387 2307 συνᾶραι
422 2244 568 2311 ἡμᾶς
604 2244 760 2311 λόγον
792 2246 930 2314 μετὰ
971 2247 1080 2300 τῶν
1115 2251 1441 2322 ἑτεροδόξων
1471 2269 1485 2284 ο
1512 2254 1728 2306 ἀντιθε-

186 2329 324 2392 τικῶς
364 2333 540 2402 κρίσιν
597 2336 943 2404 ἁποίσοντος,
994 2340 1070 2404 ὼς
1096 2342 1372 2413 ἐνόμιζεν.
1431 2345 1594 2398 Ἀλλὰ
1631 2347 1728 2400 καὶ

187 2419 324 2475 αὑτοῦ
346 2424 437 2494 ἤδη
465 2427 560 2479 τοῦ
588 2426 970 2497 βασιλεύοντος
992 2435 1030 2503 νή
1051 2435 1189 2505 αὑτὴ
1215 2435 1464 2501 ἔνστασις
1489 2438 1728 2507 ὁπηνίκα

188 2513 306 2565 κατὰ
331 2517 623 2584 πρόσωπον
649 2521 757 2590 πρὸ
787 2525 957 2593 τριῶν
989 2527 1127 2579 ἐτῶν
1153 2527 1401 2601 διελέχθη
1436 2532 1566 2602 ἡμῖν
1585 2549 1598 2562 ·
1629 2535 1729 2586 οὑκ

186 2602 322 2655 αὑτοῦ
342 2605 588 2674 λέγοντος
612 2613 820 2681 κρίνειν
860 2615 960 2684 τὴν
989 2618 1353 2685 διαδικασίαν,
1376 2623 1512 2675 ἀλλὰ
1541 2624 1729 2677 τοῦτον

186 2695 406 2751 κάκεῖνον
443 2701 552 2755 τῶν
600 2703 760 2776 δῆθεν
808 2709 1130 2778 ὀμοφρόνων
1182 2712 1336 2781 ἡμῖν.
1412 2714 1552 2766 Ἀλλ’
1603 2715 1728 2768 οὕτε

184 2788 318 2856 ἡμεῖς
352 2793 399 2844 οἰ
444 2798 717 2866 παρόντες
764 2800 908 2852 κατὰ
956 2803 1279 2873 πρόσωπον’
1310 2804 1434 2858 οὔτε
1459 2809 1486 2859 ό
1520 2807 1730 2872 κλεινὸς

185 2880 318 2947 ἡμῶν
342 2885 633 2956 ἀρχιερεὺς
656 2889 938 2960 ἠνέσχετο,
969 2894 1044 2956 ὡς
1075 2894 1345 2966 ἔκθεσμον
1366 2900 1461 2952 καὶ
1484 2899 1690 2953 ὀθνεῖον
1711 2920 1725 2934 ι

181 2969 296 3041 ὅπερ
325 2975 414 3027 καὶ
461 2978 685 3046 ἀληθὲς,
739 2983 1065 3058 παμπόθητε
1097 2986 1255 3056 ἡμῶν
1297 2988 1536 3043 δέσποτα
1557 3009 1572 3024 ·
1607 2994 1729 3045 οὐδὲ

165 3058 270 3130 γὰρ
301 3067 421 3136 περὶ
452 3067 727 3135 βιωτικῶν
753 3074 847 3123 καὶ
879 3076 1160 3143 σαρκικῶν
1189 3079 1218 3129 ὀ
1247 3078 1434 3145 λόγος·
1467 3074 1541 3133 ὧν
1571 3082 1730 3150 βασι-

178 3148 282 3213 λεὺς
303 3154 359 3205 τὸ
387 3157 589 3224 κράτος
619 3156 733 3227 ἔχει
781 3159 877 3213 τοῦ
931 3163 1158 3231 κρίνειν,
1209 3167 1303 3218 καὶ
1352 3166 1413 3219 τὸ
1481 3168 1730 3237 βιωτικὸν

177 3245 432 3314 κριτήριον
453 3264 468 3277 ·
500 3247 641 3301 ἀλλὰ
660 3252 791 3322 περὶ
818 3251 977 3304 θείων
1001 3255 1095 3306 καὶ
1112 3255 1382 3320 οὐρανίων
1410 3257 1696 3328 δογμάτων
1712 3302 1726 3323 ,

174 3331 394 3401 ὂᾶλλοις
438 3340 543 3392 οὑκ
573 3343 992 3414 ἐπιτέτραπται,
1028 3346 1061 3415 ἢ
1113 3349 1382 3415 ἐκείνοις,
1436 3347 1516 3416 οἷς
1561 3370 1727 3422 φησιν

174 3424 315 3487 αὐτὸς
341 3431 367 3481 ὁ
390 3431 525 3496 Θεὸς
555 3435 726 3503 Λόγος
748 3453 761 3465 ο
791 3438 948 3492 ’Ὅσα
973 3439 1052 3492 ἂν
1073 3439 1299 3509 δήσητε
1322 3444 1420 3496 ἐπὶ
1456 3445 1565 3511 τῆς
1591 3445 1725 3515 γῆς,

172 3515 320 3572 ἔσται
343 3520 633 3594 δεδεμένα
682 3529 752 3582 ἐν
799 3530 880 3595 τῷ
914 3533 1174 3600 οὐρανῷ,
1217 3537 1316 3589 καὶ
1347 3536 1463 3590 ὅσα
1488 3537 1565 3591 ὃν
1617 3541 1725 3593 λῦ-

171 3624 300 3674 σητε
326 3614 422 3668 ἐπὶ
475 3617 592 3685 τῆς
645 3620 781 3690 γῆς,
834 3622 1006 3676 ἔσται
1052 3628 1362 3695 λελυμένα
1404 3630 1473 3682 ἐν
1511 3628 1590 3695 τῷ
1630 3634 1728 3683 οὺ-

167 3703 332 3767 ρανῷ.
363 3707 523 3772 Τίνες
559 3711 617 3763 δὲ
657 3706 804 3765 οὑτοι
838 3715 886 3765 οἱ
925 3716 1339 3785 ὲντεταλμένοι;
1387 3721 1724 3784 Ἀπόστολοι,

173 3795 249 3847 καὶ
273 3799 319 3849 oi
351 3800 558 3855 τούτων
595 3803 853 3874 διάδοχοι.
881 3807 1040 3868 Τίνες
1072 3808 1115 3860 δ’
1141 3807 1237 3861 οὖν
1256 3814 1304 3862 οἱ
1358 3812 1628 3882 διάδοχοι;
1670 3814 1727 3867 ’0

171 3886 255 3956 τῆς
285 3890 576 3964 Ῥωμαίων
605 3898 724 3949 νυνὶ
757 3899 1156 3970 πρωτόθρονος,
1191 3905 1218 3955 ὀ
1249 3905 1350 3972 τῆς
1379 3906 1728 3959 Κωνσταντι-

171 3985 454 4052 νουπόλεως
475 3989 830 4060 δευτερεύων,
871 3993 1282 4064 Ἀλεξανδρείας
1305 4013 1362 4047 τε
1393 3997 1486 4048 καὶ
1525 3998 1727 4050 Ἀντιο-

166 4076 438 4143 χείας,καῖ
461 4083 492 4134 ό
549 4083 958 4156 Ἰεροσολύμων.
1002 4087 1172 4139 Τοῦτο
1207 4088 1269 4140 τὸ
1316 4089 1727 4159 πεντακόρυιρον

171 4171 346 4238 κράτος
371 4175 475 4245 τῆς
520 4176 870 4247 Ἑκκλησίας.
913 4180 1074 4251 Παρὰ
1108 4179 1321 4243 τούτοις
1347 4181 1408 4233 τὸ
1433 4181 1540 4233 τῶν
1567 4183 1726 4235 θείων

167 4255 434 4329 δογμάτων
461 4268 774 4338 κριτήριον.
805 4269 1082 4322 Βασιλέων
1117 4270 1172 4322 δὲ
1215 4272 1311 4324 καὶ
1334 4272 1640 4342 ἡγεμόνιον,
1667 4274 1728 4325 τὸ

169 4363 571 4429 συνεπικουρεῖν
608 4363 701 4413 καὶ
750 4364 1273 4433 συνεπισιρραγίζειν
1296 4363 1367 4416 τὰ
1397 4364 1725 4435 δεδογμένα·

168 4443 248 4494 καὶ
284 4446 628 4505 διαλλάττειν
681 4453 750 4507 τὰ
811 4455 1094 4524 σαρκικῶς
1135 4455 1563 4526 διαφορούμενα.
1614 4458 1729 4510 Οὑκ

167 4533 277 4591 ἄλλο
302 4557 351 4594 τι
392 4543 452 4595 ὲν
494 4548 610 4608 τοῖς
651 4546 818 4610 θείοις
858 4548 1145 4617 δόγμασιν,
1194 4549 1318 4601 οὕτε
1350 4550 1560 4604 δέδοται
1591 4552 1729 4622 πρὸς

1829 2062 2014 2119 specta
2055 2053 2166 2106 sint
2201 2054 2386 2107 omnia
2422 2055 2673 2122 prudenti
2720 2071 2784 2110 ac
2813 2057 3001 2112 solerti
3043 2063 3215 2114 menti
3266 2063 3419 2117 tum?

1828 2141 2031 2198 Eodem
2072 2145 2334 2199 nimirum
2379 2147 2636 2202 tendebat
2667 2147 2870 2204 Leonis
2905 2166 3084 2218 nuper
3118 2153 3418 2223 imperato-

1829 2234 1906 2288 ris
1940 2244 2208 2297 conatus,
2247 2245 2306 2289 ut
2356 2251 2456 2291 nos
2509 2253 2635 2292 cum
2696 2237 3052 2298 heterodoxis
3102 2259 3414 2301 sermonem

1829 2327 2209 2382 conferremus
2243 2328 2588 2400 disceptante
2627 2333 2720 2386 illo
2744 2351 2756 2387 :
2784 2343 2845 2389 ut
2890 2336 3227 2391 contrariam
3256 2339 3414 2393 nobis

1831 2420 2158 2473 sententiam
2201 2416 2390 2487 ferret,
2431 2422 2576 2476 sicut
2616 2425 2863 2493 putabat.
2891 2426 3035 2492 Quin
3075 2436 3128 2482 et
3156 2428 3277 2498 ejus
3320 2433 3414 2499 qui

1832 2526 1978 2564 nunc
2012 2511 2277 2579 imperat,
2331 2528 2488 2568 mens
2523 2515 2711 2569 eadem
2742 2500 2900 2581 'fuit,
2958 2533 3081 2573 cum
3135 2529 3261 2575 ante
3306 2529 3416 2575 tres

1830 2616 2006 2656 annos
2056 2603 2342 2658 nobiscum
2401 2619 2588 2659 coram
2628 2606 2759 2676 egit,
2808 2608 2883 2661 ita
2919 2617 3095 2664 tamen
3124 2620 3184 2665 ut
3209 2626 3418 2681 nequa-

1831 2711 1995 2765 quam
2028 2695 2270 2766 judicem
2303 2713 2363 2752 se
2394 2696 2642 2752 futurum
2676 2699 2912 2762 diceret,
2951 2703 3044 2757 sed
3073 2703 3220 2758 hunc
3253 2715 3417 2774 atque

1832 2787 1983 2840 illum
2038 2787 2250 2841 scilicet
2295 2803 2362 2841 ex
2401 2789 2469 2843 iis
2521 2789 2614 2858 qui
2647 2790 2943 2846 nobiscum
2975 2793 3166 2848 eadem
3208 2798 3421 2857 senties

1831 2879 1982 2933 bant.
2019 2878 2124 2933 Sed
2155 2895 2333 2949 neque
2365 2895 2467 2935 nos
2501 2881 2597 2950 qui
2634 2893 2932 2949 praesentes
2959 2884 3276 2954 aderamus,
3314 2904 3417 2943 nc-

1831 2987 1939 3042 que
1969 2973 2207 3043 inclytus
2244 2973 2488 3042 pontifex
2525 2983 2715 3029 noster
2767 2975 2821 3029 id
2874 2977 3018 3040 tulit,
3056 2978 3259 3048 quippe
3310 2980 3418 3034 ini-

1832 3081 2002 3134 quum
2048 3077 2108 3120 et
2153 3065 2419 3132 alienum,
2455 3066 2603 3135 quod
2635 3082 2770 3122 sane
2802 3081 2991 3122 verum
3024 3079 3146 3132 est,
3194 3071 3419 3127 domine

1833 3157 1907 3211 mi
1932 3158 2421 3215 desideratissime.
2449 3159 2566 3213 Non
2599 3161 2746 3214 enim
2781 3160 2849 3216 de
2877 3161 3041 3216 rebus
3078 3163 3266 3217 saeculi
3292 3179 3418 3217 ear-

1837 3252 2034 3320 nisque
2063 3265 2250 3306 sermo
2280 3261 2384 3320 est,
2408 3253 2474 3307 dc
2504 3254 2706 3322 quibus
2740 3255 3022 3323 judicandi
3054 3271 3216 3325 penes
3246 3256 3418 3326 impc-

1836 3353 2072 3396 ratorem
2107 3353 2344 3412 potestas
2371 3355 2473 3408 est,
2499 3354 2554 3399 et
2585 3345 2854 3414 judicium
2890 3347 3151 3401 sateulare
3180 3364 3192 3400 :
3220 3348 3314 3403 sed
3351 3350 3418 3402 de

1835 3435 2037 3499 divinis
2075 3424 2137 3490 ac
2165 3436 2483 3491 cozlcstibus
2523 3437 2890 3507 dogmatibus,
2939 3453 3062 3506 quae
3112 3440 3235 3493 aliis
3268 3455 3421 3495 coan-

1838 3528 2002 3582 missa
2032 3543 2137 3581 non
2171 3539 2301 3583 sunt
2334 3544 2497 3598 quam
2528 3529 2592 3582 iis
2621 3529 2823 3597 quibus
2858 3529 2999 3584 Deus
3037 3530 3153 3599 ipse
3173 3530 3416 3585 Verbum

1836 3620 2010 3674 dixit:
2046 3619 2383 3689 Qurcctmque
2439 3620 2729 3689 ligaveritis
2809 3637 2964 3689 super
3015 3632 3208 3674 terram
3260 3635 3416 3676 erunt

1834 3710 2003 3780 ligata
2059 3721 2107 3764 et
2155 3713 2210 3764 in
2259 3713 2384 3764 caelo
2415 3727 2432 3764 :
2465 3721 2514 3764 ct
2556 3728 2873 3781 qumcunque
2931 3713 3190 3767 solveritis
3262 3731 3420 3780 super

1839 3815 2056 3866 terram,
2091 3813 2245 3855 erunt
2277 3805 2453 3857 soluta
2478 3816 2527 3857 et
2559 3807 2613 3856 in
2639 3805 2765 3858 caelo
2791 3806 2833 3859 δ.
2876 3805 3110 3871 Quinam
3150 3816 3326 3861 autem
3362 3810 3418 3864 hi

1838 3906 1967 3949 sunt
1999 3897 2200 3964 quibus
2248 3897 2350 3949 hoc
2387 3896 2603 3963 jussum
2644 3897 2778 3957 fuit?
2827 3898 3071 3966 Apostoli
3120 3907 3173 3953 et
3224 3916 3414 3954 eorum

1837 4002 2204 4042 successores.
2242 3987 2473 4052 Quinam
2521 4003 2685 4056 porro
2734 3998 2862 4040 sunt
2896 3991 3287 4043 successores?
3315 3992 3416 4056 Qui

1839 4080 2139 4134 Romanam
2195 4097 2341 4133 nunc
2385 4081 2616 4149 primam
2667 4083 2847 4134 sedem
2881 4091 3066 4136 tenet:
3129 4085 3220 4151 qui
3269 4081 3416 4139 Con-

1841 4172 2379 4240 stantinopolitanam
2414 4173 2747 4238 secundam;
2820 4190 2913 4243 qut
2947 4176 3370 4229 Alexandrinam
3400 4221 3414 4241 ,

1837 4275 1891 4317 et
1950 4263 2387 4325 Antiochenam,
2438 4271 2491 4315 et
2541 4262 2634 4330 qui
2671 4262 3244 4334 Hierosolymitanam_
3296 4265 3420 4319 llaec

1838 4356 2180 4424 quinivertex
2233 4361 2471 4422 potestas
2528 4352 2785 4408 Ecclesiae
2831 4372 2844 4408 :
2892 4371 3060 4424 penes
3123 4355 3228 4412 hos
3280 4357 3421 4411 divi-

1838 4461 2033 4499 norum
2087 4445 2399 4512 dogmatum
2454 4443 2750 4508 judicium.
2827 4445 3222 4513 lmperatorum
3291 4463 3420 4500 vero

1838 4549 1891 4593 et
1923 4538 2217 4609 praesidum
2249 4546 2333 4592 est
2367 4552 2522 4604 opem
2580 4535 2738 4602 ferre,
2796 4547 2849 4591 et
2897 4540 3255 4608 comprobare
3298 4557 3420 4610 quae

166 4625 302 4694 Θεοῦ,
343 4633 471 4688 οὒτε
504 4639 876 4710 γενησόμενον
903 4642 1182 4709 στήσεται.
1209 4642 1308 4694 Διὰ
1341 4641 1499 4694 τοῦτο
1534 4644 1727 4695 ἀπεδο-

1839 4633 2057 4686 decreta
2106 4638 2272 4693 sunt,
2333 4639 2386 4682 et
2440 4629 2794 4683 reconciliare
2825 4630 2918 4699 qui
2968 4633 3264 4685 carnaliter
3303 4634 3419 4686 dis-

167 4723 388 4796 κιμὰσθη
427 4729 522 4780 ἐπὶ
562 4729 656 4780 τοῦ
721 4730 991 4800 δόγματος
1032 4731 1141 4783 τῶν
1190 4731 1360 4784 θείων
1408 4733 1630 4786 εἰκόνων
1664 4734 1730 4785 τὰ

166 4814 242 4866 ἐπὶ
278 4817 368 4870 τοῦ
402 4819 578 4873 πάλαι
609 4822 1029 4875 Κωνσταντίνου
1081 4824 1175 4875 καὶ
1206 4825 1436 4886 Λέοντος
1466 4824 1730 4894 βασιλικῷ

166 4903 337 4972 κράτει
377 4911 477 4961 καὶ
531 4909 722 4980 θράσει
757 4913 1213 4981 συνεδριασθέντα
1247 4929 1307 4966 τε
1345 4915 1438 4967 καὶ
1485 4914 1733 4986 βατταρί-

166 4995 340 5051 σθέντα
359 5017 374 5031 ·
402 5003 494 5069 ἐφ’
522 5000 602 5064 οἷς
622 5005 836 5074 ἐτμήθη
861 5009 892 5075 ἠ
916 5006 1045 5076 τῇδε
1070 5006 1365 5076 Ἐκκλησία
1394 5007 1502 5060 τῶν
1529 5009 1730 5078 ἐτέρων

165 5094 419 5164 τεττάρων
473 5094 940 5165 ἀναθεματισμοῖς
992 5098 1408 5168 ὑποϐαλλομένη
1446 5101 1690 5162 αἰωνίοις
1717 5143 1728 5163 ,

165 5187 402 5253 σφραγῖδι
463 5189 560 5240 τοῦ
607 5189 766 5255 ἁγίου
815 5191 1152 5260 Πνεύματος.
1217 5190 1349 5244 Εἶτα
1416 5193 1550 5261 ἐλέῳ
1597 5193 1731 5245 Θεοῦ

163 5273 347 5349 ἠγέρθη
381 5279 555 5348 κέρας
580 5279 889 5350 ὀρθοδσξίας
919 5283 1011 5333 ἐπὶ
1041 5283 1276 5352 Εἰρήνης
1325 5284 1422 5350 τῆς
1466 5285 1608 5336 πάνυ
1637 5285 1732 5335 σὺν

162 5367 226 5435 τῷ
268 5372 442 5441 αὐτῆς
478 5372 738 5441 ραδὰμνῳ
765 5391 777 5402 ·
813 5374 898 5439 ἐφ’
933 5369 1000 5445 ἧς
1056 5375 1306 5444 συνήφθη
1343 5377 1410 5426 τὰ
1467 5375 1732 5427 διεστῶτα

165 5461 343 5532 μέχρις
368 5467 606 5527 Λέοντος
625 5466 719 5517 τοῦ
740 5466 1049 5536 προσεχοῦς
1074 5485 1086 5496 '
1117 5469 1202 5535 ἐᾷ’
1223 5461 1266 5533 ᾧ
1291 5464 1444 5529 αὖθις
1467 5467 1732 5536 διετμήθη

161 5555 330 5624 ἧτῇδε
371 5558 699 5628 Ἐκκλησία,
735 5560 1252 5630 ἀναθεματιζομένη
1301 5561 1405 5612 ὑπὸ
1450 5560 1559 5611 τῶν
1594 5577 1730 5629 προ-

165 5645 310 5717 τέρων
349 5651 686 5722 ἰσορρόπως.

1835 4726 2012 4778 sident
2059 4739 2122 4777 ac
2171 4723 2505 4791 discrepant.
2565 4721 2719 4775 Haud
2794 4723 2940 4775 aliud
2996 4724 3289 4793 quidquam
3353 4726 3419 4780 de

1832 4817 2034 4871 divinis
2062 4816 2438 4883 dogmatibus,
2471 4831 2648 4884 neque
2683 4831 2711 4867 a
2745 4813 2856 4868 Deo
2886 4817 3146 4869 traditum
3181 4828 3283 4879 est,
3320 4833 3419 4870 nec

1835 4912 1880 4965 si
1913 4911 2024 4973 liat,
2055 4909 2240 4961 stabit.
2292 4908 2586 4977 Propterea
2619 4909 2848 4977 explosa
2875 4919 2926 4963 et
2952 4909 3153 4978 rcjecta
3192 4909 3417 4963 fuerunt

1835 5005 1979 5057 circa
2027 5002 2337 5054 divinarum
2399 5001 2699 5068 imaginum
2737 5002 2928 5068 dogma
2960 5041 2974 5063 ,
3030 5016 3092 5053 ca
3139 5017 3260 5070 quae
3317 5004 3417 5055 sub

1835 5094 2198 5148 Constantino
2228 5093 2462 5161 quodam
2495 5101 2548 5144 et
2579 5091 2761 5144 Leone
2798 5092 2945 5160 regia
2980 5098 3221 5160 potentia
3245 5102 3415 5161 atque

1836 5185 2064 5237 audacia
2120 5185 2173 5236 in
2222 5182 2588 5236 conciliabulo
2645 5190 2762 5234 acta
2814 5191 2867 5234 et
2937 5197 3216 5249 perperam
3272 5184 3418 5238 dicta

1838 5285 1983 5330 sunt.
2018 5275 2264 5341 Quorum
2308 5291 2474 5327 causa
2522 5273 2700 5326 divisa
2754 5273 2869 5327 Ιιυεο
2930 5287 3116 5328 nostra
3178 5274 3416 5328 Ecclesia

1837 5369 1936 5423 fuit
1987 5384 2016 5422 a
2047 5369 2253 5423 caeteris
2276 5379 2532 5437 quatuor,
2588 5366 3062 5422 anathematismis
3097 5367 3288 5422 affecta
3322 5384 3419 5437 pe—

1837 5464 2101 5518 rennibus
2134 5504 2148 5527 ,
2192 5463 2527 5530 approbante
2557 5459 2762 5530 Spiritu
2809 5471 3021 5513 sancto.
3074 5460 3204 5515 Post
3263 5463 3418 5525 lucc,

1839 5556 1946 5609 Deo
1980 5555 2295 5615 miserante,
2317 5563 2560 5606 erectum
2593 5560 2679 5604 est
2716 5565 2888 5604 cornu
2918 5553 3041 5605 tidei
3072 5554 3415 5620 orthodoxae,

1837 5664 2034 5718 magna
2067 5647 2220 5702 lrene
2256 5647 2545 5715 imperium
2577 5644 2861 5697 obtinente
2892 5659 3016 5697 cum
3046 5647 3270 5699 surculo
3296 5663 3420 5709 suo,

164 5755 254 5808 quo
296 5751 546 5812 tempore
580 5759 703 5812 quae
744 5742 959 5798 divulsa
1010 5753 1167 5798 erant
1207 5746 1533 5800 coaluerunt
1589 5761 1763 5814 usque
1804 5744 1870 5796 ad
1922 5741 2234 5810 proximum
2285 5739 2520 5794 Leonem
2559 5758 2571 5792 :
2607 5737 2708 5791 sub
2738 5751 2846 5806 qm)
2899 5737 3100 5792 iterum
3147 5738 3419 5812 discerpta

167 5843 234 5887 est
257 5833 504 5889 Ecclesia
530 5847 743 5898 nostra,
761 5845 814 5890 et
841 5837 910 5890 ab
936 5837 1129 5891 iisdem
1161 5841 1362 5907 pariter
1384 5841 1737 5894 anathemate
1776 5839 2029 5892 damnata

247 5933 265 5962 ³
299 5933 315 5985 Ι
353 5931 568 5987 Thess.
617 5933 805 5992 ν.15.
911 5935 932 5964 ⁸
959 5934 1158 5990 Matth.
1206 5954 1314 6000 xu,
1355 5937 1439 5991 i9.

439 6027 715 6087 ΡΑτιιοι.
761 6029 877 6085 Gn.
911 6029 1124 6088 XCIX.
