3934 6460
522 378 656 444 1419

518 581 693 635 culari
723 580 933 649 judicio
983 580 1227 634 divinum
1274 577 1549 649 judicium
1589 589 1961 649 comparetur,
1997 587 2093 633 aut

522 683 583 727 ut
626 673 899 736 coalescat
957 672 1075 726 haec
1132 670 1379 726 Ecclesia
1438 685 1547 725 non
1619 670 2092 726 consentientibus

517 766 762 836 quinque
805 763 1159 834 patriarchis.
1192 762 1349 830 Quod
1378 764 1424 819 si
1461 774 1615 835 roget
1640 764 1948 835 quispiam,
1980 778 2093 832 quo

518 871 677 929 pacto
722 861 778 914 id
827 861 944 915 tieri
990 860 1208 930 possit?
1262 857 1321 914 Si
1359 860 1647 924 excedant,
1680 858 1946 929 inquam,
1997 857 2093 912 Dei

518 954 778 1007 Eeclesiis
813 952 1133 1007 heterodoxi
1159 993 1174 1017 ,
1227 960 1282 1006 et
1330 950 1606 1022 propriam
1638 949 1827 1006 sedem
1866 950 2096 1020 recipiat

516 1043 796 1113 quondam
825 1043 1167 1111 Nicephorus
1202 1057 1355 1097 sacer
1386 1043 1718 1113 patriarcha.
1753 1042 1879 1109 Qui,
1905 1053 2097 1099 coacto

517 1152 708 1191 eorum
753 1144 1028 1190 conventu
1088 1149 1214 1189 cum
1260 1122 1463 1204 quibus
1505 1143 1786 1191 certamen
1836 1135 2098 1191 sustinuit

522 1229 590 1286 (si
618 1228 734 1282 ﬂeri
782 1242 888 1282 non
930 1229 1110 1297 possit
1142 1237 1200 1282 ut
1240 1227 1310 1281 ab
1349 1227 1474 1283 aliis
1528 1227 1870 1297 patriarchis
1916 1228 2100 1283 adsint

521 1317 708 1373 vicarii
732 1356 748 1381 ,
780 1318 926 1388 quod
960 1328 1108 1373 certe
1137 1318 1253 1374 ﬁeri
1290 1327 1505 1388 potest,
1544 1318 1756 1391 sivclit
1799 1320 2097 1388 imperator

522 1408 928 1465 Occidentalem
966 1409 1256 1475 interesse,
1290 1410 1378 1465 cui
1408 1420 1458 1466 et
1490 1420 1735 1480 potestas
1766 1426 1981 1466 summa
2004 1411 2099 1466 de-

524 1500 895 1570 fertursynodi
921 1500 1320 1570 meumenicae),
1348 1509 1585 1554 attamen
1627 1515 1814 1569 pacem
1845 1500 2101 1555 conﬁciat

520 1601 575 1645 et
604 1592 1050 1660 conjunctiouem
1078 1630 1094 1651 .
1144 1592 1430 1663 synodicas
1464 1607 1593 1646 suas
1625 1592 1695 1647 ad
1729 1593 1923 1661 prima:
1951 1593 2098 1649 sedis

519 1684 808 1753 praesulem
874 1684 1163 1738 mittendo.
1224 1682 1382 1750 Quod
1424 1685 1473 1740 si
1516 1684 1624 1739 hoc
1675 1686 1904 1740 minime
1966 1701 2099 1756 prov

520 1774 615 1831 bet
665 1776 999 1846 imperator,
1041 1776 1411 1846 deﬂexitque,
1462 1786 1523 1832 ut
1590 1778 1708 1848 ipse
1758 1779 1873 1845 ait,
1922 1794 1954 1832 a
2003 1793 2098 1833 ve-

1707 384 1766 442 S.
1798 381 2194 443 THEODORI
2233 380 2578 442 STUDlT/E

582 481 735 541 I‘ieri
770 502 902 557 ergo
938 485 1087 541 nulla
1134 485 1347 541 ratione
1380 494 1584 557 potest,
1624 486 1878 551 domine,
1908 498 1967 542 ut
1994 503 2091 542 sze-
2115 490 2166 550 Α

3631 382 3772 444 1420

2279 487 2586 558 Ἀμήχανον
2615 480 2710 541 οῦν
2753 487 2923 552 ἐστιν,
2957 480 3002 540 ὦ
3051 487 3309 552 δέσποτα,
3358 489 3600 561 βιωτικῷ
3640 510 3768 562 κρι-

2190 578 2362 650 τηρίῳ
2384 577 2831 649 παραϐάλλεσθαι
2860 579 2920 631 τδ
2936 578 3079 631 θεῖον
3094 579 3406 649 κριτήριον,
3429 580 3461 650 ἢ
3483 580 3770 650 συναφθῆ-

2192 688 2280 724 ναι
2311 671 2470 742 τήνδε
2502 671 2605 742 τὴν
2646 670 2996 741 Ἐκκλησίαν,
3029 672 3105 742 μὴ
3127 672 3248 743 οὐχὶ
3272 673 3639 740 ὁμονοούντων
3659 674 3770 726 τῶν

2194 765 2357 816 πέντε
2407 762 2788 834 πατριαρχῶν.
2841 764 2905 817 Εἰ
2967 764 3027 817 δέ
3062 781 3146 826 τις
3190 764 3433 835 ,ἐρωτοίη
3499 766 3595 819 καὶ
3648 767 3771 830 πῶς

2194 855 2467 926 ἐνδέχεται
2492 853 2651 909 τοῦτο
2680 854 2973 925 γενέσθαι*
3010 856 3087 927 τῷ
3127 859 3387 929 ἐκστῆναι
3428 859 3554 923 τοὺς
3582 860 3772 930 ἑτερο-

2195 948 2381 1015 δὸξους
2422 948 2533 1002 τῶν
2579 948 2675 1003 τοῦ
2731 948 2863 1003 Θεοῦ
2912 950 3280 1021 Ἑκκλησιῶν’
3332 952 3429 1005 καὶ
3472 952 3772 1006 ἀπολαϐεῖν

2199 1040 2292 1089 τὸν
2324 1040 2522 1092 οἰκεῖον
2550 1038 2740 1109 θρόνον
2762 1039 3076 1111 Νικηφόρον
3097 1040 3188 1094 τὸν
3227 1040 3372 1112 ἱερὸν
3399 1043 3769 1113 πατριάρχην·

2197 1126 2256 1191 ὃς
2308 1128 2669 1198 συνεδρεύσας
2729 1129 2847 1199 μεθ’
2897 1123 2974 1183 ὧν
3005 1130 3341 1200 συνήθλησεν
3371 1132 3444 1202 (εί
3491 1133 3591 1184 οὐκ
3622 1132 3773 1185 ἐνδέ-

2198 1238 2355 1291 χεται
2375 1222 2440 1274 ὲκ
2467 1220 2577 1274 τῶν
2598 1221 2774 1276 ἄλλων
2796 1223 3155 1294 πατριαρχῶν
3180 1227 3441 1294 παρεῖναι
3464 1224 3774 1295 ἀντιπροσ-

2197 1313 2401 1379 ώπους.
2439 1316 2616 1385 Ὅπερ
2665 1314 2891 1369 δυνατόν
2923 1317 3095 1383 ἐστιν,
3127 1318 3174 1369 εί
3217 1316 3361 1371 θέλοι
3391 1317 3645 1387 βασιλεὺς
3683 1316 3776 1371 τὸν

2198 1406 2261 1457 ὲκ
2289 1405 2506 1469 Δύσεως
2538 1409 2839 1477 παρεῖναιΐ
2875 1398 2919 1473 ᾧ
2962 1406 3060 1459 καὶ
3092 1406 3153 1459 τὸ
3198 1407 3401 1477 κράτος
3438 1406 3777 1478 ἀναφέρεται

2198 1498 2298 1567 τῆς
2326 1499 2719 1570 οἱκουμενικῆς
2754 1497 3025 1570 συνόδου),
3080 1500 3418 1569 ἀποπεράνοι
3466 1500 3534 1554 ἂν
3587 1500 3651 1553 τὸ
3677 1499 3778 1570 τῆς

2199 1594 2446 1664 εἰρήνης,
2475 1592 2652 1646 καὶτὸ
2673 1590 2775 1662 τῆς
2796 1592 3095 1661 συναφείας
3125 1592 3547 1664 βραϐευτήριον,
3580 1593 3777 1663 δηλον-

2198 1687 2281 1738 ότι
2321 1684 2391 1739 δι⁹
2438 1684 2658 1739 οἰκείων
2691 1684 2985 1739 συνοδικῶν
3010 1685 3491 1754 ἀποστελλομένων
3518 1685 3599 1754 τῷ
3622 1702 3778 1755 πρω-

2200 1779 2460 1850 τοθρόνῳ.
2496 1780 2560 1833 El
2607 1778 2665 1832 δὲ
2718 1778 2779 1832 οὐ
2811 1778 2972 1833 τοῦτο
3011 1778 3374 1833 καταδεκτέον
3409 1778 3488 1849 τῷ
3542 1779 3775 1849 βασιλεῖ,

520 1869 685 1924 ritate
710 1867 1058 1937 Nicephorus
1087 1869 1399 1939 patriarcha
1425 1887 1440 1925 :
1473 1870 1739 1925 mittenda
1773 1881 1857 1925 est
1886 1871 1955 1924 ad
1988 1869 2098 1925 Ro-

2206 1871 2300 1924 xai
2352 1870 2427 1934 ὥς
2457 1887 2593 1941 φησι
2643 1871 2973 1942 παρετράπη
3028 1870 3127 1924 σὺν
3180 1873 3314 1941 ἡμῖν
3368 1872 3465 1941 τῆς
3514 1870 3778 1942 ἀληθείας

523 1979 751 2017 manum
786 1980 851 2017 ex
891 1975 1125 2033 utraque
1158 1973 1313 2032 parte
1339 1964 1540 2035 legatio
1565 2006 1580 2029 ,
1624 1974 1675 2019 et
1703 1966 1827 2019 inde
1856 1966 1982 2036 ﬁdei
2011 1983 2102 2020 ac-

521 2057 766 2126 cipienda
806 2057 1090 2112 certitudo.
1129 2055 1345 2111 Etenim
1396 2058 1477 2113 sic
1525 2072 1611 2112 res
1658 2056 1866 2123 habet,
1904 2068 2001 2125 ut,
2054 2058 2099 2114 si

521 2150 738 2205 aberret
771 2167 915 2207 unus
945 2167 975 2205 e
1007 2151 1363 2220 patriarcltis,
1400 2166 1431 2204 a
1472 2150 1686 2205 cateris
1724 2149 1974 2220 ejusdem
2009 2165 2102 2205 or-

520 2242 699 2307 dinis,
754 2244 1217 2312 quemadmodum
1269 2243 1495 2296 divinus
1549 2240 1845 2313 Dionysius
1895 2242 2100 2309 tradit,

520 2334 924 2389 correctionem
952 2332 1230 2397 admittat,
1267 2347 1377 2386 non
1416 2332 1485 2386 ab
1518 2332 1938 2401 imperatoribus
1962 2334 2104 2403 judi-

522 2434 1044 2494 cctur:exsurgant
1098 2424 1228 2479 licet
1277 2439 1468 2479 omnes
1521 2431 1793 2494 quotquot
1856 2440 2099 2493 unquam

521 2517 749 2572 fuerunt
816 2519 1179 2584 imperatores
1225 2515 1537 2570 orthodoxi.
1593 2516 1769 2585 Atque
1822 2516 1924 2570 hoc
1968 2531 2101 2571 sane

521 2619 690 2679 caput
730 2608 1016 2678 despicere
1067 2607 1296 2662 minime
1340 2606 1503 2661 debet
1548 2606 1845 2676 imperator
1895 2616 2100 2675 noster,

523 2699 619 2755 sed
668 2710 795 2753 ante
826 2698 1009 2752 omnia
1044 2698 1227 2769 magni
1276 2696 1461 2752 facere
1536 2697 1593 2751 in
1640 2712 1751 2767 quo
1798 2707 1853 2752 et
1890 2699 2101 2769 imperii

522 2791 779 2855 felicitas,
830 2800 884 2844 et
924 2791 1075 2860 juste
1122 2789 1390 2860 regnandi
1443 2805 1646 2845 tnunus
1700 2790 1945 2859 positum
1993 2796 2100 2845 est.

525 2883 688 2937 Aliud
726 2882 862 2937 nihil
896 2883 1165 2937 sentimus
1194 2896 1297 2937 nos
1329 2882 1564 2936 humiles
1596 2890 1651 2937 et
1680 2881 1908 2952 indigni,
1941 2898 2105 2937 oran-

528 2984 613 3029 tes
658 2990 761 3044 pro
813 2974 1075 3044 optabilis
1108 2975 1233 3028 vita:
1281 2982 1388 3027 tua:
1428 2973 1808 3043 prosperitate.
1860 2972 1918 3027 Si
1974 2976 2103 3044 quid

526 3066 766 3137 denique
797 3067 926 3122 huic
958 3065 1206 3136 epistolae
1232 3064 1419 3131 deest,
1471 3065 1539 3120 de
1565 3080 1633 3120 eo
1666 3066 2103 3121 venerandorum

524 3155 885 3226 vestigiorum
945 3162 1165 3209 tuorum
1212 3152 1470 3208 adorator
1513 3153 1833 3209 tabellarius
1877 3170 2104 3227 respon-

528 3246 698 3304 debit.

776 3356 990 3413 CXXX.
1016 3390 1085 3400 —
1109 3357 1483 3413 Cizareusium
1515 3359 1863 3424 fraternitati.

2201 1961 2517 2032 Νικηφόρος
2570 1964 2597 2015 ὁ
2628 1962 2916 2033 πρόεδρος,
2965 1962 3025 2028 ἐξ
3069 1962 3330 2033 ἑκατέρου
3383 1963 3585 2033 μέρους
3640 1964 3777 2016 ἀπο-
3868 1970 3871 1973 ’

2200 2053 2457 2105 σταλτέον
2490 2053 2630 2123 πρὸς
2669 2053 2760 2106 τὸν
2807 2052 3051 2124 Ῥώμης.
3091 2053 3375 2107 Κάκεῖθεν
3406 2052 3675 2123 δεχέσθω
3710 2052 3778 2107 τὸ

2200 2145 2482 2216 ἀσφαλὲς
2517 2145 2628 2215 τῆς
2658 2137 2940 2213 πίστεως.
2976 2147 3090 2201 Καὶ
3148 2147 3257 2216 γὰρ
3304 2146 3474 2209 οὕτως
3520 2147 3675 2217 ἔχει’
3728 2148 3778 2199 εί

2203 2240 2541 2311 παρατραπῇ
2574 2232 2657 2302 εἷς
2685 2239 2751 2292 ἐκ
2781 2239 2892 2291 τῶν
2922 2236 3283 2308 πατριαρχῶν
3303 2237 3409 2290 ὑπὸ
3432 2236 3542 2290 τῶν
3571 2237 3779 2304 ὁμοτα-

2200 2332 2334 2402 γῶν,
2367 2331 2510 2385 καθά
2533 2348 2699 2403 φησιν
2715 2334 2742 2386 ὁ
2767 2332 2909 2395 θεῖος
2944 2331 3246 2393 Διονύσιος.
3266 2331 3367 2402 τὴν
3397 2330 3781 2402 ἐπανόρθωσιν

2201 2424 2494 2496 λήψεσθαι,
2522 2427 2621 2495 οὐχ
2646 2425 2754 2477 ὑπὸ
2787 2425 3053 2495 βασιλέων
3084 2425 3397 2497 κρίνεσθαι·
3437 2424 3545 2479 κᾶν
3579 2426 3787 2491 ἐξανα-

2204 2516 2371 2568 στῶσι
2401 2516 2604 2579 πάντες
2623 2517 2675 2569 οἱ
2690 2516 3150 2587 ὀρθοδοξήσαντες
3170 2516 3408 2587 βασιλεῖς
3430 2534 3445 2547 ο
3472 2517 3567 2569 καὶ
3583 2515 3785 2570 τούτου

2200 2608 2297 2663 τοῦ
2352 2610 2651 2679 κεφαλαίου
2692 2610 2793 2663 οὐκ
2840 2610 3048 2678 ὀφείλει
3096 2609 3385 2678 ἀφειδῆσαι
3438 2610 3468 2662 ό
3521 2609 3789 2679 βασιλεὺς

2201 2700 2380 2770 ήμῶν.
2423 2700 2584 2754 Ἀλλά
2636 2701 2731 2755 καὶ
2766 2700 2875 2772 πρὸ
2925 2701 3145 2757 πάντων
3175 2719 3240 2771 γε
3276 2701 3561 2772 φροντίσαι
3583 2717 3601 2733 ο
3649 2701 3709 2754 ἐν
3737 2694 3789 2770 ᾧ

2202 2794 2300 2847 καὶ
2328 2794 2388 2847 τὸ
2420 2794 2695 2863 βασίλειον
2738 2795 3013 2865 μακάριον
3037 2811 3051 2824 ·
3084 2795 3178 2847 καὶ
3205 2794 3267 2847 τὸ
3301 2791 3605 2863 βασιλεύειν
3629 2794 3783 2846 ἐννό-

2206 2900 2323 2952 μως
2349 2882 2675 2953 δεδώρηται.
2713 2883 2877 2936 Ἀλλο
2907 2899 2960 2935 τι
3007 2882 3067 2935 οὐ
3118 2882 3422 2954 φρονοῦμεν
3455 2883 3504 2934 οἱ
3532 2885 3789 2935 ταπεινοὶ

2204 2975 2301 3028 καὶ
2360 2974 2601 3039 ἀνάξιοι*
2659 2975 3085 3047 ὑπερευχόμενοι
3136 2975 3234 3045 τῆς
3297 2974 3631 3028 πολυεύκτου
3686 2990 3787 3027 σου

2206 3067 2458 3131 εὑζωῒας.
2511 3066 2576 3120 Ei
2628 3067 2683 3120 δέ
2737 3085 2790 3121 τι
2825 3067 3041 3132 ἐλλιπὲς
3080 3067 3137 3118 ὲν
3189 3069 3303 3129 τοῖς
3357 3067 3705 3137 γράμμασιν,
3759 3066 3791 3117 ό

2206 3159 2601 3231 προσκυνητὴς
2640 3159 2750 3214 τῶν
2787 3160 2989 3231 τιμίων
3026 3176 3122 3213 σου
3156 3159 3316 3229 ἰχνῶν
3362 3159 3460 3212 καὶ
3487 3158 3791 3229 ἒπιστολη-

2133 3232 2176 3292 C
2210 3251 2373 3323 φόρος
2405 3252 2826 3324 ἀπολογήσεται.

2383 3365 2485 3420 PA'
2521 3365 2655 3436 (26).
2685 3396 2757 3406 —
2786 3364 2866 3435 Τῆ
2886 3364 3250 3435 ἀδελφότητι
3273 3363 3553 3433 Κιζάρων.
3584 3362 3788 3437 [χπδκ]

1545 3473 1622 3550 De
1652 3473 1790 3523 obitu
1818 3474 2027 3537 abbatis,
2052 3490 2201 3540 quem
2247 3492 2548 3543 magnOpere
2582 3480 2764 3529 laudat.

600 3586 836 3648 Nuntius
851 3585 1196 3641 dormitionis
1213 3586 1514 3656 spiritualis
1535 3585 1711 3643 Patris
1736 3589 1909 3643 nostri
1936 3605 2000 3644 ac
2026 3606 2111 3646 ve-

529 3682 649 3747 stri,
674 3680 1017 3737 dilectissimi
1042 3679 1259 3745 fratres,
1279 3682 1517 3734 animam
1537 3691 1776 3735 nostram
1791 3691 2108 3737 consterna-

532 3775 632 3840 vit,
664 3784 724 3829 ut
752 3790 850 3843 par
872 3782 1009 3838 erat,
1033 3773 1403 3843 acerbumque
1434 3773 1695 3844 gemitum
1747 3775 1971 3840 elicuit,
2000 3793 2108 3831 non

529 3866 735 3921 mortui
769 3882 970 3933 causa;
1009 3867 1202 3922 beatus
1230 3869 1377 3922 enim
1410 3866 1524 3931 ille,
1556 3868 1651 3936 qui
1680 3867 1897 3921 beatam
1932 3869 2108 3923 vitam

529 3959 1451 4029 consummavit:quandoquidem
1498 3969 1553 4013 et
1602 3957 1805 4026 probus
1838 3957 1939 4013 fuit
1987 3974 2107 4013 mo-

530 4051 744 4107 nachus
779 4062 832 4107 et
868 4052 1129 4122 prazelarc
1158 4066 1216 4107 se
1245 4050 1493 4105 exercuit
1524 4039 1697 4120 usque
1740 4051 1808 4105 ad
1845 4052 2057 4105 senium
2089 4091 2105 4117 ,

528 4145 784 4215 quodque
814 4155 980 4215 caput
1012 4153 1117 4209 est,
1159 4143 1520 4199 orthodoxam
1560 4143 1719 4198 ﬁdem
1767 4159 2107 4200 conservans

529 4241 673 4295 inter
700 4238 1113 4307 persecutiones
1132 4249 1186 4293 et
1219 4247 1502 4308 susceptas
1529 4252 1629 4307 pro
1651 4246 1799 4293 recto
1829 4252 2106 4294 aerumnas

533 4331 771 4387 excessit
834 4347 865 4385 e
918 4332 1031 4387 vita
1068 4371 1085 4397 ,
1142 4332 1370 4401 justitia:
1427 4331 1832 4400 quodammodo
1887 4340 2109 4400 propter,

527 4422 730 4478 Christi
759 4421 1165 4479 confessionem
1194 4438 1397 4477 corona
1435 4423 1722 4476 redimitus
1748 4439 1763 4475 :
1792 4421 1887 4477 sed
1926 4423 2104 4477 nostri

528 4528 727 4579 causa,
778 4523 872 4569 aut
921 4513 1091 4569 vestri
1167 4514 1412 4583 ipsorum
1451 4514 1665 4582 potius,
1702 4513 1795 4583 qui
1851 4513 2099 4568 derelicti

528 4608 696 4671 estis,
750 4608 892 4662 velut
937 4621 1068 4677 grex
1110 4606 1239 4661 boni
1290 4606 1527 4677 pastoris
1571 4608 1723 4662 obitu
1786 4608 2099 4664 destitutus.

528 4695 823 4752 Enimvero
899 4699 1439 4753 commiserationem
1507 4698 1862 4766 doloremque
1921 4699 2103 4754 cordis

528 4798 793 4859 provocat
844 4790 1096 4859 praesulis
1126 4790 1435 4844 recordatio
1462 4830 1477 4854 ,
1523 4790 1650 4843 dum
1677 4792 1921 4843 animum
1958 4791 2103 4844 subit

2293 3594 2361 3647 Ἥ
2422 3593 2648 3662 ἀγγελία
2705 3594 2805 3663 τῆς
2882 3594 3195 3663 κοιμήσεως
3251 3590 3346 3642 τοῦ
3411 3589 3793 3658 πνευματικοῦ

2211 3686 2371 3759 ήμῶν
2428 3690 2521 3739 καὶ
2583 3685 2738 3755 ὑμῶν
2809 3686 3059 3756 Πατρὸς,
3125 3681 3474 3753 ἠγαπημένοι
3540 3681 3793 3748 ἀδελφοὶ,

2212 3780 2474 3851 ὲθρόησεν
2524 3780 2683 3850 ήμῶν
2719 3778 2820 3849 τὴν
2873 3778 3072 3849 ψυχὴν,
3119 3777 3196 3840 ὡς
3232 3777 3293 3829 τὸ
3338 3776 3506 3840 εἰκὸς,
3555 3777 3651 3829 καὶ
3705 3777 3796 3839 εἰς

2213 3871 2516 3941 στεναγμὸν
2547 3872 2724 3941 ήγαγε
2748 3871 3059 3923 θλιπτικόν⁹
3084 3870 3145 3922 οὐ
3178 3868 3269 3922 διὰ
3292 3868 3384 3921 τὸν
3409 3866 3756 3938 κοιμηθέντα
3778 3884 3791 3895 ’

2214 3965 2482 4035 μακάριος
2535 3966 2644 4033 γὰρ
2705 3965 2914 4025 ἐκεῖνος
2976 3962 3234 4034 μακαρίῳ
3287 3960 3393 4031 βίῳ
3451 3959 3794 4023 τελειωθεὶς,

2210 4056 2398 4125 ἐπειδὴ
2436 4056 2529 4109 καὶ
2576 4056 2825 4125 μονάζων
2873 4055 3132 4126 δόκιμος’
3162 4055 3256 4108 καί
3300 4054 3405 4117 ἕως
3445 4055 3650 4123 γήρους
3696 4052 3794 4116 ἐξ-

2208 4147 2468 4219 ησκηκὼς
2488 4148 2830 4221 ἄριστα,κώ
2849 4147 2908 4200 τὸ
2926 4147 3248 4215 κεφάλαιον,
3272 4145 3675 4218 πεφυλαγμένη
3693 4148 3795 4199 καὶ

2208 4240 2475 4311 ὀρθοδόξῳ
2526 4241 2708 4294 πίστει
2741 4242 2880 4311 μετὰ
2928 4241 3186 4311 διωγμῶν
3215 4242 3311 4295 καὶ
3356 4240 3466 4293 τῶν
3514 4238 3657 4308 ὑπὲρ
3689 4238 3793 4291 τοῦ

2209 4332 2375 4385 καλοῦ
2410 4333 2795 4405 ταλαιπωριῶν
2845 4332 3182 4404 ἐξεληλυθὼς
3230 4332 3340 4385 τῶν
3397 4330 3629 4398 ὲνθένδε,
3671 4334 3797 4384 λκαὶ

2207 4430 2372 4483 οἱονεὶ⁴
2416 4428 2869 4498 ἐστεφανωμένος
2899 4430 2999 4498 τῆς
3034 4428 3176 4498 ὑπὲρ
3212 4426 3454 4498 Χριστοῦ
3489 4425 3796 4495 ὁμολογίας

2206 4517 2523 4590 δικαιοσύνῃ
2545 4532 2559 4547 ’
2590 4518 2729 4571 ἀλλὰ
2762 4518 2831 4571 δι’
2882 4518 3050 4589 ἡμᾶς,
3088 4516 3295 4587 μᾶλλον
3340 4516 3397 4569 δὲ
3422 4516 3567 4585 ὑμᾶς
3586 4514 3795 4578 αὐτοὺς

2208 4611 2347 4684 [εοιί.
2412 4611 2541 4681 Reg.
2594 4611 2689 4664 καὶ
2756 4608 2906 4681 τοὺς]
2959 4609 3324 4679 ὲναφεθέντας
3384 4607 3459 4669 ὼς
3533 4606 3831 4676 ποίμνιον

2202 4700 2554 4770 ήπορημένον
2600 4702 2665 4769 τῇ
2718 4698 2812 4751 τοῦ
2871 4698 3037 4751 καλοῦ
3096 4699 3357 4768 ποιμένος
3425 4696 3789 4766 μεταστάσει.

2210 4793 2320 4845 Καὶ
2351 4791 2459 4862 γὰρ
2496 4790 2645 4844 ἕλκει
2681 4791 2817 4861 πρὸς
2847 4787 3030 4844 οἶκτον
3056 4791 3151 4844 καὶ
3182 4789 3518 4859 συντριμμὸν
3553 4789 3791 4858 καρδίας

529 4881 837 4951 cujusmodi
871 4882 1035 4937 fuerit
1067 4884 1185 4953 ejus
1226 4884 1279 4936 in
1329 4883 1560 4937 Domino
1602 4884 1925 4953 gubernatio
1954 4905 1963 4937 :
1996 4900 2103 4952 quo

2208 4886 2241 4954 ή
2299 4883 2391 4935 τοῦ
2437 4882 2781 4952 προεστῶτος
2842 4884 3056 4954 μνήμη,
3120 4883 3577 4953 ἁναθεωρουμένη
3639 4886 3793 4937 κατὰ

530 4985 689 5041 pacto
738 4973 885 5027 hunc
935 4973 1156 5043 quidem
1204 4975 1503 5041 collapsum
1558 4974 1837 5028 solabatur
1870 5014 1884 5039 ,
1952 4973 2105 5026 illum

529 5080 660 5120 vero
691 5066 1033 5136 pervicacem
1094 5067 1459 5136 objurgabat:
1502 5065 1669 5119 alium
1722 5064 1880 5119 frena
1929 5068 2109 5120 detre-

532 5167 771 5212 ctantem
807 5159 1149 5220 hortabatur,
1180 5160 1346 5212 alium
1399 5157 2105 5227 torpescentemexeitahat,

533 5252 951 5306 mansuetudine
985 5262 1039 5305 et
1065 5252 1320 5321 aequitate
1356 5266 1551 5318 regens
1584 5250 1650 5303 ad
1695 5250 1866 5317 ipsius
1897 5248 2107 5302 Domini

533 5342 868 5410 exemplum,
901 5342 993 5412 qui
1026 5344 1164 5398 dixit
1194 5360 1209 5396 :
1245 5341 1444 5395 Discite
1476 5358 1506 5392 a
1540 5357 1619 5393 me
1656 5341 1781 5409 quia
1810 5340 1951 5393 mitis
1988 5357 2104 5393 sum

530 5442 580 5484 et
615 5432 830 5486 humilis
870 5435 1063 5487 corde“
1094 5452 1107 5489 :
1144 5433 1388 5503 atquein
1421 5433 1672 5487 omnibus
1706 5433 1947 5497 demum,
1981 5434 2103 5499 qui-

533 5522 637 5575 bus
675 5522 729 5575 in
776 5524 956 5579 medio
993 5533 1234 5579 vestrum
1269 5522 1415 5577 velut
1445 5524 1601 5578 stella
1634 5524 1901 5578 matutina
1939 5522 2101 5576 reful-

608 5636 629 5666 ⁵
659 5634 849 5692 Matth.
883 5653 961 5703 χι,
993 5637 1083 5691 29.

2208 4972 2369 5025 τόπον
2402 4974 2494 5025 καὶ
2525 4972 2724 5042 τρόπον
2768 4972 2869 5042 τῆς
2923 4974 2980 5024 ἐν
3028 4973 3216 5042 Κυρίῳ
3254 4975 3629 5043 ἀφηγήσεωςι
3663 4974 3792 5035 πῶς

2207 5065 2265 5117 ὃν
2303 5064 2400 5134 μὲν
2462 5063 2769 5134 παρεκάλει
2826 5064 3243 5133 συμπίπτοντα·
3277 5065 3336 5119 ὃν
3386 5066 3441 5117 δὲ
3470 5065 3790 5134 ἐπέπληττε

2208 5153 2648 5222 θρασυνόμενον’
2710 5152 2897 5220 ἓτερον
2949 5154 3344 5223 προσεκαλεῖτο
3390 5155 3791 5222 ἁφηνιάζοντα,

2209 5245 2304 5298 καὶ
2362 5244 2519 5297 ἄλλον
2583 5243 2827 5307 διύπνιζε
2882 5244 3305 5315 νωθρευόμενον,
3364 5245 3635 5313 πραότητι
3693 5250 3796 5300 καὶ

2212 5336 2481 5402 ἐπιεικείᾳ
2510 5335 2728 5401 διέπων,
2755 5335 2900 5388 κατὰ
2936 5336 3169 5405 μίμησιν
3199 5336 3361 5390 αὐτοῦ
3399 5336 3494 5389 τοῦ
3534 5337 3796 5399 εἰπόντος

2213 5429 2487 5481 Δεσπότου
2517 5446 2531 5460 ·
2566 5428 2795 5483 Μάθετε
2832 5429 2933 5482 ἀπ’
2970 5428 3116 5497 ἐμοῦ
3157 5429 3246 5481 ὅτι
3290 5426 3482 5497 πρᾶός
3523 5431 3643 5498 εἰμι
3687 5433 3793 5482 καὶ

2210 5523 2491 5588 ταπεινὸς
2519 5521 2591 5590 τῇ
2640 5521 2891 5591 κα,οδίιι;
2935 5524 3026 5576 καὶ
3055 5522 3240 5586 ἁπλῶς
3284 5525 3341 5576 ὲν
3374 5524 3539 5576 πᾶσιν
3592 5516 3674 5587 οἷς
3704 5522 3794 5577 δι..

2056 5729 2287 5785 ΝΟΤΛΞ.

609 5822 719 5889 (2(3)
745 5822 800 5874 In
835 5822 954 5876 cod.
989 5824 1118 5890 Reg.
1147 5827 1283 5891 ρμε’.
