3934 6526
213 509 314 574 1421
1327 494 1723 556 EPISTOLAF

1830 493 1862 551 [Ι
1916 492 2062 555 LIB.
2115 493 2196 550 Il.
3245 492 3381 556 149.2

205 628 397 691 έπρεπεν
423 619 474 672 ἐν
513 622 657 688 μέσῳ
688 617 840 688 ὑμῶν
861 614 936 678 ὡς
974 613 1193 675 ἑωθινὸς
1227 613 1402 685 ἀστήρ
1427 629 1442 642 ·
1472 613 1710 665 ἄλλωστε

1830 611 1888 664 sit
1915 628 1928 661 :
1958 625 2085 664 cum
2129 608 2428 678 praesertim
2473 623 2538 662 ex
2583 606 2840 663 diuturna
2878 611 3041 665 etiam
3083 624 3382 666 consuetu-

204 715 278 767 καὶ
304 713 369 781 τῷ
403 710 722 780 πολυχρονίῳ
745 709 856 762 ἔθει
876 748 891 772 ,
928 706 1180 777 βαρύνειν
1209 705 1369 758 εἴωθε
1402 706 1501 775 τὴν
1529 705 1708 774 ψυχὴν

1830 704 1936 756 line
1970 717 2198 773 gravare
2241 701 2484 754 animum
2534 703 2880 756 vehementer
2932 703 3108 757 soleat
3156 713 3383 772 paterna

210 801 419 871 σφόδραὸ
453 801 540 851 τοῦ
567 800 782 868 Πατρὸς
814 796 1114 868 χωρισμός.
1574 886 1587 894 ι
1663 814 1700 893 π-

1830 795 2108 864 separatio.
2834 811 2840 816 ”

264 893 400 944 Ἀλλά
425 891 474 943 τί
514 892 837 961 ποιήσομεν,
879 888 1118 956 ἀδελφοὶ,
1150 888 1297 957 πρὸς
1339 888 1506 956 νόμον
1568 883 1706 937 Θεοῦ

1885 885 1994 938 Sed
2042 883 2172 952 quid
2228 898 2481 951 agemus,
2535 881 2752 947 fratres,
2800 883 3060 939 adversus
3099 882 3192 938 Dei
3214 884 3381 952 legem

203 984 314 1035 οὕτω
340 982 606 1035 κελεύοντα
630 999 642 1010 ·
679 980 769 1048 Γῆ
798 976 871 1044 εἴ,
909 979 1009 1033 καὶ
1076 982 1163 1045 εὶς
1194 978 1311 1047 γῆν
1362 978 1708 1043 ἁπελεύσῃ;

1830 977 1894 1030 sic
1950 976 2352 1045 praecipientem
2381 996 2394 1031 :
2449 977 2616 1031 Terra
2653 992 2728 1040 es,
2759 988 2810 1029 et
2839 979 2894 1030 in
2928 987 3127 1030 terram
3158 987 3384 1030 reverte-

205 1075 367 1144 μᾶλλον
389 1076 439 1128 δὲ
471 1074 700 1144 ἐκδημία
757 1072 892 1142 πρὸς
929 1072 1154 1141 Κύριον,
1187 1074 1219 1139 ἡ
1243 1070 1536 1135 διάζευξις.
1581 1069 1712 1120 Ἐπ-

203 1164 376 1233 ετράπη
407 1164 496 1233 τὴν
551 1164 907 1232 μετάστασιν,
966 1161 1058 1214 καὶ
1089 1159 1281 1230 ἐξῆλθε
1310 1160 1404 1211 τοῦ
1437 1157 1708 1226 σώματος.

209 1254 464 1324 Ἐχωρίσθη
510 1256 602 1322 ἀφ’
657 1253 830 1322 ὑμῶν,
888 1251 983 1317 καὶ
1033 1250 1338 1321 προσετέθη
1397 1248 1537 1316 πρὸς
1587 1245 1713 1307 τοὺς

201 1347 400 1414 πατέρας
441 1345 623 1398 αὑτοῦ.
655 1345 834 1398 Καλὸν
889 1344 1197 1412 ὑπόδειγμα
1232 1342 1321 1394 τὸν
1373 1337 1568 1392 ἑαυτοῦ
1601 1337 1714 1406 βίον

198 1437 275 1504 τῆς
300 1437 478 1506 ἀρετῆς
520 1437 774 1506 ὁμοίωσιν
829 1431 1305 1503 ὲγκαταλελοιπὼς
1353 1431 1503 1498 ὑμῖν.
1531 1427 1595 1480 Τί
1621 1427 1713 1479 οῦν

198 1528 350 1580 λοιπόν
377 1531 484 1580 ἐστι
516 1530 572 1580 τὸ
605 1529 975 1598 ζητούμενον;
1007 1525 1102 1586 Εἰς
1139 1524 1366 1584 ἑαυτοὺς
1394 1523 1536 1591 ὑμᾶς
1559 1519 1713 1588 γενέ-

199 1619 314 1685 σθαι,
345 1621 430 1672 καὶ
475 1618 1136 1692 παρακαλέσαιὰλλήλους
1163 1620 1220 1668 ὲν
1251 1615 1527 1684 Πνεύματι
1551 1614 1709 1683 ἁγίῳ.

198 1713 470 1774 Καὶκαθὼς
499 1715 625 1782 ὑμῖν
657 1715 808 1765 εἴασε
841 1713 932 1764 τὸν
973 1711 1163 1780 κύριον
1227 1707 1508 1761 Ἀντώνιον
1575 1704 1711 1758 καθ-

196 1801 480 1870 ηγούμενον,
509 1801 586 1871 τῷ
623 1800 773 1871 αὑτῷ
810 1798 998 1852 κανόνι
1032 1798 1127 1850 καὶ
1150 1798 1264 1859 τοῖς
1311 1795 1496 1854 αὐτοῖς
1543 1794 1715 1859 ἴχνεσι

196 1893 274 1960 τῆς
325 1893 589 1956 εὐσεϐείας
658 1890 1009 1962 ἀπάρξασθαι
1085 1889 1228 1958 ὑμᾶς
1309 1881 1713 1942 πολιτεύεσθαι,

1814 1062 1890 1116 ris
1921 1063 1991 1114 ⁸ιῖ
2017 1061 2159 1127 Quin
2192 1064 2372 1133 potius
2417 1065 2678 1134 profectio
2702 1065 2880 1120 estad
2922 1065 3234 1128 Dominum,
3272 1068 3389 1121 haec

1813 1155 2127 1221 disjunctio.
2157 1153 2348 1209 Jussus
2377 1167 2460 1211 est
2491 1159 2744 1226 migrare,
2787 1167 2842 1212 et
2881 1159 3016 1212 abiit
3042 1173 3109 1211 ex
3135 1173 3383 1227 corpore.

1815 1247 2109 1315 Separatus
2161 1257 2298 1302 esta
2353 1249 2526 1315 vobis,
2568 1259 2629 1325 et.
2656 1252 2939 1321 appositus
2991 1261 3076 1305 est
3108 1253 3174 1305 ad
3205 1265 3386 1322 patres

1815 1354 1965 1402 suos,
2048 1341 2370 1408 praeclarum
2430 1343 2708 1411 exemplar
2764 1359 2922 1398 suam
2982 1344 3155 1413 ipsius
3221 1347 3386 1398 vitam

1815 1429 2032 1483 virtutis
2074 1430 2298 1500 efﬁgiem
2346 1433 2499 1487 vobis
2524 1435 2855 1504 relinquens.
2888 1435 3029 1500 Quid
3068 1451 3198 1507 ergo
3222 1447 3392 1490 restat

1816 1520 2200 1590 inquirendum
2235 1525 2258 1577 ?
2287 1524 2354 1580 Ut
2377 1525 2445 1579 ad
2475 1541 2572 1580 vos
2605 1529 2752 1595 ipsos
2779 1530 3036 1593 redeatis,
3067 1541 3123 1584 et
3153 1530 3388 1584 invicem

1816 1628 1913 1668 vos
1969 1617 2327 1670 consolemini
2370 1620 2424 1672 in
2473 1617 2678 1687 Spiritu
2717 1631 2928 1674 sancto.
2965 1622 3028 1675 Et
3060 1625 3190 1690 quia
3217 1622 3393 1676 domi-

1817 1719 1948 1759 num
2002 1709 2298 1762 Antonium
2357 1718 2625 1764 rectorem
2683 1712 2838 1765 vobis
2912 1713 3171 1775 instituit,
3200 1715 3392 1768 eadem

1816 1812 2055 1860 norma,.
2084 1799 2388 1867 iisdemque
2427 1802 2647 1869 pietatis
2697 1803 2941 1873 vestigiis
2967 1805 3128 1858 tidem
3160 1819 3389 1858 conser-

1819 1901 2028 1955 vantes,
2059 1899 2112 1944 et
2140 1906 2238 1960 pro
2266 1907 2331 1946 eo
2357 1893 2467 1961 pati
2498 1895 2670 1962 parati
2717 1895 2800 1948 vel
2838 1911 3010 1965 usque
3034 1898 3101 1948 ad
3141 1905 3392 1962 mortem,

195 1981 522 2051 φρουροῦντας
551 1983 651 2051 τὴν
680 1982 888 2044 πίστιν,
922 1980 1018 2032 καὶ
1069 1978 1212 2048 ὑπὲρ
1245 1977 1417 2044 αὐτῆς
1461 1988 1714 2026 κακοπα-

1830 1983 1864 2035 si
1887 1998 2025 2051 opus
2054 1984 2145 2048 sit,
2169 1984 2324 2054 juxta
2350 1998 2670 2054 prazseutem
2707 1989 3161 2055 persecutionem.
3187 1987 3397 2042 Verita-

197 2073 304 2137 θεῖν,
350 2077 394 2126 εί
427 2075 554 2140 δέοι,
623 2075 786 2144 μέχρι
825 2072 1081 2132 θανάτου,
1124 2086 1266 2122 κατα
1313 2067 1405 2119 τὸν
1475 2063 1722 2154 παρόντα

1830 2081 1928 2126 lem
1995 2073 2183 2140 utique
2231 2089 2578 2144 nequaquam
2652 2076 2914 2144 prodatis,
2961 2077 3397 2146 charitatemque

195 2166 398 2236 διωγμόν
427 2185 441 2198 ⁸
479 2169 574 2221 καὶ
642 2165 911 2237 μηδαμῶς
950 2163 1243 2233 προδοῦναι
1300 2160 1398 2228 τὴν
1439 2157 1718 2227 ἀλήθειαν,

1830 2163 1962 2216 inter
2003 2179 2101 2219 vos
2153 2173 2422 2222 mutuam.
2451 2174 2506 2218 ct
2546 2165 2911 2220 obedientiam
2966 2183 3093 2237 erga
3123 2178 3393 2223 rectorem

196 2260 275 2325 τήν
298 2275 350 2309 τε
379 2259 597 2326 ἀγάπην
627 2258 778 2327 -πρὸς
818 2255 1106 2324 ἀλλήλους,
1160 2253 1256 2308 xal.
1307 2251 1405 2320 τὴν
1446 2249 1583 2319 πρὸς
1629 2246 1723 2300 τὸν

1830 2270 1920 2326 pro
1960 2255 2169 2310 viribus
2210 2257 2462 2310 omnibus
2509 2256 2927 2325 amplectamini.
2982 2258 3096 2313 Hoc
3152 2261 3296 2313 enim
3327 2261 3398 2313 ad

195 2349 566 2420 καθηγούμενον
631 2350 879 2418 ὑπακοὴν
917 2347 1083 2399 παντὶ
1131 2345 1306 2397 σθένει
1349 2339 1721 2404 ἀσπάσασθαι,

1830 2344 2055 2397 salutem
2089 2357 2320 2399 vestram
2359 2363 2372 2398 :
2407 2345 2521 2399 haec
2548 2346 2707 2400 beato
2747 2347 2824 2399 illi
2857 2347 2910 2400 in
2947 2349 3031 2402 die
3061 2348 3279 2403 Domini
3313 2352 3399 2405 fu-

196 2442 335 2495 Τοῦτο
371 2446 473 2516 γὰρ
497 2447 634 2516 πρὸς
668 2445 765 2504 τὴν
797 2443 951 2511 ὑμῶν
988 2439 1290 2510 σωτηρίαν·
1333 2437 1490 2488 τοῦτο
1514 2433 1723 2505 καύχη-

1830 2443 1945 2487 tura
1985 2435 2233 2504 gloriatio
2265 2451 2280 2490 :
2340 2435 2443 2490 hoc
2471 2452 2690 2506 quoque
2744 2438 2924 2505 nobis,
2958 2440 3154 2495 amicis
3203 2453 3257 2496 et
3287 2444 3400 2496 fra-

195 2551 256 2600 y;
277 2535 358 2587 καὶ
399 2538 474 2606 τῷ
508 2535 766 2605 μακαρίῳ
817 2533 1013 2598 ἐκείνῳ
1062 2533 1143 2592 εἰς
1187 2529 1405 2597 ἡμέραν
1441 2526 1678 2594 Χριστοῦ
1706 2539 1720 2552 '

1830 2526 1999 2582 tribus
2024 2529 2240 2591 vestris,
2290 2529 2716 2598 optatissimum.
2773 2531 2862 2586 Sic
2907 2534 3051 2587 enim
3096 2535 3402 2590 rectissime

193 2622 320 2675 τοῦτο
349 2627 436 2677 καὶ
462 2629 598 2696 ἡμῖν
629 2629 742 2688 τοῖς
778 2624 951 2692 φίλοις
975 2625 1069 2673 καὶ
1109 2621 1360 2688 ἀδελφοῖς
1410 2617 1566 2686 ὑμῶν
1595 2616 1723 2686 ἐρα-

1830 2619 2188 2683 ambulantes,
2239 2633 2341 2674 nos
2381 2621 2582 2688 pariter
2623 2631 2894 2678 sectantes
2944 2625 2996 2677 in
3047 2626 3130 2679 via
3161 2626 3399 2690 Domini,

193 2711 482 2780 σμιώτατον.
548 2713 707 2767 Οὕτω
762 2714 869 2781 γὰρ
937 2708 1369 2781 περιπατοῦντες
1439 2705 1722 2767 κάλλιστα,

1830 2721 2088 2780 quantum
2120 2712 2204 2766 fas
2229 2713 2355 2778 erit,
2386 2713 2678 2780 habebitis,
2712 2714 2909 2771 fratres
2939 2718 3400 2774 reverendissimi.

186 2802 312 2864 ’ἕξετε
362 2807 502 2875 ἡμᾶς
528 2805 931 2873 συνεπομένους
963 2804 1114 2871 ὑμῖν,
1143 2801 1264 2853 ὅσον
1299 2793 1410 2851 οἷόν
1435 2812 1516 2860 τε,
1542 2797 1620 2857 είς
1652 2794 1722 2846 τὰ

192 2894 308 2963 πρὸς
349 2897 568 2968 Κύριον,
611 2896 831 2963 ἀδελφοὶ
857 2893 1198 2963 τιμιώτατοι.

192 3005 921 3078 ΡΛΑ’.(⁴27).-Κατηχητικὴ
942 3003 1090 3074 πρὸς
1105 3003 1248 3068 τοὺς
1259 3001 1476 3056 ἑαυτοῦ
1484 3000 1719 3070 μαθητὰ

1974 2996 2209 3053 CXXXI.
2240 3028 2309 3038 —
2331 2998 2658 3054 Catechetica
2687 3002 2753 3054 ad
2796 3017 2918 3055 suos
2954 3003 3259 3071 discipulos.

1300 3118 1422 3167 Vitae
1443 3116 1725 3166 monasticae
1747 3115 1903 3166 ofﬁcia
1933 3117 2259 3166 commendat.

248 3229 522 3297 Θεόδωρος
580 3229 902 3298 ἐλάχιστος
941 3226 1345 3294 πρεσϐύτερος
1398 3225 1495 3277 καὶ
1521 3283 1525 3288 ,
1553 3225 1723 3293 ’ἠγ-οὐ-

1904 3220 2207 3274 Theodorus
2241 3222 2505 3275 minimus.
2544 3221 2812 3290 presbyter
2850 3219 3027 3274 Stndii
3066 3222 3400 3290 prtepoeitus,

188 3334 340 3384 μενος
363 3320 478 3374 τῶν
501 3320 817 3384 Στουδίου,
844 3315 1252 3384 ἠγαπημένοις
1297 3313 1584 3381 ἀδελφοῖς
1603 3331 1724 3381 μου

193 3408 271 3459 καὶ
326 3410 748 3480 πνευματικοῖς
784 3409 966 3472 υἱέσι,
1019 3406 1142 3471 τοῖς
1190 3405 1289 3458 διὰ
1330 3406 1550 3472 Κύριον
1609 3398 1726 3455 ὦδε

189 3502 400 3558 κάκεῖσε
431 3503 917 3573 διεσπαρμένοις.
1534 3492 1726 3565 Ῐ,Χπε’·]

247 3615 405 3685 Χάρις
447 3617 581 3684 ὑμῖν
625 3615 720 3667 καὶ
784 3615 976 3682 εἰρήνη
1033 3609 1140 3663 ἀπὸ
1185 3606 1321 3658 Θεοῦ
1367 3605 1581 3676 [ἰατρὸς
1632 3604 1728 3656 καὶ

189 3705 362 3777 Κυρίου
411 3708 590 3776 Ἰησοῦ
643 3708 880 3778 Χριστοῦ
926 3701 1023 3755 τοῦ
1057 3701 1430 3772 χαρισαμένου
1464 3700 1594 3768 ὑμῖν
1636 3697 1727 3750 τὸν

191 3797 307 3869 ὑπὲρ
326 3801 414 3853 τοῦ
443 3801 712 3871 ὀνόματος
743 3796 906 3850 αὐτοῦ
933 3795 1192 3865 διωγμόν.
1227 3797 1320 3855 Ὃς
1350 3793 1444 3845 καὶ
1479 3794 1527 3844 εί
1558 3790 1725 3860 λυπη-

191 3891 264 3957 ρὸς
314 3895 450 3947 κατὰ
512 3894 717 3961 σάρκα,
768 3888 908 3942 ἀλλὰ
953 3886 1249 3957 χαροποιὸς
1303 3883 1446 3937 κατὰ
1478 3882 1723 3952 πνεῦμα·

190 3984 534 4055 μακαρισμῶν
582 3983 691 4054 γὰρ
738 3980 1036 4032 θεολέκτων
1077 3977 1272 4040 αἴτιος,
1306 3977 1399 4028 καὶ
1448 3974 1729 4042 στεφάνων

189 4074 391 4128 αἰωνίων
426 4077 712 4146 πρόξενος.
755 4066 828 4125 Ob
873 4071 1034 4141 χάριν
1068 4067 1223 4135 κάγὼ
1260 4069 1287 4120 ὁ
1330 4065 1552 4134 εὐτελὴς
1587 4066 1730 4134 χαρᾷ

188 4162 336 4234 χαίρω
359 4167 452 4219 καὶ
483 4164 807 4234 ἀγαλλιάσει
835 4159 1206 4230 ἁγαλλιῶμαι,
1234 4160 1316 4211 ὅτι
1341 4158 1580 4226 ἡξίωμαι
1602 4157 1728 4216 τοὺς

187 4253 328 4320 ἐμοὺς
351 4255 670 4326 ἁγαπητοὺς
699 4253 825 4306 ἰδεῖν
857 4254 914 4303 ὲν
930 4249 1153 4320 τοιαύτῃ
1189 4252 1462 4318 προκοπῇ,
1497 4251 1554 4300 ὲν
1575 4248 1727 4317 τηλι-

188 4344 339 4417 κοῦτῳ
355 4347 453 4416 βαθ
462 4348 551 4418 μῷ
567 4349 666 4417 τῆς
683 4343 852 4412 καλῆς
866 4342 1180 4412 ὁμολογίας,
1204 4341 1270 4409 ἣν
1289 4339 1728 4409 ὡμολογήσαμεν

186 4435 385 4491 ἐνώπιον
428 4438 569 4492 Θεοῦ
627 4438 721 4490 καὶ
771 4431 1095 4502 ἀνθρώπων,
1134 4433 1461 4499 προσκυνεῖν
1494 4430 1729 4499 Χριστὸν

187 4525 612 4600 ἐγγεγραμμένον
636 4529 801 4598 ἤγουν
826 4521 1284 4589 ὲξεικονισμένον,
1316 4518 1498 4582 καθὼς
1528 4521 1728 4580 πάντες

184 4619 222 4669 οἱ
243 4620 376 4687 ἆγιοι
397 4620 647 4690 Πατέρες
677 4617 854 4697 ἡμῶν.
874 4615 1050 4668 Μόνον
1074 4611 1377 4684 παρακαλῶ
1404 4611 1500 4663 καὶ
1527 4611 1728 4679 ὑπομι-

188 4713 406 4782 μνήσκω,
424 4715 595 4780 ἀξίως
610 4711 703 4764 τοῦ
724 4708 1069 4776 ιΕὐαγγελίου
1089 4705 1181 4757 τοῦ
1205 4705 1445 4774 Χριστοῦ
1466 4705 1608 4772 ὑμᾶς
1629 4721 1728 4756 πο-

182 4800 488 4858 λιτεύεσθαι.
509 4804 623 4873 Τὴν
643 4799 997 4870 ’ἀναστροφὴν
1025 4797 1178 4866 ὑμῶν
1207 4796 1433 4864 ἔχοντας
1456 4796 1649 4864 καλὴν,
1675 4796 1732 4845 ἐν

185 4888 248 4956 οἷς
261 4895 563 4966 διατρίδετε
593 4893 688 4946 καὶ
701 4892 886 4952 τόποις
907 4889 1002 4943 καὶ
1026 4887 1340 4958 προσώποις
1361 4903 1372 4915 ’
1390 4887 1648 4954 τὸνλόγον
1678 4889 1733 4940 ἐν

183 4985 342 5056 χάριτι
394 4987 560 5040 ᾰλατι
594 4984 934 5055 ὴρτυμένοψ
969 4980 1066 5051 τὴν
1094 4981 1206 5045 ἕξιν
1267 4979 1524 5049 εὐλαϐείᾳ
1557 4997 1731 5049 μεμε-

187 5079 466 5147 στωμένην.
521 5076 636 5146 Τὴν
673 5073 876 5144 βρῶσιν
912 5073 1007 5124 καὶ
1065 5072 1164 5138 τὴν
1211 5071 1371 5122 πόσιν
1432 5070 1733 5140 αὐταρκείᾳ

182 5171 540 5239 τετηρημένην
561 5184 575 5196 ·
600 5165 660 5219 τὸ
687 5167 892 5233 ἔνδυμα
918 5165 1012 5216 καὶ
1037 5163 1272 5232 βάδισμα
1304 5163 1516 5215 συνέσει
1534 5162 1732 5214 τεθεω-

186 5259 426 5322 ρημένον·
461 5260 539 5322 ὡς
588 5258 654 5310 ἂν
706 5254 983 5324 φωτισμὸς
1013 5255 1135 5304 ὲστε
1190 5253 1298 5329 τῶν
1343 5252 1566 5317 λα’ίκῶν,
1599 5252 1733 5306 ἀλλὰ

185 5346 246 5413 μὴ
293 5351 648 5405 τούναντίον·
719 5349 976 5409 ὑπόθεσις
1043 5347 1196 5408 θείας
1263 5346 1730 5414 ὲξομολογήσεως,

183 5431 300 5489 ἀλλὰ
328 5442 402 5510 μὴ
442 5439 780 5492 τούναντίον.
838 5437 1139 5499 ’Ἕκαστος
1190 5433 1384 5497 καθὼς
1422 5435 1599 5486 ἔλαϐε
1621 5433 1730 5501 χά-

178 5541 371 5595 Ρισμα,
424 5534 516 5598 εὶς
546 5530 799 5594 ἑαυτοὺς
842 5527 988 5581 αὐτὸ
1029 5525 1416 5589 διοικοῦντες,
1448 5526 1526 5591 ὡς
1559 5527 1731 5580 καλοὶ

238 5703 257 5734 ⁸
284 5706 420 5766 Cen.
475 5728 559 5766 ιιι.
593 5706 681 5768 19.

1827 3315 2029 3368 dilectis
2074 3315 2330 3383 fratribus
2378 3315 2528 3378 meis,
2561 3324 2610 3368 et
2661 3316 2788 3383 ﬁliis
2809 3315 3176 3381 spiritualibus
3215 3314 3316 3369 huc
3355 3324 3404 3368 et

1828 3405 1956 3458 illuc
1981 3414 2195 3474 propter
2237 3405 2521 3459 Dominum
2564 3405 2837 3474 dispersis.

1899 3589 2083 3643 Gratia
2117 3591 2270 3645 vobis
2297 3601 2349 3645 et
2379 3608 2480 3661 pax
2522 3609 2552 3647 a
2584 3593 2694 3648 Deo
2737 3595 2898 3651 Patre
2929 3607 2984 3652 et
3011 3596 3241 3653 Domino
3275 3597 3406 3655 Jesu

1829 3678 2068 3744 Christo,
2103 3682 2192 3750 qui
2222 3683 2371 3736 dedit
2401 3685 2554 3739 vobis
2572 3701 2669 3754 pro
2701 3687 2871 3756 ipsius
2902 3690 3120 3744 nomine
3146 3705 3404 3758 persecu-

1833 3771 2031 3824 tionem
2072 3774 2181 3839 pati
2213 3790 2374 3843 ;-quaz
2404 3778 2506 3830 etsi
2535 3779 2701 3833 tristis
2727 3789 2810 3833 est
2832 3782 3130 3835 secundum
3160 3798 3403 3846 carnem,

1830 3874 1887 3918 at
1936 3865 2136 3920 lietitim
2180 3869 2337 3937 plena
2386 3872 2684 3925 secundum
2715 3874 2986 3942 spiritum.
3017 3873 3152 3929 Nam
3183 3888 3237 3931 et
3272 3877 3404 3932 bea-

1833 3956 2124 4010 titudinutn
2173 3959 2484 4015 divinarum
2533 3980 2698 4020 causa
2745 3978 2847 4033 est,
2873 3977 2927 4021 et
2962 3979 3286 4024 teternarutn
3317 3987 3409 4025 co-

1830 4054 2091 4102 ronarum
2139 4053 2500 4108 conciliatrix.
2547 4055 2890 4127 Quapropter
2933 4070 2987 4114 et
3013 4077 3110 4131 ego
3160 4063 3405 4131 abjectus

1831 4141 2026 4209 gaudio
2052 4145 2260 4211 gaudeo
2289 4155 2343 4198 et
2370 4149 2730 4204 exsultatione
2761 4153 3001 4215 exsulto,
3041 4155 3187 4224 quod
3209 4141 3405 4227 dignus

1831 4231 2047 4286 habitus
2077 4236 2177 4287 sim
2207 4237 2298 4305 qui
2334 4238 2558 4295 dilectos
2605 4257 2754 4300 meos
2784 4245 3022 4298 viderem
3057 4247 3189 4302 adeo
3223 4249 3406 4318 profe-

1831 4326 1992 4390 cisse,
2022 4342 2084 4380 ac
2113 4331 2428 4396 pervenisse
2456 4335 2521 4384 ad
2554 4334 2839 4389 sublimem
2874 4339 3101 4407 gradum
3132 4344 3406 4411 praeclara:

1831 4418 2212 4485 confessionis,
2262 4438 2423 4490 quam
2460 4438 2644 4478 coram
2696 4426 2822 4481 ‘Dco
2852 4439 2906 4482 et
2931 4430 3245 4488 hominibus
3279 4451 3406 4504 pro-

1834 4507 1962 4564 fessi
1995 4527 2204 4575 sumus,
2244 4514 2310 4567 de
2344 4515 2623 4572 adorando
2649 4517 2867 4574 Christo
2895 4524 3102 4591 pictura
3126 4527 3240 4580 sive
3267 4528 3406 4582 ima—

1835 4601 1957 4669 gine
1985 4617 2265 4670 expresso,
2298 4605 2452 4673 juxta
2482 4623 2671 4663 omnes
2691 4622 2910 4666 sanctos
2948 4611 3134 4669 Patres
3168 4627 3404 4682 nostros,

1832 4689 2010 4744 Unum
2065 4694 2254 4748 hortor
2297 4705 2350 4749 et
2401 4713 2598 4753 moneo
2645 4717 2762 4766 vos,
2814 4713 2873 4756 ut
2919 4708 3207 4763 ambuletis
3245 4710 3407 4780 digne

1831 4783 2125 4852 Evangelio
2175 4787 2400 4854 Christi,
2441 4792 2637 4844 bonam
2677 4795 2995 4850 exhibentes
3036 4803 3406 4853 conversatio—

1833 4895 1954 4933 nem
1983 4889 2242 4945 vestram,
2267 4882 2467 4949 quibus
2498 4884 2550 4936 in
2580 4885 2712 4938 locis
2734 4893 2786 4939 et
2809 4889 3134 4956 quibuscum
3159 4897 3409 4960 personis

1836 4973 2030 5042 (legitis
2066 4992 2079 5039 ;
2107 4990 2415 5031 sermonem
2448 4978 2499 5029 in
2527 4979 2711 5046 gratia:
2752 4980 2864 5033 sale
2889 4985 3166 5038 conditum
3204 5004 3217 5052 ;
3255 4996 3406 5043 teno-

1841 5079 1952 5116 rem
1972 5065 2134 5116 animi
2168 5066 2654 5135 circumspectione
2676 5072 2915 5139 plenum,
2937 5075 3117 5129 cibum
3141 5087 3192 5131 et
3217 5060 3407 5147 potum

1840 5152 2167 5223 frugalitate,
2199 5161 2449 5211 vestitum
2501 5168 2554 5212 et.
2608 5161 2882 5217 incessum
2937 5169 3221 5234 prudentia
3271 5181 3407 5224 tem-

1840 5257 2109 5313 peratum,
2151 5256 2210 5299 ut
2247 5249 2397 5302 laicis
2446 5250 2537 5302 lux
2581 5252 2720 5318 sitis,
2763 5269 2869 5308 non
2915 5267 3102 5310 contra
3141 5278 3154 5312 :
3213 5262 3408 5317 divina:

1841 5339 2199 5392 confessionis
2249 5353 2649 5407 argumentum,
2688 5357 2794 5396 non
2839 5354 3023 5399 contra
3062 5365 3075 5400 :
3119 5348 3409 5420 Unusquis-

1841 5445 1937 5496 qne
1961 5428 2096 5482 sicut
2129 5433 2326 5499 accepit
2353 5437 2580 5502 gratiam
2609 5436 2662 5488 in
2694 5436 3004 5490 alterutrum
3035 5440 3186 5494 illam
3236 5445 3409 5497 admi-

1845 5522 2150 5586 nistruutes,
2187 5533 2439 5593 tanquam
2471 5527 2589 5579 boni
2639 5527 3022 5596 dispensatores
3065 5533 3407 5603 multiformis

1707 5833 1940 5891 NOTE.

236 5918 338 5991 (Q7)
377 5923 439 5977 In
471 5922 598 5981 cod.
622 5925 761 5996 Reg.
803 5933 953 5998 ρμςθ.
