3934 6460
548 411 684 475 1423

1727 405 1787 464 S.
1826 403 2215 463 THEODORI
2259 404 2602 464 STUDIT/E

3649 406 3788 470 1424

545 526 734 595 gratia:
761 522 878 586 Dei,
920 521 1065 575 sicut
1125 508 1388 588 scriptum
1452 528 1552 573 est.
1609 518 1667 572 Si
1707 520 1824 589 quis
1860 521 2113 589 loquitur,

2224 522 2518 588 οἰκονόμοι
2570 519 2855 586 ποικίλης
2888 518 3128 587 χάριτος
3168 518 3335 582 Θεοῦ,
3373 518 3553 583 καθὼς
3582 522 3791 591 γέγρα-

544 630 795 686 tauquam
824 630 1088 668 sermones
1118 613 1235 676 Dei,
1268 627 1374 666 non
1428 612 1716 666 inanitates
1748 630 1761 666 :
1799 615 1845 665 si
1869 616 1984 681 quis
2017 614 2142 666 nti-A

544 712 757 777 nistrat,
795 717 1043 779 tanquam
1084 723 1147 759 ea:
1180 706 1368 758 virtute
1391 706 1432 770 ⁷,
1472 719 1579 758 non
1617 720 1712 775 per
1764 707 2115 774 superbiam:

544 801 591 855 si
637 803 759 870 quis
821 799 1031 852 laborat
1074 795 1305 865 propriis
1345 793 1619 855 manibus,
1684 808 1753 847 ne
1810 794 1993 862 gravis
2023 793 2116 855 sit,

546 906 654 945 non
692 901 871 945 autem
907 904 974 943 ne
1028 897 1284 955 tanquam
1316 884 1526 938 otiosus
1571 883 1859 937 damnetur
1904 891 1959 936 et
2011 897 2116 935 non

546 981 855 1035 manducet.
892 976 947 1031 Si
975 977 1096 1046 qais
1131 977 1184 1029 in
1230 974 1485 1029 omnibus
1519 973 1838 1027 mandatum
1866 972 2118 1041 exsequi-

543 1083 656 1139 tur,
691 1081 750 1126 ut
786 1072 1070 1140 operarius
1105 1068 1219 1133 Dei,
1250 1068 1357 1122 nun
1391 1077 1570 1121 autem
1601 1081 1668 1120 ne
1710 1066 2024 1120 scandalum
2050 1066 2120 1120 sit

544 1166 839 1235 proximo;
879 1172 933 1217 et
980 1171 1038 1215 ut
1091 1161 1144 1214 in
1188 1160 1446 1215 omnibus
1490 1158 1821 1231 glorilicetur
1853 1157 2019 1222 Deus,
2067 1166 2121 1211 et

546 1270 646 1325 ego
667 1256 835 1309 miser
855 1253 1103 1319 audiens,
1127 1253 1398 1307 exhilarer
1426 1260 1481 1307 et
1525 1252 1814 1323 gaudeam.

615 1455 835 1512 Cernite
857 1470 1145 1525 perversas
1175 1454 1610 1523 conspirationes
1644 1471 1658 1506 :
1700 1452 1904 1508 cernite
1926 1451 2123 1523 perni-

548 1549 751 1605 ciosam
811 1549 1155 1603 libertatem:
1205 1546 1410 1602 cernite
1449 1544 1841 1599 adulteriorum
1891 1554 2123 1598 matrem

547 1639 892 1695 edacitatem.
929 1638 1120 1696 Nullus
1169 1652 1294 1693 cum
1342 1637 1571 1691 muliere
1612 1636 1957 1705 colloquatur
2006 1636 2124 1690 sine

549 1730 915 1786 necessitate:
966 1729 1151 1783 nullus
1192 1728 1378 1783 sedeat
1415 1728 1694 1783 solitarius
1726 1746 1738 1781 :
1770 1728 1951 1783 nullus
1998 1743 2124 1782 ava-

2220 628 2371 665 πται·
2400 611 2472 665 ΕΖ
2493 628 2584 676 τις
2598 612 2780 665 λαλεῖ
2793 612 2877 677 ὠς
2899 613 3075 681 λόγια
3091 610 3259 675 Θεοῦ,
3286 610 3422 665 ἀλλὰ
3453 614 3528 683 μὴ
3562 632 3792 682 ματαιο·

2217 705 2405 771 λογίας
2434 720 2448 735 ·
2483 704 2538 757 ει
2574 722 2662 770 τις
2704 702 2997 767 διακονεῖ,
3045 703 3125 768 ὡς
3172 702 3243 767 ἐξ
3274 705 3509 771 ἰσχύος,
3542 705 3679 758 ἀλλὰ
3714 705 3790 776 μὴ

2219 796 2340 849 καθ’
2412 796 2819 866 ὑπερηφανίαν·
2857 796 2917 847 εἷ
2945 812 3029 857 τις
3095 793 3389 865 ἐργάζεται
3451 799 3573 859 ταῖς
3628 796 3791 859 ἰδίαις

2219 888 2398 958 χερσὶ,
2440 888 2576 958 πρὸς
2639 888 2699 940 τὸ
2743 885 2817 957 μὴ
2860 885 3130 955 ἐπιϐαρὴς
3185 881 3344 949 εῖναι,
3399 885 3537 939 ἀλλὰ
3602 889 3676 956 μὴ
3712 889 3790 946 ὡς

2218 980 2388 1050 ἀργὸς
2450 980 2917 1049 κατακρινόμενος
2981 979 3073 1031 καὶ
3110 977 3206 1030 τοῦ
3257 977 3481 1032 ἐσθίειν.
3524 978 3592 1032 Εἴ
3626 997 3713 1042 τις
3734 988 3792 1032 εν

2222 1074 2355 1125 πᾶσι
2380 1072 2499 1124 κατ’
2548 1070 2768 1139 ἐντολὴν
2793 1072 3048 1142 πράσσει,
3076 1070 3152 1132 ὡς
3191 1071 3432 1140 ἐργάτης
3458 1070 3616 1134 Θεοῦ,
3654 1074 3794 1126 ἀλλὰ

2224 1165 2299 1234 μὴ
2326 1164 2468 1216 κατὰ
2510 1162 2805 1216 σκάνδαλον
2868 1162 3192 1232 γιγνόμενος
3239 1161 3332 1214 τοῦ
3369 1162 3578 1226 πέλας·
3614 1164 3711 1217 ἵνα
3736 1168 3792 1217 ὲν

2225 1256 2356 1308 πᾶσι
2410 1254 2699 1323 δοξάζηται
2756 1256 2784 1306 6
2824 1254 2994 1317 Θεός·
3054 1254 3211 1323 κάγὼ
3270 1256 3298 1308 6
3343 1254 3512 1318 τάλας
3550 1256 3793 1321 ἀκούων,

2223 1346 2445 1416 εὐθυμῶ
2478 1349 2572 1400 καὶ
2598 1346 2792 1417 χαίρω.

2291 1458 2524 1511 Βλέπετε
2550 1459 2676 1522 τοὺς
2725 1460 2930 1522 κακοὺς
2977 1458 3387 1527 συνδυασμούς·
3434 1458 3660 1529 βλέπετε
3694 1462 3795 1533 τὴν

2223 1550 2473 1620 ὀλεθρίαν
2496 1550 2811 1621 παρρησίαν
2836 1566 2850 1582 ·
2881 1550 3106 1622 βλέπετε
3156 1551 3255 1622 τὴν
3304 1552 3632 1623 πορνοποιδν
3659 1553 3796 1623 ἁδη-

2226 1642 2462 1711 φαγίαν·
2505 1644 2665 1713 μήτις
2709 1638 2845 1711 μετὰ
2876 1642 3135 1710 γυναικὸς
3171 1642 3427 1711 ὁμιλείτω
3455 1643 3584 1695 ἄνευ
3616 1644 3796 1712 ἀνάγ-

2226 1750 2355 1803 κης’
2394 1735 2554 1805 μήτις
2593 1734 2996 1803 μεμονωμένως
3026 1732 3339 1795 καθεζέσθω
3360 1750 3372 1764 ·
3402 1736 3564 1803 μήτις
3588 1734 3795 1803 (gaias-

552 1822 689 1875 ritise
737 1820 973 1885 studeat,
1014 1819 1167 1873 lucro
1210 1818 1421 1873 lucrum
1483 1819 1766 1889 adjiciens,
1821 1829 1875 1873 et
1927 1835 2119 1873 aurum

2226 1824 2466 1893 γυρείτω
2514 1825 2751 1894 κέρματι
2804 1825 2984 1894 κέρμα
3036 1825 3375 1895 προστιθεὶς,
3452 1827 3547 1878 καὶ
3614 1824 3799 1892 αὖξων

550 1928 783 1981 augens,
823 1913 875 1966 in
906 1929 1015 1983 quo
1039 1914 1191 1968 radix
1226 1920 1314 1969 est
1341 1912 1569 1981 peccati,
1610 1920 1663 1966 et
1696 1910 1847 1965 Iudae
1876 1911 2055 1980 portio
2076 1911 2118 1965 ⁸.

546 1996 738 2059 Nullus
766 2014 1062 2074 comparet,
1104 2020 1229 2059 cum
1264 2004 1621 2058 monasticam
1676 2002 1977 2057 libertatem
2002 2017 2124 2071 pos-

548 2096 740 2161 sideat,
768 2096 1071 2165 emptitium
1100 2112 1341 2150 servum.
1366 2096 1446 2150 Eo
1463 2111 1637 2164 usque
1659 2095 1805 2150 enim
1835 2108 2123 2164 progressa

547 2195 634 2241 est
668 2187 1035 2256 quorumdam
1068 2186 1328 2256 nequitia,
1360 2188 1453 2257 qui
1500 2186 1715 2241 vitiosis
1751 2184 2032 2240 aﬂ‘ectihus
2066 2200 2124 2240 se

550 2281 949 2348 manciparunt,
980 2290 1032 2334 et
1054 2281 1370 2335 monasticae
1390 2280 1667 2351 dignitatis
1689 2280 1958 2349 iacturam
1984 2277 2124 2333 fece-

549 2385 697 2427 runt.
729 2370 919 2427 Nullus
948 2373 1075 2427 vino
1096 2389 1154 2427 sc
1182 2372 1493 2443 ingurgitet,
1513 2372 1832 2442 Apostolum
1854 2371 2119 2426 audiens:

549 2462 762 2517 Modico
787 2465 905 2517 vino
938 2473 1102 2529 utere,
1137 2475 1348 2533 propter
1374 2464 1701 2517 stomachum
1736 2473 1879 2517 tuum
1931 2472 1980 2517 et
2009 2479 2122 2515 cre-

551 2556 672 2608 bras
718 2556 1057 2625 inﬁrmitates
1102 2568 1223 2611 tuas
1257 2557 1300 2611 ’.
1358 2554 1435 2608 Ex
1478 2556 1676 2625 quibus
1722 2555 1887 2609 rebus
1932 2556 2120 2609 incen-

551 2644 755 2698 duntur
804 2645 1066 2701 adversus
1128 2647 1366 2700 animam
1427 2646 1666 2700 carnalia
1731 2644 2022 2708 desideria,
2068 2654 2123 2698 et

548 2737 817 2792 exuritur
848 2738 1043 2792 domus
1082 2738 1196 2804 Dei,
1225 2739 1317 2810 qui
1354 2739 1577 2793 interior
1609 2739 1773 2793 homo
1803 2748 1987 2792 noster
2017 2746 2118 2791 est.

552 2828 658 2884 Sed
703 2838 963 2899 tanquam
1010 2831 1255 2901 hospites
1290 2841 1343 2885 et
1367 2832 1637 2902 peregrini
1687 2831 1879 2895 simus,
1920 2831 2120 2901 singuli

548 2930 813 2988 vestrum,
841 2921 1057 2990 fratres,
1093 2924 1146 2976 in
1182 2924 1281 2977 hac
1309 2923 1686 2992 persecutione
1707 2923 1862 2991 quasi
1892 2924 2118 2975 morien-

550 3024 647 3077 tes,
672 3024 721 3067 et
746 3030 859 3068 ecce
886 3016 1102 3069 vivimus
1134 3030 1153 3068 :
1188 3022 1246 3069 ut
1278 3015 1528 3085 castigati
1552 3022 1600 3068 et
1637 3030 1739 3067 non
1762 3015 2070 3083 mortiﬁcati
2102 3032 2121 3070 :

547 3106 701 3175 quasi
731 3106 928 3169 tristes,
952 3122 1153 3174 semper
1179 3116 1354 3159 autem
1378 3106 1661 3175 gaudentes
1685 3121 1705 3159 :
1737 3105 1871 3159 sicut
1893 3116 2117 3175 egentes,

2225 1917 2469 1988 χρυσίον,
2502 1918 2561 1970 ὲν
2666 1916 2911 1987 ριζοῦται
2943 1920 2975 1988 ἡ
3010 1917 3272 1989 ἁμαρτία,
3308 1918 3401 1971 καὶ
3434 1920 3466 1989 ή
3512 1918 3670 1987 μερὶς
3699 1919 3798 1971 τοῦ

2238 2004 2427 2059 Ἰούδα.
2459 2008 2637 2078 Μῆτις
2663 2006 3072 2077 ἀπεμπολείτω,
3113 2008 3214 2078 τὴν
3242 2008 3542 2079 μοναχικὴν
3568 2008 3799 2061 ἐλευθε-

2227 2096 2350 2165 ρίαν
2402 2097 2699 2167 κτώμενος,
2769 2097 3159 2169 άργυρώνητον
3200 2098 3404 2153 δοῦλον.
3452 2100 3632 2169 Μέχρι
3685 2100 3801 2169 γὰρ

2222 2187 2374 2240 τοῦδε
2414 2188 2649 2258 ἔφθασεν
2692 2191 2725 2261 ἥ
2773 2208 2937 2244 τινων
2994 2192 3248 2261 πονηρία,
3304 2191 3681 2245 δουλωθέντων
3730 2198 3798 2265 τῇ

2224 2279 2587 2351 προσπαθείᾳ,
2620 2282 2713 2333 καὶ
2754 2280 3178 2334 ἀπολωλεκότων
3208 2282 3269 2335 τὸ
3303 2282 3595 2352 μοναχικὸν
3626 2284 3801 2349 ἀξίω-

2226 2382 2323 2433 μα.
2348 2368 2528 2438 Μήτις
2565 2368 2974 2437 οἰνοφλυγείτω,
3012 2370 3225 2423 ἀκούων
3274 2371 3371 2424 τοῦ
3420 2373 3756 2427 Ἀποστόλου
3782 2391 3798 2406 ⁶

2234 2456 2446 2524 Ὀλίγῳ
2482 2457 2625 2521 οἴνῳ
2666 2458 2810 2526 χρῶ,
2839 2458 2938 2512 διὰ
2995 2461 3103 2513 τὸν
3158 2461 3469 2529 στόμαχόν
3510 2477 3631 2515 σου
3697 2464 3801 2517 καὶ

2222 2544 2327 2608 τὰς
2356 2545 2590 2611 πυκνάς
2634 2561 2752 2599 σου
2800 2547 3139 2615 ἀσθενείας.
3189 2551 3307 2619 Ἀφ’
3355 2543 3429 2603 ὧν
3454 2551 3798 2606 ἀνάπτονται

2222 2636 2365 2691 κατὰ
2388 2638 2486 2707 τῆς
2508 2639 2687 2709 ψυχῆς
2729 2642 2784 2693 αἱ
2840 2644 3102 2711 σαρκικαὶ
3143 2642 3453 2714 ἐπιθυμίαι,
3493 2644 3587 2696 καὶ
3618 2645 3803 2714 ὲμπυ·

2224 2730 2437 2799 ρίζεται
2486 2731 2515 2782 6
2573 2729 2721 2795 οἶκος
2774 2733 2867 2786 τοῦ
2923 2734 3081 2800 Θεοῦ,
3133 2736 3194 2798 ὃς
3237 2736 3434 2789 ἐστινό
3465 2735 3575 2789 ἔσω
3635 2738 3801 2807 ἡμῶν

2221 2822 2509 2891 ἄνθρωπος
2590 2820 2731 2876 Ἀλλ’
2761 2823 2838 2886 ὼς
2884 2823 3025 2889 ξένοι
3068 2827 3163 2878 καὶ
3200 2825 3572 2895 παρεπίδημοι
3616 2820 3797 2897 ὦμεν,

2221 2907 2265 2966 ὦ
2295 2915 2535 2985 ἀδελφοὶ,
2562 2916 2795 2980 ἕκαστος
2821 2917 2976 2986 ὑμῶν
3030 2919 3088 2969 ὲν
3118 2918 3252 2988 τῷδε
3295 2917 3373 2988 τῷ
3416 2918 3667 2989 διωγμῷ,
3717 2922 3803 2987 ὠς

2220 3006 2738 3073 ἀποθνήσκοντες,
2772 3008 2870 3060 καὶ
2906 3007 3034 3061 ἰδοὺ
3068 3008 3251 3076 ζῶμεν
3276 3026 3290 3039 ·
3333 3009 3413 3074 ὡς
3436 3009 3794 3080 παιδευόμε-

2220 3116 2333 3163 νοι,
2364 3098 2462 3152 καί
2485 3098 2571 3167 μὴ
2595 3100 3044 3168 θανατούμενοιο
3076 3100 3158 3164 ὠς
3182 3103 3571 3169 λυπούμενοι,
3606 3104 3699 3157 ἀεὶ
3730 3105 3804 3157 δὲ

549 3197 745 3252 multos
783 3208 960 3251 autem
1002 3198 1354 3268 spiritualiter
1395 3196 1821 3265 locupletantes;
1869 3206 2119 3265 tanquam

2224 3191 2534 3259 χαίροντες
2563 3206 2577 3220 σ
2611 3191 2693 3257 ὠς
2715 3191 2955 3261 πτωχοὶ,
3012 3192 3246 3265 ποᾼλοὺ
3298 3192 3367 3246 δὲ
3408 3197 3803 3263 πνευματικῶς

552 3290 685 3342 nihil
706 3292 972 3353 habentes,
1012 3301 1057 3344 et
1082 3291 1257 3343 omnia
1292 3291 1617 3358 possidentes
1643 3290 1711 3354 ¹⁰,
1764 3298 1825 3345 ut
1862 3290 2120 3360 apostoli-

550 3381 631 3434 cis
654 3382 836 3436 verbis
884 3391 1122 3436 utamur.
1146 3380 1297 3437 Oculi
1348 3382 1454 3436 mei
1504 3398 1718 3451 semper
1752 3383 1819 3437 ad
1858 3399 1957 3438 vos
1985 3399 2123 3452 quos

550 3472 977 3528 desiderozcor
1031 3488 1209 3528 meum
1254 3473 1308 3527 in
1347 3473 1500 3528 vobis
1535 3474 1689 3529 ardet
1744 3475 1799 3529 in
1850 3475 2119 3530 Domino:

551 3579 748 3619 sensus
799 3564 904 3619 mei
944 3565 1335 3634 percelluntur,
1363 3581 1486 3619 cum
1528 3566 1813 3620 sinistrum
1838 3566 2120 3636 quidpiam

550 3656 714 3709 audio
748 3657 812 3710 de
840 3642 1059 3724 aliquo:
1091 3671 1215 3711 cum
1245 3655 1453 3726 accipio
1492 3658 1829 3712 aversionem
1856 3657 1966 3711 Deo
1992 3673 2121 3712 exo-

547 3763 687 3814 sam,
721 3748 987 3820 lacrymas
1007 3746 1418 3803 lunduntoculi.
1442 3748 1753 3804 Conteritur
1769 3751 1947 3804 anima
1979 3766 2121 3815 mea,

549 3839 596 3894 si
626 3839 842 3908 quando
875 3850 1067 3895 contra
1112 3840 1454 3894 traditionem
1482 3850 1536 3894 et
1562 3842 2031 3906 constitutionem,
2068 3850 2122 3898 et

550 3946 740 3985 eorum
768 3948 890 4002 qua?
906 3943 1031 3987 ante
1058 3932 1201 3987 dicta
1229 3943 1356 3987 sunt
1378 3934 1898 3989 demonstrationem
1923 3938 2121 3991 ambu-

555 4024 627 4077 let
659 4024 784 4093 quis
816 4023 984 4077 Deum
1017 4040 1123 4078 non
1148 4040 1361 4079 amans.
1396 4026 1642 4090 Exiistis,
1673 4036 1879 4095 patres,
1906 4043 1971 4081 ex
2004 4043 2122 4081 mo-

556 4115 793 4170 nasterio
827 4115 892 4169 ad
926 4116 1173 4170 altiorem
1212 4116 1386 4170 lucem
1418 4118 1834 4185 persecutionis.
1865 4118 2121 4189 Nunquid

548 4207 691 4261 enim
722 4206 791 4262 ad
826 4207 1099 4273 tenebras,
1135 4204 1369 4277 Spiritus
1399 4208 1661 4279 impulsu,
1696 4211 1916 4266 discreti
1945 4211 2119 4265 ab'in-

547 4297 722 4350 vicem
770 4297 1005 4351 sumus?
1052 4295 1307 4365 Nunquid
1348 4306 1408 4351 ut
1459 4299 1780 4369 voluptuose
1816 4301 2120 4355 vivamus?

547 4386 804 4457 Nunquld
853 4387 996 4443 Deus
1026 4403 1133 4442 non
1180 4389 1368 4443 videt!
1416 4388 1671 4459 Nunquid
1722 4390 1787 4444 ad
1835 4390 2116 4445 hominum

550 4494 712 4533 aures
764 4494 903 4548 opus
940 4479 1368 4549 uniuscujusque
1399 4496 1505 4535 non
1538 4481 1800 4550 pervenit,
1824 4496 1934 4551 quo
1958 4482 2115 4537 modo

548 4569 945 4623 conversemini
969 4570 993 4621 ?

615 4773 762 4835 Παῖς,
787 4772 879 4841 qui
898 4787 1084 4827 servos
1099 4771 1329 4835 habetis,
1356 4770 1538 4826 audite
1562 4788 1576 4836 ;
1598 4771 1689 4842 qui
1714 4772 1815 4826 soli
1838 4772 2111 4841 habitatis,

548 4864 641 4934 qui
682 4864 938 4917 mulieres
976 4862 1283 4927 sectamini,
1316 4878 1384 4917 ne
1431 4863 1559 4932 quid
1616 4866 1852 4932 amplius
1884 4865 2060 4919 dicam
2096 4885 2111 4921 :

550 4955 722 5022 avari,
775 4955 1048 5025 gyrovagi.
1098 4953 1216 5007 Non
1275 4954 1449 5008 libens
1498 4954 1766 5022 vitupero,
1810 4955 2110 5023 ignoscite:

548 5047 643 5100 sed
672 5061 817 5114 aegre
847 5059 1065 5107 accuso,
1096 5051 1356 5113 tanquam
1380 5045 1445 5097 ad
1474 5044 1575 5098 hoc
1593 5046 1925 5100 constitutus
1958 5065 1970 5099 :
2001 5044 2115 5099 Im-

547 5137 681 5206 plete
720 5136 971 5207 gaudium
1010 5152 1201 5200 meum,
1244 5136 1386 5203 ﬁlii,
1419 5144 1477 5187 ut
1523 5136 1661 5188 idem
1689 5138 1999 5205 sapiatis“,
2030 5152 2118 5191 ea-

547 5230 670 5283 dem
699 5243 886 5282 norma
912 5227 1219 5289 ambulatis,
1258 5228 1398 5279 bona
1422 5228 1666 5296 exempla
1700 5238 1753 5281 et
1790 5229 2114 5282 documenta

547 5322 602 5373 in
630 5321 844 5374 animas
875 5320 1200 5373 intuentium
1240 5319 1611 5385 imprimentes
1644 5320 1708 5372 ad
1736 5320 1963 5387 gloriam
1996 5318 2114 5387 Dei,

546 5410 611 5466 ad
634 5411 798 5466 decus
834 5419 1076 5464 vestrum
1125 5409 1451 5473 immortale,
1504 5410 1569 5463 ad
1599 5410 1841 5463 laetitiam
1891 5427 2110 5479 quoque

548 5518 722 5556 meam
775 5502 867 5571 qui
902 5509 1155 5570 peccator
1193 5516 1334 5563 sum,
1386 5500 1451 5553 ad
1492 5500 1707 5555 laudem
1758 5501 2113 5556 fraternitatis

546 5602 738 5649 vestrae
762 5593 817 5646 in
867 5591 1085 5646 Christo
1118 5590 1243 5645 .lesu
1279 5590 1505 5643 Domino
1552 5601 1774 5649 nostro:
1814 5593 1899 5645 cui
1937 5592 2105 5662 gloria

2224 3281 2648 3347 πλουτίζοντες
2673 3299 2690 3314 ·
2725 3283 2806 3350 ὡς
2835 3284 3027 3353 μηδὲν
3055 3284 3326 3354 ἔχοντες,
3357 3285 3454 3342 καί
3486 3288 3559 3340 τὰ
3588 3288 3800 3342 πάντα

2224 3371 2599 3441 κατέχοντες,
2633 3375 3010 3440 άποστολικῶς
3037 3377 3234 3433 εἰπεῖν.
3277 3380 3339 3431 Ol
3368 3379 3641 3448 ὀφθαλμοί
3687 3399 3799 3451 μου

2222 3465 2310 3517 διὰ
2338 3466 2539 3529 παντὸς
2563 3467 2700 3533 πρὸς
2741 3467 2887 3537 ὑμᾶς
2914 3469 3040 3532 τοὺς
3067 3469 3342 3539 ποθητούς
3388 3488 3488 3538 μου
3510 3487 3524 3501 ⁸
3575 3472 3607 3541 ἡ
3658 3490 3805 3542 καρ-

2221 3553 2307 3606 δία
2343 3572 2445 3625 μου
2480 3556 2745 3629 καιομένη
2772 3559 2830 3609 ὲν
2862 3558 2989 3627 ὑμῖν
3020 3560 3077 3611 ἐν
3101 3559 3294 3630 Κυρίῳ
3320 3577 3333 3590 ’
3377 3559 3805 3631 ﬁnirent-apti

2226 3664 2327 3716 μου
2360 3648 2667 3719 μαιμὰσσει
2717 3666 2805 3718 με,
2851 3649 3015 3718 ἡνίκα
3042 3650 3264 3703 ἀκούσω
3311 3651 3592 3722 ἀπευκτὴν
3622 3652 3804 3721 ἀκοὴν

2222 3740 2315 3793 ἐπί
2367 3757 2506 3792 τινιο
2540 3740 2627 3793 ἐπ’
2677 3739 2743 3793 ἂν
2802 3740 2959 3810 μάθω
3019 3740 3294 3811 ἐκτροπὴν
3346 3740 3708 3811 θεομίσητον·
3747 3746 3803 3796 οἱ

2221 3830 2492 3901 ὀφθαλμοί
2546 3847 2647 3899 μου
2706 3832 3008 3898 κατάγουσι
3040 3831 3276 3901 δάκρυα.
3355 3832 3419 3884 ἸΙ
3473 3832 3619 3903 ψυχή
3689 3852 3802 3904 μου

2224 3919 2588 3990 συντρίϐεται,
2633 3921 2835 3973 ὁπόταν
2883 3921 3034 3992 παρὰ
3083 3922 3183 3992 τὴν
3242 3923 3539 3992 παράδοσιν
3572 3925 3668 3978 καὶ⁸
3693 3943 3805 3979 κα-

2220 4013 2483 4066 τάστασιν
2508 4013 2602 4066 καὶ
2640 4014 2738 4083 τὴν
2764 4013 2873 4066 τῶν
2902 4015 3317 4085 προειρημένων
3338 4016 3600 4083 ἔκφανσιν
3633 4036 3805 4090 περι-ι

2220 4112 2383 4159 πατεί
2426 4108 2453 4159 6
2488 4106 2792 4175 ἁφιλόθεος.
2847 4108 3258 4181 Ἐξεληλύοατε,
3290 4104 3335 4163 ὦ
3387 4112 3657 4181 Πατέρες,
3682 4115 3802 4167 ἀπὸ

2217 4196 2311 4248 τοῦ
2345 4197 2710 4267 μοναστηρίου
2744 4199 2821 4259 είς
2864 4198 3197 4271 ὑψηλότερον
3232 4198 3365 4268 φάος
3398 4200 3491 4252 τοῦ
3515 4200 3792 4269 διωγμοῦ.

2218 4287 2311 4357 Μὴ
2352 4287 2461 4358 γὰρ
2491 4288 2573 4351 είς
2622 4289 2984 4342 ἐπισκὸτωσιν
3018 4291 3350 4361 διῃρέθημεν
3396 4291 3490 4343 ἀπ’
3538 4290 3799 4360 ἀλλήλων

2218 4379 2781 4449 πνευματοκινὴτωςς
2827 4382 2901 4450 μὴ
2957 4382 3063 4449 γάρ
3112 4382 3199 4434 ἵνα
3242 4368 3561 4454 περιπαθῶς
3603 4380 3798 4449 ζήσω-

2221 4487 2356 4539 μεν;
2390 4470 2464 4539 μὴ
2505 4470 2614 4540 γὰρ
2642 4472 2669 4523 ὁ
2711 4471 2842 4534 Θεὸς
2871 4472 2968 4541 οὐχ
2997 4474 3135 4543 ὁρᾷ;
3191 4473 3266 4545 μὴ
3325 4474 3433 4544 γὰρ
3473 4474 3574 4527 οὐκ
3617 4475 3798 4527 ἀκου-

2137 4535 2191 4595 D
2219 4535 2342 4615 στὸν
2373 4535 2622 4630 me...
2683 4563 2914 4616 ἑκάστου
2938 4535 3040 4616 "rei
3074 4535 3271 4634 "me;
3328 4535 3477 4630 επὲυς
3514 4568 3797 4637 ἀναστρέ-

2218 4654 2405 4723 φοισθε
2429 4672 2443 4719 ;

2286 4769 2351 4823 Οἱ
2380 4769 2503 4832 τοὺς
2533 4768 2753 4833 δούλους
2779 4769 3012 4839 ἔχοντες,
3042 4768 3216 4823 ταῦτα
3248 4769 3474 4823 ἀκούετε
3496 4787 3509 4799 ·
3544 4770 3592 4823 οἱ
3617 4788 3794 4839 μονο-

2215 4864 2484 4925 κάΟιστοι,
2516 4864 2564 4916 οἱ
2617 4863 3073 4933 γυναικιζόμενοι,
3117 4853 3205 4916 ἵνα
3251 4864 3385 4934 μήτι
3420 4862 3577 4916 πλέον
3606 4864 3793 4931 λέγωο

2215 4958 2264 5009 οἱ
2300 4956 2643 5026 φιλάργυροι,
2697 4956 2745 5006 οἰ
2791 4954 3093 5025 φιλόγυροι.
3145 4956 3255 5023 Οὐχ
3311 4952 3451 5006 ἑκὼν
3501 4953 3790 5020 ὀνειδίζω,

2220 5047 2529 5113 σύγγνωτε·
2596 5044 2730 5097 ἀλλὰ
2762 5044 2939 5097 πονῶν
2990 5044 3303 5115 κατηγορῶ,
3359 5044 3435 5107 ὡς
3489 5045 3570 5107 εἰς
3613 5044 3792 5098 τοῦτο

2223 5138 2491 5207 κείμενος.
2538 5134 2904 5202 Πληρώσατέ
2927 5152 3047 5204 μου
3079 5134 3195 5203 τὴν
3235 5133 3446 5202 χαρὰν,
3484 5129 3530 5188 ὦ
3573 5134 3789 5199 τέκνα,

2215 5231 2315 5282 ἵνα
2345 5228 2409 5281 τὸ
2438 5227 2583 5281 αὐτὸ
2624 5224 2908 5295 φρονῆτε,
2960 5225 3039 5295 τῷ
3069 5226 3216 5295 αὺτῷ
3248 5227 3496 5296 στοιχῆτε
3542 5227 3734 5280 κανόνι
3771 5246 3786 5257 ·

2214 5313 2393 5381 ἀγαθὰ
2428 5313 2797 5382 ὑποδείγματα
2827 5315 2920 5366 καὶ
2969 5313 3337 5383 ὑπομνήματα
3375 5315 3793 5383 ἐναποσφραγί-

2216 5404 2398 5467 ζοντες
2436 5407 2554 5466 ταῖς
2580 5404 2779 5474 ψυχαῖς
2825 5404 2932 5457 τῶν
2979 5402 3255 5475 ὁρώντων,
3290 5405 3370 5466 εἰς
3426 5404 3585 5469 δόξαν
3614 5405 3788 5466 θεοῦ,

2214 5499 2292 5558 είς
2336 5497 2492 5556 κλέος
2544 5496 2696 5564 ὑμῶν
2753 5495 3031 5559 ἄσϐεστον,
3083 5496 3161 5553 εἰς
3215 5494 3551 5565 εὐφροσύνην
3595 5496 3791 5566 κάμοῦ

2216 5586 2308 5638 τοῦ
2356 5585 2702 5655 ἁμαρτιυλοῦ,
2731 5592 2810 5648 εἰς
2844 5586 3062 5639 ἔπαινον
3095 5586 3193 5651 τῆς
3235 5586 3597 5657 ἀδελφότητος
3623 5587 3792 5659 ὑμῶν

612 5819 633 5851 '
668 5818 684 5871 Ι
717 5818 858 5874 Petr.
889 5836 959 5883 Iv,
998 5820 1081 5885 10,
1118 5820 1203 5873 ll.
1285 5820 1304 5849 ⁸
1339 5819 1353 5872 l
1386 5816 1527 5871 Tim.
1570 5827 1639 5881 ιι,
1678 5818 1755 5871 I0.
1834 5821 1851 5848 ⁹
1889 5816 1904 5869 1
1940 5819 2078 5871 Tim.

2229 5815 2317 5870 ‘25.
2398 5816 2437 5845 '°
2470 5814 2508 5867 ll
2536 5814 2662 5869 Cor.
2695 5831 2766 5869 γι.
2808 5816 2861 5870 9.
2919 5814 2962 5847 ¹¹
3002 5814 3234 5885 Philipp.
3266 5830 3328 5883 tl,
3364 5814 3416 5871 2.
