3934 6518
217 507 325 573 1425

1338 511 1881 574 EPISTOLARUM
1937 516 2088 577 LIB.
2139 516 2221 576 Il.

3278 513 3418 580 1426

214 623 259 675 ἐν
276 617 464 692 Χριστῷ
510 616 678 687 Ἰησοῦ
707 617 785 686 τῷ
833 617 1023 689 Κυρίῳ
1057 618 1213 688 ἡμῶν
1241 636 1253 650 ·
1382 623 1415 690 ή
1471 621 1599 686 δὸξα
1639 625 1733 677 καὶ

1849 633 1885 678 ξι
1916 623 2204 693 imperium
2243 639 2365 678 cum
2400 624 2559 677 Patre
2583 632 2638 677 ct
2681 623 2885 692 Spiritu
2939 633 3152 690 saucto,
3186 641 3331 681 nunc
3363 637 3418 680 et

209 717 258 769 τὸ
279 714 469 786 κράτος,
499 709 611 781 ἅμα
639 710 720 782 τῷ
755 713 934 784 Πατρὶ
963 715 1059 767 καὶ
1106 714 1185 785 τῷ
1226 715 1371 787 ἁγίῳ
1430 717 1731 788 Ιινεύματι,

211 805 286 860 νῦν
334 804 415 855 καὶ
460 800 542 854 ἀεὶ
603 802 698 855 καὶ
749 803 834 866 εἰς
884 805 1014 867 τοὺς
1062 803 1268 868 αἰῶνας
1327 806 1441 860 τῶν
1497 808 1732 863 αἰώνων.

218 895 374 964 Ἀμήν.

342 1010 474 1063 PAB'
507 1011 641 1082 (28).
668 1042 740 1053 —
768 1009 848 1080 Τῇ
869 1011 1178 1082 ἡγουμένῃ
1226 1013 1454 1084 Ἰχ-νῶν.
1531 1015 1700 1142 [χὶιζν.

1842 731 2060 786 semper
2086 723 2142 770 et
2171 715 2224 768 in
2256 716 2452 770 saecula
2487 714 2833 771 saeculorum.
2863 715 3060 770 Amen.

2148 1005 2405 1063 CXXXII.
2425 1035 2494 1047 ——
2512 1005 2824 1078 Pra'posiuc
2847 1005 3120 1077 Ignorant.

1089 1128 1152 1178 Ut
1182 1123 1658 1192 sanctimonialibds,
1691 1131 1876 1193 quibus
1912 1132 2115 1194 praeest,
2141 1125 2207 1176 sit
2245 1123 2494 1187 exemplo.

280 1229 604 1303 Λπεδεξάμην
620 1233 720 1304 τὴν
741 1234 1025 1291 causam
1051 1253 1168 1300 σου,
1198 1239 1403 1309 ἀδελφὴ
1430 1243 1486 1293 ἐν
1519 1243 1730 1313 Κυρίῳ,

203 1321 279 1373 καὶ
299 1325 372 1390 ἐφ’
405 1319 480 1388 οἷς
537 1325 870 1391 ἀπέστειλας
902 1327 1118 1400 δώροις·
1153 1331 1248 1384 καὶ
1273 1332 1332 1383 ἐν
1368 1326 1456 1396 αἷς
1485 1333 1734 1387 διαθέσε-

203 1427 272 1465 σιν
295 1414 674 1484 ὑπολαμϐάνεις
729 1417 799 1471 τὰ
860 1419 984 1473 καθ’
1025 1422 1213 1492 ἡμᾶς..
1249 1422 1390 1476 Ἀλλ’
1419 1425 1478 1478 οὑ
1525 1427 1735 1480 τοιοῦτο

201 1504 368 1572 ἡμεῖς’
395 1505 444 1558 οῖ
489 1523 550 1574 γε
583 1506 708 1559 οὐδὲ
766 1510 986 1577 ἑαυτοῖς
1045 1511 1342 1584 ἁρκοῦντες
1395 1517 1453 1568 ὲν
1483 1516 1732 1584 ἀγαθοῖς,

201 1596 298 1660 πῶς
340 1598 398 1652 ἂν
425 1599 600 1663 ἀλλοις
657 1603 1020 1674 μεταδοίημεν
1071 1607 1426 1674 ἀγαθοειδοῦς
1472 1610 1731 1665 διδασκα-

200 1686 326 1756 λίας;
356 1691 560 1744 Γένοιτο
609 1691 669 1745 δὲ
702 1695 846 1748 κατά
904 1696 1004 1768 τὴν
1052 1699 1236 1753 πίστιν
1266 1717 1362 1754 σου
1415 1702 1734 1775 θεοπρεπῶς

202 1779 555 1849 πολιτεύεσθαι,
595 1785 689 1838 τὸν
733 1787 791 1840 ἐν
822 1787 1090 1860 παρθενίᾳ
1131 1790 1244 1860 βίον
1278 1792 1589 1863 ἀμέμπτως
1615 1795 1734 1848 δια-

199 1869 439 1925 τελοῦσαν·
486 1873 544 1926 οὐ
603 1875 712 1946 μὴν
737 1916 752 1941 ,
820 1877 957 1930 ἀλλὰ
1013 1881 1108 1932 καὶ
1144 1880 1236 1933 τὸν
1266 1883 1366 1953 τῆς
1400 1887 1736 1955 προστασίας

198 1960 373 2032 βαθμὸν
396 1965 777 2037 ἀκατακρίτως
806 1970 1118 2043 περιέπειν.
1149 1972 1290 2028 Ἴσοι
1318 1976 1427 2045 γὰρ
1467 1977 1542 2043 ὡς
1566 1978 1734 2031 πολὺ·
1767 1989 1810 2043 Β

200 2052 359 2121 μισθον
388 2057 446 2108 τὸ
494 2061 727 2129 πρᾶγμα
761 2075 774 2088 ·
824 2061 940 2113 ἀλλ’
985 2058 1082 2116 οὖν
1131 2080 1195 2131 γε
1251 2067 1364 2129 τοῖς
1427 2065 1505 2138 μὴ
1571 2085 1736 2139 προσ-

198 2147 352 2214 έχουσι
372 2149 462 2201 καὶ
487 2151 849 2217 ἐπικίνδυνον,
873 2151 1062 2224 ψυχῶν
1076 2157 1268 2225 ἄρχειν
1285 2156 1393 2210 τῶν
1415 2162 1736 2215 κατέἰκόνα

196 2234 306 2289 Θεοῦ
353 2243 759 2312 πεποιημένων.
823 2245 914 2309 Ὠς
971 2244 1065 2300 οὖν
1126 2249 1184 2301 ὲν
1243 2250 1435 2322 Κυρίῳ
1492 2252 1736 2323 ἄρχουσα

196 2332 323 2400 ἡγοῦ,
357 2338 444 2390 καὶ
477 2339 772 2394 κατευοδοῦ
802 2342 904 2412 τῆς
953 2343 1192 2413 ποίμνης
1218 2361 1334 2407 σου,
1359 2347 1562 2411 παντὸς
1594 2349 1736 2416 ἁγα-

195 2424 271 2479 θοῦ
289 2429 621 2502 προτύπωμα
640 2433 838 2504 ἑαυτὴν
855 2435 1066 2488 τιθεῖσα
1087 2453 1103 2469 ο
1137 2437 1226 2490 ἵνα
1249 2437 1490 2510 ἀξιωοῇς
1521 2441 1697 2510 εἰπεῖν
1721 2457 1732 2470 ·

203 2513 324 2580 Ἰδοὺ
356 2519 486 2590 ἐγὼ,
519 2524 618 2576 καὶ
657 2523 728 2577 τὰ
783 2524 972 2580 παιδία
1010 2526 1048 2581 ἄ
1075 2545 1179 2596 μοι
1205 2528 1432 2583 ἔδωκεν
1488 2533 1522 2585 ό
1569 2532 1736 2598 Θεός.

193 2604 298 2670 Θεὸς
324 2610 426 2680 γὰρ
453 2615 818 2685 παραδέδωκε
854 2634 938 2670 σοι
978 2619 1076 2682 τάς
1109 2619 1286 2690 ψυχὰς
1315 2621 1383 2674 δι’
1415 2611 1698 2694 ἁπόταγῆς
1719 2641 1734 2654 '

195 2696 266 2748 καὶ
293 2699 430 2772 αὐτῷ
449 2701 559 2756 δεῖν
579 2721 642 2758 σε
669 2707 839 2772 αὑτὰς
872 2709 1142 2776 προσάξαι
1169 2711 1244 2775 ῶς
1277 2712 1467 2766 θυσίαν
1500 2717 1734 2786 εὐπρόσ-

193 2786 347 2842 δεκτον
373 2807 388 2822 ο
425 2795 530 2847 κάν
560 2797 741 2869 τούτῳ
799 2799 971 2864 πολύς
1003 2818 1096 2855 σου
1124 2805 1152 2856 6
1180 2803 1371 2873 μισθὸς
1407 2805 1464 2856 ὲν
1492 2805 1739 2876 οὐρανοῖς

194 2875 410 2950 ὑπάρξει.
440 2884 674 2938 Δίδασκε
706 2888 870 2949 αὐτὰ,
907 2889 1153 2944 νουθέτει
1183 2893 1253 2944 τὰ
1281 2892 1529 2965 σωτήρια
1552 2875 1740 2946 ἐντάλ-

195 2985 315 3036 ματα
340 3013 356 3040 ,
390 2977 579 3031 ποθεῖν
610 2979 780 3048 μόνον
814 2983 1072 3052 Χριστὸν,
1110 2983 1246 3037 ἀλλὰ
1296 2985 1369 3054 μὴ
1400 2971 1611 3056 σάρκας
1644 2988 1738 3040 καὶ

193 3060 404 3131 αἵματα·
438 3070 799 3142 ἀκτημονεῖν,
834 3072 975 3128 ἀλλά
999 3074 1168 3146 μηδὲν
1221 3075 1372 3146 ἔχειν
1407 3077 1738 3148 ῖδιόκτητον⁸

191 3152 564 3226 ἀπροσπαθεῖν,
641 3163 776 3218 ἀλλὰ
835 3167 910 3236 μή
984 3166 1336 3235 φιλοῖδιάζειν
1406 3169 1544 3240 πρὸς
1616 3173 1742 3234 τοὺς

192 3244 625 3318 ἀγχιστεύονταςο
683 3256 1146 3328 προθυμοεργεῖν,
1197 3260 1334 3314 ἀλλὰ
1387 3262 1461 3333 μὴ
1490 3263 1741 3333 ὀκνηρῶς

186 3335 310 3420 ’ἔχειν
334 3343 468 3414 πρὸς
493 3346 598 3417 τὴν
625 3347 882 3420 ἄσκησιν.
918 3352 1019 3403 Ἂν
1053 3352 1162 3424 γὰρ
1207 3329 1404 3419 οὕτως,
1438 3329 1742 3424 ἀπαντήσει
1772 3329 1812 3384 C

192 3428 357 3496 αὑταῖς
381 3436 407 3487 ό
433 3438 670 3508 νυμφίος
697 3436 939 3508 Χριστὸς
967 3442 1163 3513 μικρὸν
1191 3441 1425 3516 ὕστερον
1446 3445 1742 3518 λαμπαδη-

191 3525 476 3595 φοροὺσαις,
508 3533 606 3584 καὶ
635 3531 1088 3604 ἀπαντηθήσεται
1111 3537 1429 3608 περιχαρῶς
1450 3557 1463 3570 σ
1493 3539 1742 3592 ἀσπάσε-

191 3627 266 3666 ⁴ται
290 3617 378 3671 καὶ
427 3623 848 3696 ἀσπασθήσεται
883 3625 1229 3699 ίεροπρεπῶς
1254 3644 1268 3658 ·
1303 3627 1505 3693 ἀνοίξει
1550 3631 1745 3693 αὑταῖς

189 3706 266 3759 τὸν
300 3711 551 3782 οὐράνιον
603 3717 702 3771 καὶ
746 3719 1164 3790 ἀχειρὸτευκτον
1218 3721 1519 3792 νυμφῶναο
1578 3722 1744 3775 δώσει

192 3795 355 3864 αὐταῖς
376 3802 662 3874 βασιλείαν
683 3809 952 3879 οὐρανῶν,
1001 3810 1214 3882 τρυφὴν
1253 3812 1610 3883 παραδείσου,
1649 3813 1746 3865 πό-

193 3885 649 3970 μταάθανασίας,
668 3903 1036 3975 γλυκάσματα
1053 3905 1331 3972 ἀειξωίας·
1351 3905 1560 3960 ἐνδύσει
1578 3905 1749 3969 αὐτὰς

193 3987 555 4064 περιϐλήματα
575 3996 866 4067 φωτοειδῆ,
882 4000 1150 4070 κοσμήσει
1175 3996 1400 4068 κόσμοις
1415 3999 1746 4069 ἀφθαρσίας,

190 4089 629 4156 νυμφαγωγικοῖς
655 4087 981 4160 διαδήμασιν
1009 4103 1024 4119 '
1061 4089 1337 4159 ἐμπλήσει
1361 4089 1468 4143 τῶν
1502 4089 1749 4160 ἀπείρων

193 4167 406 4240 ἀγαθῶν,
438 4178 522 4240 είς
560 4175 765 4241 αἰῶνας
793 4177 1026 4234 αἰώνων.
1068 4181 1168 4234 Διά
1201 4179 1378 4234 ταῦτα
1418 4181 1516 4234 καὶ
1552 4183 1616 4234 σὺ
1646 4184 1750 4234 κὰ-

189 4261 341 4315 κεῖναι
395 4265 713 4336 μοχθήσατε
737 4281 752 4297 ·
787 4266 1016 4331 διώξατε
1040 4265 1106 4338 [Γ.
1153 4264 1524 4338 ἐμοχθήσατε]
1564 4267 1750 4339 ἡμέρᾳ

192 4350 271 4404 καὶ
291 4353 472 4428 ήμέρᾳ
493 4353 939 4424 κατεργάζεσθαι
961 4357 1063 4426 τὴν
1082 4356 1289 4410 ἑαυτῶν
1307 4357 1601 4428 σωτηρίανο
1623 4357 1754 4409 ἁνα-

188 4441 365 4514 ᾥῦχετε
381 4451 509 4512 ταῖς
549 4449 765 4504 ἐλπίσι·
787 4449 1044 4504 σῦἐννυτε
1074 4450 1138 4504 τὸ
1163 4451 1598 4522 ἐπεισαγόμενον
1639 4449 1750 4520 πῦρ

192 4543 322 4611 παρᾶ
348 4545 675 4617 τοῦ,ὲχθροῦ
705 4547 763 4600 ὲν
786 4545 1019 4617 ψυχαῖς,
1040 4545 1118 4616 τῷ
1148 4545 1278 4617 θείῳ
1333 4545 1498 4616 ἔρωτι
1520 4562 1533 4575 ·
1563 4545 1645 4598 ὅτι
1687 4545 1754 4598 ἂν

190 4630 550 4709 ἂλλοὲπαχθὲς
561 4639 664 4710 τῆς
679 4639 984 4711 ἀσκήσεως.
1005 4639 1136 4702 Ταῖς
1151 4637 1390 4710 ἀναλήψε
1398 4656 1450 4692 σι
1462 4638 1573 4692 τῶν
1590 4637 1752 4691 θείων

193 4722 624 4802 ἀναγνωσμάτων
679 4747 739 4784 τε
816 4729 912 4784 καὶ
967 4731 1230 4803 ᾀσμάτων
1304 4729 1750 4802 παραμυθεῖσθε,

190 4822 648 4896 περιφρουροῦσαι
671 4823 770 4877 καὶ
792 4812 864 4877 ’τὸ
910 4823 1277 4894 ἀκοινώνητον
1304 4823 1406 4894 τῆς
1435 4825 1700 4895 αἱρέσεως
1733 4841 1749 4856 ο

191 4908 279 4962 κᾶν
303 4911 400 4986 δέῃ
425 4914 576 4986 ὑπὲρ
614 4915 781 4969 αὐτοῦ
824 4915 1021 4970 παθεῖν
1054 4933 1106 4970 τι
1139 4916 1305 4987 μέχρι
1339 4915 1436 4969 καὶ
1465 4915 1700 4970 θανάτου
1734 4930 1748 4944 ⁸

191 5001 436 5073 μηδαμῶς
471 5005 782 5076 προέμεναι
834 5007 932 5078 τήν
980 5006 1186 5061 πίστιν.
1242 5006 1354 5077 Τῆς
1383 5005 1491 5078 γὰρ
1528 5006 1754 5078 ἀγάπης

192 5092 405 5165 Χριστοῦ
452 5101 615 5154 οὐδὲν
651 5102 1085 5173 προτιμότερονο
1147 5100 1333 5166 καθὼς
1359 5101 1656 5166 ἀπέδειξαν
1695 5103 1752 5156 αί

191 5189 490 5258 ἁπάίῶνος
532 5194 796 5265 παρθένοι
836 5195 1002 5265 μέχρι
1053 5193 1150 5248 τοῦ
1203 5193 1402 5266 δεῦρο·
1453 5195 1752 5264 ἐπειδήπερ

193 5281 284 5335 εἰσὶ
313 5286 407 5338 καὶ
439 5286 545 5339 νῦν
586 5286 945 5358 ἃωκόμεναι.
974 5286 1067 5340 καὶ
1108 5286 1218 5339 τῶν
1262 5285 1441 5356 μονῶν
1467 5285 1752 5351 ὲξωθεῖσαι

189 5367 265 5422 διὰ
312 5374 580 5446 Χριστὸν,
623 5375 658 5446 ἢ
712 5376 1005 5445 μετασχεῖν
1063 5375 1159 5428 τοῦ
1228 5375 1507 5446 αἱρετικοῦ
1566 5376 1752 5447 ἄρτου.

193 5457 356 5517 Ταῦτα
389 5467 470 5529 ὡς
511 5467 657 5520 κατά
686 5467 922 5538 Χριστὸν
967 5465 1170 5537 ἀδελφῇ
1193 5466 1333 5541 οὔσῃ
1372 5468 1468 5522 καὶ
1499 5467 1753 5538 θυγατρὶ,

192 5553 431 5628 γέγραφα
487 5575 576 5612 σοι
615 5559 712 5613 καὶ
761 5560 884 5622 ταῖς
943 5559 1080 5629 μετά
1130 5560 1230 5613 σέ·
1284 5560 1360 5624 ὠς
1408 5560 1476 5615 ἂν
1519 5559 1650 5624 ἴδοις
1678 5561 1759 5613 ὅτι

242 5733 287 5770 ¹²
311 5736 420 5793 lsa.
455 5752 583 5803 vui,
627 5737 711 5792 18.

1786 4685 1830 4740 D

1909 1238 2172 1293 Pietatem
2203 1245 2357 1291 tuam
2409 1234 2623 1291 laudavi
2654 1250 2720 1289 ac
2748 1233 2995 1304 probavi,
3022 1247 3182 1288 soror
3220 1232 3272 1286 in
3317 1233 3421 1285 Do-

1837 1331 2010 1392 mino.
2036 1339 2151 1386 tum
2191 1329 2247 1384 in
2291 1330 2360 1385 iis
2416 1329 2576 1384 donis
2628 1344 2752 1397 quze
2805 1327 3026 1390 misisti,
3070 1338 3183 1381 tum
3246 1325 3300 1380 in
3357 1343 3423 1377 eo

1835 1422 2032 1477 aﬂ‘ectu
2077 1403 2187 1492 quo
2227 1430 2414 1475 nostra
2451 1419 2675 1489 accipis.
2715 1417 2864 1472 Nihil
2909 1419 3089 1474 simile
3138 1427 3318 1472 autem
3367 1417 3422 1468 in

1837 1513 1997 1568 nobis
2022 1511 2235 1581 est,qui
2264 1527 2387 1566 cum
2424 1526 2525 1566 nec
2560 1511 2695 1589 satis
2735 1510 2838 1580 ipsi
2871 1510 3122 1564 instructi
3147 1525 3179 1563 a
3221 1508 3424 1563 virtute

1836 1607 2032 1670 simus,
2067 1605 2344 1674 quomodo
2373 1604 2494 1659 aliis
2544 1602 3104 1659 doctrinamwirtutis
3143 1600 3422 1671 impertie-

1837 1697 2002 1755 mus‘Z
2039 1698 2258 1754 Utinam
2282 1706 2462 1750 autem
2513 1694 2815 1758 secundum
2841 1693 3000 1748 [idem
3040 1702 3190 1747 tuam
3240 1692 3424 1746 divino

1839 1803 1990 1842 more
2024 1787 2388 1852 convcrscris,
2430 1786 2708 1855 vitamque
2755 1785 2811 1839 in
2851 1784 3166 1854 virginitate
3195 1790 3424 1853 peragas

1838 1879 2152 1949 inculpale;
2181 1890 2348 1950 atque
2378 1883 2515 1933 adeo
2569 1873 2904 1949 przefectura:
2954 1891 3173 1948 quoque
3221 1891 3424 1928 munus

1840 1974 1960 2027 sine
1995 1973 2420 2043 reprehensione
2453 1973 2638 2028 obeas!
2679 1972 2801 2027 Scis
2833 1971 2976 2024 enim
3007 1986 3118 2024 rem
3147 1983 3270 2024 esse
3299 1983 3422 2023 cum

1842 2063 2043 2134 ingenti
2062 2065 2310 2118 mercede
2325 2065 2699 2135 coniunctam,
2719 2061 2812 2117 sed
2831 2061 2968 2116 etiis
2984 2060 3076 2129 qui
3093 2067 3224 2113 sunt
3241 2059 3424 2112 minus

1838 2157 2005 2219 cauti,
2033 2141 2261 2225 periculi
2295 2156 2532 2226 plenam,
2562 2168 2797 2224 praeesse
2837 2153 3040 2208 animis
3067 2151 3134 2206 ad
3162 2151 3424 2206 similitu-

1838 2248 2021 2302 dinem
2085 2246 2183 2302 Dei
2238 2248 2500 2303 conditis.
2537 2248 2725 2317 Itaque
2776 2256 3036 2316 tanquam
3090 2245 3142 2298 in
3194 2243 3427 2297 Domino

1840 2339 2175 2393 moderatrix
2199 2326 2464 2410 vpraacsto,
2499 2348 2553 2393 et
2584 2354 2801 2410 gregem
2834 2347 2986 2391 tuum
3036 2336 3269 2392 feliciter
3301 2351 3428 2405 rege

1842 2432 2070 2500 teipsam
2102 2433 2282 2486 omnis
2306 2432 2434 2486 boni
2466 2430 2696 2500 efﬁgiem
2731 2431 2984 2501 praebens
3027 2447 3042 2496 ;
3070 2428 3323 2498 utpossis
3345 2429 3431 2480 di-

1839 2521 2153 2576 cere:Ecce
2182 2539 2275 2594 ego
2331 2523 2624 2592 etpuellae,
2676 2539 2808 2592 quas
2855 2521 3003 2585 dedit
3037 2519 3426 2574 mihiDeus".

1844 2614 2091 2669 Tradidit
2116 2615 2262 2669 enim
2296 2615 2391 2670 tibi
2420 2615 2635 2676 animas
2654 2613 2799 2669 Deus
2817 2629 2912 2685 per
2934 2611 3425 2672 renuntiationcm:

1842 2715 2006 2774 atque
2031 2706 2097 2760 ad
2137 2706 2318 2776 ipsum
2361 2707 2556 2760 adduci
2593 2723 2620 2760 a
2655 2714 2706 2760 te
2732 2708 2832 2761 has
2885 2713 3122 2774 oportet,
3164 2714 3428 2774 tanquam

1845 2798 2080 2852 hostiam
2137 2806 2710 2866 acceptamzeamque
2761 2796 3002 2869 ob_rem
3051 2794 3291 2848 maxima
3331 2793 3431 2848 tibi

1844 2906 2053 2946 merces
2082 2891 2136 2944 in
2176 2890 2333 2944 ccelis
2367 2889 2492 2944 erit.
2525 2887 2634 2944 Has
2665 2889 2822 2955 doce,
2855 2887 3119 2944 salutaria
3169 2887 3255 2942 his
3289 2903 3430 2957 prte-

1844 2991 1998 3050 cepla
2026 2983 2423 3053 ingere,uuum
2465 2995 2652 3034 amare
2705 2978 3012 3042 Christum,
3051 2996 3161 3034 non
3203 2995 3428 3034 carnem

1842 3083 1899 3127 et
1924 3074 2270 3142 sanguinem,
2308 3073 2525 3140 inopem
2578 3071 2747 3131 vitam
2795 3073 3016 3136 ducere,
3049 3072 3185 3124 nihil
3228 3071 3432 3126 habere

1844 3163 2121 3231 privatim,
2151 3163 2300 3216 nullo
2337 3161 2530 3217 allecto
2560 3161 2754 3224 teneri,
2786 3177 2884 3216 nec
2907 3163 3245 3232 propinquos
3269 3176 3431 3231 pecu-

1848 3254 2054 3308 liariter
2091 3253 2322 3325 diligere
2353 3272 2367 3308 :
2400 3255 2608 3309 alacres
2657 3254 2920 3308 exhibere
2968 3269 3050 3319 se,
3097 3270 3196 3310 nec
3225 3270 3348 3310 esse
3373 3253 3432 3307 iu

1847 3348 2096 3402 instituto
2130 3349 2434 3402 monastico
2495 3363 2712 3418 segnes.
2773 3345 2911 3403 Nam
2946 3349 2999 3404 si
3045 3349 3117 3404 ita
3168 3349 3261 3418 sit,
3296 3349 3434 3420 ipsis

1848 3457 1977 3496 suas
2019 3440 2294 3509 lampades
2323 3442 2634 3512 gerentibus
2665 3441 2827 3511 paulo
2861 3449 2987 3512 post
3010 3457 3247 3511 sponsus
3277 3442 3436 3498 Chri-

1847 3545 1965 3589 stus
1985 3543 2255 3593 occurret.
2293 3545 2348 3589 et
2371 3533 2673 3603 excipietur
2691 3535 2834 3588 idem
2861 3549 2986 3588 cum
3015 3534 3437 3603 gaudio,sacros

1847 3626 2090 3680 vicissim
2126 3625 2355 3694 accipiet
2380 3640 2444 3679 ac
2466 3624 2655 3678 reddet
2677 3624 2984 3694 amplexus,
2999 3624 3275 3679 caelestem
3301 3626 3436 3694 ipsis

1848 3733 1950 3772 nec
1983 3714 2350 3771 inanul‘actum
2383 3717 2682 3770 thalamum
2706 3716 2936 3786 aperiet.
2973 3716 3200 3772 donabit
3245 3717 3326 3773 eis
3357 3731 3438 3772 rc-

1850 3825 2014 3880 gnum
2045 3809 2335 3873 cmlorum,
2373 3808 2615 3877 paradisi
2647 3792 3006 3879 voluptatem,
3038 3809 3291 3876 potiones
3325 3808 3429 3862 im-

1851 3898 2222 3964 mortalitatis,
2270 3899 2598 3953 suavitatem
2645 3899 2772 3953 vita:
2818 3899 3166 3968 sempiterna:
3199 3915 3214 3951 :
3250 3899 3461 3959 induet.

1850 4009 1945 4048 eas
1976 3992 2176 4047 amictu
2203 3989 2408 4056 lucido,
2446 3989 2876 4060 incorruptionis
2904 3990 3102 4044 decore
3123 3989 3438 4051 exornabit,

1851 4089 2091 4159 sponsali
2112 4087 2450 4142 diademate:
2471 4085 2772 4154 innumeris
2792 4084 2952 4140 bonis
2968 4084 3022 4142 in
3043 4086 3436 4155 sempiternum

1851 4197 2027 4237 aevum
2070 4179 2389 4235 cumulabit.
2456 4177 2680 4248 Propter
2725 4176 2842 4233 haec
2857 4187 2911 4232 et
2938 4186 2998 4232 tu
3019 4186 3075 4232 et
3109 4177 3215 4231 illa:
3234 4193 3434 4240 aerum-

1854 4290 1954 4330 nas
1973 4273 2273 4344 pertulistis
2291 4289 2304 4325 :
2325 4286 2521 4348 magno
2539 4271 2722 4326 studio
2738 4269 2984 4340 quotidie
2999 4271 3268 4325 enitentes
3286 4277 3342 4323 ut
3358 4285 3442 4324 sa-

1853 4366 2021 4421 lutem
2054 4374 2290 4422 vestram
2319 4363 2706 4434 operaremini.
2732 4362 2868 4434 Spes
2899 4378 2995 4418 vos
3022 4363 3114 4418 illa
3146 4363 3439 4418 reﬁciatac

1854 4469 2081 4516 recreet.
2117 4457 2405 4512 lnductum
2431 4457 2486 4510 in
2515 4456 2732 4511 animos
2772 4456 2842 4511 ab
2867 4455 3222 4527 hosteignem
3250 4456 3439 4510 divino

1857 4551 2044 4608 amore
2091 4551 2445 4622 exstinguite.
2483 4548 2638 4616 Quod
2661 4547 2859 4619 siquid
2891 4547 3040 4603 aliud
3068 4548 3125 4604 in
3151 4547 3439 4618 disciplina

1858 4662 2020 4718 grave
2047 4654 2131 4700 est
2160 4660 2225 4700 ac
2259 4643 2584 4706 molestum,
2626 4641 2679 4696 id
2733 4641 2968 4696 lectione
3015 4655 3171 4697 sacra
3223 4651 3440 4711 arrepta

1861 4738 2189 4808 hymnisque
2223 4734 2790 4792 decantandislenitcr
2821 4749 2885 4788 ac
2915 4734 3178 4805 mitigate,
3209 4735 3278 4788 ab
3327 4733 3438 4788 hae-

1862 4814 2026 4885 retica
2054 4829 2440 4885 communione
2471 4827 2663 4883 sedulo
2692 4835 2944 4882 caventes
2968 4845 2981 4881 :
3005 4828 3089 4882 vel
3116 4828 3164 4882 si
3216 4841 3442 4882 necesse

1862 4922 1936 4976 sit
1979 4923 2142 4992 hujus
2173 4921 2252 4976 rei
2282 4935 2450 4975 causa
2509 4935 2686 4989 usque
2715 4919 2783 4974 ad
2825 4928 3059 4984 mortem
3125 4918 3260 4988 pali,
3291 4918 3442 4972 nullo

1861 5022 2021 5084 pacto
2057 5013 2374 5084 abjicientes
2394 5012 2578 5067 ﬁdem.
2603 5011 2749 5066 Nihil
2779 5011 2925 5066 enim
2970 5011 3333 5080 praestabilius
3359 5019 3444 5064 est

1861 5106 2064 5164 Christi
2100 5107 2372 5162 eharitate
2404 5124 2418 5161 :
2453 5105 2911 5176 quemadmodum
2961 5119 3074 5173 pra:
3108 5119 3167 5160 se
3199 5105 3443 5158 tulerunt

1861 5198 1929 5252 ab
1953 5188 2105 5252 omni
2134 5213 2252 5253 aevo
2275 5198 2514 5268 virgines
2533 5213 2708 5266 usque
2737 5198 2804 5251 ad
2829 5196 3155 5251 huncdiem.
3185 5195 3443 5262 Quando-

1859 5289 2080 5357 quidem
2115 5277 2265 5345 nunc
2285 5304 2503 5360 quoque
2535 5297 2665 5343 sunt
2693 5303 2818 5358 quas
2843 5298 3138 5352 vexantur,
3179 5298 3342 5358 atque
3375 5304 3438 5342 ex

1861 5382 2208 5460 monasteriis
2236 5391 2456 5451 propter
2489 5381 2772 5436 Christum
2801 5389 3039 5436 extrusre
3060 5390 3208 5444 sunt,
3241 5396 3308 5434 ne
3331 5381 3442 5435 bac-

1862 5473 2093 5528 reticum
2135 5489 2326 5542 panem
2357 5473 2772 5545 participarent.
2806 5471 2931 5526 Haec
2951 5470 3047 5526 tibi
3072 5459 3326 5541 tanquam
3355 5487 3444 5524 so-

1864 5565 1976 5619 rori
2027 5566 2081 5620 in
2111 5564 2331 5624 Christo
2375 5582 2440 5624 ac
2481 5566 2607 5622 lilia:
2637 5565 2856 5636 scripsi,
2887 5564 3030 5622 etiis
3083 5581 3201 5636 quae
3262 5574 3465 5626 tecum.

1695 5827 1925 5886 NOTAE.

254 5938 360 6013 (89)
391 5941 454 6001 In
481 5944 609 6003 cod.
632 5943 766 6016 Reg.
804 5943 941 6016 ρμζ’.
