3934 6458
556 405 579 468 1
590 406 691 468 427

1735 395 1796 453 S.
1836 393 2224 453 THEODORI
2261 392 2601 453 ΞΤΗΒΙΤίΕ

3647 384 3785 449 1428

547 524 677 573 sunt
694 533 707 568 :
724 524 783 567 ut
806 510 1075 579 intelligas
1088 517 1136 562 et
1154 518 1496 561 communem
1517 500 1673 557 nobis
1701 503 1987 555 Dominum
2007 514 2122 553 am-

2228 499 2403 560 κοινός
2433 498 2579 549 ἐστιν
2612 497 2640 548 6
2666 495 2940 563 Δεσπότης
2972 492 3297 563 ἀμφοτέρων
3333 492 3522 561 ἡμῶν·
3582 493 3678 543 καὶ
3712 494 3785 553 ὠς

548 606 731 661 bobus
753 617 894 667 esse,
913 610 967 655 et
991 609 1254 669 quantum
1280 611 1469 650 onmes
1493 610 1611 648 esse
1635 594 1814 647 salvos
1833 600 2083 661 optemus
2104 629 2119 650 .

549 699 751 769 quippe
787 695 880 765 qui
910 693 1021 747 sint
1050 692 1212 746 unius
1257 686 1500 756 corporis
1534 685 1762 749 Christi,
1790 693 1953 751 atque
1968 697 2033 735 ex
2051 695 2118 735 eo

549 791 750 844 fratres
780 786 1010 841 invicem
1043 780 1322 853 appellati.
1350 777 1484 833 Nam
1518 778 1572 830 in
1607 776 1826 829 Christo
1856 773 1982 828 Jesu
2017 790 2119 827 non

546 892 624 936 est
656 879 919 933 masculus
947 892 1106 945 neque
1153 873 1368 942 femina,
1398 872 1484 923 sed
1527 870 1705 921 omnia
1724 876 1772 920 et
1802 868 1854 919 in
1884 865 2123 919 omnibus

548 971 788 1024 Christus
808 968 873 1031 ¹⁸,
894 968 985 1037 qui
1014 976 1068 1020 et
1092 980 1189 1019 vos
1219 966 1273 1016 et
1306 976 1405 1015 nos
1450 969 1626 1014 servet
1658 956 1983 1011 incolumes.

574 1084 860 1141 CXXXIII.
882 1115 951 1126 -—
967 1081 1224 1151 Epltruim
1250 1091 1295 1133 et
1313 1080 1351 1132 Α
1363 1078 1577 1149 galhoni
1621 1076 1922 1144 cmterisque
1944 1073 2093 1143 ﬁliis.

2222 586 2482 654 φιλοῦμεν
2512 586 2719 648 πάντας
2752 583 3020 646 σώζεσθαι
3053 598 3066 612 ·
3103 582 3177 644 ὼς
3212 581 3327 642 ἑνὸς
3354 581 3506 644 ὅντες
3532 579 3786 650 σώματος

2217 678 2477 749 Χριστοῦ,
2511 678 2606 731 καὶ
2642 678 2737 729 ἀπ’
2774 674 2938 729 αὑτοῦ
2975 673 3196 741 ἀδελφοὶ
3234 674 3480 742 ἀλλήλων
3509 674 3784 743 χρηματί-

2221 772 2405 835 ζοντες
2434 785 2451 800 ·
2482 771 2539 821 ἐν
2569 769 2675 839 γὰρ
2727 766 2948 838 Χριστῷ
2988 765 3185 836 Ἰησοῦ,
3223 766 3361 819 οὔτε
3401 767 3608 834 ἄρσεν,
3650 768 3788 821 οὔτε

2222 860 2379 932 θῆζῐυ
2399 903 2413 925 ,
2454 862 2613 916 ἀλλὰ
2643 860 2839 914 πάντα
2871 859 2969 913 καὶ
3016 858 3167 915 πᾶσι
3203 859 3474 929 Χριστός,
3508 859 3567 925 ὃς
3596 860 3791 915 διασώ-

2229 972 2341 1007 σειε
2370 954 2465 1007 καὶ
2486 955 2628 1023 ὑμᾶς
2653 952 2748 1004 καὶ
2775 953 2940 1023 ἡμᾶς.

2229 1075 2397 1128 ΡΛΓ’.
2422 1073 2767 1142 -Ὲφραῒιῃ
2800 1072 2897 1123 καὶ
2942 1070 3236 1142 Ἀγάθωνι,
3268 1069 3380 1142 οιαὶ
3406 1069 3529 1135 τοῖς
3555 1067 3790 1133 λοιποῖς

2784 1142 3046 1206 τέκνοις.
3082 1139 3278 1212 [χπη¹.]

1751 1257 1805 1305 In
1828 1256 2015 1305 obitum
2042 1257 2293 1308 Laurentii
2315 1257 2584 1321 praepositi.

619 1368 771 1436 Quod
796 1368 991 1423 beatus
1014 1364 1342 1420 Laurentius
1369 1364 1512 1418 diem
1545 1363 1702 1423 obiit,
1731 1377 1879 1417 mors
1907 1361 2116 1431 illiqui-

548 1464 670 1515 dem
691 1474 789 1530 pro
816 1459 1002 1528 requie
1036 1466 1114 1511 est
1146 1474 1161 1508 :
1193 1470 1315 1510 nam
1337 1458 1427 1526 qui
1452 1456 1623 1526 possit
1649 1470 1757 1508 non
1776 1454 1847 1507 ita
1866 1468 1987 1508 esse
2000 1454 2119 1508 viro

510 1534 513 1537 Α
548 1551 731 1606 bono?
764 1550 919 1604 lllmn
952 1550 1005 1601 in
1034 1548 1195 1616 hujus
1226 1548 1349 1601 vita:
1379 1562 1603 1615 egressu
1650 1545 1803 1614 quies
1841 1559 1871 1597 a
1926 1558 2119 1597 mona—

546 1641 698 1696 slicze
730 1637 1171 1701 vitmlahoribus,
1206 1636 1289 1690 vel
1322 1636 1501 1704 potius
1523 1651 1552 1688 a
1584 1635 1871 1688 vexatione
1900 1644 2119 1702 propter

541 1730 811 1801 justitiam
836 1728 1088 1796 excipiet,
1137 1728 1456 1797 migrantem
1485 1727 1550 1779 ad
1585 1725 1872 1779 Dominum
1911 1745 1924 1780 :
1962 1728 2119 1793 cujus

546 1824 809 1876 virtutum
841 1831 1005 1875 testes
1044 1818 1451 1888 quamplurimi.
1478 1816 1646 1873 Vobis
1691 1827 1892 1881 autem,
1923 1816 2120 1872 fratres

544 1912 1010 1977 reveremlissimi,
1033 1911 1227 1965 deinde
1243 1920 1295 1964 et
1314 1911 1470 1964 nobis
1502 1910 1819 1975 humilibus,
1842 1909 1995 1962 triste
2018 1909 2120 1963 hoc

543 2018 599 2060 et
624 2005 880 2059 acerbum
910 2002 1129 2067 accidit,
1158 2003 1251 2070 qui
1284 2001 1569 2071 probatum
1604 2002 1929 2055 monachum
1975 2000 2113 2053 ami-

547 2098 742 2159 simus,
783 2094 1143 2151 reverendum
1198 2092 1444 2159 fratrem,
1476 2097 1829 2149 constitutum
1865 2107 1924 2147 ut
1958 2102 2121 2161 caput

545 2195 693 2239 esset
738 2201 801 2240 ac
858 2183 1159 2254 spiritualis
1184 2184 1285 2236 viae
1331 2183 1461 2236 dux.
1492 2180 1596 2236 Sed
1658 2182 1877 2235 tristitia
1938 2191 2118 2235 tamen

548 2280 794 2347 utrisque
844 2292 999 2333 versa
1022 2285 1106 2330 est
1152 2277 1205 2330 in
1251 2277 1531 2345 gaudium,
1559 2275 1705 2344 quod
1758 2275 1966 2329 electus
2024 2273 2117 2327 Dei

546 2381 734 2440 raptus
760 2378 843 2424 est
870 2385 900 2423 a
938 2369 1116 2432 nobis,
1145 2368 1336 2438 optimi
1365 2367 1461 2421 Dei
1515 2367 1699 2436 jussu,
1729 2369 1781 2421 in
1833 2366 2121 2421 sanctitate

545 2474 598 2517 et
627 2464 860 2532 jnstitia.
895 2461 1235 2531 Quapropter
1260 2470 1314 2515 et
1341 2476 1441 2531 ego
1478 2460 1702 2515 lmmilis
1730 2462 1961 2530 gaudeo,
1996 2475 2115 2530 gra-

548 2556 807 2624 tulorque
853 2554 1008 2608 vobis
1031 2554 1173 2623 quod
1226 2554 1331 2605 tale
1362 2569 1454 2607 vas
1496 2553 1561 2606 ad
1626 2550 1794 2606 Deum
1854 2552 2121 2621 praemisi-

549 2660 674 2699 mus
704 2663 717 2700 :
750 2659 935 2699 revera
967 2644 1113 2699 enim
1146 2659 1241 2697 vas
1295 2643 1579 2697 electionis
1630 2641 1949 2697 Laurentius
1996 2642 2118 2707 fuit,

549 2734 787 2802 primum
821 2733 1040 2803 quidem
1072 2734 1283 2788 sincera
1320 2734 1725 2788 renuntiatione
1779 2744 1942 2804 atque
1986 2736 2119 2789 obe-

552 2824 780 2886 dientia,
818 2823 1015 2877 deinde
1065 2824 1246 2877 studio
1294 2839 1694 2895 progressuque
1734 2826 2020 2891 virtutum,
2051 2827 2121 2882 ob

551 2931 694 2985 quas
719 2926 775 2970 et
802 2916 1109 2971 sacerdotio
1139 2916 1339 2987 dignus
1365 2928 1447 2972 est
1470 2918 1709 2984 habitus,
1738 2934 1803 2973 ac
1827 2922 2119 2974 tnultorum

556 3010 785 3062 fratrum
821 3006 1200 3078 praefecturam
1228 3010 1491 3079 suscepit,
1532 3011 1634 3065 hos
1661 3011 1893 3082 benigne
1925 3028 2118 3082 regens

552 3101 706 3156 utilis
734 3101 911 3172 gregi,
942 3100 1054 3155 Deo
1079 3102 1266 3155 vivens
1302 3116 1488 3154 revera
1518 3117 1581 3155 ac
1639 3106 1930 3171 praeposito
1989 3119 2113 3165 suo,
2151 3130 2193 3188 ο

551 3210 661 3248 non
695 3194 920 3256 mundo,
947 3209 1044 3248 nec
1073 3193 1518 3263 mundinegotiis
1546 3212 1559 3248 :
1586 3193 1745 3263 cujus
1785 3202 1840 3249 et
1880 3205 2006 3249 nota
2028 3212 2123 3250 ex-

553 3284 677 3337 silia
727 3296 944 3353 propter
978 3283 1289 3347 Dominum,
1317 3294 1371 3339 et
1398 3286 1715 3341 vexationes
1749 3296 1860 3341 tmn
1916 3289 2126 3357 priores

554 3386 673 3429 tum
723 3376 1050 3444 posteriores
1081 3394 1096 3431 :
1126 3377 1282 3446 cujus
1312 3391 1365 3431 et
1397 3379 1631 3446 speciosi
1680 3380 1863 3447 pedes,
1896 3390 1957 3435 ut
2002 3396 2127 3435 cum

556 3467 838 3537 Scriptura
866 3468 1099 3537 loquar:
1124 3484 1249 3523 cum
1280 3470 1388 3523 huc
1415 3479 1469 3525 et
1500 3470 1628 3527 illuc
1652 3472 1848 3535 obiret,
1877 3484 1931 3526 et
1958 3489 2127 3527 evan-

554 3560 816 3629 gelizaret
859 3557 1122 3617 fratribus
1155 3561 1417 3615 salutaria
1452 3572 1743 3632 praecepta.
1778 3564 2125 3633 Unguentum

556 3651 863 3720 spiritualis
895 3651 1015 3719 ejus
1068 3652 1236 3705 sudor
1264 3670 1278 3707 :
1310 3667 1402 3706 ros
1438 3668 1615 3717 sacer,
1647 3663 1922 3708 certamen
1979 3654 2123 3708 illius

555 3753 610 3798 et
639 3737 871 3798 virtutis
897 3743 1252 3798 curriculum.
1285 3742 1387 3808 Qui
1424 3744 1477 3796 in
1508 3744 1610 3798 hac
1658 3743 1907 3813 praesenti
1943 3757 2126 3811 perse-

559 3837 779 3891 cutione
817 3847 1154 3906 assumptus,
1183 3835 1314 3906 quid
1340 3835 1485 3889 aliud
1520 3850 1682 3904 quam
1735 3833 2126 3888 beatitudinem

557 3946 587 3981 ιι
620 3928 850 3983 Domino
906 3930 1190 3986 obtinuit?
1220 3928 1285 3983 Et
1312 3943 1458 3984 nunc
1484 3928 1573 3981 ille
1628 3928 1845 3996 quidem
1894 3928 1949 3981 in
1986 3928 2126 3981 cmlo

512 4048 513 4051 η
556 4030 659 4084 est,
694 4020 747 4073 in
782 4020 1027 4074 eamdem
1056 4035 1180 4073 cum
1210 4020 1488 4077 sodalibus
1522 4020 1789 4074 civitatem
1814 4020 2124 4089 ascriptus:

558 4128 661 4167 nos
691 4122 873 4167 autem
918 4112 1097 4167 adhuc
1125 4113 1178 4165 in
1203 4112 1500 4166 certamine
1539 4111 1836 4174 constituti,
1872 4121 2034 4177 atque
2074 4112 2129 4165 in

557 4215 709 4259 metu
769 4222 836 4260 ne
863 4206 1204 4275 dejiciamur.
1233 4202 1419 4274 Neque
1442 4205 1587 4259 enim
1622 4213 2001 4259 consummata
2030 4204 2132 4257 ho-

560 4295 692 4347 mini
726 4293 956 4348 felicitas
986 4296 1128 4348 inest
1158 4302 1281 4348 ante
1310 4309 1597 4349 excessqu
1625 4308 1655 4347 e
1688 4294 1796 4347 vita
1836 4312 1849 4347 :
1888 4308 2011 4347 cum
2062 4292 2134 4347 sit

558 4380 801 4434 incertus
826 4381 1027 4435 exitus.

2287 1365 2409 1417 Ὀτι
2477 1363 2745 1434 ἐκοιμήθη
2794 1363 2822 1414 6
2878 1362 3143 1432 μακάριος
3182 1360 3545 1431 Λαυρέντιος,
3598 1364 3790 1430 ἐκείνῳ

2219 1456 2318 1525 μὲν
2358 1456 2666 1517 ἀνάπαυσις
2720 1456 2747 1506 ὀ
2787 1452 3051 1515 θάνατος’
3084 1452 3239 1522 ἀνδρὶ
3265 1454 3372 1523 γὰρ
3424 1452 3617 1525 ἀγαθῷ
3672 1455 3791 1519 πῶς

2215 1550 2335 1616 οὐχὶ
2364 1548 2520 1601 τοῦτο
2544 1548 2931 1617 ἀπαντήσεται,
2957 1546 3063 1599 ἀπὸ
3096 1546 3281 1599 κόπων
3296 1547 3609 1614 ἀσκητικῶν
3629 1565 3795 1616 μετα-

2219 1639 2374 1693 ϐάντι
2417 1639 2510 1691 τοῦ
2533 1639 2672 1709 βίου,
2713 1640 2913 1708 μᾶλλον
2936 1640 2991 1691 δὲ
3022 1638 3129 1694 ἀπὸ
3154 1638 3248 1691 τοῦ
3274 1638 3413 1690 κατά
3445 1638 3794 1710 δικαιοσύνην

2150 1766 2192 1820 Β
2225 1732 2464 1801 διωγμοῦ
2494 1728 2859 1800 ὲνδηρήσαντι
2883 1732 3019 1800 πρὸς
3057 1728 3259 1799 Κύριον
3283 1745 3299 1759 ’
3323 1724 3382 1782 οὗ
3427 1729 3536 1782 τῶν
3582 1731 3794 1798 ἀρετῶν

2228 1823 2405 1891 μάρτυ
2416 1839 2501 1891 ρες
2518 1821 2699 1873 πολλοί
2716 1839 2730 1886 ;
2752 1820 2908 1890 Ὑμῖν
2920 1820 2975 1872 δὲ
2989 1818 3207 1887 συνέϐη.
3222 1818 3439 1887 ἀδελφοὶ
3451 1819 3790 1889 τιμιώτατοι,

2228 1918 2349 1969 ἐπεὶ
2379 1919 2473 1969 καὶ
2506 1917 2636 1985 ἡμῖν
2659 1918 2773 1977 τοῖς
2805 1915 3078 1976 ταπεινοῖς
3101 1912 3162 1964 τὸ
3186 1911 3451 1981 λυπηρὸν,
3489 1911 3792 1966 ἀπολέσασι

2226 2007 2449 2077 δόκιμον
2509 2007 2804 2078 μοναστὴν,
2873 2005 3055 2074 τίμιον
3102 2004 3351 2072 ἀδελφὺν,
3410 2005 3491 2065 εἰς
3546 2004 3793 2073 κεφαλὴν

2228 2098 2631 2167 καθιστάμενον
2662 2100 2759 2167 τῆς
2788 2095 2929 2148 κατὰ
2965 2094 3142 2165 ψυχὴν
3184 2093 3424 2163 ὁδηγίας.
3466 2094 3608 2147 Ἀλλ’
3642 2096 3795 2164 ὅμως

2226 2189 2286 2240 τὸ
2316 2187 2560 2258 λυπηρὸν
2589 2188 2667 2249 εἰς
2692 2186 2866 2256 χαρὰν
2888 2187 3217 2256 ἀμφοτέροις
3248 2187 3589 2257 περιετράπη
3612 2225 3628 2246 ,
3660 2186 3797 2239 διότι

2227 2278 2481 2341 ἐκλεκτὸς
2508 2278 2639 2331 Θεοῦ
2676 2280 2704 2330 6
2734 2276 3038 2347 ἁρπασθεὶς
3072 2277 3165 2347 ἀφ’
3194 2277 3350 2347 ἡμῶν
3375 2276 3626 2329 κελεύσει
3655 2277 3794 2331 Θεοῦ

2225 2369 2318 2423 τοῦ
2350 2369 2578 2437 ἀγαθοῦ,
2619 2370 2675 2422 ὲν
2700 2368 2940 2440 ὁσιότητι
2968 2369 3064 2422 καὶ
3091 2367 3429 2439 δικαιοσύνῃ.
3457 2369 3548 2421 Διὸ
3569 2370 3732 2438 κάγὼ
3760 2372 3798 2423 ὁ

2224 2462 2482 2524 ταπεινὸς
2510 2462 2684 2531 χαίρω
2722 2463 2815 2515 καὶ
2845 2462 3126 2533 συγχαίρω
3181 2462 3306 2532 ὑμῖν
3336 2501 3352 2524 ,
3386 2462 3467 2514 ὅτι
3502 2462 3799 2532 παρεπέμ-

2224 2550 2406 2621 ψαμεν
2446 2551 2582 2621 πρὸς
2606 2550 2696 2603 τὸν
2735 2551 2867 2603 Θεὸν
2898 2552 3213 2621 τηλικοῦτον
3265 2551 3478 2615 σκεῦος.
3525 2552 3797 2627 Ἐκλογῆς

2227 2641 2337 2711 γὰρ
2369 2642 2558 2704 σκεῦος
2596 2641 2670 2707 ὡς
2693 2643 2909 2714 ἀληθῶς
2937 2646 3286 2715 Λαυρέντιος,
3329 2646 3545 2715 πρῶτον
3576 2647 3679 2715 μὲν
3709 2648 3798 2702 διὰ

2226 2732 2327 2802 τῆς
2362 2732 2626 2803 ἀψευδοῦς
2658 2736 2939 2805 ἀποταγῆς
2959 2737 3051 2789 καὶ
3080 2738 3355 2806 ὑποταγῆς
3379 2754 3391 2766 ·
3432 2728 3688 2807 δεύτερον
3706 2738 3795 2792 διά

2226 2823 2326 2893 τῆς
2352 2823 2637 2895 φιλαρέτου
2680 2826 2913 2895 σπουδῆς
2959 2843 3017 2878 τε
3052 2828 3142 2879 καὶ
3173 2828 3483 2897 προκοπῆς.
3512 2828 3569 2893 ἐξ
3594 2822 3670 2881 ὧν
3697 2832 3795 2883 καὶ

2229 2918 2529 2988 ἱερωσύνης
2561 2918 2807 2987 ἠξίωται,
2838 2918 2934 2970 καὶ
2964 2918 3174 2971 πολλῶν
3201 2919 3441 2987 ἀδελφῶν
3466 2921 3797 2985 ἐπιστασίας

2227 3008 2511 3072 ἀνεδέξατο
2538 3008 2775 3078 ἀξίωμα,
2807 3009 3046 3079 φιλητῶς
3080 3011 3392 3078 ποιμαίνειν
3412 3013 3692 3083 χρήσιμος
3724 3019 3793 3085 τῇ

2227 3102 2447 3173 ποίμνῃ·
2463 3101 2570 3164 ζῶν
2587 3101 2701 3153 Θεῶ
2727 3101 2908 3172 καὶτῷ
2929 3102 3170 3172 καθηγοῦ
3179 3103 3323 3175 μένῳ
3336 3104 3411 3166 ὡς
3425 3105 3662 3175 ἀληθῶς,
3678 3108 3800 3161 ἀλλ’

2226 3195 2286 3247 o6
2310 3195 2498 3264 κόσμῳ
2528 3195 2756 3255 καὶτοῖς
2786 3195 2927 3246 κατά
2957 3195 3160 3263 κόσμον
3208 3197 3527 3266 πράγμασιν
3551 3212 3566 3228 ο
3608 3191 3671 3250 οῦ
3702 3200 3800 3251 καὶ

2228 3283 2433 3353 ὲξορίαι
2464 3284 2552 3336 διὰ
2584 3283 2808 3353 Κύριον,
2858 3285 2953 3336 καὶ
2978 3285 3234 3354 διωγμοὶ,
3259 3288 3354 3338 καὶ
3388 3288 3657 3357 πρότερον
3698 3290 3800 3341 καὶ

2229 3374 2456 3443 ὓστερον
2484 3389 2498 3403 ·
2532 3370 2593 3427 οὗ
2626 3376 2719 3427 καὶ
2745 3376 2795 3427 οἱ
2822 3376 2977 3436 πόδες
2997 3376 3206 3445 ὡραῖοι,
3254 3376 3542 3445 γραφικῶς
3572 3380 3753 3430 εἰπεῖν
3780 3418 3798 3442 ,

2227 3458 2329 3518 ὧδέ
2357 3481 2417 3517 τε
2453 3468 2614 3519 κάκεῖ
2655 3467 2979 3537 περιιόντος,
3013 3468 3109 3519 καὶ
3158 3468 3649 3537 εὐαγγελιζομένου
3684 3472 3801 3529 τοῖς

2229 3557 2479 3625 ἀδελφοῖς
2551 3558 2621 3611 τὰ
2688 3559 2933 3627 σωτήρια
3010 3560 3431 3626 ἐπαγγέλματα.
3481 3560 3697 3628 Μόρον,
3770 3562 3799 3611 ὀ

2229 3647 2600 3717 πνευματικὸς
2623 3651 2786 3702 αὐτοῦ
2819 3650 2974 3719 ἱδρώς
2998 3666 3009 3678 ·
3043 3651 3135 3718 δρό
3147 3668 3230 3712 τος
3258 3652 3419 3720 ἱερὸς,
3444 3653 3472 3703 6
3498 3651 3800 3719 ἐναγώνιος

2227 3742 2391 3796 αὑτοῦ
2424 3743 2623 3813 δρόμος
2646 3742 2744 3810 τῆς
2776 3743 2998 3813 ἀρετῆς.
3039 3744 3133 3817 "D;
3168 3743 3534 3812 προσληφθεὶς
3561 3746 3619 3797 ἐν
3649 3747 3806 3817 αύτῷ

2229 3835 2307 3903 τῷ
2338 3834 2567 3905 παρόντι
2602 3833 2847 3903 διωγμῷ,
2881 3833 2933 3885 τί
2963 3834 3091 3887 ἄλλο
3133 3834 3165 3904 ἢ
3203 3835 3291 3888 τὸν
3322 3836 3425 3887 ὑπὸ
3452 3838 3661 3907 Κυρίου
3691 3857 3803 3908 μα-

2230 3925 2501 3992 καρισμὸν
2530 3924 2859 3993 ἀνεδήσατος
2890 3925 2999 3977 Καὶ
3054 3925 3147 3978 νῦν
3188 3928 3395 3992 ἐκεῖνος
3430 3927 3525 3996 μέν
3556 3930 3708 3980 ἐστιν
3745 3931 3806 3981 ἐν

2229 4014 2441 4084 οὐρανῷ
2478 4013 2833 4083 συμπολεύων
2864 4019 2974 4078 τοῖς
3006 4015 3334 4083 ὁμοταγέσιν
3366 4031 3379 4043 °
3428 4017 3588 4086 ἡμεῖς
3628 4017 3685 4069 δὲ
3721 4017 3805 4069 ἔτι

2232 4104 2325 4156 ἐπὶ
2350 4105 2443 4157 τοῦ
2493 4106 2701 4173 ἀγῶνος
2747 4094 3038 4176 ’ἱστάμενοι
3062 4148 3075 4168 ,
3126 4106 3221 4160 καὶ
3268 4107 3360 4159 ἐπὶ
3392 4106 3556 4175 φόῦον
3588 4110 3805 4178 τροπῆς

2233 4196 2496 4265 κείμενοι.
2544 4197 2617 4251 O6
2655 4197 2764 4268 γάρ
2799 4200 2915 4251 ἐστι
2961 4199 3305 4269 μακαρισμὸς
3347 4199 3551 4263 τέλειος
3585 4200 3807 4271 ἀνθρώ-

2235 4305 2342 4359 mp,
2374 4290 2476 4353 ἓως
2503 4290 2855 4353 ἀποϐιώσεως
2874 4331 2888 4353 ,
2918 4290 3006 4353 διὰ
3038 4293 3097 4343 τὸ
3126 4292 3321 4363 ἄδηλον
3360 4294 3457 4364 τῆς
3493 4293 3801 4359 ἐκϐάσεως.

634 4471 998 4537 Quamobrem
1031 4473 1259 4527 obsecro
1304 4487 1423 4535 vos,
1452 4471 1665 4537 fratres,
1700 4482 1760 4526 ut
1801 4472 2034 4542 vigiletis
2063 4488 2122 4527 ac

2244 4482 2245 4485 ‘
2300 4472 2391 4523 Διὸ
2454 4472 2759 4541 παρακαλῶ
2826 4460 3007 4544 ὑμᾶς,
3059 4477 3310 4545 ἀδελφοὶ,
3364 4464 3658 4549 γρηγορεῖν
3707 4483 3807 4533 καὶ¹

560 4562 731 4616 sobrii
770 4562 910 4625 sitis,
964 4562 1189 4617 utvirili
1221 4580 1285 4616 ac
1328 4562 1453 4615 forti
1514 4562 1698 4616 animo
1742 4563 1795 4617 in
1848 4563 2130 4631 proposito

561 4657 861 4711 certamine
892 4666 1005 4711 tum
1036 4656 1406 4726 intelligibilis,
1444 4666 1555 4709 tum
1602 4656 1883 4711 sensibilis
1943 4671 2129 4725 perse—

558 4749 820 4805 cutionis.
850 4747 955 4814 Qui
984 4748 1129 4803 enim
1172 4749 1469 4803 secundum
1510 4747 1682 4801 Deum
1715 4747 1870 4812 vivit,
1918 4762 2132 4817 semper

558 4841 766 4909 patitur
804 4840 1237 4909 persecutionem
1300 4839 1370 4893 ab
1432 4839 1693 4892 invisibili
1736 4850 2013 4899 vexatore,
2069 4848 2130 4891 ut

559 4940 811 4985 teneatur
829 4930 1034 5000 peccati
1054 4930 1286 4997 laqueo:
1314 4945 1545 4999 quem,o
1572 4931 1779 4984 strenui
1801 4930 1998 4983 Christi
2028 4930 2130 4982 mi-

560 5023 708 5085 lites,
737 5022 1035 5093 fugiamus.
1068 5022 1199 5087 Quae
1250 5006 1413 5090 porro
1449 5021 1589 5092 fuga:
1622 5024 1761 5076 ratio
1790 5020 2134 5090 cstiNempe

561 5113 609 5167 si
629 5113 733 5167 sub
764 5113 967 5181 potenti
1001 5128 1164 5166 manu
1209 5110 1301 5166 Dei
1348 5112 1542 5177 simus,
1566 5114 1619 5165 in
1655 5114 1910 5166 omnibus
1942 5114 1992 5165 ei
2022 5113 2135 5182 pla-

562 5210 768 5255 (sentes.
820 5202 871 5255 Id
900 5216 1028 5256 vero
1066 5203 1500 5271 consequemini,
1550 5204 1741 5258 sinon
1793 5219 1859 5258 ex
1908 5205 2131 5273 proprio

561 5294 824 5346 arbitratu
850 5293 944 5348 sed
988 5308 1054 5348 ex
1106 5294 1382 5349 communi
1416 5295 1534 5364 lege
1585 5295 1812 5349 vivatis:
1865 5296 2125 5350 habentes

560 5386 810 5441 videlicet
835 5386 1052 5439 fratrem
1074 5387 1329 5456 prraim
1360 5387 1413 5440 in
1432 5387 1704 5456 praepositi
1726 5388 1919 5449 vicem,
1935 5402 2125 5456 quem-

561 5476 851 5531 admodum
882 5487 939 5531 et
982 5478 1071 5531 ille
1099 5478 1399 5543 consensit,
1429 5488 1483 5533 et
1521 5493 1621 5533 nos
1660 5478 1865 5533 assensi
1911 5495 2121 5544 sumus,

560 5574 614 5620 et
643 5580 857 5636 tempus
889 5584 952 5623 ac
998 5569 1137 5622 ratio
1172 5570 1467 5638 postulant.
1497 5568 1617 5623 Sint
1658 5570 1845 5623 omnia
1880 5584 2127 5641 commu-

562 5658 650 5711 nia
680 5678 692 5712 :
721 5674 899 5713 meum
920 5674 983 5713 ac
1006 5668 1159 5713 tuum
1196 5659 1407 5715 exsulet
1440 5678 1453 5713 :
1490 5659 1728 5716 Charitas
1763 5660 2123 5732 exprimatur,

633 5820 674 5852 "
715 5816 889 5874 Galat.
927 5837 1003 5890 tu,
1027 5820 1097 5875 28
1128 5839 1141 5886 ;
1173 5821 1384 5894 Coloss;
1409 5837 1485 5887 ιιι,
1516 5820 1604 5874 Il.

2226 4565 2437 4633 νήφειν,
2472 4564 2815 4633 ἀνδρίζεσθαι
2884 4569 2976 4620 καὶ
3007 4568 3400 4637 κραταιοῦσθαι
3451 4573 3508 4622 ἐν
3558 4570 3637 4639 τῷ
3672 4589 3810 4643 προ-

2230 4658 2467 4726 κειμένῳ
2540 4658 2709 4724 ἀγῶνι
2784 4658 2878 4711 τοῦ
2970 4677 3029 4712 τε
3119 4662 3313 4730 νοητοῦ
3380 4665 3474 4716 καὶ
3535 4664 3806 4733 αἰσθητοῦ

2228 4748 2493 4819 διωγμοῦ.
2554 4750 2847 4803 Δεδίωκται
2910 4751 3017 4822 γάρ
3080 4754 3168 4811 ἀεὶ
3220 4756 3247 4807 ό
3298 4756 3439 4807 κατὰ
3490 4755 3621 4808 Θεὸν
3688 4758 3808 4821 ζῶν

2231 4840 2336 4893 ὑπὸ
2386 4840 2480 4893 τοῦ
2535 4843 2767 4911 ἀοράτου
2832 4842 3059 4897 διώκτου
3120 4846 3199 4907 εἰς
3246 4846 3546 4916 κατάληψιν
3617 4850 3810 4919 ἁμαρ-

2229 4932 2377 4993 τίαςο
2422 4931 2479 4985 δν
2528 4933 2785 5002 φύγωμεν
2851 4937 3088 5002 γενναῖοι
3151 4937 3479 5006 στρατιῶται
3534 4939 3805 5009 Χριστοῦ.

2232 5023 2357 5086 Πεῦς
2404 5023 2461 5075 δὲ
2499 5022 2618 5075 ἔστι
2648 5027 2879 5092 φυγεῖν;
2940 5025 3029 5094 Τῷ
3063 5024 3167 5076 ὑπὸ
3198 5026 3296 5093 τὴν
3342 5027 3606 5095 κραταιὰν
3640 5033 3809 5098 χεῖρα

2230 5115 2323 5167 τοῦ
2384 5116 2519 5169 Θεοῦ
2584 5117 2882 5185 γενέσθαι,
2929 5118 3017 5170 διὰ
3082 5119 3178 5187 τῆς
3243 5121 3322 5183 εἰς
3387 5119 3530 5173 ἅπαν
3602 5122 3810 5191 εὐαρε-

2234 5207 2479 5275 στήσεως
2504 5206 2690 5259 αὐτοῦ.
2752 5208 2946 5261 Ἔσται
2981 5207 3037 5260 δὲ
3084 5209 3271 5285 τοῦτο,
3310 5210 3406 5263 ἐὰν
3451 5210 3526 5279 μὴ
3582 5211 3811 5265 [6:060:3-

2232 5296 2361 5359 λως,
2418 5297 2552 5349 ἀλλὰ
2610 5298 2967 5362 κοινοϐιακῶς
2996 5298 3198 5371 ζήσητε
3226 5318 3239 5330 ο
3286 5300 3529 5371 δηλονότι
3580 5302 3809 5372 ἔχοντες

2231 5384 2324 5437 τὸν
2384 5385 2614 5452 ἀδελςιδν
2684 5385 2922 5458 Ἐφραῖμ
2992 5388 3532 5458 προκαθηγούμενον,
3612 5392 3811 5456 καθὼς

2234 5477 2484 5539 κάκεῖνος
2540 5476 2712 5543 εἴασε,
2773 5482 2869 5531 καὶ
2921 5482 3081 5549 ἡμεῖς
3138 5480 3587 5551 συνευδοκοῦμεν,
3637 5485 3735 5537 καὶ
3776 5488 3809 5539 ὁ

2234 5565 2424 5635 χρόνος
2479 5568 2571 5619 καὶ
2618 5569 2644 5619 6
2681 5567 2882 5637 τρόπος
2937 5570 3217 5638 ἀπαιτοίη.
3279 5570 3562 5625 Ἔστωσαν
3619 5575 3809 5627 πάντα

2234 5650 2409 5725 κοξνά,
2442 5657 2503 5711 τὸ
2536 5657 2671 5728 ἐμὸν
2698 5659 2792 5711 καὶ
2821 5658 2913 5711 σὺν
2941 5658 3270 5731 ὲξοριζὲσθω
3290 5679 3303 5694 ο
3343 5663 3377 5733 ἡ
3407 5662 3595 5733 ἀγάπη
3621 5658 3810 5736 χαρα-
