3934 6530
255 492 366 554 1429
1377 481 1775 542 EPISTULAI

1881 481 1916 539 ti
1994 481 2141 539 LlB.
2184 479 2267 539 ΙΙ.
3222 493 3226 499 ‘
3285 468 3423 532 1430

253 601 542 675 κτηριζέτω”
583 600 616 667 ἡ
670 596 885 666 ὑπακοὴ
935 593 1270 664 φυλαττέτω.
1305 595 1449 647 Καί·
1487 597 1554 647 Ei
1586 593 1768 646 ταῦτα

1881 590 2178 644 obedientia
2233 596 2497 642 servetur.
2531 587 2630 639 Et:
2664 586 2721 640 Si
2771 588 2880 640 [nec
2901 586 3074 649 scitis,
3113 584 3250 638 beati
3276 587 3426 645 estis,

249 698 430 760 οἴδατε,
449 689 716 763 μακάριοί
739 689 899 750 ἐστε,
938 689 1124 754 φησὶν,
1152 686 1262 740 ἐὰν
1311 685 1519 754 ποιῆτε
1552 683 1718 738 αὑτά.

1885 682 2055 750 nquit,
2075 683 2121 734 si
2153 679 2381 748 feceritis
2415 694 2477 730 ea
2497 677 2559 730 ⁸³.

357 803 484 861 PAA'
502 798 1066 876 (25).-Et‘)5ppoat§rn
1088 794 1411 865 ἡγουμένῃ.
1438 793 1632 866 [χπθ’.]

1388 905 1576 952 Rursus
1601 904 1662 951 dc
1695 900 1852 964 ipsius
1889 900 2243 964 matrisgobitu.

309 1003 367 1058 Ἦ
393 1003 564 1074 μνήμη
593 1001 694 1067 τῆς
727 997 1000 1069 μακαρίας
1035 995 1267 1065 μητρὸς,
1327 991 1419 1044 σοῦ
1457 991 1556 1060 μὲν
1582 992 1759 1059 ἀμφε-

1933 988 2191 1041 Memoria
2225 987 2403 1043 beata:
2423 985 2635 1049 matris,
2690 975 2796 1036 ture
2839 982 3059 1051 quidem
3107 997 3337 1051 corpore
3369 997 3434 1038 ac

244 1071 612 1168 τέρωθεν,ὲμοῦ
648 1091 706 1144 δὲ
754 1089 894 1142 κατὰ
943 1088 1184 1156 πνεῦμα,
1241 1085 1432 1156 θαρρῶ
1472 1084 1529 1136 δὲ
1584 1084 1759 1134 εἰπεῖν

1881 1081 2081 1150 ιρὶι·ἱιυ,
2120 1092 2232 1132 tum
2284 1093 2415 1132 vero
2444 1092 2574 1130 mea;
2617 1072 2917 1129 secundum
2945 1071 3221 1140 spiritum,
3254 1074 3430 1127 ausim

245 1166 321 1242 καὶ
366 1183 556 1239 πολλῶν
609 1182 822 1237 ἄλλων·
872 1180 1103 1248 ἐπείπερ
1161 1176 1431 1246 σεϐασμία
1475 1177 1508 1245 ἡ
1558 1173 1758 1243 κυρία·

1881 1174 2044 1225 licere
2069 1180 2122 1223 et
2151 1169 2512 1239 complurium
2545 1167 2802 1227 aliorum,
2835 1166 3093 1233 quoniam
3137 1175 3323 1219 sancta
3349 1177 3434 1220 est

242 1274 574 1349 προὺτρέψατό
627 1291 692 1342 με
751 1271 939 1340 ὥσπερ
994 1268 1100 1322 ὑπ’
1146 1269 1361 1338 έκείνης
1412 1267 1759 1334 νυττόμενον,

1881 1279 1927 1317 ιο
1970 1263 2254 1332 praecipuae
2308 1258 2672 1313 venerationis
2737 1257 2956 1310 domina
2990 1272 3005 1322 ;
3036 1325 3038 1327 ν
3068 1257 3282 1324 impulit
3326 1273 3433 1317 me,

243 1348 665 1437 προσφθέγξεσθαί
711 1381 792 1426 σε,
839 1361 1042 1430 ἀδελφὴ
1083 1363 1138 1413 ὲν
1167 1360 1377 1430 Κυρίῳ,
1413 1357 1616 1430 βραχέα
1638 1357 1760 1409 τινὰ

1881 1354 2124 1424 anqnam
2157 1362 2329 1406 matre
2361 1351 2476 1420 ipsa
2507 1349 2821 1417 instigante,
2854 1357 2914 1403 ut
2945 1357 3018 1412 te,
3044 1363 3200 1402 soror
3243 1351 3296 1401 in
3332 1348 3437 1400 Do-

240 1463 316 1514 καὶ
343 1462 512 1515 τανῦν.
547 1459 682 1511 Τίνα
717 1458 775 1510 δὲ
803 1456 1009 1519 ταῦτα;
1040 1454 1157 1506 Ἵνα
1211 1453 1454 1524 ἀγωνίζῃ
1484 1452 1574 1503 τὸν
1597 1450 1760 1501 καλὸν

1881 1445 2037 1509 nino,
2085 1443 2275 1513 paucis
2311 1443 2492 1496 verbis
2527 1441 2580 1494 in
2628 1442 2882 1510 praesenti
2913 1439 3244 1508 alloquerer.
3303 1441 3436 1504 Quae

240 1553 398 1619 ἀγῶνα
427 1553 521 1620 τῆς
553 1551 871 1619 ἀσκήσεως,
922 1549 1000 1610 είς
1027 1547 1091 1616 ἣν
1122 1544 1388 1614 ἐκλήθης,
1431 1542 1524 1595 καὶ
1557 1539 1763 1606 ὡμολό-

1881 1534 2102 1588 suntilla
2125 1536 2336 1603 porro':
2366 1532 2435 1588 Ut
2471 1532 2671 1586 bonum
2706 1541 2982 1586 certamen
3033 1539 3211 1586 certes
3250 1547 3439 1584 mona-

238 1660 383 1712 γησας
412 1643 500 1712 τὴν
522 1641 694 1710 καλὴν
725 1641 1014 1707 ὁμολογίαν
1047 1638 1279 1690 ἐνώπιον
1313 1633 1521 1688 πολλῶν
1555 1634 1763 1702 μαρτύ-

1881 1627 2013 1680 ιιίοεεε
2040 1625 2163 1679 vita:
2187 1625 2254 1681 ad
2286 1639 2449 1693 quam
2498 1634 2684 1678 vocata
2715 1637 2795 1686 es,
2850 1633 2902 1677 et
2930 1623 3181 1676 confessa
3236 1622 3439 1676 bonam

242 1750 347 1801 ρων.
378 1731 488 1793 Πῶς
517 1732 572 1784 δὲ
605 1730 754 1782 ἔστιν
792 1727 1163 1796 ἀγωνίσασθαι
1191 1742 1204 1787 ;
1259 1723 1352 1776 Ἐκ
1384 1721 1478 1773 τοῦ
1505 1720 1646 1788 ἔχειν
1673 1717 1763 1768 τὸν

1881 1716 2256 1771 :onfessionem
2293 1729 2474 1769 coram
2516 1714 2702 1768 multis
2743 1714 2972 1768 testibus
3004 1713 3067 1769 “.
3103 1711 3221 1779 Qua
3256 1723 3436 1768 autem

237 1793 374 1889 (τόϐον
396 1821 484 1875 τοῦ
505 1822 637 1875 Θεοῦ
670 1824 726 1874 ὲν
759 1793 1081 1889 τῇὝκαρδία.
1143 1808 1216 1868 Οῦ
1264 1815 1373 1885 γὰρ
1413 1811 1599 1879 φόϐος,
1645 1810 1761 1860 ἐκεῖ

1881 1809 2071 1862 'atione
2105 1807 2467 1862 certandum?
2500 1807 2555 1862 Si
2596 1805 2687 1860 Dei
2715 1807 2962 1860 timorem
2995 1806 3217 1861 insitum
3246 1807 3297 1860 in
3323 1807 3441 1859 ani-

237 1913 432 1965 ἐντολῶν
488 1916 739 1984 τήρησις.
789 1910 885 1963 Ἐκ
923 1908 1018 1960 τοῦ
1081 1907 1312 1976 μελετᾷν
1362 1903 1453 1955 τὸν
1511 1902 1760 1954 θάνατον.

1881 1917 1954 1955 no
1981 1901 2257 1955 habueris.
2292 1900 2429 1954 Nam
2471 1901 2564 1956 ubi
2596 1902 2778 1966 timor,
2815 1901 2888 1955 ibi
2923 1901 3232 1954 observatio
3281 1914 3439 1954 man-

239 2004 381 2057 Ἐνθα
428 2006 532 2073 γὰρ
568 2003 766 2074 μελέτη
825 2001 1077 2063 θανάτου,
1135 1997 1326 2049 παθῶν
1385 1993 1761 2063 ἀλλοτρίωσις.

1881 1995 2138 2048 latorum.
2168 1993 2224 2048 Si
2253 2004 2480 2048 mortem
2503 1992 2797 2047 mediteris.
2820 1992 2923 2047 Ubi
2949 1993 3091 2047 enim
3117 1992 3308 2047 mortis
3326 2007 3441 2046 me-

245 2096 323 2146 Ἐκ
351 2095 439 2146 τοῦ
472 2095 743 2163 μεριμνᾷν
770 2093 868 2150 τὴν
901 2091 1007 2143 ἀπὸ
1034 2085 1128 2141 τοῦ
1181 2086 1436 2156 σώματος
1463 2083 1759 2148 διάζευξιν,

1881 2085 2075 2148 litatio,
2110 2084 2184 2138 ibi
2212 2099 2241 2137 a
2271 2083 2418 2138 vitiis
2462 2082 2720 2136 alienatio
2741 2090 2850 2137 est.
2897 2081 2954 2135 Si
3005 2093 3182 2136 tecum
3216 2090 3440 2150 reputes

233 2186 314 2254 τὴν
341 2187 426 2238 ἐπὶ
451 2186 623 2255 ταύτῃ
652 2183 947 2250 ἀγγελικὴν
992 2180 1342 2242 ἐπιστασίαν,
1395 2179 1496 2246 τὴν
1539 2179 1765 2241 ἀπαγω-

1881 2175 2032 2229 mimi
2066 2175 2459 2243 sejunctionem
2485 2190 2516 2227 a
2545 2187 2794 2241 corpore,
2825 2174 2913 2226 cui
2945 2172 3270 2241 sejunctioni
3304 2175 3441 2241 prae-

236 2278 323 2344 γὴν
347 2278 439 2345 τῆς
478 2278 658 2347 ψυχῆς
686 2273 824 2344 πρὸς
861 2272 931 2324 τὰ
981 2271 1233 2343 οὐράνια.
1271 2269 1396 2332 Πῶς
1433 2270 1540 2338 ἄρα
1570 2266 1765 2319 διέλθοι

1881 2267 1970 2319 erit
1998 2265 2262 2333 angelus;
2294 2264 2676 2319 abductionem
2711 2263 2904 2318 deinde
2937 2264 3134 2316 anima:
3182 2262 3237 2316 in
3275 2264 3442 2317 coale-

233 2369 310 2420 τὸν
343 2369 571 2438 ἄρχοντα
625 2366 720 2418 τοῦ
782 2365 911 2434 τῇδε
961 2365 1179 2427 αἰῶνος,
1229 2362 1571 2432 πειρώμενον
1632 2359 1766 2429 πρὸς

1881 2366 2004 2411 stem
2039 2356 2275 2427 plagam.
2331 2354 2796 2421 Quemadmodum
2848 2354 3070 2424 effugiat
3122 2354 3309 2423 utique
3335 2355 3442 2409 hu-

236 2457 399 2509 ἑαυτὸν
443 2458 538 2526 τὴν
592 2453 850 2508 ἀνιοῦσαν
893 2453 1072 2524 ψυχὴν
1117 2453 1548 2515 ἐπισπάσασθαι,
1607 2451 1766 2518 εἴπερ

1892 2465 1954 2503 us
1977 2450 2164 2503 saeculi
2198 2449 2500 2519 principem
2523 2461 2813 2505 conantem
2839 2450 3094 2504 videlicet
3123 2450 3439 2518 pertrahere

236 2546 320 2598 ίδοι
352 2546 513 2616 αὐτὴν
567 2545 1006 2616 κατεστιγμένην
1041 2548 1154 2606 τοῖς
1203 2543 1436 2597 πάθεσιν
1464 2557 1476 2570 ·
1511 2538 1632 2594 εἶτα
1663 2539 1765 2592 ποῦ

1881 2543 1934 2596 ιιι
1983 2557 2042 2597 se
2087 2543 2392 2597 evolantem
2447 2543 2712 2607 animam,
2769 2541 3038 2612 siquidem
3082 2541 3278 2596 viderit
3321 2556 3442 2595 eam

233 2635 314 2705 τὴν
333 2637 771 2690 ἀποκατάστασιν
793 2636 949 2689 λάὸοι
975 2636 1137 2705 μέχρι
1161 2633 1356 2704 καιροῦ
1377 2635 1728 2693 ἀναστάσεως
1748 2646 1762 2661 ⁶

1881 2634 2015 2688 vitiis
2041 2643 2303 2704 tanquam
2336 2634 2566 2689 maculis
2608 2634 2886 2688 inustam:
2925 2633 3122 2688 deinde
3170 2631 3262 2688 ubi
3316 2634 3443 2687 sub-

233 2727 371 2792 ἡνίκα
395 2726 454 2778 τὸ
479 2726 717 2794 συζυγὲς
741 2726 900 2794 σῶμα
941 2725 1170 2794 ὲνωθείη
1223 2723 1366 2777 κατὰ
1397 2723 1498 2792 τὴν
1529 2723 1766 2793 ἄρρητον

1881 2726 2078 2782 sidendi
2103 2727 2280 2781 locum
2310 2728 2540 2796 accipiat
2566 2742 2737 2796 usque
2767 2725 2834 2779 ad
2863 2726 3278 2779 resurrectionis
3303 2733 3441 2779 tctu-

232 2816 309 2869 τοῦ
335 2817 459 2871 Θεοῦ
489 2819 742 2889 δύναμιν.
768 2818 878 2882 Καὶ
903 2817 1057 2870 οὔπω
1081 2816 1223 2883 λέγω
1252 2815 1349 2884 τὴν
1377 2813 1576 2884 μικρὸν
1609 2811 1768 2863 ὓστε-

1881 2833 1992 2886 pus,
2044 2831 2167 2871 cum
2203 2818 2413 2872 socium
2444 2832 2644 2886 corpus
2693 2816 3020 2885 adjungetur
3083 2816 3442 2870 inenarrabili

2078 789 2361 848 CXXXIV.
2403 820 2472 829 —
2500 789 2855 860 Euphrosth
2887 788 3219 858 pra'positae.

234 2925 310 2977 ρον
355 2910 642 2963 ὲπέλευσιν
687 2909 780 2962 τοῦ
808 2908 1043 2978 νυμφίου
1073 2905 1334 2977 Χριστοῦ,
1383 2904 1483 2958 ἀπ’
1511 2901 1768 2971 οὐρανοῦ

229 2999 334 3065 μετ’
363 3001 632 3070 ἀγγέλων
664 3000 972 3068 δυνάμεως
1023 2998 1209 3051 αὐτοῦ
1234 3014 1247 3026 ·
1278 2998 1377 3066 τήν
1412 3013 1471 3048 τε
1527 2997 1607 3058 εἰς
1635 2995 1770 3064 ἀέρα

1870 2908 1964 2962 Dei
2019 2908 2240 2964 virtute.
2300 2907 2542 2963 Necdum
2607 2921 2985 2963 commemoro
3035 2922 3164 2961 mox
3194 2907 3441 2962 futurum

1869 2999 2070 3054 Christi
2097 2999 2283 3069 sponsi
2310 3000 2601 3054 adventum
2634 3000 2696 3052 de
2739 2999 2866 3052 caelo
2901 3015 3021 3051 cum
3049 2999 3250 3067 angelis
3277 2999 3446 3051 virtu-

229 3087 459 3158 ἁρπαγὴν
485 3091 596 3142 τῶν
652 3089 916 3156 θεοφιλῶν
965 3086 1153 3156 ψυχῶν
1183 3101 1198 3117 ο
1230 3081 1611 3166 καὶιτὴν-ὁμοῦ
1659 3081 1766 3133 πά-

1881 3093 1938 3146 tis
1981 3093 2094 3159 ejus
2121 3092 2187 3155 “,
2213 3101 2583 3159 acceptarum
2638 3089 2744 3144 Deo
2789 3091 3094 3144 animarum
3130 3098 3343 3158 raptum
3388 3089 3446 3143 in

233 3194 315 3246 σης
340 3179 433 3246 τῆς
458 3183 695 3242 κτίσεως
738 3179 1063 3248 συναγωγὴν
1091 3177 1196 3245 πρὸ
1227 3174 1524 3244 προσώπου
1546 3172 1640 3226 τοῦ
1671 3189 1767 3240 φο-

233 3266 371 3337 ϐεροῦ
397 3270 643 3341 βήματος
675 3284 689 3299 ⁶
735 3265 858 3322 εἶτα
894 3267 991 3338 τὴν
1035 3267 1311 3333 ἀπόφασιν
1347 3263 1627 3342 ἑκατέρων
1664 3261 1773 3312 τῶν

232 3364 634 3431 παρισταμένων
693 3361 912 3430 μερῶνο
969 3361 1099 3420 τοὺς
1138 3359 1237 3429 μὲν
1287 3356 1534 3417 δικαίους
1570 3352 1771 3406 καλοῦ-

233 3467 316 3503 σαν
357 3455 432 3515 είς
468 3453 753 3523 βασιλείαν
816 3451 1066 3522 οὐρανῶν
1092 3465 1106 3479 ·
1153 3451 1280 3510 τοὺς
1322 3449 1380 3500 δὲ
1410 3445 1772 3517 ἁμαρτωλοὺς

233 3542 645 3613 ἁποπέμπουσαν
699 3546 778 3606 εἰς
826 3546 886 3596 τὸ
923 3542 1032 3611 πῦρ
1081 3542 1144 3593 τὸ
1198 3539 1482 3611 ἐξώτερον.
1519 3539 1773 3608 Τοίνυνή

232 3634 381 3688 ταῦτα
427 3635 690 3690 ἐννοοῦσα
721 3633 1058 3704 εὐαισθήτως
1108 3632 1276 3702 ψυχὴ,
1340 3633 1554 3703 τρέμει,
1605 3630 1773 3699 δεδιᾷ,

233 3730 650 3795 κατανύσσεται,
723 3730 972 3796 δακρύει,
1057 3727 1401 3795 καθαίρεται,
1460 3725 1774 3792 φωτίζεται,

234 3815 538 3893 ἐξισταμένη
570 3823 677 3874 τῶν
713 3823 840 3893 τῇδε
872 3823 1117 3891 σχέσεων
1141 3837 1156 3852 ο
1194 3819 1553 3888 ἀλλοιουμένη
1592 3835 1650 3869 τε
1680 3817 1778 3886 τὴν

232 3910 381 3980 καλὴν
418 3914 731 3977 ἀλλοίωσιν,
782 3913 880 3967 καὶ
933 3912 1069 3981 πρὸς
1114 3911 1247 3963 Θεὸν
1307 3911 1690 3980 ἀνατρέχουσα
1719 3911 1778 3960 ὲν

232 4005 358 4075 χαρᾷ
387 4010 734 4077 πνευματικῇ
783 4006 879 4059 καὶ
914 4006 1138 4077 ἁρῤήτῳ
1185 4003 1421 4074 θυμηδία
1458 4019 1471 4031 ’
1534 4003 1592 4065 ὃς
1641 4003 1779 4054 ἁπο-

235 4094 543 4162 στρέφεσθαι
601 4096 698 4166 μὲν
759 4096 854 4148 καὶ
896 4095 1047 4163 ἦλιον
1101 4094 1254 4163 ὁρᾷν,
1317 4091 1561 4144 καὶτῶν
1606 4091 1778 4143 ἄλλων

233 4184 383 4251 ἡδέων
404 4187 500 4241 τοῦ
531 4187 803 4257 παρόντος
831 4186 969 4255 βίου,
1003 4184 1094 4237 διὰ
1129 4187 1227 4255 τὴν
1275 4184 1654 4254 ὑπερνικῶσαν
1684 4181 1778 4235 τοῦ

231 4276 377 4330 καλοῦ
414 4279 672 4351 θεωρίαν;
731 4278 918 4339 Οὕτως
947 4277 1066 4328 ἐστι
1090 4278 1182 4330 τὸν
1218 4276 1381 4330 καλὸν
1421 4276 1605 4344 ἀγῶνα
1636 4277 1779 4341 ἀγω-

232 4368 493 4436 νίζεσθαι,
552 4372 884 4440 τιμιωτάτη.
937 4367 1141 4421 Τοῦτον
1211 4369 1274 4440 δὴ
1320 4368 1709 4438 ἀγωνισαμένη
1745 4371 1777 4436 ἡ

1873 3187 2101 3251 malum,
2146 3201 2208 3253 ac
2265 3186 2425 3240 simul
2481 3173 2967 3239 omnis-creatura:
2996 3187 3443 3240 convocationem

1874 3289 2056 3328 coram
2128 3273 2402 3326 horrendo
2476 3272 2779 3326 tribunali:
2828 3272 3025 3326 deinde
3086 3271 3153 3327 de
3216 3281 3486 3342 utraque

1873 3373 2026 3433 parte
2054 3380 2174 3433 qua:
2222 3379 2463 3433 prtesens
2491 3363 2667 3418 aderit
2715 3365 3065 3429 sententiam,
3119 3365 3447 3434 quiejustos

1874 3456 2091 3525 quidem
2139 3471 2194 3509 tn
2249 3472 2476 3523 regnum
2534 3457 2798 3511 ccelorum
2867 3455 3080 3519 invitet,
3135 3465 3448 3525 peccatores

1875 3556 2054 3599 autem
2097 3547 2148 3599 in
2176 3546 2496 3601 exteriorem
2532 3546 2710 3616 ignem
2738 3546 2969 3614 ableget.
3008 3544 3134 3600 “tBC
3163 3546 3328 3615 igitur
3355 3563 3448 3600 se-

1875 3653 1998 3692 cum
2051 3638 2267 3692 animus
2317 3639 2506 3693 sedulo
2547 3650 2827 3707 reputans,
2869 3647 3049 3708 pavet,
3087 3640 3260 3704 timet,
3302 3638 3450 3693 dedit

1877 3746 1935 3785 se
1960 3731 2214 3799 lacrymis
2241 3746 2359 3784 cum
2389 3731 2581 3784 intimo
2602 3731 2804 3786 doloris
2824 3745 2888 3785 ex
2923 3746 3067 3785 noxa
3104 3747 3292 3797 sensu,
3319 3747 3450 3801 pur-

1877 3832 2053 3892 gatur,
2094 3823 2456 3886 illuminatur,
2489 3823 2654 3893 hujus
2708 3824 2834 3878 vita:
2864 3823 3149 3879 atl‘ectibus
3205 3826 3446 3892 exuitur,

1878 3913 1930 3965 in
1957 3913 2235 3981 egregium
2264 3922 2463 3967 statum
2513 3914 2857 3979 immutatus,
2897 3923 2950 3969 et
3000 3915 3068 3969 ad
3118 3914 3287 3970 Deum
3318 3931 3449 3971 evo-

1878 4005 1996 4059 lans
2025 4004 2078 4057 in
2112 4005 2295 4058 hetitia
2327 4006 2584 4074 spiritali,
2614 4015 2669 4061 et
2719 4007 3074 4061 inenarrabili
3126 4008 3444 4064 alacritate:

1879 4097 1950 4150 ita
1985 4107 2047 4150 ut
2076 4097 2157 4150 vel
2197 4097 2395 4150 intueri
2431 4098 2623 4156 solem,
2654 4098 2736 4151 vel
2768 4100 3052 4167 praesentis
3079 4099 3447 4154 vitae-deliciis

1879 4187 1985 4242 frui
2021 4189 2233 4251 taedeat,
2294 4190 2363 4242 ob
2395 4188 2822 4257 prmstantiorem
2873 4190 3084 4245 honesti
3116 4193 3449 4261 contempla-

1879 4281 2102 4334 tionem.
2147 4281 2242 4334 Est
2292 4282 2344 4334 id
2380 4281 2583 4334 bonum
2617 4289 2892 4336 certamen
2958 4291 3191 4348 certare,
3226 4299 3258 4339 ο
3292 4299 3447 4340 reve-

1880 4374 2230 4428 rendisslma.
2259 4372 2374 4427 l'lac
2403 4373 2568 4442 igitur
2608 4388 2731 4427 cum
2760 4372 2974 4443 egregia
3008 4383 3100 4427 tua
3134 4385 3307 4429 mater
3336 4391 3449 4430 cer-

230 4460 349 4531 καλή
371 4480 463 4516 σου
499 4465 708 4534 μήτηρ,
739 4461 1006 4531 ἐκολλήοη
1035 4460 1173 4530 Θεῷ,
1204 4463 1300 4515 καὶ
1331 4461 1539 4532 μετέϐη
1560 4463 1774 4515 ἐπαινε-

1881 4465 2094 4529 laverit,
2123 4464 2233 4519 Deo
2264 4464 2516 4533 copulata
2543 4472 2651 4529 est,
2674 4473 2727 4518 et
2755 4479 2819 4518 ex
2855 4463 2958 4518 hac
3007 4466 3118 4520 vita
3143 4482 3264 4521 cum
3289 4467 3448 4522 laude

229 4549 322 4613 τῶς
348 4554 455 4606 τῶν
485 4555 722 4608 ἐνθένδε.

300 4641 672 4712 Ἐπειχθῶμεν
728 4640 824 4696 οῦν
880 4643 974 4696 καὶ
1025 4644 1209 4712 ἡμεῖς,
1275 4643 1603 4714 παρακαλῶ,
1665 4645 1780 4705 τοῖς

230 4727 426 4804 ἐκείνης
461 4735 667 4803 ἴχνεσιν
698 4734 960 4786 ἔπεσθαιο
1003 4737 1098 4786 καὶ
1140 4736 1266 4804 μήτ’
1299 4735 1611 4805 ίλιγγιάσῃς
1643 4735 1779 4802 πρὸς

228 4820 277 4870 τὸ
297 4821 424 4890 ὕψος
451 4824 560 4894 τῆς
587 4825 791 4894 ἀρετῆς
819 4824 1197 4895 ἐκκαλουμένη
1222 4843 1235 4856 ’
1290 4828 1349 4879 τὸ
1377 4828 1476 4896 μὲν
1506 4829 1587 4879 ὅτι
1617 4828 1776 4897 χάρι-

230 4925 275 4959 τι
310 4912 441 4965 Θεοῦ
484 4915 582 4968 καὶ
614 4913 919 4987 συνεπαίρῃ
945 4919 1067 4978 ταῖς
1095 4916 1291 4980 καλαῖς
1335 4917 1686 4980 ἀναϐάσεσιν,
1719 4916 1776 4981 ἐξ

230 4992 293 5049 ὧν
326 5003 510 5058 ἀκούω
557 4999 616 5057 εῦ
657 5006 917 5075 πράττειν
972 5023 1030 5057 σε
1059 5025 1071 5037 ο
1121 5006 1180 5060 τὸ
1221 5008 1276 5060 δὲ
1313 5009 1397 5060 ὄτι
1427 5003 1486 5061 οῦ
1515 5007 1575 5059 τὸ
1605 5007 1774 5060 θέλειν

233 5092 497 5161 πάρεστιν,
559 5097 677 5148 ἐκεῖ
707 5097 846 5149 κατὰ
880 5098 1072 5166 μικρὸν
1118 5099 1213 5153 καὶ
1242 5100 1274 5169 ἡ
1305 5099 1581 5162 τελείωσις
1613 5116 1778 5168 προσ-

227 5185 418 5246 γίνεται
447 5230 463 5254 ,
529 5189 624 5242 τοῦ
662 5189 798 5242 Θεοῦ
830 5190 1216 5260 δυναμοῦντος,
1248 5193 1340 5244 καὶ
1372 5191 1655 5259 φιλοῦντος
1682 5190 1780 5260 τὴν

231 5280 486 5348 σωτηρίαν
532 5281 626 5334 τοῦ
660 5280 834 5344 οὕτως
890 5283 1351 5352 προαιρουμένου.
1392 5283 1546 5352 Τάχα
1591 5282 1776 5352 δὲτὴν

228 5373 553 5433 προστασίαν
581 5373 691 5426 τῶν
721 5374 968 5442 ἀδελφῶν
992 5375 1249 5444 ἐμπόδιον
1273 5375 1453 5445 ἡγήσῃ
1480 5374 1577 5442 τῆς
1592 5373 1778 5427 τοιαύ’

228 5469 310 5522 της
342 5463 680 5533 προθέσεως,
733 5466 1199 5536 προσόαρουμὲνη
1252 5468 1319 5535 τῇ
1373 5465 1568 5534 ὁδηγία
1596 5481 1610 5495 ·
1640 5464 1779 5517 ἀλλά

227 5548 501 5621 μηδαμῶς,
526 5549 569 5608 ὦ
593 5555 779 5624 κυρία.
811 5557 975 5609 Οὐδὲν
1004 5557 1111 5627 γὰρ
1134 5556 1304 5619 οὕτως
1325 5557 1609 5626 ἀγαπητὸν
1639 5555 1778 5624 Θεῷ,

287 5684 506 5745 uJoan.
542 5710 657 5758 xm,
699 5695 791 5749 17.
871 5695 915 5725 ¹”
951 5695 968 5748 l
999 5695 1140 5751 Tim.
1178 5697 1252 5763 vt,
1301 5696 1380 5754 1‘2.

283 5867 389 5943 ('25)
421 5873 482 5930 ln
515 5876 634 5930 cod.
679 5876 809 5946 Reg.
849 5878 988 5947 ppO'.

1877 4557 2146 4628 migravit.

1953 4650 2291 4704 Festinemus
2336 4649 2500 4719 igitur
2526 4660 2580 4704 et
2612 4665 2734 4712 nos,
2777 4651 3029 4713 obsecro,
3073 4650 3321 4720 ejusdem
3353 4668 3443 4706 ve—

1879 4742 2056 4812 stigiis
2091 4741 2364 4795 insistere.
2399 4740 2476 4794 Ne
2517 4758 2647 4797 vero
2697 4743 3074 4812 obstupescas.
3129 4745 3194 4797 ad
3231 4744 3446 4798 virtutis

1877 4834 2156 4906 fastigium
2193 4836 2421 4888 invitata
2451 4851 2465 4886 :
2495 4845 2608 4889 tum
2634 4837 2780 4906 quod
2802 4837 2892 4891 Dei
2922 4838 3183 4893 beneﬁcio
3199 4850 3252 4894 et
3277 4840 3444 4894 subli-

1879 4927 1986 4980 mis
2064 4925 2329 4980 attolleris
2375 4927 2606 4995 egregiis
2657 4929 3059 4997 progressibus,
3132 4929 3185 4982 in
3246 4929 3446 4999 quibus

1883 5023 2105 5066 Strenue
2146 5027 2260 5065 rem
2305 5026 2334 5064 a
2384 5020 2439 5066 te
2468 5015 2582 5084 geri
2618 5014 2783 5069 audio
2817 5033 2831 5069 :
2875 5024 2988 5069 tum
3025 5020 3168 5086 quod
3211 5019 3304 5072 ubi
3354 5035 3448 5073 vo-

1885 5102 2068 5157 luntas
2102 5103 2275 5168 adest,
2329 5103 2404 5157 ibi
2461 5119 2546 5159 res
2585 5105 2735 5159 brevi
2769 5121 2799 5160 e
2824 5109 3096 5162 sententia
3141 5110 3448 5175 coniicitur,

1888 5193 2000 5248 Deo
2032 5194 2448 5261 corroborante,
2494 5211 2557 5251 ac
2615 5197 2842 5252 salutem
2899 5200 3046 5253 illius
3075 5202 3164 5268 qui
3207 5203 3287 5256 sic
3319 5202 3450 5257 atl'e-

1882 5296 2004 5341 ctus
2026 5287 2387 5357 sitdiligente.
2413 5287 2576 5344 Forte
2596 5300 2774 5343 autem
2801 5304 3050 5346 sororum
3073 5277 3464 5360 praefecturam

1884 5378 2336 5447 impedimentum
2373 5395 2495 5435 esse
2526 5381 2650 5436 talis
2685 5383 2947 5451 propositi
2976 5385 3338 5446 arbitrabere,
3367 5401 3450 5440 re-

1887 5471 2045 5538 gendi
2083 5485 2215 5525 cura
2259 5481 2614 5542 praegravata.
2649 5474 2710 5528 At
2733 5489 3078 5544 nequaquam
3101 5491 3169 5539 ,ο
3207 5476 3448 5534 domina.

1888 5559 2033 5615 Nihil
2075 5562 2219 5616 enim
2276 5573 2383 5618 tam
2444 5574 2725 5634 acceptum
2787 5565 2918 5634 Deo,
2983 5584 3145 5638 quant
3201 5570 3452 5627 subditos

1465 5697 1503 5726 ”
1535 5695 1575 5750 ll
1606 5696 1797 5749 Thess.
1845 5713 1882 5760 ι,
1914 5697 1964 5751 7.

1627 5808 1857 5864 NOTAE.
