3934 6534
230 491 337 558 1433

1357 495 1904 559 EPISTOLARUM
1965 495 2114 556 LIB.
2155 495 2238 555 Il.

3280 497 3420 563 1434

220 612 564 685 προσεύχεσθαι
601 613 736 683 περὶ
761 613 793 684 ή
802 613 920 683 μῶν
943 612 1053 666 τῶν
1079 613 1424 682 ἁμαρτωλῶν
1457 612 1734 684 παρακλή-

1839 620 1898 665 υι
1927 626 2051 682 quae
2079 613 2343 668 docemus
2385 626 2502 678 ore,
2531 626 2594 666 ea
2624 627 2790 683 opere
2817 613 3080 684 perﬁcere
3109 617 3423 687 conspicia-

219 707 316 776 θητι
341 722 354 736 ·
386 706 461 758 ἵνα
487 698 557 758 ὧν
578 704 754 773 λόγων
783 704 951 775 ἐσμὲν
979 705 1312 763 διδάσκαλοι,
1345 705 1554 759 τούτων
1582 708 1734 776 ἐνερ-

1841 717 1987 771 mur,
2013 717 2079 758 ac
2111 702 2248 758 salvi
2275 701 2556 758 vobiscum
2589 703 2764 759 simus
2785 705 2840 759 in
2872 719 3044 777 regno
3073 706 3340 764 malorum

217 801 308 867 γεῖς
333 796 562 869 ὀφθῶμεν
610 798 928 870 πράκτορες
952 813 968 826 '
1005 798 1100 851 καὶ
1143 797 1410 867 σωθῶμεν
1461 797 1562 851 σὺν
1603 798 1736 868 ὑμῖν

215 893 259 944 ἐν
279 895 336 964 τῇ
367 890 602 963 βασιλείᾳ
625 890 738 944 τῶν
761 889 1034 961 οὐρανῶν.

444 1025 582 1082 PAE'
601 1026 736 1099 (26).
766 1057 832 1067 —
863 1023 1266 1095 Κατηχητική.
1302 1023 1492 1099 [χι.,α’.]

2262 1022 2526 1080 CXXXV.
2544 1055 2614 1066 —
2642 1022 2996 1082 Catecltetica.

934 1137 1145 1189 Pietatis
1177 1139 1470 1189 documenta
1503 1139 1652 1190 tradit
1675 1141 1726 1190 in
1748 1148 1990 1191 sacratum
2012 1141 2408 1204 Quadragesimte
2430 1147 2644 1204 tempus.

267 1247 368 1300 Ὅτι
389 1246 718 1318 ἐπεζήτησεν
757 1245 792 1316 ή
833 1246 1089 1315 τιμιότης
1136 1262 1232 1298 σου
1259 1245 1420 1315 λόγον
1446 1247 1728 1312 νουθεσίας

208 1340 330 1411 παρὰ
352 1340 440 1408 τῆς
476 1337 863 1399 ταπεινώσεως
911 1335 1068 1406 ἡμῶν
1094 1354 1108 1368 ·
1140 1337 1236 1390 καὶ
1280 1339 1308 1390 6
1359 1337 1516 1405 λόγος
1575 1339 1734 1409 ήμῶν

206 1429 599 1501 ἐξουθενημένος,
625 1431 719 1484 καὶ
765 1433 794 1484 6
823 1429 934 1500 βίος
965 1430 1123 1502 ήμῶν
1148 1431 1516 1502 ήμελημένος.
1545 1433 1736 1502 Ὅμως

204 1526 268 1578 ὅτι
304 1525 494 1597 ἐρῶμεν
538 1528 639 1594 τῆς
699 1527 977 1597 σωτηρίας
1017 1542 1112 1579 σου
1141 1566 1156 1590 ,
1210 1526 1400 1580 καθότι
1449 1528 1545 1579 καὶ
1592 1543 1732 1596 παρ·-

203 1615 326 1680 θὲνος
367 1611 413 1668 εἷ
456 1615 640 1687 νύμφη
708 1615 948 1689 Χριστοῦ
975 1657 990 1681 ,
1052 1617 1335 1687 κειμήλιον
1390 1618 1680 1688 ἁγιότητος
1713 1657 1728 1683 ,

205 1709 280 1762 καὶ
317 1707 479 1773 καθὼς
529 1712 595 1764 ἐκ
647 1709 1027 1779 πεποιθήσεως
1077 1708 1358 1779 ἐπιζητεῖς
1413 1709 1572 1778 ἡμῶν
1624 1710 1725 1778 τὴν

201 1798 775 1871 νουθεσίαν·ὲπιζητεῖς
814 1801 874 1855 δὲ
925 1800 1095 1871 αὐτὴν
1137 1801 1228 1854 διὰ
1249 1800 1347 1871 τὴν
1383 1801 1478 1853 ἐπὶ
1529 1799 1727 1870 θύραις

201 1891 526 1961 ἐφισταμένην
599 1891 762 1960 ἁγίαν
815 1890 1266 1962 τεσσαρακοστήν
1297 1905 1310 1918 ·
1356 1891 1450 1943 καὶ
1498 1892 1532 1960 ὴ
1593 1889 1728 1960 ἁλη-

201 1981 296 2051 θινὴ
351 1984 611 2053 παρθένος
654 1982 893 2055 Χριστοῦ
945 1984 1046 2035 οὐκ
1094 1983 1153 2034 ἐν
1223 1980 1464 2053 ἡμέραις
1517 1984 1731 2051 ἀφωρι-

201 2072 410 2140 σμέναις,
433 2073 542 2127 ἀλλ’
581 2076 639 2127 ὲν
667 2073 832 2127 παντὶ
863 2070 1060 2142 καιρῷ,
1096 2069 1193 2124 καὶ
1222 2073 1280 2123 ὲν
1312 2071 1520 2142 ἑκάστῃ
1549 2072 1732 2143 ἡμέρᾳ

198 2163 324 2232 ζητεῖ
337 2164 442 2229 πῶς
468 2165 746 2238 ἀρέσειτῷ
774 2165 962 2235 Κυρίῳ
985 2163 1080 2217 καὶ
1099 2163 1338 2235 Νυμφίῳ
1360 2164 1550 2232 αὐτῆς.
1578 2163 1733 2234 Ἔχει

198 2258 243 2310 δέ
267 2276 314 2311 τι
357 2261 569 2325 πάντως
615 2263 709 2314 καὶ
736 2263 763 2313 ὁ
814 2258 922 2312 τῶν
982 2257 1247 2328 νηστειῶν
1297 2257 1488 2328 χρόνος
1534 2257 1734 2326 ἰδίωμα

198 2346 397 2424 σπουδῆς
439 2355 695 2425 ἐναρέτου
737 2353 875 2423 πρὸς
904 2352 994 2405 τὸν
1017 2352 1138 2406 ὅλον
1179 2351 1428 2404 ἐνιαυτόν
1461 2367 1476 2380 ο
1502 2367 1730 2420 τοιγαρ-

197 2444 286 2508 οῦν,
306 2439 690 2516 ὧτιμιωτάτη,
720 2445 812 2498 τὸν
844 2445 1051 2516 συνήθη
1105 2461 1199 2499 σου
1247 2445 1452 2498 κανόνα
1484 2445 1586 2514 τῆς
1637 2445 1735 2497 ἀσ-

196 2537 377 2608 κήσεως
398 2540 643 2609 ἐνεργεῖν
673 2539 769 2591 καὶ
790 2537 916 2608 ἄρτι
948 2537 1336 2609 προθυμήθητι
1372 2552 1386 2567 ·
1420 2537 1482 2589 οὐ
1508 2538 1617 2606 γάρ
1641 2537 1735 2590 δυ-

194 2629 373 2699 νάμεθα
409 2633 684 2701 ὁροθετεῖν
709 2631 868 2686 τοῦτο
896 2632 1139 2697 κάκεῖνο,
1169 2631 1204 2701 ἢ
1239 2631 1344 2696 σοὶ,
1378 2631 1412 2701 ἢ
1438 2634 1557 2693 ταῖς
1592 2629 1734 2700 μετὰ

196 2721 273 2777 σοῦ
295 2725 773 2796 συνασκουμέναις,
803 2727 891 2780 διὰ
922 2725 983 2778 τὸ
1008 2729 1175 2796 μήπω
1211 2724 1411 2776 εἰδέναι
1456 2725 1555 2796 τὴν
1580 2723 1734 2788 τάξιν

193 2817 267 2867 καὶ
285 2816 373 2886 τὴν
390 2818 612 2888 ἀγωγὴν
642 2818 823 2887 ὑμῶν.
848 2811 943 2880 Εἷς
972 2816 1029 2870 δὲ
1059 2819 1184 2888 ὅρος
1211 2817 1305 2868 καὶ
1323 2815 1504 2870 κανὼν
1534 2833 1733 2869 κοινω-

192 2905 330 2977 φελής
348 2911 475 2963 πᾶσι
511 2907 1016 2980 κεχρεωστημένος,
1047 2908 1142 2961 καὶ
1175 2908 1415 2977 μάλιστα
1453 2909 1567 2971 τοῖς
1627 2907 1727 2959 ἀν-

191 3001 450 3071 ῃρημένοις
511 3004 576 3056 τὸ
611 3002 903 3073 μοναχικὸν
934 3001 1282 3072 ἐπάγγελμα,
1311 3001 1371 3055 τὸ
1411 3001 1578 3072 μηδὲν
1627 2999 1734 3066 ἔξω

190 3091 279 3144 τῶν
321 3094 742 3166 ἁπαρεσκόντων
787 3094 907 3167 Θεῷ
940 3094 1204 3164 πράττειν
1252 3095 1422 3164 ἡμᾶς,
1477 3093 1615 3148 ἀλλ’
1664 3093 1734 3146 ἐν

191 3185 324 3250 φόϐῳ
353 3190 446 3240 καὶ
496 3189 700 3258 τρόμῳ
735 3188 851 3255 τὴν
879 3188 1181 3254 σωτηρίαν
1226 3186 1396 3255 ἡμῶν
1445 3186 1732 3257 κατεργά-

189 3276 392 3337 ξὲσθαιο
427 3281 524 3334 καὶ
569 3283 682 3352 γὰρ
710 3281 934 3352 νηστεία
955 3278 1182 3349 ἀληθής,
1218 3280 1251 3349 ή
1307 3279 1511 3342 παντὸς
1560 3275 1730 3331 κακοῦ

191 3368 362 3441 ἁποχή.
410 3372 821 3444 Νηστεύσωμεν
885 3368 1104 3439 πρῶτον
1157 3369 1257 3438 μὲν
1319 3369 1428 3423 ἀπὸ
1487 3367 1581 3420 τοῦ
1653 3366 1730 3436 μὴ

1907 1249 2065 1314 Quod
2095 1249 2404 1302 reverentia
2439 1256 2526 1300 tua
2555 1261 2867 1301 sermonem
2920 1244 3323 1300 adhortationis
3351 1248 3420 1300 ab

1839 1339 2153 1393 humilitate
2174 1345 2361 1393 nostra
2390 1336 2688 1408 ﬂagitavit-
2746 1351 2848 1392 nec
2899 1352 3083 1392 sermo
3114 1347 3302 1392 noster
3329 1338 3418 1392 ul-

1839 1430 1950 1484 lius
1979 1429 2135 1500 pretii
2159 1439 2262 1491 est,
2291 1437 2345 1483 et
2367 1428 2477 1481 vita
2506 1427 2891 1497 despicabilis..
2917 1426 3190 1493 Quoniam
3233 1437 3418 1483 tamen

1837 1513 2157 1578 salutistua:
2186 1521 2471 1592 pereupidi
2499 1536 2714 1587 sumus,
2743 1530 3033 1591 prepterea
3063 1521 3210 1591 quod
3235 1530 3289 1575 et
3319 1521 3421 1576 vir-

1838 1630 1905 1685 go
1927 1630 1987 1669 es
2005 1614 2206 1668 Christi
2239 1629 2463 1684 sponsa,
2488 1614 2764 1682 specimen
2793 1614 3129 1679 sanctitatis,
3160 1628 3226 1667 ac
3253 1613 3419 1668 veluti

1831 1723 1899 1762 ex
1955 1707 2156 1763 tiducia
2187 1717 2433 1761 nostram
2475 1705 2761 1760 desideras
2813 1705 3300 1759 adhortationem:
3339 1705 3423 1759 id-

1832 1802 1983 1855 circo
2063 1815 2244 1855 autem
2317 1800 2595 1856 desideras
2662 1801 2808 1870 quod
2880 1801 3050 1855 veluti
3114 1815 3214 1871 pro
3278 1802 3419 1856 fort-

1835 1893 1938 1948 bns
1977 1903 2122 1948 astat
2177 1903 2369 1967 sancta
2401 1892 2832 1962 Quadragesima
2867 1931 2884 1956 ,
2927 1909 2991 1947 ac
3031 1908 3162 1948 vera
3194 1895 3419 1964 quidem

1837 1984 2043 2040 Christi
2096 1983 2251 2054 virgo
2304 2001 2411 2038 non
2475 1985 2638 2039 certis
2695 1999 2758 2038 ac
2790 1984 3030 2039 deﬁnitis
3075 1985 3291 2050 diebus,
3322 1987 3420 2042 sed

1836 2079 1987 2132 omni
2016 2088 2263 2148 tempore
2285 2086 2338 2132 et
2365 2078 2610 2146 quolibet
2633 2077 2720 2132 die
2753 2077 2989 2132 sollicita
3019 2087 3104 2133 est
3140 2081 3420 2148 quomodo

1838 2171 2051 2240 placeat
2073 2169 2306 2225 Domino
2333 2185 2397 2225 ac
2425 2169 2643 2239 Sponso
2675 2185 2795 2225 suo.
2828 2170 3001 2226 Habet
3060 2180 3243 2227 tamen
3295 2189 3416 2226 om-

1840 2263 1974 2319 nino
1993 2262 2330 2333 jejuniorum
2364 2269 2578 2331 tempus
2605 2262 2936 2331 peculiarem
2965 2262 3072 2316 vim
3096 2265 3416 2332 quamdam,

1838 2366 1901 2412 ut
1935 2357 2174 2412 studium
2200 2364 2364 2410 acuat
2379 2356 2730 2425 capessendae
2747 2372 2842 2425 per
2869 2364 3042 2410 totum
3069 2370 3278 2410 annum
3304 2356 3420 2411 vir-

1839 2451 1991 2506 tutis.
2024 2449 2411 2516 Quamobrem,
2433 2463 2468 2503 o
2504 2448 2986 2512 reverendissima,
3016 2448 3086 2504 da
3117 2450 3263 2506 ultro
3286 2464 3417 2520 ope-

1838 2555 1956 2594 ram
1990 2549 2049 2594 ut
2079 2549 2400 2596 consuetam
2447 2539 2543 2595 tibi
2579 2540 2633 2593 in
2665 2539 3003 2594 monasterio
3029 2539 3247 2595 vivendi
3281 2556 3414 2597 nor-

1838 2647 1984 2686 mam
2014 2649 2159 2688 nunc
2186 2647 2408 2703 quoque
2443 2641 2631 2688 teneas
2671 2650 2685 2686 :
2719 2647 2898 2701 neque
2924 2632 3071 2687 enim
3113 2648 3413 2702 possumus

1838 2721 1946 2776 hoe
1975 2723 2057 2779 vel
2081 2722 2214 2776 illud
2247 2722 2498 2788 delinire,
2528 2737 2625 2778 seu
2651 2722 2775 2786 tibi,
2802 2738 2900 2778 seu
2936 2723 3163 2793 reliquis
3193 2741 3318 2801 quae
3337 2734 3419 2782 te-

1835 2829 1959 2870 cum
1995 2824 2340 2881 exercentur,
2388 2815 2535 2884 quod
2569 2824 2749 2870 vestra
2783 2815 2921 2870 mihi
2953 2816 3143 2872 minus
3197 2818 3270 2872 sit
3320 2834 3415 2873 co-

1835 2906 1986 2976 gnita
2017 2907 2142 2961 vitae
2173 2906 2472 2962 institutio.
2507 2905 2622 2962 Una
2652 2923 2784 2964 vero
2828 2909 2938 2975 lex,
2965 2911 3152 2981 regula
3182 2927 3290 2968 una
3332 2921 3418 2966 est

1835 3013 1999 3068 quam
2034 3014 2135 3070 par
2187 3010 2272 3054 est
2301 3001 2562 3055 omnibus
2613 3016 2736 3056 esse
2771 3017 3142 3070 communem,
3172 3004 3268 3059 sed
3301 3019 3420 3060 ma-

1834 3091 1982 3145 xime
2019 3091 2087 3146 iis
2116 3091 2212 3162 qui
2271 3095 2636 3148 monasticum
2667 3095 2792 3150 vita:
2821 3095 3128 3150 institutum
3162 3096 3418 3165 proﬁten-

1835 3193 1924 3237 tur
1951 3200 1966 3250 ;
2000 3183 2136 3236 nihil
2166 3192 2224 3238 ut
2258 3185 2504 3239 exterius
2530 3199 2757 3254 agamus
2791 3200 2983 3239 eorum
3010 3202 3133 3255 qua:
3168 3185 3277 3242 Deo
3308 3187 3418 3243 mi-

1768 3264 1781 3282 ’
1834 3290 1942 3330 nus
1976 3276 2197 3344 placent
2227 3293 2240 3330 :
2270 3276 2361 3330 sed
2405 3277 2460 3330 in
2499 3278 2685 3332 timore
2711 3293 2774 3331 ac
2803 3287 3029 3332 tremore
3052 3279 3285 3333 salutent
3324 3298 3420 3336 no-

1835 3376 2002 3419 stram
2025 3383 2298 3435 operemur
2317 3368 2414 3423 '3‘.
2436 3367 2638 3422 Verum
2670 3371 2816 3424 enim
2845 3360 3144 3440 jejunium,
3173 3373 3241 3427 ab
3267 3376 3418 3430 omni

188 3462 544 3530 είσοικίζεσθαι
579 3468 709 3530 τοὺς
736 3464 1005 3536 πονηροὺς
1041 3462 1334 3531 λογισμοὺς
1351 3465 1407 3514 ὲν
1424 3463 1490 3532 τῇ
1511 3460 1730 3531 καρδίᾳ,

1840 3459 1983 3511 malo
2015 3458 2344 3514 abstinentia
2367 3469 2469 3517 est.
2498 3460 2587 3516 Sic
2610 3462 2778 3532 igitur
2809 3465 3043 3532 primum
3079 3465 3417 3535 jejnnemus,

188 3556 450 3612 κάντεῦθεν
478 3557 824 3614 ἀνάπτεσθαι
862 3558 942 3618 εἰς
964 3553 1264 3623 ἐπιθυμίας
1288 3554 1576 3616 ἐκτύπους.
1619 3551 1733 3605 Μία

186 3648 274 3719 γὰρ
293 3651 552 3720 ἐπιθυμία
589 3651 685 3704 καὶ
715 3643 796 3712 εἷς
817 3647 960 3719 ἔρως
992 3644 1268 3715 ἀληθινὸς,
1297 3647 1324 3698 ὁ
1349 3645 1551 3716 Κύριος
1578 3643 1734 3714 ἡμῶν

194 3742 374 3809 Ἰησοῦς
417 3743 682 3816 Χριστὸς,
709 3744 737 3795 6
771 3741 936 3803 καλὸς
976 3738 1068 3792 καί
1093 3737 1296 3807 ὡραῖος
1345 3737 1598 3807 Νυμφίος
1622 3751 1636 3764 ·
1671 3728 1734 3788 οὗ

185 3833 494 3908 ἠὲφιεμένη
542 3835 602 3902 ἐξ
667 3833 962 3904 ὁλοκλήρου
1011 3829 1180 3899 ψυχὴ,
1223 3830 1373 3898 μισεῐ
1413 3828 1592 3897 σάρκα
1637 3826 1733 3880 καὶ

185 3922 298 3996 αἷμα
321 3969 336 3993 ,
369 3931 464 3982 καὶ
511 3930 695 3982 πάντα
721 3926 791 3980 τὰ
816 3925 915 3993 τῆς
942 3923 1148 3993 φθορᾶς
1182 3921 1478 3990 ἰνδάλματα
1508 3938 1523 3954 ο
1554 3920 1642 3973 ἀεὶ
1676 3919 1735 3971 δὲ

185 4024 507 4096 πτερουμένη
556 4022 637 4094 τῷ
691 4023 822 4093 περὶ
879 4017 1045 4074 αὐτὸν
1100 4015 1294 4086 πόθῳ,
1327 4013 1733 4084 ἀποστρέφεται

188 4116 347 4184 σχεδὸν
368 4120 569 4181 εἰπεῖν,
599 4115 696 4169 καὶ
715 4113 880 4167 αὑτὸν
907 4107 1183 4179 τδνῇλιον
1216 4109 1351 4178 όρᾷν
1376 4122 1391 4138 ο
1421 4106 1516 4160 καὶ
1541 4103 1736 4174 σφαδά-

183 4203 250 4268 ζει
285 4209 374 4263 καὶ
418 4208 516 4262 τοῦ
556 4207 808 4277 σώματος
834 4203 1080 4272 ἐκϐῆναι,
1115 4201 1208 4253 καὶ
1240 4199 1377 4269 πρὸς
1403 4199 1497 4251 τὸν
1533 4195 1734 4249 ποθού-

186 4313 322 4366 μενον
366 4300 627 4370 γενέσθαι
656 4316 670 4330 ο
697 4299 834 4366 ὅπερ
881 4295 999 4347 ἐστὶ
1050 4295 1114 4346 τὸ
1159 4290 1462 4361 ἀκρότατον
1507 4287 1734 4360 ὀρεκτὸν

182 4395 277 4456 τοῖς
308 4395 468 4463 λόγου
507 4389 881 4465 μετειληφόσι.
917 4387 1322 4458 Νηστεύσωμεν
1345 4383 1410 4449 δὴ
1452 4382 1594 4436 κατὰ
1621 4380 1738 4434 δεύ-

181 4499 316 4552 τερον
341 4485 527 4557 λόγον,
563 4484 659 4537 καὶ
706 4481 817 4536 ἀπὸ
849 4481 1160 4551 βρωμάτων
1194 4474 1495 4543 ποσότητός
1545 4489 1604 4526 τε
1641 4471 1735 4525 καὶ

183 4577 444 4650 ποιότητος
468 4594 484 4609 ·
515 4578 611 4631 καὶ
643 4573 921 4636 τοσοῦτον,
949 4569 1147 4624 ὁπόσον
1174 4572 1207 4642 ή
1246 4568 1480 4638 δύναμις
1508 4565 1602 4620 τοῦ
1631 4565 1736 4618 σώ-

187 4685 330 4737 ματος
376 4672 540 4742 φέρει
572 4687 587 4700 ·
619 4667 755 4738 φησι
797 4665 908 4735 γάρ
952 4666 980 4717 6
1033 4661 1358 4723 Ἀπόστολος
1385 4675 1400 4691 ⁶
1435 4661 1736 4723 Ἕκαστος

181 4763 351 4830 καθὼς
395 4759 764 4832 προαιρεῖται
809 4756 885 4825 τῇ
912 4754 1128 4824 καρδίᾳ
1154 4797 1166 4819 ,
1197 4753 1283 4823 μὴ
1327 4753 1395 4805 ἐκ
1431 4751 1653 4817 λύπης,
1694 4751 1732 4816 ἢ

182 4851 236 4915 ἐξ
275 4853 546 4923 ἀνάγκης
574 4870 589 4883 ο
622 4849 690 4905 τὸ
736 4847 946 4917 ἱλαρὸν
981 4847 1091 4916 γὰρ
1122 4843 1324 4915 ἀγαπᾷ
1358 4844 1390 4896 ό
1419 4842 1564 4908 Θεός
1597 4857 1612 4872 ο
1642 4841 1738 4893 καὶ

182 4939 382 4997 τὸκατά
413 4942 674 5013 δύναμιν.
708 4939 882 4992 Τοῦτο
922 4937 980 4991 δὲ
1008 4936 1101 4990 ἐπὶ
1127 4935 1222 4989 cuii
1256 4935 1353 5004 τῆς
1385 4931 1738 5002 καθηγουμέ-

183 5053 263 5107 νης
290 5036 763 5110 κυριοὶεκτεῖσθαι
797 5033 1021 5087 δύναται
1057 5048 1070 5062 ·
1105 5031 1198 5084 ἐπὶ
1221 5031 1277 5083 δὲ
1314 5030 1413 5099 τῆς
1439 5027 1738 5096 ἀδελφότη-

181 5145 257 5194 τος
297 5133 393 5187 οὐκ
443 5132 560 5204 ἔχει
590 5130 824 5198 δύναμιν
857 5143 872 5158 ο
906 5125 996 5180 διὰ
1043 5125 1106 5178 τὸ
1156 5123 1298 5177 κατὰ
1349 5123 1447 5193 τήν
1484 5121 1592 5175 ὑπὸ
1641 5117 1736 5172 σοῦ

182 5216 451 5292 δεδομένην
499 5218 747 5284 διάταξιν
773 5217 869 5272 καὶ
907 5216 1108 5270 ἐσθίειν
1139 5216 1234 5268 καὶ
1267 5214 1464 5277 πίνειν,
1501 5213 1594 5266 καὶ
1641 5210 1740 5281 τὴν

183 5301 327 5376 ἄλλην
392 5307 624 5378 ἀγωγὴν
688 5302 832 5359 εἶναι
885 5305 970 5374 ἐφ’
1043 5298 1298 5374 ἑκάστης,
1355 5302 1495 5355 ὥστε
1525 5301 1738 5372 διακρι-

181 5397 313 5449 τικοῦ
344 5397 599 5469 ὅμματός
633 5388 716 5450 σοί
738 5395 898 5467 χρεία
929 5394 1320 5466 προσηκόντως
1348 5393 1414 5445 τά
1437 5391 1740 5454 κατάὺτὰς

184 5485 511 5561 ἄπιθεωρεῖν.
540 5489 750 5552 Κοινῶς
793 5488 849 5542 δὲ
893 5490 987 5542 ἐπὶ
1018 5489 1173 5551 πᾶσι,
1197 5490 1258 5538 τὸ
1293 5475 1594 5556 ἀπέχεσθαι
1640 5501 1742 5559 μα-

183 5581 474 5650 ταιολογίας
521 5582 758 5654 ἀκαίρου
789 5622 805 5650 ,
861 5581 1162 5652 βασκανίας
1224 5578 1429 5634 ἀτόπου
1465 5618 1482 5648 ,
1544 5577 1742 5648 ἀργίας

245 5767 318 5801 η*
352 5766 604 5839 philipp.
641 5781 701 5832 ιι,
741 5764 830 5820 l8.
912 5765 957 5798 ι’
990 5763 1356 5834 lICor.,|x,7.

1839 3558 1992 3605 utne
2025 3567 2224 3621 pravas
2257 3553 2626 3624 cogitationes
2660 3555 2848 3609 subire
2879 3555 2931 3608 in
2960 3556 3206 3610 animum
3239 3560 3420 3628 patia-

1837 3661 1983 3709 mur,
2017 3655 2182 3715 atque
2228 3647 2282 3700 in
2339 3648 2607 3703 scelerata
2637 3647 2838 3703 deinde
2867 3649 3135 3706 desideria
3190 3652 3424 3708 exarde-

1837 3753 2015 3793 scere.
2047 3736 2225 3792 Unum
2265 3739 2546 3794 enimvero
2601 3741 2933 3822 desiderium
2987 3752 3041 3797 et
3090 3759 3232 3799 unus
3263 3760 3420 3799 amor

1835 3845 2019 3892 verus.
2075 3830 2340 3886 Dominus
2391 3840 2580 3887 noster
2617 3831 2777 3889 Jesus
2828 3834 3108 3902 Christus,
3169 3837 3445 3908 Sponsus

1836 3923 2088 3992 egregius
2120 3939 2183 3978 ac
2209 3924 2494 3993 speciosus
2533 3949 2545 3980 :
2580 3943 2742 3996 quem
2780 3943 2902 3999 quae
2944 3931 3128 3986 anima
3189 3934 3420 3989 omnino

1836 4014 2134 4079 desiderat,
2195 4031 2415 4072 carnem
2485 4019 2600 4073 odit
2638 4029 2692 4074 et
2724 4022 3072 4091 sanguinem,
3120 4040 3421 4097 omnesque

1834 4123 2019 4162 rerum
2053 4109 2491 4178 corruptibilium
2519 4111 2788 4182 imagines
2824 4132 2838 4168 :
2869 4129 3089 4186 semper
3116 4126 3298 4173 autem
3351 4120 3422 4173 il—

1837 4197 1945 4253 lius
1977 4198 2253 4253 desiderio
2314 4201 2367 4255 in
2401 4201 2632 4257 sublime
2667 4205 2910 4270 evolans,
2966 4205 3218 4276 refugit,‘
3251 4224 3421 4280 prope

1835 4289 2090 4353 dixerim,
2147 4289 2234 4343 vel
2279 4290 2456 4359 ipsum
2487 4291 2688 4347 intueri
2718 4295 2886 4349 solem
2930 4297 3252 4368 :gestitque
3290 4310 3345 4356 et
3389 4319 3421 4354 e

1835 4394 2066 4450 corpore
2092 4380 2265 4446 exire,
2299 4389 2354 4436 et
2380 4397 2506 4436 cum
2547 4398 2612 4438 eo
2636 4399 2797 4454 quem
2830 4395 2978 4440 amat
2998 4387 3202 4444 versari
3239 4393 3417 4462 ειιιιοιι

1835 4481 1999 4542 caput
2019 4488 2083 4526 ac
2114 4486 2331 4528 summa
2370 4483 2620 4554 votorum
2667 4485 2754 4532 est
2796 4477 2863 4534 iis
2899 4479 2992 4548 qui
3039 4479 3205 4537 Verbi
3251 4488 3420 4554 parti-

1835 4564 1985 4633 cipes
2009 4565 2290 4619 exstitere.
2325 4552 2708 4635 Jejunaiiimus
2753 4568 2943 4638 utique
2998 4552 3415 4642 secundoﬁloco,

1837 4666 1951 4712 tum
1986 4658 2288 4728 quantitate
2316 4659 2588 4725 ciborum,
2631 4668 2746 4713 tum
2775 4675 2805 4714 a
2832 4663 3116 4730 qualitate,
3143 4673 3197 4720 et
3225 4678 3420 4737 quate-

1771 4790 1814 4844 ι)
1840 4767 1944 4806 nus
1973 4751 2192 4819 coporis
2225 4751 2370 4805 vires
2390 4749 2592 4806 ferunt.
2619 4753 2871 4808 Aitcnim
2897 4753 3188 4824 Apostolus
3213 4759 3420 4814 :Unus-

1842 4843 2056 4911 quisque
2106 4851 2261 4910 prout
2283 4842 2643 4896 destinavitin
2675 4844 2830 4898 corde
2857 4862 2954 4898 suo
2977 4862 2996 4900 :
3024 4865 3127 4902 non
3157 4866 3222 4903 ex
3253 4854 3420 4907 tristi-

1843 4932 1940 4996 tia,
1995 4941 2090 4984 aut
2145 4948 2211 4986 ea:
2259 4934 2614 4988 necessitate:
2659 4934 2989 4990 hilaritatem
3045 4918 3184 5006 enini
3243 4945 3420 5016 diligit

1842 5023 1984 5078 Deus
2006 5025 2049 5056 "
2082 5042 2096 5079 :
2128 5035 2182 5080 et
2206 5040 2303 5095 pro
2337 5026 2551 5082 ratione
2575 5027 2793 5082 virium.
2817 5027 2932 5084 lloc
2958 5047 3088 5086 vero
3122 5034 3176 5087 in
3206 5045 3276 5102 te,
3300 5053 3421 5106 qum

1842 5117 2129 5187 praeposita
2169 5133 2250 5182 es,
2283 5118 2560 5186 designari
2597 5119 2853 5175 distincte
2896 5131 3112 5191 potest:
3155 5125 3208 5180 in
3265 5144 3421 5185 soro-

1845 5224 1966 5263 rum
1995 5218 2163 5272 metu,
2206 5225 2312 5262 non
2343 5217 2521 5284 potest
2553 5224 2567 5262 :
2596 5209 2740 5278 quod
2761 5224 2827 5264 ex
2859 5211 3058 5266 tradita
3077 5213 3174 5268 abs
3198 5224 3249 5268 te
3283 5217 3419 5286 lege,

1848 5310 1901 5352 ct
1934 5298 2130 5352 edendi
2163 5308 2217 5353 et
2252 5297 2470 5352 bibendi
2505 5300 2720 5362 modus,
2758 5308 2812 5354 et
2846 5301 3056 5370 reliqua
3095 5303 3309 5358 vivendi
3339 5321 3422 5360 ra‘

1850 5393 1924 5448 tio
1954 5393 2294 5460 singularum
2324 5393 2560 5462 pendere
2589 5392 2805 5447 debeat.
2824 5391 3189 5460 Quamobrem
3211 5399 3424 5467 perspi-

1849 5485 1964 5540 caci
1995 5483 2087 5538 tibi
2113 5484 2270 5539 oculo
2299 5493 2387 5539 est
2429 5499 2587 5553 opus,
2611 5492 2670 5537 ut
2702 5500 2826 5552 quae
2875 5485 3106 5556 singulis
3135 5487 3422 5558 expediant

1850 5575 2256 5647 contempleris.
2303 5575 2571 5634 Convenit
2603 5585 2788 5633 autem
2847 5593 2914 5634 ex
2951 5592 3108 5648 aequo
3137 5579 3422 5648 omnibus,

1680 5849 1910 5909 ΝΟΤᾹΞ.

245 5957 349 6031 (26)
378 5960 441 6016 lu
469 5958 596 6017 cod.
629 5955 762 6027 Reg.
798 5951 896 6026 ρν⁸.
