3934 6456
545 382 681 448 1435
1722 380 1782 439 S.
1822 375 2118 437 THEODO

2252 374 2597 435 STUDIT/E
3634 372 3773 439 1436

542 494 922 564 intempestiva
949 493 1269 563 garrulitate
1298 493 1595 555 abstinere,
1646 490 1832 559 inepta
1878 486 2106 543 aemula-

2221 485 2504 557 περιέργου
2530 499 2544 514 ⁸
2586 482 2788 554 μᾶλλον
2813 483 2912 554 μὲν
2926 478 3019 537 οὖν
3038 482 3268 554 ἡσυχίαν
3298 481 3453 553 ἄγειν
3483 481 3742 550 εὔκαιρον
3760 497 3774 512 ·

541 588 709 651 tione,
760 585 939 640 inutili
973 587 1087 639 otio
1119 603 1134 638 :
1170 600 1237 639 ac
1288 585 1469 655 potius
1521 582 1903 652 tempestivum
1935 578 2104 634 silen-

2221 579 2304 632 καὶ
2328 578 2489 645 λόγον
2513 574 2843 647 φθέγγεσθαι
2874 575 3064 628 δέοντα
3099 589 3113 605 ·
3147 576 3245 629 καὶ
3265 576 3484 645 ἀγαπᾷν
3514 576 3610 628 καὶ
3633 574 3779 645 στέρ-

544 680 677 730 lium
711 692 953 743 scrvare,
992 678 1141 748 loqui
1190 686 1512 746 opportune,
1555 689 1740 729 amare
1767 672 1997 726 invicem
2042 684 2108 724 ac

2221 687 2328 739 γειν
2364 669 2601 740 ἀλλήλας
2632 668 2775 722 κατά
2807 667 3046 739 Κύριονσ
3079 667 3176 721 καὶ
3210 667 3389 720 πάντα
3417 667 3578 720 κοινά
3609 665 3775 736 ἔχειν,

542 768 772 837 diligere
797 769 1100 824 secundum
1144 765 1443 821 Dominum
1472 784 1486 820 :
1521 776 1575 820 et
1625 765 1827 820 habere
1855 776 2107 819 commu-

2221 762 2305 816 καὶ
2326 761 2493 833 μηδὲν
2514 759 2970 831 ἀποτεταγμένως
2996 759 3191 813 ίδιον...
3216 759 3418 814 Λείπει
3441 762 3576 812 σελ.
3600 765 3675 815 α’.

540 861 629 915 nia
652 861 858 926 omnia,
888 870 944 917 et
971 862 1106 916 nihil
1133 860 1382 932 privatim
1416 858 1733 928 sepositum.

1876 952 1897 1023 (
1918 952 2068 1006 Deest
2097 951 2293 1020 pagina
2316 966 2443 1006 una.
2466 949 2486 1019 )

840 1047 1125 1104 CXXXVI.
1150 1078 1217 1087 —
1243 1047 1513 1103 Theodoro
1554 1056 1803 1117 stratege.

2527 1039 2711 1106 ΡΛΕΤ.
2735 1070 2804 1080 —
2834 1039 3106 1108 Θεοδώρῳ
3131 1037 3463 1109 στρατηγῷ.

1728 1138 1938 1201 Lapsum
1976 1135 2161 1187 excitat
2185 1138 2247 1187 ad
2268 1134 2631 1200 paenitentiam.

761 1241 1089 1299 Contrarius
1144 1253 1394 1299 eventus.
1426 1241 1471 1298 Ο
1505 1244 1905 1298 calamitatem!
1949 1243 2111 1310 Qua:-

2292 1242 2568 1313 (27).......
2595 1238 2714 1294 οὖσι
2743 1240 2806 1293 τὸ
2846 1240 3084 1294 έναντίον
3103 1240 3496 1311 ἀπάντημα.Ὢ
3521 1241 3621 1310 τῆς
3643 1258 3780 1311 συμ-

542 1352 671 1391 nam
705 1337 809 1390 ista
832 1346 915 1391 est
956 1335 1326 1390 involuntaria
1376 1336 1668 1391 abductio?
1726 1352 1978 1406 quaenam
2017 1352 2112 1406 per

2221 1334 2382 1406 popa;
2403 1333 2517 1396 ῑτίς
2545 1331 2685 1401 αὕτη
2710 1333 2743 1401 ὴ
2767 1331 3019 1395 ἀκούσιος
3041 1332 3351 1400 ἀπαγωγῆς
3372 1328 3457 1393 τίς
3484 1329 3542 1383 δὲ
3561 1331 3594 1401 ἡ
3616 1333 3787 1399 ἀναγ-

542 1429 653 1482 vim
694 1426 843 1481 illata
872 1427 1241 1495 participatio,
1272 1428 1550 1482 intentans
1596 1429 1777 1482 carnis
1806 1430 2110 1498 periculum

2221 1423 2448 1494 »ιαστικὴ
2482 1421 2698 1493 μέθεξις
2726 1421 3099 1475 ὲπαπειλοῦσα
3152 1422 3245 1475 τὸν
3280 1421 3420 1474 κατά
3449 1420 3630 1491 σάρκα
3670 1422 3783 1474 κίν-

547 1520 598 1574 ei
634 1520 727 1588 qui
776 1518 915 1573 nolit
946 1518 1338 1574 heterodoxum
1386 1535 1579 1589 panem
1612 1521 1977 1590 participare?
2006 1520 2114 1575 Vo-

2221 1514 2367 1567 δυνον
2390 1515 2447 1567 ὲν
2474 1513 2552 1584 τῷ
2585 1515 2659 1584 μὴ
2706 1514 3087 1586 προαιρεῖσθαι
3122 1512 3369 1583 μεθέξειν
3394 1511 3489 1565 τοῦ
3535 1513 3785 1583 ἑτεροδό-

546 1610 844 1665 luntarium
868 1610 1219 1676 sacrificium,
1261 1626 1293 1666 o
1339 1611 1793 1666 christianissima
1825 1613 2114 1681 cogitatio!

2221 1606 2305 1673 Ξου
2335 1606 2502 1677 ἄρτου
2536 1625 2551 1674 ;
2585 1606 2962 1660 ἐκουσιόθυτον
2999 1622 3014 1637 ο
3071 1599 3116 1657 ὦ
3168 1602 3655 1674 χριστιανικώτατε
3696 1602 3784 1655 λο-

544 1710 750 1765 corpus
785 1707 841 1751 et
870 1698 1097 1768 sanguis
1134 1698 1348 1753 Domini
1392 1701 1565 1754 nostri
1610 1698 1739 1756 Jesu
1767 1700 1992 1755 Christi.
2028 1702 2116 1756 Ait

2221 1698 2380 1766 γισμέ
2413 1714 2429 1730 ο
2466 1697 2524 1750 τὸ
2555 1696 2712 1767 σῶμα
2754 1697 2847 1750 καὶ
2871 1691 3011 1766 αἷμα
3043 1693 3140 1747 τοῦ
3173 1692 3380 1763 Κυρίου
3406 1692 3566 1762 ἡμῶν
3607 1690 3782 1761 Ἰησοῦ

544 1789 693 1843 enim
733 1802 966 1860 magnus
988 1791 1282 1859 Apostolus
1309 1791 1376 1845 de
1401 1806 1487 1857 eo,
1521 1793 1626 1858 Qui
1662 1809 1783 1845 cum
1823 1795 1878 1847 in
1943 1794 2116 1863 [arma

548 1880 651 1934 Dei
710 1890 865 1947 esset,
920 1898 975 1935 se
1043 1898 1150 1935 non
1206 1884 1450 1951 rapinam
1512 1885 1805 1939 arbitratus
1869 1895 1947 1939 est
2008 1904 2118 1943 esse

546 1971 803 2041 «aqualem
825 1971 932 2026 Deo
961 1989 979 2029 :
1010 1972 1101 2026 sed
1146 1974 1480 2041 semetipsum
1523 1976 1830 2042 exinanivit,
1890 1977 2117 2044 formam

548 2065 682 2116 servi
716 2064 995 2145 accipiens,
1019 2068 1075 2118 in
1125 2066 1529 2121 similitudinem
1579 2069 1852 2122 hominum
1906 2069 2114 2139 factus,

547 2165 595 2207 et
626 2154 813 2208 habitu
850 2158 1085 2211 inventus
1136 2168 1195 2210 ut
1230 2157 1403 2212 homo.
1436 2159 1750 2214 Humiliavit
1784 2164 2118 2229 semetipsum

549 2246 727 2313 factus
775 2248 1012 2302 obediens
1047 2265 1207 2317 usque
1262 2250 1331 2302 ad
1379 2260 1616 2316 mortem,
1672 2263 1895 2306 mortem
1943 2262 2118 2306 autem

547 2339 722 2391 crucis
747 2339 832 2393 "‘.
867 2338 1134 2403 Quoniam
1198 2342 1362 2410 igitur
1394 2343 1757 2396 voluntarium
1790 2343 2119 2398 sacrilicium

549 2439 607 2483 et
633 2431 941 2486 voluntarie
968 2432 1155 2487 datum
1198 2432 1525 2500 volentibus,
1564 2449 1670 2487 non
1700 2443 1882 2489 autem
1932 2435 2121 2489 nolen-

553 2520 715 2576 tibus.
751 2520 964 2575 Eteuim
1003 2521 1270 2578 Dominus
1303 2524 1419 2592 ipse
1458 2524 1511 2577 in
1541 2524 1847 2595 Evangeliis
1880 2528 1958 2581 ait
1997 2542 2122 2598 apo-

546 2612 706 2665 stolis
735 2628 750 2665 :
783 2611 1040 2682 Nunquid
1082 2623 1132 2669 et
1179 2630 1268 2668 vos
1304 2615 1463 2669 vultis
1497 2617 1641 2671 abire
1656 2618 1737 2671 ὀἳ
1774 2627 1995 2689 propter
2026 2635 2119 2675 eos

550 2703 644 2770 qui
670 2703 783 2771 jam
812 2703 1256 2760 diSCesserantab
1276 2721 1362 2768 eo,
1385 2706 1478 2777 qui
1501 2706 1755 2777 discipuli
1778 2709 2117 2764 videbantur:

550 2802 606 2846 et
658 2795 839 2863 magni
892 2794 1038 2850 Petri
1088 2798 1377 2868 responsio
1416 2799 1730 2869 hujusmodi
1777 2817 1791 2853 :
1838 2800 1921 2853 Ad
1970 2818 2121 2871 quem

551 2881 744 2936 ibimus
768 2886 794 2939 ?
831 2883 999 2939 Verba
1027 2888 1152 2942 vita:
1191 2899 1404 2944 ωιενηω
1423 2890 1606 2944 habes.
1644 2892 1711 2946 Et
1752 2908 1843 2946 nos
1894 2894 2123 2947 credidi-

551 2990 693 3035 mus,
724 2986 775 3029 et
818 2979 1176 3047 cognovimus,
1204 2982 1332 3051 quia
1379 2990 1435 3035 tu
1458 2999 1511 3036 es
1544 2982 1784 3039 Christus
1815 2983 1991 3040 Filius
2024 2986 2117 3040 Dei

553 3066 890 3125 viuentis’".
940 3069 1007 3126 Et
1066 3087 1260 3128 rursus
1302 3091 1532 3146 magnus
1564 3077 1756 3133 Petrus
1788 3079 1840 3131 in
1877 3077 2118 3149 Epistula

554 3173 678 3225 sua,
720 3157 1031 3217 Voluntaria
1055 3180 1268 3233 pascere
1298 3176 1513 3238 oportet
1542 3184 1644 3222 non
1679 3179 1855 3223 coacte
1880 3170 1946 3224 ἰ.

626 3419 972 3491 Cognoscant
1010 3421 1237 3491 proinde
1269 3424 1364 3494 qui
1404 3424 1650 3479 nolentes
1694 3422 1744 3477 vi
1790 3425 2013 3479 trahunt
2050 3425 2119 3479 ad

560 3529 715 3568 suam
744 3515 1207 3581 communionem,
1238 3532 1297 3572 se
1317 3517 1555 3587 gentium
1587 3531 1737 3571 more
1761 3516 1866 3573 hoc
1894 3518 2075 3572 facere
2102 3537 2118 3573 :

559 3620 669 3658 non
718 3620 922 3676 corpus
978 3605 1183 3661 Christi
1232 3607 1380 3677 quod
1436 3618 1629 3676 sponte
1696 3608 1939 3662 oblatum
1992 3619 2118 3672 est,

556 3697 924 3767 porrigentes,
949 3698 1042 3753 sed
1071 3709 1286 3762 contra,
1307 3699 1452 3769 quod
1476 3700 1709 3755 victima:
1738 3700 1898 3755 idolis
1927 3699 2122 3755 oblatae

558 3787 795 3856 speciem
840 3787 1060 3854 habeat,
1096 3800 1259 3861 prout
1290 3802 1540 3846 coactum
1580 3800 1666 3847 est
1705 3792 2032 3847 sacriﬁcium
2064 3794 2120 3847 in

558 3879 916 3936 libationibus
936 3882 1170 3937 daemoni
1200 3884 1440 3952 acceptis
1462 3899 1585 3953 quae
1613 3885 1757 3953 apud
1791 3884 1939 3953 ipsos
1961 3886 2117 3939 tiunt.

556 3968 625 4024 Et
650 3986 811 4027 verus
838 3981 922 4026 est
960 3988 1163 4037 sermo,
1194 3984 1248 4029 et
1280 3976 1678 4030 demonstratio
1707 3977 1994 4046 perspicua
2023 3994 2036 4029 :
2064 3984 2119 4031 et

555 4076 720 4117 nemo
754 4063 924 4118 audit.
972 4065 1077 4119 Sed
1109 4064 1296 4127 Parce,
1325 4065 1561 4132 Domine,
1609 4082 1765 4135 parce
1794 4081 1813 4119 :
1844 4076 1894 4120 et
1932 4084 1993 4120 ne
2029 4073 2119 4122 des

555 4153 914 4208 hwreditatem
968 4167 1117 4211 tuam
1158 4158 1215 4210 in
1250 4158 1587 4227 opprobrium
1619 4161 1906 4229 perfectum
1928 4161 2018 4225 “',
2064 4170 2122 4215 ut

558 4245 759 4300 alicubi
807 4247 885 4301 ait
926 4247 1150 4317 quidam
1196 4264 1227 4304 e
1258 4251 1564 4320 prophetis.
1602 4250 1742 4317 Quid
1786 4267 1912 4306 vero
1962 4253 2119 4309 nobis

2215 1788 2473 1858 Χριστοῦ.
2501 1790 2638 1857 Φησὶ
2662 1789 2769 1859 γὰρ
2795 1790 2822 1841 ὀ
2847 1787 3021 1859 μέγας
3072 1784 3391 1847 Ἀπόστολος
3420 1784 3545 1847 περὶ
3577 1783 3745 1836 αὑτοῦ
3767 1798 3780 1810 ·

2222 1884 2328 1945 Ὃς
2354 1880 2632 1949 ἐνμορφῇ
2659 1879 2807 1934 Θεοῦ
2821 1878 3108 1947 ὑπάρχων
3145 1879 3258 1945 οὐχ
3292 1875 3608 1945 ἁρπαγμὸν
3629 1875 3783 1944 ἡγή-

2216 1987 2366 2026 σατο
2424 1969 2575 2025 εἶναι
2635 1973 2741 2032 lea
2798 1969 2919 2035 Θεῷ
2954 1984 2968 1999 ·
3024 1970 3161 2024 ἀλλ’
3216 1968 3436 2021 ἑαυτὸν
3483 1968 3748 2020 ἐκένωσε
3769 2010 3783 2029 ,

2212 2062 2454 2133 μορφὴν
2482 2063 2707 2116 δούλου
2744 2061 2947 2115 λαϐὼν
2994 2061 3063 2114 ὲν
3104 2059 3423 2129 ὁμοιώματι
3458 2057 3788 2126 ἀνθρώπων

2218 2158 2558 2223 γενόμενος,
2589 2153 2689 2207 καὶ
2722 2151 2988 2221 σχήματι
3024 2152 3290 2219 εὑρεθεὶς
3324 2151 3404 2215 ὠς
3426 2150 3739 2217 ἄνθρωπος
3769 2163 3784 2179 ·

2217 2247 2619 2299 ἐταπείνωσεν
2662 2244 2898 2309 ἑαυτὸν,
2934 2245 3253 2313 γενόμενος
3301 2242 3571 2307 ὑπήκοος
3608 2240 3789 2310 μέχρι

2220 2335 2501 2401 θανάτου,
2532 2336 2792 2392 θανάτου
2808 2336 2877 2389 δὲ
2901 2335 3186 2403 σταυροῦ.
3235 2332 3389 2387 Ἐπεὶ
3418 2333 3511 2386 οὖν
3541 2335 3790 2386 έκουσιό-

2220 2429 2379 2482 θυτον
2437 2430 2530 2482 καὶ
2565 2420 2935 2482 ὲκουσιόδοτον
2993 2430 3109 2491 τοῖς
3165 2426 3464 2493 ἐθέλουσιν,
3488 2426 3605 2479 ἀλλ’
3656 2427 3786 2495 οὐχὶ

2218 2522 2334 2584 τοῖς
2374 2520 2449 2592 μὴ
2497 2520 2760 2574 ἐθέλουσι.
2786 2522 2897 2575 Καὶ
2928 2520 3038 2591 γὰρ
3072 2519 3235 2582 αὐτὸς
3271 2520 3299 2571 ὁ
3325 2519 3533 2588 Κύριος
3585 2522 3642 2571 ἐν
3675 2522 3792 2579 τοῖς

2219 2610 2575 2679 Εύαγγελίοις
2606 2613 2742 2681 φησι
2787 2612 2925 2682 πρὸς
2963 2612 3089 2673 τοὺς
3127 2611 3463 2672 ἀποστόλους
3492 2625 3506 2638 ’
3542 2609 3640 2675 Μὴ
3688 2611 3789 2662 καὶ

2218 2688 2386 2772 ὑμεῖς
2407 2704 2611 2757 θέλετε
2657 2703 2988 2768 ἀπελθεῖν;
3020 2701 3111 2756 διὰ
3140 2702 3271 2764 τοὺς
3315 2701 3416 2771 ἤδη
3452 2701 3791 2765 ἀπελθόντας

2220 2794 2314 2847 ἀπ’
2340 2793 2504 2846 αὐτοῦ
2529 2794 2637 2846 τῶν
2667 2794 2969 2847 δοκούντων
2996 2792 3291 2864 μαθητιᾷν.
3318 2793 3429 2847 Καὶ
3453 2795 3487 2863 ἡ
3511 2794 3663 2864 παρά
3694 2794 3790 2847 τοῦ

2224 2883 2460 2953 μεγάλου
2486 2884 2693 2954 Πέτρου
2717 2883 3010 2963 ἀπόκρισις
3036 2883 3214 2936 τοιάδε
3252 2897 3265 2911 ⁸
3290 2882 3448 2951 Πρὸς
3485 2884 3626 2936 τίνα
3676 2886 3793 2938 ἀπ-

2220 2975 2633 3044 ελευσόμεθα;
2660 2974 2917 3042 Ῥήματα
2954 2971 3102 3043 ζωῆς
3140 2975 3381 3029 αἰωνίου
3436 2974 3620 3044 ἔχεις.
3679 2977 3791 3031 Καὶ

2221 3066 2392 3134 ἡμεῖς
2437 3067 2938 3133 πεπιστεύκαμεν,
2977 3067 3075 3120 καὶ
3115 3067 3380 3136 ἔγνωμεν
3418 3068 3509 3122 ὅτι
3551 3069 3636 3123 σὺ
3658 3067 3720 3124 εἷ
3758 3074 3793 3123 ὁ

2220 3158 2475 3226 Χριστὸς
2498 3160 2532 3212 ὁ
2557 3158 2688 3224 Υἱὸς
2706 3158 2813 3213 τοῦ
2833 3158 2981 3212 Θεοῦ
3008 3158 3113 3212 τοῦ
3157 3158 3389 3225 ζῶντος.
3420 3162 3532 3212 Καὶ
3562 3162 3726 3215 πάλιν
3762 3166 3793 3216 ὁ

2226 3249 2396 3319 μέγας
2422 3249 2628 3319 Πέτρος
2672 3252 2730 3303 έν
2772 3252 2838 3319 τῇ
2883 3248 3062 3320 οἰκείᾳ
3118 3248 3397 3320 ἐπιστολῇ,
3463 3249 3791 3317 Ἑκουσίως

2223 3341 2555 3407 ποιμαίνειν
2586 3340 2694 3404 δεῖ,
2730 3342 2867 3395 ἀλλ’
2898 3342 3011 3394 οὐκ
3042 3340 3521 3408 ἀνατκαστικῶς.

2291 3430 2585 3485 Γνώτωσαν
2613 3429 2705 3486 οὖν
2735 3433 2919 3486 λοιπὸν
2944 3433 2994 3485 oi
3024 3430 3321 3500 βιαστικῶς
3350 3432 3609 3494 ἕλκοντες
3650 3435 3791 3505 πρὸς

2220 3522 2321 3592 τὴν
2370 3521 2576 3575 ἑαυτῶν
2605 3523 2890 3576 κοινωνίαν
2911 3524 3038 3587 τοὺς
3069 3525 3144 3593 μὴ
3184 3522 3677 3595 προαιρουμένους,
3708 3526 3786 3589 ὡς

2221 3612 2568 3683 ἑλληνοειδῶς
2597 3613 2754 3666 τοῦτο
2779 3614 3108 3684 πράττουσιν
3131 3631 3146 3646 θ
3180 3616 3241 3668 οὗ
3267 3616 3428 3686 σῶμα
3448 3617 3689 3687 Χριστοῦ
3728 3620 3790 3672 τὺ

2220 3707 2533 3761 ἐθελόθυτον
2576 3706 2930 3777 παρέχοντες,
2961 3707 3096 3761 ἀλλὰ
3140 3710 3452 3763 τούναντίον
3501 3710 3789 3763 εἰδωλοθύ-

2219 3816 2313 3853 του
2334 3799 2453 3869 ἔχον
2476 3798 2735 3868 ἔμφασιν,
2771 3799 2914 3851 κατά
2943 3800 3041 3867 τὴν
3071 3800 3330 3855 ἀκούσιον
3368 3802 3463 3856 τοῦ
3518 3801 3788 3870 θυομένου

2221 3893 2280 3944 ὲν
2306 3892 2425 3952 ταῖς
2445 3890 2565 3942 κατ’
2613 3888 2795 3943 αὐτῶν
2833 3888 3174 3959 φιλοδαίμοσι
3202 3892 3478 3956 σπονδαῖς.
3509 3893 3621 3945 Καὶ
3646 3894 3674 3944 ὀ
3701 3894 3789 3946 λόο

2221 3999 2318 4050 γος
2358 3981 2589 4051 ἀληθὴς,
2621 3982 2714 4035 καὶ
2764 3981 2993 4052 ήδείξις
3034 3982 3289 4055 ἐναργὴς,
3344 3986 3442 4037 καὶ
3490 3987 3519 4038 ὁ
3571 3984 3789 4038 ἀκούων

2219 4074 2413 4137 οὐδείς.
2462 4073 2642 4136 Ἀλλὰ,
2667 4074 2891 4141 Φεῒσαι,
2913 4075 3110 4142 Κύριε,
3151 4076 3374 4145 φεῖσαι,
3404 4077 3505 4132 καὶ
3542 4076 3631 4147 μὴ
3670 4076 3790 4143 δῷς

2219 4150 2759 4234 τὴνῖιληρονομίαν
2785 4180 2901 4219 σου
2933 4167 3021 4231 εἰς
3049 4165 3277 4234 ὄνειδος
3297 4168 3548 4232 τέλειον,
3584 4168 3662 4231 ὥς
3685 4168 3789 4220 πού

2219 4271 2303 4317 τις
2344 4253 2448 4323 ἔφη
2494 4254 2603 4306 τῶν
2658 4253 2977 4323 προφητῶν.
3004 4254 3068 4307 Τί
3127 4255 3185 4309 δὲ
3228 4257 3387 4328 ἡμεῖς
3435 4252 3791 4325 πάθωμεν,ιῖ›

558 4334 791 4401 eveniet,
816 4351 850 4390 ο
880 4336 1368 4406 desideratissime,
1399 4351 1452 4396 et
1483 4343 1553 4397 ab
1581 4343 1838 4399 omnibu‘s
1870 4345 2118 4399 laudate?

2221 4343 2519 4415 τριπόθητε
2577 4345 2671 4395 καὶ
2726 4343 3082 4414 πανεύφημε;
3114 4346 3405 4418 Εἰρήσεται
3442 4349 3571 4420 γὰρ,
3601 4350 3668 4403 Εἰ
3694 4350 3793 4403 καὶ

559 4427 782 4483 Dicetur
830 4430 975 4485 enim
1003 4433 1166 4489 nobis
1196 4452 1210 4488 :
1244 4432 1521 4504 Siquidem
1546 4439 1813 4506 asperius.
1844 4440 2121 4508 quomodo

557 4520 796 4575 amicitia
821 4522 943 4577 est?
973 4523 1246 4580 Cedamus
1287 4526 1466 4581 adhuc
1501 4529 1753 4598 tempori.
1780 4527 2123 4585 Reformida-

556 4611 739 4668 bimus
772 4622 1095 4682 potestatem
1130 4617 1419 4688 plusquam
1460 4621 1745 4675 honestum
1779 4621 1896 4676 est?
1933 4622 1998 4674 Et
2027 4622 2119 4676 ubi

556 4716 664 4756 vox
702 4701 918 4760 Domini
951 4724 1073 4777 quae
1116 4709 1367 4765 ho‘mines
1417 4711 1596 4765 timeri
1642 4720 1805 4776 vetat,
1843 4721 1898 4767 et
1928 4711 2122 4768 statuit

558 4802 618 4848 ut
643 4797 825 4863 potius
857 4800 1111 4855 timeatur
1149 4801 1290 4856 Deus
1318 4803 1488 4869 solus,
1525 4804 1581 4858 in
1607 4820 1718 4873 quo
1754 4805 1934 4860 omnis
1966 4815 2117 4874 pote-

558 4896 674 4939 stas
714 4893 769 4941 et
806 4888 999 4955 virtus,
1026 4907 1134 4961 qua
1176 4902 1355 4962 potest
1393 4895 1636 4949 animum
1680 4904 1734 4950 et
1764 4910 1963 4966 corpus
1992 4913 2118 4966 per-

558 4976 688 5031 dere
718 4978 772 5031 in
800 4981 1103 5048 gehennam
1142 4985 1282 5054 ignis
1307 4986 1393 5039 “?
1434 4985 1549 5041 lleu
1587 4988 1837 5056 lapsum!
1884 5002 1917 5044 ο
1947 4989 2119 5058 trepi-

559 5066 865 5125 dationem!
922 5073 979 5127 in
1033 5076 1274 5144 qualibet
1333 5090 1592 5147 persona,
1648 5088 1704 5135 et
1759 5080 1998 5135 maxime
2060 5080 2115 5134 in

2220 4434 2574 4505 τραχύτερον,
2615 4434 2734 4496 πῶς
2775 4434 2928 4502 φιλία
2987 4436 3015 4488 ὀ
3042 4435 3237 4506 λόγος;
3276 4438 3660 4510 ἀπαχθείημεν
3711 4444 3792 4513 τῷ

2220 4526 2396 4596 καιρῷ
2429 4526 2509 4579 ἔτι
2544 4541 2559 4556 ’
2591 4525 2975 4596 ὑποπτήξομεν
3008 4528 3110 4598 τὴν.
3131 4530 3383 4594 ἐξουσίαν
3415 4531 3580 4585 πλέον
3608 4533 3642 4603 ἢ
3677 4551 3785 4587 κα..

2219 4618 2326 4683 λῶς
2341 4618 2452 4689 ἔχει
2474 4635 2490 4685 ;
2510 4620 2604 4673 καὶ
2640 4618 2789 4689 ποῦὴ
2816 4621 2966 4689 φωνὴ
2996 4621 3089 4673 τοῦ
3116 4623 3323 4694 Κυρίου
3354 4624 3792 4693 ἀπαγορεύουσα

2218 4711 2310 4765 τὸν
2337 4709 2674 4781 ἀνθρώπινον
2705 4710 2888 4777 φόϐον,
2923 4711 3018 4763 καὶ
3057 4712 3259 4782 μᾶλλον
3300 4714 3668 4785 καθορίζουσα
3696 4715 3792 4769 τὸν

2220 4803 2352 4855 Θεὸν
2388 4802 2565 4873 μόνον,
2591 4802 2676 4871 ἐφ’
2692 4796 2736 4868 ᾧ
2762 4803 2795 4871 ἠ
2818 4803 2966 4855 πᾶσα
2987 4803 3227 4869 ἐξουσία,
3252 4804 3347 4860 καὶ
3371 4807 3405 4875 ἡ
3434 4805 3667 4876 δύναμις
3689 4807 3790 4860 τοῦ

2221 4895 2313 4946 καὶ
2344 4893 2522 4963 ψυχὴν
2546 4894 2640 4945 καὶ
2686 4875 2849 4963 σῶμα
2895 4892 3154 4963 ἐμϐαλεῖν
3193 4897 3273 4957 είς
3313 4895 3538 4963 γέενναν
3575 4875 3790 4965 πυρός;

2218 4986 2322 5039 Φεῦ
2377 4987 2475 5055 τῆς
2533 4983 2951 5055 συμπτώσεωςι
3008 4985 3195 5039 Ἀϐἀλε
3232 4987 3331 5056 τῆς
3389 4985 3786 5055 ὑποπτήξεωξῐ

2221 5079 2306 5147 ἐφ’
2342 5079 2449 5147 ὅτῳ
2483 5072 2577 5131 οὖν
2602 5076 2877 5148 προσώπῳ
2906 5076 2999 5129 καὶ
3031 5076 3267 5146 μάλιστά
3287 5092 3350 5141 γε
3375 5074 3788 5146 χριστιωνύμῳ.

557 5158 891 5217 Christiano.
934 5164 1319 5223 Verumtamen
1370 5170 1475 5226 huc
1514 5173 1641 5226 ades
1675 5173 1895 5235 iterum,
1944 5173 2116 5228 amice

2224 5171 2371 5239 Πλὴν
2404 5170 2553 5239 ὅμως
2580 5168 2741 5240 δεῦρο
2798 5168 2983 5232 πάλιν,
3012 5168 3132 5238 φίλε
3163 5169 3256 5221 καὶ
3287 5166 3445 5237 κύριε
3476 5165 3630 5230 καλὲ,
3657 5169 3795 5220 ἀνα-

559 5264 625 5304 ac
658 5250 880 5308 domine
922 5257 1149 5325 Optime,
1188 5258 1509 5325 excitemur,
1559 5261 1936 5330 paenitentiam
1987 5275 2116 5330 aga—

2224 5260 2530 5330 κληθῶμεν,
2580 5260 3066 5332 μεταμεὴθῶμεν.
3115 5258 3321 5328 Ἑγγὺς
3387 5259 3604 5325 Κύριος
3659 5258 3809 5325 τοῖς,

558 5358 704 5399 mus.
735 5342 909 5416 Prope
936 5357 1016 5401 est
1044 5347 1301 5403 Dominus
1330 5351 1681 5419 qurerentibus
1711 5351 1864 5404 illum
1886 5351 1985 5418 "’*,
2022 5367 2118 5406 nec

2227 5351 2507 5419 ζητοῦσιν
2527 5352 2733 5417 αὑτὸν,
2789 5353 2880 5405 καὶ
2914 5353 2975 5405 οὐ
3016 5349 3259 5422 βούλεται
3309 5349 3408 5419 μὲν
3443 5348 3541 5418 τὴν
3568 5348 3790 5402 πτῶσιν

633 5477 709 5554 ῗθξ
749 5478 980 5551 Philipp.
1013 5498 1073 5544 ιι.
1103 5485 1218 5540 6ο8.
1294 5488 1337 5519 ¹⁰
1377 5486 1536 5542 Joan.
1567 5504 1640 5553 vr,
1670 5487 1758 5544 68.
1837 5489 1916 5522 m‘
1953 5488 2087 5544 ibid.

2284 5490 2327 5520 ’ί
2371 5489 2564 5544 IPctr.
2602 5506 2653 5554 v,
2686 5490 2741 5545 2.
2817 5490 2894 5523 η*
2929 5487 3044 5544 Joel
3075 5504 3138 5552 ιι,
3170 5486 3258 5541 17.
3335 5486 3381 5518 ³³
3425 5484 3560 5540 Luc.
3593 5500 3694 5550 xu,
3733 5485 3791 5539 5.

560 5547 641 5579 ’⁸⁸
667 5548 809 5608 Psal.
842 5547 1020 5619 citltv,
1053 5555 1138 5610 18.
1627 5547 1636 5553 1
2057 5628 2259 5683 ΝυΤίΕ

558 5712 747 5838 milia)
789 5715 867 5772 lbi
904 5718 1305 5791 inscriptionem
1333 5738 1441 5817 non
1473 5722 1672 5782 habent
1704 5723 1918 5782 codices
1950 5738 2111 5794 mss.;
2156 5716 2255 5797 sed
2279 5724 2441 5786 istam
2479 5733 2829 5798 repraesentat
2852 5723 3020 5782 codex
3041 5720 3244 5793 Regius
3276 5720 3330 5776 in
3356 5717 3535 5775 Iudice
3564 5717 3791 5789 Episto—
