3934 6536
260 505 371 570 1437
1403 508 1776 568 ΕΡΙΞΤΟΙΑῘ

1887 511 1943 569 Μ
1999 511 2147 570 LIB.
2187 509 2270 570 Ιῐ.
3307 510 3442 572 1438

257 619 390 691 ἡμῶν
424 617 558 672 κατά
597 635 650 670 τι
706 616 816 670 τῶν
868 617 1336 688 ἁμαρτανομένων
1371 634 1385 646 ·
1419 619 1687 682 πεσόντας
1720 620 1776 673 δὲ

1881 618 1995 672 vult
2041 618 2259 672 ruinam
2310 625 2558 670 nostram
2609 626 2834 687 propter
2887 616 3109 688 aliquod
3164 634 3451 690 perperam

254 716 336 785 ἐρᾷ
355 713 654 766 ἀνίστασθαι
681 711 828 780 ἡμᾶς
845 709 1056 773 θᾶττον,
1081 713 1175 764 καὶ
1206 711 1616 780 ἁμαρτάνοντας
1664 715 1784 766 ἐπι-

255 807 493 876 στρέφειν*
515 806 606 859 καὶ
632 803 789 857 τοῦτο
817 803 1005 866 ὁσάκις
1029 803 1094 856 ἂν
1119 807 1213 856 καὶ
1231 804 1468 874 συμϐαίη
1493 804 1634 857 κατά
1659 821 1782 859 τινα

250 900 562 968 περιπέτειαν
625 895 900 959 ἀϐουλίας.
946 895 1105 949 Εἴποι
1151 897 1194 948 δ’
1243 896 1309 949 ἂν
1347 896 1510 965 τυχὸν
1549 898 1582 966 ἡ
1621 895 1780 965 τιμία

252 1008 326 1043 σου
345 991 496 1062 ψυχή’
529 991 586 1042 Ὀ
620 987 799 1058 βαλὼν
829 988 923 1040 καὶ
971 987 1178 1040 ἰάσεται
1203 1005 1216 1017 ·
1251 983 1474 1040 καὶοῖον
1507 988 1569 1042 τὸ
1599 987 1776 1041 ἐπιτί-

250 1101 352 1154 μιον
375 1101 388 1114 ο
417 1083 564 1137 οὐδὲν
595 1081 705 1153 γὰρ
743 1081 1094 1151 ἁνιάτρευτον
1117 1079 1574 1149 θεραπευόμενον·
1593 1081 1652 1134 οὺ
1681 1080 1778 1150 βαι

246 1177 327 1246 ρὺς
354 1176 469 1246 ὑμῖν
489 1178 514 1229 6
533 1179 632 1246 τῆς
666 1172 908 1244 ἰατρείας
938 1171 1120 1240 λόγος.

357 1379 494 1434 ΡΛΖ¹
525 1377 751 1451 (28).ξ-
779 1377 1433 1447 Προκοπῐῳμονάζοντι.
1467 1377 1652 1452 [χί.,δ’.]

1885 709 2089 764 factum
2117 710 2200 764 ¹³ι
2233 710 2326 764 sed
2357 725 2481 764 cum
2515 711 2896 774 ceciderimus,
2926 719 3079 780 optat
3114 728 3217 767 nos
3265 728 3451 768 resur-

1884 818 2009 872 gere
2065 801 2385 866 confestim,
2438 810 2493 856 et
2536 811 2828 871 peccantes
2886 804 3260 859 converti:et
3315 805 3449 867 hoc,

1879 894 2320 963 quotiescunque
2369 895 2698 963 contigerit,
2755 909 2822 949 ex
2870 895 3112 964 qualibet
3162 898 3452 950 occasione

1878 986 2284 1054 imprudentiae.
2343 985 2550 1038 Dixerit
2605 995 2786 1039 autem
2852 985 3086 1042 fortasse
3147 988 3450 1041 veneranda

1883 1080 2068 1134 anima
2109 1091 2201 1134 tua
2234 1098 2246 1132 :
2275 1080 2376 1144 Qui
2421 1082 2693 1148 percussit
2717 1091 2770 1133 et
2806 1080 3117 1134 sanabit'“
3142 1097 3157 1133 :
3187 1091 3240 1136 et
3272 1082 3450 1150 possi-

1883 1172 2009 1226 bilis
2041 1182 2124 1226 est
2172 1173 2489 1240 poenitentia
2521 1191 2533 1224 :
2565 1171 2701 1224 nihil
2733 1173 2881 1224 enim
2927 1172 3232 1228 insanabile
3279 1173 3326 1227 si
3366 1188 3452 1226 cu-

1881 1273 2052 1319 retur.
2089 1262 2206 1317 Non
2239 1265 2420 1334 gravis
2452 1264 2606 1318 vobis
2634 1275 2718 1318 est
2756 1264 3043 1318 medicinae
3079 1264 3303 1318 mentio.

2174 1379 2480 1435 CXXXVII.
2511 1409 2580 1421 --
2602 1378 2862 1448 Procopio
2890 1381 3164 1433 monac/to.

1245 1490 1588 1553 Reprehendit
1611 1493 1740 1553 quod
1764 1497 1904 1542 extra
1927 1491 2206 1543 coenobium
2227 1493 2460 1556 degeret.

317 1602 443 1670 Δρτι
485 1599 792 1656 ἐπιστέλλω
837 1602 902 1670 τῇ
958 1599 1238 1669 τιμιότητί
1290 1618 1406 1664 σου,
1457 1602 1618 1654 ὁπότε
1681 1601 1770 1655 τὸν

235 1688 451 1744 διάκονον
478 1691 572 1744 τοῦ
591 1692 919 1762 γράμματος
959 1691 1089 1759 ἐμόν
1121 1707 1180 1741 τε
1227 1691 1320 1741 καὶ
1362 1691 1452 1741 σὺν
1492 1685 1668 1760 εὗρον,
1705 1691 1768 1743 οὐ

236 1781 327 1852 μὴν
353 1783 481 1836 ἀλλά
508 1784 605 1836 καὶ
657 1781 1097 1850 παρορμήσαντά
1133 1798 1200 1849 με
1228 1783 1306 1844 εἰς
1332 1782 1461 1832 αὐτὸ
1488 1781 1663 1847 τοῦτο,
1696 1781 1771 1845 ώς

235 1878 314 1926 καὶ
340 1876 431 1945 τῆς
460 1875 739 1938 εὐσεϐείας
772 1891 863 1926 σου
923 1874 1094 1937 οὕτως
1141 1874 1524 1944 ἐπιζητούσης,
1557 1875 1650 1927 καὶ
1680 1892 1768 1942 φι-

233 1964 423 2036 λούσης.
471 1968 630 2021 Ἀλλά
688 1969 864 2036 χαῖρε,
893 1960 936 2019 ὦ
967 1966 1215 2036 ἄνθρωπε
1259 1966 1350 2018 τοῦ
1383 1966 1538 2020 Θεοῦ.
1579 1967 1768 2037 Χαῖρε,

1950 1603 2145 1657 Scriho
2178 1618 2326 1658 nunc
2362 1601 2698 1656 excellentiae
2726 1609 2852 1665 tute,
2891 1597 3114 1668 quando
3139 1597 3444 1651 litterarum

1877 1696 2192 1750 ministrum
2249 1709 2431 1748 meum
2475 1702 2735 1762 tuumque
2791 1700 2985 1746 nactus
3032 1706 3176 1757 sum,
3234 1693 3326 1761 qui
3379 1692 3446 1744 ad

1877 1787 1981 1840 hoc
2028 1788 2203 1856 ipsum
2252 1786 2420 1840 etiam
2471 1800 2558 1838 me
2595 1784 2900 1853 instigavit,
2955 1783 3108 1852 quasi
3144 1786 3313 1852 pietas
3356 1793 3444 1836 tua

1875 1879 1927 1933 id
1955 1879 2140 1946 exigat
2178 1885 2231 1931 et
2279 1885 2444 1930 amet.
2489 1876 2648 1930 Salve
2678 1877 2865 1945 igitur,
2906 1875 3071 1928 homo
3101 1875 3214 1928 Dei.
3263 1874 3442 1938 Salve,

1876 1970 2180 2023 amicorum
2225 1969 2450 2037 optime,
2489 1976 2542 2022 et
2574 1967 2793 2038 quidem
2840 1965 3223 2020 vetustiorum.
3259 1964 3440 2027 Salve,

233 2056 378 2123 φίλων
403 2059 609 2129 ἄριστε,
643 2061 738 2112 καὶ
763 2059 905 2129 μάλα
943 2059 1052 2111 τῶν
1102 2059 1360 2129 ἀρχαίων.
1393 2061 1582 2129 Χαῖρε,
1619 2055 1663 2112 ὦ
1686 2060 1772 2113 εὑ-

1881 2060 2031 2129 eujus
2069 2060 2490 2128 circumspectio
2525 2069 2582 2113 et
2622 2059 2854 2113 scientia
2900 2058 2952 2110 in
3002 2072 3098 2112 ore
3137 2066 3189 2110 et
3218 2057 3447 2111 auribus

230 2147 400 2221 λαϐείᾳ
427 2150 575 2222 [Περ.
605 2159 718 2205 cod.
771 2152 798 2203 6
829 2149 1128 2223 εὐλαϐείᾳ]
1189 2152 1533 2221 περιϐόητος,
1562 2153 1656 2204 καὶ
1713 2154 1770 2205 ὲν

229 2238 404 2303 γνώσει
456 2242 962 2310 ὲξακουτιζόμενος.
1029 2243 1140 2296 Ποῦ
1204 2261 1334 2296 ποτε
1407 2243 1772 2307 ἀπολέλοιπας

230 2332 675 2399 ἡμᾶς,τοσούτοις
722 2335 935 2404 χρόνοις
981 2335 1306 2406 ὑποκρύψας
1357 2353 1447 2388 σου
1485 2336 1545 2388 τὸ
1592 2335 1772 2405 τίμιον

228 2424 524 2493 trp/nummi;
564 2430 661 2491 Τίς
685 2428 742 2480 δὲ
770 2430 798 2480 ὁ
823 2429 1024 2498 τρόπος
1049 2429 1144 2497 τῆς
1175 2427 1314 2480 κατὰ
1341 2428 1438 2496 τὴν
1461 2427 1643 2480 ἑστίαν
1673 2445 1773 2479 πε-

228 2519 490 2588 ριορξσεὼς
513 2538 610 2573 σου
632 2563 645 2583 ,
686 2522 851 2590 μήπω
882 2519 1162 2588 προϊόντος
1196 2518 1292 2571 καὶ
1334 2518 1772 2589 ὲμφανιζομένου

225 2607 468 2680 Maesia;
498 2611 595 2663 καὶ
627 2611 828 2680 τρίτον,
863 2609 949 2661 ἵνα
974 2609 1580 2680 παρρησιαστικώτερον
1595 2610 1773 2680 φήσω,

229 2698 409 2764 μᾶλλον
476 2702 576 2770 μὲν
644 2699 737 2756 οὖν
793 2703 1281 2772 ἀγαπητικώτερον
1311 2719 1325 2731 ·
1382 2703 1602 2769 ἀγάπης
1665 2700 1773 2770 γὰρ

229 2788 360 2851 [διον.
388 2792 447 2844 τδ
484 2793 559 2864 μὴ
604 2793 1030 2846 ὑποστέλλεσθαι
1071 2796 1130 2846 ὲν
1164 2797 1285 2857 ταῖς
1318 2793 1612 2862 ὠφελίμοις
1639 2793 1774 2862 πρὸς

225 2877 301 2930 τὸν
314 2882 681 2954 ἀγαπώμενον
703 2885 1040 2955 ὑπομνήσεσι
1065 2902 1078 2915 ·
1092 2885 1176 2949 τίς
1195 2889 1225 2955 ή
1243 2887 1470 2954 ἐργασία
1491 2904 1584 2938 σου
1601 2885 1738 2955 αὕτη
1757 2903 1770 2917 υ

225 2976 538 3041 πεφευγότος
592 2977 798 3045 κόσμον
828 2978 913 3031 διὰ
951 2978 1053 3047 τῆς
1092 2979 1392 3049 μοναχικῆς
1422 2978 1772 3042 τελειώσεως,

225 3065 308 3116 καὶ
330 3068 509 3122 οἶκαδε
541 3069 708 3123 πάλιν
739 3071 1178 3142 ἀναστρέψαντος
1209 3089 1223 3102 ·
1257 3072 1508 3133 λυθέντος
1559 3071 1776 3138 δεσμῶν

223 3159 750 3226 προπαθείας,τοῦτο
781 3163 892 3232 γὰρ
922 3165 953 3232 ἡ
987 3162 1255 3232 ἀποταγὴ,
1287 3165 1379 3216 καὶ¹
1408 3160 1564 3225 αὖθις
1597 3161 1777 3214 δεθέν-

223 3261 302 3307 τος
319 3250 378 3318 τῇ
418 3253 734 3320 συνοικήσει
759 3254 858 3322 τῆς
885 3253 1080 3320 κυρίας
1106 3254 1204 3319 τῆς
1233 3252 1525 3322 ὁμοζύγου,
1548 3254 1640 3304 καὶ
1669 3250 1776 3303 τών

223 3338 594 3406 θεοφυλάκτων
624 3344 859 3407 τέκνων;
891 3346 983 3397 καὶ
1033 3344 1060 3396 ὃ
1103 3343 1183 3395 ἔτι
1232 3343 1605 3415 ξενικώτερον,
1643 3345 1778 3396 ἀπο-

223 3433 505 3502 καρθέντος
544 3433 622 3504 τῷ
661 3435 761 3503 τῆς
803 3436 1012 3497 ένιαίας
1055 3434 1200 3503 ζωῆς
1254 3435 1636 3503 ίδιώματι,καὶ
1697 3452 1778 3486 τε-

219 3525 518 3592 λειωθέντος
548 3528 627 3597 τῷ
657 3527 784 3597 θείῳ
834 3531 1324 3598 μυσταγωγήματι,
1360 3530 1453 3580 καὶ
1490 3525 1644 3588 αὖθις
1676 3546 1778 3580 κα-

222 3619 558 3687 ρηκομῶντος
606 3621 976 3691 ὲρημικοειδεῖ
1032 3620 1390 3688 πολιτεύματι
1417 3638 1434 3686 ;
1462 3620 1776 3683 Ἕκαστος,

204 3707 338 3774 φησὶ
391 3709 420 3760 ὁ
496 3711 842 3775 Ἀπόστολος,
891 3713 960 3765 ἐν
1006 3710 1081 3779 τῇ
1143 3713 1380 3777 κλήσει,
1438 3709 1476 3777 ᾖ
1529 3709 1776 3775 ἐκλήθη,

213 3803 444 3866 μενέτω.
473 3804 586 3856 Καὶ
621 3805 780 3857 πάλιν
820 3805 1047 3876 ἑτέρωθι
1068 3821 1084 3836 ο
1119 3806 1509 3868 Ἀπρόσκοποι
1542 3804 1780 3872 γίνεσθε

218 3892 308 3944 καὶ
345 3895 686 3960 Ἰουδαίοις,
711 3896 810 3948 καὶ
840 3897 1120 3963 "Ellum.
1158 3897 1258 3949 καὶ
1317 3894 1393 3963 τῇ
1451 3894 1780 3962 Ἐκκλησία

216 3985 312 4038 τοῦ
344 3989 515 4042 Θεοῦ.
557 3989 666 4055 Καὶ
709 3989 940 4058 ἀλλαχοῦ
971 3992 1128 4042 πάλιν
1173 3989 1332 4051 αὐτὸς
1364 3988 1493 4057 περὶ
1542 3986 1735 4040 ἑαυτοῦ
1762 4005 1775 4018 ο

219 4080 292 4130 Οὐ
327 4080 408 4148 μὴ
463 4079 637 4150 φάγω
683 4080 828 4149 κρέα
881 4083 968 4144 είς
1009 4081 1116 4133 τὸν
1155 4080 1360 4141 αἰῶνα,
1400 4082 1500 4132 ἵνα
1553 4079 1638 4148 μὴ
1673 4078 1779 4131 τὸν

215 4162 476 4240 ἀδελφόν
522 4190 644 4241 μου
685 4172 1098 4227 σκανδαλίσω.
1128 4175 1238 4224 Καὶ
1288 4173 1521 4233 ἕκαστος
1571 4172 1633 4222 ἐκ
1682 4169 1776 4222 τοῦ

217 4263 339 4316 ἰδίου
372 4267 662 4335 σχήματος
705 4265 982 4336 γνώριμον
1023 4267 1214 4318 ἑαυτὸν
1256 4266 1569 4334 καθίστησι,
1608 4280 1777 4332 στρα-

212 4357 405 4428 τιώτης
437 4361 505 4411 ὲκ
541 4358 634 4410 τοῦ
685 4361 875 4429 φορεῖν
927 4356 1222 4429 μάχαιραν,
1263 4357 1485 4421 ἀστικὸς
1528 4356 1636 4408 ἀπὸ
1680 4355 1776 4407 τοῦ

197 4451 392 4526 ιφορεῖν
422 4447 794 4518 περιϐόλαιον.
838 4449 949 4501 Καὶ
977 4448 1163 4510 ἀπλῶς
1197 4448 1424 4509 ἕκαστος
1454 4446 1638 4515 σχεδὸν
1669 4445 1779 4496 τῶν

213 4540 263 4590 ὲν
286 4541 500 4611 ἀρχαῖς,
557 4541 590 4610 ἢ
638 4543 878 4610 τέχναις,
929 4542 962 4611 ἣ
1019 4542 1262 4611 μεθόδοις
1316 4541 1385 4592 τὰ
1435 4543 1779 4610 προσήκοντα

211 4633 348 4702 αὑτῷ
384 4634 559 4705 σκεύη
610 4635 932 4703 ἐπιφέρεται
968 4653 980 4665 ·
1007 4633 1130 4686 οὔτε
1174 4635 1282 4703 γὰρ
1321 4632 1502 4703 ἰατρὸς
1555 4648 1782 4700 ποιμαν-

1873 2164 1957 2209 est
1999 2154 2267 2207 omnium.
2316 2151 2548 2205 Ubinam
2587 2152 2802 2205 tandem
2854 2165 2953 2203 nos
3005 2149 3317 2210 deseruisti,
3368 2158 3448 2203 tot

1874 2246 2032 2300 annis
2066 2245 2407 2300 abscondens
2458 2243 2834 2297 honorandam
2871 2242 3062 2296 faciem
3100 2242 3285 2295 tuam?
3312 2241 3446 2306 Quis

1875 2353 2040 2408 porro
2071 2337 2160 2392 hic
2193 2337 2411 2399 modus,
2453 2351 2564 2406 quo
2592 2346 2643 2390 te
2676 2335 2819 2388 intra
2849 2334 3074 2387 domum
3100 2333 3445 2392 conclusisti.

1875 2445 2145 2498 nusquam
2180 2431 2434 2499 prodiens
2457 2436 2511 2481 et
2556 2443 2822 2497 apparens
2854 2426 3110 2495 publice?
3138 2426 3216 2479 Ac
3261 2424 3444 2488 tertio,

1875 2529 1938 2574 ut
1971 2519 2195 2574 liberius
2232 2520 2448 2588 loquar,
2483 2518 2566 2570 vel
2601 2517 2807 2586 potius,
2859 2525 2916 2568 ut
2950 2515 3248 2579 amantius,
3287 2529 3444 2567 amo-

1877 2613 1952 2666 ris
2000 2611 2263 2680 siquidem
2310 2609 2591 2678 proprium
2623 2618 2728 2670 est,
2773 2620 2881 2659 non
2924 2604 3253 2659 subtrahere
3295 2618 3353 2657 se
3389 2602 3444 2656 in

1876 2705 2196 2776 opportunis
2223 2718 2351 2770 erga
2383 2716 2507 2755 eum
2551 2716 2711 2770 quem
2753 2713 2904 2753 ames
2935 2697 3397 2751 admonitionibus
3429 2713 3443 2748 :

1875 2813 2124 2869 quaenam
2159 2805 2246 2850 tua
2287 2795 2477 2848 isthmc
2515 2792 2710 2862 agendi
2749 2792 2911 2854 ratio,
2961 2801 3019 2844 ut
3048 2790 3141 2860 qui
3179 2789 3442 2843 mundum

1875 2908 1973 2962 per
2024 2891 2384 2944 monasticam
2438 2885 2832 2955 perfectionem
2884 2882 3173 2952 eﬂ‘ugeras,
3221 2883 3445 2937 domum

1877 2986 2072 3040 iterum
2104 2985 2181 3038 sis
2203 2997 2457 3036 reversus
2489 2998 2502 3031 :
2532 2980 2626 3048 qui
2653 2978 3003 3032 aﬂectionum
3029 2977 3245 3031 vincula
3277 2991 3447 3030 exue-

1876 3094 2002 3144 ras;
2034 3078 2136 3131 hoc
2169 3077 2313 3130 enim
2364 3085 2442 3128 est
2482 3072 2859 3135 renuntiatio;
2891 3070 3128 3124 dominae
3169 3069 3446 3138 conjugis,

1876 3181 1930 3226 et
1961 3172 2070 3224 Deo
2105 3170 2395 3224 charorum
2447 3165 2742 3219 liberorum
2797 3163 3202 3217 cohabitatione
3248 3162 3446 3215 iterum

1878 3259 2242 3330 astringat-is?
2304 3257 2400 3321 Et,
2459 3256 2603 3326 quod
2663 3254 2990 3322 stupendum
3051 3253 3260 3322 magis,
3321 3251 3447 3319 qui,

1881 3355 2025 3425 quod
2056 3352 2310 3408 solitariae
2334 3351 2457 3404 vitae
2480 3349 2714 3419 insigne,
2747 3349 3011 3403 detonsus
3041 3346 3244 3412 fueras,
3278 3353 3331 3397 et
3369 3344 3448 3397 di-

1881 3450 2007 3502 vina
2064 3447 2368 3500 initiatione
2419 3453 2813 3504 consecratus,
2873 3440 3198 3510 promissam
3253 3451 3451 3491 rursus

1882 3553 2094 3592 comam
2127 3536 2242 3589 alas
2280 3536 2335 3588 in
2380 3549 2585 3587 morem
2635 3530 3029 3588 eremitarum?
3062 3526 3448 3596 Unusquisque,

1882 3631 1956 3683 ait
2004 3628 2318 3696 Apostolus,
2357 3625 2410 3676 in
2455 3640 2562 3693 qua
2592 3623 2864 3675 vocatione
2908 3629 3121 3673 vocatus
3163 3629 3261 3680 est,
3293 3619 3349 3670 in
3388 3634 3451 3670 ea

1880 3728 2182 3790 permaneat
2204 3719 2268 3770 “.
2293 3716 2356 3769 Et
2388 3716 2584 3768 iterum
2611 3714 2769 3767 alibi:
2797 3712 2921 3766 Sine
2945 3711 3233 3778 o/I'ensione
3263 3717 3448 3771 estote,

1879 3823 1927 3866 et
1957 3811 2178 3873 Juda'is,
2232 3819 2281 3864 et
2310 3809 2569 3879 gentibus,
2618 3817 2669 3860 et
2710 3805 2951 3858 Ecclesia
2995 3803 3177 3856 Dei".
3229 3802 3292 3854 Et
3343 3802 3451 3854 alio

1882 3920 2101 3959 rursum
2142 3905 2259 3956 loco
2293 3903 2408 3970 ipse
2450 3900 2516 3954 de
2541 3899 2723 3968 seipso
2753 3914 2768 3951 :
2804 3895 2928 3949 Non
2970 3893 3300 3947 manducabo
3331 3909 3452 3945 car-

1882 4013 1997 4050 nem
2068 3997 2125 4048 in
2179 4004 2471 4057 wternum,
2535 3999 2594 4043 ut
2657 4005 2758 4042 non
2815 3986 3173 4041 scandalizent
3230 3986 3449 4054 fratrem

1881 4105 2053 4142 meum
2075 4088 2143 4139 ".
2177 4086 2244 4140 Et
2276 4084 2655 4153 unusquisque
2681 4097 2746 4135 ex
2777 4080 2996 4150 propria
3030 4078 3205 4133 forma
3252 4092 3452 4146 cogno-

1882 4183 2142 4237 scendum
2187 4194 2245 4234 se
2285 4178 2490 4248 praebet
2525 4195 2537 4230 :
2572 4176 2730 4230 miles
2771 4173 3014 4244 gladium
3067 4182 3320 4240 portans,
3359 4185 3451 4224 ur-

1882 4274 2056 4327 banus
2091 4281 2269 4341 togam
2305 4284 2519 4336 gerens.
2551 4270 2728 4336 Atque
2751 4267 2804 4319 in
2841 4279 3058 4319 summa
3093 4263 3294 4332 singuli
3321 4278 3450 4331 pro-

1881 4367 2195 4437 pemodum,
2233 4363 2326 4433 qui
2378 4362 2784 4431 magistratum,
2811 4358 2896 4411 vel
2939 4367 3136 4422 artem,
3166 4357 3246 4409 vel
3291 4355 3452 4424 cpiti.

1883 4459 2026 4512 cium
2056 4457 2275 4525 aliquod
2307 4455 2651 4523 proﬁtentur,
2684 4450 3039 4520 congruentia
3075 4448 3178 4501 sibi
3214 4447 3450 4515 insignia

1883 4548 2198 4622 praeferunt.
2236 4546 2347 4600 Nec
2393 4545 2539 4598 enim
2580 4541 2923 4612 pastoritium
2954 4541 3163 4609 virgam
3204 4539 3450 4592 medicus

1883 4641 2201 4712 gestandam
2247 4635 2560 4706 sumpserit,
2611 4649 2712 4688 nec
2761 4640 2950 4701 pastor
2995 4631 3216 4700 proprio
3249 4629 3447 4684 medici

211 4725 358 4796 τικὴν
383 4726 582 4797 ῥάϐδον
614 4726 789 4779 ἕλοιτο
818 4726 1104 4796 βαστάζειν
1129 4743 1142 4756 °
1170 4725 1293 4778 οὔτε
1340 4726 1546 4795 ποιμήν
1601 4727 1776 4795 ίατρι⁴

1887 4734 2256 4789 insuumento
2306 4743 2528 4783 manum
2574 4724 2898 4781 admoverit.
2934 4723 3088 4789 Quod
3139 4722 3183 4777 si
3216 4720 3332 4775 haec
3377 4720 3447 4773 ita

211 4817 298 4870 κδν
351 4820 592 4890 ὁργανον
643 4820 737 4872 ἐπὶ
795 4822 955 4889 χεῖρα
1003 4820 1224 4888 έχοι.Εἰ
1268 4819 1324 4871 δὲ
1371 4819 1542 4872 ταῦτα
1578 4817 1776 4882 οὕτως,

213 4910 382 4983 πολλῷ
411 4930 478 4980 γε
527 4912 728 4984 μᾶλλον
760 4913 854 4965 ἐπὶ
881 4911 989 4964 τῶν
1030 4911 1413 4981 πνευματικῶν
1472 4915 1564 4965 καὶ
1622 4912 1777 4982 μεγί-

214 5019 344 5057 στων
366 5006 471 5058 οὐκ
518 5007 723 5071 ὀφείλει
755 5024 836 5070 τις
878 5006 1027 5076 παρά
1060 5005 1127 5058 τὰ
1152 5007 1336 5058 οίκεῖα
1370 5007 1466 5076 τῆς
1502 5006 1780 5058 καταστά-

215 5109 365 5156 σεως,
401 5094 532 5150 οὔτε
565 5096 665 5167 ζῇν
692 5096 817 5150 οὗτε
854 5097 1433 5168 μετασχηματίζεσθαι
1459 5115 1471 5127 ο
1509 5097 1594 5148 ἵνα
1620 5096 1693 5165 μὴ
1719 5095 1779 5147 τὸ

213 5183 597 5256 ἐπηρτημένον
621 5187 772 5257 παρά
785 5187 879 5240 τοῦ
903 5188 1108 5259 Κυρίου
1131 5190 1324 5257 κρῖμα,
1356 5187 1430 5250 ώς
1452 5187 1548 5240 τὸν
1577 5189 1780 5256 κόσμον

216 5278 588 5342 σκανδαλίζων
620 5280 822 5352 ἀποίσῃ
855 5297 868 5310 ο
921 5273 983 5333 οὗ
1042 5283 1331 5351 φύγοιμεν,
1373 5276 1416 5332 ὦ
1445 5279 1738 5350 τριπόθητε
1764 5292 1779 5308 ·

211 5370 299 5420 καὶ
331 5372 572 5440 μάλιστα
603 5373 766 5442 ἡμεῖς
803 5374 851 5424 οἱ
870 5375 963 5425 καὶ
979 5373 1177 5441 γνώσει
1196 5375 1286 5426 καὶ
1311 5371 1503 5442 βαθμῷ
1525 5371 1631 5424 τῶν
1655 5371 1783 5422 πολ-

213 5456 315 5510 λῶν
344 5462 724 5535 διαφέροντες.
763 5464 999 5531 Ἐπειδὴ
1017 5466 1214 5534 κρίσις
1240 5466 1537 5532 ἀπότομος
1567 5463 1636 5516 ἐν
1657 5462 1782 5526 τοῖς

210 5552 636 5624 ὑπερέχουσιν.
678 5557 825 5610 Ὀνδὲ
854 5556 1176 5626 ἐλάχιστος
1207 5556 1616 5628 συγγνωστὸς,
1639 5554 1781 5608 καθὰ

1885 4838 1945 4878 se
1989 4821 2209 4883 habent,
2245 4818 2415 4871 multo
2465 4831 2600 4870 sane
2642 4814 2817 4884 magis
2867 4814 2921 4867 in
2977 4813 3359 4880 spiritualibus
3396 4823 3452 4865 et

1885 4911 2143 4968 maximis
2185 4925 2290 4962 non
2328 4908 2488 4962 debet
2517 4905 2828 4975 quisquam,
2863 4911 3059 4973 praeter
3093 4918 3156 4956 ea
3184 4916 3304 4971 qua:
3336 4909 3449 4954 sta-

1883 5017 1972 5061 tus
2010 5012 2140 5059 sunt
2165 5002 2407 5072 propria,
2439 4999 2525 5053 vel
2554 4999 2607 5052 in
2640 4999 2772 5064 vita,
2797 4996 2881 5051 vel
2912 4997 2965 5049 in
2997 4995 3186 5048 habitu
3222 5001 3451 5048 externo

1883 5110 1992 5167 pra:
2034 5109 2093 5148 se
2141 5091 2308 5156 ferre,
2353 5105 2422 5143 ne
2473 5088 2791 5156 impendens
2832 5103 2862 5140 a
2909 5085 3141 5139 Domino
3182 5082 3449 5152 judicium

1887 5183 2161 5256 perferat,
2218 5191 2478 5250 tanquam
2523 5179 2785 5233 mundum
2834 5175 3237 5231 scandalizans.
3292 5172 3448 5238 Quod

1881 5277 2178 5343 fugiamus,
2231 5289 2263 5327 ο
2314 5271 2639 5327 charissime
2672 5288 2686 5324 :
2720 5285 2820 5323 nos
2863 5267 3189 5337 praesertim,
3227 5266 3318 5334 qui
3355 5280 3448 5319 co-

1880 5367 2120 5436 gnitione
2141 5374 2195 5418 et
2221 5363 2389 5434 gradu
2418 5363 2556 5416 alios
2581 5361 2743 5431 vulgo
2769 5358 3146 5429 praecedimus.
3181 5355 3447 5422 Quoniam

1872 5459 2139 5527 judicium
2179 5457 2526 5510 durissimum
2569 5455 2650 5508 his
2676 5454 2768 5523 qui
2807 5459 3059 5522 prwsunt,
3090 5450 3200 5519 ﬁet.
3235 5440 3448 5518 Exiguo

1880 5553 2018 5604 enim
2051 5549 2354 5604 conceditur
2385 5548 2777 5611 misericordia,
2820 5546 2963 5606 sicut
2993 5546 3258 5615 scriptum
3283 5545 3445 5599 est".

275 5755 323 5787 ”
347 5755 547 5812 Ezech.
569 5772 766 5822 xxxnr,
800 5757 888 5810 Η.
964 5757 1040 5791 τε*
1064 5756 1292 5831 Oseeyt,
1320 5759 1364 5814 ί.
1440 5756 1527 5813 "‘l
1556 5757 1681 5816 Cor.
1714 5771 1808 5820 vn,
1838 5754 1927 5810 20.
2005 5753 2088 5812 "I
2120 5752 2243 5810 Cor.
2267 5768 2322 5823 κ,
2353 5751 2442 5810 52.
2517 5747 2602 5805 “l
2630 5748 2751 5808 Cor.
2773 5764 2888 5818 vin,
2920 5748 3007 5804 l3.
3081 5747 3124 5780 ³⁷
3151 5743 3372 5819 Sap.vi,
3393 5745 3446 5800 6.

1708 5871 1935 5927 NOT/E.

280 5945 396 6016 (28)
436 5943 488 6000 In
515 5945 636 6003 cod.
681 5946 813 6015 Reg.
847 5933 980 6019 ριβυ.
