3934 6498
232 429 344 495 1441

1395 437 1932 504 EPISTULARUM
1982 440 2131 501 LIB.
2171 437 2229 500 II
2244 487 2258 499 .

3321 434 3458 498 1449.

231 563 319 617 μου
355 544 598 614 λέγοντος
619 545 680 599 τὸ
700 543 921 616 ἀληθές.
941 545 1256 616 Γέγραπται
1274 563 1287 578 ’
1319 548 1576 621 Edendi)
1607 554 1770 624 ἑλέτ-

1883 554 1990 608 tius
2012 554 2078 608 ³³.
2102 554 2180 607 Ειι
2211 565 2313 622 ego
2342 549 2530 615 miser,
2564 550 2778 606 tametsi
2805 559 2858 606 te
2886 565 3167 622 nunquam
3195 549 3328 614 vidi,
3352 551 3458 606 hoc

229 641 338 706 ξεις
376 638 477 693 τὸν
524 637 797 706 πλησίον
834 651 974 704 σου,
1019 639 1118 693 καὶ
1152 641 1225 694 οὐ
1261 642 1432 710 λήψῃ
1471 643 1546 696 δι’
1591 645 1780 699 αὑτὸν

228 731 514 801 ἁμαρτίαν.
541 729 674 783 Ἰδοὺ
699 726 809 796 ἐγὼ
835 729 864 780 ό
882 728 1071 794 τάλας,
1097 728 1299 798 καίπερ
1323 731 1397 803 μὴ
1424 733 1546 788 ἰδών
1577 752 1636 788 σε
1660 733 1778 795 πώ-

227 841 372 889 ποτε,
414 821 527 876 ἀλλ’
559 821 642 874 ὅτι
670 821 902 892 ἀδελφὸς
947 821 1091 876 κατὰ
1133 822 1394 892 Χριστὸν,
1436 826 1538 880 οὐκ
1573 828 1780 898 ἠνεγκα

227 916 310 983 τὴν
352 911 515 982 ἀκοὴν
545 911 730 983 φόϐῳ·
774 912 993 984 ἐλεγμῷ
1044 913 1101 967 δὲ
1143 914 1385 984 ἤλεγξα·
1440 920 1780 986 παρακαλῶν

227 1005 575 1076 παρεκάλεσα,
605 1005 971 1076 ἀποδυόμενος
993 1006 1055 1059 τὸ
1087 1009 1285 1078 κρῖμα,
1327 1011 1423 1061 καὶ
1471 1011 1644 1078 φιλῶν
1681 1013 1780 1083 τὴν

227 1096 478 1168 σωτηρίαν
508 1114 626 1152 σου.
658 1097 781 1162 Πῶς
807 1097 974 1161 αὐτὸς
1001 1099 1030 1152 ὁ
1072 1098 1383 1169 ἐγκληθεὶς,
1410 1101 1622 1155 καὶτοῦ
1663 1105 1780 1173 σχί-

225 1206 410 1258 σματος
435 1189 621 1262 πατὴρ
639 1233 654 1256 ,
680 1191 844 1252 οἴσεις
886 1189 947 1243 τὸ
988 1192 1200 1261 κρῖμας
1233 1190 1350 1256 πῶς
1377 1192 1432 1244 δὲ
1464 1193 1778 1266 ἀπολογήσῃ

223 1279 290 1348 τῷ
315 1281 526 1350 Χριστῷ
559 1281 701 1350 ὑπὲρ
724 1279 983 1334 τοσούτου
1019 1279 1152 1333 λαοῦ
1180 1280 1780 1351 εὐθυνόμενοςήΊωάν-

222 1387 302 1422 νου
324 1369 412 1422 τοῦ
439 1370 753 1441 προδρόμου
803 1371 852 1423 εἰ
883 1369 947 1423 τὸ
989 1368 1154 1440 ἔργον
1185 1368 1353 1440 ἔχοις,
1396 1371 1551 1424 κενόν
1584 1388 1644 1424 σε
1681 1374 1780 1442 τῆς

224 1463 476 1532 βασιλείας
501 1463 822 1533 ἀποπέμψει
849 1462 947 1516 τοῦ
977 1463 1136 1529 Θεοῦ,
1159 1465 1208 1517 εί
1236 1463 1310 1535 μὴ
1343 1464 1779 1538 προκαταλάϐοις

220 1553 617 1625 διορθώσασθαι.
663 1555 760 1619 Τίς
796 1554 853 1608 δὲ
887 1557 921 1626 ή
952 1553 1272 1626 διόρθωσις;
1318 1557 1368 1608 εί
1415 1556 1513 1626 μέν
1553 1549 1664 1610 οἷόν
1694 1573 1777 1619 τε,

222 1644 304 1698 σοῦ
332 1647 492 1700 αὑτοῦ
559 1646 856 1714 παρόντος*
908 1647 958 1699 εί
998 1646 1056 1699 δὲ
1098 1646 1204 1718 μὴ,
1238 1647 1305 1701 δι’
1345 1647 1644 1700 ἀποστόλου
1684 1665 1778 1701 σου

219 1736 465 1809 ἀπολογία
493 1739 860 1810 γραμματικῇ
891 1739 1019 1807 περὶ
1043 1732 1119 1792 ὧν
1146 1738 1413 1811 πρότερον
1454 1739 1775 1810 ἑνεκλήθης,

220 1825 393 1881 ἀθωῶν
422 1830 616 1883 ἑαυτὸν
664 1829 752 1882 διὰ
795 1829 897 1897 τῆς
928 1829 1251 1898 ἀπολογίας,
1286 1830 1379 1883 καὶ
1407 1829 1776 1884 ὑποδεικνύων

217 1918 364 1988 ὀρθὴν
408 1919 507 1991 τὴν
552 1920 758 1983 πίστιν,
807 1920 902 1973 καὶ
934 1920 1034 1991 τὴν
1063 1921 1150 1988 ἐφ’
1192 1918 1396 1974 ἆπασιν
1443 1920 1772 1992 ὀρθοτομίαν

217 2011 297 2064 τοῦ
324 2012 478 2080 λόγου
504 2014 606 2085 τῆς
632 2013 909 2084 ἀληθείας.
955 2013 1065 2066 Καὶ
1091 2011 1264 2075 οὕτως
1305 2014 1604 2084 γενομένης
1637 2015 1770 2083 ὀμο-

216 2103 347 2167 νοίας
374 2107 432 2158 ὲν
481 2105 677 2177 Κυρίῳ
703 2148 719 2172 ,
759 2105 820 2158 οὑ
858 2105 1004 2172 λέγω
1054 2104 1192 2174 μετὰ
1237 2104 1393 2158 τοῦδε
1447 2105 1545 2158 καὶ
1590 2105 1766 2170 τοῦδε,

217 2193 341 2247 ἀλλὰ
365 2195 482 2264 μετ’
511 2196 649 2266 έμοῦ
685 2195 848 2266 μόνου
878 2195 973 2250 τοῦ
1006 2194 1288 2261 ταπεινοῦ,
1332 2195 1472 2266 ἧρθη
1503 2195 1564 2248 τὸ
1603 2195 1767 2250 σκάν-

215 2283 356 2339 δαλον
380 2287 443 2340 ὲκ
471 2289 679 2358 μέσου,
729 2285 827 2340 καὶ
870 2286 1116 2355 συνήφθη
1154 2278 1228 2339 ’τὰ
1276 2286 1570 2340 διεστῶτα·
1611 2288 1705 2340 καὶ
1743 2287 1771 2338 ὁ

217 2374 399 2446 Κύριος
440 2379 500 2430 ὲν
546 2370 698 2449 μέσῳ
724 2377 904 2450 ήμῶν,
959 2379 1054 2432 καὶ
1078 2379 1139 2432 οὐ
1181 2378 1672 2450 βλασφημούμενον
1707 2378 1770 2432 τὸ

215 2470 362 2542 ὄνομα
382 2474 546 2528 αὐτοῦ
564 2474 632 2527 δι’
653 2477 683 2544 ἡ
691 2476 797 2545 μᾶς
819 2489 832 2503 '
852 2474 912 2528 οὐ
943 2474 1087 2542 λέγω
1111 2475 1168 2527 ὲν
1190 2477 1302 2537 τοίς
1326 2473 1555 2537 ἔθνεσιν,
1574 2473 1687 2525 ἀλλ’
1709 2474 1769 2526 ὲν

214 2563 308 2623 τοῖς
325 2563 688 2633 Χριπιανοῖς.
706 2564 824 2618 Κᾶν
837 2579 984 2626 τινες
1006 2562 1372 2633 διαφέρωνται
1395 2562 1534 2632 μετὰ
1552 2563 1651 2632 τὴν
1687 2563 1768 2626 είς

215 2651 461 2724 ἀλλήλους
484 2655 807 2727 συμφωνίαν
834 2654 1246 2726 διδαχθήσονται
1275 2656 1370 2709 καὶ
1395 2656 1767 2726 συναφθήσον-

215 2762 293 2800 ται
317 2747 382 2800 δι’
414 2748 575 2820 ἡμῶν
605 2748 782 2802 αὐτῶν
807 2747 918 2802 τῶν
944 2747 1219 2801 ταπεινῶν
1250 2747 1768 2818 ὑπερασπιζομένων

216 2854 285 2903 σε,
325 2840 397 2904 ὠς
441 2841 704 2910 ἐμαυτόν.
738 2840 847 2893 Καὶ
879 2839 1040 2902 ἵλεως
1089 2838 1243 2893 ἔσται
1276 2841 1428 2904 Θεὸς,
1462 2839 1557 2892 καὶ
1588 2841 1616 2892 ὀ
1654 2837 1768 2909 βίος

216 2945 296 2981 σου
323 2931 462 2984 οὕτω
495 2933 792 3002 μακάριος,
818 2931 914 2984 καὶ
943 2931 1005 2984 τὸ
1024 2930 1176 2994 τέλος
1203 2948 1296 2985 σου
1325 2930 1561 2997 αἰνετὸν,
1580 2933 1676 2984 καὶ
1700 2929 1769 2984 τὰ

217 3022 684 3095 ἐγκαταλείμματά
725 3040 820 3077 σου
846 3012 904 3077 ἕν
931 3023 1267 3096 δικαιοσύνῃ.
1305 3023 1437 3076 Ἰδοὺ
1470 3023 1695 3094 δευτέρα
1731 3025 1764 3094 ἠ

217 3115 456 3187 ἐπιστολή
492 3133 599 3187 μου
641 3115 780 3186 αὕτη
811 3117 844 3187 ἡ
872 3115 1120 3185 εὐτελής.
1163 3116 1274 3168 Καὶ
1313 3116 1362 3168 εί
1411 3115 1511 3185 μὲν
1548 3115 1768 3185 δράσεις

1879 661 1991 700 uno
2027 645 2175 716 quod
2204 643 2376 698 frater
2421 645 2476 697 in
2508 642 2732 698 Christo
2767 658 2927 699 meus
2964 658 3047 706 es,
3079 644 3227 712 quod
3269 630 3460 697 audie-

1879 753 1994 792 ram
2037 746 2184 793 metu
2229 752 2339 790 non
2389 735 2516 790 silui
2548 753 2562 790 :
2591 735 2684 789 sed
2714 750 2950 805 arguens
3002 734 3182 806 argui,
3233 734 3458 789 hortans

1879 829 2127 883 hortatus
2160 826 2573 896 sumjudicium
2617 842 2850 890 exuens,
2898 837 2947 881 et
2987 841 3182 880 amans
3213 825 3455 880 salutem

1878 925 2050 970 tuam.
2090 915 2377 981 Quomodo
2418 916 2532 983 ipse
2561 915 2654 984 qui
2701 915 3005 980 accusaris,
3042 921 3097 968 et
3132 913 3456 969 schismatis

1877 1023 1936 1062 es
1976 1015 2186 1070 auctor,
2224 1005 2489 1076 judicium
2531 1005 2868 1060 sustinebis?
2899 1006 3186 1071 Quomodo
3234 1006 3454 1059 Christo

1877 1097 2272 1169 respondebis,
2327 1112 2426 1165 pro
2459 1104 2609 1151 tanto
2662 1106 2807 1152 coetu
2857 1097 3128 1150 rationem
3175 1095 3452 1150 reddens?

1877 1189 2029 1244 Licet
2055 1187 2282 1243 Joannis
2325 1188 2677 1258 prrecursoris
2721 1203 2882 1255 onera
2952 1187 3177 1243 fecisses
3217 1203 3448 1242 vacuum

1878 1289 1931 1336 te
1958 1297 1989 1337 a
2028 1296 2198 1350 regno
2231 1281 2320 1335 Dei
2355 1281 2691 1346 amandabit,
2725 1280 2833 1334 nisi
2885 1290 3126 1335 matures
3165 1281 3451 1335 correctio-

1876 1389 2022 1428 nem.
2081 1375 2341 1440 Quaenam
2393 1389 2559 1444 porro
2616 1381 2700 1428 est
2763 1372 3079 1427 correctio?
3133 1371 3180 1427 si
3229 1371 3448 1442 quidem

1878 1465 1993 1520 fieri
2037 1471 2238 1534 potest,
2289 1465 2464 1534 teipso
2506 1473 2803 1534 praesente;
2849 1463 2934 1518 sin
2993 1464 3198 1528 minus,
3244 1473 3305 1516 ut
3354 1478 3451 1532 per

1877 1555 2152 1610 hominem
2181 1555 2280 1609 abs
2315 1562 2366 1609 te
2391 1554 2615 1618 misum,
2647 1554 2917 1610 insontem
2943 1561 2994 1609 te
3025 1554 3230 1623 scripta
3262 1553 3449 1608 defen-

1877 1647 2032 1703 sione
2065 1647 2390 1718 comprobes
2419 1646 2472 1700 in
2505 1645 2572 1702 iis
2603 1646 2670 1702 de
2693 1645 2895 1716 quibus
2925 1646 3190 1701 hactenus
3215 1659 3444 1700 accusa-

1877 1747 1966 1794 tus
1991 1753 2070 1805 es,
2109 1748 2314 1795 rectam
2351 1738 2536 1803 Iidem,
2575 1747 2900 1808 rectumque
2931 1737 2985 1791 in
3017 1737 3274 1792 omnibus
3303 1738 3448 1792 veri-

1877 1831 2006 1886 tatis
2044 1846 2354 1886 sermonem
2402 1831 2717 1885 ostendens.
2748 1827 2927 1898 Atque
2963 1829 3069 1884 hoc
3105 1827 3273 1883 modo
3304 1827 3447 1882 facta

1803 1905 1846 1960 Β
1878 1921 1928 1972 ἱιι
1971 1921 2205 1975 Domino
2258 1920 2574 1982 concordia.
2634 1934 2743 1973 non
2794 1921 2974 1975 dicam
3023 1934 3148 1973 cum
3205 1918 3313 1973 hoc
3360 1923 3444 1972 vel

1871 2012 1988 2078 illo,
2033 2013 2124 2068 sed
2157 2027 2280 2067 cum
2331 2014 2449 2067 solo
2491 2029 2581 2067 me
2625 2011 2843 2078 humili,
2897 2012 3118 2066 tolletur
3146 2011 3214 2066 de
3257 2012 3444 2066 medio

1870 2104 2208 2170 scandalum,
2238 2112 2293 2159 et
2316 2104 2627 2160 coalescent
2654 2118 2776 2173 quae
2804 2102 3015 2158 divulsa
3053 2110 3180 2157 sunt
3209 2109 3311 2162 :_et
3336 2099 3445 2155 Do-

1869 2197 2054 2251 minus
2093 2195 2146 2250 in
2190 2196 2372 2251 medio
2404 2204 2649 2250 nostrum
2679 2213 2694 2251 :
2724 2207 2780 2250 et
2823 2209 2930 2249 non
2975 2193 3444 2264 blasphemahitur

1827 2310 1830 2314 ·
1869 2303 2069 2342 nomen
2113 2288 2234 2359 ejus
2274 2297 2496 2357 propter
2547 2302 2672 2351 nos,
2721 2302 2832 2341 non
2877 2288 3000 2342 dico
3047 2288 3192 2341 inter
3233 2296 3441 2356 gentes,

1871 2382 1966 2438 sed
2005 2383 2148 2436 inter
2190 2380 2554 2436 Christianos.
2605 2379 2762 2448 Quod
2816 2379 2862 2434 si
2895 2379 2986 2449 qui
3016 2389 3141 2450 post
3194 2379 3462 2434 mutuam“

1870 2474 2218 2530 concordiam
2267 2472 2648 2534 dissenserint,
2689 2471 3051 2536 docebuntur,
3093 2480 3148 2526 et
3183 2469 3444 2526 unientur

1869 2584 1966 2640 per
2009 2581 2110 2622 nos
2142 2565 2401 2628 humiles,
2435 2565 2529 2634 qui
2570 2573 2622 2619 te
2665 2565 2809 2619 sicut
2852 2578 2954 2618 nos
3009 2563 3162 2631 ipsos
3187 2561 3445 2617 defende-

1869 2676 2015 2716 mus.
2060 2659 2128 2714 Et
2161 2658 2431 2730 prepitius
2478 2657 2584 2712 erit
2621 2657 2788 2719 Deus,
2822 2665 2878 2711 et
2906 2657 3016 2710 vita
3058 2663 3150 2708 tua
3179 2653 3358 2720 beata,
3390 2668 3445 2709 et

1870 2755 1994 2808 linis
2032 2761 2160 2807 tuus
2210 2749 2524 2816 laudabilis,
2577 2757 2634 2804 et
2680 2747 2924 2818 reliquiae
2964 2755 3070 2801 tuae
3118 2746 3173 2800 in
3201 2745 3439 2816 justitia.

1870 2844 2010 2900 Ecce
2054 2844 2172 2898 haec
2201 2842 2444 2898 secunda
2489 2851 2572 2896 est
2612 2855 2735 2895 mea
2779 2839 2957 2894 tenuis
2998 2838 3249 2908 epistola.
3278 2836 3358 2894 Ac
3396 2839 3445 2893 si

1870 2940 2094 3009 quidem
2123 2953 2246 3008 qua:
2272 2935 2608 2992 conveniunt
2653 2934 2850 3004 egeris,
2896 2933 3182 2988 declarans
3216 2932 3441 3001 respon-

1870 3035 2115 3102 densque
2152 3031 2221 3086 de
2249 3030 2510 3086 omnibus
2549 3043 2786 3098 quorum
2828 3026 3190 3089 insimularis,
3221 3022 3444 3080 lucrifa-

1870 3135 1990 3179 ctus
2010 3138 2069 3177 cs
2102 3121 2270 3176 frater
2299 3129 2507 3182 noster,
2538 3130 2596 3172 ut
2629 3116 2846 3171 Domini
2879 3130 3011 3170 voce
3042 3125 3261 3169 utamur
3283 3113 3350 3180 ³⁸,
3387 3120 3443 3168 et

214 3205 272 3258 τὰ
295 3205 498 3273 δέοντα,
521 3206 699 3278 δηλῶν
723 3207 817 3261 καὶ⁵
838 3206 1276 3277 ἀπολογούμενος
1303 3223 1370 3259 πε
1379 3207 1432 3278 pi.
1454 3207 1671 3260 πάντων
1689 3199 1766 3259 ὧν

1870 3217 1936 3271 de
1991 3224 2046 3271 te
2091 3213 2326 3269 humiles
2370 3224 2702 3282 magnopere
2755 3209 3079 3280 gaudemus.
3133 3208 3229 3263 Sin
3285 3221 3440 3270 vero,

213 3297 398 3368 ἐγκαλῇ
425 3338 440 3364 ο
476 3299 784 3371 ὲκερδήθης
827 3301 857 3352 ὁ
898 3299 1125 3368 ἀδελφὸς
1172 3299 1352 3370 ἡμῶν,
1402 3298 1766 3368 κυριολέκτως

214 3390 395 3456 εἰπεῖν,
422 3392 519 3445 καὶ
544 3391 807 3463 χαίρομεν
838 3393 932 3446 ἐπὶ
955 3392 1040 3445 σο)⁸
1065 3392 1209 3461 μέγα
1233 3393 1284 3446 οἱ
1309 3392 1574 3446 ταπεινοί.
1595 3393 1659 3446 El
1685 3392 1764 3455 δὲ,

213 3481 332 3553 ὅπερ
364 3485 556 3555 ἀπείη,
605 3485 871 3556 ὲμμείνῃς
902 3486 962 3538 ὲν
988 3487 1055 3556 τῇ
1081 3485 1219 3556 αὐτῇ
1249 3487 1424 3556 σιωπῇ
1454 3485 1548 3539 καὶ
1593 3486 1768 3538 ἀπει-

213 3572 336 3646 θείᾳ,
370 3577 664 3646 βαστάσοις
695 3577 756 3629 τὸ
778 3577 954 3646 κρῖμα
998 3576 1238 3642 αἰώνιον,
1270 3578 1528 3648 ἄπρακτα
1558 3575 1764 3642 ἀσκῶν,

216 3668 397 3734 μᾶλλον
424 3669 483 3722 δὲ
527 3667 786 3740 ὀλεθρίως
828 3670 1030 3740 σχίζων
1055 3671 1146 3722 τὸν
1181 3668 1308 3722 λαὸν
1341 3669 1434 3722 τοῦ
1469 3668 1604 3722 Θεοῦ
1627 3708 1642 3732 ,
1682 3669 1769 3722 διὰ

212 3757 298 3826 τῆς
321 3761 532 3824 οἰκείας
564 3759 931 3832 ίδιοπραγίας.
981 3761 1172 3831 Ἡμεῖς
1217 3761 1271 3813 δὲ
1319 3760 1656 3830 προσέξομεν
1690 3759 1768 3830 τῷ

221 3849 518 3924 ’Δποστόλῳ
541 3851 752 3922 λέγοντι
772 3866 787 3882 °
803 3852 1114 3921 Αἱρετικὸν
1131 3853 1445 3921 ἄνθρωπον
1461 3854 1610 3921 μετὰ
1623 3852 1771 3920 μίαν

211 3939 296 3993 καί
319 3940 612 4014 δευτέραν
640 3946 969 4000 νουθεσίαν
997 3946 1309 4014 παραιτοῦ,
1356 3944 1526 4010 εὶδὼς
1555 3945 1644 3998 ὅτι
1673 3944 1772 4007 ἐξ·

209 4030 521 4097 έστραπται
566 4037 600 4088 ό
652 4035 942 4100 τοιοῦτος,
972 4035 1073 4089 καὶ
1114 4033 1432 4104 ἁμαρτάνει
1474 4033 1563 4086 ὢν
1597 4034 1772 4086 αὺτο-

210 4123 568 4193 κατάκριτος.

349 4264 500 4319 ΡΛΘ¹
533 4265 670 4338 (50).
693 4266 1055 4336 -Στεφάνῳ
1083 4266 1411 4336 ἡγουμένῳ.
1447 4264 1605 4338 [cf/ah]

1865 3309 2010 3380 quod
2038 3307 2202 3371 absit,
2244 3307 2298 3360 in
2343 3306 2535 3361 eodem
2569 3303 2787 3359 silentio
2825 3310 2880 3356 et
2908 3300 3281 3356 inobedientia
3315 3315 3441 3370 per-

1866 3399 2092 3464 stiteris,
2126 3397 2400 3468 judicium
2437 3395 2679 3466 perieres
2705 3393 3124 3464 sempiternum,
3155 3394 3439 3448 incassum

1867 3501 1922 3547 te
1951 3504 2240 3554 exercens,
2278 3496 2375 3543 aut
2416 3490 2599 3557 potius
2627 3487 2858 3543 exitiose
2899 3485 3147 3540 dividens
3174 3485 3438 3555 populum

1869 3582 1964 3639 Dei
1989 3598 2086 3654 per
2114 3583 2380 3652 privatam
2411 3590 2559 3634 tuam
2584 3581 2883 3635 actionem.
2907 3577 3016 3633 Nos
3042 3592 3172 3632 vero
3197 3579 3438 3647 Aposto-

1864 3675 1980 3730 lum
2017 3675 2307 3729 audiemus
2335 3672 2602 3727 dicentem
2630 3690 2645 3726 :
2679 3670 3004 3726 ereticunt
3030 3669 3290 3722 hominem
3318 3676 3438 3737 post

1870 3785 2029 3824 unam
2067 3777 2116 3822 et
2145 3767 2429 3822 secundam
2473 3765 2848 3834 correptionem
2876 3763 3070 3827 devita,
3115 3762 3286 3816 sciens
3315 3763 3441 3830 quia

1871 3861 2149 3916 subversas
2186 3869 2262 3913 est
2285 3860 2375 3928 qui
2405 3856 2666 3926 ejusmodi
2687 3863 2784 3918 est,
2825 3863 2876 3909 et
2910 3853 3188 3925 delinquit,
3221 3867 3340 3906 cum
3369 3851 3440 3904 sit

1871 3956 2085 4025 proprio
2112 3953 2322 4023 judicio
2350 3952 2729 4005 condemnatus
2752 3949 2798 3980 ³⁸

2140 4261 2423 4319 CXXXIX.
2454 4293 2522 4303 —
2557 4258 2820 4329 Stephano
2867 4255 3172 4328 praeposito.

708 4377 842 4429 Nihil
865 4386 1036 4429 vetare
1057 4379 1319 4442 quominus
1351 4379 1538 4429 mensis
1556 4378 1872 4439 benedicant,
1905 4375 1991 4441 qui
2023 4384 2133 4439 post
2156 4378 2349 4439 lapsum
2382 4371 2730 4438 plenitentiam
2753 4383 2925 4433 egere.

283 4483 343 4536 Ἢ
391 4483 658 4556 συχνότης
693 4484 804 4538 τῶν
841 4485 1186 4565 γραμμᾴτων
1230 4485 1613 4555 πυκνουμένην
1660 4486 1768 4539 δεί-

1939 4483 2216 4540 Crebritas
2248 4482 2552 4535 litterarum
2582 4477 2958 4532 vehementem
2984 4471 3222 4527 ostendit
3253 4470 3437 4524 chari-

211 4591 350 4628 κνυσι
371 4577 470 4648 τὴν
499 4579 724 4646 ἀγάπην
753 4581 852 4650 τῆς
879 4579 1196 4648 τιμιότητός
1225 4595 1346 4642 σου,
1373 4577 1625 4647 πατρικῷ
1653 4577 1764 4630 ἔθει

212 4667 642 4752 ἐπερειδομένην.
687 4671 953 4732 Κάκεῖνος
977 4671 1086 4740 γὰρ
1106 4672 1147 4724 ’ὁ
1182 4671 1450 4740 μακάριος
1481 4671 1616 4739 πρὸς
1652 4672 1765 4731 τοῖς

209 4754 374 4822 ἄλλοις
410 4759 579 4814 αὑτοῦ
622 4759 1037 4831 κατορθώμασι,
1079 4763 1174 4814 καὶ
1199 4762 1335 4831 τῷδε
1365 4760 1445 4832 τῷ
1475 4761 1765 4830 ἐπιτηδεύ-

214 4862 330 4914 ματι
356 4850 704 4922 δημιουργῶν
733 4848 800 4924 ἦν
823 4852 958 4923 πρὸς
977 4854 1103 4914 τοὺς
1134 4851 1393 4920 ἀδελφοὺς
1417 4852 1478 4904 τὸ
1504 4853 1600 4921 τῆς
1629 4851 1765 4918 ἁγά-

213 4953 308 5010 πης
340 4942 526 4998 καλόν.
554 4943 738 5015 Γράςρε
771 4944 973 5011 τοίνυν,
1022 4937 1066 4997 ὦ
1113 4945 1425 5015 τριπόθητε,
1463 4946 1764 5016 πατρώξοιν

212 5030 262 5081 ὲν
299 5032 507 5101 τούτῳ,
549 5035 696 5105 ἡμᾶς
742 5053 802 5089 τε
849 5036 1033 5107 ἡδίους
1081 5036 1249 5091 ποιῶν
1293 5037 1370 5108 τῷ
1416 5041 1629 5108 συνεχεῖ
1672 5038 1766 5092 τοῦ

213 5118 537 5192 φθέγματος.
602 5126 693 5197 Μὴ
765 5128 949 5197 μέντοι
986 5129 1248 5194 ἐπαίνει,
1317 5131 1448 5200 μηδὲ
1509 5131 1768 5201 σύγκρινε

214 5215 383 5282 χρυσῷ
409 5215 684 5285 μόλιϐδον,
719 5219 852 5288 μηδὲ
884 5221 1197 5291 μαργαρίτῃ
1230 5221 1421 5291 πηλόν.
1456 5222 1767 5292 Προσεύχου

211 5301 261 5355 δὲ
302 5309 524 5373 μᾶλλον,
573 5311 669 5363 καὶ
708 5311 862 5380 ὑμῶν
889 5312 997 5364 τῶν
1039 5313 1250 5366 ἐκείνου
1293 5312 1507 5365 ὀπαδῶν
1540 5314 1767 5365 κατόπιν

215 5393 371 5449 ἰέναι’
399 5400 487 5454 διὰ
517 5401 579 5453 τὸ
617 5401 838 5472 ἀχρεῖόν
883 5421 948 5473 με
993 5399 1134 5458 εἶναι
1166 5407 1224 5456 ὲν
1259 5407 1425 5458 πᾶσιο
1463 5405 1564 5458 κᾶν
1602 5404 1766 5467 αὐτὸς

211 5486 526 5556 ὠφελεῖσθαι
552 5493 735 5564 λέγοις
759 5481 896 5568 πρὸς
920 5498 1077 5568 ἡμῶν
1101 5498 1207 5554 τῶν
1227 5498 1516 5567 ἀνωφελῶν
1543 5500 1766 5569 ἀγαπη-

274 5610 317 5642 ³³
338 5611 504 5670 Eccli.
531 5631 646 5677 xix.
681 5617 785 5686 l7;
828 5633 966 5682 χχιι,
1002 5619 1084 5675 15.
1163 5623 1208 5653 ³⁸
1232 5619 1420 5678 Matth.
1455 5638 1605 5688 xvm,
1647 5621 1730 5676 15.

1868 4585 2030 4630 tatem
2078 4573 2394 4628 reverentiae
2433 4581 2558 4636 tuae,
2603 4570 2658 4624 in
2707 4577 2936 4639 paterno
2978 4581 3131 4620 more
3180 4575 3439 4619 constan—

1868 4682 1998 4727 tem.
2031 4672 2165 4726 Nam
2194 4681 2248 4726 et
2271 4672 2466 4726 beatus
2490 4671 2599 4735 ille,
2624 4669 2764 4723 inter
2787 4667 2890 4722 alia
2921 4665 3135 4736 egregia
3167 4661 3436 4721 facinora,

1867 4768 1971 4822 hoc
2004 4768 2167 4822 etiam
2209 4767 2502 4836 pulchrum
2551 4762 2836 4819 charitatis
2869 4760 3108 4815 studiunt
3148 4756 3290 4826 apud
3328 4754 3440 4807 fra-

1869 4868 1978 4914 tres
2028 4859 2261 4914 fovebat.
2313 4857 2503 4912 Scribe
2559 4855 2746 4925 igitur,
2798 4852 3178 4915 dilectissime,
3220 4847 3436 4901 Patrem

1870 4953 2093 5006 imitans
2128 4952 2230 5006 hac
2277 4951 2330 5004 in
2366 4958 2540 5020 parte,
2588 4962 2798 5016 nosque
2842 4946 3160 4999 exhilarans
3203 4939 3438 4994 assidui-

1869 5051 1981 5096 tate
2023 5040 2314 5096 scrmonis.
2369 5041 2617 5093 Attamen
2671 5052 2740 5091 ne
2773 5035 2956 5097 lauda,
3011 5046 3111 5086 nec
3150 5029 3434 5100 plumbum

1869 5149 1996 5188 cum
2044 5148 2178 5186 auro
2227 5145 2506 5200 compara,
2559 5143 2660 5183 nec
2709 5128 2885 5180 lutum
2934 5139 3057 5178 cum
3119 5118 3433 5189 margarita.

1871 5225 2010 5292 Quin
2053 5225 2234 5294 potius
2289 5238 2385 5277 ora
2443 5229 2502 5274 ut
2547 5234 2646 5273 vos
2697 5219 2845 5273 illius
2882 5223 3241 5271 assectatores
3293 5226 3438 5280 pone

1871 5317 2303 5384 subsequamur;
2340 5313 2468 5383 quia
2502 5311 2709 5365 inutilis
2747 5325 2849 5380 ego
2875 5323 2996 5364 sum
3035 5307 3088 5360 in
3130 5303 3388 5358 omnibus
3420 5319 3433 5354 :

1873 5409 2088 5463 tametsi
2121 5406 2322 5461 amoris
2352 5406 2402 5459 vi
2442 5405 2719 5474 abreptus,
2745 5403 2925 5473 juvari
2959 5410 3008 5455 te
3046 5399 3199 5454 dicas
3228 5395 3438 5450 inutili-

1873 5498 1976 5553 bus
2008 5496 2356 5553 sermonibus
2393 5495 2619 5552 nostris.
2665 5492 2819 5559 Quod
2851 5492 2896 5548 si
2946 5504 3052 5561 qua
3088 5488 3184 5544 tibi
3227 5485 3438 5542 utilitas

1822 5620 1865 5652 ³³
1891 5619 1998 5676 Tit.
2029 5635 2112 5686 ιιι,
2141 5617 2228 5674 10.

1696 5740 1921 5796 NOTAE.

275 5845 381 5920 (50)
413 5847 470 5904 lu
500 5850 620 5907 (od.
661 5851 790 5923 lleg.
831 5860 955 5922 ρνε’.
1032 5806 1039 5813 .
