3934 6458
477 370 615 436 1443

1671 377 1732 437 S.
1777 375 2169 437 THEODORI
2213 377 2559 438 STUDIT/E

3619 373 3758 439 1444

474 487 687 556 obtigit,
724 486 835 541 Deo
895 487 1279 543 ascrihendum
1327 495 1435 552 est,
1469 488 1562 559 qui
1603 504 1725 557 quae
1769 488 2053 558 profutura

2161 489 2325 555 τικῶς
2374 492 2700 561 φερόμενος.
2737 491 2797 545 Ei
2834 489 2893 543 δὲ
2924 488 3018 543 καί
3065 507 3117 543 τι
3162 488 3491 560 ὀνησιφόρον
3535 506 3632 543 σου
3669 490 3758 559 γί-

476 592 629 644 ειιηῑ,
677 582 818 636 inter
865 582 968 637 hos
1016 583 1250 652 illosque
1291 593 1485 637 mutuo
1521 583 1825 653 dispensat.
1876 585 2057 654 Atque

472 676 591 730 ha'c
634 676 707 730 ita
745 676 875 731 sint.
925 675 1002 730 De
1055 691 1120 730 eo
1167 685 1347 730 autem
1389 678 1538 746 quod
1583 680 1651 731 ab
1699 677 1769 731 iis
1815 678 1909 747 qui
1960 692 2085 747 per-

472 770 851 838 paenitentiam
897 769 1063 824 erecti
1115 778 1264 839 sunt,
1315 769 1533 838 signum
1598 769 1652 823 in
1707 785 1914 831 mensa,
1962 780 2059 825 aut

472 860 581 914 alia
629 861 888 931 quapiam
929 861 1223 916 occasione
1266 861 1392 916 fieri
1422 862 1845 931 approbaverint
1894 863 1931 917 ii
1963 863 2057 932 qui

471 951 686 1020 lapsmn
710 955 820 1022 jam
848 960 1167 1017 evaserant;
1194 953 1308 1022 jam
1338 967 1366 1005 a
1390 954 1595 1007 sanctis
1616 952 1869 1007 Patribus
1890 968 2060 1023 prope

472 1044 706 1097 dixerim
738 1045 997 1117 synodice
1020 1045 1351 1115 inquisitum
1383 1053 1438 1100 et
1470 1046 1751 1100 decretum
1782 1057 1881 1110 est,
1918 1046 2060 1100 bene

470 1134 692 1197 habere,
732 1137 777 1190 si
811 1144 867 1189 et
896 1151 1000 1191 nos
1032 1136 1270 1191 humiles
1315 1152 1429 1190 rem
1478 1138 1674 1192 merito
1717 1138 2056 1207 probandam

472 1226 876 1293 custodiamus,
910 1236 964 1281 et
1004 1227 1128 1282 aliis
1155 1227 1460 1283 tradamus.

547 1400 603 1455 Si
634 1418 765 1474 ergo
798 1412 853 1457 et
884 1403 997 1471 ipse
1029 1402 1111 1457 vis
1151 1399 1205 1456 id
1250 1416 1490 1467 servare,
1548 1411 1603 1457 et
1656 1402 1947 1458 laudamus
2007 1410 2063 1457 et

472 1492 838 1548 admittimus.
880 1493 1037 1559 Quod
1064 1495 1209 1549 enim
1237 1503 1474 1549 renuunt
1504 1496 1752 1564 quidam,
1782 1495 2056 1563 supersti-

474 1584 641 1637 tionis
695 1598 832 1652 opus
872 1593 976 1647 est,
1015 1601 1178 1653 quam
1221 1585 1572 1655 reprehendit
1607 1585 1922 1655 Apostolus,
1965 1587 2061 1641 sed

472 1691 594 1744 qua:
627 1691 727 1730 nec
771 1676 875 1744 legi
908 1686 1272 1730 consentanea
1325 1678 1414 1741 sit,
1467 1693 1568 1732 nec
1606 1677 1864 1736 fraternae
1920 1677 2060 1733 dile-

471 1768 660 1822 ctioni.
702 1765 858 1822 Unde
900 1783 1136 1837 namque
1186 1777 1361 1823 tutum
1395 1770 1449 1825 id
1482 1786 1601 1825 esse
1623 1770 2053 1836 confirmabunt,

2164 599 2329 645 νοιτο,
2353 582 2473 650 Θεῷ
2494 584 2554 637 τὸ
2579 584 2811 655 πρᾶγμα
2834 582 3150 644 ἀναθετέον,
3175 582 3254 652 τῷ
3286 580 3355 634 δι’
3379 581 3633 653 ἀλλήλων
3657 584 3757 636 καὶ

2165 675 2223 726 ὲν
2251 673 2505 743 ἀλλήλοις
2549 671 2925 741 οἰκονομοῦντι
2973 672 3045 725 τὰ
3072 672 3215 726 κατά
3262 673 3474 744 χρείαν.
3524 668 3649 725 Εἶεν
3689 673 3756 744 δὴ

2165 767 2361 821 ταῦτα.
2410 767 2553 838 Πρὸς
2600 765 2658 819 δὲ
2705 767 2815 818 τῶν
2866 766 2931 819 ὲκ
2987 767 3275 835 μετανοίας
3320 767 3755 838 ἀνασφηλάντων

2168 860 2442 930 σφραγῖδα
2467 860 2560 912 ἐπὶ
2587 858 2892 929 τραπέζης,
2917 858 2951 928 ἦ
2992 858 3134 911 κατά
3162 859 3330 928 ἄλλην
3350 859 3475 913 τινὰ
3509 858 3753 930 περιπέ-

2164 968 2317 1005 τειαν
2343 950 2588 1020 δεδέχθαι
2612 950 2737 1014 τοὺς
2766 949 2870 1019 ἤδη
2911 948 3353 1018 διαπεφευγότας
3391 950 3482 1002 τὸν
3505 948 3751 1002 ὄλισθον·

2165 1044 2269 1115 ἤδη
2314 1043 2409 1095 ἐπὶ
2463 1042 2723 1113 Πατέρων
2781 1041 2952 1109 ἀγίων
2992 1040 3180 1111 σχεδὸν
3224 1041 3401 1093 εἰπεῖν
3451 1040 3755 1103 συνοδικῶς

2169 1133 2507 1203 συνεζητήθη
2536 1134 2632 1186 καὶ
2666 1130 3065 1204 συνεκροτήθη,
3098 1127 3157 1185 εὖ
3187 1131 3332 1201 ἒχειν
3358 1130 3605 1200 καὶλήμῖν
3635 1136 3754 1195 τοῖς

2164 1229 2442 1289 ταπεινοῖς
2470 1226 2836 1279 εὑαπόδεκτον
2860 1226 2920 1279 τὸ
2944 1226 3180 1294 πρᾶγμα
3202 1224 3631 1294 φυλαττόμενον,
3656 1225 3755 1277 καὶ

2167 1318 2348 1380 ἄλλοις
2376 1316 2811 1387 μεταδιδόμενον.

2238 1410 2302 1462 Εἰ
2332 1409 2427 1463 οῦν
2457 1410 2551 1461 καὶ
2577 1407 2742 1473 αὐτὸς
2775 1406 2919 1461 οὓτω
2950 1407 3162 1478 βούλοιο
3190 1410 3432 1480 κρατεῖν,
3459 1409 3551 1461 καὶ
3585 1411 3751 1462 ἐπαι-

2168 1500 2367 1571 νοῦμεν
2409 1500 2505 1553 καὶ
2549 1499 2944 1571 ἀποδεχόμεθα.
2994 1500 3067 1554 Τὸ
3108 1503 3218 1573 γάρ
3249 1519 3406 1564 τινας
3450 1501 3753 1553 ἀπαναίνε-

2171 1592 2315 1663 σθαι,
2355 1591 2810 1662 ὲθελοθρησκείας
2858 1592 3007 1645 ἐστὶν
3042 1591 3208 1662 ἔργον
3252 1591 3751 1662 κατηγορουμένης

2169 1685 2275 1739 ὑπὸ
2302 1685 2398 1738 τοῦ
2439 1684 2788 1748 ’Λποστόλου,
2819 1684 2934 1738 ἀλλ’
2964 1685 3065 1739 οὐκ
3090 1685 3321 1757 ἐχούσης
3347 1685 3472 1739 οὔτε
3500 1686 3561 1739 τὸ
3592 1688 3751 1738 ἒννο-

2172 1794 2292 1848 μον,
2325 1776 2451 1829 οὔτε
2494 1776 2555 1829 τὸ
2597 1776 2940 1846 φιλάδελφον.
2975 1775 3146 1829 Πόθεν
3189 1777 3299 1847 γὰρ
3348 1778 3646 1848 ὲρείδονται
3685 1777 3750 1829 τὸ

470 1876 594 1914 cum
626 1875 729 1914 nec
766 1876 942 1915 canon
987 1868 1162 1915 exstet
1224 1863 1319 1931 qui
1368 1864 1578 1917 sanciat
1610 1904 1626 1931 ,
1682 1879 1785 1918 nec
1834 1864 2052 1921 divinus

2161 1871 2397 1940 ἀσφαλὲς
2429 1870 2574 1941 ἔχειν
2600 1912 2615 1935 ,
2656 1871 2798 1941 μήτε
2830 1871 3056 1934 κανόνος
3088 1869 3458 1934 θεσπίζοντος,
3481 1870 3621 1940 μήτε
3647 1869 3747 1923 τοῦ

471 1950 763 2005 hicrarcha
826 1959 1013 2007 noster
1054 1952 1157 2007 hoc
1212 1954 1382 2023 recipi
1412 1970 1441 2008 a
1470 1956 1628 2010 nobis
1661 1955 1827 2010 velit?
1852 1958 2050 2011 Annon

468 2044 654 2111 potius
686 2044 917 2099 destruit
946 2045 1346 2113 pmnitentiam,
1386 2055 1440 2101 et
1480 2047 1920 2115 desperationem
1966 2048 2050 2103 af-

469 2134 578 2189 fert
605 2135 841 2191 salutis?
871 2145 949 2203 ut,
982 2138 1070 2191 cui
1102 2148 1443 2192 sacramenta
1483 2140 1810 2209 participare
1857 2156 2053 2196 conce-

469 2227 639 2289 ditur,
682 2238 736 2280 et
774 2230 991 2297 signare
1043 2231 1288 2299 seipsum
1343 2247 1562 2286 crucem
1600 2232 1861 2303 imagine,
1922 2235 2050 2293 huic

470 2333 582 2370 non
624 2318 783 2371 liceat
814 2318 997 2372 cibum
1031 2334 1378 2374 communem
1417 2320 1501 2375 vel
1530 2322 1787 2390 privatim
1836 2325 1924 2380 vel
1948 2342 2051 2396 pu-

468 2408 610 2461 blice
641 2408 971 2479 obsignare?
1016 2411 1098 2463 An
1146 2411 1424 2466 nescimus
1477 2412 1683 2467 bonum
1730 2414 1900 2469 Deum
1954 2433 2052 2471 no-

468 2512 642 2555 strum
682 2512 736 2556 et
778 2500 1092 2566 Dominum,
1148 2503 1241 2572 qui
1293 2503 1447 2559 solus
1478 2520 1676 2574 expers
1707 2516 1791 2562 est
1820 2512 2048 2578 peccati,

467 2604 521 2646 et
548 2594 689 2647 tollit
722 2604 1004 2663 peccatum
1046 2596 1261 2662 mundi,
1298 2598 1590 2666 pertulisse
1634 2610 1693 2653 ut
1728 2600 2051 2657 immacula-

472 2697 555 2741 tos
586 2686 759 2756 ipsius
788 2687 955 2756 pedes
986 2689 1244 2742 meretrix
1277 2690 1535 2746 manibus
1561 2700 1831 2762 tangeret,
1876 2710 2049 2765 unge-

468 2787 659 2848 retque
718 2781 974 2851 lacrymis
1029 2781 1233 2850 pariter
1269 2791 1323 2837 et
1358 2786 1673 2855 unguento?
1712 2785 1819 2842 Sed
1839 2797 1893 2843 et
1925 2804 2047 2843 cum

470 2871 778 2940 publicanis
836 2873 1153 2938 ntanducat,
1193 2883 1248 2929 et
1307 2877 1449 2945 apud
1486 2877 1832 2946 publicanos,
1871 2894 1926 2934 et
1948 2897 2051 2951 pu-

470 2964 717 3019 blicanos
746 2962 908 3019 habet
947 2966 1252 3035 discipulos
1294 2984 1310 3020 :
1356 2970 1599 3040 nihilque
1630 2972 1709 3025 illi
1752 2973 1887 3028 adeo
1917 2975 2052 3030 cha—

471 3073 593 3111 rum
623 3067 724 3125 est,
756 3074 820 3113 ac
845 3062 1133 3115 conversio
1162 3078 1189 3114 a
1223 3072 1467 3131 peccato,
1513 3076 1564 3119 et
1596 3074 1785 3120 mutua
1810 3067 2050 3123 dilectio.

471 3150 600 3204 inde
632 3160 686 3204 et
732 3152 953 3220 agnosci
1005 3153 1306 3221 discipulos
1355 3168 1486 3209 suos
1526 3154 1811 3224 designat:
1850 3166 1905 3212 et
1929 3160 2053 3229 qui-

472 3241 596 3296 dem
631 3243 846 3296 beatum
876 3241 1114 3307 Petrum,
1148 3251 1269 3311 post
1300 3246 1671 3313 negationem,
1715 3247 2048 3317 reliquorum

472 3336 847 3399 apostolorum
880 3336 1181 3406 principem
1210 3340 1487 3392 renuntiat
1520 3354 1664 3408 :quo
1710 3341 1840 3409 quid
1873 3342 2050 3410 majus

471 3429 537 3482 ad
594 3430 669 3482 rei
745 3430 1037 3499 propositae
1121 3432 1627 3487 conﬁrmationem?
1707 3434 1847 3501 Quid
1920 3452 2049 3492 vero

471 3520 778 3576 dementius
808 3522 876 3575 iis
905 3523 998 3591 qui
1025 3537 1143 3587 eos,
1186 3525 1279 3585 qui
1321 3540 1387 3578 ex
1424 3528 1742 3594 pcenitentia
1791 3528 2047 3583 meliores

467 3612 579 3680 jam
611 3612 739 3669 facti
774 3625 920 3677 sunt,
952 3616 1170 3684 signare
1213 3624 1267 3669 et
1309 3629 1490 3681 orare,
1534 3618 1783 3687 imperite
1813 3630 1867 3674 et
1897 3636 2049 3674 arro-

472 3717 662 3776 ganter
699 3723 805 3760 non
835 3708 1125 3762 admittunt
1150 3708 1172 3761 ?
1197 3706 1308 3763 Nos
1337 3710 1518 3779 itaque
1542 3712 1777 3767 humiles
1805 3714 1888 3768 sic
1916 3730 2048 3769 sen-

474 3800 659 3862 timus,
710 3809 770 3853 ut
808 3800 1010 3855 dictum
1059 3814 1159 3867 est,
1197 3810 1251 3856 et
1290 3804 1444 3857 vobis
1497 3803 1548 3857 id
1586 3806 1903 3862 suademus.
1943 3807 2049 3863 Alii

471 3892 566 3961 qui
600 3892 759 3945 aliter
787 3894 1049 3958 sentiunt,
1074 3892 1141 3947 de
1165 3898 1268 3947 hoc
1295 3895 1575 3950 videbunt.
1605 3894 1715 3951 Nos
1742 3898 1809 3952 ad
1839 3916 1901 3952 ea
1928 3915 2050 3969 qua:

474 3987 694 4040 Simeon
737 3983 908 4039 frater
963 3996 1149 4041 noster
1199 3980 1558 4059 interrogavit
1605 3992 1988 4060 respondimus
2029 4009 2043 4046 :

469 4080 829 4149 cupimusque
862 4079 1135 4143 humiles,
1187 4090 1247 4134 ut
1289 4081 1468 4144 vobis,
1504 4082 1638 4137 viris
1687 4084 2044 4151 honorandis,

472 4172 539 4225 ad
570 4171 802 4240 quietem
836 4171 1028 4226 cedant
1059 4170 1112 4224 in
1137 4171 1392 4227 omnibus
1419 4189 1434 4240 ;
1474 4182 1528 4228 et
1560 4184 1811 4244 optamus
1845 4176 2045 4233 illaesos

472 4278 569 4317 vos
596 4264 648 4315 in
679 4262 938 4317 omnibus
972 4262 1261 4317 custodiri.

723 4454 883 4511 CXL.
915 4484 989 4499 —
1015 4455 1349 4513 Catechetica
1375 4459 1443 4512 ad
1469 4458 1778 4529 Cyzicenos.

2158 1962 2447 2017 θεσπεσίου
2493 1962 2651 2033 ἡμῶν
2694 1963 2949 2034 ἱερὰρχου
2989 1963 3350 2034 ἀπείργοντος
3394 1964 3540 2033 ἡμᾶς
3580 1960 3748 2014 τοῦτο

2156 2054 2436 2126 δέχεσθαις
2472 2055 2543 2107 Ἦ
2586 2055 2707 2124 οὐχὶ
2754 2054 2955 2124 μᾶλλον
3012 2054 3358 2123 ἀναιρετικὸν
3404 2055 3522 2105 ἐστι
3574 2070 3748 2121 μετα-

2157 2150 2323 2212 νοίας,
2382 2147 2476 2200 καὶ
2526 2146 2941 2213 ἀπογνωστικόν
3002 2147 3121 2199 ἐστι
3171 2145 3472 2216 σωτηρίαςς
3534 2144 3597 2197 τὸ
3647 2146 3748 2197 τὸν

2157 2237 2477 2307 ἀξιούμενον
2527 2235 2780 2306 μετέχειν
2808 2235 2917 2289 τῶν
2946 2235 3329 2305 ἀγιασμάτων,
3358 2236 3452 2313 καὶ
3478 2234 3747 2303 σημειοῦν

2158 2333 2349 2385 ἑαυτὸν
2372 2334 2439 2402 τῇ
2470 2331 2807 2401 σταυροειδεῖ
2835 2332 3005 2382 εἰκόνι
3031 2368 3045 2394 ,
3081 2331 3155 2400 μὴ
3188 2328 3392 2396 ἐξεῖναι
3414 2328 3745 2399 σφραγίζειν

2159 2423 2356 2494 βρῶμα.
2388 2422 2589 2484 κοινὸν,
2622 2421 2731 2474 εἴτε
2764 2420 2869 2492 ἰδίᾳ
2896 2418 3010 2472 εἴτε
3037 2419 3273 2490 δημοσίᾳ
3299 2436 3313 2483 ;
3346 2420 3418 2471 ’Ἡ
3448 2419 3548 2471 οὐκ
3576 2420 3745 2488 ἴσμεν

2156 2516 2239 2568 ὅτι
2266 2517 2293 2567 ὀ
2326 2512 2527 2581 ἀγαθὸς
2574 2511 2731 2582 ἡμῶν
2775 2511 2909 2574 Θεὸς
2955 2511 3051 2563 καὶ
3085 2509 3314 2581 Κύριος,
3359 2510 3390 2562 ὁ
3442 2509 3600 2579 μόνος
3643 2509 3745 2561 ἀν-

2157 2607 2495 2676 αμάρτητος,
2547 2607 2639 2658 καὶ
2682 2604 2855 2673 αῖρων
2902 2601 3001 2673 τὴν
3045 2603 3322 2673 ἁμαρτίαν
3368 2600 3463 2653 τοῦ
3500 2601 3740 2670 κόσμου,

2156 2697 2262 2751 ὑπὸ
2327 2696 2533 2766 πόρνης
2579 2694 2705 2758 τοὺς
2752 2692 3058 2764 ἀχράντους
3110 2693 3280 2756 πόδας
3329 2691 3589 2762 ἠνέσχετο
3639 2691 3745 2744 καὶ

2156 2792 2591 2866 χειραπτεῖσθαι,
2639 2792 2734 2844 καὶ
2772 2789 3171 2858 ὑπαλείφεσθαι
3218 2788 3503 2857 δάκρυσιν,
3545 2785 3745 2855 ὥσπερ

2157 2889 2251 2941 xui.
2282 2886 2472 2958 μύρῳς
2511 2885 2672 2938 Ἀλλά
2703 2885 2798 2938 καὶ
2831 2881 2970 2953 μετὰ
2993 2881 3245 2935 τελωνῶν
3271 2880 3441 2933 ἔσοίει
3467 2879 3562 2932 καὶ
3583 2878 3745 2948 παρὰ

2156 2978 2415 3042 τελώναις
2440 3018 2455 3041 ,
2494 2978 2587 3031 καὶ
2622 2972 3217 3048 μαθητεύειητελώνας·
3259 2974 3352 3026 καὶ
3402 2972 3553 3025 οὐδὲν
3583 2970 3744 3039 αὐτῷ

2157 3067 2299 3119 οὕτω
2332 3067 2552 3136 φιλητὸν
2592 3066 2668 3129 ὡς
2706 3066 2767 3118 τὸ
2809 3064 3199 3135 ἐπιτρεπτικὸν
3229 3063 3288 3131 ἐξ
3322 3062 3597 3133 ἁμαρτίας
3637 3062 3743 3115 καὶ

2159 3158 2504 3229 ἀγαπητικὸν
2530 3160 2619 3212 ἐπ’
2643 3158 2914 3228 ἀλλήλοις.
2957 3156 3239 3213 Ἐντεῦθεν
3272 3157 3368 3209 καὶ
3397 3155 3744 3225 χαρακτηρί-

2080 3221 2125 3284 C
2160 3221 2348 3315 ζεσθαί
2376 3251 2504 3312 τοὺς
2551 3221 2802 3320 μαθητὰ-ς
2835 3248 3001 3302 αὑτοῦ
3048 3221 3511 3317 ὑπογράφει-’παι
3545 3261 3610 3313 γε
3636 3221 3744 3297 τὸν

2161 3344 2686 3414 μακάριονἩέτρον,
2718 3342 2854 3413 μετά
2884 3342 2982 3411 τὴν
3012 3341 3260 3411 ἄρνησιν,
3280 3339 3608 3411 πρώταρχον
3628 3336 3744 3390 τῶν

2157 3433 2359 3487 λοιπῶν
2410 3432 2723 3486 ἀποστόλων
2764 3429 3170 3485 ἀναδείκνυσιν
3213 3422 3277 3482 οὗ
3325 3428 3379 3480 τί
3428 3429 3616 3496 μεῖζον
3656 3429 3743 3490 είς

2152 3522 2498 3590 παράστασιν
2528 3520 2623 3574 τοῦ
2660 3520 3025 3591 προκειμένου
3063 3518 3257 3586 λόγου;
3284 3517 3337 3571 τί
3368 3517 3425 3570 δὲ
3457 3514 3741 3568 ἀσυνετώ-

2146 3631 2302 3685 τερον
2343 3615 2450 3668 τῶν
2493 3614 2725 3684 ἀμαθῶς
2753 3613 2847 3666 καὶ
2874 3611 3218 3683 οἱηματικῶς
3255 3611 3330 3680 μὴ
3361 3608 3742 3679 καταδεχομέ-

2147 3722 2277 3770 νων,
2313 3706 2639 3777 σφραγίζειν
2668 3707 2766 3758 καὶ
2799 3703 3201 3776 προσεύχεσθαι
3233 3704 3362 3766 τοὺς
3388 3702 3494 3773 ήδη
3532 3704 3602 3770 τῇ
3635 3718 3741 3771 με·

2149 3796 2342 3867 τανοίᾳ
2375 3795 2806 3866 βελτιωθέντας;
2847 3796 3041 3865 Ἡμεῖς
3064 3793 3357 3866 τοιγαροῦν
3385 3794 3435 3847 οἱ
3484 3794 3744 3848 ταπεινοὶ

2145 3887 2320 3952 οὕτως
2349 3889 2570 3959 ἔχομεν,
2599 3889 2675 3951 ὡς
2699 3888 3049 3959 προείρηται,
3082 3889 3177 3942 καὶ
3202 3889 3334 3959 ὑμῖν
3369 3886 3745 3960 συμϐουλεύο-

2158 3999 2277 4051 μεν.
2311 3982 2496 4035 Ἀλλοι
2523 3982 2579 4035 δὲ
2608 3982 2782 4046 ἄλλως
2814 3981 3031 4052 ἔχοντες
3055 4022 3069 4047 ,
3098 3969 3322 4055 ὄᾷονται
3357 3983 3487 4053 περὶ
3515 3982 3737 4036 τούτου.

2154 4076 2299 4145 Πρὸς
2326 4075 2362 4128 δι
2399 4076 2456 4129 δὲ
2500 4077 2528 4128 ὁ
2572 4075 2801 4144 ἁδελφὸς
2826 4075 2983 4146 ἡμῶν
3011 4075 3237 4145 Συμεὼν
3265 4074 3576 4145 ἠρώτησεν,
3622 4076 3741 4129 ἀπ-

2154 4165 2456 4243 εκρίθημεν
2505 4166 2600 4219 καὶ
2648 4165 3011 4236 ὲφιέμεθαῑ-ὲν
3059 4168 3195 4220 πᾶσι
3245 4165 3381 4237 πρὸς
3424 4166 3743 4220 ἀνάπαυσιν

2155 4257 2311 4328 ὑμῶν
2330 4253 2469 4311 εἶναι
2498 4258 2604 4310 τῶν
2631 4258 2943 4328 σεϐασμίων
2967 4260 3019 4311 οἱ
3036 4260 3285 4312 ταπεινοί
3305 4275 3319 4288 ·
3340 4260 3435 4312 καὶ
3460 4258 3740 4329 εὐχόμεθα

2153 4351 2358 4414 ἀσινεῖς
2385 4352 2530 4422 ὑμᾶς
2562 4350 3022 4420 διαφυλαττεσθαι
3045 4353 3103 4405 ἐν
3133 4354 3322 4408 πᾶσιν.
3472 4340 3475 4342 ’

2142 4466 2258 4520 PM’
2284 4466 2872 4537 (51).-Κατηχητικὴ
2897 4469 3044 4538 πρὸς
3062 4468 3205 4537 τοὺς
3221 4468 3291 4523 ἐν
3310 4467 3555 4535 Κυζίκῳ,
3570 4466 3736 4543 [ψβη]

1267 4598 1341 4647 Ad
1362 4600 1784 4660 perseverantiam
1807 4608 1861 4651 et
1884 4603 2171 4656 monasticae
2201 4605 2315 4655 vita:
2340 4604 2704 4669 perfectionem
2736 4606 2985 4654 hortatur.

540 4705 796 4761 Libenter
822 4704 1061 4760 vidimus
1090 4720 1213 4759 cum
1260 4707 1326 4762 iis
1361 4709 1453 4778 qui
1497 4725 1603 4763 una
1634 4721 1922 4779 venerunt,
1958 4712 2035 4766 Si-
2081 4720 2125 4775 D

472 4814 721 4853 meonem
767 4798 1031 4864 fratrem,
1083 4800 1175 4867 qui
1216 4800 1371 4855 vobis
1429 4813 1594 4871 caput
1630 4814 1919 4873 rectorque
1974 4815 2056 4861 est

469 4892 799 4945 constitutus
829 4907 841 4941 :
877 4892 1073 4959 partim
1108 4891 1181 4945 ob
1213 4892 1530 4947 diuturnam
1572 4895 1900 4959 absentiam,
1926 4915 2055 4967 par-

473 4986 568 5038 tim
621 4984 690 5037 ob
731 4984 1006 5052 egregiam
1044 4987 1540 5042 conversationem.
1595 4987 1743 5043 Bona
1784 4990 2055 5059 siquidem

471 5077 821 5131 conversatio
854 5084 907 5129 et
946 5077 1049 5146 ipsi
1088 5087 1140 5131 et
1175 5079 1331 5133 nobis
1356 5122 1370 5145 ,
1444 5081 1589 5151 quod
1626 5092 1735 5134 tam
1798 5084 1953 5137 multi
2002 5086 2055 5139 in

472 5184 638 5221 unum
658 5166 855 5221 fratres
876 5166 1038 5221 simul
1060 5168 1245 5221 vivant
1263 5172 1597 5239 temporibus
1629 5174 2049 5241 persecutionis.

478 5258 578 5313 Ubi
633 5259 771 5311 enim
807 5261 911 5311 duo
940 5258 1018 5311 υεί
1077 5268 1180 5313 (res
1236 5260 1434 5328 fuerint
1464 5261 1547 5328 ³⁸,
1597 5264 1756 5317 laude
1817 5265 2044 5333 dignum

472 5361 557 5406 est
582 5368 597 5417 ;
624 5366 743 5404 cum
761 5350 1015 5405 Christus
1034 5350 1084 5403 in
1106 5352 1286 5405 medio
1301 5353 1388 5419 sit,
1409 5352 1565 5421 juxta
1592 5357 2042 5423 promissionem.

472 5442 577 5497 Tot
592 5458 717 5497 vero
735 5458 963 5497 numero
979 5458 1103 5498 esse
1125 5453 1296 5501 totum
1318 5451 1729 5515 monasterium,
1762 5465 2046 5520 magnam-

472 5551 577 5605 que
627 5534 1123 5605 congregationcm,
1173 5539 1480 5595 eneomiutn
1539 5551 1625 5598 est
1654 5543 1772 5599 sine
1820 5552 2041 5599 contro-

542 5651 587 5681 ³³
619 5650 808 5705 Matth.
842 5668 998 5719 xvttt,
1035 5650 1126 5706 90.

2234 4716 2437 4779 Ἡδέως
2468 4715 2681 4786 εἴδομεν
2712 4715 2807 4768 τοῦ
2839 4714 2967 4783 περὶ
3009 4714 3101 4766 τὸν
3131 4712 3355 4781 ἀδελφὸν
3384 4709 3610 4782 Συμεὼν
3641 4710 3736 4765 τὸν

2152 4808 2231 4869 εἰς
2262 4806 2503 4875 κεφαλὴν
2544 4804 2699 4875 ὑμῶν
2747 4804 3082 4874 τεταγμένον
3104 4818 3118 4832 ⁸
3150 4801 3212 4855 τὸ
3249 4802 3348 4873 μὲν
3380 4801 3467 4855 διὰ
3492 4802 3593 4871 τὴν
3633 4802 3734 4855 τοῦ

2153 4900 2346 4970 χρόνου
2376 4899 2680 4952 ἀπουσίαν·
2730 4898 2793 4950 τὸ
2836 4898 2893 4950 δὲ
2938 4897 3026 4949 διὰ
3077 4896 3177 4966 τὴν
3224 4895 3395 4963 καλὴν
3428 4894 3733 4950 πολιτείαν.

2167 4984 2367 5054 ’Λγαθὴ
2400 4986 2507 5054 γὰρ
2544 4984 2788 5038 πολιτεία
2816 4984 2913 5039 καὶ
2951 4984 3101 5054 αὐτῷ
3135 4984 3227 5036 καὶ
3254 4985 3418 5054 ἡμῖν·
3443 4984 3503 5037 τὸ
3542 4986 3739 5039 τοσού-

2152 5094 2279 5140 τους
2318 5076 2584 5146 ἀδελφοὺς
2630 5076 2721 5128 ἐπὶ
2750 5076 2811 5128 τὸ
2841 5075 2972 5130 αὐτὸ
3025 5074 3198 5146 συζῇν
3246 5077 3304 5127 ἐν
3346 5076 3737 5145 δεδιωγμένοις

2160 5170 2590 5241 χρόνοις.”οπου
2621 5168 2729 5238 γὰρ
2759 5168 2869 5223 δύο
2898 5168 2936 5236 ἣ
2970 5167 3127 5236 τρεῖς
3149 5168 3508 5236 τυγχάνοιεν
3533 5167 3731 5234 ὄντες,

2157 5264 2381 5314 ἐπαίνου
2415 5260 2584 5325 ἄξιον,
2630 5261 2706 5323 ὼς
2750 5261 2845 5313 τοῦ
2872 5258 3112 5331 Χριστοῦ
3156 5256 3548 5328 μεσιτεύοντος,
3588 5257 3737 5311 κατά

2155 5357 2252 5425 τὴν
2301 5352 2653 5422 ἐπαγγελίαν.
2692 5344 2765 5405 Τὸ
2806 5352 2862 5405 δὲ
2928 5353 3215 5415 τοσούτους
3274 5346 3415 5403 εἶναι
3458 5349 3579 5403 ὅλον
3630 5368 3735 5421 μο-

2154 5449 2467 5517 ναστήριον,
2507 5447 2602 5499 καὶ
2644 5445 2888 5516 μεγάλην
2937 5444 3202 5506 συνοδίαν,
3236 5442 3632 5515 ἀναντίρρητον
3670 5442 3737 5494 τὸ

2152 5538 2450 5610 ἐγκώμιον.
2477 5538 2590 5592 Καὶ
2618 5538 2779 5610 χάρις
2816 5536 3028 5611 Κυρίῳ,
3063 5536 3124 5603 ὃς
3155 5536 3353 5590 ἔδωκεν
3396 5536 3530 5606 ἡμῖν
3557 5536 3617 5589 ὲν
3650 5535 3736 5589 ἑνὶ

1981 5745 2216 5804 NOTAE.

546 5838 656 5907 (51)
683 5837 740 5892 in
770 5838 890 5894 cod.
921 5837 1052 5910 Reg.
1090 5834 1231 5907 ρνς’.
