3934 6476
202 431 320 495 1445

1365 440 1902 503 EPISTOLARUM
1956 445 2102 504 LIB.
2164 448 2245 505 Il.

3276 459 3416 520 1446

195 540 465 610 πνεύματι,
505 543 606 614 μιᾷ
631 542 775 615 ψυχῇ
809 544 1091 599 συναθλεῖν
1116 548 1182 618 τῇ
1224 547 1404 601 πίστει
1433 551 1713 618 τοῦοΕὐαγι

1839 555 2036 607 versia.
2064 553 2129 608 Ει
2150 556 2258 610 Deo
2280 557 2418 624 laus,
2454 560 2544 627 qui
2577 561 2732 616 nobis
2777 562 2925 618 dedit
2966 565 3019 618 in
3065 582 3174 622 uno
3197 570 3410 638 spiritu,

193 632 374 698 γελίοιι,
407 632 500 683 καὶ
529 633 808 702 διαφέρειν
859 636 917 688 ὲν
957 637 1136 711 ταυτῖξ)
1165 638 1255 690 τὸν
1298 641 1590 709 ἀσκητικὸν
1627 643 1738 712 βίον

192 722 382 774 δίαθλον
425 723 518 774 καὶ
553 723 786 794 διαυγῆ,
827 726 923 780 καὶ
955 727 1219 798 διαστεφῆ
1266 729 1451 797 ἀγῶνα
1477 733 1535 785 ἐν
1562 733 1737 804 τούτῳ

190 813 553 881 περαιοῦσθαι.
592 815 954 886 Ἐϐουλόμεθα
984 818 1040 870 δὲ
1070 821 1165 872 καὶ
1201 821 1347 887 ὑμᾶς
1376 823 1573 886 αὐτοὺς
1609 827 1734 887 τοὺς

191 905 409 967 ἀπόντας
437 907 561 957 κατ’
592 906 906 976 ὀφθαλμοὺς
941 908 1088 975 ἰδεῖν,
1143 914 1239 964 καὶ
1267 916 1733 988 συμπαρακληθῆ-

188 1012 263 1046 ναι
292 999 353 1065 τῇ
385 997 644 1067 κοινωνίᾳ
677 998 772 1049 τοῦ
806 998 1114 1069 πνεύματος
1134 1018 1146 1030 °
1165 1005 1240 1066 ὡς
1259 1005 1324 1059 ἂν
1349 1007 1442 1058 καὶ
1470 1007 1727 1077 τούνομα,

187 1087 268 1137 καὶ
298 1087 606 1156 πρόσωπον,
657 1089 752 1141 καὶ
799 1085 949 1160 ἦθος,
983 1094 1079 1145 καὶ
1117 1094 1310 1162 λόγους
1351 1098 1469 1161 ἑνὸς
1498 1100 1728 1153 ἑκάστου

186 1177 572 1246 κατεμάθομεν.
613 1179 755 1232 Ἀλλ’
795 1182 917 1234 ἐπεὶ
950 1184 1107 1238 τοῦτο
1151 1186 1402 1256 ἠδυνάτει
1439 1191 1724 1259 γενέσθαι·

185 1268 376 1336 εἴδομεν
410 1271 556 1335 ὑμᾶς
600 1272 701 1342 ἤδη
750 1273 837 1327 διὰ
883 1274 978 1327 τοῦ
1024 1281 1434 1349 προηγουμένου
1481 1283 1578 1336 καὶ
1620 1285 1727 1337 τῶν

183 1358 446 1425 ὁμοταγῶν
477 1360 654 1429 ὑμῶν,
699 1359 772 1416 ὧν
802 1367 833 1434 ἡ
867 1365 964 1418 θέα
1006 1365 1232 1437 ἔθρεψεν
1260 1371 1545 1440 suav-ca;
1587 1392 1724 1445 καρ-

182 1449 284 1512 δίας
314 1451 567 1523 εὐλαϐείᾳ
593 1460 1164 1532 κεχαρακτηρισμένῃ.
1196 1462 1260 1514 Τί
1286 1459 1379 1517 οὖν
1405 1467 1520 1518 ἐστι
1543 1466 1725 1520 λοιπὸν

182 1544 365 1608 είπεῖν;
396 1543 480 1597 ἵνα
522 1545 708 1609 καθὼς
737 1548 917 1618 χάριτι
955 1550 1049 1603 τοῦ
1098 1553 1305 1622 Κυρίου
1337 1556 1492 1625 ἡμῶν
1549 1559 1722 1628 Ἰησοῦ

181 1633 392 1701 Χριστοῦ
464 1637 828 1711 ὴθροίσθητε,
878 1642 974 1694 καὶ
1039 1645 1410 1716 συνηρτήθητε
1486 1649 1721 1721 ἁρμονίᾳ

181 1733 532 1799 πνευματικῇ,
548 1731 643 1784 καὶ
663 1732 944 1805 συμψυχίᾳ
968 1736 1292 1807 όμονοητικῇ
1318 1738 1720 1809 διαλάμψαντες

179 1820 228 1869 ὲν
251 1821 353 1880 τοῖς
381 1820 570 1874 αὐτόθι
613 1823 864 1892 καθάπερ
889 1826 1032 1888 τινὲς
1072 1827 1300 1896 ἀστέρες
1329 1831 1386 1881 ὲν
1412 1833 1477 1900 τῇ
1515 1833 1718 1904 ζοφερᾷ

1839 646 2019 699 anima
2060 663 2165 701 una
2186 649 2522 706 collaborare
2572 652 2703 707 ﬁdei
2753 653 3072 727 Evangelii;
3108 672 3162 716 et
3213 669 3412 719 asceti-

1837 751 1954 790 cam
1985 738 2149 792 vitam
2193 740 2354 794 simul
2401 742 2619 808 dueere,
2651 754 2705 800 et
2746 751 3066 816 praeclarum
3099 768 3411 825 coronaque

1835 827 2060 896 dignum
2125 831 2228 884 hoc
2281 841 2553 888 certamen
2591 851 2868 908 peragere.
2931 844 3164 902 Animus
3224 859 3408 905 autem

1841 929 1963 972 erat
1985 935 2082 975 vos
2132 923 2292 976 etiam
2358 924 2525 994 ipsos,
2557 927 2650 996 qui
2690 929 2917 995 abestis,
2953 937 3133 992 oculis
3164 954 3409 1004 cernere,

1832 1019 1887 1063 et
1921 1014 2306 1068 communione
2341 1016 2563 1084 spiritus
2592 1022 2864 1075 consolari
2911 1041 2924 1077 :
2971 1036 3030 1080 ut
3055 1035 3109 1081 et
3136 1045 3332 1085 nomen
3357 1041 3412 1086 et

1831 1117 2116 1171 personam
2149 1107 2597 1178 uniuscujusque,
2652 1119 2706 1165 et
2758 1129 2958 1181 mores,
3010 1127 3064 1172 et
3094 1135 3407 1177 sermonem

1829 1206 2301 1262 cognosceremus.
2331 1197 2435 1253 Sed
2474 1202 2602 1269 quia
2641 1203 2692 1257 id
2734 1205 2848 1260 fieri
2887 1223 2996 1262 non
3045 1221 3285 1280 poterat,
3329 1217 3408 1270 vi-

1827 1281 2006 1337 dimus
2026 1285 2138 1353 jam
2171 1303 2266 1342 vos
2293 1305 2387 1357 per
2414 1296 2760 1361 przepositum
2803 1301 3128 1372 sodalesque
3163 1317 3403 1376 vestros,

1836 1385 2067 1438 quorum
2123 1388 2447 1445 conspectus
2513 1383 2725 1438 animos
2779 1397 2998 1444 nostros
3051 1395 3407 1461 expressione

1824 1463 2042 1532 pietatis
2095 1466 2301 1521 refecit.
2359 1467 2500 1535 Quid
2556 1488 2684 1544 ergo
2731 1487 2904 1532 restat
2952 1480 3300 1540 dicendum?
3343 1496 3407 1542 ut

1824 1556 2279 1622 quemadmodum
2323 1563 2492 1630 gratia
2533 1563 2753 1621 Domini
2803 1573 2976 1626 nostri
3016 1572 3146 1630 Jesu
3191 1577 3398 1635 Christi

1825 1648 2138 1716 congregati
2167 1652 2320 1716 estis,
2355 1662 2409 1706 et
2438 1658 2670 1710 connexi
2700 1671 2968 1715 concentu
3015 1667 3311 1735 spirituali,
3348 1680 3406 1726 et

1821 1738 2064 1790 unanimi
2081 1741 2371 1795 concordia
2392 1746 2694 1815 conspicui,
2715 1751 2832 1804 istis
2849 1752 2901 1805 in
2922 1754 3055 1809 locis
3074 1757 3218 1810 velut
3233 1760 3405 1814 stellae

1821 1825 2068 1894 quaedam
2091 1828 2144 1880 in
2169 1830 2464 1900 caliginosa
2485 1835 2705 1892 haeresis
2737 1851 2895 1895 nocte
2924 1845 3291 1916 refulgentes;
3318 1851 3402 1905 sie

177 1905 260 1975 τῆς
300 1909 560 1978 αἱρέσεως
591 1916 767 1978 νυκτὶ,
813 1915 908 1968 καὶ
934 1915 1071 1986 πρὸς
1097 1914 1157 1966 τὸ
1181 1895 1306 1985 ἑξῆς
1330 1918 1380 1969 οί
1414 1895 1565 1972 αὐτοὶ
1590 1895 1713 1976 erat;

2278 1895 2300 1900 _
2960 1895 3251 1915 ﬁmum---
3275 1895 3291 1916 ,
3318 1895 3400 1905 υ...

1820 1918 2070 1989 deinceps
2099 1921 2259 1975 iidem
2289 1929 2671 1995 permaneatis,
2702 1935 3009 2001 unanimes,
3037 1938 3274 2009 idipsum
3307 1958 3400 1998 sa-

180 2000 407 2065 μείνοιτε,
444 2000 742 2073 σύμψυχοι,
763 2005 826 2056 τὸ
851 2004 907 2057 ἓν
942 2006 1284 2074 φρονοῦντες,
1312 2010 1712 2080 ὁμογνώμονες,

176 2087 525 2156 ὑποτακτικοὶ,
559 2092 846 2164 πειθήνιοι,
880 2095 1116 2164 εὐήκοοι,
1154 2095 1487 2167 εὐχάριστοι,
1521 2100 1717 2171 εὐκλη-

175 2199 262 2248 τοι,
306 2184 590 2254 φίλαγνοι,
639 2187 950 2257 σώφρονες,
997 2191 1458 2261 ἀπαρῤησίαστοι,
1512 2193 1711 2265 ἄρτιοι,

173 2281 576 2348 κατηρτισμένοι
609 2281 665 2332 ὲν
690 2281 852 2333 παντὶ
872 2281 1016 2351 ἔργῳ
1042 2283 1230 2354 ἀγαθῷ
1248 2300 1261 2313 °
1282 2284 1362 2336 ἔτι
1386 2285 1712 2355 λάμπονιες,

174 2364 240 2417 ἔτι
262 2369 705 2435 αὐγάζοντες,ἕτι
736 2374 1190 2440 φωτοὸολοῦντες,
1211 2376 1290 2429 ἔτι
1318 2377 1610 2445 ἁλίζοντες,
1640 2380 1715 2443 ὡς

174 2454 228 2506 ἂν
269 2459 356 2510 καὶ
381 2461 510 2529 περὶ
556 2460 712 2531 ὑμῶν
738 2463 962 2526 είκότως
984 2464 1174 2534 ῥηθείη
1212 2466 1318 2518 ὑπὸ
1353 2467 1445 2520 τοῦ
1475 2469 1709 2539 Κυρίου·

182 2545 353 2614 Ὑμεῖς
373 2549 513 2604 ἐστε
535 2551 603 2605 τὸ
632 2552 757 2622 φῶς
780 2556 884 2609 τοῦ
907 2557 1138 2624 κόσμου
1161 2575 1173 2589 ·
1191 2558 1284 2610 καὶ
1302 2555 1458 2622 αὖθις
1475 2575 1488 2588 ο
1519 2559 1713 2630 Ὑμεῖς

172 2639 289 2693 ἐστε
316 2643 379 2695 τό
402 2642 559 2711 ἅλας
597 2645 710 2715 τῆς
737 2647 870 2716 γῆς.
902 2648 1053 2718 Τάχα
1077 2649 1132 2701 δὲ
1162 2651 1350 2722 ἐπειδὴ
1379 2652 1476 2723 τὴν
1500 2653 1712 2725 ὀρεινὴν

173 2733 493 2806 καταλλήλως
524 2739 778 2810 ἐπᾴδοιτο
811 2740 1030 2794 κάκεῖνο
1057 2747 1188 2814 περὶ
1215 2743 1368 2813 ὑμῶν
1387 2760 1400 2773 ·
1428 2747 1509 2800 Οὐ
1534 2745 1713 2800 δύνα-

173 2837 248 2874 ται
269 2827 441 2891 πόλις
468 2826 761 2895 κρυϐῆναι
804 2829 1004 2884 ἐπάνω
1036 2831 1212 2908 ὄρους
1248 2835 1486 2903 κειμένη
1507 2852 1520 2865 ο
1555 2837 1713 2907 ὅρους

172 2911 344 2985 δηλαδὴ
371 2919 584 2989 ὑψηλῆς
618 2919 913 2987 πολιτείας,
944 2925 1028 2992 ἐφ’
1124 2925 1172 2977 οἱ
1206 2925 1710 2995 ὲπιϐεὗηκότες,ὼς

172 3005 219 3059 ὲν
240 3009 460 3081 οὐρανῷ,
496 3011 594 3064 ἐπὶ
619 3011 722 3081 τῆς
748 3014 848 3083 γῆς
874 3015 1240 3086 διατρίϐουσιν
1261 3011 1379 3070 θῶν
1409 3020 1520 3073 οὐκ
1547 3019 1712 3086 ἄξιος

174 3101 198 3150 ό
219 3103 447 3170 κόσμος,
477 3104 621 3157 κατὰ
646 3105 705 3158 τὸ
733 3107 1105 3171 ἁποστολικῶς
1140 3110 1450 3178 εἰρημένον.

229 3192 472 3259 Βλέπετε,
519 3199 686 3252 τέκνα
732 3202 827 3254 καὶ
874 3200 1116 3270 ἀδελφοὶ,
1162 3203 1311 3264 ὅπως
1338 3203 1481 3273 ὑμᾶς
1510 3198 1644 3274 ἦρεν
1682 3204 1709 3254 ὁ

171 3281 304 3350 λόγος
340 3291 438 3357 τῆς
475 3287 758 3359 ἀληθείας,
800 3292 911 3345 ἄνω
939 3291 1049 3356 θεὶς
1091 3293 1204 3353 τοῖς
1238 3294 1570 3361 ἐγκωμίοις,
1612 3295 1707 3346 καὶ

173 3371 431 3443 ὑποδείξας
480 3379 772 3451 ἀληθινοὺς
821 3377 962 3435 εἶναι
1026 3383 1316 3452 μοναστὰς,
1370 3384 1707 3454 ὀμολογητάς

172 3465 404 3537 Χριστοῦ,
452 3474 702 3542 φυγάδας
751 3475 976 3543 κόσμου,
1024 3476 1222 3546 ἄνδρας
1260 3475 1562 3546 ἐπιθυμιῶν
1599 3476 1706 3528 τῶν

173 3565 492 3630 κρειττόνων,
560 3566 762 3637 σαρκὸς
815 3568 1211 3633 παθοκτόνους,
1266 3569 1592 3637 στεφανίτας
1649 3570 1707 3623 ἐν

173 3656 434 3723 πνεύματι.
467 3659 580 3711 Καὶ
603 3660 775 3712 ταῦτα
804 3661 901 3729 μὲν
928 3661 1076 3729 λόγοι
1110 3663 1311 3731 γυμνοὶ
1341 3663 1440 3730 τῆς
1475 3663 1706 3716 ἀνταπο·

172 3743 343 3812 δόσεως
373 3750 521 3821 ἄρτι.
567 3751 692 3803 Ἐὰν
733 3752 789 3803 δὲ
820 3753 911 3805 τὸν
944 3753 1132 3820 ἀγῶνα
1172 3754 1325 3824 ὑμῶν
1355 3756 1453 3822 τῆς
1479 3772 1538 3806 τε
1579 3755 1709 3806 ὐπο-

171 3841 316 3908 τιγῆς
347 3845 438 3895 καὶ
482 3845 776 3912 ὁμολογίας
813 3846 1137 3916 ἐκτελέσητε
1180 3847 1528 3918 κυριώτατα·
1560 3865 1712 3916 τηνι-

173 3932 323 3987 καῦτα
363 3936 782 4006 μεταϐαίνοντες
810 3939 904 3991 τοῦ
939 3939 1052 4009 βίου
1097 3940 1196 4009 τὴν
1229 3939 1338 3992 τῶν
1368 3940 1546 4010 ἔργων
1576 3943 1711 3992 ἀπο-

172 4023 374 4094 λήψεσθε
429 4031 841 4102 μακαριότητα,
900 4028 968 4104 ἧς
1026 4033 1236 4100 γένοιτο
1287 4033 1495 4094 πάντας
1565 4033 1712 4101 ἡμᾶς

172 4117 430 4190 ἐπιτυχεῖν,
463 4125 650 4193 χάριτι
676 4125 769 4178 τοῦ
797 4127 1004 4196 Κυρίου
1037 4124 1193 4196 ἡμῶν
1237 4125 1411 4195 Ἰησοῦ
1449 4124 1709 4193 Χριστοῦ,

170 4197 247 4275 ᾧὴ
273 4208 389 4275 δόξα
419 4213 513 4264 καὶ
535 4213 594 4265 τὸ
619 4214 820 4284 κράτος
846 4216 927 4278 εἰς
951 4216 1079 4278 τοὺς
1103 4215 1306 4278 αἰῶνας
1331 4216 1440 4268 τῶν
1470 4214 1700 4269 αἰώνων.

180 4294 190 4312 1
275 4300 284 4316 I

190 4297 340 4369 Αμην,

414 4423 576 4479 ΡΜΑ⁹
611 4424 748 4496 (52).
778 4453 847 4464 —
870 4423 1233 4495 Ἥγουμένῳ.
1269 4424 1424 4498 [ψθκ]

1814 2011 2023 2079 pientes
2038 2013 2536 2083 ",consentientes,
2557 2023 2809 2091 subjecti,
2831 2030 3109 2098 morigeri,
3137 2033 3398 2090 obedien-

1815 2111 1914 2167 tes,
1935 2103 2091 2172 grati,
2119 2105 2247 2159 boni
2275 2109 2531 2176 nominis,
2549 2113 2705 2180 casti,
2726 2117 2916 2183 sobrii,
2951 2119 3146 2185 timidi,
3179 2125 3395 2195 integri,

1813 2191 2033 2258 perfecti
2083 2194 2139 2248 in
2163 2196 2310 2250 omni
2362 2212 2524 2266 opere
2565 2199 2744 2266 bono,
2779 2203 3249 2276 adhuclucentes,
3294 2191 3399 2268 ad-

1815 2280 1922 2334 huc
1946 2282 2310 2350 splendentes,
2345 2287 2523 2341 adhuc
2549 2290 2826 2347 radiantes
2848 2333 2863 2359 ,
2917 2297 3097 2352 adhuc
3131 2303 3397 2359 condien-

1813 2380 1936 2426 tes:
1966 2381 2098 2427 utet
2131 2375 2197 2429 de
2240 2377 2396 2431 vobis
2428 2380 2622 2434 merito
2648 2383 2852 2439 dictum
2901 2390 2972 2442 sit
3023 2403 3054 2443 a
3108 2386 3390 2450 Domino:

1824 2464 1928 2518 Vos
1976 2468 2102 2519 estis
2150 2467 2242 2521 tua:
2289 2471 2473 2524 mundi
2498 2473 2576 2538 ³²;
2609 2485 2661 2529 et
2701 2493 2917 2533 rursum
2958 2497 2972 2532 :
3016 2481 3117 2538 Vos
3149 2487 3276 2541 estis
3307 2489 3394 2542 sai

1816 2567 1970 2610 terra:
2003 2558 2066 2611 ³³.
2125 2557 2329 2613 Forsan
2382 2564 2570 2629 etiam,
2633 2569 2761 2636 quia
2824 2587 3080 2629 montana
3128 2577 3390 2645 incolitis,

1812 2657 2175 2717 congruenter
2198 2661 2250 2705 et
2279 2653 2412 2707 illud
2467 2655 2534 2710 de
2586 2662 2739 2715 vobis
2779 2665 3061 2720 occinatur
3097 2687 3110 2720 :
3147 2669 3268 2724 Non
3300 2689 3393 2742 po-

1814 2749 1910 2792 test
1950 2742 2138 2796 civitas
2177 2745 2430 2799 abscondi
2471 2765 2632 2813 supra
2664 2765 2887 2807 montem
2931 2761 3105 2820 posita
3126 2760 3203 2829 ‘0;
3239 2780 3394 2818 mon-

1813 2841 1916 2886 tem
1948 2835 2158 2890 scilicet
2195 2837 2422 2894 excelsa:
2474 2848 2908 2903 conversationis
2939 2867 2952 2902 :
2983 2853 3050 2906 ad
3083 2870 3246 2923 quam
3294 2860 3391 2928 qui

1811 2928 2268 2995 conscenderunt,
2309 2933 2387 2985 sic
2417 2933 2472 2986 in
2508 2947 2652 2990 terra
2682 2946 2940 3009 tanquam
2982 2944 3036 2998 in
3065 2947 3206 3000 caelo
3239 2963 3391 3003 com-

1810 3026 2128 3083 morantur;
2162 3021 2347 3087 quibus
2374 3023 2562 3092 dignus
2585 3042 2689 3080 non
2719 3038 2795 3083 est
2818 3037 3044 3087 mundus
3063 3037 3130 3100 “,
3154 3037 3298 3092 sicut
3322 3041 3390 3094 ab

1809 3108 2068 3177 Apostolo
2100 3111 2302 3165 dictum
2332 3123 2432 3169 est.

1882 3198 2106 3268 Videtis,
2136 3203 2228 3258 ﬁlii
2261 3221 2324 3260 ac
2355 3207 2572 3277 fratres,
2592 3228 2701 3281 quo
2731 3225 2887 3282 pacto
2915 3234 3010 3274 vos
3044 3236 3224 3278 sermo
3249 3227 3390 3280 veri-

1812 3295 1936 3347 tatis
1970 3297 2227 3363 evexerit,
2259 3299 2310 3351 in
2346 3303 2561 3356 sublimi
2586 3307 2862 3364 collocans
2882 3315 3166 3381 encomiis,
3200 3334 3388 3374 veros-

1811 3403 1914 3456 que
1943 3391 2237 3445 monachos
2265 3407 2386 3447 esse
2422 3400 2730 3466 ostendens,
2766 3402 3110 3462 confessores
3160 3408 3385 3478 Christi,

1812 3479 2066 3550 fugitivos
2095 3484 2303 3546 mundi,
2335 3486 2726 3546 desideriorum
2756 3496 2902 3551 viros
2924 3499 3234 3567 meliorum,
3258 3520 3383 3558 car-

1814 3577 1898 3628 nis
1924 3574 2212 3629 affectuum
2236 3588 2606 3649 peremptores
2634 3584 2688 3637 in
2725 3586 2918 3654 spiritu
2968 3603 3281 3648 coronatos.
3319 3594 3387 3652 Et

1814 3665 1927 3720 hac
1958 3667 2174 3735 quidem
2209 3669 2367 3724 verba
2398 3681 2526 3727 sunt
2573 3675 2751 3728 adhuc
2805 3685 3260 3740 remunerationis
3283 3702 3384 3742 ex-

1812 3759 2000 3827 pertia.
2044 3759 2337 3828 Postquam
2367 3778 2496 3818 vero
2529 3775 2771 3821 vestrum
2805 3771 3129 3830 obedientiae
3163 3785 3216 3830 et
3244 3793 3385 3834 con-

1814 3848 2068 3905 fessionis
2116 3864 2388 3907 certamen
2419 3858 2636 3926 proprie
2673 3864 2990 3931 peregeritis
3023 3906 3038 3930 ,
3069 3876 3181 3921 tum
3211 3885 3241 3924 e
3275 3871 3385 3927 vita

1815 3942 2110 4011 migrantes
2161 3958 2384 4011 operum
2431 3947 2818 4005 beatitudinem
2870 3957 3165 4024 recipietis,
3218 3977 3382 4031 quam

1816 4035 2024 4088 utinam
2073 4037 2228 4090 nobis
2289 4040 2546 4096 omnibus
2589 4043 2818 4113 adipisci
2873 4050 3175 4120 contingat,
3207 4057 3383 4122 gratia

1817 4127 2031 4182 Domini
2060 4131 2230 4184 nostri
2257 4128 2386 4184 Jesu
2409 4132 2633 4200 Clu-isti,
2666 4139 2749 4191 cui
2781 4139 2953 4209 gloria
2985 4152 3036 4198 et
3085 4144 3381 4216 imperium

1811 4222 1866 4275 in
1901 4221 2098 4276 saecula
2130 4223 2475 4278 saeculorum.
2499 4226 2694 4281 Amen.

2283 4425 2463 4484 CXLI.
2496 4460 2563 4470 ο-
2593 4430 2909 4502 Ρναιροδὶιο.

870 4540 1151 4590 Gratulatur
1179 4542 1242 4589 de
1265 4541 1505 4590 Ammone
1528 4553 1675 4602 quem
1699 4543 1893 4587 curator
1916 4540 1973 4586 ad
1997 4538 2348 4590 monasterium
2372 4545 2664 4595 reduxerat.

222 4617 475 4686 Μέγιστον
519 4623 690 4692 δῶρον
732 4624 960 4679 δέδωκεν
991 4628 1019 4677 ὁ
1058 4627 1189 4690 Θεὸς
1216 4630 1274 4680 ὲν
1302 4632 1367 4698 τῇ
1400 4629 1520 4681 καθ’
1561 4630 1706 4698 ἡμᾶς
1739 4633 1782 4686 D

169 4705 394 4781 ἐπαρχίᾳ,
425 4715 721 4783 τιμιώτατε
765 4717 977 4785 ἀδελφὲ,
1017 4718 1106 4771 τὸν
1133 4719 1518 4773 εὐκλεέστατον
1566 4737 1695 4772 κου-

171 4799 379 4872 ράτωρα,
433 4808 528 4858 καὶ
573 4808 862 4877 κράτιστον
906 4811 963 4861 ἐν
1012 4811 1294 4880 εὐσεϐείᾳ·
1331 4811 1411 4862 ὅτι
1461 4810 1696 4882 Χριστοῦ

171 4891 350 4960 ἔκδικος
395 4899 654 4966 γεγονὼς,
687 4897 868 4956 εἷλκεν
902 4901 1005 4954 ὑπὸ
1051 4906 1207 4973 χεῖρα
1256 4903 1345 4955 τὸν
1391 4903 1696 4972 λῃστρικῶς

171 4987 543 5061 πολιτευόμενον
580 4996 637 5046 ὲν
668 4997 778 5057 τοῖς
820 4996 1182 5064 Χριστιανοῖς,
1229 4997 1428 5065 καίπερ
1471 4995 1598 5046 ὄντα
1636 4993 1697 5046 τὸ

171 5083 397 5153 πρότερον
428 5085 681 5155 ἀνάθημα
724 5087 857 5138 Θεοῦ
884 5088 1095 5158 διὰ-τῆς
1143 5089 1431 5157 μοναδικῆς
1475 5084 1692 5138 τελειώ-

173 5184 300 5234 σεως.
333 5177 574 5246 ’λὶμμούν
597 5179 738 5245 λέγω
760 5179 850 5232 τόν
884 5195 1014 5230 ποτε
1040 5181 1306 5250 ἡμέτερον
1336 5177 1581 5245 ἀδελφὸν,
1599 5176 1694 5228 νῦν

171 5259 213 5312 δὲ
243 5265 335 5318 ὐπὸ
365 5271 522 5338 χεῖρά
562 5287 655 5321 σου
700 5269 954 5323 τελοῦντα
993 5271 1081 5323 διὰ
1117 5269 1394 5339 μεσιτείας
1432 5269 1524 5321 τοῦ
1580 5269 1696 5332 ἀξι-

173 5357 373 5419 αγάστου
402 5362 615 5432 ἀνδρὸς,
645 5366 710 5433 τῇ
742 5364 958 5434 εὐδοκία
985 5363 1148 5416 αὐτοῦ
1180 5364 1437 5434 Χριστοῦ,
1465 5364 1557 5416 τοῦ
1578 5365 1695 5433 χαί-

176 5462 326 5514 ροντος
354 5455 445 5506 ἐπὶ
479 5457 722 5526 σωτηρίᾳ
748 5455 840 5507 τοῦ
868 5455 1229 5518 ἀπολωλότος.
1265 5457 1350 5519 Ὠς
1383 5455 1697 5525 θαυμαστὸν

175 5537 300 5607 ἔργον
346 5546 613 5599 τετέλεται
665 5548 800 5616 πρὸς
843 5548 935 5601 τοῦ
984 5548 1261 5617 θεοφιλοῦς
1322 5551 1692 5620 κουράτωροῖν

229 5655 263 5685 ³⁷
297 5655 519 5730 Philipp.
553 5677 613 5726 ιι,
642 5662 697 5713 2.
773 5663 817 5693 ³⁸
851 5662 1040 5719 Matth.
1068 5682 1118 5732 v,
1148 5665 1230 5720 lii.
1310 5665 1351 5698 ³³
1385 5665 1514 5721 ibid.
1550 5667 1633 5722 l5.

1710 5666 1754 5696 ⁶⁰
1782 5667 1909 5722 ibid.

1888 4626 2178 4683 Maximum
2209 4630 2349 4685 Deus
2375 4633 2668 4699 provincia:
2699 4645 2898 4691 nostra:
2923 4638 3123 4694 donum
3154 4641 3378 4713 largitus

1802 4730 1905 4785 est,
1942 4720 2106 4775 frater
2155 4724 2595 4792 honoratissime,
2643 4729 3101 4795 gloriosissimum
3152 4748 3379 4793 curato-

1803 4828 1954 4879 rem,
1985 4824 2039 4868 et
2071 4815 2266 4883 pietate
2310 4819 2824 4884 praestantissimum
2858 4841 2871 4877 :
2904 4825 2997 4893 qui
3042 4825 3243 4883 Christi
3276 4829 3375 4885 de-

1801 4904 1985 4959 fensor
2025 4905 2239 4971 factus,
2303 4911 2405 4963 sub
2459 4923 2779 4980 potestatem
2837 4917 3043 4985 redegit
3079 4934 3224 4986 eum,
3278 4925 3372 4992 qui

1801 5001 2072 5069 praedonis
2107 5018 2255 5057 more
2285 5005 2422 5058 inter
2445 5005 2787 5062 Christianos
2811 5011 3150 5078 versabatur,
3181 5031 3371 5084 quam-

1799 5093 1882 5145 vis
1922 5102 2078 5146 antea
2109 5092 2217 5147 Deo
2244 5095 2456 5148 dicatus
2493 5094 2685 5151 fuisset
2728 5114 2824 5166 per
2855 5103 3215 5157 monasticam
3244 5121 3369 5172 per-

1801 5180 2107 5235 fectionem.
2134 5185 2450 5237 Ammonem
2476 5185 2596 5239 dico
2635 5187 2762 5240 olim
2819 5187 3037 5242 fratrem
3093 5203 3364 5256 nostrum.

1799 5288 1946 5327 nunc
2011 5275 2313 5328 admirandi
2359 5276 2455 5328 viri
2502 5292 2666 5345 opera
2716 5279 2808 5332 tibi
2851 5280 3126 5336 subditum
3174 5303 3186 5338 :
3239 5288 3367 5354 quia

1811 5366 2032 5422 Christo
2076 5368 2158 5422 sic
2223 5369 2398 5422 visum
2447 5378 2550 5433 est,
2587 5371 2651 5425 de
2701 5373 2846 5426 illius
2892 5376 2981 5440 qui
3014 5377 3247 5443 perierat
3276 5396 3366 5432 sa-

1802 5460 1912 5513 lute
1969 5461 2274 5530 gaudentis.
2347 5462 2518 5528 Quam
2579 5466 2953 5520 admirandum
3011 5483 3207 5538 opusa
3269 5470 3363 5525 Dei

1804 5561 2017 5605 amante
2072 5560 2319 5606 curatore
2377 5554 2668 5622 perfectum
2696 5566 2814 5622 est,
2862 5574 3131 5629 quamque
3194 5561 3364 5632 ipsius

1983 5669 2026 5700 ‘1
2059 5667 2220 5724 llcbr.
2258 5685 2332 5737 xx,
2364 5670 2452 5725 5i.

1646 5786 1874 5845 ΝΟΤΑΞ.

234 5845 327 5911 (32)
355 5848 408 5900 lu
436 5851 554 5904 cod.
589 5851 717 5919 lit‘g.
761 5851 890 5918 ρξε’.
