3934 6468
496 384 634 451 1447

1688 389 1749 449 S.
1787 386 2183 449 THEODORI
2218 386 2570 449 STUDlT/E

3625 376 3770 446 1448

490 499 697 552 virtute
739 494 965 561 dignum
992 511 1008 561 ;
1057 493 1154 550 sed
1182 502 1237 549 et
1267 503 1320 550 te
1348 494 1552 565 pariter
1591 495 1866 565 spirituali
1896 506 2076 566 patre,

2194 493 2275 547 καὶ
2319 494 2469 561 ἄξιον
2491 494 2594 562 τῆς
2627 492 2749 547 κατ’
2774 492 2939 546 αὐτὸν
2981 491 3217 562 ἀρετῆς·
3258 491 3319 545 οὗ
3355 491 3463 561 μὴν
3490 491 3631 546 ἀλλά
3669 496 3771 547 καὶ

493 588 588 659 qui
623 586 892 657 perditum
924 585 1068 641 sicut
1090 586 1343 641 Christus
1378 585 1430 640 in
1461 586 1721 642 humeros
1770 587 2070 642 sustulisti!

493 678 736 736 Lautam
772 694 892 735 sum
917 680 1099 750 itaque
1133 679 1362 735 humilis
1393 694 1518 748 ego,
1537 688 1592 733 et
1618 679 1908 745 exsultavi,
1936 695 2076 750 quo-

495 775 644 828 niam
711 773 806 843 qui
838 773 1072 843 perierat
1101 771 1354 825 inventus
1379 778 1498 838 est,
1522 780 1575 826 et
1604 772 1697 842 qui
1720 772 1928 841 ejectus
1954 770 2076 826 l'ue-

495 875 604 931 rat,
644 866 870 921 domum
923 865 1181 919 reductus
1211 861 1279 917 δ’.
1304 861 1367 916 Et
1387 862 1563 933 gratia
1598 863 1850 932 patestati
1880 878 1945 918 ac
1972 861 2074 916 mi-

498 957 813 1012 sericordia:
840 956 1028 1026 gloriae
1054 953 1170 1016 Dei,
1200 954 1296 1024 qui
1318 964 1374 1009 et
1423 955 1572 1011 illius
1602 954 1860 1008 misertus
1880 963 1985 1017 est,
2019 962 2075 1010 et

500 1065 587 1105 me
630 1049 895 1103 humilem
947 1062 1186 1102 maerore
1240 1048 1510 1102 liberavit.
1540 1045 1834 1101 Mmrebam
1862 1047 2007 1102 enim
2043 1062 2074 1100 a

500 1142 689 1196 multis
722 1141 882 1195 annis
902 1139 974 1194 ob
998 1139 1098 1193 lilii
1151 1140 1257 1193 mei
1308 1140 1551 1194 ruinam.
1599 1136 1681 1192 Tu
1715 1138 1881 1209 igitur
1924 1148 2080 1208 pater

501 1229 649 1285 illius
686 1244 833 1284 nunc
858 1228 953 1283 Dei
1003 1228 1360 1285 miseratione
1386 1227 1563 1284 factus
1587 1243 1667 1287 es.
1696 1228 1824 1283 boni
1876 1228 2082 1283 media-

503 1321 641 1376 toris
660 1334 819 1389 opem
851 1318 1032 1374 ferens
1067 1338 1082 1373 :
1115 1328 1170 1373 et
1205 1328 1261 1373 tu
1316 1319 1470 1373 illum
1520 1318 1778 1388 deinceps
1810 1318 1875 1372 ad
1908 1317 2077 1373 Deum

502 1410 760 1466 adduces.
790 1409 930 1466 Ecce
956 1410 1102 1466 enim
1128 1410 1281 1465 illum
1319 1411 1375 1464 in
1419 1425 1615 1465 manus
1641 1419 1785 1472 tuas,
1814 1425 1878 1464 ao
1907 1412 1954 1465 si
1985 1424 2082 1465 co-

500 1518 617 1558 ram
649 1503 721 1558 ob
754 1504 965 1567 oculos,
1006 1503 1328 1558 commendo
1358 1520 1378 1558 :
1402 1510 1457 1559 et
1500 1502 1802 1573 discipulus
1832 1511 1959 1557 tuus
1986 1517 2085 1555 vo-

501 1604 677 1659 cetur,
712 1603 769 1649 et
792 1610 823 1650 a
852 1606 902 1649 te
929 1594 1108 1650 discat
1132 1611 1305 1665 usque
1341 1596 1398 1649 in
1437 1594 1596 1649 linem
1629 1612 1644 1649 :
1680 1603 1847 1664 tuque
1869 1610 2082 1649 merce-

502 1684 627 1739 dem
653 1685 801 1741 illius
829 1687 1096 1756 percipies
1121 1687 1173 1740 in
1200 1686 1607 1756 saacula.Atque
1625 1686 1768 1741 hanc
1796 1686 2080 1757 epistolam

502 1774 651 1846 leges
686 1776 811 1847 ipsi,
836 1786 898 1831 ut
920 1791 1151 1833 securus
1188 1778 1277 1843 sit,
1310 1777 1775 1847 quemadmodum
1808 1777 1912 1846 ipsi
1942 1778 2082 1832 scri-

2184 585 2279 638 σοῦ
2309 585 2403 639 τοῦ
2435 585 2806 656 πνευματικοῦ
2829 584 3198 655 πατρὸςμιαὶ
3223 582 3313 636 τὸν
3343 584 3668 638 ἀπολωλότα
3690 584 3771 647 ὡς

2179 675 2417 747 Χριστὸς
2451 677 2545 729 ἐπὶ
2570 676 2679 729 τῶν
2706 672 2873 744 ῶμων
2897 673 3283 748 ἀναλαϐόντος.
3311 674 3646 745 Εὑφράνθην
3671 676 3770 729 οὖν

2184 771 2213 822 ὁ
2244 768 2500 831 ταπεινὸς
2525 767 2654 836 ἐγὼ,
2683 768 2780 822 καὶ
2806 766 3250 837 ἠγαλλιασάμην,
3284 766 3366 819 ὅτι
3396 766 3457 820 τὸ
3482 768 3771 830 ἀπολωλὸς

2188 855 2423 925 εὑρέθη,
2470 854 2531 907 τὸ
2585 856 2913 925 ἀπωσμένον
2948 855 3270 926 είσῳκίσθη.
3310 856 3424 909 Καὶ
3478 858 3644 927 χάρις
3696 856 3773 927 τῷ

2187 948 2383 1017 κράτει
2418 949 2513 1000 καὶ
2541 947 2684 1019 ἐλέει
2717 948 2818 1015 τῆς
2844 945 2940 1000 τοῦ
2988 946 3126 1000 Θεοῦ
3170 946 3358 1017 δόξης,
3389 947 3484 1001 τοῦ
3514 951 3772 1004 κάκεῖ-νον

2186 1038 2531 1107 ἑλεήσαντος,
2562 1038 2708 1107 κάμὲ
2732 1039 2824 1091 τὸν
2845 1039 3104 1094 ταπεινὸν
3131 1040 3197 1093 ὲκ
3228 1038 3331 1109 τῆς
3360 1039 3601 1109 ἀθυμίας
3629 1041 3769 1094 ἀνα-

2186 1132 2535 1201 κομίσαντος.
2576 1130 2851 1199 Ἦθύμουν
2880 1132 2990 1202 γὰρ
3023 1131 3131 1185 ἀπὸ
3164 1130 3375 1185 πολλῶν
3404 1130 3541 1184 ὲτῶν
3579 1131 3678 1184 ἐπὶ
3703 1136 3769 1203 τῇ

2183 1223 2431 1293 ἀπωλείᾳ
2467 1223 2562 1275 τοῦ
2611 1222 2729 1275 υίοῦ
2778 1241 2899 1293 μου.
2952 1224 3024 1277 Σὺ
3066 1220 3159 1278 οὖν
3190 1225 3315 1295 ἄρτι
3375 1223 3560 1294 πατὴρ
3598 1222 3769 1277 αὑτοῦ

2183 1314 2326 1369 ἐλέει
2349 1315 2485 1369 Θεοῦ
2524 1318 2966 1389 κεχρημάτικας,
2997 1321 3065 1389 τῇ
3096 1318 3392 1388 ἐπικουρίᾳ
3421 1316 3517 1370 τοῦ
3556 1315 3772 1384 ἀγαθοῦ

2188 1413 2410 1479 μεσίτου
2432 1425 2448 1439 ·
2481 1410 2577 1462 καὶ
2600 1411 2664 1463 σὺ
2693 1411 2857 1463 αὑτὸν
2885 1411 3212 1479 προσάξειας
3229 1409 3349 1479 Θεῷ
3378 1410 3513 1479 προς
3535 1409 3597 1462 τὸ
3618 1408 3771 1479 ἑξῆς.

2196 1501 2330 1555 Ἰδοὺ
2357 1500 2465 1572 γὰρ
2493 1502 2843 1573 παραδίδωμι
2874 1503 3036 1557 αὑτὸν
3081 1505 3162 1566 είς
3190 1504 3377 1574 χεῖρὰς
3410 1520 3525 1568 σου,
3556 1503 3634 1566 ὡς
3663 1503 3775 1556 sub

2187 1595 2450 1665 αὑτοψίας
2480 1595 2797 1667 ὀφθαλμῶν,
2830 1597 2927 1650 καὶ
2954 1596 3227 1650 καλείσθω
3255 1613 3350 1649 σου
3386 1596 3659 1668 μαθητὴς,
3678 1598 3775 1649 καὶ

2190 1688 2523 1758 μαθητεύσει
2556 1706 2638 1741 σοι
2667 1689 2772 1752 ἓως
2802 1689 3021 1751 τέλους·
3061 1689 3156 1742 καὶ
3201 1688 3639 1760 κληρονομήσεις
3678 1688 3775 1741 τὸν

2193 1781 2385 1850 μισθὸν
2416 1780 2586 1836 αὐτοῦ
2631 1784 2712 1845 είς
2746 1783 2877 1844 τοὺς
2919 1781 3143 1844 αἰῶνας.
3179 1782 3291 1835 Καὶ
3320 1781 3478 1853 τήνδε
3506 1782 3606 1850 τὴν
3644 1783 3776 1835 ἐπι-

502 1865 628 1934 psi;
658 1874 740 1920 'et
802 1877 861 1921 ut
914 1867 1202 1936 impleatur
1229 1869 1377 1939 quod
1423 1870 1492 1924 ab
1517 1869 1779 1939 Apostoio
1817 1869 2082 1938 scriptum

2194 1849 2382 1943 στολὴν
2422 1873 2829 1942 ὲπαναγνὼσεις
2858 1873 3029 1943 αὐτῷ.
3056 1874 3133 1938 ὼς
3168 1873 3234 1927 ἂν
3268 1849 3386 1944 ἔχοι
3412 1873 3473 1927 τὸ
3504 1849 3775 1944 ἀσφαλὲς,

503 1966 630 2012 est:
664 1957 815 2012 Alter
842 1958 1065 2014 alterius
1093 1977 1256 2015 onera
1287 1970 1520 2029 portate.
1555 1972 1603 2014 et
1626 1962 1701 2015 sic
1730 1961 2087 2031 adimplebitis

505 2048 674 2121 legem
702 2049 903 2106 Christi
929 2051 1017 2118 Ι⁵³;
1049 2053 1143 2123 qui
1170 2063 1221 2108 te
1252 2067 1377 2107 cum
1418 2054 1672 2108 universa
1711 2069 1740 2107 a
1770 2051 1881 2106 Deo
1916 2053 2088 2107 electa

504 2143 764 2199 societate
826 2155 919 2199 tua
959 2144 1255 2210 custodiat,
1308 2144 1533 2200 meliora
1576 2160 1678 2216 pro
1716 2144 1879 2199 nobis
1919 2144 2084 2199 etiam

507 2234 892 2299 peccatoribus
917 2242 1186 2289 orantem.

852 2536 1057 2596 CXLII.
1081 2568 1152 2581 —
1181 2538 1384 2593 Basilio
1415 2540 1719 2608 preposito.

2185 1965 2332 2019 καθὰ
2362 1967 2601 2037 κάκείνῳ
2625 1967 2775 2037 αὑτῷ
2795 1969 3050 2040 γέγραφα
3068 1984 3083 1999 ·
3109 1971 3207 2022 καὶ
3235 1968 3564 2039 πληρούσθω
3594 1970 3657 2023 τὺ
3679 1970 3776 2023 τοῦ

2198 2058 2522 2113 Ἀποστόλου
2596 2061 2914 2126 Ἀλλήλων
2953 2063 3027 2116 τὰ
3058 2061 3221 2131 ,βάρη
3266 2062 3636 2128 βαστάζετε,
3672 2064 3778 2117 καὶ

2184 2151 2375 2217 οὕτως
2415 2152 2896 2224 ἀναπληρώσατε
2924 2155 3031 2207 τὸν
3068 2159 3261 2226 νόμον
3310 2155 3418 2211 τοῦ
3469 2157 3737 2224 Χριστοῦ

2183 2246 2239 2309 ὃς
2274 2247 2529 2315 φυλάξειέ
2563 2266 2621 2301 σε
2659 2250 2796 2317 μετὰ
2830 2250 3013 2319 πάσης
3048 2253 3146 2321 τῆς
3196 2252 3481 2305 θεολέκτου
3517 2269 3609 2303 σου
3652 2269 3785 2304 συν-

2182 2339 2349 2403 οδίας,
2392 2343 2833 2412 προσευχόμενον
2867 2343 2962 2398 καὶ
3009 2344 3138 2414 περὶ
3170 2346 3329 2415 ήμῶν
3368 2345 3475 2397 τῶν
3512 2346 3784 2417 ἁμαρτω-

2183 2430 2290 2483 λῶν
2328 2432 2395 2485 τὰ
2435 2435 2743 2504 κρείττονα.

2297 2542 2454 2598 PMB’
2485 2547 2619 2617 (55).
2650 2577 2721 2587 —
2758 2547 3055 2616 Βιισιλείῳ
3077 2547 3411 2618 ἡγουμένω.
3455 2548 3650 2623 [ti-tat]

1179 2654 1379 2720 Arguit,
1405 2656 1537 2720 quod
1559 2655 1619 2705 ab
1654 2653 1959 2718 imperatore
1986 2657 2116 2708 haud
2155 2660 2275 2710 satis
2295 2663 2572 2713 orthodoxo
2597 2678 2803 2714 munera
2829 2665 3103 2729 acceperit.

577 2768 710 2835 Quae
738 2782 902 2835 supra
938 2767 1189 2822 meritum
1228 2777 1475 2822 nostrum
1513 2769 1625 2823 sint
1641 2770 1902 2832 scribere,
1943 2785 2092 2825 sem-

505 2878 602 2933 per
639 2861 879 2917 fraterna
936 2861 1239 2918 reverentia
1280 2870 1371 2915 tua
1432 2863 1736 2924 consuevit,
1774 2862 2090 2917 tenuitatem

504 2965 753 3015 nostram
797 2955 1048 3009 laudibus
1086 2965 1141 3009 et
1177 2954 1442 3009 encomiis
1485 2968 1783 3017 exornans,
1825 2970 1925 3010 nos
1964 2970 2092 3009 vero

508 3047 746 3117 propriis
786 3046 989 3100 linibus
1008 3055 1113 3100 nos
1147 3046 1429 3100 continere
1454 3046 1771 3110 didicimus,
1812 3056 1867 3101 et
1909 3047 2088 3112 nihili,

2260 2775 2342 2827 Τὰ
2380 2776 2521 2846 ὑπὲρ
2555 2775 2652 2845 τὴν
2701 2774 2861 2839 ἀξίαν
2894 2774 3054 2845 ἡμῶν
3087 2774 3319 2828 πάντοτε
3372 2774 3405 2843 ὴ
3452 2773 3660 2844 ἀδελφὴ
3702 2794 3808 2829 τι·-⁴

2193 2868 2383 2937 μιότης
2413 2884 2507 2919 σου
2539 2866 2884 2920 ἐπιστέλλειν
2918 2867 3102 2933 εἴωθε,
3126 2869 3319 2937 τιμαῖς
3349 2869 3444 2920 καὶ
3475 2868 3783 2937 εὐφημίαις

2189 2958 2643 3028 ἀποσεμνύνουσα
2683 2959 2782 3029 τὴν
2832 2958 3118 3013 οὐθένειαν
3153 2961 3335 3029 ἡμῶν·
3371 2962 3536 3030 ἡμεῖς
3565 2960 3625 3013 δὲ
3669 2962 3785 3013 τῶν

2188 3050 2406 3104 οἰκείων
2454 3051 2670 3121 μέτρων
2719 3050 2794 3123 μὴ
2836 3051 3156 3118 ἐξίστασθαι
3200 3051 3565 3121 δεδιδάγμεθα
3592 3095 3608 3116 ,
3664 3053 3784 3106 ἀλλ’

508 3138 655 3211 quod
694 3155 885 3195 sumus
920 3154 1024 3195 nos
1061 3139 1450 3195 mstimare.Ac
1486 3139 1553 3195 de
1595 3140 1680 3194 his
1723 3141 1875 3195 satis.
1915 3139 2088 3195 Crete-

2194 3143 2443 3214 ἡγεῖσθαι
2491 3143 2720 3207 ἑαυτοὺς
2768 3144 2947 3211 οὐθὲν,
3001 3145 3139 3215 ὅπερ
3185 3146 3374 3215 ὲσμέν.
3414 3145 3526 3199 Καὶ
3572 3145 3786 3199 τούτων

509 3249 631 3287 rum
691 3233 921 3288 tarditas
951 3233 1345 3287 venerabilium
1387 3234 1690 3288 litterarum
1728 3243 1946 3287 tuarum
1987 3234 2091 3288 mi-

508 3328 662 3383 nime
700 3342 799 3382 nos
820 3326 1180 3381 contristavit.
1222 3327 1334 3381 Cur
1353 3326 1500 3380 enim
1527 3326 1550 3380 ?
1574 3336 1669 3382 aut
1703 3342 1827 3397 qua:
1852 3326 1954 3382 fuit
1992 3342 2090 3381 ne-

513 3422 784 3477 cessitas?
831 3418 1191 3476 Contristavit
1224 3428 1403 3474 autem
1432 3419 1744 3491 (aperienda
1783 3419 1929 3472 enim
1968 3434 2090 3489 quae

512 3514 570 3570 in
593 3514 779 3569 animo
814 3513 970 3582 sunt)
1004 3523 1095 3568 tua
1141 3512 1192 3567 in
1231 3512 1366 3568 urbe
1400 3512 1872 3577 commemoratio,
1933 3521 1987 3566 et
2022 3513 2091 3567 ad

512 3607 897 3677 imperatorem
938 3620 1138 3671 sermo,
1175 3606 1405 3674 ejusque
1453 3605 1737 3669 allocutio,
1781 3607 2089 3673 responsio,

512 3708 570 3755 et
606 3695 733 3755 ιιιηὲ
761 3715 828 3755 ex
868 3699 1125 3753 mandato
1163 3699 1470 3765 discessus;
1504 3714 1628 3753 cum
1656 3698 1711 3751 in
1748 3698 1939 3752 iisdem
1989 3711 2119 3750 nos-

514 3792 712 3847 iterum
752 3791 1113 3847 incommodis
1155 3806 1456 3854 versemus,
1515 3791 1619 3844 sub
1654 3806 1817 3843 manu
1871 3789 2091 3843 hetero-

513 3886 782 3939 doxorum
814 3884 1040 3938 detenti.
1093 3883 1394 3952 Adjecerim
1445 3891 1624 3936 autem
1663 3891 1717 3935 et
1769 3882 2090 3936 missionem

516 3990 806 4031 mconomo
840 3975 907 4028 ad
949 3974 1246 4042 principem
1275 3973 1550 4037 eumdem,
1587 3983 1642 4027 et
1689 3973 1796 4027 cibi
1836 3988 2090 4027 conmm-

516 4068 759 4131 nionem,
812 4076 865 4121 et
904 4067 1307 4121 abductionem.
1357 4065 1481 4120 Haec
1520 4064 1702 4119 omnia
1743 4080 1843 4119 nos
1887 4065 2091 4119 contri-

519 4169 757 4223 slaruut,
800 4160 1304 4214 revcrcndissime:
1349 4170 1403 4213 et
1451 4158 1660 4213 inhibet
1697 4173 1797 4212 nos
1844 4159 2091 4227 ignosce,

518 4251 766 4320 deceptio
802 4260 1000 4311 vestra.
1035 4251 1379 4319 congressio,
1413 4258 1468 4303 et
1507 4250 1870 4315 conversatio,
1904 4265 2095 4303 muneo

523 4362 642 4401 rum
683 4345 928 4412 exceptio
980 4352 1033 4396 et
1064 4343 1309 4404 donatio,
1364 4351 1421 4397 et
1480 4344 1526 4396 si
1568 4344 1659 4412 qui
1702 4343 2096 4398 benevolentiae

523 4438 721 4492 indicia
747 4437 855 4490 alia
893 4436 1146 4504 usurpari
1207 4444 1490 4500 consueta,
1552 4433 1620 4488 Ut
1656 4435 1781 4504 quid
1803 4436 1964 4497 enim,
2011 4436 2093 4489 in-

2194 3237 2294 3305 μὲν
2322 3236 2461 3299 ἆλις.
2498 3237 2563 3290 Ἡ
2578 3237 2634 3290 δὲ
2658 3236 2931 3308 βραδύτης
2951 3236 3061 3290 τῶν
3085 3237 3285 3307 τιμίων
3310 3255 3406 3291 σου
3431 3237 3786 3309 γραμμάτων

2190 3330 2252 3381 οὐ
2300 3329 2364 3399 δή
2418 3347 2521 3382 που
2561 3329 2874 3399 λελύπηκεν
2917 3330 3087 3399 ἡμᾶς.
3119 3330 3220 3383 Διὰ
3266 3330 3320 3382 τί
3361 3330 3508 3399 γὰρ;
3553 3332 3650 3382 καὶ
3697 3321 3783 3398 ἐφ’

2189 3414 2339 3490 ᾧτινι
2380 3424 2441 3476 τὸ
2478 3423 2824 3492 ἀναγκάζον;
2864 3422 3157 3494 Λελύπηκε
3195 3421 3289 3487 δὲ,
3335 3422 3445 3474 δεῖν
3472 3421 3584 3492 γὰρ
3614 3425 3784 3475 ὲκκα-

2190 3514 2358 3584 mea;
2386 3515 2456 3568 τὰ
2481 3518 2893 3585 παριστάμενα,
2923 3517 2956 3582 ἡ
2988 3516 3048 3568 ὲν
3080 3514 3160 3584 τῷ
3188 3514 3343 3568 ἄστει
3375 3513 3653 3583 διατριϐὴ,
3685 3516 3783 3566 καὶ

2192 3608 2225 3678 ἡ
2258 3608 2393 3677 πρὸς
2424 3607 2517 3660 τὸν
2553 3609 2857 3677 κρατοῦντα
2905 3609 3070 3676 φάσις
3114 3607 3211 3661 καὶ
3258 3606 3579 3677 ἀντίφασις,
3618 3607 3714 3659 καὶ
3750 3610 3784 3678 ἡ

2193 3699 2301 3751 ὑπὸ
2354 3699 2602 3751 κέλευσιν
2657 3700 2854 3763 ἔξοδος·
2905 3700 3139 3754 ἐπὶτῶν
3183 3699 3364 3753 αὐτῶν
3404 3700 3567 3754 πάλιν
3609 3700 3784 3754 ὄντων

2193 3790 2352 3859 ἡμῶν
2399 3793 2925 3862 πρακτικευμάτων,
2980 3793 3081 3863 τῆς
3114 3793 3432 3862 ὑποχειρίου
3458 3793 3569 3846 τῶν
3600 3794 3787 3865 ἑτερο-

2186 3882 2361 3948 δόξων
2407 3883 2640 3952 κατοχῆς
2670 3900 2683 3914 ·
2711 3883 3085 3955 προσθείημεν
3114 3884 3160 3937 δ’
3202 3883 3287 3949 ἂν,
3321 3885 3412 3936 καὶ
3440 3887 3473 3955 ὴ
3518 3885 3655 3955 πρὸς
3685 3885 3783 3938 τοῦ

2193 3972 2481 4039 οἰκονόμου
2522 3970 2610 4022 ἐπ’
2640 3971 2805 4024 αὑτοῦ
2857 3971 2950 4023 τοῦ
3020 3973 3257 4042 κράτους
3307 3972 3583 4040 ἀποστολὴ
3608 4012 3624 4035 ,
3659 3989 3787 4025 συν-

2195 4063 2437 4125 εστίασίς
2500 4080 2558 4117 τε
2610 4064 2703 4117 καὶ
2750 4065 3152 4132 συναπαγωγή.
3182 4063 3370 4117 Ταῦτα
3409 4063 3591 4117 πάντα
3630 4064 3787 4118 λελύ-

2196 4174 2371 4226 πηκεν
2397 4158 2542 4227 ἡμᾶς
2566 4196 2581 4221 ,
2628 4151 2674 4211 ὧ
2702 4155 3030 4226 τιμιώτατε,
3069 4158 3164 4210 καὶ
3214 4156 3388 4227 εἴργει
3432 4156 3616 4224 ἡμᾶς,
3652 4158 3786 4225 σύγ-

2196 4248 2367 4318 γνωθι
2388 4289 2402 4314 ,
2436 4250 2468 4320 ἡ
2500 4249 2637 4319 πρὸς
2666 4251 2813 4320 ὑμᾶς
2841 4251 3027 4320 ἀπάτη
3050 4290 3065 4310 ,
3099 4252 3194 4304 καὶ
3228 4250 3656 4320 συνανάκρασις,
3689 4270 3785 4306 και

2199 4340 2650 4410 συναναστροφὴ,
2690 4340 2854 4410 λῆψίς
2882 4357 2942 4392 τε
2974 4342 3070 4394 καὶ
3099 4342 3247 4406 δόσις
3270 4383 3286 4407 ,
3339 4342 3434 4396 καὶ
3475 4343 3527 4395 εί
3572 4359 3627 4393 τι
3656 4344 3787 4397 ἄλλο

2199 4432 2307 4485 τῶν
2335 4432 2587 4499 φιλικῶν,
2631 4433 2726 4485 καὶ
2769 4432 2829 4497 ἐξ
2859 4432 3037 4496 ἔθους.
3069 4434 3205 4489 "Ira
3234 4435 3294 4487 τί
3322 4435 3454 4504 γὰρ,
3504 4436 3695 4503 φησὶν,
3747 4438 3786 4502 ἠ

520 4530 661 4599 quit,
711 4527 927 4581 libertas
972 4542 1085 4578 mea
1126 4526 1410 4594 judicatur
1461 4524 1525 4577 ab
1590 4525 1764 4579 aliena
1828 4528 2088 4578 conscien-

2197 4523 2505 4591 ἐλευθερία
2531 4542 2651 4594 μου
2678 4526 2941 4592 κρίνεται
2962 4524 3082 4579 ὑπὸ
3115 4526 3312 4593 ἄλλης
3336 4524 3792 4594 συνειδιὲσεωςς

521 4617 599 4670 tia
617 4616 701 4670 “7
733 4614 798 4668 Et
836 4612 1279 4685 quandoquidem
1317 4612 1548 4665 antehac
1593 4613 1728 4667 satis
1759 4612 2097 4681 dispensavi—

519 4724 669 4773 mus,
712 4708 899 4777 idque,
939 4714 1000 4760 ut
1039 4704 1183 4760 Deus
1215 4704 1367 4759 solus
1406 4705 1576 4769 novit,
1618 4720 1741 4758 cum
1784 4720 1982 4775 magno
2012 4703 2097 4758 af-

520 4801 667 4859 fectu
698 4812 754 4856 et
777 4799 1183 4863 misericordia;
1213 4814 1362 4853 nunc
1392 4798 1554 4851 etiam
1593 4798 1913 4867 dispensare
1936 4813 2099 4867 opor-

523 4905 622 4962 tet,
650 4905 703 4949 et
736 4909 842 4948 non
876 4902 1107 4961 utraque
1140 4907 1202 4946 ex
1237 4890 1788 4959 partedetrimeutum
1812 4892 1942 4959 pati,
1975 4906 2097 4956 nec,

524 4988 704 5042 aliena
746 4994 1079 5054 usurpantes
1122 4994 1359 5049 ;nostra
1416 4982 1729 5035 inconsulto
1808 4982 2093 5051 projicere.

526 5081 842 5137 Scientibus
891 5082 1087 5151 loquor
1125 5097 1138 5133 :
1174 5079 1342 5134 Nemo
1389 5088 1555 5146 potest
1609 5078 1812 5131 duobus
1870 5079 2097 5131 dominis

526 5175 719 5229 servire
750 5173 820 5236 ⁸⁸,
860 5174 1063 5227 veritas
1130 5170 1523 5241 pronuntiavit.
1584 5167 1796 5221 Domini
1862 5168 1996 5222 estis
2045 5177 2099 5220 ct

528 5267 645 5321 heri
675 5278 730 5322 et
770 5273 1013 5321 rectores
1045 5264 1386 5332 propriorum
1413 5260 1865 5315 monasteriorum
1889 5269 1943 5313 et
1970 5275 2101 5313 con-

527 5362 776 5418 siliorum
816 5378 829 5413 :
866 5374 967 5412 nos
1004 5372 1133 5412 vero
1165 5357 1398 5411 humiles
1444 5365 1498 5408 et
1544 5354 1838 5408 errabundi
1874 5355 2018 5407 hunc
2044 5354 2096 5405 in

534 5455 711 5508 locum
772 5450 929 5520 ejecti
971 5450 1042 5504 ob
1090 5450 1550 5518 persecutionem.
1605 5445 1896 5501 Concedite
1954 5448 2097 5501 hanc

607 5634 651 5663 δ’
680 5632 811 5689 Luc.
840 5649 929 5700 xv,
956 5632 1046 5687 24.
1122 5635 1166 5666 ”
1197 5634 1370 5689 Galat.
1398 5649 1473 5702 vr,
1505 5634 1559 5687 2.
1636 5632 1678 5665 “
1712 5634 1729 5686 l
1766 5631 1890 5689 Cor.
1924 5648 1975 5698 κ,
2007 5631 2097 5688 9.9.

2200 4617 2310 4671 Καὶ
2361 4618 2548 4687 ἐπειδὴ
2590 4618 2791 4681 ἱκανῶς
2831 4618 3266 4697 ᾠκονομήσαμεν
3310 4620 3367 4670 ὲν
3411 4620 3529 4680 τοῖς
3576 4620 3793 4688 προλα-

2203 4709 2393 4773 ϐοῦσι,
2429 4710 2557 4771 καὶ,
2608 4709 2685 4772 ὡς
2726 4709 2860 4773 Θεὸς
2904 4710 3067 4779 μόνος
3106 4708 3251 4776 οἶδε,
3291 4710 3391 4762 σὺν
3446 4708 3616 4777 πολλῇ
3668 4709 3794 4762 δια-

2201 4801 2349 4855 θέσει
2384 4803 2479 4855 καὶ
2506 4801 2871 4873 ἐλεημοσύνη·
2904 4802 3018 4855 δεῖν
3063 4801 3190 4872 ἄρτι
3242 4801 3338 4855 καὶ
3387 4800 3791 4870 οἰκοδομῆσαι,

2200 4894 2297 4947 καὶ
2343 4896 2417 4965 μὴ
2472 4896 2865 4965 ἀμφοτέρωθεν
2914 4894 3288 4965 ζημιοῦσθαι,
3341 4895 3479 4966 μήτε
3516 4895 3578 4946 τὸ
3626 4894 3794 4946 ἁλλόο

2204 5005 2355 5057 τριον
2408 4988 2998 5059 προλαμϐανομένους,
3054 4989 3148 5041 καὶ
3190 4988 3250 5040 τὸ
3317 4990 3519 5040 οἰκεῖον
3575 4987 3796 5055 ἀλόγως

2209 5081 2494 5150 προέσθαι.
2546 5080 2756 5134 meum
2787 5084 2816 5135 ὁ
2845 5081 3003 5150 λόγος
3033 5096 3046 5111 ·
3076 5080 3286 5147 Οὐδεὶς
3347 5080 3599 5135 δύναται
3644 5079 3795 5134 δυσὶ

2208 5173 2437 5238 κυρίοις
2498 5172 2835 5235 δουλεύειν,
2895 5176 2928 5242 ἡ
2981 5172 3211 5244 ἀλήθεια
3278 5174 3620 5242 ἀπεφήνατο.
3658 5172 3794 5225 Ku-

2210 5264 2314 5333 ριοί
2369 5264 2492 5315 ἐστε
2561 5264 2655 5316 καὶ
2729 5264 2989 5317 δεσπόται
3060 5267 3155 5318 καὶ
3220 5264 3625 5334 καθηγούμενοι
3678 5264 3794 5316 τῶν

2209 5355 2355 5408 ίδίων
2408 5355 2586 5424 μονῶν
2638 5357 2732 5408 καὶ
2775 5356 3186 5427 βουλευμάτων·
3231 5360 3393 5427 ἡμεῖς
3432 5357 3490 5409 δὲ
3536 5356 3797 5409 ταπεινοὶ

2204 5446 2300 5499 καὶ
2326 5446 2582 5517 ἀλήτιμοι
2619 5442 2721 5502 ὦδέ
2761 5466 2863 5502 που
2905 5450 3342 5521 παρερῤιμμένοι
3368 5449 3454 5503 διὰ
3500 5449 3593 5502 τὸν
3619 5447 3794 5517 διωγ-

2189 5631 2235 5663 ⁵⁸
2268 5631 2458 5687 Matth.
2490 5650 2567 5697 γι,
2590 5632 2679 5687 24.

2042 5748 2275 5808 ΝΟΤᾸΕ.

610 5846 720 5915 (55;
749 5846 804 5899 lu
831 5844 947 5900 cod.
982 5844 1109 5912 Reg.
1158 5842 1289 5911 ρξβν.
