3934 6512
193 495 302 560 1449

1313 491 1794 553 EPISTOLARU
1814 491 1869 550 Μ
1907 493 2054 552 LIB.
2114 494 2194 552 ll.

3246 491 3382 555 1-150

195 607 289 675 μίν.
322 600 606 672 Χαρίσασθε
675 602 805 670 ἡμῖν
851 601 950 670 τὴν
989 600 1301 669 ἐλευθερίαν
1343 601 1569 669 ταύτην,
1603 602 1697 652 καὶ

1822 603 1957 656 nobis
1990 603 2317 666 libertatem,
2371 611 2429 656 ut
2485 601 2688 656 nostris
2732 603 2975 670 peccatis
3019 603 3379 659 indoleamus.

190 700 236 747 τὸ
277 698 372 756 τοῖς
409 695 618 756 οἰκείοις
667 694 1086 762 ὲπιστυγνάζειν
1144 694 1527 764 ἁμαρτήμασι.
1599 694 1705 746 Καὶ

191 778 282 836 οἶδα
307 784 390 852 μὲν
414 784 489 834 ὅτι
521 781 760 852 λυπηρὸν
806 782 866 834 τὸ
894 784 1129 852 γράμμα
1159 785 1226 852 τῇ
1257 780 1532 851 τιμιότητί
1577 797 1704 845 σου,

189 875 343 945 ὥσπερ
386 875 472 928 xal.
510 877 663 945 ἡμῖν,
702 874 840 928 ἀλλὰ
883 877 980 944 τῆς
1009 874 1102 927 τοῦ
1138 873 1276 926 Θεοῦ
1309 874 1528 941 ἀγάπης
1556 872 1705 925 οὐδὲν

190 968 546 1036 προτιμότερον·
573 968 640 1020 δι’
682 969 746 1038 ἢν
781 969 874 1020 καὶ
912 970 1072 1038 ἡμεῖς
1107 967 1201 1018 σὺν
1240 967 1351 1027 τοῖς
1386 965 1560 1031 ἁγίοις
1589 965 1705 1015 Πα-

187 1058 343 1128 τράσιν
379 1058 524 1128 ήμῶν
572 1060 669 1113 ἐπὶ
702 1062 768 1131 τῇ
802 1059 958 1128 ὕϐρει
999 1056 1236 1128 Χριστοῦ
1275 1055 1631 1127 ἡρνησάμεοα
1667 1053 1704 1107 ἃ

189 1150 512 1218 ὴρνησάμεθα,
541 1152 636 1204 καὶ
663 1149 1073 1221 προαιρούμεθα
1102 1151 1138 1202 ἃ
1167 1147 1562 1218 προϊσχόμεθαέ

429 1351 576 1407 PMI"
623 1354 757 1422 (δι).
800 1382 858 1392 -
912 1351 995 1416 Τῷ
1027 1347 1204 1417 αὐτῷ.
1243 1347 1443 1421 [mea]

1808 691 1873 746 Et
1903 695 2018 747 scio
2067 695 2289 763 quidem
2333 693 2686 762 injucundam
2745 694 3065 747 reverentiae
3106 701 3212 748 tua:
3245 695 3386 750 hanc

1805 785 2095 851 epistolam
2127 785 2264 850 fore,
2297 787 2444 841 sicut
2476 795 2528 841 et
2583 785 2740 840 nobis
2775 803 2787 837 :
2817 785 2914 839 sed
2950 786 3089 839 nihil
3121 796 3205 842 est
3227 797 3385 842 ante-

1807 877 2119 944 ponendum
2155 877 2247 932 Dei
2279 879 2533 933 charitati
2562 897 2575 932 :
2613 887 2836 948 propter
2864 894 3028 947 quam
3049 889 3103 934 et
3137 895 3239 935 nos
3260 896 3384 934 cum

1806 967 2012 1023 sanctis
2046 969 2302 1025 Patribus
2332 972 2554 1035 nostris,
2615 973 2684 1027 ob
2731 972 2934 1027 Christi
2972 973 3381 1037 contumeliam,

1807 1059 2124 1126 negavimus
2162 1076 2284 1130 quas
2342 1065 2683 1133 negavimus,
2727 1073 2782 1118 et
2839 1064 3216 1132 amplectimur
3242 1080 3387 1135 'quze

1812 1148 2041 1218 professi
2065 1167 2272 1208 sumus.

2319 1353 2546 1408 CXLIII.
2578 1382 2649 1396 --
2680 1355 2884 1411 Eidem.

745 1466 1043 1524 Gratulatur,
1062 1479 1169 1515 cum
1194 1464 1480 1523 audivisset,
1526 1463 1706 1524 ipsum,
1725 1452 1842 1506 ﬁdei
1892 1472 2057 1522 causa,
2080 1464 2143 1512 de
2168 1466 2489 1529 praepositum
2515 1469 2786 1518 decedere.

240 1572 394 1641 Βραχύ
425 1590 473 1625 τι
504 1573 868 1644 παρεμυθήθη
914 1573 974 1626 τδ
1007 1574 1136 1643 περὶ
1167 1573 1312 1642 ὑμᾶς
1339 1572 1465 1634 τοὺς
1510 1586 1706 1637 τιμιω-

184 1665 342 1724 τάτους
361 1665 591 1734 λυπηρὸν
620 1664 720 1733 τῆς
745 1663 921 1733 ψυχῆς
942 1665 1120 1733 ἡμῶν·
1155 1663 1268 1728 εῐγε
1291 1661 1366 1725 ὡς
1392 1660 1705 1729 γεγράφατε
1752 1678 1758 1686 ·

185 1754 390 1822 ἔχει,κα“ι
413 1756 743 1825 ὑποχωρεῖτε
766 1759 861 1826 τῆς
881 1757 1250 1825 ἡγουμενικῆς
1270 1753 1700 1820 διακρατήσεως.

1883 1566 2205 1627 Nonnullam
2235 1578 2666 1633 consolationem
2699 1581 3060 1650 capitanimte
3096 1591 3301 1635 nostra:
3322 1582 3388 1637 de

1813 1660 1966 1716 vobis
2012 1667 2481 1723 reverendissimis
2522 1672 2854 1728 tristitia:si
2895 1688 3084 1727 verum
3118 1684 3202 1727 est
3239 1677 3387 1744 quod

1813 1752 2115 1821 scripsistis
2135 1795 2151 1819 ,
2185 1766 2238 1810 et
2267 1761 2643 1828 praepositurae
2690 1772 2965 1833 potestate
2992 1765 3206 1820 ceditis.
3232 1764 3386 1819 Nulla

184 1846 384 1913 Οὐδεμία
417 1848 519 1916 γὰρ
551 1846 825 1912 κοινωνία,
853 1841 896 1899 ὦ
928 1845 1171 1915 φιλότης,
1205 1843 1581 1912 δεδιωγμένοις
1611 1840 1704 1893 καὶ

1822 1844 1980 1906 enim,
2021 1850 2211 1914 amice,
2268 1855 2705 1920 persecutionem
2763 1858 2941 1926 passis
2963 1860 3278 1913 communio
3307 1870 3389 1912 est

183 1936 427 1999 ἁδιώκτοις
451 1978 464 2002 ,
494 1939 587 1990 καὶ
619 1939 677 1990 οὺ
725 1937 884 2007 μόνον
926 1935 1211 1997 ἀδιώκτοις
1235 1974 1250 1997 ,
1283 1933 1417 1985 ἀλλ-ὰ
1451 1933 1542 1984 καὶ
1573 1933 1707 1983 ὑπο-

181 2029 358 2082 τελοῦσι
383 2035 488 2094 τοῖς
520 2032 773 2094 διώκταις
803 2027 1324 2099 καθηγεμονιὼντων
1351 2019 1493 2080 ὧνπε
1504 2043 1534 2096 ρ
1561 2025 1711 2088 ἐξου-

184 2122 391 2185 σιάζουσι
425 2122 822 2193 μοναστηρίων·
851 2126 898 2174 εἰ
928 2121 1001 2191 μὴ
1025 2120 1131 2190 ἄρα
1161 2135 1244 2181 τις
1273 2119 1527 2171 κοινωνία
1560 2117 1707 2186 ὡμο-

179 2215 368 2284 λόγηται
397 2221 532 2286 φωτὶ
569 2222 705 2290 πρὸς
731 2221 939 2281 σκότος.
993 2215 1129 2269 Ἀλλ’
1159 2218 1259 2269 οὐκ
1298 2217 1592 2286 ἐνδέχεται,
1634 2213 1714 2279 ὡς

181 2305 202 2354 ὁ
234 2305 358 2374 ἱερὸς
385 2308 536 2376 λόγος
571 2310 904 2379 ἀπεφήνατο.
936 2307 1009 2359 Τὸ
1042 2307 1151 2376 γὰρ
1183 2307 1287 2370 ἓως
1321 2307 1416 2359 τοῦ
1445 2305 1712 2374 παρόντος

179 2398 418 2452 ἐπιδοῦναι
465 2402 691 2462 ἑαυτοὺς
734 2404 791 2453 ὲν
838 2402 950 2462 τοῖς
997 2398 1184 2452 ἁλοῦσι
1229 2398 1297 2451 δι’
1348 2397 1713 2458 ὑποπτώσεως

183 2490 399 2560 ἰατρικῆς
423 2533 437 2553 ,
470 2494 612 2545 κατὰ
648 2490 796 2544 τόνδε
823 2491 915 2544 τὸν
940 2491 1142 2562 τρόπον
1177 2491 1367 2558 γέγονε
1389 2530 1403 2553 ,
1435 2490 1498 2541 τὸ
1525 2489 1713 2542 λαϐεῖν

179 2582 299 2648 ἡμᾶς
335 2585 532 2649 ὲγγῦας
555 2624 570 2647 ,
631 2585 765 2653 μήτε
813 2583 954 2652 λόγῳ
980 2624 993 2646 ,
1047 2585 1180 2653 μήτε
1217 2582 1398 2652 ἔργῳ,
1431 2583 1553 2635 καθ’
1602 2576 1714 2635 οἷον

178 2670 346 2741 δήποτε
365 2676 562 2746 τρόπον
606 2675 915 2746 ὑπαχθῆναι
975 2675 1135 2728 πάλιν
1182 2679 1294 2738 τοῖς
1342 2674 1713 2742 ἐτεροδόξοις,

178 2766 252 2817 καὶ
297 2762 401 2818 οἷον
453 2772 511 2821 ὲν
560 2768 866 2838 μεταιχμίῳ
918 2770 1106 2822 ἑστᾶσι
1142 2766 1460 2838 κρατήσεως
1512 2767 1604 2819 καὶ
1653 2766 1714 2818 οὐ

179 2861 460 2929 κρατήσεως
492 2862 604 2916 τῶν
648 2862 847 2932 μονῶν·
879 2862 973 2913 καὶ
1005 2862 1066 2914 τὸ
1095 2862 1214 2914 ὅλον
1253 2862 1449 2924 εἰπεῖν,
1485 2859 1557 2922 ὼς
1627 2859 1713 2911 νό-

181 2968 317 3020 μιμον
353 2957 606 3021 γενέσθαι
630 2957 730 3027 τὴν
758 2957 1046 3026 ὁμολογίαν
1069 2957 1158 3009 διὰ
1191 2957 1290 3026 τῆς
1319 2955 1429 3008 τῶν
1456 2956 1716 3009 ἐναντίων

179 3042 530 3114 ὑφελκῦσεως,
585 3053 679 3103 καὶ
729 3050 838 3102 τῶν
895 3050 1265 3118 ἐνισταμένων
1317 3051 1713 3118 ἁντιπράξεως.

184 3132 282 3186 Ἐπ’
303 3135 364 3188 ἂν
390 3139 445 3190 δὲ
480 3141 674 3208 καιρὸς
702 3134 804 3209 ἧκε
839 3139 930 3192 τοῦ
964 3140 1324 3208 ζητουμένου,
1374 3141 1465 3192 καὶ
1496 3140 1558 3192 τὸ
1586 3141 1717 3208 ὁμο-

1812 1950 1936 1989 cum
1967 1938 2032 1992 iis
2061 1939 2151 2007 qui
2187 1943 2335 2010 passi
2381 1959 2491 1998 non
2549 1943 2793 2010 fuerunt,
2832 1949 3030 2017 quique
3085 1964 3194 2002 non
3230 1951 3390 2002 modo

1811 2028 1952 2094 passi
2013 2044 2120 2083 non
2177 2041 2326 2097 sunt,
2367 2035 2457 2088 sed
2495 2044 2548 2089 et
2588 2037 2655 2089 iis
2701 2038 2794 2104 qui
2834 2039 3173 2093 insectantur
3212 2041 3389 2093 tribu-

1813 2129 1927 2173 tum
1971 2123 2217 2189 pendunt
2247 2128 2600 2194 praesidentes
2667 2132 3018 2185 monasteriis
3063 2147 3185 2200 quae
3209 2132 3391 2201 possi-

1811 2210 1943 2265 dent
1975 2229 1986 2264 :
2017 2212 2122 2266 nisi
2163 2213 2305 2270 forte
2339 2219 2573 2273 societas
2618 2221 2800 2289 aliqua
2847 2235 2970 2274 esse
3013 2221 3230 2275 dicatur
3281 2223 3388 2275 luci

1812 2299 1880 2352 ad
1903 2304 2152 2356 tenebras
2187 2303 2231 2334 "‘
2259 2323 2273 2358 :
2301 2321 2421 2374 qua:
2453 2308 2600 2361 nulla
2619 2323 2740 2362 esse
2762 2317 2960 2379 potest,
2999 2317 3055 2365 ut
3082 2326 3262 2364 sermo
3300 2327 3391 2366 sa-

1814 2404 1906 2444 cer
1940 2395 2200 2446 ostendit.
2229 2393 2382 2459 Quod
2418 2397 2563 2451 enim
2614 2399 2877 2453 hactenus
2915 2401 3171 2469 propensi
3221 2400 3391 2455 fueri-

1815 2496 1938 2536 mus
1981 2499 2107 2552 erga
2148 2484 2329 2554 lapsos
2374 2503 2470 2556 per
2507 2491 2774 2543 medicam
2831 2491 3259 2561 indulgentiam;
3303 2508 3391 2547 res

1817 2573 1922 2629 hoc
1957 2578 2119 2630 modo
2145 2586 2294 2645 gesta
2333 2589 2436 2642 est,
2464 2582 2609 2649 quod
2641 2583 2972 2651 promissum
3026 2586 3180 2639 nobis
3225 2595 3389 2647 esset,

1817 2667 1938 2720 illos
1972 2684 2146 2736 neque
2172 2670 2356 2734 verbo,
2389 2687 2565 2742 neque
2595 2672 2740 2726 facto
2784 2677 3019 2745 amplius
3075 2679 3393 2734 adhaesuros

1818 2760 1930 2812 ullo
1968 2759 2130 2812 modo
2157 2762 2525 2828 heterodoxis,
2552 2775 2606 2818 et
2636 2766 2706 2820 iis
2731 2769 2824 2835 qui
2861 2777 3122 2839 tanquam
3186 2771 3241 2824 in
3277 2787 3392 2826 me—

1817 2849 1905 2904 dio
1939 2851 2100 2920 positi
2129 2861 2305 2915 erant,
2338 2863 2396 2908 ut
2425 2870 2601 2924 neque
2632 2860 2971 2914 monasteria
3019 2863 3390 2931 possiderent,

1819 2957 1996 3010 neque
2035 2960 2141 2996 non
2177 2947 2541 3012 possiderent,
2571 2963 2636 3001 ac
2663 2948 2898 3020 denique
2936 2954 3009 3005 ita
3051 2964 3108 3006 ut
3152 2954 3393 3024 legitima

1818 3044 1964 3088 esset
1987 3038 2295 3113 concessio,
2342 3038 2714 3093 subtrahendo
2745 3058 2804 3095 se
2858 3044 2927 3098 ab
2953 3045 3302 3113 adversariis,
3342 3055 3394 3101 et

1820 3130 2255 3196 oppugnantibus
2288 3133 2613 3186 resistendo.
2663 3133 2957 3204 Postquam
3006 3154 3137 3192 vero
3179 3141 3397 3194 advenit

175 3226 372 3298 λογηθὲν
406 3231 507 3283 οὐκ
540 3230 807 3300 ὲξηνύσθη
843 3230 1070 3284 ἐνώπιον
1096 3230 1232 3283 Θεοῦ
1265 3231 1356 3282 καὶ
1394 3225 1718 3300 ἀνθρώπων,

1824 3221 1901 3274 rei
1925 3224 2216 3289 postulata:
2262 3233 2497 3292 tempus,
2537 3235 2652 3278 tum
2698 3243 2828 3280 vero
2889 3229 2940 3281 id
2985 3231 3130 3297 quod
3167 3241 3392 3300 pactum

175 3321 285 3387 πρὸς
312 3323 707 3393 ἀκριεεστέραν
739 3324 838 3391 τῆς
864 3321 1135 3392 προτέρας
1170 3319 1537 3384 ὑποπτὼσεως
1572 3320 1716 3384 ἐξία-

177 3423 260 3458 σιν·
289 3411 418 3466 and
448 3414 613 3467 πάλιν
646 3415 937 3482 ἀπαγωγὴ,
965 3413 1061 3466 καὶ
1092 3413 1252 3465 πάλιν
1287 3413 1601 3471 ἁπόπτωσις
1621 3452 1635 3476 ,
1663 3410 1718 3463 ἐν

171 3515 218 3550 τε
246 3501 411 3570 λόγοις
445 3507 541 3558 καὶ
570 3505 775 3576 ἔργοις·
813 3507 887 3568 ὼς
914 3504 1050 3558 αὐτὰ
1077 3505 1143 3558 τὰ
1175 3505 1474 3575 πράγματα
1509 3521 1718 3574 μαρτυ-

177 3594 274 3656 ρεῖ,
315 3599 421 3649 κάκ
473 3598 585 3651 τῶν
618 3599 835 3650 εἰδότων
878 3597 1216 3667 ἀκηκόαμεν·
1251 3600 1343 3649 καὶ
1388 3597 1551 3649 πάλιν
1586 3599 1718 3650 καο-

171 3689 405 3754 ηγεμόνες
448 3690 912 3758 ἁπαρασάλευτοι,
935 3689 1020 3742 διὰ
1051 3690 1148 3757 τῆς
1183 3689 1304 3758 ἄρτι
1329 3690 1434 3741 ὑπὸ
1456 3689 1550 3742 τοῦ
1583 3691 1720 3758 κρά-

173 3791 276 3837 τους
321 3780 595 3852 ὑποδοχῆς
654 3782 747 3833 καὶ
809 3782 1134 3850 ἀποστολῆς.
1199 3780 1255 3832 Ὀ
1300 3781 1456 3847 λόγος
1505 3781 1560 3834 δὲ
1631 3784 1721 3834 ἐπὶ

170 3868 359 3922 πάντων
386 3874 499 3925 τῶν
534 3873 704 3934 οὕτως
743 3873 1141 3942 πεπραχότων·
1177 3874 1272 3923 καὶ
1316 3873 1523 3939 γελοῖόν
1574 3875 1722 3925 ἐστιν

172 3957 274 4024 ἄρτι
306 3963 360 4014 τὸ
390 3966 678 4034 ἐπιτιμᾷν,
707 3966 904 4033 μᾶλλον
931 3966 987 4018 δὲ
1017 3966 1409 4036 φρενοϐλάϐεια
1449 3968 1556 4019 τῶν
1600 3971 1724 4021 ὲπι-

169 4055 447 4122 τιμώντων,
477 4058 574 4110 καὶ
605 4057 925 4126 σκινδαλμὺς
952 4057 1060 4110 τῶν
1095 4059 1484 4120 εὐσεϐούντων,
1518 4060 1721 4129 σύγχυ-

174 4145 240 4204 σίς
277 4163 333 4199 τε
369 4152 464 4202 καὶ
505 4149 738 4220 ἁϐλεψία
782 4153 874 4204 ἐπὶ
906 4154 970 4221 τῇ
1010 4152 1243 4221 Χριστοῦ
1284 4153 1560 4222 ὁμολογίᾳ.
1605 4155 1726 4204 Δεῖν

170 4236 245 4287 τοῦ
296 4242 629 4294 ’Δποστὸλου
661 4242 891 4295 ἀκοῦσαι
924 4243 1174 4310 λέγοντος
1197 4261 1208 4272 ·
1245 4248 1532 4299 Στέλλετε
1572 4245 1726 4314 ὑμᾶς

171 4324 269 4377 ἀπὸ
316 4333 548 4397 παντὸς
589 4332 856 4402 ἀδελφοῦ
893 4334 1162 4398 ἀτάκτως
1211 4337 1682 4403 περιπατοῦντος
1710 4380 1724 4402 ,

170 4417 251 4469 καὶ
278 4421 359 4488 μὴ
383 4425 541 4477 κατὰ
573 4426 684 4492 τὴν
711 4425 1072 4492 παράδοσιν,
1106 4425 1184 4492 ἢν·
1222 4429 1563 4495 παρέλαϐον
1591 4430 1726 4497 παρ’

172 4511 336 4576 ἡμῶν·
377 4518 588 4584 μᾶλλον
629 4519 686 4570 δὲ
722 4520 826 4571 ὑπὸ
858 4519 951 4572 τοῦ
987 4521 1119 4572 Θεοῦ
1165 4522 1252 4572 διὰ
1298 4523 1391 4573 τοῦ
1444 4527 1724 4593 προφήτου

173 4600 398 4669 βοῶντος·
451 4610 754 4672 Ἐξέλθετε
785 4611 854 4665 ἐκ
889 4613 1082 4680 μέσου
1129 4613 1349 4678 αὐτῶν,
1393 4618 1489 4668 καὶ
1522 4619 1725 4684 ἀφορί-

173 4703 351 4762 σθητε,
387 4703 492 4753 καὶ
539 4702 877 4770 ἀκαθάρτου
910 4703 995 4772 μὴ
1035 4705 1316 4758 ἅπτεσθε·
1352 4707 1504 4773 κάγὼ
1544 4710 1725 4761 εἰσδέ-

171 4784 311 4854 ξομαι
341 4791 490 4860 ὑμᾶς
512 4832 527 4856 ,
568 4795 694 4856 τοὺς
736 4794 908 4857 οὕτως
939 4795 1416 4867 διαστελλομένους
1442 4800 1686 4867 δηλονότι
1711 4843 1724 4864 ,

173 4879 250 4927 καὶ
280 4881 350 4949 μὴ
379 4885 717 4953 συγχέοντας
755 4887 855 4955 τὴν
887 4888 1126 4956 Χριστοῦ
1164 4889 1476 4956 ὁμολογίαν.
1511 4891 1574 4941 Τί
1622 4892 1729 4960 γὰρ

172 4972 440 5040 φήσουσιν,
480 4972 527 5029 ὦ
561 4978 880 5044 τιμιώτατε,
904 4980 932 5031 ὅ
957 4997 1016 5031 τε
1053 4980 1161 5031 τῶν
1187 4980 1390 5049 κωμῶν
1429 4981 1730 5048 ἡγούμενος

174 5062 251 5112 κὶὶ
277 5067 303 5116 ὁ
329 5067 425 5120 τοῦ
460 5068 744 5134 Γουλαίου,
781 5070 876 5122 σὺν
905 5074 1016 5131 τοῖς
1046 5071 1247 5135 ὁμοίως
1284 5069 1405 5137 ἄρτι
1425 5069 1730 5138 διωχοείσιν

172 5149 216 5199 ἐν
251 5158 314 5223 τῇ
360 5157 625 5225 ὲῂλστάσει
647 5174 659 5187 ·
704 5159 862 5228 εἰπερ
895 5159 1093 5228 ὁρῶσιν
1125 5160 1268 5227 ὑμᾶς
1313 5162 1437 5221 τοὺς
1472 5161 1731 5230 προδοσίᾳ

173 5242 254 5307 τῆς
285 5249 548 5315 ἀληθείας
579 5253 908 5319 κατέχοντας
936 5253 1003 5302 τὰ
1051 5251 1394 5319 μοναστήρια
1419 5291 1434 5312 ’
1463 5253 1556 5303 καὶ
1585 5252 1730 5319 ἡμᾶς

173 5331 284 5399 ὑμῖν
315 5343 833 5409 συναπαγομένουςς
863 5341 915 5392 τί
949 5342 1003 5393 δὲ
1029 5342 1078 5393 οἱ
1103 5343 1159 5392 ὲν
1187 5343 1298 5402 τοῖς
1331 5340 1479 5410 ὄρεσι
1520 5340 1729 5409 τληπαο

174 5422 374 5490 ῡοῦντες
427 5434 572 5484 κατὰ
607 5433 666 5483 τὸ
705 5432 796 5483 τοῦ
843 5431 1080 5500 διωγμοῦ
1118 5435 1620 5502 στενοχωρητικόνῖ
1670 5437 1729 5487 οὗ

173 5522 512 5587 ετενάξουσιν
535 5542 548 5588 ;
569 5525 667 5576 οὐκ
696 5522 1040 5592 οίμώξουσιν;
1069 5524 1166 5592 οὐχ
1189 5527 1484 5594 ἡγήσονται
1510 5527 1732 5580 παιδιὰν

1819 3311 2018 3375 fuerat,
2046 3314 2322 3381 expletum
2346 3330 2452 3367 non
2497 3317 2596 3369 fuit
2620 3332 2804 3372 coram
2836 3317 2944 3373 Deo
2975 3331 3028 3374 et
3055 3321 3395 3386 hominibus,

1820 3403 1889 3456 ad
1931 3406 2328 3459 accuratiorem
2383 3407 2628 3474 pristina:
2671 3410 2844 3464 ruina:
2897 3414 3270 3480 curationem;
3303 3417 3396 3468 sed

1822 3511 2036 3548 rursum
2094 3496 2372 3562 abductio,
2419 3514 2640 3553 rursum
2672 3503 2854 3567 ruina,
2885 3506 3008 3557 etin
3042 3504 3223 3569 verbis
3261 3517 3314 3558 et
3345 3505 3396 3556 in

1823 3587 2002 3652 factis,
2033 3588 2179 3641 sicut
2209 3605 2294 3643 res
2341 3592 2472 3658 ipsa:
2530 3602 2821 3657 testantur,
2855 3610 3066 3664 nosque
3111 3599 3179 3650 ab
3201 3597 3269 3650 iis
3302 3595 3396 3665 qui

1823 3679 2077 3732 viderunt
2135 3681 2491 3750 accepimus:
2527 3693 2581 3738 et
2631 3687 2903 3754 praepositi
2955 3703 3173 3742 rursum
3210 3691 3400 3745 incon—

1823 3773 1995 3834 cussi,
2057 3781 2348 3841 postquam
2395 3784 2449 3828 et
2484 3779 2690 3845 accepti
2723 3777 2956 3847 benigne
2986 3796 3015 3833 a
3047 3781 3314 3850 principe,
3346 3794 3400 3838 ct

1824 3864 2036 3917 remissi
2069 3863 2314 3919 fuerunt.
2338 3866 2411 3920 De
2439 3868 2697 3924 omnibus
2727 3885 2909 3924 sermo
2936 3874 3146 3942 ρει,ρυί
3173 3875 3254 3929 sic
3277 3891 3401 3945 ege-

1825 3964 1989 4010 runt:
2026 3972 2090 4010 ac
2121 3957 2412 4011 ridiculum
2461 3967 2545 4013 est
2605 3976 2821 4029 prauam
2875 3964 3034 4017 modo
3067 3966 3344 4034 imponere
3383 3983 3394 4016 :

1828 4048 1938 4102 imo
1970 4049 2020 4102 id
2051 4050 2164 4101 licri
2206 4065 2312 4102 non
2358 4063 2533 4118 potest
2558 4054 2676 4107 sine
2710 4055 3103 4121 imponentium
3137 4060 3399 4123 amentia,

1827 4146 1878 4189 et
1905 4137 2112 4204 piorum
2145 4137 2290 4190 inani
2326 4141 2558 4207 argutia,
2593 4152 2648 4194 et
2670 4145 3171 4210 perturbatione,et
3206 4147 3402 4202 incon-

1829 4229 2126 4282 siderantia
2175 4231 2226 4283 in
2265 4231 2465 4286 Christi
2529 4233 2898 4290 confessione.
2933 4239 3136 4291 Audire
3187 4251 3403 4304 oportet

1828 4321 2146 4388 Apostolutn
2201 4324 2602 4389 praecipientem
2639 4326 2989 4382 :Subtrahite
3021 4345 3111 4383 vos
3151 4331 3214 4384 ab
3259 4334 3400 4384 omni

1831 4411 1994 4478 fratre
2033 4412 2336 4466 ambulante
2366 4415 2664 4469 inordinate
2689 4429 2737 4469 et
2781 4434 2882 4470 non
2912 4421 3198 4473 secundum
3226 4424 3401 4475 tradi-

1835 4507 2045 4569 tionem,
2113 4522 2272 4574 quam
2337 4519 2647 4577 acceperunt
2709 4528 2741 4562 a
2799 4514 2945 4565 nobis
2973 4513 3175 4568 ":vel
3221 4517 3401 4584 potius

1841 4598 2007 4652 Deum
2065 4600 2241 4667 ipsum
2292 4602 2383 4669 qui
2434 4619 2528 4672 per
2587 4605 2905 4672 prophetam
2961 4608 3210 4661 clamat:
3243 4607 3401 4661 Exite

1825 4690 1886 4740 de
1918 4689 2087 4743 medio
2121 4708 2320 4751 eorum,
2349 4702 2397 4745 et
2431 4696 2677 4756 recedite,
2706 4707 2754 4748 et
2798 4698 3057 4764 pollutum
3092 4703 3254 4754 nolite
3281 4712 3402 4754 tan-

1827 4798 1942 4849 gere
1975 4782 2059 4847 “;
2093 4792 2146 4835 et
2196 4799 2295 4852 ego
2331 4786 2590 4853 recipiam
2626 4803 2761 4853 vos;
2790 4804 2885 4843 eos
2919 4790 3166 4846 videlicet
3216 4794 3310 4862 qui
3345 4809 3405 4848 se

1831 4877 1935 4929 hoc
1958 4875 2122 4928 modo
2157 4878 2504 4940 subtrahunt,
2531 4889 2584 4931 et
2628 4879 3031 4936 confessionem
3059 4884 3261 4938 Christi
3294 4901 3404 4938 non

1831 4969 2342 5036 confundunt.Quid
2363 4973 2507 5024 enim
2549 4972 2750 5035 dicent,
2783 4975 3260 5042 reverendissime,
3291 4990 3402 5031 tum

1832 5064 2077 5116 vicorum
2111 5067 2453 5133 pra-positus,
2493 5075 2607 5118 tum
2635 5075 2690 5119 et
2721 5064 2909 5133 Gulaai,
2952 5084 3074 5122 cum
3123 5071 3245 5125 aliis
3287 5071 3402 5140 qui,

1832 5159 1976 5224 quod
2013 5160 2354 5223 resiSIerent,
2412 5159 2664 5212 similiter
2718 5162 2891 5215 vexati
2946 5162 3107 5216 modo
3138 5175 3309 5230 sunt;
3359 5165 3404 5217 si

1832 5250 2054 5303 videant
2108 5266 2204 5304 vos
2255 5251 2500 5304 veritatis
2535 5252 2843 5320 proditione
2889 5255 3215 5308 monasteria
3274 5256 3406 5308 reti-

1834 5360 1984 5405 nere,
2027 5355 2079 5398 et
2110 5363 2208 5400 nos
2252 5347 2531 5400 vobiscum
2571 5346 2773 5415 pariter
2802 5347 3017 5417 abripi?
3047 5348 3185 5413 Quid
3222 5359 3403 5428 autem

1840 5435 1874 5488 ii
1905 5436 1997 5504 qui
2031 5437 2084 5490 in
2118 5439 2393 5493 montibus
2415 5440 2548 5492 dura
2591 5439 2871 5507 patiuntur
2909 5440 2980 5493 ob
3007 5440 3406 5505 persecutionis

1837 5530 2221 5597 asperitatem?
2249 5529 2364 5586 Non
2394 5531 2694 5600 Iugebunt?
2715 5547 2821 5586 non
2858 5530 3152 5601 plangent?
3179 5547 3285 5585 non
3321 5533 3405 5584 lu-

195 5633 236 5664 “
275 5639 310 5690 Il
343 5640 482 5693 Cor.
540 5654 609 5704 vt,
665 5639 752 5691 14.
808 5639 851 5669 ⁵⁷
888 5637 926 5690 II
975 5639 1166 5693 Thess.
1228 5657 1309 5703 ιιι,
1343 5640 1394 5693 6.
1469 5643 1511 5671 ⁸³
1543 5642 1644 5696 Isa.
1691 5645 1901 5708 1.11,“.

1680 5803 1910 5859 ΝΟΤᾸΕ.

232 5910 336 5980 (5i)
370 5913 430 5965 In
461 5913 583 5965 cozl.
619 5911 744 5981 Reg.
789 5914 918 5983 ρξγ’.

455 6009 730 6069 Ριτιιοι.
765 6011 1113 6071 Gn.XCIX.

2916 6000 2989 6059 ιιὸ
