3934 6482
602 377 736 444 1451
1785 390 1847 451 S.
1886 392 2277 456 THEODORI
2318 398 2666 462 STUDIT/E
3694 415 3813 482 ηδε

590 513 797 569 (licram
854 514 1249 572 existimabunt
1305 519 1711 576 confessionem
1750 523 1997 580 Christi?
2033 527 2133 592 Qui

2240 558 2253 580 ι
2272 509 2372 581 τὴν
2396 512 2685 581 ὁμολογίαν
2712 514 2811 599 τοῦ
2846 516 3116 588 Χριστοῦς
3153 517 3217 573 Τί
3242 521 3298 575 δὲ
3331 523 3380 575 oi
3405 524 3812 596 ήγουμενεύσαν-

588 623 717 661 vero
743 607 838 678 qui
867 610 1218 664 monasteriis
1248 621 1406 665 antea
1441 613 1794 681 praefuerunt,
1847 625 1904 670 et
1949 628 2135 687 propte

2274 615 2367 663 τες
2396 601 2507 654 τῶν
2536 605 2912 675 μοναστηρίων
2936 609 3224 679 ὰπαρχῆς,
3254 613 3347 665 καὶ
3374 612 3464 667 διὰ
3494 616 3710 688 Χριστὸν
3730 620 3810 672 δε-

586 698 866 756 Christum
897 702 1185 757 nobiscum
1210 704 1420 773 expulsi
1454 707 1615 760 sunt?
1655 704 1849 764 Nonne
1872 712 2133 763 continua

2270 692 2562 764 διωγμένοι
2618 697 2716 751 σὺν
2770 700 2938 769 ήμῖν;
3011 702 3073 754 οὐ
3136 707 3697 775 κατασφραγίσονται,
3745 712 3813 776 ὠς

584 789 721 846 bunt
773 792 1046 848 ludicrum
1109 795 1370 864 quiddam
1420 811 1543 851 esse
1599 797 1654 853 id
1700 800 1846 869 quod
1888 802 2125 869 patimur

2272 788 2599 854 παιγνιῶδές
2644 807 2696 844 τι
2750 793 3069 861 πασχόντων
3104 795 3304 866 ήμῶν;
3356 798 3453 865 Μὴ
3500 802 3808 870 πλανᾶσθε,

582 880 768 936 Nolite
808 899 1007 950 errare,
1055 885 1235 955 inquit
1289 888 1603 954 Apostolus,
1657 890 1795 946 Deus
1831 908 1935 945 non
1967 893 2135 948 irridet

2269 879 2437 948 φησὶν
2482 883 2510 934 ὁ
2574 882 2895 947 ’Λπόστολος
2922 925 2937 949 ,
2975 886 3121 953 Θεὸς
3175 889 3248 941 οὐ
3290 892 3713 959 μυκτηρίζεται.
3752 898 3811 950 Ἠ

581 982 668 1025 tur
700 974 768 1028 ⁸⁸.
821 975 1024 1031 Christi
1080 977 1353 1033 confessio
1417 980 1703 1050 profanata
1752 997 1861 1038 non
1916 992 2021 1048 est,
2057 994 2135 1039 ets

2265 970 2523 1039 ὁμολογία
2555 972 2790 1042 Χριστοῦ
2825 974 2886 1027 ού
2933 976 3275 1030 κεκοίνωται·
3307 982 3408 1034 κᾶν
3437 998 3580 1045 τινες
3613 987 3809 1039 οἴωνται

578 1066 833 1121 nonnulli
861 1068 1021 1122 aliter
1052 1073 1258 1126 sentire
1292 1081 1345 1127 et
1371 1072 1517 1143 loqui
1549 1075 1955 1130 existimantur.
1978 1074 2135 1143 Quart

2265 1061 2441 1126 ἄλλως
2469 1066 2688 1134 φρονεῖν
2729 1066 2823 1119 καὶ
2873 1067 3070 1136 λέγειν.
3104 1068 3267 1123 Ὥστε
3311 1073 3360 1124 εἰ
3406 1072 3601 1142 βούλει.
3630 1078 3809 1146 ἀδελφέ

576 1158 623 1211 si
662 1158 765 1222 vis,
797 1159 994 1215 dilecte
1038 1159 1245 1227 frater,
1278 1165 1563 1220 nobiscum
1594 1166 1895 1223 humilibus
1914 1169 2152 1234 censeri,

575 1252 770 1306 secede
806 1267 835 1305 a
867 1253 1187 1307 monasterii
1223 1257 1594 1323 possessione,
1636 1256 1779 1312 sicut
1809 1258 2150 1327 promisisti:

572 1344 679 1398 hoc
734 1344 875 1398 enim
912 1352 965 1405 te
1002 1346 1332 1402 hortamur:
1387 1348 1457 1402 ob
1482 1348 1625 1404 hanc
1651 1364 1875 1405 causam
1903 1366 2149 1417 oramus,

572 1446 633 1490 nt
690 1434 835 1490 sicut
890 1436 1144 1504 interius,
1198 1438 1273 1493 ita
1319 1438 1486 1494 etiam
1531 1440 1773 1496 exterius
1828 1442 1905 1498 sis
1960 1444 2151 1498 ortho-

568 1527 769 1593 doxus,
813 1543 1040 1584 servans
1114 1530 1412 1600 pretiosam
1458 1531 1698 1585 animam
1745 1542 1917 1598 tuam,
1982 1548 2146 1601 quam

566 1621 907 1691 arquiparare
946 1620 1082 1674 nihil
1114 1630 1292 1690 potest
1311 1637 1501 1677 eorum
1532 1639 1655 1693 quae
1702 1624 1876 1680 oculis
1912 1639 2148 1679 cernun-

566 1721 677 1769 tur.
720 1712 987 1767 Dominus
1043 1713 1487 1786 archiepiscopus
1520 1715 1813 1785 plnrimum
1862 1727 1914 1772 te
1952 1716 2144 1771 nobis-

565 1822 689 1862 cum
717 1806 941 1869 salutat,
988 1806 1226 1862 salutem
1261 1819 1408 1862 tuam
1436 1822 1632 1864 amans
1666 1810 1950 1880 impense;
1986 1809 2139 1864 item-

562 1914 669 1970 que
695 1899 879 1955 σκιεῐὶ
914 1896 1140 1954 fratres.

890 2010 1120 2067 CXLIV.
1150 2040 1218 2052 —-
1249 2011 1521 2069 Theodoro
1553 2017 1800 2085 patricia.

2262 1152 2609 1224 ἡγαπημένε,
2635 1154 2755 1225 μεθ’
2788 1157 2945 1227 ἡμῶν
2967 1159 3074 1211 τῶν
3095 1161 3367 1214 ταπεινῶν
3392 1165 3665 1234 τετάχθαι,
3693 1169 3810 1220 ὑπο-

2260 1244 2511 1317 χώρησον
2540 1248 2646 1316 τῆς.
2662 1249 2899 1319 κατοχῆς
2928 1250 3022 1303 τοῦ
3075 1256 3440 1325 μοναστηρίου
3461 1296 3475 1318 ,
3525 1258 3695 1322 καθὼς
3724 1262 3809 1313 καὶ

2257 1340 2532 1411 ὑπέσχου·
2570 1342 2729 1395 τοῦτο
2763 1343 2872 1413 γὰρ
2922 1346 3017 1398 καὶ
3062 1344 3509 1419 παρακαλοῦμεν·
3551 1354 3624 1415 εἰς
3663 1355 3809 1409 τοῦτο

2256 1431 2352 1484 καὶ
2397 1433 2832 1503 προσευχόμεθα’
2875 1434 2962 1488 ἵνα
2992 1435 3067 1499 ὡς
3096 1437 3156 1490 τὺ
3200 1439 3352 1501 ἐντὸς
3374 1479 3390 1505 ,
3439 1440 3606 1506 οὕτως
3638 1445 3725 1496 καὶ
3752 1446 3809 1499 τὸ

2255 1524 2413 1587 ἐκτὸς
2443 1524 2721 1595 ὀρθόδοξος
2745 1527 3016 1598 ύπάρχῃς,
3048 1529 3148 1597 τὴν
3177 1532 3365 1601 τιμίαν
3391 1550 3485 1586 σου
3511 1535 3678 1607 ψυχὴν
3708 1537 3805 1590 σώ-

2254 1615 2383 1683 ζων,
2427 1611 2495 1688 ἧς
2534 1617 2686 1670 οὐδὲν
2724 1618 2972 1685 ἀντάξιον
3021 1620 3131 1674 τῶν
3164 1625 3479 1694 ὁρωμένων.
3540 1628 3595 1680 '0
3632 1629 3806 1699 κύριος

2250 1709 2683 1779 ἀρχιεπίσκοπος
2725 1712 2821 1763 σὺν
2869 1713 3001 1781 ἡμῖν
3051 1713 3278 1768 πλεῖστα
3314 1720 3697 1788 προσαγορεύει
3726 1739 3803 1787 σε,

2250 1799 2421 1870 φιλῶν
2454 1800 2551 1870 τὴν
2592 1800 2867 1870 σωτηρίαν
2920 1819 3014 1855 σου
3064 1804 3224 1873 ἄγαν,
3268 1809 3390 1860 ἐπεὶ
3439 1811 3532 1862 καὶ
3567 1812 3614 1863 οἱ
3642 1810 3808 1865 λοιποὶ

2177 1898 2217 1953 Β
2246 1892 2487 1962 ἀδελφοί.

2386 2008 2537 2062 ΡΜΔ¹
2580 2006 2714 2078 (55).
2749 2036 2815 2047 -
2847 2006 3121 2076 Θεοδώρῳ
3148 2011 3453 2078 πατρικίῳ.
3483 2010 3671 2084 [dmi]

1841 2133 2131 2183 Consolatur
2164 2131 2219 2182 in
2236 2126 2375 2180 obitu
2398 2120 2584 2173 uxoris.

632 2232 765 2285 Sera
796 2230 961 2286 nimis
984 2231 1214 2301 epistola
1243 2231 1375 2287 :sed
1401 2231 1529 2303 quia
1561 2232 1736 2290 serius
1777 2236 2027 2292 nuntium
2058 2235 2140 2293 fe-

560 2323 729 2377 ralem
760 2322 1077 2392 accepimus
1099 2323 1166 2378 de
1190 2324 1501 2379 calamitate
1535 2340 1656 2395 quae
1698 2326 1923 2383 domino
1952 2339 2142 2385 nostro

558 2413 778 2483 accidit.
838 2412 883 2470 Ο
933 2414 1331 2484 gemebundam
1376 2417 1788 2472 narrationem!
1838 2418 2142 2490 Dereliquit

560 2519 660 2560 nos
691 2504 1067 2560 desiderabilis
1112 2505 1369 2571 domina;
1418 2507 1641 2563 avulsus
1693 2523 1753 2564 es
1806 2509 1877 2563 ab
1923 2511 2141 2582 egregia

560 2594 830 2665 conjuge;
861 2595 1126 2666 abruptus
1171 2611 1203 2651 a
1250 2597 1469 2652 laudata
1516 2614 1716 2666 carne,
1759 2601 1900 2657 sicut
1958 2618 2140 2659 sermo

559 2704 716 2744 sacer
764 2689 1006 2756 loquitur
1036 2708 1050 2744 :
1086 2688 1262 2744 Erunt
1298 2696 1404 2745 duo
1444 2692 1500 2745 in
1526 2708 1682 2747 carne
1721 2711 1828 2748 una
1857 2696 1925 2750 ⁸ο.
1978 2695 2138 2762 Quod

557 2779 604 2833 si
640 2778 802 2849 plane
829 2792 961 2833 caro
993 2794 1101 2833 una
1127 2816 1142 2838 ,
1196 2779 1343 2832 haud
1393 2779 1553 2834 dubie
1602 2783 1875 2850 separatio
1931 2793 2137 2840 tantam

559 2869 773 2942 plagam
806 2868 971 2925 infert
1010 2869 1078 2925 iis
1108 2869 1199 2939 qui
1236 2878 1584 2940 separantur,
1623 2882 1884 2942 quantam
1923 2875 2138 2944 gladius

555 2962 736 3028 efﬁcit,
769 2961 1046 3016 hominem
1069 2976 1237 3017 unum
1260 2962 1315 3015 in
1342 2962 1480 3017 duas
1514 2972 1698 3032 partes
1725 2978 1936 3021 secans.
1968 2968 2137 3022 Acer-

558 3052 625 3105 ba
662 3066 893 3123 prorsus
925 3052 1132 3106 sectio:
1161 3051 1389 3121 finitque
1417 3054 1820 3122 quodammodo
1851 3057 1920 3112 ah
1958 3060 2135 3116 oculis

556 3144 754 3199 vestris
785 3143 1007 3214 sanguis
1037 3159 1051 3196 :
1084 3159 1184 3198 nec
1206 3153 1288 3198 est
1312 3145 1582 3215 malagma
1623 3147 1769 3217 quod
1799 3148 2132 3218 imponatur,

557 3251 660 3290 nec
695 3235 860 3289 fascia
888 3250 1011 3305 quae
1039 3235 1405 3305 circumliget,
1434 3247 1698 3307 quantum
1734 3240 1801 3294 ad
1825 3254 1983 3310 opem
2030 3242 2132 3296 hu-

556 3342 773 3382 manam
800 3328 1011 3381 attinet.
1044 3326 1411 3397 Prmterquam
1429 3329 1574 3398 quod
1610 3345 1732 3400 quae
1753 3331 1905 3397 obiit,
1930 3334 2131 3404 conqu

554 3428 676 3474 erat
707 3434 813 3472 non
851 3418 1092 3487 vulgaris
1118 3419 1301 3488 pretii,
1333 3420 1426 3475 sed
1461 3422 1733 3476 laudanda
1764 3423 1916 3479 valde
1950 3435 2005 3479 et
2027 3427 2128 3481 ad-

2315 2228 2524 2302 Βραδὺς
2546 2226 2641 2280 τοῦ
2680 2225 2872 2296 καιροῦ
2904 2224 2967 2279 τὸ
2994 2227 3394 2297 γραμματεῖον,
3440 2226 3554 2279 ἀλλ’
3592 2229 3670 2281 ὅτι
3716 2232 3809 2285 καὶ

2241 2320 2459 2392 βράδιον
2501 2317 2903 2389 ὴκουτίσθημεν
2955 2317 3058 2388 τὴν
3107 2319 3451 2371 ἁπευκταίαν
3502 2320 3667 2391 ἀκοὴν
3714 2323 3809 2391 τῆς

2237 2411 2574 2479 ἐπελθούσης
2605 2411 2890 2480 συμφορᾶς
2922 2409 2998 2479 τῷ
3048 2410 3305 2481 ἡμετέρῳ
3339 2411 3593 2482 δεσπότῃ.
3630 2414 3737 2466 Καὶ
3764 2414 3811 2467 ῶ

2236 2501 2337 2572 τῆς
2369 2502 2730 2568 στενακτικῆς
2768 2500 3143 2570 ἁπαγγελίαςῑ
3188 2504 3568 2557 Ἀπολέλοιπεν
3600 2507 3745 2576 ἡμᾶς
3775 2510 3808 2576 ἡ

2237 2593 2449 2664 ποθητὴ
2480 2594 2666 2663 κυρία·
2701 2593 2947 2664 ὲτμήθης
2971 2594 3072 2663 τῆς
3115 2594 3285 2665 καλῆς
3317 2596 3610 2665 ὁμοζύγου’
3638 2600 3812 2669 ἁπερ-

2238 2686 2413 2756 ῥάγης
2438 2684 2539 2753 τῆς
2564 2685 2958 2754 ἐπαινουμένης
2989 2686 3209 2756 σαρκὸς,
3239 2681 3380 2759 ᾖπέρ
3408 2704 3572 2757 φησιν
3605 2691 3633 2742 ὁ
3666 2678 3813 2760 {Eph}

2234 2779 2412 2845 λόγος·
2446 2779 2734 2832 Ἔσονται
2760 2780 2813 2831 οι
2844 2777 2953 2831 δύο
2986 2780 3071 2845 εὶς
3112 2779 3318 2847 σάρκα
3338 2781 3507 2848 μίαν.
3537 2782 3598 2833 Ei
3628 2782 3685 2834 δὲ
3709 2782 3811 2852 μία

2238 2868 2375 2939 σὰρξ
2402 2869 2850 2936 ὁμολογουμένως
2871 2910 2887 2935 ,
2916 2870 3159 2938 δηλονότι
3196 2872 3224 2923 ὁ
3259 2870 3625 2942 διαχωρισμὸς
3654 2873 3811 2943 τηλι-

2236 2961 2443 3033 καύτην
2493 2960 2592 3032 τὴν
2633 2961 2849 3031 πληγὴν
2893 2961 3068 3031 ἐνίησι
3115 2964 3227 3024 τοῖς
3276 2962 3641 3033 χωρισθεῖσιν.
3689 2965 3813 3018 οἵαν

2234 3056 2384 3108 ποιεῖ
2418 3056 2663 3126 μάχαιρα
2687 3052 2960 3123 τέμνουσα
2985 3055 3065 3116 είς
3097 3054 3190 3105 δύο
3237 3048 3331 3106 τὸν
3373 3055 3467 3107 ἕνα
3498 3054 3809 3126 ἄνθρωπον.

2246 3146 2499 3217 ’Δλγεινὴ
2529 3148 2562 3217 ὴ
2585 3147 2727 3216 τομὴ
2748 3144 2824 3216 τῷ
2853 3144 2989 3211 δντι,
3014 3144 3107 3197 καὶ
3135 3144 3195 3197 τὸ
3214 3139 3354 3215 αἷμα
3375 3146 3538 3199 οίονεὶ
3572 3148 3657 3215 ῥεῖ
3685 3146 3812 3201 κατ’

2232 3240 2546 3311 ὀφθαλμοὺς
2589 3238 2764 3308 ὑμῶν’
2796 3239 2889 3292 καὶ
2925 3238 3025 3291 οὐκ
3054 3238 3170 3291 ἔστι
3214 3238 3479 3309 μάλαγμα
3515 3238 3809 3307 ἐπιθεῖναι,

2231 3333 2354 3387 οὐδὲ
2399 3330 2811 3400 καταδέσμους,
2860 3330 2985 3382 ὅσον
3032 3328 3091 3394 ἐξ
3141 3328 3488 3398 ἀνθρωπείας
3529 3328 3809 3398 βοηθειας.

2235 3423 2447 3484 Ἀλλως
2474 3421 2554 3473 ὅτι
2603 3420 2697 3473 καὶ⁹
2731 3420 2763 3487 ἡ
2794 3416 3171 3480 ἀπολιποῦσα,
3220 3419 3323 3487 οὐχ
3365 3418 3440 3480 ὡς
3485 3418 3643 3488 ἔτυχε
3698 3421 3815 3476 τῶν

555 3509 827 3564 miranda.
867 3507 1114 3563 Primum
1158 3509 1377 3580 quidem
1434 3511 1558 3566 fidei
1615 3512 1871 3583 pietatem
1920 3515 2129 3574 habens

2240 3510 2537 3582 ὁμοζύγων,
2569 3508 2706 3561 ἀλλὰ
2758 3506 2853 3561 καὶ
2901 3506 3022 3559 λίαν
3071 3507 3332 3577 ἐπαινετὴ
3376 3509 3471 3559 καὶ
3501 3506 3811 3577 θαυμασία.

554 3600 790 3666 firmam,
822 3599 1037 3670 virique
1065 3614 1331 3669 amorem,
1364 3602 1409 3657 si
1430 3618 1551 3672 quae
1570 3602 1675 3657 alia
1698 3621 1712 3657 :
1734 3606 1876 3673 quod
1901 3618 2127 3663 sanctus

552 3697 848 3765 Apostolus
893 3705 1023 3750 ante
1061 3695 1245 3750 omnia
1274 3696 1505 3765 requirit
1526 3696 1582 3751 in
1607 3697 1877 3768 conjugiis
1902 3700 1969 3751 δι.
1999 3698 2128 3755 inde

550 3800 604 3845 et
641 3805 737 3859 pro
768 3789 871 3843 viri
908 3788 1087 3858 capite
1108 3803 1299 3858 preces
1329 3788 1504 3859 ipsius
1525 3798 1579 3845 et
1605 3790 1885 3846 orationes
1915 3791 2126 3846 clamo-

552 3897 770 3951 resque,
811 3890 865 3937 et
918 3880 1213 3936 assiduitas
1244 3881 1387 3950 apud
1428 3881 1638 3949 Deum;
1694 3896 1820 3937 cum
1856 3894 2126 3941 nocturna

551 3974 748 4028 itinera
779 3972 943 4027 nudis
965 3972 1193 4042 pedibus
1236 3974 1395 4028 iniret
1420 3972 1577 4027 beata
1609 3973 1826 4040 mulier,
1878 3983 1940 4030 ut
1982 3977 2124 4033 Deus

552 4062 638 4117 his
660 4060 825 4115 rebus
850 4058 915 4114 ad
949 4059 1383 4115 misericordiam
1412 4059 1741 4118 ﬂecteretur.
1771 4062 1912 4129 Quid
1939 4073 2120 4119 autem

549 4167 680 4208 cura
708 4151 943 4207 domus?
975 4151 1106 4221 quid
1161 4151 1456 4206 liberorum
1499 4152 1792 4207 educatio?
1825 4153 1955 4224 quid
1998 4171 2125 4225 pro-

550 4246 717 4299 tectio
740 4243 1069 4299 servorum?
1113 4258 1328 4298 morum
1378 4244 1606 4308 candor,
1653 4253 1706 4299 et
1758 4246 1931 4316 gratia
1978 4247 2123 4317 apud

549 4335 803 4391 amicos?
838 4336 1053 4406 generis
1069 4334 1424 4390 conciliatio?
1454 4334 1599 4389 nulla
1628 4335 1891 4393 adversus
1916 4338 2121 4394 honore

548 4442 708 4496 pares
745 4426 989 4481 invidia?
1018 4427 1072 4479 in
1099 4425 1262 4481 rebus
1291 4432 1475 4479 autem
1504 4427 1761 4482 omnibus
1795 4429 2034 4499 gravitas
2067 4439 2121 4486 et

2230 3602 2453 3670 Πρῶτον
2478 3600 2575 3671 μὲν
2602 3595 2696 3653 οῦν
2720 3598 2920 3669 ἔχουσα
2939 3599 3001 3651 τὸ
3021 3597 3248 3661 εὐσεὸὲς
3266 3597 3367 3669 τῆς
3392 3599 3628 3663 πίστεως
3657 3600 3816 3653 ἀκλι-

2227 3695 2338 3759 νὲς,
2369 3694 2430 3747 τὸ
2459 3693 2764 3763 φίλανδρον,
2791 3693 2841 3746 εἰ
2870 3693 2964 3746 καί
2988 3709 3072 3755 τις
3095 3692 3251 3762 άλλη·
3286 3693 3424 3762 ὅπερ
3452 3693 3679 3745 ἀπαιτεῖ
3702 3695 3816 3765 πρὸ

2228 3791 2446 3844 πάντων
2473 3790 2532 3842 ἐν
2560 3791 2680 3849 ταῖς
2721 3786 3008 3856 συζυγίαις
3052 3789 3080 3840 ὁ
3125 3787 3271 3857 ἱερὸς
3309 3786 3654 3849 Ἀπόστολος.
3715 3788 3813 3854 Ἐξ

2225 3877 2287 3936 οὗ
2318 3883 2413 3935 καὶ
2439 3880 2578 3951 ὑπὲρ
2606 3880 2706 3951 τῆς
2736 3879 2977 3949 κεφαλῆς
3010 3878 3223 3948 δεήσεις
3251 3894 3313 3931 τε
3356 3879 3449 3930 καὶ
3474 3881 3811 3949 προσευχαὶ,

2226 3976 2445 4044 βοήσεις
2476 3990 2536 4026 τε
2564 3973 2660 4025 καὶ
2691 3970 3007 4041 προσεδρίαι
3036 3970 3176 4039 Θεῷ,
3217 3969 3671 4039 γυμνοποδούσης
3703 3972 3815 4039 τῆς

2227 4063 2504 4135 μακαρίας
2543 4065 2602 4116 ὲν
2648 4064 2767 4124 ταῖς
2806 4061 3228 4131 νυκτοπορίαις,
3259 4060 3335 4122 ὼς
3376 4060 3442 4113 ἂν
3494 4060 3818 4114 κάντεῦθεν

2221 4157 2528 4227 κάμπτοιτο
2557 4154 2693 4225 πρὸς
2729 4153 2876 4206 ἔλεον
2918 4152 3070 4215 Θεός.
3109 4151 3176 4204 Τί
3216 4151 3273 4204 δὲ
3313 4151 3374 4205 τὸ
3415 4151 3707 4222 οίκουρόν;
3754 4152 3817 4205 τί

2220 4249 2277 4303 δὲ
2306 4249 2368 4301 τὸ
2402 4246 2792 4318 τεκνοτρεφές;
2830 4246 2883 4298 τί
2925 4245 2983 4297 δὲ
3016 4244 3078 4297 τὸ
3117 4242 3254 4312 πρὸς
3283 4244 3410 4306 τοὺς
3437 4244 3666 4308 δούλους
3698 4262 3815 4298 πε-

2223 4341 2593 4411 ριποιητικὸν;
2643 4339 2704 4392 τό
2742 4355 2803 4390 τε
2843 4336 3047 4391 ἁπλοῦν
3088 4336 3184 4389 τοῦ
3232 4335 3426 4407 ἤθους,
3462 4336 3557 4388 καὶ
3603 4337 3817 4406 χαρίεν

2219 4433 2357 4504 πρὸς
2419 4434 2546 4495 τοὺς
2600 4429 2826 4500 φίλους;
2876 4429 2970 4483 καὶ
3021 4428 3352 4482 συναπτικδν
3406 4427 3501 4480 τοῦ
3554 4430 3813 4496 γένους;

548 4518 861 4574 modestia?
883 4534 1006 4589 quae
1030 4533 1127 4589 pro
1156 4517 1456 4572 monilibus
1483 4518 1688 4584 aureis,
1725 4520 2119 4590 ordinibusque

2240 4522 2447 4592 ἱφθονόν
2469 4539 2529 4575 τε
2560 4522 2695 4590 πρὸς
2718 4521 2814 4583 τὰς
2849 4520 3152 4584 ίσοκλεεῖςς
3188 4521 3282 4573 καὶ
3329 4519 3391 4572 τδ
3435 4521 3564 4590 περὶ
3614 4521 3817 4575 πάντα

547 4611 985 4679 margaritarum,
1018 4619 1071 4665 et
1105 4609 1347 4665 vestibus
1375 4609 1630 4679 pretiosis
1681 4610 2114 4668 laudatissimam

2240 4613 2598 4683 ιεμνοπρεπές
2623 4630 2682 4665 τε
2714 4613 2807 4666 καὶ
2842 4612 3100 4681 κόσμιον;
3136 4612 3279 4681 ἆπερ
3309 4611 3447 4681 ὑπὲρ
3473 4612 3817 4681 ὲμπλοκίων

544 4700 804 4756 feminam
832 4716 1022 4757 revera
1061 4702 1348 4766 ornabant,
1408 4707 1463 4754 et
1506 4700 1651 4755 domi
1704 4713 2031 4768 manentem,
2062 4713 2117 4759 et

2240 4708 2462 4778 [ρυσέων
2499 4707 2593 4758 καὶ
2631 4706 3044 4775 διακοσμήσεων
3088 4705 3465 4776 μαργαριτῶν,
3496 4704 3597 4757 καὶ
3630 4705 3819 4777 ἐσθή-

544 4793 692 4849 foras
723 4794 1123 4864 procedentem,
1164 4802 1218 4848 et
1249 4808 1374 4849 cum
1400 4793 1455 4847 in
1485 4793 1651 4863 regiis
1676 4794 1894 4864 palatiis
1923 4810 2113 4852 cerne-

2240 4817 2321 4852 :tov
2350 4798 2678 4864 πολυτελῶν,
2709 4798 2987 4866 διεκόσμει
3028 4796 3199 4859 ὅντως
3236 4798 3336 4868 τὴν
3365 4796 3616 4867 ἀοίδιμον
3653 4798 3815 4851 ἐκεί.

546 4886 723 4940 batur.
746 4886 993 4939 Attamen
1011 4884 1261 4940 abierunt
1280 4885 1397 4941 haec
1420 4886 1623 4949 omnia,
1647 4884 1885 4954 factique
1900 4903 2109 4953 sumus,

2240 4908 2331 4961 ην,
2378 4892 2473 4944 καὶ
2506 4890 2642 4943 οίκοι
2678 4890 2966 4960 μένουσαν,
3013 4890 3109 4943 καὶ
3142 4888 3399 4960 προόδους
3429 4889 3819 4961 ποιουμένην,

545 4988 603 5032 ιιι
630 4994 698 5033 ex
734 4978 1037 5031 vehementi
1071 4977 1266 5033 affectu
1300 4978 1513 5049 loquar,
1541 4978 1843 5034 semineces
1861 4989 1917 5036 et
1944 4981 2111 5036 abru-

2240 4984 2307 5037 εαὶ
2334 4985 2391 5036 ἐν
2422 4984 2708 5054 βασιλείοις
2734 4983 2924 5045 αὐλαῖς
2952 4983 3258 5053 ὁρωμένην.
3299 4981 3436 5034 Ἀλλ’
3461 4982 3621 5051 ὅμως
3651 4984 3825 5053 οἶχε-ι

542 5073 653 5141 pti;
689 5072 771 5126 vel
812 5080 872 5125 ut
915 5086 1038 5127 cum
1070 5072 1294 5141 psalmis
1330 5073 1515 5142 potius
1541 5072 1745 5139 dicam,
1779 5075 1915 5128 sicut
1938 5077 2111 5146 nycti-

2240 5095 2302 5130 at
2327 5076 2498 5129 ταῦτα
2533 5076 2728 5141 πάντα,
2756 5077 2852 5128 καὶ
2883 5074 3204 5145 ἐγενόμεθα,
3225 5075 3541 5146 περιπαθῶς
3588 5078 3822 5139 εἰπεῖν,

542 5182 705 5219 corax
738 5167 791 5219 in
817 5164 1109 5227 domicilio,
1159 5174 1207 5218 et
1253 5166 1389 5219 sicut
1422 5182 1604 5234 passer
1640 5165 1911 5221 solitarius
1943 5170 2000 5224 in
2034 5178 2110 5222 te-

2240 5168 2463 5239 ιμιθνεῖς
2494 5169 2585 5221 καὶ
2614 5168 3022 5237 ἁπερῤωγὸτεςο
3054 5167 3254 5237 μᾶλλον
3285 5167 3362 5231 δὲ,
3386 5167 3696 5237 ψαλμικῶς
3733 5172 3829 5222 εί·-

542 5261 701 5324 ota",
728 5259 950 5313 domum
972 5258 1373 5327 conspicientes
1396 5258 1626 5328 praeside
1649 5274 1747 5314 sua
1771 5260 2105 5328 destitutam,

2240 5266 2352 5323 τείν,
2380 5260 2523 5315 ὡσεὶ
2550 5260 2911 5328 νυκτικόραξ
2938 5261 3006 5313 ἐν
3030 5260 3338 5325 οίκοπέδφ,
3360 5261 3441 5327 ὠς
3462 5264 3832 5329 στρουθίον·

542 5362 707 5422 atque
740 5352 795 5405 in
826 5351 999 5407 oculis
1029 5351 1226 5406 vestris
1261 5350 1484 5415 liberos,
1516 5350 1609 5420 qui
1640 5365 1739 5405 vos
1766 5352 2105 5421 amplectun-

2240 5351 2459 5412 ιονάζον
2490 5352 2589 5405 ἐπὶ
2633 5352 2887 5421 δώματιο
2925 5352 3160 5423 ὁρῶντες
3199 5353 3298 5423 τὴν
3343 5353 3521 5406 οἰκίαν
3579 5353 3834 5423 ἔρημον

542 5454 629 5498 tur
660 5452 712 5498 et
752 5459 889 5514 quos
918 5442 1331 5513 amplectimini,
1357 5456 1465 5496 non
1495 5441 1757 5497 habentes
1790 5443 1881 5497 ubi
1917 5457 2108 5498 eorum

2240 5439 2305 5507 ἧς
2354 5438 2797 5523 προστατούσηςο
2829 5440 2897 5495 τὰ
2935 5441 3103 5495 τέκνα
3146 5442 3253 5513 πρὸ
3284 5441 3584 5512 ὀφθαλμῶν
3644 5444 3833 5515 ὑμῶν

611 5627 654 5657 δ’
685 5623 861 5676 Galat.
890 5637 964 5684 vi,
1001 5623 1053 5675 7.
1128 5623 1173 5655 "
1200 5622 1333 5679 Gen.
1369 5640 1424 5689 ιι,
1452 5624 1544 5681 24.
1624 5624 1666 5656 ⁸³
1699 5622 1806 5677 Tit.
1846 5638 1905 5689 ll,
1940 5623 1994 5679 4.
2070 5622 2114 5655 ⁹¹

2240 5624 2287 5678 ιΙ.
2326 5643 2399 5689 Cl,
2438 5626 2488 5681 7.

2033 5735 2263 5793 NOTAE.

608 5826 718 5897 (55)
751 5828 807 5881 ln
832 5828 949 5883 cod.
991 5827 1119 5895 (leg.
1149 5828 1272 5897 ρξε’.
