3934 6512
192 507 297 571 1453

1318 507 1854 567 EPISTOLARUM
1910 507 2058 565 LIB.
2104 507 2185 565 II.

3245 501 3382 568 1454

187 623 555 697 περικυκλοῦντα
583 625 675 674 καὶ
716 623 1208 693 περικυκλούμενα,
1236 624 1336 675 οὐκ
1373 623 1566 693 ἔχοντα
1598 622 1702 674 ποῦ

1835 638 2003 677 uanus
2028 622 2352 688 innitantur,
2382 623 2524 676 unde
2550 622 2739 675 matris
2765 623 2974 684 oscula,
3005 622 3230 677 lacteam
3263 629 3386 677 vitae

184 717 446 787 ἁπερείσειε
485 716 579 777 τὰς
609 718 804 784 χεῖρας
824 755 838 778 ,
871 714 993 768 ὅθεν
1018 715 1235 769 λάϐοιεν
1264 717 1538 785 μητρικὸν
1565 733 1706 767 ποπ-

185 809 378 877 πυσμὸν,
418 805 732 875 γαλουχικέιν
781 805 1115 877 ἐμψύχωμα·
1170 809 1369 876 στεγνὴ
1422 809 1453 876 ἡ
1521 806 1708 870 ἑστία,

181 899 310 951 οἱονεὶ
330 897 466 966 ἡλίου
493 896 661 966 αὐτὴν
702 896 1085 960 ἀπολιπόντος·
1122 897 1337 950 κελαδεῖ
1359 897 1415 949 δὲ
1443 897 1619 959 οὐδεὶς
1652 897 1709 949 ἕν

181 1006 226 1040 τε
249 991 340 1050 τοῖς
370 988 462 1040 ὠσὶ
502 987 596 1040 σοῦ
628 1005 688 1040 τε
721 989 813 1041 καὶ
845 988 955 1040 τῶν
999 990 1205 1040 τέκνων
1232 989 1324 1040 καὶ
1354 987 1572 1040 πάντων
1601 987 1712 1040 τῶν

179 1079 479 1148 ὑποχειρίων,
506 1079 756 1148 ἀπούσης
777 1080 992 1148 ἐκείνης
1018 1078 1118 1147 τῆς
1148 1079 1315 1141 ὅντως
1340 1079 1711 1146 καλλοφώνου,

179 1171 253 1220 καὶ
269 1169 547 1237 τερπούσης
564 1169 694 1230 τοὺς
721 1169 1013 1228 ὲπαῒοντας
1041 1171 1106 1240 τῇ
1136 1169 1210 1232 ὡς
1242 1169 1458 1239 άληθῶς
1487 1169 1714 1239 ἐμμελεῖ

175 1258 368 1322 διαλέξει
393 1277 445 1311 τε
468 1259 560 1311 καὶ
592 1260 913 1329 ὑπαντήσει.
942 1259 1184 1312 Ἐλεεινὰ
1207 1259 1380 1311 ταῦτα
1403 1257 1591 1322 ὅντως,
1620 1261 1714 1313 καὶ

179 1352 477 1410 στενακτικὰ,
523 1353 619 1404 καὶ
649 1351 1164 1420 τροπολογούμενα,
1203 1352 1298 1404 καὶ
1332 1352 1710 1418 διανοούμενα.

245 1445 382 1496 Ἀλλὰ
411 1445 460 1497 τί
492 1445 778 1513 πάθωμεν,
812 1439 857 1497 ὦ
909 1443 1183 1506 δέσποτα;
1215 1443 1352 1496 Θεοῦ
1386 1446 1716 1515 πρόσταγμὰ

176 1539 286 1599 ἐστι,
318 1539 500 1605 μᾶλλον
530 1537 586 1589 δὲ
626 1537 927 1607 ἀπόφασις,
974 1535 1063 1589 διὰ
1103 1536 1197 1590 τοῦ
1230 1537 1373 1590 θείου
1401 1537 1562 1590 Δαυῖδ
1591 1538 1716 1609 ᾅδο-

177 1646 273 1696 μεψ
325 1634 435 1684 Οὐκ
485 1631 658 1684 ἐστιν
707 1630 1020 1698 ἅνθρωπος
1071 1629 1140 1695 ὃς
1186 1629 1428 1694 ζήσεται
1462 1629 1559 1682 καὶ
1605 1633 1716 1684 οὐκ

175 1722 349 1789 ὄψεται
371 1722 646 1776 θάνατον.
685 1721 844 1776 Οῦτω
870 1724 979 1784 πᾶς
1009 1739 1095 1785 τις
1125 1724 1233 1774 ἀπὸ
1274 1721 1445 1792 Ἀδὰμ
1473 1722 1567 1774 τοῦ
1592 1739 1718 1791 προσ

171 1815 374 1885 πάτορος
422 1815 574 1885 ήμῶν
627 1815 792 1884 μέχρι
843 1814 938 1866 τοῦ
987 1813 1148 1884 δεῦρο
1203 1815 1461 1868 εἰσελθὼν
1508 1817 1588 1878 εἰς
1630 1812 1720 1868 τὸν

172 1906 343 1974 κόσμον
373 1908 455 1960 διὰ
484 1909 824 1978 γεννήσεως,
872 1906 1039 1959 πάλιν
1087 1907 1251 1971 ἔξεισι
1294 1909 1364 1961 δι’
1409 1905 1720 1971 ἀναλύσεως

168 2001 233 2061 εἰς
262 1999 343 2051 τὸν
369 2000 545 2053 ἐκεῖσε
573 2003 777 2070 κόσμον
809 1999 1142 2069 ὑψηλότερον
1179 2018 1238 2053 τε
1268 2001 1362 2053 καὶ
1391 1999 1720 2054 θεοειδέστε-

172 2106 262 2159 ρον.
290 2091 588 2158 Σπείρεται
621 2091 752 2158 γὰρ,
790 2092 976 2160 φησιν,
1008 2092 1077 2143 ἐν
1105 2089 1318 2159 φθορᾷ,
1343 2090 1626 2158 ἐγείρεται
1652 2089 1721 2142 ἐν

167 2179 455 2250 ἀφθαρσίᾳ·
484 2184 795 2251 σπείρεται
816 2184 886 2237 ἐν
908 2183 1132 2250 ἀτιμίᾳ,
1155 2184 1439 2251 ἐγείζοεται
1464 2183 1533 2235 ἐν
1549 2182 1717 2250 δόξῖν

169 2274 439 2340 σπείρεται
489 2277 559 2329 ἐν
608 2277 895 2344 ἀσθενείᾳ
918 2317 934 2341 ,
990 2277 1277 2345 ἐγείρεται
1327 2276 1396 2329 ἐν
1448 2273 1720 2343 δυνάμειο

165 2367 438 2438 σπείρεται
479 2370 654 2436 σῶμα
681 2370 970 2438 ψυχικὸν,
1005 2369 1291 2440 ἐγείρεται
1321 2366 1492 2432 σῶμα
1537 2383 1722 2422 πνευ-

163 2460 404 2523 ματικόν.
439 2461 743 2530 ’ἰσάγγελοι
777 2460 887 2531 γὰρ
917 2461 1056 2532 ὲσόμ
1092 2461 1181 2526 θα,
1208 2460 1302 2513 καὶ
1337 2461 1445 2512 υίοὶ
1473 2459 1573 2528 τῆς
1595 2461 1724 2512 ἀνα·-

166 2548 398 2615 στάσεως,
434 2551 529 2604 τοῦ
585 2551 781 2622 θνητοῦ
823 2552 925 2605 ὑπὸ
959 2553 1058 2620 τῆς
1098 2551 1246 2620 ζωῆς
1292 2551 1719 2614 καταποθέντος.

175 2639 334 2712 Ὁρᾷς,
358 2639 409 2696 ὦ
461 2646 727 2708 δέσποτα,
762 2645 846 2699 ὅτι
880 2647 927 2698 εἰ
967 2646 1060 2698 καὶ
1093 2645 1449 2698 ἀπολέλοιπεν
1494 2646 1641 2714 ἡμᾶς
1690 2646 1722 2714 ἡ

165 2735 338 2805 κυρία,
382 2739 497 2791 ἀλλ’
553 2743 633 2802 εἰς
672 2739 787 2809 φῶς
834 2737 1153 2809 ἐξελήλυθεν
1196 2737 1303 2791 ἀπὸ
1344 2718 1602 2802 σκότους’,
1635 2738 1726 2790 καὶ

163 2827 255 2881 ἀπὸ
279 2823 416 2900 ζωῆς
444 2835 716 2903 ὲπικήρου
748 2834 850 2897 είςί
872 2832 1142 2886 ἀθάνατον
1166 2831 1321 2900 λῆξιν
1348 2848 1361 2896 ;
1402 2832 1521 2884 ἐκεῖ
1558 2830 1726 2898 αὐτὴν

163 2917 260 2987 ὕφει
289 2923 482 2993 μικρὸν
541 2924 795 2996 ὕστερον,
837 2923 1182 2993 μεταϐαίνων
1213 2923 1307 2974 καὶ
1345 2921 1530 2983 αὑτός.
1566 2921 1726 2973 Ὥστε

162 3011 229 3080 μὴ
251 3017 572 3085 λυπώμεθα
604 3016 798 3083 καθὼς
832 3018 930 3069 καὶ
972 3017 1026 3070 οἱ
1053 3015 1255 3070 λοιποὶ
1285 3017 1338 3068 ot
1363 3015 1450 3084 μὴ
1483 3014 1729 3083 ἔχοντες

162 3101 376 3159 ἐλπίδα·
421 3107 739 3172 ἐλπίζοντες
768 3110 835 3179 τῇ
883 3107 1182 3160 ἀναστάσει
1240 3103 1600 3175 βελτιωθῆναι
1649 3104 1730 3165 εἰς

165 3196 396 3267 ἀπήμονα
420 3201 594 3272 ζωήν.
626 3200 720 3263 Εἰς
748 3201 984 3264 ἑαυτοὺᾳ
997 3199 1053 3252 δὲ
1074 3198 1730 3270 μᾶλλον,ύπομιμνήσκω,

163 3291 462 3362 γενώμεθα,
523 3295 620 3348 καὶ
674 3296 774 3364 τῆς
811 3292 989 3355 οἰκίας
1026 3290 1419 3361 ἀντεχώμεθα,
1463 3289 1560 3342 καὶ
1620 3287 1728 3341 τῶν

165 3383 347 3436 παίδων
381 3388 789 3457 φροντίσωμεν,
825 3385 919 3438 καὶ
965 3385 1071 3456 πρό
1123 3401 1184 3452 γε
1234 3384 1470 3446 πάντων,
1519 3381 1618 3451 τῆς
1653 3381 1724 3433 οἰ-

165 3475 297 3539 κείας
344 3480 537 3548 τιμίας
587 3479 797 3550 ψυχῆς,
835 3479 953 3531 κατ’
1001 3476 1214 3546 ἐκείνην
1260 3476 1358 3546 τὴν
1417 3475 1717 3546 μακαρίαν,

165 3569 362 3636 ἀρεταῖς
391 3573 790 3643 κοσμούμενοι,
816 3573 911 3626 καὶ
938 3571 1113 3642 τούτῳ
1140 3571 1446 3641 χαίροντες,
1475 3571 1555 3623 ὅτι
1585 3587 1723 3639 παρ-

163 3657 470 3732 επέμψαμεν
537 3661 805 3733 ὁμόζυγον
849 3662 1057 3716 ἱκέτιδα
1090 3663 1226 3731 πρὸς
1257 3661 1409 3726 Θεὸν,
1456 3660 1551 3713 καὶ
1595 3660 1726 3712 ὑπό-

162 3748 339 3821 δειγμα
388 3756 564 3809 καλοῦ
607 3755 748 3825 βίου,
794 3757 1157 3825 ὲπαφήσασαν
1198 3755 1330 3824 ἡμῖν
1361 3770 1420 3805 τε
1451 3753 1546 3804 καὶ
1590 3753 1724 3805 πᾶσι

162 3845 258 3908 τοῖς
295 3850 466 3920 γνωρί
476 3866 626 3920 μοις.

164 3958 306 4012 PME'
334 3963 470 4033 ('56).
496 3993 571 4003 --
599 3962 677 4030 Τῇ
742 3962 1199 4105 Τουρέιαὲξίσσῃ
1243 3961 1353 4030 τῆς
1417 3961 1729 4028 Ἑλλάδος.

883 4051 956 4102 ψκ
994 4042 1026 4086 '.

883 4042 1026 4102 WE"-

1811 715 2222 783 inspirationem
2253 713 2522 769 hauriant.
2549 715 2740 770 Maesta
2781 716 2997 780 domus,
3029 724 3087 768 ut
3109 731 3269 784 quam
3306 715 3386 770 sol

1812 807 2117 861 deseruerit
2146 827 2158 862 :
2195 824 2296 863 nec
2322 809 2473 862 ullus
2500 824 2637 862 sono
2677 809 2877 862 mulcet
2910 815 3033 862 tuas
3059 818 3152 861 aut
3182 809 3354 861 libero

1813 917 1931 955 rum
1956 901 2369 955 subditorumve
2395 901 2641 955 omnium
2664 917 2847 963 aures,
2867 902 3090 956 absente
3122 901 3209 954 illa
3229 901 3388 968 cujus

1814 1010 1920 1048 vox
1958 1009 2083 1048 vere
2127 993 2417 1062 praeclara,
2469 1003 2524 1046 et
2581 1010 2703 1063 quze
2741 995 3026 1048 audientes
3084 995 3390 1048 oblectabat

1815 1085 2082 1140 concinno
2121 1099 2350 1154 prorsus
2388 1085 2607 1154 eloquio
2668 1093 2721 1138 et
2766 1101 3019 1140 occursu.
3081 1084 3388 1139 Miseranda

1814 1179 2038 1234 omnino
2083 1179 2199 1233 haec
2226 1179 2433 1244 omnia,
2461 1187 2515 1232 et
2547 1178 2952 1249 ingemiscenda
2976 1220 2991 1245 ,
3038 1194 3134 1234 seu
3162 1178 3391 1246 ligurale

1815 1274 2088 1337 dicantur,
2116 1287 2213 1326 seu
2254 1271 2587 1340 cogitentur.

1891 1451 1996 1506 Sed
2027 1435 2156 1519 quid
2189 1449 2423 1518 agimus,
2453 1446 2716 1501 domine?
2753 1445 2846 1498 Dei
2900 1454 2983 1500 est
3037 1453 3391 1514 praeceptum,

1819 1557 1912 1602 aut
1944 1547 2128 1617 potius
2178 1544 2466 1606 sententia,
2527 1558 2625 1611 per
2667 1541 2910 1595 divinum
2967 1555 3185 1609 quoque
3225 1539 3390 1591 David

1818 1643 2142 1695 decantata:
2177 1635 2298 1689 Non
2332 1645 2407 1689 est
2439 1634 2591 1687 homo
2642 1635 2732 1704 qui
2769 1635 2916 1695 rivet,
2959 1641 3007 1685 et
3057 1649 3157 1684 non
3201 1631 3393 1684 videbit

1820 1745 2043 1788 mortem
2071 1732 2136 1786 ⁸⁸.
2205 1712 2298 1784 Sic
2344 1729 2656 1798 quicunque
2715 1728 2783 1780 ab
2825 1726 2993 1778 Adam
3046 1725 3394 1795 progenitore

1821 1835 2012 1882 nostro
2044 1827 2108 1880 ad
2147 1825 2287 1879 hanc
2320 1837 2494 1891 usque
2535 1822 2700 1881 diem,
2741 1819 3015 1874 nascendo
3047 1818 3099 1872 in
3129 1818 3393 1872 mundum

1822 1918 2145 1987 ingreditur,
2176 1930 2368 1970 rursus
2403 1930 2497 1983 per
2523 1912 2800 1967 interitum
2825 1912 3020 1981 migrat
3042 1910 3094 1964 in
3130 1911 3393 1964 mundum

1826 2012 1975 2065 illum
2007 2018 2060 2063 et
2101 2009 2482 2062 sublimiorem
2516 2015 2569 2059 et
2599 2005 3051 2075 praestantiorem.
3091 2001 3398 2056 Seminatur

1822 2102 1983 2162 enim,
2025 2101 2134 2163 ait,
2192 2100 2249 2151 in
2288 2099 2639 2167 corruptione,
2678 2095 2846 2164 surgit
2881 2097 2934 2147 in
2959 2094 3397 2162 incorruptione:

1823 2196 2120 2249 seminatur
2144 2195 2196 2246 in
2237 2192 2590 2263 ignobilitate,
2623 2191 2789 2259 surgit
2826 2190 2880 2241 in
2910 2188 3083 2258 gloria
3116 2204 3133 2241 :
3164 2187 3396 2241 semina-

1825 2297 1911 2340 tur
1941 2301 2129 2354 corpus
2156 2283 2409 2347 animale,
2451 2281 2618 2350 surgit
2657 2294 2842 2347 corpus
2872 2277 3150 2345 spirituale
3177 2277 3242 2325 ⁸⁵.
3293 2273 3399 2328 Pa-

1825 2396 1911 2436 res
1945 2380 2090 2434 enim
2146 2377 2357 2448 angelis
2386 2379 2627 2438 erimus,
2684 2383 2739 2427 et
2801 2372 2894 2426 filii
2954 2368 3398 2428 resurrectionis,

1825 2487 1947 2526 eum
1987 2470 2214 2524 mortale
2255 2468 2360 2520 hoc
2410 2465 2727 2534 absorptum
2791 2461 2955 2516 fuerit
2988 2478 3015 2513 a
3050 2460 3182 2513 vita.
3214 2457 3400 2523 Vides,

1825 2563 2081 2625 domine,
2110 2562 2254 2630 quod
2287 2560 2385 2614 etsi
2429 2557 2650 2626 reliquit
2689 2570 2791 2610 nos
2823 2554 3066 2617 domina,
3117 2553 3170 2605 in
3221 2551 3398 2606 lucem

1828 2668 2006 2711 tamen
2038 2654 2174 2709 abiit
2196 2669 2261 2708 ex
2295 2653 2553 2714 tenebris,
2593 2657 2648 2705 et
2677 2665 2743 2703 ex
2771 2649 2880 2703 vita
2923 2645 3140 2702 mortali
3174 2645 3239 2700 ad
3280 2660 3400 2698 sor-

1830 2761 1934 2806 tem
1967 2747 2335 2804 immortalem
2359 2746 2381 2799 ?
2411 2745 2488 2798 lbi
2515 2744 2662 2796 illam
2699 2741 3045 2812 postmodum
3072 2737 3401 2807 conspit-ies,

1828 2843 2101 2913 emigrans
2129 2849 2183 2896 et
2207 2841 2344 2910 ipse.
2371 2837 2551 2904 Quare
2580 2853 2684 2890 non
2733 2835 3107 2888 contristemur
3137 2833 3275 2884 sicut
3300 2846 3403 2884 ca:-

1832 2939 1929 2992 teri
1965 2937 2054 3006 qui
2099 2951 2241 3004 spem
2289 2949 2394 2986 non
2447 2931 2638 2983 habent
2669 2931 2753 2995 5";
2801 2926 2922 2982 eum
2969 2939 3253 2994 speremus
3306 2937 3406 2992 per

1831 3029 2313 3088 resurrectionem,
2373 3040 2470 3079 nos
2501 3024 2553 3077 in
2593 3022 2871 3076 meliorem
2906 3029 3101 3076 statum
3145 3019 3408 3088 migratu-

1831 3138 1924 3177 ros
1963 3121 2082 3175 vita:
2107 3119 2272 3173 nullis
2297 3117 2455 3171 malis
2503 3116 2772 3170 obnoxiae.
2804 3114 2943 3180 Quin
2973 3113 3038 3167 ad
3072 3127 3172 3166 nos
3201 3111 3404 3180 potius,

1833 3221 2055 3278 suadeo,
2071 3213 2379 3275 redeamus,
2403 3218 2456 3265 et.
2487 3210 2709 3264 domum
2744 3216 3015 3270 tueamur,
3037 3214 3089 3260 et
3113 3205 3406 3259 liberorum

1758 3317 1799 3374 C
1833 3323 2019 3364 curam
2052 3321 2326 3377 geramus,
2384 3313 2438 3360 et
2470 3318 2578 3374 prae
2617 3302 2871 3357 omnibus
2911 3299 3158 3370 pretiosa:
3211 3297 3409 3350 animae

1834 3403 2088 3474 propriae,
2127 3399 2444 3463 virtutibus,
2499 3398 2566 3452 ad
2598 3397 2768 3451 beata:
2803 3393 2947 3448 illius
2979 3394 3172 3454 instar,
3206 3390 3405 3452 ornati,

1833 3506 1888 3550 et
1935 3495 2040 3549 hoc
2072 3491 2295 3546 nomine
2335 3489 2655 3558 gaudentes,
2690 3486 2835 3555 quod
2881 3499 3105 3537 uxorem
3141 3480 3410 3551 prtemisi-

1834 3601 1958 3640 mus
1986 3601 2106 3656 quae
2123 3583 2264 3653 apud
2286 3581 2456 3636 Deum
2486 3579 2771 3648 supplicet,
2794 3585 2986 3642 etquae
3002 3575 3124 3629 vitae
3143 3571 3412 3642 prteclarre

1834 3676 2140 3746 exemplum
2170 3673 2327 3730 nobis
2350 3682 2403 3728 et
2428 3673 2572 3726 notis
2598 3670 2854 3725 omnibus
2885 3667 3126 3736 reliquit.

2121 3957 2324 4015 CXLV.
2357 3989 2425 3998 —-
2466 3953 2854 4008 Turmachissw
2892 3949 3128 4003 Graecia}.

1149 4147 1440 4199 Consolatur
1458 4146 1521 4195 de
1541 4151 1701 4195 morte
1724 4143 1832 4202 ﬁlii,
1862 4143 1913 4192 in
1941 4141 2079 4190 bello
2098 4133 2429 4197 .interempti.

219 4253 381 4308 Ὅσον
454 4255 572 4309 ἀπὸ
621 4255 780 4323 λόγου
830 4254 1225 4324 ὰσυνοψίσεως,
1271 4257 1371 4308 οὐκ
1436 4254 1738 4325 ἐμέλλομεν

164 4345 489 4403 ἐπιστέλλειν
544 4352 612 4421 τῇ
663 4350 940 4420 τιμιότητί
989 4347 1118 4410 σου,
1171 4350 1441 4418 ἄγνωστοι
1490 4347 1740 4419 ἀλλήλοις

161 4444 242 4490 καὶ
276 4443 606 4513 ἀσυνήθεις.
651 4442 790 4495 Ἀλλ’
822 4442 1012 4512 ἐπειδὴ
1040 4444 1105 4495 ἐκ
1135 4441 1414 4511 θεοφιλοῦς
1443 4440 1737 4512 προσώπου

1906 4248 2021 4304 Hoc
2055 4261 2142 4301 me
2181 4245 2512 4300 deteruisset
2539 4257 2569 4294 a
2597 4237 2890 4295 scribendo
2917 4234 3259 4291 excellentia:
3283 4241 3414 4295 tuae,

1837 4340 1984 4411 quod
2003 4339 2234 4394 invicem
2256 4336 2426 4407 ignoti
2457 4347 2633 4404 neque
2655 4346 2892 4400 unquam
2913 4326 3190 4397 congressi
3221 4326 3417 4381 simus.

1841 4433 1942 4487 Sed
1975 4439 2262 4502 postquam
2314 4443 2344 4480 a
2399 4424 2649 4496 religiosa
2684 4436 2918 4493 persona
2954 4419 3220 4488 nobisque
3262 4426 3440 4481 nota;

164 4546 239 4582 και
285 4510 644 4605 ἐγνωσμένου
684 4535 841 4604 ἡμῖν,
866 4510 1011 4599 λέγω
1049 4533 1112 4602 δὴ
1163 4510 1264 4601 τῆς
1312 4510 1727 4602 ἀγχιστευούσης

1849 4524 2448 4599 propinqua,'inquam,
2473 4514 2906 4581 tua,clarissima
2944 4511 3167 4582 patricia
3200 4553 3215 4576 ,
3271 4519 3326 4564 et
3353 4510 3421 4563 ab

162 4638 231 4673 σοι
264 4626 642 4695 πανευιρήμου
674 4624 995 4693 Πατρικίας,
1040 4623 1134 4675 καὶ
1177 4626 1278 4693 τῆς
1306 4622 1510 4692 ταύτης
1549 4622 1745 4692 κυρίας

164 4714 534 4789 εὖὶογημένης
582 4716 881 4787 θυγατρὸς,
937 4717 971 4785 ἡ
1027 4715 1334 4785 προτροπὴ,
1393 4710 1510 4766 εἶτα
1551 4714 1644 4766 καὶ
1688 4713 1748 4776 ἐξ

161 4807 306 4858 αὑτοῦ
337 4809 436 4860 τοῦ
475 4807 958 4877 γραμματηφόρου
1011 4805 1293 4872 ’1γνατίου,
1327 4803 1418 4856 τοῦ
1452 4821 1749 4873 πνευματι-

164 4894 246 4945 κοῦ
286 4899 450 4967 ἡμῶν
508 4897 652 4960 υἱοῦ,
691 4899 725 4965 ή
778 4897 916 4968 πρὸς
951 4896 1101 4965 ἡμᾶς
1151 4912 1242 4947 σου
1286 4894 1414 4957 τοὺς
1454 4893 1747 4955 ταπεινοὺς

162 4993 504 5061 προσηγορία
528 4992 790 5058 ἐγεγόνει·
817 4991 1126 5056 ἀναγκαίως
1152 4987 1387 5059 ῆλθομεν
1411 4988 1503 5039 ἐπὶ
1532 4987 1592 5039 τὸ
1614 4986 1747 5056 γρά-

164 5079 245 5145 ψαι
269 5081 432 5149 λόγον
461 5082 875 5151 παρακλήσεως
911 5084 977 5152 τῇ
1008 5081 1397 5152 τετρυχωμένῃ
1438 5098 1530 5132 σου
1572 5081 1741 5148 ψυχῇ,

163 5174 216 5224 ἐκ
235 5176 325 5229 τοῦ
367 5174 760 5246 συμπεσόντος
786 5175 924 5244 αὐτῇ
959 5174 1255 5236 τεθνεῶτος
1291 5175 1350 5224 ἐν
1395 5173 1471 5242 τῷ
1501 5171 1741 5241 πολέμῳ.

174 5263 321 5320 Ἀλλὰ
351 5271 521 5320 ποῖον
549 5267 615 5319 ἂν
663 5267 758 5320 καὶ
789 5267 1098 5336 ὲξευρεθείη
1143 5268 1430 5334 φάρμακον
1482 5283 1742 5334 παραμυ-

163 5352 268 5418 θίας
301 5360 384 5420 εἰς
443 5356 598 5410 ἴασιν
625 5357 724 5424 τῆς
763 5356 1019 5408 δυσιάτου
1067 5354 1312 5421 πληγῆς;
1347 5356 1410 5405 Ὢ
1444 5356 1539 5422 τῆς
1566 5356 1659 5406 καὶ
1690 5355 1747 5404 ἐν

167 5445 286 5516 ἀκοῇ
316 5450 462 5519 μόνῃ
500 5447 942 5518 ἐξηγορουμένης
973 5447 1288 5516 συμφορᾶςι
1326 5445 1497 5514 ὤχετο
1535 5443 1750 5512 ἔντιμον

167 5542 402 5612 σπέρμα,
443 5542 708 5613 μητρῷος
751 5540 1053 5610 ὀφθαλμὸς,
1091 5540 1377 5610 ἐγκάρδιον
1422 5538 1748 5606 σπλάγχνον,

168 5632 346 5696 κλάδος
379 5633 606 5702 εὐφυὴς
628 5672 643 5697 ,
678 5631 800 5684 ὅλον
840 5630 907 5683 δι’
945 5630 1069 5683 ὅλου
1101 5630 1198 5700 τῆς
1225 5627 1489 5697 τεκούσης
1521 5628 1580 5679 τὸ
1614 5621 1748 5694 φῶςν

225 5770 268 5798 ⁸³
300 5771 462 5824 Psal.
495 5783 765 5834 Lxxxvm,
795 5767 883 5824 49.
961 5769 1006 5799 ⁸⁸
1036 5766 1054 5820 l
1089 5767 1215 5823 Cor.
1253 5783 1342 5832 xv,
1375 5766 1463 5821 42.

1851 4620 2016 4688 hujus
2050 4616 2288 4671 domina“:
2316 4614 2424 4666 lilia
2453 4609 2758 4673 benedicta,
2797 4606 3138 4669 mandatum,
3175 4617 3240 4657 ac
3264 4602 3422 4657 dein-

1850 4712 1917 4765 de
1964 4725 2059 4778 per
2090 4709 2270 4777 ipsum
2305 4705 2398 4774 qui
2450 4704 2661 4758 litteras
2699 4700 2898 4758 attulit,
2942 4697 3209 4768 lgnalium
3256 4695 3420 4765 spiri-

1849 4802 2053 4856 tualem
2097 4800 2266 4853 tilium
2298 4806 2543 4850 nostrum
2565 4833 2579 4854 ,
2618 4805 2708 4846 tua
2742 4790 2906 4845 simul
2939 4788 3236 4842 humilibus
3261 4786 3424 4839 nobis

1851 4895 2014 4949 allata
2047 4901 2131 4945 est
2165 4888 2458 4953 salutatio;
2500 4884 2810 4941 necessario
2842 4881 3061 4935 adducti
3109 4885 3303 4935 sumus
3328 4879 3423 4936 .ad

1851 4984 2194 5041 scribendam
2247 4978 2675 5035 consolationem
2725 4975 2922 5028 animae
2953 4982 3061 5026 tua:
3091 4970 3303 5024 alllieta:
3355 4971 3426 5023 ob

1851 5092 2149 5133 aerumnam
2185 5090 2305 5144 quae
2333 5073 2436 5142 ipsi
2467 5070 2714 5140 contigit,
2743 5084 2808 5122 ex
2841 5067 2985 5120 beati
3039 5065 3134 5118 ﬁlii
3163 5064 3336 5125 obitu,
3369 5062 3424 5114 in

1852 5172 1992 5227 bello
2026 5168 2357 5237 interempti.
2400 5164 2602 5219 Verum
2655 5162 2929 5231 quodnam
2977 5158 3195 5212 tandem
3245 5157 3427 5211 solatii

1854 5263 2152 5318 remedium
2207 5259 2434 5314 inveniri
2492 5264 2657 5326 queat
2697 5252 2944 5308 sanando
2979 5252 3231 5313 vulneri,
3269 5249 3428 5318 cujus

1854 5356 2164 5411 diﬂicillima
2206 5363 2289 5407 est
2333 5351 2578 5405 curatio?
2615 5347 2658 5402 Ο
2687 5363 2809 5417 quae
2834 5346 2916 5400 vel
2956 5345 3140 5399 auditu
3187 5345 3304 5398 solo
3337 5344 3430 5397 de-

1855 5449 2096 5503 claratur
2118 5446 2432 5502 calamitas!
2465 5442 2633 5497 Periit
2652 5457 2833 5496 semen
2859 5441 3210 5500 honoratum,
3234 5437 3429 5490 oculus

1857 5552 2157 5606 maternus,
2185 5557 2314 5610 pars
2336 5540 2518 5594 cordis
2544 5539 2753 5599 intima,
2783 5549 2968 5588 ramus
3002 5533 3304 5595 vireseens,
3342 5539 3430 5584 to-

1859 5642 1968 5685 tum
2002 5647 2227 5701 prorsus
2252 5633 2437 5687 lumen
2465 5629 2761 5701 genitricis,
2795 5636 3049 5696 paternas
3071 5625 3123 5678 in
3150 5639 3209 5679 se
3235 5635 3433 5692 gerens

1546 5769 1591 5799 ⁸⁵
1633 5765 1647 5816 Ι
1687 5765 1880 5822 Thess.
1917 5785 1988 5834 tv,
2032 5770 2113 5823 12.

1675 5879 1895 5935 NOTAE.

234 5953 346 6023 (56)
380 5955 446 6007 In
486 5953 611 6007 Cod.
645 5953 776 6020 Reg.
815 5952 951 6014 ρλς’.
