3934 6456
553 400 688 463 1455

1730 399 1789 457 S.
1831 393 2224 456 THEODORI
2251 392 2599 453 S'l‘UDlT/E

3647 390 3780 452 1456

546 518 725 571 notas,
757 514 811 562 et
830 505 1109 561 viduitatis
1137 505 1507 567 solitudinem,
1531 505 1712 574 quoad
1740 506 1854 559 ﬁeri
1886 513 2114 575 poterat,

2228 503 2383 573 φέρον
2429 503 2558 565 τοὺς
2612 501 2895 573 πατρῴους
2930 505 2990 555 ἐν
3044 500 3218 571 ἐαυτῷ
3258 501 3643 573 χαρακτῆρας’
3689 510 3781 559 καὶ

545 602 865 665 sublevans,
899 600 993 671 qui
1035 600 1200 654 totius
1232 599 1357 653 vita:
1387 598 1640 654 solatium
1676 609 1816 663 erat,
1853 610 1965 653 tum
1988 612 2114 666 erga

547 691 823 761 propriam
872 691 1121 753 domum,
1168 700 1281 744 tum
1315 705 1444 760 erga
1474 691 1934 761 consanguineos.
1975 687 2116 755 Quid

548 794 731 838 autem
766 786 966 837 factum
997 792 1081 837 est
1103 781 1341 836 avolavit
1369 796 1436 836 ex
1463 783 1637 837 oculis
1666 782 1945 844 maternis,
1971 780 2117 835 exei-

547 890 644 930 sus
692 884 776 929 est
813 889 843 930 a
879 875 1020 930 bona
1059 874 1242 928 radice
1281 892 1296 928 :
1338 889 1404 928 ac
1452 889 1627 942 neque
1673 874 1727 927 in
1760 874 1933 929 oculis
1968 887 2116 927 mors

548 964 809 1035 contigit;
845 963 989 1018 unde
1020 962 1451 1019 consolationem
1491 978 1556 1017 ex
1590 963 1901 1018 novissimis
1939 962 2118 1017 verbis

548 1065 603 1129 et
631 1071 695 1110 ex
723 1064 910 1111 sancta
934 1054 1218 1125 sepultura
1249 1053 1471 1123 capiunt
1496 1053 1591 1123 qui
1620 1053 1947 1110 domesticos
1979 1069 2118 1123 prae-

549 1149 793 1202 mittunt.
824 1143 983 1200 Nunc
1015 1161 1164 1211 vero,
1215 1154 1411 1214 praeter
1431 1144 1537 1199 alia
1558 1184 1573 1206 .
1608 1144 1714 1199 hoc
1758 1145 1919 1199 etiam
1967 1144 2115 1198 leva-

549 1244 735 1292 mento
770 1236 947 1291 orbati
975 1251 1201 1300 sumus;
1233 1236 1436 1289 eximio
1470 1236 1693 1291 surculo
1727 1236 1921 1308 gladiis
1948 1238 2120 1292 hosti-

548 1327 693 1381 libus
716 1326 925 1380 exciso.
975 1323 1021 1380 Ο
1068 1327 1430 1380 miserandam
1477 1326 1828 1397 tragosdiaml
1863 1343 1896 1382 o
1928 1344 2116 1382 casum

550 1419 1037 1474 inconsolabilem!
1091 1418 1344 1474 Fluctuat
1385 1435 1529 1476 nunc
1562 1421 1780 1477 animus
1818 1421 2115 1491 haeretque,

547 1525 847 1564 aerumnam
878 1510 1231 1565 considerans
1254 1550 1268 1575 ,
1309 1510 1401 1564 ubi
1434 1520 1488 1565 et
1515 1513 1792 1579 quomodo
1842 1528 1929 1567 res
1968 1524 2118 1583 gesta

550 1601 644 1667 sit,
677 1616 840 1671 quam
882 1602 938 1656 in
965 1603 1213 1672 corporis
1244 1615 1451 1672 partem
1482 1610 1705 1658 cruenta
1737 1617 1934 1657 manus
1964 1602 2119 1656 incu-

548 1692 747 1757 buerit,
793 1706 902 1763 quo
933 1692 1054 1747 loco
1109 1692 1224 1762 ipse
1271 1693 1472 1748 cadens
1509 1697 1745 1748 animam
1788 1692 1982 1748 eﬂlarit
2011 1711 2024 1746 :
2050 1709 2119 1747 an

2215 596 2314 667 τὴν
2344 595 2583 666 ἐρημίαν
2620 597 2718 664 τῆς
2743 595 2971 665 χηρείας
3024 594 3147 647 καθ’
3184 596 3308 648 ὅσον
3341 590 3455 648 οἷόν
3484 611 3545 647 τε
3584 597 3778 649 ὑποτε-

2221 688 2515 758 μνόμενον,
2550 687 2643 740 καὶ
2668 687 2792 740 ὅλου
2812 686 2904 739 τοῦ
2931 687 3048 757 βίου
3076 687 3135 740 ὃν
3165 686 3533 756 παραμύθιον,
3566 690 3707 740 κατά
3725 705 3781 740 τε

2215 778 2314 849 τὴν
2347 778 2484 831 ἰδίαν
2515 780 2719 844 ἐστίαν,
2759 782 2852 831 καὶ
2884 781 3011 843 τοὺς
3044 779 3137 848 ἀφ’
3170 780 3423 850 αίματος.
3458 780 3568 832 Καὶ
3597 780 3651 831 τί
3697 782 3784 846 γέ·

2216 888 2405 940 γονεν,
2434 871 2677 941 Ἀπέπτη
2723 872 2830 925 τῶν
2877 872 3159 941 μητρικῶν
3196 871 3509 941 ὀφθαλμῶν,
3551 872 3783 939 ἐξεκόπη

2216 966 2315 1033 τῆς
2342 961 2556 1031 ἀγαθῆς
2598 962 2781 1033 ῥίζης
2827 964 2921 1015 καὶ
2954 962 3073 1015 ούδέ
3111 964 3233 1015 κατ’
3273 963 3587 1031 ὀφθαλμοὺς
3613 964 3641 1014 6
3688 960 3783 1013 θά-

2216 1070 2377 1117 νατος
2401 1069 2414 1084 ο
2452 1054 2540 1121 ἐφ’
2568 1047 2612 1121 ᾧ
2658 1054 2754 1109 καὶ
2803 1056 3149 1125 παρηγορίαν
3171 1055 3259 1107 διὰ
3296 1055 3405 1108 τῶν
3434 1054 3652 1120 ἐξοδίων
3688 1057 3782 1123 ρη-

2221 1148 2429 1217 μάτων,
2484 1147 2581 1199 καὶ
2622 1147 2721 1209 τῆς
2768 1147 2921 1209 ὁσίας
2972 1151 3149 1215 ταφῆς
3192 1146 3531 1216 ἐρανίζονται
3574 1149 3622 1198 οἱ
3664 1148 3785 1209 τοὺς

2217 1237 2451 1297 οἰκείους
2495 1238 2934 1307 προπέμποντες.
2976 1237 3088 1291 Νῦν
3124 1238 3215 1303 δὲ,
3270 1238 3407 1307 μετά
3437 1238 3548 1290 τῶν
3582 1237 3783 1297 ἄλλων,

2219 1328 2578 1401 ἀφῃρέθημεν
2608 1328 2701 1382 καὶ
2727 1328 2891 1396 τῆσδε
2919 1329 3019 1399 τῆς
3062 1328 3484 1399 παρακλήσεως,
3510 1326 3607 1380 τοῦ
3649 1331 3785 1395 ἁγα-

2219 1420 2314 1474 θοῦ
2358 1418 2545 1487 ἐρνους
2594 1418 2842 1489 μαχαίρᾳ
2886 1418 3157 1489 πολεμικῇ
3200 1416 3519 1487 τμηθέντος.
3579 1416 3644 1468 ’Ὠ
3689 1418 3787 1485 τῆς

2219 1509 2460 1578 ἐλεεινῆς
2499 1508 2840 1579 τραγῳδίαςί
2869 1508 2915 1561 ὦ
2958 1508 3057 1578 τῆς
3099 1508 3489 1578 ἀπαρακλήτου
3531 1507 3791 1576 συμπτώ-

2222 1601 2393 1664 σεωςί
2455 1600 2703 1653 ’Δστατεῑ
2742 1598 2867 1671 ἄρτι
2899 1601 2928 1652 6
2972 1600 3096 1663 νοῦς
3137 1599 3463 1669 ἀναθεωρῶν
3490 1598 3553 1651 τὸ
3580 1597 3749 1657 πάθος
3772 1640 3785 1658 .

2224 1693 2323 1747 ποῦ
2365 1694 2458 1746 καὶ
2508 1693 2625 1758 πῷς
2668 1692 2949 1764 ὑπήρχθη,
2997 1693 3137 1746 κατά
3182 1695 3336 1745 ποῖον
3372 1692 3533 1761 μέλος
3560 1694 3593 1760 ἡ
3630 1692 3791 1759 φονία

550 1784 734 1839 subito
767 1802 782 1851 ;
816 1799 884 1839 an
917 1800 1026 1839 uno
1056 1784 1125 1839 ab
1162 1785 1316 1851 ictu;
1348 1800 1415 1839 an
1443 1784 1722 1855 quidpiam
1744 1784 1957 1839 elfatus.
2004 1782 2119 1839 Heu

2228 1788 2344 1857 χεὶρ
2380 1786 2569 1857 ἐτάθη,
2623 1786 2767 1839 κατά
2803 1786 2926 1838 τίνα
2963 1786 3128 1838 τόπον
3158 1785 3340 1837 πεσὼν
3380 1784 3639 1837 ἀπέτινεν
3681 1779 3790 1852 ἆρα

550 1875 959 1945 spectaculum!
993 1873 1137 1929 Proh
1184 1875 1375 1929 horam
1410 1875 1592 1930 illam!
1626 1873 1964 1930 Thesaurum
1994 1891 2119 1930 cum

549 1968 691 2021 bona
717 1982 813 2038 spe
842 1968 1168 2032 dimisimus,
1198 1978 1251 2021 ct
1284 1968 1489 2023 luctum
1520 1967 1919 2025 ineluctabilem
1953 1967 2122 2023 colle-

550 2074 749 2127 gnnus.

622 2234 689 2289 Et
722 2236 848 2306 quis
886 2251 1184 2290 aerumnam
1216 2238 1505 2307 deplorans
1527 2279 1542 2303 ,
1575 2239 1797 2309 dignum
1824 2242 2120 2312 quidquam

554 2329 734 2398 eloqui
769 2329 982 2397 possit?
1010 2328 1265 2385 Fortasse
1299 2343 1352 2386 et
1392 2330 1473 2386 sol
1505 2332 1619 2402 ipse
1645 2332 1910 2399 insuavis,
1948 2345 2001 2390 et
2036 2336 2124 2388 in-

553 2418 706 2473 visus
746 2434 860 2481 aer,
914 2427 967 2472 et
990 2434 1138 2472 mare
1169 2419 1547 2487 iniucundum,
1579 2429 1633 2473 et
1661 2429 1803 2474 terra
1831 2436 1938 2475 non
1969 2430 2124 2491 opta-

552 2512 698 2577 bilis,
723 2520 777 2564 et
798 2510 995 2565 caelum
1014 2510 1285 2573 odiosum,
1310 2510 1723 2566 intellectualem
1743 2513 1950 2566 stellam
1978 2522 2124 2566 luant

555 2616 662 2654 non
697 2600 923 2654 habens.
958 2599 1081 2653 Haec
1136 2609 1296 2669 atque
1352 2599 1440 2653 his
1500 2602 1652 2670 plura
1696 2601 1934 2654 animam
1977 2611 2122 2655 tuam

554 2692 923 2747 concutientia
944 2730 960 2755 ,
992 2706 1088 2745 cor
1115 2691 1563 2759 cunstringentiu,
1597 2701 1650 2745 et
1688 2694 1924 2746 calentes
1953 2692 2126 2761 lacry-

555 2806 673 2845 nias
696 2789 1002 2857 fundentia,
1038 2802 1091 2844 et
1112 2789 1345 2859 cjulatns
1368 2789 1677 2855 edentia,et
1711 2790 1777 2844 ad
1814 2792 1935 2844 vita:
1968 2788 2127 2844 istius

556 2884 776 2939 taedium
812 2883 1130 2953 redigentia.
1192 2882 1391 2937 Verum
1428 2898 1547 2951 age,
1585 2884 1826 2947 domina,
1870 2898 1989 2953 age,
2040 2898 2127 2937 re-

555 2977 805 3043 valesce;
861 2986 1074 3047 tempus
1123 2984 1207 3030 est
1271 2983 1327 3029 ut
1388 2979 1626 3029 animum
1682 2976 1916 3029 relicias.
1967 2975 2127 3044 Aperi

557 3084 739 3130 aures,
780 3068 993 3121 divinas
1017 3084 1180 3122 voces
1203 3066 1518 3121 exaudiens.
1556 3064 1727 3120 Homo
1750 3066 1886 3119 sicut
1912 3066 2125 3135 fenum:

2224 1878 2413 1931 θᾶττον
2440 1894 2453 1908 ⁸
2485 1873 2596 1948 ἆρα
2628 1879 2693 1931 ἐκ
2731 1878 2861 1946 μιᾶς
2895 1876 3142 1947 πληγῆςο
3165 1871 3276 1946 ἆρά
3298 1892 3353 1927 τι
3392 1874 3653 1927 ἐπειπών.
3684 1874 3789 1926 Φεῦ

2220 1971 2321 2041 τῆς
2356 1970 2629 2039 ἱστορίαςῑ
2676 1969 2871 2024 ’Δόἀλε
2910 1969 3011 2039 τῆς
3042 1967 3192 2039 ὥρας
3220 1968 3461 2038 ἐκείνηςῑ
3510 1968 3790 2022 Ἀπεστεί-

2220 2060 2395 2131 λαμεν
2437 2061 2557 2131 μετ’
2619 2061 2833 2125 ἐλπίδος
2886 2064 3130 2132 χρηστῆς
3178 2059 3271 2113 τὸν
3332 2059 3635 2131 θησαυρὸν,
3697 2061 3791 2113 καὶ

2222 2154 2609 2223 ἐτρυγήσαμεν
2636 2152 3078 2223 ἀπαραμύθητον
3103 2152 3357 2223 ὀδυρμόν.

2295 2244 2403 2295 Καὶ
2432 2243 2483 2294 τί
2519 2244 2582 2295 ἄν
2610 2260 2694 2305 τις
2721 2244 2864 2296 είποι
2883 2243 3033 2309 ἄξιον
3064 2244 3293 2315 θρήνους
3314 2244 3694 2311 ἐλεεινολογῶν
3730 2246 3794 2298 τὸ

2224 2333 2391 2396 πάθος
2412 2351 2429 2401 ς
2458 2333 2609 2403 Τάχα
2646 2350 2725 2385 σοι
2754 2338 2848 2388 καὶ
2869 2337 2895 2386 6
2916 2334 3066 2403 ἣλιος
3088 2336 3332 2402 στυγνὸς,
3353 2338 3445 2386 καὶ
3469 2336 3497 2386 6
3531 2336 3639 2403 ἀήρ
3661 2351 3791 2386 κατ-

2223 2422 2390 2490 ηφὴς,
2422 2421 2517 2474 καὶ
2546 2423 2578 2491 ή
2614 2420 2858 2475 θάλασσα
2884 2424 2982 2493 οὐχ
3011 2424 3183 2492 ἡδεῖα,
3218 2425 3359 2492 καὶὴ
3386 2426 3455 2491 γῆ
3480 2424 3579 2476 οὺκ
3601 2424 3792 2495 ἐφετὴ,

2223 2516 2317 2565 καὶ
2366 2516 2393 2566 6
2425 2514 2651 2584 οὐρανὸς
2695 2515 2959 2585 ἐπαχθὴς,
3000 2518 3099 2568 ούκ
3135 2515 3275 2586 ἔχων
3309 2531 3415 2568 σου
3466 2515 3559 2569 τὸν
3604 2518 3795 2586 νοητὸν

2224 2605 2452 2675 αστέρα.
2488 2605 2737 2658 Τοσαῦτα
2771 2607 2863 2659 καὶ⁵
2884 2606 2964 2659 ἔτι
3000 2605 3168 2659 πλείω
3203 2604 3409 2659 τούτων
3452 2607 3520 2660 τά
3564 2607 3794 2677 κραδαί·

2224 2697 2383 2750 νοντά
2414 2714 2506 2749 σου
2536 2696 2633 2767 τὴν
2679 2697 2873 2767 ψυχὴν,
2913 2698 3009 2751 καὶ
3055 2699 3348 2770 συνέχοντα
3394 2700 3490 2771 τὴν
3539 2700 3793 2771 καρδίαν,

2227 2787 2322 2840 καὶ
2384 2786 2686 2859 προχέοντα
2739 2790 2808 2842 τὰ
2860 2789 3037 2860 Οερμά
3077 2791 3312 2862 δάκρυα,
3383 2790 3477 2845 καὶ
3538 2792 3797 2863 ἀναπέμ-

2228 2897 2397 2935 ποντα
2415 2880 2515 2945 τὰς
2544 2882 2811 2952 οίμωγάς,
2854 2886 2948 2936 καὶ
2978 2884 3355 2954 ἐξαποροῦντα
3387 2885 3477 2936 καὶ
3504 2884 3671 2937 αὐτοῦ
3699 2886 3796 2938 τοῦ

2229 2970 2349 3043 ζῇν.
2393 2972 2553 3025 Ἀλλὰ
2576 2971 2753 3043 δεῦρο,
2802 2975 2987 3045 κυρία,
3027 2975 3208 3043 δεῦρο,
3247 2974 3597 3046 ἀναψύχησον
3624 2992 3635 3004 ·
3668 2994 3798 3032 και-

2232 3063 2321 3133 ρὸς
2350 3063 2458 3133 γὰρ
2490 3064 2836 3132 ἀνακλήσεως
2855 3081 2868 3096 ⁸
2895 3065 3105 3129 ἀνοιξόν
3124 3082 3217 3119 σου
3248 3065 3318 3119 τά
3344 3060 3477 3126 ὦτα,
3513 3070 3801 3137 ἐπακροῶ-

556 3160 666 3214 dies
714 3160 827 3227 ejus
868 3167 1117 3230 tanquam
1179 3161 1276 3225 [los
1311 3159 1448 3227 agri,
1508 3158 1582 3210 sic
1625 3158 1921 3226 dc/iorcscet
1955 3158 2020 3211 ⁵⁸.
2054 3187 2123 3196 -

2234 3153 2372 3223 μένη
2419 3154 2527 3207 τῶν
2566 3154 2723 3207 θείων
2767 3158 2977 3224 φωνῶν.
3016 3157 3351 3224 Ἀνθρωπος
3405 3158 3545 3211 ὡσεὶ
3580 3158 3802 3229 χόρτος

560 3250 685 3303 Νοη
710 3251 809 3303 erit
843 3252 996 3302 homo
1047 3253 1136 3321 qui
1172 3253 1319 3312 vivet,
1359 3260 1406 3301 ct
1444 3264 1545 3301 non
1576 3249 1763 3301 videbit
1812 3258 2031 3301 mortem
2056 3250 2121 3302 ⁸⁷.

556 3370 628 3381 ——
667 3340 726 3393 Si
755 3340 1019 3393 credimus
1059 3342 1195 3408 quod
1238 3337 1394 3392 Iesus
1424 3348 1657 3391 mortuus
1686 3347 1762 3390 est
1800 3346 1850 3391 et
1896 3354 2129 3391 resurre-

558 3436 637 3487 :t:it
661 3449 681 3499 ;
712 3435 787 3486 ita
809 3444 857 3486 et
875 3433 1014 3487 Deus
1043 3448 1128 3485 eos
1155 3434 1243 3499 qui
1264 3432 1584 3484 dormierunt
1614 3446 1704 3499 per
1724 3428 1929 3493 Iesum,
1961 3431 2132 3483 addu-

560 3536 637 3579 cet
676 3541 793 3578 cum
825 3540 883 3577 eo
910 3523 976 3577 ⁸⁸.
1006 3522 1124 3578 Νοη
1166 3523 1327 3593 igitur
1357 3537 1583 3591 prorsus
1609 3522 1893 3577 amisimus
1923 3521 2127 3588 ﬁlium;

562 3616 654 3671 sed
691 3615 853 3684 paulo
895 3623 1061 3684 post,
1117 3629 1238 3669 cum
1274 3614 1579 3668 insonuerit
1633 3614 1931 3669 novissima
1979 3614 2129 3678 tuba,

560 3716 811 3779 resurget
842 3708 895 3760 in
927 3722 1215 3761 occursum
1252 3704 1460 3759 Domini
1502 3707 1553 3758 in
1604 3721 1752 3769 aera,
1789 3714 1841 3758 et
1880 3706 1951 3759 ibi
1979 3706 2129 3758 illum

562 3799 867 3854 videbimus
889 3798 955 3853 ”.
990 3798 1196 3851 Lethali
1242 3800 1395 3867 plaga
1437 3797 1556 3851 istic
1591 3811 1765 3849 caesus
1804 3806 1889 3849 est
1919 3813 1933 3849 :
1970 3806 2025 3849 at
2059 3796 2132 3850 ibi

563 3904 799 3943 tnoerore
822 3888 1152 3958 sempiterno
1183 3904 1289 3941 non
1324 3888 1602 3949 allicietur,
1656 3886 1878 3941 Christo
1910 3888 2131 3941 indutus

561 3996 658 4050 per
685 3980 1041 4047 baptismum,
1077 3978 1346 4047 iidemque
1393 3979 1751 4031 orthodoxam
1792 3979 2131 4048 complexus,

562 4084 627 4124 ac
656 4068 844 4125 δαιτυιί
876 4069 1039 4138 hujus
1066 4068 1437 4137 voluptatibus
1462 4068 1680 4121 vixdum
1710 4084 1927 4122 summo
1964 4069 2133 4139 digito

562 4176 659 4231 per
687 4160 981 4232 iuvenilem
1014 4170 1227 4214 aetatem
1256 4160 1579 4229 degustatis.
1611 4159 1785 4225 Quam
1819 4160 1889 4214 ob
1907 4176 2131 4215 causam

565 4252 839 4307 credimus
872 4251 1023 4304 illum
1048 4250 1260 4304 veniam
1292 4265 1482 4304 eorum
1511 4289 1525 4313 ,
1558 4266 1677 4319 qua:
1713 4260 1771 4305 ut
1808 4251 1970 4306 homo
1998 4267 2135 4320 prte-

564 4344 798 4399 termisit
822 4342 907 4397 vel
937 4342 1158 4397 admisit
1183 4381 1199 4406 ,
1254 4357 1349 4410 per
1400 4342 1746 4395 immaturam
1785 4351 1838 4395 et
1874 4342 2131 4411 injustam

563 4417 707 4491 hanc
737 4445 968 4489 mortem
1014 4433 1449 4503 impetraturum.
1504 4431 1678 4497 Quam
1730 4432 1915 4488 multis
1959 4436 2130 4496 enim,

2227 3247 2286 3298 al
2308 3244 2520 3313 ἡμέραι
2559 3246 2745 3302 αὑτοῦ
2768 3263 2782 3277 ·
2820 3246 2962 3301 ὡσεὶ
3006 3248 3190 3315 ἄνθος
3241 3249 3345 3304 τοῦ
3370 3249 3551 3319 ἀγροῦ
3570 3293 3584 3314 ,
3610 3252 3803 3319 οὕτως

2226 3337 2771 3405 ἐξανθήσει.-Οὺκ
2793 3341 2964 3394 ἐστιν
2989 3340 3298 3408 ἄνθρωπος
3326 3341 3393 3408 ὃς
3424 3341 3683 3409 ζήσεεατ,
3702 3344 3801 3397 καὶ

2228 3432 2339 3484 οὐκ
2358 3429 2566 3497 ὄψεται
2598 3430 3017 3484 θάνατον.-Εί
3044 3432 3404 3500 πιστεύομεν
3432 3432 3521 3484 ὅτι
3555 3434 3804 3500 Ἰησοῦς

2228 3519 2491 3574 ἀπέθανε
2520 3521 2616 3572 καὶ
2648 3519 2895 3586 ἀνέστη,
2920 3517 3108 3585 οὕτως
3138 3521 3235 3574 καὶ
3265 3524 3297 3574 ό
3336 3521 3476 3585 Θεὸς
3498 3522 3640 3587 τοὺς
3669 3540 3800 3576 κοι-

2223 3611 2522 3680 μηθέντας
2550 3609 2647 3663 διὰ
2676 3610 2781 3664 τοῦ
2818 3611 3021 3678 Ἰησοῦ
3065 3610 3195 3675 ἄξει
3223 3612 3344 3665 σὺν
3371 3612 3547 3679 αὐτῷ.
3571 3615 3647 3667 Ού
3680 3616 3803 3667 τοί-

2229 3717 2325 3753 νυν
2350 3700 2535 3752 λοιπὸν
2576 3700 2943 3772 ἀπολώλαμεν
2965 3701 3053 3754 τὸν
3086 3702 3199 3755 υἱόν
3222 3719 3238 3733 ο
3261 3702 3393 3756 ἀλλὰ
3423 3704 3620 3773 μικρὸν
3643 3702 3807 3757 ὓστε-

2233 3809 2344 3863 ρον,
2382 3793 2544 3861 ἡνίκα
2574 3795 2607 3863 ή
2635 3793 2838 3863 ἐσχάτη
2867 3794 3101 3862 σάλπιγξ
3132 3797 3390 3865 φωνήσει,
3430 3796 3808 3867 ἀναστήσεται

2230 3886 2308 3947 είς
2340 3885 2645 3955 ἀπάντησιν
2692 3884 3041 3957 τούΚυρίου
3088 3890 3167 3950 εἰς
3219 3887 3391 3956 ἀέρα*
3427 3890 3589 3941 κάκεῖ
3635 3890 3807 3943 αὑτὸν

2230 3976 2493 4046 ὀψόμεθα.
2553 3976 2795 4047 Ἐπλήγη
2843 3979 3065 4050 καιρίαν
3113 3978 3345 4033 ἐνταῦθα
3386 3978 3637 4049 πληγὴν,
3683 3980 3809 4033 ἀλλ’

2232 4067 2410 4119 ἐκεῖσε
2444 4066 2601 4130 ἀνίας
2625 4070 2845 4120 αἰωνίου
2896 4070 2956 4121 ού
3007 4069 3419 4140 πειραθήσεται,
3450 4071 3687 4142 Χριστὸν
3713 4075 3805 4125 ἐν-

2231 4155 2521 4225 δεδυμένος
2564 4157 2651 4210 διὰ
2690 4158 2783 4210 τοῦ
2824 4158 3217 4229 βαπτίσματος,
3263 4161 3359 4231 τήν
3400 4177 3461 4213 τε
3492 4161 3675 4213 πίστιν
3701 4162 3804 4232 ὀρο

2234 4246 2447 4311 θόδοξον
2489 4248 2757 4319 ἐσχηκὼς,
2802 4250 2895 4303 καὶ
2945 4250 3097 4303 ούπω
3144 4252 3473 4321 ἐμπλησθεὶς
3522 4253 3633 4307 τῶν
3670 4259 3807 4325 τῇδε

2232 4337 2423 4407 ἡδέων,
2450 4338 2572 4390 ὅσον
2599 4338 2754 4408 ἀκρῳ
2784 4339 2861 4409 τῷ
2893 4340 3139 4410 δακτύλῳ
3160 4340 3564 4408 ἀπογεύσασθαι
3587 4344 3674 4397 διὰ
3701 4346 3805 4413 τὴν

2233 4430 2485 4497 νεότητα.
2513 4422 2589 4483 Οὖ
2622 4431 2786 4499 χάριν
2824 4430 3151 4499 πιστεύομεν
3181 4431 3401 4485 καὶτῶν
3419 4432 3493 4495 ὠς
3518 4433 3805 4504 ἀνθρώπῳ

562 4530 814 4591 domina,
849 4528 901 4581 in
932 4540 1096 4581 carne
1140 4540 1386 4583 manens.
1419 4524 1756 4578 exercendus
1780 4524 1940 4578 malis
1968 4525 2125 4579 erat?

2233 4518 2381 4589 αὐτῷ
2406 4520 2852 4591 παρεωραμὲνων
2882 4522 2976 4574 καὶ
3008 4521 3575 4593 πεπλημμελημένων,
3598 4525 3686 4577 διὰ
3708 4529 3804 4577 τὶν

561 4622 757 4672 Annon
791 4616 886 4670 tibi
916 4614 1129 4669 videtur
1165 4615 1279 4668 haec
1307 4615 1415 4666 vita
1445 4613 1653 4667 homini
1680 4615 1745 4667 ad
1776 4614 2129 4669 tentationem

563 4708 868 4763 attributa?
906 4707 1189 4775 coniugem
1243 4707 1511 4775 accipere.
1569 4705 1770 4761 liberos
1817 4721 2127 4775 procreare,

562 4802 758 4865 servis,
788 4799 1014 4867 aliisque
1045 4798 1208 4851 rebus
1250 4798 1317 4850 ad
1351 4798 1516 4851 vitam
1549 4788 1772 4853 utilibus
1806 4798 2082 4852 abundare
2111 4816 2126 4852 :

565 4891 865 4947 addiderim
910 4899 965 4944 et
1018 4897 1247 4943 terrenae
1282 4888 1467 4958 gloria:
1498 4904 1864 4958 progressum.
1922 4888 2129 4955 Quibus

562 4984 820 5038 omnibus
852 4982 1155 5051 expeditus,
1206 4996 1457 5050 magnam
1496 4981 1783 5036 habiturus
1812 4990 1897 5035 est
1936 4983 2130 5036 anima:

563 5075 893 5137 libertatem,
926 5070 1038 5127 Deo
1062 5073 1407 5135 conjunctus,
1453 5078 1508 5123 et
1536 5069 1695 5123 salsis
1725 5072 1847 5125 vita:
1876 5069 2129 5125 ﬂuctibus

563 5167 803 5221 animam
842 5162 1033 5217 leviter
1058 5175 1335 5230 aspersus.

563 5258 921 5325 ἀπαλλαγεὶς,
953 5254 1153 5324 πολλὴν
1206 5250 1318 5317 ἔξει
1347 5252 1445 5321 τῆς
1472 5250 1653 5322 ψυχῆς
1705 5253 1803 5320 τὴν
1836 5250 2169 5319 ἐλευθερίαν,

560 5350 663 5419 τῆς
689 5348 936 5417 ἁλμυρᾶς
965 5346 1057 5398 τοῦ
1088 5344 1203 5413 βίου
1245 5342 1540 5412 τρικυμίας
1580 5344 1678 5413 τὴν
1704 5346 1897 5414 ψυχήν.

636 5440 773 5493 Hinc
793 5439 955 5507 igitur
985 5437 1199 5491 remitte
1238 5452 1301 5489 ac
1327 5435 1558 5503 depone,
1600 5436 1840 5500 domina,
1870 5440 2125 5494 inconso-

565 5529 779 5584 labilem
812 5528 1055 5582 dolorem
1087 5542 1100 5577 :
1133 5534 1309 5579 statue
1362 5526 1652 5579 terminum
1689 5541 1943 5581 aerumna:
1989 5545 2124 5583 con-

565 5630 844 5693 gruentem
876 5638 889 5673 :
922 5618 1147 5672 Immoia
1172 5618 1274 5671 Deo
1294 5618 1517 5671 hostiam
1549 5618 1871 5673 laudationis
1898 5621 1963 5687 5°,
1992 5636 2124 5675 con-

2230 4611 2471 4664 τοιοῦτον
2508 4614 2684 4683 ἄωρον
2710 4614 2806 4667 καὶ
2842 4616 3027 4668 ἄδικον
3060 4615 3287 4669 θάνατον
3314 4616 3664 4688 συγχώρησιν
3704 4619 3805 4690 λή-

2230 4702 2450 4773 ψεσθαι.
2483 4704 2672 4759 Πόσων
2702 4707 2810 4777 γὰρ
2834 4707 3075 4777 ἔμελλεν,
3108 4703 3152 4760 ὦ
3186 4710 3370 4779 κυρία,
3404 4711 3683 4779 ἐπιμένων
3731 4714 3802 4783 τῇ

2233 4806 2399 4868 σαρκὶ
2446 4798 2829 4869 ἐμφορηθῆναι
2855 4801 3039 4852 κακῶν
3062 4816 3078 4868 ;
3106 4800 3138 4870 ἢ
3168 4802 3229 4853 ού
3252 4802 3401 4855 δοκεῖ
3430 4820 3509 4855 σοι
3534 4804 3615 4857 ὅτι
3640 4806 3669 4857 6
3700 4809 3805 4875 τῇ-

2229 4888 2289 4940 δε
2320 4887 2434 4958 βίος
2494 4891 2851 4960 πειρατήριον
2896 4891 2971 4960 τῷ
3006 4891 3274 4962 ἀνθρώπῳ
3330 4892 3679 4962 καθέστηκε;
3711 4913 3807 4947 συ·-

2232 4978 2397 5046 ζύγου
2429 4979 2613 5049 λῆψις,
2643 4980 2846 5034 τέκνων
2877 4982 3090 5050 κτῆσις,
3114 4983 3317 5036 δούλων
3351 4986 3444 5036 καὶ
3481 4984 3659 5038 ἄλλων
3688 4988 3807 5039 τῶν

2230 5072 2370 5124 κατὰ
2412 5072 2505 5123 τὸν
2539 5072 2651 5140 βίον
2674 5076 3118 5144 χρησιμευόντων
3142 5077 3429 5143 περιουσία
3455 5092 3468 5105 ·
3498 5079 3809 5149 προσθείην

2230 5160 2273 5211 δ’
2322 5163 2385 5215 ἂν
2435 5164 2531 5216 καὶ
2576 5166 2822 5232 ἐπιγείου
2871 5166 3062 5230 κλέους
3113 5168 3354 5242 πρόοδος.
3390 5162 3489 5220 Ὧν
3539 5170 3812 5223 ἁπάντων

2205 5250 2282 5320 τῷ
2316 5251 2434 5323 Θεῷ
2472 5256 2977 5327 προσοικειούμενος
2998 5274 3013 5288 ο
3043 5259 3135 5310 καὶ
3164 5259 3319 5325 ὀλίγα
3377 5260 3687 5330 ῥαντισθεὶς
3740 5266 3812 5316 ἐκ

2322 5436 2600 5490 Ἐντεῦθεν
2620 5434 2929 5507 τοιγαροῦν,
2948 5439 3090 5503 ἄνες,
3109 5439 3263 5506 ἄφες,
3281 5441 3552 5504 δέσποινα,
3572 5444 3633 5497 τὸ
3654 5448 3813 5498 ἀπα-

2240 5528 2540 5596 ρηγόρητον
2574 5524 2834 5595 λυπηρὸν,
2864 5526 3030 5595 πῆξον
3058 5530 3181 5596 ὅρον
3224 5529 3301 5599 τῷ
3347 5530 3507 5583 πάθει
3557 5532 3769 5604 διαρκῆ
3793 5548 3807 5561 ·

2236 5620 2435 5674 Θῦσον
2452 5617 2527 5685 τῷ
2549 5617 2668 5683 Θεῷ
2692 5622 2910 5673 θυσίαν
2951 5621 3254 5687 αἰνέσεως,
3294 5622 3809 5697 ἀνθομολογήσεως.

636 5799 682 5829 ⁵⁸
715 5796 859 5852 Psal.
891 5812 984 5862 cn,
1019 5797 1104 5851 15.
1182 5797 1225 5829 ³⁷
1269 5798 1410 5853 Psal.
1454 5812 1681 5863 unm,
1714 5796 1802 5850 49.
1880 5797 1924 5828 ³⁸
1958 5796 2125 5852 lTlie:

2236 5815 2307 5862 tv,
2348 5799 2433 5854 15.
2512 5800 2555 5831 '9
2586 5799 2716 5853 ibid.
2754 5800 2839 5858 15.
2915 5800 2957 5831 ⁶⁹
2988 5798 3132 5855 Psal.
3164 5816 3307 5867 nix,
3340 5802 3425 5856 Η.
