3934 6514
161 499 273 561 1457

1303 491 1842 553 EPlSTOLARUM
1882 493 2030 551 LIB.
2075 492 2158 550 Il.

3223 487 3358 552 1458

157 610 266 662 Εἰπὲ
291 607 415 676 μετά
437 607 526 660 τοῦ
558 606 830 677 μακαρίου
875 601 996 655 Ἰὼϐ
1017 616 1029 628 °
1076 599 1138 652 '0
1169 598 1378 666 Κύριος
1400 597 1686 661 ἓδωκεν,ό

1798 596 2062 651 fessionis.
2135 594 2228 649 Dic
2282 611 2403 649 cum
2468 596 2628 650 beato
2689 595 3122 652 Job:Dominus
3191 600 3359 661 dedit,

153 702 335 767 Κύριος
359 699 626 766 ἀφείλετο
649 714 661 726 ·
677 699 756 762 ὡς
779 692 1059 760 τῷΚυρίῳ
1080 690 1311 753 ἔδοξεν,
1341 690 1528 756 οὕτως
1580 688 1680 742 καὶ

152 791 369 860 ἐγένετο.
401 791 627 858 Φθέγξαι
687 791 754 841 τὰ
811 786 1007 840 Δαυϊδ·
1054 784 1470 850 Ἑπίστρεψον,
1507 783 1677 851 ψυχή

149 902 264 952 μου,
281 887 357 948 εἰς
379 882 488 947 τὴν
531 880 882 936 ἀνάπαυσιν
904 892 1042 930 σου.
1071 876 1231 944 Ψυχὴ
1259 876 1367 944 γάρ
1393 892 1508 938 σου,
1534 876 1567 944 ή
1584 873 1678 926 τοῦ

151 978 246 1029 υἱοῦ
275 976 576 1036 ἀποϐἱωσις·
607 975 741 1042 πρὸς
763 973 819 1024 δὲ
867 971 966 1040 τὴν
1013 967 1242 1039 χηρείαν
1299 966 1678 1020 ἀναὸλέπουσα

152 1065 286 1139 {Reg
323 1067 437 1120 cod.
487 1059 920 1135 ἀποϐλέπουσα],
955 1058 1281 1130 ἀνάκραξον·
1313 1060 1525 1125 Κύριος
1551 1056 1680 1126 ἐμοὶ

145 1159 340 1224 βοηθός
363 1175 374 1187 ·
403 1159 472 1210 οὺ
506 1153 919 1225 φοϐηθήσομαι
947 1155 1001 1204 τί
1029 1153 1268 1216 ποιήσει
1309 1168 1411 1220 μοι
1460 1151 1681 1217 ἅνθρω-

147 1265 259 1313 πος.
297 1247 444 1302 Οὕτω
476 1249 585 1316 γὰρ
634 1244 984 1312 διατιθεμένη
1034 1243 1258 1310 ἑαυτὴν,
1315 1240 1532 1312 πρῶτον
1584 1241 1682 1309 μὲν

147 1339 257 1390 Θεὸν
269 1339 547 1407 εὐφρανεῖς
565 1337 640 1398 ὡς
660 1334 998 1404 αὐθαιρέτως
1012 1332 1225 1394 θυσίαν,
1246 1333 1387 1384 κατά
1411 1330 1680 1400 Ἀϐραὰμ,

144 1429 219 1481 τὸν
244 1429 346 1481 υίὸν
376 1429 779 1498 προσφέρουσα.
817 1420 953 1479 Εἶτα
994 1424 1092 1477 καὶ
1147 1424 1296 1492 αὐτῷ
1332 1423 1409 1491 τῷ
1443 1423 1685 1492 φιλτάτῳ

145 1522 293 1590 τέκνῳ
321 1522 516 1593 χαρίσῃ
546 1522 614 1574 τὰ
664 1521 958 1591 κράτιστα,
1007 1516 1201 1586 ὁρῶντί
1255 1532 1312 1569 σε
1347 1515 1684 1586 εὐχαρίστως

144 1613 406 1682 φέρουσαν.
444 1614 569 1674 Τοῖς
600 1629 660 1664 τε
694 1611 874 1674 ἄλλοις
909 1609 1114 1663 ἅπασιν
1147 1609 1451 1678 ὑπόδειγμα
1481 1609 1687 1676 ὑπομο-

144 1703 226 1771 νῆς
248 1704 446 1774 ἀγαθῆς
473 1704 875 1772 καταστήσειας
910 1701 968 1753 έν
995 1699 1216 1768 Χριστῷ
1261 1699 1436 1767 Ἰησοῦ
1466 1698 1544 1769 τῷ
1568 1700 1684 1751 Κυ-

145 1793 230 1863 ρίῳ
245 1796 391 1864 ἡμῶν
410 1812 422 1825 ·
444 1795 504 1849 ὃν
526 1794 797 1863 εὐχόμεθα
818 1792 1094 1861 ἁψάμενόν
1125 1808 1219 1843 σου
1247 1791 1345 1856 τῆς
1366 1791 1591 1859 καρδίας
1618 1792 1687 1844 ἐν

142 1882 273 1936 ἐλέει
294 1887 380 1937 καὶ
399 1885 742 1953 οἱκτιρμοῖς,
760 1883 1055 1952 ἐμποιῆσαι
1074 1898 1156 1933 σοι
1170 1880 1284 1948 φῶς
1300 1881 1685 1952 εὐπαρηγόρη-

1783 689 2040 743 Dominus
2074 689 2329 751 abstulit;
2376 689 2511 741 sicut
2558 689 2781 742 Domino
2814 692 3052 758 placuit,
3085 693 3162 744 ita
3194 701 3242 745 et
3273 693 3358 761 fa-

1781 795 1923 837 ctum
1952 795 2027 837 est
2057 785 2121 835 θ’.
2159 783 2332 837 Effare
2364 784 2492 836 illud
2529 783 2744 837 Davitlis
2775 803 2788 837 :
2820 784 3149 852 Convertere,
3177 788 3361 841 anima

1783 895 1918 941 mea,
1953 879 2007 930 in
2032 878 2257 946 requiem
2291 878 2517 930 tuam“.
2552 878 2744 930 Anima
2785 878 2929 931 enim
2970 889 3081 943 tua,
3121 879 3213 933 filii
3246 880 3362 934 obi-

1783 979 1892 1025 tus.
1928 970 2009 1023 Ad
2043 969 2359 1022 viduitatem
2405 983 2532 1023 vero
2581 971 2894 1037 respiciens.
2925 972 3168 1025 exclama
3205 989 3219 1025 :
3254 973 3363 1025 Do-

1785 1063 1955 1114 minus
2007 1062 2132 1114 mihi
2171 1061 2430 1130 adjutor:
2463 1077 2566 1114 non
2607 1048 2803 1114 timebo
2837 1062 2962 1131 quid
3011 1063 3177 1132 faciat
3230 1064 3360 1117 mihi

1785 1157 1938 1208 homo
1965 1156 2030 1210 ⁸³.
2076 1155 2166 1208 Sic
2196 1158 2342 1210 enim
2397 1172 2732 1227 componens
2790 1159 3014 1226 teipsam
3045 1198 3059 1222 ,
3119 1155 3356 1224 primum

1785 1247 2003 1317 quidem
2040 1249 2203 1300 Deum
2231 1247 2548 1310 oblectabis,
2591 1255 2847 1314 tanquam
2876 1246 3176 1300 voluntarie
3204 1245 3362 1299 vieti-

1788 1355 1951 1401 mam,
1986 1339 2125 1392 sicut
2154 1339 2447 1402 Abraham,
2469 1339 2633 1390 lilium
2663 1337 2916 1391 offerens.
2958 1335 3154 1390 Deinde
3173 1344 3227 1389 et
3257 1337 3357 1404 ipsi

1786 1430 2232 1484 eharissimotllio
2247 1429 2611 1500 gratissimam
2638 1444 2749 1482 rem
2774 1427 3100 1491 facies,eum
3128 1437 3180 1480 te
3203 1435 3359 1494 grato

1786 1520 1971 1573 animo
2016 1517 2278 1572 ferentem
2321 1518 2566 1586 aspiciet.
2601 1516 2828 1571 leeris
2882 1517 3044 1570 etiam
3103 1515 3360 1569 omnibus

1786 1612 2090 1680 exemplum
2110 1619 2313 1665 sanctae
2334 1609 2605 1679 patientite
2628 1608 2893 1677 pratbebis
2919 1609 2971 1662 in
2989 1606 3206 1661 Christo
3231 1604 3357 1660 Jesu

1788 1703 2022 1757 Domino
2051 1711 2276 1766 nostro;
2305 1716 2464 1769 quem
2494 1716 2718 1754 oramus
2749 1708 2805 1752 ut
2837 1715 2934 1754 cor
2958 1710 3108 1752 tuum
3134 1708 3363 1768 tangens

1786 1797 1842 1848 in
1871 1793 2234 1848 misericordia
2260 1802 2308 1845 et
2351 1792 2774 1846 miserationibus
2796 1793 2864 1856 ⁸⁸,
2903 1792 3083 1846 lumen
3112 1790 3363 1845 consola-

1790 1887 1954 1942 tionis
1991 1887 2089 1940 tibi
2133 1885 2401 1948 infundat,
2431 1901 2494 1939 ac
2521 1884 2686 1938 vitam
2719 1884 3070 1954 tranquillam
3107 1896 3365 1953 peragere

141 1991 234 2038 τον,
261 1975 559 2030 διατελέσαι
582 1993 641 2028 τε
663 1974 761 2046 τὴν
784 1973 930 2041 ζωήν
957 1990 1048 2026 σου
1091 1971 1476 2042 είρηνεύουσαν
1501 1988 1515 2002 ⁸
1553 1976 1686 2028 κάν-

1798 1977 2092 2043 eoncedat;
2127 1977 2348 2045 vitaque
2387 1977 2489 2030 hac
2540 1976 2836 2030 secundum
2889 1974 3060 2029 Deum
3121 1982 3362 2043 peracta,

140 2069 294 2124 ταῦθα
321 2073 602 2142 ἀραμένην
634 2069 852 2139 θεοτελῆ
892 2068 1002 2138 βίον
1027 2065 1360 2132 καταξιῶσαι
1387 2070 1488 2138 τῆς
1509 2087 1568 2122 τε
1592 2072 1684 2126 τοῦ

140 2165 239 2219 υίοῦ
268 2184 354 2219 σου
387 2167 740 2236 συνοψίσεως,
790 2167 883 2218 καὶ
924 2164 1392 2232 συναγαλλιάσεως
1419 2167 1657 2222 αἰωνίου.

197 2283 355 2352 PMG'
387 2283 683 2356 (37).—Tﬁ
705 2281 1065 2349 ἀδελφότητι
1093 2281 1456 2348 Πελεκήτης.
1480 2281 1688 2354 [ψκςη

1796 2073 1889 2126 ﬁlii
1922 2073 2001 2127 tui
2041 2083 2387 2141 conspectus,
2415 2082 2469 2126 et
2497 2081 2712 2125 interim
2740 2085 2863 2125 cum
2890 2085 2955 2124 eo
2986 2068 3367 2124 exsultationis

1797 2180 2101 2239 compotem
2138 2168 2320 2224 faciat.

2078 2284 2304 2340 CXLVI.
2329 2317 2395 2325 —
2427 2283 2780 2338 Fraternitali
2809 2283 3085 2337 Pelecetes.

1243 2400 1307 2450 Ut
1340 2415 1468 2449 novo
1493 2402 1758 2464 praeposito
1784 2403 1882 2452 rite
1910 2404 2279 2465 obtemperent.

197 2510 440 2582 Λυπηρδν
489 2511 588 2579 μὲν
631 2508 692 2561 τὸ
736 2506 1083 2578 ωμὸεὸηκδς
1117 2510 1180 2577 τῇ
1208 2508 1483 2577 τιμιότητι
1510 2508 1686 2578 ὑμῶν,

139 2603 330 2670 ἀδελφοὶ
376 2604 470 2655 καὶ
521 2601 782 2669 Πατέρες.
817 2601 940 2663 Πῶς
996 2600 1102 2669 γάρ
1162 2599 1222 2651 οὐ
1255 2617 1269 2665 ;
1299 2601 1380 2653 ὅτι
1435 2600 1525 2652 τὸν
1573 2618 1690 2653 ποι⁹

141 2695 259 2762 μένα
291 2694 441 2763 ὑμῶν
463 2693 901 2762 ἀποϐεϐλήκατε,
935 2693 1027 2744 καὶ
1059 2691 1310 2758 ἐγένεσθε
1337 2691 1411 2753 ὡς
1437 2691 1690 2760 ποίμνιον

134 2788 486 2857 ἠπορημένον,
519 2788 613 2840 καί
640 2787 808 2840 ταῦτα
836 2787 891 2838 ὲν
919 2785 1150 2854 ἡμέραις
1177 2782 1478 2849 τοιαύταις,
1500 2785 1583 2852 ἐφ’
1603 2781 1691 2846 αἷς

137 2873 270 2926 λύκοι
298 2875 485 2946 βαρεῖς
514 2878 608 2929 ἐπὶ
659 2875 726 2927 τὰ
770 2874 995 2945 ποίμνια
1047 2872 1142 2925 τοῦ
1187 2871 1426 2941 Χριστοῦ
1467 2873 1690 2943 ἐπερχό-

139 2983 289 3033 μενοι.
335 2971 428 3021 καὶ
483 2968 824 3035 συλαγωγεῖν
883 2966 1064 3035 ψυχὰς
1128 2963 1498 3033 σοφιζόμενοι.
1553 2965 1692 3016 Ἀλλ’

136 3056 265 3124 ὅμως
295 3059 482 3129 ἐπειδὴ
515 3057 666 3124 παρά
692 3056 829 3108 Θεοῦ
861 3055 920 3107 τὸ
956 3054 1190 3123 συιμὸἁν,
1223 3055 1318 3108 καὶ
1367 3056 1496 3125 παρ’
1524 3053 1690 3108 αὐτοῦ

128 3148 470 3217 ’προσελήφθη
501 3147 529 3198 ὁ
560 3146 765 3215 ποιμὴν
797 3145 969 3215 ὑμῶν,
1011 3144 1130 3196 καθ’
1161 3143 1220 3196 ὃν
1247 3145 1435 3214 καιρὸν
1477 3146 1594 3214 ᾔδει
1633 3145 1691 3196 τὸ

1861 2511 2037 2565 Triste
2077 2511 2207 2564 illud
2241 2511 2460 2580 quidem
2506 2514 2652 2580 quod
2711 2511 2868 2566 vobis
2906 2510 3144 2574 accidit,
3196 2509 3372 2563 bono-

1791 2603 1944 2657 randi
1975 2601 2174 2656 fratres
2198 2602 2516 2672 Patresque.
2550 2601 2654 2670 Qui
2707 2604 2852 2658 enim
2888 2602 3085 2658 secus?
3123 2616 3248 2656 cum
3280 2617 3372 2671 pa-

1791 2705 1990 2748 storem
2019 2704 2262 2748 vestrum
2294 2695 2592 2749 amiseritis
2611 2734 2626 2760 ,
2655 2694 2896 2764 factique
2918 2694 3036 2748 sitis
3058 2693 3205 2748 velut
3229 2693 3371 2746 ovile

1793 2785 2138 2850 destitutum,
2162 2786 2325 2855 idque
2354 2786 2406 2839 in
2439 2786 2525 2841 his
2549 2786 2763 2852 diebus,
2787 2801 2882 2856 per
2911 2802 3050 2856 quos
3079 2786 3188 2856 lupi
3221 2795 3371 2839 atro-

1797 2893 1886 2931 ces
1921 2877 2123 2932 Christi
2164 2879 2350 2932 caulas
2380 2864 2782 2949 ingrediuntur,
2839 2889 2891 2933 et
2920 2880 3132 2932 animas
3164 2879 3370 2949 deprae-

1799 2969 1912 3022 dari
1952 2978 2129 3024 avent.
2166 2970 2440 3035 Attamen,
2469 2973 2727 3040 quoniam
2756 2988 2784 3025 a
2817 2971 2924 3026 Deo
2945 2982 3026 3026 est
3057 2970 3203 3040 quod
3236 2987 3370 3025 con-

1799 3062 1936 3131 tigit,
1969 3063 2037 3116 ab
2066 3078 2240 3132 eoque
2275 3070 2591 3130 assumptus
2627 3074 2710 3116 est
2741 3073 2932 3131 pastor
2981 3071 3160 3115 vester
3184 3101 3199 3125 ,
3261 3077 3371 3129 quo

1800 3161 2041 3218 tempore
2071 3153 2317 3220 utrisque
2345 3151 2601 3218 expedire
2625 3162 2874 3212 noverat,
2929 3153 3021 3220 qui
3077 3151 3260 3204 omnia
3317 3150 3370 3202 in

140 3240 395 3308 συμφέρον
428 3239 782 3308 ἀμφοτέρων,
811 3239 838 3290 ὁ
876 3237 944 3289 τά
969 3235 1148 3289 πάντα
1167 3238 1223 3288 ὲν
1263 3240 1328 3304 τῇ
1353 3237 1516 3290 αὐτοῦ
1539 3239 1693 3306 σοφίᾳ

1801 3242 2066 3309 sapientia
2089 3258 2188 3296 sua
2214 3243 2452 3311 disponit
2487 3241 2782 3306 Dominus;
2819 3243 3021 3311 gratias
3047 3257 3207 3309 agere
3240 3255 3373 3294 con-

134 3328 329 3382 διοικῶν
359 3332 568 3400 Κύριος
593 3346 606 3358 '
639 3331 1084 3400 εὐχαριστητέον,
1121 3329 1216 3381 καὶ
1243 3330 1344 3380 οὐκ
1379 3330 1691 3396 ἀγανακτη-

134 3419 258 3473 τέον.
291 3423 468 3485 Αὐτὸς
495 3421 602 3492 γὰρ
637 3421 882 3486 ἔδωκεν,
921 3421 1085 3483 αὐτὸς
1129 3423 1223 3472 καὶ
1258 3420 1688 3488 προσελάϐετο,

133 3512 216 3563 καί
245 3514 320 3578 ὡς
345 3513 428 3579 τῷ
463 3514 658 3580 Κυρίῳ
714 3511 946 3578 ἔδοξεν,
979 3513 1164 3578 οὕτως
1210 3512 1307 3565 καί
1339 3513 1596 3581 ἐγένετο.
1629 3512 1694 3565 Τί

133 3596 214 3653 οὖν
263 3606 376 3656 ἐστι
420 3604 486 3656 τὸ
545 3602 972 3672 ἐπιζητούμενον
1000 3619 1013 3664 ;
1043 3603 1162 3654 Ἵνα
1197 3604 1273 3663 εἰς
1316 3603 1540 3666 ἑαυτοὺς
1572 3603 1695 3673 ἄρτι

131 3695 343 3765 γένησθε
365 3716 378 3728 ·
411 3698 510 3750 καὶ
545 3695 726 3756 καθὼς
764 3693 1090 3764 ῄρετίσασθε
1115 3694 1328 3746 ἑλέσθαι
1352 3695 1586 3765 ποιμένα.
1608 3695 1698 3747 τὸν

133 3786 302 3855 κύριον
319 3789 545 3859 Σέργιον
561 3787 651 3838 τὸν
668 3786 1060 3837 εὐλαϐέστατον
1081 3785 1306 3852 ἀδελφὸν
1330 3786 1505 3854 ήμῶνο
1543 3789 1698 3854 εἰπερ

136 3880 199 3947 μή
229 3881 342 3932 ἐστί
365 3898 422 3933 τι
461 3880 596 3949 πρὸς
619 3879 710 3931 τὸν
743 3877 930 3946 κύριον
964 3878 1254 3947 Μακάριον
1284 3879 1375 3929 τὸν
1400 3895 1698 3947 πνευματι-

132 3971 214 4023 κὸν
242 3975 271 4041 η
282 3973 397 4040 μῶν
435 3972 653 4041 Πατέρα
674 3969 944 4033 ἐνδοιάζον
965 3986 978 3999 ·
1005 3971 1322 4038 ὲπιμείνητε
1344 3970 1697 4039 εὐθυνόμενοι

131 4065 214 4115 tul.
250 4065 550 4135 ἀρχόμενοι
575 4065 665 4116 ὑπ’
696 4063 884 4126 αὐτοῦ,
908 4057 967 4116 οὗ
992 4062 1306 4128 ἐξελέξασθε
1327 4061 1698 4132 πνευματικοῦ

135 4158 344 4228 πατρὸς,
379 4162 463 4221 εἰς
500 4157 852 4210 ἐπισύστασιν
906 4156 1060 4223 ὐμῶν
1123 4156 1451 4218 θεόσωστον,
1487 4154 1581 4208 καὶ
1623 4155 1704 4217 είς

130 4252 540 4320 ἀποπεραίωσιν
566 4249 681 4318 βίου
714 4247 1023 4310 θεοκλινοῦς
1055 4262 1068 4274 ·
1095 4246 1169 4308 ὼς
1190 4247 1255 4299 ἂν
1280 4247 1379 4316 τὴν
1405 4246 1578 4314 ζάλην
1599 4247 1704 4298 τῶν

135 4342 416 4410 αἱρετικῶν
449 4341 777 4410 πνευμάτων
808 4339 1144 4407 διαφύγοιτε,
1164 4340 1258 4392 καὶ
1287 4340 1365 4400 είς
1383 4339 1577 4408 λιμένα
1602 4355 1706 4390 σω·

131 4436 312 4502 τηρίας
342 4433 734 4506 ἐμϐιϐάζοισθε
755 4450 767 4463 ·
800 4435 879 4495 είς
911 4432 970 4484 τὸ
1019 4432 1093 4502 μὴ
1145 4431 1604 4502 βλασφημηθῆναι
1639 4429 1704 4481 δι’

133 4522 264 4589 ὑμᾶς
283 4526 344 4577 τὸ
367 4525 542 4594 ὄνομα
557 4523 650 4575 τοῦ
674 4523 830 4588 Θεοῦ,
855 4522 1050 4591 μᾶλλον
1073 4522 1130 4575 δὲ
1176 4522 1504 4591 δοξασοῆναι
1521 4539 1536 4553 ο
1567 4523 1707 4574 κατὰ

129 4615 219 4682 την
247 4617 716 4685 προκρατήσασαν
748 4613 926 4682 εὐαγῆ
942 4614 1220 4683 διαγωγὴν
1245 4614 1340 4675 τῆς
1363 4613 1506 4682 ζωῆς
1528 4613 1702 4681 ὑμῶν.

131 4705 195 4755 Σὺ
228 4707 305 4769 δὲ,
343 4707 546 4774 ἀδελφέ
590 4705 859 4773 ἀγαπητὲ,
896 4706 995 4757 οὐκ
1020 4704 1123 4769 ἔξω
1146 4693 1238 4755 τοῦ
1266 4705 1473 4765 εἰκότος
1493 4704 1705 4772 πέπρα-

131 4800 355 4864 χας,ὲπ’
414 4798 482 4850 ἂν
532 4795 704 4859 οὕτως
743 4797 982 4863 ἐγένετο,
1047 4793 1431 4863 κατεληλυθὼς
1490 4796 1553 4845 est
1605 4793 1704 4860 ’τῆς

132 4890 258 4957 ὀπῆς
300 4891 407 4959 τῆς
463 4890 691 4957 πέτρας,
733 4888 822 4939 καὶ
867 4886 1212 4957 ἡγησάμενος
1284 4886 1390 4937 τῶν
1433 4884 1702 4951 ἀδελφῶν.

133 4980 232 5031 Καὶ
258 4981 372 5051 γὰρ
457 4979 660 5048 Κύριος
692 4979 848 5047 ἡμῶν
893 4978 1095 5046 Ἰησοῦς
1137 4976 1370 5045 Χριστὸς
1434 4992 1705 5041 συγκατα-

133 5074 280 5125 σὰσει
308 5073 684 5142 χρησάμενος,
711 5071 772 5122 τὺ
817 5071 915 5138 τῆς
962 5068 1276 5138 οἰκονομίας
1303 5068 1576 5131 ἐξετέλεσε
1609 5084 1706 5136 μυ⁴

134 5167 347 5235 στήριον
383 5167 476 5221 ἐπὶ
513 5164 757 5234 σωτηρίᾳ
794 5163 887 5214 τοῦ
917 5164 1137 5225 παντός.
1200 5163 1362 5232 Στῆθι
1404 5157 1520 5226 οὖν,
1574 5162 1707 5213 καθὸ

134 5255 418 5322 κέκρικας,
455 5255 548 5305 καὶ
583 5255 833 5322 κέκριται
858 5253 962 5304 ὐπὸ
994 5252 1101 5304 τῶν
1142 5253 1407 5318 ἀδελφῶν,
1435 5254 1537 5313 ’έως
1568 5252 1704 5321 ἡμέ-

135 5362 228 5412 ρας
264 5347 598 5410 ἀναδείξεως
628 5344 720 5398 to":
744 5345 888 5408 ἱεροῦ
917 5345 1074 5414 ἡμῶν
1105 5346 1406 5415 ἀρχιερέως
1428 5363 1439 5373 ·
1469 5345 1562 5396 καὶ
1585 5345 1707 5395 τότε

135 5442 424 5506 γενήσεται
447 5439 474 5489 ὃ
499 5439 580 5489 δεῖ
609 5436 870 5504 γενέσθαι
898 5437 1277 5508 νομιμώτερόν
1317 5455 1375 5488 τε
1417 5437 1508 5488 καὶ
1549 5453 1708 5486 κανο-

134 5531 445 5602 νικιὶιτερον.
482 5531 628 5592 Ἕως
686 5528 745 5580 δὲ
801 5528 866 5580 ἂν
906 5531 978 5599 μὴ
1026 5535 1174 5600 ποιρῇ
1257 5530 1446 5600 καιρὸς
1517 5528 1711 5596 ἐπιζη-

196 5707 238 5738 ⁶¹
271 5707 440 5772 Jobr,
471 5710 564 5762 ‘21.
640 5710 681 5740 θ’
719 5707 860 5762 Psal.
893 5724 1036 5770 cxiv,
1082 5706 1131 5759 7.
1221 5707 1262 5737 ⁸³
1299 5705 1442 5759 Psal.
1478 5720 1641 5766 mn,
1677 5703 1727 5755 6.

1793 3330 1958 3392 venit,
1998 3345 2105 3382 non
2149 3345 2292 3400 aagre
2336 3331 2470 3386 fere.
2502 3332 2620 3400 Ipse
2653 3347 2888 3401 namque
2915 3332 3080 3397 dedit,
3108 3332 3225 3401 ipse
3250 3331 3374 3383 abs-

1795 3420 1953 3484 tulit;
1994 3431 2048 3474 et
2083 3423 2221 3475 sicut
2267 3422 2492 3476 Domino
2526 3426 2725 3492 placuit
2762 3425 2838 3478 ita
2876 3433 2925 3478 et
2960 3425 3160 3493 factum
3190 3433 3269 3477 est
3302 3423 3367 3476 ⁸⁵.

1795 3510 1933 3576 Quid
1961 3526 2090 3582 ergo
2123 3516 2508 3578 exspectatur?
2537 3524 2594 3568 ut
2624 3517 2688 3568 ad
2717 3530 2813 3569 vos
2845 3517 2989 3585 ipsos
3007 3529 3150 3569 nunc
3183 3513 3374 3568 redea-

1796 3605 1866 3657 tis
1898 3621 1910 3656 :
1943 3619 2176 3672 cumque
2204 3605 2355 3658 Vobis
2396 3605 2574 3658 visum
2612 3606 2683 3659 sit
2724 3615 2996 3675 pastorem
3043 3605 3244 3673 eligere
3277 3605 3376 3658 do-

1797 3696 2001 3748 minum
2025 3693 2301 3765 Sergium,
2322 3696 2799 3765 religiosissimum
2833 3697 3051 3749 fratrem
3081 3704 3328 3749 nostrum
3353 3712 3372 3762 ;

1799 3783 1904 3838 nisi
1927 3782 2287 3838 dubitationis
2313 3784 2518 3853 aliquid
2537 3800 2566 3838 a
2601 3785 2825 3837 domino
2851 3783 3085 3837 Macario
3106 3784 3374 3854 spirituali

1799 3874 1961 3929 Patre
2001 3885 2191 3930 nostro
2224 3876 2560 3942 intercedat;
2599 3877 2836 3946 pergatis
2876 3877 2945 3931 ah
2993 3877 3086 3931 illo
3131 3878 3285 3948 dirigi
3323 3890 3379 3932 et

1778 3968 2094 4037 gubernari
2169 3983 2330 4038 quem
2367 3969 2666 4038 spiritalem
2708 3968 2924 4024 Patrem
2974 3970 3256 4038 elegistis.
3307 3974 3373 4023 ad

1802 4061 2097 4115 salutarem
2133 4063 2496 4115 constantiam
2531 4069 2768 4116 vestram
2795 4104 2809 4127 ,
2860 4070 2915 4116 et
2946 4065 3376 4117 consummatio-

1797 4168 1924 4214 nem
1953 4151 2076 4205 vitae
2109 4154 2220 4206 Deo
2270 4153 2478 4207 devotae
2506 4170 2520 4218 ;
2574 4165 2632 4206 ut
2663 4153 2958 4222 procellam
2995 4155 3376 4210 hmeticorum

1804 4244 2095 4312 Spirituum
2143 4245 2432 4308 devitetis,
2464 4253 2519 4299 et
2563 4244 2618 4297 in
2660 4245 2853 4298 salutis
2887 4255 3104 4314 portum
3150 4246 3346 4300 inveha

1806 4338 1938 4392 mini
1973 4355 1985 4391 :
2019 4352 2088 4390 ne
2141 4337 2551 4405 blasphemetur
2604 4349 2826 4405 propter
2858 4351 2956 4391 vos
3011 4351 3210 4390 nomen
3262 4337 3379 4401 Dei,

1809 4430 1900 4483 sed
1933 4429 2115 4498 potius
2140 4428 2492 4496 glorificetur,
2522 4429 2676 4497 juxta
2707 4443 2824 4481 eam
2851 4443 2974 4497 quae
3003 4438 3160 4482 antea
3191 4428 3380 4499 viguit,

1810 4523 1932 4575 vitae
1960 4532 2153 4575 vestrae
2193 4529 2438 4575 sanctam
2466 4520 2888 4576 institutionem.
2921 4519 3002 4574 Tu
3027 4536 3178 4585 vero,
3215 4505 3386 4576 frater

1811 4611 2154 4679 eharissime,
2186 4628 2293 4665 non
2330 4613 2629 4681 incongrue
2657 4612 2851 4676 fecisti,
2890 4612 3112 4682 quando
3164 4613 3239 4666 ita
3297 4629 3385 4667 res

1807 4705 1995 4769 cessit,
2036 4705 2179 4772 quod
2213 4720 2276 4757 ex
2311 4705 2461 4771 rupis
2493 4719 2724 4758 caverna
2754 4705 3024 4774 prodiisti,
3063 4718 3128 4758 ac
3152 4702 3382 4758 fratrum

1808 4794 2189 4865 praefecturam
2249 4795 2562 4863 suscepisti.
2596 4793 2730 4850 Nam
2779 4805 2835 4849 et
2885 4794 3150 4850 Dominus
3199 4802 3384 4848 noster

1805 4888 1963 4943 Jesus
1992 4888 2244 4942 Christus
2267 4886 2751 4942 condescendendo
2770 4887 3162 4940 incarnationis
3180 4897 3381 4957 myste-

1809 4983 1949 5034 rium
1976 4981 2041 5034 ad
2088 4981 2316 5035 salutem
2368 4982 2753 5035 universorum
2785 4980 3013 5050 peregit.
3058 4978 3152 5033 Sta
3198 4979 3381 5048 igitur,

1812 5073 2271 5143 quemadmodum
2325 5073 2635 5137 decrevisti,
2680 5074 3068 5142 decretumque
3088 5082 3171 5126 est
3202 5088 3233 5126 a
3273 5069 3385 5125 fra-

1811 5167 2025 5230 trihns',
2073 5166 2252 5235 quoad
2289 5165 2605 5236 designetur
2637 5165 3118 5221 sanctusantistes
3157 5171 3385 5229 noster;

1813 5267 1864 5310 et
1893 5263 2024 5311 tunc
2067 5258 2315 5310 exactius
2352 5257 2480 5309 ﬁent
2507 5273 2628 5326 qua:
2657 5258 2813 5325 juxta
2854 5258 2998 5327 leges
3042 5265 3098 5309 et
3153 5267 3388 5307 canones

1811 5347 2114 5415 praestanda
2139 5357 2286 5402 sunt.
2313 5347 2495 5402 Donec
2519 5364 2649 5402 vero
2667 5349 2808 5402 absit
2832 5356 3049 5417 tempus
3067 5343 3386 5413 expetitum,

1809 5447 2009 5505 prarsto
2064 5438 2347 5504 fratribus,
2395 5450 2447 5493 et
2482 5454 2803 5508 prosperare
2837 5438 2890 5491 in
2925 5435 3159 5491 Domino
3185 5475 3200 5502 ,
3267 5445 3390 5486 tan-

1811 5544 1973 5597 quam
2006 5544 2101 5598 pro
2126 5530 2419 5587 animabus
2460 5531 2680 5585 illorum
2713 5530 2981 5585 rationem
3039 5527 3381 5584 redditurus.

1809 5705 1851 5734 ⁵¹⁸
1889 5704 2028 5764 Psal.
2059 5723 2150 5771 cn,
2179 5707 2231 5760 αἱ.
2304 5705 2469 5761 "Job
2507 5725 2541 5769 ι,
2586 5707 2676 5760 21.

1654 5843 1885 5901 NOTAE.

195 5919 309 5989 (57)
343 5920 403 5974 lu
438 5920 557 5976 cod.
584 5919 712 5991 Heg.
743 5926 836 5989 po’.
