3934 6464
522 389 658 453 1459

1702 388 1762 445 S.
1804 382 2197 445 THEODORI
2236 384 2579 444 STUDIT/E

3564 382 3567 385 ’
3632 380 3765 445 1460

517 504 611 559 sed
637 510 692 557 et
714 508 974 569 tanquam
1009 498 1537 563 mercedem,eorum
1560 512 1744 561 causa,
1762 506 2094 566 recepturus.

2223 494 2479 563 τούμενος,
2512 491 2647 563 ἡγοῦ
2678 490 2782 543 τῶν
2814 490 3082 559 ἀδελφῶν,
3115 492 3209 544 καὶ
3235 489 3527 544 κατευοδοῦ
3554 493 3617 545 ἐν
3652 494 3763 545 Κυ-

517 598 737 663 Quanto
762 595 909 650 enim
949 593 1126 665 majus
1158 601 1241 649 est
1272 592 1463 664 jugum
1504 592 1840 661 praefecturae
1870 630 1884 654 ,
1935 599 2088 645 tanto

527 703 740 745 merces
766 687 1058 758 copiosior.

590 951 829 1006 Tantum
860 949 1054 1005 oculos
1086 948 1229 1004 habe
1258 956 1319 1004 ut
1365 947 1577 1011 videas,
1618 953 1675 1001 et
1709 958 1869 999 aures
1894 941 2094 1012 quibus

520 1042 735 1105 audias,
789 1057 884 1097 cor
940 1041 1174 1109 vigilans
1207 1050 1261 1096 et
1306 1040 1475 1094 Deum
1512 1051 1785 1110 quaerens,
1843 1033 2094 1089 aﬂ‘ectum

520 1136 871 1206 pastoralem,
901 1149 1209 1190 sermonem
1232 1144 1419 1203 aptum
1454 1132 1520 1187 ad
1557 1129 1883 1190 docendum,
1914 1139 2096 1181 mores

522 1227 880 1294 compositos,
909 1232 1113 1280 statum
1143 1224 1489 1279 etincessum
1521 1220 1696 1275 fausta
1719 1220 2093 1274 denotantem.

523 1318 841 1372 Sermonem
865 1316 1015 1371 omni
1042 1331 1107 1370 ex
1148 1324 1300 1385 parte
1335 1314 1476 1369 ratio
1516 1313 1769 1368 observet
1812 1323 1877 1364 ac
1924 1316 2094 1378 regat.

522 1412 600 1466 Ac
632 1411 826 1465 beatus
856 1424 937 1475 es,
993 1408 1351 1478 apostolicum
1403 1420 1542 1476 opus
1587 1417 1872 1475 peragens.
1908 1398 2098 1455 Domi-

523 1518 629 1557 nus
658 1501 948 1571 siquidem,
984 1500 1318 1571 prtecipuam
1357 1498 1563 1552 amoris
1613 1509 1742 1564 erga
1796 1494 1974 1563 ipsum
2003 1492 2099 1546 de-

2197 588 2319 658 ρίῳ,
2350 586 2424 648 ὼς
2447 585 2607 653 λόγον
2642 583 2943 636 ἀποδώσων
2988 582 3129 652 ὑπὲρ
3174 583 3283 635 τῶν
3314 582 3505 654 ψυχῶν
3566 584 3772 638 αὐτῶν.

2194 676 2366 731 Ἀλλὰ
2389 676 2484 730 καὶ
2527 677 2603 739 ὡς
2635 676 2728 729 τὸν
2756 675 2894 745 ὑπὲρ
2928 674 3108 728 αὐτῶν
3159 674 3349 745 μισθθιν
3384 676 3770 745 κομιούμενος.

2194 768 2335 821 Καθ’
2365 768 2489 822 ὅσον
2518 767 2627 838 γὰρ
2663 767 2836 837 μέγας
2910 765 3077 835 ζυγὸς
3112 767 3211 836 τῆς
3243 769 3608 837 προστασίας,
3636 770 3777 822 κατὰ

2195 858 2453 913 τοσοῦτον
2486 859 2583 912 καὶ
2608 857 2963 928 πολύμισθος.

2264 950 2439 1004 Μόνον
2492 949 2583 1019 ἔχε
2635 948 2947 1019 ὀφθαλμοὺς
3003 948 3097 1001 τοῦ
3144 949 3297 1019 όρᾷν,
3349 950 3444 1002 καὶ
3502 941 3620 1003 ῶτα
3686 949 3782 1003 τοῦ

2194 1044 2436 1108 ἀκούειν,
2464 1042 2692 1111 καρδίαν
2715 1040 2991 1111 ἄγρυπνον
3017 1042 3112 1095 καὶ
3136 1040 3483 1110 θεοζήτητον,
3516 1040 3633 1105 ἕξιν
3665 1059 3786 1095 ποι-

2200 1134 2486 1206 μαντικὴν,
2540 1134 2698 1203 λόγον
2731 1133 3135 1197 διδασκαλικὸν,
3171 1131 3447 1202 εὔρυθμον
3480 1127 3637 1203 ἦθος,
3692 1131 3785 1187 εῦ-

2199 1244 2373 1299 οημον
2402 1227 2591 1281 στάσιν
2625 1226 2720 1279 καὶ
2749 1226 2904 1295 βάσιν
2924 1241 2939 1255 ⁸
2966 1226 2995 1276 ὁ
3017 1225 3172 1293 λόγος
3194 1225 3261 1278 δι’
3288 1226 3410 1280 ὅλου
3437 1226 3542 1278 ὑπὸ
3571 1224 3673 1278 τοῦ
3702 1225 3791 1278 λόο

2197 1336 2297 1388 γου
2330 1318 2765 1390 συντηρούμενος
2804 1320 2898 1371 καὶ
2944 1317 3376 1388 διευθυνόμενος.
3428 1318 3541 1371 Καὶ
3599 1317 3789 1388 μακά-

2203 1424 2315 1477 ριος
2348 1402 2398 1460 εἴ
2444 1408 2802 1462 ἀποστολικδν
2832 1408 2991 1479 ἔργον
3012 1408 3291 1467 διατελῶν.
3321 1410 3433 1463 Καὶ
3462 1409 3574 1481 γὰρ
3610 1411 3642 1464 δ
3669 1411 3787 1465 Κύ-

2202 1516 2318 1572 ριος
2352 1500 2630 1567 ἀπόδειξιν
2649 1500 2748 1571 τῆς
2777 1502 2857 1565 είς
2884 1502 3050 1555 αὑτὸν
3076 1502 3261 1571 φιλίας
3299 1501 3648 1573 προῦχουσαν
3675 1505 3788 1558 ὑπ-

523 1593 976 1650 monstrationem
1016 1607 1160 1655 esse,
1193 1589 1354 1645 Petro
1397 1588 1687 1660 coryphato
1723 1583 2097 1655 apostolorum

2223 1590 2369 1657 ἱδειξε
2407 1590 2483 1661 τῷ
2517 1590 2804 1661 κορυφαίῳ
2818 1590 2931 1645 τῶν
2956 1592 3273 1645 ἀποστόλων
3290 1593 3505 1663 Πέτρῳ,
3536 1596 3641 1666 τὴν
3668 1613 3795 1649 ποι-

524 1686 785 1749 ostendit,
844 1685 1050 1756 virgam
1108 1682 1440 1755 pastoralem
1481 1700 1496 1737 :
1533 1678 1795 1748 Sidiligis
1854 1692 1957 1742 me,
2016 1675 2101 1729 in-

2223 1682 2472 1752 ιαντικὴν
2498 1681 2724 1751 ῥάϐδον·
2755 1684 2825 1736 El
2860 1682 3058 1752 φιλεῖς
3103 1700 3181 1753 με
3224 1683 3357 1755 γὰρ,
3400 1686 3557 1754 φησὶ,
3598 1684 3798 1739 πλέον

524 1778 666 1849 quit,
684 1776 800 1847 plus
815 1776 919 1842 his,
947 1774 1125 1840 Petre,
1150 1790 1307 1841 pasce
1333 1788 1450 1827 oves
1472 1788 1613 1825 meas
1639 1771 1705 1822 “.
1735 1770 1904 1824 Pasce
1935 1766 2102 1836 igitur

2223 1775 2448 1837 routwr,
2504 1774 2710 1844 Πέτρε,
2768 1776 3048 1845 ποίμαινε
3082 1776 3154 1830 τὰ
3199 1777 3463 1844 πρόϐατά
3487 1795 3631 1847 μου.
3666 1778 3798 1832 Ποία

524 1848 656 1928 oves
692 1870 948 1935 Domini;
982 1876 1132 1924 tutas
1166 1867 1290 1923 illas
1326 1875 1594 1936 praestans
1646 1863 1701 1916 in
1734 1862 1962 1917 mandra
2001 1874 2098 1915 or-

2223 1882 2366 1919 ιαινε
2385 1861 2478 1919 οὖν
2501 1868 2571 1920 τὰ
2599 1867 2852 1939 πρόϐατα
2894 1867 3124 1937 Κυρίου.
3168 1868 3626 1940 ’Δσφαλιζόμενος
3654 1870 3800 1924 αὐτὰ

525 1962 778 2019 thodoxaa
837 1962 982 2025 ﬁdei,
1045 1960 1290 2015 nutriens
1346 1958 1470 2014 illas
1518 1956 1763 2029 gramine
1803 1953 2095 2009 mandato-

2223 1975 2264 2010 ιν
2288 1959 2353 2028 τῇ
2389 1958 2602 2029 μάνδρᾳ
2629 1960 2727 2029 τῆς
2763 1958 3091 2030 ὀρθοδοξίας,
3121 1961 3216 2014 καὶ
3245 1961 3526 2033 ἐκτρέφων
3549 1961 3693 2016 αύτά
3713 1963 3800 2017 είς

524 2071 646 2108 rum
675 2055 817 2123 ejus,
849 2062 903 2107 et
932 2052 1207 2108 collocans
1246 2066 1412 2122 prope
1452 2064 1650 2119 aquam
1694 2048 1958 2119 requietis
2002 2061 2098 2101 vo-

2223 2050 2369 2121 (λόην
2400 2051 2509 2104 τῶν
2538 2050 2767 2105 ἐντολῶν
2792 2052 2979 2116 αὐτοῦ,
3020 2054 3117 2106 καὶ
3150 2054 3507 2124 κατασκηνῶν
3545 2056 3642 2108 ἐπὶ
3674 2056 3803 2109 ὓδα-

523 2146 755 2202 luntatis
783 2145 922 2216 ejus.
963 2142 1097 2200 Vide
1122 2159 1189 2199 ne
1220 2154 1314 2197 aut
1354 2142 1649 2211 abripiaris
1691 2140 1828 2210 ipse,
1867 2150 1961 2195 aut
1994 2139 2103 2193 ulla

2223 2160 2310 2206 τος
2338 2141 2697 2206 ἀναπαύσεως
2716 2142 2811 2195 τοῦ
2838 2143 3141 2215 θελήματος
3171 2144 3360 2199 αὑτοῦ.
3392 2146 3566 2200 Βλέπε
3587 2148 3665 2218 μή
3693 2166 3801 2202 που

526 2239 711 2294 ovium
753 2248 993 2301 tuarum,
1026 2237 1093 2291 ab
1124 2235 1394 2290 haereticis
1420 2233 1642 2290 belluis.
1679 2231 1965 2287 Sulﬁciunt
1988 2244 2111 2301 qua:

2223 2235 2612 2306 ὐφαρπαγῇςῆ
2650 2235 2904 2305 αὐτὸς,ἢ
2957 2234 3066 2288 τῶν
3122 2236 3319 2290 σαυτοῦ
3372 2253 3426 2289 τι
3481 2238 3802 2308 προϐάτων,

531 2332 799 2386 hactenus
847 2329 1143 2399 contigere.
1192 2327 1349 2383 Nunc
1413 2342 1607 2383 secure
1661 2324 2008 2380 ambulemus
2050 2334 2106 2378 et

2223 2328 2322 2381 ὑπὸ
2353 2328 2462 2381 τῶν
2485 2326 2777 2397 αἱρετικῶν
2810 2326 3012 2399 θηρῶν.
3057 2328 3244 2399 Ἀρκεῖ
3274 2328 3342 2383 τά
3373 2328 3720 2400 προλαϐόντα
3742 2333 3805 2386 ἐν

530 2423 652 2478 sine
680 2423 834 2493 lapsu
869 2439 882 2475 :
924 2421 1060 2475 nulli
1090 2420 1166 2475 rei
1200 2428 1507 2489 parcentes,
1531 2418 1577 2473 si
1604 2433 1694 2473 res
1719 2416 1982 2485 postulat,
2008 2430 2108 2469 nec

2223 2424 2326 2484 τοῖς
2358 2419 2714 2491 προλαϐοῦσι.
2752 2419 2865 2473 Νῦν
2909 2420 2967 2474 δὲ
3002 2421 3264 2491 ἀσφαλῶς
3306 2424 3804 2494 περιπατήσωμεν,

530 2518 667 2588 ipsis
697 2517 860 2570 etiam
909 2514 1255 2584 corporibus,
1306 2512 1507 2570 nedum
1555 2509 1714 2565 alteri
1750 2508 1992 2578 cuipiam
2027 2506 2106 2561 rei

2223 2512 2308 2563 καὶ
2338 2510 2709 2583 ἁνεμπτώτως
2732 2529 2748 2544 θ
2786 2513 2963 2567 πάντα
2995 2512 3229 2584 δεύτερα
3266 2515 3582 2585 ἡγούμενοι,
3602 2515 3804 2585 καιροῦ

531 2607 893 2678 corruptibili,
928 2620 1025 2677 pro
1064 2604 1357 2660 dilectione
1410 2602 1535 2669 Dei;
1569 2601 1727 2671 cujus
1752 2615 1864 2671 pax
1918 2605 2109 2669 regnet

2223 2602 2533 2668 καλοῦντος,
2574 2605 2671 2656 καὶ
2693 2604 2922 2678 αύτάιτά
2968 2604 3220 2676 σώματα,
3255 2606 3331 2677 μὴ
3370 2606 3453 2658 ὅτι
3502 2624 3567 2675 γε
3590 2608 3725 2662 ἄλλο
3750 2627 3808 2663 τι

532 2698 589 2753 in
619 2697 881 2752 cordibus
935 2696 1133 2751 vestris
1151 2704 1206 2750 et
1230 2695 1283 2749 in
1313 2692 1747 2763 cogitationibus
1777 2691 2001 2751 vestris,
2051 2698 2108 2742 et

535 2788 735 2860 dirigat
755 2788 897 2843 viam
916 2795 1154 2843 vestram
1180 2786 1233 2838 in
1262 2784 1480 2840 Christo
1504 2783 1631 2840 Jesu
1655 2781 1889 2839 Domino
1906 2790 2112 2836 nostro.

661 3098 913 3153 CXLVII.
946 3128 1014 3140 —-
1055 3097 1397 3153 Catechetica
1437 3096 1506 3148 ad
1540 3112 1663 3149 suos
1694 3096 2001 3163 discipulos.

2209 2694 2318 2748 τῶν
2352 2694 2746 2765 φθειρομένων,
2777 2698 2917 2768 ὑπὲρ
2950 2697 3051 2766 τῆς
3084 2698 3309 2768 ἀγάπης
3347 2699 3442 2752 τοῦ
3475 2700 3615 2753 Θεοῦ
3643 2719 3657 2731 ο
3680 2696 3746 2756 οὗ
3771 2704 3807 2773 ἡ

2221 2789 2412 2860 είρήνη
2448 2787 2740 2858 βραϐεύσει
2770 2790 2872 2853 τὰς
2918 2790 3145 2859 καρδίας
3191 2791 3367 2859 ὑμῶν,
3408 2794 3505 2845 καὶ
3542 2793 3611 2845 τὰ
3664 2796 3805 2864 νοή-

2225 2896 2371 2948 ματα
2402 2879 2557 2948 ύμῶν
2578 2897 2589 2909 ·
2620 2880 2716 2931 καὶ
2752 2880 3080 2934 κατευθύναι
3109 2881 3207 2951 τὴν
3228 2882 3347 2936 ὁδὸν
3386 2882 3540 2953 ὑμῶν
3574 2886 3634 2937 ἐν
3668 2886 3812 2958 Χρι-

2226 2970 2335 3039 στῷ
2376 2970 2553 3040 Ἰησοῦ
2583 2969 2661 3041 τῷ
2695 2972 2885 3043 Κυρίῳ
2912 2972 3090 3042 ἡμῶν.

2286 3086 2439 3137 PMZ'
2460 3085 2669 3154 ('58).—
2684 3087 3067 3159 Katnxntmﬁ
3092 3088 3242 3159 πρὸς
3269 3088 3411 3155 τοὺς
3434 3088 3658 3145 ἑαυτοῦ
3683 3106 3809 3159 μα’

2785 3157 2988 3224 θητάς.
3021 3157 3219 3231 [ψκθ’.]

1094 3292 1159 3341 Ut
1182 3291 1620 3352 Quadragesimam
1643 3296 1816 3339 sancte
1838 3297 2075 3351 peragant
2101 3304 2112 3338 :
2143 3305 2199 3341 ac
2219 3291 2468 3355 praecipue
2487 3290 2755 3341 mulierum
2777 3292 3023 3355 colloquia
3045 3294 3252 3356 fugiant.

610 3398 854 3453 instante
893 3412 1053 3453 sacra
1081 3396 1538 3467 Quadragesima,
1592 3403 1960 3467 Opportunum
1991 3394 2116 3450 duxi

2294 3396 2408 3467 Τῆς
2441 3398 2592 3468 ἱερᾶς
2613 3397 3073 3468 Τεσσαρακοστῆς
3099 3397 3199 3469 ἤδη
3224 3396 3507 3468 ἐπιούσης,
3538 3398 3810 3471 εὔκαιρον

540 3492 734 3563 paucis
757 3505 856 3547 vos
891 3490 1071 3556 aﬂari,
1094 3489 1193 3545 ﬁlii
1234 3489 1573 3553 cbarissimi,
1614 3488 1920 3559 fratresque
1950 3488 2125 3543 bono-

540 3584 803 3641 ratissimi
854 3600 869 3638 :
902 3593 958 3639 et
986 3585 1205 3655 quidem
1239 3585 1308 3639 ab
1363 3584 1628 3654 Apostolo
1675 3582 1989 3637 admonitus
2023 3582 2123 3636 ob-

542 3692 783 3743 secrare,
834 3693 1088 3747 arguere,
1179 3677 1484 3746 increpare,
1534 3685 1859 3747 Opportune,
1921 3676 2127 3744 impor-

546 3783 683 3825 tune
704 3768 773 3823 ".
803 3767 960 3823 Nunc
998 3782 1127 3823 vero
1148 3767 1347 3837 jejunii
1373 3777 1584 3836 tempus
1627 3781 1725 3836 per
1758 3766 1999 3835 seipsum
2028 3764 2125 3819 ad-

546 3863 914 3918 hortationem
945 3861 1128 3928 habet,
1152 3861 1351 3931 quippe
1385 3861 1530 3930 quod
1555 3859 1707 3915 novit
1726 3860 1892 3913 etiam
1924 3857 2124 3912 durum

548 3969 614 4009 ac
656 3951 1003 4023 pnefractum
1060 3965 1450 4020 compungere.
1481 3949 1759 4020 Suscipite
1788 3950 1977 4019 igitur,
2009 3948 2123 4004 fra-

550 4057 683 4111 tres,
702 4044 890 4099 libenti
919 4044 1103 4097 animo
1133 4043 1251 4098 dies
1272 4042 1506 4106 latitia);
1536 4042 1915 4109 unusquisque
1938 4040 1994 4093 in
2015 4054 2126 4110 quo

547 4139 854 4196 diversorio
908 4137 1238 4206 hospitatur,
1270 4150 1390 4205 quae.
1448 4135 1619 4188 moris
1673 4145 1802 4189 sunt
1860 4149 2125 4203 peragens

550 4249 650 4306 pro
676 4234 883 4287 viribus
904 4272 918 4295 ,
950 4239 1007 4282 ut
1032 4245 1127 4298 per
1176 4229 1451 4282 silentium
1485 4226 1774 4295 victusque
1807 4224 2123 4294 parcitatem

548 4343 644 4385 eor
678 4338 999 4397 purgemus,
1046 4322 1289 4375 animam
1319 4319 1641 4382 evehamus,
1670 4319 1801 4372 vitia
1833 4318 2126 4373 conculce-

551 4434 696 4474 mus.
728 4414 845 4469 Hoc
882 4415 1026 4468 enim
1048 4412 1342 4482 jejunium,
1374 4412 1478 4465 hoc
1504 4411 1807 4473 silentium,
1833 4410 1937 4464 hoc
1968 4425 2125 4463 man-

549 4515 737 4566 datum
768 4508 936 4577 exigit
974 4523 987 4559 :
1016 4508 1120 4561 hoc
1144 4505 1335 4561 salutis
1359 4514 1557 4559 nostrae
1585 4512 1669 4559 est
1700 4512 1896 4572 caput;
1928 4518 1991 4555 ex
2017 4516 2127 4570 quo

549 4612 605 4657 et
649 4602 717 4657 ad
758 4598 1139 4671 participanda
1199 4610 1546 4652 sacramenta
1597 4596 1773 4651 facilis
1836 4596 1993 4649 nobis
2025 4594 2129 4647 erit

550 4694 758 4755 aditus,
784 4703 947 4760 atque
974 4690 1109 4743 adeo
1138 4690 1263 4742 vitae
1302 4699 1517 4743 mterna:
1549 4688 1826 4742 viaticum.
1864 4686 1967 4751 Qui
1989 4686 2127 4739 enim

552 4785 840 4839 manducat
865 4792 915 4837 et
944 4782 1072 4836 bibit
1094 4783 1324 4851 indigne,
1352 4783 1456 4835 hoc
1479 4792 1583 4845 est,
1612 4796 1720 4835 non
1750 4794 1904 4849 pure,
1944 4779 2123 4847 quoad
2158 4760 2201 4813 D

553 4874 747 4929 humili
772 4880 980 4927 natura:
1004 4878 1208 4925 nostrae
1231 4873 1375 4938 licet,
1399 4872 1665 4940 judicium
1705 4871 1806 4923 sibi
1838 4870 2122 4920 manducat

553 4979 602 5023 et
628 4967 778 5033 bibit,
807 4967 964 5036 juxta
1010 4966 1338 5020 sententiam
1378 4963 1755 5033 apostolicam,
1782 4978 1885 5014 non
1917 4960 2122 5029 dijudi-

554 5074 681 5111 cans
712 5071 901 5123 corpus
946 5055 1158 5108 Domini
1190 5054 1255 5110 ⁸⁸.
1285 5054 1630 5123 Quapropter
1672 5053 1803 5107 eniti
1842 5052 2123 5117 debemus,

555 5150 751 5204 fratres
769 5148 897 5209 mei,
930 5156 989 5201 ut
1020 5148 1088 5200 ab
1111 5147 1381 5201 indecenti
1423 5146 1715 5207 desiderio,
1746 5154 1799 5197 et
1831 5145 1898 5197 ab
1925 5143 2125 5198 invidia

552 5256 677 5311 qua:
713 5240 951 5293 animam
1000 5239 1181 5293 exedit
1231 5238 1377 5293 etab
1426 5236 1655 5290 avaritia
1713 5250 1834 5303 qua:
1887 5242 2120 5287 mentem

557 5332 879 5402 submergit,
907 5340 960 5386 et
982 5333 1049 5386 ab
1081 5332 1266 5386 acedia
1301 5345 1421 5399 quae
1458 5330 1653 5383 anima:
1678 5328 1838 5381 oculo
1870 5326 2123 5380 tenebras

557 5426 808 5493 oﬂ'undit,
842 5442 1009 5496 puros
1041 5442 1139 5481 nos
1183 5425 1559 5481 custodiamus
1594 5463 1609 5487 ,
1664 5437 1881 5492 semper
1928 5435 2121 5489 exspe-

464 5572 469 5577 .
557 5529 766 5573 ctantes
794 5520 1043 5588 corporis
1088 5521 1314 5581 exitum,
1374 5533 1481 5585 quo
1512 5516 1641 5570 vitia
1672 5522 2020 5577 exarescunt,
2070 5521 2124 5567 et

630 5638 673 5670 “
701 5637 857 5691 Joan.
892 5653 1001 5700 χχι,
1043 5640 1128 5691 15.
1166 5638 1207 5667 ⁶⁷
1237 5636 1277 5689 ll
1315 5636 1455 5691 Tim.
1484 5654 1556 5697 tv,
1591 5636 1644 5689 ‘2.
1680 5636 1723 5668 ⁸⁸
1761 5636 1776 5690 Ι
1811 5636 2030 5690 Comm.
2062 5632 2150 5685 9.9.

2226 3491 2525 3560 ἡγησάμην
2554 3490 2765 3562 βραχέα
2788 3489 3128 3559 φθέγξασθαι
3157 3490 3295 3563 πρὸς
3324 3490 3492 3561 ὑμᾶς,
3544 3485 3590 3545 ὦ
3633 3492 3812 3547 τέκνα

2225 3584 2587 3653 ὴγαπημένα,
2618 3586 2713 3637 καὶ
2740 3584 2964 3653 ἀδελφοὶ
2991 3582 3316 3651 τιμιώτατοι
3343 3602 3357 3617 ο
3408 3585 3655 3654 καίτοιγε
3701 3588 3815 3640 ὑπὸ

2224 3674 2321 3728 τοῦ
2368 3675 2698 3749 ’ᾼποστόλου
2721 3676 3079 3746 παρακαλεῖν,
3107 3676 3372 3747 ἐλέγχειν,
3392 3678 3678 3749 ἐπιτιμᾷν,
3712 3679 3813 3731 εῦο

2227 3745 2456 3839 καιρούς,
2489 3768 2741 3840 ἀκαίρως
2790 3745 3266 3839 προτρεπόμενοςι-
3296 3768 3411 3821 Νῦν
3442 3765 3500 3822 δὲ
3589 3745 3690 3838 τῆς
3713 3788 3815 3841 νη-

2228 3861 2413 3924 στείας
2463 3861 2655 3933 καιρὸς
2689 3860 3073 3915 αὐτοδίδακτον
3123 3860 3240 3931 ἔχει
3284 3864 3383 3932 τὴν
3431 3863 3807 3934 παράκλησιν,

2226 3952 2591 4007 κατανύσσειν
2647 3950 2803 4014 εἰδὼς
2862 3952 2955 4004 καὶ
2994 3951 3087 4004 τὸν
3123 3952 3457 4023 ἀτεράμονα.
3506 3952 3812 4021 Ὑποδέξα-

2228 4043 2324 4096 σθε
2357 4038 2472 4107 οὖν,
2503 4037 2548 4096 ῶ
2575 4042 2817 4111 ἀδελφοὶ,
2855 4042 3085 4112 ἄσμενοι
3124 4042 3222 4105 τάς
3272 4042 3512 4113 ίλαρίους
3542 4043 3766 4113 ἡμέρας
3789 4062 3808 4078 ο

2225 4138 2457 4199 ἕκαστος
2484 4136 2542 4189 ἐν
2568 4134 2645 4206 τῷ
2679 4134 3026 4206 καταλύματι
3054 4128 3099 4204 ᾧ
3128 4134 3416 4201 ξενίζεται,
3466 4133 3536 4187 τὰ
3569 4134 3812 4188 εἰωθότα

2227 4229 2368 4280 κατὰ
2392 4227 2621 4297 δύναμιν
2656 4226 2919 4281 ἐπιτελῶν
2942 4243 2956 4257 ο
2998 4227 3075 4289 ὡς
3105 4226 3173 4280 ἂν
3205 4226 3296 4279 διά
3328 4226 3427 4295 τῆς
3454 4228 3689 4297 ἡσυχίας
3711 4229 3812 4279 καὶ

2228 4320 2642 4393 μετριοτροφίας
2676 4316 3007 4390 καθάρωμεν
3030 4319 3281 4391 καρδίαν,
3300 4320 3679 4390 πτερώσωμεν
3703 4325 3813 4388 dfu-

2234 4413 2358 4481 χὴν,
2387 4413 2765 4483 πτερνίσωμεν
2793 4411 2939 4482 πάθη
2987 4410 3158 4465 Τοῦτο
3180 4413 3288 4482 γάρ
3315 4413 3349 4482 ἡ
3378 4412 3625 4482 νηστεία·
3644 4412 3810 4466 τοῦτο

2227 4505 2427 4573 ἡσυχία
2448 4522 2463 4536 ·
2502 4502 2663 4557 τοῦτο
2701 4505 2734 4574 ἡ
2769 4505 2956 4573 ἐντολὴ
2983 4502 3319 4571 ἐπιζητοῦσα
3344 4519 3359 4533 ⁸
3388 4503 3547 4556 τοῦτο
3578 4504 3676 4573 τῆς
3699 4522 3811 4556 σω-

2227 4597 2420 4666 τηρίας
2443 4596 2600 4666 ήμῶν
2640 4596 2934 4665 κεφάλαιον
2956 4612 2968 4626 ’
2997 4594 3058 4659 ἐξ
3082 4587 3143 4648 οὗ
3175 4596 3268 4649 καὶ
3303 4595 3365 4648 τὸ
3395 4595 3647 4664 μετέχειν
3695 4597 3810 4648 τιίν

2231 4686 2592 4755 ἀγιασμὰτων
2616 4686 2703 4757 εἴη
2734 4688 2799 4740 ἂν
2828 4688 2961 4758 ἡμῖν
2986 4686 3328 4756 εὐπρόσιτον,
3362 4685 3562 4756 μᾶλλον
3583 4688 3640 4739 δὲ
3659 4686 3810 4754 ζωῆς

2230 4776 2447 4829 αἰωνίου
2472 4779 2701 4848 ἐφόδιον.
2741 4780 2796 4831 '0
2812 4780 2921 4849 γὰρ
2935 4780 3155 4834 ἐσθίων
3172 4781 3272 4835 καί
3306 4783 3498 4834 πίνων
3515 4780 3806 4846 ἀναξίως,

2232 4872 2397 4940 ἤγουν
2426 4871 2499 4942 μὴ
2532 4873 2809 4941 καθαρῶς,
2839 4875 2964 4927 ὅσον
2989 4873 3260 4944 ἐνδέχεται
3291 4877 3356 4945 τῇ
3381 4877 3611 4944 ταπεινῇ
3642 4877 3674 4944 ἡ
3686 4876 3811 4944 μῶν

2233 4962 2413 5030 φύσει,
2470 4965 2645 5033 κρῖμα
2690 4964 2882 5030 ἐαυτῷ
2940 4966 3129 5019 ἐσθίει
3172 4967 3270 5019 καὶ
3316 4968 3495 5030 πίνει,
3524 4968 3669 5019 κατὰ
3706 4966 3809 5037 τὴν

2233 5050 2597 5122 άποστολικὴν
2633 5054 2929 5121 ἀπόφασιν,
2956 5054 3043 5124 μὴ
3066 5055 3387 5124 διακρίνων
3405 5056 3472 5108 τὸ
3501 5055 3676 5125 σῶμα
3699 5060 3810 5110 τοῦ

2232 5145 2474 5211 Κυρίου.
2520 5145 2619 5199 Διά
2662 5145 2815 5199 τοῦτο
2853 5146 3202 5215 ἀγωνιστέον,
3254 5146 3473 5215 ἀδελφοί
3529 5165 3658 5217 μου,
3711 5150 3811 5202 καὶ

2232 5236 2341 5288 ἀπὸ
2371 5237 2663 5307 ἐπιθυμίας
2694 5238 2952 5302 ἐκτόπου,
2992 5238 3089 5291 καὶ
3118 5238 3231 5291 ἀπὸ
3258 5236 3454 5307 φθόνου
3489 5239 3813 5292 κατεσθίον-

2230 5344 2319 5389 τος
2344 5328 2544 5399 ψυχὴν,
2576 5330 2670 5383 καὶ
2696 5330 2805 5382 ἀπὸ
2852 5330 3216 5403 φιλαργυρίας
3276 5328 3601 5401 βυθιζούσης
3654 5332 3809 5399 νοῦν,

2231 5424 2324 5471 και
2352 5421 2459 5473 ἀπὸ
2482 5421 2711 5491 ἀκηδίας
2742 5422 3097 5493 σκοτιξούσης
3120 5422 3397 5492 ὀφθαλμὸν
3414 5422 3614 5492 ψυχῆς,
3642 5424 3815 5477 καθα-

2234 5516 2360 5583 ροὺς
2421 5517 2648 5580 ἑαυτοὺς
2684 5500 2988 5588 διατηρεῖν,
3041 5514 3508 5588 προσδεχομένους
3565 5514 3655 5569 ἀεὶ
3707 5512 3811 5587 τὴν

2070 5746 2294 5801 ΝΟῘᾹΖ.

630 5845 742 5918 (38)
769 5846 826 5901 ln
860 5844 980 5900 cod.
1014 5844 1141 5916 Heg.
1185 5845 1309 5916 ροβκ
