3934 6474
198 414 316 484 1161

1366 420 1903 483 EPISTOLARUM
1959 423 2108 483 LIB.
2152 397 2247 488 11.‘

3291 425 3426 490 1462

195 530 278 582 τοῦ
306 527 558 600 σώματος
586 529 786 596 ἔξοδον,
813 530 895 598 ἐφ’
917 524 961 598 ᾧ
991 530 1217 600 τήκεται
1238 527 1307 584 τὰ
1324 532 1493 600 πάθη,
1518 534 1610 585 καὶ
1633 550 1742 586 νευ-

1859 533 2041 587 anima
2094 531 2503 589 corroboratur.
2556 531 2804 588 Claudite
2849 532 3074 590 auditus
3125 533 3424 591 vitiorum:

197 623 366 691 ροῦται
395 622 569 692 ψυχή.
602 622 829 674 Κλείετε
853 623 952 684 τὰς
980 621 1222 684 εἰσόδους
1248 621 1356 675 τῶν
1372 623 1562 676 παθῶν
1585 639 1597 652 ·
1620 623 1754 689 φεύ-

193 730 300 776 γετε
331 715 452 773 τοὺς
481 711 593 763 τῶν
621 713 935 782 πτωμάτων
987 712 1186 774 τόπους
1215 727 1229 742 ·
1265 712 1498 780 φεύγετε
1525 712 1625 775 τὰς
1655 729 1754 781 γυ-

191 805 422 866 ναικείας
445 804 666 874 ὁμιλίας
693 805 786 857 καὶ
820 804 1246 872 συνδιαιτήσεις.
1276 804 1402 867 Πῶς
1429 805 1537 876 γάρ
1564 804 1629 858 ἂν
1659 805 1755 859 καί⁵

194 898 260 964 μὴ
291 896 547 966 φλεχθείη
577 897 798 966 καρδία,
825 896 1026 966 μᾶλλον
1057 897 1114 949 δὲ
1145 896 1535 968 ἐμπυρισθείη,
1563 897 1751 966 λόγους

190 985 392 1039 διδοῦσα
418 986 513 1039 καὶ
540 987 895 1056 λαμϐάνουσα
927 986 1064 1056 μετά
1109 986 1378 1056 παρθένου
1403 1005 1415 1049 ;
1455 989 1594 1056 μετά
1615 986 1754 1056 ψαλ-

192 1078 407 1148 λούσης;
445 1080 567 1149 μεθ’
615 1080 732 1143 οἵας
773 1080 969 1151 δήποτε
1024 1079 1319 1148 γυναικός;
1368 1079 1527 1142 Πῶς,
1581 1081 1752 1151 φησὶ,

193 1169 503 1237 θεολογικῶς
535 1171 731 1234 εἰπεῖν,
770 1169 932 1222 σώσει
964 1172 996 1240 ὴ
1032 1169 1289 1240 ἀλλοτρία
1317 1170 1376 1223 ὃν
1410 1170 1691 1224 ἀπώλεσεν
1720 1173 1754 1243 ἡ

195 1260 287 1312 ίδία
312 1279 325 1324 ;
357 1260 460 1314 κᾶν
476 1261 588 1331 γὰρ
615 1261 1016 1332 πραγματικῶς
1039 1262 1210 1326 δόξειὲ
1245 1279 1329 1325 τις
1353 1262 1717 1332 φυλάττεσθαι
1737 1280 1751 1294 ο

191 1353 315 1406 ἀλλά
340 1370 402 1422 γε
435 1352 754 1424 καρδιακῶς
782 1355 840 1406 ού
872 1353 1132 1425 διασωθῇ,
1158 1354 1297 1407 κατὰ
1341 1354 1439 1426 τὴν
1481 1354 1754 1423 ἀπόφασιν

191 1443 272 1495 τοῦ
299 1445 526 1514 Κυρίου.

264 1533 317 1589 Ὃ
340 1535 581 1604 διωγμὸς
607 1531 702 1588 οὖν
748 1536 809 1588 οὐ
839 1536 908 1589 δι’
947 1535 1245 1601 ἀπώλειαν,
1285 1535 1422 1588 ἀλλὰ
1452 1536 1541 1591 διὰ
1577 1554 1754 1608 σωτη-

189 1623 316 1693 ρίαν·
329 1626 448 1678 οὐδὲ
463 1626 701 1695 τοσαύτη
718 1628 928 1696 ἀνάγκη
946 1627 1345 1695 κατεπείγουσα
1360 1629 1439 1691 είς
1448 1629 1508 1681 rb
1525 1629 1757 1683 συνδιαι-

188 1717 366 1769 τᾶσθαι
399 1733 646 1784 γυναικι,
676 1716 858 1782 καθὼς
889 1715 1087 1782 ἐντοῖς
1116 1719 1361 1788 Πατράσι
1404 1720 1465 1772 rb
1496 1737 1755 1790 περιστα-

187 1807 322 1859 τικὸν
349 1810 663 1878 ἠνάγκασεν
706 1810 810 1861 ὑπὸ
842 1810 1099 1881 παρθένῳ
1121 1811 1212 1864 τὸν
1251 1811 1495 1882 ἀοίδιμον
1535 1812 1756 1866 Ἀθανά-

1855 625 2226 680 oﬂ‘ensionum
2260 626 2378 679 loca
2405 623 2610 694 fugite:
2644 624 2813 696 fugite
2828 626 3120 683 muliebria
3157 629 3427 699 colloquia

1853 725 1907 771 et
1928 716 2312 772 contubernia.
2341 717 2461 782 Quo
2484 717 2630 772 enim
2657 727 2816 787 pacto
2839 734 2950 773 non
2981 719 3168 776 ardeat
3197 737 3316 788 cor,
3345 723 3429 777 vel

1855 807 2037 878 potius
2062 823 2168 862 non
2196 809 2458 877 ignescat,
2503 817 2724 862 mutuos
2747 823 3034 864 sermones
3051 826 3173 864 cum
3217 812 3430 883 virgine

1855 901 2011 967 dans,
2049 910 2103 955 et
2124 902 2433 970 accipiens?
2461 916 2586 955 cum
2613 901 2916 970 psallente?
2939 917 3064 956 cum
3099 919 3432 974 quacunque

1854 993 2076 1047 demum
2110 992 2372 1047 muliere?
2395 991 2698 1059 Quomodo,
2727 1002 2784 1046 ut
2808 992 3044 1064 theologi
3076 994 3259 1048 verbis
3284 1005 3428 1058 utar,

1855 1085 2088 1141 salvabit
2131 1085 2339 1152 aliena,
2381 1102 2545 1156 quem
2589 1088 2808 1158 propria
2854 1086 3126 1158 perdidit?
3164 1086 3434 1154 Quamvis

1855 1179 2000 1233 enim
2029 1179 2208 1248 reipsa
2232 1180 2485 1234 videatur
2507 1179 2778 1250 quispiam
2810 1179 2917 1236 sibi
2945 1193 3142 1234 cavere
3164 1198 3179 1247 ;
3199 1190 3254 1235 at
3278 1181 3431 1235 cordi

1855 1271 2167 1326 consultum
2237 1273 2373 1328 satis
2436 1287 2547 1327 non
2608 1272 2742 1336 erit,
2796 1271 2949 1342 juxta
3020 1270 3235 1327 Domini
3298 1271 3432 1327 etfa-

1854 1370 1969 1417 tum
2001 1362 2065 1413 ⁸³.

1927 1540 2116 1610 Itaque
2141 1539 2455 1609 persecutio
2476 1554 2584 1595 non
2625 1539 2692 1594 ad
2738 1539 2989 1603 exitium,
3036 1539 3130 1594 sed
3179 1538 3244 1594 ad
3280 1540 3432 1593 salua

1855 1639 1963 1685 tem
2004 1649 2016 1684 :
2059 1647 2236 1701 neque
2267 1640 2416 1686 tanta
2448 1641 2532 1686 est
2582 1631 2906 1696 necessitas,
2958 1641 3018 1685 ut
3056 1645 3179 1684 cum
3229 1629 3432 1683 femina

1855 1727 2068 1780 versari
2099 1735 2278 1797 cogat,
2313 1725 2458 1780 sicut
2488 1725 2631 1780 inter
2651 1723 2840 1779 Patres
2867 1723 3163 1794 gloriosum
3191 1723 3433 1776 Athana-

1857 1818 1997 1872 sium
2027 1818 2327 1888 adegerunt
2348 1818 2632 1886 angustiae,
2659 1824 2721 1870 ut
2741 1824 2950 1887 septem
2983 1830 3158 1878 annos
3189 1815 3292 1871 sub
3321 1815 3434 1869 vir-

188 1916 289 1953 σιον
319 1903 687 1971 ἐπταετῆσαιο
720 1904 752 1974 ἢ
785 1903 936 1956 τόνδε
981 1904 1075 1956 καὶ
1122 1903 1274 1956 τόνδε
1315 1903 1406 1956 τὸν
1453 1906 1609 1974 ἅγιον
1649 1906 1742 1959 ὑπὲ

1857 1905 2002 1976 ginis
2031 1882 2162 1962 cura
2185 1882 2549 1976 transigeret;
2585 1913 2682 1960 aut
2705 1882 2852 1960 hunc
2874 1905 2957 1960 vel
2983 1904 3134 1958 illum
3156 1911 3429 1967 sanctum,

187 1993 433 2059 γυναικὸς
459 1994 962 2065 ὲξυπηρετηθῆναι.
1005 1993 1167 2046 Ἀλλά
1193 1993 1288 2046 νῦν
1319 1996 1413 2046 καὶ
1445 1996 1628 2059 πόλεις
1658 1998 1754 2048 καὶ

189 2083 344 2155 χῶραι
368 2088 429 2138 τὸ
468 2085 781 2156 ἐλευθέριον
807 2085 1014 2156 έχουσι,
1047 2085 1148 2155 τῆς
1182 2085 1539 2157 ἀσυνδυάστῳ
1567 2089 1753 2160 τρόπῳ

188 2179 385 2244 γυναιξὶ
412 2179 616 2243 ξενίας.
652 2179 725 2231 Σὺ
751 2179 808 2231 δὲ
837 2179 999 2250 δῆθεν
1027 2178 1320 2247 ὁμολογίας
1368 2181 1462 2234 καὶ
1510 2179 1751 2251 διωγμοῦ

188 2287 271 2321 του
303 2271 439 2340 ὑπὲρ
469 2270 712 2340 Χριστοῦ
745 2271 885 2323 κατὰ
910 2270 1003 2324 τοῦ
1035 2271 1274 2342 Χριστοῦ
1305 2289 1626 2341 κινουμενος
1651 2273 1752 2326 ούκ

188 2364 480 2434 ἐπαισθάνῃ
565 2362 782 2432 γυναιξὶ
846 2363 1067 2427 πυκνῶς
1120 2365 1357 2434 ὁμιλῶν·
1420 2362 1750 2434 συμψάλ).ων

190 2457 304 2518 ἴσως
323 2472 337 2486 ο
376 2456 519 2526 τάχα
537 2455 594 2508 δὲ
617 2456 711 2508 καὶ
736 2455 1078 2527 συνεσθίωνῆ
1102 2458 1194 2509 καὶ
1222 2457 1485 2510 συνοικῶν
1503 2474 1516 2487 ⁸
1554 2456 1749 2510 ἐσθίων

184 2547 270 2615 τὴν
304 2546 424 2616 ὄψιν
461 2549 567 2614 τῆς
615 2547 890 2610 συνοίκου,
931 2547 1028 2600 καὶ
1073 2549 1387 2619 ἐσθιόμενος
1432 2549 1536 2602 ὑπὸ
1586 2548 1748 2619 τῆσδε

186 2637 430 2707 ὀλεθρίως
457 2655 471 2704 ;
504 2637 713 2704 Φύγετε
746 2638 821 2701 ὡς
851 2638 958 2690 ἀπὸ
982 2639 1150 2710 πυρὸς
1188 2640 1282 2692 καὶ
1308 2641 1355 2691 οἱ
1408 2639 1598 2708 ἄνδρες
1639 2639 1748 2692 ἀπὸ

185 2728 462 2794 γυναικῶν,
491 2729 587 2782 καὶ
643 2731 697 2781 αἱ
743 2731 994 2797 γυναῖκες
1038 2729 1146 2784 ἀπὸ
1191 2729 1300 2782 τῶν
1347 2730 1590 2800 ἀνδρῶν’
1616 2731 1664 2781 εί
1690 2731 1747 2783 δε

187 2822 268 2873 καὶ
298 2821 571 2890 σύμϐασιν
602 2821 682 2874 δεῖ
710 2821 984 2893 γενέσθαι,
1019 2821 1275 2874 τοσοῦτον
1301 2823 1426 2875 ὅσον
1462 2825 1495 2893 ὴ
1527 2824 1742 2893 ἀνάγκη

184 2913 266 2965 καὶ
294 2914 323 2982 ἡ
349 2912 508 2982 χρεία
552 2912 834 2981 ἀπαιτοίη,
887 2912 1392 2982 διαδιδράσκοντες,
1441 2914 1532 2966 καὶ
1576 2914 1636 2967 rb
1663 2932 1746 2967 τι-

185 3002 318 3056 θέναι
348 3003 648 3057 σκάνδαλον
689 3004 892 3066 ἄλλοις.
929 3002 1068 3056 Ἵνα
1108 3005 1164 3057 τί
1186 3004 1296 3074 γὰρ
1346 3007 1385 3072 ἡ
1435 3005 1746 3074 ἐλευθερία

178 3113 300 3163 μου,
330 3098 485 3167 φησὶ,
507 3097 772 3165 κρίνεται
793 3096 910 3151 ὑπὸ
927 3096 1122 3164 ἄλλης
1139 3096 1551 3166 συνειδήσεως
1571 3115 1591 3161 ;
1610 3099 1740 3159 Καὶ,

181 3191 240 3240 El
257 3189 468 3258 ,βρῶμα
498 3188 882 3249 σκανδαλίζει
915 3189 1021 3242 τὸν
1045 3189 1312 3257 ἀδελφόν
1349 3207 1470 3258 μου
1490 3229 1504 3254 ,
1554 3193 1625 3244 οὺ
1655 3189 1742 3260 μὴ
1771 3232 1814 3288 C

179 3280 326 3349 garo)
353 3283 500 3349 κρέα
517 3284 604 3348 εἰς
626 3283 732 3335 τὸν
761 3281 964 3346 αἰῶνα,
983 3282 1083 3334 ἵνα
1104 3283 1187 3350 μὴ
1214 3282 1320 3334 τὸν
1346 3283 1613 3351 ἀδελφόν
1624 3300 1744 3351 μου

181 3371 578 3426 σκανδαλίσω.
632 3372 1098 3435 Ἀσκανδαλίστως
1149 3368 1240 3426 οὖν
1291 3373 1662 3439 πολιτεύεσθε,
1697 3369 1742 3427 ὦ

179 3464 346 3527 τέκνα,
376 3465 482 3518 καὶ
508 3465 934 3532 ἀπροσκόπως,
976 3464 1074 3517 καὶ
1108 3464 1438 3531 Ἰουδαίοις,
1466 3465 1564 3519 καὶ
1597 3466 1742 3520 ’Ἐλ-

179 3557 329 3622 ⁸2ησι,
356 3557 458 3611 καὶ
482 3555 555 3625 τῇ
599 3558 922 3623 Ἐκκλησία
973 3556 1079 3610 τοῦ
1116 3557 1287 3622 Θεοῦ,
1325 3556 1507 3619 καθὼς
1532 3557 1734 3626 γέγραο

181 3664 331 3700 πται·
362 3638 710 3711 ἐπινοοῦντες
760 3651 854 3703 καὶ
901 3649 964 3701 τὸ
1008 3648 1199 3719 ἄδηλον
1245 3648 1338 3701 τοῦ
1377 3642 1607 3703 θανάτου
1638 3651 1740 3721 ήδη

180 3739 404 3808 παρῆλθε
433 3740 528 3794 καὶ
561 3743 589 3792 ὁ
615 3739 838 3808 ἀδελφὸς
880 3740 1066 3804 Σίλας,
1114 3739 1207 3791 καὶ
1247 3740 1356 3810 πρό
1389 3758 1453 3808 γε
1491 3741 1682 3794 τούτου
1713 3743 1742 3794 ὀ

179 3829 333 3891 ἁὸὀάς
360 3831 694 3894 Θεόσωστος,
729 3829 824 3881 καί
853 3830 962 3896 γεὸ
1010 3828 1241 3897 ἀδελφὸς
1287 3830 1613 3900 Προκόπιος,
1646 3830 1741 3884 καὶ

177 3920 336 3984 οὐδεὶς
361 3923 635 3991 ὲπιμενεῖ.
671 3921 781 3972 Καὶ
816 3921 1087 3990 μακάριος
1112 3924 1139 3974 ὁ
1178 3921 1380 3974 συνιῶν
1407 3921 1734 3990 ἁκαταγνώ-

180 4029 303 4075 arto;
345 4014 636 4085 παρελθεῖν
679 4012 769 4066 τὸν
803 4011 930 4083 τῇδε
985 4011 1117 4081 βίον.
1187 4011 1558 4082 Προσεύχεσθε
1609 4015 1735 4082 περὶ

177 4104 318 4172 ἡμῶν
387 4106 501 4158 τῶν
577 4105 852 4158 ταπεινῶν
921 4105 1333 4174 ἀνεπιλήστως,
1387 4104 1472 4157 ἵνα
1539 4103 1733 4169 σωζοί-

179 4194 323 4262 μεθα.

338 4310 506 4363 PMH’
530 4308 665 4380 (59).
697 4336 768 4346 -
787 4309 1092 4378 Δημητρίῳ
1120 4306 1340 4372 ὑπάτῳ.
1377 4305 1567 4379 [ψλα’.]

1855 2005 1917 2051 ut
1953 1997 2208 2052 muliebri
2266 1997 2572 2052 ministerio
2613 2004 2896 2051 uterentur
2919 1996 2986 2049 "°.
3043 1993 3149 2050 Sed
3186 2009 3331 2049 nunc
3377 2003 3446 2051 et.

1845 2090 2018 2145 urbes
2059 2099 2115 2144 et
2147 2090 2398 2160 regiones
2431 2089 2666 2144 liberum
2705 2088 2948 2159 praebent
2980 2087 3274 2157 hospitium
3304 2125 3319 2150 ,
3355 2085 3432 2140 ita

1853 2190 1914 2236 ut
1936 2196 2160 2236 necesse
2187 2195 2295 2236 non
2339 2181 2412 2236 sit
2441 2197 2545 2235 una
2575 2196 2702 2236 cum
2736 2181 3066 2236 mulieribus
3091 2173 3321 2234 versari.
3347 2176 3431 2233 Tu

1850 2287 1983 2327 vero
2009 2287 2118 2326 non
2154 2272 2547 2327 animadvertis
2587 2273 2798 2326 scilicet
2843 2281 2894 2327 te
2926 2271 3331 2327 confessionem
3373 2282 3432 2324 et

1850 2363 2287 2432 persecutionem
2326 2377 2427 2431 pro
2484 2359 2738 2427 Christo,
2824 2362 3088 2417 adversus
3144 2360 3428 2415 Christum

1851 2461 2189 2516 convertere,
2225 2453 2354 2506 dum
2385 2451 2698 2522 frequenter
2727 2453 3061 2520 colloqueris
3086 2468 3210 2508 cum
3241 2453 3431 2508 mulie-

1851 2546 2041 2610 ribus;
2072 2561 2178 2599 una
2201 2541 2390 2613 psallis
2407 2543 2658 2610 fortasse,
2691 2561 2755 2600 ac
2787 2544 3024 2600 fortasse
3050 2545 3216 2601 simul
3240 2560 3428 2600 come-

1849 2638 1955 2699 dis,
1995 2649 2049 2692 et
2105 2637 2269 2692 simul
2325 2637 2560 2701 habitas,
2601 2638 2717 2692 visu
2753 2648 2803 2692 te
2837 2642 3075 2708 pascens
3111 2637 3426 2707 huiusmodi

1849 2727 2260 2782 contubernalis
2280 2766 2294 2790 ,
2329 2742 2396 2782 ac
2424 2727 2574 2782 illam
2614 2727 2898 2781 oblectans
2937 2727 3204 2782 exitiose?
3233 2726 3428 2798 Fugite

1849 2828 2107 2889 tanquam
2138 2819 2205 2873 ab
2235 2818 2368 2888 igni,
2404 2827 2456 2873 et
2499 2819 2604 2873 viri
2647 2834 2675 2874 a
2707 2819 3050 2885 mulieribus,
3075 2829 3129 2875 et
3168 2820 3426 2876 mulieres

1847 2927 1877 2966 a
1905 2912 2058 2966 viris.
2090 2911 2246 2978 Quod
2271 2912 2316 2966 si
2345 2913 2639 2967 convenire
2691 2911 2996 2980 oportebit,
3057 2911 3108 2966 id
3157 2913 3432 2982 tantisper

1847 3006 1942 3059 fiat
1968 3014 2232 3074 quantum
2257 3020 2390 3060 usus
2413 3005 2580 3075 exigit
2609 3020 2673 3061 ac
2695 3005 2996 3060 necessitas
3031 3022 3044 3059 :
3073 3003 3328 3074 fugiendo
3370 3006 3426 3060 id

1846 3112 2009 3151 omne
2037 3095 2184 3166 quod
2206 3097 2327 3152 aliis
2358 3097 2676 3152 scandalum
2714 3098 2954 3166 praebere
2973 3107 3154 3166 queat.
3198 3095 3266 3150 Ut
3296 3098 3425 3166 quid

1845 3189 1985 3240 enim
2013 3187 2230 3240 libertas
2266 3204 2382 3241 mea
2420 3187 2723 3256 judicatur,
2765 3188 2964 3259 inquit,
2993 3188 3060 3242 ab
3091 3188 3271 3243 aliena
3301 3205 3427 3242 con-

1850 3279 2073 3332 scientia
2105 3279 2171 3331 ".
2204 3279 2290 3343 Et,
2327 3277 2386 3333 Si
2423 3296 2542 3333 esca
2580 3280 2913 3334 scandalizat
2961 3281 3182 3349 fratrem
3227 3296 3423 3345 meum,

1849 3387 1951 3424 non
1995 3371 2322 3426 manducabo
2366 3386 2579 3424 carnem
2628 3372 2682 3424 in
2733 3381 3008 3438 wternum,
3069 3388 3131 3424 ne
3201 3371 3423 3440 fratrem

1849 3479 2021 3516 meum
2050 3461 2410 3516 seandalizem
2440 3465 2505 3518 τ’.
2538 3462 2670 3517 Sine
2711 3464 2971 3518 seandalo
2999 3464 3168 3532 igitur
3189 3481 3422 3520 conver-

1845 3554 2066 3618 samini,
2095 3570 2127 3607 ο
2151 3554 2334 3614 filii,et
2357 3555 2468 3607 sine
2493 3554 2799 3622 offensione,
2832 3564 2882 3608 et
2918 3551 3148 3619 Iudaeis,
3186 3537 3237 3607 et
3269 3555 3422 3609 Grae-

1841 3647 1939 3710 cis,
1975 3656 2023 3700 et
2051 3645 2303 3700 Ecclesia!
2332 3645 2452 3709 Dei,
2500 3647 2647 3700 sicut
2681 3648 2946 3716 scriptum
2996 3658 3082 3704 est
3108 3649 3192 3714 ⁷³;
3242 3648 3423 3704 incer-

1842 3747 1955 3791 tum
1981 3753 2200 3807 quoque
2230 3737 2427 3792 mortis
2473 3746 2685 3807 tempus
2720 3750 3052 3808 reputantes.
3087 3740 3205 3794 Jam
3231 3721 3424 3796 exces-

1841 3829 1915 3883 sit
1936 3838 1991 3883 et
2021 3827 2192 3882 frater
2232 3827 2398 3894 Silas,
2429 3840 2484 3882 et
2511 3836 2640 3883 ante
2683 3828 2828 3883 hunc
2857 3829 3028 3884 abbas
3057 3829 3419 3894 Theosostus,

1841 3918 2011 3975 frater
2041 3920 2227 3975 itidem
2254 3918 2561 3990 Procopius
2588 3939 2602 3976 :
2635 3936 2738 3976 nec
2772 3921 2919 3977 ullus
2948 3921 3001 3976 in
3027 3922 3135 3976 vita
3158 3929 3422 3992 perpetuo

1841 4013 2102 4065 manebit.
2124 4012 2194 4064 At
2225 4011 2420 4067 beatus
2438 4014 2529 4082 qui
2552 4014 2708 4068 novit
2758 4014 2879 4070 sine
2943 4030 3086 4069 noxa
3123 4015 3421 4084 transigere

1841 4102 1984 4157 hanc
2013 4103 2202 4157 vitam.
2227 4101 2520 4175 Nunquam
2547 4103 2952 4160 obliviscamini
3005 4121 3165 4162 orare
3187 4120 3286 4176 pro
3317 4122 3419 4162 no-

1839 4194 1928 4249 bis
1950 4194 2277 4258 huntilibus.
2306 4204 2366 4250 ut
2387 4196 2523 4251 salvi
2554 4197 2751 4253 simus.
2780 4237 2784 4240 -

2158 4305 2434 4363 CXLVIII.
2457 4339 2528 4349 —
2553 4307 2818 4363 Demetrio
2848 4309 3072 4363 consuli.

1241 4419 1308 4469 Ut
1335 4432 1538 4483 gemino
1570 4418 1860 4481 magistratu
1889 4419 2046 4483 probe
2081 4417 2333 4482 fungatur.

247 4524 304 4579 Ἦ
336 4525 576 4579 ἀπουσία
600 4523 696 4578 τοῦ
740 4525 991 4596 σώματος
1017 4525 1136 4581 τίνα
1166 4526 1331 4598 ἄλλην
1361 4526 1510 4598 εὕροι
1549 4543 1728 4597 παρα-

1901 4527 2165 4582 Absentia
2189 4529 2438 4598 corporis
2453 4542 2681 4599 ecquam
2701 4529 3128 4585 consolationem
3150 4531 3412 4594 inveniat,

177 4617 378 4684 μυθίαν,
410 4619 443 4689 ἦ
478 4619 576 4688 τὴν
605 4618 694 4671 διὰ
735 4617 829 4670 τοῦ
868 4619 1193 4689 γράμματος
1228 4620 1522 4687 συνάφειαν
1548 4636 1561 4684 ;
1587 4617 1730 4671 Ταύ-

1830 4630 2025 4691 praeter
2058 4635 2414 4692 congressum
2452 4637 2547 4690 per
2575 4621 2785 4676 litteras
2811 4621 2834 4674 ?
2860 4622 2955 4676 Illo
2987 4623 3174 4693 igitur,
3201 4622 3410 4676 amico-

173 4724 232 4777 τῃ
265 4711 573 4782 τοιγαροῦν,
607 4705 652 4764 ὧ
696 4711 865 4778 φίλων
924 4710 1135 4781 ἄριστε,
1194 4711 1576 4782 συναπτόμεθά
1634 4728 1727 4763 σου

1847 4731 1950 4768 ·ιιηι
1984 4714 2208 4783 optime,
2251 4723 2356 4768 tua:
2393 4730 2539 4769 nunc
2576 4714 2829 4770 charitati
2859 4713 3093 4769 humiles
3122 4714 3415 4784 conjungi-

173 4805 228 4871 τῇ
256 4805 440 4875 ἀγάπῃ
483 4807 529 4858 οἱ
574 4806 824 4858 ταπεινοὶ
871 4806 933 4856 τὸ
965 4806 1159 4876 παρὸν,
1218 4803 1727 4876 προσπτυσσὸμενοί

1851 4823 1974 4871 nur,
2015 4806 2402 4875 amplectentes
2446 4813 2499 4861 te
2538 4807 2756 4877 spiritu,
2798 4817 2853 4861 et
2883 4808 3173 4862 certiorem
3206 4805 3411 4861 facien-

173 4911 222 4947 σε
247 4896 317 4964 τῷ
342 4896 634 4964 πνεύματι,
676 4900 769 4950 καὶ
800 4898 1157 4970 γνωρίζοντες
1186 4900 1266 4951 ὅτι
1309 4898 1429 4966 οὐχὶ
1471 4899 1504 4968 ή
1556 4898 1725 4949 ἀπου-

174 4987 248 5038 σία
271 4987 507 5053 διέζευξε
538 4990 637 5058 τὴν
667 4990 889 5060 ἀγάπην
922 5007 934 5019 '
983 4989 1119 5045 ἀλλὰ
1143 4992 1237 5043 καὶ
1296 4989 1494 5059 μᾶλλον
1550 4991 1718 5040 ἐκκα-

171 5078 325 5135 λεῖται
370 5082 541 5153 αὐτὴν
573 5082 816 5151 διψῶσαν
851 5083 912 5137 rb
967 5084 1205 5154 φίλτρον,
1242 5083 1495 5150 καθάπερ
1547 5083 1597 5133 οί
1637 5083 1719 5133 δι-

170 5172 361 5238 ψαλέως
390 5174 603 5244 ἔχοντες
649 5175 997 5245 ἐπιτρέχουσι
1054 5176 1189 5246 πρὸς
1227 5176 1324 5238 τὰς
1373 5174 1554 5246 πηγάς
1608 5175 1717 5225 τῶν

169 5263 379 5318 ὑδάτων.
428 5267 589 5319 Ἀλλά
638 5266 699 5318 rb
735 5268 832 5335 μὲν
857 5266 957 5333 τῆς
985 5267 1204 5337 ἀγάπης
1228 5266 1493 5319 δεικτικὸν
1525 5263 1715 5318 τοσοῦ-

169 5365 262 5404 τον.
298 5353 416 5415 Πῶς
455 5353 510 5404 δὲ
541 5354 701 5417 αὐτὸς
728 5354 1026 5422 διατελοίης
1046 5357 1101 5405 ὲν
1134 5357 1198 5423 τῇ
1228 5354 1578 5424 πιστευθείσῃ
1608 5370 1715 5406 πα-

171 5441 230 5508 ρὰ
254 5445 356 5497 τῶν
387 5444 652 5512 βασιλέων
682 5447 849 5516 ἀρχῇ,
896 5445 1197 5514 ἀγνοοῦμεν
1223 5462 1238 5476 ·
1290 5446 1488 5516 μᾶλλον
1539 5445 1595 5497 δὲ
1626 5444 1721 5497 καὶ

1831 4909 1934 4964 tes,
1983 4899 2302 4953 charitatem
2349 4899 2594 4953 absentia
2633 4913 2742 4953 non
2777 4913 2899 4953 esse
2941 4898 3283 4962 dissolutam,
3313 4900 3407 4953 sed

1827 4992 2008 5061 potius
2047 4992 2196 5045 illam
2231 4992 2502 5046 sitientem
2531 4991 2729 5046 attrahi
2761 4991 2961 5062 philtro
3001 5009 3015 5057 ;
3051 4993 3408 5061 quemadmo-

1825 5082 1953 5133 dum
1979 5080 2071 5150 qui
2103 5080 2190 5135 siti
2219 5092 2472 5148 uruntur,
2500 5085 2796 5135 accurrunt
2817 5080 2882 5133 ad
2907 5078 3087 5134 fontes
3116 5094 3403 5149 aquarum.

1833 5171 2027 5226 Verum
2069 5172 2334 5228 hactenus
2385 5172 2453 5227 de
2505 5172 2789 5227 charitatis
2845 5169 3241 5227 testificatione.
3287 5170 3408 5236 Quo

1822 5271 2000 5317 autem
2030 5272 2184 5330 pacto
2212 5261 2593 5317 demandatam
2622 5260 2718 5316 tibi
2744 5261 2812 5317 ab
2834 5261 3250 5331 imperatoribus
3283 5273 3409 5328 pro-

1821 5354 2056 5408 vinciam
2079 5369 2264 5423 gerere
2283 5369 2493 5424 pergas,
2513 5356 2845 5425 ignoramus;
2870 5363 2963 5408 aut
2983 5353 3160 5422 potius
3177 5349 3325 5404 anxii
3353 5359 3408 5404 et

1828 5445 2045 5500 solliciti
2071 5460 2264 5500 sumus
2296 5463 2311 5500 :
2343 5447 2599 5516 quoniam
2633 5445 2906 5510 audimus,
2937 5453 3130 5514 praeter
3164 5442 3401 5512 priorem

237 5559 488 5634 f'__Matth.
525 5577 594 5634 Av,
635 5560 724 5615 28.
764 5562 810 5594 '°
838 5562 1128 5618 Sozomen.
1186 5561 1276 5617 lib.
1311 5579 1362 5628 v,
1383 5578 1498 5634 cap.
1562 5562 1622 5626 6;
1646 5569 1700 5615 et
1738 5557 1946 5614 Pallad.
1983 5559 2036 5612 in
2066 5556 2316 5614 Lausiac.
2357 5559 2399 5589 τ’
2430 5558 2443 5611 1
2474 5558 2598 5614 Cor.
2651 5575 2700 5619 κ,
2766 5557 2852 5611 :29.
2896 5557 2938 5589 ⁷⁸
2973 5551 2988 5608 Ι
3019 5554 3142 5610 Cor.
3187 5553 3398 5620 vai’».

170 5625 209 5656 "
237 5625 254 5680 l
281 5631 400 5687 (lor.
436 5648 491 5695 ι,
523 5632 623 5696 3i.

1595 5715 1826 5774 ΝΟΤίΕ.

236 5835 336 5906 (59)
368 5840 423 5894 In
459 5841 580 5895 cod.
610 5840 741 5911 Reg.
781 5845 911 5909 ρογ’.
