3934 6458
507 360 652 431 1483

1704 366 1765 427 S.
1805 363 2200 425 THEODORI
2234 362 2581 423 STUDITIE

3632 360 3765 424 1464

501 475 857 548 provinciam,
873 476 1182 548 impositam
1205 476 1300 533 tibi
1318 476 1540 533 alteram
1567 476 1755 544 fuisse,
1775 492 1881 531 non
1908 477 2082 530 volen-

2196 475 2552 547 ἐμμερίμνως
2608 472 2842 543 ἔχομεν·
2900 473 3090 544 ἐπειδὴ
3139 472 3234 527 καὶ
3297 472 3649 544 μανθάνομεν
3702 477 3769 546 τῇ

503 568 566 626 ti.
600 566 691 621 sed
726 568 969 636 principe
993 568 1075 623 sic
1093 568 1320 637 jubente
1347 587 1359 622 :
1382 579 1543 639 atque
1569 569 1729 631 hanc,
1753 585 1878 624 cum
1902 569 2085 639 priore

502 656 574 710 sit
614 657 875 711 remotior
900 658 1136 714 vicinam
1170 675 1292 714 esse
1335 658 1592 714 Barbaris
1623 676 1639 727 ;
1669 659 1902 730 ideoque
1938 669 2084 713 metu

500 748 656 814 aliiei,
691 751 951 817 utaiunt,
980 760 1326 819 praestantem
1352 753 1591 807 animam
1617 762 1767 808 tuam
1808 771 1820 806 :
1857 760 1916 806 ut
1952 767 2076 822 quae

501 856 602 896 nec
632 843 782 907 velit,
814 858 915 900 nec
955 859 1230 914 propensa
1272 846 1342 900 sit
1369 846 1433 900 ad
1464 846 1788 916 gestandum
1818 846 2079 915 gladium,

462 948 463 951 ‘
503 932 819 1005 bellumque
851 937 933 992 vel
988 936 1334 992 inferendum
1372 938 1457 992 vel
1486 938 1891 992 sustinendum.
1957 935 2082 991 Haec

498 1029 682 1081 omnia
712 1044 813 1085 nos
846 1032 1009 1085 etiam
1039 1040 1424 1100 permoverunt
1454 1032 1521 1087 ad
1554 1045 1743 1100 preces
1775 1030 2083 1085 orationes—

499 1136 606 1189 que
634 1120 961 1186 l‘undendas,
1005 1133 1067 1178 ut
1099 1125 1176 1179 sis
1206 1124 1259 1178 in
1304 1136 1539 1194 utroque
1588 1124 1908 1194 magistratu
1936 1124 2085 1178 inco-

499 1214 682 1268 lumis.
724 1213 792 1269 Et
836 1230 965 1271 vero
1010 1232 1296 1287 speramus
1340 1217 1548 1273 salvum
1604 1228 1657 1272 te
1708 1215 1862 1282 fore,
1898 1217 1943 1271 si
1979 1230 2088 1285 prae

496 1306 671 1360 oculis
704 1306 906 1363 habeas
937 1308 1186 1361 timorem
1220 1306 1335 1373 Dei,
1367 1315 1421 1362 et
1454 1307 1600 1377 quod
1638 1306 1763 1361 inde
1790 1307 2088 1363 advocatur

2191 569 2433 641 προτέρᾳ
2456 569 2601 638 ἀρχῇ
2632 568 2728 620 καὶ
2755 566 2948 639 ἑτέραν
2998 565 3316 635 ἐπιτεθῆναί
3356 583 3437 619 σοι
3494 565 3597 621 οὐκ
3654 568 3774 622 ἐθέ-

2190 665 2359 726 λοντι,
2391 661 2529 716 ἀλλά
2583 660 3013 733 προστάσσοντος
3040 659 3133 714 τοῦ
3160 657 3490 730 κρατοῦντος
3508 677 3522 690 ·
3567 661 3668 713 καὶ
3692 663 3769 716 ὅτι

2192 753 2528 827 πορρωτέρω
2581 753 2681 823 τῆς
2709 753 2979 823 προτέρας
3026 748 3212 816 οὖσαν,
3254 749 3463 821 ἐγγίζει
3496 754 3613 815 τοῖς
3641 752 3774 823 βαρ-

2191 849 2382 917 ϐάροις
2408 866 2422 881 ο
2456 849 2539 917 ἐφ’
2570 840 2615 915 ᾧ
2639 849 2731 901 καὶ
2754 847 2870 910 δέος
2896 848 3185 917 ἐσχηκέναι
3215 848 3315 916 τὴν
3336 846 3524 917 τιμίαν
3548 864 3646 899 σου
3670 846 3775 915 ψυ-

2190 939 2311 1010 χὴν,
2360 936 2435 999 ὦς
2463 954 2613 1007 φασι,
2648 939 2787 1008 μήτε
2836 936 3144 999 ἐθέλουσαν,
3192 937 3329 1007 μήτε
3388 935 3775 1007 ἐξηρτημένην

2190 1032 2270 1094 είς
2302 1029 2362 1082 τὸ
2387 1032 2573 1100 φορεῖν
2598 1030 2895 1102 μάχαιραν,
2928 1032 3022 1083 καὶ
3051 1030 3311 1099 πολεμεῖν
3358 1030 3455 1083 καὶ
3515 1030 3775 1097 πολεμεῖ-

2192 1123 2336 1177 σθαι.
2370 1122 2557 1176 Ταῦτα
2592 1124 2812 1176 ἅπαντα
2839 1122 3159 1193 συνεκίνησε
3201 1124 3296 1176 καὶ
3350 1124 3501 1192 ἡμᾶς
3552 1122 3773 1191 δεήσεις

2190 1216 2285 1269 καὶ
2325 1214 2635 1286 προσευχὰς
2669 1214 2937 1269 ποιεῖσθαι
2982 1215 3123 1285 ὑπὲρ
3146 1214 3241 1267 τοῦ
3276 1214 3536 1284 ἀπήμονά
3566 1230 3630 1266 σε
3666 1230 3771 1282 φυ-

2192 1308 2481 1361 λάττεσθαι
2507 1309 2564 1361 ἐν
2596 1309 2935 1379 ἀμφοτέραις
2974 1311 3093 1373 ταῖς
3144 1310 3366 1379 ἀρχαῖς.
3420 1305 3529 1360 Καί
3554 1323 3622 1375 γε
3681 1322 3774 1358 πι-

498 1398 786 1461 auxilium.
826 1398 929 1454 Ubi
981 1401 1126 1455 enim
1189 1400 1331 1454 Deus
1381 1399 1630 1469 adjutor,
1672 1398 1822 1454 illinc
1858 1399 2094 1455 facesset

2196 1398 2449 1469 στεύομεν
2465 1400 2838 1471 διατηρείσθαί
2866 1417 2924 1453 σε
2950 1400 3107 1465 σῶον,
3126 1401 3317 1471 ἔχοντα
3342 1399 3449 1470 πρὸ
3474 1398 3775 1469 ὀφθαλμῶν

496 1507 661 1546 omne
692 1493 918 1548 malum.
970 1493 1227 1549 Immittet
1274 1492 1420 1547 enim
1467 1491 1699 1564 gungelus
1750 1491 1983 1556 Domini,
2009 1492 2095 1547 in-

497 1584 636 1652 quit,
671 1586 729 1637 in
778 1586 1008 1639 circuitu
1050 1586 1344 1639 timentium
1385 1600 1524 1649 eum,
1552 1593 1601 1637 et
1652 1584 1837 1653 eripiet
1880 1600 1967 1638 eos
2026 1584 2090 1638 τι.

2185 1491 2277 1543 τὸν
2307 1492 2474 1560 φόϐον
2522 1493 2616 1546 τοῦ
2648 1493 2808 1558 Θεοῦ,
2845 1494 2941 1547 καὶ
2967 1493 3067 1565 τὴν
3120 1494 3329 1547 ἐκεῖθεν
3360 1493 3775 1560 ἐκκαλουμένην

2189 1583 2462 1655 βοήθειαν.
2502 1582 2579 1641 Oi:
2602 1588 2711 1656 γὰρ
2751 1587 2882 1650 Θεὸς
2911 1588 3220 1659 ἐπίκουρος.
3242 1588 3360 1640 ἐκεῖ
3384 1584 3633 1649 ἐκποδὼν
3661 1586 3773 1637 πᾶν

499 1681 665 1734 κακὸν
689 1682 912 1750 γίνοιτο.
954 1681 1331 1753 Παραιϐαλεῐ
1360 1681 1469 1751 γὰρ
1527 1680 1784 1751 ἅγγελος
1838 1682 2084 1750 Κυρίου,
2122 1682 2276 1751 φησὶ,
2343 1682 2551 1747 κύκλῳ
2610 1680 2729 1734 τῶν
2775 1681 3159 1751 φοϐουμένων
3212 1682 3419 1745 αὑτὸν,
3451 1679 3549 1734 καί
3581 1680 3778 1745 {3130's-

498 1788 593 1828 ται
625 1776 870 1840 αὐτούς.

568 1866 717 1923 Talis
749 1868 917 1939 igitur
946 1876 1065 1923 esto
1085 1876 1140 1923 et
1168 1879 1249 1934 tu,
1282 1868 1504 1924 domine
1532 1880 1720 1927 noster
1754 1871 2082 1932 desiderate,

2260 1864 2513 1929 Τοιοῦτος
2541 1860 2632 1919 οῦν
2661 1866 2752 1919 ἕσο
2787 1868 2878 1918 καὶ
2902 1865 3085 1929 αὐτὸς,
3114 1864 3353 1917 δέσποτα
3380 1863 3538 1935 ἡμῶν
3574 1864 3778 1917 ἐπιπό-

499 1976 591 2027 per
619 1960 880 2030 pietatem
936 1970 1083 2015 tuam
1135 1960 1388 2030 bonaque
1438 1976 1639 2031 opera,
1690 1963 1794 2018 sub
1845 1962 2087 2018 custodis

505 2055 628 2108 vita:
662 2063 771 2108 tua:
805 2055 985 2124 angeli
1011 2054 1285 2124 prmsidio.
1315 2053 1490 2123 Vigila
1522 2055 1577 2109 in
1604 2056 1972 2119 orationibus,
2003 2064 2086 2110 at-

498 2146 663 2199 tende
697 2143 973 2215 precibus,
1001 2144 1212 2213 justum
1250 2142 1430 2214 profer
1458 2144 1758 2215 judicium,
1791 2146 2087 2217 benignum

498 2237 718 2307 pauperi
746 2237 965 2290 oculum
1009 2234 1225 2296 exhibe,
1273 2234 1531 2290 defensor
1568 2245 1688 2291 esto
1744 2252 1936 2293 eorum
1991 2235 2088 2307 qui

501 2328 759 2397 injuriam
793 2328 1092 2397 patiuntur,
1118 2327 1169 2379 in
1193 2326 1317 2381 cibo
1347 2338 1589 2396 potuque
1613 2329 1838 2385 modum
1866 2329 2041 2383 retine
2070 2346 2084 2382 :

502 2420 917 2490 intemperantia
981 2420 1183 2489 quippe
1238 2419 1509 2473 malorum
1572 2428 1765 2476 mater.
1807 2419 1865 2475 Si
1901 2421 2092 2476 ludant

501 2512 595 2569 alii
626 2522 680 2568 et
700 2512 950 2576 redeant,
997 2512 1219 2567 domine
1256 2512 1355 2577 mi,
1377 2512 1503 2565 audi
1528 2510 1817 2567 Dominum
1844 2514 2089 2567 omnium

502 2606 775 2661 dicentem
807 2625 820 2660 :
858 2604 947 2660 Va:
980 2606 1298 2667 ridentibus,
1329 2606 1455 2674 quia
1508 2607 1758 2675 lugebunt
1814 2608 1881 2663 ".
1912 2606 1968 2662 Si
1997 2606 2089 2661 alii

504 2698 681 2768 turpia
720 2698 1031 2768 loquantur,
1063 2706 1141 2762 tu,
1177 2697 1431 2762 obsecro,
1475 2713 1639 2754 aures
1680 2699 1795 2768 sepi
1830 2716 1846 2765 ;
1879 2714 2088 2755 sermo-

503 2803 601 2843 nes
626 2788 774 2842 enim
810 2789 877 2842 ad
903 2803 994 2842 res
1018 2788 1165 2858 ipsas
1193 2788 1337 2841 viam
1368 2796 1641 2843 sternunt.
1673 2789 1731 2843 Si
1764 2789 1853 2844 alii
1896 2805 2090 2845 mune-

505 2878 661 2932 ribus
699 2879 924 2933 dextras
982 2893 1114 2933 suas
1149 2878 1375 2946 implent
1406 2895 1421 2944 ;
1455 2888 1511 2932 tu
1541 2879 1637 2949 qui
1689 2877 1860 2935 Deum
1918 2895 2092 2943 amas,

502 2979 794 3026 contentus
821 2972 898 3025 sis
920 2970 1168 3026 obsoniis
1191 3010 1206 3035 ,
1247 2979 1305 3023 ut
1334 2986 1461 3024 cum
1485 2969 1784 3042 Evangelia
1808 2974 2001 3043 loquar
2025 2973 2091 3035 ’⁸,

501 3079 626 3131 qua:
666 3077 817 3117 more
846 3064 1074 3132 antiquo
1102 3063 1219 3117 dari
1261 3062 1460 3119 solent.
1498 3060 1555 3116 Si
1584 3064 1748 3133 impie
1785 3074 1949 3136 agant
1976 3065 2091 3129 alii,

503 3164 560 3207 tu
594 3154 718 3222 pius
753 3162 871 3207 esto
906 3172 921 3221 ;
953 3154 1263 3209 subduceris
1295 3162 1379 3218 te,
1413 3152 1595 3221 quoad
1643 3155 1758 3208 tieri
1816 3164 2015 3223 potest,
2063 3168 2091 3207 a

2188 1959 2340 2031 θητε,
2376 1958 2465 2012 διὰ
2494 1960 2594 2028 τῆς
2620 1957 2901 2021 εὐσεϐείας
2935 1974 3027 2010 σου
3084 1957 3177 2009 καὶ
3219 1957 3609 2026 ἀγαθοεργίας,
3669 1954 3777 2008 ὑπό

2188 2052 2281 2105 τοῦ
2329 2050 2569 2121 φύλακος
2594 2052 2693 2120 τῆς
2723 2049 2870 2119 ζωῆς
2902 2066 2995 2102 σου
3046 2048 3279 2117 ἀγγέλου
3334 2049 3773 2120 φρουρούμενος.

2189 2144 2455 2215 Γρηγόρει
2487 2146 2545 2197 ἐν
2585 2145 2937 2215 προσευχαῖς,
2968 2144 3105 2215 νῆφε
3146 2145 3205 2197 ἐν
3242 2144 3509 2213 δεήσεσιν,
3565 2142 3775 2215 ἔκφερε

2188 2236 2395 2290 ἔνδικον
2429 2239 2625 2307 κρῖμα,
2673 2236 3016 2291 ἐπιδείκνυσο
3056 2237 3285 2307 εὐμενὲς
3330 2236 3485 2307 δμμα
3542 2234 3773 2305 πτωχῷ,

2193 2328 2576 2400 προασπιστὴς
2631 2327 2792 2397 γενοῦ
2842 2328 2952 2382 τῶν
2997 2329 3389 2399 ἀδικουμένων,
3441 2330 3778 2400 μετριότητα

2190 2422 2248 2474 ἕν
2297 2438 2357 2473 τε
2383 2421 2583 2491 βρώσει
2615 2420 2707 2473 καὶ
2732 2420 2888 2474 πόσει
2918 2420 3100 2493 φέρων
3127 2436 3142 2451 °
3179 2422 3212 2491 ὴ
3236 2422 3344 2491 γὰρ
3372 2422 3637 2491 ἀκρασία,
3662 2420 3777 2474 τῶν

2190 2512 2378 2568 κακῶν
2404 2513 2610 2584 μήτηρ.
2666 2513 2764 2565 Ἂν
2824 2513 2972 2567 ἄλλοι
3024 2512 3385 2577 παίξωσικαὶ
3438 2512 3695 2581 γελῶσιν,
3749 2515 3780 2567 ὀ

2190 2606 2379 2677 κύριός
2424 2623 2547 2677 μου,
2607 2605 2773 2661 ἄκουε
2818 2605 2912 2660 τοῦ
2962 2605 3169 2677 Κυρίου
3228 2606 3447 2661 πάντων
3496 2606 3779 2673 λέγοντος·

2195 2698 2341 2751 Οὺαὶ
2373 2701 2427 2751 οἱ
2455 2697 2768 2768 γελῶντες,
2798 2698 2887 2753 ὅτι
2921 2700 3314 2753 κλαύσονται.
3360 2698 3456 2751 “Av
3485 2698 3635 2750 ἄλλοι
3685 2701 3779 2751 at-

2196 2790 2563 2861 σχρολογῶσιν
2598 2831 2613 2855 ,
2663 2791 2860 2856 αὐτὸς,
2917 2790 3263 2861 παρακαλῶ,
3323 2788 3656 2860 ἐπιφράξαιο
3708 2793 3779 2844 τὸ.

2194 2876 2327 2938 ὦτα.
2375 2865 2521 2947 ὐδδς
2567 2884 2676 2953 γὰρ
2705 2886 2798 2937 ἐπὶ
2822 2883 2893 2937 τὰ
2920 2885 3224 2954 πράγματα
3267 2884 3319 2936 οἱ
3370 2883 3518 2950 λόγοι
3564 2884 3782 2954 τυγχά-

2196 2992 2397 3028 νουσιν.
2433 2976 2530 3027 “Av
2558 2975 2706 3029 ἄλλοι
2730 2974 2978 3045 πληρῶσι
3005 2975 3192 3045 δώρων
3231 2975 3331 3038 τὰς
3364 2974 3543 3040 δεξιὰς
3566 2975 3778 3042 αὐτῶν,

2195 3065 2223 3116 ὁ
2267 3063 2511 3131 φιλόθεός
2540 3081 2666 3133 μου,
2700 3063 3035 3134 ἀρκούμενος
3080 3064 3199 3134 εἴης
3225 3061 3351 3127 τοῖς
3378 3064 3653 3133 ὀψωνίοις,
3687 3066 3782 3118 εὐ-

2196 3153 2504 3222 αγγελικῶς
2575 3157 2771 3222 εἰπεῖν,
2821 3158 2933 3219 τοῖς
2983 3157 3126 3210 κατά
3193 3157 3480 3229 συνήθειαν
3530 3159 3783 3229 ἀρχικῶς

506 3247 733 3302 nefariis
770 3248 1109 3303 hominibus.
1140 3246 1293 3302 Nosti
1330 3247 1474 3302 enim
1503 3247 1769 3302 mundum
1809 3247 1978 3313 hunc,
2006 3247 2091 3301 in-

2196 3246 2508 3314 διδομένοις.
2547 3247 2645 3300 Ἂν
2673 3249 2821 3303 ἄλλοι
2840 3248 3133 3314 ἀσεὸῶσιν,
3159 3251 3320 3316 αὐτὸς
3344 3251 3559 3305 εύσέὸει
3593 3268 3609 3285 ⁸
3652 3254 3782 3307 ὅσον

506 3353 620 3397 star
654 3342 876 3407 somnii,
906 3342 1159 3412 decipere
1192 3343 1317 3397 illos
1342 3343 1434 3411 qui
1462 3341 1566 3411 ipsi
1597 3340 1935 3397 serviunt.Et
1969 3340 2094 3411 quid

504 3436 739 3503 proderit
763 3436 985 3501 homini,
1011 3436 1058 3489 si
1084 3436 1340 3487 mundum
1365 3436 1668 3488 universum
1697 3434 1949 3497 lucretur,
1980 3434 2095 3486 ani-

507 3544 608 3583 ma:
631 3545 748 3583 vero
785 3546 900 3584 sua:
938 3530 1315 3584 detrimentum
1375 3529 1617 3599 patiatur
1650 3530 1694 3561 '”
1718 3530 1741 3584 ?
1769 3528 1922 3595 Quod
1955 3529 2096 3583 absit

506 3625 575 3675 de
633 3622 955 3677 excellentia
1014 3630 1109 3676 tua
1163 3623 1609 3692 cogitare?qua:
1652 3622 1874 3677 insitam
1936 3622 2097 3676 habet

507 3716 790 3780 virtutem,
832 3715 1053 3785 Deoque
1117 3715 1324 3771 servire
1387 3724 1559 3781 amat,
1614 3716 1708 3785 qui
1732 3731 1797 3770 ex
1843 3715 2019 3770 nihilo
2046 3725 2097 3769 te

506 3807 789 3876 produxit,
818 3822 884 3861 ac
920 3807 1087 3859 vitam
1117 3807 1314 3877 ipsam,
1347 3815 1403 3859 et
1432 3816 1669 3867 motum,
1692 3817 1748 3861 et
1777 3806 2097 3875 respiratio-

506 3911 632 3951 nem
661 3896 827 3950 dedit.
886 3895 1068 3962 Quare
1129 3898 1439 3966 depositum
1482 3901 1630 3967 quod
1680 3898 1961 3953 commisit
2000 3897 2096 3951 tibi

506 4004 605 4059 per
631 3988 894 4059 Spiritum
927 3999 1206 4054 sanctum,
1244 3991 1539 4060 iidemque,
1575 4001 1628 4046 et
1652 4001 1857 4047 rectam
1905 4006 2098 4061 opera-

510 4084 736 4149 tionem,
769 4083 920 4149 vide,
953 4096 1011 4139 ut
1042 4085 1252 4141 salvam
1306 4087 1383 4140 illi
1426 4086 1624 4140 reddas
1658 4086 1713 4140 in
1752 4088 1930 4140 exitus
1964 4094 2099 4137 tem-

511 4192 660 4247 pore,
691 4178 984 4234 auditurus
1012 4180 1080 4231 ab
1111 4180 1230 4249 ipso
1266 4198 1279 4233 :
1315 4178 1461 4248 Euge
1481 4195 1625 4233 serve
1650 4180 1777 4230 bone
1800 4187 1849 4230 et
1882 4175 2097 4246 ﬁdelis;

508 4287 666 4341 super
687 4288 859 4342 pauca
922 4272 1076 4341 fuisti
1108 4272 1283 4341 ﬁdelis
1315 4288 1334 4325 :
1377 4288 1536 4341 super
1598 4271 1770 4325 multa
1819 4280 1867 4324 te
1900 4271 2099 4325 consti-

511 4374 699 4429 tuam;
724 4365 868 4417 intra
886 4366 943 4417 in
970 4366 1226 4435 gaudium
1252 4364 1466 4418 Domini
1491 4364 1654 4417 tui".
1684 4366 1860 4433 Atque
1890 4364 2097 4416 utinam

509 4456 605 4509 tibi
626 4457 911 4526 contingat
930 4457 1074 4511 hanc
1106 4471 1291 4511 vocem
1326 4455 1540 4513 audire.
1564 4463 1763 4509 etcum
1792 4463 1905 4508 tota
1934 4455 2098 4509 domo

511 4548 737 4613 salvari,
773 4548 825 4601 in
856 4546 1079 4603 Christo
1106 4545 1234 4600 Jesu
1273 4543 1507 4599 Domino
1537 4544 1761 4597 nostro!
1795 4541 1991 4596 Amen.

2194 3334 2409 3392 οἷόν’τε
2471 3342 2824 3413 στελλόμενος
2871 3343 2980 3397 τῶν
3024 3346 3344 3401 ἁτασθάλων
3409 3346 3643 3417 ἀνδρῶν.
3690 3342 3787 3399 Οἷ-

2198 3432 2300 3483 σθα
2348 3433 2458 3502 γὰρ
2488 3434 2570 3487 ὃτι
2621 3437 2649 3488 ὀ
2677 3435 2789 3505 βίος
2820 3431 2970 3499 οὗτος
2999 3437 3206 3507 ὀνείρου
3233 3437 3389 3507 δίκην
3413 3439 3784 3507 παραπέμπει

2196 3529 2324 3591 τοὺς
2344 3527 2796 3599 λειτουργοῦντας
2848 3529 3017 3599 αὐτῷ.
3060 3531 3170 3582 Καὶ
3226 3531 3284 3582 τί
3316 3528 3622 3597 ὠφελήσει
3678 3530 3785 3583 ἅν·-

2198 3624 2451 3688 θρωπος,
2484 3622 2594 3675 ἐὰν
2639 3621 2788 3675 ὅλον
2814 3622 2920 3674 τὸν
2946 3623 3179 3691 κόσμον
3214 3622 3518 3691 κερδήσει,
3563 3623 3685 3691 τὴν
3711 3622 3784 3677 δὲ

2197 3715 2412 3784 ψυχὴν
2460 3716 2648 3768 αὐτοῦ
2701 3713 3005 3783 ζημιωθῇ;
3056 3715 3234 3785 Ὅπερ
3290 3716 3453 3786 ἀπείη
3510 3718 3639 3785 περὶ
3681 3718 3783 3787 τῆς

2198 3806 2510 3875 τιμιότητός
2550 3824 2644 3860 σου
2675 3808 2877 3860 ἐννοεῖν
2897 3821 2912 3834 ⁸
2946 3806 3174 3878 ἐχούσης
3202 3807 3443 3876 ἔμφυτον
3462 3806 3523 3859 τὸ
3548 3807 3783 3875 ἀγαθὸν,

2202 3900 2296 3952 καὶ
2325 3892 2587 3967 φιλούσης
2621 3897 2755 3951 Θεὸν
2789 3898 3137 3967 θεραπεύειν,
3170 3897 3261 3965 τρν
3290 3900 3355 3950 ἐκ
3382 3896 3477 3950 τοῦ
3518 3897 3593 3967 μὴ
3626 3897 3785 3961 ὄντος

2200 3992 2281 4052 εἰς
2325 3992 2386 4042 τὸ
2433 3985 2572 4042 εἶναι
2604 3991 2996 4060 παραγαγόντα
3037 4006 3117 4055 σε,
3150 3989 3247 4043 καὶ
3276 3990 3406 4043 αὐτὸ
3430 3990 3493 4042 τὸ
3548 3989 3652 4060 ζῇν
3697 3991 3783 4043 δι-

2198 4081 2378 4146 δόντα,
2411 4082 2505 4135 καὶ¹
2548 4081 2609 4134 τὸ
2632 4082 2919 4149 κινεῖσθαι,
2974 4082 3072 4136 καὶ
3134 4084 3412 4136 ἀναπνεῖν.
3472 4082 3636 4134 Ὥστε
3680 4083 3786 4153 τὴν

2200 4173 2530 4246 παραθήκην
2564 4174 2634 4245 ἣν
2665 4174 2937 4245 παρέθετό
2998 4191 3080 4228 σοι
3110 4173 3199 4227 διὰ
3249 4172 3566 4242 Πνεύματος
3592 4173 3782 4240 ἁγίου,

2199 4264 2299 4333 τήν
2326 4280 2386 4315 τε
2429 4264 2613 4317 πίστιν
2642 4265 2735 4315 καὶ
2763 4262 2861 4334 τὴν
2906 4262 3088 4327 δεξιὰν
3116 4261 3313 4333 πρᾶξιν
3360 4259 3596 4331 φυλάξαι
3646 4262 3786 4313 ἀπο-

2200 4354 2383 4407 δοῦναι
2412 4353 2563 4422 αὐτῷ
2607 4352 2759 4405 σώαν
2800 4355 2858 4407 ἐν
2895 4351 3071 4423 καιρῷ
3095 4352 3299 4418 ἐξόδου,
3353 4350 3602 4404 ἀκούσων
3652 4352 3785 4421 παρ’

2201 4446 2367 4499 αὐτοῦ
2401 4462 2415 4478 ⁶
2445 4441 2533 4500 Εὖ
2566 4445 2753 4500 δοῦλε
2779 4447 2964 4515 ἀγαθὲ
2993 4446 3095 4499 καὶ
3120 4444 3320 4511 πιστέ,
3343 4446 3441 4499 ἐπὶ
3496 4446 3676 4514 ὀλίγα
3709 4442 3785 4515 ἦς

2200 4539 2444 4605 πιστός,
2503 4537 2603 4591 ἐπὶ
2658 4538 2906 4592 πολλῶν
2957 4554 3033 4593 σε
3078 4536 3439 4604 καταστήσω
3475 4554 3490 4569 ·
3540 4540 3786 4593 εἴσελθε

506 4647 595 4711 εἰς
625 4643 740 4713 τὴν
763 4644 959 4713 χαρὰν
988 4641 1097 4697 τοῦ
1140 4641 1365 4710 Κυρίου
1390 4654 1530 4694 σου.
1577 4639 1690 4693 Καὶ
1736 4637 1945 4705 γένοιτό
2007 4652 2089 4688 σοι
2128 4635 2329 4705 ταύτης
2378 4637 2476 4705 τῆς
2544 4638 2729 4708 φωνῆς
2786 4637 3117 4701 ὑπακοῦσαι,
3148 4636 3243 4689 καὶ
3276 4635 3517 4707 σωθῆναι
3555 4634 3784 4690 πανοικὶ

507 4741 567 4791 ἐν
596 4736 819 4808 Χριστῷ
866 4734 1041 4807 Ἰησοῦ
1068 4735 1147 4807 τῷ
1175 4733 1369 4805 Κυρίῳ
1395 4732 1575 4804 ἡμῶν.
1616 4732 1812 4802 Ἀμήν.

863 4857 1097 4913 CXLIX.
1129 4887 1197 4897 —
1237 4856 1460 4927 Lycaste
1511 4854 1739 4908 consuli.

2405 4846 2562 4901 ΡΜΘ¹
2593 4843 3105 4914 (40).-Λυκάστῳ
3124 4843 3348 4912 ὑπάτῳ.
3382 4844 3564 4917 [ψλδ¹

1404 4972 1700 5022 Consolatur
1720 4969 1784 5018 de
1810 4966 1999 5028 uxoris,
2020 4964 2117 5029 piae
2145 4962 2406 5012 admodum
2445 4960 2691 5021 mulieris,
2725 4958 2883 5008 obitu.

578 5086 682 5153 Qui
713 5082 1052 5140 excellentiae
1102 5090 1212 5136 tua!
1243 5081 1453 5135 litteras
1510 5080 1713 5143 attulit,
1754 5079 1895 5133 idem
1931 5077 2092 5131 nobis
2128 5078 2170 5131 Ι)

510 5180 873 5236 calamitatem
911 5191 1032 5246 quae
1084 5175 1183 5229 tibi
1214 5173 1487 5228 acciderat
1539 5173 1810 5227 nuntiavit
1846 5190 1860 5237 ;
1904 5186 1967 5226 ac
2004 5180 2085 5223 te-

511 5270 633 5339 tigit
664 5282 763 5323 nos
814 5265 1059 5335 proiecto
1118 5262 1272 5335 dolor
1304 5271 1451 5315 tuus.
1503 5260 1655 5315 Tuus
1682 5260 1826 5314 enim
1861 5275 2003 5323 sum,
2039 5267 2096 5311 et

510 5362 874 5430 propinquus,
910 5367 964 5412 et
1023 5356 1189 5412 simul
1235 5356 1497 5425 antiquus
1528 5355 1763 5416 amicus,
1796 5363 1848 5408 et
1896 5362 2094 5407 coaeta-

512 5469 651 5509 neus
677 5472 690 5507 :
712 5452 943 5521 ﬁerique
975 5464 1083 5505 non
1105 5457 1284 5519 potest
1310 5450 1439 5517 quin
1464 5448 1511 5503 is
1545 5448 1638 5517 qui
1677 5448 1889 5502 sincere
1926 5453 2093 5511 amat,

2280 5072 2452 5135 Αὐτὸς
2490 5072 2518 5123 ὁ
2555 5070 2616 5122 τὸ
2657 5068 3010 5139 γραμμάτιον
3048 5068 3449 5139 ἐπιφερόμενος
3486 5072 3553 5141 τῇ
3601 5074 3790 5142 crpus-

2200 5170 2323 5236 τητί
2357 5185 2472 5231 σου,
2508 5166 2841 5237 ἀπήγγειλεν
2872 5168 3002 5236 ἡμῖν
3032 5166 3130 5237 τὴν
3158 5165 3495 5220 ἐπελθοῦσάν
3534 5183 3617 5219 σοι
3649 5185 3789 5239 συμο

2202 5263 2396 5329 φορὰν,
2427 5259 2522 5312 καὶ
2549 5259 2626 5329 τῷ
2663 5259 2775 5311 om
2798 5258 3082 5330 καθήψατο
3113 5258 3272 5329 ἡμῶν
3301 5260 3334 5328 ἡ
3369 5259 3493 5329 περὶ
3530 5259 3589 5312 σὲ
3612 5260 3784 5330 λύπη.

2206 5355 2366 5417 Ἴδιος
2397 5355 2504 5423 γάρ
2536 5370 2620 5406 σοι
2651 5353 2748 5406 καὶ
2781 5352 3141 5423 ἀγχιστέυων,
3195 5349 3331 5421 ὁμοῦ
3374 5367 3433 5403 τε
3470 5349 3624 5420 φίλος
3677 5352 3784 5425 ἀρ.

2204 5448 2355 5515 χαῖος
2388 5446 2482 5497 καὶ
2515 5442 2913 5514 συνηλικιώτης
2932 5459 2945 5473 ο
2983 5442 3079 5495 καὶ
3106 5440 3207 5494 οὐκ
3237 5440 3350 5493 ἔστι
3379 5441 3471 5494 τὸν
3517 5441 3783 5510 φιλοῦντα

581 5596 625 5625 ⁷⁸
662 5594 807 5650 Psal.
845 5607 1042 5655 xxxm,
1071 5591 1124 5645 8.
1158 5591 1202 5622 7'
1234 5589 1370 5648 Luc.
1401 5605 1477 5655 vr,
1504 5588 1594 5643 ‘25.
1674 5588 1717 5619 7‘
1762 5585 1892 5641 Luc.
1924 5601 1981 5651 x,
2004 5584 2058 5648 7,
2102 5583 2155 5639 8.
2234 5583 2279 5615 ⁷⁷
2305 5583 2498 5640 Matth.
2531 5600 2641 5651 xvi,
2684 5582 2774 5641 26.
2852 5581 2895 5613 "
2934 5580 3125 5636 Matth.
3155 5597 3284 5648 xxv,

2072 5694 2302 5752 NOTAE.

590 5840 703 5912 (40)
735 5838 791 5892 In
824 5834 947 5891 cod.
980 5831 1113 5900 Reg.
1152 5827 1275 5897 906'.
