3934 6518
230 499 340 560 1465

1355 477 1891 543 EPISTOLARUM
1942 480 2094 540 LIB.
2142 479 2216 543 II.

3269 483 3404 547 1466

229 600 427 674 γνησίως
463 596 532 669 μὴ
564 595 908 665 συμπάσχειν
932 592 1010 663 τῷ
1038 589 1346 662 φιλουμένῳ
1364 606 1378 621 ο
1408 591 1484 653 ὡς
1516 591 1609 643 καὶ
1649 587 1745 656 ἐμ·

1864 587 1894 640 εἰ
1927 603 2088 658 quem
2124 597 2271 644 amat
2306 589 2671 658 compatiatur
2705 607 2719 644 :
2746 598 2803 645 ut
2827 599 3039 653 contra,
3070 591 3116 647 si
3147 592 3198 646 in
3227 594 3410 650 laetitia

227 694 361 748 παλιν
392 691 474 744 ἐπὶ
516 692 579 758 τῇ
608 688 769 757 χαρᾷ.
820 684 959 738 Ἀλλ’
989 683 1034 736 ὣ
1061 684 1161 751 τῆς
1189 681 1522 743 ἁπευκταίας
1571 678 1743 747 αγγε-

227 787 341 846 λίαςι
384 780 744 837 Ἀπολέλοιπεν
767 780 913 848 ἡμᾶς
960 779 993 847 ὴ
1040 776 1202 845 κυρία
1261 775 1554 835 ὐπάτισσα,
1601 771 1662 824 τδ
1683 772 1746 840 δὴ

227 877 493 944 λεγόμενον,
521 871 656 941 γυνὴ
721 869 826 922 τῶν
877 869 1300 937 ἐπαινουμένων,
1348 867 1422 927 ὡς
1469 864 1562 918 καὶ¹
1617 864 1745 932 παρ’

226 968 370 1021 ἄλλων
411 963 738 1033 ἀκηκόαμεν,
777 961 868 1014 καὶ
891 959 1044 1012 αὐτοὶ
1073 961 1232 1028 ἡμεῖς
1291 956 1591 1025 ὀφθαλμοῖς
1641 955 1746 1007 ὐπ-

226 1057 472 1125 ελάϐομεν.
502 1053 722 1123 Πρῶτον
793 1052 891 1120 μὲν
947 1052 1026 1104 ὅτι
1054 1049 1373 1120 φίλανδρος⁶
1412 1048 1440 1099 ὂ
1492 1046 1596 1101 ὑπὸ
1649 1045 1744 1098 τοῦ

236 1146 516 1200 Ἀποστόλου
532 1143 900 1199 ὑποτυποῦται
932 1143 1217 1196 κάλλιστον
1239 1137 1376 1194 εἶναι
1402 1143 1460 1194 ὲν
1490 1141 1743 1211 συζυγίᾳ*

225 1239 469 1308 φρόνιμος,
485 1236 748 1305 οἰκουρὸς,
771 1235 1162 1303 εὐαπάντητος,
1176 1233 1601 1304 εὐπροσήγορος,
1624 1233 1748 1301 φιλ-

225 1330 440 1400 ευσεὸὴς,
472 1329 804 1399 φιλόπτωχος
828 1346 840 1359 ·
876 1326 937 1379 τὸ
983 1324 1200 1395 μεῖζον,
1250 1324 1571 1395 σωφροσύνῃ
1618 1341 1750 1377 κατ-

226 1421 548 1491 ηγλαῖσμένη,
573 1420 666 1472 καὶ
687 1417 961 1490 ὀρθοδοξὶᾳ
977 1433 1138 1488 περιη
1148 1432 1247 1487 ργυ
1257 1415 1494 1486 ρωμένηο
1507 1410 1572 1485 ἧς
1587 1415 1680 1467 καὶ
1702 1415 1751 1466 οἱ

223 1512 398 1582 καρποὶ
423 1512 668 1564 τὰτέκνα
702 1507 997 1579 μαρτύριον
1052 1509 1152 1577 τῆς
1213 1507 1538 1577 ἀμφοτέρων
1593 1504 1750 1574 ὐμῶν

221 1601 440 1664 εὐζωῖας.
496 1601 604 1653 Καὶ
628 1599 738 1668 γὰρ
764 1597 948 1668 ὥσπερ
975 1599 1040 1648 ὲκ
1070 1593 1163 1648 τοῦ
1194 1592 1407 1662 καρποῦ
1439 1593 1502 1645 τὸ
1535 1592 1750 1662 δένδρον

221 1692 626 1759 ἐπιγινώσκεται,
657 1689 831 1752 οὕτως
857 1690 966 1742 κάκ
987 1688 1096 1740 τῶν
1144 1687 1349 1739 παίδων
1379 1687 1427 1738 οί
1480 1684 1752 1754 φύσαντες

219 1786 363 1835 ὁποῖοί
400 1786 499 1835 εἱσι
527 1787 622 1836 καὶ
665 1782 865 1852 ἡλίκοι.
913 1781 1023 1832 Καὶ
1077 1778 1230 1832 οὐπω
1292 1779 1511 1847 βαθεῖαν
1559 1779 1752 1846 πεῖραν

217 1873 432 1941 ἐσχηκὼς
477 1876 575 1944 τῆς
600 1873 874 1942 μακαρίας
923 1870 1157 1939 ἐκείνης,
1199 1869 1316 1932 πῶς
1373 1870 1440 1922 ἂν
1487 1869 1752 1937 δυναίμην

218 1965 463 2018 ἐκθειάσαι
496 1966 566 2018 τὰ
589 1967 710 2019 κατ’
736 1966 949 2033 αὐτήν;
981 1963 1016 2034 ἢ
1073 1963 1235 2032 μόνον
1295 1962 1378 2022 δὶς
1428 1962 1564 2031 αὐτῇ
1629 1977 1754 2013 συν⁸

217 2052 456 2120 οψισῠεὶς,
485 2057 580 2108 καὶ
609 2057 688 2116 είς
722 2055 938 2121 ὁμιλίαν
963 2054 1152 2117 ἐλθὼν,
1202 2053 1371 2120 ἔγνων
1411 2053 1494 2105 ὅτι
1520 2054 1754 2119 γυναῖκα

215 2147 470 2216 ἐχαρίσατό
501 2163 586 2199 σοι
609 2149 637 2200 6
665 2147 795 2208 Θεὸς
821 2146 896 2216 τῷ
930 2145 1045 2199 ὖντι
1082 2144 1302 2214 βοηθόν
1355 2144 1416 2196 οὐ
1453 2143 1595 2196 κατὰ
1654 2143 1754 2212 τὴν

213 2239 355 2293 πάλαι
385 2241 728 2311 προμήτορα,
763 2239 979 2310 ἀπάτης
1008 2238 1177 2302 αίτία,
1206 2236 1343 2290 ἀλλά
1377 2253 1442 2302 γε
1477 2237 1755 2306 σωτηρίας

213 2330 438 2393 ὑπόθεσις
469 2331 763 2401 γενηθεῖσά
816 2347 899 2383 σοι
947 2329 1033 2382 διὰ
1089 2329 1292 2391 παντὸς
1351 2327 1444 2380 τοῦ
1473 2327 1611 2396 βίου.

271 2424 330 2474 Ὤ
367 2425 462 2492 τῆς
491 2423 778 2493 συμφορᾶς
802 2424 814 2476 i
847 2421 1017 2492 ᾤχετο
1046 2419 1441 2491 εΰτηοάπέπτη
1471 2419 1529 2482 ἐξ
1551 2419 1753 2487 ὀφθαλ-

213 2511 310 2582 μῶν
346 2515 491 2584 ὑμῶν
513 2533 526 2545 ⁸
554 2514 910 2582 ἐγκατέλιπεν
941 2514 1085 2582 ὑμᾶς
1113 2512 1360 2584 ἠμιθνεῖς
1407 2510 1753 2582 ἀπορραγέν-

208 2619 290 2662 τας
312 2598 401 2672 τῆς
423 2605 594 2672 καλῆς
621 2603 910 2673 ὁμοζύγου.
946 2604 1060 2657 Οὐκ
1083 2602 1276 2672 ἔχομεν
1304 2601 1601 2671 ὀφθαλμοῖς
1622 2601 1752 2670 όρᾷν

209 2694 260 2746 τὸ
284 2697 411 2767 ὑπὲρ
450 2700 633 2751 πᾶσαν
672 2695 939 2765 θυμηδίαν
979 2695 1366 2766 παραμύθιονο
1437 2695 1496 2746 οὐ
1539 2696 1638 2763 τὴν
1693 2695 1753 2745 ἐν

209 2789 394 2858 θλίψεσι
429 2791 775 2861 παράκλησιν
800 2806 813 2820 ⁸
852 2789 912 2843 οὐ
942 2788 1042 2858 τὴν
1070 2790 1128 2841 ὲν
1156 2790 1460 2859 συμφοραῖς
1506 2803 1753 2857 παρηγο-

212 2879 343 2948 ρίαν·
374 2882 433 2935 οὐ
466 2883 566 2952 τὴν
599 2885 658 2934 ὲν
681 2881 985 2943 ἆπασιτοῖς
1029 2880 1397 2949 ὀφειλομένοις
1444 2880 1751 2948 ὑπόμνησιν

212 2973 294 3024 καὶ
322 2975 599 3045 συνεργὸν,
632 2973 726 3025 καὶ
755 2971 1086 3041 σύμπραξιν.
1127 2970 1184 3025 '0
1239 2971 1388 3041 ἥλιος
1423 2971 1520 3039 τῆς
1569 2970 1751 3034 ἑστίας

211 3063 310 3116 εδυο
341 3067 420 3129 τίς
450 3068 479 3118 6
509 3065 873 3134 ὑπαντήσων;
905 3063 987 3125 τίς
1011 3067 1037 3116 6
1059 3061 1452 3132 χαριούμενοςς
1480 3061 1566 3124 τίς
1597 3063 1624 3114 6
1647 3077 1750 3114 παι

211 3157 508 3222 ρακαλέσων
531 3174 547 3223 ;
579 3158 678 3228 ήδη
707 3154 1047 3224 ἐγενήθημεν
1063 3156 1138 3218 ὼς
1162 3155 1314 3224 μόλις
1339 3154 1748 3223 ἀποκειραμένη

1784 1923 1826 1978 Β

1853 681 1941 735 sit.
1976 680 2080 735 Sed
2103 697 2136 735 o
2170 681 2377 736 tristem
2409 683 2657 736 nuntium
2689 684 2701 736 !
2728 682 3022 754 Dercliquit
3053 701 3153 741 nos
3193 686 3415 744 domina

1852 774 2179 836 consulissa,
2213 783 2272 827 ut
2300 772 2442 827 fama
2469 785 2552 830 est
2582 795 2596 829 :
2622 775 2820 830 mulier
2850 777 3158 842 laudabilis,
3185 781 3328 835 sicut
3361 791 3414 837 et

1849 864 1917 918 ab
1956 865 2076 918 aliis
2125 864 2454 930 audivimus,
2501 876 2553 919 et
2607 866 2708 934 ipsi
2766 868 2938 922 oculis
3005 872 3414 937 usurpavimus.

1853 959 2092 1013 Primum
2133 959 2372 1026 quidem,
2421 958 2548 1027 quia
2584 958 2683 1011 viri
2731 973 2942 1022 amans,
2974 961 3118 1028 quod
3153 961 3219 1014 ab
3267 961 3416 1028 Apo-

1855 1052 1993 1105 stolo
2019 1053 2063 1088 "
2102 1061 2355 1121 tanquam
2380 1051 2781 1121 pulcherrimus
2801 1056 2854 1106 in
2877 1053 3130 1123 conjugio
3163 1053 3418 1124 designa-

1854 1151 1984 1197 tur:
2018 1144 2288 1212 prudens,
2326 1143 2520 1198 domus
2556 1158 2739 1197 curam
2794 1144 3020 1207 habens,
3052 1147 3243 1210 comis,
3282 1146 3419 1200 aifa-

1854 1235 1996 1299 bilis,
2029 1233 2137 1302 pia,
2176 1249 2470 1302 pauperum
2503 1234 2737 1287 amatrix
2765 1250 2779 1300 ;
2812 1245 2884 1295 et,
2931 1237 3074 1304 quod
3105 1237 3284 1305 majus
3313 1247 3418 1304 est,

1849 1327 2098 1381 castitate
2138 1326 2389 1388 illustris,
2427 1336 2480 1381 et
2509 1327 2808 1380 orthodoxa
2852 1325 2955 1381 ﬁde
2985 1338 3172 1382 ornata
3206 1345 3220 1392 ;
3259 1329 3418 1398 cujus

1850 1420 2012 1470 etiam
2050 1415 2275 1482 fructus,
2307 1416 2476 1480 liberi,
2507 1423 2665 1470 rectae
2692 1415 2974 1485 utriusque
3014 1429 3250 1471 vestrum
3294 1418 3421 1471 vita:

1853 1509 2014 1564 tidem
2049 1508 2280 1564 faciunt.
2320 1509 2526 1564 Etenim
2560 1507 2701 1563 sicut
2725 1509 2888 1562 arbor
2909 1525 2976 1563 ex
3006 1509 3181 1563 fructu
3211 1524 3419 1580 cogno—

1853 1604 2030 1656 scitur
2061 1642 2075 1664 ,
2132 1601 2212 1656 sic
2242 1617 2307 1656 ex
2347 1602 2534 1656 liberis
2585 1609 2858 1670 parentes,
2916 1603 3105 1671 quales
3130 1611 3183 1655 et
3231 1602 3420 1670 quanti

1855 1694 1985 1748 sint.
2022 1694 2155 1748 Cum
2191 1704 2370 1749 autem
2418 1694 2584 1748 beata:
2619 1693 2764 1748 illius
2795 1709 2900 1747 non
2934 1709 3184 1762 magnam
3210 1694 3422 1748 habue-

1854 1785 1956 1838 rim
1989 1786 2235 1839 notitiam
2269 1802 2285 1850 ;
2316 1783 2407 1853 qui
2445 1783 2646 1853 possim
2680 1798 2767 1837 res
2797 1783 2918 1850 ejus
2959 1783 3219 1837 extollere
3243 1783 3423 1838 laudi-

1856 1874 2005 1930 bus?
2042 1876 2146 1929 nisi
2206 1874 2350 1944 quod
2395 1875 2478 1928 bis
2527 1881 2732 1927 tantum
2781 1874 2850 1926 ab
2870 1888 2931 1926 ea
2987 1883 3336 1942 conspectus,
3371 1883 3426 1928 et

1853 1970 2177 2033 collocutus,
2249 1966 2604 2021 animadverti
2663 1981 2693 2020 a
2749 1967 2855 2019 Deo
2903 1966 3083 2020 datam
3129 1965 3224 2019 tibi
3254 1964 3429 2020 fuisse

1853 2061 2141 2130 conjugem
2165 2059 2341 2128 reipsa
2372 2058 2717 2127 adjutricem,
2747 2073 2870 2126 qua:
2896 2072 3026 2120 non,
3053 2066 3111 2109 ut
3133 2056 3220 2109 illa
3243 2070 3426 2124 quon-

1853 2155 1980 2207 dam
2023 2152 2190 2220 prima
2237 2166 2454 2221 parens,
2490 2148 2826 2218 deceptionis
2874 2162 3059 2208 causa,
3094 2148 3188 2201 sed
3233 2147 3425 2202 salutis

1855 2244 1954 2299 tibi
1989 2259 2082 2313 per
2109 2252 2276 2298 totam
2305 2243 2467 2295 vitam
2501 2241 2720 2294 occasio
2776 2238 2958 2292 fuerit.

1920 2417 1964 2474 Ο
1992 2420 2353 2475 calamitatem
2375 2417 2388 2471 l
2411 2415 2543 2470 abiit
2577 2415 2664 2468 illa
2685 2433 2698 2468 :
2719 2415 2893 2470 oculis
2930 2413 3128 2468 vestris
3152 2413 3379 2468 evolavit
3407 2430 3421 2466 :

1852 2511 2068 2580 reliquit
2099 2526 2192 2566 vos
2215 2509 2621 2572 semimortuos,
2647 2507 2716 2560 ab
2754 2505 2968 2577 egregia
2996 2505 3230 2574 conjuge
3267 2505 3426 2558 abre-

1849 2607 2127 2677 ptos.Jam
2170 2623 2278 2660 non
2305 2619 2598 2673 possumus
2637 2603 2810 2657 oculis
2849 2616 3077 2656 cernere
3109 2601 3240 2654 illud
3276 2601 3426 2653 omni

1851 2701 2115 2754 suavitate
2152 2698 2328 2767 majus
2359 2697 2648 2760 solatium;
2674 2711 2779 2750 non
2805 2710 2922 2747 eam
2943 2708 3065 2762 quae
3086 2694 3139 2746 in
3172 2692 3429 2745 omnibus

1849 2793 2104 2845 erumnis
2130 2791 2490 2843 levamentum
2513 2795 2628 2840 erat
2646 2805 2660 2852 ;
2677 2801 2782 2839 non
2807 2801 2925 2839 eam
2955 2799 3075 2852 qua:
3094 2785 3428 2838 calamitates

1850 2879 2102 2945 leniebat,
2134 2889 2188 2933 et
2218 2891 2339 2944 qua:
2364 2877 2417 2930 in
2445 2877 2718 2938 omnibus,
2757 2875 3070 2940 ubicunque
3099 2888 3234 2941 opus
3265 2871 3426 2934 foret,

1848 2972 2095 3037 consilio,
2133 2979 2189 3024 et
2215 2984 2400 3039 opera,
2425 2978 2476 3022 et
2508 2969 2661 3023 lactis
2689 2967 2892 3021 auxilio
2920 2976 3057 3023 erat.
3090 2965 3182 3020 Sol
3211 2965 3430 3019 familia:

1849 3063 2063 3117 occidit:
2078 3061 2200 3130 quis
2212 3060 2424 3113 obviam
2439 3057 2718 3112 occurret?
2737 3057 2859 3126 quis
2873 3053 3429 3127 gratiﬁcabitur?quis

1851 3153 2178 3210 hortabitur?
2197 3152 2313 3206 Jam
2336 3151 2462 3207 facti
2480 3167 2668 3206 sumus
2685 3158 2744 3204 ut
2763 3151 2957 3204 civitas
2977 3155 3297 3203 ornamento
3327 3159 3430 3200 suo

209 3246 284 3298 τον
315 3249 509 3320 ὲαυτῆς
545 3248 752 3316 κόσμον
779 3263 794 3277 ·
836 3246 929 3309 Ὠς
968 3247 1290 3312 στρουθίον
1344 3244 1599 3313 μονάζον
1657 3246 1753 3298 ἐπὶ

1864 3249 2084 3318 spoliata
2133 3245 2327 3300 :Sicut
2350 3262 2534 3314 passer
2581 3243 2858 3298 solitarius
2903 3245 2957 3296 in
2983 3241 3200 3306 tecto”,
3229 3249 3427 3293 utcum

206 3334 424 3405 δώματι,
459 3337 766 3400 Δαυῖτικῶς
792 3337 984 3388 εἰπεῖν.
1025 3335 1090 3388 Τί
1111 3331 1581 3401 οὖν;λυπηθῶμεν
1613 3334 1755 3404 πέρα

207 3427 287 3478 τοῦ
319 3431 550 3501 μέτρου;
591 3431 685 3484 καὶ
700 3427 1143 3500 περιϐαλούμεθα
1168 3426 1598 3498 ἀπαραμύθητον
1627 3428 1756 3480 πέν-

208 3516 309 3584 θος;
344 3522 610 3591 Οὐδαμῶς
631 3519 744 3585 οὖν,
775 3517 1045 3587 οὐδαμῶς,
1075 3512 1120 3571 ὦ
1144 3518 1458 3589 τριπόθητε,
1487 3519 1603 3571 ἀλλ’
1626 3519 1761 3571 εἰδό-

208 3622 287 3672 τες
315 3613 392 3666 ὅτι
414 3615 443 3665 6
472 3614 600 3674 δοὺς
622 3616 753 3682 ἡμῖν
783 3611 951 3681 αὐτὴν
984 3609 1116 3673 Θεὸς
1146 3609 1216 3662 τὰ
1244 3610 1436 3679 πρῶτα
1465 3610 1544 3671 είς
1573 3626 1762 3662 κοινω-

209 3699 312 3753 νίαν
341 3702 481 3771 βίου,
515 3703 678 3766 αὐτός
711 3705 856 3755 ἐστιν
885 3703 914 3753 6
954 3701 1048 3754 νῦν
1081 3700 1568 3773 προσλαϐόμενος,,
1604 3701 1762 3753 οἴσω-

212 3807 299 3857 μεν
329 3793 668 3866 εὐχαρίστως
697 3795 759 3846 τὸ
793 3791 1028 3862 συμϐὰν,
1069 3791 1398 3861 μιμούμενοι
1449 3791 1546 3862 τὴν
1585 3809 1764 3860 μακα-

209 3881 316 3948 ρίαν
344 3884 562 3955 ἐκείνην
589 3885 793 3954 φωνὴν,
826 3882 893 3954 ἢν
927 3886 1133 3945 ἐκεῖνος
1154 3883 1254 3936 οὐκ
1287 3883 1377 3934 ἐπὶ
1403 3881 1642 3954 ἀποὸολῇ
1665 3901 1762 3952 γυ-

209 3972 398 4037 ναικὸς,
430 3975 550 4027 ἀλλ’
583 3977 675 4027 ἐπὶ
700 3978 859 4028 παισὶ
915 3975 1046 4028 δέκα
1093 3975 1229 4044 ὁμοῦ
1291 3974 1599 4045 τεθνηκόσι,
1668 3978 1764 4030 σύν

205 4063 312 4124 ταῖς
333 4064 688 4135 προτεραίαις
713 4065 822 4117 τῶν
858 4065 1012 4127 ἐκτὸς
1029 4064 1246 4117 πάντων
1273 4065 1599 4133 ἀφαιρέσεσι
1622 4082 1637 4096 ο
1670 4067 1766 4118 καὶ⁸

209 4152 330 4224 αὐτῇ
357 4159 425 4226 τῇ
462 4153 729 4226 ὑστεραίᾳ
756 4154 935 4225 πληγῇ
965 4153 1058 4207 τοῦ
1095 4155 1379 4224 σώματος⁸
1415 4155 1507 4206 ἐπὶ
1537 4155 1767 4224 κοπρίας

207 4243 232 4295 6
258 4246 382 4314 πρὶν
415 4246 673 4317 βασιλεὺς
703 4245 1035 4315 καθήμενος,
1074 4248 1169 4300 καὶ
1205 4246 1337 4311 ξέων
1387 4248 1510 4309 τοὺς
1565 4247 1767 4317 ίχῶρας

208 4336 304 4388 τῶν
331 4337 528 4393 ἑαυτοῦ
551 4337 768 4406 σαρκῶν
803 4337 1021 4406 βὼλαξι,
1056 4339 1181 4391 τάδε
1217 4338 1383 4408 φησίν
1407 4355 1420 4369 ο
1470 4339 1532 4390 '0
1554 4339 1768 4405 Κύριος

208 4429 442 4495 ἔδωκεν,
466 4435 500 4486 ό
530 4431 743 4499 Κύριος
767 4428 1045 4498 ἀφείλετο
1067 4444 1081 4458 ⁸
1105 4430 1184 4495 ὡς
1203 4428 1283 4495 τῷ
1311 4431 1506 4499 Κυρίῳ
1534 4429 1764 4497 ἔδοξεν,

209 4522 385 4590 οὕτως
419 4523 527 4578 καὶ
551 4524 810 4592 ἐγένετο.

281 4702 405 4756 Ἐὰν
424 4698 522 4757 οὖν
549 4701 744 4768 ταῦτα,
772 4694 817 4754 ὧ
853 4701 1094 4772 φιλότης,
1133 4701 1218 4771 ἐφ’
1247 4702 1464 4766 ἑαυτοῖς
1496 4703 1590 4755 καὶ
1651 4704 1767 4757 δια-

210 4789 420 4862 Θώμεθα
475 4795 570 4847 καὶ
611 4791 992 4863 φθεγξώμεθα,
1054 4793 1115 4845 οὐ
1178 4792 1394 4862 μακρὰν
1449 4795 1639 4864 εῖημεν
1668 4795 1770 4865 τῆς

215 4884 415 4953 μερίδος
452 4885 677 4938 ἐκείνων
710 4899 723 4913 ⁸
765 4885 899 4938 ἀλλὰ
953 4885 1068 4953 γὰρ
1111 4885 1205 4938 καὶ
1243 4888 1308 4956 τῇ
1362 4889 1606 4956 μακαρίᾳ
1627 4887 1769 4940 ὲκεί-

210 4989 270 5045 νη
321 4977 483 5030 τοῦτο
542 4977 705 5030 καλὸν
764 4977 1051 5046 ἐπιτάφιον
1124 4978 1517 5048 ποιησαίμεθα·
1582 4982 1782 5050 αὐτούς

211 5079 265 5116 τε
291 5070 417 5130 τοὺς
449 5071 516 5121 ὲκ.
543 5068 677 5121 Θεοῦ
708 5069 960 5132 δοθέντας
984 5070 1119 5140 ἡμῖν
1143 5069 1373 5131 κλάδους
1427 5071 1782 5129 ὑποτυπωσό-

217 5159 346 5220 μεθα
371 5160 440 5213 δι’
482 5161 696 5213 ἑαυτῶν
722 5163 800 5223 είς
837 5164 1021 5214 εἰκόνα
1046 5161 1373 5230 θεοτερποῦς
1403 5162 1669 5232 βιώσεως·
1691 5169 1784 5220 καὶ

215 5250 385 5304 πάντα
439 5254 570 5323 ὑμῖν
611 5253 860 5306 ἐντεῦθεν
894 5258 972 5315 εἰς
997 5255 1162 5308 καλὸν
1194 5255 1516 5324 ἁπαντήσοι.
1560 5259 1625 5309 Ἀ
1676 5261 1783 5329 γὰρ

214 5342 238 5391 ό
265 5341 398 5408 Θεὸς
454 5347 482 5397 6
507 5345 724 5408 αἰώνιος
753 5347 780 5398 6
813 5347 919 5397 τῶν
947 5347 1202 5398 ἁπάντων
1230 5348 1507 5416 Δεσπότης
1537 5350 1703 5402 ποιῶν
1726 5353 1782 5402 ὲν

215 5433 339 5500 ἡμῖν
371 5435 586 5506 εὕροιεν
615 5436 858 5505 εὐμενῶς
889 5437 1209 5506 δεχομένους
1231 5454 1243 5466 ’
1285 5438 1402 5499 πῶς
1442 5442 1542 5491 οὐκ
1569 5441 1632 5492 ἂν
1687 5443 1782 5495 καὶ

216 5525 277 5577 τὰ
306 5529 554 5596 παρόντα
585 5529 717 5598 ἡμῖν
748 5525 804 5582 εὖ
847 5529 1118 5598 διάθηται,
1161 5532 1225 5599 τῇ
1285 5531 1625 5601 παρακλήσει
1686 5533 1780 5585 τοῦ

219 5618 368 5683 ἁγίου
413 5621 579 5673 αὐτοῦ
615 5622 924 5691 Πνεύματος
951 5640 964 5652 ’
999 5625 1092 5675 καὶ
1148 5624 1213 5676 τὰ
1249 5624 1506 5692 μέλλοντα
1558 5627 1780 5694 ἑτοιμά-

222 5721 357 5760 σειεν
390 5711 806 5782 ἀπολᾳυστήρια
835 5713 891 5763 ὲν
925 5713 1115 5765 αἰῶσιν
1147 5715 1394 5784 ἀπείροις
1415 5733 1429 5780 ;
1453 5714 1636 5767 Ταῦτα
1670 5717 1778 5784 ἐγὼ

286 5888 330 5920 ⁷⁸
364 5889 472 5944 Tit.
511 5908 565 5951 ll,
597 5901 650 5941 ο.
729 5891 774 5920 ⁸ο
810 5889 950 5944 Psal.
990 5906 1060 5953 ‹;ι,
1108 5891 1173 5945 3,
1241 5893 1279 5922 ⁸³
1323 5889 1422 5946 Job
1474 5909 1507 5952 ι,
1540 5893 1628 5944 2|.

1859 3341 2056 3395 Davide
2085 3339 2394 3407 loquamur.
2434 3337 2571 3404 Quid
2605 3353 2731 3406 ergo
2753 3337 2775 3390 ?
2794 3352 2861 3390 an
2895 3335 3234 3389 tristabimur
3255 3331 3430 3387 ultra-

1858 3433 2108 3496 modum,
2140 3442 2191 3486 et
2216 3447 2449 3487 maerore
2488 3429 2861 3485 inconsolabili
2903 3425 3427 3482 conﬁciemur?1\'e-

1859 3540 2128 3596 quaquam
2152 3524 2358 3592 utique,
2381 3535 2744 3590 nequaquam,
2764 3534 2797 3572 ο
2818 3517 3276 3573 desideratissime
3295 3532 3310 3581 ;
3331 3514 3426 3569 sed

1860 3619 2095 3671 scientes
2129 3613 2318 3679 Deum,
2349 3612 2440 3682 qui
2473 3613 2614 3665 hanc
2662 3610 2812 3680 prius
2848 3609 2914 3662 ad
2951 3609 3072 3661 vitae
3107 3606 3425 3660 societatem

1863 3708 2020 3762 nobis
2052 3707 2293 3768 dederat,
2329 3704 2505 3773 ipsum
2529 3718 2649 3758 esse
2679 3703 2772 3771 qui
2803 3702 2942 3754 hanc
2975 3713 3120 3753 nunc
3160 3695 3424 3761 abstulit;

1863 3814 1986 3854 cum
2019 3797 2316 3866 gratiarum
2347 3796 2566 3849 actione
2594 3808 2781 3847 casum
2813 3791 2958 3845 hunc
2987 3788 3249 3851 feramus,
3280 3786 3427 3840 cele-

1864 3889 2162 3944 berrimum
2203 3886 2306 3941 Job
2338 3887 2632 3949 imitantes,
2662 3883 2984 3950 beatamque
3019 3879 3164 3933 illam
3199 3878 3320 3945 ejus
3342 3891 3431 3930 vo-

1863 3998 1982 4036 cem
2017 3989 2368 4048 usurpantes,
2403 3992 2565 4046 quam
2625 3975 2734 4038 ille,
2778 3988 2885 4027 non
2922 3971 3154 4040 conjuge
3204 3970 3428 4034 amissa,

1864 4074 1958 4127 sed
1987 4087 2110 4125 cum
2141 4071 2326 4125 decem
2357 4068 2451 4122 lilii
2475 4082 2538 4121 ac
2561 4066 2685 4121 ﬁliae
2734 4065 2894 4119 simul
2922 4064 3262 4117 interiissent
3284 4100 3300 4124 ,
3339 4075 3432 4114 or-

1867 4166 2135 4233 batusque
2167 4171 2323 4216 antea
2355 4159 2512 4213 bonis
2541 4157 2798 4212 omnibus
2829 4155 3072 4210 externis
3129 4153 3343 4217 luisset,
3368 4167 3434 4207 ac

1866 4255 2166 4310 novissime
2222 4252 2470 4320 corporis
2505 4250 2659 4318 plaga
2733 4262 3048 4317 oppressus,
3086 4245 3140 4299 in
3192 4244 3431 4310 sterqui-

1869 4348 2023 4412 linio,
2069 4346 2160 4414 qui
2196 4359 2290 4397 rex
2332 4353 2455 4397 ante
2486 4341 2685 4404 fuerat,
2743 4339 2969 4409 jaceret,
3005 4338 3324 4405 saniemque
3367 4349 3434 4388 ex

1868 4438 2144 4493 ulceribus
2199 4435 2315 4490 suis
2364 4441 2674 4488 manantem
2725 4440 2860 4484 testa
2889 4428 3128 4491 raderet,
3166 4425 3432 4496 protulit:

1875 4531 2132 4584 Dominus
2151 4529 2316 4591 dedit,
2344 4526 2598 4580 Dominus
2622 4524 2839 4578 abstulit
2868 4538 2887 4576 :
2909 4522 3049 4575 sicut
3074 4520 3297 4574 Domino
3319 4518 3437 4588 pla-

1795 4600 1843 4657 Ῑ)
1870 4621 1998 4680 cuit,
2023 4621 2100 4672 ita
2134 4621 2332 4689 factum
2356 4627 2431 4670 est
2463 4617 2531 4669 ³¹.

1947 4710 2002 4764 Si
2034 4726 2162 4779 ergo
2199 4711 2313 4764 haec
2361 4709 2500 4778 apud
2550 4722 2671 4773 nos,
2704 4722 2737 4761 ο
2763 4706 2955 4771 amice,
2986 4702 3439 4760 constituerimus

1874 4815 1928 4859 et
1955 4804 2294 4868 dixerimus;
2331 4803 2401 4856 ab
2450 4802 2666 4855 illorum
2702 4811 2848 4855 sorte
2891 4815 3000 4854 non
3035 4797 3227 4868 procul
3259 4794 3439 4850 aberi-

1876 4912 2000 4951 mus
2029 4913 2044 4961 ;
2078 4895 2170 4950 sed
2223 4905 2277 4949 et
2319 4896 2487 4949 beata:
2521 4895 2598 4948 illi
2630 4893 2916 4962 pulchrum
2971 4893 3076 4945 hoc
3101 4889 3438 4959 epitaphium

1878 4979 2275 5043 confecerimus
2306 4988 2597 5056 ;ipsosque
2621 5002 2650 5040 a
2684 4984 2795 5039 Deo
2824 4984 2983 5038 datos
3007 4983 3165 5037 nobis
3191 4982 3440 5036 surculos

1877 5080 2295 5136 int‘ormabimus
2325 5094 2419 5147 per
2450 5093 2549 5131 nos
2593 5076 2737 5144 ipsos
2764 5076 2831 5128 ad
2878 5073 3168 5142 imaginem
3205 5071 3315 5125 Deo
3343 5085 3437 5124 ac—

1879 5183 2047 5244 ceptae
2070 5173 2194 5226 vitae
2227 5191 2239 5224 :
2268 5179 2321 5224 et
2354 5170 2537 5222 omnia
2572 5168 2696 5221 inde
2728 5166 2884 5220 vobis
2929 5178 3189 5233 prospere
3247 5177 3442 5216 succe-

1880 5265 2025 5318 dent.
2063 5264 2119 5317 Si
2168 5263 2314 5316 enim
2362 5260 2812 5319 Deus'aeternus,
2857 5256 3099 5310 omnium
3154 5255 3439 5316 Dominus,

1883 5369 2002 5421 quae
2032 5354 2191 5407 nobis
2218 5352 2426 5416 fecerit,
2453 5367 2516 5405 ea
2544 5352 2770 5404 libenter
2819 5358 3159 5416 acceptantes
3197 5349 3394 5402 viderit
3424 5388 3440 5413 ,

1884 5445 2158 5514 quomodo
2211 5459 2314 5498 non
2369 5454 2423 5497 et
2475 5444 2758 5512 praesentia
2795 5442 2952 5496 nobis
2984 5450 3127 5497 recte
3159 5439 3445 5508 dispertiet

1885 5536 2187 5589 interventu
2219 5535 2392 5589 sancti
2421 5535 2592 5604 ipsius
2629 5531 2880 5603 Spiritus,
2905 5543 2959 5587 et
2987 5532 3199 5585 futuras
3233 5531 3447 5600 parabit

1882 5627 2099 5681 delicias
2144 5628 2198 5681 in
2244 5628 2459 5682 saaculis
2515 5627 2878 5682 interminatis
2926 5626 2949 5678 ?
3000 5623 3125 5678 lla'c
3183 5637 3301 5692 ego,
3341 5621 3444 5676 etsi

1882 5733 2069 5786 pauca,
2100 5727 2277 5774 tamen
2311 5729 2367 5774 ut
2402 5730 2522 5775 tuus
2545 5719 2596 5774 in
2627 5719 2910 5785 cbaritate,
2939 5726 2993 5774 et
3014 5716 3208 5786 scripsi
3231 5754 3244 5780 ,
3271 5723 3324 5770 et
3345 5713 3446 5769 ad-
