3934 6460
490 393 623 457 1467
1674 391 1734 451 S.
1775 388 2082 451 THEODO

2196 387 2545 451 STUDITE
3597 371 3732 434 1468

486 506 734 557 hortatus
763 518 906 558 sum.
935 501 1014 557 Tu
1043 516 1194 568 vero,
1227 500 1475 564 Domine,
1505 500 1654 570 ipsos
1687 499 1886 553 liberos
1930 508 2085 578 tuos.

2190 498 2257 551 ,ὲν
2289 499 2338 550 εἰ
2378 497 2470 549 καὶ
2501 491 2729 566 βραχέα,
2762 490 2915 560 ὅμως
2961 485 3036 548 ὡς
3066 483 3155 578 σὸς
3186 479 3590 578 ένᾼάγάπῃλκαὶ
3649 479 3738 546 γέ-

486 593 777 665 praeclaros
808 595 990 650 verbis
1035 594 1237 650 nostris
1267 593 1508 649 salutare
1539 605 1607 644 ue
1636 590 1907 661 graveris.

2190 607 2347 659 ’ραφα
2422 588 2517 642 καὶ
2576 581 2951 656 παρεκάλεσα.
3019 576 3192 636 Αὐτὸς
3245 574 3324 639 δὲ,
3374 567 3419 626 ὦ
3452 572 3735 636 δέσποτα,

2163 678 2305 731 αὐτά
2366 678 2436 732 τὰ
2485 677 2644 747 τίμιά
2694 691 2788 728 σου
2812 672 2980 726 τέκνα
3026 669 3350 740 προσειπεῖν
3403 666 3534 735 περὶ
3583 664 3740 735 ἡμῶν

2164 771 2418 836 ἀξίωσον.

2308 885 2414 939 PN'
2448 883 2581 956 (ιιι).
2606 912 2677 925 -
2699 881 3063 951 Εὐφροσύνα
3082 873 3411 949 ἡγουμένῃ.
3451 869 3640 944 [mea]

1166 1005 1232 1054 Ut
1251 1003 1692 1054 sanctimonialium
1722 1002 2066 1065 praefecturam
2094 1016 2189 1066 qua
2209 1017 2296 1068 par
2329 1001 2688 1066 est'diligentia
2712 999 3046 1050 administret.

839 889 1018 946 CL.—-—
1032 889 1393 958 Eupltrosynte
1429 885 1743 956 praeposita.

561 1116 717 1182 Quod
750 1131 895 1171 cura;
932 1115 1093 1172 nobis
1135 1115 1206 1169 sit
1251 1116 1555 1170 reverentia
1604 1124 1717 1181 tua,
1773 1115 1930 1168 testis
1979 1125 2063 1169 est

2239 1115 2362 1168 Ὀτι
2398 1115 2551 1184 μέλει
2580 1115 2711 1184 ἡμῖν
2739 1111 2871 1183 περὶ
2896 1110 2994 1181 τῆς
3022 1104 3341 1178 τιμιότητός
3366 1119 3484 1166 σου,
3531 1101 3746 1170 μαρτύ-

495 1219 682 1263 nostra
727 1208 840 1262 haec
869 1209 1048 1263 tenuis
1096 1208 1350 1277 epistola.
1386 1207 1522 1262 Cum
1584 1209 1726 1262 enim
1757 1207 1928 1261 beata:
1984 1207 2061 1262 illi

2190 1224 2280 1260 nov
2298 1206 2359 1259 τὸ
2387 1205 2511 1276 τῇδε
2544 1205 2701 1276 ἡμῶν
2729 1201 2986 1257 ταπεινὸν
3039 1199 3290 1270 γράμμα.
3345 1195 3479 1249 Οὐδὲ
3532 1193 3644 1263 γάρ
3693 1192 3750 1245 ὃν

495 1307 802 1367 sanctasque
832 1300 989 1352 matri
1020 1297 1242 1368 polliciti
1273 1299 1447 1353 simus
1471 1300 1651 1354 verbis
1681 1299 1907 1361 nostris,
1947 1297 2064 1353 fore

2190 1300 2321 1368 ,όγον
2348 1295 2698 1366 ὑπεσχόμεθα
2742 1297 2809 1365 τῇ
2847 1290 3098 1364 μακαρίᾳ
3129 1287 3316 1358 ἐκείνῃ
3347 1287 3440 1339 καὶ
3473 1282 3608 1353 ἁγίᾳ
3643 1300 3751 1352 μη-

498 1401 558 1445 ut
591 1392 909 1461 dignitatem
958 1399 1128 1453 tuam,
1156 1389 1337 1458 quoad
1367 1389 1482 1444 fieri
1514 1400 1716 1458 posset,
1751 1389 2061 1446 foveremus

2190 1393 2279 1465 ιρι,
2311 1391 2403 1444 ἐπὶ
2449 1389 2509 1444 τὸ
2542 1387 2823 1458 περιέπειν
2856 1385 3004 1457 ἡμᾶς
3035 1381 3135 1454 τὴν
3166 1377 3607 1450 σεμνοπρέπειαν
3656 1391 3752 1427 σου

495 1485 798 1547 visitando,
851 1484 962 1538 sive
1000 1483 1236 1551 longius,
1266 1481 1379 1536 sive
1423 1485 1647 1554 propius
1698 1486 2063 1550 abessemus;

2190 1507 2230 1542 ;ν
2257 1491 2323 1558 τῇ
2347 1486 2435 1541 διὰ
2466 1485 2626 1554 λόγου
2657 1480 2970 1550 ἐπισκέψει,
3002 1477 3124 1531 καθ’
3153 1477 3277 1530 ὅσον
3300 1467 3410 1525 οἷόν
3429 1488 3509 1535 τε,
3545 1468 3756 1539 μακρό-

497 1575 684 1630 fallere
714 1573 866 1627 nefas
901 1571 1082 1626 fuerit.
1113 1570 1178 1624 Et
1221 1587 1370 1636 vero,
1405 1574 1621 1631 etiamsi
1655 1576 1794 1629 ratio
1837 1591 1937 1630 nos
1979 1577 2069 1631 illa

2190 1580 2328 1651 ὶενῆ
2365 1577 2594 1648 ἐγγύθεν
2622 1576 2804 1641 ὄντας,
2868 1575 3013 1628 ὅσιον
3076 1564 3492 1639 διαψεύσασθαι.
3555 1561 3755 1615 Καίτοι

499 1681 614 1720 non
656 1675 919 1728 moverel,
950 1664 1064 1733 ipsa
1097 1674 1185 1717 tua
1213 1663 1279 1717 de
1324 1664 1483 1719 nobis
1523 1666 1820 1720 humilibus
1852 1666 2068 1733 fiducia,

2190 1689 2241 1740 γε
2272 1673 2320 1724 εί
2353 1671 2448 1724 καὶ
2479 1670 2554 1739 μὴ
2605 1666 2818 1721 ἐκεῖθεν
2851 1665 3072 1734 εἴχομεν
3097 1662 3189 1715 τὸν
3212 1659 3393 1726 λόγον,
3417 1655 3521 1721 κάξ
3582 1653 3756 1723 αὐτῆς

500 1769 704 1828 tuaque
737 1772 864 1827 erga
890 1771 989 1810 nos
1023 1756 1215 1836 merita
1239 1757 1653 1824 persuaderent,
1689 1768 1744 1812 ut
1766 1759 1861 1814 tibi
1887 1776 2073 1815 curam

2190 1738 2272 1818 σου
2310 1762 2602 1834 μόνης-τῆς
2624 1759 2752 1828 περὶ
2783 1758 2930 1828 ἡμᾶς
2945 1754 3072 1818 τοὺς
3102 1751 3345 1815 εὐτελεῖς
3372 1744 3758 1817 πεπομιθὴσεὼς

501 1865 596 1920 per
621 1851 830 1904 litteras
859 1848 1314 1918 impenderemus.
1338 1846 1499 1903 Salve
1516 1851 1704 1918 igitur,
1721 1852 1921 1906 femina
1944 1853 2077 1907 mihi

2190 1873 2237 1909 τε
2265 1855 2358 1908 καὶ
2388 1852 2790 1923 περιποιήσεως
2821 1844 3152 1915 ὲπειθόμεθα
3191 1842 3257 1896 ἂν
3285 1841 3372 1894 διὰ
3416 1838 3512 1892 τοῦ
3570 1836 3760 1923 γράμς

503 1941 945 2004 honorutissima,
982 1950 1036 1993 et
1064 1954 1311 2008 gregem,
1344 1955 1504 2006 quem
1541 1942 1636 1995 tibi
1667 1953 1852 1997 sancta
1884 1953 2077 2008 mater,

506 2042 600 2086 aut
619 2033 798 2101 potius
829 2031 972 2086 Deus
1007 2047 1100 2101 per
1132 2033 1276 2084 illam
1297 2033 1594 2098 commisit,
1616 2050 1741 2104 rege
1770 2051 2079 2106 congruen-

505 2135 586 2179 ter
645 2123 752 2179 Deo
802 2140 864 2178 ac
905 2125 1154 2179 sollicito.
1201 2124 1349 2178 Scito
1383 2128 1681 2181 maximum
1713 2143 1837 2184 esse
1882 2143 2077 2184 munus

507 2214 846 2284 praefectura:
894 2231 1057 2284 quam
1121 2217 1428 2285 suscepisti.
1487 2217 1734 2288 Agnosce
1774 2220 2079 2274 animarum

507 2322 629 2375 quae
653 2306 754 2359 sub
781 2321 943 2359 manu
974 2315 1063 2358 tua
1083 2306 1615 2361 suntconditionem.
1649 2307 2079 2378 Receptaculum

507 2400 706 2467 quippe
736 2406 819 2452 est
858 2412 1180 2464 sponsarum
1223 2395 1387 2466 Regis
1437 2399 1724 2466 caelorum,
1755 2401 1925 2456 solius
1955 2416 2079 2473 spe-

509 2491 645 2544 ciosi
666 2501 718 2544 et
746 2489 1066 2544 immortalis
1092 2489 1290 2558 Sponsi
1316 2488 1519 2545 Christi
1554 2511 1568 2546 :
1597 2493 1689 2562 qui
1721 2509 1831 2548 non
1865 2493 2079 2548 unicam

513 2581 608 2634 tibi
642 2596 893 2650 sponsam
946 2581 1195 2644 credidit,
1229 2580 1282 2633 in
1325 2581 1466 2635 diem
1502 2581 1938 2651 desponsationis
1970 2599 2083 2639 suae

511 2690 606 2744 per
635 2673 1070 2742 conjunctionem
1121 2672 1174 2726 in
1229 2671 1436 2740 Spiritu
1480 2683 1672 2727 sancto
1700 2691 1715 2740 ;
1755 2675 1846 2728 sed
1876 2683 1956 2728 tot
1980 2690 2083 2727 nu-

512 2779 662 2818 mero
698 2772 827 2832 quot
864 2764 1030 2818 habes
1063 2778 1227 2817 :cum
1269 2772 1325 2815 tu
1355 2763 1493 2831 ipsa,
1534 2765 1709 2832 prima
1747 2765 1823 2818 sis
1853 2779 2077 2833 sponsa.

512 2854 822 2925 Despondet
841 2856 983 2909 enim
1010 2853 1169 2908 Jesus
1195 2853 1356 2907 etiam
1385 2869 1505 2921 quae
1534 2854 1677 2909 sicut
1710 2865 1762 2907 ttt
1791 2853 1859 2908 de
1879 2855 2080 2909 sreculo

514 2956 822 3012 venerunt;
869 2956 1127 3015 tanquam
1181 2945 1474 2998 multarum
1530 2954 1691 3014 atque
1741 2945 2081 2998 infinitarum

2182 1961 2354 2015 ματος
2385 1920 2696 2015 προσοίσειν
2725 1937 3068 2009 ἐπιμέλειαν.
3107 1934 3350 2003 Ὑγίαινε
3376 1920 3760 1999 τοιγαροῦν,ῶ

2178 2038 2482 2109 τιμιωτάτη
2534 2052 2648 2104 μοι.
2679 2033 2774 2085 καὶ
2807 2030 2959 2098 ἄγοιο
2985 2029 3045 2082 τὸ
3091 2027 3364 2096 ποίμνιον,
3420 2024 3449 2076 ὃ
3488 2019 3765 2091 παρέθετό

2182 2149 2265 2184 σοι
2297 2131 2330 2201 ἡ
2367 2129 2496 2197 ἁγία
2524 2125 2735 2197 ἀμμὰς,
2775 2123 2974 2194 μᾶλλον
3011 2120 3068 2174 δὲ
3096 2120 3162 2172 δι’
3195 2119 3362 2189 αὐτῆς
3384 2119 3411 2170 ὁ
3459 2114 3591 2176 Θεὸς
3637 2112 3762 2165 θεο-

2181 2222 2407 2295 πρεπῶς
2433 2220 2528 2273 καὶ
2555 2215 2848 2286 ἐπιμελῶς.
2879 2212 3020 2265 Ἴσθι
3047 2211 3120 2275 ὡς
3144 2210 3402 2282 μέγιστον
3417 2207 3477 2259 τὸ
3498 2205 3596 2274 τῆς
3620 2220 3765 2272 προ-

2183 2317 2411 2377 στασίας
2452 2329 2546 2366 σου
2579 2311 2906 2379 ἐγχείρημα.
2947 2304 3249 2359 Γνῶθιτῶν
3280 2302 3385 2355 ὐπὸ
3441 2297 3604 2369 χεῖρά
3662 2314 3760 2350 σου

2180 2408 2368 2479 ψυχῶν
2399 2406 2458 2459 τὸ
2497 2403 2762 2472 θεώρημα
2785 2417 2798 2430 ·
2845 2400 2926 2453 ὅτι
2949 2391 3497 2469 νυμφοφυλακτήριόν
3527 2391 3644 2442 ἐστι
3664 2388 3764 2442 τοῦ

2185 2499 2450 2572 βασιλέως
2485 2494 2594 2549 τῶν
2630 2479 2901 2562 οὐρανῶν,
2931 2491 3023 2544 τοῦ
3065 2489 3230 2558 μόνου
3259 2483 3465 2556 ὡραίου
3501 2483 3596 2535 καὶ
3654 2483 3768 2549 ἁφ-

2183 2595 2379 2665 θάρτου
2409 2589 2665 2660 Νυμφίου
2694 2586 2957 2656 Χριστοῦ.
2997 2586 3092 2646 Ὃς
3114 2583 3173 2634 οὐ
3209 2580 3337 2651 μίαν
3390 2577 3608 2647 νύμφην
3679 2592 3769 2628 σοι

2182 2685 2452 2756 παρέθετο
2481 2684 2560 2746 είς
2594 2681 2807 2754 ἡμέραν
2837 2676 3192 2748 νυμφεύσεως
3221 2670 3408 2734 αὐτοῦ,
3454 2670 3542 2723 διὰ
3572 2668 3676 2737 τῆς
3704 2669 3770 2718 ὲν

2181 2780 2322 2848 ἁγίῳ
2352 2775 2631 2847 Πνεύματι
2665 2771 2959 2840 συναφείας
2984 2785 2997 2797 ⁸
3032 2767 3169 2820 ἀλλὰ
3212 2763 3481 2824 τοσαύτας
3508 2763 3641 2822 ὅσας
3698 2775 3768 2826 γε

2182 2876 2280 2929 καὶ
2305 2872 2448 2943 ἔχοις
2468 2887 2480 2900 ·
2532 2869 2625 2924 σοῦ
2654 2887 2715 2922 τε
2746 2863 2918 2935 αὐτῆς
2946 2859 3345 2930 πρωτονύμφου
3362 2852 3766 2925 τυγχανούσης.

2183 2963 2540 3035 Νυμφεύεται
2571 2962 2681 3032 γὰρ
2721 2956 2927 3029 Ἰησοῦς
2960 2953 3055 3008 καὶ
3112 2952 3212 3012 τὰς
3256 2949 3332 3012 ὡς
3387 2949 3450 3000 σύ
3501 2947 3588 2999 διὰ
3646 2944 3769 3013 βίου

527 3034 796 3104 Sponsus,
834 3050 1134 3104 omnesque
1187 3043 1299 3088 tum
1334 3033 1574 3086 virorum
1628 3042 1743 3088 tum
1791 3035 2080 3090 mulierum

2190 3033 2525 3128 ἐληλυθυίας,
2553 3055 2628 3116 ὡς
2663 3050 3015 3120 πολύνυμφος
3045 3047 3141 3100 καὶ
3195 3042 3625 3131 ἁπειρὸνυμφος,
3671 3038 3772 3131 καὶ

516 3129 729 3183 animas
784 3127 1025 3195 copulari
1079 3126 1184 3181 sibi
1241 3125 1596 3180 desiderans:
1650 3126 1718 3180 ad
1750 3127 2082 3195 implendum

520 3235 818 3289 supernum
854 3219 1128 3285 conclave,
1170 3217 1223 3271 in
1264 3233 1372 3286 quo
1431 3217 1610 3271 multae
1647 3218 1955 3272 mansiones
1993 3232 2085 3271 ve-

519 3314 601 3367 lut
639 3312 857 3366 thalami
893 3312 1112 3381 quidam
1138 3326 1166 3365 a
1203 3310 1359 3364 Patre
1389 3309 1559 3378 parati
1599 3310 1910 3376 animabus,
1964 3324 2085 3378 quae

519 3406 696 3475 dignae
724 3405 919 3458 habitae
976 3402 1176 3456 fuerint
1226 3417 1320 3472 per
1380 3403 1544 3455 vitam
1576 3417 1763 3469 puram
1795 3441 1809 3464 ,
1845 3410 1896 3455 et
1925 3401 2084 3454 fidem

522 3496 814 3559 sinceram,
845 3504 925 3559 ut,
974 3508 1096 3549 cum
1131 3503 1342 3562 tempus
1365 3494 1624 3548 adventus
1658 3493 1854 3562 Sponsi
1889 3492 2082 3558 aderit,

522 3597 645 3660 post
674 3589 822 3642 illum
854 3597 1118 3650 currant,
1147 3597 1200 3640 et
1248 3587 1410 3641 simul
1465 3588 1665 3641 intrent
1712 3586 1765 3638 in
1806 3585 2085 3646 conclave,

524 3682 818 3750 laetitiaque
846 3681 936 3735 illa
964 3690 1162 3735 aeterna
1185 3680 1529 3750 perfruantur
1554 3679 1610 3734 in
1632 3676 1828 3734 saecula
1858 3675 2087 3732 saeculo-

523 3776 723 3830 lorum.

595 3968 734 4024 Ecce
762 3969 1190 4024 demonstratum
1234 3970 1326 4024 tibi
1361 3978 1443 4023 est
1486 3966 1846 4021 ministerium
1877 3966 2022 4036 quod
2057 3981 2088 4021 a

527 4056 755 4111 Domino
803 4057 1098 4126 accepisti,
1133 4069 1186 4112 et
1237 4073 1516 4129 magnum,
1555 4065 1608 4110 et
1643 4057 1810 4111 multa
1843 4055 1895 4109 in
1939 4056 2090 4111 caelis

527 4150 776 4203 mercede
833 4151 1293 4218 compensandum
1331 4168 1346 4216 ;
1378 4159 1439 4204 ut
1482 4165 1591 4204 non
1644 4159 1695 4204 te
1744 4149 1939 4214 solam,
1997 4149 2092 4204 sed

527 4243 726 4297 multas
763 4253 965 4297 aeterno
1009 4243 1221 4312 Sponso
1273 4259 1501 4312 sponsas
1543 4244 1780 4297 adducas
1811 4261 1825 4310 ;
1856 4258 1950 4308 pro
1971 4242 2092 4312 qui-

528 4334 632 4388 bus
660 4345 864 4403 quanta
913 4343 968 4389 et
995 4336 1171 4404 qualis
1207 4335 1539 4389 retributio?
1576 4334 1877 4388 Collocabit
1928 4344 1977 4387 te
2008 4333 2093 4387 in-

2190 3151 2367 3212 πάσας
2393 3146 2568 3216 ψυχάς
2597 3141 2805 3213 ἀνδρῶν
2839 3158 2897 3194 τε
2929 3139 3024 3194 καὶ
3048 3135 3326 3207 γυναικῶν
3380 3130 3519 3201 ἐρῶν
3587 3129 3773 3216 ἁρμόζ-

2189 3213 2511 3304 ζεσθαι,”είς
2539 3236 2599 3287 τδ
2630 3232 2925 3303 πληρῶσαι
2960 3229 3052 3283 τὸν
3108 3229 3222 3283 ἀνω
3278 3224 3543 3295 νυμφῶνα
3568 3241 3581 3252 ·
3613 3223 3674 3275 ἐν
3725 3213 3773 3288 ᾧ

2189 3330 2381 3384 πολλαὶ
2431 3329 2487 3380 αἱ
2519 3328 2680 3398 μοναὶ
2708 3320 2796 3380 οἶά
2833 3341 2978 3385 τινες
3010 3322 3245 3392 θάλαμοι
3272 3317 3419 3389 παρὰ
3441 3316 3533 3368 τοῦ
3549 3315 3772 3383 [ἰατρὸς

2189 3417 2602 3490 ἡτοιμάσθησαν
2625 3419 2747 3479 ταῖς
2772 3414 3239 3486 ἁξιωθησομέναις
3268 3409 3491 3480 ψυχαῖς,
3524 3408 3613 3458 διὰ
3645 3405 3770 3474 βίου

2189 3509 2431 3581 καθαροῦ
2464 3510 2560 3563 καὶ
2586 3508 2831 3570 πίστεως
2861 3505 3190 3578 εἰλικρινοῦς
3221 3522 3234 3535 ·
3267 3502 3430 3572 ἡνίκα
3481 3499 3684 3563 φθάσει
3743 3499 3773 3550 ὁ

2187 3601 2377 3674 καιρὸς
2404 3602 2501 3671 τῆς
2527 3598 2922 3670 ἀποκαλύψεως
2947 3599 3039 3652 τοῦ
3073 3595 3354 3665 Νυμφίου,
3387 3592 3565 3644 ὀπίσω
3594 3591 3772 3644 αὐτοῦ

2189 3695 2421 3766 δραμεῖν
2459 3691 2952 3747 καὶησυνεισελθεῖν
2983 3692 3040 3743 ὲν
3074 3688 3152 3757 τῷ
3183 3683 3454 3756 νυμφῶνι,
3528 3683 3625 3736 καὶ
3664 3683 3774 3752 τῆς

2189 3791 2493 3861 ἀπεράντου
2524 3790 2698 3861 χαρᾶς
2724 3788 2938 3857 ἐκείνης
2967 3781 3274 3840 ἀπολαῦσαι
3303 3781 3382 3842 είς
3399 3778 3603 3840 αίῶνας
3633 3774 3775 3828 αἰώ-

2190 3900 2317 3937 νων.

2275 3976 2406 4029 ’1δού
2435 3973 2809 4030 ὐποδέδεικταί
2837 3971 2987 4042 σουὴ
3044 3967 3286 4022 διακονία
3330 3966 3397 4036 ἢν
3453 3963 3774 4034 παρέλαϐες

2194 4068 2346 4137 παρά
2376 4068 2605 4137 Κυρίου,
2644 4064 2856 4136 μεγάλη
2880 4079 2961 4124 τε,
2995 4060 3090 4113 καὶ
3120 4058 3333 4114 πολλῶν
3357 4055 3622 4128 ἀμοιϐαία
3672 4074 3770 4123 μι-

2196 4159 2338 4214 σθῶν
2369 4158 2636 4228 οὐρανίων
2662 4174 2675 4186 ·
2699 4156 2772 4218 ὡς
2809 4154 2884 4225 μὴ
2917 4152 3074 4223 μόνον
3104 4151 3190 4214 σὲ,
3245 4149 3383 4202 ἀλλά
3419 4151 3514 4202 καὶ
3560 4147 3776 4208 πολλὰς

2195 4250 2412 4318 νύμφας
2437 4251 2720 4318 προσοϊσαι
2746 4245 2822 4315 τῷ
2860 4243 3113 4312 ἀθανάτῳ
3176 4239 3444 4310 Νυμφίῳο
3501 4237 3645 4306 ὑπὲρ
3697 4230 3780 4289 ὧν

2197 4343 2294 4410 ὅση
2321 4341 2416 4395 καὶ
2437 4339 2595 4411 ἡλίκη
2627 4340 2659 4408 ἡ
2689 4335 3072 4398 ἀνταπόδοσιςι
3105 4332 3386 4396 τετάξεταί
3416 4347 3475 4383 σε
3503 4330 3561 4380 ὲν
3593 4328 3778 4398 πρού-

528 4438 610 4482 ter
640 4429 1004 4497 praecellentes
1055 4442 1282 4496 sponsas
1306 4469 1318 4491 ,
1357 4428 1495 4480 inter
1533 4429 1734 4482 electas
1775 4427 2085 4481 adolescen-

2191 4429 2410 4499 χούσαις
2437 4429 2693 4497 νύμφαις,
2719 4429 2774 4479 ὲν
2800 4426 3080 4488 ὲκλεκταῖς
3097 4424 3330 4476 νεάνισιν
3350 4437 3364 4453 ο
3393 4419 3668 4489 ὲμπλόκιά
3688 4434 3781 4472 σοι

529 4518 716 4578 tulas,-;
750 4517 969 4571 monilia
993 4517 1083 4570 tibi
1106 4517 1402 4581 exhibebit,
1424 4516 1679 4584 perennia
1708 4518 1942 4586 Spiritus
1958 4516 2087 4571 cha-

527 4610 775 4672 rismata,
816 4609 1134 4663 vestimenta
1164 4607 1360 4672 lucida,
1392 4608 1903 4676 incorruptibilitate
1926 4623 2087 4662 coru-

528 4702 735 4755 scantia
768 4718 782 4754 :
815 4699 1095 4754 coronabit
1151 4708 1203 4754 te
1266 4713 1465 4754 corona
1514 4698 1736 4768 justitiae
1784 4700 2088 4752 :choream

527 4807 656 4861 ages
689 4791 1138 4856 indissolubilem,
1169 4790 1424 4860 angelicae
1457 4805 1665 4858 parem,
1695 4805 1819 4844 cum
1851 4789 2091 4844 exsulta-

528 4883 675 4934 tione
701 4880 1046 4948 sempiterna.
1079 4879 1232 4946 Quod
1266 4879 1534 4948 reliquum
1589 4887 1692 4944 est,
1731 4879 1874 4944 vide,
1910 4877 2090 4932 domi-

527 4988 619 5038 na,
648 4983 701 5026 et
740 4972 953 5025 attende
1005 4971 1097 5024 tibi
1135 4972 1236 5041 ipsi
1275 4989 1290 5038 ;
1328 4971 1640 5041 Christique
1691 4988 1921 5042 sponsas
1968 4988 2090 5027 cum

528 5080 657 5118 cura
689 5065 897 5119 custodi
933 5063 1091 5118 :ciba
1121 5064 1241 5118 illas
1269 5079 1405 5133 puro
1446 5079 1584 5132 pane
1610 5065 1869 5119 doctrina:
1905 5066 2094 5119 ortho-

528 5154 680 5208 doxae
715 5171 727 5206 :
760 5164 884 5222 pota
934 5153 1135 5209 fluento
1175 5155 1329 5208 bonae
1367 5155 1698 5223 operationis
1727 5172 1740 5219 ;
1777 5172 1834 5209 ut
1869 5156 2095 5225 pingues

527 5247 639 5301 sint
665 5254 718 5299 et
757 5246 1032 5314 speciosae,
1063 5245 1129 5299 de
1161 5248 1361 5301 animte
1399 5246 1798 5316 pulchritudine
1825 5256 1878 5300 ct
1912 5246 2092 5314 specie

528 5337 744 5406 loquor,
775 5353 932 5406 quam
975 5335 1333 5407 concupiscit,
1371 5339 1509 5394 sicut
1544 5341 1826 5409 pollicetur
1870 5349 2090 5394 sanctus

529 5427 719 5494 David,
747 5429 993 5485 Christus
1038 5429 1179 5484 Deus
1235 5440 1435 5485 noster.
1476 5431 1567 5485 Sic
1595 5433 1739 5487 enim
1773 5432 1881 5487 ait:
1929 5431 2091 5496 Audi,

530 5519 666 5588 ﬁlia,
697 5530 747 5574 et
777 5522 910 5586 vide,
946 5531 993 5575 et
1026 5521 1222 5574 inclina
1260 5539 1438 5576 aurem
1491 5534 1638 5579 tuam
1672 5541 1691 5590 ;
1721 5535 1768 5579 et
1793 5525 2092 5580 obliviscere

2184 4521 2476 4590 παράσχοι.
2508 4519 2576 4571 τὰ
2623 4518 2716 4570 τοῦ
2750 4516 3066 4586 Πνεύματος
3096 4515 3243 4568 ἀΐδια
3271 4512 3607 4583 χαρίσματα’
3643 4511 3780 4562 ἐπι-

2185 4612 2436 4681 ϐλὴματα
2453 4609 2734 4680 φωτοειδῆ,
2750 4608 3054 4679 ἀφθαρσίαν
3071 4607 3463 4677 ἀστράπτοντα·
3486 4601 3784 4670 στεφανώ-

2186 4719 2268 4755 σει
2298 4719 2357 4755 σε
2378 4703 2456 4773 τῷ
2481 4703 2580 4772 τῆς
2597 4701 2942 4770 δικαιοσύνης
2958 4699 3224 4768 στεφάνῳ·
3247 4694 3526 4766 χορεύσεις
3545 4696 3781 4765 χορείαν

2185 4794 2398 4860 ἄλυτον,
2429 4794 2516 4847 ίσα
2563 4795 2655 4847 καὶ
2695 4792 2964 4861 ἀγγέλοις,
3015 4793 3111 4844 σὺν
3152 4789 3462 4857 ἀγαλλιάσει
3503 4788 3785 4858 ἀκηράτῳ

2195 4887 2338 4961 [θοὰ.
2364 4885 2818 4958 Βθε.ἀμηρύτῳ].
2837 4886 3009 4938 Βλέπε
3035 4883 3240 4948 λοιπὸν,
3271 4881 3453 4951 κυρία,
3480 4881 3576 4934 καὶ
3599 4882 3784 4950 πρόσ-

2195 4995 2286 5049 εχε
2314 4981 2507 5048 σαυτῇ,
2538 4978 2742 5040 καὶτὰς
2755 4979 2970 5047 νύμφας
2983 4973 3076 5028 τοῦ
3094 4971 3332 5045 Χριστοῦ
3349 4971 3639 5041 φυλάττοιο
3669 4989 3783 5024 πε-

2201 5070 2542 5139 ριμερίμνως
2567 5083 2581 5098 ⁸
2610 5069 2834 5139 τρέφοις
2861 5067 3030 5129 αὐτάς
3051 5063 3129 5134 τῷ
3154 5062 3380 5134 καθαρῷ
3395 5062 3654 5131 ἄωῳτῆς
3680 5064 3783 5133 ὀρ-

2197 5160 2438 5224 θοδοξίας
2461 5175 2477 5190 ·
2510 5160 2744 5225 ποτίζοις
2771 5159 2848 5228 τῷ
2876 5158 3080 5228 νάματι
3118 5157 3218 5226 τῆς
3253 5153 3574 5225 εὐπραξίας,
3607 5153 3686 5216 ὡς
3707 5155 3784 5208 ἂν

2198 5248 2307 5305 εἷεν
2330 5254 2531 5316 πίονες,
2563 5251 2891 5323 ῶραιοειδεῖς
2917 5267 2932 5282 ⁸
2968 5250 3104 5322 πρὸς
3135 5249 3197 5300 τὸ
3238 5246 3432 5309 κάλλος
3459 5245 3558 5314 τῆς
3586 5245 3783 5314 ψυχῆς

2196 5345 2442 5412 ὁλόγος·
2506 5339 2567 5399 οῦ
2622 5346 2714 5397 καὶ
2768 5343 3046 5412 ἐπιθυμεῖ,
3110 5341 3293 5405 καθὼς
3343 5339 3686 5408 ὑπισχνεῖται
3751 5342 3783 5392 ὁ

2194 5433 2347 5501 ἆγιος
2373 5432 2552 5500 Δαυτὸ,
2580 5433 2997 5504 ΧριπὸςὸΘεὸς
3024 5432 3200 5502 ἡμῶν.
3224 5430 3358 5500 Φησὶ
3370 5428 3479 5497 γάρ
3505 5444 3522 5459 ο
3551 5429 3784 5481 Ἀκου-

2201 5541 2337 5591 σον,
2371 5526 2642 5596 θύγατερ,
2671 5526 2770 5582 καί
2789 5525 2902 5583 ἴδε.
2929 5526 3025 5581 καὶ
3055 5523 3264 5579 κλῖνον
3289 5521 3356 5576 τὸ
3379 5515 3490 5584 οὖς
3506 5533 3650 5583 σου,
3669 5518 3784 5574 καὶ

2043 5712 2282 5772 NOTAE.

605 5824 716 5896 (ἀι)
751 5827 804 5882 lu
838 5829 960 5884 cod.
995 5830 1126 5901 Reg.
1166 5837 1289 5901 903'.
