3934 6512
239 476 355 538 1469
1383 468 1792 534 EPISTULAB

1867 469 1915 529 M
1952 471 2101 532 LIB.
2157 474 2242 532 II.
3284 474 3420 540 1470

234 567 494 619 ἐπιλάθου
522 565 624 619 τοῦ
661 567 814 622 λαοῦ
848 581 987 634 σου,
1023 567 1120 620 καὶ
1152 567 1259 621 τοῦ
1295 567 1463 621 οἵκου
1500 566 1609 620 τοῦ
1651 577 1763 622 πα·

1871 569 2114 632 populum
2147 576 2315 628 tuum,
2353 573 2402 619 et
2430 565 2642 618 domum
2671 567 2841 636 patris
2876 568 2974 631 tui,
3003 577 3054 621 et
3098 572 3424 639 concupiscet

231 660 349 725 τρός
361 674 490 722 σου,
509 657 605 710 καὶ
627 657 982 727 ἐπιθυμήσει
1003 661 1035 712 ό
1045 661 1345 724 ,βασιλεὺς
1358 660 1464 713 τοῦ
1493 659 1764 726 κάλλους

1872 670 1953 708 rea:
1976 654 2213 709 decorem
2240 665 2389 710 tuum
2412 672 2430 709 :
2451 658 2699 726 quoniam
2731 660 2848 726 ipse
2872 666 2951 712 est
2989 658 3246 713 Dominus
3280 670 3425 726 tuus,

232 765 330 801 σου
353 764 366 778 ·
396 748 480 800 ὅτι
505 750 687 814 αὐτός
711 749 843 802 ἐστι
872 750 1086 818 Κύριός
1104 765 1242 814 σου,
1278 750 1378 804 καὶ
1419 749 1764 819 προσκυνή-

1874 759 1911 803 et
1941 750 2187 804 adorabis
2215 765 2333 803 eum
2363 750 2426 803 ⁸².
2465 748 2623 804 Vides
2680 753 2822 821 quod
2867 793 2881 817 ,
2911 753 3042 806 dum
3100 753 3282 806 oblitaa
3330 768 3427 809 vos

229 853 341 902 σεις
354 836 526 902 αὐτῷ.
559 839 721 909 Ὁρᾷς
746 840 826 892 ὃτι
851 842 907 892 ἐν
937 840 1013 909 τῷ
1029 841 1375 895 ἐπιλαθέσθαι
1399 841 1562 910 ὑμᾶς,
1594 842 1763 911 ἤγουν

1870 848 2016 905 estis,
2055 842 2162 897 hoc
2190 849 2293 907 est,
2331 844 2680 899 renuntiastis
2732 835 3070 913 parentibus,
3133 845 3423 899 fratribus—

230 927 575 991 ἀποτάξασθαι
601 929 870 998 γονεῦσιν,
913 931 1158 1000 ἀδελφοῖς
1211 949 1271 985 τε
1325 933 1419 986 καὶ
1453 931 1760 1000 συγγενέσι,

1874 947 1969 1002 que
2039 942 2092 988 et
2168 936 2431 1003 cognatis,
2489 935 2786 1004 amicisque
2861 944 2918 990 et
2980 937 3191 991 cunctis
3267 936 3427 1004 hujus

229 1019 383 1088 φίλοις
418 1039 475 1073 τε
525 1023 619 1075 καὶ
650 1025 782 1076 πᾶσι
811 1025 923 1087 τοῖς
959 1024 1095 1077 κατὰ
1123 1024 1214 1078 τὸν
1243 1023 1374 1094 βίον,
1421 1023 1763 1095 ἐπεθύμησεν

1875 1024 2044 1080 saeculi
2082 1025 2266 1088 rebus,
2296 1027 2606 1096 concupivit
2628 1041 2718 1080 rex
2749 1027 3203 1096 pulchritudinem
3233 1030 3428 1084 animm

227 1113 360 1180 ὑμῶν
399 1116 426 1166 ό
454 1114 703 1184 βασιλεὺς
726 1117 820 1169 τοῦ
853 1117 1082 1180 κάλλους
1102 1118 1200 1188 τῆς
1219 1118 1397 1189 ψυχῆς
1417 1120 1496 1182 είς
1520 1119 1767 1188 νυμφίω-

1873 1127 2056 1171 vestrae
2106 1118 2173 1171 ad
2199 1117 2670 1187 desponsationem
2721 1118 2744 1170 ?
2797 1117 2930 1171 Illud
2991 1133 3161 1173 vero:
3194 1122 3320 1184 Ipse
3349 1129 3426 1173 est

226 1221 323 1271 σιν;
356 1205 422 1259 Τὸ
448 1207 522 1272 δὲ,
547 1210 736 1273 Αὐτός
758 1210 889 1262 ἐστι
917 1210 1131 1277 Κύριός
1161 1224 1298 1276 σου,
1366 1210 1463 1263 καὶ
1497 1225 1764 1279 προσκυ-

1875 1207 2121 1262 Dominus
2154 1217 2273 1263 tuus
2297 1250 2313 1274 ,
2363 1219 2412 1264 et
2450 1211 2695 1264 adorabis
2745 1226 2862 1263 eum
2891 1209 2936 1241 ⁸³
2966 1225 2982 1275 ;
3019 1209 3197 1274 vobis,
3253 1211 3307 1264 in
3339 1212 3428 1266 die

223 1294 411 1361 νήσεις
438 1297 618 1362 αὐτῷ,
651 1301 938 1369 γενήσεται
969 1300 1097 1371 ὑμῖν
1136 1301 1194 1354 ἐν
1211 1303 1277 1371 τῇ
1309 1301 1492 1371 ἡμέρᾳ
1523 1302 1621 1371 τῆς
1644 1302 1768 1354 ἐπι-

1080 1318 1097 1352 v
1136 1301 1194 1354 ἐν
1211 1303 1277 1371 τῇ
1309 1301 1492 1371 ἡμέρᾳ
1523 1302 1621 1371 τῆς
1644 1302 1768 1354 ἐπι-
1864 1300 2130 1355 adventus
2169 1301 2338 1372 ipsius
2364 1301 2633 1357 Obveniet.

224 1387 428 1454 φανείας
460 1389 646 1444 αὑτοῦ.

286 1478 359 1542 Ὦ,
391 1477 455 1544 ὣ,
490 1474 602 1532 οἷον
636 1480 974 1551 ἐφρονήσατε
1004 1481 1391 1553 ἐπιλαϐόμεναι
1432 1482 1542 1536 τῶν
1593 1483 1766 1537 ἁπάν-

1935 1477 2002 1542 0,
2018 1493 2051 1533 o
2067 1494 2226 1549 quam
2249 1480 2523 1548 sapienter
2540 1480 2726 1549 egistis
2742 1481 3120 1537 obliviscen‘tes
3144 1484 3386 1536 omnium
3410 1485 3422 1536 !

221 1571 330 1620 τωνι
357 1569 544 1634 Βασαὶ,
574 1571 755 1641 βαϐαὶ,
773 1572 887 1624 οἴου
915 1572 1204 1642 ἐπετὺχετε
1232 1575 1483 1645 Νυμφίου
1511 1576 1523 1629 l
1548 1575 1768 1645 Κροτή-

1876 1567 2041 1639 Ρθριε,
2067 1585 2236 1639 papae,
2275 1573 2487 1639 qualem
2519 1569 2789 1639 Sponsum
2822 1573 3028 1641 adeptae
3073 1575 3224 1628 estis!
3260 1573 3429 1626 Plau-

221 1678 349 1714 σατε
370 1662 570 1730 χεζοας
593 1663 938 1727 ἀλαλάξατε
973 1664 1054 1730 τῷ
1100 1664 1220 1730 Θεῷ
1247 1666 1316 1719 ἐν
1367 1666 1536 1735 φωνῇ
1591 1668 1767 1737 ἀγαλ-

1872 1663 1971 1716 dite
2016 1663 2278 1726 manibus,
2304 1661 2532 1731 jubilate
2561 1662 2664 1717 Deo
2691 1665 2745 1717 in
2789 1680 2908 1718 voce
2935 1664 3309 1718 exsuhationis
3341 1665 3425 1722 “':

220 1747 456 1816 λιὰσεως
485 1766 499 1779 ο
530 1751 613 1804 ὅτι
642 1751 781 1822 ὑπὲρ
824 1753 1004 1815 πάσας
1057 1754 1157 1816 τὰς
1191 1754 1282 1807 ἐπὶ
1332 1755 1437 1822 γῆς
1486 1756 1764 1826 βασιλείας

1874 1769 1930 1809 eo
1967 1755 2110 1824 quod
2139 1770 2305 1825 super
2336 1755 2517 1808 omnia
2550 1765 2705 1809 terrae
2755 1769 2918 1823 regna
2960 1756 3209 1809 exaltataa
3250 1757 3382 1812 estis
3412 1774 3427 1810 :

221 1838 445 1911 ὑψώθητε
470 1859 485 1874 ο
519 1844 660 1913 ὑπὲρ
691 1844 868 1898 πάντα
892 1845 960 1896 τὰ
974 1844 1149 1915 ὡραῖα
1169 1847 1268 1913 τῆς
1297 1847 1401 1916 γῆς
1428 1847 1760 1918 ὡραΐσθητε.

1874 1859 2030 1914 super
2055 1845 2237 1899 omnia
2290 1845 2534 1914 speciosa
2582 1856 2737 1900 terra:
2783 1845 3046 1914 speciosae
3081 1844 3236 1900 facta:
3272 1849 3427 1902 estis.

218 1910 473 1986 Αἰδοῦνται
495 1910 641 2004 ὑμᾶς
669 1937 764 1988 καὶ
789 1910 1037 2005 ἄγγελοι,
1064 1910 1415 2008 περιέπουσιν
1473 1910 1616 2009 μᾶς
1664 1910 1763 1993 οιαὶ

1876 1935 2203 1990 Revereatur
2230 1951 2328 1992 vos
2367 1937 2527 1992 etiam
2583 1932 2780 2004 angeli,
2827 1935 3184 1991 circumstant
3232 1953 3331 1991 vos
3376 1948 3429 1992 et

219 2027 522 2095 αρχὰγγελοι
544 2045 557 2058 ο
587 2028 916 2099 προῦχουσαι
941 2031 1097 2101 ὑμεῖς
1111 2031 1378 2100 βασιλίδες
1409 2032 1467 2084 ἐν
1491 2032 1759 2103 οὐρανοῖς,

1877 2028 2169 2097 irchangeli
2199 2046 2213 2081 :
2257 2028 2622 2098 praecellentes
2650 2029 2703 2080 in
2738 2028 2889 2082 caelis
2913 2029 3110 2097 reginae
3160 2042 3255 2080 vos
3295 2029 3430 2082 estis

219 2115 449 2186 ὑπεράνω
483 2119 678 2172 πασῶν
715 2121 962 2193 μητέρων
1006 2122 1098 2174 καὶ
1126 2121 1440 2191 θυγατέρων
1489 2123 1596 2176 τῶν
1654 2125 1763 2178 ἀπὸ

1872 2134 2024 2188 supra
2075 2135 2266 2173 omnes
2323 2129 2524 2173 matres
2567 2135 2632 2173 ac
2663 2119 2803 2174 tilias
2840 2133 2961 2188 quae
3003 2134 3067 2172 ex
3123 2133 3285 2172 carne
3322 2136 3425 2172 na-

219 2211 398 2276 σαρκὺς
441 2211 768 2280 ἐρχομένων.
803 2211 1007 2264 Οὐκοῦν
1030 2211 1268 2282 χαίρετε,
1297 2215 1391 2266 καὶ⁸
1438 2215 1761 2284 συγχαίρετε

1878 2219 2109 2265 scuntur.
2140 2209 2478 2279 Quapropter
2526 2210 2771 2279 gaudete,
2818 2219 2870 2264 et
2899 2209 3234 2279 congaudete
3289 2211 3431 2263 invi-

218 2298 469 2368 ὰλ).ήλαις·
503 2301 574 2353 τὰ
606 2301 838 2354 ἐπίπονα
864 2301 1111 2354 ἐντεῦθεν
1148 2305 1248 2374 τῆς
1298 2305 1606 2370 ἀσκήσεως,
1661 2307 1758 2360 εἴτ’

1877 2317 1975 2357 :em
2005 2323 2016 2356 :
2045 2302 2254 2357 labores
2285 2303 2409 2357 inde
2438 2302 2690 2356 asceticae
2716 2302 2861 2364 vitae,
2889 2312 3149 2371 tanquam
3189 2301 3279 2356 illa
3311 2301 3430 2355 tha—

215 2385 294 2440 οὖν
343 2389 750 2459 θαλαμεὺσεως,
782 2391 1039 2461 φέρουσαι
1088 2393 1371 2464 abditiwa
1428 2396 1641 2452 εἰδυῖαι
1673 2398 1761 2452 ὅτι

1875 2411 2039 2449 ramus
2073 2396 2142 2449 sit
2186 2395 2360 2461 vobis,
2395 2393 2628 2450 ferentes
2683 2395 2966 2460 alacriter;
3009 2395 3242 2449 scientes
3282 2395 3428 2462 quod

217 2477 364 2533 πᾶσα
395 2482 552 2549 σὰρξ
608 2484 858 2550 χόρτοςο
907 2480 1076 2538 πᾶσα
1121 2483 1272 2548 δόξα
1315 2485 1629 2553 ἀνθρώπου
1683 2489 1763 2555 ὠς

1877 2490 2032 2541 amnis
2066 2505 2188 2541 caro
2223 2488 2402 2558 fenum
2423 2504 2442 2541 :
2468 2489 2636 2544 omnis
2689 2490 2858 2558 gloria
2897 2487 3122 2540 hominis
3154 2489 3290 2540 sicut
3334 2488 3430 2556 ﬂos

215 2574 375 2641 ἄνθος
401 2577 622 2644 χόρτου
647 2592 661 2605 ·
695 2575 864 2628 πᾶσαί
889 2593 948 2628 τε
979 2577 1262 2647 ἐπιθυμίαι
1290 2578 1383 2631 τοῦ
1414 2579 1606 2643 αἰῶνος
1639 2580 1763 2633 τού-

1877 2581 2046 2648 Γεηίθθς
2065 2582 2310 2635 etomnia
2331 2582 2492 2650 hujus
2509 2580 2688 2634 saeculi
2711 2580 2974 2634 desideria
2995 2595 3060 2633 ex
3079 2580 3430 2648 corruptione

214 2683 294 2718 του
343 2671 403 2720 ἐκ
432 2671 639 2740 φθορᾶς
665 2668 758 2722 καὶ
785 2671 863 2732 είς
892 2669 1098 2741 φθορὰν
1131 2673 1534 2742 καταλήγουσαι
1558 2691 1572 2704 ·
1603 2675 1762 2744 μόνον

1887 2691 1916 2726 ιι
1947 2675 2351 2742 corruptionem
2375 2673 2661 2738 desinunt;
2692 2672 2839 2725 solus
2855 2685 2984 2724 vero
3001 2686 3156 2724 amor
3174 2680 3353 2725 vester
3379 2680 3433 2724 et

213 2760 262 2810 δὲ
291 2761 436 2830 ὑμῶν
464 2762 662 2832 δέρως
689 2761 783 2814 καὶ
809 2763 840 2831 ἡ
872 2765 1138 2834 ἐπιθυμία
1177 2765 1402 2835 ἄπειρος
1433 2768 1526 2819 καὶ
1552 2768 1764 2836 ἄφθαρ-

1877 2764 2190 2818 iesiderium
2215 2780 2408 2835 expers
2424 2774 2508 2819 est
2530 2763 2653 2818 ﬁnis
2678 2772 2730 2818 et
2759 2763 3140 2832 corruptionis.
3164 2763 3430 2817 Pusillum

213 2868 309 2914 τος.
344 2854 554 2923 Μικρὸν
582 2851 767 2905 λοιπὸν
819 2855 945 2907 ὅσον
991 2857 1346 2926 ἀναμείνατε,
1408 2858 1758 2928 ὑπομείνατε,

1879 2856 2005 2926 μιοό
2033 2864 2204 2910 restat
2231 2863 2562 2925 exspectate,
2592 2854 2854 2909 sustinete
2881 2868 2895 2905 :
2921 2868 3015 2908 vos
3059 2852 3275 2922 quidem
3312 2868 3432 2920 quae

215 2943 633 3016 ὑποτασσόμεναι
668 2945 764 3014 μὲν
807 2947 964 3017 ὑμεῖς
994 2952 1060 3018 τῇ
1090 2948 1254 3019 κυρίᾳ
1286 2951 1350 3021 τῇ
1382 2951 1763 3022 πρωτονὺμφῳ

1879 2948 1934 3002 ad
1968 2947 2173 3002 Christi
2209 2946 2407 3016 Sponsi
2463 2961 2703 3000 amorem
2758 2945 3164 2999 conciliandum
3204 2953 3258 2999 et
3300 2960 3432 2998 con-

214 3036 375 3097 καλῶς
405 3036 503 3087 καὶ
535 3035 801 3103 εὑηκόως,
833 3036 901 3089 τὰ
926 3037 1304 3108 τοῦσΝυμφίου
1337 3039 1573 3110 Χριστοῦ
1623 3043 1762 3112 ἐρω-

1880 3041 2186 3097 servandum
2221 3039 2448 3104 faciunt,
2485 3038 2772 3108 imperanti
2803 3037 3116 3091 obedientes
3137 3046 3194 3090 ut
3235 3035 3389 3090 decet
3418 3053 3433 3103 ;

212 3128 323 3181 τικέι
366 3127 633 3197 ἰδιώματα
662 3131 756 3182 καί
786 3129 1110 3199 φυλάγματα
1160 3130 1524 3202 ἐπιταττοὺσῃ
1551 3149 1564 3163 ο
1626 3130 1762 3200 αὑτὴ

1888 3149 1981 3202 psa
2028 3149 2156 3187 vero
2192 3131 2436 3194 domina,
2479 3139 2540 3183 ut
2593 3127 2865 3198 Sponsum
2919 3137 3333 3196 repraesentans,
3383 3137 3437 3181 et

213 3218 259 3270 δὲ
287 3222 444 3289 κυρία
469 3220 549 3281 ὡς
576 3220 963 3291 νυμφιοφόρος,
991 3221 1084 3272 καὶ
1114 3219 1211 3290 τὴν
1232 3220 1407 3291 ψυχὴν
1438 3221 1754 3290 προϊεμένη,

1881 3224 2110 3276 animam
2144 3237 2451 3292 exponens,
2508 3236 2576 3274 ne
2632 3220 2738 3273 alia
2793 3219 2994 3283 dicam,
3030 3219 3098 3272 ad
3133 3219 3434 3288 puellarum

217 3313 280 3380 μὴ
303 3313 378 3364 ὅτι
413 3312 480 3379 γέ
520 3328 571 3364 τι
620 3311 727 3365 τῶν
756 3311 952 3375 ἄλλων,
987 3312 1066 3374 εἰς
1089 3312 1438 3382 περιποίησιν
1467 3313 1574 3365 τῶν
1638 3330 1764 3367 νεα-

1883 3314 2236 3370 lefensioneln
2287 3332 2301 3379 ;
2345 3328 2521 3382 neque
2563 3313 2757 3366 animae
2814 3321 3021 3365 tantum
3057 3353 3072 3377 ,
3120 3312 3215 3367 sed
3273 3313 3436 3366 etiam

215 3403 372 3467 νίδων,
408 3405 470 3458 οὑ
515 3404 656 3472 λέγω
691 3404 869 3474 ψυχῆς
898 3404 1086 3474 μόνης,
1149 3405 1283 3457 ἀλλὰ
1342 3407 1433 3457 καὶ
1479 3404 1727 3474 σώματος
1751 3421 1764 3435 °

1882 3408 2113 3475 :orporis
2163 3428 2174 3463 :
2233 3407 2464 3477 implens
2511 3405 2654 3474 quod
2707 3405 2838 3458 dicit
2871 3403 3163 3473 Apostolus
3200 3403 3435 3472 :Cupide

212 3496 479 3565 πληροῦσα
510 3496 568 3547 τὸ
604 3497 708 3547 ὑπὸ
738 3496 828 3548 τοῦ
873 3497 1190 3549 Ἀποστόλου
1222 3497 1509 3566 είρημένον
1535 3513 1548 3526 ·
1597 3497 1765 3565 Ἰμει-

1881 3501 2167 3555 volebamus
2191 3501 2395 3554 tradere
2416 3500 2579 3562 vobis,
2612 3514 2713 3550 non
2743 3497 2912 3551 solum
2942 3496 3283 3565 Evangelium
3315 3496 3434 3558 Dei,

207 3584 429 3652 ρόμενοι
458 3585 831 3654 εὐδοκοῦμεν
847 3587 1209 3655 μεταδοῦναι
1240 3587 1403 3653 ὑμῖν,
1455 3588 1526 3640 οὐ
1572 3589 1760 3655 μόνον

1881 3595 1956 3648 sed
1983 3595 2144 3647 etiam
2165 3594 2372 3646 animas
2400 3603 2609 3645 nostras
2627 3590 2692 3654 ⁸⁸,
2718 3590 2771 3643 in
2797 3587 3016 3642 Christo
3050 3585 3176 3640 Jesu
3202 3585 3434 3640 Domino

213 3677 267 3728 τὸ
297 3676 665 3746 Εὐαγγέλιον
693 3677 795 3731 τοῦ
837 3678 1003 3744 Θεοῦ,
1055 3678 1214 3730 ἀλλὰ
1266 3679 1361 3731 καὶ
1398 3677 1505 3744 τὰς
1537 3678 1764 3732 ἑαυτῶν

1885 3693 2058 3740 rostro
2090 3703 2104 3752 ;
2143 3701 2172 3739 a
2204 3700 2310 3753 quo
2339 3695 2392 3739 et
2431 3699 2527 3738 vos
2580 3699 2678 3753 pro
2720 3683 2878 3736 nobis
2937 3679 3166 3735 salutem
3216 3679 3438 3733 Immitis

195 3767 419 3834 ψυχὰς,
453 3770 517 3820 ὲν
547 3767 768 3836 Χριστῷ
813 3767 985 3838 Ἰησοῦ
1015 3766 1091 3835 τῷ
1125 3767 1313 3837 Κυρίῳ
1339 3767 1493 3838 ἡμῶν
1514 3784 1528 3798 ⁶
1563 3768 1621 3818 ὃν
1671 3771 1748 3820 καί

1886 3780 2066 3832 mima:
2123 3789 2323 3832 nostrae
2366 3777 2529 3846 petite
2564 3795 2576 3829 :
2607 3785 2667 3830 ut
2699 3776 2764 3830 de
2791 3775 2991 3844 quibus
3027 3773 3163 3827 alios
3224 3772 3439 3825 monui-

212 3863 327 3928 περὶ
353 3862 515 3931 ἡμῶν
544 3861 777 3912 αἰτεῖσθε
791 3860 886 3930 τὴν
919 3859 1188 3929 σωτηρίαν
1201 3862 1297 3930 τῆς
1318 3861 1576 3929 ταπεινῆς
1605 3863 1636 3930 ή
1648 3861 1762 3930 μῶν

1886 3885 2015 3934 nus,
2052 3885 2240 3923 eorum
2284 3868 2694 3922 meminerimus
2733 3866 2870 3935 ipsi,
2910 3872 2964 3918 et
2992 3878 3022 3918 a
3048 3863 3192 3916 malo
3246 3876 3439 3916 onmes

212 3950 369 4020 ψυχῆς
393 3969 407 3980 ·
434 3953 523 4002 ἵνα
563 3945 643 4012 οἷς
675 3949 1104 4018 ἐνουθετήσαμεν
1161 3950 1613 4021 νενουθετὴμεθα,
1671 3955 1763 4007 καὶ
1867 3962 2181 4016 liberemur.

213 4041 510 4112 σωζοίμεθα
560 4043 760 4104 πάντες
788 4041 894 4096 ἀπὸ
926 4039 1018 4093 τοῦ
1043 4041 1309 4112 ΙΙονηροῦ.

213 4155 348 4210 ΡΝΛ¹
386 4157 526 4227 (42).
563 4181 632 4194 -·
665 4151 1007 4224 Σευηριανῷ
1056 4153 1165 4220 υἱῷ
1205 4157 1582 4225 πνευματικῷ
1623 4158 1757 4230 (45).

1660 4160 1757 4228 ιδ).
2097 4159 2224 4215 CLI.
2262 4188 2331 4199 -—
2366 4157 2648 4214 Severiano
2680 4158 2793 4226 ﬁlio
2832 4154 3107 4226 spirituali
3131 4154 3213 4226 (‘).

583 4268 725 4328 Quod
749 4281 916 4330 neque
937 4266 1159 4318 Christus
1190 4268 1242 4318 in
1273 4284 1358 4319 sua
1385 4270 1596 4334 imagine
1615 4272 1794 4322 colitur
1826 4275 2003 4334 latria;
2038 4287 2203 4335 neque
2238 4271 2397 4335 imago
2429 4271 2609 4323 Christi
2631 4271 2771 4322 latria
2799 4271 3024 4321 colenda.

270 4357 429 4408 Ὀσον
477 4353 745 4423 εὔφρανεν
788 4354 931 4424 ἡμᾶς
967 4354 1000 4421 ὴ
1055 4356 1225 4424 μικρὰ
1259 4356 1764 4424 ἐπιστολὴ,τέκνον,

1943 4361 2158 4424 Quanto
2191 4373 2289 4411 nos
2316 4357 2517 4427 gaudio
2548 4355 2804 4409 affecerat
2836 4356 3016 4409 brevis
3059 4350 3291 4422 epistola
3320 4360 3435 4410 tua,

209 4449 449 4502 τοσοῦτον
476 4447 747 4514 ἐλύπησεν
773 4447 806 4514 ἡ
846 4445 1065 4513 μείζων.
1113 4448 1200 4510 Ὠς
1234 4447 1344 4515 γὰρ
1386 4449 1459 4518 μή
1483 4467 1568 4500 πω
1610 4451 1762 4521 κινή-

1884 4451 1970 4511 fili,
1996 4460 2207 4504 tantum
2245 4450 2450 4504 doloris
2471 4464 2536 4503 ex
2571 4449 2864 4517 prolixiore
2901 4446 3166 4514 cepimus.
3203 4443 3437 4499 Perinde

214 4539 392 4598 παντός
459 4554 554 4588 σου
585 4536 741 4602 λόγον
769 4538 897 4605 περὶ
934 4533 1042 4586 τῶν
1084 4535 1141 4587 ἐν
1186 4537 1322 4604 αὑτῇ
1375 4539 1764 4608 ἐμφερομένων

1883 4544 2013 4597 enim
2043 4558 2107 4596 ac
2135 4543 2182 4598 si
2212 4542 2276 4596 de
2309 4541 2580 4596 contentis
2609 4540 2662 4591 in
2689 4554 2749 4592 ea
2781 4535 3252 4607 propositionibus
3295 4550 3436 4588 non-

211 4630 554 4699 προτάσεων·
594 4625 732 4696 μήτε
765 4624 1064 4695 ἀκηκοότος
1108 4626 1245 4696 πρὸς
1291 4627 1446 4695 ἡμῶν
1495 4629 1556 4681 τὸ
1602 4630 1760 4683 δέονο

1886 4633 1998 4685 lum
2025 4633 2184 4686 verba
2216 4631 2407 4686 feceris
2433 4671 2449 4694 ,
2510 4645 2685 4698 neque
2738 4645 2768 4682 a
2818 4628 2974 4682 nobis
3013 4628 3156 4696 quod
3195 4641 3291 4695 par
3321 4635 3439 4680 erat

211 4721 368 4789 ἣχθης
400 4720 495 4773 νῦν
544 4721 819 4790 προτεῖναι
862 4718 962 4780 τὰς
1007 4720 1209 4785 φωνὰς,
1261 4719 1419 4787 δῆθεν
1475 4724 1572 4791 μὲν
1623 4724 1764 4795 ἄλλῳ

1883 4726 2185 4790 audiveris;
2221 4726 2276 4778 in
2312 4726 2445 4779 istas
2491 4738 2637 4777 nunc
2671 4735 2830 4776 voces
2861 4722 3126 4790 erumpis,
3184 4735 3279 4789 per
3310 4734 3436 4788 spe-

215 4813 513 4881 μαχόμενος
565 4809 863 4881 προσώπῳ,
901 4806 1100 4877 μᾶλλον
1150 4811 1247 4878 μέν
1280 4805 1373 4863 οὖν
1418 4814 1483 4881 τῇ
1540 4813 1768 4886 ἀληθείᾳ

1881 4818 2006 4872 ciem
2043 4818 2257 4886 quidem
2290 4815 2445 4886 quasi
2478 4830 2601 4869 cum
2632 4814 2738 4868 alio
2776 4813 3048 4868 dimicans
3071 4851 3085 4875 ,
3130 4813 3306 4879 reipsa
3335 4826 3434 4862 an-

213 4904 721 4972 ἁντικαθιστάμενος
748 4918 762 4932 ο
820 4901 997 4954 καίτοι
1058 4901 1133 4971 μὴ
1178 4902 1408 4970 ὀφείλων
1456 4905 1766 4960 διδάσκειν·

1881 4921 1979 4965 tem
2032 4910 2245 4963 veritati
2285 4922 2592 4978 repugnans
2627 4925 2639 4960 :
2674 4906 2926 4975 quamvis
2973 4907 3171 4958 docere
3210 4903 3434 4956 omnino

212 4997 263 5047 οὑ
293 4996 433 5064 λέγω
455 4994 713 5048 τοσοῦτον
744 4993 830 5046 διὰ
865 4994 924 5045 ’τὸ
954 4993 1242 5062 ὑφειμένον
1269 5011 1328 5046 σε
1371 4990 1507 5048 εἶναι
1537 5014 1548 5026 ’
1579 4999 1673 5051 καί
1705 5017 1765 5067 γε

1884 5003 1965 5056 Libi
1998 5018 2103 5055 non
2136 5002 2314 5054 liceat.
2351 4999 2457 5054 Nec
2484 4999 2660 5053 solum
2687 4999 2758 5052 ob
2797 4997 3115 5051 tenuitatem
3152 5005 3302 5048 tuam
3333 4993 3437 5045 hoc

216 5091 332 5158 φέρε
368 5087 740 5158 μακροθύμως
768 5100 782 5113 ·
818 5083 953 5135 ἀλλὰ
982 5084 1090 5153 γὰρ
1116 5086 1210 5137 καὶ
1230 5085 1317 5136 διὰ
1350 5085 1411 5137 τὸ
1442 5089 1570 5150 τοὺς
1611 5089 1768 5142 ἁλόν-

1882 5096 2019 5158 dico,
2051 5094 2317 5163 patienter
2342 5090 2571 5152 sustine,
2602 5090 2694 5144 sed
2725 5089 2852 5158 quia
2877 5087 2969 5156 qui
3000 5086 3252 5139 haeretica
3281 5097 3435 5136 com-

213 5199 300 5244 τας
337 5186 403 5252 τῇ
461 5181 711 5249 αἱρετικῇ
758 5175 1036 5246 κοινωνία,
1067 5176 1125 5242 ἐξ
1171 5170 1243 5228 ὧν
1276 5171 1357 5239 εἷς
1397 5179 1485 5241 σὺ,
1522 5179 1597 5250 μὴ
1623 5181 1766 5250 ἔχειν

1881 5187 2139 5240 munione
2170 5182 2415 5238 obstricti
2449 5190 2730 5242 tenentur,
2758 5193 2990 5248 quorum
3035 5192 3065 5231 e
3112 5190 3340 5229 numero
3379 5185 3434 5227 tu

213 5275 515 5344 παρρησίαν
543 5272 778 5339 ἀνοίγειν
807 5272 866 5324 τὺ
913 5272 1085 5339 στόμα
1112 5286 1124 5299 °
1163 5270 1345 5338 μένειν
1379 5270 1434 5322 δὲ
1474 5273 1534 5324 ἐν
1568 5274 1766 5346 ἠσυχίᾳ

1882 5292 2019 5330 unus
2043 5291 2121 5341 es,
2145 5274 2256 5328 oris
2285 5270 2558 5326 reserandi
2594 5270 2901 5323 facultatem
2934 5284 3039 5322 non
3072 5267 3274 5320 habent
3302 5283 3314 5317 :
3343 5264 3435 5317 sed

217 5366 543 5435 καθηκοὺσῃ,
591 5364 686 5416 καὶ
736 5362 1000 5416 αἰτεῖσθαι
1045 5361 1376 5432 συγγνώμην
1438 5362 1601 5432 μέχρι
1648 5364 1765 5432 βίου

1883 5368 1932 5422 in
1966 5365 2308 5421 convenienti
2336 5362 2554 5418 silentio
2584 5375 2803 5414 manere
2831 5401 2847 5425 ,
2895 5376 2959 5414 ac
3005 5358 3216 5413 veniam
3255 5365 3436 5425 petere

279 5481 322 5512 ⁸³
350 5480 494 5536 Psal.
531 5495 675 5543 xuv,
709 5477 795 5541 ll,
840 5476 925 5530 12.
954 5475 999 5506 ⁸³
1027 5475 1162 5529 ibid.
1222 5475 1308 5528 12.
1408 5475 1456 5507 ⁸⁵
1481 5474 1625 5533 Psal.
1672 5496 1793 5536 τινι
1828 5522 1832 5545 η

1422 5475 1456 5507 ⁸⁸
1481 5474 1625 5533 Psal.
1672 5496 1793 5536 XLVI
1828 5522 1842 5546 ,
1879 5484 1934 5540 2.
2008 5484 2056 5516 ⁸⁵
2098 5482 2202 5537 lsa.
2235 5498 2320 5546 XL,
2353 5479 2407 5536 6.
2481 5478 2528 5510 ⁸⁸
2564 5477 2582 5531 ι
2616 5475 2808 5532 Thess.
2838 5491 2897 5540 ll,
2923 5474 2975 5528 8.

1713 5571 1939 5629 ΝΟΤᾹΞ.

282 5668 392 5735 (42)
415 5668 474 5722 lu
495 5666 620 5721 cod.
650 5665 778 5731 Reg.
800 5663 898 5733 ρδ’.
1604 5733 1615 5735 _
1653 5732 1705 5735 __
1727 5732 1740 5735 _

1883 5664 2149 5720 Theodori
2207 5663 2458 5735 exsilium
2499 5661 2824 5735 pertinere,
2875 5655 3181 5725 habentque
3220 5654 3436 5709 titulum

284 5730 394 5807 (45)
417 5736 536 5792 Ηςυο
558 5730 1011 5807 epistola,et_quze
1035 5741 1339 5807 sequuntur
1359 5746 1528 5802 usque
1554 5733 1617 5786 ad
1645 5732 1766 5794 174,

1325 5746 1528 5802 rusque
1554 5733 1617 5786 3d
1645 5732 1766 5794 174,
1877 5736 2241 5807 ΙιυηολἊρχὴ
2269 5734 2362 5807 τοῦ
2401 5730 2620 5801 πρώτου
2651 5730 2878 5799 βιϐλίου.

224 5810 268 5858 in
305 5804 420 5863 cod.
459 5804 623 5875 [legio
653 5804 1193 5876 separatimscriplgc
1249 5815 1376 5855 sunt
1434 5813 1559 5876 ante
1615 5819 1773 5876 supc-
1951 5806 2014 5876 (')
2048 5804 2372 5873 Doglnatica.

227 5893 382 5933 nores
427 5873 614 5933 munies
643 5917 655 5939 ,
697 5886 855 5944 atque
904 5874 1095 5929 ibidem
1136 5873 1390 5927 dicuntur
1430 5874 1495 5927 ad
1555 5874 1770 5927 tertium
