3934 6456
529 377 661 442 1471

1716 377 1776 436 S.
1812 372 2206 435 THEODORI
2238 371 2585 432 STUDlT/E

3635 364 3766 426 1472

527 495 644 540 tota
675 483 784 537 vita
820 483 1038 538 debent.
1067 482 1326 545 Accedit,
1358 481 1503 552 quod
1534 495 1642 536 non
1675 491 1827 536 tanta
1862 481 2097 536 scientia:

2204 479 2426 538 παντός.
2468 479 2722 541 Ἔπειτα,
2756 475 2874 528 οὐδὲ
2896 475 3130 545 τοσαύτη
3150 492 3228 528 σοι
3263 475 3545 545 εὐτεχνίας
3565 473 3771 542 δογμα-

527 576 848 646 dogmaticae
887 576 1080 646 peritia
1109 583 1194 630 est
1227 575 1345 638 tibi,
1371 583 1430 628 ut
1459 582 1712 630 accurate
1746 573 1892 642 loqui
1921 573 2097 628 scias:

527 682 652 722 cum
682 681 783 720 nec
815 667 1254 735 grammaticam,
1276 680 1374 720 nec
1390 664 1791 734 philosophiam
1817 663 2096 734 attigeris:

527 774 763 828 cumque
797 759 832 812 ii
867 758 1032 812 etiam
1078 758 1170 828 qui
1218 759 1269 811 in
1309 758 1394 812 his
1429 758 1675 828 apprime
1710 759 1912 811 versati
1951 765 2096 821 sunt,

526 852 594 906 de
627 851 736 907 Deo
765 852 1045 923 proprium
1079 852 1276 922 dogma
1318 852 1527 906 nullum
1567 852 1797 906 aﬂ‘eraot
1831 851 1953 920 ipsi,
2005 850 2098 904 sed

526 943 839 998 divinorum
890 945 1134 998 virorum
1196 945 1440 1014 vestigiis
1491 945 1769 999 insistant.
1815 943 2097 997 Undenam

527 1049 660 1106 ergo
703 1035 835 1102 tibi,
886 1051 1094 1106 quaeso,
1130 1037 1298 1090 subiit
1327 1038 1547 1091 dicere:
1582 1035 1684 1089 Per
1723 1032 2096 1088 habitudinem

528 1141 637 1180 non
667 1128 926 1182 adorator
952 1129 1131 1197 imago
1157 1128 1400 1181 Christi?
1428 1129 1508 1180 An
1560 1127 1702 1180 nosti
1731 1125 1858 1194 quid
1900 1125 1970 1178 sit
1999 1124 2099 1176 ha-

529 1217 766 1272 bitudo?
798 1217 1070 1271 Habitndo
1109 1233 1296 1272 eorum
1322 1228 1404 1272 est
1432 1233 1554 1286 qua:
1584 1226 1711 1271 sunt
1748 1217 1815 1270 ad
1845 1215 2051 1285 aliquid
2081 1233 2096 1270 :

530 1310 596 1364 ad
627 1309 833 1378 aliquid
869 1299 999 1364 vero
1032 1319 1378 1380 prototypum
1399 1349 1412 1371 ,
1463 1319 1517 1363 et
1547 1309 1690 1378 quod
1727 1309 1850 1362 inde
1878 1321 2101 1376 expres-

532 1417 653 1456 sum
687 1409 816 1456 est:
857 1402 1006 1455 verbi
1041 1402 1248 1471 gratia,
1298 1400 1550 1456 Christus
1598 1410 1654 1454 et
1708 1400 1826 1467 ejus
1872 1401 2096 1470 imago:

531 1492 660 1561 quia
701 1501 993 1560 utrumque
1017 1492 1068 1544 in
1103 1502 1334 1560 utroque
1364 1491 1612 1553 habetur,
1644 1505 1742 1544 nec
1766 1489 2098 1558 disjunctum

530 1592 615 1637 est
647 1583 730 1638 vel
756 1584 1019 1652 potentia,
1061 1583 1146 1637 vel
1183 1583 1377 1650 gloria.
1405 1580 1564 1643 Ecce,
1593 1581 1862 1650 imperite,
1896 1582 2097 1646 nescis,

531 1686 693 1746 atque
717 1679 817 1733 hoc
837 1693 1106 1747 usurpare
1131 1678 1290 1731 licet:
1315 1675 1436 1730 Vidi
1470 1676 1808 1745 iniquitatem
1837 1675 1938 1730 sub
1961 1677 2096 1739 sole,

529 1767 705 1821 virum
761 1769 854 1838 qui
906 1771 1010 1823 sibi
1063 1785 1253 1838 sapere
1291 1769 1610 1835 videbatur;
1663 1776 1735 1834 et,
1764 1768 1910 1838 quod
1945 1767 2100 1838 pejus

529 1870 634 1922 est,
665 1861 799 1918 alios
834 1863 1030 1916 docere
1065 1863 1390 1916 conabatur.
1739 1925 1753 1939 _

600 1952 787 2019 Qualis
814 1969 979 2024 porro
1011 1963 1093 2007 est
1133 1955 1367 2010 secunda
1408 1964 1494 2007 tua
1527 1954 1871 2023 propositio?
1913 1953 2096 2008 Latria

529 2045 730 2098 colitur
762 2045 814 2098 in
862 2045 1099 2115 imagine
1128 2064 1224 2101 sua
1260 2047 1511 2100 Christus
1539 2066 1550 2100 :
1590 2048 1772 2116 itaque
1807 2047 1960 2100 latria
1992 2048 2098 2101 coli

529 2136 863 2191 debetetiam
883 2137 1082 2207 imago.
1119 2137 1274 2193 Unde
1310 2140 1384 2192 vel
1415 2156 1442 2192 a
1461 2154 1568 2207 quo
1591 2139 1828 2194 didicisti
1855 2140 1955 2193 ista
1977 2156 2098 2209 quae

529 2229 697 2283 doces
733 2229 755 2280 ?
790 2228 924 2284 Nam
975 2240 1293 2285 sanctorum
1355 2231 1536 2287 nullus
1577 2232 1676 2286 hoc
1713 2233 1928 2296 dixerit,
1980 2234 2095 2298 sed,

529 2322 748 2375 adorari
811 2321 864 2375 in
918 2322 1152 2393 imagine
1209 2337 1306 2377 sua
1339 2321 1637 2388 Christum,
1671 2332 1725 2378 et
1766 2325 2099 2378 adorandam

530 2428 654 2467 esse
687 2415 1003 2484 imaginem,
1036 2415 1088 2470 id
1122 2425 1225 2481 est,
1269 2416 1667 2479 honorandam,
1704 2433 1798 2469 seu
1835 2433 2100 2472 veneran-

529 2507 653 2559 dam
688 2507 995 2576 (amborum
1041 2507 1184 2561 enim
1233 2507 1374 2562 idem
1419 2515 1503 2561 est
1535 2507 1754 2577 sensus)
1780 2515 1834 2561 et
1863 2511 2096 2563 merito:

529 2598 789 2665 quoniam
818 2597 998 2659 latria,
1051 2598 1194 2652 sicut
1228 2609 1280 2653 et
1310 2597 1466 2665 ﬁdes,
1495 2599 1598 2653 soli
1628 2608 1830 2654 sancta:
1850 2598 2098 2654 Trioitati

531 2691 791 2756 competit
820 2708 832 2741 :
865 2690 968 2743 alia
991 2706 1121 2746 vero
1159 2691 1303 2754 aliis,
1335 2691 1641 2756 Matri.Dei,
1687 2703 1888 2747 sancta:
1926 2693 2097 2758 cruci,

529 2778 759 2843 sanctis,
789 2780 1116 2835 veneranda:
1144 2782 1362 2850 imagini
1389 2771 1612 2846 Christi,
1633 2784 1823 2838 etaliis
1844 2784 2100 2838 omnibus

531 2871 761 2925 sacratis
791 2872 1119 2941 imaginibus
1151 2891 1164 2925 :
1199 2881 1359 2942 atque
1421 2875 1476 2926 in
1527 2883 1735 2927 tantum
1758 2915 1771 2938 ,
1837 2883 2099 2944 quantum

531 2962 942 3032 supereminent
986 2972 1271 3033 prototypa
1311 2964 1380 3018 iis
1425 2979 1548 3033 quae
1591 2979 1657 3017 ex
1704 2964 1810 3017 illis
1845 2980 2100 3032 expressa

529 3065 677 3111 sunt.
714 3055 870 3122 Quod
899 3057 942 3111 si
974 3056 1132 3110 latria
1164 3056 1382 3117 colitur,
1404 3067 1464 3109 ut
1490 3055 1589 3118 ais,
1612 3056 1664 3109 in
1689 3056 1919 3127 imagine
1940 3058 2099 3112 Chri-

2199 570 2356 639 τικῆς
2385 570 2689 638 ἐπιστήμη,
2735 569 2810 631 ὡς
2859 568 3056 620 εἰδέναι
3103 567 3346 637 ἀκριϐῶς
3393 566 3770 634 φθέγγεσθαι,

2205 665 2343 734 μήτε
2402 662 2818 732 γραμματικῆς,
2897 663 3036 732 μήτε
3100 660 3417 729 φιλοσοφίας
3463 660 3768 730 ἁψαμένῳ’

2200 754 2358 807 ὁπότε
2383 755 2480 805 καὶ
2511 753 2559 806 οἱ
2586 754 2790 806 τούτων
2825 754 3189 821 ἐπιστήμονες
3206 752 3348 804 κατὰ
3365 751 3494 803 Θεὸν
3518 753 3622 805 οὐκ
3643 751 3773 804 ἴδιόν

2199 860 2252 896 τι
2289 842 2721 912 δογματίζουσιν,
2743 843 2857 896 ἁλλ’
2884 842 3165 911 ἑπομένως
3187 844 3297 906 τοῖς
3338 841 3645 912 θεοφόροις.
3671 843 3776 895 Πό-

2201 937 2290 990 θεν
2323 932 2415 990 οῦν
2441 953 2522 989 σοι
2573 936 2826 1006 ἐπῆλθεν,
2888 934 3096 1006 ἐρωτῶ,
3143 933 3349 1000 λέγειν’
3383 934 3458 985 Οὐ
3507 934 3775 1004 σχετικῶς

2201 1030 2585 1098 προσκυνεῖται
2632 1029 2663 1094 ἠ
2721 1025 2882 1077 εἰκὼν
2924 1023 3019 1076 τοῦ
3070 1023 3344 1093 Χριστοῦ;
3377 1018 3524 1085 οἶδας
3571 1023 3683 1092 γὰρ
3724 1023 3774 1075 τί

2201 1123 2315 1174 ἐστι
2339 1122 2522 1191 σχέσις
2547 1137 2560 1184 ;
2603 1120 2663 1174 Ἥ
2682 1121 2864 1188 σχέσις
2892 1120 3000 1172 τῶν
3025 1119 3160 1189 πρός
3190 1119 3241 1171 τί
3272 1120 3424 1172 ὲσττ·
3454 1117 3590 1187 πρός
3617 1135 3669 1168 τι
3696 1116 3772 1181 δὲ,

2198 1213 2261 1266 τὸ
2289 1213 2645 1285 πρωτότυπον
2673 1214 2768 1266 καὶ
2791 1214 3123 1282 παρὰγωγον
3143 1229 3156 1243 ο
3194 1212 3314 1283 ἦτοι
3343 1211 3370 1261 ὁ
3413 1210 3655 1279 Χριστὸς
3682 1210 3776 1262 καὶ

2201 1307 2233 1374 ἡ
2263 1305 2426 1358 αὐτοῦ
2457 1305 2639 1368 εἰκὼν,
2674 1306 2754 1358 ὅτι
2782 1303 2964 1374 ἔχεται
2996 1307 3052 1357 ὲν
3077 1304 3327 1373 ἑκατέρῳ
3362 1303 3651 1372 ἑκάτερον,
3683 1301 3776 1353 καὶ

2198 1398 2296 1449 οὑκ
2317 1397 2640 1466 ἀπέσχισται
2673 1395 2798 1448 οὔτε
2828 1396 2904 1465 τῷ
2935 1396 3149 1467 κράτει,
3181 1394 3304 1447 οὗτε
3336 1397 3400 1464 τῇ
3433 1393 3581 1463 δόξῃ.
3614 1392 3772 1456 Ἰδοὺ,

2199 1489 2536 1558 ἀμαθαίνων,
2556 1490 2617 1543 οὐ
2636 1486 2813 1555 οἶσθα,
2841 1488 2937 1541 καὶ⁹
2966 1488 3147 1550 καλῶς
3174 1487 3321 1540 ἔστιν
3351 1487 3532 1540 ἐκεῖνο
3560 1487 3771 1538 εἰπεῖν·

2200 1577 2352 1634 Εἶδον
2376 1581 2607 1651 ἀνομίαν
2630 1581 2733 1634 ὑπὸ
2744 1581 2835 1634 τὸν
2854 1581 3026 1651 ἣλιον,
3046 1580 3212 1651 ἄνδρα
3234 1577 3462 1644 δόξαντα
3487 1579 3616 1649 παρ’
3646 1580 3776 1631 ἐαυ-

2199 1671 2276 1742 τῷ
2306 1672 2467 1740 σοφὸν
2501 1668 2660 1734 εἶναι,
2723 1674 2834 1736 καὶ,
2874 1672 2903 1725 ὃ
2950 1671 3140 1724 τούτου
3194 1671 3597 1744 χαλεπώτερον,
3638 1688 3772 1724 παι-

2200 1764 2377 1816 δεύειν
2407 1763 2600 1827 ἇλλους
2629 1764 3062 1833 φιλονεικοῦντα.

2271 1957 2394 2016 Οῗον
2416 1963 2470 2016 δέ
2497 1981 2590 2016 σου
2625 1963 2719 2016 καὶ
2747 1963 2812 2017 τὸ
2837 1964 3087 2036 δεύτερον
3114 1965 3407 2036 πρόϐλημα
3436 1982 3451 2031 ;
3491 1965 3776 2034 Δατρεύε-

2199 2071 2288 2107 ται
2326 2056 2353 2105 ὁ
2387 2057 2624 2126 Χριστὸς
2658 2058 2716 2108 ὲν
2773 2057 2838 2126 τῇ
2889 2056 3052 2110 αὑτοῦ
3091 2057 3296 2110 εἰκόνί·
3336 2058 3478 2110 ὥστε
3507 2058 3603 2110 καὶ
3631 2059 3664 2129 ή
3697 2059 3773 2110 el-

2200 2145 2310 2200 κὼν
2333 2147 2626 2218 λατρευτή.
2659 2147 2830 2200 Πόθεν
2857 2147 3066 2218 τοῦτοῆ
3100 2152 3248 2218 παρὰ
3278 2150 3422 2211 τίνος
3446 2148 3638 2219 μαθὼν
3690 2151 3779 2203 δο-

2199 2239 2519 2309 γματίζεις;
2549 2240 2723 2302 οὐδεὶς
2749 2239 2857 2310 γὰρ
2889 2255 2976 2292 πω
3020 2239 3130 2292 τῶν
3184 2242 3356 2307 ἁγίων
3382 2242 3542 2294 τοῦτο
3594 2243 3732 2313 φαίη
3759 2260 3774 2274 ο

2200 2330 2336 2396 ἀλλ’,
2369 2332 2450 2384 ὅτι
2479 2333 2864 2402 προσκυνεῖται
2899 2333 2954 2383 ἐν
2975 2333 3040 2402 τῇ
3084 2332 3250 2385 αὑτοῦ
3301 2335 3469 2387 εἰκόνι
3511 2334 3775 2404 Χριστὸς,

2200 2422 2294 2473 καὶ
2324 2422 2673 2494 προσκυνητὴ
2713 2426 2745 2494 ἡ
2777 2424 2968 2488 εἰκὼν,
3004 2419 3213 2477 εἵτόῦν
3241 2425 3523 2496 τιμητικὴ.
3553 2424 3654 2478 εἴτ’
3681 2421 3778 2478 οῦν

2203 2513 2438 2580 σεόαστή
2464 2530 2478 2542 ·
2511 2513 2798 2585 ἀμφότερα
2833 2515 2941 2587 γὰρ
2971 2517 3051 2580 είς
3080 2515 3272 2568 ταυτὸν
3299 2517 3453 2585 φέρει
3481 2517 3573 2570 τὸν
3603 2516 3733 2572 νοῦν
3759 2534 3775 2550 ο

2201 2605 2295 2658 καὶ
2319 2605 2575 2671 εἰκότως*
2603 2607 2791 2677 ἐπειδὴ
2824 2610 2857 2677 ἡ
2893 2609 3140 2679 λατρεία,
3172 2609 3358 2678 ὥσπερ
3380 2609 3472 2660 καὶ
3502 2610 3535 2676 ὴ
3568 2609 3776 2672 πίστις,

2199 2702 2264 2766 τῇ
2301 2699 2435 2770 ἁγίᾳ
2474 2700 2665 2770 Τριὰδι
2721 2701 2858 2771 μόνῃ
2897 2702 3263 2772 ἀναφέρεται·
3312 2700 3378 2753 τὰ
3407 2700 3449 2752 δ’
3482 2700 3617 2754 ἄλλα
3660 2706 3782 2766 τοῖς

2201 2789 2400 2854 ἄλλοις,
2439 2793 2504 2861 τῇ
2541 2792 2729 2863 Μητρὶ
2756 2791 2850 2844 τοῦ
2883 2793 3038 2856 Θεοῦ,
3089 2793 3166 2863 τῷ
3207 2794 3347 2862 ἁγίῳ
3380 2792 3621 2862 σταυρῷ,
3662 2797 3782 2858 τοῖς

2199 2881 2395 2947 ἁγίοις,
2429 2884 2494 2950 τῇ
2525 2885 2693 2952 σεπτῇ
2728 2883 2897 2936 εἰκόνι
2929 2884 3187 2954 Χριστοῦ,
3219 2887 3316 2937 καὶ
3343 2885 3545 2945 πάσαις
3583 2884 3782 2949 ἄλλαις

2202 2972 2518 3038 ἁγιωτικαῖς
2557 2974 2767 3026 εἰκόσιο
2793 2975 2888 3027 καὶ
2939 2975 3190 3028 τοσοῦτον
3223 2979 3346 3030 ὅσον
3399 2975 3660 3044 ὑπερέχει
3709 2977 3783 3030 τὰ

2205 3063 2539 3129 πρωτὸτυπα
2584 3065 2693 3116 τῶν
2738 3067 2878 3119 κατὰ
2924 3067 3096 3119 ταῦτα
3151 3069 3520 3137 παραγώγων.
3565 3068 3629 3120 Εἰ
3685 3065 3783 3122 οῦν

529 3159 649 3205 stus
681 3167 696 3203 :
726 3166 847 3204 cum
879 3147 1165 3203 Trinitatis
1197 3149 1473 3218 proprium
1507 3153 1577 3204 sit
1607 3151 1761 3204 latria
1791 3151 1917 3213 coli,
1942 3151 2095 3204 latria

2203 3153 2541 3221 λατρεύεται,
2565 3155 2640 3218 ὡς
2675 3157 2800 3225 φὴς,
2831 3159 2890 3210 ὲν
2933 3161 2998 3228 τῇ
3046 3162 3218 3212 είκὸνι
3268 3160 3504 3229 Χριστός
3528 3175 3542 3188 '
3580 3160 3782 3231 ἐπειδὴ

529 3242 699 3297 simul
727 3242 927 3296 colitur
969 3241 1022 3294 in
1059 3240 1294 3309 imagine
1322 3250 1375 3294 et
1405 3241 1565 3295 Pater
1587 3251 1640 3296 et
1673 3243 1928 3310 Spiritus.
1958 3242 2096 3309 Quid

528 3345 712 3388 autem
741 3333 868 3388 inde
903 3334 1232 3387 conlicitur?
1262 3334 1324 3388 Et
1355 3333 1568 3388 Patrem
1594 3344 1647 3388 et
1678 3334 1934 3402 Spiritum
1979 3353 2100 3391 car-

529 3441 653 3479 nem
684 3426 928 3480 induisse
953 3443 965 3478 :
986 3441 1093 3493 quo
1122 3426 1341 3493 quidem
1379 3427 1602 3495 impium
1635 3427 1805 3496 magis
1837 3429 1938 3483 dici
1970 3429 2099 3499 quid

529 3518 753 3588 possit?
784 3517 845 3571 Et
869 3533 1061 3572 rursus
1091 3537 1104 3572 :
1139 3517 1431 3583 Quoniam.
1474 3527 1533 3573 ut
1558 3519 1662 3584 ais,
1720 3520 1871 3573 latria
1913 3521 2098 3576 itidem

529 3611 758 3666 colenda
792 3620 874 3665 est
904 3612 1079 3680 imago
1097 3610 1298 3665 Christi
1321 3627 1693 3680 ;consequens
1715 3623 1797 3666 est
1824 3623 1881 3667 ut
1907 3612 2099 3668 Tetra-

529 3701 642 3755 dita
689 3700 1116 3770 deprehendaris
1147 3739 1162 3764 ,
1218 3703 1375 3756 latria
1422 3703 1607 3757 colens
1663 3720 1784 3758 cum
1834 3704 2102 3761 Trinitate

529 3793 824 3865 imaginem
847 3795 1076 3849 Christi.
1118 3793 1186 3849 At
1223 3811 1351 3849 vero
1379 3796 1423 3850 si
1455 3795 1577 3864 quis
1608 3794 1931 3852 Trinitatem
1964 3800 2100 3853 ado-

530 3899 636 3952 ret,
674 3904 885 3944 necnon
919 3899 970 3942 et
993 3889 1306 3957 imaginem,
1374 3904 1484 3943 non
1532 3889 1670 3944 idem
1719 3884 1977 3959 sequettir
2003 3892 2102 3947 ab—

531 3984 781 4038 surdum.
817 3982 1028 4034 Dictum
1060 3989 1143 4034 est
1175 3983 1342 4045 enim,
1375 3982 1634 4035 honorem
1658 3983 2097 4039 etadorationem

532 4075 925 4132 communicari
959 4075 1122 4129 etiam
1157 4075 1363 4128 homini
1416 4075 1648 4144 simplici
1678 4095 1692 4130 :
1724 4093 1834 4131 non
1863 4093 1993 4133 vero
2035 4079 2099 4132 ll-

530 4173 653 4225 dem
685 4180 739 4223 et
768 4169 1005 4223 latriam.
1046 4168 1517 4232 Quemadmodum
1566 4169 1711 4222 enim
1758 4170 2100 4225 solummodo

531 4264 586 4317 in
611 4262 822 4316 Patrem
845 4260 1113 4316 etFilium
1153 4270 1206 4314 et
1233 4259 1493 4329 Spiritum
1515 4271 1761 4316 sanctum
1794 4261 2096 4317 credimus:

531 4357 611 4410 sic
641 4365 694 4408 et
719 4353 934 4407 latriam
959 4352 1303 4408 exhibemus.
1345 4347 1440 4404 His
1481 4367 1639 4406 aures
1664 4353 1911 4421 praebens
1949 4368 2098 4407 rece-

526 4449 619 4513 de,
657 4447 846 4511 frater,
887 4461 1006 4510 oro,
1056 4461 1086 4499 a
1120 4445 1433 4512 vaniloquio
1484 4445 1708 4500 haeresis
1762 4444 2092 4515 szcalicaz;

531 4541 646 4594 sive
674 4536 1094 4601 Centucladicas,
1150 4552 1270 4604 quae
1320 4551 1386 4589 ex
1437 4535 1703 4591 diametro
1733 4546 1936 4606 pugnat
1971 4554 2095 4591 cum

530 4629 967 4685 lconomacbica.
1007 4626 1102 4679 Sin
1136 4634 1340 4691 autem,
1383 4627 1524 4694 quod
1574 4627 1735 4691 absit,
1771 4630 2096 4698 perstiteris,

532 4723 672 4779 scito
702 4732 753 4777 te
780 4721 1093 4785 nobiscum,
1146 4719 1230 4772 vel
1259 4719 1438 4787 potius
1468 4734 1590 4772 cum
1622 4721 1876 4776 omnibus
1907 4723 2098 4777 ortho-

533 4817 709 4878 doxis,
739 4825 947 4885 partem
980 4830 1086 4868 non
1113 4813 1334 4867 habere.
1359 4811 1584 4868 Nonnisi
1611 4829 1752 4885 aagre
1783 4817 1924 4870 hanc
1949 4816 2017 4870 ad
2049 4826 2099 4871 te

533 4909 817 4980 epiSlolam
847 4906 1067 4962 dictavi.

833 5103 992 5159 CLII.
1032 5135 1097 5147 -—
1130 5104 1398 5160 Theodoro
1427 5107 1683 5160 monac/to
1713 5107 1798 5177 (').

2201 3247 2301 3316 τῆς
2332 3249 2557 3320 Τριὰδος
2571 3250 2629 3302 τὸ
2655 3250 3039 3321 λατρεύεσθαι,
3071 3253 3491 3324 συλλατρεύεται
3514 3253 3572 3305 ἐν
3599 3256 3666 3324 τῇ
3701 3256 3783 3305 εἰ-

2200 3341 2316 3393 κόνι
2349 3344 2442 3394 καὶ
2470 3343 2496 3393 ὁ
2525 3341 2731 3412 Πατὴρ,
2767 3343 2858 3395 καὶ
2890 3342 2952 3395 τὺ
2985 3343 3226 3415 Πνεῦμα.
3253 3346 3367 3398 Καὶ
3396 3345 3448 3398 τί
3495 3345 3553 3396 τὸ
3585 3345 3781 3398 ἐντεῦ-

2202 3432 2292 3484 θεν
2322 3433 2715 3502 συναγόμενονς
2741 3433 2822 3498 τὸ,
2856 3434 3054 3487 καὶτὸν
3081 3435 3302 3506 Πατέρα
3335 3437 3428 3489 καὶ
3457 3434 3519 3486 τὸ
3538 3433 3776 3504 Πνεῦμα

2203 3522 2580 3593 σεσαρκῶσθαι
2608 3540 2621 3553 ’
2663 3520 2724 3577 οῦ
2749 3525 2806 3588 ’τί⁴
2831 3523 2896 3577 ἂν
2925 3527 3132 3592 γένοιτο
3164 3527 3557 3596 ἁσε6έστερον;
3591 3526 3783 3580 Ἐπει-

2200 3614 2262 3684 δὴ
2291 3615 2347 3668 δὲ
2378 3610 2533 3678 αὖθις
2577 3615 2702 3686 φὴς,
2753 3616 3035 3688 Λατρευτὴ
3083 3619 3174 3669 καὶ
3221 3619 3254 3688 ὴ
3293 3616 3525 3687 Χριστοῦ
3565 3616 3737 3670 εἰκών
3764 3635 3780 3650 ο

2201 3707 2338 3758 κατὰ
2373 3707 2433 3758 τὸ
2465 3706 2779 3774 ἀκόλουθον,
2815 3708 2968 3761 οὐδὲν
3021 3708 3149 3760 ἄλλο
3175 3708 3206 3779 ἦ
3235 3709 3566 3780 Τετραδίτης
3609 3710 3781 3778 εὑρε-

2201 3795 2342 3867 θήσῃ
2367 3839 2379 3861 ,
2421 3797 2702 3868 λατρεύων
2751 3799 2888 3869 μετὰ
2939 3798 3040 3867 τῆς
3081 3799 3310 3869 Τριὰδος
3349 3803 3442 3853 καὶ
3480 3804 3546 3871 τῇ
3599 3801 3781 3854 εἰκόνι

2200 3888 2462 3957 Χριστοῦ.
2496 3891 2569 3943 Οὐ
2605 3890 2734 3960 μὴν,
2769 3891 2849 3944 ὅτι
2884 3891 2977 3944 καὶ
3019 3891 3414 3960 προσκυνοῦντι
3445 3895 3512 3963 τῇ
3555 3892 3781 3962 Τριάδι,

2201 3980 2386 4046 ἐπειδὴ
2417 3981 2511 4033 καὶ
2532 3984 2595 4051 τῇ
2636 3981 2827 4042 εἰκόνι,
2875 3981 2934 4033 τὸ
2967 3981 3099 4033 αὐτὸ
3136 3982 3491 4053 ἀκολουθήσει
3541 3984 3778 4037 ἄτοπον.

2201 4071 2428 4142 Εἴρηται
2467 4072 2596 4143 γὰρ,
2627 4075 2708 4126 ὅτι
2739 4075 2772 4143 ἡ
2809 4073 2941 4144 τιμὴ
2967 4075 3060 4126 καὶ
3100 4076 3133 4144 ή
3176 4075 3548 4146 προσκύνησις
3595 4093 3786 4129 κοινο-

2200 4164 2478 4216 ποιοῦνται
2503 4164 2661 4235 μέχρι
2691 4165 2785 4217 καὶ
2813 4165 2906 4217 τοῦ
2940 4166 3191 4235 τυχόντος
3207 4166 3495 4237 ἀνθρώπου
3526 4183 3539 4196 °
3573 4167 3633 4218 οὐ
3665 4169 3785 4236 μὴν

2201 4256 2232 4323 ἠ
2262 4255 2442 4319 πίστις
2469 4260 2563 4309 καὶ
2591 4259 2624 4329 ὴ
2657 4257 2904 4329 λατρεία.
2943 4258 3156 4329 Ὥσπερ
3180 4259 3288 4327 γὰρ
3324 4258 3657 4329 πιστεύομεν
3694 4265 3784 4324 είς

2199 4348 2421 4419 Πατέρα
2468 4349 2563 4401 καὶ
2615 4349 2743 4402 rem
2788 4351 2884 4402 xui.
2931 4350 3085 4418 ἆγιον
3127 4350 3351 4420 Πνεῦμα
3393 4351 3553 4420 μόνον
3578 4365 3594 4380 ⁸
3627 4351 3786 4407 οὕτω

2200 4443 2295 4494 καὶ
2326 4441 2680 4512 λατρεύομεν.
2711 4442 2894 4495 Ταῦτα
2927 4443 3238 4507 ὲνωτισθεὶς
3267 4443 3529 4511 ἁπόσχου,
3550 4444 3783 4514 ἀδελφὲ,

2200 4535 2520 4605 παρακαλῶ,
2549 4535 2647 4604 τῆς
2681 4536 3015 4604 κενοφωνίας
3054 4539 3144 4589 καὶ
3176 4537 3541 4606 Τζυκαλικῆς,
3600 4538 3785 4609 ἤγουν

2199 4626 2668 4697 Κεντουκλαδικῆς
2702 4627 2983 4699 αἱρέσεως,
3019 4629 3140 4698 ἥτις
3182 4630 3247 4682 ὲκ
3281 4629 3577 4700 διαμέτρου
3633 4632 3786 4700 πρὸς

2196 4719 2293 4789 τὴν
2319 4720 2751 4790 Είκονομαχικὴν
2785 4722 3159 4790 ἁντιφέρεται.
3195 4723 3257 4774 Εἰ
3287 4722 3365 4788 δὲ,
3395 4723 3534 4792 ὅπερ
3565 4723 3643 4792 μὴ
3686 4723 3788 4793 γέ-

2197 4828 2362 4875 νοιτο,
2391 4814 2686 4883 ὲπιμενεῖς,
2712 4814 2946 4880 γίνωσκε
2973 4815 3140 4884 μέρος
3169 4814 3289 4882 μεθ’
3309 4814 3465 4882 ήμῶν
3501 4812 3576 4883 μὴ
3601 4815 3784 4882 ἔχειν,

2199 4904 2398 4976 μᾶλλον
2430 4905 2485 4957 δὲ
2515 4905 2646 4973 μηδὲ
2686 4905 2822 4973 μετὰ
2855 4906 3053 4968 παντὸς
3081 4905 3384 4975 όρθοδόξου.
3413 4904 3568 4956 Μετὰ
3592 4905 3774 4960 πόνου

2210 5012 2300 5064 μοι
2327 4996 2454 5064 περὶ
2479 4994 2572 5047 σοῦ
2611 4995 2963 5067 ὑπηγορεύθη
2995 4999 3027 5066 ἡ
3058 4996 3316 5067 ἐπιστολὴ
3343 4995 3500 5064 αὕτη.

2295 5108 2431 5159 ΡΝΒ
2477 5109 2607 5177 (44).
2646 5142 2714 5150 ——
2764 5109 3040 5178 Θεοδώρῳ
3103 5109 3437 5179 μονάζοντι.
3481 5107 3679 5183 [χκζκ]

532 5218 609 5269 De
640 5219 976 5269 sacerdotibus
1003 5225 1049 5269 et
1074 5218 1290 5269 diaconis
1330 5219 1475 5283 lapsis
1496 5234 1587 5283 per
1617 5220 2034 5330 subscriptione";
2061 5225 2111 5289 et
2135 5217 2525 5328 cognmlunionem
2555 5219 2860 5270 haereticam:
2889 5226 2943 5269 et
2969 5222 3034 5271 de
3066 5219 3308 5271 Ecclesiis
3331 5232 3442 5281 quae
3475 5217 3535 5266 ab
3557 5220 3785 5273 hmreti-

1915 5297 1986 5330 CIS
2041 5290 2178 5330 etme
2217 5293 2276 5327 an
2304 5293 2378 5328 ur.

1915 5297 1986 5332 CIS
2006 5290 2068 5330 de
2077 5290 2378 5330 UDCDHHLUI‘.

602 5383 891 5455 Voluptate
939 5402 1046 5441 non
1077 5388 1326 5443 molestia
1374 5405 1460 5443 me
1482 5390 1791 5446 affecerunt
1817 5406 1876 5446 ea
1896 5390 2092 5460 quibus

536 5494 621 5533 mc
668 5481 1035 5548 perstrinxisti
1063 5523 1077 5546 ,
1131 5481 1214 5535 vir
1263 5485 1575 5539 revercnde.
1617 5483 1734 5539 Non
1793 5485 1934 5537 enim
1972 5497 2090 5535 sum

2282 5384 2568 5455 Ἣδύνθην,
2595 5388 2692 5440 οὐκ
2740 5387 2990 5458 ὲδὰχθην,
3022 5389 3109 5459 ἐφ’
3131 5383 3212 5453 οἷς
3233 5387 3463 5457 nemo
3517 5406 3646 5457 μου,
3698 5411 3785 5448 τι·

2204 5477 2457 5546 μιώτατε.
2509 5481 2640 5533 Οὐδὲ
2691 5480 2796 5551 γὰρ
2854 5480 3027 5546 οὕτως
3053 5481 3410 5553 ἁνουθὲτητός
3442 5480 3578 5550 εἰμι,
3605 5481 3688 5548 ὡς
3720 5488 3784 5538 ἐν

2026 5686 2248 5743 ΝΟΤᾸΕ.

602 5848 664 5912 (⁸)
692 5841 1019 5912 Dogmatica.

2282 5842 2390 5914 (tt)
2422 5842 2478 5896 In
2513 5843 2632 5897 cod.
2666 5842 2799 5911 Reg.
2828 5845 2942 5914 ρς’.
