3934 6504
232 455 349 520 1473

1389 458 1926 519 EPISTOLARUM
1982 459 2129 519 LIB.
2172 459 2234 518 II
2249 503 2261 517 .

3311 447 3448 510 1474.

229 574 333 632 ταῖς
362 569 723 636 ἀγαπητικαῖς
787 567 1153 636 ὑποκρούσεσι
1195 567 1593 638 δυσχεραίνειν.
1628 568 1770 621 Εἰδέ

1893 569 2012 622 ιιιεο
2053 567 2326 629 indocilis,
2380 576 2436 619 nt
2490 566 2697 620 amicas
2762 566 3173 637 objurgationes
3211 565 3449 633 graviter

231 663 457 731 ἐδάχθην,
488 660 547 712 οὐ
578 661 663 712 διὰ
694 661 795 730 τὴν
847 661 1173 728 ὑπόμνησιν.
1205 660 1340 712 ἀλλά
1385 660 1472 713 διά
1517 659 1615 729 τὴν
1647 659 1776 712 ἑκά.-

232 771 341 806 στου
367 754 572 822 αῖρεσιν
592 767 606 780 ’
644 751 704 816 ἐξ
735 745 802 820 ἦς
834 751 1098 819 τέτμηται
1128 751 1187 803 τὸ
1216 753 1372 819 σῶμα
1401 751 1500 804 τοῦ
1534 752 1772 823 Χριστοῦ

232 845 300 902 εἰς
323 840 508 910 μυρίας
550 839 706 902 δόξας
758 838 1156 908 διαιρούμενον.
1207 837 1348 907 Ἐγὼ
1390 840 1568 892 τοίνυν
1603 841 1688 893 ἵνα
1712 843 1776 894 ἐκ

233 932 454 1001 βαλϐίδος
484 932 858 1001 ἀφηγήσωμαι
903 930 1002 996 (δεῖ
1048 931 1154 998 γάρ
1214 949 1279 999 με
1331 932 1776 1003 ἀπολογήσασθαι

229 1024 591 1094 ἐγκληθέντα),
632 1024 751 1085 δοὺς
777 1022 1052 1090 ἐπιτίμιον
1103 1023 1648 1092 καταναγκαζόμενος
1672 1024 1778 1076 ἀπὸ

229 1115 432 1186 πρώτης
463 1117 693 1186 ἡμέρας,
728 1117 819 1168 καὶ
864 1114 1020 1167 τοῦτο
1065 1113 1172 1167 ἀπὸ
1215 1114 1459 1180 φυλακῆς
1483 1114 1568 1166 διὰ
1597 1131 1777 1184 γραμ-

231 1207 428 1275 μάτων·
463 1208 543 1259 ὅτι
596 1207 692 1257 καὶ
742 1204 827 1255 διὰ
875 1204 1198 1274 γράμματος
1305 1203 1581 1274 ἐξαίτησις
1615 1221 1777 1273 μονα-

229 1299 407 1362 ζόντων
437 1317 495 1350 τε
527 1298 620 1350 καὶ
662 1297 972 1367 ἱερωμένων
995 1312 1006 1324 '
1045 1295 1202 1348 τοῦτο
1220 1295 1526 1366 ἀπεκρίθην
1558 1296 1633 1359 ώς
1681 1297 1780 1365 οὐχ

230 1391 520 1460 ὀριστικῶς,
551 1388 688 1442 ἀλλά
722 1387 1198 1456 συμϐουλευτικῶς
1239 1387 1374 1458 πρὸς
1419 1387 1552 1456 ἐμοῦ
1582 1388 1643 1439 τὸ
1666 1389 1784 1439 ἐπι-

229 1480 407 1549 τίμιον.
443 1477 543 1531 Διά
577 1479 667 1541 τί;
700 1477 782 1530 ὅτι
807 1477 906 1546 οὐχ
958 1477 1218 1548 ἰεράρχης
1271 1475 1400 1544 ἐγὼ,
1439 1476 1553 1529 ἀλλ’
1581 1476 1778 1542 ἱερεὺς,

230 1572 349 1640 πρὸς
383 1570 477 1640 μὲν
529 1572 657 1633 τοὺς
703 1568 937 1632 οἰκείους
977 1569 1224 1640 μαθητὰς
1266 1570 1592 1632 νουθετικῶς
1621 1569 1780 1642 [Reg.

231 1663 338 1715 cod.
394 1659 787 1731 νομοθετικῶς]
826 1663 1092 1730 ἀγόμενος
1116 1679 1131 1694 ο
1169 1663 1304 1732 πρὸς
1336 1663 1390 1714 δέ
1443 1662 1635 1726 ἄλλους
1688 1664 1784 1732 οὐχ

226 1751 378 1815 οὔτως
408 1768 421 1780 ⁸
459 1752 575 1804 ἀλλ’
602 1751 677 1814 ώς
717 1753 952 1821 εἴρηται,
993 1751 1321 1821 ἀναθέμενος
1371 1753 1461 1804 τὸν
1508 1752 1662 1820 λόγον
1690 1753 1786 1805 αὑ·

229 1844 326 1901 τοῖς
353 1844 454 1903 ἓως
487 1841 680 1912 καιροῦ
705 1843 947 1912 εἰρήνης,
987 1845 1081 1896 καὶ
1107 1843 1410 1914 τηνικαῦτα
1454 1845 1590 1914 ὅπερ
1619 1846 1775 1915 διορι-

1875 661 2073 715 feram.
2110 659 2266 725 Quod
2316 660 2360 712 si
2406 673 2512 727 qua
2543 657 2793 711 molestia
2842 655 2963 721 fuit,
3018 671 3082 711 ea
3122 672 3229 710 non
3265 655 3452 724 utique

1877 754 1948 807 ob
1973 751 2476 815 commonitionem,
2511 749 2604 803 sed
2637 750 2706 803 ob
2739 749 3005 818 cujusque
3036 749 3306 812 haeresim,
3343 763 3447 816 qua

1877 844 2076 899 Christi
2103 856 2306 911 corpus
2347 840 2638 902 scinditur,
2679 840 2858 894 varias
2896 839 2950 891 in
3003 839 3292 907 Opiniones
3313 837 3452 890 divi-

1879 952 2023 991 sum.
2055 934 2249 988 Verum
2290 942 2347 986 ut
2379 949 2409 986 a
2442 933 2712 1002 principio
2747 947 2860 986 rem
2893 947 3203 1000 exponam;
3236 938 3452 1000 oportet

1880 1028 2027 1082 enim
2081 1035 2139 1079 ut
2187 1033 2472 1079 accusatus
2518 1024 2787 1093 meipsum
2843 1022 3163 1088 defendam;
3227 1023 3372 1092 quod
3419 1038 3449 1075 a

1879 1119 2053 1190 prima
2089 1117 2175 1170 die
2209 1130 2398 1184 poenas
2445 1116 2689 1184 irrogare
2721 1123 2944 1170 coactus
3002 1113 3118 1178 fui,
3166 1113 3329 1184 idque
3384 1129 3449 1167 ex

1881 1224 2099 1264 carcere
2123 1223 2218 1276 per
2249 1208 2455 1261 litteras
2481 1223 2496 1271 ;
2527 1210 2785 1276 quoniam
2817 1209 3019 1278 pariter
3058 1222 3152 1276 per
3187 1207 3448 1272 scriptum

1882 1301 2135 1356 monachi
2170 1310 2223 1353 et
2256 1299 2567 1354 sacerdotes
2601 1315 2699 1367 pro
2720 1316 2779 1354 se
2812 1301 3086 1369 deprecati
3127 1308 3285 1362 sunt;
3319 1297 3451 1352 illttd

1880 1410 1980 1463 ego
2018 1407 2125 1445 non
2155 1402 2412 1460 tanquam
2435 1390 2715 1443 definirem
2744 1391 2947 1459 aliquid
2970 1429 2985 1454 ,
3051 1392 3143 1444 sed
3191 1397 3454 1456 tanquam

1881 1484 2169 1540 consilium
2206 1481 2340 1536 dans
2381 1482 2630 1551 respondi
2667 1481 2810 1535 circa
2853 1496 3042 1550 poenas
3067 1495 3095 1532 a
3128 1495 3214 1532 me
3244 1482 3455 1548 irroga—

1883 1584 1984 1631 tas.
2019 1576 2131 1630 Cur
2154 1575 2268 1628 ita?
2302 1575 2560 1643 quoniam
2595 1589 2694 1643 ego
2725 1573 3012 1642 episcopus
3047 1587 3154 1624 non
3190 1588 3330 1635 SUIII,
3361 1572 3452 1626 sed

1885 1668 2138 1719 sacerdos
2159 1705 2174 1728 ,
2205 1666 2298 1732 qui
2330 1663 2579 1732 proprios
2616 1663 2837 1732 quidem
2889 1661 3190 1731 discipulos
3221 1663 3452 1730 castigo,

1885 1757 2022 1810 alios
2055 1771 2183 1810 vero
2220 1771 2328 1808 non
2358 1755 2508 1817 item,
2532 1755 2624 1809 sed
2651 1754 2996 1831 sententiam,
3029 1765 3087 1808 ut
3114 1754 3320 1808 dictum
3350 1761 3456 1818 est,

1887 1851 2059 1922 ipsius
2093 1850 2351 1919 proposui
2388 1864 2559 1918 usque
2583 1849 2647 1903 ad
2679 1848 2831 1918 pacis
2863 1857 3099 1916 tempus.
3153 1856 3317 1916 atque
3369 1846 3460 1898 in-

232 1931 317 2001 σθῇ
348 1934 498 2001 παρά
527 1911 621 1984 τοῦ
655 1911 956 2001 ἁγιωτάτου
997 1911 1361 2004 πατριάρχου,
1395 1936 1490 1986 σὺν
1513 1911 1784 2004 ἐπικρίσει

1893 1944 2044 1997 terim
2082 1945 2131 1996 id
2164 1942 2457 1996 admittere
2509 1941 2650 2010 quod
2685 1956 2716 1994 a
2766 1940 3114 1995 sanctissimo
3147 1937 3456 2007 patriarcha

228 2023 315 2091 τῆς
344 2024 502 2092 ἁγίας
527 2024 768 2088 συνόδου,
797 2027 1157 2092 εἰσδέξασθαι,
1184 2025 1292 2077 εἴτε
1315 2026 1606 2096 πρόσθεσιν
1633 2027 1784 2095 ἔχον-

226 2130 304 2177 τος
327 2114 416 2167 τοῦ
441 2116 742 2187 ἐπιτιμίου,
762 2117 870 2170 εἴτε
897 2117 1107 2185 ὕφεσιν.
1144 2118 1255 2171 Καὶ
1295 2118 1394 2170 οὐκ
1452 2118 1578 2182 ἔξω,
1606 2113 1781 2186 οἶμαι,

225 2207 306 2259 τοῦ
357 2209 569 2272 εἰκότος
623 2210 938 2281 πεποίηκα’
975 2207 1167 2279 ὀρέξας
1214 2211 1370 2279 χεῖρα
1411 2212 1522 2273 τοῖς
1568 2226 1784 2261 πεπτω-

228 2300 333 2352 κόσι
364 2300 763 2372 φιλανθρώπως
790 2318 802 2331 ·
830 2303 890 2354 οὐ
931 2302 1036 2370 μὴν
1069 2304 1150 2363 εἰς
1172 2301 1408 2372 ἐμαυτὸν
1444 2303 1784 2373 περιστήσας

224 2393 278 2445 τὸ
300 2395 523 2463 κράτος·
559 2395 696 2464 ὅπερ
732 2393 980 2447 ἔκτοπον.
1007 2393 1071 2445 Τί
1119 2394 1172 2446 ’ὲ
1223 2394 1282 2447 τὸ
1312 2394 1627 2464 ἐπιτίμιον;
1669 2411 1788 2446 ποι-

227 2483 359 2537 κίλον
379 2486 470 2537 ἐπὶ
531 2485 800 2547 ποικίλοις
853 2487 961 2547 τοῖς
1017 2485 1410 2555 ἁμαρτήμασιν
1465 2485 1607 2556 [cod.
1651 2483 1781 2552 Reg.

226 2576 703 2649 παραπτώμασιν]
737 2593 748 2604 '
779 2578 915 2648 ὅπερ
936 2576 1034 2630 οὑκ
1055 2576 1345 2645 ἐπιστολῆς
1370 2578 1565 2648 μέτρον
1594 2577 1786 2644 ἐξαγα-

227 2668 379 2737 ρεύει.
428 2670 517 2723 Ἑν
553 2671 835 2741 κεφαλαίῳ
864 2670 920 2722 δὲ
973 2670 1169 2733 εἰπεῖν,
1202 2670 1290 2722 τὸν
1337 2669 1368 2738 ἢ
1414 2671 1704 2739 ὑπογραφῇ
1751 2670 1783 2738 ἢ

225 2761 465 2830 κοινωνίᾳ
497 2762 754 2832 αίρετικῇ
793 2762 990 2813 ἁλόντα
1036 2760 1209 2829 ἱερέα,
1251 2759 1282 2822 ἦ
1316 2759 1496 2823 ἁπλῶς
1544 2760 1787 2813 διάκονον

228 2853 494 2923 εἴργεσθαι
531 2855 846 2918 παντάπασι
882 2857 978 2924 τῆς
1021 2854 1331 2924 ἰερουργίας
1357 2850 1538 2905 ’ἀλλὰ
1560 2853 1667 2923 γὰρ
1689 2853 1786 2904 καὶ

225 2946 310 3013 τῆς
338 2946 626 3009 κοινωνίας
651 2962 664 2975 ·
691 2947 826 3016 μετά
847 2946 904 2998 δὲ
928 2945 1025 3015 τὴν
1041 2945 1137 3014 τῆς
1155 2944 1439 3014 ἐπιτιμίας
1462 2944 1783 3013 περαίωσιν,

225 3035 319 3087 τῶν
347 3038 443 3105 μέν
476 3037 836 3105 ἀγιασμάτων
889 3036 1156 3104 μετέχειν,
1200 3036 1298 3103 τῆς
1334 3034 1389 3086 δὲ
1429 3033 1788 3102 λειτουργίας

226 3128 479 3198 οὐδαμῶς,
525 3129 633 3191 ἕως
683 3128 845 3195 ἁγίας
896 3127 1114 3179 συνόδου
1148 3142 1159 3153 ·
1197 3127 1435 3193 εὐλογεῖν
1477 3124 1592 3194 δέῆ
1631 3123 1786 3190 εῦχε-

1886 2035 2166 2090 delinitum
2231 2040 2316 2088 est
2372 2047 2495 2085 cum
2541 2041 2742 2086 sanctae
2800 2031 2990 2102 synodi
3042 2029 3459 2099 approbatione,

1886 2128 2000 2181 sive
2027 2130 2170 2194 quod
2211 2140 2427 2196 pcenam
2456 2125 2836 2192 imponendam
2873 2130 3116 2192 spectat,
3165 2122 3279 2175 sive
3312 2121 3456 2189 quod

1887 2215 2288 2270 remittendam.
2321 2216 2504 2284 Neque
2528 2214 2848 2284 quidquam,
2881 2222 2940 2266 ut
2972 2227 3116 2276 reor,
3151 2220 3343 2281 praster
3367 2210 3458 2279 jus

1887 2308 1986 2363 feci
2023 2326 2034 2360 :
2069 2309 2238 2377 lapsis
2267 2306 2541 2361 dexteram
2578 2307 2808 2375 benigne
2843 2305 3195 2376 protendens,
3223 2318 3332 2356 non
3364 2317 3461 2355 au-

1890 2410 1994 2454 tem
2034 2407 2352 2469 potestatem
2393 2397 2526 2451 mihi
2578 2412 2886 2466 arrogans,
2950 2395 3094 2464 quod
3153 2404 3298 2448 certe
3350 2408 3459 2446 non

1887 2489 2086 2545 decuit.
2129 2489 2388 2555 Quaenam
2424 2500 2602 2542 autem
2640 2505 2797 2557 poena
2833 2487 2969 2540 illa?
2995 2488 3208 2541 diversa
3241 2500 3338 2555 pro
3376 2484 3461 2538 di-

1886 2583 2059 2637 versis
2088 2582 2324 2650 peccatis
2360 2600 2371 2634 :
2403 2580 2452 2633 id
2492 2580 2636 2649 quod
2694 2579 2940 2648 epistolae
2993 2577 3229 2631 brevitas
3277 2575 3462 2629 decla-

1888 2691 2009 2730 rare
2041 2691 2146 2728 non
2171 2674 2316 2728 sinit.
2345 2671 2740 2726 Utsutnmatim
2765 2680 2949 2724 autem
2998 2671 3198 2735 dicam,
3223 2668 3462 2738 quicun-

1889 2782 1996 2835 que
2034 2767 2327 2831 sacerdos,
2364 2774 2422 2819 ut
2472 2780 2633 2835 porro
2683 2766 2947 2819 diaconus
2975 2763 3258 2818 convictus
3295 2760 3464 2815 fuerit

1889 2859 2306 2926 subscriptionis
2349 2867 2444 2911 aut
2493 2857 2897 2911 communionis
2962 2872 3087 2910 cum
3165 2853 3457 2915 haereticis,

1888 2966 2117 3020 prorsus
2150 2951 2301 3004 illum
2331 2965 2360 3004 a
2390 2950 2690 3005 ministerio
2735 2963 2893 3003 sacro
2922 2949 3121 3009 arceri,
3163 2947 3460 3015 quinetiam

1888 3056 1921 3096 a
1950 3042 2333 3095 communione
2363 3057 2375 3092 :
2402 3050 2687 3108 postquam
2721 3047 2898 3092 autem
2932 3052 3124 3107 poenas
3147 3035 3459 3095 exsolverit,

1890 3141 2360 3187 sacramentorum
2397 3131 2615 3200 quidem
2650 3130 2966 3199 participem
3007 3129 3125 3183 fieri
3155 3167 3170 3191 ,
3239 3137 3295 3181 at
3347 3142 3459 3181 non

229 3212 335 3265 σθαι
385 3216 458 3275 ὡς
505 3219 684 3268 κοινὸν
739 3215 998 3284 μοναχὸν,
1024 3215 1121 3283 οὐχ
1172 3215 1246 3276 ὼς
1292 3214 1622 3283 ἱερωμένον·
1654 3213 1787 3263 ἀλλὰ

1893 3222 2183 3276 ministerii
2216 3223 2355 3275 sacri
2382 3262 2396 3283 ,
2439 3236 2611 3290 usque
2643 3222 2706 3274 ad
2745 3229 2986 3274 sanctam
3017 3223 3286 3289 synodum
3316 3233 3329 3268 :
3369 3218 3462 3271 sed

227 3307 492 3360 καὶτοῦτο
523 3309 664 3361 μετά
719 3307 1122 3376 συμπλήρωσιν
1161 3306 1570 3374 ἐπιτιμητικήν.
1615 3303 1705 3363 Εἲς
1730 3320 1789 3354 τε

227 3396 313 3459 τὰς
367 3401 471 3452 ὑπὸ
520 3400 818 3470 αἱρετικῶν
859 3398 1229 3466 κατεχομένας
1260 3395 1558 3465 ἐκκλησίας
1586 3395 1656 3464 μὴ
1684 3397 1797 3447 εἰσ-

231 3489 370 3554 ιέναι,
422 3493 564 3562 μήτε
615 3492 709 3544 ἐάν
753 3490 884 3561 ἐαθῇ
959 3490 1107 3550 ναὸς,
1156 3487 1476 3558 κρατεῖσθαι
1504 3487 1607 3539 ὑπὸ
1638 3487 1794 3556 ὀρθο-

228 3577 365 3644 δόξου
396 3586 534 3651 μετὰ
565 3587 626 3637 τὸ
648 3587 822 3637 ἐκεῖσε
870 3583 1153 3654 αίρετικάς
1206 3580 1478 3650 ἀναφορὰς
1523 3580 1794 3646 γενέσθαι,

228 3670 552 3744 λειτουργεῖν
570 3677 658 3728 τὸν
674 3675 978 3746 ὀρθόδοξον,
999 3675 1127 3728 ἄνευ
1155 3672 1360 3734 λύσεως
1383 3670 1795 3741 ὁρθοδοξοῦντος

230 3765 544 3821 ἐπισκόπου.

303 3947 454 3999 Ἐπεὶ
480 3947 579 4000 οῦν
630 3945 850 4014 εὐδοκία
885 3946 1020 3998 Θεοῦ
1059 3947 1364 4017 ἀφείθημεν
1407 3945 1516 3998 τῶν
1543 3943 1797 4012 φυλακῶν

231 4041 315 4089 καὶ
368 4039 728 4108 συνήφθημεν
780 4038 858 4107 τῷ
910 4056 967 4090 τε
1014 4041 1302 4111 ἁγιωτάτῳ
1330 4040 1668 4109 πατριάρχῃ,
1703 4037 1798 4090 καὶ

231 4132 330 4191 τοῖς
378 4133 560 4196 ἁγίοις
610 4130 949 4192 ἐπισκόποις,
988 4132 1124 4197 πρὸς
1176 4133 1229 4183 δὲ
1291 4134 1383 4197 καὶ
1426 4131 1592 4192 ὁσίοις
1630 4133 1794 4199 ήγου-

235 4221 402 4288 μένοις
453 4221 759 4289 ἀνεθέμεθα
784 4222 910 4282 τοὺς
937 4221 1147 4286 λόγους,
1207 4223 1298 4273 καὶ
1346 4222 1444 4273 οὐκ
1507 4218 1795 4289 ἐμέμφθη-

235 4327 325 4377 μεν
396 4310 554 4380 παρά
611 4328 752 4372 τινος
800 4313 858 4364 ἐν
912 4309 1127 4362 οὐδενί·
1185 4309 1217 4378 ἢ
1273 4311 1429 4378 μόνον
1494 4309 1628 4378 πρὸς
1680 4308 1797 4370 ἐνὸς

231 4403 317 4454 ἐπὶ
350 4403 429 4470 τῷ
453 4403 699 4469 εὐλογεῖν
723 4419 735 4431 ·
765 4395 915 4468 ᾧτινι
968 4401 1413 4470 ἀπεκρινόιμιςθαξ⁹
1457 4400 1537 4452 ὅτι
1579 4403 1626 4452 εἰ
1657 4416 1796 4467 μεμ-

232 4497 420 4548 πτέονο
468 4495 790 4563 Ἐξενεχθῇ
833 4495 968 4561 ὅρος
1003 4494 1162 4559 παρὰ
1211 4492 1320 4560 τῆς
1357 4490 1659 4560 κεφαλῆς·
1703 4491 1797 4544 καὶ

1896 3312 2215 3365 benedicere
2240 3321 2295 3364 et
2326 3326 2482 3364 orare
2507 3322 2766 3380 tanquam
2802 3310 3132 3363 monachum
3175 3309 3462 3375 duntaxat,

1896 3419 2004 3458 non
2041 3415 2098 3457 ut
2123 3405 2456 3458 sacerdotem
2487 3422 2499 3457 :
2531 3403 2620 3457 sed
2649 3419 2824 3471 neque
2856 3402 2905 3454 id
2943 3403 3259 3471 priusquam
3291 3402 3434 3469 pomi

1895 3498 2119 3551 tentiam
2141 3497 2437 3565 expleverit
2469 3513 2480 3547 :
2512 3510 2687 3563 neque
2717 3492 2926 3562 ingredi
2955 3493 3007 3546 in
3043 3492 3302 3546 ecclesias
3342 3507 3464 3559 qua:

1897 3590 1964 3643 ab
1997 3590 2266 3643 haereticis
2297 3597 2570 3650 tenentur,
2603 3602 2798 3655 neque,
2834 3587 2878 3641 si
2910 3586 3168 3654 templum
3187 3594 3308 3653 post
3336 3600 3462 3653 per-

1899 3690 2050 3733 actas
2107 3679 2180 3731 ibi
2215 3678 2497 3730 ltzereticas
2525 3677 2858 3740 oblationes,
2912 3690 2941 3727 a
2999 3673 3268 3728 catholico
3296 3673 3464 3726 teneri

1895 3770 2194 3838 contingat,
2250 3768 2304 3820 in
2335 3783 2399 3821 eo
2440 3782 2594 3820 sacra
2629 3767 2808 3819 facere
2838 3765 3224 3829 orthodoxum,
3258 3765 3466 3833 absque

1895 3863 2163 3931 permisso
2189 3859 2426 3928 episc0pi
2450 3858 2760 3911 orthodoxi.

1967 3953 2195 4017 Quando
2225 3951 2407 4021 igitur,
2449 3950 2540 4002 Dei
2597 3949 2930 4018 benignitate
2952 3988 2966 4011 ,
2997 3947 3209 4001 dimissi
3243 3963 3306 4000 ex
3337 3961 3463 4001 car-

1897 4062 2040 4110 cere,
2075 4056 2128 4098 et
2158 4060 2279 4098 cum
2314 4043 2661 4098 sanctissimo
2695 4041 3003 4110 patriarcha
3039 4050 3093 4094 et
3115 4041 3318 4094 sanctis
3347 4041 3464 4109 epi-

1897 4139 2078 4206 scopis
2132 4136 2400 4192 conciliati
2469 4151 2693 4198 sumus,
2750 4145 2911 4203 atque
2985 4136 3206 4203 insuper
3260 4135 3466 4188 sanctis

1897 4227 2200 4296 praepositis
2240 4227 2503 4279 rationem
2538 4224 2889 4287 reddidimus,
2941 4241 3116 4294 neque
3161 4226 3269 4279 ulla
3305 4227 3359 4280 in
3410 4242 3467 4280 re

1894 4320 1961 4373 de
2006 4319 2164 4386 nobis
2224 4318 2514 4386 quisquam
2585 4328 2916 4386 conquestus
2974 4329 3101 4383 est,
3160 4319 3264 4371 nisi
3324 4334 3466 4373 unus

1898 4411 1952 4464 in
1983 4427 2047 4465 eo
2081 4410 2222 4479 quod
2255 4419 2463 4478 spectat
2507 4410 2572 4462 ad
2627 4411 3086 4475 benedictionem;
3115 4411 3202 4465 cui
3236 4412 3336 4465 hoc
3383 4427 3468 4465 rc-

1898 4499 2257 4567 sponditnus:
2292 4498 2347 4550 Si
2377 4497 2733 4552 offensionem
2767 4499 2928 4552 habet
2958 4500 3103 4552 istud
3138 4518 3151 4553 :
3186 4497 3339 4554 Mons
3375 4515 3469 4552 cz-

229 4586 380 4654 ἠμεῖς
420 4589 737 4657 σιωπῶμεν.
793 4589 957 4640 Ὥστε
992 4589 1040 4640 οἰ
1091 4586 1467 4655 ἐγκαλοῦντες,
1509 4587 1582 4656 μὴ
1630 4588 1780 4656 ήμῖν,

1893 4590 2027 4642 cisus
2055 4598 2129 4641 est
2150 4589 2213 4641 ab
2232 4590 2343 4657 ipso
2361 4590 2549 4642 vertice
2573 4589 2726 4656 δτοθες
2749 4607 2850 4645 nos
2868 4606 2995 4645 vero
3024 4591 3305 4646 silebimus
3332 4610 3344 4645 :
3374 4607 3469 4646 ace

235 4679 365 4733 ἀλλά
402 4683 518 4744 τοῖς
585 4681 795 4750 κυρίοις
837 4680 1158 4741 ἐπισκόποις
1216 4677 1625 4746 ἐγκαλείτωσαν
1654 4693 1666 4705 ο
1718 4670 1799 4737 οἷς

232 4771 382 4840 ⁴ἡμεῖς
432 4774 482 4826 οἰ
511 4773 745 4834 εὐτελεῖς
773 4771 866 4824 καὶ
902 4772 1181 4842 ὑφειμένοι
1211 4772 1466 4840 ἑπόμενοι
1497 4786 1509 4798 ·
1541 4770 1634 4821 καὶ
1667 4769 1796 4838 παρ’

235 4864 401 4917 αὐτῶν
461 4864 882 4931 ἀναγκαστικῶς
932 4867 1366 4935 προτρεπόμενοι
1434 4863 1595 4933 μέχρι
1631 4864 1799 4932 σήμε-

238 4972 320 5017 ρον
367 4957 465 5010 καὶ
518 4956 802 5024 ἐδώκαμεν
874 4956 1126 5025 ἐπιτίμια
1209 4956 1349 5009 κατά
1410 4955 1499 5007 τὸν
1567 4953 1798 5024 εἰρημέ-

237 5064 316 5098 νον
362 5051 591 5118 εἱρμὸν,
641 5049 734 5102 καὶ
804 5048 1144 5117 ἐπιδιδοῦμεν
1237 5048 1397 5101 ὁπότε
1441 5047 1602 5118 τύχῃ.
1666 5048 1802 5099 Σκο-

243 5140 508 5192 πείτωσαν
535 5139 590 5191 δὲ
626 5142 671 5191 οἱ
698 5139 1154 5208 φιλεγκλὴμονες,
1190 5139 1381 5206 μήπως
1429 5137 1520 5188 τὸν
1567 5136 1805 5188 κώνωπα

244 5229 588 5293 διῦλίζοντες,
634 5229 892 5299 λελήθασι
928 5233 1027 5296 τὴν
1077 5227 1324 5296 κάμηλον
1371 5227 1760 5287 καταπίνοντες
1787 5242 1800 5255 ·

242 5323 328 5376 καὶ
348 5322 416 5376 τά
441 5323 627 5392 κάρφη
654 5322 1033 5392 ψηλαφῶντες,
1066 5323 1164 5374 οὐκ
1217 5319 1561 5372 αίσθὰνονται
1587 5319 1683 5386 τὴν
1717 5317 1803 5370 δο-

242 5413 330 5464 κῦν
357 5415 773 5485 περιφέροντες.
820 5413 1012 5483 Ἡμεῖς
1033 5409 1124 5464 οὖν
1144 5411 1306 5472 οὕτω,
1330 5409 1622 5478 θεοτίμητε
1652 5407 1805 5460 ἀδελ-

242 5504 323 5573 φέ,
358 5507 436 5568 ὠς
471 5506 576 5558 ὑπὸ
633 5505 750 5575 Θεῷ
798 5506 1035 5574 μάρτυρι
1087 5505 1437 5573 διεγενόμεοα
1497 5503 1807 5572 συμπαθείᾳ

242 5596 328 5648 καὶ
352 5596 699 5666 φιλαδελφίᾳ,
725 5596 783 5647 οὐ
821 5596 978 5646 κατὰ’
1010 5595 1367 5662 πρόσκλησιν,
1405 5595 1436 5663 ἦ
1480 5611 1601 5644 τινα
1636 5592 1800 5659 ἄλλην

244 5687 594 5754 περιπέτειαν
619 5685 982 5756 ἀνθρωπίνην.
1034 5686 1092 5736 Ὀ
1134 5685 1201 5736 δὲ
1256 5685 1576 5753 ταράσσων
1625 5683 1801 5750 ἡμὰς,

246 5778 400 5843 φησὶν
449 5778 477 5828 ὁ
518 5777 858 5840 Ἀπὸστολος,
907 5777 1208 5839 ,ϐαστάσει
1274 5777 1339 5829 τὸ
1393 5777 1587 5845 κρῖμα,
1640 5776 1808 5838 ὅστις

247 5862 317 5917 ἂν

312 5983 428 6015 ⁸’·⁸³
455 5984 589 6038 Dan.
624 6001 686 6050 tt,
712 5985 799 6038 54.

875 5987 921 6018 ⁸³
954 5987 1140 6042 Matth.
1176 6003 1272 6051 \‘tl,
1312 5989 1372 6052 ὃς
1427 6004 1581 6051 χχιιι,
1607 5987 1695 6041 24.

1906 4689 2184 4734 cusatores
2213 4681 2377 4748 igitur
2396 4695 2501 4733 non
2529 4680 2641 4748 jam
2666 4697 2786 4743 nos,
2812 4683 2904 4736 sed
2937 4682 3188 4737 dominos
3211 4691 3469 4737 accosent

1903 4771 2212 4839 episcopos,
2250 4784 2389 4837 quos
2431 4770 2711 4837 sequimur
2759 4784 2859 4823 nos
2891 4769 3124 4824 humiles
3159 4781 3210 4824 et
3252 4771 3465 4823 infimi:

1905 4872 2068 4932 atque
2101 4863 2170 4916 ab
2199 4861 2264 4916 iis
2287 4861 2441 4930 quasi
2479 4877 2574 4930 per
2606 4863 2712 4915 vim
2762 4861 2980 4932 impulsi
3023 4864 3090 4917 ad
3121 4864 3266 4917 hunc
3296 4880 3468 4931 usque

1905 4956 2069 5019 diem,
2095 4964 2148 5008 et
2171 4969 2360 5023 ptenas
2394 4955 2753 5023 imposuimus
2783 4970 2849 5008 eo
2878 4972 3038 5024 quem
3066 4956 3302 5010 diximus
3340 4957 3468 5021 ritu,

1902 5055 1956 5100 et
1985 5062 2106 5100 cum
2135 5062 2272 5115 opus
2295 5055 2372 5101 est
2402 5046 2753 5116 imponimus.
2787 5047 3016 5101 Videant
3058 5058 3234 5101 autem
3264 5048 3472 5101 delato-

1903 5154 1990 5193 res
2040 5139 2154 5201 illi,
2202 5156 2270 5193 ne
2323 5139 2551 5192 culicem
2586 5140 2921 5196 excolantes.
2954 5139 3223 5194 camelum
3265 5141 3468 5194 incauti

1901 5230 2202 5298 deglutiant
2225 5229 2269 5260 ⁸³
2306 5248 2319 5283 :
2353 5245 2487 5284 neve
2524 5229 2651 5284 dttm
2687 5230 2956 5298 vestigant
2981 5228 3237 5285 festucas.
3262 5232 3468 5284 trabem

1901 5322 2255 5376 circumferre
2296 5337 2353 5376 se
2387 5337 2494 5376 non
2533 5325 2794 5377 sentiant.
2843 5321 2950 5376 Nos
3002 5323 3188 5390 igitur.
3242 5322 3410 5374 frater
3440 5338 3469 5374 a

1903 5415 2014 5468 Deo
2049 5416 2338 5478 honorate,
2383 5415 2464 5470 sic
2492 5425 2749 5484 tanquam
2779 5415 2881 5468 sub
2918 5413 3028 5468 Deo
3059 5423 3194 5468 teste
3223 5428 3472 5481 perseve—

1905 5509 2146 5561 ravimus
2205 5508 2257 5561 in
2303 5508 2586 5562 concordia
2643 5518 2696 5561 ct
2735 5508 3068 5576 benignitate
3117 5507 3168 5559 in
3226 5509 3471 5569 fratrem,

1908 5615 2016 5653 non
2054 5601 2206 5667 juxta
2238 5600 2654 5668 propensionem
2685 5599 2874 5661 animi,
2902 5610 2992 5651 aut
3022 5598 3246 5652 alterius
3283 5597 3474 5648 huma-

1913 5695 1967 5746 ni
2002 5694 2220 5746 atfectus
2256 5696 2634 5747 temeritatem.
2671 5692 2773 5756 Qui
2824 5701 2998 5745 autent
3027 5689 3304 5743 conturbat
3354 5705 3470 5744 nos.

1916 5787 1988 5836 ait
2009 5785 2863 5853 Apostolus,portabitjudicium,
2881 5784 3170 5853 quicunque
3196 5790 3267 5833 est
3293 5779 3380 5832 ille
3404 5780 3468 5833 9°.

1773 5987 1817 6019 ’°
1852 5987 2027 6042 Galat.
2059 6002 2108 6049 ν,
2151 5986 2232 6040 10.
