3934 6460
496 357 636 426 1475
1679 371 1739 431 S.
1767 368 2158 433 THEODORI
2192 366 2539 433 STUDITA!

865 478 1048 538 XLIII.
1075 513 1146 523 —
1172 481 1466 539 Laurentio
1487 484 1602 555 ﬁlio
1625 487 1712 554 (').

2331 493 2486 547 PN!"
2516 486 2650 561 (/55).
2679 517 2747 529 -—
2775 485 3112 554 Λαυρεντίῳ
3166 483 3377 551 τέκνῳ.
3413 481 3605 555 [χλβ⁹.]

832 596 909 648 Ne
931 600 1016 649 flat
1038 600 1226 652 oblatio
1251 610 1304 654 et
1342 618 1428 655 res
1451 619 1592 656 sacra
1615 621 1704 670 pro
1742 608 1951 668 quodam
1982 608 2069 670 qui
2092 621 2149 658 se
2170 607 2351 670 laqueo
2391 606 2735 669 suspenderat,
2762 603 2853 653 sed
2877 601 3038 651 solum
3064 599 3405 658 eleemosyna.

564 707 644 761 Ad
682 721 846 762 aures
874 717 1093 763 nostras
1133 713 1382 779 pervenit
1418 713 1654 780 facinus,
1686 714 1761 768 ﬁli
1790 714 2044 770 Laurenti

2253 704 2545 767 Ἀκουστδν
2571 714 2704 782 ἡμῖν
2735 709 2973 777 ἐγένετο,
2998 707 3187 760 τέκνον
3236 708 3559 777 Λαυρέντιε,
3610 704 3746 777 ὅπερ

442 784 447 793 ³
498 799 646 870 quod
698 800 825 852 mali
876 800 1145 855 daemonis
1209 803 1469 860 instinctu
1528 807 1583 860 in
1632 806 2051 861 Antisarensiun

2175 807 2241 858 ἐκ
2269 803 2362 857 τοῦ
2390 800 2629 873 πονηροῦ
2651 800 2903 871 δαίμονος
2936 795 3188 867 ἐτελέσθη
3212 796 3394 866 δρᾶμα
3429 797 3487 847 ὲν
3517 798 3584 866 τῇ
3628 795 3752 846 Ἀν-

495 889 776 958 Comopoli
806 899 1080 958 patratum
1109 901 1194 946 est
1220 911 1234 959 ;
1262 894 1490 963 ejusque
1520 910 1682 949 causa
1724 896 2051 952 vehemente:

2170 897 2411 964 τισάρων
2458 893 2606 967 [cod.
2643 892 2779 963 Reg.
2844 886 3203 960 ’Δντιζάρχῳ]
3249 889 3599 957 κωμοπόλει·
3655 887 3750 939 καὶ

495 979 885 1049 ingemuitnus,
915 989 1028 1033 tum
1061 996 1126 1035 ex
1153 986 1429 1039 communi
1462 986 1576 1056 lege
1607 986 1857 1041 humanm
1884 988 2051 1042 chari-

2170 985 2536 1057 ἐστενάξαμεν
2564 984 2654 1039 ἐπ’
2685 984 2833 1055 αὐτῷ
2866 983 3139 1053 μεγάλως,
3164 980 3260 1033 καὶ
3282 979 3422 1032 κατὰ
3445 980 3539 1031 τὸν
3566 978 3747 1032 κοινὸν

495 1071 624 1121 tatis
648 1109 662 1132 ,
696 1080 809 1123 tum
846 1070 974 1139 quia
1022 1070 1177 1126 fratri
1209 1073 1513 1130 Athanasio
1562 1077 2051 1148 protopresbytero.

2167 1078 2333 1147 νόμον
2367 1078 2465 1147 τῆς
2494 1075 2840 1147 ἀνθρωπίνης
2897 1074 3140 1141 ἀγάπης,
3200 1070 3293 1123 καὶ
3346 1070 3485 1122 διότι
3531 1071 3624 1137 ἀφ’
3660 1067 3749 1121 αῖ-

494 1162 654 1228 cujus
685 1176 811 1231 ergo
840 1162 1108 1217 adductus
1132 1179 1252 1219 sum
1301 1177 1361 1220 ut
1411 1166 1704 1221 scriberem
1731 1205 1747 1230 ,
1804 1168 2051 1237 sanguim

2169 1185 2339 1234 ματος
2371 1167 2464 1221 τοῦ
2496 1167 2726 1237 ἀδελφοῦ
2762 1164 3082 1218 Ἀθανασίου
3114 1163 3210 1215 καὶ
3252 1159 3748 1231 πρωτοπρεσϐυτέ-

489 1252 715 1323 junctus
742 1264 861 1308 erat
889 1255 932 1311 is
963 1257 1057 1326 qui
1086 1258 1323 1327 seipsum
1363 1259 1695 1331 praefocavit.
1728 1257 1771 1314 Ο
1796 1263 2051 1332 tragicum

2166 1277 2262 1329 ρου
2296 1260 2408 1330 (ὑφ’
2434 1252 2496 1312 οὗ
2552 1259 2646 1312 καὶ
2671 1257 2911 1327 κινηθεὶς
2935 1254 3153 1326 γράφω)
3190 1254 3346 1306 ἐστὶν
3383 1253 3411 1303 ό
3446 1254 3751 1321 ἀπαγχονιο

493 1346 900 1420 spectaculum!
935 1347 1211 1403 hominem
1245 1350 1573 1405 honoratum
1595 1392 1610 1416 ,
1657 1350 1926 1421 indigenis
1959 1353 2051 1409 loci

2164 1351 2332 1415 σθείς.
2367 1352 2430 1403 Ὢ
2459 1350 2691 1419 φοϐεροῦ
2725 1348 3151 1420 τραγῳδήματος
3181 1346 3193 1397 l
3217 1344 3507 1415 ἄνθρωπος
3536 1345 3596 1397 ἐν
3614 1347 3746 1415 τιμῇ

493 1436 930 1501 antecellentem,
981 1438 1066 1492 cui
1118 1439 1323 1494 affatim
1362 1442 1487 1496 vita:
1530 1441 1777 1496 subsidio
1805 1452 2051 1512 suppete-

2160 1440 2255 1508 ὣν,
2287 1443 2722 1513 προφερέστερος
2743 1442 2850 1493 τῶν
2868 1442 3045 1492 ἐκεῖσε
3078 1437 3439 1508 αὐτοχθόνων,
3458 1437 3748 1507 αὐτάρκης

491 1526 644 1589 bant,
673 1527 847 1581 virum
883 1528 1224 1598 prudentem,
1252 1532 1305 1585 in
1340 1535 1680 1589 orationibus
1704 1535 2051 1603 precibusque

2161 1534 2305 1587 κατά
2334 1534 2425 1587 τὸν
2457 1533 2593 1604 βίον,
2621 1533 2763 1605 ἀνὴρ
2807 1531 3048 1592 συνετὸς,
3078 1527 3508 1601 προσκαρτερῶν
3554 1529 3750 1597 εὐχαῖς

491 1616 776 1671 assiduum
801 1660 816 1684 ,
849 1628 1012 1689 atque
1051 1619 1106 1673 in
1141 1622 1357 1688 reliquo
1407 1624 1527 1677 vitae
1555 1639 1718 1679 cursu
1747 1624 2051 1693 probatum,

2156 1643 2215 1678 τε
2244 1627 2337 1680 καὶ
2358 1627 2598 1697 δεήσεσι,
2618 1627 2715 1679 καὶ
2742 1628 2808 1695 τῇ
2834 1625 2992 1694 λοιπῇ
3016 1623 3115 1693 τῆς
3134 1622 3281 1692 ζωῆς
3311 1623 3505 1690 ἀγωγῇ
3529 1621 3747 1689 ἐμπρέ-

491 1723 616 1763 cum
653 1710 791 1765 nihil
822 1712 1110 1766 accidisset
1142 1712 1350 1768 sinistri
1380 1724 1627 1779 eventus,
1659 1732 1781 1785 quae
1818 1731 2051 1785 persaepe

2156 1735 2273 1772 πων
2296 1735 2311 1749 ·
2347 1718 2575 1789 μηδενὸς
2603 1714 2992 1787 περιστατικοῦ
3025 1732 3087 1765 συ
3099 1713 3460 1783 μϐεϐηκότος,
3491 1711 3551 1775 ἐξ
3570 1706 3748 1781 οὗπερ

489 1814 653 1854 causa
683 1810 769 1855 est
797 1803 867 1855 ab
896 1802 1072 1858 ollieio
1104 1804 1460 1871 deﬂectendi;
1493 1808 1572 1862 sic
1605 1807 1659 1860 in
1694 1807 1839 1861 nulla
1870 1824 2051 1863 rerum

2155 1809 2412 1872 πολλάκις
2442 1802 2561 1862 ἔστι
2597 1807 3023 1880 περιτρέπεσθαι
3044 1804 3139 1857 τοῦ
3163 1804 3375 1866 δέοντος
3397 1802 3541 1855 κατά
3566 1820 3619 1853 τι
3657 1820 3749 1869 μι-

486 1892 895 1960 perturbatione
923 1894 975 1948 id
1008 1895 1231 1952 sceleris
1260 1897 1568 1963 admisisse,
1596 1908 1654 1952 ut
1687 1898 1938 1969 laqueum
1966 1900 2051 1954 in-

2155 1901 2281 1970 κρόν
2300 1917 2314 1932 °
2333 1901 2504 1961 οὕτως
2517 1903 2574 1953 ἐν
2587 1899 2858 1970 ἀταραξίᾳ
2877 1897 3221 1968 πραγμάτων
3237 1894 3553 1966 τηλικοῦτον
3572 1894 3747 1946 κακὸν

486 1982 696 2038 dueret—.
747 1982 811 2049 Ο,
844 1992 897 2038 et
928 1986 1125 2040 iterum
1162 1986 1338 2042 dicam
1366 2029 1381 2053 ,
1421 1989 1788 2044 detestandam
1816 2004 2003 2045 vocem
2035 1992 2047 2045 l

2155 1991 2567 2064 ἀπεργάσασθαι
2591 1991 2796 2064 ἀγχόνῃ
2810 1989 3157 2060 χρησάμενος
3178 1990 3190 2041 l
3218 1989 3300 2051 Ὢ,
3322 1989 3415 2040 καὶ
3434 1982 3591 2049 αὖθις
3606 1987 3632 2037 ἐ
3644 1986 3743 2055 ρῶ,

490 2074 650 2129 Tales
682 2084 810 2130 sunt
838 2076 1039 2131 diaboli
1068 2079 1522 2136 machinationes.
1559 2080 1662 2134 Ille
1701 2082 1966 2137 homicida
1988 2082 2051 2136 ab

2155 2085 2253 2148 τῆς
2302 2082 2584 2151 ἀπευκτῆς
2629 2083 2813 2151 φωνῆς
2869 2080 3014 2152 [cod.
3043 2081 3174 2152 Reg.
3212 2077 3407 2150 ἀκοῆς]
3451 2081 3463 2131 l
3499 2077 3749 2131 Τοιαῦτα

486 2164 665 2229 initio,
692 2178 749 2220 ut
772 2168 847 2222 ait
878 2168 1141 2225 Dominus
1162 2172 1229 2227 ".
1260 2173 1355 2229 Ille
1384 2174 1617 2243 primum
1636 2176 1856 2245 quidem
1893 2176 2057 2229 Achi-

486 2255 691 2323 tophel,
727 2256 924 2311 deinde
949 2257 1144 2313 Judam
1172 2261 1350 2332 adegit
1377 2264 1442 2318 ad
1471 2265 1824 2333 suspendium
1862 2282 1876 2318 :
1910 2274 1965 2320 et
1989 2266 2057 2321 ad

485 2344 630 2400 hanc
666 2361 840 2415 usque
879 2347 1021 2401 diem
1064 2363 1169 2401 non
1223 2361 1405 2404 cessat
1448 2351 1591 2406 idem
1626 2352 1961 2422 persuadere
1990 2352 2056 2407 iis

485 2437 576 2505 qui
604 2437 705 2504 ipsi
738 2438 1137 2507 obtemperant.
1168 2439 1389 2497 Duobus
1418 2452 1620 2509 autem,
1647 2443 1859 2511 opinor,
1880 2443 2057 2497 modis

486 2524 763 2578 hominem
799 2529 1091 2593 praedatur,
1117 2529 1258 2582 sicut
1285 2531 1618 2598 experientia
1645 2534 2014 2600 comperimus
2039 2549 2052 2585 :

484 2627 580 2669 aut
621 2632 685 2671 ex
739 2619 927 2673 dolore
980 2621 1159 2674 cordis
1187 2620 1599 2687 inconsolabili,
1633 2632 1727 2677 aut
1767 2639 1833 2678 ex
1863 2625 2056 2679 insana

485 2705 798 2771 cupiditate,
818 2710 1066 2762 tenebras
1083 2709 1385 2774 oll‘undens,
1403 2721 1455 2766 et
1469 2712 1846 2782 pessumdans.
1859 2714 2056 2780 Quem-

487 2798 779 2851 admodum
806 2800 950 2853 enim
989 2799 1043 2853 in
1067 2802 1378 2868 homicidio,
1410 2805 1493 2857 vel
1519 2805 1786 2861 adulterio
1813 2846 1828 2870 ,
1872 2808 1959 2862 vel
2001 2809 2055 2862 in

488 2888 698 2942 caeteris
724 2890 965 2958 ﬂagitiis,
1003 2894 1255 2947 tenebras
1287 2894 1509 2949 exhibet
1539 2898 1698 2966 quasi
1744 2897 1950 2963 lucem,
2003 2906 2058 2953 et

486 2991 736 3031 amarum
769 2988 828 3032 ut
858 2979 1056 3047 dulce;
1085 2996 1259 3050 neque
1291 2982 1457 3049 enim,
1502 2984 1609 3039 nisi
1659 2985 1733 3039 ita
1760 2986 1963 3039 sentire
1990 2986 2057 3040 de

487 3068 652 3123 rebus
692 3071 929 3133 doceret,
960 3074 1143 3125 venari
1186 3082 1239 3126 et
1260 3089 1455 3143 capere
1489 3091 1588 3130 nos
1618 3086 1805 3145 posset
1841 3094 1855 3130 :
1889 3077 1969 3130 sic
2002 3085 2056 3131 et

486 3161 541 3214 in
561 3164 878 3231 suspendio,
899 3163 1112 3218 dulcem
1137 3162 1263 3219 fecit
1285 3176 1537 3231 mortem,
1561 3169 1800 3223 tenebris
1819 3176 2052 3223 mentem

485 3252 736 3317 obduxit,
770 3254 977 3325 peregit
1004 3256 1379 3326 suspendium.
1412 3257 1586 3312 Credo
1605 3260 1890 3329 equidem;
1920 3277 2058 3331 qua-

485 3344 555 3400 lis
581 3355 664 3399 est
689 3346 855 3401 draco
890 3348 999 3413 ille,
1028 3357 1084 3403 et
1112 3365 1273 3416 quam
1300 3350 1484 3406 multis
1514 3353 1839 3422 praestigiis;
1878 3353 2054 3407 homi-

484 3451 584 3491 nes
606 3437 809 3506 ubique
840 3438 1134 3505 interimet,
1160 3440 1263 3494 hoc
1284 3440 1448 3495 istum
1473 3442 1657 3507 modo,
1682 3443 1846 3498 alium
1866 3444 2049 3510 aliter;

486 3544 587 3583 nec
613 3530 901 3598 quisquam
931 3540 1013 3583 est
1041 3530 1135 3599 qui
1171 3530 1291 3599 ejus
1346 3531 1565 3601 pedicas
1587 3534 1809 3598 evadat,
1846 3534 2054 3603 absque

484 3618 580 3674 Dei
617 3621 840 3685 auxilio,
868 3621 1012 3690 quod
1041 3620 1215 3677 aderit
1256 3623 1461 3677 viventi
1495 3622 1723 3679 ﬁdeliter
1751 3638 1874 3679 cum
1905 3635 2051 3681 metu

484 3722 539 3766 et
572 3718 830 3779 tremore,
851 3711 1008 3781 juxta
1036 3712 1209 3784 ipsius
1242 3716 1557 3769 mandatum
1583 3716 1650 3770 ³³.

560 3888 664 3944 Sed
698 3889 763 3944 ad
792 3890 1095 3946 institutum
1130 3891 1314 3946 veniat
1344 3893 1539 3947 oratio.
1569 3891 1899 3965 Signiﬁcasti
1928 3911 2049 3950 om-

483 3997 582 4036 nes
614 3980 722 4035 loci
760 3982 903 4036 illius
950 3982 1156 4038 incolas
1211 3984 1451 4038 aversari
1481 3984 1703 4040 domum
1734 3986 1908 4056 ipsius
1934 4027 1950 4053 ,
1996 4001 2052 4043 et

485 4092 736 4141 uxorem,
770 4089 825 4132 et
852 4078 1075 4144 liberos,
1112 4094 1289 4149 neque
1317 4088 1694 4148 contrectare,
1737 4083 1906 4147 velle,
1958 4093 2053 4140 aut

484 4170 752 4237 attingere
794 4170 1116 4240 quidquam,
1159 4187 1224 4227 ac
1256 4186 1324 4227 ne
1361 4188 1553 4243 panem
1592 4176 1809 4244 quidem
1861 4185 2053 4233 mutuo

484 4261 695 4316 datum.
726 4259 792 4315 Et
821 4262 1039 4331 quidem
1073 4263 1119 4317 si
1144 4262 1285 4332 ejus,
1315 4265 1409 4333 qui
1440 4280 1501 4320 se
1530 4268 1909 4337 strangulavit,
1955 4270 2052 4324 l'a-

484 4352 726 4407 miliares
754 4353 942 4407 dicunt
970 4362 1116 4408 recte
1148 4355 1298 4408 illum
1332 4355 1549 4425 fecisse,
1582 4375 1750 4429 seque
1779 4372 1963 4430 optare
1993 4372 2052 4418 ut

482 4444 587 4497 sibi
625 4444 765 4497 idem
795 4446 975 4499 exitus
1004 4446 1285 4515 contingat
1313 4464 1328 4513 ;
1390 4450 1584 4503 merito
1616 4452 2004 4521 relinquuntur
2029 4471 2045 4520 ;

2156 2173 2251 2226 τοῦ
2279 2173 2523 2226 διαϐόλου
2545 2182 2611 2225 τα
2632 2173 3292 2242 μηχανήματα.Ἐκεῖνος
3329 2170 3751 2237 ἀνθρωποκτό-

2156 2280 2263 2328 νος
2283 2263 2383 2317 ἀπ’
2409 2261 2622 2331 ἀρχῆς,
2646 2261 2830 2325 καθὼς
2860 2262 2965 2333 ἔφη
2981 2266 3008 2315 ό
3025 2263 3249 2332 Κύριος.
3272 2262 3511 2322 Ἐκεῖνος
3542 2260 3747 2330 πρῶτα

2161 2354 2259 2424 μὲν
2280 2354 2369 2407 τὸν
2409 2355 2713 2425 Ἀχιτόφελ,
2743 2354 2934 2408 ἔπειτα
2962 2355 3052 2407 τὸν
3097 2354 3294 2407 Ἰούδαν
3315 2352 3531 2404 ἔπεισεν
3558 2354 3740 2421 ἀπάγ-

2157 2447 2352 2513 ξασθαι
2374 2460 2389 2474 ⁸
2423 2446 2479 2509 ὃς
2500 2447 2560 2499 ού
2625 2446 2861 2500 παύεται
2897 2448 2992 2500 καὶ
3026 2446 3189 2515 μέχρι
3229 2445 3470 2512 σήμερον
3519 2444 3579 2495 τὸ
3605 2443 3747 2495 αὐτὸ

2156 2536 2437 2589 ἀποτελεῖν
2462 2536 2522 2588 ὲν
2544 2538 2659 2599 τοῖς
2688 2535 3028 2605 πειθομένοις
3070 2533 3236 2603 αὐτῷ.
3274 2528 3442 2601 Οἶμαι
3484 2532 3540 2585 δὲ
3596 2532 3747 2584 κατὰ

2156 2627 2252 2681 δύο
2309 2628 2545 2699 τρόπους
2603 2628 2767 2699 συλᾷν
2807 2628 2895 2680 τὸν
2920 2627 3226 2695 ἄνθρωπον,
3261 2625 3334 2687 ὡς
3370 2626 3535 2694 πείρα
3566 2625 3745 2689 ἔγνως

2163 2719 2499 2790 μεν’ἢάπὸ
2545 2719 2737 2790 ὀδύνης
2784 2717 3012 2788 καρδίας
3073 2717 3483 2786 ἀπαρακλήτου,
3529 2714 3560 2783 ἢ
3628 2713 3745 2765 ἀπὸ

2159 2812 2401 2881 ἐφέσεως
2432 2812 2737 2880 ἀλογίστου,
2770 2806 3069 2871 σκοτώσεις,
3103 2808 3199 2861 καὶ
3248 2805 3603 2878 περιτρέψας.
3652 2804 3747 2867 Ὡς

2157 2903 2270 2974 γὰρ
2301 2905 2394 2956 ἐπὶ
2421 2904 2606 2973 φόνου,
2640 2903 2673 2973 ἢ
2715 2900 2962 2971 μοιχείας
3004 2901 3098 2953 καὶ
3126 2900 3234 2953 τῶν
3273 2898 3472 2968 ὁμοίων
3499 2895 3746 2967 ἀσελγη-

2160 2995 2363 3063 μάτων,
2421 2993 2765 3047 ὑποδείκνυσι
2806 2996 2867 3044 τὸ
2910 2992 3099 3054 σκότος
3128 2993 3264 3061 φῶς,
3319 2992 3412 3042 καὶ
3444 2989 3503 3041 τὸ
3538 2989 3746 3058 πικρὸν

2156 3084 2379 3153 γλύκιον
2423 3084 2504 3156 (οὐ
2536 3085 2644 3153 γάρ
2674 3083 2763 3146 ἂν,
2797 3085 2846 3135 εί
2874 3084 2947 3155 μὴ
2968 3084 3140 3145 οὕτως
3164 3079 3611 3149 ἀναστοιχειώσει
3648 3081 3743 3133 λο-

2155 3176 2432 3246 γίσασθαι,
2489 3176 2638 3245 ἡμᾶς
2699 3174 2925 3246 εὑρίσκῃ
2976 3172 3294 3242 θηρεῦσαι)·
3328 3170 3470 3223 οὕτω
3512 3173 3606 3224 καὶ
3640 3172 3745 3225 ἐπὶ

2157 3270 2254 3341 τῆς
2286 3268 2542 3339 ἀγχόνης,
2560 3267 2734 3338 ιῆδυνε
2774 3268 2864 3320 τὸν
2897 3267 3148 3328 θάνατον,
3185 3266 3426 3332 ὲζόφωσε
3462 3265 3553 3317 τὸν
3585 3265 3742 3326 νοῦν,

2157 3360 2451 3429 ἀπετέλεσε
2499 3358 2597 3430 τὴν
2648 3360 2906 3430 ἀγχόνην,
2948 3355 3112 3427 Οἶμαι
3149 3357 3293 3427 [ωδ.
3326 3355 3457 3426 Reg.
3491 3356 3560 3409 Οἵ
3593 3358 3744 3430 μοι],

2153 3447 2264 3515 οἶός
2316 3451 2463 3504 ἐστιν
2490 3454 2519 3504 ό
2549 3451 2783 3522 δράκων,
2828 3450 2923 3504 καὶ
2961 3450 3046 3517 ἐφ’
3072 3452 3219 3512 ὅσοις
3276 3449 3746 3519 μαγγανεύμασιν

2153 3542 2589 3613 ἀνθρωποκτονεῖ
2611 3545 2890 3596 ἑκάστοτε.
2938 3540 3142 3595 Τοῦτον
3192 3541 3387 3606 οὕτως,
3435 3541 3592 3594 ἄλλον
3637 3544 3745 3620 ἆ),-

2152 3635 2261 3698 λως
2283 3652 2298 3666 ·
2328 3636 2422 3688 καὶ
2455 3635 2553 3688 οὐκ
2588 3634 2733 3687 ἔστιν
2762 3633 2818 3697 ὂς
2851 3633 3174 3702 ἐκφεύξεται
3201 3634 3300 3696 τὰς
3324 3634 3505 3700 πάγας
3539 3634 3746 3699 αὐτοῦ,

2152 3725 2282 3780 ἄνευ
2326 3725 2579 3795 βοηθείας
2621 3724 2716 3778 τοῦ
2752 3723 2909 3791 Θεοῦ,
2934 3725 3057 3794 ἥτις
3100 3725 3186 3795 εῖη
3238 3724 3375 3791 μετά
3419 3723 3585 3791 φόϐου
3640 3726 3748 3780 καὶ

2152 3818 2354 3891 τρόμου
2380 3816 2456 3886 τῷ
2487 3816 2609 3869 κατ’
2639 3816 2858 3886 ἐντολὴν
2883 3814 3050 3867 αὑτοῦ
3104 3815 3311 3876 πιστῶς
3353 3815 3579 3884 βιοῦντι.

2236 3910 2374 3963 Ἀλλ’
2415 3909 2507 3962 ἐπὶ
2534 3909 2594 3962 τὸ
2635 3912 2966 3978 κατεπεῖγον
2996 3911 3024 3961 ὁ
3072 3908 3248 3976 λόγος.
3292 3910 3622 3980 Ἐδήλωσας,
3660 3911 3749 3974 ὡς

2151 4002 2202 4056 οί
2227 4000 2321 4054 τοῦ
2350 4001 2549 4071 χωρίου
2573 4000 2710 4071 ὁμοῦ
2733 4001 2973 4064 ἅπαντες
2998 4000 3406 4072 ἀποτρέπονται
3430 4002 3527 4071 τῆς
3552 4003 3751 4066 οἰκίας

2151 4093 2342 4161 αὐτοῦ,
2383 4096 2551 4166 ἧγουν
2604 4094 2883 4163 γυναικὸς,
2931 4094 3027 4148 καὶ
3077 4094 3306 4161 τέκνων,
3366 4097 3502 4166 μήτε
3558 4094 3749 4149 ἅπτε-

2153 4188 2297 4252 σθαι,
2330 4188 2466 4258 μήτε
2505 4186 2697 4257 θίγειν,
2736 4187 2897 4257 μέχρι
2929 4187 3024 4241 καὶ
3054 4188 3392 4257 μεταδόσεως
3424 4188 3590 4257 ἄρτου
3631 4189 3747 4243 δα-

2150 4276 2388 4332 νειακοῢ.
2433 4277 2544 4331 Καὶ
2590 4279 2638 4330 εί
2688 4278 3032 4345 ἐπιλέγουσιν
3082 4280 3131 4330 oi.
3193 4277 3287 4329 τοῦ
3337 4278 3746 4347 ἀπαγξαμένου

2151 4368 2321 4437 καλὴν
2351 4364 2488 4422 εἷναι
2521 4368 2617 4439 τὴν
2651 4370 2851 4439 πρᾶξιν
2892 4372 2990 4439 τῆς
3035 4370 3467 4439 ἀπαγχονίσεως,
3500 4370 3601 4423 καὶ
3634 4377 3749 4442 τὴν

2149 4457 2318 4526 αὐτὴν
2343 4456 2491 4525 αὐτῷ
2518 4458 2691 4530 φιλεῖν
2716 4456 2934 4509 τελέσαι
2955 4459 3195 4510 κάκεῖνοι
3223 4474 3237 4488 ⁸
3260 4459 3437 4521 καλῶς
3455 4460 3743 4526 ἀφίσταν-

483 4551 793 4605 quanquam
825 4551 1003 4607 neque
1049 4537 1102 4591 id
1142 4538 1349 4593 statim.
1384 4540 1680 4610 Oportebat
1709 4543 1855 4597 enim
1896 4547 2048 4613 prius

2155 4563 2271 4599 ται’
2302 4547 2463 4600 ὁπότε
2508 4547 2614 4599 οὐδ’
2646 4545 2818 4610 οὕτως
2862 4547 3046 4609 εὐθύς.
3088 4550 3206 4600 Δεῖν
3255 4549 3361 4620 γὰρ
3392 4550 3612 4619 πρῶτον
3656 4554 3750 4607 δι·-

482 4645 579 4684 eos
606 4630 824 4695 docere,
860 4629 1185 4693 illuminare,
1219 4631 1428 4686 hortari
1472 4644 1531 4687 ut
1580 4633 1826 4704 fugerent
1854 4636 2045 4691 interi-

481 4731 595 4775 lum
624 4739 637 4775 :
666 4721 770 4775 hoc
818 4722 961 4776 enim
1004 4722 1441 4777 Christianorum
1495 4732 1581 4778 est
1628 4744 1642 4778 :

480 4813 813 4879 amantium;
862 4814 989 4884 quia
1032 4823 1087 4868 et
1130 4812 1419 4883 Dominus,
1438 4831 1562 4870 cum
1588 4818 1754 4873 sciret
1808 4820 1938 4888 quid
1969 4820 2049 4874 l'a-

480 4918 671 4959 eturus
720 4915 867 4961 esset
893 4906 1105 4972 Judas,
1158 4909 1344 4963 multis
1368 4909 1762 4967 benevolentiae
1809 4914 2045 4983 indiciis,

2145 4637 2319 4704 δάξαι,
2376 4638 2627 4707 φωτίσαι,
2672 4638 3054 4707 παρακαλέσαι
3103 4644 3297 4708 φυγεῖν
3341 4643 3430 4695 τὸν
3457 4642 3697 4714 ϐλεθρον
3726 4667 3741 4678 ο

1692 4725 1791 4781 hoc
1848 4726 2044 4784 fratres
2074 4747 2121 4804 ι)
2146 4730 2303 4782 τοῦτο
2331 4731 2439 4801 γὰρ
2474 4732 2816 4800 Χριστιανῶν
2837 4748 2850 4761 ·
2878 4731 3037 4785 τοῦτο
3087 4733 3427 4801 φιλαδέλφων
3450 4752 3464 4766 ·
3498 4736 3584 4788 ὅτι
3632 4741 3746 4792 καὶ

2143 4824 2171 4875 ὀ
2198 4823 2400 4892 Κύριος
2428 4823 2519 4875 τὸν
2562 4823 2760 4876 Ἰούδαν
2786 4823 3001 4888 πολλοῖς
3028 4827 3268 4896 χρηστεύ
3278 4844 3429 4895 μασι,
3454 4829 3552 4880 καὶ
3581 4830 3749 4901 6:09-

2145 4915 2393 4978 θωτικοῖς
2461 4915 2935 4985 προφητεύμασιν,
3007 4918 3163 4981 εἰδὼς
3195 4918 3222 4970 ὃ
3273 4918 3466 4988 ἔμελλε
3522 4927 3743 4989 ποιεῖν,

481 4997 800 5067 idoneisque
833 5001 900 5054 ad
933 5002 1330 5071 correptionem
1372 5003 1814 5073 praedictionibus
1859 5006 2046 5062 deter-

2155 5007 2399 5073 ὲπειρᾶτο
2425 5005 2765 5057 ἀναπείθεινο
2793 5006 2855 5057 τὸ
2887 5006 3009 5058 οὐαὶ
3041 5008 3187 5077 αὐτῷ
3223 5009 3741 5079 ἐπιφθεγγόμενος,

481 5104 601 5142 rere
634 5090 782 5142 illum
810 5094 1128 5158 conabatur,
1159 5109 1237 5148 vae
1266 5094 1367 5162 ipsi
1403 5096 1728 5151 denuntians
1749 5138 1764 5161 ,
1796 5108 1851 5151 et
1875 5114 2041 5167 expe-

478 5181 594 5233 dire
622 5182 808 5238 dicens
830 5196 887 5238 ut
911 5194 1069 5240 natus
1099 5202 1205 5239 non
1223 5197 1368 5241 esset
1401 5187 1563 5243 homo
1589 5189 1678 5244 ille
1697 5190 1763 5244 ".
1802 5189 1906 5245 Sed
1935 5209 2040 5247 non

480 5270 743 5326 intellexit
774 5273 958 5328 miser.
998 5273 1152 5340 Quod
1187 5276 1273 5339 si,
1311 5285 1369 5329 ut
1419 5276 1501 5333 ais
1525 5314 1541 5342 ,
1580 5288 1635 5332 et
1675 5280 1826 5333 illum
1857 5280 2040 5351 lugent

477 5361 571 5429 qui
601 5362 791 5417 eodem
822 5378 887 5418 ae
919 5363 1087 5422 ludas
1113 5367 1279 5421 exitio
1301 5368 1481 5437 periit,
1507 5376 1560 5423 et
1604 5369 1672 5424 ab
1696 5371 1841 5426 omni
1879 5371 2037 5426 Chri-

2143 5098 2335 5159 καὶτὸ,
2363 5115 2382 5148 ι
2404 5098 2704 5168 Συνέφερεν
2733 5100 2780 5151 εί
2806 5100 2906 5152 ούκ
2935 5101 3200 5170 ἐγεννήθη
3224 5104 3250 5154 ὁ
3270 5102 3364 5156 ἄνθ
3376 5119 3554 5173 ρωπος
3573 5107 3743 5161 έκεῖ-

2150 5206 2263 5252 νος,
2292 5206 2310 5239 ι
2342 5187 2660 5257 λέγων.κᾶν
2694 5191 2753 5242 οὐ
2784 5192 3061 5260 συνῆκενό
3095 5192 3280 5255 τάλας.
3307 5193 3367 5245 Ei
3391 5194 3554 5256 δὲ,ὼς
3589 5197 3741 5268 φὴς,

2146 5284 2241 5335 καὶ
2270 5282 2776 5353 καταθρηνοῦσιτδν
2805 5284 3237 5349 Ἰουδοτέλεστον,
3267 5289 3359 5339 καὶ
3381 5287 3741 5357 ἀπεύχονται

2141 5374 2239 5443 τῆς
2273 5374 2489 5445 μερίδος
2518 5375 2732 5445 ἐκείνης
2754 5375 2933 5430 πάντα
2956 5377 3301 5448 Χριστιανὸν,
3329 5378 3422 5431 καὶ
3452 5379 3741 5438 ἔκστασιν

544 5499 594 5533 ⁹¹
619 5500 779 5558 Joan.
814 5519 932 5572 vni,
962 5506 1052 5562 44.
1114 5508 1160 5541 ⁹²
1190 5505 1386 5579 Philip.
1421 5523 1480 5579 ιι,
1516 5510 1598 5565 l2.
1674 5512 1719 5544 “
1755 5510 1944 5569 Matth.
1968 5528 2123 5580 xxvr,
2159 5512 2252 5569 24.

1974 5656 2204 5713 NOTAE.

545 5777 605 5847 (')
637 5778 965 5849 Dogmatica.

2212 5790 2322 5860 (ιιι)
2348 5788 2405 5847 In
2445 5790 2563 5846 cod.
2594 5791 2725 5862 Reg.
2763 5796 2897 5863 ρνγθ.
