3934 6524
225 480 338 545 1477
1365 477 1778 538 EPISTOLAB

1859 477 1901 536 ll
1940 477 2088 540 LIB.
2150 477 2234 538 II.
3279 480 3412 547 1‘78

221 597 480 663 ἐξέστησαν
514 591 853 663 ἆναφορήτου
898 591 1152 662 θλίψεως,
1183 592 1278 647 καὶ
1309 590 1532 664 ζητοῦσι
1567 593 1774 662 παρὰ-,

1859 593 2027 648 stiano
2047 602 2248 648 sortem
2277 593 2424 648 illam
2450 593 2828 664 deprecantur,
2852 595 3203 652 intolerandae
3233 610 3412 656 autem

216 689 417 757 κλησινο
454 686 506 738 τί
552 684 711 738 τοῦτο
765 686 902 756 ὅπερ
951 686 1135 756 διηγῇ,
1188 687 1220 758 ἢ
1281 686 1362 738 ὅτι
1420 684 1497 754 τῷ
1531 684 1750 755 Χριστῷ

1862 684 2160 740 amictionis
2186 686 2527 740 vehementia
2561 698 2709 740 extra
2739 703 2798 741 se
2829 689 3030 757 positi,
3083 693 3415 748 consolatio-

218 776 551 830 ἐναντιοῦνται
575 777 624 828 oi
649 779 898 845 χωρῖται,
941 777 1036 828 καὶ
1085 776 1164 846 τῷ
1213 775 1444 844 διαϐόλῳ
1477 776 1751 843 ἀνοίγουσι

1863 792 1975 829 nem
2005 787 2289 845 quaerunt;
2318 779 2445 847 quid
2485 780 2584 833 hoc
2616 789 2697 833 est
2725 783 2866 848 quod
2893 797 3107 843 narras,
3145 785 3244 838 nisi
3273 785 3416 854 quod

218 870 360 939 θύραν
381 869 647 931 ἀπωλείας
663 868 771 919 τῶν
789 868 1300 938 ἅξιοπαρακλήτων;
1329 868 1466 920 Οὐαὶ⁵
1480 871 1589 930 τοῖς
1612 866 1752 920 οὕτω

1862 866 2071 922 Christo
2124 869 2485 922 adversantur
2548 870 2761 935 vicani,
2820 879 2873 925 et
2923 871 3138 927 diabolo
3193 876 3415 943 januam

219 960 574 1021 ποιοῦσι,ν,ὅτι
630 957 884 1026 συνεργοί
922 959 1028 1009 είσι
1079 956 1174 1010 τοῦ
1237 957 1500 1011 διαϐόλου.
1558 956 1754 1018 Καλῶς

1861 958 2104 1026 aperiunt
2125 959 2191 1012 ad
2219 959 2510 1027 perniciem
2540 976 2728 1013 eorum
2757 960 2849 1030 qui
2875 963 3251 1018 consolatione
3271 967 3414 1032 digiti

215 1045 293 1101 οὖν
323 1052 346 1101 ὁ
394 1049 575 1118 κύριος
595 1049 881 1118 Μακάριος
903 1049 994 1101 καὶ
1015 1049 1381 1117 πνευματικὸς
1401 1050 1586 1120 Πατὴρ
1615 1065 1756 1119 παρ-

1867 1052 2019 1103 sunt?
2047 1050 2137 1103 Vae
2169 1050 2235 1104 iis
2268 1051 2358 1120 qui
2391 1051 2468 1105 sic
2501 1061 2686 1121 agunt,
2721 1053 2848 1121 quia
2877 1065 3259 1123 cooperatores
3292 1067 3420 1110 sunt

217 1140 414 1190 εκὰλεσε
432 1141 556 1201 τοὺς
582 1139 854 1199 τοιούτους
879 1155 894 1169 ⁸
922 1138 1104 1200 καλῶς
1128 1139 1222 1191 καλ⁸
1250 1139 1472 1210 ἐστιάθη
1501 1143 1556 1192 ἐν
1575 1139 1755 1211 ἐκείνῃ

1866 1141 2076 1195 diaboli.
2114 1143 2276 1196 Recte
2302 1143 2458 1212 igitur
2489 1145 2743 1199 dominus
2785 1145 3052 1200 Macarius
3083 1156 3135 1200 et
3165 1149 3419 1216 spiritua-

215 1233 268 1297 τῇ
298 1229 458 1296 οἰκίᾳ·
492 1229 586 1280 καὶ
617 1229 802 1298 μηδεὶς
836 1229 1160 1298 Χριστιανὸς
1197 1229 1518 1298 διακρινέτω
1546 1229 1606 1281 τὸ
1625 1228 1755 1281 αὐτὸ

1866 1234 1924 1286 lis
1963 1232 2121 1287 Pater
2155 1235 2288 1289 istos
2313 1236 2622 1288 consolatus
2662 1247 2776 1300 est;
2815 1247 2962 1292 recte
2983 1247 3035 1292 et
3061 1239 3112 1291 in
3145 1239 3230 1292 illa
3259 1240 3419 1292 domo

217 1323 384 1372 ποιεῖν.
428 1319 645 1390 Ἐπειδὴ
695 1320 752 1372 δὲ
809 1320 966 1388 λόγος
1016 1321 1145 1390 περὶ
1196 1323 1509 1388 ἐπιτιμίου·
1540 1321 1637 1390 οὐχ
1674 1321 1756 1372 ὅτι

1866 1325 2033 1380 cibum
2065 1326 2328 1394 sumpsit;
2385 1342 2484 1380 nec
2527 1327 2670 1380 ullus
2699 1327 3047 1383 Christianus
3073 1329 3213 1383 idem
3241 1330 3419 1385 facere

217 1413 430 1464 ὑπαίτιοι
484 1416 502 1480 (
511 1414 806 1478 Ἕκαστος
833 1414 965 1480 γὰρ,
986 1430 1056 1483 φη
1068 1415 1170 1476 σίν,
1201 1413 1271 1465 ἐν
1294 1413 1368 1480 τῇ
1382 1414 1633 1482 ἁμαρτίᾳ
1653 1416 1758 1466 αὑ-

1866 1426 2161 1471 cunctetur.
2179 1416 2444 1481 Quoniam
2479 1428 2658 1471 autem
2680 1419 2744 1471 de
2765 1419 3042 1474 indicenda
3063 1437 3220 1490 pcena
3241 1438 3419 1477 sermo

216 1503 304 1555 τιῦ
333 1503 730 1567 ἀποθανεῖται,
789 1505 887 1557 καὶ
939 1507 1050 1558 οὐκ
1097 1506 1539 1558 ἀποθανοῦνται
1576 1505 1759 1558 τέκνα

1866 1518 1968 1573 est;
2004 1524 2109 1561 non
2137 1510 2279 1576 quod
2305 1511 2414 1562 sint
2439 1510 2726 1577 culpandi:
2755 1507 3115 1581 Unusquisque
3137 1515 3295 1573 enim,
3323 1515 3419 1580 ait,

217 1594 347 1661 ὑπὲρ
373 1597 659 1663 πατέρων,
689 1598 762 1662 ὡς
797 1599 889 1650 καὶ
913 1598 1194 1668 ἔμπαλιν),
1240 1598 1373 1668 πρὸς
1417 1598 1473 1650 δὲ
1508 1615 1756 1668 παρηγο-

1868 1601 1913 1653 ῐη
1943 1612 2151 1669 peccato
2178 1618 2274 1653 suo
2307 1601 2591 1665 morietur;
2633 1610 2680 1654 et
2727 1619 2828 1654 non
2880 1606 3171 1657 morientur
3199 1606 3300 1673 ﬁlii
3327 1624 3421 1675 pro

217 1685 340 1751 ρίαν,
390 1689 483 1757 μιᾷ
527 1689 948 1760 Τεσσαρακοστῇ
1006 1691 1326 1758 φυλάξονται
1382 1690 1754 1760 κρεωφαγίας,

1867 1694 2093 1750 patribus
2119 1695 2185 1746 9‘.
2221 1694 2330 1747 Aut
2357 1695 2475 1748 vice
2506 1710 2663 1748 versa
2694 1713 2707 1749 :
2739 1695 2832 1749 scd
2859 1697 2922 1750 ad
2952 1700 3380 1752 consolationem
3407 1718 3420 1752 :

213 1777 429 1845 δηλονότι
462 1782 556 1833 καὶ
585 1782 681 1834 τοῦ
716 1782 791 1853 μὴ
823 1785 1072 1853 μετέχειν
1112 1785 1219 1835 τῶν
1254 1785 1628 1853 ἀγιασμάτων.
1663 1785 1758 1847 El;

1874 1784 2282 1855 Quadragesima
2314 1800 2420 1838 una
2460 1786 2527 1838 ab
2548 1799 2642 1839 esu
2683 1787 2930 1839 carnium
2953 1787 3336 1848 abstinebunt,
3374 1798 3427 1840 et

213 1868 260 1918 δὲ
290 1869 376 1940 τὴν
426 1872 726 1942 ἐκκλησίαν
777 1875 1092 1926 είσιέτωσαν
1122 1875 1424 1944 εὐχόμενοι,
1464 1876 1623 1945 μέχρι
1651 1877 1756 1928 τῶν

1874 1881 2048 1949 ttique
2080 1878 2443 1933 sacramentis
2491 1894 2708 1948 quoque
2743 1895 2850 1933 non
2896 1881 3321 1949 participabunt.
3366 1881 3427 1934 In

215 1941 609 2032 κατηχουμένων
665 1967 1037 2034 ἐπιμένοντες,
1085 1941 1323 2019 δότωσαν
1365 1941 1474 2019 καὶ⁷
1508 1941 1608 2038 την
1666 1968 1758 2020 ἀν-

1875 1969 2157 2024 Ecclesiam
2187 1977 2366 2021 autem
2402 1967 2772 2037 ingrediantur
2802 1967 3033 2029 oraturi,
3069 1967 3252 2019 tandiu
3296 1967 3428 2019 dum

214 2053 428 2122 ήκουσαν
463 2059 658 2126 μοῖραν
693 2058 787 2110 τοῦ
818 2057 1002 2110 ἀθλίου
1028 2061 1138 2122 τοῖς
1168 2063 1405 2128 πτωχοῖς
1443 2058 1601 2131 [Reg.
1633 2060 1757 2115 cod.

1873 2060 2240 2117 catechumeni
2304 2061 2683 2120 dimittantur,
2746 2065 3159 2128 permanentes;
3219 2069 3426 2127 partem

213 2146 280 2205 εἰς
326 2146 610 2218 πτωχούς].
660 2148 955 2218 Προσφορὰ
1004 2151 1102 2218 μὲν
1151 2150 1259 2220 γὰρ
1307 2152 1400 2203 καὶ
1457 2151 1762 2220 λειτουργία

1876 2155 2022 2209 aliam
2056 2168 2177 2222 qua:
2209 2151 2274 2205 ad
2305 2150 2566 2205 miserum
2600 2149 2754 2203 illum
2782 2149 3101 2218 pertinebat,
3138 2149 3267 2202 dent
3293 2165 3429 2218 pau-

214 2235 334 2306 ὑπὲρ
354 2239 513 2290 αὑτοῦ
549 2240 610 2290 ού
645 2239 804 2308 θέμις
836 2239 1083 2308 γίνεσθαι
1132 2241 1346 2313 πάντηξο
1387 2243 1501 2313 ἠδὲ
1537 2242 1763 2312 ἐλεημο-

1876 2246 2102 2314 )ει·ἰι)ιις.
2136 2243 2270 2297 Nam
2297 2243 2625 2296 oblationem
2668 2253 2721 2295 et
2754 2241 3026 2309 liturgiam
3065 2256 3162 2309 pro
3197 2241 3288 2295 illo
3318 2240 3429 2294 fieri

216 2327 329 2397 σύνη
361 2331 592 2396 γινέσθω
619 2346 631 2359 ⁸
664 2333 866 2400 ὡφελεῖ
911 2335 1024 2405 γὰρ
1072 2335 1210 2403 αὕτη
1249 2338 1343 2388 καὶ
1391 2337 1468 2398 εἰς
1511 2336 1758 2400 ἄπιστον,

1877 2337 2083 2392 πηηίηο
2133 2351 2239 2389 non
2286 2335 2450 2388 licet:
2483 2334 2824 2403 eleemosyna
2872 2347 3000 2387 vero
3044 2335 3134 2386 liat
3167 2352 3179 2386 :
3214 2333 3430 2402 prodest

214 2418 276 2480 ὥς
299 2438 450 2490 φησιν
482 2426 509 2475 ὀ
540 2424 926 2495 Χρυσόστομος
949 2442 962 2454 °
1001 2426 1093 2479 καὶ
1134 2427 1308 2490 ἄλλως
1346 2429 1427 2480 ὅτι
1458 2427 1551 2482 τοῦ
1591 2427 1762 2481 Ἰούδα

1878 2428 2004 2483 :nim
2043 2428 2155 2481 hate
2189 2429 2350 2481 etiam
2385 2423 2610 2487 infideli,
2650 2433 2708 2476 ut
2735 2424 2865 2477 dicit
2889 2423 3348 2494 Cltrysostomus;
3379 2433 3431 2478 et

214 2514 268 2562 τὰ
303 2513 534 2580 ἀγκτικὰ
569 2517 812 2586 ἀργύρια
857 2521 936 2580 είς
979 2521 1154 2588 ταφὴν
1197 2523 1310 2583 τοῖς
1363 2520 1533 2584 ξένοις
1580 2521 1760 2592 ἐδόθη.

1876 2537 1925 2575 ex
1959 2518 2111 2574 Judaa
2144 2519 2341 2588 laqueo
2373 2518 2581 2571 nummi
2609 2515 2848 2584 argentei
2878 2517 2941 2568 ad
2985 2517 3315 2582 sepulturam
3338 2532 3429 2584 pe-

214 2604 527 2674 Πηξάτωσαν
568 2611 752 2663 καὶτὸ
806 2615 1030 2680 σημεῖον
1078 2613 1169 2665 τοῦ
1202 2613 1465 2677 ζωοποιοῦ
1528 2613 1762 2685 σταυροῦ

1880 2611 2200 2680 'egrinorum
2227 2609 2410 2664 donati
2435 2618 2582 2662 sunt.
2615 2605 2840 2675 Signum
2870 2608 3030 2659 etiam
3065 2608 3290 2660 viviticze
3314 2623 3433 2660 crn-

214 2699 281 2758 εὶς
306 2700 391 2752 τὸν
418 2702 600 2764 τόπον,
629 2697 692 2756 οὗ
721 2705 753 2773 ἡ
785 2704 988 2775 ἀγχόνη
1012 2722 1026 2736 ο
1063 2707 1143 2759 ὅτι
1173 2709 1267 2758 καὶ
1290 2708 1450 2770 αὐτὸς
1471 2710 1498 2760 ὁ
1530 2709 1763 2778 σταυρὸς

1875 2701 2010 2754 eisin
2029 2716 2094 2754 eo
2112 2701 2232 2753 loco
2253 2699 2508 2768 deligant,
2536 2697 2625 2750 ubi
2643 2696 2970 2766 praefocatus
2995 2694 3096 2748 fuit
3119 2713 3131 2748 :
3158 2697 3428 2764 siquidem

214 2789 262 2837 ἐν
289 2790 358 2857 τῷ
372 2792 611 2862 Κρανίου
635 2793 783 2864 τόπῳ
812 2796 1087 2865 πήγνυται
1113 2813 1126 2826 ·
1156 2797 1288 2850 διότι
1314 2801 1429 2850 ἐκεῖ
1453 2798 1544 2850 τοῦ
1559 2799 1766 2868 ἀνθρω-

1874 2807 1996 2846 crux
2032 2792 2145 2859 ipsa
2180 2791 2229 2843 in
2259 2789 2520 2845 Calvaria:
2554 2789 2674 2843 loco
2704 2787 2883 2842 deﬁxa
2914 2787 3053 2850 fuit,
3083 2803 3148 2841 eo
3177 2789 3320 2857 quod
3357 2789 3427 2841 ibi

214 2882 616 2952 ποκτονηθέντος
659 2885 828 2955 ’Λδὰμ
857 2887 919 2940 τὸ
946 2891 1185 2957 κρανίον,
1211 2890 1302 2957 ἀφ’
1333 2885 1392 2943 οὗ
1423 2890 1518 2942 καὶ
1542 2890 1759 2959 ὠνόμα-

1877 2885 2104 2938 hominis
2157 2881 2352 2936 mortui
2403 2881 2573 2935 Adam
2620 2879 2903 2935 calvaria:
2940 2881 3082 2934 unde
3135 2890 3187 2934 et
3234 2895 3430 2934 nomen

215 2987 338 3027 σται.
362 2976 608 3029 Τοσαῦτα
630 2976 826 3047 ἔχομεν
843 2980 1024 3047 λέγειν
1061 2985 1125 3034 ἐκ
1148 2982 1257 3034 τῶν
1273 2983 1330 3034 ὲν
1363 2983 1606 3053 Γραφαϊς
1631 2997 1644 3012 ο
1671 2980 1766 3033 καὶ

1880 2994 1988 3032 nco
2021 2978 2226 3032 datum.
2260 2974 2384 3029 Haec
2410 2972 2704 3027 habuimus
2751 2987 2871 3041 qua:
2897 2987 2960 3024 ex
3011 2970 3309 3040 Scripturis
3350 2973 3433 3025 di-

213 3064 322 3126 τοὺς
360 3067 455 3134 μὲν
483 3068 646 3120 τοῦτο
679 3069 950 3134 παθόντας
983 3073 1426 3142 παρακαλοῦντες
1462 3072 1765 3142 καταλῆξαι

1882 3084 2150 3133 :eremus;
2177 3082 2285 3135 quo
2312 3066 2431 3119 illos
2463 3065 2808 3118 hortaremur
2829 3062 3026 3131 quibus
3052 3061 3103 3115 id
3127 3062 3343 3124 accidit,
3375 3069 3435 3116 ut

212 3155 295 3221 τῆς
322 3155 520 3226 πολλῆς
549 3158 750 3230 λύπης,
800 3162 897 3214 καὶ
911 3162 978 3214 δι’
1001 3163 1354 3232 εὐχαριστίας
1377 3164 1471 3215 καὶ
1497 3165 1765 3232 ἀγαθοερ-

1880 3179 2066 3235 magno
2097 3163 2273 3218 dolori
2313 3162 2475 3216 ﬁnem
2531 3160 2834 3229 imponant,
2881 3168 2937 3212 et
2980 3172 3105 3212 cum
3137 3157 3433 3227 gratiarum

213 3241 320 3308 γίας
347 3249 728 3322 προσεδρεύειν
747 3252 826 3324 τῷ
857 3253 1049 3323 ἀγαθῷ
1087 3254 1224 3323 Θεῷ.
1271 3255 1409 3317 Τοὺς
1441 3255 1496 3307 δὲ
1527 3254 1619 3306 τοῦ
1652 3273 1758 3324 χω-

1879 3258 2101 3320 actione,
2152 3255 2294 3307 bona
2339 3268 2502 3322 opera
2548 3253 2690 3306 hono
2734 3250 2846 3306 Deo
2893 3251 3083 3305 sedulo
3120 3253 3432 3304 exhibeant.

216 3332 314 3400 ρίου
343 3339 739 3407 παραινοῦντες
783 3343 1090 3413 ἀφεμένους
1133 3344 1231 3412 τῆς
1275 3346 1516 3414 πονηρᾶς
1551 3345 1767 3414 διακρί“

1878 3350 2103 3403 Vicanos
2120 3360 2245 3400 vero
2269 3344 2648 3410 admonemus,
2678 3352 2738 3398 ut
2763 3359 2929 3413 pravo
2950 3343 3143 3398 aﬂ‘ectu
3168 3345 3431 3414 deposito,

216 3441 354 3493 σεως,
410 3433 706 3496 κοινωνοὺς
755 3433 898 3504 ἔχειν
955 3435 1032 3498 ὡς
1079 3437 1208 3506 πρὶν
1259 3437 1384 3499 τοὺς
1432 3436 1532 3505 τῆς
1588 3436 1767 3498 οἰκίας

1884 3455 1990 3494 Ρυῐῐὶ
2026 3439 2091 3492 iis
2117 3437 2210 3506 qui
2254 3435 2307 3487 in
2342 3435 2504 3488 domo
2544 3434 2633 3487 illa
2665 3442 2812 3497 sunt,
2852 3435 3079 3503 pristino
3107 3450 3257 3488 more
3287 3451 3437 3488 com-

213 3515 448 3591 ἐκείνης,
506 3525 567 3577 ἐν
632 3527 854 3598 Χριστῷ
927 3527 1103 3599 Ἰησοῦ
1173 3527 1250 3599 τῷ
1312 3528 1504 3599 Κυρίῳ
1583 3527 1761 3599 ἡμῶν.

1865 3531 2167 3591 municent,
2205 3527 2257 3581 in
2288 3525 2506 3581 Christo
2524 3524 2656 3580 Jesu
2690 3524 2922 3580 Domino
2949 3535 3159 3580 nostro.
3204 3525 3397 3581 Amen.

225 3605 401 3682 Ἀμήν.
1013 3680 1015 3682 .

368 3754 667 3829 PNA'tte).
695 3791 764 3799 _
788 3759 1015 3829 Νικήτᾳ
1043 3761 1370 3832 ἡγουμένῳ.
1399 3760 1582 3836 mea]

1560 3760 1582 3833 ]
2178 3749 2353 3807 CLIV.
2385 3780 2454 3788 —
2493 3749 2691 3804 Nicena
2722 3752 2999 3820 prceposito
3023 3751 3111 3822 (‘).

217 3893 340 3952 Quod
363 3900 674 3964 participatio
695 3906 748 3950 et
768 3900 1046 3952 communio
1070 3902 1200 3952 idem
1226 3902 1345 3953 sint:
1373 3909 1524 4009 atque
1548 3902 1673 3950 adeo
1697 3896 2222 4009 panmggeégpmm,
2244 3906 2355 3942 cum
2390 3888 2710 3954 participatur
2765 3891 2824 3940 ab
2847 3889 3113 3953 aliquibus,
3136 3904 3249 3939 cum
3278 3890 3442 3940 here-

1457 3979 1549 4009 ιρις
1578 3977 1790 4009 commm
2051 3971 2090 4005 ι’
2176 3984 2189 3994 -

1437 3971 1549 4015 ttcts
1578 3971 1962 4013 commmcantes
1983 3971 2189 4008 eluctat-

280 4068 381 4122 Οὐκ
429 4071 681 4143 ἄκαιρον,
736 4068 928 4146 οἶμαι,
966 4073 1028 4126 τὸ
1065 4074 1239 4145 παρὸν
1279 4074 1659 4145 γραμματεῖον
1700 4075 1767 4144 τῇ

1945 4069 2063 4124 Νοη
2111 4067 2419 4136 importuna
2470 4062 2591 4127 erit,
2623 4063 2838 4132 opinor,
2875 4062 2992 4116 haec
3047 4061 3280 4132 epistola
3339 4078 3441 4132 pa-

216 4165 438 4234 πατρικῇ
474 4180 568 4216 σου
598 4167 877 4239 ἁγιωσύνῃ
901 4181 916 4195 ·
953 4166 1014 4218 οὐ
1052 4165 1213 4235 μόνον
1236 4166 1316 4218 ὅτι
1345 4166 1406 4218 τὸ
1426 4166 1525 4235 τῆς
1546 4165 1769 4235 ἀγάπης

1889 4177 2043 4217 οτηερ
2066 4158 2338 4215 sanctitati
2374 4165 2480 4212 tuae
2524 4175 2537 4210 :
2580 4169 2688 4209 non
2723 4156 2900 4210 solum
2940 4155 3068 4224 quia
3107 4154 3281 4209 oilicio
3313 4154 3442 4209 fun-

215 4252 431 4320 πληροῖ·
471 4256 588 4309 ἀλλ’
616 4259 698 4312 ὅτι
745 4260 840 4312 καὶ
882 4259 1126 4329 λυπηρόν
1154 4276 1206 4312 τι
1245 4257 1489 4323 ὲνιζὰνον
1515 4257 1676 4328 ἡμῶν
1701 4259 1767 4327 τῇ

1888 4254 2016 4324 gitur
2055 4250 2336 4307 charitatis
2363 4266 2377 4315 ;
2418 4263 2606 4302 verum
2633 4246 2797 4300 etiam
2828 4245 2954 4316 quia
2983 4247 3138 4300 triste
3160 4247 3441 4313 quiddam,

215 4349 423 4416 ταπεινῇ
449 4347 633 4418 ψυχῇ,
667 4354 1036 4420 φανεροποιεῖ.
1070 4353 1198 4416 Καὶ,
1231 4353 1278 4404 εί
1305 4351 1570 4416 κελεύεις,
1596 4352 1767 4422 πρόσ-

1885 4345 2016 4415 quod
2069 4345 2122 4398 in
2151 4341 2344 4396 humili
2399 4341 2581 4395 anima
2656 4348 2840 4394 nostra
2883 4339 3100 4405 insidet,
3162 4338 3438 4408 patefacit.

216 4446 296 4500 χες
354 4440 466 4501 τοῖς
530 4439 867 4509 λεγομένοις.
916 4441 1050 4495 Μεθ’
1097 4441 1447 4511 ὑποστροφὴν
1474 4442 1574 4512 τῆς
1603 4443 1661 4495 ὲν
1689 4439 1767 4511 τῷ

1888 4437 1956 4500 Et,
2002 4437 2048 4490 si
2096 4436 2274 4506 iubes,
2308 4433 2526 4487 attende
2554 4447 2676 4502 quae
2734 4432 2931 4486 dicam.
2969 4429 3102 4485 Post
3143 4432 3375 4486 reditum
3413 4447 3441 4485 ε

225 4522 435 4600 Ἀκρίτα
488 4532 761 4602 συνόψεως
797 4534 953 4603 ἡμῶν
993 4533 1099 4586 τῶν
1139 4535 1309 4603 ἁγίων
1333 4535 1612 4603 Πατέρων,
1645 4551 1771 4587 συν-

1886 4537 2161 4596 :onspectu
2219 4534 2418 4580 sancta:
2486 4522 2834 4593 paternitatis
2895 4530 3092 4575 vestrae
3131 4520 3184 4574 in
3233 4521 3439 4587 Acrita,

216 4615 390 4688 ἔτυχον
416 4622 493 4692 τῷ
524 4624 778 4695 ἡμετέρῳ
801 4625 1015 4694 ἀδελφῷ
1051 4625 1377 4695 Ἀθανασίῳ,
1411 4625 1769 4695 διηγούμενος

1888 4632 2194 4684 :ongressus
2255 4629 2376 4669 sum
2433 4628 2557 4667 cum
2635 4611 2803 4667 fratre
2845 4620 3033 4666 nostro
3105 4610 3441 4676 Athanasio,

216 4706 403 4764 ’ἐκιστα
435 4716 544 4767 τῶν
574 4719 630 4768 ἐν
657 4718 845 4789 Κυρίῳ
865 4718 1269 4789 διειλεγμένωνο
1294 4717 1556 4782 ἐπειπὼν,
1582 4719 1661 4770 ὃτι
1679 4718 1769 4771 καὶ

1888 4709 2084 4778 lingula
2121 4721 2383 4761 enat-rans
2437 4705 2504 4759 de
2537 4704 2732 4774 quibus
2781 4703 2835 4757 in
2895 4702 3123 4757 Domino
3158 4702 3441 4756 disserue-

215 4801 347 4857 6τοῦ
382 4808 675 4877 Μηδικίου,
721 4811 1000 4880 συνίστησι
1057 4811 1147 4864 τὸν
1202 4809 1508 4879 Μαξιμίνου
1564 4811 1654 4862 ἐπὶ
1699 4811 1767 4880 τῇ

1890 4817 2060 4855 'amus
2104 4818 2118 4854 :
2166 4800 2369 4854 addens
2425 4799 2668 4867 insuper,
2705 4796 2850 4866 quod
2919 4795 3260 4850 Mediciensis
3289 4809 3443 4849 com-

218 4895 463 4969 καλλίστῃ
495 4902 763 4972 μεταϐολῇ
789 4902 974 4967 αὐτοῦ,
1012 4904 1178 4974 ἤγουν
1214 4902 1478 4970 ἀπολογία
1519 4902 1617 4953 καὶ
1651 4903 1771 4970 ὁμο-

1892 4894 2097 4947 utendat
2134 4890 2485 4944 Maximinum
2519 4890 2572 4942 in
2611 4887 2980 4959 pulcherrima
3033 4887 3151 4955 ejus
3210 4903 3445 4941 conver-

216 4983 378 5059 λογία.
425 4991 482 5043 ’0
509 4992 564 5044 δὲ
591 4993 870 5057 ἀνένευσε,
902 4996 997 5047 καὶ
1039 4995 1138 5065 τὴν
1184 4995 1368 5049 αἰτίαν
1413 4996 1511 5064 τῆς
1545 4993 1769 5048 ἀνανεύ-

1893 4985 2055 5050 sione,
2074 4984 2175 5038 hoc
2186 4992 2290 5046 est,
2305 4983 2358 5035 in
2375 4981 2623 5051 apologia
2643 4989 2696 5034 et
2713 4977 3078 5034 confessione.
3100 4977 3194 5033 Ille
3212 4994 3336 5032 vero
3351 4979 3446 5033 ab-

221 5093 374 5142 σεως’
405 5081 517 5150 ἐγὼ
568 5085 666 5152 μὲν
715 5086 979 5156 ἀπῄτουν,
1011 5089 1216 5149 ἐκεῖνος
1262 5087 1318 5140 δέ
1356 5103 1542 5155 φησιν·
1584 5087 1672 5139 Ἐν
1693 5085 1770 5156 τῷ

1894 5082 1996 5135 iuit
2012 5099 2025 5134 :
2044 5094 2204 5147 cumq
2216 5093 2282 5132 uc
2297 5092 2516 5131 causam
2533 5090 2780 5145 rogarem
2799 5089 2896 5128 cur
2913 5074 3178 5126 abnueret
3202 5072 3290 5141 :[ln
3309 5073 3447 5141 Apo«

217 5165 613 5244 ’Δπολογητικῷ
629 5176 766 5247 ὅπερ
786 5177 1183 5246 ωνεγράψατο,
1205 5176 1300 5228 καὶ
1320 5176 1483 5239 αὐτὸς
1507 5175 1769 5244 ἀνέγνων,

1894 5173 2123 5244 ogetico,
2140 5170 2335 5240 inquit,
2355 5183 2513 5238 quem
2538 5166 2885 5235 conscripsit,
2904 5174 2958 5219 et
2992 5180 3154 5233 quem
3180 5165 3298 5232 ipse
3317 5164 3443 5233 legi,

218 5258 349 5329 λέγει
382 5267 709 5334 μεταλαϐεῖν
733 5284 746 5298 ⁸
788 5269 902 5321 ἀλλ’
933 5270 1052 5338 οὐχ).
1084 5269 1434 5338 κοινωνῆσαι,
1459 5268 1553 5320 καὶ
1571 5270 1771 5320 οἰκονο-

1894 5267 1951 5320 tit
2000 5264 2377 5334 participasse,
2419 5276 2524 5314 non
2567 5268 2748 5313 autem
2784 5257 3242 5318 communicasse,
3285 5263 3447 5325 atque

222 5355 338 5422 μίαν
363 5354 505 5412 εἶναι
530 5361 654 5417 καθ’
681 5360 874 5428 ὕφεσιν
900 5361 1190 5431 ἀκριϐείας
1210 5399 1224 5423 ,
1244 5361 1358 5415 ἀλλ’
1387 5362 1484 5413 οὐκ
1501 5359 1775 5413 ἔκπτωσιν

1892 5357 1990 5411 hoc
2030 5354 2493 5423 dispensationem
2525 5366 2666 5414 esse,
2699 5364 2803 5418 qua
2836 5348 3196 5416 exactumjus
3227 5347 3445 5401 emitta-

221 5447 465 5517 ἀληθείας
493 5452 672 5506 τοῦτο.
701 5455 766 5505 Τί
792 5452 982 5516 ταῦτα,
1007 5448 1051 5506 ὧ
1088 5454 1268 5520 Πάτερ
1291 5451 1592 5521 τιμιώτατε
1618 5468 1633 5515 ;
1669 5451 1774 5521 Οὐχ

1890 5458 1986 5513 tur,
2010 5448 2210 5501 veritas
2231 5455 2412 5499 autem
2438 5459 2545 5499 non
2575 5443 2876 5496 amittatur.
2912 5440 3182 5507 Quidnam
3215 5448 3317 5494 hoc
3341 5446 3443 5502 est,

220 5539 478 5611 ὁμολογεῖ,
506 5543 583 5608 ὡς
611 5546 670 5597 ὲν
695 5544 851 5616 τύπῳ
874 5547 1068 5612 εἰπεῖν,
1110 5546 1190 5599 ὅτι
1225 5543 1511 5615 φειδοῖτοῦ
1549 5545 1773 5615 γήρους,

1892 5540 2035 5596 Pater
2054 5536 2506 5594 honoratissime?
2537 5535 2729 5590 Annon
2753 5534 2834 5590 sic
2849 5533 3158 5599 conﬁtetur,
3186 5539 3248 5586 ut
3291 5545 3445 5585 sum-

286 5677 330 5708 "
363 5680 515 5735 Deut.
566 5697 717 5746 xxw,
760 5680 847 5736 16.

1722 5789 1947 5847 ΝΟΤΑΕ.

292 5907 401 5977 (46)
437 5908 492 5964 1η
521 5910 642 5967 cod.
672 5909 801 5981 Reg.
840 5913 956 5982 ριδ’.

840 5913 956 5982 ριδ’.
1939 5907 2015 5977 (⁸)
2053 5905 2382 5978 Dogmatica.
