3934 6456
498 378 635 444 1479

1674 380 1734 438 S.
1778 374 2169 436 THEODORI
2202 375 2548 435 STUDITE

3595 372 3728 437 H80

496 490 684 544 matim
716 486 894 542 dicam
925 504 939 541 :
974 484 1247 541 Senectuti
1300 501 1552 556 parcens,
1594 489 1831 542 animam
1882 503 2056 541 meam

2173 486 2333 540 ἶ›).εσά
2364 504 2469 556 μου
2494 487 2592 555 τὴν
2621 487 2831 555 ψυχὴν,
2862 487 3201 554 κοινωνήσας
3243 486 3334 539 ἐπὶ
3376 488 3443 557 τῇ
3498 487 3728 558 ἀρνήσει

493 580 725 651 perdidi,
750 578 1232 634 communicansin
1256 581 1542 649 negatione
1560 580 1812 651 imaginis
1830 579 2056 646 Christi,

492 678 548 726 et
569 670 831 739 Deiparze,
854 679 1280 739 sanctorumque
1303 671 1547 725 omnium
1583 691 1598 725 :
1635 672 1750 728 hac
1770 673 1915 726 enim
1942 673 2060 727 1co-

493 761 811 816 nomachica
834 770 915 815 est
932 760 1178 825 haeresis,
1209 769 1371 829 atque
1404 762 1457 815 in
1487 762 1588 816 hoc
1616 778 1739 816 cum
1764 762 1945 832 impiis
1964 777 2061 831 ag-

495 861 752 920 gregatus
776 866 920 905 sum.
968 849 1173 905 Deinde
1198 851 1264 904 ad
1293 850 1455 905 linem
1488 868 1660 921 usque
1691 852 1745 905 in
1788 863 2063 907 monaste-

495 942 582 996 rio
616 958 734 996 meo
763 943 1039 1011 permansi
1068 942 1470 1011 persecutionis
1518 958 1731 1012 expers,
1768 958 1893 998 cum
1945 943 2062 1013 agi-

497 1041 705 1086 taretur
728 1032 969 1087 Ecclesia
1001 1043 1208 1089 nostra.
1233 1035 1429 1089 Annon
1472 1035 1544 1089 ita
1570 1034 1855 1089 contltetur
1882 1044 1932 1089 et
1963 1035 2063 1089 de-

497 1124 706 1194 plorat?
738 1122 936 1178 Verum
975 1140 1146 1194 nugas
1197 1125 1319 1181 illas
1349 1126 1568 1193 occinit,
1597 1136 1776 1197 atque,
1810 1136 1869 1181 ut
1898 1126 2064 1181 refert

497 1217 545 1272 is
574 1215 665 1284 qui
698 1217 829 1270 mihi
858 1218 1098 1271 narravit
1118 1215 1186 1271 ad
1219 1232 1374 1272 suam
1405 1216 1774 1272 defensionem
1802 1217 2060 1272 Dianium

496 1306 787 1375 quemdam
814 1320 844 1360 e
879 1304 1136 1363 Patribus
1191 1308 1461 1377 producit,
1517 1308 1611 1376 qui
1675 1308 1814 1361 idem
1851 1306 2059 1369 fecerit,

497 1405 553 1451 et
583 1414 613 1453 a
661 1407 852 1453 sancto
913 1398 1137 1465 Basilio,
1194 1406 1254 1453 ut
1301 1400 1397 1465 ait,
1448 1409 1734 1470 susceptus
1789 1400 1909 1466 sit;
1949 1408 2062 1454 tum

499 1491 664 1544 etiam
707 1501 914 1560 patrem
958 1490 1202 1560 Gregorii
1236 1489 1517 1562 Theologi.
2018 1554 2027 1569 ι

568 1580 614 1636 Ο
676 1583 877 1652 justam
941 1582 1402 1653 indignationem,
1463 1592 1519 1639 et
1586 1583 1728 1638 sacri
1803 1584 2065 1639 antistitis

498 1672 699 1736 nostri,
730 1679 785 1726 et
818 1672 982 1727 totius
1014 1671 1392 1727 confessorum
1434 1673 1623 1728 choril
1667 1673 1725 1727 Si
1770 1674 1917 1728 enim
1963 1675 2066 1728 hoc

502 1769 909 1823 communicare
976 1780 1087 1819 non
1133 1774 1237 1827 est,
1301 1780 1476 1835 neque
1523 1766 1777 1836 prolabi;
1809 1768 2059 1835 quisnam

502 1857 716 1914 fructus
774 1864 857 1913 est
910 1866 1286 1926 susceptorum
1332 1856 1401 1910 ab
1457 1857 1567 1912 illis
1614 1857 1973 1911 certaminum
2008 1867 2063 1913 et

501 1952 834 2022 praeliorum,
869 1965 934 2005 ac
981 1949 1261 2021 sanguinis
1297 1948 1503 2019 profusi
1563 1958 1618 2004 et
1643 1964 2008 2005 aerumnarum
2038 1951 2062 2003 ?

504 2058 603 2097 cur
628 2051 681 2097 et
713 2042 827 2111 ipse
889 2041 1165 2096 abscissus
1187 2039 1315 2096 est?
1349 2056 1447 2096 cur
1477 2042 1869 2096 monasterium
1901 2043 2063 2097 relin-

500 2133 667 2203 quit?
698 2148 796 2187 cur
828 2132 1105 2187 inhibetur
1134 2148 1165 2187 a
1195 2130 1502 2188 sacriﬁcio?
1524 2133 1589 2199 Ο,
1616 2145 1670 2188 et
1691 2134 1888 2189 iterum
1918 2136 2061 2200 dico,

502 2226 743 2280 divinam
780 2226 1204 2297 indignationem
1243 2227 1433 2295 :quod
1491 2228 1770 2281 veritatem
1814 2228 1869 2282 in
1917 2228 2065 2300 inju-

503 2317 652 2373 stitia
683 2316 930 2372 detinens
962 2318 1028 2381 ’⁸,
1061 2316 1201 2372 idem
1232 2318 1375 2387 quod
1408 2319 1524 2387 ipse
1576 2316 1723 2384 fecit,
1756 2319 1945 2375 Patres
1981 2322 2064 2374 le-

504 2412 646 2469 cisse
674 2412 973 2467 existimat.
1003 2411 1114 2481 Age
1162 2426 1308 2481 ergo,
1342 2412 1706 2466 inconsultum
1758 2426 2064 2465 sermonem

502 2506 889 2576 expendamus.
908 2505 1251 2573 Participavi.
1293 2504 1388 2559 sed
1410 2521 1514 2559 non
1538 2505 1960 2561 communicavi.
1978 2505 2069 2559 Ait

503 2596 686 2663 itaque
744 2596 956 2665 uspiam
1006 2595 1383 2664 theologorum
1422 2592 1814 2653 celeberrimus
1848 2614 1861 2651 :
1898 2596 2069 2651 Parti-

505 2702 633 2756 ceps
661 2686 838 2742 factus
897 2703 1018 2742 sum
1046 2687 1321 2756 imaginis,
1363 2697 1548 2743 etnon
1599 2689 1895 2744 custodivi.
1934 2686 2068 2744 Par-

507 2779 675 2849 ticeps
715 2779 773 2833 lit
804 2793 936 2834 mea:
976 2778 1328 2845 inﬁrmitatis,
1364 2792 1422 2835 ut
1470 2793 1524 2836 et
1550 2782 1837 2853 imaginem
1867 2790 2068 2846 servet,

506 2875 561 2920 et
598 2882 818 2921 carnem
861 2868 1025 2922 morti
1085 2869 1285 2923 tradat.
1340 2870 1587 2935 Secunda
1654 2886 1785 2940 ergo
1820 2886 2068 2925 commu-

508 2960 671 3013 nione
717 2960 1165 3025 communicavit,
1207 2976 1328 3030 quae
1366 2962 1540 3030 priori
1572 2961 1729 3032 longe
1781 2961 2071 3016 admirabi-

508 3049 615 3104 lior
650 3058 751 3105 est.
780 3050 919 3105 Ecce
955 3067 1142 3105 vocem
1177 3051 1339 3115 hanc,
1366 3053 1703 3121 participaui,
1733 3052 2073 3107 communio-

506 3160 630 3199 nem
670 3143 979 3212 signilicare
1025 3156 1307 3197 ostensum
1338 3151 1441 3198 est.
1508 3142 1858 3212 Participatio
1922 3144 2065 3198 enim
2096 3175 2138 3232 ο

506 3252 601 3291 seu
665 3234 980 3305 μετάληψις,
1034 3243 1088 3288 et
1138 3234 1583 3302 communicatio,
1618 3235 1757 3299 idem
1793 3244 1961 3302 sunt;
1990 3246 2071 3291 at-

506 3344 611 3397 que
650 3327 738 3380 illa
794 3328 1013 3396 quidem
1069 3327 1148 3381 sic
1176 3326 1319 3379 dicta
1363 3342 1426 3380 ex
1463 3342 1528 3381 eo
1562 3329 1707 3397 quod
1768 3338 1851 3384 est
1905 3331 2070 3386 simul

507 3418 736 3483 haberi;
774 3419 888 3472 haec
917 3428 1097 3472 autem
1128 3432 1194 3472 ex
1232 3433 1297 3472 eo
1326 3418 1474 3487 quod
1505 3420 1598 3488 qui
1645 3420 1812 3475 simul
1845 3422 2068 3488 habent,

507 3524 796 3564 commune
830 3509 1050 3563 faciant.
1085 3509 1391 3564 Etdivinus
1426 3512 1552 3565 item
1578 3512 1871 3580 Apostolus
1910 3531 1925 3567 :
1963 3513 2068 3569 Ca-

509 3603 587 3656 lia:
616 3603 981 3655 benedictionis
1016 3603 1100 3656 cui
1128 3603 1495 3668 benedicimus,
1523 3620 1690 3658 nonne
1714 3608 2072 3660 communica-

510 3696 582 3748 tio
623 3695 894 3763 sanguinis
934 3694 1141 3746 Domini
1173 3695 1297 3747 est?
1332 3696 1484 3763 panis
1538 3711 1691 3766 quem
1752 3698 2071 3766 frangimus,

510 3804 677 3841 nonne
710 3788 1057 3855 participatio
1088 3788 1323 3856 corporis
1384 3786 1597 3841 Domini
1627 3797 1706 3842 est
1728 3788 1754 3841 ?
1810 3787 2071 3853 Quoniam

510 3896 643 3932 unus
671 3880 845 3947 panis,
881 3895 1042 3930 unum
1080 3895 1270 3945 corpus
1317 3878 1474 3931 multi
1526 3894 1734 3942 sumus,
1777 3895 1953 3932 omnes
1982 3880 2071 3950 qui

510 3972 574 4025 de
609 3989 711 4023 uno
731 3985 863 4037 pane
888 3971 1261 4038 participamus
1297 3971 1363 4023 ’⁸.

583 4063 722 4118 Ecce
754 4064 839 4117 hic
895 4063 1055 4116 etiam
1093 4062 1186 4131 qui
1228 4062 1415 4115 mundi
1446 4061 1629 4116 lumen
1661 4060 1783 4128 fuit,
1812 4063 2072 4131 ostendit,

516 4153 981 4221 participationem
1011 4150 1125 4204 sive
1186 4150 1419 4219 μετοχὴν
1450 4164 1571 4204 esse
1608 4150 2072 4205 communionem.

514 4243 686 4298 Nemo
742 4252 919 4297 autem
960 4241 1158 4295 mentis
1218 4256 1465 4312 compos,
1505 4241 1599 4310 qui
1631 4250 1784 4311 neget
1842 4243 2074 4312 μετοχὴν

514 4354 637 4392 esse
660 4335 982 4406 μετάληψιν.
1010 4333 1163 4389 Sicut
1199 4349 1327 4405 ergo
1351 4334 1571 4388 divinus
1592 4334 1747 4403 panis
1783 4335 1852 4388 ab
1880 4336 2073 4391 ortho-

516 4426 671 4482 doxis
720 4424 1093 4495 participatus,
1151 4438 1341 4477 omnes
1386 4422 1478 4491 qui
1532 4422 1856 4491 participant
1906 4440 2072 4478 unum

2160 579 2260 647 τῆς
2287 580 2498 642 εἰκόνος
2530 579 2786 649 Χριστοῦ,
2823 579 2920 647 τῆς
2950 595 3010 631 τε
3040 578 3327 643 θεοτόκου,
3375 581 3470 633 καὶ
3507 580 3728 632 πάντων

2162 670 2550 737 ἀγίων·τοῦτο
2610 671 2718 740 γὰρ
2778 671 2811 740 ή
2868 670 3273 739 Εἱκονομαχικὴ
3342 672 3591 739 αἵρεσις·
3629 674 3729 724 κάν

2161 762 2336 831 τούτῳ
2364 762 2690 831 συνηλίσθην
2715 764 2826 823 τοῖς
2844 761 3117 815 ἀσεϐέσιν.
3147 756 3279 814 Εἶτα
3303 762 3392 814 καὶ
3414 760 3519 822 ἕως
3541 760 3731 821 τέλους

2163 853 2411 921 ἑνέμεινα
2440 856 2497 906 ὲν
2512 853 2587 922 τῷ
2615 852 2962 923 μοναστηρξῳ
2986 870 3084 920 μου
3108 852 3373 914 ἀδίωκτος
3400 852 3551 905 δονου
3562 852 3730 921 μένης

2163 945 2262 1013 τῆς
2292 945 2413 997 καθ’
2438 946 2937 1016 ήμᾶς-Ἐκκλησίας
2972 944 3115 1016 [cod.
3158 943 3290 1013 Reg.
3340 943 3727 1014 οίκουμένης].

2165 1037 2276 1105 Οὐχ
2296 1034 2468 1099 οὕτως
2500 1036 2899 1105 ὲξομολογεϊται
2948 1036 3042 1089 καὶ⁵
3084 1035 3405 1107 προσκλαίει
3433 1052 3448 1103 ;
3499 1036 3639 1088 ἀλλά
3666 1040 3731 1088 τὰ

2166 1126 2577 1198 βατταρίσματα
2603 1130 2792 1180 ἐκεῖνα
2824 1128 2978 1197 φαίη,
3008 1129 3104 1180 καὶ
3146 1125 3219 1187 ὥς
3250 1144 3414 1195 φησιν
3442 1129 3469 1179 ὁ
3505 1125 3732 1194 ἐξηγού-

2168 1236 2348 1289 μενος,
2380 1218 2461 1271 ὅτι
2482 1235 2545 1283 γε
2580 1219 2674 1271 καὶ
2702 1219 2943 1285 παράγει
2967 1220 3046 1281 εἰς
3069 1217 3397 1287 συνηγορίαν
3416 1216 3582 1270 αὑτοῦ
3608 1217 3733 1269 Διά·

2163 1311 2274 1364 νιόν
2302 1328 2420 1364 τινα
2447 1310 2553 1362 τῶν
2579 1310 2835 1381 Πατέρων
2865 1308 3029 1361 ταυτδ
3050 1309 3407 1380 πεποιηκότα,
3435 1308 3517 1371 ὃν,
3541 1309 3733 1376 φησὶν,

2163 1402 2466 1468 εἰσεδέξατο
2498 1404 2526 1455 ό
2550 1402 2703 1470 ἆγιος
2733 1400 3013 1464 Βασίλειος
3033 1418 3046 1431 ·
3076 1402 3197 1453 ἐπεὶ
3239 1401 3333 1455 καὶ
3368 1401 3459 1453 τὸν
3513 1400 3736 1469 πατέρα

2162 1493 2466 1564 Γρηγορίου
2495 1490 2589 1544 τοῦ
2619 1490 2909 1560 Θεολόγου.

2235 1585 2299 1635 Ὢ
2316 1581 2525 1643 δικαίας
2547 1583 2987 1652 ἀγανακτήσεως,
3002 1581 3097 1635 τοῦ
3117 1599 3175 1634 τε
3191 1582 3235 1633 ίε
3246 1582 3337 1651 ροῦ
3353 1583 3385 1651 ή
3394 1579 3510 1650 μῶν
3532 1582 3734 1653 ἀρχιε-

2167 1676 2327 1747 ρέως,
2368 1675 2462 1727 καὶ
2511 1674 2708 1736 παντὸς
2724 1674 2819 1726 τοῦ
2837 1672 3223 1745 ὁμολογητικοῦ
3250 1672 3619 1743 πληρώματος
3642 1673 3738 1726 εει

2163 1769 2271 1837 γάρ
2283 1768 2455 1820 ἐκεῖνο
2468 1765 2527 1818 οὐ
2548 1766 2822 1828 κοινωνία,
2837 1766 2955 1818 οὐδὲ
2970 1767 3237 1827 ἔκπτωσις
3249 1780 3263 1794 ·
3280 1766 3332 1818 τί
3344 1765 3403 1817 τὸ
3418 1766 3609 1834 όφελος
3624 1764 3739 1817 τῶν

2161 1859 2387 1921 ἐκείνοις
2410 1856 2635 1925 ἀγώνων
2669 1873 2731 1909 τε
2758 1857 2850 1909 καὶ
2867 1856 3063 1922 ἄθλων,
3082 1858 3398 1927 αἱμάτωντε
3427 1857 3521 1910 καὶ¹
3538 1857 3737 1909 ταλαι-

2162 1948 2515 2019 πωρημάτων
2542 1948 2632 2011 ςτί
2654 1944 2711 1998 δὲ
2763 1946 2858 1998 καὶ
2907 1946 3069 2008 αὐτὸς
3101 1945 3362 2015 άπεμήθη
3408 1943 3557 2015 [cod.
3595 1943 3736 2013 Reg.

2161 2038 2488 2112 ἐπετιμήθη]
2510 2056 2526 2106 ;
2552 2038 2605 2090 τί
2633 2038 2689 2091 δὲ
2719 2038 2814 2090 καὶ
2866 2037 3063 2105 ἀφίησι
3090 2036 3151 2089 τὸ
3184 2038 3542 2107 μοναστήριον
3563 2054 3576 2099 ;
3600 2038 3653 2089 τί
3679 2037 3740 2089 δὲ

2160 2135 2254 2187 καὶ
2271 2134 2509 2204 εἴργεται
2556 2132 2656 2200 τῆς
2690 2131 3041 2201 ίερουργίαςς
3094 2130 3179 2193 Ὦ,
3223 2133 3314 2181 καὶ
3362 2126 3519 2192 αὖθις
3565 2129 3737 2197 λέγω,

2160 2226 2257 2295 τῆς
2279 2224 2428 2288 θείας
2456 2224 2881 2293 ἀγανακτήσεως
2908 2224 2921 2275 l
2956 2222 3037 2273 ὅτι
3060 2220 3158 2290 τὴν
3185 2221 3443 2290 ἀλήθειαν
3466 2224 3523 2272 ὲν
3549 2222 3740 2291 ἀδικίᾳ.

2162 2315 2425 2383 κατέχων,
2449 2314 2615 2366 οἴεται
2661 2315 2754 2365 καὶ
2808 2313 2933 2374 τοὺς
2978 2312 3227 2383 Πατέρας
3248 2312 3608 2363 ταυτοπαθεῖν
3630 2312 3739 2364 αὑ-

2163 2404 2256 2475 τῷ.
2272 2406 2407 2472 Φέρε
2424 2400 2537 2469 οὖν,
2556 2405 2752 2473 ἴδωμεν
2763 2404 2851 2456 τὸν
2873 2402 3152 2471 ἀλόγιστον
3174 2402 3328 2469 λόγον
3360 2419 3375 2434 ο
3399 2401 3740 2468 Μετέλαεον,

2165 2497 2277 2551 ἀλλ’
2307 2497 2405 2548 οὐκ
2458 2496 2811 2564 ἐκοινώνησα.
2839 2494 3000 2561 Λέγει
3049 2493 3339 2563 τοιγαροῦν
3366 2487 3467 2545 ὧδέ
3486 2510 3585 2546 που
3621 2494 3741 2547 τῶν

2167 2583 2428 2651 θεολόγων
2460 2589 2487 2635 ο
2502 2581 2799 2651 διαϐόητος·
2818 2582 3125 2635 Μετέλαϐον
3143 2583 3239 2650 τῆς
3258 2581 3483 2644 εἰκόνος,
3509 2582 3600 2632 καὶ
3631 2582 3743 2633 οὐκ

2165 2676 2401 2746 ἐφύλαξα
2424 2692 2436 2706 ·
2472 2673 2884 2746 μεταλαμϐάνει
2913 2676 3009 2746 τῆς
3032 2676 3171 2745 ἐμῆς
3190 2673 3501 2737 ἀσθενείας,
3530 2674 3619 2726 ἵνα
3643 2674 3743 2726 καὶ

2166 2766 2260 2839 τὴν
2289 2768 2469 2820 εἰκόνα
2503 2764 2672 2836 σώσῃ,
2706 2764 2799 2818 καὶ
2827 2763 2923 2835 τὴν
2960 2766 3139 2835 σάρκα
3181 2764 3506 2834 ἀθανατίση.
3540 2764 3741 2815 Δευτέ-

2171 2873 2267 2926 ραν
2293 2852 2385 2910 οὖν
2416 2857 2702 2909 κοινωνίαν
2731 2856 2996 2919 κοινωνεῖ,
3048 2856 3139 2907 καὶ
3167 2855 3300 2908 πολὺ
3328 2854 3427 2923 τῆς
3454 2855 3745 2923 προτέρας

2166 2948 2613 3020 παραδοξοτέραν.
2639 2948 2794 3010 Ἰδοὺ,
2822 2947 2903 3012 τὺ,
2920 2944 3266 3014 μετέλαϐον,
3301 2949 3603 3011 κοινωνεῖν,
3640 2946 3746 2998 ἐκ-

2168 3043 2459 3107 πέφασται.
2493 3037 2843 3107 Μετὰληψις
2896 3039 3005 3107 γὰρ
3046 3038 3139 3091 καὶ
3206 3040 3463 3091 κοινωνία
3495 3037 3743 3091 ταυτόν-

2171 3135 2204 3203 ή
2234 3133 2333 3204 μὲν
2362 3136 2426 3185 ἐκ
2452 3133 2544 3185 τοῦ
2601 3133 2922 3203 μετέχεσθαι
2948 3149 2961 3164 ·
2991 3134 3023 3200 ή
3059 3132 3115 3184 δὲ
3166 3136 3229 3185 ἐκ
3278 3132 3374 3185 τοῦ
3421 3132 3552 3197 τοὺς
3604 3148 3746 3203 μετ-

2171 3228 2392 3298 έχοντας
2435 3224 2874 3286 κοινοποιεῖσϐαι.
2906 3225 3305 3297 ὀνομαζομένη.
3366 3226 3477 3280 Καὶ
3506 3226 3691 3279 τοίνυν
3717 3228 3750 3279 ὁ

2169 3318 2450 3384 θεσπέσιος
2492 3317 2849 3380 Ἀπόστολος·
2890 3318 2959 3370 Τὸ
2983 3317 3269 3384 ποτήριον
3311 3316 3419 3383 τῆς
3456 3319 3752 3386 εὐλογίας

2138 3412 2612 3486 ⁴ὃεύλογοῦμεη
2648 3410 2783 3478 οὐχὶ
2834 3410 3111 3463 κοινωνία
3164 3408 3268 3461 τοῦ
3330 3410 3572 3475 αἵματος
3632 3409 3751 3463 τοῦ

2172 3506 2388 3573 Κυρίου
2407 3506 2541 3559 ἐστί
2560 3520 2579 3568 ;
2598 3504 2702 3557 τὸν
2715 3502 2916 3571 ἄρτον,
2935 3501 3008 3555 ὃν
3022 3498 3280 3570 κλῶμεν,
3303 3499 3435 3566 οὐχὶ
3460 3501 3753 3552 κοινωνία

2169 3596 2276 3649 τοῦ
2304 3584 2573 3662 σώματος
2609 3592 2713 3646 τοῦ
2744 3593 2965 3659 Κυρίου
2996 3591 3203 3655 ἐστίν;
3228 3590 3317 3644 ὅτι
3343 3584 3427 3655 εἷς
3450 3590 3647 3656 ἄρτος,
3674 3589 3752 3642 ἓν

2172 3683 2341 3754 σῶμα
2370 3688 2423 3739 οὶ
2453 3684 2670 3737 πολλοί
2699 3683 2903 3752 ἐσμεν·
2939 3685 2992 3736 oi
3019 3682 3127 3752 γὰρ
3150 3680 3371 3747 πάντες
3388 3682 3455 3735 ἐκ
3479 3682 3583 3735 τοῦ
3600 3682 3753 3747 ἑνὸς

2171 3774 2350 3844 ἄρτου
2370 3775 2727 3845 μετέχομεν.

2256 4059 2386 4112 Ἰδοὺ
2413 4058 2610 4128 δέδειχε
2656 4058 2934 4112 κάνταῦθα
2973 4058 3036 4110 τὸ
3081 4058 3193 4127 φῶς
3231 4058 3325 4110 τοῦ
3373 4055 3582 4126 κόσμου
3613 4094 3627 4119 ,
3665 4057 3759 4111 ὅτι

2175 4152 2426 4204 κοινωνία
2452 4153 2597 4204 ἐστὶν
2624 4153 2655 4218 ἠ
2673 4151 2900 4221 μετοχή
2925 4168 2937 4180 ·
2967 4152 3066 4203 οὐκ
3085 4151 3150 4204 ἄν
3175 4168 3257 4213 τις
3283 4151 3339 4203 δὲ
3371 4150 3588 4220 φρενῶν
3612 4150 3762 4203 εἴσω

2175 4243 2271 4310 ὢν,
2300 4243 2419 4313 οὐχὶ
2450 4244 2549 4311 τὴν
2564 4244 2853 4311 μετοχὴν,
2890 4246 3234 4311 μετάληψιν
3278 4244 3441 4295 είποι.
3484 4242 3571 4305 Ὠς
3596 4238 3697 4294 οὖν
3730 4245 3765 4295 ὁ

2177 4334 2319 4397 θεῖος
2347 4335 2509 4404 ἄρτος
2544 4336 2648 4387 ὑπὸ
2682 4334 2789 4388 τῶν
2813 4334 3109 4405 όρθοδόξων
3135 4335 3513 4404 μετεχόμενος,
3534 4336 3764 4399 πάντας

2175 4427 2301 4489 τοὺς
2337 4426 2596 4495 μετόχους
2625 4425 2684 4477 ἒν
2712 4427 2870 4496 σῶμα
2905 4426 3189 4480 ἀποτελεῖ·
3228 4425 3370 4478 οὕτω
3404 4427 3467 4496 δὴ
3498 4428 3589 4477 καὶ
3616 4428 3767 4479 bai-

514 4532 713 4585 corpus
779 4514 964 4580 ellicit,
1039 4516 1119 4569 sic
1170 4512 1411 4584 profecto
1465 4522 1519 4568 et
1579 4514 1863 4569 haereticus
1917 4517 2068 4585 panis

2181 4516 2394 4587 ρετικὸς
2427 4517 2589 4586 ἄρτος
2624 4516 2913 4579 κοινωνοὺς
2948 4518 3073 4579 τοὺς
3103 4516 3246 4571 οὓτω
3274 4516 3437 4569 αὑτοῦ
3496 4517 3771 4585 μετέχον-

514 4608 849 4677 conjungens
888 4607 1029 4661 inter
1049 4621 1106 4661 se
1138 4620 1232 4659 eos
1249 4606 1340 4675 qui
1370 4606 1517 4659 illum
1540 4606 1882 4675 participant,
1906 4623 2073 4661 unum

516 4714 717 4766 corpus
778 4698 1089 4766 oppositum
1127 4696 1345 4751 Christo
1403 4696 1740 4751 exltihetzet
1786 4698 1878 4766 qui
1926 4698 2075 4753 aliud

517 4788 715 4853 eﬂutit,
767 4789 947 4857 inepte
994 4797 1047 4842 et
1079 4786 1285 4841 frustra
1313 4788 1571 4856 loquitur.
1614 4786 1770 4852 Quod
1804 4788 1848 4841 si
1898 4803 2073 4855 mens,

521 4887 652 4931 tunc
670 4893 793 4931 cum
814 4880 929 4946 ipse
954 4877 1327 4947 participabat,
1358 4880 1497 4931 facto
1534 4892 1643 4931 non
1674 4877 2075 4945 consentiebat;

522 4971 627 5024 hoc
659 4971 833 5038 magis
863 4983 1063 5039 negare
1089 4978 1194 5033 est,
1227 4969 1295 5035 si,
1331 4982 1437 5023 non
1470 4969 1725 5038 ignorans
1756 4969 1988 5023 absurde
2026 4986 2084 5024 se

523 5078 706 5131 agere,
767 5062 822 5115 in
881 5062 1106 5115 scientia
1160 5070 1337 5115 tamen
1397 5061 1657 5129 peceavit,
1718 5074 1825 5113 non
1883 5060 2083 5116 veritus

526 5155 716 5219 Deum,
758 5153 853 5223 qui
898 5162 955 5207 et
1000 5153 1237 5207 animam
1269 5161 1325 5207 et
1368 5166 1564 5220 corpus
1616 5151 1832 5215 occidit,
1864 5154 2083 5209 mittens

528 5248 581 5299 in
633 5252 975 5315 gehennam;
1020 5246 1113 5299 sed
1146 5244 1299 5298 illum
1355 5244 1624 5297 reveritus
1652 5245 1743 5313 qui
1776 5260 1974 5313 corpus
2016 5249 2081 5299 aol

527 5348 738 5408 tempus
780 5338 954 5393 caedit.
1006 5336 1144 5403 Quid
1193 5338 1387 5406 juvant
1428 5350 1546 5405 quae
1577 5352 1681 5389 non
1740 5339 2087 5407 congruunt?

527 5429 664 5494 Quid
702 5428 943 5482 faventes
969 5430 1070 5482 sibi
1098 5439 1246 5498 putat
1276 5439 1517 5491 sanctos,
1548 5430 1642 5497 qui
1668 5432 2087 5485 contradicunt?

528 5518 750 5572 Illorum
806 5520 1031 5587 judicio,
1070 5520 1329 5574 annuisse
1366 5520 1627 5574 duntaxat
1672 5521 1753 5575 vel
1805 5523 2083 5587 abnuisse,

533 5626 655 5664 cum
684 5613 749 5666 de
790 5611 1131 5666 confessione
1166 5623 1258 5667 aut
1308 5616 1591 5683 negatione
1636 5617 1833 5687 agitur,
1866 5620 2084 5688 perinde

601 5790 645 5818 ’⁵
676 5790 829 5844 Rom.
864 5807 900 5859 ι,
940 5792 1025 5845 18.
1104 5793 1148 5823 ’⁸
1183 5793 1221 5847 ll
1260 5795 1385 5849 Cor.
1416 5795 1687 5861 x,16-18.

2180 4627 2277 4673 τας
2299 4609 2543 4678 ἀλλήλων
2566 4609 3030 4679 ἀπεργαζόμενος,
3060 4610 3117 4661 ἓν
3139 4609 3295 4681 σῶμα
3316 4609 3593 4663 ἀντίθετον
3613 4610 3768 4681 Χρι-

2184 4701 2292 4771 στῴ
2323 4702 2649 4772 παρίστησι·
2689 4702 2783 4754 καὶ
2836 4704 2864 4754 ό
2901 4703 3187 4770 κενολόγος
3229 4703 3402 4773 μάτην
3447 4702 3765 4771 κενολογεῖ.

2182 4792 2245 4843 Εἰ
2270 4792 2326 4843 δὲ
2354 4792 2434 4844 ὅτι
2473 4793 2501 4843 ό
2529 4790 2673 4853 νοῦς,
2710 4791 2870 4844 ὁπότε
2920 4791 3345 4863 μετελάμὸανεν,
3378 4793 3439 4843 οὗ
3487 4793 3771 4847 συνδιετίο

2187 4882 2310 4935 θετο
2336 4883 2416 4952 τῷ
2452 4884 2832 4953 πραττομένῳ,
2873 4883 3030 4936 τοῦτό
3065 4886 3181 4936 ἐστι
3214 4885 3274 4937 τὸ
3306 4883 3506 4954 μᾶλλον
3533 4885 3780 4955 ἀναιρεο

2182 4975 2333 5026 τικόν
2363 4990 2376 5005 ·
2410 4976 2489 5027 ὅτι
2517 4976 2718 5043 καίπερ
2746 4970 2902 5038 εἰδὼς
2920 4977 3325 5044 ὲκτοπουργεῖν,
3347 4977 3495 5045 ὅμως
3525 4978 3583 5027 ἐν
3611 4978 3778 5044 γνώ-

2186 5084 2267 5119 σει
2303 5068 2608 5135 ήμάρτανε,
2655 5067 2728 5136 μή
2771 5066 3026 5137 φοϐηθεὶς
3065 5068 3158 5119 τὸν
3205 5068 3570 5120 άποκτένοντα
3622 5068 3780 5124 Θεὸν

2185 5160 2277 5211 καὶ
2298 5159 2475 5227 ψυῂν
2532 5161 2623 5210 καὶ
2689 5158 2847 5227 σῶμα
2905 5160 2993 5211 διὰ
3035 5160 3131 5228 τῆς
3174 5161 3230 5211 ὲν
3266 5160 3458 5228 γεέννῃ
3490 5159 3777 5231 ἐμϐολῆς,

2187 5251 2321 5304 ἀλλά
2353 5252 2441 5302 τὸν
2467 5252 2813 5320 προσκαίρως
2847 5251 3004 5319 σῶμα
3044 5250 3330 5304 τύπτοντα.
3370 5253 3434 5303 Τί
3486 5253 3783 5323 συμφέρει

2189 5344 2257 5396 τὰ
2284 5344 2568 5411 ἁσύμϐατα
2594 5361 2609 5408 ;
2639 5343 2690 5394 τί
2712 5344 2882 5395 οἴεται
2904 5344 3233 5413 συνηγόρους
3270 5344 3394 5405 τοὺς
3418 5344 3785 5415 ἁντηγὸρους

2192 5433 2354 5489 αὑτοῦ
2385 5434 2611 5501 ἁγίους;
2648 5435 2752 5503 ἥδη
2782 5435 2877 5486 καὶ
2915 5436 3069 5503 μόνον
3114 5436 3434 5498 κατάνευσις
3467 5435 3499 5503 ἢ
3527 5438 3787 5493 ἁνάνευ-

2194 5544 2300 5588 σις,
2340 5526 2430 5577 ὲπί
2457 5542 2514 5576 τε
2535 5526 2821 5593 ὁμολογίας
2849 5527 2943 5578 καὶ
2970 5528 3270 5597 ἀρνήσεως,
3294 5527 3455 5595 ἔργου
3476 5528 3788 5597 πλήρωσις

2195 5618 2372 5679 αὐτοῖς
2396 5615 2783 5684 ὃογματίζεται
2805 5634 2818 5647 ·
2850 5618 2938 5669 καὶ
2968 5616 3088 5669 οὐδὲ
3122 5618 3409 5689 ὑπόκρισιν
3440 5620 3515 5681 είς
3547 5626 3791 5691 μαρτῄ-
