3934 6512
202 440 312 504 1481

1351 442 1888 506 EPISTOLARUM
1947 445 2094 505 LIB.
2138 443 2221 504 Ιῐ.

3271 440 3413 505 1482

200 574 304 628 ρων
321 557 680 628 προσήκαντο.
711 556 805 611 τοῦ
842 561 1002 628 μόνον
1044 557 1288 627 ἅψασθαι
1337 561 1602 632 θύματος,
1641 579 1738 615 ουκ

1843 574 1925 616 est
1966 576 2031 617 ac
2085 576 2224 630 opus
2286 560 2464 629 ipsum
2520 557 2818 628 perfecisse
2855 577 2868 611 :
2903 571 2966 611 ac
3008 572 3076 612 ne
3112 556 3423 613 simulatio-

198 650 474 714 είδωλικοῦ,
507 650 618 702 ἀλλ’
641 650 763 703 οὐδὲ
791 649 1051 702 ίδιοθύτου
1074 665 1088 679 ·
1115 651 1212 703 καὶ
1235 651 1301 703 τὰ
1321 653 1742 726 παραδείγματα

198 742 395 811 ἄπειρα.
424 741 486 794 Τί
515 741 580 810 δὴ
607 739 702 794 οὖν
726 741 855 794 ἄλλο
889 740 922 811 ἦ
952 741 1115 796 τοῦτο
1149 743 1276 812 ὲνῆν
1311 745 1388 815 τῷ
1415 747 1743 817 προλαϐόντι

194 832 394 903 διωγμῷ
421 850 436 898 ;
483 833 540 886 Ὀ
572 831 718 902 ίερὸς
745 835 1092 904 πατριάρχης
1117 836 1446 908 κατηνέχθη,
1469 839 1746 910 ἐξωστρα.

193 922 358 994 κίσθη,
395 922 732 994 περιωρίσθη
757 925 815 977 ὲν
845 925 1182 998 παραϐύστῳ
1211 926 1364 996 τόπῳ
1383 944 1398 959 ο
1431 929 1744 999 ἁντίθρονος

192 1015 548 1085 Χριστομάχος
567 1031 581 1045 ·
633 1014 849 1080 σύνοδος
877 1017 1217 1070 ἁθετούντων
1240 1035 1254 1050 ο
1300 1019 1744 1092 ἁναθεματισμὸς

190 1109 278 1176 τῆς
307 1107 360 1160 ὲν
383 1107 588 1175 Νικαίᾳ
616 1107 781 1176 ἁγίας
815 1108 1037 1162 συνόδου
1065 1127 1079 1140 ·
1117 1109 1422 1182 ἁνάρῤησις
1451 1112 1551 1183 τῆς
1574 1113 1743 1168 πὰλαι

190 1198 615 1270 ἁντιχριστούσης
642 1217 658 1233 ο
693 1200 985 1271 ὑπερορίαι
1010 1200 1118 1255 τῶν
1144 1203 1317 1271 ἁγίων
1347 1204 1665 1259 ἐπισκόπων
1682 1223 1742 1259 τε

191 1292 275 1346 καὶ
297 1293 628 1363 ἡγουμένων,
688 1292 1031 1361 μοναζόντων
1089 1295 1183 1348 καὶ
1225 1294 1574 1364 μοναζουσῶν
1602 1313 1616 1327 °
1651 1297 1740 1351 αῖ-

191 1401 319 1453 ματα
350 1384 603 1454 χεόμενα,
637 1384 858 1438 θάνατοι
881 1385 1074 1457 ἄωροι,
1114 1385 1353 1458 είρκταὶ,
1407 1388 1741 1460 λιμαγχονή-

189 1489 307 1538 σεις,
332 1472 616 1544 λεηλασίαι
641 1490 655 1505 ο
684 1474 747 1526 τὸ
793 1474 1173 1546 φοϐερώτερον
1216 1476 1310 1530 καὶ
1346 1475 1625 1548 ὁρώμενον
1647 1480 1742 1532 καὶ

186 1563 520 1634 ἁκουόμενον,
546 1568 580 1637 ἠ
617 1566 791 1638 σεπτὴ
837 1567 1003 1622 εἰκὼν
1047 1568 1142 1622 τοῦ
1185 1569 1424 1641 Χριστοῦ
1465 1570 1743 1642 ἐνύϐριζο-

190 1657 330 1728 μένη,
359 1660 845 1730 καταπατουμὲνη,
880 1659 982 1727 τῆς
1032 1661 1322 1726 θεοτόκου,
1357 1662 1464 1715 τῶν
1489 1663 1743 1718 ἁπάντων

188 1747 339 1815 ἁγίων
359 1765 371 1778 ·
403 1751 541 1804 οἵτε
573 1752 694 1804 ναοὶ
726 1754 821 1806 καὶ
849 1752 918 1805 τὰ
938 1752 1301 1824 θυσιαστήρια
1350 1755 1739 1826 ἐρειπούμεναο

185 1835 243 1885 τὰ
268 1833 390 1901 ἆγια
439 1835 840 1908 βεϐηλούμενα,
865 1840 1017 1910 ,πυρὶ
1044 1842 1467 1912 παραδιδόμενα.
1524 1843 1742 1898 Τούτων

1847 669 1970 708 nem
2019 655 2239 724 quidem
2296 651 2596 706 admittunt
2626 649 2910 720 tangendze
2961 647 3221 714 victimae,
3250 665 3428 719 neque

1845 748 2023 803 solum
2061 745 2383 802 sacriﬁcate:
2416 742 2598 806 idolis,
2632 742 2726 796 sed
2778 756 2881 798 nec
2936 741 3192 811 privatim
3222 758 3376 799 caesa:
3409 762 3423 798 :

1844 835 2154 902 cujusmodi
2181 835 2426 904 exempla
2453 842 2584 888 sunt
2628 832 2939 886 innumera.
2977 830 3111 898 Quae
3137 833 3284 888 enim
3321 835 3424 888 alia

1843 945 2006 1000 quam
2039 929 2153 984 huc
2189 937 2344 982 erant
2385 927 2437 980 in
2471 925 2639 996 priori
2671 924 3094 996 persecutione?
3121 925 3292 981 Sacer
3324 942 3427 996 pa-

1845 1022 2080 1077 triarcha
2112 1021 2361 1076 detentus
2384 1029 2492 1084 est,
2549 1019 2604 1074 in
2645 1018 2900 1074 exsilium
2961 1017 3179 1088 pulsus,
3216 1018 3272 1073 in
3324 1019 3428 1074 ob-

1844 1130 2066 1170 scurum
2125 1113 2306 1168 locum
2364 1113 2691 1183 relegatus:
2730 1110 2788 1165 in
2847 1110 2968 1178 ejus
3016 1111 3148 1165 sede
3203 1111 3424 1166 locatus

1845 1206 2006 1260 homo
2051 1204 2506 1261 Christomachus
2534 1222 2549 1258 :
2578 1203 2822 1274 synodus
2853 1203 3261 1274 abrogantium,
3293 1219 3427 1258 aua-

1842 1295 2212 1351 thematizatio
2286 1290 2509 1350 sanctae
2539 1293 2734 1364 synodi
2791 1291 3044 1358 Numanae,
3097 1292 3427 1347 instauratio

1842 1388 1967 1443 belli
1997 1398 2184 1444 contra
2212 1387 2513 1453 Christum,
2539 1387 2733 1442 exsilia
2767 1394 3085 1441 sanctorum
3125 1386 3417 1456 episcOpo-

1841 1496 1961 1534 rum
1983 1491 2036 1535 et
2063 1481 2506 1550 praepositorum,
2537 1479 2937 1533 monachorum
2966 1491 3032 1532 ac
3060 1477 3380 1532 monialium
3407 1494 3422 1530 :

1842 1571 2066 1642 sanguis
2092 1569 2322 1636 eﬂ‘usus,
2352 1578 2559 1626 mortes
2619 1570 2947 1634 immaturae,
3003 1583 3272 1630 carceres,
3323 1569 3423 1622 ho-

1840 1667 2018 1718 mines
2047 1661 2188 1717 fame
2217 1662 2393 1718 enecti
2427 1679 2442 1716 :
2471 1659 2910 1732 depmdationes
2940 1667 3016 1726 et,
3049 1659 3191 1729 quod
3247 1660 3424 1714 oculis

1840 1757 2177 1826 auribusque
2209 1755 2566 1819 horrendum,
2599 1754 3002 1809 contumeliose
3060 1753 3267 1819 habita,
3295 1768 3426 1822 pro-

1842 1849 2075 1914 culcata,
2129 1848 2309 1916 imago
2361 1845 2565 1901 Christi
2607 1846 2944 1910 veneranda,
2979 1842 3249 1913 Deiparzn,
3306 1859 3425 1897 om-

186 1923 339 1990 οὕτως
369 1928 623 1998 ἑχόντων,
651 1930 710 1984 ού
748 1931 856 1993 πᾶς
887 1931 916 1983 ὁ
940 1933 1278 2003 κοινωνήσας
1306 1934 1473 2002 ἥγουν
1506 1937 1738 2004 μεταλα-

1843 1945 1992 1998 nium
2044 1951 2358 2000 sanctorum
2393 1960 2407 1996 :
2441 1943 2638 2012 templa
2690 1951 2746 1997 et
2799 1941 2996 1996 altaria
3037 1941 3156 1994 solo
3186 1948 3418 2007 :rquata,

188 2017 281 2069 ϐὼν
324 2019 414 2072 τοῦ
470 2021 680 2074 ἰοϐόλου
731 2021 924 2093 ἄρτου,
975 2023 1433 2094 ἀρνησίχριστος,
1495 2026 1738 2093 ἐκθετος,

183 2109 374 2175 ἀνόσιος
397 2127 411 2141 ⁸
441 2115 490 2166 εί
534 2117 672 2184 μήτε
717 2113 807 2166 διὰ
854 2113 1145 2183 μετανοίας
1186 2117 1466 2190 ἁνακληθῇ
1505 2136 1519 2183 ;
1552 2118 1740 2184 Οὕτως

187 2201 285 2270 ἔχει
317 2205 348 2273 ἡ
381 2203 612 2275 ἀλήθεια
633 2220 646 2233 ’
675 2205 770 2258 καὶ
800 2206 971 2277 ταύτῃ
993 2206 1413 2281 ἀπεκτάνθησαν
1444 2212 1492 2263 οί
1524 2211 1739 2284 μάρτυ-

185 2307 279 2361 ρες,
312 2296 404 2349 καὶ
433 2296 666 2350 ύποίσαν
701 2297 918 2352 ἅπαντα
958 2300 1009 2352 οί
1039 2301 1409 2373 ἀντεχόμενοι.
1440 2306 1548 2360 Καὶ
1571 2306 1737 2371 εἴτις

181 2381 249 2448 τῷ
276 2387 481 2440 κανόνι
507 2386 699 2453 τούτῳ
742 2390 994 2458 στοιχεῖ,
1035 2394 1199 2466 φησιν
1223 2394 1252 2446 ό
1287 2393 1630 2460 ’Λπόστολος,
1657 2401 1737 2451 εί-

178 2472 315 2542 ρήνη
341 2477 435 2529 ἐπ’
463 2477 678 2542 αὐτόν,
726 2480 829 2535 καί
873 2482 1068 2549 ἕλεος,
1100 2485 1199 2538 καί
1233 2486 1332 2540 ἐπὶ
1360 2487 1467 2540 τὸν
1497 2488 1736 2558 Ἰσραὴλ

181 2566 272 2619 τοῦ
299 2567 462 2623 Θεοῦ.
493 2570 571 2622 Τὸ
595 2572 703 2643 γὰρ
730 2572 826 2625 τοῦ
851 2575 1088 2639 Διανίου,
1123 2577 1220 2630 καὶ
1275 2580 1368 2631 τοῦ
1405 2579 1616 2648 Πατρός
1643 2582 1735 2635 τοῦ

183 2653 440 2725 Θεολόγου,
475 2659 532 2711 ετ
559 2677 613 2714 τι
639 2662 735 2715 καὶ
758 2663 998 2718 τοιοῦτον
1021 2665 1207 2738 ἕτερον
1239 2684 1253 2698 ’
1283 2671 1534 2739 τεχνικοῦ
1560 2673 1737 2744 γράμ-

183 2762 330 2816 ματος
397 2751 505 2805 ὑπὸ
570 2754 867 2825 αίρετικῶν
932 2761 1406 2831 σκαιωρηθέντος·
1436 2763 1611 2836 κλοπὴ
1667 2763 1737 2838 ἦν

183 2839 459 2911 ἁπλότητος
493 2847 1026 2918 κατασοφισθέντων,
1052 2853 1148 2905 καὶ
1179 2852 1278 2906 οὐκ
1297 2855 1361 2905 ἐκ
1381 2853 1548 2924 φόϐου
1569 2857 1733 2922 τινὸς,

179 2927 375 3000 ἀπαγει
407 2935 851 3007 ύπογραψὰντων
891 2940 1002 2995 τῶν
1033 2942 1205 3011 ἁγίων
1238 2943 1484 3001 ἐκείνων.
1538 2949 1735 3018 Διόπερ

182 3018 339 3084 αὐτοις
377 3023 542 3088 εὐθὺς
573 3026 691 3096 ἅμα
719 3026 815 3081 τοῦ
844 3030 1048 3097 γνῶναι
1074 3033 1165 3086 τὸν
1192 3033 1342 3088 δόλον
1372 3037 1405 3106 ἡ
1433 3037 1734 3109 ἀνάκτησις

183 3112 268 3163 καὶ
290 3113 323 3183 η
349 3112 621 3185 εὔθαρσος
645 3115 934 3188 ἀπολογία.
963 3119 1167 3188 Ταῦτα,
1200 3127 1377 3197 Πάτερ
1403 3129 1544 3196 ἆγιε,
1573 3129 1628 3181 εἴ
1653 3147 1734 3184 σοι

182 3199 395 3314 θεμιτὸν,
423 3205 969 3314 ἐκτρερομύθησοντῷ
990 3213 1163 3285 ἀνδρὶ,
1184 3215 1271 3270 ἵνα
1298 3217 1453 3283 εἰδὼς
1486 3220 1585 3292 τὴν
1608 3221 1735 3293 άλή-
1758 3255 1802 3314 c

181 3291 333 3359 θειαν,
358 3299 664 3370 ἁπορῤίψοι
696 3302 796 3374 τὴν
821 3304 1008 3359 ἄδικον
1035 3323 1357 3382 συγγραφην
1373 3291 1608 3384 ἐκείνην,
1637 3291 1734 3369 καὶ

183 3388 305 3456 μετὰ
333 3391 578 3447 εὐσεϐῶν
605 3395 852 3450 τάττοιτο
875 3413 889 3428 ο
925 3399 1014 3451 ἐπ’
1046 3399 1113 3454 ἂν
1143 3403 1238 3454 καὶ
1261 3403 1463 3474 γέρων,
1490 3406 1584 3458 καὶ
1610 3407 1731 3458 ἐπι-

179 3480 429 3551 τιμηθεὶς,
467 3487 565 3538 και
612 3485 702 3539 διά
737 3504 818 3540 τοι
865 3486 1022 3542 τοῦτο
1057 3490 1227 3556 ἐάσας
1260 3493 1359 3564 τὴν
1410 3495 1734 3568 περιϐόητον

184 3572 348 3642 μονήν.
380 3574 442 3626 Et
473 3575 532 3629 δὲ
568 3575 669 3646 μὴ,
695 3577 809 3630 ἁλλ’
839 3579 972 3648 ἡμῖν
999 3595 1062 3646 γε
1106 3578 1260 3646 εὖξαι
1315 3586 1586 3656 μηδεμίαν
1620 3605 1736 3640 κοι-

178 3665 348 3717 νωνίαν
370 3664 520 3736 ἔχειν
544 3669 603 3718 ὲν
626 3666 763 3733 τῷδε
789 3668 867 3738 τῷ
892 3668 1050 3740 μέρει
1069 3676 1209 3740 μετὰ
1228 3675 1324 3729 τοῦ
1341 3677 1551 3749 ἀνδρὸς,
1578 3679 1734 3750 εἴπερ

182 3753 262 3804 καὶ
287 3755 345 3808 οὐ
373 3756 767 3826 μεταμέλοιτο.

282 4063 430 4119 PNE’
451 4065 591 4138 (47).
620 4097 688 4109 -—
714 4069 976 4138 Θεοφίλῳ
992 4067 1102 4138 τῆς
1128 4071 1399 4142 Ἐφέσου.
1444 4075 1621 4148 [χλθ’.]

1841 2046 2026 2092 sancta
2053 2034 2362 2106 profanata,
2397 2035 2620 2105 ignique
2653 2034 2873 2089 tradita.
2939 2031 3074 2098 Quae
3101 2045 3224 2086 cum
3253 2030 3326 2082 ita
3354 2042 3416 2082 se

1841 2129 2107 2194 habeant,
2156 2129 2471 2198 quicunque
2526 2126 2895 2182 communicat
2957 2139 3056 2180 seu
3129 2121 3422 2192 participat

1840 2229 2162 2276 venenatum
2230 2234 2448 2289 panem,
2519 2231 2700 2272 nonne
2759 2214 2963 2271 Christi
3018 2223 3104 2268 est
3149 2219 3416 2281 negator;

1838 2316 2066 2383 cjectus,
2101 2313 2322 2382 impius,
2386 2312 2492 2368 nisi
2531 2327 2625 2383 per
2646 2310 3022 2382 paenitentiam
3080 2306 3365 2376 resipiscat
3396 2306 3420 2358 ?

1839 2411 1928 2464 Sic
1959 2411 2116 2463 habet
2147 2411 2378 2463 veritas:
2395 2419 2450 2462 et
2475 2423 2574 2479 pro
2597 2409 2698 2463 hac
2716 2406 2882 2462 occisi
2905 2416 3032 2460 sunt
3056 2412 3341 2473 martyres,
3362 2413 3419 2454 et

1837 2502 2018 2555 omnia
2045 2515 2141 2570 pro
2167 2501 2314 2555 illius
2341 2499 2662 2556 defensione
2695 2499 3034 2569 pertulerunt
3064 2513 3078 2549 :
3113 2493 3178 2547 Et
3216 2493 3262 2547 si
3295 2493 3416 2562 quis

1836 2591 1971 2643 hanc
2021 2589 2258 2659 regulam
2305 2603 2512 2644 secutus
2569 2588 2752 2657 fuerit,
2789 2587 2868 2640 ait
2922 2584 3246 2656 Apostolus,
3310 2595 3438 2657 pax,

1836 2699 1990 2752 super
2020 2683 2216 2751 ipsum,
2250 2689 2301 2736 et
2353 2680 2742 2744 misericordia,
2768 2689 2817 2734 et
2840 2695 2995 2743 super
3023 2675 3196 2732 Israel
3224 2674 3316 2728 Dei
3345 2676 3413 2726 ⁸⁷.

1836 2771 1990 2837 Quod
2020 2771 2167 2826 enim
2202 2771 2269 2826 de
2298 2769 2513 2834 Dianio,
2543 2778 2598 2824 et
2627 2768 2695 2824 de
2746 2766 3008 2838 Theologi
3061 2775 3235 2835 patre,
3282 2773 3339 2818 et
3367 2764 3416 2818 sl

1836 2864 1963 2933 quid
1999 2863 2145 2916 aliud
2198 2861 2492 2930 ejusmodi,
2546 2859 2929 2915 haereticorum
2987 2857 3223 2912 artificio
3272 2855 3413 2910 scri-

1837 2965 1989 3022 ptum
2023 2963 2078 3008 et
2124 2953 2496 3023 excogitatum
2523 2992 2538 3016 ,
2580 2953 2732 3006 fraus
2761 2949 2864 3004 fuit
2893 2949 2964 3005 ad
2991 2947 3258 3003 fallendos
3282 2947 3415 3002 sim—

1837 3048 2094 3116 pliciores
2117 3086 2132 3109 ,
2167 3059 2276 3099 non
2306 3043 2452 3114 quod
2493 3044 2687 3097 timore
2719 3042 2926 3111 aliquo,
2977 3041 3144 3106 absit,
3171 3039 3412 3094 subscri-

1837 3139 2044 3206 pserint
2096 3136 2275 3190 sancti
2332 3134 2430 3188 illi.
2486 3131 2753 3199 Quocirca
2787 3129 2951 3186 simul
3013 3140 3175 3200 atque
3226 3128 3412 3182 dolum

1835 3241 2194 3300 agnoverunt,
2229 3234 2556 3281 revocarunt
2605 3240 2685 3288 se,
2718 3232 2774 3278 et
2802 3237 2926 3278 cum
2958 3221 3158 3276 ﬁducia
3189 3234 3416 3290 respon-

1833 3326 2050 3380 derunt.
2084 3321 2230 3386 Haec,
2253 3321 2414 3374 Pater
2437 3325 2648 3383 sancte,
2681 3317 2728 3371 si
2757 3315 2841 3372 fas
2867 3315 2992 3381 erit,
3033 3314 3152 3368 viro
3208 3328 3415 3368 renun-

1834 3418 1906 3470 tia
1957 3434 1970 3470 :
2025 3423 2084 3468 ut
2155 3412 2334 3482 agnita
2403 3411 2651 3475 veritate,
2721 3408 2980 3476 injustam
3045 3404 3412 3477 syngrapham

1843 3508 1993 3562 illam
2031 3504 2272 3573 abjiciat,
2301 3511 2357 3558 et
2411 3503 2466 3556 in
2521 3515 2809 3556 numerum
2841 3499 3053 3570 piorum
3083 3496 3414 3554 ascribatur.

1839 3597 2273 3669 quandoquidem
2307 3603 2361 3650 et
2411 3608 2596 3658 senex,
2629 3601 2684 3646 et
2726 3591 3116 3662 reprehensus,
3176 3598 3230 3643 et
3284 3601 3411 3656 pro—

1840 3699 2022 3758 pterea
2087 3685 2308 3754 reliquit
2383 3681 2797 3737 celeberrimum
2848 3677 3245 3735 monasterium
3279 3691 3294 3741 ;
3326 3676 3411 3730 sin

1838 3782 2055 3834 minus:
2081 3787 2136 3831 at
2182 3791 2280 3846 pro
2309 3774 2468 3830 nobis
2496 3788 2617 3838 ora,
2645 3780 2706 3828 ut
2733 3771 2936 3827 nullam
2965 3785 3086 3824 cum
3120 3770 3235 3822 viro
3257 3781 3412 3822 com-

1837 3871 2152 3925 munionem
2224 3867 2523 3921 habeamus
2551 3864 2606 3916 in
2665 3863 2770 3918 hac
2821 3872 2996 3932 parte,
3026 3861 3134 3916 nisi
3169 3860 3412 3914 animum

1840 3973 2033 4017 mutet.

2178 4071 2336 4129 CLV.
2371 4102 2441 4114 -—
2471 4069 2752 4139 Theophila
2796 4067 2982 4138 Ephesi
3022 4069 3107 4138 (‘).

1141 4188 1282 4246 Quod
1317 4189 1581 4241 haereticos
1602 4190 1789 4251 doceri,
1810 4205 1910 4240 non
1932 4187 2146 4240 interfici
2168 4192 2414 4250 oporteat.

238 4264 460 4319 Ἕλαϐον
490 4265 584 4319 ἐπὶ
601 4268 790 4336 χεῖρας
807 4269 869 4322 τὸ
889 4274 1290 4342 γραμματεῖον,
1312 4275 1447 4345 ὅπερ
1482 4277 1732 4329 ἐπέστει-

178 4349 252 4406 λεν
281 4357 309 4427 ή
346 4357 470 4428 ἱερά
498 4374 594 4410 σου
624 4358 838 4431 κορυφὴ
871 4361 1175 4433 Ἀθανασίῳ
1210 4363 1289 4434 τῷ
1312 4367 1568 4437 ἡμετέρῳ
1585 4369 1734 4421 ἁδελ-

181 4446 270 4514 φῷ,
299 4448 390 4501 καὶ
418 4451 692 4516 ἀναγνοὺς
720 4452 1021 4524 ἐλυπήθην,
1045 4456 1344 4526 τιμιώτατὲ
1402 4477 1504 4528 μου
1531 4461 1734 4531 Πάτερ,

181 4531 828 4638 λύπηνίκανήν.ΔΠρῷτον
857 4543 956 4612 μὲν
997 4545 1078 4598 ὅτι
1119 4548 1178 4599 ὲν
1222 4548 1353 4617 ἡμῖν
1403 4550 1588 4614 αὐτοῖς
1624 4553 1731 4614 ’τοῖς
1767 4585 1808 4638 D

179 4627 511 4702 ὀρθπομοῦσι
542 4633 634 4685 τὸν
659 4633 815 4703 λόγον
859 4635 961 4704 τῆς
1003 4636 1259 4705 ἀληθείας
1305 4641 1445 4693 κατὰ
1483 4641 1580 4713 τὴν
1637 4643 1730 4697 νῦν

182 4717 435 4780 λυττῶσαν
481 4727 697 4798 αἵρεσιν
734 4730 843 4782 τῶν
864 4731 1270 4805 Είκονομάχων,
1309 4737 1610 4807 ὲρεσχελίαι
1640 4739 1727 4806 γίο

182 4829 358 4884 νονται,
396 4821 495 4873 καὶ
520 4823 797 4894 σχίσματα
842 4825 1196 4894 ἐπιφύονται·
1233 4828 1420 4881 ἔπειτα
1451 4831 1532 4884 ὅτι
1558 4832 1728 4900 ἀναγ-

184 4907 395 4979 κάζομαι
417 4914 444 4965 ό
477 4914 759 4985 ἐλάχιστος
786 4917 1140 4983 ἁντιθετικῶς
1185 4921 1282 4992 τὴν
1311 4920 1543 4986 διάλεξιν
1569 4926 1728 4993 ποιήη

182 5000 377 5058 σασθαι.
447 5004 608 5059 Ἀλλὰ
657 5012 1076 5076 συγγινωσκέτω
1123 5013 1157 5081 ἡ
1191 5013 1545 5083 μεγαλειότης
1603 5032 1728 5068 σουο

185 5093 289 5162 περὶ
308 5096 412 5166 γὰρ
441 5095 703 5167 ἀληθείας
733 5099 761 5150 ὁ
792 5099 947 5168 λόγος
968 5117 982 5132 ο
1019 5097 1088 5171 ἧς
1125 5103 1275 5155 οὐδὲν
1317 5105 1731 5174 προτιμότερον,

183 5184 280 5238 οὑδὲ
307 5188 730 5260 αἰδεσιμώτερον
757 5189 907 5265 [cod.
936 5192 1068 5265 Reg.
1111 5195 1604 5270 αἰδεστικώτερονῙ.
1665 5199 1730 5251 Τί

183 5271 226 5326 δὲ
273 5278 330 5332 τὸ
385 5281 759 5352 ἐμφερόμενον
810 5284 871 5336 ἐν
921 5288 1036 5349 τοῖς
1098 5287 1410 5358 γράμμασι,
1448 5285 1657 5361 περὶ(ιῦ
1696 5292 1731 5361 ὴ

184 5363 344 5439 λύπης
383 5373 601 5442 Ἡμεῖς,
641 5377 831 5444 φησὶν,
870 5377 993 5431 οὔτε
1052 5381 1337 5434 κτένεσθαι
1385 5383 1512 5445 τοὺς
1558 5385 1734 5437 Μανι-

186 5460 367 5527 χειίους,
398 5463 529 5517 οὔτε
567 5467 642 5536 μὴ
679 5467 998 5533 κτένεσθαι,
1021 5471 1544 5544 συνεϐουλεύσαμεν.
1581 5475 1639 5526 Εἰ
1668 5474 1725 5527 δὲ

185 5552 675 5627 καὶὲπετρέψαμεν,
701 5558 810 5612 τῶν
827 5561 1127 5618 καλλίστων
1156 5565 1217 5618 τὸ
1239 5566 1492 5635 μέγιστον
1516 5567 1734 5637 εἴχομεν

265 5667 306 5697 ⁹⁷
331 5666 510 5724 Galat.
555 5685 633 5736 vr,
669 5669 757 5725 l6.

1906 4274 2130 4344 Sumpta
2163 4273 2219 4327 in
2265 4286 2462 4325 manus
2499 4269 2731 4338 epistola
2767 4282 2933 4338 quam
2971 4281 3130 4321 sacra
3165 4265 3416 4322 sublimi-

1843 4381 1926 4422 tas
1978 4377 2069 4420 tua
2129 4363 2285 4419 fratri
2349 4374 2540 4417 nosuo
2565 4359 2868 4415 Athanasio
2927 4359 3103 4425 misit,
3138 4358 3234 4413 ubi
3274 4359 3413 4414 hanc

1836 4460 1960 4530 lcgi,
2005 4459 2154 4529 gravi
2199 4456 2385 4511 dolore
2415 4453 2640 4509 affectus
2680 4469 2824 4516 sum,
2856 4450 3019 4507 Pater
3065 4452 3139 4505 mi
3174 4450 3414 4505 honora-

1837 4553 2086 4616 tissime;
2132 4551 2366 4619 primum
2422 4547 2640 4617 quidem
2695 4545 2841 4614 quod
2891 4544 3056 4599 etiam
3118 4543 3260 4597 inter
3313 4559 3414 4598 nos

1839 4647 2006 4714 ipsos,
2053 4642 2145 4712 qui
2205 4640 2417 4694 furente
2449 4653 2594 4692 nunc
2631 4637 3122 4692 lconomachorum
3197 4635 3412 4699 haeresi,

1835 4752 1898 4790 ex
1951 4751 2140 4790 norma
2183 4733 2426 4786 veritatis
2455 4719 2754 4799 loquimur,
2786 4729 2919 4782 rixa:
2949 4727 3203 4783 oriantur
3231 4736 3285 4780 et
3315 4743 3413 4780 ex-

1836 4832 2031 4888 sistant
2091 4827 2384 4884 schismata
2422 4843 2434 4878 :
2467 4823 2665 4878 deinde
2723 4822 2867 4893 quod
2922 4836 3088 4889 cogar
3116 4835 3216 4891 ego
3249 4819 3414 4872 mini-

1839 4939 1959 4978 mus
2014 4920 2339 4977 contrariam
2376 4933 2442 4972 ex
2465 4918 2697 4971 adverso
2748 4917 3186 4970 dissertationem
3251 4913 3410 4968 insti-

1839 5028 2012 5070 tuere.
2070 5012 2175 5067 Sed
2219 5012 2468 5081 ignoscat
2524 5009 2926 5080 magnificentia
2984 5017 3120 5073 tua;
3182 5021 3306 5060 cum
3344 5004 3410 5059 de

1839 5111 2063 5164 veritate
2095 5115 2307 5176 agatur,
2345 5120 2451 5174 qua
2482 5104 2618 5156 nihil
2664 5112 2744 5156 est
2799 5101 3030 5166 honore,
3067 5100 3202 5154 nihil
3245 5114 3409 5153 vene-

1837 5200 2050 5254 ratione
2083 5196 2320 5266 dignius.
2376 5193 2517 5259 Quid
2551 5201 2728 5247 autem
2769 5200 2853 5247 est
2883 5193 2937 5246 in
2963 5191 3158 5246 litteris
3190 5192 3256 5245 de
3296 5207 3410 5262 quo

1838 5291 1953 5360 ipsa
2008 5288 2231 5344 doleat?
2269 5285 2399 5350 Nos,
2472 5287 2673 5354 inquis,
2733 5299 2908 5354 neque
2964 5292 3024 5339 ut
3090 5283 3410 5338 occidantur

1838 5380 2140 5444 Manichaei,
2191 5394 2367 5447 neque
2393 5386 2450 5430 ut
2483 5392 2589 5431 non
2614 5375 2960 5442 occidantur,
2993 5374 3289 5429 consilium
3314 5373 3409 5427 de-

1840 5475 2039 5528 dimus.
2095 5471 2148 5526 ld
2200 5486 2328 5524 vero
2376 5469 2422 5524 si
2477 5469 2942 5539 permitteremus,
3013 5464 3408 5537 pulcherrima-

1845 5582 1963 5619 rum
2006 5580 2184 5620 rerum
2221 5561 2513 5617 maximam
2572 5561 2896 5617 faceremus.
2965 5559 3104 5627 Quid
3139 5559 3242 5625 ais,
3267 5557 3350 5611 vir
3376 5571 3407 5608 ι

1663 5762 1888 5819 ΝΟΤᾸΕ.

246 5846 348 5919 (47)
380 5851 438 5907 In
465 5853 586 5908 rod.
620 5853 756 5923 Reg.
787 5851 909 5920 ptC'.

494 5946 763 6004 PATROL.
795 5943 913 6004 Gn.
952 5941 1168 6002 XCIX.

1932 5854 2002 5923 (")
2041 5855 2372 5924 Dogmatica.
