3934 6458
544 364 681 428 1483

1707 366 1790 428 .S.
1826 362 2218 424 THEODORI
2259 361 2400 422 STU
2411 360 2605 421 ΠΙΤίΕ

3659 371 3792 439 1484

537 477 650 532 Deo
691 476 1007 531 honorate?
1045 476 1309 532 Dominus
1353 478 1406 532 in
1461 477 1764 547 Evangeliis
1807 478 1996 536 vetuit,
2027 474 2106 528 di-

2221 471 2280 525 ἂν
2315 472 2561 540 ποιῆσαι.
2600 471 2666 522 Τί
2701 470 2825 542 φὴς,
2853 453 3208 546 ὦθεοτίμητε
3235 493 3250 544 ;
3277 480 3306 532 ό
3338 479 3546 551 Κύριος
3577 484 3790 556 ἀπηγό.

537 584 666 625 cens
698 587 713 626 :
753 567 898 637 Non,
933 585 997 622 ne
1025 569 1162 638 forte
1192 569 1492 640 colligentes
1551 569 1783 632 zizania,
1831 568 2108 623 eradicetis

537 661 700 714 simul
751 676 872 715 eam
918 663 992 716 eis
1053 663 1312 716 triticum.
1362 659 1534 717 Sinite
1590 677 1820 716 crescere
1848 676 2013 730 usque
2041 659 2109 711 ad

537 769 754 807 messem
779 754 846 808 ’⁸.
895 753 961 808 Ει
988 767 1045 809 ιιι
1076 755 1569 826 pulcherrimarum
1605 771 1787 810 rerum
1817 754 2109 810 maximam

537 844 763 911 dixeris,
827 847 1253 901 eradicationem
1333 847 1687 916 permittere?
1735 843 1894 912 Quod
1966 844 2110 900 enim

539 941 749 995 zizania
783 942 996 997 vocarit
1021 941 1326 1008 haereticos,
1362 950 1479 997 tum
1512 957 1607 997 eos
1659 940 1754 1012 qui
1794 949 1924 994 tunc
1959 945 2115 993 erant

539 1033 807 1099 videlicet,
849 1043 964 1088 tum
1018 1048 1212 1088 omnes
1245 1035 1338 1104 qui
1396 1042 1586 1104 postea
1653 1033 1852 1090 orituri
1903 1039 2112 1096 essent,

537 1117 988 1189 Cbrysostomum
1025 1121 1313 1176 audiamus
1363 1122 1466 1177 hoc
1511 1123 1687 1192 ipsum
1753 1122 2115 1191 interpretan—

540 1219 650 1264 tem
703 1211 786 1265 his
834 1212 1013 1266 verbis
1043 1213 1088 1245 ”
1117 1230 1131 1267 :
1165 1229 1183 1262 ι
1221 1211 1360 1279 Quid
1395 1229 1521 1283 ergo
1551 1222 1693 1269 vetat
1748 1213 2010 1267 Dominus
2037 1213 2117 1267 di-

537 1318 668 1359 cens
701 1322 714 1357 :
749 1302 832 1358 Ne
861 1304 997 1372 forte
1043 1304 1321 1360 eradicetis
1353 1306 1513 1359 simul
1558 1323 1676 1359 cum
1723 1306 1798 1360 eis
1851 1305 2112 1358 triticum.

539 1397 654 1451 Hoc
686 1411 814 1450 vero
843 1397 1041 1461 aiebat,
1077 1398 1212 1453 bella
1245 1409 1456 1466 vetans,
1488 1408 1543 1454 et
1588 1400 1909 1468 sanguinem
1963 1397 2116 1452 fundi

538 1494 594 1542 et
623 1487 798 1541 caedes
830 1486 968 1540 fieri.
1031 1485 1150 1540 Non
1179 1487 1324 1542 enim
1383 1497 1596 1558 oportet
1623 1489 1908 1543 hereticos
1969 1489 2116 1542 occi-

538 1576 715 1643 dere;
761 1577 969 1649 alioqui
1019 1578 1222 1634 bellum
1259 1579 1600 1649 implacabile
1652 1581 1708 1634 in
1758 1581 1920 1635 terris
1969 1578 2117 1634 futu-

537 1683 661 1725 rum
691 1666 924 1724 erat.:Et
948 1679 1071 1739 post
1095 1671 1199 1725 alia
1228 1689 1242 1726 :
1276 1672 1415 1737 Quid
1447 1687 1609 1742 porro
1639 1673 1808 1738 aliud,
1868 1672 1946 1728 Ne
1996 1689 2119 1728 era—

539 1757 728 1814 dicetis
760 1775 876 1813 cum
904 1762 978 1813 eis
1013 1760 1270 1826 triticum,
1327 1777 1490 1832 quam
1549 1762 1653 1818 hoc
1691 1762 1919 1817 innuit?
1956 1760 2112 1828 Quod

540 1852 586 1907 si
616 1865 770 1905 arma
802 1866 1023 1906 movere
1045 1854 1346 1920 cmperitis,
1383 1861 1438 1908 et
1467 1854 1753 1909 haereticos
1777 1855 2102 1920 interﬁcere,

537 1942 742 1996 multos
773 1956 993 2013 quoque
1018 1943 1087 1998 de
1112 1942 1330 2000 Sanctis
1361 1960 1467 1998 una
1499 1945 1673 2014 perire
1703 1961 1925 2001 necesse
1952 1956 2054 2002 est.
2089 1967 2108 1998 ι

540 2031 694 2098 Quod
729 2041 784 2086 et
801 2033 1138 2102 temporibus
1160 2037 1363 2090 nostris
1392 2036 1607 2090 accidit.
1639 2034 1773 2091 Nam
1806 2045 1860 2091 et
1893 2039 2115 2108 sanguis

538 2123 766 2189 etl‘usus,
807 2135 863 2180 et
913 2127 1090 2183 caedes
1147 2129 1425 2198 regionem
1482 2139 1723 2184 nostram
1753 2132 2112 2201 complevere,

544 2215 807 2286 multique
834 2216 902 2272 de
927 2233 1159 2273 numero
1185 2227 1500 2274 sanctorum
1536 2221 1699 2276 simul
1740 2222 1937 2276 sublati
1966 2235 2112 2288 sunt,

541 2314 598 2361 et
629 2309 853 2362 verbum
888 2308 1099 2365 Domini
1136 2327 1241 2364 non
1264 2312 1467 2366 excidit
1500 2331 1512 2366 :
1547 2314 1688 2367 sicut
1725 2323 1978 2368 testatum
2033 2327 2116 2370 est

543 2397 690 2467 apud
722 2398 942 2454 multos.
977 2398 1118 2465 Quid
1149 2410 1331 2456 autem
1355 2403 1608 2469 dicimus,
1643 2419 1750 2458 non
1797 2406 2114 2474 permitten-

542 2488 676 2543 dum
710 2499 770 2545 ut
805 2491 1128 2547 occidantur
1161 2493 1444 2549 haeretici?
1478 2495 1586 2549 illis
1630 2510 1699 2550 ne
1739 2496 1958 2566 quidem
2011 2498 2114 2551 im-

541 2585 754 2654 precari
781 2599 1104 2642 concessum
1140 2587 1299 2643 nobis
1343 2598 1444 2643 est.
1481 2588 1781 2646 Audiamus
1820 2594 1965 2647 enim
1996 2609 2118 2649 rur-

543 2691 641 2731 sus
692 2675 984 2752 Dominum
1015 2690 1206 2734 sancto
1239 2679 1438 2750 Carpo,
1487 2693 1546 2735 ut
1578 2683 1962 2751 sapientissimi
1993 2686 2115 2740 Dio-

544 2771 687 2838 nysii
742 2771 906 2826 verba
963 2771 1267 2836 insinuant,
1292 2775 1372 2828 sic
1417 2774 1728 2845 loquentem
1765 2794 1777 2830 :
1817 2797 1836 2827 α
1888 2776 2119 2834 Percute

545 2876 634 2914 me
661 2861 955 2931 deinceps;
984 2871 1208 2932 paratus
1234 2864 1376 2918 enim
1420 2880 1539 2920 sum
1573 2882 1671 2935 pro
1702 2868 1983 2923 hominum
2023 2886 2114 2925 sa-

543 2952 658 3004 lute
684 2959 740 3004 et
774 2952 970 3005 iterum
1015 2953 1126 3022 pati
1160 2971 1174 3007 :
1209 2963 1522 3023 pergratum
1553 2957 1754 3025 quippe
1785 2955 1888 3012 hoc
1937 2960 2068 3013 mihi
2098 2977 2112 3026 ;

543 3043 674 3096 dum
701 3044 790 3098 alii
815 3043 1066 3101 homines
1097 3059 1206 3100 non
1236 3055 1484 3115 peccent.
1526 3047 1796 3104 Caeterum
1862 3051 1984 3107 vide
2043 3069 2112 3107 an

2216 579 2408 634 ρευσεν
2433 566 2492 616 ὲν
2521 567 2634 626 τοῖς
2666 565 3020 634 Εὑαγγελίοις
3053 567 3232 633 τοῦτο,
3278 572 3449 626 εἰπών
3472 591 3487 605 ο
3523 577 3609 630 Ob
3637 595 3652 608 ο
3677 581 3795 648 μή..

2215 669 2357 711 ποτε
2388 669 2471 708 συ
2486 655 2796 724 ιλέγοντες
2815 658 2883 710 τὰ
2905 656 3138 722 ζῖζάνια,
3165 661 3522 732 ἐκριζώσητε
3547 668 3669 737 ἅμα
3691 675 3795 726 αὑ-

2213 745 2333 812 τοῖς
2369 745 2476 799 τὸν
2497 746 2689 800 σῖτον.
2734 750 2948 816 ’Ἅφετε
2969 751 3464 816 συναυξάνεσθαι
3491 761 3668 830 μέχρι
3692 766 3794 819 τοῦ

2215 841 2518 907 θερισμοῦ.
2534 841 2643 892 Καὶ
2660 840 2819 902 αὑτὸς
2833 841 2937 894 τῶν
2955 842 3255 898 καλλίστων
3273 848 3331 899 τὸ
3351 848 3607 917 μέγιστον
3629 857 3795 926 φαίης

2217 924 2377 994 εἶναι,
2408 932 2508 1002 τὴν
2565 932 2867 1004 ἐπιτροπὴν
2913 933 3012 1003 τῆς
3071 936 3418 1008 ἰκριζώσεως
3443 957 3458 1004 ;
3488 943 3603 995 Καὶ
3627 924 3795 999 ὅτι·έά

2216 1023 2433 1088 ζιζάνια
2459 1025 2584 1087 τοὺς
2615 1026 2926 1095 αίρετικοὺς
2957 1027 3145 1100 είρηκε
3165 1070 3180 1093 ,
3213 1029 3340 1094 τούς
3384 1049 3445 1085 τε
3485 1038 3795 1104 τηνικαῦτα

2216 1114 2479 1185 δηλονότι,
2504 1116 2599 1169 καὶ
2623 1118 2748 1178 τοὺς
2775 1119 2864 1185 ὑφ’
2885 1119 3111 1188 ἑτέρων,
3139 1121 3310 1191 ἦγουν
3335 1123 3606 1190 ἅπαντας,
3628 1129 3795 1183 ἀκου-

2220 1205 2441 1276 σώμεθα
2498 1206 2590 1260 τοῦ
2638 1209 3025 1277 Χρυσοστὸμου
3061 1211 3197 1264 αὐτὸ
3243 1213 3404 1268 τοῦτο
3451 1216 3794 1289 ἑρμηνεύον-

2216 1313 2344 1360 τος·
2394 1298 2481 1364 ἐφ’
2538 1290 2584 1366 ᾧ
2634 1299 2786 1352 τάδε’
2861 1318 2878 1350 ι
2937 1301 3001 1354 Τί
3034 1297 3129 1356 οὖν
3163 1305 3193 1356 ὁ
3249 1306 3529 1378 Δεσπότης
3593 1311 3795 1364 κωλύει

2217 1389 2413 1458 λέγων,
2448 1389 2693 1456 Μήποτε
2712 1390 3065 1459 ἐκριζώσητε
3092 1394 3214 1463 ἅμα
3229 1397 3436 1465 αὐτοῖς
3455 1400 3564 1453 τὸν
3582 1401 3797 1467 alter;

2219 1481 2390 1534 Τοῦτο
2424 1482 2480 1535 δὲ
2511 1482 2689 1550 ἔλεγε,
2715 1483 2938 1537 κωλύων
2990 1484 3257 1556 πολέμους
3299 1490 3547 1558 γίνεσθαι
3581 1494 3684 1547 καὶ
3711 1495 3795 1547 αῖ-

2223 1591 2368 1644 ματα
2393 1576 2488 1628 καὶ
2519 1577 2754 1644 σφαγάς.
2807 1578 2882 1630 υὺ
2919 1578 3026 1649 γάρ
3053 1578 3135 1632 δεῖ
3161 1581 3406 1653 ἀναιρεῖν
3437 1587 3753 1655 αἱρετικούς
3777 1603 3794 1619 ο

2220 1666 2341 1717 ἐπεὶ
2365 1666 2393 1718 ὀ
2423 1665 2659 1736 πόλεμος
2691 1667 2956 1732 ἄσπονδος
2977 1669 3201 1742 ἔμελλεν
3228 1675 3310 1737 είς
3335 1674 3435 1746 τὴν
3463 1680 3798 1750 οἰκουμένην

2220 1755 2591 1824 εἰσάγεσθαι.»
2627 1757 2738 1810 Καὶ
2773 1759 2894 1829 μεθ’
2925 1761 3089 1832 ἓτερα
3116 1777 3131 1792 ο
3161 1781 3182 1815 ‹
3213 1762 3277 1819 Τί
3304 1765 3359 1818 δὲ
3381 1766 3526 1831 ἄλλο,
3557 1771 3651 1823 διὰ
3677 1772 3794 1838 τοῦ,

2215 1847 2311 1914 Μὴ
2371 1847 2724 1917 ἐκριζώσητε
2775 1849 2896 1918 ἅμα
2953 1853 3158 1920 αὐτοῖς
3201 1853 3306 1908 τὸν
3341 1855 3599 1929 σῖτον,ἢ
3640 1861 3796 1914 τοῦτό

2216 1954 2402 2008 φησιν,
2423 1939 2503 1991 ὅτι
2531 1939 2592 1992 ΕΞ
2626 1939 2868 2009 μέλλοιτε
2905 1945 3069 1996 κινεῖν
3089 1945 3246 2010 ὅπλα,
3265 1947 3358 2000 καὶ⁵
3384 1950 3793 2018 κατασφάττειν

2216 2031 2544 2098 αίρετικοῦς.
2578 2031 2791 2101 ἀνάγκη
2820 2033 3050 2099 πολλοὺς
3077 2037 3171 2089 καὶ
3209 2038 3317 2090 τῶν
3366 2041 3543 2108 ἁγίων
3575 2060 3792 2112 συγκα-

2216 2118 2600 2174 ταὸάλλεσθαι.
2664 2138 2684 2171 ι
2721 2120 2898 2192 Ὅπερ
2957 2124 3049 2178 καὶ
3103 2125 3328 2194 γέγονεν
3390 2131 3449 2182 ὲν
3502 2135 3620 2193 τοῖς
3672 2134 3797 2188 καθ’

2218 2213 2363 2281 ἡμᾶς
2397 2212 2630 2281 χρόνοις.
2665 2213 2774 2266 Καὶ
2807 2213 2916 2285 γὰρ
2945 2216 3148 2284 αἵματα
3179 2218 3274 2270 καὶ
3309 2222 3512 2288 σφαγαὶ
3533 2223 3798 2295 ἐπλήρω-

2218 2317 2318 2356 σαν
2345 2303 2439 2371 τὴν
2465 2303 2585 2357 καθ’
2603 2305 2750 2374 ἡμᾶς
2763 2305 3091 2376 οἰκουμένην
3118 2324 3134 2340 ⁸
3162 2308 3256 2361 καὶ
3283 2310 3470 2364 πολλοὶ
3483 2313 3592 2366 τῶν
3622 2315 3800 2384 ἁγίων

2219 2395 2559 2464 συναπῆλθον
2585 2411 2598 2426 ·
2640 2396 2963 2466 καὶόλόγος
3007 2399 3100 2453 τοῦ
3145 2402 3352 2473 Κυρίου
3404 2404 3465 2456 οὐ
3517 2405 3794 2475 διέπεσεν,

2218 2486 2293 2548 ὡς
2325 2486 2670 2558 ὡμολόγηται
2711 2491 2863 2558 παρὰ
2895 2491 3130 2557 πολλοῖς.
3157 2495 3267 2548 Kal.
3299 2495 3352 2548 τί
3394 2495 3629 2567 λέγομεν
3665 2503 3798 2570 περὶ

2217 2575 2311 2628 τοῦ
2345 2575 2420 2646 μὴ
2480 2577 2796 2647 ἐπιτρέπειν
2851 2581 3138 2635 κτὲνεσθαι
3188 2585 3531 2652 αἱρετικούς;
3569 2588 3695 2643 οὐδέ
3731 2607 3797 2657 γε

2219 2669 2579 2739 κατεύχεσθαι
2624 2672 2802 2725 αὐτῶν
2848 2677 3264 2748 συγκεχώρηται
3313 2681 3465 2749 ἡμῖν.
3515 2682 3798 2737 Ἄκουσιῦ-

2221 2761 2360 2831 μεθα
2387 2762 2498 2831 γὰρ
2527 2762 2684 2826 αὖθις
2715 2763 2809 2817 τοῦ
2839 2767 3045 2837 Κυρίου
3071 2769 3206 2839 πρὸς
3237 2771 3465 2842 Κάρπον
3489 2773 3580 2826 τὸν
3607 2776 3795 2843 ἅγιον,

2216 2853 2291 2916 ὼς
2319 2855 2721 2926 ὑποδεδήλωται
2752 2857 2838 2910 διὰ
2858 2859 3045 2928 φωνῆς
3062 2863 3337 2915 Διονυσίου
3366 2864 3463 2918 τοῦ
3483 2867 3794 2936 πανσόφου,

2218 2944 2468 3011 λέγοντος
2497 2962 2510 2977 ο
2569 2964 2588 2995 ι
2626 2949 2761 3001 Παῖε
2798 2949 2918 3002 κατ’
2961 2950 3094 3020 ἐμοῦ
3153 2953 3372 3008 λοιπόν*
3403 2957 3619 3027 ἕτοιμος
3681 2963 3797 3032 γάρ

2220 3038 2336 3104 είμι
2370 3041 2464 3091 καὶ
2493 3035 2650 3102 αὖθις
2691 3039 2830 3111 ὑπὲρ
2881 3041 3184 3113 ἀνθρώπων
3232 3047 3666 3119 ἀνασωζομένων
3694 3069 3800 3105 πα-

543 3150 574 3185 e
598 3148 658 3187 re
684 3141 775 3187 tua
803 3134 894 3200 sit,
919 3133 1311 3188 habitationem
1341 3135 1391 3187 in
1420 3138 1677 3207 voragine
1696 3154 1819 3193 cum
1856 3143 2117 3210 serpenti-

2221 3127 2333 3182 θεῖν
2352 3149 2366 3163 ·
2409 3132 2704 3201 προσφιλές
2735 3151 2824 3202 μοι
2846 3133 3004 3187 τοῦτο
3028 3151 3042 3165 θ
3067 3134 3141 3206 μὴ
3169 3136 3347 3191 ἄλλων
3363 3140 3797 3211 ἁμαρτανόντων

543 3225 671 3288 bus,
719 3237 1034 3294 permutare
1078 3241 1202 3281 cum
1233 3225 1324 3281 illa
1371 3243 1493 3296 quae
1522 3244 1644 3283 cum
1673 3230 1782 3284 Deo
1816 3241 1901 3286 est
1927 3233 2115 3289 bonis-

544 3332 655 3387 que
705 3325 762 3372 et
817 3319 1069 3372 homines
1103 3319 1414 3375 amantibus
1447 3321 1655 3391 angelis
1687 3322 1726 3376 ί.
1758 3341 1778 3373 ι
1814 3321 1999 3391 Vides,
2037 3326 2119 3379 vir

541 3409 988 3479 prudentissime,
1013 3409 1253 3464 divinam
1290 3410 1736 3481 indignationem,
1759 3429 1824 3468 eo
1844 3416 1989 3485 quod
2031 3417 2119 3472 ille

544 3512 736 3559 contra
794 3503 1078 3558 lmreticos
1140 3511 1478 3573 precaretur,
1539 3515 1598 3559 ut
1648 3522 1680 3560 e
1732 3505 1842 3560 vita
1885 3509 2116 3564 excede-

546 3601 669 3647 rent
703 3610 717 3647 :
757 3601 809 3647 et
829 3608 938 3662 quo
966 3601 1125 3663 pacto
1148 3595 1595 3651 condemnandus
1619 3605 1738 3651 erat
1767 3599 1849 3652 vir
1871 3608 2116 3664 sanctus,

546 3685 592 3737 si
628 3685 682 3737 in
717 3684 999 3754 proposito
1051 3686 1400 3752 perstitisset.
1454 3685 1806 3757 Nequaquam
1863 3705 2012 3760 ergo,
2063 3703 2121 3746 ut

544 3776 750 3832 veritas
792 3776 1140 3841 monstravit,
1177 3777 1465 3845 imprecari
1516 3777 1600 3833 fas
1628 3789 1711 3834 est
1739 3799 1752 3834 :
1780 3781 1890 3835 imo
1938 3784 2120 3851 potius

542 3880 644 3936 pro
673 3866 762 3921 his
792 3867 1057 3920 orandum
1089 3883 1102 3921 :
1136 3865 1280 3920 sicut
1317 3867 1576 3923 Dominus
1612 3871 1723 3940 ipse
1744 3887 1866 3925 cum
1908 3883 2118 3942 patere-

546 3970 656 4025 tur,
692 3958 908 4013 Patrem
958 3975 1117 4013 suum
1165 3959 1342 4013 aravit
1398 3960 1589 4016 dicens
1629 3962 1865 4028 :Pater,
1913 3967 2122 4021 dimitte

541 4048 654 4102 illis
713 4059 1037 4117 peccatum:
1073 4065 1176 4102 non
1241 4049 1380 4104 enim
1453 4051 1626 4104 sciunt
1684 4053 1810 4123 quid
1847 4053 2049 4122 faciunt
2075 4057 2118 4106 ³.

543 4141 698 4208 Quod
743 4152 873 4197 vero
922 4141 1056 4196 dicit
1105 4141 1367 4196 sanctitas
1411 4152 1525 4208 tua,
1557 4143 1758 4199 habere
1787 4159 1846 4198 se
1906 4145 2120 4213 aliquos

543 4238 764 4282 sanctos
783 4228 877 4298 qui
925 4229 980 4281 in
1004 4230 1195 4282 eadem
1230 4245 1293 4282 ac
1326 4237 1382 4282 tu
1405 4229 1673 4283 sententia
1695 4229 1843 4297 sint;
1880 4230 2118 4302 ignosce,

545 4322 727 4387 Pater,
769 4330 1085 4378 sanctorum
1111 4321 1277 4375 verba
1305 4335 1413 4376 non
1440 4330 1587 4377 recte
1609 4323 1927 4393 accipimus,
1959 4334 2122 4395 atque

544 4415 670 4469 inde
704 4413 1061 4483 intelligimur
1087 4413 1343 4469 Patribus
1400 4423 1454 4468 et
1486 4412 1594 4468 Deo
1623 4414 1725 4485 ipsi
1790 4430 2114 4486 repugnare.

2225 3220 2549 3290 ἀνθρώπων.
2587 3223 2733 3292 Πλὴν
2761 3224 2861 3293 ὅρα
2890 3227 2939 3278 εί
2968 3225 3149 3288 καλῶς
3193 3227 3307 3298 ἔχει
3340 3246 3442 3291 σοι,
3475 3233 3575 3303 τὴν
3618 3235 3679 3287 ὲν
3712 3235 3800 3306 τῷ

2220 3312 2460 3382 χάσματι
2491 3313 2625 3383 μετά
2647 3313 2756 3366 τῶν
2789 3315 2966 3381 ὄφεων
3007 3316 3177 3386 μονὴν
3227 3320 3661 3388 ἀνταλλάξασθαι
3689 3326 3804 3395 τῆς

2224 3404 2362 3472 μετά
2389 3403 2522 3457 Θεοῦ
2543 3405 2637 3457 καὶ
2665 3405 2774 3457 τῶν
2798 3405 3019 3471 ἀγαθῶν
3053 3407 3146 3458 καὶ
3177 3407 3573 3480 φιλανθρώπων
3609 3417 3798 3483 ἀγγέ-

2220 3493 2348 3548 λων.
2389 3515 2409 3547 ι
2460 3497 2642 3567 Ὁρᾷς,
2690 3495 2992 3561 θεοσύνετε,
3041 3495 3139 3568 τὴν
3179 3497 3328 3553 θείαν
3373 3501 3798 3574 ἀγανάκτησιν·

2220 3587 2405 3658 ἐπειδὴ
2443 3587 2743 3658 κατηύχετο
2783 3587 2893 3641 τ-ὦν
2935 3589 3231 3660 αἱρετικῶν
3279 3593 3665 3664 ἀπαλλαγῆναι
3696 3599 3803 3667 τῆς

2222 3676 2367 3746 ζωῆς
2391 3693 2404 3707 ·
2443 3677 2534 3730 καὶ
2557 3679 2724 3743 ὅπως,
2757 3680 2804 3730 εἰ
2836 3679 3110 3749 ἐπιμένων
3139 3684 3206 3753 τῇ
3234 3682 3473 3736 διαθέσει
3494 3689 3671 3759 ταύτῃ
3703 3683 3802 3759 ἦν,

2221 3769 2445 3840 ἔμελλεν
2476 3773 2504 3823 ό
2527 3771 2680 3839 ἆγιος
2706 3771 3182 3836 καταδικάζεσθαι.
3216 3775 3354 3830 Οὔτε
3385 3777 3499 3845 οὖν,
3525 3779 3602 3843 ὡς
3629 3782 3808 3838 δέδει-

2222 3879 2315 3931 χεν
2341 3864 2375 3932 ἡ
2401 3862 2646 3932 ἀλήθεια,
2704 3863 3066 3935 κατεύχεσθαι
3099 3865 3180 3919 δεῖ
3227 3867 3362 3930 ὅλως
3389 3885 3403 3900 ⁶
3442 3871 3645 3938 μᾶλλον
3697 3878 3804 3945 μὲν

2221 3948 2313 4005 οῦν
2342 3951 2743 4024 ὑπερεύχεσθαι
2771 3970 2784 3984 ο
2815 3954 2889 4018 ὡς
2913 3955 3078 4018 αὐτὸς
3107 3957 3134 4008 ὁ
3165 3955 3368 4028 Κύριος
3413 3959 3694 4025 ὑπέδειξεν
3743 3967 3807 4016 ὲν

2219 4044 2299 4114 τῷ
2330 4045 2426 4098 τοῦ
2450 4045 2654 4110 πάθους
2679 4045 2874 4116 καιρῷ,
2906 4046 3078 4115 λέγων
3129 4049 3263 4119 πρὸς
3289 4048 3381 4102 τὸν
3418 4051 3613 4106 ἑαυτοῦ
3677 4056 3807 4109 Πα-

2222 4141 2362 4210 τέρα
2378 4155 2393 4168 ·
2432 4139 2645 4207 Πάτερ,
2671 4139 2821 4208 ἄφες
2859 4139 3066 4206 αὐτοῖς
3089 4140 3202 4210 τὴν
3227 4143 3546 4212 ἁμαρτίαν
3572 4149 3647 4200 οὐ
3684 4150 3810 4219 γὰρ

2221 4231 2423 4285 οἴδασι
2456 4232 2514 4284 τι
2539 4231 2803 4286 ποιοῦσι.
2834 4230 2908 4285 Τὸ
2933 4231 2986 4284 δὲ
3010 4234 3175 4301 φάναι
3203 4250 3294 4286 σου
3324 4235 3422 4306 τὴν
3473 4237 3809 4312 ἁγιωσύνην

2221 4323 2364 4393 ἔχειν
2400 4323 2598 4386 αὐτοὺς
2633 4322 3055 4394 συμφωνοῦντας
3075 4326 3133 4377 ὲν
3165 4325 3241 4393 τῷ
3263 4327 3610 4398 προϐλήματι
3634 4330 3805 4404 [cod.

2225 4414 2356 4485 Reg.
2388 4415 2819 4486 προδηλώματι]
2847 4415 3035 4468 τούσδε
3063 4419 3189 4481 τοὺς
3238 4419 3454 4486 ἁγίους·
3489 4420 3810 4489 σύγγνωθι,

546 4504 772 4559 υἱνίιιιιε
800 4505 945 4558 enim
975 4502 1213 4575 Cyrillus
1260 4504 1317 4557 in
1373 4519 1537 4574 opere
1574 4514 1763 4560 contra
1814 4505 2117 4573 lulianum,

2229 4508 2432 4579 Πάτερ,
2463 4508 2522 4561 οὐ
2561 4507 2740 4570 καλῶς
2774 4507 3188 4579 ὲκλαμὸάνομεν
3232 4510 3326 4571 τὰς
3357 4512 3464 4563 τῶν
3494 4513 3668 4581 ἁγίων
3693 4534 3816 4584 φω-

542 4599 712 4670 ῇιιιιιιΔ
738 4597 792 4652 id
820 4598 965 4668 quod
995 4597 1125 4652 olim
1158 4595 1430 4651 sancitum
1489 4595 1690 4661 fuerat,
1728 4595 1945 4652 locutus
1987 4607 2071 4653 est
2103 4618 2116 4654 :

548 4707 654 4746 nou
711 4689 1126 4749 Testamentum
1174 4686 1346 4744 Vetus
1384 4703 1510 4743 cum
1531 4686 1684 4742 Novo
1722 4689 2068 4746 committens
2103 4709 2118 4758 ;

547 4782 731 4849 absit;
762 4797 938 4852 neque
986 4781 1128 4836 enim
1185 4780 1480 4844 nesciebat,
1527 4795 1869 4849 quaecunque
1923 4781 2006 4836 lex
2049 4783 2124 4835 ιυ-

547 4877 758 4946 quitur,
791 4877 859 4931 iis
898 4876 991 4944 qui
1031 4876 1133 4929 sub
1163 4874 1277 4943 lege
1322 4882 1498 4940 erant,
1526 4873 1676 4943 loqui
1704 4891 1717 4927 :
1751 4889 1926 4944 neque
1970 4876 2122 4946 igno-

551 4970 703 5023 rabat
732 4967 1196 5038 comparationem
1224 4981 1327 5034 qua
1363 4967 1520 5019 utitut
1560 4965 1830 5031 Salvator,
1855 4983 1978 5022 cum
2010 4970 2085 5023 ait
2113 4990 2123 5023 :

547 5062 763 5117 Dictum
817 5070 892 5114 est
929 5060 1064 5113 illud
1104 5057 1380 5126 antiquis;
1438 5075 1528 5127 ego
1557 5067 1731 5111 autem
1763 5060 1857 5112 hoc
1885 5059 2000 5115 dico
2038 5079 2130 5115 vo-

549 5156 625 5208 bis
651 5155 692 5208 ³.
743 5153 943 5219 Quare,
981 5152 1125 5206 sicut
1198 5149 1515 5218 Demophilo
1549 5150 1764 5204 cuidam
1796 5150 2014 5207 divinus
2045 5154 2130 5206 di-

2225 4601 2344 4664 νὰς,
2378 4598 2672 4652 κάντεῦθεν
2704 4596 3070 4668 εὑρισκόμεθα
3131 4602 3535 4672 πατρομαχίαν,
3586 4607 3814 4674 μᾶλλον

2225 4691 2282 4744 δὲ
2315 4688 2613 4758 θεομαχίαν
2643 4687 3007 4757 εἰσφέροντες.
3052 4687 3108 4740 '0
3137 4692 3245 4759 γάρ
3290 4707 3372 4742 τοι
3423 4691 3564 4756 θεῖος
3589 4694 3816 4764 Κύριλ-

2227 4783 2316 4847 λος
2348 4784 2405 4836 ὲν
2433 4784 2547 4847 τοῖς
2592 4782 2733 4835 κατὰ
2771 4781 3059 4835 Ἰουλιανὸν
3109 4785 3250 4836 κατὰ
3284 4785 3344 4836 τὸ
3371 4786 3540 4841 πάλαι
3569 4805 3819 4860 νενομο-

2231 4876 2526 4947 θετημένον
2558 4875 2843 4946 προῦτεινε
2885 4874 2983 4946 τὴν
3029 4876 3217 4946 ῥῆσιν·
3257 4876 3356 4929 οὐκ
3407 4879 3712 4949 ἐφάμιλλον
3739 4890 3821 4958 τῇ

2227 4973 2343 5041 Νέᾳ
2374 4970 2470 5041 τὴν
2527 4968 2771 5021 Παλαιὰν
2807 4966 3129 5036 συμϐάλλων
3150 4983 3164 4997 ·
3201 4968 3272 5037 μὴ
3321 4969 3528 5037 γένοιτο
3552 4989 3565 5001 ο
3595 4974 3658 5025 οὐ
3692 4978 3824 5049 γὰρ

2228 5064 2411 5136 ὴγνόει
2446 5063 2527 5114 ὅτι
2557 5063 2655 5113 ὅσα
2683 5062 2714 5110 ὁ
2738 5060 2897 5123 νόμος
2929 5059 3096 5126 λέγει,
3127 5063 3234 5122 τοῖς
3265 5062 3320 5112 ὲν
3349 5063 3425 5132 τῷ
3453 5063 3601 5134 νόμῳ
3622 5066 3819 5125 λαλεῖ,

2230 5156 2362 5210 Οὐδὲ
2391 5155 2490 5224 τὴν
2526 5152 2618 5206 τοῦ
2653 5151 2900 5221 Σωτῆρος
2924 5150 3232 5219 σύγκρισιν,
3257 5154 3314 5204 ὲν
3403 5172 3568 5223 φησιν
3598 5174 3611 5188 .
3661 5160 3824 5229 τεῖρη

547 5250 622 5304 cit
675 5246 987 5317 Dionysius,
1030 5244 1256 5298 minime
1312 5244 1646 5299 aemulandos
1704 5244 1940 5314 impetus
2009 5255 2117 5301 tuo:

2224 5245 2382 5313 ῥήοη
2416 5243 2535 5308 τοῖς
2564 5244 2833 5310 ἀρχαίοις
2857 5240 3018 5294 rods"
3049 5241 3161 5309 ἐγὼ
3190 5242 3257 5294 δὲ
3279 5245 3433 5312 λέγω
3469 5247 3616 5314 ὑμῖν
3643 5253 3823 5309 τόδε.

548 5357 658 5398 non
687 5337 1130 5411 approbabimus,
1166 5335 1270 5390 etsi
1302 5334 1500 5390 millies
1546 5334 1790 5405 proferas
1815 5335 2046 5394 Phinees
2079 5353 2132 5398 et

548 5434 744 5490 Eliam.
789 5430 913 5486 Huic
969 5430 1113 5485 enim
1170 5443 1294 5483 cum
1331 5427 1546 5482 audiret
1575 5427 1758 5496 Jesus,
1788 5447 2128 5502 nequaquam

549 5521 656 5592 ipsi
688 5522 1014 5592 placuerunt
1044 5519 1209 5587 hujus
1241 5517 1512 5572 mansueti
1550 5528 1604 5573 et
1629 5520 1755 5574 boni
1787 5524 2017 5591 spiritus
2037 5540 2130 5578 ex-

551 5623 733 5685 pertes
766 5613 1040 5682 discipuli.
1071 5610 1204 5665 Nam
1238 5619 1291 5664 et
1316 5609 1692 5670 divinissumus
1726 5624 1909 5672 noster
1931 5631 2122 5672 sacro-

2239 5340 2423 5400 ”Ωστε,
2460 5333 2603 5387 καθά
2638 5351 2799 5403 φησιν
2824 5336 2851 5386 ὁ
2876 5333 3190 5404 Θεοφάντωρ
3214 5335 3489 5399 Διονύσιος
3513 5341 3655 5407 πρός
3684 5361 3829 5402 τινα

2236 5423 2893 5501 Δημόφιλον,οὑκὰποδεξό
2902 5422 3038 5493 μεθά
3056 5441 3145 5476 σου
3163 5425 3258 5486 τὰς
3274 5426 3581 5495 ἀζηλὼτους
3602 5434 3668 5503 ὁρ
3677 5439 3766 5503 μὰ
3810 5480 3829 5504 ,

2237 5524 2340 5576 κᾶν
2365 5524 2411 5572 εἰ
2429 5519 2571 5591 tend.
2588 5519 2721 5587 Reg.
2739 5516 2844 5569 οὐδ’
2863 5514 2935 5588 εί]
2955 5517 3215 5585 μυριάκις
3234 5520 3599 5585 ὲπαναλάὸοις
3614 5526 3718 5579 τὸν
3737 5533 3837 5583 q:._-

2239 5616 2353 5677 νεὲς
2377 5614 2470 5666 καὶ
2496 5611 2586 5664 τὸν
2618 5609 2825 5662 Ἠλίαν.
2850 5606 3033 5661 Ταῦτα
3044 5607 3152 5678 γάρ
3171 5608 3433 5662 ἀκούοντα
3447 5610 3538 5664 τὸν
3565 5613 3835 5690 Ἰησοῦν,

621 5755 666 5787 alt
695 5753 886 5808 Matth.
912 5767 1036 5826 nu,
1076 5750 1165 5826 29,
1241 5745 1489 5826 1":‘llom.
1528 5749 1594 5802 l7
1631 5751 1681 5804 in
1721 5750 1910 5808 Matth.
1991 5756 2006 5785 ¹
2043 5756 2215 5826 Epist.
2261 5754 2312 5815 7,
2353 5749 2416 5804 ad
2475 5745 2848 5817 Demophilum
2921 5742 3268 5809 monachum,
3303 5762 3449 5801 num.
3483 5747 3535 5804 6.
3616 5753 3639 5783 ³
3676 5753 3836 5816 Luc,

555 5841 706 5891 mu,
742 5825 830 5879 54.
909 5823 930 5854 ³
962 5820 1150 5877 Matth.
1185 5833 1235 5881 γ,
1268 5817 1357 5882 9|,
1397 5820 1486 5869 22.
