3934 6512
211 506 326 571 1485

1351 505 1892 568 EPISTOLARUM
1931 506 2083 568 LIB.
2128 506 2210 567 II.

3274 499 3412 565 1486

208 623 290 676 οὐκ
311 622 526 694 ἤρεσκον
559 619 610 674 οί
629 619 726 674 τοῦ
753 621 958 692 πραέος
983 639 1177 676 τουτου
1220 624 1316 678 καὶ
1336 625 1546 691 ἀγάθοῦ
1574 628 1737 680 πνεύο

1846 641 1958 679 rum
1990 625 2269 680 institutor
2297 621 2352 677 in
2398 618 2813 677 mansuetudine
2840 617 2999 673 docet
3027 629 3122 672 eos
3177 616 3271 686 qui
3310 615 3413 670 do-

208 730 349 784 ματος
370 713 619 783 ἀμέτοχοι
647 714 911 784 μαθηταί.
945 717 1056 770 Καὶ
1109 717 1218 789 γάρ
1256 720 1347 772 καὶ
1394 717 1424 772 ό
1462 720 1736 784 θειότατος

205 805 335 875 ἡμῶν
362 803 625 873 ἱεροθέτης
658 807 717 856 ὲν
747 805 1016 876 πραότητι
1040 806 1285 868 διδάσκει
1342 811 1468 873 τοὺς
1493 811 1735 864 ἀντιδια-

202 896 480 967 τιθεμένους
523 900 589 967 τῇ
633 897 955 971 διδασκαλίᾳ
1011 901 1105 953 τοῦ
1159 901 1322 955 Θεοῦ.
1377 904 1736 957 Διδάσκεσθαι

202 989 312 1059 γὰρ,
339 989 394 1041 οὑ
414 991 772 1059 τιμωρεῖσθαι
819 992 922 1063 χρὴ
973 994 1098 1057 τοὺς
1119 995 1467 1062 ἀγνοοῦντας.
1509 985 1738 1051 Ἦνωτί-

200 1082 351 1150 σμεθα
376 1081 484 1145 οὖν,
518 1075 564 1134 ὧ
595 1083 803 1155 μάκαρ,
835 1085 871 1138 ἃ
917 1085 1098 1156 λέλεχε
1141 1091 1236 1141 καὶ
1257 1089 1284 1142 ὁ
1315 1091 1455 1162 ἱερὸς
1504 1090 1736 1159 Παῦλος,

198 1175 223 1226 ὁ
244 1172 374 1242 ἥλιος
400 1173 494 1242 τῆς
525 1174 620 1227 ὑπ’
654 1175 904 1246 οὐρανόν.
927 1178 1089 1246 Λέγει
1114 1181 1295 1234 τοίνυν
1318 1184 1411 1235 καὶ
1433 1183 1461 1234 ὁ
1481 1183 1738 1257 θεοφόρος

208 1264 435 1332 Ἰγνάτιος
459 1282 471 1296 ’
497 1268 636 1331 Τοὺς
673 1269 969 1338 μισοῦντας
993 1267 1090 1325 οὖν
1124 1273 1214 1325 τὸν
1244 1273 1375 1327 Θεὸν
1407 1280 1584 1344 μισεῖν
1609 1279 1734 1350 χρὴ,

196 1357 276 1409 καὶ
301 1358 384 1410 ἐπὶ
405 1361 760 1429 τοῖςνὲχθροῖς
799 1361 965 1415 αὐτοῦ
1003 1366 1362 1436 ἐκτετηκέναι
1387 1385 1401 1398 ⁸
1435 1369 1498 1421 οὐ
1546 1370 1654 1440 μὴν
1680 1370 1737 1424 δὲ

192 1449 383 1505 διώκειν
415 1455 562 1522 ἡμᾶς
601 1454 803 1517 αὐτοὺς
857 1454 889 1525 ἢ
935 1453 1162 1510 τύπτειν
1184 1469 1198 1484 '
1234 1457 1484 1530 καθάπερ
1513 1461 1583 1513 τά
1611 1461 1737 1533 ἔθνη

193 1543 250 1595 τὰ
278 1545 344 1614 μὴ
374 1545 549 1598 εἰδότα
581 1546 674 1598 τὸν
705 1544 864 1601 Θέόν.
894 1549 955 1600 Εί
987 1548 1044 1602 δὲ
1070 1550 1131 1602 ού
1179 1549 1404 1605 τύπτειν
1437 1552 1536 1618 δεῖ,
1573 1556 1735 1627 σχολῇ

191 1632 304 1701 γοῦν
333 1635 525 1698 αὐτοὺς
557 1638 793 1691 κτένειν.
841 1638 1058 1709 Ἐπειδὴ
1085 1641 1143 1693 δὲ
1184 1643 1278 1695 καὶ
1299 1642 1390 1694 τὸν
1441 1642 1596 1711 ἅγιον
1630 1645 1738 1696 Συ-

197 1724 321 1792 μεὼν
342 1725 428 1778 τὸν
477 1728 574 1780 τοῦ
629 1727 946 1796 θαυμαστοῦ
984 1731 1144 1804 ὅρους
1193 1732 1441 1803 εἴληφας,
1480 1735 1736 1801 δέσποτα,

190 1818 413 1872 συνάδειν
449 1837 555 1872 σοι·
605 1824 680 1891 μὴ
711 1822 871 1875 τοῦτο
897 1824 1036 1888 οἵου,
1063 1825 1196 1896 ίερὲ,
1237 1827 1312 1890 ὡς
1339 1827 1570 1898 μάχεται
1602 1831 1738 1902 Χρι-

191 1908 306 1975 στῷ,
333 1909 364 1978 ἦ
397 1913 510 1971 τοῖς
539 1912 680 1981 ὑπὲρ
709 1914 872 1966 αὐτὸν
914 1905 1278 1980 διδασκάλοις.
1318 1919 1479 1972 Ἀλλά
1523 1921 1614 1987 τί;
1648 1923 1739 1975 ἐπὶ

1839 717 2026 771 ctrina:
2065 715 2159 770 Dei
2215 715 2593 770 adversantur.
2645 709 2840 766 Doceri
2875 708 3021 765 enim
3069 722 3177 762 non
3229 705 3414 776 puniri

1836 817 2048 878 oportet
2086 810 2422 880 ignorantes.
2453 806 2777 860 Audivimus
2807 803 2992 874 igitur,
3023 815 3058 856 o
3084 801 3260 865 beate,
3291 813 3415 868 qua

1837 901 2146 956 dixitsacer
2166 900 2393 963 Paulus,
2435 900 2516 954 sol
2549 897 2699 952 orbis
2738 893 2999 950 universi.
3032 891 3123 948 Ait
3145 900 3324 946 autem
3359 898 3416 944 et

1839 991 2012 1047 deifer
2040 991 2278 1063 lgnatius
2299 991 2321 1023 ⁸
2339 1011 2351 1046 :
2367 991 2506 1047 0dio
2533 991 2717 1059 itaque
2739 987 2908 1042 Deum
2933 986 3194 1040 habentes
3209 996 3413 1038 conve-

1839 1086 1918 1140 nit
1951 1085 2078 1140 odio
2115 1085 2336 1150 habere,
2373 1092 2428 1140 et
2451 1098 2617 1153 super
2671 1081 2922 1136 inimicos
2949 1078 3072 1148 ejus
3094 1077 3412 1139 tabescere;

1840 1190 1958 1229 non.
1979 1184 2158 1229 tamen
2189 1174 2310 1229 illos
2334 1171 2585 1244 persequi
2607 1170 3023 1236 autverberare,
3052 1169 3196 1223 sicut
3223 1175 3414 1236 gentes

1839 1283 1958 1337 qua:
1975 1283 2084 1322 non
2123 1275 2394 1321 noverunt
2444 1265 2635 1320 Deum.
2692 1263 2847 1330 Quod
2903 1263 2947 1317 si
2979 1261 3266 1316 verberare
3306 1272 3414 1311 non

1840 1367 2070 1429 oportet,
2130 1357 2282 1412 nullo
2325 1357 2513 1426 utique
2565 1355 2727 1410 modo
2780 1353 2903 1407 illos
2933 1351 3203 1406 occidere.
3246 1344 3415 1413 Quod

1838 1460 2016 1506 autem
2069 1450 2122 1505 id
2175 1450 2477 1517 sumpsisti,
2509 1461 2760 1502 sanctum
2824 1457 3044 1514 quoque
3079 1441 3412 1500 Simeonem,

1839 1544 1932 1613 qui
1981 1543 2034 1596 in
2081 1542 2406 1596 admirando
2440 1549 2626 1594 monte
2651 1547 2755 1603 est,
2781 1546 2981 1601 tecum,
3014 1532 3255 1596 domine,
3284 1545 3418 1585 con-

1838 1634 2041 1690 sentire
2073 1649 2088 1686 :
2120 1633 2230 1688 noli
2272 1633 2374 1687 hoc
2410 1631 2749 1695 existimare,
2781 1628 2864 1682 vir
2907 1640 3083 1689 sacer,
3130 1622 3279 1694 quod
3324 1620 3418 1676 ille

1838 1726 2056 1780 Christo
2117 1734 2398 1795 repugnet,
2433 1731 2527 1777 aut
2573 1720 2848 1792 magistris
2890 1715 3198 1789 potioribus
3248 1727 3414 1784 quam

1840 1820 1956 1888 ipse
1985 1819 2074 1874 sit.
2129 1817 2235 1872 Sed
2267 1817 2397 1888 quid
2427 1815 2451 1868 ?
2492 1814 2688 1870 Sermo
2731 1812 2808 1867 illi
2842 1820 2960 1866 erat
2985 1807 3326 1864 hortatorius
3347 1805 3418 1860 ad

1841 1911 1986 1964 illius
2040 1910 2298 1978 temporis
2358 1909 2763 1978 imperatorem,
2804 1904 2871 1959 de
2908 1912 3068 1975 gente
3097 1916 3218 1972 quae
3243 1914 3418 1969 popu-

187 1999 313 2053 ἔθνει
375 2005 806 2073 τραυματίζοντι
863 2007 924 2060 τὸ
964 2009 1289 2075 Χριστιανὸν
1333 2011 1553 2079 φῦλονό
1580 2013 1737 2083 λόγος

1846 2003 1967 2067 lum,
1995 2002 2367 2059 Christianum
2393 2000 2689 2056 infestabat
2719 2016 2735 2052 :
2764 2012 2834 2052 ne
2862 2012 2892 2051 a
2914 1994 3201 2051 Samaritis
3228 1992 3418 2062 oppri-

186 2094 316 2164 αὐτῷ
343 2099 441 2165 τῆς
465 2098 603 2165 πρὸς
629 2097 721 2150 τὸν
737 2099 1042 2168 τηνικαῦτα
1065 2100 1289 2170 βασιλέα
1312 2103 1733 2174 παρακλήσεως,

180 2184 247 2246 ὡς
274 2185 335 2238 ἂν
370 2188 443 2259 μὴ
481 2190 772 2260 πορθοῖντο
794 2191 897 2243 ὑπὸ
930 2191 1285 2264 Σαμαρειτῶν
1319 2196 1368 2247 οἱ
1397 2196 1734 2267 Χριστιανοί.

185 2277 278 2329 Καὶ
306 2274 434 2348 εὖγε
461 2281 598 2351 ἔχει.
631 2283 742 2335 Καὶ
773 2283 867 2335 νῦν
896 2284 1062 2336 ταυτὸ
1084 2285 1242 2338 τοῦτο
1278 2286 1735 2358 παρακαλοῦμενο

183 2368 264 2422 καὶ
295 2370 504 2435 Σκύθας
531 2373 625 2425 καὶ
663 2374 947 2445 Ἀῥραϐας
985 2374 1348 2440 θανατοῦντας
1377 2378 1470 2430 τὸν
1489 2378 1615 2432 λαὸν
1642 2378 1737 2433 τοῦ

181 2457 302 2510 Θεοῦ
363 2461 643 2532 πολεμεῖν,
677 2463 772 2516 καὶ
827 2463 901 2533 μὴ
959 2465 1238 2533 φείδεσθαι
1287 2467 1413 2529 τοὺς
1458 2467 1736 2537 βασιλέας.

186 2549 328 2603 Ἄλλο
358 2553 537 2616 τοῦτο,
570 2555 793 2607 κάκεῖνο
821 2557 1008 2626 ἓτερον
1033 2572 1048 2587 ο
1078 2556 1139 2609 τὸ
1169 2557 1267 2626 μὲν
1301 2559 1394 2610 ἐπὶ
1426 2561 1553 2622 τοὺς
1574 2560 1736 2613 πολε-

185 2641 355 2707 μίους’
384 2645 448 2696 τὸ
514 2645 572 2697 δὲ
640 2647 735 2698 ἐπὶ
786 2648 912 2709 τοὺς
954 2646 1059 2699 ὑπὸ
1106 2649 1264 2716 χεῖρα
1307 2649 1635 2718 αἱρετικούς.
1666 2649 1741 2704 Τὸ

181 2730 275 2802 γάρ
303 2748 381 2785 τοι
409 2736 542 2806 περὶ
571 2735 664 2789 τοῦ
694 2736 1004 2806 Νηστευτοῦ
1046 2738 1294 2790 Ἰωάννου
1327 2738 1420 2790 τοῦ
1449 2740 1546 2810 τῆς
1583 2740 1741 2793 Κων-

183 2825 666 2888 σταντινουπό).εως
695 2825 983 2896 προέδρου,
1015 2826 1077 2880 οῦ
1107 2845 1198 2898 μοι
1223 2828 1471 2895 φαίνεται
1519 2830 1738 2900 ἀληθὲς,

179 2911 456 2982 ἐπιτρέψαι
532 2915 1064 2992 ἀνασκολοπισθῆναι
1125 2918 1250 2981 τοὺς
1314 2919 1518 2987 γόητας
1536 2961 1554 2982 ,,
1607 2920 1743 2972 ἀλλά

181 3005 716 3077 παρακεχωρηκέναι.
762 3009 949 3070 Φονεῖς
996 3007 1104 3078 γὰρ
1163 3010 1388 3062 καύτοί⁸
1424 3012 1510 3080 ἐφ’
1540 3010 1635 3074 οὓς
1679 3012 1742 3066 ού

181 3093 434 3148 κωλυτέον
461 3100 579 3159 τοῖς
628 3099 893 3166 κρατοῦσι
917 3100 986 3153 τά
1030 3100 1140 3153 τῶν
1188 3101 1514 3171 Ῥωμαϊκῶν
1563 3103 1744 3171 νόμων

180 3184 318 3255 δρᾷιη
353 3189 437 3241 Οὐ
471 3187 584 3257 γὰρ
615 3187 768 3257 εικῆ,
794 3191 946 3259 φησι,
967 3190 1083 3258 τὴν
1095 3190 1396 3259 μάχαιραν
1414 3193 1708 3261 φοροῦσιν
1725 3209 1740 3224 ·

178 3274 390 3331 ἔκδικοι
412 3282 536 3333 εἱσι
568 3278 648 3345 τῷ
674 3282 741 3333 τὸ
782 3277 972 3335 κακόν
1011 3281 1349 3351 πράσσοντι
1374 3300 1387 3313 ·
1421 3285 1483 3336 οὐ
1529 3284 1635 3355 μὴν
1658 3283 1742 3353 ἐφ’

1837 2103 2113 2148 merentur
2139 2092 2456 2148 Christiani.
2489 2089 2646 2158 Quod
2674 2090 2814 2145 bene
2845 2087 3027 2142 habet.
3068 2085 3226 2140 Nunc
3248 2084 3415 2139 etiam

1839 2187 2073 2257 idipsum
2099 2185 2459 2251 obtestamur,
2495 2193 2556 2238 ut
2584 2182 2819 2254 Scythas
2840 2189 2895 2236 et
2925 2178 3161 2242 Arabas,
3193 2176 3290 2247 qui
3322 2174 3415 2231 Dei

1840 2279 2100 2349 populum
2164 2279 2460 2347 perimunt,
2492 2277 2635 2330 bello
2684 2282 2889 2344 petant,
2923 2287 3028 2327 nec
3063 2270 3142 2326 illi
3193 2279 3418 2340 parcant

1838 2372 2215 2441 imperatores.
2264 2369 2371 2424 Sed
2414 2379 2498 2424 est
2545 2368 2686 2423 istud
2733 2367 2800 2421 ab
2833 2366 2928 2422 illo
2960 2365 3273 2430 diversum;
3311 2362 3416 2416 hoc

1837 2462 1980 2519 enim
2013 2462 2278 2517 adversus
2316 2461 2520 2526 hostes,
2552 2459 2678 2514 illud
2709 2467 2898 2513 contra
2947 2454 3198 2511 subditos
3237 2454 3414 2508 haere-

1840 2554 1998 2608 ticos.
2033 2551 2236 2618 Quare.
2269 2552 2412 2622 quod
2439 2553 2506 2606 de
2537 2550 2755 2606 Joanne
2778 2547 3109 2618 jejunatore,
3144 2546 3419 2602 Constan-

1839 2645 2206 2715 tinopolitano
2261 2643 2504 2699 antistite
2545 2644 2746 2706 lerunt,
2786 2643 3081 2697 mandasse
3106 2652 3170 2695 ut
3193 2645 3414 2710 praestt-

1840 2738 2079 2806 giatores
2110 2737 2164 2790 in
2187 2751 2407 2792 crucem
2443 2743 2754 2806 agerentur,
2787 2735 2922 2789 mihi
2962 2749 3151 2788 verum
3200 2747 3312 2787 non
3337 2730 3420 2785 vi-

1839 2829 2019 2894 detur,
2048 2828 2140 2882 sed
2169 2827 2505 2896 permisisse.
2540 2822 2837 2880 Homicida:
2883 2838 3122 2890 namque
3175 2833 3303 2878 sunt
3361 2830 3420 2878 et

1842 2919 1984 2988 ipsi:
2011 2920 2080 2973 de
2111 2919 2312 2989 quibus
2360 2918 2652 2974 vetandum
2705 2931 2815 2972 non
2860 2923 2964 2981 est,
2995 2915 3290 2986 quominus
3323 2916 3418 2984 qui

1842 3026 2023 3065 rerum
2076 3011 2380 3081 potiuntur,
2415 3026 2482 3066 ex
2537 3009 2749 3079 legibus
2805 3008 3070 3064 Romanis
3097 3009 3416 3064 decernant.

1844 3101 1969 3157 Non
2019 3104 2159 3156 enim
2206 3104 2319 3156 sine
2369 3119 2553 3168 causa,
2585 3102 2784 3172 inquit,
2847 3101 3087 3170 gladium
3142 3109 3400 3169 portant,-

1842 3195 2069 3248 vindices
2101 3203 2222 3248 sunt
2254 3196 2303 3248 ei
2321 3196 2413 3265 qui
2449 3194 2652 3248 malum
2678 3194 2786 3264 agit
2814 3193 2918 3261 ‘°";
2959 3193 3053 3248 sed
3079 3206 3185 3247 non
3223 3193 3277 3247 in
3324 3206 3422 3248 eos

1843 3284 1911 3338 de
1935 3284 2136 3353 quibus
2167 3283 2433 3340 Dominus
2486 3283 2786 3355 prohibuit,
2816 3282 3134 3352 permittere
3185 3288 3418 3351 oportet.

179 3367 260 3430 οὓς
285 3372 312 3422 ὀ
340 3371 550 3442 Κύριος
583 3372 880 3438 ἐκώλυσεν,
927 3350 1245 3445 ἐπιτρέπειν
1292 3375 1423 3445 χρή.
1465 3350 1740 3444 Σῶμάτων

1846 3350 2123 3439 Qui-enim
2156 3350 2765 3445 corporibus‘prazsunt,
2787 3350 2873 3429 his
2912 3374 3036 3428 licet
3066 3350 3303 3444 plectere
3328 3386 3423 3426 eos

178 3458 274 3527 γὰρ
300 3463 586 3533 ἄρχοντες,
624 3465 750 3528 τοὺς
781 3467 839 3518 ὲν
869 3469 983 3530 τοῖς
1012 3470 1346 3536 σωματικοῖς
1370 3467 1597 3530 ἁλόντας
1623 3466 1744 3534 ἐξὸν

177 3551 345 3616 αὐτοῖς
371 3554 633 3620 κολάζειν
655 3573 668 3587 ο
702 3556 825 3627 οὐχὶ
850 3558 978 3621 τοὺς
997 3560 1055 3610 ὲν
1077 3560 1191 3622 τοῖς
1224 3560 1365 3612 κατά
1387 3560 1567 3630 ψυχήν
1590 3576 1605 3592 ο
1636 3561 1745 3614 τῶν

179 3641 274 3713 γὰρ
295 3644 486 3715 ψυχῶν
509 3647 794 3717 ἀρχόντων
825 3647 985 3700 τοῦτο
1016 3665 1028 3677 ·
1053 3641 1129 3700 ὧν
1158 3649 1227 3701 τὰ
1253 3648 1611 3721 κολαστήρια,
1642 3653 1746 3719 ἀφ·

177 3739 406 3806 ορισμοὶ,
445 3741 543 3791 καὶ
577 3741 635 3791 αἱ
663 3739 848 3792 λοιπαὶ
867 3739 1161 3811 ὲπιτιμίαι.

237 3827 426 3893 Οὕτως
473 3823 592 3895 οὖν,
630 3826 676 3886 ῶ
703 3832 957 3896 δέσποτα,
984 3834 1146 3903 ἡμεῖς
1171 3834 1220 3885 οί
1246 3832 1485 3894 εὐτελεῖς
1518 3834 1746 3906 φρονοῦ-

177 3933 295 3983 μεν·
326 3921 425 3974 καί
454 3939 544 3990 γε,
572 3923 658 3974 ἶνα
701 3924 761 3974 ὲν
789 3920 1074 3991 ἀφροσύνῃ
1098 3921 1368 3991 εἴποιμεν,
1406 3921 1502 3975 καὶ
1525 3923 1746 3993 «apsq-

176 4008 256 4078 σίςι
287 4009 677 4084 λελαλήκαμεν
703 4012 781 4082 τῷ
803 4013 902 4083 μὲν
935 4013 1342 4082 μακαριωτάτῳ
1369 4014 1401 4081 ἡ
1411 4011 1528 4082 μῶν
1551 4030 1746 4082 πατρι-

174 4099 305 4172 ἀρχῃ
331 4143 348 4166 ,
397 4107 488 4158 ὅτι
543 4105 851 4181 μαχαίρᾳςὴ
891 4105 1189 4175 Ἐκκλησία
1219 4105 1322 4158 οὐκ
1369 4105 1611 4168 ἐκδικεῖ,
1652 4105 1745 4157 καὶ

174 4193 499 4247 κατένευσε⁸
534 4199 646 4259 τοῖς
682 4196 738 4248 δὲ
764 4195 864 4266 τὴν
897 4197 1112 4264 σφαγὴν
1137 4196 1371 4266 δράσασι
1419 4194 1704 4267 βασιλεῦσι
1724 4213 1740 4228 ⁸

169 4281 238 4349 τῷ
267 4286 364 4353 μὲν
397 4285 631 4356 πρώτῳ,
659 4286 749 4338 ὅτι
776 4286 891 4339 Ούκ
916 4287 1121 4357 ἠρέσθη
1155 4287 1285 4350 Θεὸς
1308 4289 1399 4340 ἐπὶ
1428 4292 1492 4357 τῇ
1521 4294 1744 4358 τοιαύτῃ

170 4371 442 4442 ἀναιρέσει
464 4392 480 4407 ο
532 4376 614 4446 τῷ
656 4376 712 4428 δὲ
746 4376 986 4446 δευτέρῳ
1019 4377 1337 4430 ἀπαιτοῦντι
1375 4379 1474 4448 τὴν
1510 4393 1744 4446 συνηγο-

171 4464 280 4529 ρίαν
321 4467 428 4536 τῆς
476 4467 839 4538 ἀναιρέσεως,
871 4469 955 4521 ὅτι
989 4469 1262 4542 Πρότερον
1303 4471 1336 4539 ἡ
1383 4469 1594 4540 κεφαλή
1639 4486 1742 4539 μου

168 4556 393 4626 αἴρεται,
426 4561 582 4630 ἥπερ
617 4561 911 4614 συνθέσθαι
956 4578 1024 4630 με
1065 4562 1259 4631 τούτῳ.
1294 4560 1482 4615 Ταῦτα
1507 4561 1572 4629 δὴ
1611 4561 1743 4633 παρ’

166 4648 309 4714 ἡμῶν
338 4651 459 4704 τῶν
494 4652 1066 4723 ἀμαρτωλῶν.⁹Υμεῖς
1092 4654 1170 4717 δὲ,
1205 4652 1522 4721 ἁγιώτατοι,
1547 4655 1594 4707 εἰ
1619 4654 1741 4708 ἕτε-

166 4753 248 4804 ρον
277 4742 626 4812 Εὐαγγέλιον
660 4744 958 4812 ἀνέγνωτε,
993 4746 1130 4817 ὅπερ
1160 4747 1321 4817 ἡμεῖς
1349 4747 1448 4799 οὐκ
1481 4746 1659 4816 ἷσμεν,
1679 4741 1739 4801 εὖ

165 4828 222 4880 ἂν
251 4832 364 4902 ἔχοι
387 4849 403 4863 ο
438 4837 494 4887 εί
527 4834 586 4886 δὲ
624 4832 722 4904 μὴ,
757 4835 1071 4904 σκοπήσατε
1104 4834 1156 4887 τί
1188 4836 1217 4887 δ
1254 4835 1577 4899 Ἀπόστολος
1605 4837 1743 4888 ἀπο-

166 4921 427 4986 φαίνοιτο.

162 5034 316 5105 PNC."
350 5041 500 5108 (48).
533 5071 602 5080 -
633 5040 711 5108 Τῇ
744 5038 1004 5166 περὶότὸν
1035 5042 1357 5110 Πατρίκιον
1391 5041 1527 5096 υἱὸν
1563 5042 1741 5098 ἁδελ-

833 5131 875 5166 cr:
913 5128 1061 5166 τητι.

831 5128 1061 5181 φοτητι.

1843 3466 1940 3536 qui
1989 3467 2045 3520 in
2093 3468 2468 3537 corporalibus
2518 3467 2753 3522 convicti
2796 3466 3044 3521 fuerint:
3079 3481 3186 3520 non
3239 3475 3423 3520 autem

1843 3573 1939 3614 eos
1963 3558 2056 3628 qui
2087 3559 2140 3613 in
2165 3559 2544 3630 spiritualibus
2572 3577 2586 3625 ;
2627 3559 2732 3613 hoc
2791 3559 2936 3613 enim
2991 3573 3184 3612 eorum
3211 3568 3297 3613 est
3325 3557 3421 3628 qui

1843 3652 2054 3706 animas
2081 3663 2274 3722 regunt
2304 3670 2319 3720 ;
2361 3667 2596 3723 quorum
2623 3651 3126 3725 animadversiones
3155 3662 3283 3706 sunt
3311 3666 3412 3707 ex-

1843 3744 2388 3810 communicationes,
2419 3751 2474 3799 et
2501 3743 2724 3813 reliquae
2764 3757 2958 3813 preme.

1916 3836 2007 3890 Sic
2035 3850 2189 3906 ergo,
2214 3835 2453 3904 domine,
2482 3851 2583 3892 nos
2625 3836 2860 3892 humiles
2887 3834 3187 3890 sentimus:
3214 3841 3269 3889 et
3298 3845 3406 3901 quu-

1843 3927 1989 3994 dem,
2025 3937 2084 3982 ut
2105 3929 2157 3981 in
2190 3927 2506 3998 inslpientia
2533 3928 2801 3992 dicamus,
2835 3926 3006 3981 libere
3034 3926 3198 3981 locuti
3227 3941 3422 3982 sumus

1842 4017 2158 4072 beatissimo
2191 4017 2519 4087 patriarcha:
2557 4026 2772 4081 nostro,
2801 4019 2946 4086 quod
2975 4014 3215 4071 Ecclesia
3239 4016 3423 4087 gladio

1843 4123 1951 4163 non
1985 4109 2226 4164 vindicet
2254 4127 2270 4177 ;
2302 4111 2397 4179 qui
2457 4109 2676 4179 quidem
2710 4107 2901 4163 annuit
2930 4123 2947 4175 ;
3003 4107 3422 4173 imperatoribus

1842 4215 1993 4266 vero,
2031 4201 2124 4269 qui
2158 4201 2362 4255 caedem
2413 4208 2721 4271 patrarunt,
2771 4200 2941 4270 priori
2996 4201 3236 4270 quidem,
3275 4200 3421 4270 quod

1845 4293 1956 4347 Deo
2001 4292 2127 4346 talis
2157 4293 2332 4347 caedes
2371 4308 2481 4346 non
2539 4291 2848 4362 placuerit;
2881 4289 3174 4361 posteriori
3212 4300 3418 4354 autem,

1843 4399 1969 4438 cum
1998 4384 2162 4438 caedis
2195 4384 2566 4440 defensionem
2604 4386 2863 4454 exigeret,
2911 4384 3062 4451 prius
3110 4381 3245 4437 mihi
3301 4379 3422 4436 adi-

1844 4478 2101 4531 mendum
2158 4487 2341 4546 caput,
2407 4493 2572 4547 quam
2626 4486 2684 4532 ut
2716 4476 2798 4531 his
2838 4476 3226 4532 consentirem.
3296 4471 3422 4529 Haec

1844 4567 2034 4638 itaque
2063 4584 2092 4622 a
2121 4569 2278 4624 nobis
2317 4557 2718 4639 peccatoribus.
2749 4567 2855 4623 Vos
2877 4581 3026 4631 vero,
3059 4565 3418 4628 sanctissimi,

1771 4698 1815 4752 Β
1843 4660 1889 4715 si
1917 4661 2063 4716 aliud
2083 4662 2438 4731 Evangelium
2463 4661 2688 4732 legistis,
2707 4659 2852 4729 quod
2883 4674 2984 4752 nos
3009 4673 3120 4713 non
3141 4657 3418 4752 novimus,

1845 4755 1984 4809 bene
2037 4755 2301 4820 habebit;
2351 4755 2433 4809 sin
2489 4756 2693 4821 minus,
2748 4751 3095 4807 considerate
3115 4751 3244 4823 quid
3271 4752 3420 4808 dicat

1846 4845 2164 4915 Apostolus.

1908 5044 2090 5103 CLVI.
2116 5078 2186 5088 —
2213 5045 2498 5102 Fratribus
2523 5047 2611 5118 qui
2641 5065 2760 5102 cum
2789 5046 3026 5102 Patricio
3050 5047 3164 5118 ﬁlio
3188 5056 3309 5102 sunt
3328 5045 3417 5117 (°).

664 5229 738 5276 De
762 5228 1052 5292 Theologia,
1082 5237 1135 5277 et
1158 5229 1222 5291 de
1247 5228 1555 5278 immaculata
1586 5227 1798 5291 imagine
1815 5239 1950 5277 sacra
1981 5227 2178 5278 Domini
2202 5233 2255 5278 et
2276 5227 2371 5279 Dei
2394 5228 2554 5278 nostri
2575 5229 2697 5278 Jesu
2730 5225 2923 5279 Christi.

236 5329 495 5400 Ἀδελφοὶ
519 5336 617 5388 καὶ
642 5336 907 5406 Πατέρες,
938 5337 1318 5407 παρακληθεὶς
1346 5341 1495 5407 παρὰ
1523 5337 1617 5390 τοῦ
1634 5339 1740 5390 Πα-

163 5420 274 5488 τρὺς
306 5424 503 5493 ὑμῶν,
529 5424 605 5486 ὼς
636 5423 830 5495 Πατὴρ
862 5425 1116 5478 κάκείνου
1143 5465 1158 5490 ,
1189 5427 1284 5477 καὶ
1312 5426 1466 5494 ὑμῶν
1495 5426 1560 5478 δι’
1595 5425 1742 5478 ἐκεί·-

163 5525 263 5578 νου,
297 5515 548 5586 λαλῆσαι
579 5517 711 5588 ὑμῖν
743 5517 811 5569 τὰ
840 5517 974 5589 πρὸς
1008 5515 1310 5587 σωτηρίαν·
1361 5517 1455 5570 καὶ
1483 5515 1742 5587 ἐπείσθην

164 5604 405 5673 εἰκότως,
462 5609 563 5662 καὶ
593 5608 906 5678 φθέγγομαι
946 5611 974 5662 ὁ
1003 5608 1257 5673 ταπεινὸς
1293 5608 1444 5663 ἔνθεν
1476 5608 1636 5663 έλώνυ
1679 5609 1746 5661 Ἦ

1920 5337 2147 5392 Fratres
2191 5337 2508 5407 Patresque,
2541 5347 2761 5409 rogatus
2795 5354 2826 5393 a
2855 5339 3016 5394 Patre
3063 5345 3270 5406 vestro,
3298 5344 3420 5391 tan-

1849 5444 2014 5498 quam
2058 5440 2112 5484 et
2169 5429 2319 5485 illius
2371 5442 2545 5501 pater,
2577 5441 2632 5487 et
2682 5441 2858 5487 vester
2885 5447 2980 5501 per
3010 5430 3210 5502 ipsum,
3238 5429 3306 5486 ad
3331 5445 3421 5486 sao

1852 5520 2081 5573 lutarem
2103 5535 2408 5576 sermonem
2430 5521 2582 5578 vobis
2605 5523 3019 5594 impertiendum
3040 5531 3126 5588 ;et
3145 5521 3420 5593 acquievi,

1854 5620 1914 5665 ut
1958 5627 2056 5681 par
2103 5622 2241 5679 erat,
2276 5620 2332 5667 et
2362 5614 2488 5670 inde
2542 5615 2691 5687 loqui
2745 5614 2968 5672 humilis
2996 5614 3219 5685 incipio.
3257 5611 3422 5668 Salus

238 5721 257 5749 "
281 5723 472 5785 Epist.
497 5725 824 5797 interpolata
855 5729 923 5782 ad
949 5725 1289 5799 Philadelph.
1323 5744 1379 5783 n.
1411 5729 1462 5782 5.
1539 5729 1559 5760 ⁵
1592 5725 1741 5784 Psal.
1773 5740 1998 5792 Lxxvm,
2024 5725 2075 5780 6.
2155 5727 2221 5758 "7
2252 5728 2410 5782 Rom.
2441 5745 2557 5798 xm,
2577 5733 2627 5788 4.

1695 5838 1927 5896 NOTAE.

223 5932 332 6002 (l8)
363 5933 427 5990 In
461 5933 590 5990 cod.
628 5933 764 6003 Reg.
798 5939 907 6005 ριηέ

1926 5928 1999 6000 (³⁸)
2027 5927 2355 5999 Dogmatica.
