3934 6450
537 374 670 438 1487

1714 378 1775 435 S.
1817 373 2207 436 THEODORI
2247 378 2592 441 STUDITIE

3640 385 3771 449 1488

535 491 741 543 nostra,
779 480 872 534 lilii
913 481 1246 546 charissimi,
1283 494 1430 539 recte
1483 485 1704 540 credere
1761 487 1814 539 in
1852 495 2096 540 sanctam

2218 490 2453 558 ςωτηρία
2485 490 2662 561 ἡμῶν,
2704 491 2868 544 τέκνα
2911 492 3244 564 ἠγαπημένα
3273 493 3428 566 [Reg
3472 497 3598 551 cod.
3634 499 3772 565 ἀγαο

532 573 877 641 Trinitatcm,
901 584 956 630 et
979 590 1146 645 opera
1167 577 1345 632 facere
1377 593 1498 648 qua
1537 594 1563 628 a
1595 577 1799 633 sanctis
1826 579 1918 633 Dei
1946 595 2104 635 man-

535 667 681 725 datis
722 667 1098 722 testimonium
1143 667 1400 723 habeam.
1435 668 1504 722 In
1547 668 1758 724 Christo
1784 671 1923 723 enim
1951 669 2100 736 Jesu,

537 757 996 827 quemadmodum
1046 758 1126 813 ait
1183 758 1496 829 Apostolus,
1556 776 1717 831 neque
1773 761 2105 815 circumcisio

535 847 741 920 aliquid
788 849 944 916 valet,
996 865 1157 919 neque
1205 855 1541 919 prteputium,
1593 854 1684 907 sed
1712 853 1841 923 ﬁdes
1875 870 1991 924 quae
2015 869 2107 924 per

536 942 851 996 charitatem
904 953 1153 1012 operatur
1181 944 1224 998 ⁸.
1271 943 1336 998 Et
1379 947 1504 1001 ﬁdei
1567 945 1786 1016 quidem
1841 949 1984 1002 ratio
2038 949 2105 1004 ad

538 1034 735 1103 dogma
759 1034 1134 1101 orthodoxiaa;
1156 1035 1441 1093 charitatis
1469 1054 1619 1102 vero,
1646 1039 1713 1094 ad
1739 1040 1892 1095 bona:
1912 1055 2108 1111 opera-

537 1125 704 1181 tionis
745 1125 1237 1182 considerationem
1279 1129 1579 1184 reducitur.
1643 1130 1932 1188 Credimus
1975 1147 2109 1204 ergo

537 1213 595 1270 in
615 1215 829 1271 Patrem
861 1229 916 1271 et
948 1215 1145 1271 Filium
1175 1228 1230 1272 et
1255 1217 1517 1288 Spiritum
1548 1230 1820 1288 sanctum,
1851 1236 1972 1291 qua:
1999 1231 2109 1276 tres

538 1315 670 1362 sunt
725 1322 995 1377 persona,
1064 1317 1261 1365 natura
1327 1326 1457 1377 una,
1513 1327 1617 1367 una
1650 1321 1911 1382 potestas,
1938 1327 2107 1366 unum

537 1399 782 1457 omnium
811 1400 1062 1471 princeps
1092 1416 1340 1471 regnum,
1370 1402 1426 1458 in
1464 1418 1591 1470 uno,
1646 1413 1707 1459 ut
1757 1412 1976 1471 natura,
2031 1405 2112 1460 sic

538 1500 596 1548 et
633 1492 938 1557 voluntate,
984 1503 1039 1548 et
1078 1496 1399 1564 operatione
1447 1497 1734 1554 adoratum
1791 1500 2022 1570 imperio
2058 1508 2113 1553 et

538 1583 730 1654 gloria.
787 1582 1076 1641 Credimus
1122 1586 1268 1656 quod
1309 1603 1453 1644 unus
1514 1588 1583 1645 de
1611 1600 1800 1646 sancta
1827 1589 2108 1656 Trinitate,

538 1675 710 1733 Filius
743 1683 799 1732 et
825 1673 1066 1731 Verbum
1098 1676 1192 1732 Dei
1233 1688 1288 1733 et
1345 1678 1543 1746 Patris,
1585 1697 1678 1752 per
1718 1697 1987 1738 summam
2017 1683 2115 1737 bo-

539 1769 767 1824 nitatem
816 1768 1120 1824 exinanivit
1167 1771 1543 1842 semetipsum,
1591 1784 1646 1829 et
1685 1773 1917 1830 formam
1969 1776 2110 1830 servi

538 1861 772 1931 accepit,
802 1860 857 1916 in
883 1859 1058 1917 forma
1093 1873 1284 1918 nostra
1318 1877 1666 1936 conspectus.
1715 1866 1830 1924 Hoc
1853 1868 1996 1923 enim
2029 1878 2112 1924 est

538 1953 687 2023 quod
717 1954 796 2008 ait
820 1950 1132 2024 Theologns
1181 1970 1199 2010 :
1227 1954 1296 2010 Et
1333 1953 1559 2011 Verbum
1579 1976 1704 2013 caro
1724 1959 1923 2029 factum
1948 1969 2026 2014 est
2045 1961 2066 1993 '
2093 1977 2109 2024 ;

541 2044 780 2115 etquod
829 2059 1062 2115 magnus
1109 2045 1402 2115 Apostolus
1457 2048 1626 2104 dicit:
1681 2048 1823 2104 Deus
1863 2050 2110 2120 apparuit

538 2137 598 2192 in
624 2153 783 2192 carne
814 2137 878 2193 ".
912 2135 978 2192 Et
1015 2153 1157 2192 unus
1196 2138 1451 2210 idemque
1484 2151 1568 2196 est
1612 2142 1666 2196 in
1703 2143 1915 2198 duabus
1949 2152 2110 2196 natu-

540 2229 642 2294 ris,
670 2227 948 2299 perfectus
975 2227 1138 2291 Deus,
1171 2239 1226 2284 et
1250 2230 1524 2300 perfectus
1554 2235 1756 2289 homo:
1789 2242 1842 2289 et
1866 2235 1921 2289 in
1959 2245 2112 2290 utro-

540 2337 650 2392 que
701 2321 944 2393 perfecto
972 2322 1358 2393 proprietatem
1404 2326 1610 2382 nullam
1645 2344 1753 2382 non
1785 2328 2106 2397 assumpsit,

543 2413 751 2470 habens
772 2413 981 2469 scilicet
1008 2423 1067 2469 ut
1098 2415 1244 2470 Deus
1301 2419 1490 2473 omnia
1558 2435 1680 2489 qua:
1719 2418 1901 2474 Patris
1931 2431 2059 2475 sunt
2091 2437 2106 2486 ;

540 2511 596 2557 et
616 2511 677 2558 ut
701 2503 887 2568 homo,
917 2506 1102 2559 omnia
1134 2521 1257 2574 quae
1301 2505 1513 2571 Matris,
1542 2522 1798 2580 tanquam
1824 2526 2112 2579 germanus

542 2593 710 2650 illius.
743 2593 1213 2661 Quemadmodum
1249 2613 1380 2669 ergo
1423 2615 1489 2654 ex
1521 2599 1678 2655 Patre
1707 2601 2112 2656 incircumscri-

543 2697 691 2756 ptus,
732 2687 814 2742 sic
861 2701 931 2742 ex
981 2685 1154 2743 Matre
1207 2688 1660 2760 circumscriptus
1686 2732 1701 2756 ,
1736 2692 1837 2745 hoc
1865 2700 1968 2757 est,
2017 2693 2109 2760 qui

541 2791 642 2850 per
667 2779 984 2850 imaginem,
1003 2780 1227 2850 perinde
1250 2797 1315 2836 ac
1333 2792 1525 2846 mater,
1551 2782 1906 2852 exprimatur.
1931 2783 2112 2849 Quare

546 2872 922 2938 lconomachi,
953 2873 1022 2928 ad
1053 2888 1194 2942 quos
1233 2875 1468 2943 pertinet
1495 2875 1609 2930 [nec
1636 2875 1974 2946 disceptatio,
2002 2891 2110 2931 non

543 2965 868 3021 conﬁtentes
926 2965 1078 3019 illum
1132 2967 1535 3029 circumscribi.
1601 2968 1744 3023 haud
1803 2967 1968 3022 dubie
2011 2984 2113 3024 nec

543 3071 866 3127 germanum
896 3056 1083 3114 Matris
1101 3058 1272 3113 filium
1307 3060 1554 3114 conﬁteri
1604 3058 2109 3128 deprehenduntur,

2204 579 2375 652 πητὰ]
2402 621 2417 644 ,
2462 582 2737 635 πιστεύειν
2763 582 2939 653 ὀρθῶς
2965 585 3043 646 είς
3069 584 3167 653 τὴν
3208 585 3366 652 ἁγίαν
3397 586 3608 656 Τριάδα
3628 629 3642 650 ,
3684 591 3778 642 καὶ

2207 664 2343 735 ἔργα
2385 666 2531 736 ἔχειν
2581 670 3000 738 μαρτυρούμενα
3048 671 3152 724 ὑπὸ
3183 672 3292 724 τῶν
3335 673 3507 742 ἁγίων
3545 676 3778 730 ἐντολῶν

2203 757 2298 810 τοῦ
2327 758 2485 813 Θεοῦ.
2524 760 2627 814 Ἐν
2651 760 2762 830 γὰρ
2789 762 3021 829 Χριστῷ
3076 764 3291 831 Ἰησοῦ,
3332 765 3516 829 καθώς
3549 784 3719 838 φησιν
3752 772 3780 821 6

2219 849 2562 916 Ἀπόστολος,
2593 853 2731 906 οὔτε
2759 854 3044 922 περιτομὴ
3088 856 3287 922 ἰσχύει
3312 896 3324 918 ,
3360 858 3499 911 οὔτε
3522 858 3780 925 ἀκροϐυ-

2207 943 2375 996 στίασ
2403 943 2562 998 ἀλλὰ
2598 945 2802 1011 πίστις
2838 945 2914 999 δι’
2945 947 3178 1015 ἀγάπης
3206 949 3630 1020 ἐνεργουμένη.
3667 954 3781 1005 Καὶ

2206 1036 2235 1088 6
2261 1034 2358 1104 μὲν
2383 1036 2483 1105 τῆς
2525 1035 2760 1100 πίστεως
2792 1036 2951 1104 λόγος
2972 1077 2986 1101 ,
3016 1041 3097 1100 είς
3124 1039 3187 1091 τὸ
3215 1040 3317 1110 τῆς
3345 1040 3658 1112 όρθοδοξίαι,
3694 1044 3779 1096 δό-

2207 1143 2324 1198 γμα
2350 1143 2365 1158 °
2405 1130 2434 1182 6
2460 1128 2518 1182 δὲ
2549 1129 2649 1196 τῆς
2686 1129 2928 1202 ἀγάπης,
2971 1132 3051 1194 είς
3077 1132 3139 1184 τὸ
3170 1132 3270 1200 τῆς
3313 1134 3618 1204 εὐπραξίας
3648 1137 3777 1189 θεώ-

2211 1237 2364 1292 ρημα
2396 1222 2748 1293 ἀναφέρεται.
2798 1224 3134 1294 Πιστεὺομεν
3177 1223 3272 1279 οὖν
3315 1228 3396 1290 είς
3427 1229 3650 1300 Πατέρα
3685 1232 3778 1283 καὶ

2211 1312 2340 1366 Υίὸν
2376 1314 2468 1367 καὶ
2495 1313 2652 1383 ἅγιον
2697 1315 2921 1385 Πνεῦμα
2941 1333 2954 1346 ·
2984 1318 3126 1387 άπερ
3166 1318 3281 1370 ἐστὶ
3313 1319 3439 1389 τρῖα
3483 1323 3777 1388 πρόσωπα,

2215 1403 2312 1473 μία
2357 1403 2538 1473 φύσις,
2587 1407 2686 1474 μία
2713 1405 2960 1476 δύναμις,
3012 1408 3110 1477 μία
3138 1408 3344 1479 ἀρχικὴ
3378 1409 3487 1462 τῶν
3519 1411 3781 1466 ἁπάντων

2213 1495 2489 1565 βασιλείαο
2524 1499 2582 1551 ἐν
2609 1499 2707 1560 ἑνὶ,
2759 1498 2834 1563 ὡς
2865 1499 3048 1568 φύσει.
3087 1501 3180 1553 καὶ
3213 1501 3463 1570 θελήσει,
3503 1505 3599 1556 καὶ
3629 1505 3783 1575 ὲνερ-

2213 1587 2337 1658 γείᾳ.
2368 1591 2822 1660 προσκυνουμένη
2867 1591 3056 1660 κράτει
3100 1592 3196 1644 καὶ
3241 1593 3409 1647 κλέει.
3442 1594 3783 1667 Πιστεὺομεν

2212 1679 2289 1744 ὡς
2320 1681 2349 1734 ὁ
2380 1676 2461 1745 εἷς
2491 1683 2592 1752 τῆς
2635 1683 2794 1751 ἁγίας
2841 1684 3099 1754 Τριάδος,
3133 1689 3160 1739 6
3193 1686 3320 1749 Υίὸς
3355 1686 3449 1740 καὶ
3476 1688 3652 1757 Λόγος
3691 1691 3783 1743 τοῦ

2215 1767 2352 1822 Θεοῦ
2407 1771 2503 1823 καὶ
2556 1772 2804 1842 Πατρδς,
2847 1772 2914 1824 δι’
2963 1773 3138 1843 ἄκραν
3182 1772 3494 1843 ἁγαθότητα
3536 1774 3786 1836 κενώσας

2217 1861 2430 1924 ἑαυτὸν,
2464 1863 2677 1933 μορφὴν
2696 1863 2881 1917 δούλου
2913 1863 3101 1916 ἐλαϐεν
3126 1865 3181 1917 ὲν
3205 1863 3283 1934 τῷ
3313 1866 3436 1918 καθ’
3467 1867 3617 1937 ἡμᾶς
3657 1868 3786 1920 εῖδει

2216 1952 2420 2021 ὀφθείς.
2445 1952 2614 2007 Τοῦτο
2645 1955 2755 2026 γάρ
2784 1958 2930 2008 ἐστιν
2956 1955 2984 2008 ὃ
3014 1971 3176 2024 φησιν
3218 1958 3246 2008 6
3284 1956 3574 2025 Θεολόγοςο
3612 1959 3726 2012 Kai
3757 1962 3787 2011 ό

2216 2046 2407 2114 Λόγος
2449 2047 2606 2114 σὰρξ
2653 2046 2920 2116 ἐγένετο·
2964 2049 3059 2102 καὶ
3087 2049 3114 2101 ὃ
3143 2066 3307 2118 φησιν
3335 2051 3363 2102 6
3403 2049 3575 2120 μέγας
3625 2050 3786 2103 ’Λπόο

2219 2138 2430 2201 στολος·
2467 2140 2610 2205 Θεὸς
2654 2139 2992 2208 ἐφανερώθη
3018 2140 3088 2193 ἐν
3119 2141 3318 2208 σαρκί.
3366 2141 3475 2194 Καὶ
3518 2141 3671 2195 ἔστιν
3711 2137 3788 2198 εἷς

2217 2228 2311 2280 καὶ
2338 2229 2364 2280 6
2390 2227 2550 2291 αὐτὸς
2579 2231 2636 2280 ὲν
2668 2228 2788 2280 δυσὶ
2815 2228 3007 2296 φύσεσι
3035 2227 3237 2292 τέλειος
3265 2229 3419 2295 Θεὸς,
3457 2232 3554 2284 καὶ
3580 2231 3789 2294 τέλειος

2217 2319 2523 2389 ἄνθρωπος,
2575 2320 2671 2372 καὶ
2721 2319 2779 2370 ὲν
2826 2320 3072 2390 ἑκατέρῳ
3121 2319 3311 2391 τελείῳ
3372 2322 3470 2391 οὐχ
3522 2322 3683 2390 ὑφείς
3736 2339 3790 2376 τι

2221 2409 2417 2478 ίδίωμα
2449 2411 2851 2481 ἁπρόσληπτον,
2893 2411 3029 2481 ἔχων
3061 2411 3118 2464 δὲ
3156 2413 3356 2480 μᾶλλον
3388 2415 3457 2466 τὰ
3485 2415 3669 2468 πάντα
3694 2415 3788 2469 τοῦ

2219 2501 2430 2572 Πατρὸς
2464 2501 2680 2565 Οεῖκῶς,
2714 2503 2804 2555 καὶ
2838 2503 3014 2556 πάντα
3033 2503 3102 2556 τὰ
3130 2504 3229 2574 τῆς
3260 2504 3476 2575 Μητρὸς
3507 2505 3792 2576 άνθρωπι·

2217 2593 2347 2656 κῶς,
2403 2593 2480 2656 ὡς
2543 2594 2657 2656 υἱὸς
2713 2595 2954 2663 γνήσιος.
3006 2595 3094 2658 Ὦς
3148 2592 3242 2649 οὖν
3294 2596 3359 2649 ὲκ
3415 2596 3510 2649 τοῦ
3571 2600 3790 2670 Πατρὸς

2216 2685 2629 2754 ἀπερίγραπτος
2652 2727 2666 2750 ,
2701 2684 2874 2748 οὕτως
2900 2687 2964 2739 ὲκ
2993 2688 3092 2757 τῆς
3119 2686 3340 2757 Μητρὸς
3371 2692 3788 2759 περιγραπτὺς.

2216 2777 2384 2847 ἤγουν
2415 2775 2871 2848 ὲξεικτνιζόμενος
2907 2778 3275 2848 μητρομοίως.
3323 2780 3386 2831 Oi
3431 2773 3525 2832 οῦν
3568 2781 3793 2834 Είκονο-

2220 2869 2385 2938 μάχοι
2406 2908 2421 2934 ,
2452 2870 2581 2940 περὶ
2610 2863 2686 2923 ὧν
2715 2870 2811 2924 καὶ
2840 2871 2900 2923 τὺ
2927 2869 3100 2923 ταῦτα
3131 2869 3498 2942 δογματίζειν,
3537 2871 3610 2941 μὴ
3657 2873 3794 2942 ὁμο-

2217 2959 2502 3027 λογοῦντες
2544 2961 2706 3015 αὑτὸν
2735 2961 3200 3034 περιγράφεσθαι,
3232 2963 3576 3032 εὑρίσκονται
3606 2965 3794 3033 ἀσφα-

2217 3053 2322 3116 λῶς
2356 3054 2490 3124 μηδὲ
2510 3054 2790 3124 ὁμολογεῖν
2821 3055 2982 3108 αὑτὸν
3011 3057 3236 3124 γνήσιον
3265 3056 3379 3109 υίὸν
3407 3055 3507 3126 τῆς
3532 3057 3790 3128 Μητρός·

545 3151 642 3207 sed
694 3149 931 3206 alienum
965 3151 1163 3219 potius.
1209 3151 1312 3217 Qui
1345 3153 1490 3204 enim
1540 3166 1879 3221 germanum,
1923 3161 1977 3206 et
2005 3169 2109 3207 non

2219 3142 2322 3196 ποῦ
2348 3147 2456 3213 γὰρ
2479 3145 2538 3196 τὸ
2567 3145 2813 3213 γνήσιον,
2833 3145 2928 3196 καὶ
2943 3145 3003 3196 οὐ
3033 3145 3214 3214 πάντη
3250 3145 3450 3214 μᾶλλον
3481 3146 3792 3217 ἀλλότριον,

546 3243 784 3297 alienum
817 3243 1058 3312 penitus,
1108 3243 1209 3297 nisi
1244 3243 1297 3296 in
1335 3243 1594 3298 omnibus
1633 3252 1839 3297 natura:
1872 3245 2112 3313 proprie-

2218 3235 2282 3286 ἂν
2318 3235 2391 3303 μὴ
2421 3234 2563 3287 κατὰ
2606 3235 2704 3304 τὴν
2736 3235 3076 3304 γεννήσασαν
3109 3236 3167 3287 ἐν
3195 3236 3328 3287 πᾶσι
3373 3236 3486 3298 τοῖς
3537 3240 3798 3302 φυσικοῖς

545 3334 753 3388 tatibus
796 3333 1044 3404 genitrici
1085 3333 1264 3388 simile
1317 3333 1388 3388 sit
1427 3335 1570 3403 quod
1605 3349 1672 3387 ex
1702 3333 1794 3387 illa
1827 3335 2112 3404 genitum?

2220 3324 2505 3394 ίδιώμασιν
2551 3319 2662 3378 εἷεν
2696 3325 2761 3378 ἂν
2796 3327 2887 3378 καὶ
2919 3325 2983 3378 τὸ
3028 3326 3307 3397 γέννημα;
3368 3326 3457 3390 Ὠς
3489 3326 3600 3395 γὰρ
3639 3328 3794 3382 κατὰ

547 3421 620 3479 Ut
663 3424 807 3477 enim
849 3423 1150 3478 secundum
1204 3425 1771 3494 circumscriptionem
1826 3440 2112 3482 commune

2218 3415 2312 3487 τὴν
2341 3417 2690 3487 περιγραφὴν
2740 3417 2998 3488 οὐδεμίαν
3046 3418 3330 3472 κοινωνίαν
3368 3417 3481 3487 ἔχει
3519 3420 3662 3488 πρὸς
3700 3421 3798 3473 τὸν

547 3514 686 3570 nihil
714 3514 878 3570 habet
907 3529 1030 3568 cum
1058 3512 1239 3579 Patre,
1273 3516 1367 3570 sed
1409 3531 1531 3570 cum
1565 3515 1758 3582 Matre,
1815 3517 1889 3570 ita
1923 3533 2112 3572 secun-

2220 3510 2441 3580 Πατέρα
2463 3549 2477 3573 ,
2510 3511 2647 3564 ἀλλὰ
2672 3511 2807 3582 πρὸς
2830 3512 2929 3581 τὴν
2965 3512 3227 3580 Μητέρα·
3267 3509 3439 3575 οὕτως
3482 3512 3605 3564 οὐδὲ
3646 3513 3799 3566 κατὰ

546 3605 678 3658 dum
718 3603 1364 3674 incircuinscriptionem,
1401 3606 1522 3660 vice
1541 3621 1692 3670 vera,
1713 3622 1836 3661 cum
1863 3607 2112 3663 Genitore

2218 3601 2314 3671 τὴν
2346 3601 2622 3670 ἀγραφίαν
2653 3602 2714 3653 τὸ
2738 3601 2974 3669 ἔμπαλιν
2996 3616 3009 3630 °
3037 3603 3172 3672 πρὸς
3203 3601 3294 3654 τὸν
3317 3604 3656 3674 γεννήσαντα
3680 3607 3798 3676 γὰρ

547 3694 868 3749 communio
896 3703 999 3756 est,
1027 3708 1135 3748 non
1167 3709 1290 3749 cum
1331 3693 1626 3752 Genitrice.

2218 3693 2251 3761 ἡ
2283 3691 2560 3753 κοινωνία,
2593 3692 2652 3742 οὐ
2691 3690 2824 3758 πρὸς
2859 3690 2956 3758 τὴν
2985 3689 3271 3744 τεκοῦσαν.

620 3781 714 3839 Sic
749 3800 810 3840 se
862 3783 1024 3839 habet
1066 3793 1274 3839 rectum
1306 3786 1557 3839 veritatis
1581 3787 1781 3855 dogma
1811 3805 1825 3838 :
1860 3787 1971 3840 haec
1990 3802 2112 3854 apo-

2289 3780 2472 3843 Οὕτως
2491 3780 2552 3832 τὸ
2579 3780 2738 3850 ὀρθὸν
2765 3779 2941 3849 δόγμα
2963 3781 3061 3850 τῆς
3092 3780 3352 3851 ἀληθείας
3374 3781 3545 3853 ἀῦτη
3572 3784 3604 3850 ή
3647 3784 3796 3839 ἀπο-

548 3877 739 3932 stolica
785 3877 964 3930 ﬁdes:
1017 3876 1494 3945 circumscriptum
1545 3877 1789 3931 conﬁteri
1838 3877 2112 3931 Christum

2220 3870 2439 3942 στολικὴ
2465 3871 2648 3934 πίστις
2670 3887 2684 3901 ·
2720 3871 3098 3943 περιγραπτὸν
3128 3873 3411 3942 ὁμολογεῖν
3433 3872 3523 3926 τὸν
3551 3875 3806 3948 Χριστὸν

550 3970 602 4022 in
627 3983 814 4023 carne.
857 3967 950 4022 Sic
979 3966 1124 4020 enim
1156 3983 1385 4035 magnus
1423 3966 1693 4022 Basilius:
1733 3989 1751 4020 ι
1786 3968 2112 4038 Depingatut

2218 3964 2274 4016 ὲν
2302 3963 2486 4032 σαρκί.
2523 3962 2631 4015 Καὶ
2663 3962 2793 4031 γοῦν
2815 3965 2843 4016 6
2877 3963 3048 4034 μέγας
3083 3963 3364 4029 Βασίλειος
3385 3981 3398 3995 ·
3442 3984 3461 4016 ι
3481 3966 3807 4038 Ἐγγραφέ-

550 4057 603 4112 in
630 4058 815 4111 tabula
854 4056 1215 4111 certaminum
1264 4071 1464 4126 praeses
1511 4056 1788 4113 Christus.
1827 4077 1845 4108 ι
1875 4058 1940 4112 Et
1968 4061 2112 4128 depi-

2221 4053 2334 4108 σθω
2365 4055 2444 4126 τῷ
2473 4055 2660 4108 πίνακι
2702 4056 2796 4108 καὶ
2823 4058 2852 4109 ὁ
2874 4056 2986 4108 τῶν
3019 4058 3420 4129 παλαισμάτων
3446 4058 3808 4131 ἀγωνοθέτης

547 4161 692 4204 ctam
748 4149 1039 4218 imaginem
1086 4149 1354 4215 venerari,
1405 4157 1664 4219 tanquam
1712 4151 1940 4207 adorato
1975 4153 2028 4206 in
2060 4169 2112 4208 ea

2225 4148 2479 4218 Χριστός.
2503 4167 2521 4201 ι
2561 4149 2669 4201 Καὶ
2694 4148 2790 4218 τὴν
2815 4149 3273 4220 ὲγγεγραμμένην
3309 4151 3491 4204 είκόνα
3511 4154 3706 4222 τιμᾷν.
3725 4154 3810 4216 ὡς

548 4239 788 4295 Christo.
829 4237 888 4292 ln
918 4239 1154 4307 imagine
1193 4239 1394 4308 quippe
1427 4240 1610 4295 videre
1637 4257 1696 4297 se
1729 4243 1980 4314 angelum
2017 4245 2112 4299 cla-

2224 4240 2281 4291 ἐν
2309 4240 2445 4309 αὐτῇ
2485 4242 2960 4310 προσκυνουμένου
2990 4242 3247 4312 Χριστοῦ.
3281 4242 3368 4294 Ἐν
3402 4245 3508 4312 γὰρ
3529 4246 3594 4313 τῇ
3619 4243 3812 4296 είκόνι

548 4341 662 4384 mat
698 4345 902 4383 ant-eus
947 4327 1397 4399 Cltrysostomtts.
1432 4327 1489 4382 Si
1527 4338 1708 4383 autem
1745 4332 2112 4399 incorporeum

2227 4333 2324 4404 βοᾷ
2353 4335 2381 4384 6
2413 4332 2649 4400 χρυσοῦς
2691 4333 3077 4402 Χρυσόστομος
3128 4333 3255 4385 ίδεῖν
3289 4332 3538 4398 ἄγγελον.
3594 4334 3715 4386 Καὶ
3754 4335 3810 4386 εί

549 4422 602 4475 itt
622 4421 880 4490 imagine,
901 4431 1106 4488 quanto
1132 4420 1306 4488 magis
1329 4435 1556 4488 corpore
1580 4422 1828 4474 indutum
1855 4421 2112 4476 Verbum?

2223 4425 2314 4478 τὸν
2343 4425 2634 4490 ἀσώματον
2661 4424 2718 4474 ἐν
2744 4427 2912 4478 εικόνι
2936 4441 2950 4456 ⁸
2984 4426 3132 4494 πόσῳ
3157 4422 3249 4478 οῦν
3276 4421 3477 4492 μᾶλλον
3501 4423 3592 4476 τὸν
3623 4425 3814 4478 ἐνσώ-

548 4510 707 4576 Quod
755 4510 801 4564 si
833 4510 1000 4572 videt,
1056 4517 1264 4564 certum
1305 4517 1389 4564 est
1431 4508 1578 4578 quod
1637 4509 1801 4566 etiam
1849 4513 2036 4565 adoret
2069 4513 2112 4565 in

2232 4536 2398 4588 ματον
2441 4519 2647 4585 Λόγους
2679 4519 2789 4571 Καὶ
2825 4519 2872 4570 εί
2905 4519 3027 4588 ὁρᾷ,
3062 4517 3218 4587 δῆλον
3259 4519 3340 4569 ὃτι
3371 4519 3466 4571 καὶ
3494 4523 3816 4586 προσκυνεῖ

549 4601 785 4670 imagine
847 4600 1152 4671 angelum:
1205 4601 1669 4670 quemadmodum
1726 4611 1781 4656 et
1826 4603 2124 4657 Christum.

550 4695 611 4747 ln
644 4694 879 4763 imagine
910 4693 1055 4746 enim
1102 4693 1283 4747 videre
1317 4693 1607 4758 meruisse,
1643 4708 1742 4763 par
1784 4704 1867 4750 est
1899 4710 1965 4749 ac
1995 4696 2125 4750 ado-

550 4799 674 4839 rare
707 4801 721 4838 :
763 4803 781 4836 ι
808 4782 1258 4854 Quandoquidem
1300 4785 1474 4838 honor
1505 4784 1756 4854 imaginis
1785 4786 1851 4840 ad
1881 4796 2128 4858 prototy-

549 4892 680 4946 pum
751 4878 966 4944 transit,
1003 4896 1020 4929 ι
1064 4885 1122 4929 ιιι
1169 4892 1383 4930 rursum
1450 4877 1524 4930 ait
1581 4894 1813 4948 magnus
1867 4878 2124 4936 Basilius.

551 4966 849 5038 Negatores
877 4967 1056 5035 itaque
1076 4977 1204 5020 sunt
1225 4967 1448 5033 Christi,
1479 4967 1968 5036 quicontumeliosi
2000 4980 2125 5025 sunt

554 5061 607 5113 in
653 5058 943 5128 imaginem
981 5077 993 5112 :
1029 5068 1190 5127 atque
1221 5057 1360 5111 hanc
1392 5069 1731 5127 spernentes,
1764 5062 2124 5130 contemptio-

555 5165 678 5207 nem
739 5149 795 5202 in
873 5148 1047 5218 ipsum
1101 5148 1458 5216 transferunt,
1503 5149 1628 5203 licet
1676 5150 1954 5205 Christum
1987 5166 2120 5206 con-

557 5241 693 5296 ﬁteri
727 5256 789 5296 se
846 5241 1026 5296 dicant
1063 5259 1076 5295 :
1125 5241 1401 5310 quomodo
1448 5240 1724 5296 daemones
1754 5245 1918 5298 etiam
1950 5242 2120 5298 conﬁ-

553 5343 736 5388 tentur
772 5333 836 5398 ",
879 5332 1077 5401 inquit,
1129 5331 1428 5397 Christum,
1470 5330 1626 5388 factis
1671 5348 1800 5388 vero
1825 5346 2024 5405 negant
2053 5335 2116 5390 ".

553 5426 747 5497 Magna
775 5425 959 5496 igitur,
985 5423 1205 5488 fratres,
1229 5426 1479 5496 impietas
1502 5425 1742 5490 illorum,
1777 5435 1831 5480 et
1860 5426 2117 5496 praeclara

554 5517 825 5574 confessio
875 5527 1087 5577 nostra.
1146 5517 1318 5572 nihilo
1357 5517 1581 5571 inferior
1619 5535 1781 5587 quam
1821 5529 2116 5588 martyrum

556 5605 928 5676 antiquorum.
981 5604 1130 5660 State
1160 5605 1322 5677 igitur
1359 5607 1590 5673 fortiter,
1637 5608 1947 5664 nullatenus
1991 5611 2120 5662 titu-

2228 4613 2288 4663 ἐν
2331 4611 2499 4664 είκόνι
2530 4611 2622 4662 τὸν
2651 4611 2910 4678 ἄγγελον·
2954 4610 3142 4679 ὥσπερ
3171 4611 3266 4662 καὶ
3294 4611 3386 4662 τὸν
3417 4611 3674 4679 Χριστόν.
3735 4613 3818 4664 T6

2227 4704 2335 4773 γὰρ
2383 4703 2681 4772 ἀξιωθῆναι
2717 4703 2844 4756 ἰδεῖν
2870 4705 2927 4754 ὲν
2956 4703 3146 4772 Γραφῇ
3169 4702 3306 4766 ,ἴσον
3350 4703 3468 4754 ἐστὶ
3499 4702 3574 4772 τῷ
3613 4721 3813 4775 προσ-

2227 4799 2440 4850 κυνεῖν·
2480 4813 2499 4846 t
2547 4795 2808 4862 Ἐπείπερ
2847 4795 2940 4847 καὶ
2965 4795 2997 4864 ἡ
3024 4793 3124 4862 τῆς
3166 4795 3369 4856 είκόνος
3401 4794 3557 4864 τιμὴ,
3600 4797 3707 4849 ἐπὶ
3749 4799 3820 4851 τὸ

2228 4890 2583 4959 πρωτότυπον
2639 4887 2936 4951 ἁναὸαίνει,
2977 4906 2995 4939 ι
3047 4887 3122 4951 ὡς
3184 4887 3341 4939 πάλιν
3388 4889 3550 4956 φησὶν
3613 4891 3643 4942 6
3711 4891 3822 4961 μέ-

2231 4998 2333 5049 γας
2383 4979 2528 5052 [cod.
2566 4979 2700 5050 Reg.
2732 4979 2868 5048 φαίη
2911 4981 2939 5031 6
2985 4976 3150 5041 θεῖοςῖ
3193 4975 3493 5039 Βασίλειος,
3538 4977 3824 5050 Ἀρνηταὶ

2227 5069 2516 5140 τοιγαροῦν
2547 5071 2653 5122 είσι
2682 5068 2940 5139 Χριστοῦ,
2967 5068 3016 5119 οί
3066 5066 3166 5135 τῆς
3195 5065 3403 5128 εἰκόνος
3435 5065 3603 5118 αὑτοῦ
3639 5068 3786 5139 ὕϐρι
3809 5099 3825 5112 -

2230 5162 2372 5224 σταὶ,
2420 5160 2506 5212 διὰ
2541 5160 2641 5229 τῆς
2670 5162 2756 5213 ἐπ’
2794 5159 2961 5228 αὐτῆς
2992 5157 3300 5226 άθετήσεως
3327 5197 3341 5221 ,
3378 5157 3459 5218 εἰς
3493 5157 3662 5210 αὐτὸν
3707 5161 3820 5230 τὴν

2228 5251 2485 5319 ἀθέτησιν
2528 5252 2888 5322 ἀναφέροντες
2909 5267 2920 5281 ·
2953 5250 3055 5302 κᾶν
3082 5248 3314 5316 λέγωσιν
3341 5249 3628 5318 ὁμολογεῖν
3662 5252 3824 5322 Χρι-

2229 5340 2386 5393 στὸν·
2417 5339 2540 5392 ἐπεὶ
2564 5340 2745 5391 καὶτὰ
2782 5338 3038 5408 δαιμόνια
3069 5337 3412 5406 ὁμολογοῦσι,
3443 5338 3598 5407 φησὶ,
3637 5339 3820 5403 Θεὸν,

2226 5433 2336 5493 τοῖς
2377 5431 2432 5483 δὲ
2483 5432 2663 5501 ἔργοις
2711 5431 3020 5500 ἀρνοῦνται.
3073 5430 3231 5498 Μέγα
3275 5425 3387 5490 οὖν,
3438 5429 3706 5497 ἀδελφοὶ,
3755 5437 3826 5488 τὸ

2228 5521 2482 5590 άσέὀημα
2516 5522 2689 5574 αὐτῶν
2711 5539 2723 5552 ·
2757 5522 2848 5574 καὶ
2881 5522 3089 5591 μεγάλη
3117 5523 3150 5591 ἡ
3175 5520 3432 5590 ὁμολογία
3460 5523 3493 5591 ἡ
3505 5520 3627 5588 μῶν
3655 5540 3673 5555 ο
3710 5529 3824 5579 καὶ

2228 5612 2451 5667 οὐτίπου
2502 5612 2803 5666 ἀποδέουσα
2830 5611 2939 5663 τῶν
2980 5610 3144 5664 πάλαι
3174 5609 3482 5682 μαρτύρων.
3504 5609 3687 5679 Στῆτε
3717 5612 3830 5672 οὖν

632 5789 848 5848 ’Calat.
882 5805 934 5850 γ,
978 5792 1030 5853 6.
1105 5788 1126 5819 ³
1156 5785 1309 5841 Joan.
1345 5804 1380 5852 t,
1414 5787 1499 5841 Η.
1578 5787 1620 5818 ⁸⁸
1651 5786 1667 5840 Ι
1703 5785 1845 5844 Tim.
1885 5804 1961 5856 ttt,
1995 5789 2058 5843 l6

2227 5787 2339 5844 Jac.
2377 5806 2431 5852 tt,
2477 5791 2557 5844 l9.
2637 5791 2677 5821 "
2706 5790 2788 5845 Tit
2838 5808 2883 5860 δ,
2919 5790 3001 5846 l6.
