3934 6510
1357 464 1896 528 EPISTULARUM
1937 465 2090 528 LIB.
2159 465 2244 526 II-

212 476 325 543 μεθ
1357 464 1896 528 EPISTOLARUM
1937 465 2090 528 LIB.
2159 465 2244 526 II.
3302 461 3440 531 1490

212 586 454 660 κραταιῶς
480 581 626 655 [cod.
658 580 794 652 Reg.
827 576 1117 652 κραταιοὶ]
1151 577 1395 650 μηδόλως
1435 577 1758 643 ὀκλάζοντες

1889 585 2057 632 iantes
2113 576 2166 630 in
2210 575 2297 632 bis
2341 590 2464 648 quae
2501 589 2627 632 vera
2669 589 2794 632 esse
2835 574 3273 632 demonstratum
3303 583 3439 643 est;

209 679 319 750 περὶ
370 676 471 730 τῶν
523 675 629 746 ἥδη
691 667 1098 734 ἀποδεικτικῶς
1159 668 1578 739 ὴληθευμένωνο
1618 668 1754 724 ἀλλά

1889 670 1955 726 ed
2000 684 2105 740 pro
2151 669 2254 725 bac
2285 669 2393 725 ﬁde
2438 668 2742 726 certamina
2781 685 2959 740 usque
3004 668 3072 724 ad
3094 666 3440 740 sanguinem.

207 770 351 840 ταύτῃ
377 772 438 840 τῇ
476 768 658 821 πίστει
692 763 885 836 μέχρις
917 763 1150 833 αἵματος
1173 802 1188 828 ,
1223 764 1273 816 εί
1317 760 1510 831 καλοίη
1541 761 1751 832 καιρὸς,

1889 762 1906 816 i
1960 777 2052 818 res
2101 763 2303 834 exigat,
2349 775 2458 816 non
2508 762 2858 833 refugientes.
2915 761 3058 817 Hinc
3101 762 3350 816 exoritur
3385 771 3444 817 et

208 862 528 930 ὑποδυόμενοι
579 860 704 924 τοὺς
737 856 981 927 ἀγῶνας.
1019 855 1300 910 Ἐντεῦθεν
1343 853 1624 911 ἀνατέλλει
1661 855 1757 908 καὶ

1889 852 2042 909 ucida
2073 853 2206 919 vita,
2233 869 2299 908 ex
2335 854 2450 909 sole
2488 853 2571 908 sol
2599 873 2612 921 ;
2664 854 2896 909 alterum
2927 851 3198 924 siquidem
3216 852 3446 909 alterius

208 960 232 1012 6
256 955 451 1027 φαεινὸς
475 954 613 1025 βίος,
646 954 706 1020 ἐξ
734 952 888 1024 ἡλίου
917 952 1071 1023 ἥλιος
1091 967 1106 982 ο
1143 951 1377 1021 ἐπείπερ
1404 949 1633 1022 θάτερον
1663 950 1758 1005 θα-

1889 947 2126 1002 ndicium
2163 960 2286 1002 esse
2318 945 2487 1002 frater
2521 946 2735 1001 Domini
2785 946 3164 1016 comprobavit
3194 947 3262 1002 “.
3306 944 3446 1000 Dili-

203 1049 341 1119 τέρου
385 1044 680 1118 μαρτύριον
735 1045 763 1096 6
815 1041 1139 1112 ἀδελφὸθεος
1187 1040 1534 1112 ἀποδέδειχεν
1587 1036 1748 1095 εἶναι.

1889 1039 1971 1103 ;ite
2009 1039 2178 1095 Deum
2218 1053 2285 1095 ex
2323 1039 2453 1096 totis
2479 1039 2656 1096 tribus
2708 1038 3056 1095 facultatibus
3088 1039 3446 1110 quemadmo-

215 1139 460 1207 ’Δγαπᾶτε
485 1137 578 1190 τὸν
617 1135 752 1196 Θεὸν
798 1134 859 1199 ὲξ
899 1132 1198 1204 ὁλοκλήρου
1235 1132 1344 1186 τῶν
1376 1131 1548 1204 τριῶν
1592 1131 1756 1185 δυνά-

1889 1135 1993 1189 lum
2045 1133 2291 1204 praecipit
2329 1134 2648 1190 mandatum
2682 1133 2747 1188 “.
2785 1133 3002 1206 Diligite
3034 1141 3091 1188 et
3151 1147 3247 1188 vos
3294 1133 3447 1203 ipsos

207 1246 351 1300 μεων,
404 1226 582 1292 καθὼς
614 1227 646 1296 η
677 1224 866 1295 ἐντολὴ
899 1223 1138 1278 κελεύει.
1187 1223 1464 1290 Ἀγαπᾶτε
1497 1223 1593 1276 καὶ
1629 1223 1757 1276 έαυ-

1889 1225 2016 1281 'elut
2052 1224 2298 1280 membra
2320 1223 2548 1281 Christi.
2594 1223 2660 1278 In
2692 1225 2790 1278 hoc
2814 1225 2976 1289 enim,
3008 1222 3104 1289 ait,
3135 1234 3447 1295 cognoscent

204 1323 315 1384 τοὺς
345 1321 414 1383 ὼς
441 1319 580 1390 μέλη
603 1317 864 1389 Χριστοῦ.
924 1318 1020 1370 Ἐν
1045 1317 1232 1379 τούτῳ
1258 1316 1389 1384 γὰρ,
1427 1316 1586 1386 φησὶ,
1610 1317 1760 1385 γνώ-

1889 1333 2065 1385 »ηιιιεε,
2116 1318 2244 1388 quia
2297 1317 2550 1386 discipuli
2599 1319 2703 1371 mei
2758 1319 2884 1372 estis
2911 1318 2958 1372 si
2990 1317 3328 1373 dilectionem
3346 1317 3448 1372 ha-

203 1427 391 1468 σοντιιι
415 1412 659 1479 πάντες,
689 1412 779 1466 ὅτι
825 1411 956 1481 ἐμοὶ
980 1410 1244 1480 μαθηταί
1274 1411 1440 1475 ἐστε,
1471 1408 1580 1462 ἐὰν
1610 1407 1760 1478 ἀγά-

1889 1411 2082 1464 νιιετὶιὶσ
2127 1411 2196 1463 ad
2257 1410 2480 1464 invicem
2513 1410 2578 1464 “.
2623 1409 2808 1464 Fidem
2850 1410 3050 1466 habete
3089 1408 3391 1480 praeposito
3429 1425 3444 1464 :

1867 1516 2030 1557 nemo
2078 1501 2152 1558 sit
2181 1501 2277 1572 qui
2327 1515 2388 1556 se
2416 1500 2494 1555 illi
2544 1514 2655 1556 non
2715 1501 2924 1571 aperiat
2954 1518 2969 1556 :
3003 1501 3096 1572 qui
3125 1500 3278 1556 enim
3321 1500 3446 1554 talis

1867 1605 1952 1651 est
1983 1603 2292 1664 serpentem
2313 1594 2503 1648 nutrit.
2530 1591 2724 1649 Nullus
2750 1593 2983 1663 tepidam
3028 1591 3187 1647 ﬁdem
3215 1591 3446 1647 habeat:

1867 1689 1960 1760 qui
1995 1689 2140 1743 enim
2175 1689 2300 1742 talis
2339 1695 2443 1751 est,
2467 1687 2512 1741 is
2557 1685 2794 1756 Spiritus
2823 1686 2999 1742 sancti
3039 1683 3309 1741 fervorem
3340 1699 3450 1740 non

206 1796 342 1845 στος·
371 1783 398 1835 6
427 1782 537 1854 γὰρ
563 1779 807 1843 τοιοῦτος
841 1779 1110 1850 ἀμέτοχος
1136 1777 1236 1846 τῆς
1274 1776 1367 1829 τοῦ
1400 1775 1560 1842 ἁγίου
1587 1773 1762 1828 Πνεύ-

1889 1779 2177 1850 iarticipat.
2223 1777 2417 1834 Nullus
2454 1778 2594 1834 clam
2649 1780 2789 1835 bona
2820 1779 3103 1849 possideat
3137 1796 3151 1834 :
3182 1777 3276 1849 qui
3304 1775 3450 1833 enim

209 1887 357 1941 ματος
383 1871 606 1936 ζέσεως.
639 1870 846 1940 Μηδεὶς
911 1869 1340 1940 κρυφιοκτήμων
1359 1881 1372 1896 ο
1395 1867 1424 1918 6
1452 1865 1563 1937 γὰρ
1587 1863 1763 1919 τοιοῦ-

1889 1869 1996 1925 alis
2033 1878 2139 1932 est.
2168 1869 2421 1924 occultus
2456 1877 2543 1924 est
2584 1867 2778 1925 Iudas.
2806 1867 3000 1924 Nullus
3027 1868 3266 1939 pr0prize
3289 1874 3451 1922 tenax

205 1937 284 2024 τος
315 1937 740 2033 Ὶουδοκλέπτηςι
757 1937 964 2030 Μηδεὶς
985 1937 1322 2029 ίδιόγνωμος·
1349 1958 1378 2010 6
1398 1956 1506 2028 γὰρ
1524 1955 1762 2020 τοιοῦτος

1889 1960 2155 2015 sententia:
2186 1960 2262 2015 sit
2288 1977 2303 2015 :
2327 1959 2420 2030 qui
2446 1960 2591 2015 enim
2633 1960 2757 2014 talis
2784 1969 2888 2023 est,
2937 1937 3094 2015 extra
3121 1937 3453 2014 monachum

205 2050 548 2125 ἑξωμόναχος.
581 2053 787 2121 Μηδεὶς
815 2051 1282 2124 παῤῥησιοποιός·
1323 2051 1352 2104 6
1385 2050 1495 2128 γὰρ
1528 2047 1767 2112 τοιοῦτος

1889 2057 1973 2106 est.
1998 2047 2216 2105 Nullius
2248 2064 2429 2105 sermo
2455 2048 2528 2105 sit
2561 2049 2811 2104 licentior
2844 2065 2858 2114 ;
2895 2048 2989 2118 qui
3021 2047 3168 2104 enim
3203 2046 3328 2103 talis
3346 2054 3452 2112 est,

206 2142 583 2218 φθορεργάτης.
619 2142 828 2216 Μηδεὶς
866 2141 1242 2213 κλεψιφάγος·
1291 2143 1321 2196 6
1363 2142 1474 2212 γὰρ
1527 2140 1768 2204 τοιοῦτος

1889 2141 2172 2210 Jerniciem
2216 2148 2496 2210 operatur.
2538 2138 2732 2195 Nullus
2775 2139 2961 2194 furtim
3022 2139 3275 2195 comedat
3311 2155 3327 2206 ;
3360 2138 3456 2211 qui

204 2235 516 2308 δουλόμοιος.
547 2237 757 2306 Μηδεὶς
781 2235 853 2289 ἐν
871 2234 1087 2306 μηδενὶ
1112 2234 1323 2303 διδοὺς
1363 2233 1731 2307 προσκοπήν
1750 2249 1765 2265 ο

1889 2234 2014 2290 :nim
2049 2233 2172 2288 talis
2215 2240 2320 2297 est,
2356 2246 2575 2287 servum
2626 2231 2894 2286 imitatur.
2939 2228 3136 2287 Nullus
3163 2231 3221 2285 in
3257 2229 3372 2285 ulla
3401 2245 3460 2286 re

206 2327 293 2382 ira
315 2327 400 2398 μὴ
419 2326 674 2398 μωμηθῇ
701 2328 740 2396 ἠ
774 2326 1085 2392 διακονία,
1127 2327 1200 2390 ὠς
1231 2326 1330 2398 βοᾷ
1361 2328 1389 2381 6
1425 2324 1766 2387 Ἀπόστολοςο

1889 2324 1956 2378 let
1978 2324 2316 2393 o/fensionem
2342 2363 2357 2388 ,
2413 2331 2474 2376 ut
2537 2339 2643 2376 non
2694 2324 3019 2395 vituperetur
3051 2323 3409 2377 ministerium
3439 2361 3455 2387 ,

207 2419 330 2474 ἀλλ’
357 2420 426 2473 ἐν
458 2419 642 2473 παντὶ
704 2417 1019 2474 συνιστῶν
1051 2416 1275 2474 ἑαυτὸν
1302 2418 1381 2485 ὠς
1407 2417 1557 2472 Θεοῦ
1580 2414 1773 2470 διάκο-

1889 2416 2015 2470 εἱουι
2069 2415 2271 2470 clamat
2323 2415 2670 2484 Apostolus;
2726 2415 2816 2469 sed
2850 2416 2905 2468 in
2930 2415 3172 2470 omnibus
3215 2415 3460 2470 exhibeat

204 2526 318 2575 rer,
341 2511 408 2564 ὲν
434 2510 716 2581 ὑπομονῇ
745 2510 948 2580 πολλῇ
972 2550 988 2576 ,
1017 2511 1088 2566 ἐν
1116 2511 1422 2580 θλίψεσιν,
1462 2509 1532 2563 ἐν
1559 2525 1770 2563 στενο-

1889 2510 2100 2577 :cipsum
2124 2509 2264 2562 sicut
2293 2506 2391 2562 Dei
2420 2508 2744 2571 ministrum,
2777 2509 2832 2562 in
2876 2512 3045 2563 multa
3098 2509 3380 2578 patientia,
3402 2509 3460 2564 in

207 2605 456 2671 χωρίοις,
491 2605 588 2658 καὶ
620 2605 733 2666 τοῖς
767 2604 996 2669 λοιποῖς,
1024 2597 1106 2667 οἷς
1133 2602 1297 2666 αὐτὸς
1321 2601 1768 2673 ἁπηριθμήσατο,

1889 2600 2330 2669 tribulationibus,
2387 2601 2446 2655 in
2501 2602 2765 2671 angustiis
2801 2603 2866 2667 “,
2909 2609 2965 2657 et
3017 2603 3265 2674 reliquis,
3336 2618 3462 2674 qua:

205 2693 535 2766 καταρτίζων
577 2695 668 2748 τὸν
703 2693 957 2764 ἀληθινὸν
1000 2695 1349 2765 Χριστιανόν.
1381 2693 1444 2746 El
1489 2693 1550 2746 δὲ
1589 2694 1618 2745 6
1669 2692 1774 2744 ὑπ-

1896 2693 2020 2749 dem
2051 2703 2320 2761 recenset,
2350 2695 2640 2764 perliciens
2662 2710 2852 2749 verum
2876 2695 3277 2752 Christianum.
3302 2696 3463 2765 Quod

203 2786 352 2857 ήκως
391 2787 570 2851 οὕτως
593 2804 607 2817 ο
653 2787 707 2839 τί
733 2788 826 2840 καὶ
855 2787 1023 2842 πόσον
1065 2789 1350 2847 ἀπαιτοῖτο
1373 2789 1401 2842 6
1425 2786 1773 2860 καθηγούμει

1889 2787 1921 2843 si
1958 2787 2074 2842 haec
2112 2802 2144 2840 a
2175 2788 2395 2843 subdito
2422 2827 2438 2853 ,
2489 2787 2687 2857 ecquid
2737 2798 2792 2843 et
2836 2800 3104 2860 quantum
3147 2790 3464 2862 requiratur

205 2894 301 2944 νος,
330 2878 496 2942 τύπος
529 2877 733 2947 ἀγαθὸς
758 2872 832 2930 ὧν
872 2877 1116 2932 διδάσκει
1146 2877 1380 2948 ὀφείλων
1414 2878 1770 2947 προκεῖσθαι;

1889 2893 1908 2935 ι
1964 2877 2278 2948 praeposito,
2319 2880 2414 2949 qui
2465 2879 2534 2935 iis
2560 2894 2700 2950 quos
2722 2880 2898 2948 docet,
2943 2889 3204 2950 tanquam
3246 2881 3463 2955 egregia

203 2969 377 3039 Μέγας
413 2972 442 3024 6
469 2969 656 3039 ἀγών·
703 2969 842 3024 ἀλλά
882 2970 975 3023 καὶ
1020 2971 1050 3024 ὁ
1099 2969 1286 3041 μισθὸς
1317 2968 1770 3039 ἁπειροπλάσιος,

1889 2966 2053 3022 Forma
2102 2967 2335 3037 proponi
2377 2967 2535 3024 debet
2566 2969 2590 3023 ἲ
2634 2969 2889 3040 Magnum
2922 2979 3199 3026 certamen
3234 2972 3374 3026 :sed
3407 2979 3466 3028 et

206 3057 440 3130 βασιλεία
465 3060 738 3132 οὐρανῶν,
768 3055 837 3133 ἦς
866 3046 1230 3129 ἀξὶωθείημεν
1256 3061 1351 3112 καὶ
1379 3058 1642 3128 ἄρχοντες
1681 3063 1774 3111 καὶ

1889 3073 2088 3115 merces
2122 3059 2357 3125 inﬁnita,
2400 3075 2628 3132 regnum
2665 3063 2935 3117 caelorum
2966 3079 2982 3130 ;
3014 3077 3126 3134 quo
3161 3064 3375 3120 utinam
3406 3074 3464 3120 et

206 3151 508 3222 ἀρχόμενοι,
559 3152 722 3216 θείως
750 3151 1088 3224 βιοτεύοντες
1137 3152 1194 3204 ὲν
1226 3149 1448 3220 Χριστῴ
1485 3149 1660 3217 Ἰησοῦ
1697 3149 1775 3218 τῷ

1889 3151 2136 3219 praesides
2168 3161 2222 3208 et
2275 3152 2478 3208 subditi
2525 3152 2815 3221 donemur,
2870 3153 2984 3210 Deo
3019 3155 3183 3226 digne
3213 3155 3463 3213 viventes

205 3244 378 3316 Κυρίῳ
407 3239 668 3320 ἡμῶν.ᾯ
695 3247 730 3319 ἡ
757 3245 886 3312 δόξα
921 3244 1100 3298 καὶτὸ
1129 3242 1332 3313 κράτος
1361 3243 1458 3295 σὺν
1487 3242 1566 3312 τῷ
1596 3243 1774 3312 Πατρὶ

1889 3261 1930 3298 ill
1950 3242 2168 3299 Christo
2200 3242 2326 3299 Jesu
2356 3244 2589 3300 Domino
2630 3255 2839 3311 nostro,
2868 3245 2959 3301 cui
2990 3246 3168 3318 gloria
3199 3255 3255 3304 et
3293 3249 3466 3319 impe-

205 3337 287 3387 καὶ
326 3337 405 3408 τῷ
459 3339 605 3410 ἁγίῳ
645 3336 950 3409 Πνεύματι,
985 3334 1081 3390 νῦν
1123 3335 1218 3390 καὶ
1260 3335 1370 3403 ἀεὶ,
1407 3333 1501 3387 καὶ
1526 3335 1606 3397 είς
1649 3335 1773 3400 τοὺς

1889 3336 2027 3388 rium
2063 3351 2189 3390 cum
2237 3333 2395 3391 Patre
2424 3343 2480 3390 et
2507 3346 2699 3392 sancto
2729 3336 2938 3408 Spiritu
2974 3353 3125 3395 nunc
3151 3347 3208 3396 et
3224 3354 3462 3412 semper,

207 3426 392 3494 ultima;
424 3429 540 3485 τῶν
572 3430 809 3484 αἰώνων.
851 3429 1046 3499 ’Δμήν.

1889 3436 1937 3481 et
1966 3427 2018 3481 in
2046 3427 2244 3482 saecula
2276 3429 2627 3487 saeculorum.
2665 3431 2861 3486 Amen.
2897 3464 2913 3479 .

330 3543 481 3598 PNZ'
514 3543 651 3617 (49).
677 3541 1046 3607 -Ἅντωνίῳ
1071 3540 1151 3608 τῷ
1185 3541 1541 3613 Δυρῤαχιου.
1567 3538 1770 3612 Ῐχμθ’.]

2158 3542 2359 3599 CLVII.
2389 3574 2462 3585 —
2489 3547 2720 3602 Antonio
2747 3545 3070 3618 Dyrrhachii
3101 3546 3191 3621 (⁸).

1307 3661 1384 3712 De
1414 3659 1658 3724 baptismo
1678 3657 1763 3722 qui
1798 3659 1853 3709 iit
1878 3671 1942 3710 ex
1973 3660 2293 3713 necessitate.

205 1521 312 1574 πην
353 1506 519 1576 ἔχετε
574 1506 645 1560 ἐν
674 1503 994 1573 ἀλλήλοις.
1039 1501 1142 1556 Διά
1183 1501 1420 1565 πίστεως
1467 1499 1632 1569 ἄγετε
1669 1499 1762 1554 τὸν

205 1596 588 1668 καθηγούμενον
639 1597 832 1668 ὑμῶν·
885 1593 1076 1666 μηδεὶς
1136 1592 1279 1647 ἔστω
1334 1591 1763 1661 ἀνεξαγόρευτος

205 1688 334 1759 αύτῷ
353 1705 367 1720 ·
398 1692 425 1744 6
454 1688 563 1761 γὰρ
589 1687 832 1752 τοιοῦτος
859 1685 1203 1758 ὀφιοτρόφος.
1239 1684 1447 1754 Μηδεὶς
1473 1684 1763 1754 χλιαρόπι-

281 3771 405 3842 Ὀψὲ
440 3771 543 3844 μὲν
570 3768 666 3824 τοῦ
694 3767 913 3840 καιροῦ,
960 3768 1113 3839 ὅμως
1142 3768 1226 3822 ὅτι
1254 3768 1633 3841 κατελάϐομεν
1670 3767 1775 3822 τῶν

207 3863 365 3918 πάλαι
392 3861 804 3934 γεγραμμένων
822 3859 1111 3930 ἐπιστολὴν
1137 3859 1329 3931 τιμίαν
1351 3859 1445 3914 τοῦ
1474 3858 1779 3927 ἀγιωτάτου

209 3955 353 4027 ἡμῶν
383 3956 625 4027 Πατρὸς,
655 3953 798 4009 πάνυ
823 3952 1074 4026 ⁴ἥσθημεν
1101 3953 1152 4005 oi
1182 3951 1450 4005 ταπεινοί·
1483 3951 1639 4005 οὐδὲν
1668 3949 1779 4022 γὰρ

207 4050 367 4116 οὕτως
401 4052 616 4106 συνδεῖν
648 4047 791 4105 οἶδεν
837 4051 1062 4120 ἀγάπην
1091 4050 1186 4104 καὶ
1213 4048 1640 4104 ἀδιασκέδαστον
1673 4065 1777 4116 φυ-

210 4141 413 4196 λάττειν
432 4181 450 4209 ,
478 4143 555 4207 ὡς
583 4140 966 4211 ἀντιδιδομένη
999 4140 1263 4204 διάθεσις.
1305 4139 1471 4193 Ἀλλά
1493 4139 1544 4191 τί
1573 4141 1656 4192 ὅτι
1682 4137 1774 4193 οὔ·

205 4251 324 4301 τως,
350 4229 395 4290 ὧ
441 4236 704 4300 δέσποτα,
750 4230 885 4307 ἧρες
921 4235 996 4306 τῷ
1045 4233 1470 4303 ἐγκωμιαστικῷ
1500 4231 1643 4303 λόγῳ
1680 4234 1780 4303 τῆς

209 4329 508 4400 πολνσόφου
556 4347 651 4384 σου
708 4328 997 4400 γλώττης,
1025 4328 1094 4381 τά
1127 4327 1249 4380 καθ’
1295 4327 1447 4398 ἡμᾶς
1493 4326 1619 4389 τοὺς
1653 4325 1778 4396 μηδ’

206 4419 374 4474 ὁτιοῦν
401 4420 609 4490 ἀγαθὸν
651 4418 914 4490 ἐχοντας;
953 4419 1024 4472 "H
1077 4417 1295 4480 πάντως
1325 4419 1359 4488 ἡ
1390 4416 1580 4486 ἀγάπη
1610 4416 1777 4480 αἰτία¹

1890 4432 2118 4487 prorsus
2177 4419 2443 4490 cbaritas,
2501 4436 2631 4479 vera
2671 4423 3046 4494 supprimens,
3094 4436 3149 4482 et
3186 4442 3310 4498 quae
3355 4443 3470 4485 non

210 4510 512 4567 κλέπτουσα
541 4513 589 4565 τ’
637 4510 813 4581 ἀληθῆ
838 4549 853 4573 ,
884 4511 979 4563 καὶ
1010 4509 1080 4564 τά
1129 4509 1204 4581 μὴ
1237 4509 1370 4563 ὅντα
1400 4508 1475 4572 ὡς
1505 4508 1635 4561 ὄντα
1672 4509 1777 4569 τοῖς

1890 4519 2042 4577 sunt,
2091 4523 2157 4566 ac
2200 4511 2248 4566 si
2291 4521 2498 4582 essent,
2547 4513 2740 4570 amicis
2797 4514 3114 4585 adaptatis?
3150 4517 3272 4575 Nisi
3320 4519 3472 4592 quod

208 4604 550 4676 φιλουμένοις
604 4605 969 4668 ἀνάπτουσα;
1024 4602 1172 4673 Πλὴν
1221 4603 1303 4655 ὅτι
1356 4603 1415 4654 ὲν
1460 4600 1635 4670 τούτῳ
1687 4600 1777 4652 καὶ

1893 4601 2157 4658 habemus
2209 4616 2263 4659 et
2293 4620 2395 4660 nos
2426 4606 2573 4662 istud
2604 4616 2752 4662 certe
2788 4606 3126 4678 (dicendum
3156 4620 3244 4666 est
3273 4613 3420 4668 enim
3445 4612 3468 4684 )

208 4695 358 4763 ἡμεῖς
391 4698 592 4768 ἔχομεν
624 4691 1103 4768 (είρήσεταιγάρ),
1133 4694 1181 4745 εί
1218 4693 1291 4763 μὴ
1325 4690 1693 4761 ἀπατώμεθα,
1723 4691 1777 4744 τι

1889 4694 2052 4765 quod,
2088 4695 2132 4752 si
2186 4712 2299 4754 non
2345 4699 2604 4765 fallimur,
2648 4699 2842 4756 fratres
2880 4710 3168 4772 patresque
3218 4719 3471 4764 amamus

209 4789 456 4860 στέργειν
499 4792 594 4844 καὶ
641 4791 866 4861 ἀγαπᾷν
894 4788 1023 4851 τοὺς
1068 4786 1330 4855 ἀδελφοὺς
1368 4787 1464 4838 καὶ
1510 4785 1777 4857 ΙΙατέρας,

1889 4796 1939 4842 et
1990 4787 2292 4858 diligimus,
2347 4806 2444 4846 eos
2497 4793 2800 4861 praesertim
2851 4794 2946 4865 qui
2977 4783 3188 4852 similes
3213 4807 3342 4854 sunt
3370 4799 3471 4866 tui,

209 4882 293 4933 καί
316 4899 378 4950 γε
409 4885 538 4947 τοὺς
587 4878 701 4949 οἷος
749 4885 815 4939 σὺ
863 4879 946 4948 εἴ,
978 4880 1151 4936 ἕλκων
1196 4883 1261 4952 τῇ
1312 4879 1640 4952 χρηστότητι
1676 4878 1777 4933 τῶν

1889 4881 1977 4949 qui
2034 4881 2248 4953 egregia
2303 4897 2521 4938 morum
2569 4885 2841 4955 probitate
2891 4887 2945 4941 in
2997 4903 3241 4944 amorem
3284 4890 3474 4948 trahas

208 4971 420 5040 ἀγαθῶν
474 4975 696 5045 τρόπων
753 4974 888 5044 πρὸς
937 4973 1124 5042 φιλίαν
1166 4972 1262 5025 καὶ
1305 4972 1397 5024 τὸν
1442 4968 1777 5040 ἠγριωμένον

1892 4973 2056 5026 etiam
2108 4975 2340 5043 agrestis
2391 4976 2596 5049 ingenii
2662 4977 2962 5035 hominem.
3013 4981 3194 5051 Atque
3236 4982 3351 5038 haec
3405 4983 3476 5040 de

209 5065 342 5135 ἠθει.
374 5067 570 5122 Ταῦτα
601 5067 701 5139 μὲν
738 5061 832 5119 οὖν
862 5067 995 5137 παρ’
1021 5064 1353 5136 ἀμφοτέρων
1378 5063 1533 5133 ἡμῶν
1568 5065 1634 5132 τῇ
1663 5063 1777 5133 ἱερᾷ

1896 5074 2127 5134 utroque
2153 5079 2428 5133 nostrum,
2464 5084 2625 5124 sacro
2656 5070 2846 5126 vertici
2891 5080 2986 5126 tuo
3015 5087 3210 5142 pauca,
3243 5073 3310 5128 ad
3339 5089 3472 5145 pro-

210 5174 294 5212 σου
344 5163 568 5232 κορυφῇ
619 5159 848 5231 βραχέσι
896 5157 1188 5220 συλλαϐαῖς
1237 5155 1631 5227 ἀμειψαμένων
1685 5156 1777 5223 τὴν

1893 5155 2058 5210 lixam
2088 5165 2143 5210 et
2183 5157 2506 5230 locupletem
2540 5163 2826 5232 epistolam
2870 5163 3103 5220 breviter
3134 5168 3474 5236 responden-

211 5251 533 5323 πολύστιχον
583 5253 681 5305 καὶ
744 5248 1043 5304 πολύολϐον
1093 5248 1401 5318 ἐπιστολήν.
1440 5249 1508 5301 Ἀ
1546 5247 1601 5300 δὲ
1649 5246 1777 5318 πρὸς

1893 5258 1994 5302 tes.
2043 5246 2176 5314 Quae
2227 5265 2358 5308 vero
2406 5252 2476 5308 ad
2515 5254 2701 5310 fratris
2728 5255 2928 5322 Erasti,
2985 5272 3148 5328 quem
3189 5269 3475 5328 accusant,

1961 3767 2096 3824 Sero
2137 3770 2381 3839 quidem,
2428 3772 2557 3842 quia
2587 3780 2768 3826 tamen
2812 3771 3021 3828 dudum
3046 3773 3309 3846 scriptam
3340 3791 3469 3833 san-

1886 3863 2120 3918 ctissimi
2160 3862 2340 3918 Patris
2385 3863 2561 3920 nostri
2607 3864 2895 3936 epistolam
2943 3867 3283 3938 accepimus,
3310 3869 3470 3928 valde

1887 3972 1988 4010 nos
2016 3957 2248 4011 humiles
2278 3957 2451 4028 gavisi
2518 3973 2730 4015 sumus.
2774 3957 2922 4015 Nihil
2946 3961 3094 4016 enim
3119 3962 3258 4018 adeo
3283 3962 3470 4020 cbari-

1887 4055 2052 4102 tatem
2081 4047 2358 4120 colligare,
2390 4050 2939 4122 indissolubilemque
2967 4067 3190 4110 servare
3212 4056 3374 4122 solet,
3402 4071 3470 4114 ac

1886 4139 2166 4209 reciproca
2189 4143 2645 4199 communicatio.
2673 4142 2782 4200 Sed
2809 4145 2944 4216 quid
2973 4146 3052 4202 ita
3077 4162 3200 4214 nos,
3221 4147 3469 4215 domine,

1886 4232 1978 4303 qui
2001 4233 2229 4289 omnino
2257 4234 2393 4290 nihil
2417 4235 2548 4290 boni
2572 4235 2862 4305 habemus,
2883 4239 3295 4298 encomiasticis
3320 4242 3471 4314 peri—

1887 4326 2111 4380 tissim-a2
2139 4327 2338 4398 lingua:
2372 4335 2478 4384 tua:
2520 4330 2704 4386 verbis
2747 4331 3036 4387 extulisti?
3068 4333 3153 4389 An
3191 4349 3360 4392 causa
3383 4346 3472 4395 est

210 5341 357 5410 ἡμῶν
390 5347 475 5408 είς
506 5342 808 5410 ἀπολογίαν
836 5342 936 5412 τῆς
967 5340 1098 5412 περὶ
1132 5340 1224 5392 τὸν
1255 5337 1484 5408 ἀδελφὺν
1523 5339 1792 5408 Ἔραστον

213 5436 542 5508 ίγκλὴσεως,
594 5437 652 5488 ὲν
708 5432 947 5497 τούτοις.
994 5433 1211 5503 Ἡμεῖς,
1265 5429 1546 5502 ἱερώτατε,
1592 5432 1640 5482 εἰ
1699 5431 1794 5482 καὶ

211 5524 374 5593 ἄλλως
405 5527 649 5588 εὐτελεῖς
699 5527 889 5596 ἐσμεν,
943 5525 1007 5579 οὐ
1062 5523 1170 5596 μὴν
1223 5522 1396 5587 οὕτως
1443 5519 1712 5593 ἀμαθεῖς,
1756 5520 1790 5592 ἢ

274 5664 318 5696 ’⁸
348 5665 472 5721 Jac.
510 5680 573 5728 ιι,
605 5662 696 5719 l8.
775 5662 820 5695 ιδ
849 5661 1037 5719 Matth.
1091 5675 1205 5718 χιιι
1254 5659 1346 5716 27.
1427 5656 1780 5725 "103mm,
1818 5657 1907 5713 '53.

1892 5338 2268 5396 defensionem
2318 5343 2610 5408 habemus.
2658 5347 2776 5403 haec
2813 5355 2963 5404 sunt.
3011 5347 3143 5418 Nos,
3174 5350 3258 5404 vir
3286 5365 3478 5406 sacra-

1895 5430 2126 5495 tissime,
2167 5434 2271 5488 etsi
2330 5435 2465 5491 viles
2501 5437 2704 5508 alioqui
2738 5455 2948 5507 sumus,
2979 5455 3090 5495 non
3126 5449 3309 5496 tamen
3335 5439 3476 5498 adeo

1894 5525 2153 5595 imperiti,
2185 5537 2281 5582 aut
2327 5529 2635 5586 divinarum
2697 5533 3150 5591 constitutionum
3227 5541 3477 5588 contem-

1990 5663 2031 5692 ⁸⁵
2064 5663 2078 5714 Ι
2115 5663 2240 5718 Cor.
2273 5680 2346 5730 νι,
2378 5665 2433 5729 3,
2469 5665 2520 5721 4.

1719 5775 1946 5834 NOTAE.

275 5897 390 5971 ([9)
425 5898 486 5956 ιιι
511 5897 636 5955 cod.
685 5897 816 5966 lleg.
851 5897 966 5967 ριθ’.

1939 5892 2011 5964 (Ἴ
2047 5892 2357 5966 Dogmatica
