3934 6496
462 365 595 432 1491

1647 368 1708 428 S.
1746 363 2139 427 THEODORI
2181 366 2523 428 8ΤΙΠΠΤιΕ

3587 372 3722 437 1492

457 489 666 550 ptores,
721 483 784 531 ut
832 474 1107 546 discipulo
1167 483 1382 544 nostro,
1448 484 1604 532 extra
1669 475 2072 540 sacerdotium,

2179 475 2250 528 ὢν
2279 476 2438 528 θείων
2467 474 2741 545 διαταγῶν
2786 477 3197 547 καταφρονηταὶ
3229 521 3243 543 ,
3274 478 3349 540 ὡς
3379 478 3724 535 ἐντείλασθαι

459 566 778 629 constituto.
837 567 1260 638 praciperemus
1303 575 1367 623 ut
1395 584 1517 638 quae
1563 568 1868 623 sacerdotis
1895 577 2044 634 sunt,

463 659 682 729 aggredi
705 658 954 724 auderet,
977 675 1043 716 ac
1064 661 1293 732 proinde
1321 661 1578 730 parvulos
1598 661 1898 730 baptizare.
1922 659 2049 715 Haec

463 753 610 806 enim
631 762 716 809 est
745 755 1049 809 accusatio.
1095 753 1253 820 Quod
1303 755 1350 808 si
1400 755 1750 810 necessitatis
1811 757 1948 808 ratio
1994 753 2049 808 id

464 844 716 916 exigebat
755 846 824 901 iis
874 845 1092 910 diebus,
1133 847 1190 901 in
1239 847 1442 916 quibus
1511 847 1739 903 ha‘resis
1785 847 2049 916 populum

467 936 735 993 seducens
783 937 1140 1008 grassabatur
1184 954 1200 1003 ;
1253 941 1603 1008 maximeque
1663 939 1716 992 in
1761 940 2050 1008 praeteritis

465 1029 986 1100 deprmdationibus,
1017 1030 1237 1100 quando
1261 1031 1312 1088 ei
1342 1031 1438 1101 qui
1486 1031 1590 1086 sibi
1623 1041 1840 1086 cautum
1871 1033 2049 1097 vellet,

469 1136 573 1176 nec
601 1130 755 1176 extra
789 1122 1140 1177 domunculae
1192 1123 1429 1178 latebras
1461 1117 1780 1193 prOspicere
1806 1123 2006 1179 licebat
2035 1141 2050 1189 ;

469 1226 582 1267 non
615 1226 861 1282 possum,
893 1227 993 1282 pro
1039 1215 1236 1284 exigua
1283 1228 1404 1268 mea
1456 1214 1838 1285 intelligentia,
1878 1230 2055 1285 neque

472 1302 620 1358 hunc
653 1303 1007 1371 monachum,
1039 1319 1217 1375 neque
1241 1306 1410 1362 alium
1453 1306 1720 1362 damnare
1752 1324 1767 1374 ;
1802 1308 2053 1378 quando-

473 1397 695 1466 quidem
723 1411 793 1451 ex
844 1397 1193 1464 necessitate,
1234 1398 1369 1469 legis
1429 1414 1648 1469 quoque
1697 1401 1949 1455 mutatio.
1987 1401 2058 1455 Et

473 1487 694 1557 quidem
740 1487 938 1558 priscis
990 1489 1330 1557 temporibus
1378 1490 1506 1544 talia
1557 1490 1697 1546 facta
1727 1491 2055 1559 cernimus;

475 1590 642 1650 atque
670 1580 819 1635 hunc
847 1594 1011 1635 arena
1060 1581 1261 1646 infusa,
1299 1582 1354 1636 in
1378 1583 1618 1647 deserto,
1645 1598 1712 1638 eo
1742 1584 1886 1654 quod
1911 1599 2058 1638 mors

477 1671 728 1735 instaret,
766 1671 1074 1741 baptizasse
1101 1682 1156 1726 et
1215 1672 1548 1742 baptizatum
1580 1688 1721 1737 esse,
1781 1683 1836 1728 et
1890 1674 2058 1727 alium

477 1764 637 1820 aliter
670 1781 686 1820 :
715 1779 816 1819 nec
844 1779 974 1820 vero
1007 1765 1398 1836 perfectionem
1444 1775 1592 1820 tuam
1621 1765 1810 1832 latent,
1841 1781 1963 1836 qua:
1991 1766 2058 1820 ad

480 1863 734 1909 sanctum
790 1863 1035 1925 spectant
1099 1855 1486 1910 Athanasium.
1543 1857 1795 1910 Attamen
1837 1857 2064 1927 puerilis

482 1945 627 2000 actio
671 1961 704 2001 a
752 1946 1070 2002 beatissimo
1105 1946 1416 2001 Alexandro
1471 1956 1789 2016 conspecta,
1845 1956 2062 2017 recepta

481 2045 568 2092 est
592 2047 854 2110 tanquam
884 2038 1146 2094 divinitus
1174 2040 1312 2095 facta
1344 2055 1358 2092 :
1396 2047 1451 2093 et
1490 2042 1584 2108 qui
1611 2041 1868 2107 initiavit,
1910 2040 2064 2096 habi-

486 2141 576 2185 tus
602 2146 702 2201 pro
725 2131 1008 2187 sacerdote
1036 2147 1052 2197 ;
1084 2139 1139 2186 et
1167 2131 1261 2201 qui
1283 2131 1550 2196 initiatus,
1599 2147 1695 2201 pro
1725 2143 2063 2202 regenerato,

483 2237 799 2293 quanquam
831 2223 973 2278 nulla
1012 2233 1138 2279 tunc
1179 2233 1300 2280 erat
1345 2227 1667 2280 necessitas.
1707 2223 1811 2279 Sed
1836 2235 1890 2280 et
1913 2235 2065 2281 sexta

485 2315 730 2386 synodus
761 2315 816 2368 in
855 2314 1057 2370 divinis
1088 2315 1392 2372 canonibus
1416 2316 1682 2386 permittit
1712 2316 1778 2380 ",
1808 2327 1868 2371 ut
1897 2317 2068 2372 laicus

486 2423 554 2463 ex
583 2409 932 2472 necessitate,
966 2408 1014 2464 si
1052 2423 1160 2463 non
1190 2409 1334 2463 adsit
1359 2409 1638 2473 sacerdos,
1677 2409 1781 2463 sibi
1813 2411 1915 2478 ipsi
1945 2426 2069 2480 por-

487 2501 628 2572 rigat
676 2512 1064 2558 sacramenta:
1107 2501 1253 2570 quod
1320 2501 1541 2572 quidem
1597 2503 1733 2557 citra
1790 2513 2069 2573 urgentem

487 2594 758 2651 rationem
786 2610 896 2649 non
931 2603 1016 2650 est
1043 2594 1439 2663 recipiendum.

558 2685 741 2757 Quare
795 2686 844 2742 si
891 2687 996 2742 hoc
1045 2690 1205 2743 modo
1251 2703 1339 2742 res
1381 2698 1532 2759 gesta
1561 2698 1644 2743 est
1676 2706 1691 2754 ;
1728 2690 1967 2760 ignosce,
1989 2691 2073 2744 vir

491 2779 941 2844 lionoratissime,
997 2796 1108 2834 non
1158 2781 1428 2835 audemus
1471 2791 1663 2850 prater
1689 2797 1752 2836 ea
1785 2798 1907 2852 quae
1937 2782 2073 2837 divi-

489 2874 642 2927 nitus
674 2886 704 2924 a
737 2870 994 2927 Patribus
1034 2879 1333 2926 monstrata
1377 2882 1526 2937 sunt,
1563 2873 1744 2928 dicere
1774 2875 2070 2945 quidquam

489 2969 587 3016 aut
635 2961 1054 3030 reprehendere.
1101 2960 1439 3031 Comprobat
1481 2973 1663 3017 autem
1725 2962 1944 3018 fratrem
1994 2966 2076 3021 sic

490 3053 711 3120 fecisse,
763 3055 926 3125 idque
978 3069 1180 3124 magno
1222 3071 1348 3109 cum
1374 3055 1544 3109 animi
1578 3070 1802 3126 angore,
1838 3059 2072 3126 primum

2153 567 2370 640 μαθητῇ
2416 553 2574 638 μῶν
2606 568 2711 634 ἔξω
2748 570 3047 641 ἱερωσύνης
3075 570 3343 638 τελοῦντι,
3371 573 3727 646 κατατολμᾷν

2149 663 2421 731 ἐγχειρεῖν
2451 660 2522 715 τὰ
2561 662 2659 731 τῆς
2709 661 3042 732 ἱερωσύνης,
3097 663 3392 719 κάντεῦθεν
3439 665 3728 737 βαπτίζειν

2149 751 2341 805 παιδία
2359 767 2373 781 ο
2401 752 2558 805 τοῦτο
2585 753 2696 823 γὰρ
2736 755 2798 807 τὸ
2826 753 3094 825 ἔγκλημα.
3129 755 3192 808 El
3221 755 3280 809 δέ
3306 758 3334 809 6
3367 755 3525 825 λόγος
3555 758 3732 824 ἀνάγ-

2152 862 2256 916 κης
2297 846 2578 917 ἀπῄτησεν
2617 847 2678 900 ἐν
2715 847 2942 910 ταύταις
2975 851 3094 911 ταῖς
3139 849 3402 918 ἡμέραις,
3441 851 3498 902 ἐν
3526 844 3615 912 αἷς
3641 850 3728 903 ατο

2155 956 2305 1010 ρεσις
2333 939 2654 1003 λαοπλάνος,
2683 940 2775 993 καὶ
2817 941 3055 1010 μάλιστα
3089 943 3147 994 ἐν
3177 945 3296 1005 ταῖς
3327 942 3729 1013 προλαϐούσαις

2153 1031 2490 1101 λεηλασίαις,
2523 1032 2610 1100 ἐφ’
2645 1027 2735 1095 αἷς
2776 1033 2896 1085 οὐδὲ
2926 1034 3266 1102 προκύπτειν
3297 1030 3366 1104 ἦν
3396 1035 3498 1090 τὸν.
3521 1036 3729 1104 φυλατ-

2153 1119 2380 1189 τόμενον
2405 1119 2501 1173 τοῦ
2549 1121 2852 1192 κρυπτικοῦ
2882 1121 3158 1191 δωματίου
3183 1139 3198 1154 ο
3230 1123 3332 1176 οὐκ
3359 1122 3469 1193 έχω
3495 1124 3732 1192 ἀποκρί-

2155 1229 2288 1278 νειν,
2337 1213 2480 1267 κατὰ
2511 1214 2610 1282 τὴν
2645 1214 2875 1267 ἐνοῦσάν
2913 1230 3005 1284 μοι
3041 1214 3302 1285 βραχεῖαν
3329 1214 3570 1283 σύνεσιν,
3607 1215 3732 1269 οὔτε

2156 1305 2305 1360 τόνδε
2347 1306 2440 1359 τὸν
2493 1306 2834 1377 μονάζοντα,
2882 1305 2995 1359 οὔτ’
3045 1307 3114 1360 αὖ
3160 1306 3384 1378 ἕτερον’
3433 1307 3626 1378 ἐπειδὴ
3677 1304 3739 1372 ἐξ

2157 1398 2403 1469 ἀνάγκης
2438 1398 2536 1453 καὶ
2565 1398 2733 1468 νόμου
2761 1398 3073 1469 μετάθεσις.
3095 1399 3270 1468 Καίγε
3299 1398 3518 1471 ὁρῶμεν
3543 1400 3602 1452 ὲν
3622 1401 3738 1463 τοῖς

2160 1491 2328 1545 πάλαι
2353 1492 2568 1561 χρόνοις
2600 1491 2824 1545 τοιαῦτα
2851 1493 3182 1560 γιγνόμεναι
3205 1493 3300 1545 καὶ
3326 1492 3385 1544 ὃν
3413 1493 3514 1560 μὲν
3545 1492 3739 1561 ἀμμώ-

2159 1582 2239 1636 δει
2285 1582 2540 1652 ὲπιχύσει
2571 1582 2694 1636 κατ’
2734 1583 2994 1654 ἐρημίαν,
3030 1583 3217 1655 ἐπειδὴ
3256 1583 3489 1646 θάνατος
3529 1583 3734 1654 παρῆν,

2164 1676 2506 1747 βαπτίσαντα
2537 1677 2630 1729 καὶ
2662 1675 3047 1746 βαπτισθέντα,
3081 1678 3174 1730 καὶ
3205 1675 3364 1730 ἀλλον
3391 1675 3600 1740 ἄλλως*
3641 1676 3740 1730 οὐκ

2163 1771 2268 1836 ἔξω
2289 1770 2346 1824 δὲ
2368 1770 2627 1839 γνώσεως
2653 1773 2722 1840 τῇ
2743 1770 3044 1840 τελειότητι
3080 1787 3175 1824 σου
3200 1771 3271 1825 τὰ
3297 1769 3438 1824 κατά
3458 1770 3554 1824 τὸν
3583 1771 3740 1837 ἅγιον

2178 1863 2519 1919 ’Δθανάσιον.
2538 1863 2729 1933 Ὅμως
2756 1865 2790 1933 ή
2828 1865 3054 1935 παιδικὴ
3087 1865 3287 1934 πρᾶξις
3316 1865 3578 1936 όραθεῖσα
3603 1865 3744 1934 πρὸς

2166 1959 2258 2012 τοῦ
2289 1960 2710 2030 μακαριωτάτου
2742 1957 3117 2029 Ἀλεξάνδρου,
3152 1958 3412 2029 ἐνεκρίθη
3457 1957 3534 2022 ὡς
3569 1957 3746 2012 θεοτε-

2165 2050 2266 2122 λὴς
2289 2092 2304 2117 ,
2355 2053 2449 2104 καὶ
2486 2051 2742 2121 ἐλογίσθη
2771 2050 2800 2104 6
2831 2051 3053 2113 τελέσας
3096 2051 3171 2114 ὼς
3202 2051 3384 2120 ἱερεὺς
3409 2090 3424 2113 ,
3468 2049 3568 2103 καὶ
3599 2051 3629 2103 6
3653 2067 3746 2102 τε·

2167 2143 2395 2206 λειώσας
2421 2143 2495 2205 ὡς
2526 2141 2916 2213 ἀναγεννηθείς
2938 2157 2953 2172 ⁶
2985 2141 3188 2210 καίπερ
3218 2143 3319 2195 οὐκ
3349 2141 3407 2207 ἐξ
3440 2143 3693 2211 ἀνάγκης
3718 2145 3748 2195 6

2167 2235 2377 2304 καιρός.
2434 2233 2762 2303 Παραχωρεῖ
2794 2231 2850 2283 δὲ
2898 2232 2993 2284 καὶ
3037 2232 3072 2301 ἡ
3115 2231 3249 2301 έκτη
3295 2232 3512 2295 σύνοδος
3543 2234 3605 2285 ἐν
3633 2235 3749 2296 τοῖς

2169 2325 2336 2389 θείοις
2359 2325 2602 2389 κανόσιν,
2627 2327 2676 2379 εί
2699 2324 2774 2395 μὴ
2799 2326 3066 2395 πάρεστιν
3087 2324 3401 2394 ἱερωμένος,
3423 2325 3482 2391 ἐξ
3497 2327 3750 2397 ἀνάγκης

2170 2417 2358 2471 λαῖκδν
2388 2416 2566 2486 ἐαυτῷ
2593 2415 2918 2486 μεταδοῦναι
2945 2416 3053 2468 τῶν
3087 2417 3477 2486 ἀγιασμάτωνσ
3509 2420 3652 2490 ὅπερ
3688 2420 3749 2473 οὺ

2171 2510 2412 2580 θεμιτὸν,
2445 2508 2572 2563 ἄνευ
2606 2509 2996 2580 περιστατικοῦ
3031 2509 3215 2578 λόγου.

2245 2685 2434 2748 Οὕτως
2461 2683 2554 2740 οὖν
2585 2687 2634 2739 εί
2665 2686 2911 2753 γέγονεν,
2944 2687 3126 2756 ἡμεῖς,
3152 2685 3450 2754 σύγγνωθι,
3479 2685 3751 2757 πάντιμε,

2173 2779 2238 2833 οὐ
2265 2777 2557 2849 τολμῶμεν
2604 2779 2753 2849 παρά
2791 2781 2861 2832 τά
2893 2778 3130 2843 θειωδῶς
3173 2782 3288 2844 τοῖς
3333 2781 3617 2851 Πατράσιν
3656 2782 3755 2834 ἐκ-

2175 2871 2505 2942 πεφασμένα
2533 2871 2710 2924 εἰπεῖν
2735 2887 2789 2922 τι
2812 2870 2845 2940 ἢ
2879 2871 3226 2941 ἐπιτιμῆσαι.
3259 2873 3557 2940 Συνίστησι
3575 2872 3637 2926 δὲ
3662 2874 3757 2927 τὸν

2175 2956 2408 3032 ἀδελφὸν
2453 2961 2597 3015 οὕτω
2620 2961 2929 3032 πράξαντα,
2965 2961 3063 3014 καὶ⁸
3091 2961 3231 3031 μετά
3259 2963 3460 3033 πολλῆς
3487 2964 3753 3031 ἀγωνίας,

2177 3055 2398 3126 πρῶτον
2444 3055 2543 3124 μὲν
2591 3055 2753 3118 αὐτὸς
2794 3056 2823 3109 6
2858 3054 3198 3123 ἀναγκάσας,
3233 3058 3328 3110 καὶ
3359 3055 3505 3109 ἔστιν
3547 3059 3575 3109 6
3613 3056 3759 3128 ἀνὴρ

491 3147 711 3218 quidem
744 3148 861 3218 ipse
893 3149 984 3217 qui
1016 3149 1216 3217 coegit,
1249 3150 1331 3203 vir
1356 3149 1497 3204 inter
1522 3150 1761 3219 insignes
1793 3153 1993 3220 pietate
2019 3167 2072 3210 ac

2182 3146 2292 3200 τῶν
2317 3147 2434 3200 λίαν
2463 3147 2556 3199 καὶ
2581 3145 2822 3199 εὐσεϐῶν
2857 3147 2952 3199 καὶ
2975 3146 3288 3217 ἐμφρόνων,
3321 3145 3480 3214 καίγε
3513 3163 3759 3218 περιφα-

490 3237 804 3312 prudentia,
838 3248 1003 3308 atque
1033 3241 1178 3293 inter
1217 3239 1478 3305 illustres,
1540 3240 1783 3294 Thomas
1807 3242 1999 3296 consul
2021 3251 2076 3297 et

492 3331 860 3386 chartularius
897 3348 911 3386 :
968 3331 1164 3386 deinde
1191 3330 1431 3387 Jacobus
1481 3333 1926 3403 religiosissimus
1953 3349 2075 3390 mo-

493 3424 725 3489 nachus,
767 3423 854 3477 cui
893 3437 1023 3493 pars
1060 3424 1208 3477 nulla
1254 3439 1380 3479 cum
1422 3425 1616 3480 haeresi
1652 3443 1665 3479 :
1701 3435 1811 3480 turn
1867 3426 2075 3499 Euthy-

496 3515 662 3578 mius,
691 3516 1035 3569 venerandus
1067 3514 1203 3568 alter
1228 3516 1531 3570 monachus
1555 3526 1609 3570 et
1641 3520 2074 3585 persecutionem

494 3623 711 3678 passus.
750 3606 816 3661 In
841 3608 1047 3662 duobus
1074 3609 1153 3662 vel
1197 3609 1367 3662 tribus
1410 3609 1624 3664 testibus
1673 3610 1856 3675 stabit,
1881 3612 2078 3684 inquit,

495 3717 650 3756 omne
678 3701 889 3755 uerbum
919 3701 982 3756 ⁸⁸.
1013 3701 1130 3768 Ais,
1173 3701 1410 3767 domine,
1437 3715 1545 3757 non
1579 3702 1651 3756 ita
1685 3718 1800 3758 rem
1836 3703 2076 3770 habere;

496 3804 560 3849 tu
608 3794 832 3864 quidem
885 3796 1143 3849 omnibus
1190 3794 1336 3848 haud
1384 3794 1548 3850 dubie
1596 3795 1881 3851 illustrior.
1939 3793 2080 3860 Quid

498 3887 664 3958 igitur
697 3886 919 3950 faciam,
952 3889 1005 3940 in
1044 3887 1222 3942 medio
1257 3895 1530 3941 tantorum
1567 3888 1784 3941 testium
1811 3887 2081 3944 constitu-

497 3991 590 4037 tus
618 3980 643 4034 l
672 3979 730 4035 Si
757 3979 831 4034 ita
879 3994 968 4033 res
999 3979 1163 4033 habet
1195 3988 1253 4032 ut
1279 3978 1435 4044 dicis,
1470 3988 1632 4047 atque
1656 3979 1743 4033 ille
1778 3979 2082 4034 astantibus

499 4074 859 4146 presbyteris,
921 4074 1239 4127 dominandi
1296 4073 1478 4128 studio
1543 4073 1905 4126 Sacerdotium
1978 4072 2082 4127 sibi

499 4167 850 4238 despondens
880 4167 986 4222 hoc
1022 4166 1149 4238 egit,
1182 4182 1461 4236 nunquam
1491 4167 1632 4237 apud
1662 4183 1762 4222 nos
1806 4169 1873 4222 ad
1907 4167 2084 4238 digni-

503 4271 670 4318 tatem
725 4259 1019 4315 sacerdotii
1056 4259 1413 4330 provebetur,
1447 4266 1640 4329 praeter
1680 4259 1817 4314 alias
1870 4275 2081 4330 poenas.

503 4357 620 4411 Hoc
648 4355 794 4411 enim
824 4353 1059 4423 justum.
1108 4350 1202 4406 Sin
1233 4361 1416 4406 autem
1460 4362 1706 4418 coactus,
1742 4361 1801 4406 ut
1837 4361 2001 4409 testes
2032 4362 2087 4407 et

502 4448 733 4516 ipsemet
771 4452 1020 4506 narrant,
1053 4453 1107 4498 et
1141 4457 1264 4497 cum
1312 4442 1420 4495 duo
1448 4444 1725 4512 proposita
1763 4451 1966 4503 essent,
1994 4450 2088 4496 aut

2183 3242 2310 3306 νῶν,
2340 3241 2541 3309 Θωμᾶς
2569 3241 2597 3292 6
2637 3239 2843 3303 ὕπατός
2887 3255 2946 3292 τε
2977 3241 3075 3293 καὶ
3110 3239 3531 3310 χαρτουλάριος·
3561 3238 3762 3294 ἔπειτα

2196 3334 2452 3396 Ἰάκωϐος
2480 3334 2507 3386 6
2535 3332 2929 3394 εύλαϐέστατος
2961 3329 3232 3403 μονάξων,
3259 3332 3352 3385 καὶ
3373 3331 3472 3400 τῆς
3491 3331 3763 3402 αἱρέσεως

2183 3425 2470 3495 ἀμέτοχος.
2503 3422 2640 3482 Εἶτα
2667 3426 2766 3479 καὶ
2795 3424 3088 3496 Εὐθύμιος,
3116 3423 3303 3494 ἔτερος
3355 3425 3636 3494 αἰδέσιμος
3672 3443 3765 3496 μο-

2185 3519 2384 3582 νάζων,
2421 3518 2514 3570 καὶ
2543 3516 2917 3585 δεδιωγμένος.
2958 3515 3087 3569 Ἕπὶ
3128 3514 3238 3568 δύο
3274 3514 3374 3568 καὶ
3413 3513 3591 3582 τριῶν
3608 3533 3766 3585 μαρ-

2187 3612 2380 3678 τύρων
2417 3607 2806 3676 σταθήσεται,
2855 3609 3019 3677 φησι,
3058 3605 3183 3664 πᾶν
3216 3606 3404 3678 ῥῆμα.
3454 3609 3692 3676 Λέγεις,
3735 3608 3768 3662 6

2186 3701 2475 3770 δεσπότης,
2510 3699 2609 3769 οὐχ
2638 3697 2812 3760 οὕτως
2846 3698 3020 3766 ἐχειν·
3068 3697 3163 3752 καὶ
3192 3698 3633 3770 προφερέστερος
3664 3699 3767 3771 δη-

2186 3792 2360 3845 λονότι
2386 3790 2492 3844 τῶν
2523 3789 2766 3843 πάντων.
2795 3785 2860 3840 Τί
2883 3785 3015 3856 γοῦν
3047 3787 3259 3857 ποιήσω
3284 3786 3394 3854 ἐγὼ
3416 3787 3769 3857 ἀπειλημμέ-

2188 3902 2276 3947 νος
2301 3887 2358 3937 ἐν
2383 3883 2533 3955 μέσῳ
2549 3881 2818 3935 τοσούτων
2838 3879 3128 3952 μαρτύρων
3147 3896 3162 3946 ;
3179 3878 3328 3946 Ἐάν,
3348 3879 3422 3941 ὡς
3443 3879 3607 3943 αὐτὸς
3633 3881 3766 3951 φῄς,

2189 3977 2288 4048 ἔχῃ
2313 4018 2326 4041 ,
2360 3977 2440 4030 ὃτι
2472 3976 2756 4046 παρόντων
2787 3973 3000 4046 ἱερέων,
3049 3971 3317 4044 φιλαρχίᾳ
3349 3973 3770 4042 -προμνηστευό-

2193 4087 2354 4141 μενος
2398 4068 2548 4139 αὐτῷ
2593 4066 2915 4139 ἱερωσύνην,
2957 4063 3115 4118 τοῦτο
3148 4063 3472 4134 εἱργάσατο·
3502 4062 3588 4132 εῐη
3627 4062 3771 4133 πρὸς

2189 4158 2350 4229 ἡμῶν
2383 4161 2592 4229 μήποτε
2619 4160 2699 4220 εἰς
2739 4157 2800 4209 τὸ
2833 4155 2929 4226 τῆς
2961 4153 3262 4226 ἱερωσύνης
3289 4151 3506 4224 ἀξίωμα
3547 4154 3772 4227 προϐαί-

2191 4271 2319 4318 νων,
2340 4252 2478 4323 μετὰ
2509 4253 2604 4306 καὶ
2631 4252 2834 4322 ἐτέρων
2863 4249 3156 4319 ἐπιτιμίων
3174 4269 3189 4281 ο
3215 4249 3420 4303 δίκαιον
3442 4250 3572 4319 γάρ.
3595 4248 3657 4302 El
3689 4249 3771 4317 δὲ,

2193 4349 2268 4411 ὼς
2312 4348 2362 4400 οἱ
2425 4346 2699 4418 μάρτυρες
2739 4345 2834 4398 καὶ
2861 4344 3022 4407 αὐτὸς
3049 4344 3337 4414 διηγεῖται,
3373 4343 3771 4412 ἀναγκασθεὶς,

2197 4443 2292 4498 καὶ
2325 4441 2471 4495 δυοῖν
2501 4439 2879 4512 προκειμένων
2900 4455 2914 4469 ·
2949 4437 2983 4509 ἢ
3015 4437 3258 4508 ἀμύητον
3294 4436 3355 4490 τὺ
3397 4436 3597 4508 βρέφος
3627 4437 3776 4489 ἀπο-

504 4537 771 4593 inl'antem
804 4551 914 4590 non
952 4535 1227 4590 initiatum
1260 4535 1422 4600 mori,
1456 4534 1604 4603 quod
1650 4535 1704 4587 in
1743 4534 1957 4588 duobus
1995 4549 2072 4586 an.

2195 4533 2449 4587 τεθνάναι
2468 4549 2483 4564 ο
2520 4533 2657 4602 ὅπερ
2679 4530 2879 4585 έπαθεν
2908 4531 2966 4584 ἐν
2999 4529 3120 4581 δυσὶ
3152 4528 3415 4599 πρότερον
3434 4527 3494 4579 οὐ
3525 4526 3778 4592 πεισθεὶς

504 4640 592 4686 tea
640 4629 846 4699 pueris,
905 4627 1034 4697 quia
1079 4628 1455 4696 obtemperare
1517 4627 1710 4692 noluit,
1762 4627 2090 4691 acciderat;

505 4732 601 4779 aut
633 4720 907 4776 haereticis
941 4719 1107 4789 objici
1136 4734 1232 4774 eos
1262 4723 1355 4789 qui
1386 4719 1641 4789 pietatem
1683 4718 2048 4774 observabant
2075 4731 2090 4771 :

507 4817 644 4872 nihil
698 4813 874 4868 ausim
905 4826 1008 4881 ego
1040 4822 1295 4877 peccator
1341 4813 1642 4883 injungere,
1678 4811 1860 4880 quoad
1898 4810 2093 4865 beatis—

506 4909 685 4965 simus
715 4917 1001 4960 sacrorum
1027 4903 1255 4957 antistes
1295 4911 1481 4958 noster
1509 4919 1566 4958 re
1596 4903 1941 4958 considerata
1964 4917 2093 4972 pro-

508 4999 648 5054 ferat
687 4993 1038 5052 sententiam.
1071 4991 1151 5046 Tu
1181 5009 1310 5050 vero
1341 4996 1602 5050 vilitatem
1648 5012 1844 5060 meam,
1870 4996 2091 5049 Patrum

508 5089 867 5154 amicissime,
908 5101 978 5140 ne
1019 5090 1313 5155 deplores:
1357 5090 1452 5144 sed
1493 5092 1671 5159 potius
1710 5105 1829 5155 ora,
1863 5102 1921 5144 ut
1949 5090 2092 5143 intra

509 5186 794 5242 modulum
811 5193 1059 5238 nostrum
1080 5182 1466 5249 consistamus,
1482 5183 1907 5251 mendosamque
1927 5183 2093 5237 vitam

508 5280 872 5350 corrigamus.
914 5276 989 5332 De
1015 5276 1139 5331 aliis
1189 5285 1370 5331 autem
1398 5280 1614 5340 erratis,
1668 5291 1901 5346 quorum
1945 5275 2097 5330 indi—

510 5375 655 5429 cium
707 5370 870 5426 nobis
913 5370 1106 5440 religio
1157 5379 1250 5424 tua
1306 5378 1361 5424 et
1407 5369 1860 5440 signiﬁcationem
1923 5368 2092 5429 dedit,

510 5467 661 5522 nullo
692 5466 856 5520 modo
888 5463 1073 5534 inique
1103 5463 1256 5518 illum
1286 5463 1464 5532 egisse
1495 5462 1936 5517 existimavimus
1963 5479 1976 5524 ;
2001 5460 2094 5515 sed

512 5573 625 5612 rem
680 5556 840 5610 laude
892 5556 1130 5626 dignam,
1157 5555 1224 5620 si,
1256 5556 1524 5623 quosdam
1555 5554 1815 5611 mmehari
1842 5552 2092 5618 audiens,

516 5648 719 5705 veritus
772 5663 880 5702 non
930 5656 1013 5702 est
1073 5662 1187 5701 rem
1227 5647 1550 5702 denuntiare
1593 5648 1658 5701 iis
1710 5647 1804 5717 qui
1851 5646 2096 5701 inhibere

591 5824 628 5857 "
659 5820 833 5877 Trull.
871 5835 993 5876 can.
1033 5819 1121 5875 58.
1202 5820 1243 5851 ¹⁸
1276 5818 1434 5876 Deut.
1479 5835 1587 5885 xix,
1629 5819 1711 5874 l5.

2195 4626 2414 4679 παισίνο
2443 4625 2475 4695 ἢ
2511 4624 2775 4696 προέσθαι
2803 4625 2917 4685 τοῖς
2944 4621 3246 4691 αίρετικοῖς
3269 4621 3397 4683 τοὺς
3426 4618 3778 4691 φυλαττομέ-

2197 4736 2321 4782 νους
2346 4719 2446 4789 τὴν
2475 4716 2762 4770 εὐσέϐειαν
2786 4731 2800 4745 ·
2837 4715 2990 4769 οὐδὲν
3029 4712 3141 4783 ἐγὼ
3175 4713 3203 4766 6
3235 4713 3557 4784 ἁμαρτωλὸς
3587 4713 3778 4784 τολμῶ

2199 4811 2524 4881 ἐπισκῆψαι,
2571 4809 2684 4873 ἓως
2711 4808 2778 4865 ἂν
2807 4811 2836 4861 6
2867 4803 3284 4877 μακαριώτατος
3318 4805 3473 4874 ἡμῶν
3507 4807 3782 4875 ίεροτελε-

2199 4903 2329 4973 στὴς
2375 4902 2760 4971 ἐπιθεωρήσας
2788 4899 2982 4963 ἐξοίσει
3030 4898 3231 4969 κρίσιν.
3278 4897 3388 4973 Kal
3423 4896 3497 4967 μή
3535 4913 3637 4966 μου
3681 4898 3782 4963 τῆς

2198 4993 2579 5055 ταπεινώσεως
2604 5034 2618 5056 ,
2672 4993 2934 5063 Πατέρων
2970 4990 3212 5060 φίλτατε,
3276 4971 3779 5056 καταστενάξειας·

2200 5089 2312 5141 ἀλλ’
2372 5091 2406 5160 ἢ
2467 5087 2665 5158 μᾶλλον
2715 5086 3019 5158 προσεύχου
3069 5086 3126 5138 ἐν
3176 5087 3290 5147 τοῖς
3352 5083 3500 5146 ἰδίοις
3557 5085 3781 5154 μέτροις

2201 5185 2458 5246 ἑστάναι,
2525 5183 2620 5235 καὶ
2674 5181 2765 5233 τὸν
2812 5177 3150 5249 ἐσφαλμένον
3214 5177 3326 5247 βίον
3380 5176 3783 5246 διορθώσασθαι

2202 5275 2371 5343 ἡμᾶς.
2399 5274 2534 5343 Περὶ
2562 5272 2617 5325 δὲ
2645 5272 2846 5340 ἐτέρων
2874 5271 3225 5340 σφαλμάτων,
3255 5263 3330 5323 ὧν
3373 5269 3573 5322 ἔδωκεν
3600 5269 3780 5339 ἐμφα-

2205 5385 2289 5420 σιν
2339 5369 2371 5436 ἡ
2421 5365 2700 5419 θεοσέϐειά
2748 5381 2881 5430 σου,
2934 5365 3028 5418 καὶ
3075 5364 3434 5435 ἐξηγόρευσεν
3482 5363 3647 5433 ἡμῖν,
3689 5363 3781 5416 καὶ

2201 5459 2310 5511 οὐδ’
2364 5459 2500 5522 ὅλως
2560 5458 2929 5527 ἐπενοήσαμεν
2975 5455 3256 5526 ἐκθέσμως
3323 5454 3484 5507 αὑτὸν
3545 5455 3780 5526 πρᾶξαι,

2199 5550 2315 5607 ἀλλ’
2351 5549 2384 5619 ἢ
2415 5551 2505 5603 καὶ
2536 5549 2759 5602 ἐπαίνου
2817 5548 2996 5613 ἀξιον,
3041 5548 3090 5600 εί
3142 5546 3493 5616 μοιχεύοντας
3540 5546 3779 5609 ἀκούων,

2203 5649 2300 5714 οὑχ
2326 5642 2683 5696 ὑπεστείλατο
2725 5641 2802 5714 μὴ
2832 5641 2949 5712 οὐχὶ
2978 5639 3300 5709 ἀναγγεῖλαι
3320 5641 3432 5702 τοῖς
3463 5638 3782 5707 δυναμένοις
