3934 6530
208 500 322 564 1493

1353 487 1892 551 EPISTOLARUM
1936 485 2083 561 LIB.
2142 484 2226 544 ιι.

3277 473 3414 537 1494

205 614 432 684 ἀπεῖρξαι
460 611 520 664 τὸ
547 609 808 678 ἀσέϐημα
839 607 987 680 [cod.
1037 606 1173 676 Reg.
1224 605 1572 684 άσέλγημα]·
1613 605 1646 673 ἢ
1683 603 1742 656 τὸ

1869 609 2092 657 poterant
2131 597 2463 670 impietatem
2498 637 2512 663 ,
2538 603 2670 660 aut,
2737 609 2860 651 cum
2906 593 2983 649 uti
3030 593 3225 662 laqueo
3253 592 3420 649 vellet

202 708 258 774 τῇ
293 683 568 773 κὸμιτίσσῃ
605 699 904 768 αἱρουμένῃ
956 698 1158 768 ἀγχόνῃ
1214 683 1551 768 χρήσασθαι·
1609 696 1734 747 ἰδεῖν

1870 695 2119 750 omitissa
2143 733 2160 760 ,
2195 692 2376 747 videre
2407 689 2537 761 quid
2572 688 2716 743 facto
2737 697 2880 744 esset
2927 702 3083 757 opus.
3121 683 3245 740 Haec
3269 685 3418 740 enim

203 797 259 848 τὰ
279 791 607 865 προσήκοντα
639 786 1070 858 ὲπιπράξασθαι.
1098 787 1237 839 Τάδε
1266 785 1374 856 γὰρ
1398 781 1538 839 οἶδεν
1560 784 1738 853 ὠφληο

201 887 354 948 κέναι,
383 885 472 937 καὶ
497 883 596 934 οὐκ
633 879 764 934 ἀλλο
782 893 796 908 ’
827 880 922 931 καὶ
945 879 1142 948 πολλῆς
1169 875 1445 946 εὐφημίας
1474 875 1609 947 πρὸς
1632 874 1738 927 τῶν

200 976 430 1046 ἀνωτέρω
463 971 812 1038 δηλωθέντων
859 970 1088 1040 ἀνδρῶν,
1141 968 1215 1032 ὡς
1261 969 1527 1039 αὐτήκοος
1559 968 1740 1036 ἐγενό-

203 1085 317 1138 μην,
345 1064 746 1136 προανεδήσατο
768 1064 797 1116 6
822 1061 1050 1129 ἀδελφὸς
1075 1060 1342 1130 Ἔραστος
1376 1058 1740 1122 ἐπαίνους.υύ

202 1161 379 1226 τοίνυν,
414 1158 556 1227 ἀγιε,
583 1156 673 1212 δια
703 1155 765 1208 τὸ
792 1153 1118 1223 σκινδαλμὸν
1148 1152 1309 1206 αὐτὸν
1346 1151 1644 1221 ἐμποιῆσαι
1684 1154 1742 1204 ὲν

200 1256 298 1316 τοῖς
320 1251 522 1316 αὐτόθι,
547 1248 685 1305 ἀλλά
711 1249 799 1302 διὰ
827 1247 898 1300 τά
925 1245 1230 1318 ἀδιόρθωτα
1259 1243 1552 1307 σκάνδαλα,
1588 1240 1742 1310 εἶρξα

201 1343 280 1398 τὸν
311 1343 527 1412 ἀδελφὸν
550 1341 650 1410 τῆς
690 1337 1047 1408 παλινῳδίας·
1078 1335 1153 1400 ὼς
1181 1336 1246 1395 ἂν
1275 1335 1524 1390 ἐντεῦθεν
1554 1336 1743 1389 ἀθωωο

200 1438 305 1508 θείη
337 1439 429 1509 μὲν
456 1439 484 1488 6
515 1430 992 1503 κατηγορούμενος
1022 1427 1131 1481 τῶν
1158 1427 1524 1506 ἐγκλημάτων
1543 1443 1557 1456 ·
1591 1427 1746 1498 εἰρη-

201 1531 430 1584 νεύσειαν
480 1527 540 1581 δὲ
587 1526 638 1578 οἱ
694 1521 1156 1593 φιλεγκλήμονες,
1212 1519 1320 1573 καὶ
1378 1519 1744 1590 παθοπράται.

205 1621 332 1674 Ὅτε
375 1615 792 1688 μακαριώτατος
829 1611 986 1683 ἡμῶν
1017 1612 1205 1682 Πατὴρ
1237 1609 1623 1674 ὐπακουσθεὶς,
1652 1626 1751 1678 χα-

207 1711 318 1780 ρίσῃ
343 1711 470 1779 ἡμῖν
495 1707 595 1769 τὰς
625 1704 920 1765 θεοκλινείς
974 1718 1067 1754 σου
1110 1700 1456 1770 προσευχὰς,
1500 1699 1621 1751 ἐπεὶ
1661 1697 1750 1750 καὶ

201 1800 271 1873 τῷ
295 1799 502 1869 ἀδελφῷ
533 1795 902 1867 συγχώρησιν.

411 1909 570 1965 PNH'
605 1905 740 1980 (50).
777 1933 850 1946 --
894 1902 1142 1971 Ἰωάννῃ
1177 1903 1508 1971 Σπαθαρίῳ.

1839 784 1998 839 officii
2042 787 2129 840 sui
2174 784 2346 839 fuisse
2387 783 2559 846 novit,
2588 791 2642 836 et
2681 796 2788 835 non
2819 779 2993 844 aliud,
3047 787 3103 834 et
3138 793 3416 850 magnasa

1842 877 1976 932 viris
2011 892 2178 946 supra
2199 874 2535 938 memoratis,
2570 884 2629 928 ut
2673 873 2789 942 ipse
2835 871 3042 936 audivi,
3089 872 3278 926 laudes
3327 886 3420 926 re-

1845 970 1968 1023 tulit
2009 969 2175 1024 frater
2217 967 2466 1043 Erastus.
2507 965 2859 1043 Non_igitur,
2891 965 2977 1020 vir
3021 971 3230 1030 sancte,
3271 962 3423 1034 quod

1842 1061 2131 1116 discordiae
2162 1062 2268 1116 illis
2292 1061 2342 1115 in
2373 1040 2510 1116 locis
2548 1039 2664 1128 ipse
2687 1066 2878 1110 auctor
2924 1055 3108 1119 fuerit,
3157 1055 3255 1110 sed
3293 1069 3424 1124 pro-

1844 1159 1964 1221 pter
2010 1167 2259 1222 perversa
2289 1150 2572 1215 scandala,
2603 1147 2750 1203 vetui
2785 1163 2854 1202 ne
2882 1145 3051 1202 frater
3081 1146 3420 1217 palinodiam

1845 1252 2102 1310 caneret;
2130 1252 2190 1299 ut
2212 1254 2266 1300 et
2287 1252 2577 1298 accusatus
2624 1240 2938 1296 absolvatur
2985 1238 3338 1302 criminibus,
3369 1246 3424 1290 et

1829 1336 2133 1405 quiescant
2155 1337 2249 1406 qui
2272 1336 2682 1392 criminationes
2707 1343 2910 1398 amant,
2930 1340 2982 1386 et
3006 1332 3133 1385 vitia
3151 1330 3412 1385 vendunt.

1849 1426 2040 1497 Tuque
2087 1427 2436 1483 beatissimus
2472 1425 2631 1480 Pater
2665 1439 2852 1479 noster
2889 1424 2975 1478 his
3001 1422 3202 1481 auditis
3231 1435 3422 1491 preces

1852 1535 1974 1578 tuas
2029 1520 2196 1577 Deum
2250 1521 2586 1577 inﬂectentes
2631 1517 2882 1590 largiaris
2939 1517 3123 1580 nobis,
3153 1524 3208 1570 et
3259 1513 3419 1570 fratri

1850 1629 2065 1669 veniam

2169 1906 2469 1964 CLVIIl.——
2483 1905 2684 1961 Joanni
2713 1905 2997 1976 Spathariu
3014 1903 3104 1973 (⁸).

667 2086 673 2090 _
767 2017 842 2069 De
873 2014 1164 2079 Theologia,
1191 2019 1246 2065 et
1267 2015 1330 2065 de
1354 2012 1517 2064 divina
1535 2011 1889 2075 incarnatione,
1921 2023 1974 2068 et
1997 2008 2062 2068 de
2084 2016 2263 2067 sanctis
2283 2029 2341 2066 ac
2358 2014 2510 2066 sacris
2527 2014 2839 2079 imaginibus.

268 2131 336 2186 Τὸ
383 2129 718 2200 Εὐαγγέλιον
765 2127 865 2198 τῆς
919 2128 1194 2198 σωτηρίας
1240 2127 1335 2181 τοῦ
1390 2127 1754 2198 εὐλογημένου

1929 2129 2166 2185 Faustus
2199 2130 2267 2186 de
2298 2129 2477 2185 salute
2511 2126 2784 2184 benedicti
2815 2125 3022 2181 domini
3071 2125 3178 2180 mei
3223 2133 3278 2179 et
3313 2124 3429 2194 spi-

207 2242 299 2295 μου
329 2225 592 2279 δεσπότου
624 2221 716 2277 καὶ
754 2221 1126 2292 πνευματικοῦ
1152 2219 1385 2289 ἀδελφοῦ
1410 2220 1504 2273 καὶ
1531 2220 1639 2290 πρὸ
1663 2220 1757 2274 τοῦ

204 2318 522 2388 γράμματος
551 2312 920 2383 ἀπαγγελθὲν,
959 2311 1337 2383 ἧδυνεν’ήμῶν
1365 2311 1462 2371 τὰς
1497 2312 1761 2376 ταπεινὰς

207 2409 448 2479 καρδίαςο
495 2408 618 2460 ἐπεὶ
647 2406 705 2459 δὲ
739 2405 834 2458 καὶ
863 2401 1176 2472 ἀνεγνώσθη
1203 2443 1218 2468 ,
1260 2401 1479 2465 τελείως
1523 2400 1760 2474 εὐφρανε

207 2503 291 2554 καὶ
316 2500 677 2572 ὶχαροποίησε
700 2514 714 2528 ·
749 2498 844 2550 καὶ
869 2495 966 2565 οὐχ
998 2495 1146 2564 ἡμᾶς
1191 2494 1549 2563 μόνους.τούς
1577 2495 1759 2565 ἁμαρο

205 2589 417 2654 τωλοὺς,
459 2587 600 2642 ἀλλά
639 2588 735 2640 καὶ
777 2586 874 2648 τάς
921 2582 1220 2653 ἁγγελικάς
1267 2583 1551 2652 δυνάμεις·
1603 2582 1761 2654 εἴπερ

206 2681 282 2750 ἐφ’
304 2683 383 2735 ἑνὶ
404 2679 678 2752 ἀνθρώπῳ
713 2674 1061 2749 μετανοοῦντι
1087 2675 1230 2747 χαρά
1257 2677 1315 2728 ἐν
1342 2679 1591 2745 οὐρανοῖς
1618 2676 1764 2744 γίνεο

204 2791 306 2838 ται,
335 2776 477 2827 κατὰ
508 2773 580 2825 τά
606 2771 728 2842 ίερά
771 2768 954 2837 λόγια.
995 2767 1132 2821 Ἀλλ’
1167 2765 1459 2842 εὐλογητὸς
1488 2769 1515 2820 6
1538 2767 1670 2829 Θεὸς
1707 2766 1764 2828 ὃς

206 2867 297 2919 οὐκ
322 2867 471 2920 εἴασε
500 2865 602 2935 τὴν
630 2862 922 2934 τιμιότητά
952 2878 1046 2915 σου
1069 2860 1174 2923 ἓως
1202 2860 1390 2923 τέλους
1413 2860 1765 2930 συναπαχθῆ-

206 2979 285 3015 ναι
320 2964 387 3031 τῇ
422 2959 640 3030 πονηρᾷ
673 2956 884 3028 αἱρέσει
922 2955 1030 3008 τῶν
1055 2953 1482 3024 Χριστομάχων·
1514 2951 1650 3006 ἀλλά
1679 2953 1766 3006 διὰ

207 3053 296 3123 τῆς
319 3053 492 3123 καλῆς
524 3053 620 3104 καὶ
642 3048 920 3120 μακαρίας
955 3044 1219 3115 θυγατρὸς
1247 3044 1581 3114 ἐπέστρεψεν
1607 3045 1687 3106 είς
1710 3047 1767 3096 τὸ

208 3145 314 3214 φῶς
358 3146 459 3215 τῆς
491 3142 772 3211 ἀληθείας.
821 3139 931 3193 Καὶ
973 3137 1020 3191 ὣ
1065 3137 1158 3190 τοῦ
1203 3136 1498 3206 θαύματος,
1541 3137 1635 3188 καὶ
1671 3135 1766 3188 τοῦ

209 3236 585 3307 γεννήσαντος,
620 3231 841 3301 καὶτῆς
876 3228 1263 3300 γεννηθείσηςί
1297 3227 1360 3279 Ὠ
1387 3227 1488 3296 τῆς
1515 3225 1622 3278 τῶν
1659 3227 1768 3295 ἀμ-

209 3330 443 3395 φοτέρων
474 3322 800 3394 εἰλικρινοῦς
832 3319 1083 3391 ἀγάπηςί
1124 3319 1222 3388 τῆς
1273 3317 1371 3388 μὲν
1402 3317 1769 3388 φροντισάσης

211 3417 290 3471 ἐπ’
332 3417 526 3479 αὐταῖς
567 3417 688 3478 ταῖς
720 3413 1050 3474 τελευταίαις
1077 3412 1374 3471 ἀναπνοαῖς
1405 3410 1467 3461 τὸ
1505 3408 1768 3479 πατρικὸν

212 3508 431 3578 σῶσμν
480 3477 578 3561 τοῦ
623 3477 681 3559 δέ
727 3505 1008 3564 κλίναντος
1045 3499 1364 3571 θεοπρεπῶς
1415 3500 1475 3552 τὸ
1521 3477 1633 3563 οὖς,
1676 3500 1769 3553 καὶ
1797 3477 1842 3535 c

210 3598 576 3671 χαρισαμένου
621 3599 687 3666 τῇ
741 3595 1081 3666 αἰτησαμένη
1146 3593 1309 3646 καλὸν
1355 3591 1624 3659 ἐντάφιον,
1672 3591 1770 3660 τὴν

209 3690 484 3761 όρθὸδοξον
511 3687 867 3757 ἐπιστροφήν.
912 3684 1178 3754 Ἀπῆλθεν
1209 3684 1241 3753 ἡ
1276 3682 1373 3753 μὲν
1403 3682 1600 3751 ἔχουσα
1635 3682 1773 3750 μετὰ

210 3783 300 3851 τῆς
329 3780 545 3844 οἰκείας
577 3777 985 3846 καλοκαγαθίας
1017 3777 1188 3843 ξένιον
1216 3777 1444 3846 τερπνὸν
1483 3775 1772 3845 προσοτσαι

209 3873 282 3947 τῷ
307 3873 452 3946 Θεῷ,
489 3874 551 3927 τὸ
583 3870 836 3943 πατρῷον
863 3853 1156 3942 σωτήριονο
1188 3871 1216 3923 6
1248 3869 1304 3921 δὲ
1330 3867 1583 3937 ἐπέμεινε
1611 3866 1774 3933 θυγα-

210 3968 328 4038 τρὸς
358 3967 517 4036 ἱερᾶς
548 3963 771 4028 εὐσεϐὲς
802 3960 1253 4032 ἐγκαλλώπισμα,
1287 3961 1382 4012 καί⁹
1412 3964 1629 4012 πάντων
1664 3956 1773 4009 τῶν

210 4059 506 4126 όρθοδόξων
537 4057 611 4120 ὡς
644 4056 860 4127 ἀληθῶς
895 4055 1311 4126 εὐφραντήριον.
1349 4052 1411 4106 Τί
1445 4052 1556 4121 γὰρ
1584 4046 1773 4116 οἶδας,

213 4150 340 4221 φησὶ
362 4190 378 4216 ,
402 4151 607 4219 γύναι,
661 4151 714 4202 ει
745 4149 853 4201 τὸν
889 4147 1078 4215 ἄνδρα
1110 4146 1332 4210 σώσεις
1350 4160 1369 4209 ;
1399 4143 1438 4212 ἢ
1470 4145 1527 4196 τί
1568 4138 1734 4207 οἶδας
1760 4180 1774 4205 ,

211 4241 368 4309 ἆνερ,
414 4243 472 4294 ει
515 4239 632 4307 τὴν
673 4237 928 4309 γυναῖκα
970 4238 1226 4303 σώσεις;
1270 4237 1431 4306 Ἡμῖν
1477 4236 1534 4287 δὲ
1584 4232 1778 4303 μικρὸν

214 4331 608 4395 ὐπαλλακτέον,
629 4330 712 4383 ὅτι
739 4328 944 4381 ἔσωσεν
970 4330 1004 4399 ἡ
1028 4328 1272 4397 θυγάτηρ
1291 4326 1383 4379 τὸν
1415 4325 1645 4394 πατέρα.
1670 4324 1778 4376 Καὶ

201 4425 460 4494 ’μακαρία
492 4420 676 4490 ἐκείνη
712 4422 745 4491 ἡ
775 4419 918 4482 όσία,
955 4420 1220 4490 μακάριος
1247 4419 1343 4470 καὶ⁹
1389 4419 1474 4478 σὺ,
1516 4410 1562 4469 ὦ
1590 4415 1779 4486 τριπόο

213 4515 357 4584 θητε.
391 4511 666 4582 Πείθομαι
689 4511 799 4581 γὰρ
827 4511 908 4563 ὅτι
933 4510 1028 4563 σὺν
1050 4508 1134 4563 σοὶ
1163 4509 1257 4562 καὶ
1279 4507 1408 4578 ὅλην
1428 4506 1780 4574 οῑκίαν,τάχα

212 4606 265 4660 δὲ
314 4609 414 4662 καὶ⁹
460 4605 619 4674 γένος
665 4603 1028 4675 προσαγάγῃς
1065 4599 1377 4672 ὀρθοδοξοῦν
1420 4599 1499 4669 τῷ
1529 4600 1775 4668 Δεσπότῃ

213 4698 465 4770 Χριστῷ·
495 4698 583 4752 ἴνα
610 4697 677 4749 ἐκ
725 4694 936 4748 πολλῶν
971 4692 1293 4765 προσώπων,
1321 4691 1381 4746 τὸ
1408 4693 1485 4754 εἰς
1516 4691 1658 4760 ὑμᾶς
1683 4691 1779 4761 χά-

1860 2222 2072 2278 ritualis
2098 2221 2285 2277 fratris
2316 2221 2547 2277 nuntius
2575 2231 2703 2276 ante
2720 2221 2929 2276 litteras
2963 2219 3184 2283 allatus,
3202 2219 3430 2273 humilia

1860 2317 2025 2373 corda
2062 2323 2251 2371 nostra
2294 2314 2638 2378 oblectabat;
2684 2321 2809 2383 post
2841 2312 3014 2368 lectas
3048 2326 3179 2370 vero
3219 2311 3432 2386 litteras

1859 2408 2018 2477 plene
2044 2423 2109 2463 ac
2137 2406 2374 2478 perfecte
2402 2407 2814 2462 exhilaravitet
2841 2405 3034 2461 lzetitia
3069 2403 3281 2472 aﬁecit;
3335 2417 3434 2459 ne-

1861 2516 1966 2570 que
2014 2515 2116 2556 nos
2159 2499 2340 2555 solum
2376 2506 2733 2569 peccatores,
2787 2499 2882 2553 sed
2937 2498 3218 2568 angelicas
3262 2496 3432 2552 etiam

1863 2589 2146 2642 virtutes:
2196 2587 2465 2658 siquidem
2492 2588 2560 2643 de
2614 2589 2836 2643 homine
2892 2603 3004 2644 uno
3053 2587 3434 2659 paenitentiam

1863 2690 2056 2786 agente
2082 2680 2344 2752 gaudium
2370 2689 2456 2736 est
2477 2682 2531 2735 in
2555 2679 2731 2746 ctelis,
2756 2680 2912 2750 juxta
2943 2695 3097 2736 sacra
3129 2678 3434 2751 eloquia",

1864 2772 1968 2828 Séd
2011 2773 2331 2829 benedictus
2372 2774 2513 2828 Deus
2541 2811 2558 2837 ,
2609 2773 2701 2841 qui
2751 2772 3223 2828 honorificentiam
3281 2779 3436 2827 tuam

1870 2880 1981 2920 non
2018 2864 2274 2935 permisit
2299 2879 2474 2934 usque
2507 2864 2562 2918 in
2608 2864 2771 2918 finem
2804 2863 2999 2920 abduci
3029 2878 3286 2934 perversa
3326 2865 3438 2917 ha:-

1866 2959 1975 3011 resi
2010 2955 2551 3011 Christomachorum
2578 2970 2592 3007 :
2622 2955 2718 3011 sed
2749 2970 2845 3019 per
2883 2956 3181 3027 egregiam
3220 2965 3275 3012 et
3307 2956 3440 3010 bea-
3540 2989 3542 2992 ν

1866 3054 1976 3099 tam
2013 3045 2178 3100 ﬁliam
2223 3047 2490 3102 convertit
2528 3046 2596 3101 ad
2629 3045 2806 3102 lucem
2832 3048 3100 3103 veritatis.
3135 3046 3219 3113 Et,
3259 3063 3294 3102 ο
3321 3058 3437 3102 rem

1869 3136 2085 3202 miram,
2122 3145 2234 3191 tum
2261 3137 2314 3191 in
2340 3137 2604 3209 genitore,
2633 3148 2751 3192 tum
2793 3139 2844 3191 in
2870 3138 3076 3208 genita!
3106 3152 3140 3192 o
3166 3138 3438 3194 sinceram

1870 3227 2156 3292 utriusque
2190 3229 2552 3283 charitatem!
2591 3228 2754 3298 hujus
2779 3231 3027 3299 quidem,
3059 3229 3210 3299 quod
3250 3229 3306 3284 in
3339 3244 3440 3284 ex-

1869 3327 2045 3373 tremo
2075 3318 2195 3388 ipso
2251 3320 2445 3390 spiritu
2487 3329 2727 3390 paternae
2775 3320 2968 3377 salutis
3005 3336 3195 3376 curam
3225 3321 3439 3391 gessit;

1870 3411 2022 3466 illius
2056 3426 2185 3466 vero
2215 3413 2358 3482 quod
2406 3423 2586 3469 autem
2622 3415 2711 3484 pie
2743 3413 3104 3479 inclinaverit,
3138 3422 3193 3468 et
3225 3415 3443 3484 roganti

1875 3502 2132 3571 pulchras
2181 3505 2490 3574 exsequias,
2528 3505 2853 3576 persolverit
2901 3506 3321 3561 conversionem
3349 3522 3444 3562 oro

1876 3593 2192 3648 thodoxam.
2267 3595 2508 3650 Decessit
2564 3595 2659 3649 illa
2713 3597 2954 3665 quidem,
3015 3597 3247 3660 habens,
3314 3612 3442 3652 cum

1874 3684 2097 3752 propria
2133 3683 2461 3751 sanctitate”,
2508 3684 2814 3754 jucundum
2846 3702 3046 3741 munus
3079 3688 3224 3756 quod
3253 3687 3445 3743 offerat

1876 3774 2020 3840 Deo,
2054 3782 2333 3842 paternam
2379 3775 2646 3843 salutem;
2700 3777 2789 3830 hic
2834 3792 2962 3832 vero
3010 3779 3365 3847 exspectabat
3412 3794 3444 3832 a

1875 3880 2034 3920 sacra
2069 3866 2179 3920 filia
2231 3867 2379 3936 pium
2414 3871 2821 3934 ornamentum,
2853 3871 3205 3940 omniumque
3255 3887 3446 3926 revera

1876 3957 2309 4012 orthodoxorum
2341 3959 2788 4014 exsultationem.
2822 3959 2970 4014 Unde
3001 3961 3140 4014 enim
3171 3961 3298 4027 scis,
3325 3977 3447 4016 mu-

1878 4050 1994 4114 lier,
2028 4049 2224 4119 inquit,
2257 4051 2304 4104 si
2335 4051 2506 4104 virum
2536 4051 2740 4105 salvum
2766 4052 2969 4121 facies?
3012 4065 3101 4106 aut
3131 4055 3268 4108 unde
3316 4071 3446 4121 scas,

1879 4145 1977 4207 uir,
2012 4143 2058 4195 si
2095 4143 2366 4196 mulierem
2412 4143 2615 4197 salvam
2646 4144 2917 4213 facies"?
2962 4144 3130 4202 Nobis
3160 4150 3443 4218 paululum

1880 4237 2303 4302 immutandum,
2335 4237 2462 4307 quia
2497 4239 2726 4294 salvavit
2768 4240 2879 4295 filia
2929 4252 3161 4311 patrem.
3208 4242 3273 4297 Et
3315 4240 3443 4297 felix

1880 4328 1969 4383 illa
2031 4337 2262 4384 sancta:
2300 4339 2351 4383 et
2401 4338 2456 4384 tu
2502 4346 2722 4401 quoque
2780 4327 2992 4401 beatus,
3031 4350 3066 4390 o
3103 4335 3444 4390 charissime.

1880 4418 2207 4474 Persuasum
2237 4421 2383 4474 enim
2417 4420 2592 4476 habeo
2624 4421 2740 4476 fore
2767 4432 2826 4475 ut
2858 4431 3026 4479 totam
3072 4434 3247 4480 tecum
3290 4424 3450 4483 fami-

1883 4511 2038 4574 liam,
2067 4527 2133 4566 ac
2159 4512 2388 4568 fortasse
2409 4515 2812 4584 cognationem.
2836 4517 3197 4571 orthodoxam
3228 4517 3444 4584 reddas,

1880 4615 1934 4658 et
1967 4603 2037 4657 ad
2084 4603 2366 4659 Christum
2397 4605 2687 4660 Dominum
2741 4609 3020 4663 adducas:
3049 4616 3107 4662 ut
3144 4623 3210 4661 ex
3264 4623 3451 4677 perso-

1883 4709 2077 4748 narum
2119 4710 2392 4757 numero,
2437 4697 2758 4752 beneficium
2809 4700 2952 4769 quod
3005 4699 3294 4768 accepistis
3352 4713 3449 4769 per

214 4810 382 4864 ρισμα
401 4793 497 4848 διά
529 4790 741 4846 πολλῶν
773 4789 1139 4860 εὐχαριστηθῇ
1171 4787 1312 4859 ὐπὲρ
1336 4784 1512 4856 ὐμῶν.
1543 4784 1766 4842 Τοιαύττ

1887 4786 2094 4841 multos
2131 4802 2254 4840 cum
2287 4787 2587 4857 gratiarum
2621 4791 2834 4845 actione
2870 4807 2970 4862 pro
3011 4790 3166 4845 vobis
3207 4790 3448 4847 celebre-

212 4887 244 4953 ἡ
269 4885 392 4939 θεία
424 4882 714 4955 προσφορὰ
739 4921 755 4950 ,
781 4881 878 4935 καὶ
905 4881 1163 4951 καλλίστη
1197 4896 1292 4932 σου
1321 4879 1355 4948 ἡ
1391 4876 1671 4948 ὁμολογία,
1711 4877 1766 4945 ἣν

1886 4886 1994 4932 tur.
2029 4876 2177 4933 Talis
2226 4889 2311 4934 est
2357 4879 2540 4934 divina
2585 4882 2826 4948 oblatio,
2875 4892 2930 4938 et
2957 4882 3324 4953 pulcherrima
3357 4892 3450 4938 tua

212 4978 267 5029 έν
306 4979 425 5040 τοῖς
477 4976 807 5047 γράμμασιν
853 4973 1208 5043 ὡμολόγησας
1245 4971 1476 5025 ἐνώπιον
1513 4966 1647 5022 Θεοῦ
1687 4967 1766 5021 καλ

1886 4969 2192 5038 confessio,
2251 4987 2415 5040 quam
2465 4989 2562 5044 per
2609 4975 2818 5032 litteras
2848 4976 3133 5032 confessus
3169 4991 3231 5032 es
3261 4991 3450 5033 coram

213 5068 305 5122 ἀνθ
312 5066 542 5139 ρώπων.

1889 5061 1998 5117 Deo
2025 5072 2080 5118 et
2103 5062 2436 5122 hominibus.

279 5159 443 5219 Οὕτω
475 5157 585 5228 γὰρ
616 5159 649 5227 ἡ
668 5156 900 5226 ἀληθινὴ
928 5155 1109 5218 πίστις
1133 5153 1240 5206 τῶν
1262 5152 1622 5224 Χριστιανῶν·
1643 5152 1785 5203 κατὰ

219 5249 316 5320 μὶν
351 5251 418 5304 τὸ
449 5251 550 5321 τῆς
585 5248 865 5316 θεολογίας
895 5247 1074 5318 δόγμα
1128 5245 1404 5300 πιστεύειν
1437 5245 1516 5308 είς
1546 5244 1783 5314 Πατέρα,

217 5344 307 5396 καὶ
325 5342 485 5404 Υίὸν,
517 5342 612 5394 καὶ
641 5347 796 5408 αγιον
828 5341 1049 5410 Πνεῦμα
1069 5354 1084 5369 °
1109 5341 1166 5392 εν
1189 5332 1271 5401 οἷς
1299 5339 1394 5391 καὶ
1419 5337 1480 5390 τὸ
1505 5337 1786 5407 βάπτισμα

1959 5151 2052 5209 Sic
2099 5155 2246 5210 enim
2288 5172 2417 5211 vera
2447 5156 2582 5213 fides
2631 5157 3103 5226 Christianorum;
3151 5159 3454 5225 secundum

1887 5246 2174 5317 theologia
2222 5248 2443 5317 quidem
2495 5249 2714 5319 dogma,
2763 5250 2985 5307 credere
3029 5252 3080 5305 in
3129 5251 3372 5318 Patrem,
3402 5262 3457 5308 et

1885 5336 2107 5404 Filium,
2137 5347 2190 5393 et
2222 5338 2484 5410 Spiritum
2518 5349 2794 5408 sanctum,
2836 5347 2893 5397 in
2961 5343 3162 5413 quibus
3193 5351 3247 5398 et
3275 5342 3457 5413 bapti-

217 5435 312 5502 τὴν
331 5431 622 5486 τελείωσιν
644 5431 758 5500 ἔχει
779 5444 794 5459 ·
820 5429 953 5483 Θεὸν
982 5429 1076 5483 τὸν
1108 5429 1349 5499 Πατέρα,
1366 5426 1498 5480 Θεὸν
1524 5426 1613 5480 τὸν
1635 5426 1783 5490 Υίὸν,

217 5519 347 5576 Θεὸν
380 5521 448 5576 τὸ
473 5520 698 5590 Πνεῦμα
718 5519 780 5573 τὸ
805 5519 961 5589 ἅγιον
977 5536 992 5553 ·
1010 5520 1090 5583 είς
1117 5519 1215 5574 ἕνα
1235 5518 1388 5585 Θεὸν,
1404 5517 1500 5573 καὶ
1523 5518 1583 5571 οὐ
1612 5518 1782 5589 τρεῖς,

816 5657 875 5689 -'°
933 5655 953 5709 1
984 5656 1109 5713 Cor.
1130 5671 1221 5722 vn,
1255 5654 1340 5710 l6.

1887 5445 2006 5486 sma
2033 5429 2422 5502 perfectionem
2465 5433 2662 5490 habet:
2700 5434 2867 5490 Deum
2901 5435 3329 5503 Patrem,Deum
3361 5432 3455 5488 Fi-

1885 5521 2048 5589 lium,
2083 5521 2254 5579 Deum
2278 5521 2542 5596 Spiritum
2570 5534 2818 5584 sanctum
2841 5568 2856 5595 ,
2887 5527 2941 5583 in
2972 5541 3144 5583 unum
3171 5525 3366 5594 Deum,
3399 5536 3455 5581 et

287 5659 329 5690 "
358 5657 497 5714 Luc.
557 5674 645 5721 xv,
674 5657 724 5713 7.

1717 5770 1944 5829 NOTAE.

288 5909 403 5980 (50)
429 5909 486 5965 lu
521 5908 643 5965 cod.
672 5909 803 5980 lteg.
842 5909 987 5981 ρκς·’.

1971 5909 2043 5981 (⁸)
2086 5908 2418 5982 Dugmatica.
