3934 6446
537 337 674 408 1495

1726 345 1785 399 S.
1815 343 2203 404 THEODORI
2263 342 2605 404 STUDIT.E

3659 346 3790 416 1496

533 476 646 518 non
673 473 819 527 tres,
867 463 1044 532 absit;
1079 465 1338 538 quoniam
1384 479 1492 518 una
1529 463 1744 526 deitas,
1795 476 1902 516 non
1941 462 2116 516 divisa

2223 462 2402 530 ἄπαγε
2428 477 2441 490 ·
2478 463 2714 532 ἐπείπερ
2747 462 2843 533 μία
2871 464 2904 533 ἡ
2937 464 3162 534 Θεότης,
3204 464 3267 518 ού
3293 464 3654 538 διαιρουμένη
3676 472 3792 534 ταῖς

536 555 713 609 tribus
748 557 1168 626 hypostasibus,
1206 558 1303 614 sed
1339 564 1450 612 tota
1504 556 1559 612 in
1607 553 1836 625 singulis
1866 555 2116 624 personis

535 655 782 716 spectata
815 626 1092 704 indivisim
1117 665 1133 703 :
1161 647 1310 718 quod
1352 649 1516 714 plane
1553 644 1969 715 intelligentiam
2014 657 2112 697 ex-

534 741 682 796 cedit
711 758 726 795 z
757 738 930 797 Deum
975 742 1159 799 dicere
1201 754 1652 813 unumquemque
1679 780 1695 806 ,
1737 747 1790 793 et
1838 739 1893 792 in
1942 752 2115 791 unum

535 831 709 888 Deum
764 834 1086 907 recolligere
1132 835 1536 892 confessionem
1570 851 1584 888 :
1623 831 1930 888 secundum
1988 844 2118 884 vero

535 925 934 982 incarnationis
972 927 1208 999 dogma,
1265 942 1484 982 rursum
1533 923 1758 981 credere
1804 923 1951 993 quod
1986 921 2118 976 Ver-

535 1017 660 1071 bum
687 1033 814 1071 caro
845 1018 1053 1088 factum
1073 1020 1234 1085 est“,
1263 1020 1380 1074 sive
1427 1031 1575 1072 unus
1616 1015 1686 1070 de
1724 1022 1912 1070 sancta
1936 1011 2117 1068 Trini-

534 1117 648 1163 tate
723 1118 887 1166 natus
953 1120 1039 1166 est
1092 1127 1160 1167 ex
1213 1110 1568 1166 immaculata
1619 1109 1828 1179 virgine
1893 1107 2113 1176 Maria;

538 1213 772 1255 manens
803 1200 1022 1270 quidem
1055 1201 1108 1257 id
1139 1202 1288 1271 quod
1343 1210 1482 1266 erat,
1517 1200 1662 1257 Deus
1711 1201 2072 1256 immutabilis
2097 1244 2113 1268 ,

540 1301 596 1345 et
625 1288 773 1346 Patri
825 1303 1164 1358 coaeternus;
1218 1294 1314 1348 sed
1343 1301 1624 1363 assumpta
1681 1302 1878 1349 natura
1927 1303 2116 1350 nostra

543 1402 642 1456 per
689 1387 1016 1458 virginalem
1072 1389 1125 1442 in
1179 1389 1386 1459 Spiritu
1433 1397 1626 1444 sancto
1679 1391 2111 1459 generationem.

535 1479 746 1549 Estque
782 1481 924 1536 idem
960 1492 1108 1539 totus
1138 1481 1303 1548 Deus,
1331 1492 1386 1538 et
1409 1493 1558 1538 tutus
1589 1483 1755 1539 homo
1782 1501 1795 1537 :
1828 1492 1972 1539 totas
1997 1484 2116 1540 sine

536 1573 754 1628 defectu
793 1574 1004 1630 habens
1059 1576 1113 1630 in
1166 1576 1350 1645 seipso
1397 1576 1635 1630 duarum
1685 1586 2010 1631 naturarum
2046 1593 2114 1632 ex

534 1669 737 1739 quibus
769 1679 1018 1734 constat,
1048 1669 1266 1725 deitatis
1296 1669 1508 1725 scilicet
1541 1679 1706 1740 atque
1734 1671 2114 1736 humanitatis,

536 1761 590 1816 in
639 1776 747 1816 una
801 1762 1082 1833 hypostasi
1123 1761 1525 1832 proprietates;
1585 1763 2036 1834 circumscriptus
2062 1772 2118 1819 et

536 1868 644 1908 non
697 1854 1153 1922 circumscriptus
1199 1870 1213 1907 :
1267 1853 1371 1908 hoc
1442 1853 1660 1923 quidem
1723 1865 1945 1924 propter
1999 1855 2117 1911 dei-

534 1956 736 2011 tatem,
806 1947 939 2002 illud
1007 1961 1136 2000 vero
1209 1959 1434 2016 propter
1503 1947 1895 2004 humanitatem
1955 1967 1970 2005 :
2036 1950 2118 2006 ha:

538 2050 670 2096 sunt
729 2039 876 2094 enim
933 2040 1293 2108 proprietates
1340 2059 1353 2094 :
1412 2050 1467 2095 et
1521 2055 1629 2110 qua
1704 2041 2116 2098 incircumscri-

539 2136 688 2198 ptus,
748 2142 892 2182 unus
946 2126 1215 2182 exsistens
1275 2126 1343 2182 de
1394 2137 1582 2184 sancta
1634 2127 1945 2198 Trinitate;
2009 2147 2115 2200 qua

537 2219 1014 2289 circumscriptus,
1072 2235 1216 2274 unus
1275 2221 1342 2275 de
1418 2221 1595 2276 nobis.
1653 2222 1832 2292 Atque
1898 2223 1952 2278 in
2014 2224 2119 2279 hoc

537 2313 781 2369 creditur
843 2312 1112 2367 mediator
1176 2312 1274 2367 Dei
1327 2322 1382 2368 et
1429 2313 1713 2368 hominum
1771 2313 1990 2382 factus,
2057 2328 2119 2374 ut

537 2405 633 2476 qui
681 2405 736 2460 in
799 2404 982 2475 seipso
1029 2413 1270 2459 extrema
1333 2405 1629 2476 coniungat
1672 2447 1687 2468 .
1751 2417 1806 2462 et
1875 2424 1974 2480 per
2030 2425 2118 2465 se-

544 2500 727 2566 ipsum
768 2496 967 2551 divina:
1016 2506 1225 2551 natura:
1275 2499 1570 2568 participes
1616 2499 1822 2570 Deique
1853 2502 1993 2558 ﬁlios
2016 2519 2117 2560 nos

537 2588 744 2644 efficiat
769 2606 784 2619 ο
815 2587 962 2658 quod
995 2588 1381 2644 admirandum
1411 2601 1470 2644 et
1513 2592 1663 2646 omni
1699 2592 1860 2647 laude
1892 2595 2070 2665 majus
2096 2636 2112 2659 ,

539 2680 655 2736 sive
691 2681 984 2751 cogitatur,
1038 2682 1154 2738 sive
1201 2683 1423 2739 dicitur.
1465 2682 1569 2749 Qui
1619 2699 1752 2756 ergo
1840 2686 1994 2742 illum
2041 2688 2119 2743 ait

540 2784 647 2823 non
695 2769 1078 2826 circumscribi
1125 2769 1181 2824 in
1223 2784 1388 2824 carne
1423 2811 1436 2833 ,
1470 2781 1740 2840 quatenus
1787 2772 1984 2829 similis
2035 2781 2121 2829 est

539 2861 732 2928 nobis;
764 2871 947 2933 negat,
974 2862 1261 2919 benedicte
1291 2864 1363 2918 mi
1416 2864 1604 2932 frater,
1640 2866 1804 2922 Deum
1837 2866 1891 2921 in
1954 2882 2121 2923 carne

537 2951 882 3022 apparuisse.
936 2951 1321 3006 contradiceus
1355 2949 1652 3022 Evangelio
1682 2953 1910 3018 Christi.
1935 2964 1989 3010 et
2020 2972 2121 3026 par

536 3052 621 3099 est
646 3044 869 3102 ludatis.
908 3043 1012 3100 Ubi
1069 3047 1216 3100 enim
1253 3062 1440 3102 verum
1497 3049 1603 3102 erit
1659 3046 1831 3113 illud,
1883 3049 2119 3103 similem

2216 553 2398 622 τρισὶν
2438 553 2826 620 ύποστάσεσιν,
2855 555 2970 609 ἀλλ’
3012 555 3108 626 ὅλη
3141 556 3227 625 ἐφ’
3253 558 3472 628 ἑκάστῳ
3515 559 3794 632 προσώπῳ

2219 643 2572 717 θεωρουμένη
2613 648 2960 719 ἀμερίστως·-
2981 650 3010 702 ὃ
3033 651 3129 704 καὶ
3162 652 3466 721 παράδοξον
3485 666 3500 681 °
3541 653 3678 706 Θεὸν
3708 654 3794 707 λέ.

2217 754 2337 805 γειν
2379 739 2628 806 ἕκαστον,
2673 742 2771 795 καὶ
2811 745 2890 806 εἰς
2935 743 3030 796 ἕνα
3070 744 3204 798 Θεὸν
3248 746 3694 814 ἀνακεφαλαιοῦν
3739 751 3795 803 τὸ

2216 831 2537 903 ὁμολόγημα
2559 851 2570 866 ·
2606 838 2747 889 κατά
2790 835 2846 888 δὲ
2889 835 2951 888 τὸ
2977 836 3077 906 τῆς
3125 838 3460 907 οἰκονομίας,
3497 840 3666 892 πάλιν
3704 859 3792 894 πι-

2219 923 2454 992 στεύειν,
2486 929 2567 982 ὅτι
2626 928 2678 980 Ὁ
2711 928 2901 998 Λόγος
2933 929 3090 997 σὰρξ
3118 929 3356 999 ἐγένετο
3378 945 3391 959 ·
3441 931 3613 1001 ἦγουν
3651 935 3680 984 ό
3716 928 3794 996 εἷς

2217 1019 2317 1088 τῆς
2362 1019 2524 1086 ἁγίας
2568 1019 2798 1090 Τριάδος
2841 1019 3107 1091 ἐγεννήθη
3157 1023 3221 1074 ὲκ
3254 1021 3352 1092 τῆς
3403 1024 3791 1094 παναχράντου

2219 1109 2491 1180 παρθένου
2511 1112 2734 1182 Μαρίας
2754 1128 2766 1142 ’
2798 1112 2986 1181 μείνας
3038 1113 3138 1182 μὲν
3169 1114 3307 1184 ὅπερ
3335 1109 3425 1184 ἦν,
3465 1115 3602 1180 Θεὸς
3632 1117 3792 1170 ἀναλο

2218 1201 2458 1266 λοίωτος,
2503 1203 2600 1256 καὶ
2640 1202 2719 1272 τῷ
2764 1204 2938 1273 Πατρὶ
2968 1203 3258 1269 συναῖδιος,
3297 1205 3620 1275 προσλαϐὼν
3645 1207 3701 1260 δὲ
3738 1209 3794 1259 τὸ

2219 1296 2491 1365 ἡμέτερον
2544 1296 2632 1349 διὰ
2687 1298 2786 1366 τῆς
2832 1295 3170 1367 παρθενικῆς
3216 1298 3274 1349 ὲν
3322 1297 3602 1368 ῐΙνεύματι
3653 1301 3794 1371 ἁγίῳ

2218 1389 2551 1457 γεννήσεως.
2576 1387 2687 1441 Καὶ
2716 1386 2868 1441 ἔστιν
2897 1387 3016 1453 ὅλος
3045 1388 3310 1452 Θεὸς,καὶ
3338 1390 3457 1453 ὅλος
3483 1390 3793 1460 ἄνθρωπος’

2216 1478 2315 1532 ὅλα
2348 1478 2530 1548 φέρων
2567 1479 2872 1544 ἀνελλιπῶς
2923 1483 2981 1534 ὲν
3026 1481 3206 1552 ἑαυτῷ
3246 1481 3317 1535 τὰ
3361 1479 3472 1536 τῶν
3516 1483 3796 1553 ἑκατέρων

2218 1570 2432 1643 φύσεων
2463 1571 2521 1637 ἐξ
2544 1565 2619 1625 ὧν
2644 1573 2904 1644 συνετέθη
2927 1589 2942 1603 ο
2969 1571 3241 1647 θεότητος,
3271 1583 3434 1646 φημι,
3466 1575 3562 1629 καὶ
3587 1575 3797 1647 ἀνθρωο

2218 1639 2472 1732 πότητος,
2508 1664 2566 1716 ὲν
2599 1665 2699 1736 μιᾷ
2740 1639 3035 1719 ὑποστάσει
3064 1639 3368 1735 ’ἰδιώματα-ί
3413 1639 3796 1739 περιγραπτὺς

2219 1756 2316 1808 καὶ
2356 1757 2416 1808 οὐ
2462 1757 2837 1827 περιγραπτός
2858 1772 2874 1788 ·
2905 1758 2966 1811 τὸ
2997 1758 3096 1828 μὲν
3124 1759 3267 1812 κατά
3313 1758 3414 1831 τὴν
3445 1759 3704 1832 θεότητα,
3735 1761 3796 1815 τὸ

2221 1846 2278 1899 δὲ
2308 1846 2451 1900 κατὰ
2483 1846 2583 1918 τὴν
2613 1847 3037 1918 ἀνθρωπότητα·
3058 1847 3232 1902 ταῦτα
3262 1852 3371 1920 γὰρ
3400 1849 3469 1903 τά
3503 1849 3794 1920 ἰδιώματα*

2219 1938 2313 1992 καὶ
2339 1937 2414 2009 τῷ
2444 1939 2540 2010 μὲν
2579 1940 2981 2011 ἀπεριγράπτῳ
3010 1935 3090 2005 εἷς
3118 1940 3194 1994 ὢν
3215 1944 3314 2012 τῆς
3343 1943 3504 2011 ἁγίας
3527 1945 3794 2016 Τριάδοςο

2216 2031 2296 2102 τῷ
2325 2031 2380 2084 δὲ
2410 2032 2793 2104 περιγραπτῷ,
2825 2027 2906 2097 εἷς
2931 2033 3007 2087 ὣν
3033 2035 3092 2099 ἐξ
3122 2034 3298 2104 ἡμῶν.
3331 2037 3449 2090 Κάν
3484 2038 3665 2109 τούτῳ
3703 2057 3798 2094 πι-

2220 2122 2438 2178 στοῦται
2469 2127 2693 2195 μεσίτης
2725 2126 2859 2178 Θεοῦ
2894 2128 2989 2180 καὶ
3020 2127 3328 2198 ἀνθρώπων
3361 2129 3681 2201 γενόμενος,
3723 2132 3800 2198 ὡς

2218 2218 2506 2271 συνάπτων
2539 2219 2605 2272 τὰ
2637 2219 2783 2290 ἄκρα
2813 2218 2951 2288 πρὸς
2976 2220 3193 2284 ἑαυτὸν,
3227 2220 3320 2273 καὶ
3352 2221 3419 2275 δι’
3444 2221 3614 2276 αὐτοῦ
3644 2223 3797 2288 θείας

2219 2311 2433 2379 φύσεως
2466 2312 2758 2376 κοινωνοὺς
2786 2313 2881 2366 καὶ
2912 2312 3047 2367 Θεοῦ
3092 2315 3427 2384 υίοὺς⁸ήμᾶς
3468 2318 3800 2388 ἀπεργασά-

2221 2421 2383 2474 μενος
2401 2421 2415 2434 ·
2445 2405 2505 2458 τὸ
2534 2405 2846 2476 θαυμαστὸν
2873 2407 2970 2460 καὶ
2991 2407 3365 2480 ύπεραινετὸν,
3383 2413 3478 2463 καὶ
3502 2411 3801 2480 νοούμενον

2221 2497 2315 2549 καὶ
2347 2497 2658 2567 λεγόμενον.
2701 2497 2760 2550 Ὀ
2789 2495 2883 2551 οὖν
2919 2498 3094 2566 λέγων
3125 2498 3287 2552 αὑτὸν
3336 2498 3412 2572 μὴ
3454 2502 3804 2572 περιγράφε·

2223 2589 2345 2642 σθαι
2386 2593 2444 2642 ἐν
2489 2591 2655 2660 σαρκί⁷
2707 2589 3128 2661 καθ”όμοίωσιν
3166 2591 3465 2664 ἡμετέραν,
3517 2596 3798 2664 ἀρνεῖται,

2222 2679 2552 2749 εὐλογημένε
2586 2697 2689 2750 μου
2738 2681 2954 2751 ἀδελφὲ.
2985 2683 3117 2736 Θεὸν
3138 2685 3196 2737 ὲν
3218 2685 3382 2746 σαρκὶ
3411 2686 3616 2753 φᾶναι’
3649 2687 3803 2741 ἀντι·

2218 2772 2554 2842 τασσόμενος
2588 2772 2665 2843 τῷ
2703 2775 3018 2847 Εὑαγγελίῳ
3061 2777 3157 2832 τοῦ
3207 2777 3443 2848 Χριστοῦ
3468 2818 3484 2842 ,
3516 2780 3612 2834 καὶ
3649 2780 3804 2837 ἐστιν

2234 2861 2508 2925 Ἰουδαίοις
2536 2862 2671 2926 ἶσος.
2717 2863 2826 2916 Ποῦ
2867 2864 2974 2934 γὰρ
3005 2865 3293 2936 ἀληθεύσει
3339 2866 3399 2919 τὸ
3430 2868 3618 2937 ὅμοιον
3660 2871 3804 2940 ἡμῖν

2221 2953 2366 3006 κατά
2397 2953 2575 3007 πάντα
2606 2954 2922 3022 γεγονέναι,
2952 2955 3110 3026 εἰπερ
3148 2958 3224 3027 μὴ
3258 2957 3646 3024 ὲξεικονίζοιτο
3675 2963 3804 3018 καθ’

2222 3046 2400 3115 huic;
2438 3046 2545 3098 1Ιοῦ
2591 3046 2647 3099 δὲ
2686 3048 2783 3099 τό·
2818 3048 3226 3116 Ψηλαφήσατέ
3247 3067 3324 3120 με
3353 3050 3452 3104 καί
3493 3051 3676 3118 were,
3707 3055 3804 3110 ὅτι

539 3136 700 3190 nobis
729 3151 823 3206 per
851 3137 1035 3191 omnia
1094 3136 1301 3191 factum
1336 3154 1456 3194 esse
1483 3177 1499 3203 ,
1554 3139 1602 3194 si
1651 3140 1906 3210 imagine,
1958 3156 2113 3194 more

2224 3137 2460 3205 πνεῦμα
2507 3137 2705 3206 σάρκα
2736 3139 2834 3192 καί
2883 3141 3067 3194 ὀστέα
3113 3144 3224 3197 οὐκ
3278 3143 3424 3212 ἔχει,
3471 3147 3670 3214 καθὼς
3694 3148 3806 3218 ἐμὲ

539 3238 765 3292 nostro,
805 3243 918 3283 non
965 3229 1345 3298 exprimatur?
1373 3230 1478 3286 Ubi
1528 3231 1705 3286 illud:
1756 3231 1984 3303 Palpate
2036 3250 2118 3288 me

538 3319 810 3386 et‘videte,
843 3320 972 3390 quia
997 3321 1223 3390 spiritus
1253 3338 1468 3378 carnem
1517 3333 1568 3378 et
1609 3340 1732 3380 ossa
1768 3342 1874 3380 non
1919 3325 2115 3390 habet,

536 3415 676 3468 sicut
742 3430 824 3468 me
886 3415 1073 3468 videtis
1124 3415 1556 3474 habere“?Ubi
1617 3431 1670 3473 et
1728 3420 1858 3474 illud
1909 3438 1923 3474 :
1977 3421 2117 3484 Quid

536 3522 619 3559 me
666 3505 829 3560 uultis
856 3506 1176 3573 interﬁcere,
1234 3507 1495 3563 hominem
1537 3512 1627 3581 qui
1659 3513 1930 3567 veritatem
1971 3514 2116 3567 vobis

537 3605 746 3656 locutus
822 3618 985 3666 sum,
1069 3619 1231 3672 quam
1325 3605 1508 3660 audivi
1549 3623 1583 3659 a
1658 3605 1929 3661 Patre”?
2007 3606 2118 3672 Qui

537 3706 670 3762 ergo
729 3709 838 3749 non
891 3693 1392 3762 circumscribitur,
1448 3712 1550 3754 nec
1589 3699 1792 3754 similis
1840 3698 1995 3753 nobis
2035 3705 2118 3752 est

537 3785 686 3841 baud
733 3786 942 3852 dubie,
1001 3800 1102 3842 nec
1161 3787 1434 3858 palpatur,
1486 3804 1666 3859 neque
1742 3803 1908 3860 porro
1966 3789 2117 3844 occi-

539 3877 712 3933 ditur.
767 3879 931 3947 Atqui
997 3879 1211 3934 occisus
1271 3891 1402 3947 est,
1463 3891 1517 3935 et
1577 3883 1827 3952 palpatus
1862 3891 1981 3954 post
2033 3897 2120 3936 re-

539 3967 966 4023 surrectionem.
1017 3968 1159 4040 Ergo
1193 3979 1247 4024 et
1285 3970 1663 4024 circumscribi
1713 3972 1856 4025 sicut
1885 3985 1985 4026 nos
2024 3985 2116 4039 per

539 4060 834 4131 imaginem
886 4070 1086 4133 potest.
1144 4061 1252 4118 Sed
1302 4072 1625 4119 evanuerunt
1675 4062 1731 4120 in
1781 4065 2120 4135 cogitationi-

541 4151 640 4206 bus
712 4152 825 4208 suis
878 4152 1273 4218 lconomachi,
1345 4167 1394 4209 et
1448 4154 1787 4210 obscuratum
1851 4167 1928 4211 est
1985 4159 2122 4210 insi-

537 4245 687 4314 piens
731 4259 823 4299 cor
865 4261 1050 4299 eorum
1072 4245 1152 4299 ’δε
1193 4261 1260 4301 ex
1301 4261 1369 4300 eo
1410 4250 1554 4316 quod
1585 4258 1782 4318 negant
1832 4249 2119 4318 imaginem

543 4335 776 4402 Christi,
803 4346 859 4391 et
890 4336 1159 4407 Deiparae,
1190 4345 1244 4390 et
1270 4339 1513 4392 omnium
1545 4349 1885 4404 sanctorum,
1918 4354 2121 4408 negan-

543 4439 624 4484 tes
676 4428 977 4484 salutarem
1026 4427 1537 4498 dispensationem;
1593 4439 1648 4484 et
1692 4429 1973 4484 Christum
2026 4445 2120 4483 ore

2221 3227 2488 3296 θεωρεῖτε
2513 3229 2759 3297 exorta;
2776 3231 2885 3285 [Ιοῦ
2911 3232 2966 3285 δὲ
2992 3234 3072 3298 τὸ,
3111 3235 3172 3289 Τί
3185 3252 3264 3304 με
3292 3236 3496 3290 θέλετε
3518 3238 3808 3294 ἀποκτεῖ-

2220 3337 2341 3382 ναι,
2379 3319 2690 3389 ἄνθρωπον
2721 3321 2790 3387 ὃς
2820 3323 2934 3392 τὴν
2957 3325 3250 3395 ἀλήθειαν
3278 3327 3422 3397 ὑμῖν
3454 3330 3830 3399 λελάληκαμ

2222 3412 2304 3480 ἢν
2331 3413 2566 3481 ἥκουσα
2597 3414 2756 3482 παρὰ
2785 3417 2893 3470 τοῦ
2938 3419 3173 3485 Πατρός
3185 3434 3208 3481 ;
3241 3418 3297 3471 ὐ
3326 3419 3504 3473 τοίνυν
3532 3423 3607 3492 μὴ
3635 3437 3807 3494 περι-

2223 3505 2610 3573 γραφόμενος,
2651 3505 2764 3558 οὗθ’
2812 3509 2994 3577 ὅμοιος
3045 3510 3178 3579 ἡμῖν
3223 3509 3486 3580 δηλονότι,
3539 3512 3658 3566 οὔτ’
3733 3510 3806 3570 αὖ

2220 3597 2578 3665 ψηλαφᾶται,
2624 3598 2732 3651 οὐδ’
2787 3599 2848 3651 ού
2897 3599 3006 3669 μὴν
3048 3601 3430 3656 ἀποκτένεται.
3474 3603 3639 3658 ’Λλλά
3693 3606 3810 3678 μὴν

2221 3688 2538 3760 ἀπεκτάνθη
2592 3691 2686 3742 καὶ
2740 3690 3063 3762 εψηλαφὴθη
3124 3691 3263 3763 μετά
3318 3694 3418 3766 τὴν
3472 3697 3805 3754 ἀνάστασιν.

2220 3781 2433 3834 Οὐκοῦν
2481 3783 2577 3835 καὶ
2614 3787 2986 3854 περιγραπτὸς
3015 3787 3082 3856 τῇ
3111 3785 3234 3840 καθ’
3263 3789 3414 3858 ἡμᾶς
3449 3789 3808 3856 ὲξεικονίσει.

2234 3876 2374 3928 Ἀλλ’
2403 3876 2858 3945 ἐματαιώθησαν
2889 3878 2959 3930 ἐν
2983 3878 3110 3944 τοῖς
3155 3879 3570 3952 διαλογισμοῖς
3594 3887 3814 3940 αὐτῶν

2220 3969 2268 4022 οἰ
2294 3967 2674 4038 Εἰκονομάχοι,
2699 3968 2797 4023 καί
2822 3970 3154 4041 ἐσκοτίσθη
3194 3974 3232 4042 ἠ
3267 3974 3567 4043 ἀσύνετος
3597 3978 3813 4035 αὐτῶν

2222 4059 2435 4126 καρδία
2459 4075 2472 4089 ⁶
2512 4062 2576 4114 ὲκ
2607 4059 2702 4113 τοῦ
2738 4061 3020 4131 ἀρνεῖσθαι
3043 4061 3140 4134 τὴν
3169 4064 3354 4118 εἰκόνα
3389 4066 3650 4136 Χριστοῦ,
3705 4070 3812 4124 σὺν

2221 4152 2322 4221 τῆς
2351 4152 2637 4217 Θεοτόκου,
2670 4153 2763 4206 καὶ
2790 4153 3050 4207 ἁπάντων
3083 4156 3193 4208 τῶν
3237 4156 3429 4224 ἁγίων,
3469 4158 3811 4230 ἀρνούμενοι

2219 4244 2320 4313 τὴν
2363 4245 2628 4314 σωτήριον
2661 4246 2996 4315 οἰκονομίαν,
3041 4247 3139 4300 καὶ
3188 4249 3425 4318 Χριστὸν
3473 4249 3572 4320 μὲν
3602 4250 3814 4320 όμολο·

2222 4338 2469 4404 γοῦντες,
2500 4336 2574 4398 ὼς
2598 4338 2665 4387 τά
2688 4336 2942 4407 δαιμόνια
2966 4379 2980 4404 ,
3017 4342 3126 4401 τοῖς
3154 4340 3210 4391 δὲ
3241 4339 3421 4409 ἔργοις
3443 4340 3810 4412 ἀρνούμενοι.

2225 4428 2300 4480 Οὐ
2335 4428 2442 4498 γὰρ
2470 4428 2802 4497 τοιΧριστὸς
2831 4431 2858 4481 ό
2885 4430 3117 4498 Χριστὸς
3136 4473 3151 4496 ,
3177 4433 3226 4484 εί
3260 4433 3335 4502 μὴ
3363 4434 3809 4503 περιγράφοιτο·

538 4519 764 4589 quidem
798 4519 1147 4585 conﬁtentes,
1201 4519 1347 4574 sicut
1376 4521 1669 4586 daemonia,
1723 4521 1980 4589 operibus
2020 4536 2116 4574 au-

2221 4521 2342 4574 οὑδὲ
2373 4523 2798 4590 προσκυνεῖται,
2828 4525 2877 4576 εἰ
2927 4523 3002 4595 μὴ
3047 4525 3362 4581 πιστεύεται
3407 4527 3468 4580 ὲν
3510 4531 3577 4600 τῇ
3623 4531 3816 4587 εἰκόνι

538 4623 646 4667 tem
682 4619 965 4682 negantes.
1016 4609 1207 4681 Neque
1231 4612 1379 4667 enim
1411 4612 1666 4668 Christus
1706 4611 1957 4667 Christus
1992 4623 2114 4678 est,

537 4703 583 4759 si
626 4720 737 4760 non
776 4704 1310 4770 circumscribatur;
1357 4719 1534 4773 neque
1582 4703 1866 4769 aduratur,
1917 4704 1964 4758 si
2007 4719 2112 4758 non

535 4795 782 4851 creditur
812 4796 868 4851 in
900 4795 1141 4865 imagine
1169 4810 1271 4850 sua
1304 4795 1548 4851 adorari.

608 4887 702 4942 Sic
739 4887 924 4957 igitur,
948 4902 984 4941 ο
1015 4888 1184 4942 homo
1228 4885 1345 4952 Dei,
1381 4903 1440 4941 se
1472 4887 1636 4942 habet
1685 4887 1924 4942 veritas:
1956 4898 2117 4957 atque

536 4979 610 5034 ita
642 4979 956 5034 docuerunt
983 4988 1038 5032 et
1065 4977 1302 5048 apostoli
1325 5018 1340 5042 .
1368 4988 1422 5032 et
1455 4979 1754 5049 propheta,
1785 4988 1841 5034 et
1867 4979 1978 5033 Deo
2004 4981 2116 5049 ple-

536 5071 591 5125 ni
633 5069 854 5136 Patres;
889 5070 934 5125 si
969 5085 1076 5124 non
1106 5071 1301 5125 iisdem
1323 5072 1529 5135 verbis,
1567 5079 1623 5124 at
1651 5083 1798 5124 certe
1820 5084 1912 5139 per
1928 5085 2112 5125 veram

535 5179 728 5216 eorum
751 5178 875 5232 quae
901 5162 970 5216 ab
1002 5162 1111 5217 illis
1140 5163 1286 5219 dicta
1318 5164 1928 5234 suntexplanationem.
1951 5161 2112 5230 Nam,

536 5255 685 5308 velut
731 5254 946 5310 semina
977 5253 1252 5324 quaedam,
1313 5258 1604 5325 proposita:
1633 5267 1764 5312 sunt
1791 5271 1981 5312 omnes
2015 5257 2113 5311 do-

540 5348 795 5418 gtnaticae
832 5348 1119 5402 sententiae
1159 5348 1212 5401 in
1257 5347 1567 5402 divinorum
1617 5349 1958 5417 eloquiorum
2015 5363 2113 5402 no.

2223 4614 2387 4672 αὐτοῦ
2425 4617 2916 4686 προσκυνούμενος.

2289 4881 2472 4944 Οὕτως
2507 4900 2618 4948 ουν,
2657 4875 2701 4935 ὦ
2723 4881 2977 4952 ἄνθρωπε
3013 4883 3106 4936 τοῦ
3141 4882 3298 4948 Θεοῦ,
3329 4885 3364 4956 ἡ
3397 4884 3627 4956 ἀλήθεια
3652 4905 3669 4922 ·
3710 4891 3818 4944 καὶ

2218 4973 2389 5038 οὕτως
2418 4975 2836 5045 δεδογμάτισται
2869 4974 3022 5046 παρά
3056 4993 3117 5028 τι
3142 4977 3482 5043 ἀποστόλων,
3509 4980 3606 5033 καὶ
3660 5000 3816 5053 προ-

2219 5065 2427 5138 φητῶν.
2487 5067 2582 5120 καὶ
2644 5065 2918 5136 θεοφόρων
2957 5067 3251 5137 Πατέρων·
3293 5068 3397 5122 κᾶν
3460 5071 3562 5124 οὐκ
3602 5073 3815 5138 αὑταῖς

2217 5158 2448 5224 λέξεσιν,
2477 5158 2613 5212 ἀλλά
2636 5175 2700 5227 γε
2722 5157 2809 5212 διὰ
2836 5157 2936 5228 τῆς
2963 5157 3193 5227 ἀληθοῦς
3220 5159 3331 5211 τῶν
3376 5159 3468 5212 ὑπ’
3493 5161 3679 5213 αὐτῶν
3713 5163 3815 5216 λε-

2217 5250 2500 5319 λεγμένων
2543 5249 2993 5321 ἀναθεωρήσεως,
3028 5244 3130 5303 Οἷα
3160 5250 3267 5320 γάρ
3321 5269 3440 5304 τινα
3476 5251 3813 5323 σπέρματα,

2216 5341 2616 5412 προϐέϐληνται
2647 5341 2820 5396 πᾶσαι
2861 5342 2919 5396 αἰ
2949 5341 3276 5410 δογματικαὶ
3302 5340 3562 5412 δυνάμεις
3590 5344 3650 5395 ἐν
3681 5348 3816 5411 ταις

541 5440 785 5494 tionibus
819 5457 834 5492 :
867 5439 1103 5494 subinde
1143 5447 1323 5494 autem
1376 5441 1752 5494 exorientibus
1808 5440 2110 5496 haeresibus

2221 5434 2319 5488 τῶν
2353 5433 2508 5485 θείων
2531 5433 2724 5501 λογίων
2755 5433 3007 5503 νοήσεσι·
3029 5436 3147 5496 ταῖς
3177 5433 3231 5486 δὲ
3260 5433 3400 5486 κατᾶ
3435 5433 3626 5504 καιρὸν
3665 5437 3822 5491 ἀνα-⁵

539 5539 891 5602 opponuntur
910 5531 1129 5601 pietatis
1149 5531 1423 5600 dogmata,
1451 5531 1577 5584 inde
1606 5531 1843 5598 Spiritus
1878 5532 2109 5601 impulsu

2221 5530 2518 5600 φυομέναις
2549 5529 2824 5598 αἱρέσεσιν
2855 5525 3283 5595 ἀντεπεξάγεται
3313 5527 3379 5581 τὰ
3401 5526 3647 5591 εὐσεϐῶς
3677 5528 3817 5599 δογο

540 5626 758 5684 exculta
777 5645 792 5681 :
808 5636 863 5680 et
878 5626 1172 5693 impietatis
1192 5625 1398 5678 sizania
1419 5625 1725 5679 abolentur.
1744 5625 1834 5679 Sic
1851 5635 1902 5679 et
1922 5634 1973 5678 tu
1995 5641 2112 5678 cre-

2229 5621 2599 5692 ματεξόμενα,
2658 5621 2870 5675 ἐκεῖθεν
2936 5619 3446 5693 πνευματοκινήτως
3506 5622 3814 5690 γεωργούο

614 5784 656 5816 ’³
691 5781 851 5837 Joan.
928 5801 966 5846 ι,
1003 5784 1087 5838 Η.
1165 5785 1210 5814 ’⁸
1243 5781 1374 5836 an.
1415 5795 1557 5844 xxiv,
1593 5779 1684 5836 39.
1763 5782 1806 5811 ’³
1838 5787 2000 5844 Joan.
2060 5795 2106 5831 γι

2257 5777 2344 5831 40.
2454 5778 2496 5810 ³⁷⁸
2533 5777 2685 5831 Rom.
2734 5791 2769 5842 t,
2807 5775 2894 5830 σι.
