  <div class='ocr_page' id='page_1' title='image "/cluster/home/n/w/nwhite01/storage/ocr_20150623/99/ien.35556001661347/759.png"; bbox 0 0 3934 6492; ppageno 0'>
   <div class='ocr_carea' id='block_1_1' title="bbox 500 379 637 446">
    <p class='ocr_par' dir='ltr' id='par_1_1' title="bbox 500 379 637 446">
     <span class='ocr_line' id='line_1_1' title="bbox 500 379 637 446; baseline -0.007 0"><span class='ocrx_word' id='word_1_1' title='bbox 500 379 637 446; x_wconf 75' lang='grc'>1499</span> 
     </span>
    </p>
   </div>
   <div class='ocr_carea' id='block_1_2' title="bbox 1677 386 2550 449">
    <p class='ocr_par' dir='ltr' id='par_1_2' title="bbox 1677 386 2550 449">
     <span class='ocr_line' id='line_1_2' title="bbox 1677 386 2550 449; baseline 0 -1"><span class='ocrx_word' id='word_1_2' title='bbox 1677 389 1739 448; x_wconf 92' lang='lat' dir='ltr'><strong>S.</strong></span> <span class='ocrx_word' id='word_1_3' title='bbox 1777 386 2168 448; x_wconf 81' lang='lat' dir='ltr'><strong>THEODORI</strong></span> <span class='ocrx_word' id='word_1_4' title='bbox 2205 386 2550 449; x_wconf 69' lang='lat' dir='ltr'><strong>STUDszE</strong></span> 
     </span>
    </p>
   </div>
   <div class='ocr_carea' id='block_1_3' title="bbox 3598 381 3734 449">
    <p class='ocr_par' dir='ltr' id='par_1_3' title="bbox 3598 381 3734 449">
     <span class='ocr_line' id='line_1_3' title="bbox 3598 381 3734 449; baseline 0.022 -3"><span class='ocrx_word' id='word_1_5' title='bbox 3598 381 3734 449; x_wconf 80' lang='lat'><strong>1500</strong></span> 
     </span>
    </p>
   </div>
   <div class='ocr_carea' id='block_1_4' title="bbox 498 489 2096 569">
    <p class='ocr_par' dir='ltr' id='par_1_4' title="bbox 498 493 2096 567">
     <span class='ocr_line' id='line_1_4' title="bbox 498 493 2096 567; baseline 0.002 -18"><span class='ocrx_word' id='word_1_6' title='bbox 498 507 588 551; x_wconf 89' lang='lat' dir='ltr'><strong>vet</strong></span> <span class='ocrx_word' id='word_1_7' title='bbox 615 508 791 564; x_wconf 90' lang='lat' dir='ltr'><strong>neque</strong></span> <span class='ocrx_word' id='word_1_8' title='bbox 826 493 1089 550; x_wconf 86' lang='lat' dir='ltr'><strong>salvetur.</strong></span> <span class='ocrx_word' id='word_1_9' title='bbox 1144 494 1419 566; x_wconf 84' lang='lat' dir='ltr'><strong>Egredere,</strong></span> <span class='ocrx_word' id='word_1_10' title='bbox 1453 497 1652 567; x_wconf 89' lang='lat' dir='ltr'><strong>inquit,</strong></span> <span class='ocrx_word' id='word_1_11' title='bbox 1682 499 1747 553; x_wconf 84' lang='lat' dir='ltr'><strong>de</strong></span> <span class='ocrx_word' id='word_1_12' title='bbox 1799 509 1942 553; x_wconf 87' lang='lat' dir='ltr'><strong>terra</strong></span> <span class='ocrx_word' id='word_1_13' title='bbox 1971 508 2096 558; x_wconf 44' lang='lat' dir='ltr'><strong>tua,</strong></span> 
     </span>
    </p>
   </div>
   <div class='ocr_carea' id='block_1_5' title="bbox 2199 489 3781 569">
    <p class='ocr_par' dir='ltr' id='par_1_5' title="bbox 2199 489 3781 569">
     <span class='ocr_line' id='line_1_5' title="bbox 2199 489 3781 569; baseline 0.003 -19"><span class='ocrx_word' id='word_1_14' title='bbox 2199 499 2259 552; x_wconf 80' lang='grc' dir='ltr'>αὶ</span> <span class='ocrx_word' id='word_1_15' title='bbox 2283 501 2352 554; x_wconf 81' lang='grc' dir='ltr'><strong>ἐκ</strong></span> <span class='ocrx_word' id='word_1_16' title='bbox 2384 499 2496 568; x_wconf 82' lang='grc' dir='ltr'>τῆς</span> <span class='ocrx_word' id='word_1_17' title='bbox 2521 499 2876 569; x_wconf 60' lang='grc' dir='ltr'>συγγενείας</span> <span class='ocrx_word' id='word_1_18' title='bbox 2909 513 3024 553; x_wconf 86' lang='grc' dir='ltr'><strong>σου</strong></span> <span class='ocrx_word' id='word_1_19' title='bbox 3045 513 3058 527; x_wconf 92' lang='grc'><strong>·</strong></span> <span class='ocrx_word' id='word_1_20' title='bbox 3105 496 3233 552; x_wconf 86' lang='grc' dir='ltr'>λάϐε</span> <span class='ocrx_word' id='word_1_21' title='bbox 3263 496 3354 549; x_wconf 76' lang='grc' dir='ltr'>τὸν</span> <span class='ocrx_word' id='word_1_22' title='bbox 3382 497 3616 566; x_wconf 78' lang='grc' dir='ltr'>σταυρὸν</span> <span class='ocrx_word' id='word_1_23' title='bbox 3649 499 3736 554; x_wconf 79' lang='grc' dir='ltr'>ἐπ’</span> <span class='ocrx_word' id='word_1_24' title='bbox 3780 489 3781 492; x_wconf 9' lang='grc' dir='ltr'><strong>η</strong></span> 
     </span>
    </p>
   </div>
   <div class='ocr_carea' id='block_1_6' title="bbox 499 588 2064 660">
    <p class='ocr_par' dir='ltr' id='par_1_6' title="bbox 499 588 2064 660">
     <span class='ocr_line' id='line_1_6' title="bbox 499 588 2064 660; baseline 0.001 -16"><span class='ocrx_word' id='word_1_25' title='bbox 499 599 548 644; x_wconf 87' lang='lat' dir='ltr'><strong>et</strong></span> <span class='ocrx_word' id='word_1_26' title='bbox 576 589 639 642; x_wconf 86' lang='lat' dir='ltr'><strong>de</strong></span> <span class='ocrx_word' id='word_1_27' title='bbox 662 588 1004 658; x_wconf 84' lang='lat' dir='ltr'><strong>cengnatione</strong></span> <span class='ocrx_word' id='word_1_28' title='bbox 1029 596 1122 641; x_wconf 86' lang='lat' dir='ltr'><strong>tua</strong></span> <span class='ocrx_word' id='word_1_29' title='bbox 1139 589 1204 653; x_wconf 84' lang='lat'><strong>&quot;;</strong></span> <span class='ocrx_word' id='word_1_30' title='bbox 1235 591 1419 660; x_wconf 87' lang='lat' dir='ltr'><strong>accipe</strong></span> <span class='ocrx_word' id='word_1_31' title='bbox 1446 605 1665 645; x_wconf 90' lang='lat' dir='ltr'><strong>crucem</strong></span> <span class='ocrx_word' id='word_1_32' title='bbox 1701 591 1758 645; x_wconf 86' lang='lat' dir='ltr'><strong>in</strong></span> <span class='ocrx_word' id='word_1_33' title='bbox 1787 592 2064 655; x_wconf 81' lang='lat' dir='ltr'><strong>humeros,</strong></span> 
     </span>
    </p>
   </div>
   <div class='ocr_carea' id='block_1_7' title="bbox 501 680 2069 752">
    <p class='ocr_par' dir='ltr' id='par_1_7' title="bbox 501 680 2069 752">
     <span class='ocr_line' id='line_1_7' title="bbox 501 680 2069 752; baseline 0.001 -17"><span class='ocrx_word' id='word_1_34' title='bbox 501 695 829 750; x_wconf 88' lang='lat' dir='ltr'><strong>conspuere,</strong></span> <span class='ocrx_word' id='word_1_35' title='bbox 879 680 1128 751; x_wconf 86' lang='lat' dir='ltr'><strong>colaphis</strong></span> <span class='ocrx_word' id='word_1_36' title='bbox 1156 681 1400 747; x_wconf 71' lang='lat' dir='ltr'><strong>caeditor,</strong></span> <span class='ocrx_word' id='word_1_37' title='bbox 1457 682 1583 738; x_wconf 86' lang='lat' dir='ltr'><strong>bibe</strong></span> <span class='ocrx_word' id='word_1_38' title='bbox 1611 694 1851 747; x_wconf 88' lang='lat' dir='ltr'><strong>acetum,</strong></span> <span class='ocrx_word' id='word_1_39' title='bbox 1883 682 2069 752; x_wconf 79' lang='lat' dir='ltr'><strong>ﬂagel-</strong></span> 
     </span>
    </p>
   </div>
   <div class='ocr_carea' id='block_1_8' title="bbox 502 771 2068 843">
    <p class='ocr_par' dir='ltr' id='par_1_8' title="bbox 502 771 2068 843">
     <span class='ocr_line' id='line_1_8' title="bbox 502 771 2068 843; baseline 0.004 -19"><span class='ocrx_word' id='word_1_40' title='bbox 502 771 634 834; x_wconf 92' lang='lat' dir='ltr'><strong>lare,</strong></span> <span class='ocrx_word' id='word_1_41' title='bbox 666 787 886 826; x_wconf 91' lang='lat' dir='ltr'><strong>crucem</strong></span> <span class='ocrx_word' id='word_1_42' title='bbox 914 773 1170 837; x_wconf 86' lang='lat' dir='ltr'><strong>ascende,</strong></span> <span class='ocrx_word' id='word_1_43' title='bbox 1198 774 1518 843; x_wconf 79' lang='lat' dir='ltr'><strong>sanguinem</strong></span> <span class='ocrx_word' id='word_1_44' title='bbox 1543 774 1731 839; x_wconf 89' lang='lat' dir='ltr'><strong>funde,</strong></span> <span class='ocrx_word' id='word_1_45' title='bbox 1761 776 1876 830; x_wconf 86' lang='lat' dir='ltr'><strong>sive</strong></span> <span class='ocrx_word' id='word_1_46' title='bbox 1905 777 2068 832; x_wconf 86' lang='lat' dir='ltr'><strong>intel-</strong></span> 
     </span>
    </p>
   </div>
   <div class='ocr_carea' id='block_1_9' title="bbox 503 863 2067 931">
    <p class='ocr_par' dir='ltr' id='par_1_9' title="bbox 503 863 2067 931">
     <span class='ocr_line' id='line_1_9' title="bbox 503 863 2067 931; baseline 0.004 -15"><span class='ocrx_word' id='word_1_47' title='bbox 503 871 670 928; x_wconf 91' lang='lat' dir='ltr'><strong>tectu,</strong></span> <span class='ocrx_word' id='word_1_48' title='bbox 701 864 817 917; x_wconf 81' lang='lat' dir='ltr'><strong>sive</strong></span> <span class='ocrx_word' id='word_1_49' title='bbox 869 878 1054 918; x_wconf 88' lang='lat' dir='ltr'><strong>sensu.</strong></span> <span class='ocrx_word' id='word_1_50' title='bbox 1088 863 1247 930; x_wconf 87' lang='lat' dir='ltr'><strong>Quod</strong></span> <span class='ocrx_word' id='word_1_51' title='bbox 1270 865 1318 919; x_wconf 90' lang='lat' dir='ltr'><strong>si</strong></span> <span class='ocrx_word' id='word_1_52' title='bbox 1361 867 1475 921; x_wconf 74' lang='lat' dir='ltr'><strong>haec</strong></span> <span class='ocrx_word' id='word_1_53' title='bbox 1496 881 1606 920; x_wconf 86' lang='lat' dir='ltr'><strong>non</strong></span> <span class='ocrx_word' id='word_1_54' title='bbox 1636 866 1804 931; x_wconf 87' lang='lat' dir='ltr'><strong>feras,</strong></span> <span class='ocrx_word' id='word_1_55' title='bbox 1837 869 1965 922; x_wconf 92' lang='lat' dir='ltr'><strong>sede</strong></span> <span class='ocrx_word' id='word_1_56' title='bbox 2015 868 2067 921; x_wconf 92' lang='lat' dir='ltr'><strong>in</strong></span> 
     </span>
    </p>
   </div>
   <div class='ocr_carea' id='block_1_10' title="bbox 503 955 2071 1022">
    <p class='ocr_par' dir='ltr' id='par_1_10' title="bbox 503 955 2071 1022">
     <span class='ocr_line' id='line_1_10' title="bbox 503 955 2071 1022; baseline 0.003 -13"><span class='ocrx_word' id='word_1_57' title='bbox 503 955 666 1011; x_wconf 88' lang='lat' dir='ltr'><strong>domo</strong></span> <span class='ocrx_word' id='word_1_58' title='bbox 696 965 810 1022; x_wconf 89' lang='lat' dir='ltr'><strong>tua,</strong></span> <span class='ocrx_word' id='word_1_59' title='bbox 853 956 1143 1010; x_wconf 83' lang='lat' dir='ltr'><strong>humiliore</strong></span> <span class='ocrx_word' id='word_1_60' title='bbox 1175 958 1280 1011; x_wconf 84' lang='lat' dir='ltr'><strong>vita</strong></span> <span class='ocrx_word' id='word_1_61' title='bbox 1329 959 1531 1013; x_wconf 88' lang='lat' dir='ltr'><strong>salvari</strong></span> <span class='ocrx_word' id='word_1_62' title='bbox 1558 959 1917 1015; x_wconf 84' lang='lat' dir='ltr'><strong>contendens.</strong></span> <span class='ocrx_word' id='word_1_63' title='bbox 1965 959 2071 1014; x_wconf 83' lang='lat' dir='ltr'><strong>Ne-</strong></span> 
     </span>
    </p>
   </div>
   <div class='ocr_carea' id='block_1_11' title="bbox 505 1047 2072 1121">
    <p class='ocr_par' dir='ltr' id='par_1_11' title="bbox 505 1047 2072 1121">
     <span class='ocr_line' id='line_1_11' title="bbox 505 1047 2072 1121; baseline 0.003 -21"><span class='ocrx_word' id='word_1_64' title='bbox 505 1061 612 1117; x_wconf 89' lang='lat' dir='ltr'><strong>que</strong></span> <span class='ocrx_word' id='word_1_65' title='bbox 649 1047 794 1101; x_wconf 87' lang='lat' dir='ltr'><strong>enim</strong></span> <span class='ocrx_word' id='word_1_66' title='bbox 828 1047 945 1102; x_wconf 89' lang='lat' dir='ltr'><strong>sine</strong></span> <span class='ocrx_word' id='word_1_67' title='bbox 969 1049 1158 1104; x_wconf 89' lang='lat' dir='ltr'><strong>labore</strong></span> <span class='ocrx_word' id='word_1_68' title='bbox 1191 1049 1281 1104; x_wconf 89' lang='lat' dir='ltr'><strong>hic</strong></span> <span class='ocrx_word' id='word_1_69' title='bbox 1317 1050 1486 1114; x_wconf 83' lang='lat' dir='ltr'><strong>salus,</strong></span> <span class='ocrx_word' id='word_1_70' title='bbox 1513 1051 1606 1104; x_wconf 90' lang='lat' dir='ltr'><strong>sed</strong></span> <span class='ocrx_word' id='word_1_71' title='bbox 1636 1066 1730 1121; x_wconf 92' lang='lat' dir='ltr'><strong>per</strong></span> <span class='ocrx_word' id='word_1_72' title='bbox 1750 1052 1949 1107; x_wconf 88' lang='lat' dir='ltr'><strong>multas</strong></span> <span class='ocrx_word' id='word_1_73' title='bbox 1973 1066 2072 1105; x_wconf 89' lang='lat' dir='ltr'><strong>an-</strong></span> 
     </span>
    </p>
   </div>
   <div class='ocr_carea' id='block_1_12' title="bbox 507 1136 2071 1212">
    <p class='ocr_par' dir='ltr' id='par_1_12' title="bbox 507 1136 2071 1212">
     <span class='ocr_line' id='line_1_12' title="bbox 507 1136 2071 1212; baseline 0.004 -22"><span class='ocrx_word' id='word_1_74' title='bbox 507 1138 738 1208; x_wconf 78' lang='lat' dir='ltr'><strong>gustias.</strong></span> <span class='ocrx_word' id='word_1_75' title='bbox 775 1136 854 1194; x_wconf 81' lang='lat' dir='ltr'><strong>Ne</strong></span> <span class='ocrx_word' id='word_1_76' title='bbox 885 1141 1017 1194; x_wconf 90' lang='lat' dir='ltr'><strong>mihi</strong></span> <span class='ocrx_word' id='word_1_77' title='bbox 1047 1140 1312 1196; x_wconf 84' lang='lat' dir='ltr'><strong>hodierna</strong></span> <span class='ocrx_word' id='word_1_78' title='bbox 1332 1142 1578 1212; x_wconf 87' lang='lat' dir='ltr'><strong>exempla</strong></span> <span class='ocrx_word' id='word_1_79' title='bbox 1602 1141 1867 1212; x_wconf 79' lang='lat' dir='ltr'><strong>proferas.</strong></span> <span class='ocrx_word' id='word_1_80' title='bbox 1897 1142 2071 1209; x_wconf 87' lang='lat' dir='ltr'><strong>Quid-</strong></span> 
     </span>
    </p>
   </div>
   <div class='ocr_carea' id='block_1_13' title="bbox 509 1229 2072 1304">
    <p class='ocr_par' dir='ltr' id='par_1_13' title="bbox 509 1229 2072 1304">
     <span class='ocr_line' id='line_1_13' title="bbox 509 1229 2072 1304; baseline 0.003 -19"><span class='ocrx_word' id='word_1_81' title='bbox 509 1229 637 1301; x_wconf 88' lang='lat' dir='ltr'><strong>quid</strong></span> <span class='ocrx_word' id='word_1_82' title='bbox 665 1245 774 1284; x_wconf 91' lang='lat' dir='ltr'><strong>non</strong></span> <span class='ocrx_word' id='word_1_83' title='bbox 797 1237 881 1285; x_wconf 90' lang='lat' dir='ltr'><strong>est</strong></span> <span class='ocrx_word' id='word_1_84' title='bbox 917 1246 984 1285; x_wconf 82' lang='lat' dir='ltr'><strong>ex</strong></span> <span class='ocrx_word' id='word_1_85' title='bbox 1025 1233 1694 1303; x_wconf 84' lang='lat' dir='ltr'><strong>mandato;-improbum,</strong></span> <span class='ocrx_word' id='word_1_86' title='bbox 1721 1234 1921 1299; x_wconf 81' lang='lat' dir='ltr'><strong>inane,</strong></span> <span class='ocrx_word' id='word_1_87' title='bbox 1954 1235 2072 1304; x_wconf 90' lang='lat' dir='ltr'><strong>ple-</strong></span> 
     </span>
    </p>
   </div>
   <div class='ocr_carea' id='block_1_14' title="bbox 509 1323 2073 1393">
    <p class='ocr_par' dir='ltr' id='par_1_14' title="bbox 509 1323 2073 1393">
     <span class='ocr_line' id='line_1_14' title="bbox 509 1323 2073 1393; baseline 0.001 -17"><span class='ocrx_word' id='word_1_88' title='bbox 509 1339 637 1376; x_wconf 91' lang='lat' dir='ltr'><strong>num</strong></span> <span class='ocrx_word' id='word_1_89' title='bbox 669 1323 934 1388; x_wconf 82' lang='lat' dir='ltr'><strong>scaudali,</strong></span> <span class='ocrx_word' id='word_1_90' title='bbox 965 1323 1086 1392; x_wconf 88' lang='lat' dir='ltr'><strong>ejus</strong></span> <span class='ocrx_word' id='word_1_91' title='bbox 1109 1324 1202 1392; x_wconf 90' lang='lat' dir='ltr'><strong>qui</strong></span> <span class='ocrx_word' id='word_1_92' title='bbox 1228 1325 1305 1378; x_wconf 91' lang='lat' dir='ltr'><strong>sic</strong></span> <span class='ocrx_word' id='word_1_93' title='bbox 1320 1325 1648 1378; x_wconf 89' lang='lat' dir='ltr'><strong>renuntiarit</strong></span> <span class='ocrx_word' id='word_1_94' title='bbox 1671 1339 1833 1393; x_wconf 88' lang='lat' dir='ltr'><strong>opus,</strong></span> <span class='ocrx_word' id='word_1_95' title='bbox 1853 1340 1961 1379; x_wconf 90' lang='lat' dir='ltr'><strong>non</strong></span> <span class='ocrx_word' id='word_1_96' title='bbox 1989 1325 2073 1378; x_wconf 91' lang='lat' dir='ltr'><strong>di-</strong></span> 
     </span>
    </p>
   </div>
   <div class='ocr_carea' id='block_1_15' title="bbox 509 1413 2076 1482">
    <p class='ocr_par' dir='ltr' id='par_1_15' title="bbox 509 1413 2076 1482">
     <span class='ocr_line' id='line_1_15' title="bbox 509 1413 2076 1482; baseline 0.004 -18"><span class='ocrx_word' id='word_1_97' title='bbox 509 1413 619 1465; x_wconf 84' lang='lat' dir='ltr'><strong>vini</strong></span> <span class='ocrx_word' id='word_1_98' title='bbox 639 1413 1068 1482; x_wconf 73' lang='lat' dir='ltr'><strong>praecepti.Quod</strong></span> <span class='ocrx_word' id='word_1_99' title='bbox 1097 1416 1140 1468; x_wconf 91' lang='lat' dir='ltr'><strong>si</strong></span> <span class='ocrx_word' id='word_1_100' title='bbox 1159 1416 1552 1470; x_wconf 79' lang='lat' dir='ltr'><strong>monasterium</strong></span> <span class='ocrx_word' id='word_1_101' title='bbox 1575 1430 1776 1469; x_wconf 91' lang='lat' dir='ltr'><strong>novum</strong></span> <span class='ocrx_word' id='word_1_102' title='bbox 1796 1424 2076 1471; x_wconf 81' lang='lat' dir='ltr'><strong>exstruere</strong></span> 
     </span>
    </p>
   </div>
   <div class='ocr_carea' id='block_1_16' title="bbox 510 1500 2076 1570">
    <p class='ocr_par' dir='ltr' id='par_1_16' title="bbox 510 1500 2076 1570">
     <span class='ocr_line' id='line_1_16' title="bbox 510 1500 2076 1570; baseline 0.003 -16"><span class='ocrx_word' id='word_1_103' title='bbox 510 1500 665 1570; x_wconf 91' lang='lat' dir='ltr'><strong>cupis</strong></span> <span class='ocrx_word' id='word_1_104' title='bbox 699 1519 714 1568; x_wconf 90' lang='lat'><strong>;</strong></span> <span class='ocrx_word' id='word_1_105' title='bbox 746 1501 799 1556; x_wconf 91' lang='lat' dir='ltr'><strong>id</strong></span> <span class='ocrx_word' id='word_1_106' title='bbox 849 1517 956 1556; x_wconf 93' lang='lat' dir='ltr'><strong>non</strong></span> <span class='ocrx_word' id='word_1_107' title='bbox 991 1512 1072 1558; x_wconf 90' lang='lat' dir='ltr'><strong>est</strong></span> <span class='ocrx_word' id='word_1_108' title='bbox 1113 1504 1355 1558; x_wconf 91' lang='lat' dir='ltr'><strong>alienum</strong></span> <span class='ocrx_word' id='word_1_109' title='bbox 1382 1520 1414 1559; x_wconf 88' lang='lat' dir='ltr'><strong>a</strong></span> <span class='ocrx_word' id='word_1_110' title='bbox 1459 1507 1670 1560; x_wconf 90' lang='lat' dir='ltr'><strong>ratione</strong></span> <span class='ocrx_word' id='word_1_111' title='bbox 1703 1523 1717 1560; x_wconf 89' lang='lat'><strong>:</strong></span> <span class='ocrx_word' id='word_1_112' title='bbox 1773 1506 1866 1561; x_wconf 90' lang='lat' dir='ltr'><strong>sed</strong></span> <span class='ocrx_word' id='word_1_113' title='bbox 1907 1505 2076 1561; x_wconf 88' lang='lat' dir='ltr'><strong>simul</strong></span> 
     </span>
    </p>
   </div>
   <div class='ocr_carea' id='block_1_17' title="bbox 511 1593 2081 1668">
    <p class='ocr_par' dir='ltr' id='par_1_17' title="bbox 511 1593 2081 1668">
     <span class='ocr_line' id='line_1_17' title="bbox 511 1593 2081 1668; baseline 0.004 -20"><span class='ocrx_word' id='word_1_114' title='bbox 511 1607 579 1648; x_wconf 91' lang='lat' dir='ltr'><strong>ac</strong></span> <span class='ocrx_word' id='word_1_115' title='bbox 609 1593 902 1649; x_wconf 89' lang='lat' dir='ltr'><strong>tradideris</strong></span> <span class='ocrx_word' id='word_1_116' title='bbox 929 1594 1106 1664; x_wconf 91' lang='lat' dir='ltr'><strong>ipsum</strong></span> <span class='ocrx_word' id='word_1_117' title='bbox 1135 1596 1253 1650; x_wconf 90' lang='lat' dir='ltr'><strong>viro</strong></span> <span class='ocrx_word' id='word_1_118' title='bbox 1280 1597 1372 1666; x_wconf 88' lang='lat' dir='ltr'><strong>qui</strong></span> <span class='ocrx_word' id='word_1_119' title='bbox 1400 1606 1568 1667; x_wconf 79' lang='lat' dir='ltr'><strong>regat,</strong></span> <span class='ocrx_word' id='word_1_120' title='bbox 1603 1613 1669 1653; x_wconf 91' lang='lat' dir='ltr'><strong>ne</strong></span> <span class='ocrx_word' id='word_1_121' title='bbox 1697 1599 1928 1668; x_wconf 87' lang='lat' dir='ltr'><strong>amplius</strong></span> <span class='ocrx_word' id='word_1_122' title='bbox 1972 1615 2081 1654; x_wconf 88' lang='lat' dir='ltr'><strong>ma-</strong></span> 
     </span>
    </p>
   </div>
   <div class='ocr_carea' id='block_1_18' title="bbox 512 1683 2082 1759">
    <p class='ocr_par' dir='ltr' id='par_1_18' title="bbox 512 1683 2082 1759">
     <span class='ocr_line' id='line_1_18' title="bbox 512 1683 2082 1759; baseline 0.004 -22"><span class='ocrx_word' id='word_1_123' title='bbox 512 1698 644 1738; x_wconf 91' lang='lat' dir='ltr'><strong>num</strong></span> <span class='ocrx_word' id='word_1_124' title='bbox 676 1683 908 1752; x_wconf 87' lang='lat' dir='ltr'><strong>injicias,</strong></span> <span class='ocrx_word' id='word_1_125' title='bbox 934 1694 1192 1756; x_wconf 88' lang='lat' dir='ltr'><strong>tanquam</strong></span> <span class='ocrx_word' id='word_1_126' title='bbox 1213 1688 1268 1740; x_wconf 89' lang='lat' dir='ltr'><strong>in</strong></span> <span class='ocrx_word' id='word_1_127' title='bbox 1298 1703 1410 1742; x_wconf 89' lang='lat' dir='ltr'><strong>rem</strong></span> <span class='ocrx_word' id='word_1_128' title='bbox 1441 1699 1591 1742; x_wconf 88' lang='lat' dir='ltr'><strong>tuam</strong></span> <span class='ocrx_word' id='word_1_129' title='bbox 1627 1707 1640 1743; x_wconf 93' lang='lat'><strong>:</strong></span> <span class='ocrx_word' id='word_1_130' title='bbox 1672 1698 1726 1745; x_wconf 92' lang='lat' dir='ltr'><strong>et</strong></span> <span class='ocrx_word' id='word_1_131' title='bbox 1755 1688 1865 1746; x_wconf 93' lang='lat' dir='ltr'><strong>Deo</strong></span> <span class='ocrx_word' id='word_1_132' title='bbox 1888 1704 2082 1759; x_wconf 84' lang='lat' dir='ltr'><strong>accep-</strong></span> 
     </span>
    </p>
   </div>
   <div class='ocr_carea' id='block_1_19' title="bbox 515 1776 2084 1852">
    <p class='ocr_par' dir='ltr' id='par_1_19' title="bbox 515 1776 2084 1852">
     <span class='ocr_line' id='line_1_19' title="bbox 515 1776 2084 1852; baseline 0.004 -22"><span class='ocrx_word' id='word_1_133' title='bbox 515 1785 632 1830; x_wconf 90' lang='lat' dir='ltr'><strong>tum</strong></span> <span class='ocrx_word' id='word_1_134' title='bbox 693 1776 749 1830; x_wconf 91' lang='lat' dir='ltr'><strong>id</strong></span> <span class='ocrx_word' id='word_1_135' title='bbox 780 1777 925 1842; x_wconf 89' lang='lat' dir='ltr'><strong>erit;</strong></span> <span class='ocrx_word' id='word_1_136' title='bbox 964 1787 1020 1833; x_wconf 90' lang='lat' dir='ltr'><strong>et</strong></span> <span class='ocrx_word' id='word_1_137' title='bbox 1052 1789 1304 1834; x_wconf 84' lang='lat' dir='ltr'><strong>occurret</strong></span> <span class='ocrx_word' id='word_1_138' title='bbox 1334 1782 1428 1836; x_wconf 90' lang='lat' dir='ltr'><strong>tibi</strong></span> <span class='ocrx_word' id='word_1_139' title='bbox 1464 1783 1518 1835; x_wconf 90' lang='lat' dir='ltr'><strong>in</strong></span> <span class='ocrx_word' id='word_1_140' title='bbox 1552 1782 1846 1852; x_wconf 90' lang='lat' dir='ltr'><strong>hospitium</strong></span> <span class='ocrx_word' id='word_1_141' title='bbox 1885 1783 2084 1852; x_wconf 89' lang='lat' dir='ltr'><strong>sempi-</strong></span> 
     </span>
    </p>
   </div>
   <div class='ocr_carea' id='block_1_20' title="bbox 2167 589 3739 661">
    <p class='ocr_par' dir='ltr' id='par_1_20' title="bbox 2167 589 3739 661">
     <span class='ocr_line' id='line_1_20' title="bbox 2167 589 3739 661; baseline -0.003 -17"><span class='ocrx_word' id='word_1_142' title='bbox 2167 589 2331 661; x_wconf 83' lang='grc' dir='ltr'>ῶμων</span> <span class='ocrx_word' id='word_1_143' title='bbox 2365 609 2479 656; x_wconf 89' lang='grc' dir='ltr'>σου,</span> <span class='ocrx_word' id='word_1_144' title='bbox 2510 591 2873 661; x_wconf 86' lang='grc' dir='ltr'>ἐμπτύσθητι,</span> <span class='ocrx_word' id='word_1_145' title='bbox 2905 589 3283 661; x_wconf 87' lang='grc' dir='ltr'>κολαφίσθητι,</span> <span class='ocrx_word' id='word_1_146' title='bbox 3306 589 3396 642; x_wconf 89' lang='grc' dir='ltr'><strong>πίε</strong></span> <span class='ocrx_word' id='word_1_147' title='bbox 3419 589 3564 654; x_wconf 78' lang='grc' dir='ltr'>ὅξος,</span> <span class='ocrx_word' id='word_1_148' title='bbox 3596 608 3739 661; x_wconf 76' lang='grc' dir='ltr'>φρα-</span> 
     </span>
    </p>
   </div>
   <div class='ocr_carea' id='block_1_21' title="bbox 2167 677 3738 752">
    <p class='ocr_par' dir='ltr' id='par_1_21' title="bbox 2167 677 3738 752">
     <span class='ocr_line' id='line_1_21' title="bbox 2167 677 3738 752; baseline -0.001 -18"><span class='ocrx_word' id='word_1_149' title='bbox 2167 681 2486 751; x_wconf 82' lang='grc' dir='ltr'>γελλώθητι,</span> <span class='ocrx_word' id='word_1_150' title='bbox 2535 680 2674 735; x_wconf 83' lang='grc' dir='ltr'>άνιθι</span> <span class='ocrx_word' id='word_1_151' title='bbox 2711 684 2803 734; x_wconf 79' lang='grc' dir='ltr'>ἐπὶ</span> <span class='ocrx_word' id='word_1_152' title='bbox 2862 681 2951 735; x_wconf 77' lang='grc' dir='ltr'><strong>τὸν</strong></span> <span class='ocrx_word' id='word_1_153' title='bbox 3010 683 3265 752; x_wconf 81' lang='grc' dir='ltr'>σταυρὸν,</span> <span class='ocrx_word' id='word_1_154' title='bbox 3302 682 3540 734; x_wconf 85' lang='grc' dir='ltr'>κὲνωσον</span> <span class='ocrx_word' id='word_1_155' title='bbox 3575 677 3738 751; x_wconf 77' lang='grc' dir='ltr'>αἷμα,</span> 
     </span>
    </p>
   </div>
   <div class='ocr_carea' id='block_1_22' title="bbox 2170 767 3743 842">
    <p class='ocr_par' dir='ltr' id='par_1_22' title="bbox 2170 767 3743 842">
     <span class='ocr_line' id='line_1_22' title="bbox 2170 767 3743 842; baseline 0 -18"><span class='ocrx_word' id='word_1_156' title='bbox 2170 771 2268 824; x_wconf 74' lang='grc' dir='ltr'>εἴτ’</span> <span class='ocrx_word' id='word_1_157' title='bbox 2294 767 2386 825; x_wconf 85' lang='grc' dir='ltr'>οὖν</span> <span class='ocrx_word' id='word_1_158' title='bbox 2424 771 2646 840; x_wconf 83' lang='grc' dir='ltr'>νοητῶς,</span> <span class='ocrx_word' id='word_1_159' title='bbox 2680 772 2778 823; x_wconf 73' lang='grc' dir='ltr'>εῖτ*</span> <span class='ocrx_word' id='word_1_160' title='bbox 2807 767 2899 824; x_wconf 84' lang='grc' dir='ltr'>οὖν</span> <span class='ocrx_word' id='word_1_161' title='bbox 2934 771 3224 842; x_wconf 75' lang='grc' dir='ltr'><strong>αἰσθητῶς.</strong></span> <span class='ocrx_word' id='word_1_162' title='bbox 3262 772 3325 824; x_wconf 76' lang='lat' dir='ltr'><strong>El</strong></span> <span class='ocrx_word' id='word_1_163' title='bbox 3357 771 3413 824; x_wconf 88' lang='grc' dir='ltr'><strong>δέ</strong></span> <span class='ocrx_word' id='word_1_164' title='bbox 3442 771 3516 840; x_wconf 85' lang='grc' dir='ltr'>μὴ</span> <span class='ocrx_word' id='word_1_165' title='bbox 3553 772 3743 840; x_wconf 80' lang='grc' dir='ltr'><strong>φέροις</strong></span> 
     </span>
    </p>
   </div>
   <div class='ocr_carea' id='block_1_23' title="bbox 2167 862 3744 934">
    <p class='ocr_par' dir='ltr' id='par_1_23' title="bbox 2167 862 3744 934">
     <span class='ocr_line' id='line_1_23' title="bbox 2167 862 3744 934; baseline 0.001 -19"><span class='ocrx_word' id='word_1_166' title='bbox 2167 863 2358 928; x_wconf 81' lang='grc' dir='ltr'>ταῦτα,</span> <span class='ocrx_word' id='word_1_167' title='bbox 2392 862 2560 916; x_wconf 87' lang='grc' dir='ltr'><strong>κάθου</strong></span> <span class='ocrx_word' id='word_1_168' title='bbox 2606 865 2664 916; x_wconf 86' lang='grc' dir='ltr'><strong>ἐν</strong></span> <span class='ocrx_word' id='word_1_169' title='bbox 2695 862 2771 932; x_wconf 83' lang='grc' dir='ltr'><strong>τῷ</strong></span> <span class='ocrx_word' id='word_1_170' title='bbox 2812 866 2945 933; x_wconf 78' lang='grc' dir='ltr'>οἴκῳ</span> <span class='ocrx_word' id='word_1_171' title='bbox 2975 880 3089 927; x_wconf 89' lang='grc' dir='ltr'>σου,</span> <span class='ocrx_word' id='word_1_172' title='bbox 3141 863 3218 934; x_wconf 81' lang='grc' dir='ltr'>τῷ</span> <span class='ocrx_word' id='word_1_173' title='bbox 3242 863 3614 933; x_wconf 80' lang='grc' dir='ltr'><strong>ταπεινοτέρῳ</strong></span> <span class='ocrx_word' id='word_1_174' title='bbox 3643 864 3744 934; x_wconf 83' lang='grc' dir='ltr'><strong>βίῳ</strong></span> 
     </span>
    </p>
   </div>
   <div class='ocr_carea' id='block_1_24' title="bbox 2169 952 3745 1023">
    <p class='ocr_par' dir='ltr' id='par_1_24' title="bbox 2169 952 3745 1023">
     <span class='ocr_line' id='line_1_24' title="bbox 2169 952 3745 1023; baseline -0.001 -16"><span class='ocrx_word' id='word_1_175' title='bbox 2169 952 2552 1023; x_wconf 76' lang='grc' dir='ltr'>ἐκϐιαζόμενος</span> <span class='ocrx_word' id='word_1_176' title='bbox 2592 953 2879 1016; x_wconf 75' lang='grc' dir='ltr'>σώζεσθαι.</span> <span class='ocrx_word' id='word_1_177' title='bbox 2921 954 3054 1006; x_wconf 85' lang='grc' dir='ltr'>Οὐδέ</span> <span class='ocrx_word' id='word_1_178' title='bbox 3082 953 3188 1023; x_wconf 83' lang='grc' dir='ltr'><strong>γὰρ</strong></span> <span class='ocrx_word' id='word_1_179' title='bbox 3221 953 3452 1008; x_wconf 83' lang='grc' dir='ltr'>ἐνταῦθα</span> <span class='ocrx_word' id='word_1_180' title='bbox 3500 955 3745 1022; x_wconf 77' lang='grc' dir='ltr'>ἀμογητὶ</span> 
     </span>
    </p>
   </div>
   <div class='ocr_carea' id='block_1_25' title="bbox 2171 1043 3744 1117">
    <p class='ocr_par' dir='ltr' id='par_1_25' title="bbox 2171 1043 3744 1117">
     <span class='ocr_line' id='line_1_25' title="bbox 2171 1043 3744 1117; baseline 0 -19"><span class='ocrx_word' id='word_1_181' title='bbox 2171 1046 2231 1098; x_wconf 88' lang='grc' dir='ltr'><strong>τὸ</strong></span> <span class='ocrx_word' id='word_1_182' title='bbox 2282 1046 2493 1113; x_wconf 88' lang='grc' dir='ltr'>σῶσμα,</span> <span class='ocrx_word' id='word_1_183' title='bbox 2524 1043 2658 1097; x_wconf 89' lang='grc' dir='ltr'><strong>ἀλλά</strong></span> <span class='ocrx_word' id='word_1_184' title='bbox 2685 1044 2793 1114; x_wconf 83' lang='grc' dir='ltr'><strong>γὰρ</strong></span> <span class='ocrx_word' id='word_1_185' title='bbox 2848 1047 2941 1098; x_wconf 73' lang='grc' dir='ltr'><strong>καὶ</strong></span> <span class='ocrx_word' id='word_1_186' title='bbox 2977 1044 3066 1098; x_wconf 84' lang='grc' dir='ltr'><strong>διὰ</strong></span> <span class='ocrx_word' id='word_1_187' title='bbox 3101 1044 3312 1098; x_wconf 80' lang='grc' dir='ltr'>πολλῶν</span> <span class='ocrx_word' id='word_1_188' title='bbox 3354 1046 3608 1114; x_wconf 74' lang='grc' dir='ltr'>θλίψεων.</span> <span class='ocrx_word' id='word_1_189' title='bbox 3653 1047 3744 1117; x_wconf 82' lang='grc' dir='ltr'><strong>Μή</strong></span> 
     </span>
    </p>
   </div>
   <div class='ocr_carea' id='block_1_26' title="bbox 2175 1133 3744 1206">
    <p class='ocr_par' dir='ltr' id='par_1_26' title="bbox 2175 1133 3744 1206">
     <span class='ocr_line' id='line_1_26' title="bbox 2175 1133 3744 1206; baseline 0.002 -20"><span class='ocrx_word' id='word_1_190' title='bbox 2175 1151 2263 1205; x_wconf 87' lang='grc' dir='ltr'><strong>μοι</strong></span> <span class='ocrx_word' id='word_1_191' title='bbox 2291 1133 2361 1202; x_wconf 73' lang='grc' dir='ltr'>τᾲ</span> <span class='ocrx_word' id='word_1_192' title='bbox 2396 1135 2491 1188; x_wconf 83' lang='grc' dir='ltr'><strong>νῦν</strong></span> <span class='ocrx_word' id='word_1_193' title='bbox 2522 1134 2942 1205; x_wconf 85' lang='grc' dir='ltr'>παραδείγματα</span> <span class='ocrx_word' id='word_1_194' title='bbox 2988 1135 3285 1206; x_wconf 82' lang='grc' dir='ltr'>προσοίσῃς</span> <span class='ocrx_word' id='word_1_195' title='bbox 3307 1151 3322 1166; x_wconf 83' lang='lat'><strong><em>&#39;</em></strong></span> <span class='ocrx_word' id='word_1_196' title='bbox 3372 1139 3479 1190; x_wconf 83' lang='grc' dir='ltr'><strong>πᾶν</strong></span> <span class='ocrx_word' id='word_1_197' title='bbox 3508 1137 3648 1204; x_wconf 82' lang='grc' dir='ltr'>ὅπερ</span> <span class='ocrx_word' id='word_1_198' title='bbox 3683 1139 3744 1189; x_wconf 77' lang='grc' dir='ltr'><strong>οὐ</strong></span> 
     </span>
    </p>
   </div>
   <div class='ocr_carea' id='block_1_27' title="bbox 2173 1230 3748 1302">
    <p class='ocr_par' dir='ltr' id='par_1_27' title="bbox 2173 1230 3748 1302">
     <span class='ocr_line' id='line_1_27' title="bbox 2173 1230 3748 1302; baseline 0.002 -21"><span class='ocrx_word' id='word_1_199' title='bbox 2173 1230 2292 1282; x_wconf 88' lang='grc' dir='ltr'>κατ’</span> <span class='ocrx_word' id='word_1_200' title='bbox 2318 1230 2536 1300; x_wconf 81' lang='grc' dir='ltr'>ἐντολήν</span> <span class='ocrx_word' id='word_1_201' title='bbox 2567 1246 2582 1261; x_wconf 76' lang='grc' dir='ltr'><strong>ο</strong></span> <span class='ocrx_word' id='word_1_202' title='bbox 2614 1231 2890 1302; x_wconf 85' lang='grc' dir='ltr'>ἀδόκιμον,</span> <span class='ocrx_word' id='word_1_203' title='bbox 2955 1231 3141 1295; x_wconf 72' lang='grc' dir='ltr'>ἕωλον,</span> <span class='ocrx_word' id='word_1_204' title='bbox 3202 1232 3596 1293; x_wconf 84' lang='grc' dir='ltr'>σκανδαλῶδες,</span> <span class='ocrx_word' id='word_1_205' title='bbox 3650 1232 3748 1284; x_wconf 73' lang='grc' dir='ltr'><strong>τοῦ</strong></span> 
     </span>
    </p>
   </div>
   <div class='ocr_carea' id='block_1_28' title="bbox 2173 1317 3749 1393">
    <p class='ocr_par' dir='ltr' id='par_1_28' title="bbox 2173 1317 3749 1393">
     <span class='ocr_line' id='line_1_28' title="bbox 2173 1317 3749 1393; baseline 0.001 -23"><span class='ocrx_word' id='word_1_206' title='bbox 2173 1317 2346 1383; x_wconf 73' lang='grc' dir='ltr'>οὕτως</span> <span class='ocrx_word' id='word_1_207' title='bbox 2400 1322 2812 1391; x_wconf 85' lang='grc' dir='ltr'>ἀποταξαμένου</span> <span class='ocrx_word' id='word_1_208' title='bbox 2843 1322 3021 1390; x_wconf 75' lang='grc' dir='ltr'>ἔργον,</span> <span class='ocrx_word' id='word_1_209' title='bbox 3047 1322 3162 1376; x_wconf 88' lang='grc' dir='ltr'>ἀλλ’</span> <span class='ocrx_word' id='word_1_210' title='bbox 3189 1322 3250 1376; x_wconf 87' lang='grc' dir='ltr'><strong>οὐ</strong></span> <span class='ocrx_word' id='word_1_211' title='bbox 3277 1321 3421 1376; x_wconf 80' lang='grc' dir='ltr'>θείου</span> <span class='ocrx_word' id='word_1_212' title='bbox 3463 1321 3749 1393; x_wconf 84' lang='grc' dir='ltr'>προστάγ-</span> 
     </span>
    </p>
   </div>
   <div class='ocr_carea' id='block_1_29' title="bbox 2179 1411 3748 1484">
    <p class='ocr_par' dir='ltr' id='par_1_29' title="bbox 2179 1411 3748 1484">
     <span class='ocr_line' id='line_1_29' title="bbox 2179 1411 3748 1484; baseline -0.001 -18"><span class='ocrx_word' id='word_1_213' title='bbox 2179 1431 2366 1483; x_wconf 85' lang='grc' dir='ltr'>ματος.</span> <span class='ocrx_word' id='word_1_214' title='bbox 2425 1416 2486 1467; x_wconf 83' lang='lat' dir='ltr'><strong>El</strong></span> <span class='ocrx_word' id='word_1_215' title='bbox 2519 1415 2574 1466; x_wconf 87' lang='grc' dir='ltr'><strong>δέ</strong></span> <span class='ocrx_word' id='word_1_216' title='bbox 2623 1415 2753 1484; x_wconf 85' lang='grc' dir='ltr'>ἐρᾷς</span> <span class='ocrx_word' id='word_1_217' title='bbox 2788 1413 3113 1484; x_wconf 84' lang='grc' dir='ltr'>νεουργῆσαι</span> <span class='ocrx_word' id='word_1_218' title='bbox 3165 1415 3353 1484; x_wconf 83' lang='grc' dir='ltr'>μονὴν,</span> <span class='ocrx_word' id='word_1_219' title='bbox 3383 1415 3484 1466; x_wconf 80' lang='grc' dir='ltr'><strong>οὐκ</strong></span> <span class='ocrx_word' id='word_1_220' title='bbox 3517 1411 3623 1476; x_wconf 76' lang='grc' dir='ltr'><strong>ἔξω</strong></span> <span class='ocrx_word' id='word_1_221' title='bbox 3652 1413 3748 1465; x_wconf 80' lang='grc' dir='ltr'>τοῦ</span> 
     </span>
    </p>
   </div>
   <div class='ocr_carea' id='block_1_30' title="bbox 2177 1501 3749 1574">
    <p class='ocr_par' dir='ltr' id='par_1_30' title="bbox 2177 1501 3749 1574">
     <span class='ocr_line' id='line_1_30' title="bbox 2177 1501 3749 1574; baseline 0 -19"><span class='ocrx_word' id='word_1_222' title='bbox 2177 1504 2385 1564; x_wconf 82' lang='grc' dir='ltr'><strong>εἰκότος</strong></span> <span class='ocrx_word' id='word_1_223' title='bbox 2414 1518 2428 1534; x_wconf 79' lang='grc'><strong><em>⁸</em></strong></span> <span class='ocrx_word' id='word_1_224' title='bbox 2473 1501 2590 1556; x_wconf 82' lang='grc' dir='ltr'>ἀλλ’</span> <span class='ocrx_word' id='word_1_225' title='bbox 2620 1505 2706 1557; x_wconf 86' lang='grc' dir='ltr'>ἐπ’</span> <span class='ocrx_word' id='word_1_226' title='bbox 2737 1507 2802 1559; x_wconf 85' lang='grc' dir='ltr'>ἂν</span> <span class='ocrx_word' id='word_1_227' title='bbox 2841 1504 3189 1574; x_wconf 80' lang='grc' dir='ltr'>παραδώσεις</span> <span class='ocrx_word' id='word_1_228' title='bbox 3215 1504 3382 1574; x_wconf 77' lang='grc' dir='ltr'>αὐτὴν</span> <span class='ocrx_word' id='word_1_229' title='bbox 3421 1504 3579 1572; x_wconf 71' lang='grc' dir='ltr'>ἀνδρὶ</span> <span class='ocrx_word' id='word_1_230' title='bbox 3612 1503 3749 1555; x_wconf 86' lang='grc' dir='ltr'>καθ-</span> 
     </span>
    </p>
   </div>
   <div class='ocr_carea' id='block_1_31' title="bbox 2179 1591 3747 1664">
    <p class='ocr_par' dir='ltr' id='par_1_31' title="bbox 2179 1591 3747 1664">
     <span class='ocr_line' id='line_1_31' title="bbox 2179 1591 3747 1664; baseline -0.001 -19"><span class='ocrx_word' id='word_1_231' title='bbox 2179 1593 2492 1663; x_wconf 83' lang='grc' dir='ltr'>ηγουμένῳ,</span> <span class='ocrx_word' id='word_1_232' title='bbox 2552 1595 2747 1664; x_wconf 77' lang='grc' dir='ltr'>μηκέτι</span> <span class='ocrx_word' id='word_1_233' title='bbox 2802 1593 3078 1657; x_wconf 82' lang='grc' dir='ltr'>ἐπιϐαλεῖς</span> <span class='ocrx_word' id='word_1_234' title='bbox 3127 1593 3226 1663; x_wconf 80' lang='grc' dir='ltr'><strong>τὴν</strong></span> <span class='ocrx_word' id='word_1_235' title='bbox 3257 1594 3412 1663; x_wconf 77' lang='grc' dir='ltr'>χεῖρα</span> <span class='ocrx_word' id='word_1_236' title='bbox 3464 1591 3551 1645; x_wconf 80' lang='grc' dir='ltr'>ἐπ’</span> <span class='ocrx_word' id='word_1_237' title='bbox 3578 1591 3747 1661; x_wconf 72' lang='grc' dir='ltr'>αὐτῷ,</span> 
     </span>
    </p>
   </div>
   <div class='ocr_carea' id='block_1_32' title="bbox 2181 1683 3751 1754">
    <p class='ocr_par' dir='ltr' id='par_1_32' title="bbox 2181 1683 3751 1754">
     <span class='ocr_line' id='line_1_32' title="bbox 2181 1683 3751 1754; baseline -0.002 -15"><span class='ocrx_word' id='word_1_238' title='bbox 2181 1685 2431 1754; x_wconf 87' lang='grc' dir='ltr'>καθάπερ</span> <span class='ocrx_word' id='word_1_239' title='bbox 2481 1684 2709 1737; x_wconf 71' lang='grc' dir='ltr'>ἐπὶτῶν</span> <span class='ocrx_word' id='word_1_240' title='bbox 2736 1685 2939 1738; x_wconf 77' lang='grc' dir='ltr'>οὐσῶν·</span> <span class='ocrx_word' id='word_1_241' title='bbox 2971 1685 3066 1739; x_wconf 61' lang='grc' dir='ltr'><strong>καί¹</strong></span> <span class='ocrx_word' id='word_1_242' title='bbox 3099 1684 3216 1753; x_wconf 86' lang='grc' dir='ltr'><strong>Θεῷ</strong></span> <span class='ocrx_word' id='word_1_243' title='bbox 3244 1684 3305 1736; x_wconf 82' lang='grc' dir='ltr'><strong>τὸ</strong></span> <span class='ocrx_word' id='word_1_244' title='bbox 3346 1686 3581 1754; x_wconf 83' lang='grc' dir='ltr'>πρᾶγμα</span> <span class='ocrx_word' id='word_1_245' title='bbox 3621 1683 3751 1736; x_wconf 81' lang='grc' dir='ltr'>εὐά-</span> 
     </span>
    </p>
   </div>
   <div class='ocr_carea' id='block_1_33' title="bbox 2186 1773 3752 1848">
    <p class='ocr_par' dir='ltr' id='par_1_33' title="bbox 2186 1773 3752 1848">
     <span class='ocr_line' id='line_1_33' title="bbox 2186 1773 3752 1848; baseline -0.001 -20"><span class='ocrx_word' id='word_1_246' title='bbox 2186 1792 2392 1848; x_wconf 89' lang='grc' dir='ltr'>ρεστον·</span> <span class='ocrx_word' id='word_1_247' title='bbox 2417 1776 2509 1827; x_wconf 79' lang='grc' dir='ltr'><strong>καὶ</strong></span> <span class='ocrx_word' id='word_1_248' title='bbox 2538 1775 2840 1846; x_wconf 81' lang='grc' dir='ltr'>ἀπαντήσει</span> <span class='ocrx_word' id='word_1_249' title='bbox 2871 1793 2952 1829; x_wconf 89' lang='grc' dir='ltr'><strong>σοι</strong></span> <span class='ocrx_word' id='word_1_250' title='bbox 2991 1779 3070 1839; x_wconf 86' lang='grc' dir='ltr'><strong>είς</strong></span> <span class='ocrx_word' id='word_1_251' title='bbox 3101 1775 3280 1841; x_wconf 80' lang='grc' dir='ltr'>ξενίαν</span> <span class='ocrx_word' id='word_1_252' title='bbox 3304 1773 3752 1842; x_wconf 77' lang='grc' dir='ltr'>αίώνιον.Ἢμεῖς</span> 
     </span>
    </p>
   </div>
   <div class='ocr_carea' id='block_1_34' title="bbox 512 1847 2096 1943">
    <p class='ocr_par' dir='ltr' id='par_1_34' title="bbox 512 1847 2084 1943">
     <span class='ocr_line' id='line_1_34' title="bbox 512 1847 2084 1943; baseline 0.003 -20"><span class='ocrx_word' id='word_1_253' title='bbox 512 1875 754 1923; x_wconf 89' lang='lat' dir='ltr'><strong>ternum.</strong></span> <span class='ocrx_word' id='word_1_254' title='bbox 781 1867 901 1923; x_wconf 91' lang='lat' dir='ltr'><strong>Non</strong></span> <span class='ocrx_word' id='word_1_255' title='bbox 939 1869 1005 1923; x_wconf 92' lang='lat' dir='ltr'><strong>ad</strong></span> <span class='ocrx_word' id='word_1_256' title='bbox 1032 1885 1154 1924; x_wconf 91' lang='lat' dir='ltr'><strong>eum</strong></span> <span class='ocrx_word' id='word_1_257' title='bbox 1183 1872 1275 1940; x_wconf 93' lang='lat' dir='ltr'><strong>qui</strong></span> <span class='ocrx_word' id='word_1_258' title='bbox 1309 1873 1390 1927; x_wconf 88' lang='lat' dir='ltr'><strong>sic</strong></span> <span class='ocrx_word' id='word_1_259' title='bbox 1412 1847 1672 1943; x_wconf 45' lang='lat' dir='ltr'><strong>eligitur;</strong></span> <span class='ocrx_word' id='word_1_260' title='bbox 1691 1874 1945 1928; x_wconf 86' lang='lat' dir='ltr'><strong>addimus</strong></span> <span class='ocrx_word' id='word_1_261' title='bbox 1973 1847 2084 1927; x_wconf 71' lang='lat' dir='ltr'><strong>fra-</strong></span> 
     </span>
    </p>
   </div>
   <div class='ocr_carea' id='block_1_35' title="bbox 2199 1847 3755 1943">
    <p class='ocr_par' dir='ltr' id='par_1_35' title="bbox 2199 1865 3755 1936">
     <span class='ocr_line' id='line_1_35' title="bbox 2199 1865 3755 1936; baseline -0.001 -18"><span class='ocrx_word' id='word_1_262' title='bbox 2199 1866 2277 1918; x_wconf 72' lang='grc' dir='ltr'><strong>επὶ</strong></span> <span class='ocrx_word' id='word_1_263' title='bbox 2301 1865 2388 1919; x_wconf 81' lang='grc' dir='ltr'>τὸν</span> <span class='ocrx_word' id='word_1_264' title='bbox 2418 1865 2590 1930; x_wconf 81' lang='grc' dir='ltr'>οὕτως</span> <span class='ocrx_word' id='word_1_265' title='bbox 2619 1865 2938 1936; x_wconf 81' lang='grc' dir='ltr'>αἱρούμενον</span> <span class='ocrx_word' id='word_1_266' title='bbox 2983 1865 3218 1919; x_wconf 90' lang='grc' dir='ltr'>ἐπιδιδοῦ</span> <span class='ocrx_word' id='word_1_267' title='bbox 3228 1882 3326 1935; x_wconf 90' lang='grc' dir='ltr'><strong>μεν</strong></span> <span class='ocrx_word' id='word_1_268' title='bbox 3351 1865 3582 1934; x_wconf 81' lang='grc' dir='ltr'>ἀδελφὺν</span> <span class='ocrx_word' id='word_1_269' title='bbox 3610 1865 3755 1916; x_wconf 83' lang='grc' dir='ltr'>ἐκεῖ·</span> 
     </span>
    </p>
   </div>
   <div class='ocr_carea' id='block_1_36' title="bbox 516 1960 2089 2034">
    <p class='ocr_par' dir='ltr' id='par_1_36' title="bbox 516 1960 2089 2034">
     <span class='ocr_line' id='line_1_36' title="bbox 516 1960 2089 2034; baseline 0.002 -19"><span class='ocrx_word' id='word_1_270' title='bbox 516 1965 654 2015; x_wconf 84' lang='lat' dir='ltr'><strong>trem</strong></span> <span class='ocrx_word' id='word_1_271' title='bbox 685 1960 840 2014; x_wconf 92' lang='lat' dir='ltr'><strong>illum</strong></span> <span class='ocrx_word' id='word_1_272' title='bbox 867 1976 1031 2030; x_wconf 90' lang='lat' dir='ltr'><strong>quem</strong></span> <span class='ocrx_word' id='word_1_273' title='bbox 1067 1963 1289 2033; x_wconf 78' lang='lat' dir='ltr'><strong>elegerit</strong></span> <span class='ocrx_word' id='word_1_274' title='bbox 1319 1964 1365 2018; x_wconf 90' lang='lat' dir='ltr'><strong>is</strong></span> <span class='ocrx_word' id='word_1_275' title='bbox 1399 1964 1493 2034; x_wconf 91' lang='lat' dir='ltr'><strong>qui</strong></span> <span class='ocrx_word' id='word_1_276' title='bbox 1525 1964 1777 2034; x_wconf 77' lang='lat' dir='ltr'><strong>requirit,</strong></span> <span class='ocrx_word' id='word_1_277' title='bbox 1810 1980 1936 2019; x_wconf 91' lang='lat' dir='ltr'><strong>cum</strong></span> <span class='ocrx_word' id='word_1_278' title='bbox 1967 1964 2089 2018; x_wconf 88' lang='lat' dir='ltr'><strong>aliis</strong></span> 
     </span>
    </p>
   </div>
   <div class='ocr_carea' id='block_1_37' title="bbox 515 2050 2086 2124">
    <p class='ocr_par' dir='ltr' id='par_1_37' title="bbox 515 2050 2086 2124">
     <span class='ocr_line' id='line_1_37' title="bbox 515 2050 2086 2124; baseline 0.002 -18"><span class='ocrx_word' id='word_1_279' title='bbox 515 2065 712 2106; x_wconf 89' lang='lat' dir='ltr'><strong>novem</strong></span> <span class='ocrx_word' id='word_1_280' title='bbox 738 2050 999 2107; x_wconf 80' lang='lat' dir='ltr'><strong>fratribus</strong></span> <span class='ocrx_word' id='word_1_281' title='bbox 1025 2054 1120 2122; x_wconf 91' lang='lat' dir='ltr'><strong>qui</strong></span> <span class='ocrx_word' id='word_1_282' title='bbox 1139 2055 1430 2123; x_wconf 64' lang='lat' dir='ltr'><strong>praeposito</strong></span> <span class='ocrx_word' id='word_1_283' title='bbox 1458 2054 1654 2124; x_wconf 84' lang='lat' dir='ltr'><strong>subjici</strong></span> <span class='ocrx_word' id='word_1_284' title='bbox 1694 2055 1904 2110; x_wconf 90' lang='lat' dir='ltr'><strong>volunt.</strong></span> <span class='ocrx_word' id='word_1_285' title='bbox 1923 2053 2086 2120; x_wconf 85' lang='lat' dir='ltr'><strong>Ecce,</strong></span> 
     </span>
    </p>
   </div>
   <div class='ocr_carea' id='block_1_38' title="bbox 518 2144 2090 2218">
    <p class='ocr_par' dir='ltr' id='par_1_38' title="bbox 518 2144 2090 2218">
     <span class='ocr_line' id='line_1_38' title="bbox 518 2144 2090 2218; baseline 0.002 -20"><span class='ocrx_word' id='word_1_286' title='bbox 518 2144 662 2199; x_wconf 85' lang='lat' dir='ltr'><strong>bone</strong></span> <span class='ocrx_word' id='word_1_287' title='bbox 716 2147 911 2209; x_wconf 85' lang='lat' dir='ltr'><strong>amice,</strong></span> <span class='ocrx_word' id='word_1_288' title='bbox 971 2148 1226 2201; x_wconf 89' lang='lat' dir='ltr'><strong>monachi</strong></span> <span class='ocrx_word' id='word_1_289' title='bbox 1265 2147 1500 2202; x_wconf 84' lang='lat' dir='ltr'><strong>ollicium</strong></span> <span class='ocrx_word' id='word_1_290' title='bbox 1552 2148 1782 2218; x_wconf 82' lang='lat' dir='ltr'><strong>exposui</strong></span> <span class='ocrx_word' id='word_1_291' title='bbox 1825 2147 1964 2202; x_wconf 89' lang='lat' dir='ltr'><strong>tibi:</strong></span> <span class='ocrx_word' id='word_1_292' title='bbox 2009 2148 2090 2202; x_wconf 90' lang='lat' dir='ltr'><strong>sic</strong></span> 
     </span>
    </p>
   </div>
   <div class='ocr_carea' id='block_1_39' title="bbox 520 2236 2093 2308">
    <p class='ocr_par' dir='ltr' id='par_1_39' title="bbox 520 2236 2093 2308">
     <span class='ocr_line' id='line_1_39' title="bbox 520 2236 2093 2308; baseline 0.004 -20"><span class='ocrx_word' id='word_1_293' title='bbox 520 2249 681 2305; x_wconf 80' lang='lat' dir='ltr'><strong>agere</strong></span> <span class='ocrx_word' id='word_1_294' title='bbox 735 2236 899 2292; x_wconf 88' lang='lat' dir='ltr'><strong>debet</strong></span> <span class='ocrx_word' id='word_1_295' title='bbox 940 2240 1033 2308; x_wconf 88' lang='lat' dir='ltr'><strong>qui</strong></span> <span class='ocrx_word' id='word_1_296' title='bbox 1073 2238 1187 2293; x_wconf 89' lang='lat' dir='ltr'><strong>vult</strong></span> <span class='ocrx_word' id='word_1_297' title='bbox 1211 2248 1495 2295; x_wconf 80' lang='lat' dir='ltr'><strong>exstruere</strong></span> <span class='ocrx_word' id='word_1_298' title='bbox 1543 2240 1936 2294; x_wconf 84' lang='lat' dir='ltr'><strong>monasterium</strong></span> <span class='ocrx_word' id='word_1_299' title='bbox 1969 2258 1982 2293; x_wconf 88' lang='lat'>:</span> <span class='ocrx_word' id='word_1_300' title='bbox 2011 2239 2093 2294; x_wconf 91' lang='lat' dir='ltr'><strong>sic</strong></span> 
     </span>
    </p>
   </div>
   <div class='ocr_carea' id='block_1_40' title="bbox 522 2327 2081 2396">
    <p class='ocr_par' dir='ltr' id='par_1_40' title="bbox 522 2327 2081 2396">
     <span class='ocr_line' id='line_1_40' title="bbox 522 2327 2081 2396; baseline 0.003 -18"><span class='ocrx_word' id='word_1_301' title='bbox 522 2327 838 2396; x_wconf 82' lang='lat' dir='ltr'><strong>prolicietis.</strong></span> <span class='ocrx_word' id='word_1_302' title='bbox 866 2327 1021 2396; x_wconf 86' lang='lat' dir='ltr'><strong>Quod</strong></span> <span class='ocrx_word' id='word_1_303' title='bbox 1046 2339 1233 2396; x_wconf 87' lang='lat' dir='ltr'><strong>restat,</strong></span> <span class='ocrx_word' id='word_1_304' title='bbox 1263 2330 1529 2386; x_wconf 90' lang='lat' dir='ltr'><strong>Dominus</strong></span> <span class='ocrx_word' id='word_1_305' title='bbox 1548 2332 1620 2386; x_wconf 90' lang='lat' dir='ltr'><strong>sit</strong></span> <span class='ocrx_word' id='word_1_306' title='bbox 1639 2329 1940 2387; x_wconf 91' lang='lat' dir='ltr'><strong>consolatio</strong></span> <span class='ocrx_word' id='word_1_307' title='bbox 1967 2337 2081 2396; x_wconf 88' lang='lat' dir='ltr'><strong>tua,</strong></span> 
     </span>
    </p>
   </div>
   <div class='ocr_carea' id='block_1_41' title="bbox 523 2419 1646 2477">
    <p class='ocr_par' dir='ltr' id='par_1_41' title="bbox 523 2419 1646 2477">
     <span class='ocr_line' id='line_1_41' title="bbox 523 2419 1646 2477; baseline 0.003 -4"><span class='ocrx_word' id='word_1_308' title='bbox 523 2419 781 2476; x_wconf 87' lang='lat' dir='ltr'><strong>erudiens</strong></span> <span class='ocrx_word' id='word_1_309' title='bbox 820 2429 872 2476; x_wconf 91' lang='lat' dir='ltr'><strong>te</strong></span> <span class='ocrx_word' id='word_1_310' title='bbox 901 2420 958 2475; x_wconf 93' lang='lat' dir='ltr'><strong>in</strong></span> <span class='ocrx_word' id='word_1_311' title='bbox 997 2421 1254 2477; x_wconf 90' lang='lat' dir='ltr'><strong>omnibus</strong></span> <span class='ocrx_word' id='word_1_312' title='bbox 1293 2422 1358 2476; x_wconf 88' lang='lat' dir='ltr'><strong>ad</strong></span> <span class='ocrx_word' id='word_1_313' title='bbox 1392 2422 1646 2477; x_wconf 89' lang='lat' dir='ltr'><strong>salutem.</strong></span> 
     </span>
    </p>
   </div>
   <div class='ocr_carea' id='block_1_42' title="bbox 943 2621 1722 2697">
    <p class='ocr_par' dir='ltr' id='par_1_42' title="bbox 943 2621 1722 2697">
     <span class='ocr_line' id='line_1_42' title="bbox 943 2621 1722 2697; baseline 0 -17"><span class='ocrx_word' id='word_1_314' title='bbox 943 2621 1098 2680; x_wconf 79' lang='lat' dir='ltr'><strong>CLX.</strong></span> <span class='ocrx_word' id='word_1_315' title='bbox 1122 2653 1192 2664; x_wconf 92' lang='lat'><strong>-—</strong></span> <span class='ocrx_word' id='word_1_316' title='bbox 1217 2622 1464 2695; x_wconf 78' lang='lat' dir='ltr'><strong>Gregorio</strong></span> <span class='ocrx_word' id='word_1_317' title='bbox 1491 2625 1604 2696; x_wconf 82' lang='lat' dir='ltr'><strong>ﬁlio</strong></span> <span class='ocrx_word' id='word_1_318' title='bbox 1627 2625 1722 2697; x_wconf 74' lang='lat'><strong>(&quot;).</strong></span> 
     </span>
    </p>
   </div>
   <div class='ocr_carea' id='block_1_43' title="bbox 2185 1956 3757 2029">
    <p class='ocr_par' dir='ltr' id='par_1_43' title="bbox 2185 1956 3757 2029">
     <span class='ocr_line' id='line_1_43' title="bbox 2185 1956 3757 2029; baseline -0.001 -17"><span class='ocrx_word' id='word_1_319' title='bbox 2185 1975 2274 2012; x_wconf 91' lang='grc' dir='ltr'><strong>νον</strong></span> <span class='ocrx_word' id='word_1_320' title='bbox 2298 1957 2357 2011; x_wconf 87' lang='grc' dir='ltr'><strong>ὃν</strong></span> <span class='ocrx_word' id='word_1_321' title='bbox 2391 1957 2663 2027; x_wconf 80' lang='grc' dir='ltr'>ἐκλέγοιτο</span> <span class='ocrx_word' id='word_1_322' title='bbox 2690 1960 2719 2010; x_wconf 87' lang='grc' dir='ltr'>ὁ</span> <span class='ocrx_word' id='word_1_323' title='bbox 2751 1959 3044 2029; x_wconf 81' lang='grc' dir='ltr'>ἐπιζητῶν.</span> <span class='ocrx_word' id='word_1_324' title='bbox 3076 1956 3214 2027; x_wconf 86' lang='grc' dir='ltr'><strong>μετά</strong></span> <span class='ocrx_word' id='word_1_325' title='bbox 3242 1958 3336 2010; x_wconf 59' lang='grc' dir='ltr'><strong>καί¹</strong></span> <span class='ocrx_word' id='word_1_326' title='bbox 3366 1957 3568 2027; x_wconf 85' lang='grc' dir='ltr'>ἐτέρων</span> <span class='ocrx_word' id='word_1_327' title='bbox 3599 1956 3757 2011; x_wconf 80' lang='grc' dir='ltr'>ἐννέα</span> 
     </span>
    </p>
   </div>
   <div class='ocr_carea' id='block_1_44' title="bbox 2187 2047 3756 2121">
    <p class='ocr_par' dir='ltr' id='par_1_44' title="bbox 2187 2047 3756 2121">
     <span class='ocr_line' id='line_1_44' title="bbox 2187 2047 3756 2121; baseline -0.001 -17"><span class='ocrx_word' id='word_1_328' title='bbox 2187 2048 2430 2119; x_wconf 80' lang='grc' dir='ltr'>ἀδελφῶν</span> <span class='ocrx_word' id='word_1_329' title='bbox 2486 2051 2775 2104; x_wconf 88' lang='grc' dir='ltr'>ἐθελόντων</span> <span class='ocrx_word' id='word_1_330' title='bbox 2833 2050 3122 2104; x_wconf 80' lang='grc' dir='ltr'>τάττεσθαι</span> <span class='ocrx_word' id='word_1_331' title='bbox 3188 2049 3267 2121; x_wconf 84' lang='grc' dir='ltr'>τῷ</span> <span class='ocrx_word' id='word_1_332' title='bbox 3333 2047 3756 2121; x_wconf 83' lang='grc' dir='ltr'>προηγουμένῳ.</span> 
     </span>
    </p>
   </div>
   <div class='ocr_carea' id='block_1_45' title="bbox 2203 2137 3761 2211">
    <p class='ocr_par' dir='ltr' id='par_1_45' title="bbox 2203 2137 3761 2211">
     <span class='ocr_line' id='line_1_45' title="bbox 2203 2137 3761 2211; baseline -0.002 -17"><span class='ocrx_word' id='word_1_333' title='bbox 2203 2140 2354 2205; x_wconf 85' lang='grc' dir='ltr'>Ἰδοὺ,</span> <span class='ocrx_word' id='word_1_334' title='bbox 2395 2141 2517 2209; x_wconf 89' lang='grc' dir='ltr'>φίλε</span> <span class='ocrx_word' id='word_1_335' title='bbox 2576 2141 2728 2206; x_wconf 73' lang='grc' dir='ltr'>καλὲ,</span> <span class='ocrx_word' id='word_1_336' title='bbox 2761 2139 2820 2193; x_wconf 84' lang='grc' dir='ltr'><strong>τὸ</strong></span> <span class='ocrx_word' id='word_1_337' title='bbox 2874 2139 3148 2209; x_wconf 77' lang='grc' dir='ltr'>δικαίωμα</span> <span class='ocrx_word' id='word_1_338' title='bbox 3176 2139 3268 2193; x_wconf 81' lang='grc' dir='ltr'>τοῦ</span> <span class='ocrx_word' id='word_1_339' title='bbox 3303 2137 3536 2211; x_wconf 79' lang='grc' dir='ltr'>μοναχοῦ</span> <span class='ocrx_word' id='word_1_340' title='bbox 3587 2140 3761 2210; x_wconf 82' lang='grc' dir='ltr'>ἀνήγ-</span> 
     </span>
    </p>
   </div>
   <div class='ocr_carea' id='block_1_46' title="bbox 2191 2230 3762 2303">
    <p class='ocr_par' dir='ltr' id='par_1_46' title="bbox 2191 2230 3762 2303">
     <span class='ocr_line' id='line_1_46' title="bbox 2191 2230 3762 2303; baseline -0.001 -18"><span class='ocrx_word' id='word_1_341' title='bbox 2191 2232 2346 2301; x_wconf 84' lang='grc' dir='ltr'>γειλά</span> <span class='ocrx_word' id='word_1_342' title='bbox 2371 2250 2451 2285; x_wconf 93' lang='grc' dir='ltr'><strong>σοι</strong></span> <span class='ocrx_word' id='word_1_343' title='bbox 2482 2250 2492 2263; x_wconf 83' lang='grc'><em>’</em></span> <span class='ocrx_word' id='word_1_344' title='bbox 2527 2235 2556 2285; x_wconf 85' lang='grc' dir='ltr'>ὁ</span> <span class='ocrx_word' id='word_1_345' title='bbox 2580 2232 2778 2302; x_wconf 86' lang='grc' dir='ltr'>τρόπος</span> <span class='ocrx_word' id='word_1_346' title='bbox 2807 2232 2900 2285; x_wconf 78' lang='grc' dir='ltr'>τοῦ</span> <span class='ocrx_word' id='word_1_347' title='bbox 2935 2233 3335 2294; x_wconf 85' lang='grc' dir='ltr'>συνιστάνοντος</span> <span class='ocrx_word' id='word_1_348' title='bbox 3374 2230 3436 2283; x_wconf 81' lang='grc' dir='ltr'>τὸ</span> <span class='ocrx_word' id='word_1_349' title='bbox 3485 2233 3762 2303; x_wconf 83' lang='grc' dir='ltr'>μοναστή-</span> 
     </span>
    </p>
   </div>
   <div class='ocr_carea' id='block_1_47' title="bbox 2197 2321 3764 2395">
    <p class='ocr_par' dir='ltr' id='par_1_47' title="bbox 2197 2321 3764 2395">
     <span class='ocr_line' id='line_1_47' title="bbox 2197 2321 3764 2395; baseline 0.001 -20"><span class='ocrx_word' id='word_1_350' title='bbox 2197 2341 2327 2394; x_wconf 87' lang='grc' dir='ltr'>ριον,</span> <span class='ocrx_word' id='word_1_351' title='bbox 2381 2325 2408 2393; x_wconf 75' lang='grc' dir='ltr'>ἡ</span> <span class='ocrx_word' id='word_1_352' title='bbox 2463 2323 2703 2392; x_wconf 82' lang='grc' dir='ltr'>ὑμετέρα</span> <span class='ocrx_word' id='word_1_353' title='bbox 2754 2323 3011 2386; x_wconf 84' lang='grc' dir='ltr'>ἐπίδοσις.</span> <span class='ocrx_word' id='word_1_354' title='bbox 3043 2324 3116 2378; x_wconf 81' lang='grc' dir='ltr'><strong>Τὸ</strong></span> <span class='ocrx_word' id='word_1_355' title='bbox 3164 2323 3370 2385; x_wconf 75' lang='grc' dir='ltr'>λοιπὸν,</span> <span class='ocrx_word' id='word_1_356' title='bbox 3419 2322 3506 2391; x_wconf 80' lang='grc' dir='ltr'><strong>εἴη</strong></span> <span class='ocrx_word' id='word_1_357' title='bbox 3555 2321 3764 2395; x_wconf 84' lang='grc' dir='ltr'>Κύριος</span> 
     </span>
    </p>
   </div>
   <div class='ocr_carea' id='block_1_48' title="bbox 2197 2411 3764 2481">
    <p class='ocr_par' dir='ltr' id='par_1_48' title="bbox 2197 2411 3764 2481">
     <span class='ocr_line' id='line_1_48' title="bbox 2197 2411 3764 2481; baseline 0.001 -17"><span class='ocrx_word' id='word_1_358' title='bbox 2197 2412 2541 2481; x_wconf 81' lang='grc' dir='ltr'>παραμύθιόν</span> <span class='ocrx_word' id='word_1_359' title='bbox 2611 2430 2735 2480; x_wconf 89' lang='grc' dir='ltr'>σου,</span> <span class='ocrx_word' id='word_1_360' title='bbox 2796 2411 3086 2479; x_wconf 71' lang='grc' dir='ltr'>συνετίζων</span> <span class='ocrx_word' id='word_1_361' title='bbox 3151 2430 3211 2466; x_wconf 86' lang='grc' dir='ltr'><strong>σε</strong></span> <span class='ocrx_word' id='word_1_362' title='bbox 3258 2411 3399 2466; x_wconf 81' lang='grc' dir='ltr'>κατὰ</span> <span class='ocrx_word' id='word_1_363' title='bbox 3447 2412 3634 2468; x_wconf 84' lang='grc' dir='ltr'>πάντα</span> <span class='ocrx_word' id='word_1_364' title='bbox 3685 2415 3764 2478; x_wconf 87' lang='grc' dir='ltr'><strong>είς</strong></span> 
     </span>
    </p>
   </div>
   <div class='ocr_carea' id='block_1_49' title="bbox 2199 2505 2490 2576">
    <p class='ocr_par' dir='ltr' id='par_1_49' title="bbox 2199 2505 2490 2576">
     <span class='ocr_line' id='line_1_49' title="bbox 2199 2505 2490 2576; baseline 0.01 -20"><span class='ocrx_word' id='word_1_365' title='bbox 2199 2505 2490 2576; x_wconf 74' lang='grc' dir='ltr'>σωτηρίαν.</span> 
     </span>
    </p>
   </div>
   <div class='ocr_carea' id='block_1_50' title="bbox 2495 2619 3552 2700">
    <p class='ocr_par' dir='ltr' id='par_1_50' title="bbox 2495 2619 3552 2700">
     <span class='ocr_line' id='line_1_50' title="bbox 2495 2619 3552 2700; baseline 0.006 -25"><span class='ocrx_word' id='word_1_366' title='bbox 2495 2622 2592 2676; x_wconf 77' lang='grc' dir='ltr'><strong>ΡΞ⁹</strong></span> <span class='ocrx_word' id='word_1_367' title='bbox 2618 2623 2822 2699; x_wconf 68' lang='lat'><strong>(52).—</strong></span> <span class='ocrx_word' id='word_1_368' title='bbox 2843 2626 3142 2696; x_wconf 75' lang='grc' dir='ltr'>Γρηγορίφ</span> <span class='ocrx_word' id='word_1_369' title='bbox 3168 2621 3376 2690; x_wconf 82' lang='grc' dir='ltr'>τέκνῳ.</span> <span class='ocrx_word' id='word_1_370' title='bbox 3400 2619 3552 2700; x_wconf 81' lang='grc' dir='ltr'><strong>[χξ⁹.]</strong></span> 
     </span>
    </p>
   </div>
   <div class='ocr_carea' id='block_1_51' title="bbox 960 2739 3337 2806">
    <p class='ocr_par' dir='ltr' id='par_1_51' title="bbox 960 2739 3337 2806">
     <span class='ocr_line' id='line_1_51' title="bbox 960 2739 3337 2806; baseline -0.001 -14"><span class='ocrx_word' id='word_1_371' title='bbox 960 2741 1037 2792; x_wconf 86' lang='lat' dir='ltr'><strong>De</strong></span> <span class='ocrx_word' id='word_1_372' title='bbox 1056 2740 1224 2790; x_wconf 69' lang='lat' dir='ltr'><strong>seculi</strong></span> <span class='ocrx_word' id='word_1_373' title='bbox 1261 2740 1582 2792; x_wconf 81' lang='lat' dir='ltr'><strong>restitutione</strong></span> <span class='ocrx_word' id='word_1_374' title='bbox 1608 2757 1621 2791; x_wconf 89' lang='lat'>:</span> <span class='ocrx_word' id='word_1_375' title='bbox 1649 2748 1703 2792; x_wconf 88' lang='lat' dir='ltr'><strong>et</strong></span> <span class='ocrx_word' id='word_1_376' title='bbox 1722 2742 1920 2806; x_wconf 87' lang='lat' dir='ltr'><strong>qualem</strong></span> <span class='ocrx_word' id='word_1_377' title='bbox 1951 2739 2188 2791; x_wconf 70' lang='lat' dir='ltr'><strong>videlicet</strong></span> <span class='ocrx_word' id='word_1_378' title='bbox 2219 2742 2345 2790; x_wconf 87' lang='lat' dir='ltr'><strong>hanc</strong></span> <span class='ocrx_word' id='word_1_379' title='bbox 2374 2753 2486 2790; x_wconf 86' lang='lat' dir='ltr'><strong>esse</strong></span> <span class='ocrx_word' id='word_1_380' title='bbox 2516 2741 2730 2792; x_wconf 86' lang='lat' dir='ltr'><strong>futuram</strong></span> <span class='ocrx_word' id='word_1_381' title='bbox 2759 2756 2959 2804; x_wconf 81' lang='lat' dir='ltr'><strong>magnus</strong></span> <span class='ocrx_word' id='word_1_382' title='bbox 2984 2743 3125 2790; x_wconf 84' lang='lat' dir='ltr'><strong>Pater</strong></span> <span class='ocrx_word' id='word_1_383' title='bbox 3145 2742 3337 2791; x_wconf 80' lang='lat' dir='ltr'><strong>doceat.</strong></span> 
     </span>
    </p>
   </div>
   <div class='ocr_carea' id='block_1_52' title="bbox 599 2847 2096 2918">
    <p class='ocr_par' dir='ltr' id='par_1_52' title="bbox 599 2847 2096 2918">
     <span class='ocr_line' id='line_1_52' title="bbox 599 2847 2096 2918; baseline -0.001 -15"><span class='ocrx_word' id='word_1_384' title='bbox 599 2847 731 2916; x_wconf 61' lang='lat' dir='ltr'><strong>Qum</strong></span> <span class='ocrx_word' id='word_1_385' title='bbox 757 2848 810 2902; x_wconf 94' lang='lat' dir='ltr'><strong>in</strong></span> <span class='ocrx_word' id='word_1_386' title='bbox 842 2848 1025 2918; x_wconf 88' lang='lat' dir='ltr'><strong>priore</strong></span> <span class='ocrx_word' id='word_1_387' title='bbox 1052 2848 1281 2918; x_wconf 83' lang='lat' dir='ltr'><strong>epistola</strong></span> <span class='ocrx_word' id='word_1_388' title='bbox 1315 2848 1382 2903; x_wconf 89' lang='lat' dir='ltr'><strong>de</strong></span> <span class='ocrx_word' id='word_1_389' title='bbox 1408 2848 1765 2903; x_wconf 89' lang='lat' dir='ltr'><strong>sanctissimo</strong></span> <span class='ocrx_word' id='word_1_390' title='bbox 1794 2847 2096 2902; x_wconf 87' lang='lat' dir='ltr'><strong>Chalcedo-</strong></span> 
     </span>
    </p>
   </div>
   <div class='ocr_carea' id='block_1_53' title="bbox 530 2940 2097 3011">
    <p class='ocr_par' dir='ltr' id='par_1_53' title="bbox 530 2940 2097 3011">
     <span class='ocr_line' id='line_1_53' title="bbox 530 2940 2097 3011; baseline -0.001 -16"><span class='ocrx_word' id='word_1_391' title='bbox 530 2942 617 2995; x_wconf 90' lang='lat' dir='ltr'><strong>nis</strong></span> <span class='ocrx_word' id='word_1_392' title='bbox 646 2940 1007 3009; x_wconf 88' lang='lat' dir='ltr'><strong>metropolita,</strong></span> <span class='ocrx_word' id='word_1_393' title='bbox 1038 2949 1090 2994; x_wconf 92' lang='lat' dir='ltr'><strong>et</strong></span> <span class='ocrx_word' id='word_1_394' title='bbox 1111 2949 1264 3011; x_wconf 85' lang='lat' dir='ltr'><strong>patre</strong></span> <span class='ocrx_word' id='word_1_395' title='bbox 1284 2948 1491 3007; x_wconf 86' lang='lat' dir='ltr'><strong>nostro,</strong></span> <span class='ocrx_word' id='word_1_396' title='bbox 1525 2949 1786 3010; x_wconf 89' lang='lat' dir='ltr'><strong>tanquam</strong></span> <span class='ocrx_word' id='word_1_397' title='bbox 1813 2941 1868 2996; x_wconf 89' lang='lat' dir='ltr'><strong>in</strong></span> <span class='ocrx_word' id='word_1_398' title='bbox 1918 2950 2097 2995; x_wconf 87' lang='lat' dir='ltr'><strong>trans-</strong></span> 
     </span>
    </p>
   </div>
   <div class='ocr_carea' id='block_1_54' title="bbox 2277 2844 3772 2919">
    <p class='ocr_par' dir='ltr' id='par_1_54' title="bbox 2277 2844 3772 2919">
     <span class='ocr_line' id='line_1_54' title="bbox 2277 2844 3772 2919; baseline 0.002 -20"><span class='ocrx_word' id='word_1_399' title='bbox 2277 2847 2344 2899; x_wconf 78' lang='grc' dir='ltr'>Ἀ</span> <span class='ocrx_word' id='word_1_400' title='bbox 2373 2847 2472 2916; x_wconf 80' lang='grc' dir='ltr'><strong>μὲν</strong></span> <span class='ocrx_word' id='word_1_401' title='bbox 2505 2844 2596 2902; x_wconf 84' lang='grc' dir='ltr'><strong>οὖν</strong></span> <span class='ocrx_word' id='word_1_402' title='bbox 2621 2850 2678 2901; x_wconf 89' lang='grc' dir='ltr'>ἐν</span> <span class='ocrx_word' id='word_1_403' title='bbox 2722 2851 2784 2917; x_wconf 83' lang='grc' dir='ltr'>τῇ</span> <span class='ocrx_word' id='word_1_404' title='bbox 2826 2845 3067 2917; x_wconf 80' lang='grc' dir='ltr'>προτέρᾳ</span> <span class='ocrx_word' id='word_1_405' title='bbox 3104 2845 3359 2916; x_wconf 76' lang='grc' dir='ltr'>ἐπιστολῇ</span> <span class='ocrx_word' id='word_1_406' title='bbox 3391 2846 3520 2917; x_wconf 81' lang='grc' dir='ltr'>περὶ</span> <span class='ocrx_word' id='word_1_407' title='bbox 3549 2846 3646 2901; x_wconf 79' lang='grc' dir='ltr'>τοῦ</span> <span class='ocrx_word' id='word_1_408' title='bbox 3671 2846 3772 2919; x_wconf 82' lang='grc' dir='ltr'>τῆς</span> 
     </span>
    </p>
   </div>
   <div class='ocr_carea' id='block_1_55' title="bbox 2202 2937 3773 3011">
    <p class='ocr_par' dir='ltr' id='par_1_55' title="bbox 2202 2937 3773 3011">
     <span class='ocr_line' id='line_1_55' title="bbox 2202 2937 3773 3011; baseline 0.002 -21"><span class='ocrx_word' id='word_1_409' title='bbox 2202 2938 2541 3008; x_wconf 78' lang='grc' dir='ltr'>Χαλκηδόνος</span> <span class='ocrx_word' id='word_1_410' title='bbox 2595 2940 2892 3006; x_wconf 77' lang='grc' dir='ltr'>ἀγιωτάτου</span> <span class='ocrx_word' id='word_1_411' title='bbox 2958 2937 3377 3008; x_wconf 84' lang='grc' dir='ltr'>μητροπολίτου,</span> <span class='ocrx_word' id='word_1_412' title='bbox 3411 2939 3506 2993; x_wconf 77' lang='grc' dir='ltr'>καὶ</span> <span class='ocrx_word' id='word_1_413' title='bbox 3561 2939 3773 3011; x_wconf 70' lang='grc' dir='ltr'>πατρδς</span> 
     </span>
    </p>
   </div>
   <div class='ocr_carea' id='block_1_56' title="bbox 531 3031 2096 3116">
    <p class='ocr_par' dir='ltr' id='par_1_56' title="bbox 531 3032 2094 3104">
     <span class='ocr_line' id='line_1_56' title="bbox 531 3032 2094 3104; baseline -0.002 -15"><span class='ocrx_word' id='word_1_414' title='bbox 531 3048 696 3089; x_wconf 89' lang='lat' dir='ltr'><strong>cursu</strong></span> <span class='ocrx_word' id='word_1_415' title='bbox 739 3032 882 3087; x_wconf 91' lang='lat' dir='ltr'><strong>dicta</strong></span> <span class='ocrx_word' id='word_1_416' title='bbox 916 3042 1066 3099; x_wconf 89' lang='lat' dir='ltr'><strong>sunt,</strong></span> <span class='ocrx_word' id='word_1_417' title='bbox 1093 3034 1322 3089; x_wconf 80' lang='lat' dir='ltr'><strong>uberius</strong></span> <span class='ocrx_word' id='word_1_418' title='bbox 1365 3043 1419 3089; x_wconf 91' lang='lat' dir='ltr'><strong>et</strong></span> <span class='ocrx_word' id='word_1_419' title='bbox 1470 3035 1795 3104; x_wconf 84' lang='lat' dir='ltr'><strong>explicatius</strong></span> <span class='ocrx_word' id='word_1_420' title='bbox 1840 3049 1987 3088; x_wconf 91' lang='lat' dir='ltr'><strong>nunc</strong></span> <span class='ocrx_word' id='word_1_421' title='bbox 2013 3033 2094 3086; x_wconf 89' lang='lat' dir='ltr'><strong>di-</strong></span> 
     </span>
    </p>
   </div>
   <div class='ocr_carea' id='block_1_57' title="bbox 2199 3031 3774 3116">
    <p class='ocr_par' dir='ltr' id='par_1_57' title="bbox 2203 3031 3774 3103">
     <span class='ocr_line' id='line_1_57' title="bbox 2203 3031 3774 3103; baseline 0.001 -20"><span class='ocrx_word' id='word_1_422' title='bbox 2203 3031 2359 3103; x_wconf 79' lang='grc' dir='ltr'>ήμῶν</span> <span class='ocrx_word' id='word_1_423' title='bbox 2388 3031 2621 3102; x_wconf 81' lang='grc' dir='ltr'>εἴρηται,</span> <span class='ocrx_word' id='word_1_424' title='bbox 2649 3031 2724 3092; x_wconf 88' lang='grc' dir='ltr'>ὠς</span> <span class='ocrx_word' id='word_1_425' title='bbox 2753 3031 2810 3082; x_wconf 88' lang='grc' dir='ltr'><strong>ἐν</strong></span> <span class='ocrx_word' id='word_1_426' title='bbox 2845 3031 3192 3101; x_wconf 83' lang='grc' dir='ltr'>παραδρομῇ,</span> <span class='ocrx_word' id='word_1_427' title='bbox 3223 3031 3319 3086; x_wconf 82' lang='grc' dir='ltr'><strong>νῦν</strong></span> <span class='ocrx_word' id='word_1_428' title='bbox 3365 3033 3418 3085; x_wconf 86' lang='grc' dir='ltr'><strong>δέ</strong></span> <span class='ocrx_word' id='word_1_429' title='bbox 3462 3032 3774 3098; x_wconf 81' lang='grc' dir='ltr'>διεξοδικώ-</span> 
     </span>
    </p>
   </div>
   <div class='ocr_carea' id='block_1_58' title="bbox 531 3122 2094 3196">
    <p class='ocr_par' dir='ltr' id='par_1_58' title="bbox 531 3122 2094 3196">
     <span class='ocr_line' id='line_1_58' title="bbox 531 3122 2094 3196; baseline 0 -17"><span class='ocrx_word' id='word_1_430' title='bbox 531 3133 746 3179; x_wconf 88' lang='lat' dir='ltr'><strong>centur.</strong></span> <span class='ocrx_word' id='word_1_431' title='bbox 765 3122 860 3179; x_wconf 92' lang='lat' dir='ltr'><strong>Dic</strong></span> <span class='ocrx_word' id='word_1_432' title='bbox 885 3124 1103 3193; x_wconf 87' lang='lat' dir='ltr'><strong>illi,qua</strong></span> <span class='ocrx_word' id='word_1_433' title='bbox 1130 3135 1342 3194; x_wconf 87' lang='lat' dir='ltr'><strong>patrem</strong></span> <span class='ocrx_word' id='word_1_434' title='bbox 1361 3126 1564 3196; x_wconf 90' lang='lat' dir='ltr'><strong>alloqui</strong></span> <span class='ocrx_word' id='word_1_435' title='bbox 1592 3126 1746 3179; x_wconf 90' lang='lat' dir='ltr'><strong>decet</strong></span> <span class='ocrx_word' id='word_1_436' title='bbox 1773 3126 2094 3190; x_wconf 86' lang='lat' dir='ltr'><strong>reverentia,</strong></span> 
     </span>
    </p>
   </div>
   <div class='ocr_carea' id='block_1_59' title="bbox 533 3215 2098 3288">
    <p class='ocr_par' dir='ltr' id='par_1_59' title="bbox 533 3215 2098 3288">
     <span class='ocr_line' id='line_1_59' title="bbox 533 3215 2098 3288; baseline 0.001 -18"><span class='ocrx_word' id='word_1_437' title='bbox 533 3217 850 3288; x_wconf 75' lang='lat' dir='ltr'><strong>quid‘iquod</strong></span> <span class='ocrx_word' id='word_1_438' title='bbox 877 3218 1125 3281; x_wconf 88' lang='lat' dir='ltr'><strong>omnino,</strong></span> <span class='ocrx_word' id='word_1_439' title='bbox 1148 3216 1304 3283; x_wconf 80' lang='lat' dir='ltr'><strong>juxta</strong></span> <span class='ocrx_word' id='word_1_440' title='bbox 1332 3217 1537 3271; x_wconf 90' lang='lat' dir='ltr'><strong>dictum</strong></span> <span class='ocrx_word' id='word_1_441' title='bbox 1565 3216 1816 3284; x_wconf 87' lang='lat' dir='ltr'><strong>Apostoli</strong></span> <span class='ocrx_word' id='word_1_442' title='bbox 1847 3233 1872 3271; x_wconf 89' lang='lat'><strong>:.</strong></span> <span class='ocrx_word' id='word_1_443' title='bbox 1897 3215 2098 3272; x_wconf 78' lang='lat' dir='ltr'><strong>Unius-</strong></span> 
     </span>
    </p>
   </div>
   <div class='ocr_carea' id='block_1_60' title="bbox 531 3305 2100 3380">
    <p class='ocr_par' dir='ltr' id='par_1_60' title="bbox 531 3305 2100 3380">
     <span class='ocr_line' id='line_1_60' title="bbox 531 3305 2100 3380; baseline -0.002 -16"><span class='ocrx_word' id='word_1_444' title='bbox 531 3309 785 3380; x_wconf 75' lang='lat' dir='ltr'><strong>cttjusque</strong></span> <span class='ocrx_word' id='word_1_445' title='bbox 840 3325 967 3378; x_wconf 85' lang='lat' dir='ltr'><strong>opus</strong></span> <span class='ocrx_word' id='word_1_446' title='bbox 1016 3308 1171 3379; x_wconf 84' lang='lat' dir='ltr'><strong>quale</strong></span> <span class='ocrx_word' id='word_1_447' title='bbox 1219 3309 1289 3361; x_wconf 77' lang='lat' dir='ltr'><strong>sit</strong></span> <span class='ocrx_word' id='word_1_448' title='bbox 1339 3309 1473 3377; x_wconf 76' lang='lat' dir='ltr'><strong>ignis</strong></span> <span class='ocrx_word' id='word_1_449' title='bbox 1527 3305 1791 3375; x_wconf 80' lang='lat' dir='ltr'><strong>probabit.</strong></span> <span class='ocrx_word' id='word_1_450' title='bbox 1841 3307 1903 3361; x_wconf 86' lang='lat' dir='ltr'><strong>Si</strong></span> <span class='ocrx_word' id='word_1_451' title='bbox 1951 3307 2100 3375; x_wconf 75' lang='lat' dir='ltr'><strong>cuius</strong></span> 
     </span>
    </p>
   </div>
   <div class='ocr_carea' id='block_1_61' title="bbox 534 3398 2100 3472">
    <p class='ocr_par' dir='ltr' id='par_1_61' title="bbox 534 3398 2100 3472">
     <span class='ocr_line' id='line_1_61' title="bbox 534 3398 2100 3472; baseline -0.004 -16"><span class='ocrx_word' id='word_1_452' title='bbox 534 3419 664 3472; x_wconf 78' lang='lat' dir='ltr'><strong>opus</strong></span> <span class='ocrx_word' id='word_1_453' title='bbox 705 3401 1119 3471; x_wconf 76' lang='lat' dir='ltr'><strong>manserit‘quod</strong></span> <span class='ocrx_word' id='word_1_454' title='bbox 1163 3399 1623 3468; x_wconf 73' lang='lat' dir='ltr'><strong>superaediﬁcavit,</strong></span> <span class='ocrx_word' id='word_1_455' title='bbox 1651 3398 1937 3451; x_wconf 83' lang='lat' dir='ltr'><strong>mercedem</strong></span> <span class='ocrx_word' id='word_1_456' title='bbox 1959 3400 2100 3450; x_wconf 86' lang='lat' dir='ltr'><strong>acci-</strong></span> 
     </span>
    </p>
   </div>
   <div class='ocr_carea' id='block_1_62' title="bbox 532 3488 2098 3562">
    <p class='ocr_par' dir='ltr' id='par_1_62' title="bbox 532 3488 2098 3562">
     <span class='ocr_line' id='line_1_62' title="bbox 532 3488 2098 3562; baseline -0.004 -16"><span class='ocrx_word' id='word_1_457' title='bbox 532 3494 660 3562; x_wconf 81' lang='lat' dir='ltr'><strong>piet.</strong></span> <span class='ocrx_word' id='word_1_458' title='bbox 704 3492 766 3548; x_wconf 82' lang='lat' dir='ltr'><strong>Si</strong></span> <span class='ocrx_word' id='word_1_459' title='bbox 813 3495 962 3560; x_wconf 77' lang='lat' dir='ltr'><strong>cujus</strong></span> <span class='ocrx_word' id='word_1_460' title='bbox 1007 3507 1135 3559; x_wconf 83' lang='lat' dir='ltr'><strong>opus</strong></span> <span class='ocrx_word' id='word_1_461' title='bbox 1183 3490 1402 3552; x_wconf 77' lang='lat' dir='ltr'><strong>arserit,</strong></span> <span class='ocrx_word' id='word_1_462' title='bbox 1439 3488 1811 3542; x_wconf 86' lang='lat' dir='ltr'><strong>detrimentum</strong></span> <span class='ocrx_word' id='word_1_463' title='bbox 1850 3488 2098 3555; x_wconf 84' lang='lat' dir='ltr'><strong>patietur.</strong></span> 
     </span>
    </p>
   </div>
   <div class='ocr_carea' id='block_1_63' title="bbox 534 3579 2101 3652">
    <p class='ocr_par' dir='ltr' id='par_1_63' title="bbox 534 3579 2101 3652">
     <span class='ocr_line' id='line_1_63' title="bbox 534 3579 2101 3652; baseline -0.003 -14"><span class='ocrx_word' id='word_1_464' title='bbox 534 3584 563 3638; x_wconf 88' lang='grc'><em>1</em></span> <span class='ocrx_word' id='word_1_465' title='bbox 570 3601 658 3651; x_wconf 80' lang='lat' dir='ltr'><strong>pse</strong></span> <span class='ocrx_word' id='word_1_466' title='bbox 692 3594 868 3636; x_wconf 85' lang='lat' dir='ltr'><strong>autem</strong></span> <span class='ocrx_word' id='word_1_467' title='bbox 895 3583 1071 3636; x_wconf 75' lang='lat' dir='ltr'><strong>salvus</strong></span> <span class='ocrx_word' id='word_1_468' title='bbox 1097 3582 1220 3645; x_wconf 82' lang='lat' dir='ltr'><strong>erit,</strong></span> <span class='ocrx_word' id='word_1_469' title='bbox 1245 3582 1322 3635; x_wconf 81' lang='lat' dir='ltr'><strong>sic</strong></span> <span class='ocrx_word' id='word_1_470' title='bbox 1357 3590 1532 3636; x_wconf 84' lang='lat' dir='ltr'><strong>tamen</strong></span> <span class='ocrx_word' id='word_1_471' title='bbox 1551 3582 1704 3652; x_wconf 78' lang='lat' dir='ltr'><strong>quasi</strong></span> <span class='ocrx_word' id='word_1_472' title='bbox 1728 3597 1819 3648; x_wconf 89' lang='lat' dir='ltr'><strong>per</strong></span> <span class='ocrx_word' id='word_1_473' title='bbox 1844 3581 2014 3649; x_wconf 84' lang='lat' dir='ltr'><strong>ignem</strong></span> <span class='ocrx_word' id='word_1_474' title='bbox 2036 3579 2101 3634; x_wconf 80' lang='lat'><strong>&quot;.</strong></span> 
     </span>
    </p>
   </div>
   <div class='ocr_carea' id='block_1_64' title="bbox 536 3667 2102 3740">
    <p class='ocr_par' dir='ltr' id='par_1_64' title="bbox 536 3667 2102 3740">
     <span class='ocr_line' id='line_1_64' title="bbox 536 3667 2102 3740; baseline -0.004 -15"><span class='ocrx_word' id='word_1_475' title='bbox 536 3670 836 3727; x_wconf 86' lang='lat' dir='ltr'><strong>Percontor</strong></span> <span class='ocrx_word' id='word_1_476' title='bbox 881 3671 1107 3740; x_wconf 87' lang='lat' dir='ltr'><strong>itaque:</strong></span> <span class='ocrx_word' id='word_1_477' title='bbox 1135 3671 1292 3732; x_wconf 90' lang='lat' dir='ltr'><strong>illud,</strong></span> <span class='ocrx_word' id='word_1_478' title='bbox 1325 3671 1537 3733; x_wconf 77' lang='lat' dir='ltr'><strong>arserit,</strong></span> <span class='ocrx_word' id='word_1_479' title='bbox 1571 3670 1874 3724; x_wconf 88' lang='lat' dir='ltr'><strong>absolutam</strong></span> <span class='ocrx_word' id='word_1_480' title='bbox 1929 3667 2102 3721; x_wconf 88' lang='lat' dir='ltr'><strong>aboli-</strong></span> 
     </span>
    </p>
   </div>
   <div class='ocr_carea' id='block_1_65' title="bbox 537 3757 2106 3829">
    <p class='ocr_par' dir='ltr' id='par_1_65' title="bbox 537 3757 2106 3829">
     <span class='ocr_line' id='line_1_65' title="bbox 537 3757 2106 3829; baseline -0.004 -13"><span class='ocrx_word' id='word_1_481' title='bbox 537 3763 743 3818; x_wconf 84' lang='lat' dir='ltr'><strong>tionem</strong></span> <span class='ocrx_word' id='word_1_482' title='bbox 772 3762 1013 3826; x_wconf 90' lang='lat' dir='ltr'><strong>denotat,</strong></span> <span class='ocrx_word' id='word_1_483' title='bbox 1050 3762 1277 3816; x_wconf 87' lang='lat' dir='ltr'><strong>annon?</strong></span> <span class='ocrx_word' id='word_1_484' title='bbox 1306 3759 1363 3813; x_wconf 88' lang='lat' dir='ltr'><strong>Si</strong></span> <span class='ocrx_word' id='word_1_485' title='bbox 1417 3760 1651 3829; x_wconf 92' lang='lat' dir='ltr'><strong>primum</strong></span> <span class='ocrx_word' id='word_1_486' title='bbox 1681 3759 1902 3823; x_wconf 91' lang='lat' dir='ltr'><strong>dicitur,</strong></span> <span class='ocrx_word' id='word_1_487' title='bbox 1957 3757 2106 3811; x_wconf 85' lang='lat' dir='ltr'><strong>sicut</strong></span> 
     </span>
    </p>
   </div>
   <div class='ocr_carea' id='block_1_66' title="bbox 538 3847 2103 3931">
    <p class='ocr_par' dir='ltr' id='par_1_66' title="bbox 538 3847 2103 3931">
     <span class='ocr_line' id='line_1_66' title="bbox 538 3847 2103 3931; baseline -0.003 -25"><span class='ocrx_word' id='word_1_488' title='bbox 538 3852 709 3907; x_wconf 85' lang='lat' dir='ltr'><strong>Paulo</strong></span> <span class='ocrx_word' id='word_1_489' title='bbox 738 3854 1076 3908; x_wconf 61' lang='lat' dir='ltr'><strong>cohaerenter</strong></span> <span class='ocrx_word' id='word_1_490' title='bbox 1115 3850 1409 3905; x_wconf 89' lang='lat' dir='ltr'><strong>aitalicuhi</strong></span> <span class='ocrx_word' id='word_1_491' title='bbox 1448 3849 1758 3919; x_wconf 79' lang='lat' dir='ltr'><strong>Theologus</strong></span> <span class='ocrx_word' id='word_1_492' title='bbox 1780 3847 2103 3931; x_wconf 73' lang='lat' dir='ltr'><strong>Gregorius,</strong></span> 
     </span>
    </p>
   </div>
   <div class='ocr_carea' id='block_1_67' title="bbox 539 3940 2106 4012">
    <p class='ocr_par' dir='ltr' id='par_1_67' title="bbox 539 3940 2106 4012">
     <span class='ocr_line' id='line_1_67' title="bbox 539 3940 2106 4012; baseline -0.002 -16"><span class='ocrx_word' id='word_1_493' title='bbox 539 3944 699 4012; x_wconf 85' lang='lat' dir='ltr'><strong>isque</strong></span> <span class='ocrx_word' id='word_1_494' title='bbox 735 3951 1045 4012; x_wconf 87' lang='lat' dir='ltr'><strong>postremus</strong></span> <span class='ocrx_word' id='word_1_495' title='bbox 1067 3949 1149 3996; x_wconf 90' lang='lat' dir='ltr'><strong>est</strong></span> <span class='ocrx_word' id='word_1_496' title='bbox 1188 3941 1354 4012; x_wconf 81' lang='lat' dir='ltr'><strong>ignis,</strong></span> <span class='ocrx_word' id='word_1_497' title='bbox 1378 3957 1486 4010; x_wconf 90' lang='lat' dir='ltr'><strong>quo</strong></span> <span class='ocrx_word' id='word_1_498' title='bbox 1509 3950 1698 3996; x_wconf 88' lang='lat' dir='ltr'><strong>nostra</strong></span> <span class='ocrx_word' id='word_1_499' title='bbox 1731 3942 1917 3994; x_wconf 87' lang='lat' dir='ltr'><strong>omnia</strong></span> <span class='ocrx_word' id='word_1_500' title='bbox 1947 3940 2106 3993; x_wconf 86' lang='lat' dir='ltr'><strong>dam-</strong></span> 
     </span>
    </p>
   </div>
   <div class='ocr_carea' id='block_1_68' title="bbox 540 4031 2106 4104">
    <p class='ocr_par' dir='ltr' id='par_1_68' title="bbox 540 4031 2106 4104">
     <span class='ocr_line' id='line_1_68' title="bbox 540 4031 2106 4104; baseline -0.001 -19"><span class='ocrx_word' id='word_1_501' title='bbox 540 4043 744 4086; x_wconf 75' lang='lat' dir='ltr'><strong>nantur</strong></span> <span class='ocrx_word' id='word_1_502' title='bbox 767 4033 854 4087; x_wconf 86' lang='lat' dir='ltr'><strong>vel</strong></span> <span class='ocrx_word' id='word_1_503' title='bbox 868 4041 1171 4104; x_wconf 77' lang='lat' dir='ltr'><strong>purgantur</strong></span> <span class='ocrx_word' id='word_1_504' title='bbox 1194 4050 1210 4100; x_wconf 87' lang='lat'><strong>;</strong></span> <span class='ocrx_word' id='word_1_505' title='bbox 1228 4032 1358 4102; x_wconf 90' lang='lat' dir='ltr'><strong>quid</strong></span> <span class='ocrx_word' id='word_1_506' title='bbox 1383 4039 1576 4086; x_wconf 88' lang='lat' dir='ltr'><strong>estcur</strong></span> <span class='ocrx_word' id='word_1_507' title='bbox 1595 4032 1820 4086; x_wconf 90' lang='lat' dir='ltr'><strong>audiens</strong></span> <span class='ocrx_word' id='word_1_508' title='bbox 1836 4031 2106 4101; x_wconf 89' lang='lat' dir='ltr'><strong>quispiam</strong></span> 
     </span>
    </p>
   </div>
   <div class='ocr_carea' id='block_1_69' title="bbox 540 4124 2110 4183">
    <p class='ocr_par' dir='ltr' id='par_1_69' title="bbox 540 4124 2110 4183">
     <span class='ocr_line' id='line_1_69' title="bbox 540 4124 2110 4183; baseline -0.003 0"><span class='ocrx_word' id='word_1_509' title='bbox 540 4128 818 4183; x_wconf 83' lang='lat' dir='ltr'><strong>existimet</strong></span> <span class='ocrx_word' id='word_1_510' title='bbox 852 4144 964 4183; x_wconf 91' lang='lat' dir='ltr'><strong>non</strong></span> <span class='ocrx_word' id='word_1_511' title='bbox 1017 4137 1166 4183; x_wconf 89' lang='lat' dir='ltr'><strong>recte</strong></span> <span class='ocrx_word' id='word_1_512' title='bbox 1186 4127 1388 4183; x_wconf 79' lang='lat' dir='ltr'><strong>dixisse</strong></span> <span class='ocrx_word' id='word_1_513' title='bbox 1443 4135 1693 4182; x_wconf 87' lang='lat' dir='ltr'><strong>sanctum</strong></span> <span class='ocrx_word' id='word_1_514' title='bbox 1747 4124 2038 4179; x_wconf 80' lang='lat' dir='ltr'><strong>Maximum</strong></span> <span class='ocrx_word' id='word_1_515' title='bbox 2064 4125 2110 4156; x_wconf 68' lang='grc' dir='ltr'>’θ</span> 
     </span>
    </p>
   </div>
   <div class='ocr_carea' id='block_1_70' title="bbox 541 4215 2112 4288">
    <p class='ocr_par' dir='ltr' id='par_1_70' title="bbox 541 4215 2112 4288">
     <span class='ocr_line' id='line_1_70' title="bbox 541 4215 2112 4288; baseline -0.003 -14"><span class='ocrx_word' id='word_1_516' title='bbox 541 4228 655 4275; x_wconf 85' lang='lat' dir='ltr'><strong>tres</strong></span> <span class='ocrx_word' id='word_1_517' title='bbox 714 4235 838 4275; x_wconf 88' lang='lat' dir='ltr'><strong>esse</strong></span> <span class='ocrx_word' id='word_1_518' title='bbox 873 4219 1248 4274; x_wconf 88' lang='lat' dir='ltr'><strong>restitutiones</strong></span> <span class='ocrx_word' id='word_1_519' title='bbox 1299 4218 1352 4272; x_wconf 91' lang='lat' dir='ltr'><strong>in</strong></span> <span class='ocrx_word' id='word_1_520' title='bbox 1419 4217 1734 4288; x_wconf 87' lang='lat' dir='ltr'><strong>pristinum,</strong></span> <span class='ocrx_word' id='word_1_521' title='bbox 1769 4230 1906 4284; x_wconf 87' lang='lat' dir='ltr'><strong>quas</strong></span> <span class='ocrx_word' id='word_1_522' title='bbox 1962 4215 2112 4269; x_wconf 88' lang='lat' dir='ltr'><strong>novit</strong></span> 
     </span>
    </p>
   </div>
   <div class='ocr_carea' id='block_1_71' title="bbox 545 4310 2112 4379">
    <p class='ocr_par' dir='ltr' id='par_1_71' title="bbox 545 4310 2112 4379">
     <span class='ocr_line' id='line_1_71' title="bbox 545 4310 2112 4379; baseline -0.004 -13"><span class='ocrx_word' id='word_1_523' title='bbox 545 4310 841 4366; x_wconf 82' lang='lat' dir='ltr'><strong>Ecclesia?</strong></span> <span class='ocrx_word' id='word_1_524' title='bbox 891 4310 1065 4366; x_wconf 90' lang='lat' dir='ltr'><strong>Unam</strong></span> <span class='ocrx_word' id='word_1_525' title='bbox 1137 4310 1358 4379; x_wconf 92' lang='lat' dir='ltr'><strong>quidem</strong></span> <span class='ocrx_word' id='word_1_526' title='bbox 1415 4310 1849 4377; x_wconf 86' lang='lat' dir='ltr'><strong>uniuscujusque</strong></span> <span class='ocrx_word' id='word_1_527' title='bbox 1893 4322 1993 4376; x_wconf 88' lang='lat' dir='ltr'><strong>pro</strong></span> <span class='ocrx_word' id='word_1_528' title='bbox 2023 4321 2112 4360; x_wconf 86' lang='lat' dir='ltr'><strong>ra-</strong></span> 
     </span>
    </p>
   </div>
   <div class='ocr_carea' id='block_1_72' title="bbox 2197 3121 3773 3195">
    <p class='ocr_par' dir='ltr' id='par_1_72' title="bbox 2197 3121 3773 3195">
     <span class='ocr_line' id='line_1_72' title="bbox 2197 3121 3773 3195; baseline 0.002 -19"><span class='ocrx_word' id='word_1_529' title='bbox 2197 3141 2354 3194; x_wconf 88' lang='grc' dir='ltr'>τερον</span> <span class='ocrx_word' id='word_1_530' title='bbox 2387 3125 2682 3194; x_wconf 73' lang='grc' dir='ltr'>είρήσεται.</span> <span class='ocrx_word' id='word_1_531' title='bbox 2723 3121 2857 3174; x_wconf 89' lang='grc' dir='ltr'><strong>Εἰπέ</strong></span> <span class='ocrx_word' id='word_1_532' title='bbox 2902 3122 3050 3193; x_wconf 79' lang='grc' dir='ltr'><strong>αὺτῷ</strong></span> <span class='ocrx_word' id='word_1_533' title='bbox 3093 3128 3472 3195; x_wconf 85' lang='grc' dir='ltr'>πατροπρεπεί</span> <span class='ocrx_word' id='word_1_534' title='bbox 3513 3124 3773 3192; x_wconf 79' lang='grc' dir='ltr'>διαλέξει,</span> 
     </span>
    </p>
   </div>
   <div class='ocr_carea' id='block_1_73' title="bbox 2197 3212 3774 3284">
    <p class='ocr_par' dir='ltr' id='par_1_73' title="bbox 2197 3212 3774 3284">
     <span class='ocr_line' id='line_1_73' title="bbox 2197 3212 3774 3284; baseline 0.001 -18"><span class='ocrx_word' id='word_1_535' title='bbox 2197 3214 2250 3266; x_wconf 90' lang='grc' dir='ltr'><strong>τί</strong></span> <span class='ocrx_word' id='word_1_536' title='bbox 2277 3232 2290 3280; x_wconf 92' lang='grc'><strong>;</strong></span> <span class='ocrx_word' id='word_1_537' title='bbox 2324 3215 2405 3266; x_wconf 83' lang='grc' dir='ltr'><strong>ὃτι</strong></span> <span class='ocrx_word' id='word_1_538' title='bbox 2437 3231 2674 3276; x_wconf 87' lang='grc' dir='ltr'>παντως,</span> <span class='ocrx_word' id='word_1_539' title='bbox 2695 3214 2833 3267; x_wconf 85' lang='grc' dir='ltr'>κατὰ</span> <span class='ocrx_word' id='word_1_540' title='bbox 2866 3213 2964 3281; x_wconf 77' lang='grc' dir='ltr'><strong>τὴν</strong></span> <span class='ocrx_word' id='word_1_541' title='bbox 2987 3212 3081 3266; x_wconf 82' lang='grc' dir='ltr'>τοῦ</span> <span class='ocrx_word' id='word_1_542' title='bbox 3120 3213 3441 3267; x_wconf 84' lang='grc' dir='ltr'>Ἀποστόλου</span> <span class='ocrx_word' id='word_1_543' title='bbox 3474 3214 3774 3284; x_wconf 83' lang='grc' dir='ltr'>ἀπόφασιν,</span> 
     </span>
    </p>
   </div>
   <div class='ocr_carea' id='block_1_74' title="bbox 2214 3305 3778 3379">
    <p class='ocr_par' dir='ltr' id='par_1_74' title="bbox 2214 3305 3778 3379">
     <span class='ocr_line' id='line_1_74' title="bbox 2214 3305 3778 3379; baseline 0.003 -20"><span class='ocrx_word' id='word_1_544' title='bbox 2214 3305 2505 3359; x_wconf 84' lang='grc' dir='ltr'>Ἑκάστου</span> <span class='ocrx_word' id='word_1_545' title='bbox 2542 3306 2610 3358; x_wconf 85' lang='grc' dir='ltr'>τὸ</span> <span class='ocrx_word' id='word_1_546' title='bbox 2651 3306 2828 3375; x_wconf 73' lang='grc' dir='ltr'>ἔργον</span> <span class='ocrx_word' id='word_1_547' title='bbox 2883 3307 3092 3362; x_wconf 79' lang='grc' dir='ltr'>ὁποῖόν</span> <span class='ocrx_word' id='word_1_548' title='bbox 3131 3308 3262 3362; x_wconf 78' lang='grc' dir='ltr'>ἐστι</span> <span class='ocrx_word' id='word_1_549' title='bbox 3287 3306 3355 3361; x_wconf 82' lang='grc' dir='ltr'>τὸ</span> <span class='ocrx_word' id='word_1_550' title='bbox 3382 3307 3501 3376; x_wconf 81' lang='grc' dir='ltr'>πῦρ</span> <span class='ocrx_word' id='word_1_551' title='bbox 3528 3308 3778 3379; x_wconf 83' lang='grc' dir='ltr'>δοκιμά-</span> 
     </span>
    </p>
   </div>
   <div class='ocr_carea' id='block_1_75' title="bbox 2200 3390 3777 3470">
    <p class='ocr_par' dir='ltr' id='par_1_75' title="bbox 2200 3390 3777 3470">
     <span class='ocr_line' id='line_1_75' title="bbox 2200 3390 3777 3470; baseline 0.004 -21"><span class='ocrx_word' id='word_1_552' title='bbox 2200 3390 2314 3450; x_wconf 84' lang='grc' dir='ltr'>σὲι.</span> <span class='ocrx_word' id='word_1_553' title='bbox 2369 3396 2436 3448; x_wconf 83' lang='grc' dir='ltr'><strong>Εἴ</strong></span> <span class='ocrx_word' id='word_1_554' title='bbox 2483 3412 2645 3462; x_wconf 86' lang='grc' dir='ltr'>τινος</span> <span class='ocrx_word' id='word_1_555' title='bbox 2692 3399 2754 3452; x_wconf 84' lang='grc' dir='ltr'>τὸ</span> <span class='ocrx_word' id='word_1_556' title='bbox 2799 3397 2977 3468; x_wconf 76' lang='grc' dir='ltr'>ἔργον</span> <span class='ocrx_word' id='word_1_557' title='bbox 3029 3400 3199 3470; x_wconf 78' lang='grc' dir='ltr'>μένει</span> <span class='ocrx_word' id='word_1_558' title='bbox 3248 3399 3281 3454; x_wconf 82' lang='grc' dir='ltr'>ὃ</span> <span class='ocrx_word' id='word_1_559' title='bbox 3316 3398 3777 3470; x_wconf 75' lang='grc' dir='ltr'>ἐπῳκοδόμησε,</span> 
     </span>
    </p>
   </div>
   <div class='ocr_carea' id='block_1_76' title="bbox 2195 3488 3782 3561">
    <p class='ocr_par' dir='ltr' id='par_1_76' title="bbox 2195 3488 3782 3561">
     <span class='ocr_line' id='line_1_76' title="bbox 2195 3488 3782 3561; baseline 0.005 -20"><span class='ocrx_word' id='word_1_560' title='bbox 2195 3488 2418 3557; x_wconf 82' lang='grc' dir='ltr'>μισθὸν</span> <span class='ocrx_word' id='word_1_561' title='bbox 2448 3489 2728 3558; x_wconf 74' lang='grc' dir='ltr'>λήψεται.</span> <span class='ocrx_word' id='word_1_562' title='bbox 2775 3491 2848 3544; x_wconf 80' lang='grc' dir='ltr'><strong>ΕΖ</strong></span> <span class='ocrx_word' id='word_1_563' title='bbox 2875 3508 3036 3557; x_wconf 85' lang='grc' dir='ltr'>τινος</span> <span class='ocrx_word' id='word_1_564' title='bbox 3071 3491 3139 3544; x_wconf 85' lang='grc' dir='ltr'>τὸ</span> <span class='ocrx_word' id='word_1_565' title='bbox 3186 3493 3365 3560; x_wconf 75' lang='grc' dir='ltr'>ἔργον</span> <span class='ocrx_word' id='word_1_566' title='bbox 3395 3493 3782 3561; x_wconf 80' lang='grc' dir='ltr'>κατακαήσε-</span> 
     </span>
    </p>
   </div>
   <div class='ocr_carea' id='block_1_77' title="bbox 2200 3579 3780 3653">
    <p class='ocr_par' dir='ltr' id='par_1_77' title="bbox 2200 3579 3780 3653">
     <span class='ocr_line' id='line_1_77' title="bbox 2200 3579 3780 3653; baseline 0.004 -20"><span class='ocrx_word' id='word_1_567' title='bbox 2200 3598 2315 3647; x_wconf 83' lang='grc' dir='ltr'>ται,</span> <span class='ocrx_word' id='word_1_568' title='bbox 2348 3579 2797 3648; x_wconf 69' lang='grc' dir='ltr'>ζημιωθήσεταν</span> <span class='ocrx_word' id='word_1_569' title='bbox 2824 3584 3028 3649; x_wconf 75' lang='grc' dir='ltr'>,αὐτὸς</span> <span class='ocrx_word' id='word_1_570' title='bbox 3059 3582 3127 3635; x_wconf 78' lang='grc' dir='ltr'>δὲ</span> <span class='ocrx_word' id='word_1_571' title='bbox 3172 3581 3530 3651; x_wconf 76' lang='grc' dir='ltr'>σωθήσεται,</span> <span class='ocrx_word' id='word_1_572' title='bbox 3583 3585 3780 3653; x_wconf 83' lang='grc' dir='ltr'>οὕτως</span> 
     </span>
    </p>
   </div>
   <div class='ocr_carea' id='block_1_78' title="bbox 2202 3673 3782 3744">
    <p class='ocr_par' dir='ltr' id='par_1_78' title="bbox 2202 3673 3782 3744">
     <span class='ocr_line' id='line_1_78' title="bbox 2202 3673 3782 3744; baseline 0.003 -19"><span class='ocrx_word' id='word_1_573' title='bbox 2202 3673 2270 3726; x_wconf 83' lang='grc' dir='ltr'>δὲ</span> <span class='ocrx_word' id='word_1_574' title='bbox 2295 3674 2375 3739; x_wconf 85' lang='grc' dir='ltr'>ὡς</span> <span class='ocrx_word' id='word_1_575' title='bbox 2398 3673 2495 3726; x_wconf 83' lang='grc' dir='ltr'>διὰ</span> <span class='ocrx_word' id='word_1_576' title='bbox 2517 3675 2724 3741; x_wconf 85' lang='grc' dir='ltr'>πυρός.</span> <span class='ocrx_word' id='word_1_577' title='bbox 2766 3675 3110 3744; x_wconf 86' lang='grc' dir='ltr'>Πυνθανομαι</span> <span class='ocrx_word' id='word_1_578' title='bbox 3141 3675 3255 3738; x_wconf 78' lang='grc' dir='ltr'>οὖν,</span> <span class='ocrx_word' id='word_1_579' title='bbox 3282 3677 3363 3740; x_wconf 81' lang='grc' dir='ltr'><strong>τὸ,</strong></span> <span class='ocrx_word' id='word_1_580' title='bbox 3395 3678 3782 3743; x_wconf 75' lang='grc' dir='ltr'>κατακαήσε-</span> 
     </span>
    </p>
   </div>
   <div class='ocr_carea' id='block_1_79' title="bbox 2202 3761 3784 3835">
    <p class='ocr_par' dir='ltr' id='par_1_79' title="bbox 2202 3761 3784 3835">
     <span class='ocr_line' id='line_1_79' title="bbox 2202 3761 3784 3835; baseline 0.003 -20"><span class='ocrx_word' id='word_1_581' title='bbox 2202 3779 2317 3826; x_wconf 82' lang='grc' dir='ltr'>ται,</span> <span class='ocrx_word' id='word_1_582' title='bbox 2359 3761 2672 3830; x_wconf 78' lang='grc' dir='ltr'>ἐξαφάνισίς</span> <span class='ocrx_word' id='word_1_583' title='bbox 2700 3765 2815 3816; x_wconf 90' lang='grc' dir='ltr'>ἐστι</span> <span class='ocrx_word' id='word_1_584' title='bbox 2842 3764 3042 3827; x_wconf 81' lang='grc' dir='ltr'>τελεία,</span> <span class='ocrx_word' id='word_1_585' title='bbox 3084 3763 3116 3835; x_wconf 86' lang='grc' dir='ltr'>ἢ</span> <span class='ocrx_word' id='word_1_586' title='bbox 3158 3764 3258 3832; x_wconf 68' lang='lat' dir='ltr'><strong>ob;</strong></span> <span class='ocrx_word' id='word_1_587' title='bbox 3293 3766 3356 3818; x_wconf 86' lang='grc' dir='ltr'>Εί</span> <span class='ocrx_word' id='word_1_588' title='bbox 3388 3765 3444 3818; x_wconf 80' lang='grc' dir='ltr'>δὲ</span> <span class='ocrx_word' id='word_1_589' title='bbox 3477 3765 3784 3833; x_wconf 78' lang='grc' dir='ltr'>ὁμολογου-</span> 
     </span>
    </p>
   </div>
   <div class='ocr_carea' id='block_1_80' title="bbox 2207 3854 3788 3928">
    <p class='ocr_par' dir='ltr' id='par_1_80' title="bbox 2207 3854 3788 3928">
     <span class='ocr_line' id='line_1_80' title="bbox 2207 3854 3788 3928; baseline 0.004 -24"><span class='ocrx_word' id='word_1_590' title='bbox 2207 3854 2382 3923; x_wconf 82' lang='grc' dir='ltr'>μένως</span> <span class='ocrx_word' id='word_1_591' title='bbox 2432 3855 2494 3906; x_wconf 83' lang='grc' dir='ltr'><strong>τὸ</strong></span> <span class='ocrx_word' id='word_1_592' title='bbox 2542 3854 2756 3924; x_wconf 87' lang='grc' dir='ltr'>πρῶτον</span> <span class='ocrx_word' id='word_1_593' title='bbox 2788 3872 2801 3885; x_wconf 76' lang='grc' dir='ltr'><strong><em>ο</em></strong></span> <span class='ocrx_word' id='word_1_594' title='bbox 2833 3855 2974 3908; x_wconf 88' lang='grc' dir='ltr'>καθά</span> <span class='ocrx_word' id='word_1_595' title='bbox 3024 3855 3125 3908; x_wconf 80' lang='grc' dir='ltr'><strong>πού</strong></span> <span class='ocrx_word' id='word_1_596' title='bbox 3172 3872 3339 3927; x_wconf 79' lang='grc' dir='ltr'>φησιν</span> <span class='ocrx_word' id='word_1_597' title='bbox 3389 3857 3676 3928; x_wconf 79' lang='grc' dir='ltr'>ἑπομένως</span> <span class='ocrx_word' id='word_1_598' title='bbox 3704 3857 3788 3928; x_wconf 82' lang='grc' dir='ltr'>τῷ</span> 
     </span>
    </p>
   </div>
   <div class='ocr_carea' id='block_1_81' title="bbox 2204 3946 3787 4018">
    <p class='ocr_par' dir='ltr' id='par_1_81' title="bbox 2204 3946 3787 4018">
     <span class='ocr_line' id='line_1_81' title="bbox 2204 3946 3787 4018; baseline 0.001 -19"><span class='ocrx_word' id='word_1_599' title='bbox 2204 3946 2400 4018; x_wconf 80' lang='grc' dir='ltr'>Παύλῳ</span> <span class='ocrx_word' id='word_1_600' title='bbox 2433 3949 2526 3999; x_wconf 81' lang='grc' dir='ltr'>καὶ</span> <span class='ocrx_word' id='word_1_601' title='bbox 2554 3948 2580 3998; x_wconf 88' lang='grc' dir='ltr'>ὁ</span> <span class='ocrx_word' id='word_1_602' title='bbox 2606 3947 2863 4015; x_wconf 82' lang='grc' dir='ltr'>Θεολόγος</span> <span class='ocrx_word' id='word_1_603' title='bbox 2894 3947 3212 4018; x_wconf 86' lang='grc' dir='ltr'>Γρηγόριος·</span> <span class='ocrx_word' id='word_1_604' title='bbox 3249 3949 3344 4001; x_wconf 78' lang='grc' dir='ltr'><strong>καὶ</strong></span> <span class='ocrx_word' id='word_1_605' title='bbox 3376 3947 3436 4000; x_wconf 87' lang='grc' dir='ltr'>τὺ</span> <span class='ocrx_word' id='word_1_606' title='bbox 3468 3947 3787 4001; x_wconf 84' lang='grc' dir='ltr'>τελευταῖον</span> 
     </span>
    </p>
   </div>
   <div class='ocr_carea' id='block_1_82' title="bbox 2207 4033 3788 4110">
    <p class='ocr_par' dir='ltr' id='par_1_82' title="bbox 2207 4033 3788 4110">
     <span class='ocr_line' id='line_1_82' title="bbox 2207 4033 3788 4110; baseline -0.001 -17"><span class='ocrx_word' id='word_1_607' title='bbox 2207 4039 2341 4109; x_wconf 81' lang='grc' dir='ltr'>πῦρ,</span> <span class='ocrx_word' id='word_1_608' title='bbox 2380 4033 2424 4107; x_wconf 84' lang='grc' dir='ltr'>ᾧ</span> <span class='ocrx_word' id='word_1_609' title='bbox 2463 4038 2640 4092; x_wconf 83' lang='grc' dir='ltr'>πάντα</span> <span class='ocrx_word' id='word_1_610' title='bbox 2687 4039 3073 4110; x_wconf 85' lang='grc' dir='ltr'>κατακρίνεται</span> <span class='ocrx_word' id='word_1_611' title='bbox 3115 4039 3149 4107; x_wconf 82' lang='grc' dir='ltr'>ἦ</span> <span class='ocrx_word' id='word_1_612' title='bbox 3182 4038 3500 4110; x_wconf 85' lang='grc' dir='ltr'>καθαίρεται</span> <span class='ocrx_word' id='word_1_613' title='bbox 3538 4040 3607 4093; x_wconf 85' lang='grc' dir='ltr'>τὰ</span> <span class='ocrx_word' id='word_1_614' title='bbox 3640 4041 3788 4109; x_wconf 78' lang='grc' dir='ltr'><strong>ὴμέ-</strong></span> 
     </span>
    </p>
   </div>
   <div class='ocr_carea' id='block_1_83' title="bbox 2206 4125 3788 4204">
    <p class='ocr_par' dir='ltr' id='par_1_83' title="bbox 2206 4125 3788 4204">
     <span class='ocr_line' id='line_1_83' title="bbox 2206 4125 3788 4204; baseline -0.001 -19"><span class='ocrx_word' id='word_1_615' title='bbox 2206 4150 2340 4204; x_wconf 87' lang='grc' dir='ltr'>τερα</span> <span class='ocrx_word' id='word_1_616' title='bbox 2370 4149 2384 4162; x_wconf 86' lang='grc'>·</span> <span class='ocrx_word' id='word_1_617' title='bbox 2439 4134 2488 4186; x_wconf 87' lang='grc' dir='ltr'><strong>τί</strong></span> <span class='ocrx_word' id='word_1_618' title='bbox 2518 4133 2747 4187; x_wconf 86' lang='grc' dir='ltr'>ἐπισείει</span> <span class='ocrx_word' id='word_1_619' title='bbox 2800 4133 2892 4186; x_wconf 77' lang='grc' dir='ltr'><strong>τὸν</strong></span> <span class='ocrx_word' id='word_1_620' title='bbox 2919 4133 3042 4187; x_wconf 81' lang='grc' dir='ltr'>νοῦν</span> <span class='ocrx_word' id='word_1_621' title='bbox 3072 4131 3165 4186; x_wconf 82' lang='grc' dir='ltr'>τοῦ</span> <span class='ocrx_word' id='word_1_622' title='bbox 3196 4131 3484 4196; x_wconf 84' lang='grc' dir='ltr'>ἀκούοντος</span> <span class='ocrx_word' id='word_1_623' title='bbox 3515 4146 3531 4162; x_wconf 85' lang='grc'>⁶</span> <span class='ocrx_word' id='word_1_624' title='bbox 3564 4131 3669 4185; x_wconf 77' lang='grc' dir='ltr'><strong>οὐκ</strong></span> <span class='ocrx_word' id='word_1_625' title='bbox 3727 4125 3788 4185; x_wconf 82' lang='grc' dir='ltr'>εὗ</span> 
     </span>
    </p>
   </div>
   <div class='ocr_carea' id='block_1_84' title="bbox 2210 4224 3792 4298">
    <p class='ocr_par' dir='ltr' id='par_1_84' title="bbox 2210 4224 3792 4298">
     <span class='ocr_line' id='line_1_84' title="bbox 2210 4224 3792 4298; baseline 0.001 -20"><span class='ocrx_word' id='word_1_626' title='bbox 2210 4226 2490 4295; x_wconf 77' lang='grc' dir='ltr'>εἰρηκέναι</span> <span class='ocrx_word' id='word_1_627' title='bbox 2517 4227 2607 4279; x_wconf 85' lang='grc' dir='ltr'>τὸν</span> <span class='ocrx_word' id='word_1_628' title='bbox 2663 4227 2806 4296; x_wconf 77' lang='grc' dir='ltr'>ἱερὸν</span> <span class='ocrx_word' id='word_1_629' title='bbox 2851 4227 3124 4298; x_wconf 83' lang='grc' dir='ltr'>Μάξιμον,</span> <span class='ocrx_word' id='word_1_630' title='bbox 3162 4229 3310 4297; x_wconf 82' lang='grc' dir='ltr'>τρεῖς</span> <span class='ocrx_word' id='word_1_631' title='bbox 3343 4224 3481 4279; x_wconf 80' lang='grc' dir='ltr'>εἶναι</span> <span class='ocrx_word' id='word_1_632' title='bbox 3516 4224 3617 4288; x_wconf 74' lang='grc' dir='ltr'>τὰς</span> <span class='ocrx_word' id='word_1_633' title='bbox 3647 4226 3792 4279; x_wconf 78' lang='grc' dir='ltr'>ἀπο-</span> 
     </span>
    </p>
   </div>
   <div class='ocr_carea' id='block_1_85' title="bbox 2211 4315 3792 4389">
    <p class='ocr_par' dir='ltr' id='par_1_85' title="bbox 2211 4315 3792 4389">
     <span class='ocr_line' id='line_1_85' title="bbox 2211 4315 3792 4389; baseline 0 -22"><span class='ocrx_word' id='word_1_634' title='bbox 2211 4317 2591 4383; x_wconf 80' lang='grc' dir='ltr'>καταστάσεις,</span> <span class='ocrx_word' id='word_1_635' title='bbox 2617 4316 2684 4381; x_wconf 78' lang='grc' dir='ltr'><strong>ἀς</strong></span> <span class='ocrx_word' id='word_1_636' title='bbox 2732 4315 2869 4371; x_wconf 76' lang='grc' dir='ltr'>οἶδεν</span> <span class='ocrx_word' id='word_1_637' title='bbox 2915 4319 2948 4388; x_wconf 78' lang='grc' dir='ltr'><strong>ἡ</strong></span> <span class='ocrx_word' id='word_1_638' title='bbox 3000 4317 3320 4389; x_wconf 85' lang='grc' dir='ltr'>Ἐκκλησία;</span> <span class='ocrx_word' id='word_1_639' title='bbox 3377 4317 3522 4372; x_wconf 83' lang='grc' dir='ltr'>Μίαν</span> <span class='ocrx_word' id='word_1_640' title='bbox 3555 4315 3658 4386; x_wconf 80' lang='grc' dir='ltr'>μὲν</span> <span class='ocrx_word' id='word_1_641' title='bbox 3687 4315 3792 4388; x_wconf 73' lang='grc' dir='ltr'><strong>τὴν</strong></span> 
     </span>
    </p>
   </div>
   <div class='ocr_carea' id='block_1_86' title="bbox 544 4398 2096 4480">
    <p class='ocr_par' dir='ltr' id='par_1_86' title="bbox 544 4398 2096 4469">
     <span class='ocr_line' id='line_1_86' title="bbox 544 4398 2096 4469; baseline -0.004 -14"><span class='ocrx_word' id='word_1_642' title='bbox 544 4402 696 4456; x_wconf 90' lang='lat' dir='ltr'><strong>tione</strong></span> <span class='ocrx_word' id='word_1_643' title='bbox 723 4400 964 4454; x_wconf 90' lang='lat' dir='ltr'><strong>virtutis:</strong></span> <span class='ocrx_word' id='word_1_644' title='bbox 992 4402 1045 4453; x_wconf 95' lang='lat' dir='ltr'><strong>in</strong></span> <span class='ocrx_word' id='word_1_645' title='bbox 1075 4415 1179 4469; x_wconf 85' lang='lat' dir='ltr'><strong>qua</strong></span> <span class='ocrx_word' id='word_1_646' title='bbox 1208 4398 1516 4454; x_wconf 87' lang='lat' dir='ltr'><strong>restituitur</strong></span> <span class='ocrx_word' id='word_1_647' title='bbox 1557 4399 1652 4467; x_wconf 91' lang='lat' dir='ltr'><strong>qui</strong></span> <span class='ocrx_word' id='word_1_648' title='bbox 1699 4398 1913 4451; x_wconf 90' lang='lat' dir='ltr'><strong>virtutis</strong></span> <span class='ocrx_word' id='word_1_649' title='bbox 1945 4411 2096 4466; x_wconf 87' lang='lat' dir='ltr'><strong>quem</strong></span> 
     </span>
    </p>
   </div>
   <div class='ocr_carea' id='block_1_87' title="bbox 2199 4398 3792 4480">
    <p class='ocr_par' dir='ltr' id='par_1_87' title="bbox 2214 4405 3792 4480">
     <span class='ocr_line' id='line_1_87' title="bbox 2214 4405 3792 4480; baseline 0.002 -22"><span class='ocrx_word' id='word_1_650' title='bbox 2214 4407 2443 4459; x_wconf 77' lang='grc' dir='ltr'>ἑκάστου</span> <span class='ocrx_word' id='word_1_651' title='bbox 2475 4409 2613 4460; x_wconf 87' lang='grc' dir='ltr'><strong>κατά</strong></span> <span class='ocrx_word' id='word_1_652' title='bbox 2643 4409 2734 4460; x_wconf 84' lang='grc' dir='ltr'>τὸν</span> <span class='ocrx_word' id='word_1_653' title='bbox 2767 4409 2866 4478; x_wconf 87' lang='grc' dir='ltr'><strong>τῆς</strong></span> <span class='ocrx_word' id='word_1_654' title='bbox 2892 4411 3090 4480; x_wconf 85' lang='grc' dir='ltr'>ἀρετῆς</span> <span class='ocrx_word' id='word_1_655' title='bbox 3135 4410 3312 4476; x_wconf 81' lang='grc' dir='ltr'>λόγον,</span> <span class='ocrx_word' id='word_1_656' title='bbox 3355 4411 3413 4461; x_wconf 89' lang='grc' dir='ltr'>ἐν</span> <span class='ocrx_word' id='word_1_657' title='bbox 3509 4409 3792 4463; x_wconf 83' lang='grc' dir='ltr'>ἀποκαθί-</span> 
     </span>
    </p>
   </div>
   <div class='ocr_carea' id='block_1_88' title="bbox 545 4489 2112 4561">
    <p class='ocr_par' dir='ltr' id='par_1_88' title="bbox 545 4489 2112 4561">
     <span class='ocr_line' id='line_1_88' title="bbox 545 4489 2112 4561; baseline 0 -17"><span class='ocrx_word' id='word_1_658' title='bbox 545 4500 760 4561; x_wconf 91' lang='lat' dir='ltr'><strong>poterat</strong></span> <span class='ocrx_word' id='word_1_659' title='bbox 787 4491 1008 4544; x_wconf 91' lang='lat' dir='ltr'><strong>modum</strong></span> <span class='ocrx_word' id='word_1_660' title='bbox 1057 4489 1323 4560; x_wconf 89' lang='lat' dir='ltr'><strong>implevit.</strong></span> <span class='ocrx_word' id='word_1_661' title='bbox 1348 4490 1592 4546; x_wconf 81' lang='lat' dir='ltr'><strong>Alteram</strong></span> <span class='ocrx_word' id='word_1_662' title='bbox 1643 4499 1853 4544; x_wconf 69' lang='lat' dir='ltr'><strong>naturae</strong></span> <span class='ocrx_word' id='word_1_663' title='bbox 1888 4491 2112 4544; x_wconf 85' lang='lat' dir='ltr'><strong>univer-</strong></span> 
     </span>
    </p>
   </div>
   <div class='ocr_carea' id='block_1_89' title="bbox 548 4581 2108 4648">
    <p class='ocr_par' dir='ltr' id='par_1_89' title="bbox 548 4581 2108 4648">
     <span class='ocr_line' id='line_1_89' title="bbox 548 4581 2108 4648; baseline -0.001 -11"><span class='ocrx_word' id='word_1_664' title='bbox 548 4598 647 4648; x_wconf 69' lang='lat' dir='ltr'><strong>sae,</strong></span> <span class='ocrx_word' id='word_1_665' title='bbox 683 4582 739 4636; x_wconf 92' lang='lat' dir='ltr'><strong>in</strong></span> <span class='ocrx_word' id='word_1_666' title='bbox 782 4584 1182 4637; x_wconf 89' lang='lat' dir='ltr'><strong>resurrectione</strong></span> <span class='ocrx_word' id='word_1_667' title='bbox 1243 4598 1258 4635; x_wconf 90' lang='lat'><strong>:</strong></span> <span class='ocrx_word' id='word_1_668' title='bbox 1309 4583 1712 4638; x_wconf 85' lang='lat' dir='ltr'><strong>restitutionem</strong></span> <span class='ocrx_word' id='word_1_669' title='bbox 1766 4581 1984 4637; x_wconf 90' lang='lat' dir='ltr'><strong>scilicet</strong></span> <span class='ocrx_word' id='word_1_670' title='bbox 2051 4582 2108 4636; x_wconf 95' lang='lat' dir='ltr'><strong>in</strong></span> 
     </span>
    </p>
   </div>
   <div class='ocr_carea' id='block_1_90' title="bbox 549 4671 2110 4745">
    <p class='ocr_par' dir='ltr' id='par_1_90' title="bbox 549 4671 2110 4745">
     <span class='ocr_line' id='line_1_90' title="bbox 549 4671 2110 4745; baseline -0.002 -16"><span class='ocrx_word' id='word_1_671' title='bbox 549 4674 1122 4745; x_wconf 87' lang='lat' dir='ltr'><strong>incorruptibilitatem</strong></span> <span class='ocrx_word' id='word_1_672' title='bbox 1171 4682 1228 4728; x_wconf 93' lang='lat' dir='ltr'><strong>et</strong></span> <span class='ocrx_word' id='word_1_673' title='bbox 1285 4674 1778 4728; x_wconf 84' lang='lat' dir='ltr'><strong>immortalitatem.</strong></span> <span class='ocrx_word' id='word_1_674' title='bbox 1848 4671 2110 4737; x_wconf 86' lang='lat' dir='ltr'><strong>Tertiam,</strong></span> 
     </span>
    </p>
   </div>
   <div class='ocr_carea' id='block_1_91' title="bbox 551 4763 2113 4836">
    <p class='ocr_par' dir='ltr' id='par_1_91' title="bbox 551 4763 2113 4836">
     <span class='ocr_line' id='line_1_91' title="bbox 551 4763 2113 4836; baseline -0.001 -15"><span class='ocrx_word' id='word_1_675' title='bbox 551 4782 660 4836; x_wconf 87' lang='lat' dir='ltr'><strong>qua</strong></span> <span class='ocrx_word' id='word_1_676' title='bbox 687 4766 1027 4836; x_wconf 82' lang='lat' dir='ltr'><strong>frequentius</strong></span> <span class='ocrx_word' id='word_1_677' title='bbox 1048 4765 1219 4820; x_wconf 89' lang='lat' dir='ltr'><strong>utitur</strong></span> <span class='ocrx_word' id='word_1_678' title='bbox 1254 4774 1476 4820; x_wconf 89' lang='lat' dir='ltr'><strong>sanctus</strong></span> <span class='ocrx_word' id='word_1_679' title='bbox 1510 4764 1806 4835; x_wconf 76' lang='lat' dir='ltr'><strong>Gregorius</strong></span> <span class='ocrx_word' id='word_1_680' title='bbox 1832 4763 2113 4834; x_wconf 86' lang='lat' dir='ltr'><strong>Nysseuus</strong></span> 
     </span>
    </p>
   </div>
   <div class='ocr_carea' id='block_1_92' title="bbox 553 4857 2114 4927">
    <p class='ocr_par' dir='ltr' id='par_1_92' title="bbox 553 4857 2114 4927">
     <span class='ocr_line' id='line_1_92' title="bbox 553 4857 2114 4927; baseline -0.001 -13"><span class='ocrx_word' id='word_1_681' title='bbox 553 4859 995 4914; x_wconf 84' lang='lat' dir='ltr'><strong>in-Sermonibus</strong></span> <span class='ocrx_word' id='word_1_682' title='bbox 1026 4859 1144 4913; x_wconf 88' lang='lat' dir='ltr'><strong>suis</strong></span> <span class='ocrx_word' id='word_1_683' title='bbox 1170 4857 1215 4890; x_wconf 76' lang='lat'><strong>&#39;°</strong></span> <span class='ocrx_word' id='word_1_684' title='bbox 1237 4875 1253 4911; x_wconf 89' lang='lat'><strong>:</strong></span> <span class='ocrx_word' id='word_1_685' title='bbox 1277 4873 1373 4926; x_wconf 91' lang='lat' dir='ltr'><strong>per</strong></span> <span class='ocrx_word' id='word_1_686' title='bbox 1410 4872 1572 4927; x_wconf 90' lang='lat' dir='ltr'><strong>quam</strong></span> <span class='ocrx_word' id='word_1_687' title='bbox 1599 4857 1798 4912; x_wconf 75' lang='lat' dir='ltr'><strong>animae</strong></span> <span class='ocrx_word' id='word_1_688' title='bbox 1825 4857 2114 4912; x_wconf 80' lang='lat' dir='ltr'><strong>facultates</strong></span> 
     </span>
    </p>
   </div>
   <div class='ocr_carea' id='block_1_93' title="bbox 553 4950 2116 5022">
    <p class='ocr_par' dir='ltr' id='par_1_93' title="bbox 553 4950 2116 5022">
     <span class='ocr_line' id='line_1_93' title="bbox 553 4950 2116 5022; baseline -0.002 -15"><span class='ocrx_word' id='word_1_689' title='bbox 553 4967 650 5022; x_wconf 90' lang='lat' dir='ltr'><strong>per</strong></span> <span class='ocrx_word' id='word_1_690' title='bbox 678 4963 962 5022; x_wconf 88' lang='lat' dir='ltr'><strong>peccatum</strong></span> <span class='ocrx_word' id='word_1_691' title='bbox 994 4951 1265 5020; x_wconf 69' lang='lat' dir='ltr'><strong>collapsas,</strong></span> <span class='ocrx_word' id='word_1_692' title='bbox 1289 4950 1342 5003; x_wconf 90' lang='lat' dir='ltr'><strong>in</strong></span> <span class='ocrx_word' id='word_1_693' title='bbox 1361 4965 1486 5004; x_wconf 91' lang='lat' dir='ltr'><strong>eum</strong></span> <span class='ocrx_word' id='word_1_694' title='bbox 1521 4965 1718 5004; x_wconf 86' lang='lat' dir='ltr'><strong>rursus</strong></span> <span class='ocrx_word' id='word_1_695' title='bbox 1748 4958 1950 5004; x_wconf 87' lang='lat' dir='ltr'><strong>statum</strong></span> <span class='ocrx_word' id='word_1_696' title='bbox 2005 4964 2116 5020; x_wconf 91' lang='lat' dir='ltr'><strong>quo</strong></span> 
     </span>
    </p>
   </div>
   <div class='ocr_carea' id='block_1_94' title="bbox 554 5040 2116 5100">
    <p class='ocr_par' dir='ltr' id='par_1_94' title="bbox 554 5040 2116 5100">
     <span class='ocr_line' id='line_1_94' title="bbox 554 5040 2116 5100; baseline -0.001 -3"><span class='ocrx_word' id='word_1_697' title='bbox 554 5043 790 5098; x_wconf 70' lang='lat' dir='ltr'><strong>conditae</strong></span> <span class='ocrx_word' id='word_1_698' title='bbox 837 5051 1001 5100; x_wconf 82' lang='lat' dir='ltr'><strong>sunt.</strong></span> <span class='ocrx_word' id='word_1_699' title='bbox 1041 5042 1416 5098; x_wconf 90' lang='lat' dir='ltr'><strong>restituentur.</strong></span> <span class='ocrx_word' id='word_1_700' title='bbox 1461 5040 1618 5095; x_wconf 88' lang='lat' dir='ltr'><strong>Sicut</strong></span> <span class='ocrx_word' id='word_1_701' title='bbox 1657 5043 1806 5095; x_wconf 91' lang='lat' dir='ltr'><strong>enim</strong></span> <span class='ocrx_word' id='word_1_702' title='bbox 1856 5041 2116 5096; x_wconf 88' lang='lat' dir='ltr'><strong>universa</strong></span> 
     </span>
    </p>
   </div>
   <div class='ocr_carea' id='block_1_95' title="bbox 560 5129 2118 5200">
    <p class='ocr_par' dir='ltr' id='par_1_95' title="bbox 560 5129 2118 5200">
     <span class='ocr_line' id='line_1_95' title="bbox 560 5129 2118 5200; baseline 0.001 -16"><span class='ocrx_word' id='word_1_703' title='bbox 560 5141 758 5185; x_wconf 88' lang='lat' dir='ltr'><strong>natura</strong></span> <span class='ocrx_word' id='word_1_704' title='bbox 797 5132 853 5186; x_wconf 87' lang='lat' dir='ltr'><strong>in</strong></span> <span class='ocrx_word' id='word_1_705' title='bbox 892 5132 1330 5193; x_wconf 89' lang='lat' dir='ltr'><strong>resurrectione,</strong></span> <span class='ocrx_word' id='word_1_706' title='bbox 1366 5129 1936 5200; x_wconf 63' lang='lat' dir='ltr'><strong>incorrup&#39;tibilitatem</strong></span> <span class='ocrx_word' id='word_1_707' title='bbox 1992 5145 2118 5185; x_wconf 88' lang='lat' dir='ltr'><strong>car-</strong></span> 
     </span>
    </p>
   </div>
   <div class='ocr_carea' id='block_1_96' title="bbox 560 5223 2126 5294">
    <p class='ocr_par' dir='ltr' id='par_1_96' title="bbox 560 5223 2126 5294">
     <span class='ocr_line' id='line_1_96' title="bbox 560 5223 2126 5294; baseline 0 -18"><span class='ocrx_word' id='word_1_708' title='bbox 560 5226 646 5280; x_wconf 87' lang='lat' dir='ltr'><strong>nis</strong></span> <span class='ocrx_word' id='word_1_709' title='bbox 695 5225 791 5279; x_wconf 92' lang='lat' dir='ltr'><strong>diu</strong></span> <span class='ocrx_word' id='word_1_710' title='bbox 838 5232 1112 5294; x_wconf 89' lang='lat' dir='ltr'><strong>speratam</strong></span> <span class='ocrx_word' id='word_1_711' title='bbox 1146 5223 1411 5292; x_wconf 89' lang='lat' dir='ltr'><strong>recipiet;</strong></span> <span class='ocrx_word' id='word_1_712' title='bbox 1447 5223 1524 5276; x_wconf 91' lang='lat' dir='ltr'><strong>ita</strong></span> <span class='ocrx_word' id='word_1_713' title='bbox 1557 5232 1612 5277; x_wconf 90' lang='lat' dir='ltr'><strong>et</strong></span> <span class='ocrx_word' id='word_1_714' title='bbox 1642 5223 1880 5277; x_wconf 88' lang='lat' dir='ltr'><strong>animam</strong></span> <span class='ocrx_word' id='word_1_715' title='bbox 1910 5230 2126 5291; x_wconf 91' lang='lat' dir='ltr'><strong>oportet</strong></span> 
     </span>
    </p>
   </div>
   <div class='ocr_carea' id='block_1_97' title="bbox 562 5314 2126 5388">
    <p class='ocr_par' dir='ltr' id='par_1_97' title="bbox 562 5314 2126 5388">
     <span class='ocr_line' id='line_1_97' title="bbox 562 5314 2126 5388; baseline -0.001 -16"><span class='ocrx_word' id='word_1_716' title='bbox 562 5316 849 5373; x_wconf 74' lang='lat' dir='ltr'><strong>facultates</strong></span> <span class='ocrx_word' id='word_1_717' title='bbox 875 5333 998 5386; x_wconf 69' lang='lat' dir='ltr'><strong>quae</strong></span> <span class='ocrx_word' id='word_1_718' title='bbox 1020 5316 1185 5388; x_wconf 75' lang='lat' dir='ltr'><strong>longa</strong></span> <span class='ocrx_word' id='word_1_719' title='bbox 1214 5317 1539 5371; x_wconf 52' lang='lat' dir='ltr'><strong>saeculorum</strong></span> <span class='ocrx_word' id='word_1_720' title='bbox 1568 5316 1857 5371; x_wconf 88' lang='lat' dir='ltr'><strong>duratione</strong></span> <span class='ocrx_word' id='word_1_721' title='bbox 1887 5314 2126 5371; x_wconf 80' lang='lat' dir='ltr'><strong>deﬂuxe-</strong></span> 
     </span>
    </p>
   </div>
   <div class='ocr_carea' id='block_1_98' title="bbox 564 5408 2124 5477">
    <p class='ocr_par' dir='ltr' id='par_1_98' title="bbox 564 5408 2124 5477">
     <span class='ocr_line' id='line_1_98' title="bbox 564 5408 2124 5477; baseline 0.001 -16"><span class='ocrx_word' id='word_1_722' title='bbox 564 5417 712 5471; x_wconf 85' lang='lat' dir='ltr'><strong>runt,</strong></span> <span class='ocrx_word' id='word_1_723' title='bbox 762 5408 1046 5477; x_wconf 87' lang='lat' dir='ltr'><strong>recipere:</strong></span> <span class='ocrx_word' id='word_1_724' title='bbox 1083 5415 1288 5463; x_wconf 89' lang='lat' dir='ltr'><strong>etcum</strong></span> <span class='ocrx_word' id='word_1_725' title='bbox 1344 5408 1543 5463; x_wconf 70' lang='lat' dir='ltr'><strong>saecula</strong></span> <span class='ocrx_word' id='word_1_726' title='bbox 1593 5408 1779 5462; x_wconf 88' lang='lat' dir='ltr'><strong>omnia</strong></span> <span class='ocrx_word' id='word_1_727' title='bbox 1828 5408 2124 5474; x_wconf 89' lang='lat' dir='ltr'><strong>transierit,</strong></span> 
     </span>
    </p>
   </div>
   <div class='ocr_carea' id='block_1_99' title="bbox 565 5499 2127 5572">
    <p class='ocr_par' dir='ltr' id='par_1_99' title="bbox 565 5499 2127 5572">
     <span class='ocr_line' id='line_1_99' title="bbox 565 5499 2127 5572; baseline -0.002 -14"><span class='ocrx_word' id='word_1_728' title='bbox 565 5515 666 5558; x_wconf 85' lang='lat' dir='ltr'><strong>nec</strong></span> <span class='ocrx_word' id='word_1_729' title='bbox 682 5508 883 5556; x_wconf 75' lang='lat' dir='ltr'><strong>statum</strong></span> <span class='ocrx_word' id='word_1_730' title='bbox 901 5501 1194 5567; x_wconf 88' lang='lat' dir='ltr'><strong>invenerit,</strong></span> <span class='ocrx_word' id='word_1_731' title='bbox 1218 5501 1287 5556; x_wconf 90' lang='lat' dir='ltr'><strong>ad</strong></span> <span class='ocrx_word' id='word_1_732' title='bbox 1309 5499 1479 5556; x_wconf 90' lang='lat' dir='ltr'><strong>Deum</strong></span> <span class='ocrx_word' id='word_1_733' title='bbox 1512 5501 1695 5556; x_wconf 89' lang='lat' dir='ltr'><strong>venire</strong></span> <span class='ocrx_word' id='word_1_734' title='bbox 1721 5501 1815 5572; x_wconf 91' lang='lat' dir='ltr'><strong>qui</strong></span> <span class='ocrx_word' id='word_1_735' title='bbox 1831 5500 1990 5556; x_wconf 83' lang='lat' dir='ltr'><strong>ﬁdem</strong></span> <span class='ocrx_word' id='word_1_736' title='bbox 2016 5516 2127 5557; x_wconf 91' lang='lat' dir='ltr'><strong>non</strong></span> 
     </span>
    </p>
   </div>
   <div class='ocr_carea' id='block_1_100' title="bbox 2220 4498 3792 4570">
    <p class='ocr_par' dir='ltr' id='par_1_100' title="bbox 2220 4498 3792 4570">
     <span class='ocr_line' id='line_1_100' title="bbox 2220 4498 3792 4570; baseline 0.003 -20"><span class='ocrx_word' id='word_1_737' title='bbox 2220 4515 2408 4551; x_wconf 87' lang='grc' dir='ltr'>σταται</span> <span class='ocrx_word' id='word_1_738' title='bbox 2440 4499 2525 4551; x_wconf 82' lang='grc' dir='ltr'><strong>τὸν</strong></span> <span class='ocrx_word' id='word_1_739' title='bbox 2556 4500 2639 4552; x_wconf 78' lang='grc' dir='ltr'>ἐπ’</span> <span class='ocrx_word' id='word_1_740' title='bbox 2670 4499 2815 4569; x_wconf 80' lang='grc' dir='ltr'>αὐτῷ</span> <span class='ocrx_word' id='word_1_741' title='bbox 2834 4499 2989 4566; x_wconf 84' lang='grc' dir='ltr'>λόγον</span> <span class='ocrx_word' id='word_1_742' title='bbox 3017 4501 3116 4567; x_wconf 81' lang='grc' dir='ltr'>τῆς</span> <span class='ocrx_word' id='word_1_743' title='bbox 3155 4499 3352 4570; x_wconf 81' lang='grc' dir='ltr'>ἀρετῆς</span> <span class='ocrx_word' id='word_1_744' title='bbox 3394 4498 3792 4570; x_wconf 76' lang='grc' dir='ltr'>ἐκπληρώσας.</span> 
     </span>
    </p>
   </div>
   <div class='ocr_carea' id='block_1_101' title="bbox 2219 4589 3795 4662">
    <p class='ocr_par' dir='ltr' id='par_1_101' title="bbox 2219 4589 3795 4662">
     <span class='ocr_line' id='line_1_101' title="bbox 2219 4589 3795 4662; baseline 0.003 -20"><span class='ocrx_word' id='word_1_745' title='bbox 2219 4589 2486 4659; x_wconf 79' lang='grc' dir='ltr'>Δευτέραν</span> <span class='ocrx_word' id='word_1_746' title='bbox 2511 4589 2567 4644; x_wconf 81' lang='grc' dir='ltr'>δὲ</span> <span class='ocrx_word' id='word_1_747' title='bbox 2599 4591 2696 4659; x_wconf 86' lang='grc' dir='ltr'>τῆς</span> <span class='ocrx_word' id='word_1_748' title='bbox 2717 4590 2844 4661; x_wconf 85' lang='grc' dir='ltr'>ὅλης</span> <span class='ocrx_word' id='word_1_749' title='bbox 2877 4590 3092 4659; x_wconf 85' lang='grc' dir='ltr'>φύσεως</span> <span class='ocrx_word' id='word_1_750' title='bbox 3114 4594 3180 4662; x_wconf 82' lang='grc' dir='ltr'>τῇ</span> <span class='ocrx_word' id='word_1_751' title='bbox 3208 4591 3501 4646; x_wconf 76' lang='grc' dir='ltr'>ἀναστάσει</span> <span class='ocrx_word' id='word_1_752' title='bbox 3523 4605 3539 4621; x_wconf 79' lang='grc' dir='ltr'><strong>ο</strong></span> <span class='ocrx_word' id='word_1_753' title='bbox 3568 4591 3672 4662; x_wconf 82' lang='grc' dir='ltr'>τὴν</span> <span class='ocrx_word' id='word_1_754' title='bbox 3711 4596 3795 4656; x_wconf 82' lang='grc' dir='ltr'><strong>είς</strong></span> 
     </span>
    </p>
   </div>
   <div class='ocr_carea' id='block_1_102' title="bbox 2219 4682 3795 4755">
    <p class='ocr_par' dir='ltr' id='par_1_102' title="bbox 2219 4682 3795 4755">
     <span class='ocr_line' id='line_1_102' title="bbox 2219 4682 3795 4755; baseline 0.001 -20"><span class='ocrx_word' id='word_1_755' title='bbox 2219 4682 2524 4753; x_wconf 82' lang='grc' dir='ltr'>ἀφθαρσίαν</span> <span class='ocrx_word' id='word_1_756' title='bbox 2575 4683 2671 4736; x_wconf 77' lang='grc' dir='ltr'><strong>καὶ</strong></span> <span class='ocrx_word' id='word_1_757' title='bbox 2719 4682 3016 4736; x_wconf 81' lang='grc' dir='ltr'>ἀθανασίαν</span> <span class='ocrx_word' id='word_1_758' title='bbox 3065 4683 3530 4736; x_wconf 84' lang='grc' dir='ltr'>ἀποκατάστασιν.</span> <span class='ocrx_word' id='word_1_759' title='bbox 3581 4683 3795 4755; x_wconf 86' lang='grc' dir='ltr'>Τρίτην</span> 
     </span>
    </p>
   </div>
   <div class='ocr_carea' id='block_1_103' title="bbox 2219 4768 3797 4848">
    <p class='ocr_par' dir='ltr' id='par_1_103' title="bbox 2219 4768 3797 4848">
     <span class='ocr_line' id='line_1_103' title="bbox 2219 4768 3797 4848; baseline 0.001 -22"><span class='ocrx_word' id='word_1_760' title='bbox 2219 4773 2298 4837; x_wconf 85' lang='grc' dir='ltr'><strong>δὲ,</strong></span> <span class='ocrx_word' id='word_1_761' title='bbox 2417 4775 2509 4826; x_wconf 73' lang='grc' dir='ltr'><strong>καὶ</strong></span> <span class='ocrx_word' id='word_1_762' title='bbox 2556 4774 2755 4844; x_wconf 79' lang='grc' dir='ltr'>μᾶλλον</span> <span class='ocrx_word' id='word_1_763' title='bbox 2793 4774 3200 4844; x_wconf 81' lang='grc' dir='ltr'>κατακέχρηται</span> <span class='ocrx_word' id='word_1_764' title='bbox 3230 4775 3287 4826; x_wconf 88' lang='grc' dir='ltr'><strong>ἐν</strong></span> <span class='ocrx_word' id='word_1_765' title='bbox 3316 4775 3428 4837; x_wconf 81' lang='grc' dir='ltr'>τοῖς</span> <span class='ocrx_word' id='word_1_766' title='bbox 3461 4775 3661 4828; x_wconf 82' lang='grc' dir='ltr'>ἐαυτοῦ</span> <span class='ocrx_word' id='word_1_767' title='bbox 3703 4774 3797 4828; x_wconf 87' lang='grc' dir='ltr'>λό-</span> 
     </span>
    </p>
   </div>
   <div class='ocr_carea' id='block_1_104' title="bbox 2219 4865 3796 4938">
    <p class='ocr_par' dir='ltr' id='par_1_104' title="bbox 2219 4865 3796 4938">
     <span class='ocr_line' id='line_1_104' title="bbox 2219 4865 3796 4938; baseline 0 -20"><span class='ocrx_word' id='word_1_768' title='bbox 2219 4883 2337 4935; x_wconf 87' lang='grc' dir='ltr'>γοις</span> <span class='ocrx_word' id='word_1_769' title='bbox 2383 4866 2412 4918; x_wconf 84' lang='grc' dir='ltr'>ὁ</span> <span class='ocrx_word' id='word_1_770' title='bbox 2463 4868 2522 4920; x_wconf 84' lang='grc' dir='ltr'><strong>ἐν</strong></span> <span class='ocrx_word' id='word_1_771' title='bbox 2573 4865 2748 4934; x_wconf 81' lang='grc' dir='ltr'>ἁγίοις</span> <span class='ocrx_word' id='word_1_772' title='bbox 2778 4866 3074 4938; x_wconf 85' lang='grc' dir='ltr'>Γρηγόριος</span> <span class='ocrx_word' id='word_1_773' title='bbox 3111 4865 3352 4934; x_wconf 86' lang='grc' dir='ltr'>Νύσσης,</span> <span class='ocrx_word' id='word_1_774' title='bbox 3380 4867 3525 4918; x_wconf 72' lang='grc' dir='ltr'>ἐστὶν</span> <span class='ocrx_word' id='word_1_775' title='bbox 3553 4865 3725 4936; x_wconf 81' lang='grc' dir='ltr'>αὕτη,</span> <span class='ocrx_word' id='word_1_776' title='bbox 3760 4867 3796 4936; x_wconf 78' lang='grc' dir='ltr'>ἠ</span> 
     </span>
    </p>
   </div>
   <div class='ocr_carea' id='block_1_105' title="bbox 2220 4958 3796 5031">
    <p class='ocr_par' dir='ltr' id='par_1_105' title="bbox 2220 4958 3796 5031">
     <span class='ocr_line' id='line_1_105' title="bbox 2220 4958 3796 5031; baseline 0 -21"><span class='ocrx_word' id='word_1_777' title='bbox 2220 4959 2327 5011; x_wconf 86' lang='grc' dir='ltr'><strong>τῶν</strong></span> <span class='ocrx_word' id='word_1_778' title='bbox 2372 4959 2618 5029; x_wconf 81' lang='grc' dir='ltr'>ψυχικῶν</span> <span class='ocrx_word' id='word_1_779' title='bbox 2670 4961 2947 5030; x_wconf 84' lang='grc' dir='ltr'>δυνάμεων</span> <span class='ocrx_word' id='word_1_780' title='bbox 2982 4962 3047 5031; x_wconf 80' lang='grc' dir='ltr'>τῇ</span> <span class='ocrx_word' id='word_1_781' title='bbox 3086 4959 3328 5030; x_wconf 77' lang='grc' dir='ltr'>ἁμαρτίᾳ</span> <span class='ocrx_word' id='word_1_782' title='bbox 3375 4958 3796 5024; x_wconf 84' lang='grc' dir='ltr'>ὑποπεσουσῶν,</span> 
     </span>
    </p>
   </div>
   <div class='ocr_carea' id='block_1_106' title="bbox 2225 5047 3801 5122">
    <p class='ocr_par' dir='ltr' id='par_1_106' title="bbox 2225 5047 3801 5122">
     <span class='ocr_line' id='line_1_106' title="bbox 2225 5047 3801 5122; baseline 0.001 -21"><span class='ocrx_word' id='word_1_783' title='bbox 2225 5051 2304 5113; x_wconf 81' lang='grc' dir='ltr'>εἰς</span> <span class='ocrx_word' id='word_1_784' title='bbox 2337 5051 2472 5122; x_wconf 84' lang='grc' dir='ltr'>ὅπερ</span> <span class='ocrx_word' id='word_1_785' title='bbox 2501 5051 2847 5121; x_wconf 78' lang='grc' dir='ltr'>ἐκτίσθησαν,</span> <span class='ocrx_word' id='word_1_786' title='bbox 2881 5051 3040 5105; x_wconf 82' lang='grc' dir='ltr'>πάλιν</span> <span class='ocrx_word' id='word_1_787' title='bbox 3059 5051 3519 5113; x_wconf 81' lang='grc' dir='ltr'>ἀποκατάστασις.</span> <span class='ocrx_word' id='word_1_788' title='bbox 3548 5051 3645 5102; x_wconf 85' lang='grc' dir='ltr'>Δεῐ</span> <span class='ocrx_word' id='word_1_789' title='bbox 3687 5047 3801 5118; x_wconf 81' lang='grc' dir='ltr'>γάρ</span> 
     </span>
    </p>
   </div>
   <div class='ocr_carea' id='block_1_107' title="bbox 2227 5139 3802 5212">
    <p class='ocr_par' dir='ltr' id='par_1_107' title="bbox 2227 5139 3802 5212">
     <span class='ocr_line' id='line_1_107' title="bbox 2227 5139 3802 5212; baseline 0 -19"><span class='ocrx_word' id='word_1_790' title='bbox 2227 5140 2416 5210; x_wconf 86' lang='grc' dir='ltr'>ὥσπερ</span> <span class='ocrx_word' id='word_1_791' title='bbox 2443 5140 2541 5210; x_wconf 74' lang='grc' dir='ltr'>τὴν</span> <span class='ocrx_word' id='word_1_792' title='bbox 2564 5141 2689 5210; x_wconf 86' lang='grc' dir='ltr'>ὃλην</span> <span class='ocrx_word' id='word_1_793' title='bbox 2717 5140 2875 5209; x_wconf 77' lang='grc' dir='ltr'>φύσιν</span> <span class='ocrx_word' id='word_1_794' title='bbox 2897 5141 2954 5192; x_wconf 93' lang='grc' dir='ltr'><strong>ἐν</strong></span> <span class='ocrx_word' id='word_1_795' title='bbox 2986 5143 3051 5212; x_wconf 77' lang='grc' dir='ltr'>τῇ</span> <span class='ocrx_word' id='word_1_796' title='bbox 3087 5141 3377 5194; x_wconf 77' lang='grc' dir='ltr'>ἀναστάσει</span> <span class='ocrx_word' id='word_1_797' title='bbox 3400 5141 3501 5210; x_wconf 79' lang='grc' dir='ltr'>τὴν</span> <span class='ocrx_word' id='word_1_798' title='bbox 3529 5139 3629 5208; x_wconf 83' lang='grc' dir='ltr'><strong>τῆς</strong></span> <span class='ocrx_word' id='word_1_799' title='bbox 3663 5155 3802 5209; x_wconf 78' lang='grc' dir='ltr'>σαρο</span> 
     </span>
    </p>
   </div>
   <div class='ocr_carea' id='block_1_108' title="bbox 2220 5229 3803 5302">
    <p class='ocr_par' dir='ltr' id='par_1_108' title="bbox 2220 5229 3803 5302">
     <span class='ocr_line' id='line_1_108' title="bbox 2220 5229 3803 5302; baseline 0.001 -20"><span class='ocrx_word' id='word_1_800' title='bbox 2220 5229 2314 5293; x_wconf 81' lang='grc' dir='ltr'><strong>κὸς</strong></span> <span class='ocrx_word' id='word_1_801' title='bbox 2351 5229 2656 5302; x_wconf 86' lang='grc' dir='ltr'>ἀφθαρσίαν</span> <span class='ocrx_word' id='word_1_802' title='bbox 2685 5231 2860 5300; x_wconf 85' lang='grc' dir='ltr'>χρόνῳ</span> <span class='ocrx_word' id='word_1_803' title='bbox 2887 5231 3246 5302; x_wconf 75' lang='grc' dir='ltr'>ἐλπιζομένην</span> <span class='ocrx_word' id='word_1_804' title='bbox 3278 5230 3591 5285; x_wconf 81' lang='grc' dir='ltr'>ἀπολαϐεῖν·</span> <span class='ocrx_word' id='word_1_805' title='bbox 3619 5229 3803 5292; x_wconf 77' lang='grc' dir='ltr'>οὕτως</span> 
     </span>
    </p>
   </div>
   <div class='ocr_carea' id='block_1_109' title="bbox 2221 5321 3802 5394">
    <p class='ocr_par' dir='ltr' id='par_1_109' title="bbox 2221 5321 3802 5394">
     <span class='ocr_line' id='line_1_109' title="bbox 2221 5321 3802 5394; baseline 0.001 -22"><span class='ocrx_word' id='word_1_806' title='bbox 2221 5321 2317 5373; x_wconf 74' lang='grc' dir='ltr'>καὶ</span> <span class='ocrx_word' id='word_1_807' title='bbox 2363 5321 2460 5385; x_wconf 86' lang='grc' dir='ltr'>τὰς</span> <span class='ocrx_word' id='word_1_808' title='bbox 2515 5323 2970 5394; x_wconf 87' lang='grc' dir='ltr'>παρατραπείσας</span> <span class='ocrx_word' id='word_1_809' title='bbox 3030 5324 3129 5394; x_wconf 83' lang='grc' dir='ltr'>τῆς</span> <span class='ocrx_word' id='word_1_810' title='bbox 3181 5322 3358 5394; x_wconf 80' lang='grc' dir='ltr'>ψυχῆς</span> <span class='ocrx_word' id='word_1_811' title='bbox 3405 5322 3667 5391; x_wconf 77' lang='grc' dir='ltr'>δυνάμεις</span> <span class='ocrx_word' id='word_1_812' title='bbox 3731 5323 3802 5391; x_wconf 75' lang='grc' dir='ltr'>τῇ</span> 
     </span>
    </p>
   </div>
   <div class='ocr_carea' id='block_1_110' title="bbox 2225 5413 3808 5485">
    <p class='ocr_par' dir='ltr' id='par_1_110' title="bbox 2225 5413 3808 5485">
     <span class='ocr_line' id='line_1_110' title="bbox 2225 5413 3808 5485; baseline -0.002 -17"><span class='ocrx_word' id='word_1_813' title='bbox 2225 5415 2522 5485; x_wconf 87' lang='grc' dir='ltr'>παρατάσει</span> <span class='ocrx_word' id='word_1_814' title='bbox 2554 5415 2662 5467; x_wconf 88' lang='grc' dir='ltr'><strong>τῶν</strong></span> <span class='ocrx_word' id='word_1_815' title='bbox 2690 5415 2900 5468; x_wconf 81' lang='grc' dir='ltr'>αἰώνων</span> <span class='ocrx_word' id='word_1_816' title='bbox 2943 5413 3234 5469; x_wconf 80' lang='grc' dir='ltr'>ἀπολαϐεῖν</span> <span class='ocrx_word' id='word_1_817' title='bbox 3260 5429 3277 5446; x_wconf 79' lang='grc' dir='ltr'><strong>ο</strong></span> <span class='ocrx_word' id='word_1_818' title='bbox 3329 5413 3421 5467; x_wconf 77' lang='grc' dir='ltr'>καὶ</span> <span class='ocrx_word' id='word_1_819' title='bbox 3474 5415 3808 5485; x_wconf 78' lang='grc' dir='ltr'>περάσασαν</span> 
     </span>
    </p>
   </div>
   <div class='ocr_carea' id='block_1_111' title="bbox 2224 5503 3807 5579">
    <p class='ocr_par' dir='ltr' id='par_1_111' title="bbox 2224 5503 3807 5579">
     <span class='ocr_line' id='line_1_111' title="bbox 2224 5503 3807 5579; baseline 0.001 -24"><span class='ocrx_word' id='word_1_820' title='bbox 2224 5506 2349 5568; x_wconf 80' lang='grc' dir='ltr'>τοὺς</span> <span class='ocrx_word' id='word_1_821' title='bbox 2377 5505 2582 5569; x_wconf 85' lang='grc' dir='ltr'>πάντας</span> <span class='ocrx_word' id='word_1_822' title='bbox 2615 5506 2836 5572; x_wconf 81' lang='grc' dir='ltr'>αἰῶνας,</span> <span class='ocrx_word' id='word_1_823' title='bbox 2862 5508 2957 5562; x_wconf 71' lang='grc' dir='ltr'><strong>καὶ</strong></span> <span class='ocrx_word' id='word_1_824' title='bbox 2983 5506 3057 5579; x_wconf 81' lang='grc' dir='ltr'>μὴ</span> <span class='ocrx_word' id='word_1_825' title='bbox 3085 5506 3443 5576; x_wconf 79' lang='grc' dir='ltr'>εὑρίσκουσαν</span> <span class='ocrx_word' id='word_1_826' title='bbox 3469 5503 3686 5569; x_wconf 79' lang='grc' dir='ltr'>στάσιν,</span> <span class='ocrx_word' id='word_1_827' title='bbox 3724 5505 3807 5569; x_wconf 76' lang='grc' dir='ltr'><strong>είς</strong></span> 
     </span>
    </p>
   </div>
   <div class='ocr_carea' id='block_1_112' title="bbox 635 5612 2096 5692">
    <p class='ocr_par' dir='ltr' id='par_1_112' title="bbox 635 5612 2096 5684">
     <span class='ocr_line' id='line_1_112' title="bbox 635 5612 2096 5684; baseline 0.002 -16"><span class='ocrx_word' id='word_1_828' title='bbox 635 5615 680 5649; x_wconf 73' lang='grc'><strong>³⁷</strong></span> <span class='ocrx_word' id='word_1_829' title='bbox 707 5612 844 5670; x_wconf 87' lang='lat' dir='ltr'><strong>Gen.</strong></span> <span class='ocrx_word' id='word_1_830' title='bbox 872 5630 967 5682; x_wconf 78' lang='lat' dir='ltr'><strong>xu,</strong></span> <span class='ocrx_word' id='word_1_831' title='bbox 994 5614 1046 5670; x_wconf 79' lang='grc'>1.</span> <span class='ocrx_word' id='word_1_832' title='bbox 1121 5616 1170 5650; x_wconf 74' lang='grc'><strong>’⁸</strong></span> <span class='ocrx_word' id='word_1_833' title='bbox 1197 5613 1218 5670; x_wconf 91' lang='lat' dir='ltr'><strong>l</strong></span> <span class='ocrx_word' id='word_1_834' title='bbox 1246 5614 1376 5673; x_wconf 93' lang='lat' dir='ltr'><strong>Cor.</strong></span> <span class='ocrx_word' id='word_1_835' title='bbox 1406 5629 1486 5684; x_wconf 87' lang='grc' dir='ltr'>ιιι,</span> <span class='ocrx_word' id='word_1_836' title='bbox 1525 5615 1612 5671; x_wconf 73' lang='grc'><strong>15.</strong></span> <span class='ocrx_word' id='word_1_837' title='bbox 1688 5617 1735 5649; x_wconf 79' lang='grc'><strong>¹⁹</strong></span> <span class='ocrx_word' id='word_1_838' title='bbox 1773 5613 2045 5684; x_wconf 90' lang='lat' dir='ltr'><strong>tom.l,p.</strong></span> <span class='ocrx_word' id='word_1_839' title='bbox 2079 5615 2096 5671; x_wconf 79' lang='grc' dir='ltr'>Ξ</span> 
     </span>
    </p>
   </div>
   <div class='ocr_carea' id='block_1_113' title="bbox 2199 5612 3230 5692">
    <p class='ocr_par' dir='ltr' id='par_1_113' title="bbox 2199 5618 3230 5692">
     <span class='ocr_line' id='line_1_113' title="bbox 2199 5618 3230 5692; baseline 0.004 -22"><span class='ocrx_word' id='word_1_840' title='bbox 2199 5658 2204 5670; x_wconf 78' lang='grc'><strong>.</strong></span> <span class='ocrx_word' id='word_1_841' title='bbox 2268 5619 2314 5651; x_wconf 80' lang='grc' dir='ltr'><strong>³ο</strong></span> <span class='ocrx_word' id='word_1_842' title='bbox 2340 5618 2458 5687; x_wconf 86' lang='lat' dir='ltr'><strong>Lib.</strong></span> <span class='ocrx_word' id='word_1_843' title='bbox 2487 5619 2563 5674; x_wconf 80' lang='lat' dir='ltr'><strong>De</strong></span> <span class='ocrx_word' id='word_1_844' title='bbox 2592 5621 2765 5690; x_wconf 76' lang='lat' dir='ltr'><strong>opiﬁc.</strong></span> <span class='ocrx_word' id='word_1_845' title='bbox 2797 5622 2962 5686; x_wconf 57' lang='lat' dir='ltr'><strong>hortm,</strong></span> <span class='ocrx_word' id='word_1_846' title='bbox 2990 5635 3114 5692; x_wconf 87' lang='lat' dir='ltr'><strong>cap.</strong></span> <span class='ocrx_word' id='word_1_847' title='bbox 3138 5619 3230 5676; x_wconf 67' lang='grc' dir='ltr'><strong>Ἥ.</strong></span> 
     </span>
    </p>
   </div>
   <div class='ocr_carea' id='block_1_114' title="bbox 2104 5707 2330 5767">
    <p class='ocr_par' dir='ltr' id='par_1_114' title="bbox 2104 5707 2330 5767">
     <span class='ocr_line' id='line_1_114' title="bbox 2104 5707 2330 5767; baseline 0.004 -1"><span class='ocrx_word' id='word_1_848' title='bbox 2104 5707 2330 5767; x_wconf 70' lang='lat' dir='ltr'><strong>NOTAE.</strong></span> 
     </span>
    </p>
   </div>
   <div class='ocr_carea' id='block_1_115' title="bbox 639 5798 1078 5870">
    <p class='ocr_par' dir='ltr' id='par_1_115' title="bbox 639 5798 1078 5870">
     <span class='ocr_line' id='line_1_115' title="bbox 639 5798 1078 5870; baseline 0.005 -18"><span class='ocrx_word' id='word_1_849' title='bbox 639 5798 714 5870; x_wconf 68' lang='grc'><strong>(⁸)</strong></span> <span class='ocrx_word' id='word_1_850' title='bbox 750 5798 1078 5868; x_wconf 79' lang='lat' dir='ltr'><strong>Dogmatica.</strong></span> 
     </span>
    </p>
   </div>
   <div class='ocr_carea' id='block_1_116' title="bbox 2315 5803 2987 5887">
    <p class='ocr_par' dir='ltr' id='par_1_116' title="bbox 2315 5803 2987 5887">
     <span class='ocr_line' id='line_1_116' title="bbox 2315 5803 2987 5887; baseline 0.009 -24"><span class='ocrx_word' id='word_1_851' title='bbox 2315 5803 2427 5876; x_wconf 72' lang='grc'>(52)</span> <span class='ocrx_word' id='word_1_852' title='bbox 2460 5808 2517 5864; x_wconf 89' lang='lat' dir='ltr'><strong>ln</strong></span> <span class='ocrx_word' id='word_1_853' title='bbox 2546 5809 2665 5867; x_wconf 84' lang='lat' dir='ltr'><strong>cod.</strong></span> <span class='ocrx_word' id='word_1_854' title='bbox 2699 5810 2829 5887; x_wconf 73' lang='lat' dir='ltr'><strong>Reg.</strong></span> <span class='ocrx_word' id='word_1_855' title='bbox 2874 5809 2987 5876; x_wconf 66' lang='grc' dir='ltr'>ρλδι</span> 
     </span>
    </p>
   </div>
  </div>
