3934 6512
208 459 322 526 1501

1357 468 1890 532 EPISTOLARUM
1946 468 2091 530 LIB.
2137 469 2214 530 Il.

3269 465 3405 533 1502

202 577 278 627 τὸν
303 573 421 626 Θεδν
442 573 610 629 ἐλθεῖν
634 575 725 629 τὸν
754 577 829 648 μὴ
858 576 1046 647 ἔχοντα
1078 574 1251 648 πέρας
1271 594 1286 609 ο
1347 580 1440 632 καὶ
1463 577 1636 641 οὕτως
1659 580 1723 647 τῇ
1750 583 1773 639 Α

1844 577 2021 643 labet;
2057 587 2219 646 atque
2258 577 2334 630 ita
2363 590 2458 646 per
2482 576 2868 646 cognitionem,
2903 592 3008 632 non
3049 591 3144 647 per
3181 579 3404 643 partici-

203 664 478 733 ἐπιγνώσει,
528 668 590 720 οὐ
643 671 707 737 τῇ
763 669 978 737 μεθέξει
1005 669 1112 721 τῶν
1151 669 1388 737 ἀγαθῶν,
1439 670 1728 723 ἀπολαϐεῖν

1844 668 2099 736 pationem
2136 669 2404 722 bonorum
2428 706 2444 733 ,
2471 669 2708 737 recipere
2762 668 3070 733 facultates,
3101 677 3155 724 et
3187 670 3239 722 in
3276 670 3418 738 pri--

203 755 285 817 τὰς
307 756 566 826 δυνάμεις,
598 758 692 810 καὶ
719 759 800 821 είς
823 759 884 812 τὸ
932 761 1158 830 ἀρχαῖον
1192 763 1726 831 ἀποκατασταθῆναι,

1830 759 2032 813 stinum
2052 761 2273 814 .restitui
2297 769 2383 826 ,et
2404 760 2582 829 palam
2616 759 2732 814 ﬁeri
2755 761 2901 830 quod
2927 761 3159 816 Creator
3195 759 3405 831 peccati

204 847 284 900 καὶ
312 847 378 919 μὴ
407 849 679 920 δειχθῆναι
720 851 810 904 τὸν
837 852 1179 922 Δημιουργδν
1208 853 1378 907 αἴτιον
1409 854 1506 924 τῆς
1549 855 1732 925 ἀμαρ-

1844 859 2020 906 auctor
2041 867 2150 906 non
2182 852 2275 906 sit.

202 933 323 998 τίας.

260 1027 412 1082 Οὐδὲν
421 1023 510 1083 οὖν
527 1022 711 1100 ἕτερόν
727 1034 875 1086 ἐστιν
893 1033 1070 1105 [abeSt
1090 1037 1142 1088 in
1157 1037 1277 1091 cod.
1297 1035 1428 1106 Reg.
1445 1037 1633 1108 ἕτερόν
1653 1041 1736 1092 ὲσ-

200 1118 293 1191 τιν]
307 1121 336 1190 ἡ
348 1122 492 1191 τρίτη
507 1123 950 1189 ἀποκατάστασις
971 1142 986 1158 ο
1007 1129 1257 1199 περὶγὰρ
1277 1129 1387 1181 τοῖν
1404 1130 1547 1182 δυοῖν
1561 1132 1664 1183 ἀνα
1673 1149 1737 1200 μ-

199 1211 442 1280 φίλεκτον⁶
463 1213 492 1284 ἢ
518 1215 652 1285 ὅπερ
679 1215 1092 1286 δεδογμάτισται
1107 1219 1185 1288 τῷ
1217 1219 1539 1290 Ἀποστόλῳ,
1561 1221 1656 1274 τοῦ
1676 1222 1736 1274 τὸ

201 1304 540 1374 ἁμαρτητικὸν
572 1306 732 1374 ἔργον
778 1310 1139 1380 κατακαῆναι,
1172 1312 1264 1365 καὶ
1294 1313 1386 1365 τὸν
1416 1315 1735 1385 πεπραχότα

200 1394 410 1463 σωθῆναι
455 1397 864 1452 ἀκατάκαυστον
896 1417 911 1431 ο
942 1401 1113 1466 οὕτως
1140 1404 1196 1456 δὲ
1224 1405 1299 1467 ὡς
1347 1410 1406 1459 οὐ
1439 1406 1738 1478 μετέχοντα

198 1484 291 1536 τῶν
315 1486 541 1554 ἀγαθῶν,
576 1490 691 1543 ἀλλ’
715 1490 1144 1560 ὲπιγινώσκοντα
1200 1495 1299 1564 τὴν
1351 1495 1610 1567 στέρησιν
1637 1498 1738 1566 τῆς

200 1576 465 1647 μεθέξεως.
489 1583 600 1634 Καὶ
631 1582 777 1652 μάλα
803 1585 1026 1648 εἰκότως
1051 1588 1265 1660 εῐρηται
1306 1589 1383 1658 τῷ
1408 1588 1583 1660 Πατρί
1600 1607 1615 1621 ο
1643 1590 1738 1644 καὶ

203 1669 264 1739 μὴ
305 1669 571 1739 δειχθῆναι
604 1675 694 1727 τὸν
726 1678 1067 1747 Δημιουργδν
1109 1677 1279 1730 αἴτιον
1306 1680 1406 1748 τῆς
1439 1681 1736 1752 ἁμαρτίας.

203 1762 259 1812 '0
285 1760 377 1831 μὲν
407 1765 514 1834 γὰρ
561 1767 712 1836 παρά
744 1767 898 1832 Θεοῦ,
943 1770 1108 1838 ῆγουν
1139 1771 1172 1840 ἡ
1215 1771 1336 1824 καθ’
1361 1773 1508 1841 ἡμᾶς
1553 1773 1736 1841 φύσις,

195 1847 261 1911 ὡς
307 1849 366 1903 ὲκ
415 1853 508 1905 τοῦ
561 1853 712 1918 ὄντος
765 1858 1126 1927 παραχθεῖσα,
1173 1860 1442 1924 ἀνάλωτος
1493 1859 1569 1930 τῷ
1605 1864 1740 1932 πυρὶ

197 1942 387 2012 ἐκείνῳ.
424 1947 488 1999 '0
518 1947 573 1998 δὲ
606 1948 704 1999 οὐκ
729 1951 794 2002 ἐκ
817 1918 971 2016 Geo-6',
1009 1918 1126 2019 ἦτοι
1157 1953 1190 2022 ἡ
1221 1918 1484 2021 ἁμαρτία,
1510 1918 1646 2006 ἀλλά
1670 1918 1736 2024 τῇ
1773 1918 1814 1975 Β

194 2031 276 2084 τοῦ
317 2035 616 2105 πράξαντος
639 2038 1100 2112 δημιουργηθεῖσα
1135 2044 1468 2112 προαιρέσει⁸
1488 2045 1564 2107 ὼς
1593 2044 1655 2097 οὔ
1688 2062 1740 2098 τι

195 2123 289 2177 τῶν
341 2127 506 2181 ὄντων
563 2125 718 2196 οὖσα,
778 2131 912 2186 ἀλλά
977 2135 1383 2203 παρυφιστᾶσα,
1443 2135 1738 2205 οίχήσεται,

195 2217 551 2284 ἁκατάτακτος
593 2218 731 2276 οὖσα
757 2226 869 2286 τοῖς
898 2221 1066 2278 οὖσιν.
1112 2224 1297 2286 Οὕτως
1321 2225 1434 2290 οὖν,
1469 2228 1571 2280 κᾶν
1605 2229 1740 2299 μήτε

196 2305 471 2378 Γρηγόριος
523 2312 551 2362 ό
587 2310 892 2382 Νυσσαευς,
919 2311 1022 2363 κᾶν
1052 2312 1190 2380 μήτε
1217 2310 1468 2382 Μάξιμος
1495 2313 1524 2365 ό
1555 2312 1742 2382 Πατὴρ

195 2395 322 2464 λέγοι
350 2415 364 2428 ο
393 2400 530 2452 ἀλλά
572 2417 637 2468 γε
674 2401 704 2452 ό
735 2379 907 2470 μέγας
959 2379 1277 2466 Ἀπόστολος
1303 2379 1603 2472 ἀπέφησεν,
1661 2379 1742 2457 ὅτι

193 2487 398 2559 ἀμειψις
426 2491 685 2562 διάπυρος
731 2492 815 2562 εἴη
866 2493 962 2561 τῆς
996 2493 1273 2564 ἁμαρτίας
1293 2511 1307 2527 ο
1356 2497 1389 2565 ἠ
1419 2495 1475 2547 δὲ
1506 2494 1742 2564 ἔμφασίς

195 2582 323 2634 ἐστιν
369 2585 886 2648 ἀποκαταστάσεως,
919 2585 996 2648 ὡς
1023 2586 1237 2658 εῐρηται
1282 2586 1360 2658 τῷ
1390 2588 1589 2658 Πατρὶ,
1636 2590 1740 2641 οὐκ

204 2671 619 2746 Ὦριγενιαστική
646 2691 658 2704 ·
690 2677 871 2744 ἄπαγε
901 2694 915 2708 ·
939 2677 1164 2748 οὐδεμία
1184 2679 1293 2749 γὰρ
1317 2680 1568 2733 κοινωνία
1604 2681 1743 2748 φωτὶ

193 2766 314 2835 πρὸς
344 2770 534 2832 σκότος
565 2786 579 2799 ·
626 2769 750 2823 οὐδὲ
805 2770 1161 2842 συμφώνησις
1191 2772 1367 2838 ἁγίοις
1413 2774 1550 2841 πρὸς
1577 2775 1740 2843 αίρε-

193 2857 400 2929 σιάρχας
427 2877 444 2892 ο
493 2861 633 2931 πρὸς
677 2861 771 2926 οὓς
825 2863 1310 2935 σφετεριζομένους
1362 2864 1431 2918 τά
1476 2865 1569 2918 τοῦ
1603 2866 1744 2919 θειο-

191 2946 334 3000 τάτου
390 2950 695 3022 Γρηγορίου
760 2954 879 3024 ίερά
935 2954 1199 3023 δόγματα,
1260 2956 1396 3023 πρὸς
1449 2957 1548 3026 τὴν
1594 2957 1742 3025 σφῶν

193 3039 484 3106 κακόνοιαν,
539 3046 635 3097 καὶ
687 3046 720 3115 ἡ
767 3045 1053 3109 ἀνόθευτος
1109 3049 1202 3098 καὶ
1254 3048 1282 3099 ό
1331 3047 1740 3118 κλεπτέλεγχος,

191 3129 291 3182 ἀλλ’
315 3133 411 3187 οὐκ
456 3136 545 3187 ἐπ’
575 3137 853 3208 ἀνατροπῇ
883 3138 991 3191 τῶν
1039 3140 1477 3209 προειρημένων;
1505 3140 1580 3204 ὠς
1615 3143 1744 3212 ἡμῖν

194 3219 434 3317 φαίνοιτο.
469 3223 534 3275 Εἰ
565 3223 620 3317 δέ
668 3242 721 3278 τι
770 3226 1067 3296 βαθύτερον
1097 3226 1407 3299 ὲξευρεθείη
1453 3230 1531 3298 τῷ
1577 3231 1742 3297 ἀγιω-
1769 3260 1810 3317 c

191 3309 319 3380 τάτῳ
358 3315 750 3389 μητροπολίτῃ,
807 3318 1152 3388 ἀκουσόμεθα
1217 3320 1399 3376 πάλιν.
1441 3323 1592 3375 Ἐπεὶ
1649 3325 1742 3375 καὶ

191 3400 218 3449 ὁ
265 3402 551 3471 ἱερώτατος
603 3409 761 3478 ἡμῶν
820 3411 1166 3482 πατριάρχης
1217 3414 1471 3483 ἀκηκοως
1525 3415 1591 3467 τὰ
1657 3414 1744 3466 λε-

1905 1045 2064 1102 Aliud
2096 1045 2260 1114 igitur
2311 1046 2451 1100 nihil
2486 1055 2570 1101 est
2607 1046 2768 1100 tertia
2814 1044 3095 1101 restitutio
3132 1060 3148 1097 :
3181 1045 3249 1099 de
3282 1043 3405 1098 aliis

1836 1139 1982 1194 enim
2019 1139 2229 1192 duabus
2268 1153 2377 1190 non
2422 1146 2506 1191 est
2536 1136 2805 1191 dubitatio
2863 1152 3027 1207 quam
3075 1138 3223 1207 quod
3254 1138 3406 1205 Apo-

1837 1228 2010 1282 stolus
2029 1227 2230 1290 docuit,
2260 1241 2399 1296 Opus
2421 1227 2627 1295 peccati
2662 1226 2856 1280 ardere
2876 1267 2890 1292 ,
2923 1226 3073 1279 illum
3099 1234 3276 1279 autem
3310 1225 3404 1294 qui

1840 1318 1998 1382 fecit,
2029 1318 2236 1373 servari
2271 1317 2677 1371 incombustum
2722 1335 2736 1371 :
2777 1318 2858 1372 sic
2901 1327 3084 1372 autem
3144 1324 3403 1386 tanquam

1839 1410 1932 1480 qui
1959 1424 2065 1463 non
2093 1409 2163 1464 sit
2196 1409 2466 1477 particeps
2497 1409 2764 1462 bonorum
2791 1446 2806 1470 ,
2848 1407 2942 1463 sed
2971 1407 3405 1476 participationis

1841 1501 2194 1571 privationem
2235 1508 2515 1568 agnoscat.
2563 1499 2825 1569 Apposite
2888 1514 3019 1553 vero
3063 1514 3094 1552 a
3133 1497 3293 1552 Patre
3321 1499 3405 1552 di-

1840 1602 1988 1648 ctum
2019 1602 2135 1655 est,
2184 1607 2360 1662 neque
2389 1591 2601 1645 ostendi
2634 1591 2778 1660 quod
2822 1589 3048 1645 Creator
3100 1591 3172 1644 sit
3213 1599 3408 1646 auctor

1843 1683 2067 1750 peccati.
2093 1680 2242 1746 Quod
2268 1681 2413 1734 enim
2439 1697 2468 1732 a
2499 1680 2606 1734 Deo
2637 1691 2755 1745 est,
2787 1679 3000 1733 scilicet
3071 1687 3265 1733 natura
3301 1694 3407 1733 no-

1842 1779 1955 1825 stra
1989 1787 2054 1824 ex
2090 1772 2260 1824 nihilo
2289 1772 2548 1840 producta
2570 1809 2585 1834 ,
2635 1771 2757 1839 igne
2790 1770 2882 1824 illo
2916 1772 3166 1824 consumi
3197 1770 3406 1840 nequit.

1843 1863 1999 1929 Quod
2027 1878 2155 1918 vero
2183 1877 2289 1916 non
2321 1870 2406 1916 est
2437 1877 2466 1915 a
2500 1860 2647 1928 Deo,
2702 1873 2986 1930 peccatum
3036 1861 3281 1926 scilicet,
3311 1859 3407 1914 sed

1845 1954 1991 2007 illius
2008 1955 2100 2022 qui
2119 1953 2399 2007 commisit
2422 1993 2437 2016 ,
2463 1955 2682 2021 propria
2707 1951 2987 2005 voluntate
3007 1951 3260 2006 eﬂ'ectum
3283 1958 3404 2016 est;

1843 2046 2043 2116 quippe
2075 2046 2219 2115 quod
2247 2045 2384 2099 nihil
2411 2053 2496 2099 est
2521 2059 2713 2098 eorum
2753 2059 2873 2113 quac
2903 2052 3035 2098 sunt
3061 2082 3075 2107 ,
3112 2043 3205 2098 sed
3234 2043 3408 2098 inhae-

1844 2148 1954 2202 ret;
1989 2138 2295 2199 exolescet,
2331 2150 2435 2188 non
2476 2136 2664 2188 valens
2689 2135 2742 2187 in
2775 2149 2966 2189 eorum
2994 2147 3116 2203 qua:
3147 2143 3276 2189 sunt
3305 2149 3401 2188 or-

1842 2228 1968 2281 dine
2000 2228 2319 2281 consistere.
2348 2224 2437 2280 Sic
2459 2226 2626 2295 igitur
2649 2264 2663 2288 ,
2710 2225 2964 2293 quamvis
3000 2240 3173 2295 neque
3200 2223 3408 2294 Grego-

1842 2319 1957 2373 rius
2022 2316 2329 2388 Nyssenus,
2391 2332 2565 2386 neque
2619 2315 2888 2372 Maximus
2945 2316 3107 2371 Pater
3169 2317 3406 2383 diceret;

1843 2418 2078 2462 attamen
2113 2423 2341 2477 magnus
2361 2408 2659 2476 Apostolus
2688 2408 3105 2477 pronuntiavit,
3140 2408 3283 2476 quod
3314 2423 3412 2477 per

1843 2501 2020 2569 ignem
2065 2501 2155 2555 ﬁat
2187 2501 2420 2555 vindicta
2459 2501 2752 2570 peccati".
2787 2516 2907 2570 quae
2930 2501 3293 2556 restitutionis
3325 2509 3412 2556 est

1839 2609 2099 2663 expressa
2159 2595 2525 2663 signiﬁcatio,
2579 2593 2723 2648 sicut
2765 2608 2797 2647 a
2846 2591 3013 2647 Patre
3067 2593 3272 2647 dictum
3325 2599 3411 2646 est

1843 2694 1983 2754 (non
2041 2684 2408 2756 Origeniana,
2465 2684 2608 2739 absit
2648 2702 2662 2738 :
2701 2685 2846 2738 nulla
2895 2684 3042 2737 enim
3090 2683 3409 2738 communio

1841 2777 1950 2831 luci
1975 2790 2098 2830 cum
2132 2777 2406 2838 tenebris,
2471 2789 2649 2842 neque
2699 2775 2904 2828 sanctis
2939 2773 3234 2828 consensio
3283 2787 3408 2825 cum

1843 2866 2325 2936 haeresiarchis”),
2364 2876 2418 2921 et
2466 2869 2731 2919 adversus
2778 2880 2876 2919 eos
2934 2865 3029 2934 qui
3081 2863 3412 2918 divinissimi

1843 2960 2094 3031 Gregorii
2131 2973 2288 3013 sacra
2310 2959 2562 3026 dogmata
2598 2956 2704 3010 sibi
2750 2956 3032 3010 vindicant
3063 2971 3159 3025 per
3183 2970 3411 3026 pravam

1843 3063 1998 3109 suam
2049 3046 2463 3117 intelligentiam
2516 3060 2775 3113 germana
2842 3046 3261 3116 interpretatio,
3299 3059 3411 3115 qua

1845 3143 1936 3196 ille
1966 3141 2176 3195 furtum
2204 3154 2394 3194 eorum
2425 3139 2713 3208 coarguit,
2747 3139 2841 3193 sed
2885 3154 2994 3192 non
3035 3138 3239 3192 evertit
3283 3153 3407 3207 qua:

1844 3233 2009 3288 modo
2034 3233 2176 3286 dicta
2216 3239 2378 3297 sunt,
2430 3240 2489 3285 ut
2534 3230 2696 3284 nobis
2743 3230 2974 3286 videtur.
3019 3229 3175 3296 Quod
3213 3230 3260 3284 si
3287 3243 3415 3299 pro-

1848 3326 2070 3379 fundius
2122 3324 2329 3393 aliquid
2387 3322 2759 3392 excogitatum
2803 3321 2969 3376 fuerit
3007 3337 3037 3375 a
3065 3321 3414 3377 sanctissimo

1848 3414 2190 3482 metropolita
2212 3454 2226 3477 ,
2255 3413 2450 3467 iterum
2471 3413 2778 3468 audiemus.
2798 3411 2932 3466 Nam
2954 3421 3008 3466 et
3030 3411 3414 3467 sanctissimus

192 3495 370 3636 ἔθέντα
388 3502 467 3573 τῷ
487 3502 630 3573 ἀγίῳ
641 3503 898 3575 Μαξίμῳ,
911 3505 1061 3559 οὐδὲν
1079 3505 1185 3558 ἀπε
1193 3509 1422 3574 μφαίνον
1442 3506 1740 3576 τηνικαῦτα

218 3604 390 3636 φησίν-

218 3604 392 3658 φησεν.

1848 3506 2158 3574 patriarcha
2183 3511 2368 3558 noster
2401 3504 2469 3557 iis
2499 3503 2703 3558 auditis
2731 3518 2853 3573 qua:
2881 3518 2910 3556 a
2948 3514 3141 3557 sancto
3177 3501 3413 3556 Maximo

1846 3608 1974 3655 sunt
1999 3599 2139 3653 dicta
2159 3636 2175 3661 ,
2215 3597 2349 3650 nihil
2387 3596 2791 3650 dissentaneum
2823 3603 2952 3649 tunc
2979 3596 3135 3650 dixit.

449 3706 599 3761 ΡΞΑ¹
631 3708 765 3778 (55).
789 3739 855 3751 —
877 3709 1103 3780 Νικήτᾳ
1129 3714 1456 3782 Σπαθαρίῳ.

2193 3707 2376 3765 CLXI.
2425 3707 2626 3762 Nicena
2664 3706 3061 3781 SpatharioC").

191 3813 254 3864 De
278 3820 584 3872 Sanctissima
603 3823 784 3888 Christi
807 3823 1024 3888 imagine
1047 3839 1060 3872 :
1085 3830 1137 3888 et
1159 3826 1289 3885 quod
1316 3825 1574 3876 idololatra
1591 3825 1656 3877 sit
1675 3825 1759 3887 qui
1781 3824 2041 3888 imaginem
2066 3821 2413 3888 Christi_latria
2433 3819 2810 3888 colit.Rela‘ti\_'a-
2825 3821 2955 3869 enim
2982 3822 3090 3869 cius
3110 3815 3348 3879 adoratio,
3361 3820 3417 3868 et

701 3884 788 3948 qui
813 3885 865 3936 in
904 3881 962 3936 ἔα
984 3881 1196 3936 relative
1220 3888 1448 3936 adoratur
1470 3881 1703 3939 Christus
1726 3887 1865 3937 latria
1878 3881 2084 3934 'colitur
2103 3899 2213 3934 cum
2238 3885 2386 3934 Patre
2410 3891 2461 3932 et
2482 3891 2650 3932 sancto
2682 3881 2889 3944 Spiritu.

262 3963 529 4038 Έδηλώθη
573 3985 663 4038 μοι
701 3970 806 4023 ὑπὸ
843 3970 934 4024 τοῦ
965 3970 1128 4024 καλοῦ
1161 3987 1253 4023 σου
1275 3971 1527 4042 ἀδελφοῦ,
1555 3974 1635 4025 ὅτι
1661 3990 1743 4036 τις

1914 3969 2122 4024 Certior
2144 3967 2316 4022 lactus
2340 3984 2458 4021 sum
2491 3968 2559 4020 ah
2577 3971 2787 4036 egregio
2804 3964 2971 4018 fratre
2994 3973 3106 4026 tuo,
3126 3964 3415 4033 quemdam

188 4053 284 4107 τῶν
308 4057 593 4130 ἡμετέρων
624 4062 894 4133 ἱεραρχῶν
928 4062 1200 4116 ὲνδιέὸαλέ
1224 4080 1291 4132 με
1321 4067 1413 4117 ἐπὶ
1439 4065 1534 4117 τοῦ
1560 4066 1741 4135 τιμίου

1844 4077 1910 4117 ex
1932 4060 2199 4130 episcopis
2219 4063 2418 4113 nostris
2443 4059 2776 4111 obtrectasse
2795 4055 2928 4110 mihi
2951 4070 3134 4110 coram
3153 4055 3418 4110 charitate

192 4149 470 4218 προσώπου
512 4153 609 4223 τῆς
657 4155 878 4224 ἀγάπης
928 4170 1042 4218 σου,
1077 4155 1151 4217 ὡς
1203 4153 1614 4226 θεοποιούμενον
1645 4158 1743 4226 τὴν

1845 4161 2046 4218 vestra,
2066 4151 2224 4221 quasi
2258 4167 2354 4220 pro
2375 4150 2481 4204 Dco
2510 4150 2737 4204 habeam
2773 4149 3062 4220 imaginem
3076 4146 3280 4201 Christi
3300 4164 3315 4212 ;
3335 4155 3419 4201 at-

189 4239 410 4310 Χριστοῦ
442 4244 628 4298 εἰκόνα
651 4261 664 4275 ·
714 4246 808 4299 καὶ
858 4244 1017 4299 τοῦτο
1055 4247 1265 4300 κεῖσθαι
1291 4250 1347 4299 ὲν
1376 4250 1442 4316 τῇ
1487 4248 1622 4318 πρὸς
1652 4249 1744 4299 τὸν

1846 4261 1949 4316 que
1967 4247 2069 4298 hoc
2092 4253 2306 4298 exstare
2334 4244 2385 4295 in
2406 4242 2632 4311 epistola
2650 4257 2811 4310 quam
2836 4242 2900 4293 ad
2921 4239 3281 4293 Athanasium
3305 4237 3418 4292 fra-

191 4331 402 4402 ἀδελφὸν
443 4336 763 4390 Ἀθανάσιον
799 4339 1055 4410 ἐπιστολῇ
1109 4355 1229 4408 μου.
1289 4335 1469 4413 Ἑφ’ᾖ
1521 4340 1741 4411 διαϐολῇ

1849 4348 1984 4392 trem
2009 4337 2220 4403 scripsi.
2245 4335 2418 4400 Quam
2445 4335 2515 4388 ob
2541 4335 2869 4388 calumniam
2896 4333 3118 4387 humilis
3153 4332 3416 4401 ingemui,

190 4419 436 4487 ἐστέναξα
481 4427 511 4477 ό
537 4425 809 4489 ταπεινὸς,
839 4427 1187 4497 ἐννοούμενος
1212 4428 1324 4491 πῶς
1354 4430 1404 4481 οί
1442 4428 1744 4499 κατηγγελ-

1845 4429 2032 4481 animo
2056 4435 2309 4494 reputans
2326 4441 2434 4494 quo
2463 4437 2619 4494 pacto
2649 4425 2901 4495 iiquibus
2922 4422 3297 4477 denuntiatum
3311 4432 3416 4487 est,

193 4515 329 4582 μένοι
376 4519 474 4571 καὶ
527 4519 660 4587 περὶ
701 4520 886 4588 ἀργοῦ
903 4520 1171 4590 ῥήματος
1197 4521 1414 4575 δώσειν
1441 4524 1627 4591 λόγον
1675 4523 1746 4576 ἐν

1849 4522 2008 4575 etiam
2030 4521 2092 4572 de
2119 4523 2268 4573 verba
2293 4521 2459 4573 otioso
2480 4519 2778 4572 reddituros
2809 4518 3068 4571 rationem
3087 4517 3139 4568 in
3159 4516 3245 4568 die
3267 4513 3418 4583 judi-

189 4606 363 4676 ήμέρᾳ
406 4612 686 4678 κρίσεως,
730 4613 825 4665 ἐπὶ
854 4613 960 4665 τῶν
1007 4613 1150 4667 οὓτω
1181 4615 1486 4683 μεγίστωνο
1536 4616 1592 4667 τί
1638 4617 1747 4684 γὰρ

1850 4613 1918 4666 cii
1947 4611 2016 4678 ³³,
2049 4612 2302 4666 maximis
2332 4610 2385 4663 in
2419 4611 2602 4673 rebus,
2619 4609 2749 4678 quid
2776 4609 2920 4661 enim
2937 4608 3040 4661 ﬁde
3053 4606 3418 4676 majus?adeo

194 4702 362 4765 μεῖζον
387 4703 664 4767 πίστεως;
705 4704 892 4768 ἁπλῶς
922 4707 1012 4758 καὶ
1047 4707 1370 4775 ἀφυλάκτως
1396 4706 1745 4776 φθέγγονται,

1852 4718 2053 4763 temere
2101 4716 2154 4762 et
2187 4708 2399 4761 incaute
2447 4707 2736 4775 loquantur
2763 4744 2778 4767 ,
2808 4703 3204 4757 criminationis
3239 4701 3421 4771 iaculo

192 4797 516 4866 κατηγορίας
569 4797 712 4866 βέλει
766 4797 1158 4869 τιτρώσκοντες
1208 4801 1334 4860 τοὺς
1389 4799 1745 4863 ἀνευθύνους⁶

1853 4799 2228 4856 conlodienles
2267 4799 2514 4853 innoxios
2557 4817 2569 4852 :
2628 4813 2691 4852 ac
2742 4813 2850 4852 non
2901 4799 3119 4866 potius,
3195 4797 3238 4850 si
3288 4793 3420 4864 quid

196 4889 278 4938 καὶ
305 4889 423 4957 οὐχὶ
454 4890 680 4958 μᾶλλον.
711 4891 868 4962 εἴπερ
911 4891 1004 4944 καί
1033 4909 1084 4944 τι
1113 4887 1182 4962 ἦν
1211 4891 1565 4962 ἐσφαλμένον,
1618 4895 1752 4961 ἁγα-

1851 4893 2092 4948 errat'um
2122 4891 2283 4957 foret,
2325 4901 2573 4945 amanter
2599 4892 2945 4956 admoneant,
2985 4890 3136 4959 juxta
3183 4889 3233 4940 id
3271 4886 3417 4958 quod

193 4977 424 5044 πητικὼς
452 4979 782 5048 ὑπομνῆσαι,
813 4979 954 5032 κατὰ
977 4981 1038 5034 τὸ
1067 4982 1468 5052 γεγραμμένον·
1488 4981 1749 5052 Ἐλεγμῷ

1850 4985 2111 5053 scriptum
2144 4991 2227 5037 est
2248 4982 2500 5037 :Publice
2522 5000 2708 5053 argues
2730 4983 3028 5052 proximum
3047 4991 3215 5045 tuum,
3236 4992 3284 5034 et
3318 4997 3420 5033 non

193 5064 445 5139 ὲλέτξεις
475 5070 584 5123 τὸν
625 5073 892 5139 πλησίον
921 5086 1060 5138 σου,
1104 5074 1201 5128 καί
1231 5077 1303 5128 οὑ
1334 5075 1507 5144 λήψῃ
1532 5074 1605 5128 δι’
1637 5076 1744 5129 αὐ-

1850 5076 2064 5130 habebis
2117 5091 2272 5143 super
2316 5075 2412 5128 illo
2449 5084 2716 5144 peccatum
2759 5073 2825 5128 ³⁸.
2861 5072 2965 5140 Qui
3003 5072 3080 5128 sic
3116 5071 3421 5127 calumnia-

190 5159 285 5211 τόν
319 5164 635 5232 ἁμαρτίαν.
665 5165 737 5217 Τὸ
762 5164 806 5217 δ’
826 5163 1000 5227 οὕτως
1047 5165 1437 5229 ὲνδιαὸάλλειν,
1470 5166 1531 5219 οὐ
1588 5166 1747 5235 μόνον

1846 5179 1955 5233 tur,
1993 5183 2098 5221 non
2148 5167 2309 5220 modo
2343 5177 2671 5237 praceptum
2705 5166 2847 5221 tollit
2901 5165 2968 5219 de
3011 5163 3209 5230 medio,
3245 5162 3422 5218 sedet

193 5251 295 5304 ἐστὶ
316 5255 420 5323 τῆς
445 5256 667 5326 ἐντολῆς
706 5256 1078 5328 ἀναιρετικόνσ
1111 5258 1248 5311 ἀλλά
1271 5258 1378 5328 γὰρ
1407 5259 1495 5310 καὶ
1524 5257 1600 5328 τῷ
1632 5258 1747 5310 ὀνό-

1848 5262 1968 5332 ipse
2001 5262 2226 5331 dignum
2252 5275 2310 5315 se
2359 5259 2598 5315 ostendit
2629 5259 2721 5329 qui
2751 5257 3162 5313 calumniatoris
3201 5255 3422 5309 nomine

195 5360 310 5409 ματι
341 5348 444 5415 τῆς
493 5346 745 5421 διαϐολῆς
773 5349 932 5414 αὐτὸς
987 5349 1176 5401 ἑαυτὸν
1203 5348 1352 5416 ἀξιον
1391 5349 1748 5418 ὀνομάζεσθαι

1857 5352 2157 5424 appelletur
2184 5368 2198 5403 :
2230 5364 2340 5420 quo
2365 5350 2495 5419 quid
2520 5349 2674 5420 pejus
2705 5349 2846 5402 inter
2870 5347 3115 5402 homines
3144 5359 3263 5399 esse
3285 5358 3417 5414 pos-

192 5434 508 5504 ἀποφαίνειο
557 5433 620 5493 οὗ
652 5440 705 5492 τί
749 5443 930 5513 χεῖρον
971 5435 1081 5493 εἷεν
1127 5441 1184 5491 ὲν
1230 5439 1570 5511 ἀνθρώποις;
1608 5441 1750 5494 Ἀλλ’

1853 5442 1924 5496 sit
1956 5443 1979 5496 'i
2017 5441 2215 5494 Verum
2245 5441 2310 5493 ad
2343 5441 2745 5494 accusationem
2784 5438 2965 5491 veniat
2992 5435 3188 5490 oratio.
3222 5432 3415 5496 Deum,

193 5523 276 5577 ἐπὶ
323 5528 425 5596 τὴν
479 5528 738 5601 ἐγκλησιν
769 5531 996 5601 όλόγος.
1047 5531 1410 5598 Θεοποιεῖται,
1443 5534 1599 5602 φησὶ,
1651 5531 1747 5602 τὴν

1854 5532 2052 5604 inquit,
2073 5531 2202 5587 facit
2217 5530 2419 5586 Christi
2438 5532 2744 5600 imaginem.
2764 5528 3139 5601 Nequaquam,
3156 5540 3188 5581 ο
3205 5523 3420 5580 charis-

1001 5673 1048 5708 ⁸⁸
1076 5670 1241 5730 lCor.
1272 5688 1349 5742 vr,
1383 5672 1470 5729 Η.
1546 5674 1589 5706 ³³
1618 5673 1804 5729 Matth.
1832 5688 1927 5738 xu,
1957 5671 2047 5726 56.
2122 5671 2169 5703 “
2197 5668 2370 5727 Levit.
2399 5685 2508 5735 xu,
2539 5669 2626 5723 l7.

1686 5791 1915 5852 NOTIE.

1968 5885 2040 5957 (‘)
2077 5883 2402 5956 Dogmatica.

247 5666 287 5701 ³¹
318 5666 366 5722 ll
391 5666 586 5725 Thess.
630 5685 666 5734 t,
699 5672 722 5724 l
753 5687 904 5743 seqq.

254 5883 362 5957 (55)
389 5884 449 5942 in
488 5885 604 5942 cod.
641 5884 770 5959 Reg.
799 5893 906 5957 ρμ’.
