3934 6460
569 371 590 436 1
601 371 706 437 503

1750 376 1814 438 Β.
1853 372 2246 439 THEODORI
2273 373 2621 441 STUDITE

3665 381 3797 448 i506

565 481 726 546 sime,
755 479 945 536 hocin
997 478 1230 552 epistola
1270 495 1415 548 mea,
1441 482 1538 540 sed
1594 483 1739 556 quod
1799 485 1959 542 latria
2023 486 2109 542 col

2231 485 2469 558 Χριστοῦ
2500 488 2704 543 εἰκόνα.
2736 486 2974 543 Ούτίπου
3003 486 3181 555 τοῦτο,
3213 480 3261 544 ὧ
3284 489 3607 561 τριπόθητε,
3634 492 3697 544 ἐν
3731 498 3795 565 τῇ

565 589 672 627 non
711 572 872 628 debet
909 571 1090 644 imago
1138 571 1362 638 Christi,
1391 573 1799 632 idololatrarum
1845 578 1991 636 enim
2037 579 2129 637 hic

562 671 646 719 est
681 679 894 728 sensus,
917 664 1184 733 siquidem
1225 665 1277 722 id
1307 666 1408 721 soli
1447 676 1649 723 sanctae
1694 667 1947 724 Triuitati
1976 671 2128 727 defe-

562 755 812 810 rendum.
834 755 900 810 Et
931 757 1076 825 quod
1105 757 1158 811 in
1198 767 1386 814 sancta
1417 759 1651 830 imagine
1686 761 1947 818 adoratus
1970 764 2130 819 Chri-

565 855 702 910 sms,
756 844 911 899 latria
959 847 1165 901 colatur
1219 863 1343 903 cum
1389 848 1548 904 Patre
1578 859 1632 905 et
1679 851 2128 925 Spiritu;imago

560 946 740 991 autem
785 935 994 992 Christi
1053 939 1326 995 adoranda
1371 940 1442 996 sit
1485 942 1802 1000 adoratione
1854 945 2125 1012 relativa;

558 1037 614 1078 et
651 1026 796 1096 quod
829 1027 968 1082 hanc
997 1029 1317 1093 adorantes,
1363 1030 1639 1088 Christum
1674 1036 1986 1102 adoremus,
2019 1053 2127 1093 non

555 1117 869 1173 distinctum
904 1123 1203 1177 secundum
1257 1125 1613 1196 hypostasim,
1671 1129 1765 1182 sed
1809 1128 2126 1200 discrepan-

555 1217 664 1264 tem
711 1213 1009 1268 secundum
1067 1215 1331 1270 rationem
1362 1218 1635 1283 essentia,
1666 1220 1808 1286 quod
1834 1228 1888 1275 et
1937 1236 2124 1276 verum

555 1307 659 1352 est.
696 1298 1064 1374 Archetypum
1103 1307 1252 1360 enim
1297 1307 1475 1363 elucet
1513 1309 1566 1362 in
1611 1310 1866 1380 imagine,
1904 1320 1960 1366 et
1985 1312 2124 1367 alte-

550 1402 676 1443 rum
710 1391 762 1443 in
793 1391 987 1457 altero,
1026 1396 1324 1450 secundum
1353 1401 1604 1454 essentia
1657 1399 2036 1469 diﬂ'erentiam,
2063 1413 2123 1460 ut

556 1479 635 1533 ait
669 1481 1108 1549 sapientissimus
1135 1484 1447 1558 Dionysius.

623 1654 746 1722 Quo
779 1657 946 1728 igitur
971 1671 1150 1729 pacto,
1173 1678 1298 1719 cum
1317 1666 1541 1735 epistola
1576 1668 1656 1723 sic
1677 1668 1894 1734 habeat,
1919 1673 2121 1729 calum-

551 1745 731 1801 niatur
768 1750 1131 1818 adversarius,
1187 1762 1242 1806 et
1266 1755 1505 1823 seipsum
1560 1757 1764 1812 sanctis
1807 1761 2117 1828 oppositum

2229 578 2482 650 ἐπιστολῇ
2523 596 2644 649 μουο
2674 578 2790 634 ἀλλ’
2814 581 2986 651 ὅτιτῇ
3021 581 3258 649 Χριστοῦ
3280 583 3448 636 εἰκόνι
3477 583 3542 636 ού
3571 583 3798 655 λατρευο

2229 670 2349 724 τέον
2367 685 2384 703 ο
2429 670 2835 743 εἰδωλολατρίας
2865 673 2971 741 γὰρ
3005 673 3260 744 φρόνημα
3287 673 3444 726 τοῦτο
3466 690 3481 705 ·
3529 675 3672 746 μόνῃ
3693 674 3798 746 γὰρ

2227 764 2296 834 τῇ
2348 763 2479 833 ἁγίᾳ
2509 763 2699 835 Τριάδι
2747 764 2904 817 τοῦτο
2950 764 3260 818 ἀναθετέον.
3314 765 3422 818 Καὶ
3470 765 3553 818 ὅτι
3588 767 3618 820 6
3647 768 3707 818 ἐν
3733 768 3796 836 τῇ

2229 855 2361 926 ἁγίᾳ
2391 856 2557 908 εἰκόνι
2578 855 2718 926 [c0d.
2752 854 2883 927 Reg.
2920 855 3117 928 οἰκείᾳ]
3155 855 3628 926 προσκυνούμενος
3667 858 3798 926 Χρι-

2230 947 2376 1010 στὸς,
2404 946 2721 1017 λατρεύεται
2777 948 2872 1002 σὺν
2907 949 3081 1018 Πατρί
3111 950 3205 1002 καὶ
3235 949 3512 1018 Πνεύματι
3546 964 3564 981 ο
3607 950 3710 1019 τὴν
3740 950 3796 1004 δὲ

2226 1038 2464 1110 Χριστοῦ
2501 1040 2682 1093 εἰκόνα
2713 1041 3116 1111 προσκυνητέον
3147 1043 3371 1110 σχετικῇ
3401 1043 3795 1111 προσκυνήσει,

2229 1133 2324 1185 καὶ
2352 1131 2434 1185 ὃτι
2477 1131 2681 1202 ταύτην
2723 1132 3175 1201 προσκυνοῦντες,
3213 1132 3304 1185 τὸν
3336 1131 3574 1203 Χριστὸν
3627 1149 3797 1202 προσο

2225 1219 2516 1291 κυνοῦμεν,
2566 1219 2628 1274 ού
2686 1221 3061 1292 διαιρούμενον
3127 1221 3269 1273 κατά
3325 1219 3426 1290 τὴν
3473 1220 3795 1284 ὑπόστασιν,

2220 1311 2359 1366 ἀλλά
2401 1311 2824 1382 διαφορούμενον
2878 1311 3021 1366 κατά
3081 1310 3174 1364 τὸν
3219 1311 3320 1379 τῆς
3373 1311 3563 1372 οὐσίας
3617 1310 3794 1377 λόγον’

2221 1404 2358 1475 ὅπερ
2409 1404 2504 1458 καὶ
2538 1402 2756 1474 ἀληθές.
2810 1403 2884 1456 Τὸ
2940 1403 3048 1474 γὰρ
3105 1402 3411 1474 ἀρχέτυπον
3467 1404 3526 1455 ἐν
3591 1404 3660 1472 τῇ
3719 1403 3799 1454 εἰσ

2222 1496 2338 1549 κόνι
2377 1494 2694 1564 ἐκφαίνεται
2729 1511 2743 1526 ’
2775 1498 2873 1548 καὶ
2899 1494 3158 1566 ἐκάτερον
3181 1497 3239 1547 ἐν
3261 1494 3531 1565 ἐκατέρῳ,
3564 1493 3710 1547 κατὰ
3738 1494 3798 1547 τὸ

2219 1589 2321 1660 τῆς
2349 1587 2537 1650 οὐσίας
2563 1588 2839 1658 διάφορον,
2869 1587 2945 1652 ὥς
2957 1604 3123 1659 φησιν
3148 1590 3176 1641 6
3195 1587 3472 1656 πάνσοφος
3493 1587 3795 1648 Διονύσιος.

2291 1678 2416 1740 Πῶς
2437 1677 2552 1740 οῦν,
2576 1675 2746 1740 οὕτως
2785 1677 3018 1746 ἐχούσης
3046 1676 3143 1746 τῆς
3171 1674 3484 1744 ἐπιστολῆς,
3509 1675 3795 1730 ἐνδιαϐάλ-

2219 1771 2303 1824 λει
2333 1771 2362 1824 6
2388 1769 2455 1823 δι’
2480 1769 2746 1832 ἐναντίας,
2764 1769 2858 1822 καὶ
2885 1767 3262 1822 ἀποδείκνυσιν
3294 1767 3488 1820 ἐαυτὸν
3516 1768 3797 1822 ἀντίθετον

550 1839 793 1895 ostendit
815 1840 838 1894 ?
864 1840 968 1895 Sed
999 1842 1125 1910 quid
1146 1859 1270 1899 eum
1305 1846 1441 1902 velle
1465 1862 1749 1905 censemus
1771 1851 1883 1905 ian
1910 1861 1970 1907 ut
1997 1868 2111 1919 nos,

2222 1865 2334 1927 τοῖς
2366 1861 2578 1930 ἀγίοις;
2612 1859 2772 1929 ’ᾼλλὰ
2797 1860 2850 1914 τί
2877 1859 3148 1931 βούλοιτο;
3180 1860 3618 1932 προσκυνοῦντας
3646 1862 3798 1932 ἡμᾶς

549 1942 674 1983 cum
693 1930 984 2000 imaginem
1005 1931 1206 1989 Christi
1237 1935 1555 2005 adoramus,
1583 1939 1743 1994 aliam
1782 1942 2116 2012 hypostasim

549 2019 783 2076 adorare
829 2024 1184 2080 conliteamur
1216 2027 1240 2081 i
1280 2027 1324 2083 Ο
1353 2029 1780 2088 absurditateml
1820 2034 1921 2089 hoc
1973 2035 2118 2089 enim

547 2118 731 2166 estea
787 2127 906 2181 quae
958 2123 1088 2169 sunt
1145 2117 1400 2183 indivisa,
1438 2121 1702 2178 dividere.
1745 2125 1815 2177 At
1865 2125 1969 2179 hoc
2000 2125 2116 2182 ﬁeri

543 2215 657 2257 nou
713 2212 888 2272 potest
933 2224 950 2261 :
995 2221 1170 2276 neque
1231 2209 1518 2279 imperium
1572 2214 1775 2284 quippe
1827 2217 2115 2285 scinditur,

548 2308 724 2364 neque
750 2295 924 2367 gloria
962 2298 1224 2355 dividitur
1247 2340 1263 2366 ,
1291 2312 1350 2356 ut
1385 2318 1602 2360 rursum
1637 2306 1714 2359 ait
1753 2322 1982 2377 magnus
2015 2308 2120 2363 Ba-

546 2385 723 2440 silius.
760 2385 940 2453 Quare
973 2391 1196 2446 adorata
1251 2393 1506 2462 imagine,
1545 2394 1804 2450 adoratur
1841 2397 2114 2466 Christus,

545 2475 702 2542 cujus
740 2486 824 2532 est
867 2486 922 2531 et
951 2479 1248 2534 similitudo
1291 2497 1304 2535 :
1341 2498 1446 2537 non
1500 2493 1679 2538 autem
1720 2488 1943 2542 materia
1995 2503 2117 2558 quas

547 2564 960 2622 similitudinem
1003 2572 1208 2640 recepit
1238 2589 1252 2625 :
1284 2573 1738 2641 quemadmodum
1773 2587 1826 2632 et
1855 2579 1909 2632 in
1943 2578 2117 2650 eﬂigie

545 2656 726 2712 crucis
787 2660 1112 2714 ostenditur.
1163 2660 1264 2727 Qui
1319 2665 1463 2717 enim
1505 2667 1785 2722 materiam
1841 2680 1995 2739 putat
2057 2687 2117 2728 se

545 2745 796 2813 adorare,
827 2763 963 2818 puer
983 2760 1088 2816 est,
1130 2761 1186 2806 et
1226 2753 1450 2810 rationis
1489 2769 1704 2823 expers.
1737 2756 1922 2830 Neque
1952 2761 2117 2830 igitur

548 2840 796 2903 materia,
825 2840 877 2893 in
912 2856 1016 2911 qua
1073 2852 1157 2898 est
1205 2845 1404 2915 imago,
1443 2846 1702 2902 adoratur
1733 2867 1748 2912 ;
1785 2867 1960 2921 neque
1986 2856 2112 2921 alia,

546 2938 741 2997 praeter
776 2947 895 2986 eam
932 2934 1090 3003 cujus
1130 2936 1309 3005 imago
1345 2949 1604 3008 expressa
1635 2950 1737 3010 est,
1785 2943 2113 3015 hypostasis.

544 3020 650 3074 Par
677 3023 822 3076 enim
874 3025 928 3079 in
974 3027 1216 3096 utrisque
1265 3035 1350 3085 est
1398 3033 1600 3089 erroris
1655 3034 1929 3105 impietas.
1984 3038 2118 3096 Pro-

546 3122 732 3200 pterea
781 3114 963 3185 itaque
1007 3127 1062 3172 et
1118 3120 1319 3190 elIigies
1344 3124 1544 3192 crucis,
1581 3141 1712 3181 crux
1759 3130 2110 3200 appellatur;

543 3207 602 3253 et
633 3199 812 3270 imago
855 3203 1082 3273 Christi,
1144 3206 1394 3266 Christus
1449 3211 1664 3275 dicitur,
1707 3230 1817 3269 non
1873 3199 2111 3287 proprie,

545 3291 641 3346 sed
683 3307 779 3362 per
805 3297 1188 3354 calachrcsim.
1223 3300 1280 3354 Si
1325 3317 1456 3371 ergo
1496 3305 1653 3360 nobis
1698 3307 1801 3362 hoc
1828 3322 2115 3378 persuase-

545 3384 636 3448 rit,
671 3387 851 3440 crucis
885 3386 1108 3457 cﬂigiem
1147 3406 1362 3447 erucem
1407 3410 1516 3450 non
1565 3399 1845 3467 appellari,
1887 3417 2115 3472 persua-

542 3475 689 3530 debit
722 3480 884 3532 etiam
922 3482 1080 3537 nobis
1131 3483 1419 3555 imaginem
1474 3489 1676 3545 Christi
1697 3492 1971 3550 Christum
2004 3512 2114 3554 non

543 3567 824 3634 appellari.
858 3570 925 3623 Et
957 3587 1164 3632 rursus.
1200 3576 1244 3630 si
1271 3577 1323 3630 in
1355 3577 1552 3647 primo,
1595 3597 1702 3636 non
1732 3585 1963 3641 adorant
1984 3603 2112 3643 cru-

541 3670 686 3719 cem,
712 3659 804 3726 qui
822 3660 1050 3715 adorant
1076 3663 1303 3734 eﬂigiem
1329 3683 1486 3733 ;nec,
1521 3674 1573 3724 in
1598 3675 1859 3740 secundo,
1883 3679 2111 3735 adorare

542 3743 844 3816 Christum,
893 3752 981 3820 qui
1038 3753 1240 3810 Christi
1289 3759 1519 3814 adorant
1572 3764 1884 3834 imaginem.
1943 3768 2109 3839 Atqui

539 3837 776 3907 primum
810 3855 997 3896 verum
1033 3855 1132 3911 est,
1178 3850 1321 3915 quod
1365 3853 1581 3920 propria
1615 3857 1796 3910 crucis
1825 3837 2112 3928 eﬂigieset

538 3943 886 4001 nuncupatur
923 3950 1055 3990 crux
1088 3976 1104 4002 ,
1153 3946 1206 3992 et
1241 3942 1519 3998 adoratur.
1572 3943 1772 4002 Verum
1817 3948 1984 4021 igitur
2053 3962 2108 4009 et

539 4024 841 4078 secundum
867 4067 883 4092 ,
916 4042 1026 4097 quo
1070 4040 1124 4083 et
1154 4029 1408 4090 Christus
1455 4035 1677 4101 dicitur,
1737 4049 1790 4094 et
1819 4041 2101 4111 adoratur,

537 4117 758 4186 propria
793 4117 913 4188 ejus
957 4119 1175 4192 imago;
1207 4133 1257 4180 et
1303 4126 1583 4184 incassum
1636 4132 1820 4188 inania
1857 4134 2104 4202 blaterat,

535 4207 630 4300 qui
667 4211 788 4264 novi
820 4211 1100 4282 quidpiam
1126 4226 1321 4284 praeter
1377 4220 1494 4277 hac
1522 4225 1690 4279 sen'tit
1721 4240 1814 4282 aut
1839 4228 2100 4300 loquitur.

535 4297 663 4353 Haec
691 4301 909 4371 scripsi,
939 4306 1135 4373 partim
1163 4309 1382 4377 quidem
1440 4321 1500 4367 ut
1544 4327 1698 4370 extra
1731 4297 1944 4388 culpam
1979 4335 2102 4377 esse

2217 1949 2315 2021 τὴν
2337 1949 2430 2003 τοῦ
2450 1947 2698 2019 ’Χριστοῦ
2729 1949 2932 2015 εἰκόνα,
2963 1949 3244 2019 ὁμολογεῖν
3270 1953 3595 2019 προσκυνεῖν
3626 1952 3797 2020 ἀλλην

2219 2041 2547 2106 (indotatam;
2591 2037 2696 2092 Φεῦ
2733 2039 2833 2108 τῆς
2864 2040 3125 2104 ἀτοπίαςί
3181 2040 3341 2094 τοῦτο
3386 2040 3496 2112 γὰρ
3545 2042 3796 2112 μερίζειν

2217 2133 2333 2185 ἐστὶ
2359 2132 2428 2184 τὰ
2459 2133 2751 2203 ἀμέριστα,
2782 2129 2897 2184 ἀλλ’
2920 2131 3019 2184 οὐκ
3066 2131 3361 2202 ἐνδέχεται.
3412 2131 3552 2185 Οὔτε
3585 2133 3701 2204 γάρ
3733 2133 3798 2187 τὸ

2216 2225 2415 2294 κράτος
2450 2223 2708 2294 σχίζεται,
2757 2221 2882 2277 οὗτε
2916 2225 2948 2294 ή
3002 2223 3148 2309 δόξα.
3181 2225 3486 2297 μερίζεται,
3519 2225 3599 2289 ὡς
3633 2223 3796 2295 αὖθίς

2219 2334 2383 2388 φησιν
2412 2318 2441 2370 6
2482 2317 2652 2387 μέγας
2683 2316 2982 2379 Βασίλειος.
3037 2318 3128 2370 Διὸ
3180 2321 3274 2372 καὶ
3301 2324 3796 2393 προσκυνουμένης

2216 2408 2313 2478 τῆς
2351 2409 2580 2473 εἰκόνος,
2633 2410 2661 2461 6
2714 2409 2949 2476 Χριστὸς
2982 2413 3387 2479 προσκυνεῖται,
3426 2405 3488 2465 οῦ
3535 2414 3659 2466 ἐστι
3701 2414 3796 2466 καὶ

2215 2501 2488 2571 ὁμοιότης·
2516 2499 2609 2553 καὶ
2631 2499 2751 2570 οὐχὶ
2772 2503 2804 2569 ὴ
2831 2499 3204 2570 ὑποδεξαμένη
3231 2499 3328 2571 ύλη
3358 2501 3454 2572 τὴν
3467 2503 3792 2573 ὁμοιότητα,

2213 2590 2289 2654 ὡς
2319 2592 2413 2644 καὶ
2445 2591 2538 2644 ἐπὶ
2564 2589 2658 2644 τοῦ
2692 2589 2864 2644 τύπου
2901 2591 2994 2644 τοῦ
3026 2591 3260 2662 σταυροῦ
3294 2591 3690 2648 διαδείκνυται.
3735 2596 3797 2648 ὐ

2214 2684 2324 2754 γὰρ
2353 2684 2451 2754 τὴν
2509 2682 2640 2752 ῦλην
2692 2682 2863 2736 δοκῶν
2918 2685 3264 2754 προσκυνεῖν,
3299 2684 3512 2753 νήπιος,
3565 2684 3794 2753 ἄλογος.

2215 2773 2352 2828 Οῦτε
2381 2771 2474 2828 οὖν
2506 2775 2684 2845 ήῦλη,
2725 2775 2808 2844 ἐφ’
2903 2776 2937 2845 ἠ
2979 2773 3162 2838 εἰκὼν,
3205 2778 3623 2846 προσκυνεῖται,
3664 2777 3795 2832 οῦτς

2214 2867 2366 2936 παρά
2418 2867 2517 2936 τὴν
2548 2867 2640 2919 τοῦ
2672 2864 3094 2937 εἰκονιζομένου,
3125 2866 3258 2938 ἄλλη
3310 2865 3632 2930 ὑπόστασις.
3669 2868 3800 2923 Ἐπ’

2214 2953 2541 3024 ἀμφοτέροις
2563 2954 2672 3024 γὰρ
2693 2954 2888 3026 ἐπίσης
2915 2957 2945 3028 ἡ
2977 2956 3304 3027 παρατροπὴ
3332 2956 3393 3010 τὸ
3424 2957 3625 3022 ἀσεϐὲς
3649 2959 3795 3029 εχει.

2214 3044 2514 3117 Τοιγαροῦν
2541 3046 2628 3101 διὰ
2655 3045 2814 3100 τοῦτο
2835 3047 2928 3101 καὶ
2958 3049 2987 3101 6
3013 3049 3182 3112 τύπος
3206 3047 3302 3102 τοῦ
3353 3047 3590 3120 σταυροῦ
3622 3066 3798 3104 σταυο

2216 3137 2310 3208 ρὸς
2350 3137 2600 3208 εἰρηται,
2651 3137 2746 3191 καὶ
2784 3139 2818 3208 ἡ
2869 3138 3033 3193 εἰκὼν
3100 3140 3193 3193 τοῦ
3251 3139 3490 3211 Χριστοῦ
3546 3140 3798 3208 Χριστὸς

2214 3231 2429 3301 εἴρηται
2464 3245 2479 3261 ·
2519 3230 2581 3284 οὐ
2613 3228 2838 3301 κυρίως,
2878 3231 3014 3285 ἀλλά
3071 3233 3212 3286 κατὰ
3243 3232 3602 3306 κατάχρησιν.
3660 3232 3797 3287 Ἐὰν

2212 3319 2306 3376 οῦν
2347 3322 2507 3377 τοῦτο
2543 3323 2694 3393 ἡμᾶς
2742 3322 2903 3393 πείσῃ
2938 3322 3014 3394 μὴ
3042 3326 3134 3376 τὸν
3178 3323 3346 3376 τύπον
3392 3323 3488 3377 τοῦ
3544 3324 3794 3397 σταυροῦ

2214 3417 2444 3487 σταυρὸν
2473 3413 2779 3484 ὀνομάζειν,
2819 3415 3058 3469 πείσειεν
3100 3416 3247 3486 ἡμᾶς
3287 3416 3422 3486 μήτε
3472 3418 3573 3489 τὴν
3601 3417 3797 3475 εἰκόνα

2210 3507 2306 3560 τοῦ
2356 3507 2592 3577 Χριστοῦ
2642 3506 2875 3577 Χριστὸν
2911 3507 3217 3577 ὀνομάζειν.
3259 3508 3391 3571 Καὶ,
3439 3507 3538 3562 ἐὰν
3593 3510 3656 3562 ἐν
3707 3511 3797 3581 τῷ

2212 3597 2411 3666 πρώτῳ
2433 3597 2494 3650 τὸ
2530 3597 2605 3668 μὴ
2633 3602 2957 3668 προσκυνεῖν
2987 3600 3079 3655 τὸν
3128 3600 3383 3669 σταυρὸν,
3415 3603 3796 3670 προσκυνοῦν-

2210 3707 2308 3753 τας
2335 3689 2427 3742 τὸν
2468 3687 2657 3754 τύπον,
2690 3690 2822 3760 μηδὲ
2851 3692 2910 3745 ἐν
2930 3691 3008 3761 τῷ
3036 3691 3274 3763 δευτέρῳ
3301 3693 3630 3762 προσκυνεῖν
3649 3692 3796 3763 Χριο

2211 3782 2356 3847 στὸν,
2423 3780 2863 3851 προσκυνοῦντας
2917 3783 3016 3855 τὴν
3066 3783 3300 3855 Χριστοῦ
3348 3782 3555 3839 εἰκόνα.
3618 3784 3794 3840 Ἀλλὰ

2212 3874 2318 3944 μὴν
2345 3871 2407 3925 τὸ
2441 3873 2655 3942 πρῶτον
2682 3871 2901 3942 ἀληθὲς,
2922 3875 3004 3928 ὅτι
3035 3876 3267 3946 σταυρὸς
3285 3876 3380 3930 καί⁵
3405 3874 3658 3930 λέλεκται
3687 3878 3795 3931 καὶ

2206 3967 2592 4037 προσκυνεῖται
2613 3967 2641 4018 6
2665 3968 2862 4030 οἰκεῖος
2907 3966 3071 4021 αὐτοῦ
3127 3968 3317 4032 τύπος.
3344 3966 3554 4023 Οὐκοῦν
3585 3969 3682 4022 καί
3719 3972 3792 4023 τὸ

2204 4058 2454 4127 δεύτερον
2479 4056 2696 4126 ἀληθὲς,
2714 4057 2796 4111 ὃτι
2826 4057 3060 4127 Χριστὸς
3092 4060 3185 4113 καὶ
3213 4059 3461 4114 λέλεκται
3490 4060 3586 4113 καὶ
3612 4077 3795 4131 προσ-

2205 4151 2446 4205 κυνεῖται
2473 4148 2506 4217 ἡ
2535 4147 2710 4202 οἰκεία
2731 4148 2898 4202 αὐτοῦ
2929 4149 3092 4202 εἰκών
3120 4166 3135 4181 ⁶
3161 4150 3253 4204 καὶ
3287 4152 3465 4221 μάτην
3510 4150 3791 4204 εἰκαιολο·

2203 4245 2291 4312 γεῖ
2315 4241 2343 4294 6
2371 4240 2521 4309 παρά
2565 4239 2740 4294 ταῦτα
2773 4241 3083 4313 καινότερόν
3116 4259 3170 4296 τι
3223 4243 3437 4314 φρονῶν
3487 4241 3521 4314 ἦ
3576 4241 3786 4308 λέγων.

2202 4332 2390 4387 Ταῦτα
2445 4329 2698 4400 γέγραφα
2730 4372 2746 4398 ,
2804 4333 2941 4402 ὁμοῦ
3003 4334 3102 4404 μὲν
3169 4333 3360 4388 ἑαυτὸν
3415 4333 3523 4401 ἔξω
3590 4333 3789 4399 αἰτίας

1945 4413 2099 4469 inen-
2200 4423 2411 4486 τιθείςο
2463 4422 2597 4490 ὁμοῦ
2653 4424 2711 4479 δὲ
2778 4425 2874 4481 καὶ
2943 4427 3040 4498 τῆς
3100 4428 3200 4498 σῆς
3251 4429 3566 4499 φειδόμενος
3630 4429 3783 4495 ἀγα-

536 4480 625 4536 tite
655 4492 760 4540 tua:
820 4489 1086 4545 rationem
1144 4492 1350 4551 habens
1381 4513 1397 4562 ;
1432 4508 1491 4552 ut
1518 4499 1677 4556 [idem
1729 4504 2092 4562 orthodoxam

2215 4480 2435 4583 τητικῆς
2492 4480 2801 4586 ύπεροχῆςο
2855 4519 2936 4581 εἰς
3543 4480 3786 4588 6990.66—

530 4573 911 4645 amplectatur,
945 4595 1048 4636 nec
1074 4583 1298 4641 alterius
1317 4587 1577 4646 doctrinae
1616 4594 1963 4652 sermonibus
1991 4596 2091 4654 ab-

528 4662 777 4721 ducatur.

852 4781 1052 4842 CLXII.
1076 4817 1140 4830 --
1164 4786 1431 4846 Theodoro
1458 4795 1711 4851 monacho
1753 4797 1851 4870 (³⁸).

2201 4609 2293 4673 ξου
2317 4605 2573 4670 πίστεως,
2603 4607 2696 4659 καὶ
2728 4606 2804 4680 μὴ
2829 4609 3240 4681 παρασύρεσθαι
3273 4611 3450 4680 λόγοις
3472 4611 3783 4683 ἑτεροδιδα-

2201 4695 2446 4759 σκαλίας.

2449 4806 2592 4862 ΡΞΒ¹
2629 4808 2762 4881 (56).
2793 4840 2864 4852 —
2896 4811 3172 4883 Θεοδώρῳ
3188 4813 3529 4885 μονάζοντι.

1302 4907 1375 4959 De
1396 4906 1605 4959 diversis
1626 4915 1967 4975 argumentis:
1999 4927 2149 4986 atque
2171 4926 2222 4978 in
2251 4926 2370 4987 fine,
2393 4924 2456 4973 de
2481 4923 2660 4974 sanctis
2683 4924 2997 4988 imaginibus.

594 5009 790 5080 Accepi
817 5010 1104 5082 epistolam
1133 5014 1449 5069 reverentia:
1475 5023 1599 5082 tuae,
1631 5034 1752 5088 quae
1785 5022 1866 5077 sic
1893 5023 2090 5084 inscri-

521 5113 610 5173 pta
647 5112 784 5170 erat,
809 5101 1053 5172 Epistola
1084 5104 1352 5175 encyclica
1373 5147 1389 5171 ,
1413 5108 1662 5164 videlicet
1705 5114 2043 5176 medicinalis
2071 5139 2085 5175 :

522 5193 821 5264 statimque
854 5196 922 5250 ab
957 5196 1112 5252 initio
1141 5197 1419 5267 obstupui,
1449 5201 1636 5259 frater.
1682 5203 1925 5266 Ulterius
1958 5228 2087 5269 vero

518 5302 862 5358 progressus,
896 5299 1077 5347 mente
1125 5294 1513 5362 propemodum
1567 5297 1766 5368 excidi,
1801 5317 1905 5358 nec
1955 5307 2082 5376 quid

516 5381 814 5437 edisseram
881 5383 1110 5452 habens,
1144 5401 1246 5442 nec
1318 5388 1448 5457 quid
1480 5389 1527 5445 ei
1557 5407 1714 5462 quem
1750 5396 1903 5453 valde
1961 5415 2087 5456 amo

517 5473 898 5542 respondeam.
930 5472 1113 5545 Neque
1137 5484 1195 5530 tu
1224 5478 1461 5546 graviter
1489 5480 1653 5550 feras,
1677 5485 1778 5542 etsi
1802 5491 2080 5559 asperiora

519 5564 800 5621 videantur
823 5583 946 5637 qua:
984 5582 1105 5623 sum
1133 5567 1381 5629 dicturus
1414 5590 1429 5629 :
1457 5587 1581 5630 cum
1627 5592 1896 5650 nequeam
1926 5581 2085 5639 aliter

2277 5031 2577 5102 Ἐδεξάμην
2603 5031 2699 5104 τὴν
2748 5036 3039 5106 ἐπιστολὴν
3062 5037 3161 5108 τῆς
3187 5039 3500 5112 τιμιότητός
3525 5058 3620 5093 σου
3650 5042 3779 5098 ἐπι-

2192 5121 2530 5193 γράφουσαν,
2572 5122 2922 5192 Ἐγκύκλιος
2948 5126 3263 5197 ἐπιστολὴ,
3295 5131 3410 5200 ἦτοι
3441 5131 3775 5202 θεραπευτι-

2192 5216 2282 5286 κή.
2316 5216 2424 5268 Καὶ
2451 5213 2613 5278 εὐθὺς
2645 5214 2751 5267 ἀπὸ
2780 5215 3026 5286 βαλϐῖδος
3065 5220 3305 5291 ἐξέστην,
3333 5223 3526 5293 ἀδελφέ
3553 5239 3570 5256 ⁸
3599 5226 3772 5279 ἐπελ-

2196 5306 2304 5362 θὼν
2339 5308 2396 5361 δὲ
2421 5308 2533 5370 τοῖς
2562 5305 2780 5377 ἐφεξῆς,
2818 5311 3015 5381 μικροῦ
3055 5314 3298 5378 καὶτοὺς
3335 5315 3634 5387 λογισμοὺς
3661 5320 3774 5374 ἀπ-

2190 5399 2393 5466 ώλεσα,
2419 5399 2492 5471 μὴ
2513 5399 2650 5469 ἔχων
2671 5397 2767 5469 qn
2782 5399 3228 5476 διαλογίσομαι,ῆ
3251 5407 3302 5458 τί
3319 5408 3770 5480 ἀποκριθήσομαι

2189 5490 2265 5559 τῷ
2288 5490 2647 5560 ἠγαπημένῳ.
2684 5490 2794 5543 Καί
2826 5509 2914 5561 μοι
2935 5494 3298 5564 μακροθύμως
3326 5496 3536 5561 οἰσειας
3557 5515 3571 5528 ο
3596 5501 3646 5550 εἰ
3673 5501 3772 5556 καὶ

2191 5581 2499 5653 τραχύτερα
2525 5582 2592 5635 τά
2619 5581 2992 5654 λεχθησόμενα
3015 5602 3027 5616 ·
3055 5586 3154 5640 οὐκ
3181 5586 3357 5658 ἔχοντι
3407 5589 3526 5652 πῶς
3588 5589 3767 5659 ἄλλως

2045 5694 2269 5752 NOTAE.

585 5771 696 5847 (54)
729 5772 926 5830 lueod.
963 5773 1091 5846 Reg.
1132 5776 1271 5850 ρμύθ.

2274 5788 2345 5857 (⁸)
2380 5785 2709 5856 Dogmatica.
