3934 6488
184 411 309 476 1505

1359 413 1894 476 EPISTOLARUM
1951 415 2096 476 LIB.
2141 416 2225 476 ῐῐ.

3292 408 3432 475 1506

177 532 242 584 τά
287 530 633 603 ἐνσκήψαντα
655 534 722 605 τῇ
755 533 984 604 ταπεινῇ
1009 549 1108 602 μου
1162 531 1361 604 καρδίᾳ
1396 535 1536 587 κατᾶ
1562 534 1622 588 τὸ
1665 536 1743 588 εί-

1847 545 1906 588 ea
1940 549 2062 604 quae
2102 533 2306 590 humile
2331 539 2579 587 nostrum
2618 538 2812 600 pectus
2854 535 3106 599 gravant,
3143 526 3434 581 commode

177 627 267 691 κὸς
293 625 767 697 ἐκφερομυθῆσαι,
791 627 886 680 καὶ
928 627 1226 694 ἀναγκαῖον
1270 628 1467 681 εἰπεῖν.
1497 621 1643 698 *Δρα
1669 627 1744 697 μή

177 730 275 778 τις,
324 714 601 784 ἀγαπητὴ
641 713 703 766 τὸ
741 714 830 767 σὺν
866 714 1157 786 πρόσωπον
1190 715 1391 778 ὑποδὺς
1438 716 1519 776 είς
1561 714 1750 769 τοσοῦ-

178 821 262 858 τον
309 804 781 877 ἐξετραχηλιάσθη
820 805 983 873 ’ὄγκον
1031 806 1417 876 φρονήματος,
1471 804 1613 858 ὥστε
1671 807 1750 858 ἐνο

177 896 358 967 νοῆσαι
395 899 467 953 τὰ
496 899 800 970 ὑπερνεφῆ,
840 898 932 951 καὶ
961 897 1158 968 δρᾶσαι
1183 898 1254 952 τά
1288 899 1703 970 καταράσσοντα
1729 915 1744 963 ;

175 984 314 1058 'Apa
357 988 433 1060 μὴ
469 989 627 1042 αὐτοὶ
680 991 840 1059 ἡμεῖς
872 989 977 1054 ’ἔξω
1016 989 1146 1043 ποτὲ
1202 990 1417 1061 φρενῶν
1467 991 1748 1061 γενόμενοι

175 1081 388 1134 παιδιάν
403 1098 528 1135 τινα
557 1081 943 1154 προειλόμεθα,
974 1081 1412 1154 συγγράφεσθαι,
1441 1085 1500 1137 ἐν
1527 1083 1588 1135 οὐ
1620 1099 1750 1136 παι-

173 1174 333 1236 κτοῖς,
360 1172 501 1228 ἀλλά
544 1174 639 1228 καὶ
666 1173 786 1228 λίαν
807 1174 1058 1246 χαλεποῖς
1083 1175 1399 1248 τολμήμασι
1422 1175 1520 1242 ;Τί
1546 1173 1747 1242 λέγεις,

171 1258 214 1316 ὧ
243 1266 372 1332 τᾶν;
406 1265 620 1330 ἔξεστιν
651 1268 784 1338 ἡμῖν
827 1268 937 1330 τοῖς
969 1269 1043 1339 μή
1092 1285 1217 1322 τινα
1267 1269 1467 1339 κλῆρον
1519 1265 1748 1339 ίερωσΰ-

172 1375 262 1429 νης
286 1358 526 1429 ἔχουσιν,
567 1361 600 1432 ἦ
635 1361 794 1431 μόνον
843 1360 901 1413 ἐν
929 1365 1183 1433 μοναχοῖς
1212 1363 1448 1426 τελοῦσι,
1473 1363 1598 1434 δίχα
1629 1381 1748 1417 κιν-

171 1450 498 1521 δυνευούσης
549 1452 832 1523 ἀληθείας,
875 1454 1158 1527 ἀρπαγμῷ
1190 1455 1468 1526 ἱερατικοῦ
1502 1454 1749 1526 ἀξιώμα-

170 1560 256 1606 τος
279 1544 571 1612 ἐγκύκλιον
596 1546 889 1618 ἐπιστολὴν
919 1549 1193 1602 ἐντάττειν
1219 1563 1232 1578 ⁸
1269 1548 1364 1601 καὶ
1410 1547 1583 1620 ταύτῃ
1615 1566 1747 1602 κατ’

172 1634 550 1700 εξανίστασθαι
599 1637 872 1711 ίεραρχῶν
921 1656 980 1692 τε
1034 1642 1130 1693 καὶ
1175 1639 1524 1711 ἱερωμένων,
1579 1658 1749 1714 μονα-

173 1727 304 1779 στῶν
332 1745 392 1781 τε
417 1728 514 1782 καὶ
546 1729 972 1800 καθηγουμένων
999 1743 1014 1759 ⁸
1040 1732 1102 1784 οὐ
1136 1731 1242 1802 μὴν
1280 1731 1417 1785 ἀλλά
1437 1733 1529 1786 καὶ
1550 1734 1750 1803 νόμους

1846 627 2156 694 explicare;
2191 635 2244 679 et
2272 639 2358 678 me
2387 638 2452 678 ea
2483 621 2665 692 eloqui
2688 633 2912 675 necesse
2943 619 3034 673 sit.
3086 614 3228 671 Num
3279 614 3429 686 quis.

1846 717 2229 780 dilectissime,
2278 729 2572 786 personam
2631 722 2775 767 tuam
2827 710 3064 764 induens
3112 708 3168 762 in
3213 715 3426 762 tantum

1848 825 1909 866 se
1942 809 2107 865 animi
2161 818 2433 864 tumorem
2465 806 2676 869 extulit,
2707 814 2766 859 ut
2794 804 2931 858 adeo
2969 800 3204 871 superba
3238 801 3428 855 animo

1849 903 2142 958 meditatus
2174 902 2264 966 sit,
2291 910 2512 970 tamque
2543 897 2875 954 exsecranda
2923 894 3192 966 peregerit
3220 895 3242 946 ’ί
3272 890 3428 946 Nun-

1849 995 1978 1067 quid
2037 1009 2138 1048 nos
2160 994 2263 1064 ipsi
2313 993 2606 1064 aliquando
2653 997 2836 1045 mente
2872 988 3036 1058 capti,
3075 986 3262 1041 ludum
3304 999 3428 1040 esse

1849 1087 2187 1152 censuimus,
2219 1099 2420 1140 nomen
2453 1082 2827 1144 subscribere,
2862 1095 2973 1135 non
3005 1079 3060 1133 in
3093 1077 3257 1133 rebus
3286 1076 3429 1132 ludi-

1849 1179 1978 1242 cris,
2009 1177 2103 1233 sed
2127 1177 2181 1232 in
2208 1175 2538 1232 dilIicillimis
2585 1173 2860 1243 negotiis?
2896 1171 3038 1238 Quid
3070 1170 3175 1233 ais,
3200 1169 3284 1224 vir
3325 1183 3427 1238 op-

1849 1271 2027 1327 time?
2064 1272 2147 1325 An
2185 1269 2346 1325 nobis
2386 1269 2532 1333 licet,
2569 1266 2663 1338 qui
2707 1265 2858 1320 nullo
2895 1278 3086 1319 sumus
3136 1257 3429 1317 sacerdotii

1851 1362 2057 1417 honore
2089 1361 2354 1432 insignes,
2389 1358 2681 1428 solumque
2718 1357 2866 1412 inter
2897 1353 3197 1410 monachos
3227 1367 3426 1408 cense-

1849 1467 1993 1518 mur,
2034 1452 2140 1508 nisi
2192 1450 2525 1522 periclitetur
2554 1449 2780 1513 veritas,
2834 1442 3158 1500 sacerdotali
3203 1450 3426 1512 arrepto

1852 1565 2097 1615 munere,
2139 1549 2472 1619 encyclicam
2505 1546 2851 1615 interponere
2895 1539 3207 1611 epistolam,
3244 1538 3298 1592 in
3333 1551 3426 1592 ea-

1851 1653 1959 1710 que
1997 1640 2258 1696 adversus
2315 1639 2602 1708 episcOpos
2659 1643 2713 1690 et
2742 1633 3090 1698 sacerdotes,
3123 1628 3426 1684 monachos

1850 1731 2279 1801 praepositusque
2312 1727 2530 1782 invehi:
2563 1724 2867 1796 quinetiam
2914 1732 2971 1778 et
3016 1723 3252 1791 privatas
3281 1719 3426 1787 leges

174 1819 365 1882 ίδικοὺς
399 1820 654 1874 ἀποίσειν
684 1821 746 1889 ἐξ
791 1822 1080 1894 ίδιοκρίτου
1109 1822 1336 1893 καρδίας
1365 1839 1378 1851 ⁸
1408 1824 1545 1896 πρὸς
1569 1826 1625 1879 δὲ
1653 1827 1743 1881 καὶ

1853 1835 1918 1874 ex
1972 1819 2247 1885 insipienti
2301 1826 2520 1889 pectore
2567 1815 2813 1886 proferre
2857 1814 3146 1882 :ingerere
3197 1811 3262 1864 ad
3308 1810 3426 1866 haec

171 1908 352 1982 ὕϐρεσι
383 1913 486 1966 καὶ
511 1913 762 1981 ὀνείδεσι,
809 1891 1194 1986 κατακρίσεσί-
1215 1933 1273 1970 τε
1324 1919 1419 1971 καὶ
1453 1891 1743 1991 ἀλλοτριώ-

1851 1909 2212 1965 contumelias
2250 1924 2315 1962 ac
2343 1908 2633 1978 vituperia,
2683 1907 2946 1964 damnare
2977 1919 3042 1958 ac
3093 1918 3190 1972 pro
3243 1901 3427 1955 alieno

173 2017 313 2056 σεσιν
351 2005 690 2060 ὑποϐάλλειν
718 2006 781 2060 τὸ
803 2007 926 2061 ὅλον
952 2007 1227 2078 πλήρωμα
1277 2010 1376 2080 τῆς
1427 2009 1747 2084 δμολογητι-

171 2093 265 2163 κῆς
316 2093 1060 2171 ἀδελφότητος;οὗτοιγάρ,
1122 2100 1194 2165 ὡς
1254 2101 1401 2173 φὴς,
1466 2103 1571 2157 κᾶν
1625 2106 1747 2176 οὐχὶ

169 2182 361 2246 πάντες
392 2185 442 2236 οί
472 2184 576 2254 τῆς
599 2185 858 2257 ἀληθείας
887 2188 1230 2243 ὑπασπισταί
1269 2207 1283 2222 ⁸
1338 2193 1400 2246 τὸ
1422 2194 1524 2264 τῆς
1581 2212 1748 2265 μετα-

167 2269 308 2334 νοίας
358 2273 809 2347 ὑποκρινόμενοι,
841 2276 901 2331 δν
926 2280 1129 2346 τρόπον
1150 2283 1200 2333 οί
1230 2283 1330 2351 τῆς
1355 2283 1602 2350 ἐναντίας
1628 2287 1745 2357 μοί-ο

170 2378 262 2432 ρας
288 2363 348 2416 τὸ
375 2364 482 2435 τῆς
509 2367 790 2432 εὐσεϐείας
850 2368 1018 2439 ὄνομα
1071 2370 1283 2440 ψευδῶς
1318 2374 1740 2449 ὑπώυσάμενοι,

168 2453 222 2520 ἐξ
249 2454 363 2508 [σου
395 2460 728 2528 παγχάλεπα
753 2461 854 2532 τὴν
883 2462 1139 2532 ἀλήθειαν
1169 2465 1264 2518 κιιὶ⁸
1292 2466 1392 2536 τὴν
1455 2470 1744 2538 μετάνοιαν

166 2543 436 2615 διέθηκαν,
467 2549 663 2613 δεινοῖς
711 2553 1195 2618 κατακοντίζοντες
1242 2555 1442 2625 λόγοις,
1484 2560 1582 2612 καὶ
1613 2578 1744 2633 συρ-

168 2637 320 2704 φετὸν
351 2637 556 2693 ἀθλίων
583 2643 985 2714 εἰσκομίζοντες
1020 2646 1298 2716 λογισμῶν
1324 2664 1338 2678 ⁸
1396 2649 1742 2718 διχοστασίας

167 2728 488 2800 ἐγείροντες,
536 2730 633 2805 τὴν
680 2736 983 2808 ἀμώμητον
1041 2739 1227 2792 πίστιν
1268 2741 1601 2810 ἀδικοῦντες,
1652 2746 1742 2798 τὸν

167 2819 417 2875 ἀπάντων
449 2822 667 2894 ἡνίοχον
695 2826 791 2879 καὶ
819 2828 1119 2900 ἐπιστάτην
1147 2832 1241 2884 καὶ
1264 2831 1600 2903 δημιουργὸν
1625 2836 1741 2888 ἀτι-

170 2913 450 2981 μάζοντες,
482 2915 734 2987 ἀλλήλοις
760 2918 1051 2990 ἐρίζοντες,
1085 2921 1394 2991 λημμάτων
1430 2922 1736 2995 ἡττώμενοι

168 3003 360 3075 πόρους
394 3008 760 3074 ἐπινοοῦντες,
793 3013 905 3075 τοῖς
937 3013 1209 3084 ὀμόφροσι
1258 3014 1368 3067 τῶν
1425 3017 1738 3088 ἀσεϐησάν-

167 3115 268 3153 των
297 3101 460 3172 χάριν
489 3105 924 3176 προσκρούοντες
956 3106 1066 3160 τῶν
1108 3106 1582 3179 ὁμολογησάντων,
1645 3112 1739 3164 καὶ

1851 2002 2051 2056 habere
2080 2001 2396 2055 universum
2419 1999 2646 2054 fratrum
2668 1997 3152 2064 confessorumque
3183 1991 3426 2048 castum?

1852 2094 1916 2149 Hi
1956 2095 2124 2161 enim,
2149 2102 2208 2148 ut
2245 2093 2326 2149 ais
2371 2093 2510 2165 (etsi
2543 2107 2650 2146 non
2676 2105 2869 2146 omnes
2928 2087 3175 2143 veritatis
3218 2098 3424 2154 propu.

1848 2187 2143 2258 gnatoresl,
2174 2185 2545 2256 ptenitentiam
2577 2183 2934 2248 simulantes;
2963 2176 3422 2250 quemadmodum

1848 2280 1940 2350 qui
1973 2295 2038 2333 ex
2069 2279 2296 2333 adversa
2319 2286 2471 2346 parte
2500 2274 2719 2345 pietatis
2752 2287 2948 2327 nomen
2973 2269 3238 2324 fallaciter
3260 2283 3424 2322 usur-

1848 2382 2043 2443 parunt
2073 2389 2087 2430 :
2121 2373 2368 2429 veritatis
2395 2371 2798 2428 confessionem
2833 2382 2898 2422 ac
2941 2362 3316 2436 pcenitentiam
3351 2375 3426 2415 ex

1844 2480 2004 2536 aequo
2041 2464 2290 2520 diﬂiciles
2353 2463 2642 2519 reddidere
2667 2501 2682 2525 ,
2724 2459 2985 2531 gravibus
3035 2456 3420 2525 impugnantes

1847 2559 2058 2626 verbis,
2105 2568 2159 2613 et
2186 2557 2514 2627 quisquilias
2560 2554 2856 2609 infelicium
2913 2549 3189 2605 rationum
3227 2547 3422 2601 obtru-

1843 2654 2054 2718 dentes,
2089 2650 2311 2706 dissidia
2341 2649 2696 2709 suscitantes,
2741 2644 3073 2712 inculpatam
3105 2639 3260 2694 fidem
3305 2635 3423 2690 vio-

1847 2744 2038 2806 lantes,
2075 2759 2252 2798 rerum
2286 2741 2530 2796 omnium
2592 2739 3007 2807 gubernatorem
3042 2747 3108 2786 ac
3153 2738 3419 2784 rectorem

1841 2834 2263 2902 elfectoremque
2319 2832 2521 2903 injuria
2564 2829 2895 2891 allicientes,
2944 2825 3220 2894 litigantes
3269 2820 3416 2874 inter

1843 2943 1982 2988 sese.
2004 2928 2134 2982 lucri
2155 2928 2449 2996 cupiditate
2469 2925 2691 2986 devicti,
2713 2918 2969 2992 parandae
2995 2915 3237 2988 pecuniae
3257 2925 3422 2967 exco-

1841 3021 2070 3093 gitantes
2116 3019 2380 3074 rationem
2425 3033 2490 3073 ac
2533 3017 2715 3079 viam,
2749 3013 3104 3067 adversantes
3131 3008 3197 3061 iis
3225 3003 3317 3074 qui
3359 3011 3421 3056 ut

1840 3113 2019 3184 impiis
2063 3111 2431 3183 gratiﬁcentur
2454 3150 2469 3174 ,
2519 3109 2572 3164 in
2602 3122 2765 3161 unam
2796 3104 3174 3172 conspiravere
3204 3106 3424 3152 senten-

166 3189 260 3259 τῆς
286 3192 552 3265 ἀληθείας
605 3197 1102 3252 κεκινδυνευκότων
1129 3216 1145 3231 ⁸
1199 3201 1328 3264 τοὺς
1383 3202 1454 3255 τά
1506 3200 1740 3273 μέγιστα

1847 3206 1975 3258 tiam
1995 3219 2060 3258 es
2081 3200 2509 3265 confessoribus,
2531 3207 2584 3252 et
2610 3213 2674 3252 ex
2703 3195 2770 3251 iis
2786 3195 2878 3265 qui
2903 3192 3145 3265 pericula
3168 3188 3423 3244 adierunt

166 3284 363 3357 ταύτην
391 3289 763 3361 ἀδικήσαντας
792 3291 888 3345 καὶ
921 3291 1227 3357 διώξαντας
1257 3296 1630 3366 προτιμῶντες
1647 3298 1739 3352 καὶ

168 3380 543 3451 προτιθέμενοι
575 3397 590 3412 ⁸
618 3380 700 3448 οἷς
727 3400 790 3437 τε
815 3383 984 3454 δρῶσι
1013 3388 1079 3457 τῇ
1107 3387 1336 3459 ἀληθείᾳ
1382 3390 1738 3459 χαλεπαίνον-

168 3487 251 3534 τες
273 3488 288 3502 ⁸
322 3475 421 3527 καὶ
455 3472 520 3526 τὸ
555 3474 693 3546 ὺπέρ
719 3476 958 3548 Χριστοῦ
1011 3478 1205 3532 παθεῖν
1250 3479 1738 3552 οὑδένήγούμενον

170 3561 347 3624 κακῶς
398 3562 625 3628 είδότες,
651 3565 746 3618 καὶ
775 3565 916 3638 ὑπὲρ
940 3561 1016 3620 ὧν
1045 3568 1548 3636 κεκινδυνεύκασιν,
1575 3572 1743 3644 ώμῶς

171 3655 257 3707 καὶ
283 3655 679 3727 ἀκαθηκόντως
704 3659 848 3731 ἀμνη
859 3661 1212 3732 μονήσαντεςι
1272 3663 1493 3735 Ἐξέστη
1521 3667 1549 3718 ὀ
1577 3666 1745 3737 οὐρα-

170 3746 251 3810 νὸς
274 3748 366 3801 ἐπὶ
411 3749 590 3822 τούτῳ
620 3767 634 3782 ⁸
664 3751 761 3805 καὶ
791 3751 985 3823 ἔφριξα
1019 3753 1110 3807 ἐπὶ
1144 3753 1328 3808 πλεῖον
1362 3755 1474 3824 ἐγὼ
1502 3757 1530 3810 ό
1554 3757 1742 3821 τάλας⁶

170 3841 256 3893 καὶ
299 3843 346 3894 εί
382 3842 464 3913 μὴ
493 3843 604 3897 τῶν
665 3845 774 3898 σῶν
810 3847 1001 3915 φωνῶν
1061 3845 1294 3912 ἐπαῖειν,
1353 3848 1454 3900 οὐκ
1513 3849 1580 3902 ἂν
1621 3849 1745 3901 ἐπί-

173 3947 362 3988 στευσα
388 3934 470 4003 τῷ
491 3936 921 4007 προδεδηλωκότι
951 3939 1240 4011 ἐπιστολὴν
1265 3941 1622 4009 συντετάχθαι
1639 3941 1744 3994 ὑπὸ

170 4023 262 4094 τῆς
291 4025 614 4096 τιμιότητάς
650 4045 744 4080 σου
771 4029 914 4082 κατά
948 4031 1048 4100 τῆς
1084 4030 1179 4084 τοῦ
1210 4030 1346 4085 Θεοῦ
1393 4032 1741 4103 Ἐκκλησίας.

171 4115 299 4170 Κατ’
337 4117 510 4189 αὐτῆς
564 4119 674 4190 γάρ
701 4121 838 4184 ἐστι,
869 4121 928 4173 τὸ
954 4123 1080 4185 τοὺς
1106 4123 1351 4187 κλεινοὺς
1403 4123 1498 4177 καὶ
1553 4124 1746 4195 ὁμολο-

171 4210 336 4278 γητάς
377 4208 606 4277 ἄνδρας,
645 4210 694 4263 οἳ
744 4210 1071 4279 περιῆλθον
1109 4213 1167 4265 ἐν
1219 4212 1487 4276 ποικίλοις
1553 4229 1748 4283 πειρα-

174 4303 317 4368 σμοῖς
341 4302 793 4370 ὐστερούμενοι,
829 4303 1188 4371 θλιϐόμενοι,
1246 4306 1745 4374 κακουχούμενοι,

171 4388 533 4459 διωκόμενοι,
562 4393 632 4446 ἐν
678 4393 949 4462 ἐρημίαις
985 4394 1389 4463 πλανώμενοι,
1423 4397 1522 4450 καὶ
1578 4395 1747 4465 ὄρεσι

172 4484 261 4536 καὶ
288 4485 420 4550 ταῖς
447 4483 622 4550 ὀπαῖς
646 4482 754 4552 τῆς
785 4484 893 4554 τῆς
927 4502 940 4516 ⁸
965 4480 1054 4540 ὧν
1074 4488 1185 4540 οὐκ
1211 4486 1383 4554 ἀξιος
1416 4491 1450 4542 ὁ
1489 4489 1746 4560 κόσμος,

1842 3311 1938 3366 pro
1978 3295 2200 3348 veritate
2231 3311 2246 3347 :
2287 3290 2634 3363 praeferentes
2664 3303 2728 3343 ac
2761 3286 2934 3357 pluris
2963 3284 3298 3339 aestimantes
3323 3293 3422 3334 eos

1842 3387 1933 3457 qui
1959 3387 2194 3440 maxime
2223 3383 2364 3437 illam
2386 3385 2572 3437 laesere
2596 3390 2758 3450 atque
2777 3379 3162 3446 impugnavere
3182 3391 3195 3427 :
3218 3371 3302 3426 his
3324 3369 3421 3435 qui

1842 3479 2055 3534 veritati
2079 3476 2486 3548 patrocinautur
2513 3473 2746 3527 infeusn
2773 3473 2882 3540 pati
2908 3483 3007 3539 pro
3029 3466 3251 3521 Christo
3285 3462 3422 3517 floc-

1842 3572 2193 3641 cipendentes
2258 3582 2422 3638 prave
2461 3566 2652 3637 gnari,
2685 3574 2986 3631 etquorum
3013 3574 3176 3614 causa
3205 3553 3425 3627 pericli-

1843 3667 1939 3720 tati
1969 3665 2100 3732 sint,
2127 3661 2334 3718 nefarie
2371 3669 2425 3716 et
2448 3660 2677 3729 turpiter
2700 3657 2877 3712 obliti.
2910 3651 3201 3720 Obstupuit
3221 3649 3422 3704 caelum

1845 3771 2009 3826 super
2039 3756 2163 3820 hoc,
2203 3764 2366 3823 atque
2395 3767 2497 3822 ego
2534 3751 2724 3806 infelix
2759 3750 2978 3820 penitus
3010 3740 3278 3798 exhorrui
3311 3759 3325 3794 :
3357 3754 3424 3793 ac

1845 3848 1950 3903 nisi
1993 3847 2154 3901 verba
2206 3854 2296 3900 tua
2341 3857 2718 3916 agnoscerem,
2784 3855 2893 3894 non
2920 3835 3196 3892 crederem
3233 3831 3284 3886 ei
3325 3829 3422 3899 qui

1844 3940 1999 4011 prius
2051 3939 2384 4011 significavit
2439 3935 2822 3993 concinnatam
2888 3945 2918 3986 a
2982 3925 3283 3984 reverentia
3327 3931 3422 3977 tua

1846 4029 2014 4085 fuisse
2083 4029 2369 4099 epistolam
2421 4029 2687 4083 adversus
2739 4022 3043 4079 Ecclesiam
3101 4017 3191 4072 Dei
3246 4027 3422 4070 :nam

1847 4124 2110 4180 adversus
2141 4122 2438 4178 Ecclesiam
2464 4129 2570 4186 est,
2605 4119 2659 4174 in
2681 4118 2833 4172 viros
2857 4114 3091 4185 inclytos
3122 4120 3176 4167 et
3207 4107 3424 4165 confes-

1849 4230 2021 4282 sores,
2050 4215 2140 4286 qui
2164 4214 2487 4268 circuierunt
2519 4213 2575 4266 in
2606 4210 2775 4265 variis
2803 4204 3221 4268 tentatiouibus,
3263 4215 3422 4270 egen-

1851 4318 1943 4374 tes,
1966 4309 2279 4378 angustiati,
2301 4307 2502 4376 amicti,
2527 4303 2722 4367 vexati,
2753 4303 2807 4355 in
2829 4296 3207 4354 solitudinibus
3233 4308 3424 4348 erran-

1851 4410 1947 4465 tes,
1972 4409 2022 4455 et
2051 4400 2338 4464 montibus,
2365 4406 2415 4451 et
2493 4393 2729 4450 cavernis
2778 4404 2932 4446 terra:
2957 4403 2976 4444 :
3015 4387 3202 4458 quibus
3231 4385 3422 4454 dignus

1851 4507 1952 4544 non
1993 4499 2108 4543 erat
2147 4488 2373 4542 mundus
2403 4488 2470 4553 ³⁸,
2496 4495 2557 4541 ut
2586 4484 2766 4540 verbis
2804 4479 3046 4553 Apostoli
3079 4486 3202 4533 utar
3235 4493 3252 4544 ;
3284 4475 3420 4530 tales

171 4575 534 4640 ἁποστολικῶς
559 4579 734 4630 εἰπεῖν
762 4593 776 4607 ⁸
832 4579 1228 4648 καταγορεύειν
1263 4579 1330 4634 τά
1360 4581 1584 4637 τοιαῦτα
1614 4583 1742 4654 βατ-

1848 4579 2068 4635 effutire
2100 4593 2273 4648 nugas
2301 4594 2314 4631 :
2351 4592 2450 4632 nec
2489 4591 2611 4645 quae
2634 4573 2880 4644 graviora
2915 4578 3046 4626 sunt
3071 4567 3252 4623 adhuc
3273 4573 3420 4619 retu-

171 4670 475 4738 ταρίσματα
503 4686 519 4700 ⁸
552 4670 647 4722 καὶ
679 4667 831 4724 οὔπω
883 4670 1223 4741 ἐκπέφασται
1246 4673 1315 4726 τά
1364 4673 1741 4744 αἰτιολογικώσ

171 4773 292 4828 τερα
325 4762 422 4813 καὶ⁵
448 4763 624 4814 ἀπανο
634 4763 940 4833 ρωπότερα.

234 4852 422 4924 Τολμᾷ
453 4869 558 4918 τις,
588 4855 796 4924 ἐρωτῶ,
827 4857 884 4907 ἐν
913 4857 1025 4918 τοῖς
1072 4855 1434 4927 στρατιώταις
1459 4858 1742 4927 κατειλεγ-

175 4945 344 5014 μένος,
380 4945 650 5017 βασιλικῷ
678 4946 1074 5016 συγγράμματι
1106 4947 1529 5019 ἐξαυθεντήσας,
1579 4951 1739 5004 τοῦτο

173 5037 382 5091 κάκεῖνο
410 5036 784 5108 διαγορεύειν,
839 5041 935 5092 κα)⁸
978 5040 1108 5102 τοὺς
1145 5041 1203 5092 ἐν
1227 5041 1524 5112 ὑπεροχαῖς
1572 5042 1739 5096 καθυ-

174 5130 402 5202 ϐρίζειν,
457 5129 534 5194 ὡς
587 5131 834 5193 ἀτάκτοις
879 5133 970 5184 καὶ
1016 5133 1138 5204 είκῆ
1171 5133 1536 5204 φερομένουςς
1576 5136 1637 5189 Εἰ
1683 5135 1740 5188 δέ

173 5220 318 5275 τοῦτο
379 5220 660 5293 φωραθείη
727 5221 1042 5292 πεποιηκὼς
1076 5263 1091 5288 ,
1155 5225 1500 5295 ἀνάρπαστος
1578 5228 1738 5290 εὐθὺς

173 5313 260 5365 καὶ
317 5312 603 5383 ἀγώγιμος
653 5313 729 5374 ώς
791 5313 1140 5378 ἐπιθανάτιος
1169 5330 1184 5345 ⁸
1243 5317 1295 5369 τί
1340 5318 1435 5370 καὶ
1507 5317 1569 5371 οὐ
1619 5318 1739 5370 πεί-

177 5406 372 5456 σεταιὸ
415 5402 602 5467 ἁπλῶς
644 5403 912 5475 μοναστὴς
958 5403 1064 5458 ὑπὸ
1120 5404 1212 5458 τοῦ
1258 5405 1357 5476 τῆς
1415 5406 1742 5476 Ἐκκλησίας

174 5497 445 5567 κριτηρίου
480 5498 861 5568 παραπλήσιον
875 5499 1071 5567 ἐκείνῳ
1101 5498 1455 5569 τετολμηκώς
1480 5517 1495 5566 ;
1519 5499 1610 5569 Μὴ
1635 5499 1744 5567 γὰρ

176 5590 274 5642 οὐκ
310 5590 528 5658 ἔχομεν
558 5589 833 5658 ἀρχιερέα
863 5591 970 5644 τὸν
989 5591 1328 5660 δυνάμενον
1343 5589 1739 5658 συμπαθῆσαι

175 5680 291 5748 ταῖς
313 5683 656 5748 ἀσθενείαις
709 5683 899 5754 ἡμῶν,
928 5684 1071 5738 κατὰ
1097 5684 1157 5738 τὸ
1184 5685 1572 5756 γεγραμμένον
1597 5699 1612 5716 ⁸
1631 5699 1737 5754 με·

237 5863 278 5897 ³³
302 5863 466 5921 Hebr.
497 5881 559 5930 ιι,
612 5864 702 5933 37,
751 5865 838 5921 38.
907 5865 950 5898 ³⁸
978 5865 1139 5922 llebr.
1179 5878 1252 5932 tv,
1289 5863 1372 5921 15.

1851 4674 2014 4728 limus
2037 4709 2054 4738 ,
2083 4680 2139 4727 et
2175 4671 2456 4726 acerbiora
2492 4667 2799 4722 maledicta.

1917 4847 2144 4903 Ausitne
2171 4845 2392 4916 aliquis,
2420 4842 2638 4908 amabo,
2667 4840 2762 4912 qui
2794 4839 2849 4894 in
2901 4837 3136 4893 militum
3190 4847 3422 4890 numero

1846 4941 1939 5003 sit,
1968 4940 2115 5009 regio
2142 4938 2324 4993 libello
2360 4936 2525 4992 veluti
2555 4951 2657 5005 pro
2687 4940 2959 5004 potestate
2989 4929 3266 4992 confecto,
3312 4927 3420 4980 hoc

1842 5033 1930 5088 vel
1961 5032 2092 5086 illud
2125 5031 2406 5094 mandare,
2438 5040 2492 5083 et
2535 5029 2604 5084 iis
2643 5027 2735 5097 qui
2763 5024 3119 5097 magistratus
3146 5020 3420 5084 obtinent,

1847 5129 2083 5183 dedecus
2112 5139 2175 5180 ac
2207 5133 2390 5178 notam
2419 5122 2658 5181 inurere.
2711 5129 2965 5187 tanquam
3016 5123 3220 5169 temere
3253 5116 3423 5182 agant

1840 5218 2267 5275 etinconsulto?
2303 5215 2456 5283 Quod
2497 5214 2542 5268 si
2581 5252 2596 5277 ,
2654 5212 2747 5281 qui
2807 5207 3180 5279 deprehensus
3228 5204 3300 5260 sit
3365 5203 3422 5258 id

1841 5311 2019 5380 egisse
2052 5349 2069 5375 ,
2123 5307 2329 5378 rapitur
2395 5303 2716 5368 confestim,
2770 5315 2836 5355 ac
2874 5300 3034 5355 morti
3094 5296 3420 5352 addicitur:

1844 5416 2006 5471 quam
2036 5413 2250 5469 poenam
2293 5397 2362 5452 ab
2409 5394 2667 5450 Ecclesiae
2732 5391 2850 5447 foro
2900 5399 3143 5444 meretur
3191 5387 3418 5455 simples

1851 5491 2156 5546 monachus
2185 5530 2200 5556 ,
2237 5491 2332 5561 qui
2373 5487 2535 5543 fuerit
2564 5485 2712 5556 paria
2772 5481 2989 5538 ausus?
3045 5482 3235 5534 Annon
3284 5479 3424 5532 enim

1850 5583 2102 5637 habemus
2133 5583 2446 5653 Pontiﬁcem
2476 5579 2565 5649 qui
2611 5577 2775 5648 possit
2830 5574 3060 5643 compati
3095 5570 3426 5640 inﬁrmitati-

1849 5681 1942 5733 bus
1969 5680 2187 5745 nostris,
2240 5677 2381 5736 sicut
2410 5676 2680 5745 scriptum
2695 5681 2779 5728 est
2811 5670 2857 5703 ³⁸
2887 5687 2902 5737 ;
2928 5680 2977 5724 et
2999 5667 3089 5738 qui
3151 5661 3428 5719 condolere
