3934 6474
509 341 644 405 1507

499 463 665 529 possit
696 461 763 517 iis
791 464 882 534 qui
907 465 1154 535 ignorant
1172 473 1224 522 et
1250 478 1432 524 errant
1458 468 1502 506 "'
1537 486 1553 538 ;
1580 486 1608 525 a
1655 465 1767 544 quo
1793 474 2074 545 encyclica

501 553 731 623 epistola
781 555 1026 609 mittatur
1085 561 1381 614 secundum
1427 562 1608 617 datam
1677 565 1723 618 ei
1771 580 1801 618 a
1870 565 2078 635 Spiritu

499 654 819 715 potestatem
843 648 996 718 ?qui.
1031 652 1075 706 si
1106 654 1232 722 quid
1270 654 1322 709 in
1360 655 1447 711 his
1477 672 1598 726 quae
1628 669 1912 726 geruntur,
1937 675 2077 731 prae-

500 745 584 792 ter
613 736 697 793 fas
723 754 786 795 ac
813 756 922 795 non
948 759 1012 797 ex
1044 760 1148 798 usu
1175 761 1295 800 esse
1338 748 1686 818 intelligeret,
1712 751 1938 805 omnino
1958 767 2080 820 quae

501 843 601 899 par
637 838 721 886 est
757 830 1092 902 loqueretur.
1159 836 1264 892 Sed
1317 854 1441 893 cum
1491 842 1875 910 praevalescere
1907 843 2080 898 haere-

504 921 607 977 sim
636 963 653 988 ,
698 931 755 978 et
789 926 1067 995 angustias
1099 930 1341 1000 undique
1395 932 1600 988 instare
1658 934 1873 989 videat:
1934 944 2082 991 recte

499 1015 587 1068 vir
614 1015 770 1084 plane
798 1017 1014 1075 divinus
1042 1022 1177 1090 egit,
1206 1037 1328 1077 cum
1361 1024 1488 1079 sivit
1525 1041 1718 1080 omnes
1767 1026 1861 1096 qui
1903 1027 2081 1081 maxi-

503 1122 725 1177 mopere
739 1122 1020 1179 cuperent,
1040 1123 1203 1183 prout
1225 1115 1458 1186 quisque
1475 1127 1680 1187 posset,
1702 1119 2079 1188 ingruentibus

505 1200 713 1255 morbis
739 1203 961 1257 mederi.
990 1202 1067 1258 lta
1098 1221 1275 1276 neque
1311 1209 1393 1263 lex
1425 1225 1680 1278 suprema
1711 1212 2077 1281 promulgata,

505 1305 608 1345 nec
644 1303 825 1347 tamen
859 1295 1066 1366 absque
1105 1300 1362 1355 remediis
1402 1301 1589 1356 relicta
1623 1313 1708 1356 est
1741 1304 1944 1366 anima,
1978 1319 2078 1373 pro

500 1397 605 1452 qua
627 1382 880 1438 Christus
899 1397 980 1440 est
1008 1399 1257 1445 mortuus
1282 1408 1295 1445 :
1327 1400 1381 1446 et
1400 1391 1500 1447 hoc
1527 1393 1787 1448 nimirum
1812 1411 1984 1465 usque
2011 1395 2078 1450 ad

504 1476 775 1546 synodum
804 1479 1163 1535 orthodoxam
1198 1500 1213 1536 :
1255 1499 1364 1553 quo
1409 1494 1649 1555 tempore
1675 1495 1729 1540 et
1785 1502 1905 1556 qua:
1935 1495 2080 1541 recte

499 1576 676 1634 coepta
701 1566 924 1632 fuerint,
948 1571 1448 1640 comprobabuntur
1468 1593 1482 1629 :
1502 1585 1556 1630 et
1578 1591 1700 1645 quae
1720 1590 1880 1630 secus
1903 1583 2075 1645 gesta,

497 1657 833 1726 rejicientur.
867 1661 931 1715 Et
959 1673 1040 1716 est
1087 1666 1199 1719 haec
1253 1668 1390 1720 ratio
1430 1667 1481 1720 in
1521 1667 1712 1737 primis
1745 1667 1854 1722 Deo
1902 1677 2076 1736 grata,

1693 354 1754 415 S.
1781 354 2176 418 TIIEODORI
2217 357 2569 420 STUDITIE

3622 354 3757 419 1508

2178 476 2517 544 τριοπαθεῒν
2540 492 2603 530 τε
2630 474 2972 544 δυνάμενον
2999 474 3125 541 τοῖς
3155 471 3451 543 ἀγνοοῦσι
3476 473 3576 528 καί
3604 477 3760 528 πλα-

2180 568 2468 638 νωμένοις
2490 584 2504 599 ο
2541 560 2602 620 οὗ
2631 568 2663 636 ἡ
2691 566 2979 634 ἐγκύκλιος
3026 564 3284 635 ἐπιστολὴ
3317 563 3460 617 κατά
3489 565 3591 636 τὴν
3616 565 3760 618 δεδο-

2185 659 2356 729 μένην
2389 658 2538 729 αύτῷ
2567 658 2814 723 ἐξουσίαν
2847 659 2951 710 ὑπὸ
2977 657 3073 710 τοῦ
3103 657 3243 710 ῐῐνεύ
3254 673 3419 725 ματος
3449 674 3464 721 ;
3490 657 3550 719 ὃς
3579 657 3761 728 είῇδει

2181 751 2238 801 ἐν
2286 752 2392 813 τοῖς
2420 751 2722 819 γινομένοις
2771 748 3038 818 ἐκθεσμόν
3082 765 3135 800 τι
3157 748 3256 801 καὶ
3303 747 3363 799 ού
3419 747 3760 807 λυσιτελοῦν,

2182 845 2400 905 πάντως
2427 843 2490 911 δὴ
2522 842 2822 911 ἐφθέγξατο
2855 842 2924 893 τὰ
2945 841 3150 895 εἰκότα.
3223 840 3362 892 Ἀλλ’
3421 841 3612 910 ἐπειδὴ
3661 841 3761 910 ὁρᾷ

2182 932 2587 1005 ἐπικρατοῦσαν
2614 933 2716 1003 τὴν
2740 932 2950 1003 αἵρεσιν
2970 974 2983 996 ,
3019 933 3113 985 καὶ
3146 932 3310 985 στενά
3367 930 3760 1001 ἀμφοτέρωθεν

2182 1027 2560 1098 παριστάμενα
2583 1043 2598 1056 ο
2627 1025 2810 1077 εἴασεν
2841 1024 3090 1087 ἅπαντας
3129 1024 3255 1085 τοὺς
3277 1021 3762 1092 προθυμουμένους

2183 1117 2458 1172 ίᾶσθαιτὰ
2502 1118 2852 1186 συμπεσόντα
2912 1117 3216 1185 νοσήματα,
3267 1113 3342 1175 ὡς
3379 1113 3612 1177 ἕκαστος
3649 1114 3761 1183 ἔχει

2178 1211 2492 1280 δυνάμεως,
2557 1206 2616 1262 εὖ
2661 1209 2828 1262 ποιῶν
2887 1209 2915 1260 ὁ
2959 1207 3412 1266 θεσπεσιώτατος.
3477 1203 3566 1266 Ὠς
3624 1209 3762 1275 μήτε

2179 1299 2502 1372 νομοθεσίαν
2533 1295 2673 1353 εἶναι
2700 1300 2759 1354 τὸ
2788 1298 3133 1368 τελούμενον,
3169 1297 3307 1365 μήτε
3364 1297 3472 1363 μὴν
3521 1295 3761 1366 ἀσθερά-

2181 1412 2379 1449 πευτον
2424 1394 2606 1465 ψυχὴν
2650 1394 2790 1464 ὑπὲρ
2822 1389 2889 1464 ἦς
2918 1392 3148 1463 Χριστὸς
3181 1389 3441 1452 ἀπέθανε,
3492 1390 3763 1455 καταλιμ-

2181 1487 2447 1541 πάνεσθαι
2481 1504 2495 1518 ο
2593 1488 2686 1540 καὶ
2743 1483 2901 1537 τοῦτο
2967 1483 3170 1554 δηλαδὴ
3220 1482 3410 1552 μέχρις
3474 1479 3760 1551 ὁρθοδόξου

2181 1580 2422 1634 συνόδου·
2444 1578 2680 1650 ὁπηνίκα
2697 1577 2791 1629 καὶ
2804 1576 2871 1629 τὰ
2893 1576 3072 1638 καλῶς
3089 1574 3418 1646 ὑπηργμένα
3436 1572 3664 1643 ἐγκριθή
3674 1588 3759 1623 σε-

2178 1686 2268 1722 ται
2289 1688 2303 1702 ο
2333 1669 2426 1724 καὶ
2454 1671 2522 1723 τὰ
2547 1669 2716 1731 ἄλλως
2741 1667 2939 1737 ἔχοντα
2955 1664 3520 1736 ἁποδοκιμασθήσεται
3541 1677 3558 1693 ⁶
3586 1663 3677 1716 καὶ
3699 1661 3760 1713 τὺ

496 1749 586 1816 qui
636 1751 751 1805 vult
777 1753 958 1808 salvos
1010 1754 1125 1809 ﬁeri
1158 1771 1348 1811 omnes
1380 1775 1394 1812 :
1429 1768 1633 1828 quanto
1661 1759 1834 1828 magis
1859 1774 1954 1813 eos
1981 1759 2075 1829 qui

2180 1764 2413 1832 πρᾶγμα
2442 1761 2562 1832 Θεῷ
2602 1759 2894 1831 προσφιλὲς
2928 1759 3009 1810 ὅτι
3039 1756 3297 1827 μάλιστα,
3332 1756 3390 1818 ὃς
3419 1757 3520 1825 ἐρᾷ
3547 1758 3759 1813 πάντας
3812 1795 3818 1798 .

497 1841 563 1894 ad
597 1845 932 1911 paenitentiae
961 1849 1258 1901 remedium
1288 1859 1582 1910 accurrunt
1607 1851 1630 1904 ?
1656 1851 1748 1919 qui
1783 1849 1887 1905 fert
1916 1866 2074 1919 opem

497 1948 604 1988 una
635 1949 758 1990 cum
788 1952 853 1990 eo
903 1940 994 2007 qui
1032 1937 1274 1993 fraterno
1327 1940 1522 1996 all'ectu
1588 1957 1809 1996 manum
1865 1943 2078 2003 tendit;

495 2027 588 2097 qui
621 2028 921 2084 collaborat
949 2031 998 2086 ei
1058 2032 1148 2100 qui
1193 2032 1463 2101 jacentem
1497 2033 1676 2102 erigit.
1735 2034 1884 2090 Illius
1934 2035 2081 2089 enim

493 2134 558 2172 ea
597 2134 698 2173 vox
731 2129 856 2176 est:
912 2121 1295 2189 Consolamini,
1357 2126 1728 2187 consolamini,
1761 2125 2077 2192 sacerdotes,

491 2208 742 2276 populum
781 2227 954 2264 meum
981 2228 1000 2265 :
1035 2213 1312 2283 loquimini
1355 2216 1422 2267 ad
1476 2233 1630 2270 aures
1665 2214 1965 2270 Jerusalem
2011 2218 2076 2251 ’⁸ο

493 2299 634 2366 Quid
681 2311 763 2357 est
792 2305 936 2359 aliud
968 2321 1135 2375 porro
1181 2309 1500 2374 consolatio,
1538 2325 1700 2378 quam
1729 2311 2080 2366 adversario-

493 2410 616 2449 rum
649 2398 1012 2460 conservatio,
1044 2407 1097 2452 et
1138 2414 1327 2453 eorum
1383 2402 1474 2469 qui
1507 2402 1573 2454 de
1603 2403 1690 2457 via
1734 2402 2076 2467 deﬂexerint,

501 2500 602 2556 per
656 2489 1034 2556 ptenitentiam
1097 2492 1406 2546 emendatio
1440 2493 1463 2546 ?
1497 2492 1702 2548 Deinde
1741 2495 1806 2548 ad
1857 2510 1951 2549 eos
1985 2496 2079 2565 qui

496 2591 792 2650 peccarunt
821 2598 839 2635 :
871 2582 1002 2637 Cum
1057 2600 1290 2637 reversus
1350 2586 1689 2655 ingemueris,
1718 2596 1840 2639 tunc
1897 2588 2079 2640 salvus

495 2670 623 2734 eris,
647 2683 696 2726 et
727 2677 858 2727 scies
882 2674 973 2726 ubi
994 2674 1172 2743 fueris
1202 2675 1269 2729 ³⁸.
1298 2674 1364 2728 Ει
1403 2691 1664 2731 rursum»:
1702 2678 1885 2730 Adhuc
1914 2680 2076 2734 verba

503 2781 724 2833 precum
759 2766 1000 2829 loquente
1030 2777 1098 2831 te,
1130 2768 1308 2822 dicet:
1355 2767 1488 2824 Ecce
1514 2770 1698 2822 adsum
1726 2769 1791 2823 ⁸ο.
1832 2771 1898 2824 Ει
1922 2771 2077 2824 auxi-

499 2857 657 2910 liator
682 2866 763 2912 est
794 2872 986 2912 eorum
1041 2861 1132 2929 qui
1197 2871 1590 2916 convertuntur
1612 2878 1642 2915 a
1677 2863 1761 2918 via
1796 2863 1935 2916 mala
1970 2878 1984 2916 :
2019 2871 2075 2917 et

498 2963 654 3001 ovem
710 2949 1050 3020 deperditam
1113 2952 1356 3008 humeris
1389 2955 1529 3008 tollit
1564 2966 1656 3008 :et
1716 2956 1879 3009 donec
1923 2957 2076 3009 hodie

499 3044 900 3113 cognominatur
938 3045 983 3077 “
1036 3084 1052 3111 ,
1083 3047 1417 3116 paenitentiae
1482 3049 1874 3102 medicamenta
1933 3063 2073 3118 prae-

2187 1853 2456 1918 σώζεσθαι
2481 1869 2495 1883 ·
2525 1851 2600 1922 μὴ
2623 1851 2706 1903 ὅτι
2734 1867 2795 1917 γε
2822 1853 2946 1912 τοὺς
2984 1848 3062 1919 τῷ
3113 1849 3215 1918 τῆς
3268 1847 3557 1919 μετανοίας
3615 1862 3759 1915 (pap-

2189 1945 2349 2017 μάκῳ
2424 1943 2902 2014 προστρέχοντας;
2979 1940 3037 2004 ὃς
3088 1943 3181 1994 καὶ
3239 1940 3624 2008 συνεπικουρεῖ
3677 1934 3758 2005 τῷ

2181 2037 2520 2104 φιλαδέλφως
2567 2038 2724 2106 χεῖρα
2774 2035 3062 2104 ὁρέγοντι,
3119 2035 3212 2087 καὶ
3268 2033 3620 2102 συνανίστησι
3678 2028 3758 2097 τῷ

2183 2127 2548 2196 συνεγείροντι
2576 2125 2668 2177 τὸν
2715 2125 3014 2194 κάμνοντα.
3070 2121 3244 2176 Αὐτοῦ
3274 2123 3381 2192 γὰρ
3413 2126 3566 2192 φωνή
3597 2122 3753 2172 ἐστι·

2179 2215 2602 2286 Παρακαλεῐτε,
2635 2215 3058 2282 παρακαλεῖτε,
3097 2217 3152 2268 οὶ
3210 2212 3412 2281 ἱεροῖς,
3440 2214 3550 2267 τὸν
3597 2200 3757 2265 λαόν

2174 2328 2292 2378 μου
2329 2326 2343 2340 ο
2393 2308 2703 2374 λαλήσατε
2731 2310 2817 2373 εις
2841 2307 2913 2361 τὰ
2941 2304 3060 2363 ὦτα
3117 2305 3536 2375 Ἰερουσαλήμ.
3601 2301 3668 2356 Τί
3711 2300 3758 2352 δ’

2177 2403 2244 2456 ἂν
2290 2402 2418 2455 ἄλλο
2478 2403 2562 2472 εἴη
2617 2404 2652 2472 ἡ
2722 2401 3088 2473 παράκλησις.
3139 2399 3172 2468 ἢ
3219 2401 3254 2468 ἠ
3312 2399 3420 2452 τῶν
3470 2399 3759 2464 ἀνθέστη-

2179 2494 2350 2547 κότων
2381 2495 2731 2562 συντήρησις,
2753 2493 2846 2546 καὶ
2875 2493 2982 2547 τῶν
3018 2489 3400 2561 ἐκτραπέντων
3440 2491 3530 2544 διά
3581 2503 3759 2558 μετα-

2178 2585 2325 2647 νοίας
2354 2583 2762 2654 ἐπανόρθωσις;
2799 2577 2930 2638 Εἶτα
2977 2581 3114 2654 πρὸς
3149 2584 3279 2644 τοὺς
3321 2582 3716 2654 ἡμαρτηκότας
3742 2595 3756 2607 ⁸

2178 2676 2366 2730 Ὅταν
2395 2677 2805 2746 ἀποστραφεὶς
2836 2675 3154 2743 στενάξῃς,
3186 2676 3319 2728 τότε
3347 2674 3622 2740 σωθήσῃ,
3655 2671 3757 2726 καὶ

2176 2770 2378 2841 γνώσῃ
2419 2771 2536 2826 ποῦ
2561 2768 2741 2842 ἦσθα.
2769 2771 2874 2825 Kal
2897 2765 3051 2831 αὖθις
3069 2783 3084 2800 °
3120 2770 3248 2821 Ἔτι
3275 2782 3392 2821 σου
3420 2768 3492 2821 τὰ
3512 2765 3760 2834 ῥήματα

2175 2861 2286 2930 τῆς
2323 2863 2671 2932 προσευχῆς
2701 2861 3056 2926 λαλοῦντος.
3103 2858 3256 2928 ἐρεῖο
3295 2858 3448 2916 Ἰδοὺ
3489 2855 3757 2926 πάρειμι.

2176 2955 2287 3006 Kal
2324 2954 2518 3025 βοηθός
2550 2956 2664 3005 ἐστι
2708 2951 2817 3004 τῶν
2846 2950 3296 3022 ἀποστρεφόντων
3339 2950 3447 3002 ἀπὸ
3488 2948 3608 3002 ὁδοῦ
3659 2963 3759 2999 πο-

2176 3050 2390 3120 νηρᾶςο
2436 3047 2530 3100 καὶ
2601 3045 2661 3097 τὸ
2710 3043 3124 3114 πεπλανημένον
3176 3042 3447 3096 ποὸὁατον
3496 3041 3591 3093 ἐπὶ
3642 3039 3758 3092 τῶν

499 3136 591 3190 bet
625 3153 639 3190 :
673 3146 726 3190 et
780 3137 1045 3192 latronem
1107 3147 1386 3192 momento
1444 3140 1705 3208 temporis
1743 3138 1809 3192 ad
1860 3138 2074 3204 paradi-

2178 3139 2340 3209 ὤμων
2368 3139 2513 3208 αῐρει
2537 3152 2551 3167 ο
2590 3135 2686 3188 καὶ
2732 3135 2905 3203 ἄχρις
2935 3129 3006 3188 οὗ
3051 3133 3116 3188 τὸ
3157 3135 3424 3203 σήμερον
3458 3132 3756 3195 καλεῖται,

501 3242 618 3281 smn
649 3228 912 3282 admisit:
945 3237 999 3282 et
1039 3243 1294 3298 magnum
1325 3229 1564 3292 Petrum,
1617 3230 1711 3299 qui
1742 3244 1867 3284 eum
1908 3246 2073 3300 nega-

501 3327 606 3384 rat,
639 3333 762 3388 post
782 3335 1029 3374 amarum
1057 3319 1242 3374 ﬂetum
1283 3321 1487 3390 recepit
1517 3338 1530 3374 :
1565 3337 1628 3376 ac
1655 3324 1861 3385 Davidi.
1894 3324 2077 3394 perin-

500 3409 567 3464 de
593 3425 657 3465 ac
692 3410 736 3465 si
773 3411 910 3466 nihil
962 3420 1262 3480 peccasset,
1315 3413 1615 3483 pr0phetiae
1643 3414 1842 3469 iterum
1873 3416 2073 3470 donum

502 3500 782 3570 impertiit.
829 3503 1104 3569 Quorsum
1140 3519 1270 3558 vero
1326 3505 1517 3559 attinet
1570 3507 1730 3576 plura
1789 3520 2076 3576 suggerere

499 3593 768 3663 exempla,
811 3609 876 3648 ac
935 3609 1242 3649 sermonem
1296 3597 1660 3665 protrahere?
1693 3595 1966 3666 Benignus
1991 3603 2077 3650 est

505 3685 560 3738 in
616 3699 711 3739 eos
776 3685 871 3754 qui
911 3700 1039 3754 erga
1098 3700 1395 3742 conservos
1445 3703 1574 3741 suos
1609 3687 1879 3757 benigni:
1931 3694 1986 3740 et
2017 3687 2072 3740 in

500 3790 597 3830 eos
625 3790 846 3831 severus
895 3778 989 3846 qui
1037 3777 1496 3833 immisericordes
1523 3778 1849 3832 exstiterint.
1873 3777 2076 3844 Quam-

499 3870 686 3924 obrem
724 3885 900 3938 pruna:
921 3886 1045 3940 qua:
1075 3870 1131 3924 in
1163 3871 1417 3940 praesenti
1456 3870 1789 3940 penduntur,
1825 3871 2067 3926 remedia

502 3972 672 4017 sunt:
703 3979 809 4018 non
841 3973 898 4017 ut
950 3965 1255 4018 reverentia
1287 3973 1380 4018 tua
1408 3964 1548 4018 male
1569 3963 1751 4032 jocata
1783 3973 1886 4030 est,
1926 3964 2071 4019 absit

502 4062 649 4111 enim
712 4056 820 4109 tale
873 4054 1182 4110 convicium
1221 4073 1237 4110 :
1273 4070 1450 4125 neque
1493 4071 1557 4110 ea
1611 4072 1735 4125 quae
1788 4066 2071 4127 geruntur,

501 4145 886 4200 scandalorum
918 4145 1101 4210 initia,
1139 4145 1234 4200 sed
1275 4161 1417 4200 vera:
1447 4147 1732 4203 charitatis
1759 4159 2076 4220 argumenta

501 4247 648 4291 sunt.
687 4237 778 4290 Ait
817 4237 963 4291 enim
999 4235 1260 4292 Dominus
1292 4254 1306 4290 :
1350 4237 1533 4293 Talem
1563 4241 1873 4294 charitatem
1926 4256 2074 4294 nemo

499 4328 673 4393 habet,
715 4338 769 4381 ut
792 4329 1026 4381 animam
1050 4345 1199 4383 suam
1222 4340 1380 4398 ponat
1410 4333 1525 4401 quis
1553 4349 1647 4400 pro
1669 4334 1851 4387 amicis
1872 4334 1980 4387 suis
2006 4334 2070 4388 “.

2175 3233 2244 3285 τὰ
2268 3231 2365 3301 τῆς
2402 3226 2686 3298 μετανοίας
2713 3226 2982 3296 φάρμακα
3021 3227 3373 3297 προστίθησι·
3403 3225 3498 3276 καὶ
3525 3223 3621 3277 τὸν
3658 3225 3760 3296 λῃ-

2179 3323 2308 3389 στὴν
2344 3315 2404 3373 ἐν
2431 3321 2531 3390 μιᾷ
2579 3316 2770 3387 καιροῦ
2820 3320 2960 3389 ῥοπῇ
3015 3319 3108 3372 τοῦ
3142 3315 3466 3387 παραδείσου
3512 3315 3755 3384 ἠξίωσε·

2175 3413 2270 3466 καὶ
2291 3411 2383 3464 τὸν
2416 3410 2588 3479 μέγαν
2616 3398 2819 3479 Πέτρον
2840 3409 3216 3480 ὰρνησάμενον
3237 3407 3316 3478 τῷ
3338 3405 3520 3478 πικρῷ
3544 3405 3759 3460 κλαυθ-

2179 3503 2264 3574 μῷ
2319 3503 2634 3572 προσήκατο
2665 3518 2678 3532 ο
2733 3503 2827 3553 καὶ
2888 3500 2966 3569 τῷ
3019 3499 3223 3564 Δαυῖδ,
3269 3498 3346 3561 ὼς
3403 3497 3526 3566 μηδ’
3566 3495 3760 3551 ὁτιοῦν

2176 3597 2579 3667 ἁμαρτήσαντι,
2607 3594 2772 3647 πάλιν
2797 3592 2859 3645 τὸ
2891 3595 2988 3662 τῆς
3019 3593 3356 3662 προφητείας
3391 3590 3569 3661 ἐνίησι
3594 3591 3761 3660 χάρι-

2177 3706 2310 3759 σμα.
2336 3688 2447 3741 Kal
2475 3687 2526 3740 τί
2557 3685 2640 3738 δεῖ
2662 3684 2733 3738 τὰ
2756 3685 2927 3738 πολλά
2955 3684 3373 3754 παραδείγματα
3402 3682 3760 3750 ὑποφαίνειν,

2175 3781 2272 3834 καὶ
2308 3779 2568 3849 μηκύνειν
2609 3779 2700 3830 τὸν
2733 3778 2925 3846 λὸγον;
2962 3778 3056 3830 καὶ
3079 3775 3313 3852 χρηστός
3353 3777 3498 3828 ἐστιν
3541 3775 3600 3826 ἐν
3641 3779 3762 3838 τοῖς

2177 3872 2313 3942 πρὸς
2357 3871 2484 3932 τοὺς
2531 3869 2858 3939 ὁμοδούλους
2904 3867 3378 3939 χρηστευομένοις,
3427 3866 3522 3919 καὶ
3553 3866 3762 3920 ἀπότο-

2177 3981 2275 4033 μος
2314 3963 2373 4015 ἐν
2411 3964 2523 4025 τοῖς
2562 3960 2961 4031 ἀσυμπαθέσιν.
2989 3953 3065 4013 OB
3099 3959 3286 4012 εἵνεκα
3318 3960 3374 4011 αἱ
3411 3959 3671 4028 ἰατρεῖαι,
3699 3956 3763 4011 αἱ

2177 4053 2445 4124 ἐπιτιμίαν.
2472 4053 2612 4106 κατὰ
2635 4053 2726 4105 τὸν
2751 4053 2995 4122 παρόντα
3024 4050 3210 4120 χρόνον
3252 4048 3570 4118 τελούμεναι
3603 4064 3619 4080 ο
3655 4048 3762 4118 οὐχ

2173 4147 2249 4210 ὡς
2277 4148 2310 4216 ἡ
2335 4145 2582 4216 τιμιότης
2611 4161 2703 4197 σου
2727 4141 3153 4213 κεκωμῴδηκεν,
3175 4141 3354 4209 ἄπαγε
3377 4140 3477 4209 τῆς
3508 4139 3762 4208 βλασφηο

2179 4236 2326 4308 μίας,
2361 4236 2480 4289 ούδέ
2516 4234 2826 4288 σκανδάλων
2869 4233 3132 4303 παραίτια
3170 4231 3239 4284 τὰ
3290 4229 3582 4299 γινόμενα,
3635 4225 3763 4283 ἀλλ’

2175 4330 2436 4402 ἀληθινῆς
2487 4329 2708 4397 ἀγάπης
2761 4326 3060 4395 τεκμήρια.
3115 4325 3251 4393 Φησὶ
3296 4322 3404 4390 γὰρ
3450 4320 3479 4371 6
3523 4319 3760 4388 Κύριος,

2183 4421 2470 4488 Τοιαύτην
2497 4418 2740 4488 ἀγάπην
2768 4416 2964 4478 οὐδεὶς
2987 4417 3134 4484 ἔχει,
3162 4415 3262 4466 ἵνα
3285 4430 3374 4478 τις
3401 4411 3515 4479 τὴν
3538 4411 3764 4481 ψυχὴν

2173 4508 2358 4561 αὑτοῦ
2381 4504 2456 4573 θῇ
2485 4505 2638 4572 ὑπὲρ
2675 4503 2794 4556 τῶν
2823 4503 3018 4572 φίλων
3045 4502 3256 4555 αὐτοῦ.

570 4592 811 4647 Posuere
861 4592 1025 4662 igitur
1084 4593 1298 4649 animas
1343 4610 1473 4650 suas
1503 4596 1698 4651 medici
1724 4611 1822 4665 pro
1856 4598 1922 4650 iis
1979 4597 2072 4666 qtti

2250 4597 2503 4649 Τιθέασιν
2526 4591 2619 4648 οὖν
2650 4595 2746 4658 τὰς
2776 4592 2953 4664 ψυχὰς
2979 4594 3160 4646 αὐτῶν
3189 4593 3333 4664 ὑπὲρ
3357 4593 3467 4646 τῶν
3498 4589 3764 4662 ἰατρευο-

499 4687 728 4756 egebant
773 4687 1051 4741 curatione
1083 4729 1098 4748 ,
1142 4688 1296 4757 juxta
1348 4703 1536 4743 verum
1594 4705 1896 4745 sermonem
1933 4709 1954 4744 ε’
1978 4705 2076 4745 nec

2193 4689 2367 4758 μένων
2399 4689 2446 4739 οἱ
2503 4686 2820 4756 ἀκέστορες,
2858 4686 3002 4738 κατά
3040 4685 3132 4738 τὸν
3189 4685 3370 4755 ἀληθῆ
3414 4685 3571 4753 λόγον
3596 4703 3608 4715 ·
3649 4689 3764 4741 οὐκ

499 4777 697 4830 divinae
723 4777 1145 4846 dispensationis
1176 4789 1538 4834 mercaturam
1594 4781 1840 4836 fecerunt
1871 4781 2076 4836 Christi

2180 4779 2607 4850 ἐμπορευόμενοι
2645 4781 2744 4849 τὴν
2785 4778 3064 4850 θεόκριτον
3101 4777 3412 4848 οίκονομίαν
3441 4779 3516 4841 ὡς
3538 4779 3758 4849 Χριστ-

500 4869 880 4938 negotiatores.
911 4870 988 4924 Ac
1020 4870 1251 4939 populus
1296 4871 1388 4926 Dei
1427 4873 1666 4942 quotidie
1711 4883 2029 4944 repurgatur
2062 4891 2076 4926 :

2180 4871 2430 4944 έμποροι.
2466 4873 2578 4926 Kal
2622 4873 2650 4924 6
2677 4871 2804 4934 λαὸς
2852 4871 2944 4924 τοῦ
2983 4869 3116 4924 Θεοῦ
3144 4871 3416 4942 ὁσημέραι
3445 4871 3762 4925 ἀνακαθαί-

500 4968 553 5013 et
592 4959 788 5014 domus
848 4960 980 5013 Saul
1020 4961 1344 5018 decrescens
1405 4964 1690 5018 imminuta
1715 4974 1796 5020 est
1827 4983 1841 5020 :
1877 4966 2076 5021 domus

2183 4980 2334 5032 ρεται
2364 4980 2379 4994 ·
2421 4963 2514 5015 καὶ
2539 4963 2568 5014 6
2592 4957 2739 5025 οἶκος
2768 4962 2939 5014 Σαοὺλ
2968 4962 3212 5015 ἀσθενῶν
3241 4963 3550 5032 ἠλάττωται
3575 4979 3588 4992 ⁸
3621 4965 3652 5015 6
3696 4964 3760 5017 δέ

497 5063 679 5108 autem
713 5055 878 5109 David
938 5057 1114 5125 major
1157 5055 1349 5110 ell‘ecta
1389 5064 1443 5110 et
1480 5057 1825 5124 amplilicata,
1861 5072 2076 5126 semper

2178 5051 2323 5117 οἶκος
2351 5053 2514 5107 Δαυῒδ
2562 5054 2996 5124 μεγαλυνόμενος
3051 5053 3403 5123 ἐπηύξηται·
3441 5056 3505 5106 ἐκ
3551 5053 3760 5108 τούτου

501 5146 555 5199 in
602 5147 799 5200 melius
839 5147 1151 5215 proliciente
1219 5148 1449 5200 sanitate
1482 5147 1547 5200 ⁵³.
1601 5146 1706 5201 Sed
1757 5147 1900 5201 enim
1942 5148 2070 5218 quid

2178 5150 2258 5210 εἰς
2301 5145 2458 5199 τοῦτο
2515 5146 2982 5215 μεταταττομένου
3033 5147 3126 5198 τοῦ
3177 5146 3520 5215 ἀνοσὴματος
3579 5141 3758 5216 [Cod.

500 5246 680 5303 optas,
707 5239 789 5291 vir
837 5239 1069 5307 egregie,
1101 5237 1185 5291 his
1243 5238 1586 5305 temporibus
1646 5240 2071 5308 praevalescente

2178 5236 2309 5307 Reg.
2334 5236 2785 5308 ἀνασφήλαντος].
2831 5237 2993 5290 Ἀλλὰ
3021 5238 3072 5290 τί
3093 5237 3323 5308 βούλοιο,
3352 5233 3396 5290 ὦ
3430 5237 3716 5307 θαυμάσιε
3740 5258 3757 5272 ·

501 5327 717 5390 haeresi,
747 5343 812 5382 ac
839 5329 1022 5381 divino
1053 5336 1309 5396 pereunte
1336 5328 1573 5397 opiﬁcio,
1603 5330 1809 5383 nullum
1851 5332 2066 5399 uspiam

2178 5329 2231 5380 ἐν
2258 5325 2533 5388 τοσούτοις
2591 5329 2802 5396 χρόνοις
2845 5329 3252 5399 ἐπικρατούσης
3293 5330 3392 5396 τῆς
3445 5328 3749 5398 αἱρέσεως,

501 5419 771 5473 medicum
810 5419 1087 5474 inveniri?
1136 5422 1342 5475 nullam
1399 5435 1522 5475 esse
1551 5422 1797 5476 medendi
1851 5424 2068 5476 artem?

2178 5419 2266 5472 καὶ
2303 5419 2593 5488 ὁλλυμένου
2616 5417 2710 5471 τοῦ
2743 5419 2888 5471 θείου
2912 5419 3250 5489 πλάσματος,
3297 5419 3372 5490 μὴ
3401 5419 3758 5489 ὁπτανθῆναι

501 5527 610 5565 non
645 5511 870 5579 praeberi
891 5527 1034 5568 caeco
1068 5528 1284 5567 manum
1315 5513 1339 5566 ἲ
1369 5529 1479 5568 non
1527 5515 1708 5568 sanari
1755 5524 2014 5584 aegrotum
2046 5514 2069 5567 ?

2178 5514 2360 5584 ίατρὸν
2415 5513 2469 5566 τί
2514 5530 2653 5579 που;
2691 5512 2767 5583 μὴ
2820 5508 2959 5565 εἶναι
3001 5513 3404 5580 θεραπευτικὰς
3439 5512 3755 5582 μεθόδους;

503 5617 612 5659 non
659 5604 772 5659 indi
813 5604 1022 5660 vulneri
1063 5606 1428 5660 lineamentun
1462 5605 1485 5658 Ἰ
1518 5621 1624 5659 non
1655 5606 1906 5661 claudum
1929 5608 2062 5677 erigi

2178 5608 2252 5680 μὴ
2300 5609 2778 5680 χειραγωγηθῆναι
2831 5606 3242 5676 τυφλώττοντα;
3301 5606 3375 5676 μὴ
3411 5606 3755 5676 ὑγιασθῆναι

573 5722 614 5752 ³⁷
651 5720 816 5778 Hebr.
857 5740 912 5784 v,
951 5721 1000 5775 l.

504 5809 584 5859 ιιι,
624 5793 708 5848 l5.

1113 5723 1159 5755 ³⁸
1200 5723 1303 5777 lsa.
1349 5740 1435 5786 τι,
1483 5725 1503 5776 l
1545 5739 1608 5793 ex
1641 5720 1799 5776 LXX.
1878 5725 2047 5782 3’lsa.
2104 5742 2231 5793 xxx,
2280 5727 2348 5781 l5
2387 5743 2450 5783 ex
2469 5725 2630 5780 LXX.
2707 5725 2753 5758 ⁸ο
2786 5725 2890 5780 lsa.
2924 5738 3073 5787 Lvm,
3107 5723 3214 5779 9ex
3249 5721 3410 5778 LXX.
3487 5722 3530 5752 “
3570 5720 3750 5780 Hebr.

821 5795 862 5824 “
891 5791 1049 5849 Joan.
1084 5809 1172 5860 xv,
1211 5793 1295 5848 13.
1397 5794 1440 5824 ⁵³
1467 5793 1509 5845 ΙΙ
1541 5792 1669 5863 Reg.
1707 5811 1785 5861 lll,
1824 5796 1869 5848 l.
