3934 6512
215 110 560 125 -Ι-ρνῂ
588 104 733 110 ___,_

227 435 341 502 1509

1367 447 1898 515 EPISTOLARUM
1955 455 2100 516 LIB.
2144 454 2228 513 ῐ[.

3275 447 3413 515 1510

220 545 628 657 νοσηλεύομενονς
679 549 754 622 μὴ
781 642 801 657 ς
827 551 1140 624 μοτωθῆναι
1192 559 1737 632 τραυματιζόμενον;

1859 574 1908 620 ut
1972 574 2122 622 recto
2187 565 2322 636 pede
2371 565 2588 622 incedat
2637 565 2800 620 inon
2851 562 2998 634 quod
3070 560 3413 617 confractum

220 640 283 712 μὴ
316 639 655 711 ὀρθοποδῆσαι
699 642 1042 714 χωλεύοντα;
1100 646 1177 718 μὴ
1229 651 1740 726 καταδεσμευθῆναι

217 732 622 803 ωπριόόμενονς
665 735 739 804 μὴ
778 736 1183 808 ἐπιστραφῆναι
1232 740 1615 813 πλανώμενον;
1666 749 1740 818 μὴ

215 823 334 877 κατὰ
353 825 449 877 πᾶν
475 824 651 878 ὁτιοῦν
695 826 906 896 νόσημα
947 827 1177 881 καθόσον
1220 826 1330 883 οίόν
1362 850 1421 885 τε
1465 837 1742 904 ἐπαγωνί-

213 917 378 969 σασθαι
407 915 492 969 τδν
526 917 985 988 προαιρούμενονς
1020 920 1280 990 Καίτοιγε
1308 924 1526 995 δρῶμεν
1552 930 1609 980 ἐν
1630 932 1742 993 τοῖς

213 1005 302 1058 τῶν
326 1006 580 1076 σωμάτων
612 1008 818 1077 ἰατροῖς
869 1010 1071 1082 πολλὴν
1105 1013 1206 1082 τὴν
1253 1015 1595 1082 ἐπιμέλειαν,
1646 1021 1742 1073 καὶ

211 1096 434 1150 πολλάτὰ
466 1101 686 1168 ίατήρια
717 1117 730 1130 ·
763 1102 856 1154 καὶ
877 1100 935 1165 δς
962 1102 1062 1171 μὲν
1081 1104 1251 1170 τόνδε,
1273 1104 1332 1168 ὃς
1371 1105 1427 1157 δὲ
1469 1108 1617 1161 τόνδε
1650 1113 1743 1163 ὲκ-

210 1187 517 1258 κεχείρισται
549 1189 877 1261 θεραπεύειν
897 1207 911 1221 ο
939 1194 1034 1245 καὶ
1063 1194 1184 1247 οὑδὲ
1212 1197 1240 1248 ὁ
1287 1197 1344 1248 ἐν
1372 1196 1529 1264 τάξει
1577 1197 1739 1270 [(3οά.

209 1277 322 1345 Reg.
358 1279 570 1353 στάσει]
608 1281 883 1352 ὑπηρέτου
923 1285 1402 1355 κατατεταγμένος
1437 1288 1742 1344 κεκώλυται

209 1374 494 1438 χειραπτεῖν
528 1373 669 1429 κατὰ
697 1373 794 1445 τὴν
816 1374 1043 1428 ἐνοῦσαν
1091 1377 1277 1441 αὐτοῖς
1330 1379 1578 1450 ίατρικὴν
1620 1383 1742 1434 ἐπι-

209 1460 473 1532 στήμην,ἢ
515 1463 881 1534 προῦχουσαν,
916 1467 948 1537 ἢ
993 1467 1372 1540 ὑφισταμένην
1418 1469 1572 1542 [(ἒοό.
1609 1473 1741 1542 lieg.

208 1547 525 1626 ὑφειμένην].
561 1556 671 1608 Καὶ
699 1555 1047 1628 καθεκάστην
1077 1561 1126 1612 οἰ
1159 1561 1588 1629 συγκύπτοντες,
1650 1565 1745 1617 καὶ

205 1638 411 1710 πληρεις
434 1645 489 1694 al
524 1644 746 1706 τούτους
773 1646 1163 1718 ὑποδεχόμεναι
1201 1651 1376 1703 ἑστίαι
1401 1666 1416 1681 ·
1445 1653 1539 1704 καὶ
1569 1652 1746 1716 οὐδεὶς

205 1735 508 1802 κατεγκαλεῖ
557 1737 656 1808 τὴν
699 1738 1020 1807 ἐπιμέλειαν
1052 1756 1066 1769 ⁸
1102 1741 1223 1793 οὐδὲ
1251 1743 1597 1796 καταιτιᾶται
1654 1743 1744 1796 τὸν

204 1827 318 1893 περὶ
343 1825 434 1897 τὴν
464 1828 708 1898 ἰατρείαν
765 1830 1377 1900 σπουδαιολογούμενον.
1437 1832 1598 1885 Ἀλλὰ
1646 1834 1742 1886 καὶ

1842 666 1927 713 est
1959 657 2252 728 colligari?
2287 672 2396 713 non
2429 666 2623 712 contra
2672 656 2970 726 quemlibet
3017 655 3267 709 morbum
3317 667 3416 723 pro

1842 749 1982 804 virili
2007 750 2287 805 decertare
2314 765 2438 806 eum
2467 750 2561 819 qui
2593 747 2776 804 facere
2804 747 2857 802 id
2888 745 3063 816 possit
3089 745 3112 799 τ
3141 743 3208 798 Ει
3230 743 3416 812 utique

1841 841 1898 897 in
1933 841 2160 897 medicis
2193 855 2486 911 corporum
2540 840 2834 894 maximam
2888 836 3224 905 diligentiam
3258 834 3417 889 adhi-

1843 938 2055 1000 bemus,
2102 949 2167 990 ac
2203 935 2600 990 medicamenta
2654 932 2910 1002 plurima.
2938 928 3007 982 Et
3057 929 3146 983 hic
3193 927 3414 998 quidem

1841 1026 2027 1091 istum,
2063 1026 2229 1080 alium
2263 1026 2363 1081 iste
2388 1025 2694 1080 curandum
2727 1020 2995 1090 suscipit:
3021 1033 3197 1087 neque
3226 1017 3322 1087 qui
3358 1017 3414 1071 in

1843 1118 2034 1174 ordine
2079 1118 2459 1173 ministrorum
2514 1126 2771 1172 censetur
2800 1152 2817 1180 ,
2853 1113 3141 1168 admovere
3187 1124 3412 1164 manum

1842 1211 2202 1281 prohibetur,
2258 1210 2410 1279 juxta
2447 1224 2565 1264 eam
2610 1223 2774 1278 quam
2828 1205 2988 1260 callet
3027 1213 3196 1259 artem
3238 1200 3415 1256 medi-

1845 1301 2033 1368 candi,
2086 1302 2203 1357 sive
2246 1301 2618 1365 excellentem,
2656 1298 2773 1353 sive
2821 1296 3158 1352 inferiorem.
3189 1292 3256 1347 Et
3286 1301 3416 1348 sunt

1844 1394 2090 1465 quotidie
2122 1392 2215 1462 qui
2246 1393 2471 1446 vulnera
2505 1389 2830 1459 inspiciam,
2860 1395 2913 1441 et
2947 1387 3120 1456 plenae
3143 1393 3270 1440 sunt
3295 1399 3417 1452 quae

1845 1486 1949 1540 hos
1982 1485 2265 1554 excipiunt
2289 1484 2431 1538 aedes
2478 1500 2492 1535 :
2529 1497 2629 1536 nec
2657 1481 2944 1550 quisquam
2973 1476 3307 1546 diligentiam
3332 1489 3419 1527 re-

1843 1577 2152 1646 prehendit,
2185 1583 2280 1628 aut
2325 1582 2546 1629 accusat
2582 1588 2704 1626 eum
2729 1572 2822 1642 qui
2867 1571 3090 1625 medica
3117 1571 3220 1623 arti
3243 1568 3422 1639 perdi-

1845 1667 2058 1722 scendae
2100 1668 2192 1720 dat
2232 1680 2478 1735 operam.
2509 1665 2613 1719 Sed
2640 1675 2694 1719 et
2726 1663 2999 1733 principes
3044 1675 3108 1715 ac
3158 1658 3419 1729 praecipui

1843 1762 2195 1827 medicorum,
2225 1769 2278 1814 et
2306 1759 2625 1820 mediocres,
2652 1766 2706 1812 et
2740 1755 2932 1818 inﬁmi,
2982 1753 3198 1824 plenum
3231 1751 3423 1806 huma-

1845 1852 2034 1907 nitatis
2059 1850 2382 1918 obsequium
2427 1847 2702 1904 deferunt.
2739 1845 2897 1912 Quod
2927 1844 2972 1899 si
2998 1843 3072 1897 ita
3093 1857 3152 1896 se
3189 1854 3280 1894 res
3310 1838 3426 1892 illic

205 1916 514 1988 πρώταρχοι,
540 1921 634 1973 καὶ
650 1923 846 1992 ἀρχιητ
856 1923 958 1991 pol,
977 1925 1072 1976 nat
1091 1923 1269 1992 μέσοι,
1302 1924 1397 1976 καὶ
1414 1925 1737 1986 τελευταῖοι,

1863 1947 2010 2000 labet
2046 1963 2059 2000 :
2100 1916 2274 1999 multo
2327 1923 2516 1998 verius
2569 1941 2757 2010 utique
2801 1939 2856 1992 in
2905 1936 2973 1991 iis
3011 1949 3132 2005 qua:
3180 1931 3420 1986 animam

201 2006 285 2077 τὴν
329 2010 707 2081 φιλάνθρωπον
748 2014 985 2084 δρῶντες
1033 2015 1368 2085 οἰκονομίαν.
1401 2017 1464 2069 Εἰ
1511 2017 1566 2070 δὲ
1624 2018 1741 2069 ἐκεῖ

201 2099 352 2163 οὕτως
375 2119 389 2132 ’
432 2103 609 2174 πολλῷ
637 2104 904 2176 δήπουθεν
935 2108 991 2157 ἐν
1021 2108 1133 2168 τοῖς
1182 2107 1323 2160 κατὰ
1355 2107 1557 2178 ψυχὴν,
1597 2109 1742 2162 κατὰ

198 2192 250 2242 τδ
277 2193 547 2262 ἀνάλογον,
581 2195 760 2249 πάντα
793 2197 886 2247 καὶ
913 2196 1106 2264 ὁρᾶται
1163 2198 1259 2250 καὶ
1306 2198 1513 2266 ὀφείλει
1559 2200 1742 2268 γίγνε-

202 2284 330 2380 σθαι.
352 2285 461 2338 Καὶ
482 2288 511 2339 ὀ
544 2286 826 2350 κωλύσων,
863 2287 1076 2357 λυμεὼν
1109 2307 1193 2352 τις
1218 2291 1310 2343 καὶ
1345 2291 1522 2354 κοινὸς
1548 2293 1743 2363 ἐχθρὸς

196 2374 278 2423 τοῦ
301 2375 506 2441 γένους,
530 2374 606 2436 ὡς
627 2375 704 2444 τῷ
732 2376 825 2428 ἀπ’
867 2377 1042 2447 ἀρχῆς
1076 2379 1172 2433 ἀνθ
1183 2379 1512 2450 ρωποκτόνῳ
1551 2397 1742 2451 συνερ-

199 2461 293 2527 γῶν
316 2463 715 2534 λογισθήσεται.
746 2467 846 2530 Οὐ,
876 2469 1030 2536 φησὶ,
1070 2471 1315 2522 τοιοῦτον
1342 2471 1402 2522 τὸ
1427 2471 1697 2542 ἡμέτερον
1728 2488 1739 2500 ·

195 2553 491 2609 ἀλλ’ἐκεῖνο
517 2557 884 2628 πυνθάνομαι,
925 2563 1007 2614 δτι
1063 2564 1113 2614 εί
1147 2564 1174 2614 ὀ
1207 2562 1414 2632 Κύριος
1441 2563 1542 2632 τὴν
1579 2565 1739 2633 μετάι

195 2661 328 2697 νοιαν
365 2649 730 2720 παρατροπὴν
754 2645 920 2705 οὖσαν
949 2653 1048 2723 τῆς
1077 2655 1172 2707 τοῦ
1207 2656 1418 2712 δικαίου
1456 2659 1746 2729 ἀκριϐείας

191 2735 270 2789 διὶι
297 2737 355 2790 τὸ
382 2740 664 2808 ἀγαθόνοὺ
693 2743 999 2815 τεθάῤῥηκε
1028 2745 1349 2817 δωρεῖσθαι,
1374 2750 1506 2822 πρὶν
1561 2753 1745 2804 πᾶσαν

193 2827 535 2904 ὀφειλομένην
571 2837 685 2898 τοῖς
717 2836 809 2888 τοῦ
841 2837 1054 2891 δικαίου
1092 2840 1354 2910 σταθμοῖς
1395 2859 1455 2895 τε
1514 2845 1608 2897 καὶ
1653 2845 1744 2909 Cp-

192 2920 315 2984 τοῖς,
349 2921 417 2976 δι’
456 2924 652 2977 ἑαυτοῦ
686 2927 1018 2982 καταθέσθαι
1060 2930 1274 2985 δικαίαν
1303 2935 1579 3006 τιμωρίαν
1607 2953 1623 2970 ο
1663 2939 1747 3001 τίς

192 3010 450 3084 τολμηρὸς
478 3016 576 3070 καὶ
607 3019 983 3088 ὑπερήφανος,
1013 3022 1071 3086 ὃς
1098 3021 1381 3096 ἐπιτρέψει
1429 3030 1610 3102 ἐαυτῷ
1652 3048 1748 3102 με·

192 3103 396 3159 τάνοιαν
427 3107 749 3178 καθαρίζειν
776 3111 890 3164 τῶν
923 3114 1319 3185 ἀρνησαμένων
1357 3119 1450 3173 τοῦ
1487 3123 1747 3194 Σωτῆρος

193 3194 336 3263 ἡμῶν
360 3199 603 3271 Χριστοῦ
634 3203 704 3254 τὰ
734 3203 873 3274 ὑπὲρ
908 3206 1068 3276 ἡμῶν
1101 3209 1403 3280 παθήματα
1423 3230 1435 3243 ·
1474 3214 1548 3285 μὴ
1612 3217 1749 3286 πρό-

1841 2045 2102 2108 spectant,
2155 2036 2510 2107 proportione
2559 2033 2675 2088 ﬁeri
2728 2031 2913 2085 omnia
2967 2037 3022 2083 et
3087 2024 3341 2080 videntur
3370 2030 3427 2076 et

1843 2145 2066 2185 necesse
2102 2139 2212 2183 est.
2237 2128 2315 2183 Ac
2350 2127 2396 2182 si
2426 2126 2548 2196 quis
2584 2122 2957 2193 prohibuerit,
3003 2116 3230 2174 humani
3264 2126 3425 2184 gene'

1842 2225 1922 2278 ris
1960 2224 2050 2277 ille
2081 2221 2249 2293 pestis
2278 2219 2526 2290 quaedam
2559 2225 2614 2272 et
2670 2214 2981 2270 communis
3014 2210 3188 2266 hostis
3230 2219 3425 2264 cense—

1845 2318 1991 2371 bitur
2021 2355 2038 2382 ,
2090 2327 2349 2385 tanquam
2399 2314 2451 2367 ei
2505 2311 2599 2381 qui
2648 2311 2717 2364 ab
2762 2308 2920 2363 initio
2967 2304 3241 2359 homicida
3293 2299 3423 2362 fuit,

1845 2408 2214 2463 consentiens.
2247 2404 2365 2459 Non
2404 2404 2520 2470 sic,
2565 2402 2766 2472 inquis,
2811 2407 3012 2453 nostra:
3053 2411 3143 2451 res
3178 2393 3422 2458 habent;

1845 2499 1942 2554 sed
1981 2498 2114 2553 illud
2143 2512 2275 2567 rogo
2304 2515 2317 2552 :
2350 2496 2398 2552 si
2437 2494 2704 2549 Dominus
2752 2488 3151 2560 paenitentiam,
3183 2500 3303 2555 qua
3327 2483 3426 2537 de—

1846 2590 2009 2645 fectio
2039 2597 2122 2643 est
2165 2588 2233 2642 ab
2258 2596 2450 2642 exacta
2479 2584 2689 2656 justitia
2721 2591 2775 2636 et
2801 2582 3003 2634 virtute
3024 2619 3038 2643 ,
3068 2573 3423 2647 quantumvis

1846 2679 2284 2740 commendanda
2310 2679 2402 2744 sit,
2424 2719 2439 2743 ,
2472 2692 2583 2732 non
2629 2689 2795 2730 ausus
2824 2681 2909 2727 est
2938 2670 3161 2740 praemio
3199 2667 3425 2730 donare,

1848 2782 2142 2841 antequam
2176 2771 2417 2826 debitam
2452 2766 2664 2823 meritis
2691 2778 2907 2835 ptenam
2943 2774 3161 2815 omnem
3186 2758 3254 2812 ad
3288 2757 3431 2828 juris

1846 2875 1902 2922 et
1946 2863 2086 2934 sequi
2104 2863 2366 2918 trutinam
2397 2877 2462 2916 ac
2486 2869 2739 2915 stateram
2764 2872 2860 2925 per
2907 2869 2968 2909 se
3006 2856 3120 2923 ipse
3151 2852 3428 2906 solveret:

1849 2958 1974 3029 quis
2011 2955 2189 3013 audax
2222 2955 2356 3008 adeo
2377 2968 2443 3008 ac
2480 2949 2806 3006 temerarius
2838 2988 2854 3014 ,
2894 2945 2988 3016 qui
3031 2946 3138 2999 hoc
3166 2941 3272 2997 sibi
3312 2941 3432 3011 ipse

1851 3028 2093 3116 arroget,
2143 3052 2204 3099 ut
2233 3042 2612 3114 paenitentiam
2663 3037 2853 3092 tollere
2902 3033 3031 3087 velit
3067 3045 3292 3096 eorum,
3337 3028 3431 3097 qui

1850 3142 2112 3196 toleratos
2159 3153 2190 3191 a
2233 3135 2452 3191 Christo
2504 3132 2788 3187 Servatore
2840 3135 3030 3182 nostro
3077 3130 3300 3193 propter
3331 3136 3434 3176 nos

1851 3235 2124 3291 cruciatus
2156 3235 2422 3300 negarunt
2443 3244 2462 3295 ;
2481 3225 2585 3280 nisi
2613 3224 2764 3295 prius
2789 3235 2952 3276 omne
2974 3219 3215 3273 debitum
3246 3214 3437 3270 exsol-

191 3303 336 3356 τερον
353 3291 576 3346 ἃπασαν
602 3293 810 3349 ἔκτισιν
839 3297 1134 3352 ἀποδοῦναι
1162 3303 1228 3371 τῇ
1255 3301 1348 3355 τοῦ
1372 3304 1583 3359 δικαίου
1608 3308 1751 3360 ἀπα-

1859 3326 2032 3381 verint
2059 3365 2075 3390 ,
2119 3323 2187 3378 ad
2237 3326 2486 3376 exactam
2549 3324 2605 3372 et
2650 3313 3015 3370 inviolabilem
3055 3307 3256 3366 summi
3293 3306 3437 3377 juris

195 3383 402 3457 ραδάτῳ
423 3389 732 3462 adempta;

251 3501 351 3555 Φεῦ
393 3505 491 3559 τοῦ
527 3507 804 3578 τολμηροῦ
847 3509 940 3563 καὶ
1013 3509 1277 3563 ἀσυνέτου
1329 3513 1752 3584 προϐλήματοςί

194 3589 320 3644 Πότε
347 3589 529 3650 ὦπται
563 3598 590 3649 ὀ
629 3598 865 3667 Χριστὸς
906 3599 1004 3668 τὴν
1060 3601 1356 3668 μετάνοιαν
1399 3605 1755 3671 εὐαγγελιζό-

196 3700 376 3752 μενοςς
413 3691 550 3743 πότε
577 3689 659 3759 τῷ
703 3693 1062 3763 παραλυτικῷ
1109 3695 1333 3766 εῐρηκεο
1367 3752 1373 3760 ε
1388 3696 1625 3764 Θάρσει,
1658 3697 1754 3750 τέ-

194 3792 350 3841 mror,
391 3781 697 3849 ἀφέωνται
724 3796 825 3836 σοι
880 3787 941 3838 αὶ
984 3785 1262 3854 ἁμαρτίαι
1308 3803 1458 3850 σου;
1496 3789 1630 3841 Πότε
1683 3792 1748 3861 τῇ

190 3866 438 3942 δακρύοις
473 3873 746 3947 βρεχούσῃ
773 3877 947 3950 πόρνη
975 3878 1100 3940 τοὺς
1130 3877 1307 3940 θείους
1350 3880 1514 3944 πόδας
1537 3885 1570 3951 ἡ
1611 3882 1750 3954 αὑτὴ

193 3965 544 4035 συγχώρησις
567 3965 889 4037 δεδώρηται,
932 3969 1341 4040 ὲπιπλήττουσα
1394 3973 1616 4043 Σίμωνα
1665 3976 1755 4028 τὸν

192 4051 510 4128 ἑστιάτορα;
561 4058 700 4114 Πότε
741 4062 819 4132 τῷ
871 4064 929 4114 ὲν
975 4061 1228 4132 ἀσθενείᾳ
1276 4068 1666 4138 κατακειμένῳ
1687 4070 1763 4123 ἰὲν

191 4151 482 4217 τριάκοντα
517 4155 613 4210 καὶ⁸
661 4155 807 4210 ὀκτὼ
860 4156 1039 4208 ἐτεσιν
1093 4157 1308 4226 εῐρηται
1339 4173 1354 4188 ο
1414 4159 1537 4213 Ἴδε
1586 4160 1763 4230 ὑγιὴς

189 4241 460 4314 τένονας,
484 4249 699 4318 μηκέτι
731 4249 1034 4319 ἁμάρτανε
1061 4265 1074 4279 ·
1111 4250 1213 4303 ἵνα
1239 4249 1324 4318 μὴ
1351 4251 1555 4319 χεῖρόν
1579 4254 1636 4306 τί
1663 4271 1763 4307 σοι

191 4332 431 4404 γένηται
470 4357 481 4369 ‘
516 4341 594 4404 ὡς
648 4341 708 4405 ἐξ
738 4341 1017 4412 ἁμαρτίας
1063 4341 1266 4411 δηλαδὴ
1320 4342 1419 4411 τῆς
1478 4343 1766 4409 ἀσθενείας

190 4423 608 4502 ἑπισκηψάσης;
647 4433 783 4486 ἀλλὰ
814 4434 952 4488 ἄττα
982 4435 1080 4486 οὐκ
1127 4433 1385 4506 εὔκαιρον
1442 4435 1767 4504 ὑποφαίνειν

191 4517 594 4594 ἀνελιττομένῳ
631 4525 962 4596 θεοσημείας
1007 4525 1143 4597 ἔργα
1170 4545 1184 4560 ο
1235 4528 1465 4597 πότερον
1511 4528 1618 4599 πρὸ
1670 4528 1765 4581 τοῦ

1855 3418 2026 3490 legem
2048 3417 2071 3470 ?

1929 3511 2072 3565 Proh
2121 3507 2300 3563 audax
2357 3515 2412 3559 et
2467 3502 2788 3558 inconsulta;
2840 3499 3042 3556 mentis
3082 3497 3371 3569 quaesitum
3419 3496 3434 3549 l

1857 3610 2214 3679 Quandonam
2240 3605 2392 3658 visus
2413 3610 2498 3657 est
2525 3600 2776 3654 Christus
2821 3598 3195 3669 pmnitentiam
3225 3609 3440 3649 annun-

1863 3705 2004 3758 tians
2032 3695 2429 3765 ?Quandonam
2482 3689 2780 3761 paralytico
2827 3689 2964 3743 dixit
2994 3703 3011 3742 :
3054 3687 3306 3755 Con/ide,
3334 3687 3439 3755 ﬁlia

1861 3793 2203 3848 remittuntur
2228 3784 2320 3838 tibi
2343 3791 2557 3852 peccata
2578 3791 2670 3834 tua
2686 3779 2731 3812 “
2751 3779 2774 3833 7
2796 3778 3027 3846 Quando
3045 3779 3093 3833 ei
3126 3793 3246 3848 qua:
3265 3777 3442 3850 lacry—

1865 3883 1969 3937 mis
1998 3881 2213 3936 divinos
2238 3878 2402 3948 pedes
2433 3874 2653 3945 rigavit,
2689 3873 2879 3927 eadem
2912 3879 3120 3925 asserta
3152 3870 3308 3926 venia
3329 3882 3442 3938 est,

1864 3992 1990 4034 cum
2037 3971 2462 4045 reprehensione
2513 3967 2754 4023 Simonis
2806 3966 2899 4036 qui
2957 3965 3210 4021 convivio
3261 3966 3441 4036 ipsum

1864 4078 2152 4140 exceperat
2188 4065 2276 4118 “‘2
2314 4061 2543 4130 Quando
2576 4062 2626 4118 ei
2658 4061 2752 4131 qui
2777 4068 2896 4114 erat
2929 4059 2982 4113 in
3012 4059 3323 4113 inﬁrmitate
3347 4073 3445 4129 po-

1866 4165 2004 4220 situs
2030 4161 2098 4216 ab
2146 4158 2305 4213 annis
2347 4165 2472 4211 octo
2503 4162 2554 4209 et
2579 4154 2800 4224 triginta
2831 4193 2846 4219 ,
2878 4152 3082 4206 dictum
3134 4160 3218 4206 est
3247 4168 3264 4206 :
3307 4149 3446 4206 Ecce

1866 4270 2028 4308 sanus
2066 4252 2238 4321 factus
2263 4266 2338 4313 es,
2369 4248 2488 4318 jam
2540 4246 2649 4301 noli
2677 4261 2893 4316 peccare
2925 4260 2942 4298 :
2977 4260 3038 4297 ne
3080 4243 3311 4297 deterius
3347 4243 3446 4298 tibi

1869 4346 2068 4417 aliquid
2091 4345 2358 4412 contingat
2388 4340 2434 4373 “
2462 4358 2477 4396 :
2503 4348 2766 4411 tanquam
2791 4349 2907 4392 orta
2935 4337 3184 4393 videlicet
3223 4351 3289 4391 ex
3319 4352 3450 4408 pec-

1867 4447 1992 4493 cato
2021 4435 2341 4507 aegritudine
2373 4433 2396 4487 ?
2432 4431 2641 4487 Caetera
2662 4471 2678 4498 ,
2719 4445 2836 4500 quae
2870 4429 3312 4498 intempestivum
3374 4430 3449 4487 sit

1872 4542 2162 4600 suggerere
2201 4526 2399 4581 divina:
2426 4525 2644 4579 virtutis
2681 4536 2845 4593 opera
2874 4522 3226 4591 pervolventi,
3263 4531 3446 4585 utrum

191 4608 415 4678 πάθους,
451 4614 485 4684 ἢ
512 4617 652 4685 μετὰ
688 4619 748 4670 τὸ
782 4619 981 4685 πάθος;
1017 4619 1078 4671 El
1106 4619 1163 4672 δὲ
1203 4621 1369 4672 πᾶσιν
1410 4617 1632 4689 εὔδηλον
1674 4622 1753 4675 κα¹

1876 4630 2000 4676 ante
2057 4619 2367 4690 passionem
2407 4625 2557 4687 gesta
2614 4627 2761 4680 sunt,
2801 4629 2870 4670 an
2911 4621 3036 4683 post
3086 4612 3450 4682 passionem?

190 4699 653 4776 ὁμολογούμενον,
695 4710 775 4763 ὅτι
836 4711 942 4780 πρὸ
987 4711 1081 4765 τοῦ
1143 4711 1370 4776 πάθους,
1431 4711 1620 4785 ὥσπερ
1669 4715 1766 4766 καὶ

189 4793 311 4857 τοὺς
378 4797 640 4869 μαθητὰς
688 4801 1054 4866 ἀπεσταλκὼς
1105 4801 1318 4857 δίδωσιν
1359 4803 1630 4868 ἐξουσίαν,
1663 4803 1768 4860 πᾶ-

193 4900 309 4939 σαγ
333 4890 534 4948 νόσον
561 4893 661 4946 καί
719 4894 928 4950 πᾶσαν
960 4896 1264 4965 μαλακίαν
1307 4899 1656 4965 θεραπεύειν
1679 4915 1693 4929 ο
1733 4898 1766 4966 ἦ

191 4993 270 5042 τις
294 4979 384 5033 διὰ
408 4982 514 5052 τῆς
539 4983 648 5037 τῶν
673 4987 1125 5057 προσευχομένων
1150 4983 1308 5058 [ϐοά.
1364 4988 1495 5057 Reg.
1533 5005 1770 5059 προσερ-

194 5073 472 5146 χομένων,
535 5078 826 5145 μετανοίας
872 5081 965 5132 καὶ
1004 5080 1374 5142 ὑποπτώσεως
1425 5081 1767 5151 ὲδεδὼρητοο

193 5163 272 5227 τίς
299 5167 332 5235 ή
375 5167 633 5239 τολμηρὰ
665 5170 892 5238 γλῶσσα
916 5173 1363 5241 ὲπιφθεγγομένη
1399 5172 1473 5241 μὴ
1502 5173 1773 5245 τεθαρρη-

198 5255 348 5309 κέναι
372 5259 419 5310 Χ
429 5261 638 5330 ριστὸν,
664 5263 774 5332 πρὸ
802 5262 898 5316 τοῦ
919 5266 1048 5333 πρὶν
1068 5265 1248 5317 πᾶσαν
1279 5263 1640 5333 ὀφειλομένην
1660 5270 1774 5327 τοῖς

196 5346 287 5400 τοῦ
328 5348 554 5404 δικαίου
589 5355 849 5425 σταθμοῖς
889 5372 948 5407 τε
977 5355 1074 5408 καὶ
1114 5354 1300 5423 ζυγοῖς
1333 5354 1398 5406 δι’
1430 5354 1624 5407 ἑαυτοῦ
1674 5374 1772 5408 κα-

198 5439 470 5495 ταθέσθαι
527 5445 745 5499 δικαίαν
800 5446 1113 5517 τιμωρίαν’
1173 5447 1467 5502 κάντεῦθεν
1515 5449 1776 5518 ἐπιτιμᾷν

200 5535 308 5596 τοῖς
338 5535 448 5606 τῆς
478 5542 777 5607 μετανοίας
827 5540 1250 5610 άναδεξαμένοις
1284 5540 1382 5612 τὴν
1419 5541 1732 5610 οἰκονομίαν
1760 5558 1774 5570 '

201 5624 272 5689 ὡς
298 5628 603 5702 τολμηροῖς
655 5634 745 5685 καὶ
779 5633 1157 5703 ὑπερηφάνοις
1186 5651 1200 5664 ο
1241 5635 1314 5703 μὴ
1347 5632 1614 5705 πρότερον
1639 5632 1783 5687 ᾶπα-

207 5734 304 5774 σαν
334 5721 638 5777 ἀποτίσαοι
672 5725 772 5796 τὴν
804 5725 897 5780 τοῦ
933 5726 1144 5780 δικαίου
1182 5727 1521 5798 αὑστηρίαν;
1563 5726 1596 5796 ἢ
1627 5727 1784 5796 δῆλον

1872 4703 2028 4779 Quod
2062 4712 2108 4766 si
2143 4709 2489 4764 manifestum
2542 4709 2796 4765 omnibus
2865 4707 3288 4776 confessumque
3343 4713 3448 4771 est,

1876 4815 2002 4860 ante
2041 4805 2348 4874 passionem
2381 4811 2529 4872 gesta
2559 4821 2574 4859 :
2613 4803 3072 4870 quemadmodum
3111 4808 3166 4856 et
3203 4799 3452 4869 discipu-

1878 4896 1945 4951 lis
1982 4910 2123 4965 quos
2176 4894 2346 4956 misit,
2389 4893 2537 4947 dedit
2573 4901 2921 4962 potestatem,
2951 4901 3006 4945 ut
3061 4899 3310 4946 curarent
3339 4907 3453 4945 om-

1877 5005 1992 5042 ncm
2029 4988 2336 5057 languorem
2365 4995 2414 5039 et
2446 5002 2648 5039 onmem
2681 4985 3044 5054 inﬁrmitatem
3068 4985 3148 5039 ":
3181 4998 3301 5052 quae
3330 4998 3454 5052 pro-

1879 5092 1994 5152 pter
2023 5080 2360 5150 precantium
2396 5077 2766 5146 ptenitentiam
2793 5092 2856 5133 ac
2875 5077 3297 5132 submissionem
3324 5076 3448 5131 data

1879 5180 2007 5228 est:
2047 5181 2251 5240 quanta
2292 5171 2518 5225 audacia
2549 5180 2632 5226 est
2680 5171 2878 5240 linguae
2908 5170 3156 5234 dicentis,
3199 5186 3307 5225 non
3351 5185 3455 5224 au-

1881 5281 2004 5320 sum
2053 5279 2176 5320 esse
2228 5262 2529 5328 Christum,
2598 5274 2889 5332 antequam
2950 5263 3188 5318 debitam
3245 5263 3456 5318 meritis

1882 5374 2099 5429 poenam
2131 5374 2348 5413 omnem
2369 5361 2436 5412 ad
2473 5357 2614 5428 juris
2664 5357 2929 5411 trutinam
2979 5365 3034 5409 et
3072 5364 3328 5411 stateram
3362 5370 3458 5426 per

1889 5467 1948 5507 se
1975 5451 2210 5521 quisque
2239 5449 2474 5504 solveret
2507 5464 2524 5504 :
2552 5457 2717 5518 atque
2738 5447 2942 5502 idcirco
2972 5446 3041 5501 iis
3063 5447 3159 5515 qui
3191 5446 3459 5514 paeniten-

1883 5543 2014 5596 tiam
2055 5541 2383 5606 admittunt,
2421 5541 2882 5611 dispensationem
2933 5539 3262 5609 exprobrare
3286 5579 3301 5604 ,
3335 5547 3459 5591 tan-

1891 5649 2054 5703 quam
2106 5633 2403 5688 audacibus
2451 5648 2517 5687 ac
2573 5631 2853 5701 superbis,
2896 5630 2999 5686 nisi
3053 5644 3270 5685 omnem
3309 5631 3460 5700 prius

1891 5724 2031 5796 juris
2082 5724 2317 5795 rigorem
2355 5725 2726 5796 expleverint?
2757 5722 2950 5781 Nonne
3005 5724 3121 5779 haec
3176 5721 3463 5779 manifeste

280 5899 326 5929 ⁸³
361 5899 562 5957 Matth.
603 5918 676 5970 ιι,
718 5901 772 5957 2.
848 5905 890 5936 “
923 5902 1052 5960 Luc.
1085 5920 1180 5971 vn,
1215 5905 1302 5961 Η.
1379 5905 1422 5937 ⁸⁸
1451 5904 1609 5961 Joan.
1643 5904 1743 5967 v,l

1886 5904 1930 5934 υ
1956 5902 2145 5958 Matth.
2174 5918 2228 5971 χ,
2251 5905 2302 5956 ι.
