  <div class='ocr_page' id='page_1' title='image "/cluster/home/n/w/nwhite01/storage/ocr_20150623/99/ien.35556001661347/765.png"; bbox 0 0 3934 6454; ppageno 0'>
   <div class='ocr_carea' id='block_1_1' title="bbox 515 330 641 397">
    <p class='ocr_par' dir='ltr' id='par_1_1' title="bbox 515 330 641 397">
     <span class='ocr_line' id='line_1_1' title="bbox 515 330 641 397; baseline 0 0"><span class='ocrx_word' id='word_1_1' title='bbox 515 330 641 397; x_wconf 83' lang='grc'>1511</span> 
     </span>
    </p>
   </div>
   <div class='ocr_carea' id='block_1_2' title="bbox 1689 343 2569 414">
    <p class='ocr_par' dir='ltr' id='par_1_2' title="bbox 1689 343 2569 414">
     <span class='ocr_line' id='line_1_2' title="bbox 1689 343 2569 414; baseline 0.01 -10"><span class='ocrx_word' id='word_1_2' title='bbox 1689 344 1750 404; x_wconf 87' lang='lat' dir='ltr'><strong>S.</strong></span> <span class='ocrx_word' id='word_1_3' title='bbox 1780 343 2177 407; x_wconf 82' lang='lat' dir='ltr'><strong>THEODORI</strong></span> <span class='ocrx_word' id='word_1_4' title='bbox 2219 348 2569 414; x_wconf 69' lang='lat' dir='ltr'><strong>STUDlT/E</strong></span> 
     </span>
    </p>
   </div>
   <div class='ocr_carea' id='block_1_3' title="bbox 3615 358 3756 428">
    <p class='ocr_par' dir='ltr' id='par_1_3' title="bbox 3615 358 3756 428">
     <span class='ocr_line' id='line_1_3' title="bbox 3615 358 3756 428; baseline 0.043 -5"><span class='ocrx_word' id='word_1_5' title='bbox 3615 358 3756 428; x_wconf 79' lang='lat'><strong>1512</strong></span> 
     </span>
    </p>
   </div>
   <div class='ocr_carea' id='block_1_4' title="bbox 504 450 2074 546">
    <p class='ocr_par' dir='ltr' id='par_1_4' title="bbox 504 450 2074 546">
     <span class='ocr_line' id='line_1_4' title="bbox 504 450 2074 546; baseline 0.01 -41"><span class='ocrx_word' id='word_1_6' title='bbox 504 450 827 546; x_wconf 66' lang='lat' dir='ltr'><strong>l’harlsaica:</strong></span> <span class='ocrx_word' id='word_1_7' title='bbox 870 454 1069 512; x_wconf 85' lang='lat' dir='ltr'><strong>mentis</strong></span> <span class='ocrx_word' id='word_1_8' title='bbox 1123 456 1457 529; x_wconf 66' lang='lat' dir='ltr'><strong>objurgatio,</strong></span> <span class='ocrx_word' id='word_1_9' title='bbox 1495 473 1559 517; x_wconf 86' lang='lat' dir='ltr'><strong>ac</strong></span> <span class='ocrx_word' id='word_1_10' title='bbox 1596 458 1923 519; x_wconf 69' lang='lat' dir='ltr'><strong>Novatianai</strong></span> <span class='ocrx_word' id='word_1_11' title='bbox 1954 478 2074 520; x_wconf 91' lang='lat' dir='ltr'><strong>cru-</strong></span> 
     </span>
    </p>
   </div>
   <div class='ocr_carea' id='block_1_5' title="bbox 2178 450 3754 546">
    <p class='ocr_par' dir='ltr' id='par_1_5' title="bbox 2185 468 3754 546">
     <span class='ocr_line' id='line_1_5' title="bbox 2185 468 3754 546; baseline 0.009 -25"><span class='ocrx_word' id='word_1_12' title='bbox 2185 468 2266 521; x_wconf 84' lang='grc' dir='ltr'>ὁτι</span> <span class='ocrx_word' id='word_1_13' title='bbox 2296 471 2633 541; x_wconf 83' lang='grc' dir='ltr'>Φαρισαῖκῆς</span> <span class='ocrx_word' id='word_1_14' title='bbox 2665 471 2905 537; x_wconf 89' lang='grc' dir='ltr'>διανοίας</span> <span class='ocrx_word' id='word_1_15' title='bbox 2937 475 2969 544; x_wconf 84' lang='grc' dir='ltr'>ή</span> <span class='ocrx_word' id='word_1_16' title='bbox 2998 474 3312 546; x_wconf 69' lang='grc' dir='ltr'>ἐπίπληξις,</span> <span class='ocrx_word' id='word_1_17' title='bbox 3338 476 3431 530; x_wconf 75' lang='grc' dir='ltr'>καὶ</span> <span class='ocrx_word' id='word_1_18' title='bbox 3471 476 3754 536; x_wconf 67' lang='lat' dir='ltr'><strong>Nanctu-</strong></span> 
     </span>
    </p>
   </div>
   <div class='ocr_carea' id='block_1_6' title="bbox 505 538 2079 622">
    <p class='ocr_par' dir='ltr' id='par_1_6' title="bbox 505 538 2079 622">
     <span class='ocr_line' id='line_1_6' title="bbox 505 538 2079 622; baseline 0.008 -25"><span class='ocrx_word' id='word_1_19' title='bbox 505 538 738 598; x_wconf 86' lang='lat' dir='ltr'><strong>delitatis</strong></span> <span class='ocrx_word' id='word_1_20' title='bbox 763 546 1063 614; x_wconf 74' lang='lat' dir='ltr'><strong>prohibitio</strong></span> <span class='ocrx_word' id='word_1_21' title='bbox 1096 559 1184 605; x_wconf 89' lang='lat' dir='ltr'><strong>est</strong></span> <span class='ocrx_word' id='word_1_22' title='bbox 1221 548 1246 604; x_wconf 79' lang='grc'><strong>1</strong></span> <span class='ocrx_word' id='word_1_23' title='bbox 1274 550 1402 606; x_wconf 85' lang='lat' dir='ltr'><strong>Vide</strong></span> <span class='ocrx_word' id='word_1_24' title='bbox 1426 551 1609 622; x_wconf 80' lang='lat' dir='ltr'><strong>igitur,</strong></span> <span class='ocrx_word' id='word_1_25' title='bbox 1636 566 1669 606; x_wconf 93' lang='lat'><strong>0</strong></span> <span class='ocrx_word' id='word_1_26' title='bbox 1701 552 1800 619; x_wconf 90' lang='lat' dir='ltr'><strong>vir,</strong></span> <span class='ocrx_word' id='word_1_27' title='bbox 1827 563 1906 618; x_wconf 91' lang='lat' dir='ltr'><strong>ut,</strong></span> <span class='ocrx_word' id='word_1_28' title='bbox 1951 565 2001 608; x_wconf 91' lang='lat' dir='ltr'><strong>te</strong></span> <span class='ocrx_word' id='word_1_29' title='bbox 2026 555 2079 610; x_wconf 95' lang='lat' dir='ltr'><strong>in</strong></span> 
     </span>
    </p>
   </div>
   <div class='ocr_carea' id='block_1_7' title="bbox 501 634 2082 714">
    <p class='ocr_par' dir='ltr' id='par_1_7' title="bbox 501 634 2082 714">
     <span class='ocr_line' id='line_1_7' title="bbox 501 634 2082 714; baseline 0.008 -24"><span class='ocrx_word' id='word_1_30' title='bbox 501 634 735 690; x_wconf 76' lang='lat' dir='ltr'><strong>sublime</strong></span> <span class='ocrx_word' id='word_1_31' title='bbox 784 637 1040 706; x_wconf 74' lang='lat' dir='ltr'><strong>efferens,</strong></span> <span class='ocrx_word' id='word_1_32' title='bbox 1073 641 1126 696; x_wconf 93' lang='lat' dir='ltr'><strong>in</strong></span> <span class='ocrx_word' id='word_1_33' title='bbox 1181 643 1541 714; x_wconf 67' lang='lat' dir='ltr'><strong>praecipitium</strong></span> <span class='ocrx_word' id='word_1_34' title='bbox 1592 647 1889 712; x_wconf 90' lang='lat' dir='ltr'><strong>corrueris,</strong></span> <span class='ocrx_word' id='word_1_35' title='bbox 1927 656 2082 702; x_wconf 87' lang='lat' dir='ltr'><strong>extra</strong></span> 
     </span>
    </p>
   </div>
   <div class='ocr_carea' id='block_1_8' title="bbox 501 727 2083 806">
    <p class='ocr_par' dir='ltr' id='par_1_8' title="bbox 501 727 2083 806">
     <span class='ocr_line' id='line_1_8' title="bbox 501 727 2083 806; baseline 0.011 -28"><span class='ocrx_word' id='word_1_36' title='bbox 501 727 752 797; x_wconf 86' lang='lat' dir='ltr'><strong>proprios</strong></span> <span class='ocrx_word' id='word_1_37' title='bbox 821 729 957 786; x_wconf 82' lang='lat' dir='ltr'><strong>fines</strong></span> <span class='ocrx_word' id='word_1_38' title='bbox 988 741 1044 788; x_wconf 88' lang='lat' dir='ltr'><strong>et</strong></span> <span class='ocrx_word' id='word_1_39' title='bbox 1087 735 1358 792; x_wconf 83' lang='lat' dir='ltr'><strong>cancellos</strong></span> <span class='ocrx_word' id='word_1_40' title='bbox 1402 751 1689 806; x_wconf 79' lang='lat' dir='ltr'><strong>egressus,</strong></span> <span class='ocrx_word' id='word_1_41' title='bbox 1727 754 1825 792; x_wconf 91' lang='lat' dir='ltr'><strong>nec</strong></span> <span class='ocrx_word' id='word_1_42' title='bbox 1859 755 2083 796; x_wconf 85' lang='lat' dir='ltr'><strong>servans</strong></span> 
     </span>
    </p>
   </div>
   <div class='ocr_carea' id='block_1_9' title="bbox 501 824 2083 902">
    <p class='ocr_par' dir='ltr' id='par_1_9' title="bbox 501 824 2083 902">
     <span class='ocr_line' id='line_1_9' title="bbox 501 824 2083 902; baseline 0.007 -31"><span class='ocrx_word' id='word_1_43' title='bbox 501 832 627 872; x_wconf 93' lang='lat' dir='ltr'><strong>eum</strong></span> <span class='ocrx_word' id='word_1_44' title='bbox 657 833 768 890; x_wconf 93' lang='lat' dir='ltr'><strong>quo</strong></span> <span class='ocrx_word' id='word_1_45' title='bbox 805 824 1060 890; x_wconf 71' lang='lat' dir='ltr'><strong>praaditus</strong></span> <span class='ocrx_word' id='word_1_46' title='bbox 1084 841 1142 880; x_wconf 88' lang='lat' dir='ltr'><strong>es</strong></span> <span class='ocrx_word' id='word_1_47' title='bbox 1185 827 1466 897; x_wconf 74' lang='lat' dir='ltr'><strong>dignitatis</strong></span> <span class='ocrx_word' id='word_1_48' title='bbox 1509 829 1778 900; x_wconf 76' lang='lat' dir='ltr'><strong>gradum?</strong></span> <span class='ocrx_word' id='word_1_49' title='bbox 1801 828 1918 885; x_wconf 87' lang='lat' dir='ltr'><strong>Non</strong></span> <span class='ocrx_word' id='word_1_50' title='bbox 1951 832 2083 902; x_wconf 59' lang='lat' dir='ltr'><strong>legi.</strong></span> 
     </span>
    </p>
   </div>
   <div class='ocr_carea' id='block_1_10' title="bbox 503 908 2083 988">
    <p class='ocr_par' dir='ltr' id='par_1_10' title="bbox 503 908 2083 988">
     <span class='ocr_line' id='line_1_10' title="bbox 503 908 2083 988; baseline 0.01 -23"><span class='ocrx_word' id='word_1_51' title='bbox 503 908 573 965; x_wconf 77' lang='lat' dir='ltr'><strong>sti</strong></span> <span class='ocrx_word' id='word_1_52' title='bbox 610 925 826 968; x_wconf 91' lang='lat' dir='ltr'><strong>omnem</strong></span> <span class='ocrx_word' id='word_1_53' title='bbox 849 915 1163 988; x_wconf 84' lang='lat' dir='ltr'><strong>episcopum</strong></span> <span class='ocrx_word' id='word_1_54' title='bbox 1199 920 1344 975; x_wconf 77' lang='lat' dir='ltr'><strong>sedis</strong></span> <span class='ocrx_word' id='word_1_55' title='bbox 1391 922 1582 977; x_wconf 80' lang='lat' dir='ltr'><strong>alienae</strong></span> <span class='ocrx_word' id='word_1_56' title='bbox 1618 923 1949 986; x_wconf 87' lang='lat' dir='ltr'><strong>iuvasorem.</strong></span> <span class='ocrx_word' id='word_1_57' title='bbox 1981 941 2083 981; x_wconf 83' lang='lat' dir='ltr'><strong>ex-</strong></span> 
     </span>
    </p>
   </div>
   <div class='ocr_carea' id='block_1_11' title="bbox 502 1003 2080 1086">
    <p class='ocr_par' dir='ltr' id='par_1_11' title="bbox 502 1003 2080 1086">
     <span class='ocr_line' id='line_1_11' title="bbox 502 1003 2080 1086; baseline 0.011 -33"><span class='ocrx_word' id='word_1_58' title='bbox 502 1003 966 1060; x_wconf 88' lang='lat' dir='ltr'><strong>communicalum</strong></span> <span class='ocrx_word' id='word_1_59' title='bbox 1023 1011 1192 1063; x_wconf 84' lang='lat' dir='ltr'><strong>esse?</strong></span> <span class='ocrx_word' id='word_1_60' title='bbox 1223 1009 1346 1066; x_wconf 85' lang='lat' dir='ltr'><strong>Non</strong></span> <span class='ocrx_word' id='word_1_61' title='bbox 1401 1014 1674 1068; x_wconf 76' lang='lat' dir='ltr'><strong>mittebant</strong></span> <span class='ocrx_word' id='word_1_62' title='bbox 1720 1031 1806 1070; x_wconf 85' lang='lat' dir='ltr'><strong>eos</strong></span> <span class='ocrx_word' id='word_1_63' title='bbox 1840 1054 1856 1079; x_wconf 96' lang='lat'><strong>,</strong></span> <span class='ocrx_word' id='word_1_64' title='bbox 1881 1015 2080 1086; x_wconf 77' lang='lat' dir='ltr'><strong>inquit,</strong></span> 
     </span>
    </p>
   </div>
   <div class='ocr_carea' id='block_1_12' title="bbox 502 1093 2081 1175">
    <p class='ocr_par' dir='ltr' id='par_1_12' title="bbox 502 1093 2081 1175">
     <span class='ocr_line' id='line_1_12' title="bbox 502 1093 2081 1175; baseline 0.011 -32"><span class='ocrx_word' id='word_1_65' title='bbox 502 1100 553 1144; x_wconf 83' lang='lat' dir='ltr'><strong>et</strong></span> <span class='ocrx_word' id='word_1_66' title='bbox 581 1093 686 1155; x_wconf 89' lang='lat' dir='ltr'><strong>ipsi</strong></span> <span class='ocrx_word' id='word_1_67' title='bbox 738 1096 1118 1164; x_wconf 81' lang='lat' dir='ltr'><strong>prophetabaut</strong></span> <span class='ocrx_word' id='word_1_68' title='bbox 1153 1099 1218 1154; x_wconf 70' lang='lat'><strong>“.</strong></span> <span class='ocrx_word' id='word_1_69' title='bbox 1263 1101 1327 1156; x_wconf 83' lang='lat' dir='ltr'><strong>Et</strong></span> <span class='ocrx_word' id='word_1_70' title='bbox 1361 1117 1381 1156; x_wconf 91' lang='lat'><strong><em>:</em></strong></span> <span class='ocrx_word' id='word_1_71' title='bbox 1413 1103 1525 1158; x_wconf 88' lang='lat' dir='ltr'><strong>Nec</strong></span> <span class='ocrx_word' id='word_1_72' title='bbox 1585 1107 1863 1175; x_wconf 76' lang='lat' dir='ltr'><strong>quisquam</strong></span> <span class='ocrx_word' id='word_1_73' title='bbox 1918 1107 2081 1160; x_wconf 82' lang='lat' dir='ltr'><strong>sumit</strong></span> 
     </span>
    </p>
   </div>
   <div class='ocr_carea' id='block_1_13' title="bbox 502 1181 2081 1261">
    <p class='ocr_par' dir='ltr' id='par_1_13' title="bbox 502 1181 2081 1261">
     <span class='ocr_line' id='line_1_13' title="bbox 502 1181 2081 1261; baseline 0.011 -27"><span class='ocrx_word' id='word_1_74' title='bbox 502 1181 606 1235; x_wconf 85' lang='lat' dir='ltr'><strong>sibi</strong></span> <span class='ocrx_word' id='word_1_75' title='bbox 648 1182 901 1240; x_wconf 78' lang='lat' dir='ltr'><strong>honorem</strong></span> <span class='ocrx_word' id='word_1_76' title='bbox 925 1229 942 1255; x_wconf 83' lang='lat'><strong>,</strong></span> <span class='ocrx_word' id='word_1_77' title='bbox 971 1190 1062 1242; x_wconf 84' lang='lat' dir='ltr'><strong>sed</strong></span> <span class='ocrx_word' id='word_1_78' title='bbox 1093 1192 1185 1261; x_wconf 88' lang='lat' dir='ltr'><strong>qui</strong></span> <span class='ocrx_word' id='word_1_79' title='bbox 1254 1204 1472 1247; x_wconf 84' lang='lat' dir='ltr'><strong>vocatur</strong></span> <span class='ocrx_word' id='word_1_80' title='bbox 1503 1211 1536 1248; x_wconf 88' lang='lat' dir='ltr'><strong>a</strong></span> <span class='ocrx_word' id='word_1_81' title='bbox 1564 1193 1698 1249; x_wconf 87' lang='lat' dir='ltr'><strong>Deo.</strong></span> <span class='ocrx_word' id='word_1_82' title='bbox 1729 1195 1821 1250; x_wconf 83' lang='lat' dir='ltr'><strong>Sic</strong></span> <span class='ocrx_word' id='word_1_83' title='bbox 1843 1205 1893 1250; x_wconf 84' lang='lat' dir='ltr'><strong>et</strong></span> <span class='ocrx_word' id='word_1_84' title='bbox 1923 1194 2081 1252; x_wconf 81' lang='lat' dir='ltr'><strong>Chri-</strong></span> 
     </span>
    </p>
   </div>
   <div class='ocr_carea' id='block_1_14' title="bbox 501 1280 2070 1358">
    <p class='ocr_par' dir='ltr' id='par_1_14' title="bbox 501 1280 2070 1358">
     <span class='ocr_line' id='line_1_14' title="bbox 501 1280 2070 1358; baseline 0.012 -33"><span class='ocrx_word' id='word_1_85' title='bbox 501 1281 618 1326; x_wconf 87' lang='lat' dir='ltr'><strong>stus</strong></span> <span class='ocrx_word' id='word_1_86' title='bbox 651 1290 754 1330; x_wconf 85' lang='lat' dir='ltr'><strong>non</strong></span> <span class='ocrx_word' id='word_1_87' title='bbox 782 1280 1120 1349; x_wconf 75' lang='lat' dir='ltr'><strong>semetipsum</strong></span> <span class='ocrx_word' id='word_1_88' title='bbox 1155 1284 1468 1353; x_wconf 80' lang='lat' dir='ltr'><strong>clariﬁcavit</strong></span> <span class='ocrx_word' id='word_1_89' title='bbox 1494 1297 1549 1339; x_wconf 85' lang='lat' dir='ltr'><strong>ut</strong></span> <span class='ocrx_word' id='word_1_90' title='bbox 1590 1286 1837 1358; x_wconf 73' lang='lat' dir='ltr'><strong>Pontifex</strong></span> <span class='ocrx_word' id='word_1_91' title='bbox 1872 1289 2022 1358; x_wconf 81' lang='lat' dir='ltr'><strong>ﬁeret</strong></span> <span class='ocrx_word' id='word_1_92' title='bbox 2051 1306 2070 1345; x_wconf 89' lang='lat'><strong><em>:</em></strong></span> 
     </span>
    </p>
   </div>
   <div class='ocr_carea' id='block_1_15' title="bbox 502 1367 2079 1449">
    <p class='ocr_par' dir='ltr' id='par_1_15' title="bbox 502 1367 2079 1449">
     <span class='ocr_line' id='line_1_15' title="bbox 502 1367 2079 1449; baseline 0.011 -31"><span class='ocrx_word' id='word_1_93' title='bbox 502 1367 973 1433; x_wconf 82' lang='lat' dir='ltr'><strong>quemadmodum</strong></span> <span class='ocrx_word' id='word_1_94' title='bbox 1008 1374 1270 1443; x_wconf 90' lang='lat' dir='ltr'><strong>scriptum</strong></span> <span class='ocrx_word' id='word_1_95' title='bbox 1311 1386 1425 1443; x_wconf 78' lang='lat' dir='ltr'><strong>est,</strong></span> <span class='ocrx_word' id='word_1_96' title='bbox 1486 1377 1576 1431; x_wconf 84' lang='lat' dir='ltr'><strong>sed</strong></span> <span class='ocrx_word' id='word_1_97' title='bbox 1614 1379 1704 1449; x_wconf 87' lang='lat' dir='ltr'><strong>qui</strong></span> <span class='ocrx_word' id='word_1_98' title='bbox 1757 1379 1962 1435; x_wconf 84' lang='lat' dir='ltr'><strong>locutus</strong></span> <span class='ocrx_word' id='word_1_99' title='bbox 2001 1391 2079 1437; x_wconf 83' lang='lat' dir='ltr'><strong>est</strong></span> 
     </span>
    </p>
   </div>
   <div class='ocr_carea' id='block_1_16' title="bbox 502 1457 2078 1527">
    <p class='ocr_par' dir='ltr' id='par_1_16' title="bbox 502 1457 2078 1527">
     <span class='ocr_line' id='line_1_16' title="bbox 502 1457 2078 1527; baseline 0.011 -18"><span class='ocrx_word' id='word_1_100' title='bbox 502 1457 574 1510; x_wconf 84' lang='lat' dir='ltr'><strong>ad</strong></span> <span class='ocrx_word' id='word_1_101' title='bbox 603 1473 720 1511; x_wconf 80' lang='lat' dir='ltr'><strong>eum</strong></span> <span class='ocrx_word' id='word_1_102' title='bbox 751 1475 772 1514; x_wconf 86' lang='lat'><strong><em>:</em></strong></span> <span class='ocrx_word' id='word_1_103' title='bbox 807 1459 883 1515; x_wconf 85' lang='lat' dir='ltr'><strong>Tu</strong></span> <span class='ocrx_word' id='word_1_104' title='bbox 918 1480 970 1518; x_wconf 85' lang='lat' dir='ltr'><strong>es</strong></span> <span class='ocrx_word' id='word_1_105' title='bbox 993 1467 1237 1520; x_wconf 78' lang='lat' dir='ltr'><strong>sacerdos</strong></span> <span class='ocrx_word' id='word_1_106' title='bbox 1261 1485 1312 1521; x_wconf 84' lang='grc' dir='ltr'><strong>ιη</strong></span> <span class='ocrx_word' id='word_1_107' title='bbox 1339 1479 1592 1522; x_wconf 68' lang='lat' dir='ltr'><strong>attentum</strong></span> <span class='ocrx_word' id='word_1_108' title='bbox 1623 1473 1907 1526; x_wconf 81' lang='lat' dir='ltr'><strong>secundum</strong></span> <span class='ocrx_word' id='word_1_109' title='bbox 1930 1475 2078 1527; x_wconf 86' lang='lat' dir='ltr'><strong>ordi-</strong></span> 
     </span>
    </p>
   </div>
   <div class='ocr_carea' id='block_1_17' title="bbox 501 1549 2073 1632">
    <p class='ocr_par' dir='ltr' id='par_1_17' title="bbox 501 1549 2073 1632">
     <span class='ocr_line' id='line_1_17' title="bbox 501 1549 2073 1632; baseline 0.01 -30"><span class='ocrx_word' id='word_1_110' title='bbox 501 1562 618 1603; x_wconf 79' lang='lat' dir='ltr'><strong>nem</strong></span> <span class='ocrx_word' id='word_1_111' title='bbox 648 1549 1031 1609; x_wconf 76' lang='lat' dir='ltr'><strong>Melchisedech</strong></span> <span class='ocrx_word' id='word_1_112' title='bbox 1064 1557 1131 1612; x_wconf 63' lang='grc' dir='ltr'><strong>ι’.</strong></span> <span class='ocrx_word' id='word_1_113' title='bbox 1164 1555 1240 1613; x_wconf 90' lang='lat' dir='ltr'><strong>Te</strong></span> <span class='ocrx_word' id='word_1_114' title='bbox 1275 1574 1424 1626; x_wconf 88' lang='lat' dir='ltr'><strong>vero,</strong></span> <span class='ocrx_word' id='word_1_115' title='bbox 1460 1560 1644 1624; x_wconf 83' lang='lat' dir='ltr'><strong>frater,</strong></span> <span class='ocrx_word' id='word_1_116' title='bbox 1680 1563 1806 1631; x_wconf 86' lang='lat' dir='ltr'><strong>quis</strong></span> <span class='ocrx_word' id='word_1_117' title='bbox 1835 1565 2073 1632; x_wconf 80' lang='lat' dir='ltr'><strong>vocavit,</strong></span> 
     </span>
    </p>
   </div>
   <div class='ocr_carea' id='block_1_18' title="bbox 501 1643 2076 1721">
    <p class='ocr_par' dir='ltr' id='par_1_18' title="bbox 501 1643 2076 1721">
     <span class='ocr_line' id='line_1_18' title="bbox 501 1643 2076 1721; baseline 0.01 -25"><span class='ocrx_word' id='word_1_118' title='bbox 501 1652 598 1697; x_wconf 83' lang='lat' dir='ltr'><strong>aut</strong></span> <span class='ocrx_word' id='word_1_119' title='bbox 654 1643 781 1714; x_wconf 85' lang='lat' dir='ltr'><strong>quis</strong></span> <span class='ocrx_word' id='word_1_120' title='bbox 839 1646 1206 1718; x_wconf 82' lang='lat' dir='ltr'><strong>legislatorem</strong></span> <span class='ocrx_word' id='word_1_121' title='bbox 1269 1653 1551 1707; x_wconf 83' lang='lat' dir='ltr'><strong>ceustituit</strong></span> <span class='ocrx_word' id='word_1_122' title='bbox 1593 1655 1644 1708; x_wconf 90' lang='lat' dir='ltr'><strong>in</strong></span> <span class='ocrx_word' id='word_1_123' title='bbox 1684 1655 1921 1712; x_wconf 85' lang='lat' dir='ltr'><strong>Ecclesia</strong></span> <span class='ocrx_word' id='word_1_124' title='bbox 1960 1655 2076 1721; x_wconf 87' lang='lat' dir='ltr'><strong>Dei,</strong></span> 
     </span>
    </p>
   </div>
   <div class='ocr_carea' id='block_1_19' title="bbox 2183 562 3754 644">
    <p class='ocr_par' dir='ltr' id='par_1_19' title="bbox 2183 562 3754 644">
     <span class='ocr_line' id='line_1_19' title="bbox 2183 562 3754 644; baseline 0.01 -31"><span class='ocrx_word' id='word_1_125' title='bbox 2183 562 2339 631; x_wconf 72' lang='grc' dir='ltr'>νικῆς</span> <span class='ocrx_word' id='word_1_126' title='bbox 2378 564 2776 634; x_wconf 80' lang='grc' dir='ltr'><strong>ἀπανθρωπίας</strong></span> <span class='ocrx_word' id='word_1_127' title='bbox 2811 566 2845 638; x_wconf 78' lang='grc' dir='ltr'>ἡ</span> <span class='ocrx_word' id='word_1_128' title='bbox 2898 568 3308 640; x_wconf 71' lang='grc' dir='ltr'>ἀπᾶγόρευσιςς</span> <span class='ocrx_word' id='word_1_129' title='bbox 3341 571 3489 642; x_wconf 83' lang='grc' dir='ltr'>Ὅρα</span> <span class='ocrx_word' id='word_1_130' title='bbox 3539 573 3607 644; x_wconf 82' lang='grc' dir='ltr'>δὴ</span> <span class='ocrx_word' id='word_1_131' title='bbox 3660 571 3754 630; x_wconf 79' lang='grc' dir='ltr'>οὖν</span> 
     </span>
    </p>
   </div>
   <div class='ocr_carea' id='block_1_20' title="bbox 2182 649 3757 736">
    <p class='ocr_par' dir='ltr' id='par_1_20' title="bbox 2182 649 3757 736">
     <span class='ocr_line' id='line_1_20' title="bbox 2182 649 3757 736; baseline 0.01 -32"><span class='ocrx_word' id='word_1_132' title='bbox 2182 651 2390 717; x_wconf 65' lang='grc' dir='ltr'>λοιπὸν,</span> <span class='ocrx_word' id='word_1_133' title='bbox 2424 649 2467 707; x_wconf 82' lang='grc' dir='ltr'><strong>ὦ</strong></span> <span class='ocrx_word' id='word_1_134' title='bbox 2500 655 2655 725; x_wconf 75' lang='grc' dir='ltr'>ἆνερ,</span> <span class='ocrx_word' id='word_1_135' title='bbox 2691 654 2803 711; x_wconf 78' lang='grc' dir='ltr'>οἷον</span> <span class='ocrx_word' id='word_1_136' title='bbox 2837 659 3344 731; x_wconf 66' lang='grc' dir='ltr'>ἁπομετεωρισθεὶς</span> <span class='ocrx_word' id='word_1_137' title='bbox 3377 666 3757 736; x_wconf 84' lang='grc' dir='ltr'>κατεκρημνί-</span> 
     </span>
    </p>
   </div>
   <div class='ocr_carea' id='block_1_21' title="bbox 2184 747 3760 826">
    <p class='ocr_par' dir='ltr' id='par_1_21' title="bbox 2184 747 3760 826">
     <span class='ocr_line' id='line_1_21' title="bbox 2184 747 3760 826; baseline 0.007 -26"><span class='ocrx_word' id='word_1_138' title='bbox 2184 747 2338 817; x_wconf 88' lang='grc' dir='ltr'>σθης,</span> <span class='ocrx_word' id='word_1_139' title='bbox 2375 749 2482 802; x_wconf 86' lang='grc' dir='ltr'><strong>τῶν</strong></span> <span class='ocrx_word' id='word_1_140' title='bbox 2513 751 2733 804; x_wconf 75' lang='grc' dir='ltr'><strong>οἰκείων</strong></span> <span class='ocrx_word' id='word_1_141' title='bbox 2754 751 2971 823; x_wconf 82' lang='grc' dir='ltr'>μέτρων</span> <span class='ocrx_word' id='word_1_142' title='bbox 3003 753 3226 819; x_wconf 82' lang='grc' dir='ltr'>ἐκστὰς,</span> <span class='ocrx_word' id='word_1_143' title='bbox 3260 756 3354 807; x_wconf 73' lang='grc' dir='ltr'>καὶ</span> <span class='ocrx_word' id='word_1_144' title='bbox 3387 756 3461 826; x_wconf 81' lang='grc' dir='ltr'>μὴ</span> <span class='ocrx_word' id='word_1_145' title='bbox 3495 774 3760 826; x_wconf 77' lang='grc' dir='ltr'>συντετη-</span> 
     </span>
    </p>
   </div>
   <div class='ocr_carea' id='block_1_22' title="bbox 2185 839 3757 918">
    <p class='ocr_par' dir='ltr' id='par_1_22' title="bbox 2185 839 3757 918">
     <span class='ocr_line' id='line_1_22' title="bbox 2185 839 3757 918; baseline 0.005 -23"><span class='ocrx_word' id='word_1_146' title='bbox 2185 840 2370 912; x_wconf 74' lang='grc' dir='ltr'>ρηκὼς</span> <span class='ocrx_word' id='word_1_147' title='bbox 2393 839 2572 913; x_wconf 84' lang='grc' dir='ltr'>ἐαυτῷ</span> <span class='ocrx_word' id='word_1_148' title='bbox 2603 844 2663 896; x_wconf 86' lang='grc' dir='ltr'>τὸ</span> <span class='ocrx_word' id='word_1_149' title='bbox 2694 843 2813 898; x_wconf 89' lang='grc' dir='ltr'>ἐνόν</span> <span class='ocrx_word' id='word_1_150' title='bbox 2852 863 2936 898; x_wconf 89' lang='grc' dir='ltr'><strong>σοι</strong></span> <span class='ocrx_word' id='word_1_151' title='bbox 2982 846 3230 917; x_wconf 79' lang='grc' dir='ltr'>ἀξίωμα;</span> <span class='ocrx_word' id='word_1_152' title='bbox 3271 849 3340 900; x_wconf 85' lang='grc' dir='ltr'><strong>Ἦ</strong></span> <span class='ocrx_word' id='word_1_153' title='bbox 3371 850 3474 902; x_wconf 78' lang='grc' dir='ltr'><strong>οὐκ</strong></span> <span class='ocrx_word' id='word_1_154' title='bbox 3506 851 3757 918; x_wconf 81' lang='grc' dir='ltr'><strong>ἀνέγνως</strong></span> 
     </span>
    </p>
   </div>
   <div class='ocr_carea' id='block_1_23' title="bbox 2180 932 3756 1009">
    <p class='ocr_par' dir='ltr' id='par_1_23' title="bbox 2180 932 3756 1009">
     <span class='ocr_line' id='line_1_23' title="bbox 2180 932 3756 1009; baseline 0.007 -25"><span class='ocrx_word' id='word_1_155' title='bbox 2180 932 2253 994; x_wconf 83' lang='grc' dir='ltr'>ὡς</span> <span class='ocrx_word' id='word_1_156' title='bbox 2295 936 2404 997; x_wconf 80' lang='grc' dir='ltr'>πᾶς</span> <span class='ocrx_word' id='word_1_157' title='bbox 2444 935 2998 1006; x_wconf 83' lang='grc' dir='ltr'>ἀλλοτριοεπίσκοπος</span> <span class='ocrx_word' id='word_1_158' title='bbox 3047 939 3425 1009; x_wconf 82' lang='grc' dir='ltr'>ἐκκήρυκτος;</span> <span class='ocrx_word' id='word_1_159' title='bbox 3473 941 3587 993; x_wconf 70' lang='grc' dir='ltr'><strong>Καὶ</strong></span> <span class='ocrx_word' id='word_1_160' title='bbox 3641 943 3756 995; x_wconf 75' lang='grc' dir='ltr'>οὐκ</span> 
     </span>
    </p>
   </div>
   <div class='ocr_carea' id='block_1_24' title="bbox 2180 1022 3753 1098">
    <p class='ocr_par' dir='ltr' id='par_1_24' title="bbox 2180 1022 3753 1098">
     <span class='ocr_line' id='line_1_24' title="bbox 2180 1022 3753 1098; baseline 0.003 -20"><span class='ocrx_word' id='word_1_161' title='bbox 2180 1022 2564 1080; x_wconf 75' lang='grc' dir='ltr'>ἀπέστελλον</span> <span class='ocrx_word' id='word_1_162' title='bbox 2581 1025 2822 1093; x_wconf 85' lang='grc' dir='ltr'>αὐτοὺς,</span> <span class='ocrx_word' id='word_1_163' title='bbox 2855 1029 3011 1098; x_wconf 72' lang='grc' dir='ltr'>φησὶ,</span> <span class='ocrx_word' id='word_1_164' title='bbox 3033 1028 3131 1082; x_wconf 77' lang='grc' dir='ltr'>καὶ</span> <span class='ocrx_word' id='word_1_165' title='bbox 3156 1029 3594 1098; x_wconf 60' lang='grc' dir='ltr'>προεφήτευον.</span> <span class='ocrx_word' id='word_1_166' title='bbox 3620 1032 3753 1095; x_wconf 76' lang='grc' dir='ltr'>Καὶ,</span> 
     </span>
    </p>
   </div>
   <div class='ocr_carea' id='block_1_25' title="bbox 2185 1103 3759 1188">
    <p class='ocr_par' dir='ltr' id='par_1_25' title="bbox 2185 1103 3759 1188">
     <span class='ocr_line' id='line_1_25' title="bbox 2185 1103 3759 1188; baseline 0.004 -20"><span class='ocrx_word' id='word_1_167' title='bbox 2185 1117 2309 1183; x_wconf 82' lang='grc' dir='ltr'><strong>Οὐχ</strong></span> <span class='ocrx_word' id='word_1_168' title='bbox 2337 1113 2529 1180; x_wconf 71' lang='grc' dir='ltr'>ἐαυτῷ</span> <span class='ocrx_word' id='word_1_169' title='bbox 2561 1133 2652 1182; x_wconf 85' lang='grc' dir='ltr'><strong>τις</strong></span> <span class='ocrx_word' id='word_1_170' title='bbox 2681 1103 2796 1185; x_wconf 53' lang='lat' dir='ltr'><strong>thi-</strong></span> <span class='ocrx_word' id='word_1_171' title='bbox 2845 1116 3026 1188; x_wconf 77' lang='grc' dir='ltr'>τιμὴν</span> <span class='ocrx_word' id='word_1_172' title='bbox 3051 1119 3369 1188; x_wconf 76' lang='grc' dir='ltr'>λαμϐάνει,</span> <span class='ocrx_word' id='word_1_173' title='bbox 3413 1121 3555 1174; x_wconf 70' lang='grc' dir='ltr'>ἀλλ’</span> <span class='ocrx_word' id='word_1_174' title='bbox 3587 1125 3620 1175; x_wconf 82' lang='grc' dir='ltr'><strong>ό</strong></span> <span class='ocrx_word' id='word_1_175' title='bbox 3654 1139 3759 1175; x_wconf 80' lang='grc' dir='ltr'>κα-</span> 
     </span>
    </p>
   </div>
   <div class='ocr_carea' id='block_1_26' title="bbox 2179 1209 3758 1281">
    <p class='ocr_par' dir='ltr' id='par_1_26' title="bbox 2179 1209 3758 1281">
     <span class='ocr_line' id='line_1_26' title="bbox 2179 1209 3758 1281; baseline 0.003 -19"><span class='ocrx_word' id='word_1_176' title='bbox 2179 1209 2477 1276; x_wconf 74' lang='grc' dir='ltr'>λούμενος</span> <span class='ocrx_word' id='word_1_177' title='bbox 2523 1211 2641 1264; x_wconf 82' lang='grc' dir='ltr'><strong>ὑπὸ</strong></span> <span class='ocrx_word' id='word_1_178' title='bbox 2674 1210 2779 1264; x_wconf 83' lang='grc' dir='ltr'>τοῦ</span> <span class='ocrx_word' id='word_1_179' title='bbox 2824 1211 2993 1267; x_wconf 87' lang='grc' dir='ltr'>Θεοῦ.</span> <span class='ocrx_word' id='word_1_180' title='bbox 3052 1211 3251 1277; x_wconf 86' lang='grc' dir='ltr'><em>Οὕτως</em></span> <span class='ocrx_word' id='word_1_181' title='bbox 3281 1212 3379 1266; x_wconf 76' lang='grc' dir='ltr'>καὶ</span> <span class='ocrx_word' id='word_1_182' title='bbox 3433 1216 3466 1266; x_wconf 94' lang='lat' dir='ltr'><strong>o&#39;</strong></span> <span class='ocrx_word' id='word_1_183' title='bbox 3498 1213 3758 1281; x_wconf 73' lang='grc' dir='ltr'>Χριστὸς</span> 
     </span>
    </p>
   </div>
   <div class='ocr_carea' id='block_1_27' title="bbox 2179 1294 3757 1372">
    <p class='ocr_par' dir='ltr' id='par_1_27' title="bbox 2179 1294 3757 1372">
     <span class='ocr_line' id='line_1_27' title="bbox 2179 1294 3757 1372; baseline 0.003 -20"><span class='ocrx_word' id='word_1_184' title='bbox 2179 1299 2292 1366; x_wconf 83' lang='grc' dir='ltr'>οὺχ</span> <span class='ocrx_word' id='word_1_185' title='bbox 2327 1294 2545 1352; x_wconf 64' lang='grc' dir='ltr'>ἑαυτὸν</span> <span class='ocrx_word' id='word_1_186' title='bbox 2562 1298 2819 1364; x_wconf 77' lang='grc' dir='ltr'>ἐδόξασε</span> <span class='ocrx_word' id='word_1_187' title='bbox 2846 1302 3124 1370; x_wconf 70' lang='grc' dir='ltr'>γενέσθαι</span> <span class='ocrx_word' id='word_1_188' title='bbox 3149 1302 3429 1372; x_wconf 77' lang='grc' dir='ltr'><strong>ἀρχιερέα</strong></span> <span class='ocrx_word' id='word_1_189' title='bbox 3459 1320 3472 1333; x_wconf 91' lang='grc'><strong>·</strong></span> <span class='ocrx_word' id='word_1_190' title='bbox 3514 1305 3660 1358; x_wconf 82' lang='grc' dir='ltr'><strong>κατά</strong></span> <span class='ocrx_word' id='word_1_191' title='bbox 3696 1306 3757 1358; x_wconf 77' lang='grc' dir='ltr'>τὸ</span> 
     </span>
    </p>
   </div>
   <div class='ocr_carea' id='block_1_28' title="bbox 2179 1391 3756 1463">
    <p class='ocr_par' dir='ltr' id='par_1_28' title="bbox 2179 1391 3756 1463">
     <span class='ocr_line' id='line_1_28' title="bbox 2179 1391 3756 1463; baseline 0.004 -20"><span class='ocrx_word' id='word_1_192' title='bbox 2179 1391 2568 1461; x_wconf 81' lang='grc' dir='ltr'><strong>γεγραμμένον</strong></span> <span class='ocrx_word' id='word_1_193' title='bbox 2589 1408 2604 1422; x_wconf 78' lang='grc' dir='ltr'><strong>ο</strong></span> <span class='ocrx_word' id='word_1_194' title='bbox 2645 1392 2784 1446; x_wconf 75' lang='grc' dir='ltr'><strong>ἀλλ’</strong></span> <span class='ocrx_word' id='word_1_195' title='bbox 2814 1395 2847 1447; x_wconf 82' lang='grc' dir='ltr'><strong>ό</strong></span> <span class='ocrx_word' id='word_1_196' title='bbox 2871 1393 3158 1463; x_wconf 73' lang='grc' dir='ltr'>λαλήσας</span> <span class='ocrx_word' id='word_1_197' title='bbox 3205 1397 3355 1462; x_wconf 76' lang='grc' dir='ltr'>πρὸς</span> <span class='ocrx_word' id='word_1_198' title='bbox 3384 1398 3574 1450; x_wconf 80' lang='grc' dir='ltr'>αὐτόν</span> <span class='ocrx_word' id='word_1_199' title='bbox 3599 1413 3613 1425; x_wconf 91' lang='grc'><strong>·</strong></span> <span class='ocrx_word' id='word_1_200' title='bbox 3669 1396 3756 1449; x_wconf 84' lang='grc' dir='ltr'><strong>Σὺ</strong></span> 
     </span>
    </p>
   </div>
   <div class='ocr_carea' id='block_1_29' title="bbox 2179 1478 3759 1555">
    <p class='ocr_par' dir='ltr' id='par_1_29' title="bbox 2179 1478 3759 1555">
     <span class='ocr_line' id='line_1_29' title="bbox 2179 1478 3759 1555; baseline 0.003 -20"><span class='ocrx_word' id='word_1_201' title='bbox 2179 1482 2372 1550; x_wconf 85' lang='grc' dir='ltr'>ιερεὺς</span> <span class='ocrx_word' id='word_1_202' title='bbox 2405 1478 2461 1536; x_wconf 76' lang='grc' dir='ltr'>εἴ</span> <span class='ocrx_word' id='word_1_203' title='bbox 2486 1484 2573 1549; x_wconf 78' lang='grc' dir='ltr'>εις</span> <span class='ocrx_word' id='word_1_204' title='bbox 2594 1483 2700 1537; x_wconf 82' lang='grc' dir='ltr'><strong>τὸν</strong></span> <span class='ocrx_word' id='word_1_205' title='bbox 2721 1482 2908 1538; x_wconf 74' lang='grc' dir='ltr'>αἰῶνα</span> <span class='ocrx_word' id='word_1_206' title='bbox 2929 1485 3081 1538; x_wconf 85' lang='grc' dir='ltr'>κατὰ</span> <span class='ocrx_word' id='word_1_207' title='bbox 3109 1485 3224 1553; x_wconf 78' lang='grc' dir='ltr'><strong>τὴν</strong></span> <span class='ocrx_word' id='word_1_208' title='bbox 3245 1486 3422 1550; x_wconf 75' lang='grc' dir='ltr'>τάξιν</span> <span class='ocrx_word' id='word_1_209' title='bbox 3451 1489 3759 1555; x_wconf 72' lang='grc' dir='ltr'>Μελχισε-</span> 
     </span>
    </p>
   </div>
   <div class='ocr_carea' id='block_1_30' title="bbox 2177 1573 3758 1649">
    <p class='ocr_par' dir='ltr' id='par_1_30' title="bbox 2177 1573 3758 1649">
     <span class='ocr_line' id='line_1_30' title="bbox 2177 1573 3758 1649; baseline 0.001 -21"><span class='ocrx_word' id='word_1_210' title='bbox 2177 1573 2306 1629; x_wconf 81' lang='grc' dir='ltr'>δέκ.</span> <span class='ocrx_word' id='word_1_211' title='bbox 2331 1575 2397 1628; x_wconf 80' lang='grc' dir='ltr'><strong>Σὲ</strong></span> <span class='ocrx_word' id='word_1_212' title='bbox 2426 1576 2484 1630; x_wconf 77' lang='grc' dir='ltr'>δὲ</span> <span class='ocrx_word' id='word_1_213' title='bbox 2515 1576 2599 1638; x_wconf 87' lang='grc' dir='ltr'><strong>τίς</strong></span> <span class='ocrx_word' id='word_1_214' title='bbox 2655 1576 2955 1648; x_wconf 83' lang='grc' dir='ltr'>κέκληκεν,</span> <span class='ocrx_word' id='word_1_215' title='bbox 2987 1577 3203 1646; x_wconf 83' lang='grc' dir='ltr'>ἀδελφέ,</span> <span class='ocrx_word' id='word_1_216' title='bbox 3239 1579 3323 1641; x_wconf 87' lang='grc' dir='ltr'><strong>τίς</strong></span> <span class='ocrx_word' id='word_1_217' title='bbox 3354 1578 3410 1630; x_wconf 81' lang='grc' dir='ltr'>δὲ</span> <span class='ocrx_word' id='word_1_218' title='bbox 3444 1580 3758 1649; x_wconf 80' lang='grc' dir='ltr'>κατέστησε</span> 
     </span>
    </p>
   </div>
   <div class='ocr_carea' id='block_1_31' title="bbox 2178 1667 3758 1740">
    <p class='ocr_par' dir='ltr' id='par_1_31' title="bbox 2178 1667 3758 1740">
     <span class='ocr_line' id='line_1_31' title="bbox 2178 1667 3758 1740; baseline 0.001 -20"><span class='ocrx_word' id='word_1_219' title='bbox 2178 1667 2474 1738; x_wconf 80' lang='grc' dir='ltr'>νομοθέτην</span> <span class='ocrx_word' id='word_1_220' title='bbox 2502 1669 2594 1721; x_wconf 74' lang='grc' dir='ltr'><strong>ἐπὶ</strong></span> <span class='ocrx_word' id='word_1_221' title='bbox 2637 1668 2737 1738; x_wconf 83' lang='grc' dir='ltr'>τῆς</span> <span class='ocrx_word' id='word_1_222' title='bbox 2800 1669 3132 1739; x_wconf 85' lang='grc' dir='ltr'>Ἐκκλησίας</span> <span class='ocrx_word' id='word_1_223' title='bbox 3177 1669 3274 1723; x_wconf 81' lang='grc' dir='ltr'>τοῦ</span> <span class='ocrx_word' id='word_1_224' title='bbox 3313 1669 3474 1734; x_wconf 80' lang='grc' dir='ltr'>Θεοῦ,</span> <span class='ocrx_word' id='word_1_225' title='bbox 3522 1671 3582 1733; x_wconf 88' lang='grc' dir='ltr'>ὃς</span> <span class='ocrx_word' id='word_1_226' title='bbox 3617 1671 3758 1740; x_wconf 78' lang='grc' dir='ltr'>μηδὲ</span> 
     </span>
    </p>
   </div>
   <div class='ocr_carea' id='block_1_32' title="bbox 499 1732 2074 1834">
    <p class='ocr_par' dir='ltr' id='par_1_32' title="bbox 499 1732 2074 1830">
     <span class='ocr_line' id='line_1_32' title="bbox 499 1732 2074 1830; baseline 0.011 -43"><span class='ocrx_word' id='word_1_227' title='bbox 499 1732 594 1803; x_wconf 86' lang='lat' dir='ltr'><strong>qui</strong></span> <span class='ocrx_word' id='word_1_228' title='bbox 619 1751 795 1806; x_wconf 90' lang='lat' dir='ltr'><strong>neque</strong></span> <span class='ocrx_word' id='word_1_229' title='bbox 834 1750 1025 1808; x_wconf 81' lang='lat' dir='ltr'><strong>parere</strong></span> <span class='ocrx_word' id='word_1_230' title='bbox 1058 1741 1199 1796; x_wconf 88' lang='lat' dir='ltr'><strong>forte</strong></span> <span class='ocrx_word' id='word_1_231' title='bbox 1241 1742 1480 1830; x_wconf 72' lang='lat' dir='ltr'><strong>didicisti</strong></span> <span class='ocrx_word' id='word_1_232' title='bbox 1515 1746 1539 1799; x_wconf 86' lang='lat'><strong>?</strong></span> <span class='ocrx_word' id='word_1_233' title='bbox 1568 1747 1642 1801; x_wconf 80' lang='lat' dir='ltr'><strong>Ac</strong></span> <span class='ocrx_word' id='word_1_234' title='bbox 1678 1748 1905 1816; x_wconf 84' lang='lat' dir='ltr'><strong>proinde</strong></span> <span class='ocrx_word' id='word_1_235' title='bbox 1950 1765 2074 1804; x_wconf 90' lang='lat' dir='ltr'><strong>cum</strong></span> 
     </span>
    </p>
   </div>
   <div class='ocr_carea' id='block_1_33' title="bbox 2178 1732 3758 1834">
    <p class='ocr_par' dir='ltr' id='par_1_33' title="bbox 2181 1732 3758 1834">
     <span class='ocr_line' id='line_1_33' title="bbox 2181 1732 3758 1834; baseline -0.001 -20"><span class='ocrx_word' id='word_1_236' title='bbox 2181 1732 2445 1831; x_wconf 75' lang='grc' dir='ltr'>ἄρχεσθαι</span> <span class='ocrx_word' id='word_1_237' title='bbox 2483 1760 2644 1830; x_wconf 80' lang='grc' dir='ltr'>τυχὸν</span> <span class='ocrx_word' id='word_1_238' title='bbox 2680 1732 3058 1832; x_wconf 80' lang='grc' dir='ltr'>μεμαθηκὼς;</span> <span class='ocrx_word' id='word_1_239' title='bbox 3094 1732 3219 1817; x_wconf 64' lang='grc' dir='ltr'><strong>Κὰκ</strong></span> <span class='ocrx_word' id='word_1_240' title='bbox 3237 1762 3430 1816; x_wconf 83' lang='grc' dir='ltr'>τούτου</span> <span class='ocrx_word' id='word_1_241' title='bbox 3560 1732 3758 1832; x_wconf 73' lang='grc' dir='ltr'>ἄρχειν</span> 
     </span>
    </p>
   </div>
   <div class='ocr_carea' id='block_1_34' title="bbox 499 1817 2074 1923">
    <p class='ocr_par' dir='ltr' id='par_1_34' title="bbox 499 1817 2074 1906">
     <span class='ocr_line' id='line_1_34' title="bbox 499 1817 2074 1906; baseline 0.011 -27"><span class='ocrx_word' id='word_1_242' title='bbox 499 1825 650 1881; x_wconf 80' lang='lat' dir='ltr'><strong>visus</strong></span> <span class='ocrx_word' id='word_1_243' title='bbox 679 1829 920 1884; x_wconf 91' lang='lat' dir='ltr'><strong>nondum</strong></span> <span class='ocrx_word' id='word_1_244' title='bbox 947 1831 1025 1887; x_wconf 86' lang='lat' dir='ltr'><strong>sis</strong></span> <span class='ocrx_word' id='word_1_245' title='bbox 1083 1835 1336 1903; x_wconf 84' lang='lat' dir='ltr'><strong>cuiquam</strong></span> <span class='ocrx_word' id='word_1_246' title='bbox 1383 1817 1649 1905; x_wconf 76' lang='lat' dir='ltr'><strong>imperare</strong></span> <span class='ocrx_word' id='word_1_247' title='bbox 1687 1857 1700 1892; x_wconf 90' lang='lat'><strong>:</strong></span> <span class='ocrx_word' id='word_1_248' title='bbox 1736 1840 1903 1906; x_wconf 77' lang='lat' dir='ltr'><strong>legem</strong></span> <span class='ocrx_word' id='word_1_249' title='bbox 1933 1843 2074 1896; x_wconf 85' lang='lat' dir='ltr'><strong>acci-</strong></span> 
     </span>
    </p>
   </div>
   <div class='ocr_carea' id='block_1_35' title="bbox 2178 1817 3758 1923">
    <p class='ocr_par' dir='ltr' id='par_1_35' title="bbox 2181 1817 3758 1923">
     <span class='ocr_line' id='line_1_35' title="bbox 2181 1817 3758 1923; baseline 0.001 -21"><span class='ocrx_word' id='word_1_250' title='bbox 2181 1817 2327 1913; x_wconf 53' lang='grc' dir='ltr'>τίν’δς</span> <span class='ocrx_word' id='word_1_251' title='bbox 2354 1817 2786 1921; x_wconf 38' lang='grc' dir='ltr'>τεθεωρῑημένος,</span> <span class='ocrx_word' id='word_1_252' title='bbox 2820 1817 3057 1921; x_wconf 39' lang='lat' dir='ltr'><strong>saepe};</strong></span> <span class='ocrx_word' id='word_1_253' title='bbox 3087 1817 3527 1923; x_wconf 52' lang='grc' dir='ltr'>νομοθετεῖσθαι.</span> <span class='ocrx_word' id='word_1_254' title='bbox 3549 1817 3758 1923; x_wconf 62' lang='grc' dir='ltr'>μαλλον</span> 
     </span>
    </p>
   </div>
   <div class='ocr_carea' id='block_1_36' title="bbox 500 1922 2076 2002">
    <p class='ocr_par' dir='ltr' id='par_1_36' title="bbox 500 1922 2076 2002">
     <span class='ocr_line' id='line_1_36' title="bbox 500 1922 2076 2002; baseline 0.012 -32"><span class='ocrx_word' id='word_1_255' title='bbox 500 1931 628 1987; x_wconf 92' lang='lat' dir='ltr'><strong>pere</strong></span> <span class='ocrx_word' id='word_1_256' title='bbox 657 1928 708 1974; x_wconf 89' lang='lat' dir='ltr'><strong>te</strong></span> <span class='ocrx_word' id='word_1_257' title='bbox 732 1922 914 1978; x_wconf 88' lang='lat' dir='ltr'><strong>verius</strong></span> <span class='ocrx_word' id='word_1_258' title='bbox 950 1932 1032 1979; x_wconf 88' lang='lat' dir='ltr'><strong>est</strong></span> <span class='ocrx_word' id='word_1_259' title='bbox 1059 1940 1222 1994; x_wconf 91' lang='lat' dir='ltr'><strong>quam</strong></span> <span class='ocrx_word' id='word_1_260' title='bbox 1246 1929 1546 1997; x_wconf 87' lang='lat' dir='ltr'><strong>imponere.</strong></span> <span class='ocrx_word' id='word_1_261' title='bbox 1575 1946 1737 1986; x_wconf 82' lang='lat' dir='ltr'><strong>manu</strong></span> <span class='ocrx_word' id='word_1_262' title='bbox 1771 1933 1882 2002; x_wconf 78' lang='lat' dir='ltr'><strong>regi</strong></span> <span class='ocrx_word' id='word_1_263' title='bbox 1912 1949 2076 2002; x_wconf 90' lang='lat' dir='ltr'><strong>quam</strong></span> 
     </span>
    </p>
   </div>
   <div class='ocr_carea' id='block_1_37' title="bbox 500 2009 2078 2089">
    <p class='ocr_par' dir='ltr' id='par_1_37' title="bbox 500 2009 2078 2089">
     <span class='ocr_line' id='line_1_37' title="bbox 500 2009 2078 2089; baseline 0.013 -30"><span class='ocrx_word' id='word_1_264' title='bbox 500 2020 706 2076; x_wconf 77' lang='lat' dir='ltr'><strong>regere,</strong></span> <span class='ocrx_word' id='word_1_265' title='bbox 761 2009 940 2066; x_wconf 89' lang='lat' dir='ltr'><strong>lucem</strong></span> <span class='ocrx_word' id='word_1_266' title='bbox 997 2016 1237 2069; x_wconf 89' lang='lat' dir='ltr'><strong>mutuari</strong></span> <span class='ocrx_word' id='word_1_267' title='bbox 1288 2031 1452 2086; x_wconf 88' lang='lat' dir='ltr'><strong>quam</strong></span> <span class='ocrx_word' id='word_1_268' title='bbox 1506 2019 1824 2089; x_wconf 89' lang='lat' dir='ltr'><strong>impertiri,</strong></span> <span class='ocrx_word' id='word_1_269' title='bbox 1865 2022 2078 2079; x_wconf 86' lang='lat' dir='ltr'><strong>discere</strong></span> 
     </span>
    </p>
   </div>
   <div class='ocr_carea' id='block_1_38' title="bbox 496 2099 2079 2182">
    <p class='ocr_par' dir='ltr' id='par_1_38' title="bbox 496 2099 2079 2182">
     <span class='ocr_line' id='line_1_38' title="bbox 496 2099 2079 2182; baseline 0.012 -30"><span class='ocrx_word' id='word_1_270' title='bbox 496 2111 661 2167; x_wconf 80' lang='lat' dir='ltr'><strong>quam</strong></span> <span class='ocrx_word' id='word_1_271' title='bbox 691 2099 889 2159; x_wconf 88' lang='lat' dir='ltr'><strong>docere</strong></span> <span class='ocrx_word' id='word_1_272' title='bbox 922 2122 937 2159; x_wconf 88' lang='lat'><strong>:</strong></span> <span class='ocrx_word' id='word_1_273' title='bbox 978 2118 1033 2160; x_wconf 86' lang='lat' dir='ltr'><strong>et</strong></span> <span class='ocrx_word' id='word_1_274' title='bbox 1055 2121 1121 2160; x_wconf 82' lang='lat' dir='ltr'><strong>ex</strong></span> <span class='ocrx_word' id='word_1_275' title='bbox 1149 2108 1227 2163; x_wconf 90' lang='lat' dir='ltr'><strong>rei</strong></span> <span class='ocrx_word' id='word_1_276' title='bbox 1267 2109 1464 2176; x_wconf 88' lang='lat' dir='ltr'><strong>prioris</strong></span> <span class='ocrx_word' id='word_1_277' title='bbox 1487 2113 1862 2182; x_wconf 79' lang='lat' dir='ltr'><strong>experimento</strong></span> <span class='ocrx_word' id='word_1_278' title='bbox 1898 2115 1965 2170; x_wconf 90' lang='lat' dir='ltr'><strong>ad</strong></span> <span class='ocrx_word' id='word_1_279' title='bbox 2000 2116 2079 2171; x_wconf 86' lang='lat' dir='ltr'><strong>al-</strong></span> 
     </span>
    </p>
   </div>
   <div class='ocr_carea' id='block_1_39' title="bbox 494 2195 2076 2270">
    <p class='ocr_par' dir='ltr' id='par_1_39' title="bbox 494 2195 2076 2270">
     <span class='ocr_line' id='line_1_39' title="bbox 494 2195 2076 2270; baseline 0.011 -24"><span class='ocrx_word' id='word_1_280' title='bbox 494 2197 670 2246; x_wconf 82' lang='lat' dir='ltr'><strong>teram</strong></span> <span class='ocrx_word' id='word_1_281' title='bbox 722 2195 951 2264; x_wconf 79' lang='lat' dir='ltr'><strong>gradum</strong></span> <span class='ocrx_word' id='word_1_282' title='bbox 983 2196 1166 2254; x_wconf 87' lang='lat' dir='ltr'><strong>facere</strong></span> <span class='ocrx_word' id='word_1_283' title='bbox 1202 2202 1703 2270; x_wconf 88' lang='lat' dir='ltr'><strong>:quemadmodum</strong></span> <span class='ocrx_word' id='word_1_284' title='bbox 1762 2204 1865 2259; x_wconf 86' lang='lat' dir='ltr'><strong>fert</strong></span> <span class='ocrx_word' id='word_1_285' title='bbox 1893 2205 2076 2263; x_wconf 86' lang='lat' dir='ltr'><strong>divina</strong></span> 
     </span>
    </p>
   </div>
   <div class='ocr_carea' id='block_1_40' title="bbox 494 2283 2075 2364">
    <p class='ocr_par' dir='ltr' id='par_1_40' title="bbox 494 2283 2075 2364">
     <span class='ocr_line' id='line_1_40' title="bbox 494 2283 2075 2364; baseline 0.009 -26"><span class='ocrx_word' id='word_1_286' title='bbox 494 2283 602 2350; x_wconf 83' lang='lat' dir='ltr'><strong>lex,</strong></span> <span class='ocrx_word' id='word_1_287' title='bbox 620 2287 834 2356; x_wconf 74' lang='lat' dir='ltr'><strong>egregie</strong></span> <span class='ocrx_word' id='word_1_288' title='bbox 856 2288 1057 2347; x_wconf 84' lang='lat' dir='ltr'><strong>divinis</strong></span> <span class='ocrx_word' id='word_1_289' title='bbox 1072 2292 1435 2364; x_wconf 88' lang='lat' dir='ltr'><strong>humanisque</strong></span> <span class='ocrx_word' id='word_1_290' title='bbox 1456 2296 1743 2353; x_wconf 88' lang='lat' dir='ltr'><strong>sententiis</strong></span> <span class='ocrx_word' id='word_1_291' title='bbox 1757 2301 2075 2354; x_wconf 87' lang='lat' dir='ltr'><strong>constituta.</strong></span> 
     </span>
    </p>
   </div>
   <div class='ocr_carea' id='block_1_41' title="bbox 565 2377 2076 2460">
    <p class='ocr_par' dir='ltr' id='par_1_41' title="bbox 565 2377 2076 2460">
     <span class='ocr_line' id='line_1_41' title="bbox 565 2377 2076 2460; baseline 0.009 -29"><span class='ocrx_word' id='word_1_292' title='bbox 565 2377 752 2449; x_wconf 74' lang='lat' dir='ltr'><strong>Neque</strong></span> <span class='ocrx_word' id='word_1_293' title='bbox 801 2383 945 2436; x_wconf 90' lang='lat' dir='ltr'><strong>enim</strong></span> <span class='ocrx_word' id='word_1_294' title='bbox 986 2383 1068 2439; x_wconf 91' lang='lat' dir='ltr'><strong>sic</strong></span> <span class='ocrx_word' id='word_1_295' title='bbox 1094 2386 1493 2453; x_wconf 81' lang='lat' dir='ltr'><strong>existimemus,</strong></span> <span class='ocrx_word' id='word_1_296' title='bbox 1527 2404 1560 2442; x_wconf 95' lang='lat' dir='ltr'><strong>o</strong></span> <span class='ocrx_word' id='word_1_297' title='bbox 1590 2391 1782 2455; x_wconf 89' lang='lat' dir='ltr'><strong>amice,</strong></span> <span class='ocrx_word' id='word_1_298' title='bbox 1817 2393 1862 2446; x_wconf 89' lang='lat' dir='ltr'><strong>si</strong></span> <span class='ocrx_word' id='word_1_299' title='bbox 1892 2392 1985 2460; x_wconf 90' lang='lat' dir='ltr'><strong>qui</strong></span> <span class='ocrx_word' id='word_1_300' title='bbox 2010 2407 2076 2446; x_wconf 77' lang='lat' dir='ltr'><strong>ex</strong></span> 
     </span>
    </p>
   </div>
   <div class='ocr_carea' id='block_1_42' title="bbox 493 2469 2077 2547">
    <p class='ocr_par' dir='ltr' id='par_1_42' title="bbox 493 2469 2077 2547">
     <span class='ocr_line' id='line_1_42' title="bbox 493 2469 2077 2547; baseline 0.009 -26"><span class='ocrx_word' id='word_1_301' title='bbox 493 2469 700 2524; x_wconf 85' lang='lat' dir='ltr'><strong>insulsa</strong></span> <span class='ocrx_word' id='word_1_302' title='bbox 732 2475 996 2540; x_wconf 88' lang='lat' dir='ltr'><strong>sapientia</strong></span> <span class='ocrx_word' id='word_1_303' title='bbox 1035 2477 1213 2532; x_wconf 90' lang='lat' dir='ltr'><strong>sciant</strong></span> <span class='ocrx_word' id='word_1_304' title='bbox 1251 2478 1481 2547; x_wconf 89' lang='lat' dir='ltr'><strong>aliquid,</strong></span> <span class='ocrx_word' id='word_1_305' title='bbox 1505 2495 1570 2534; x_wconf 86' lang='lat' dir='ltr'><strong>ac</strong></span> <span class='ocrx_word' id='word_1_306' title='bbox 1598 2480 1867 2534; x_wconf 89' lang='lat' dir='ltr'><strong>nefarium</strong></span> <span class='ocrx_word' id='word_1_307' title='bbox 1903 2483 2077 2537; x_wconf 84' lang='lat' dir='ltr'><strong>incul-</strong></span> 
     </span>
    </p>
   </div>
   <div class='ocr_carea' id='block_1_43' title="bbox 491 2569 2075 2644">
    <p class='ocr_par' dir='ltr' id='par_1_43' title="bbox 491 2569 2075 2644">
     <span class='ocr_line' id='line_1_43' title="bbox 491 2569 2075 2644; baseline 0.009 -30"><span class='ocrx_word' id='word_1_308' title='bbox 491 2572 617 2615; x_wconf 89' lang='lat' dir='ltr'><strong>cent</strong></span> <span class='ocrx_word' id='word_1_309' title='bbox 671 2577 1005 2630; x_wconf 87' lang='lat' dir='ltr'><strong>sermonem,</strong></span> <span class='ocrx_word' id='word_1_310' title='bbox 1033 2582 1099 2622; x_wconf 90' lang='lat' dir='ltr'><strong>ea</strong></span> <span class='ocrx_word' id='word_1_311' title='bbox 1132 2584 1190 2622; x_wconf 93' lang='lat' dir='ltr'><strong>re</strong></span> <span class='ocrx_word' id='word_1_312' title='bbox 1220 2569 1400 2640; x_wconf 75' lang='lat' dir='ltr'><strong>legum</strong></span> <span class='ocrx_word' id='word_1_313' title='bbox 1443 2571 1645 2626; x_wconf 86' lang='lat' dir='ltr'><strong>latores</strong></span> <span class='ocrx_word' id='word_1_314' title='bbox 1681 2573 1816 2627; x_wconf 87' lang='lat' dir='ltr'><strong>ellici</strong></span> <span class='ocrx_word' id='word_1_315' title='bbox 1854 2591 1866 2627; x_wconf 91' lang='lat'><strong>:</strong></span> <span class='ocrx_word' id='word_1_316' title='bbox 1897 2575 2075 2644; x_wconf 90' lang='lat' dir='ltr'><strong>siqui-</strong></span> 
     </span>
    </p>
   </div>
   <div class='ocr_carea' id='block_1_44' title="bbox 489 2655 2074 2723">
    <p class='ocr_par' dir='ltr' id='par_1_44' title="bbox 489 2655 2074 2723">
     <span class='ocr_line' id='line_1_44' title="bbox 489 2655 2074 2723; baseline 0.011 -17"><span class='ocrx_word' id='word_1_317' title='bbox 489 2655 612 2710; x_wconf 87' lang='lat' dir='ltr'><strong>dem</strong></span> <span class='ocrx_word' id='word_1_318' title='bbox 657 2666 712 2712; x_wconf 90' lang='lat' dir='ltr'><strong>et</strong></span> <span class='ocrx_word' id='word_1_319' title='bbox 744 2658 997 2716; x_wconf 81' lang='lat' dir='ltr'><strong>Moabitis</strong></span> <span class='ocrx_word' id='word_1_320' title='bbox 1040 2670 1094 2719; x_wconf 91' lang='lat' dir='ltr'><strong>et</strong></span> <span class='ocrx_word' id='word_1_321' title='bbox 1138 2663 1471 2721; x_wconf 90' lang='lat' dir='ltr'><strong>Ammonitis</strong></span> <span class='ocrx_word' id='word_1_322' title='bbox 1506 2667 1690 2722; x_wconf 84' lang='lat' dir='ltr'><strong>aditus</strong></span> <span class='ocrx_word' id='word_1_323' title='bbox 1732 2668 1799 2722; x_wconf 91' lang='lat' dir='ltr'><strong>ad</strong></span> <span class='ocrx_word' id='word_1_324' title='bbox 1829 2668 2074 2723; x_wconf 85' lang='lat' dir='ltr'><strong>divinum</strong></span> 
     </span>
    </p>
   </div>
   <div class='ocr_carea' id='block_1_45' title="bbox 489 2746 2074 2826">
    <p class='ocr_par' dir='ltr' id='par_1_45' title="bbox 489 2746 2074 2826">
     <span class='ocr_line' id='line_1_45' title="bbox 489 2746 2074 2826; baseline 0.01 -27"><span class='ocrx_word' id='word_1_325' title='bbox 489 2746 661 2802; x_wconf 85' lang='lat' dir='ltr'><strong>altare</strong></span> <span class='ocrx_word' id='word_1_326' title='bbox 704 2763 813 2804; x_wconf 87' lang='lat' dir='ltr'><strong>non</strong></span> <span class='ocrx_word' id='word_1_327' title='bbox 857 2751 1075 2820; x_wconf 85' lang='lat' dir='ltr'><strong>patuit:</strong></span> <span class='ocrx_word' id='word_1_328' title='bbox 1103 2754 1198 2809; x_wconf 90' lang='lat' dir='ltr'><strong>sed</strong></span> <span class='ocrx_word' id='word_1_329' title='bbox 1253 2770 1394 2826; x_wconf 90' lang='lat' dir='ltr'><strong>quos</strong></span> <span class='ocrx_word' id='word_1_330' title='bbox 1420 2757 1623 2812; x_wconf 84' lang='lat' dir='ltr'><strong>Christi</strong></span> <span class='ocrx_word' id='word_1_331' title='bbox 1655 2758 1918 2813; x_wconf 84' lang='lat' dir='ltr'><strong>imitatrix</strong></span> <span class='ocrx_word' id='word_1_332' title='bbox 1941 2759 2074 2814; x_wconf 83' lang='lat' dir='ltr'><strong>ohe-</strong></span> 
     </span>
    </p>
   </div>
   <div class='ocr_carea' id='block_1_46' title="bbox 487 2838 2074 2922">
    <p class='ocr_par' dir='ltr' id='par_1_46' title="bbox 487 2838 2074 2922">
     <span class='ocr_line' id='line_1_46' title="bbox 487 2838 2074 2922; baseline 0.009 -29"><span class='ocrx_word' id='word_1_333' title='bbox 487 2838 694 2896; x_wconf 90' lang='lat' dir='ltr'><strong>dieutia</strong></span> <span class='ocrx_word' id='word_1_334' title='bbox 740 2843 1074 2912; x_wconf 90' lang='lat' dir='ltr'><strong>probaverit,</strong></span> <span class='ocrx_word' id='word_1_335' title='bbox 1104 2861 1245 2916; x_wconf 91' lang='lat' dir='ltr'><strong>quos</strong></span> <span class='ocrx_word' id='word_1_336' title='bbox 1283 2848 1545 2904; x_wconf 89' lang='lat' dir='ltr'><strong>diuturna</strong></span> <span class='ocrx_word' id='word_1_337' title='bbox 1576 2851 1837 2921; x_wconf 89' lang='lat' dir='ltr'><strong>patientia</strong></span> <span class='ocrx_word' id='word_1_338' title='bbox 1887 2853 2074 2922; x_wconf 79' lang='lat' dir='ltr'><strong>explo-</strong></span> 
     </span>
    </p>
   </div>
   <div class='ocr_carea' id='block_1_47' title="bbox 489 2931 2072 3009">
    <p class='ocr_par' dir='ltr' id='par_1_47' title="bbox 489 2931 2072 3009">
     <span class='ocr_line' id='line_1_47' title="bbox 489 2931 2072 3009; baseline 0.009 -26"><span class='ocrx_word' id='word_1_339' title='bbox 489 2931 712 2992; x_wconf 83' lang='lat' dir='ltr'><strong>raverit,</strong></span> <span class='ocrx_word' id='word_1_340' title='bbox 764 2947 906 3002; x_wconf 91' lang='lat' dir='ltr'><strong>quos</strong></span> <span class='ocrx_word' id='word_1_341' title='bbox 960 2936 1274 3006; x_wconf 78' lang='lat' dir='ltr'><strong>evangelica</strong></span> <span class='ocrx_word' id='word_1_342' title='bbox 1320 2938 1570 2992; x_wconf 83' lang='lat' dir='ltr'><strong>doctrina</strong></span> <span class='ocrx_word' id='word_1_343' title='bbox 1628 2940 1923 3009; x_wconf 82' lang='lat' dir='ltr'><strong>perfecerit</strong></span> <span class='ocrx_word' id='word_1_344' title='bbox 1963 2958 1976 2995; x_wconf 94' lang='lat'><strong>:</strong></span> <span class='ocrx_word' id='word_1_345' title='bbox 2026 2942 2072 2997; x_wconf 89' lang='lat' dir='ltr'><strong>si</strong></span> 
     </span>
    </p>
   </div>
   <div class='ocr_carea' id='block_1_48' title="bbox 488 3022 2069 3099">
    <p class='ocr_par' dir='ltr' id='par_1_48' title="bbox 488 3022 2069 3099">
     <span class='ocr_line' id='line_1_48' title="bbox 488 3022 2069 3099; baseline 0.009 -27"><span class='ocrx_word' id='word_1_346' title='bbox 488 3036 617 3074; x_wconf 85' lang='lat' dir='ltr'><strong>vero</strong></span> <span class='ocrx_word' id='word_1_347' title='bbox 642 3022 806 3077; x_wconf 89' lang='lat' dir='ltr'><strong>etiam</strong></span> <span class='ocrx_word' id='word_1_348' title='bbox 828 3034 1052 3080; x_wconf 78' lang='lat' dir='ltr'><strong>externa</strong></span> <span class='ocrx_word' id='word_1_349' title='bbox 1083 3027 1248 3092; x_wconf 87' lang='lat' dir='ltr'><strong>adsit,</strong></span> <span class='ocrx_word' id='word_1_350' title='bbox 1270 3043 1379 3082; x_wconf 91' lang='lat' dir='ltr'><strong>non</strong></span> <span class='ocrx_word' id='word_1_351' title='bbox 1407 3031 1752 3099; x_wconf 89' lang='lat' dir='ltr'><strong>aspernanda</strong></span> <span class='ocrx_word' id='word_1_352' title='bbox 1782 3047 1796 3085; x_wconf 87' lang='lat'><strong>:</strong></span> <span class='ocrx_word' id='word_1_353' title='bbox 1823 3032 1867 3085; x_wconf 88' lang='lat' dir='ltr'><strong>si</strong></span> <span class='ocrx_word' id='word_1_354' title='bbox 1888 3043 2069 3087; x_wconf 89' lang='lat' dir='ltr'><strong>tamen</strong></span> 
     </span>
    </p>
   </div>
   <div class='ocr_carea' id='block_1_49' title="bbox 2180 1942 3761 2016">
    <p class='ocr_par' dir='ltr' id='par_1_49' title="bbox 2180 1942 3761 2016">
     <span class='ocr_line' id='line_1_49' title="bbox 2180 1942 3761 2016; baseline 0.003 -23"><span class='ocrx_word' id='word_1_355' title='bbox 2180 1942 2549 2015; x_wconf 78' lang='grc' dir='ltr'>ἢνομοθετεῖν</span> <span class='ocrx_word' id='word_1_356' title='bbox 2589 1960 2602 1974; x_wconf 87' lang='grc'><strong>·</strong></span> <span class='ocrx_word' id='word_1_357' title='bbox 2639 1945 3103 2014; x_wconf 82' lang='grc' dir='ltr'><strong>χειραγωγεῖσθαι</strong></span> <span class='ocrx_word' id='word_1_358' title='bbox 3150 1945 3351 2016; x_wconf 82' lang='grc' dir='ltr'>μᾶλλον</span> <span class='ocrx_word' id='word_1_359' title='bbox 3391 1943 3423 2016; x_wconf 80' lang='grc' dir='ltr'><strong>ἦ</strong></span> <span class='ocrx_word' id='word_1_360' title='bbox 3477 1963 3761 2014; x_wconf 84' lang='grc' dir='ltr'>χειραγω-</span> 
     </span>
    </p>
   </div>
   <div class='ocr_carea' id='block_1_50' title="bbox 2181 2031 3760 2107">
    <p class='ocr_par' dir='ltr' id='par_1_50' title="bbox 2181 2031 3760 2107">
     <span class='ocr_line' id='line_1_50' title="bbox 2181 2031 3760 2107; baseline 0.003 -22"><span class='ocrx_word' id='word_1_361' title='bbox 2181 2035 2332 2102; x_wconf 75' lang='grc' dir='ltr'>γεῖν³</span> <span class='ocrx_word' id='word_1_362' title='bbox 2371 2031 2698 2104; x_wconf 74' lang='grc' dir='ltr'>φωτίζεσθαι</span> <span class='ocrx_word' id='word_1_363' title='bbox 2750 2034 2782 2103; x_wconf 82' lang='grc' dir='ltr'>ἢ</span> <span class='ocrx_word' id='word_1_364' title='bbox 2837 2035 3093 2104; x_wconf 77' lang='grc' dir='ltr'>φωτίζειν</span> <span class='ocrx_word' id='word_1_365' title='bbox 3125 2053 3139 2069; x_wconf 74' lang='grc'><strong><em>⁸</em></strong></span> <span class='ocrx_word' id='word_1_366' title='bbox 3197 2036 3550 2091; x_wconf 83' lang='grc' dir='ltr'>διδάσκεσθαι</span> <span class='ocrx_word' id='word_1_367' title='bbox 3604 2037 3638 2107; x_wconf 79' lang='grc' dir='ltr'>ἢ</span> <span class='ocrx_word' id='word_1_368' title='bbox 3673 2037 3760 2090; x_wconf 89' lang='grc' dir='ltr'>δι-</span> 
     </span>
    </p>
   </div>
   <div class='ocr_carea' id='block_1_51' title="bbox 2179 2114 3762 2200">
    <p class='ocr_par' dir='ltr' id='par_1_51' title="bbox 2179 2114 3762 2200">
     <span class='ocr_line' id='line_1_51' title="bbox 2179 2114 3762 2200; baseline 0.001 -20"><span class='ocrx_word' id='word_1_369' title='bbox 2179 2126 2398 2180; x_wconf 84' lang='grc' dir='ltr'>δάσκειν</span> <span class='ocrx_word' id='word_1_370' title='bbox 2434 2143 2448 2156; x_wconf 77' lang='grc' dir='ltr'><strong><em>ο</em></strong></span> <span class='ocrx_word' id='word_1_371' title='bbox 2478 2129 2589 2181; x_wconf 84' lang='grc' dir='ltr'><strong>κάκ</strong></span> <span class='ocrx_word' id='word_1_372' title='bbox 2609 2126 2822 2196; x_wconf 81' lang='grc' dir='ltr'>τῆςτοῦ</span> <span class='ocrx_word' id='word_1_373' title='bbox 2856 2130 3127 2198; x_wconf 80' lang='grc' dir='ltr'>προτέρου</span> <span class='ocrx_word' id='word_1_374' title='bbox 3171 2129 3368 2200; x_wconf 83' lang='grc' dir='ltr'>πείρας</span> <span class='ocrx_word' id='word_1_375' title='bbox 3407 2129 3503 2182; x_wconf 78' lang='grc' dir='ltr'><strong>ἐπὶ</strong></span> <span class='ocrx_word' id='word_1_376' title='bbox 3525 2129 3588 2182; x_wconf 84' lang='grc' dir='ltr'><strong>τὸ</strong></span> <span class='ocrx_word' id='word_1_377' title='bbox 3632 2114 3762 2182; x_wconf 76' lang='grc' dir='ltr'><strong><em>δεύ-</em></strong></span> 
     </span>
    </p>
   </div>
   <div class='ocr_carea' id='block_1_52' title="bbox 2177 2219 3756 2292">
    <p class='ocr_par' dir='ltr' id='par_1_52' title="bbox 2177 2219 3756 2292">
     <span class='ocr_line' id='line_1_52' title="bbox 2177 2219 3756 2292; baseline 0.002 -21"><span class='ocrx_word' id='word_1_378' title='bbox 2177 2236 2334 2289; x_wconf 89' lang='grc' dir='ltr'>τερον</span> <span class='ocrx_word' id='word_1_379' title='bbox 2357 2219 2563 2274; x_wconf 82' lang='grc' dir='ltr'>ἀνιέναι</span> <span class='ocrx_word' id='word_1_380' title='bbox 2595 2235 2607 2247; x_wconf 88' lang='grc'><strong>·</strong></span> <span class='ocrx_word' id='word_1_381' title='bbox 2642 2220 2834 2291; x_wconf 82' lang='grc' dir='ltr'>ὥσπερ</span> <span class='ocrx_word' id='word_1_382' title='bbox 2863 2219 2925 2290; x_wconf 84' lang='grc' dir='ltr'>δὴ</span> <span class='ocrx_word' id='word_1_383' title='bbox 2953 2219 3095 2282; x_wconf 85' lang='grc' dir='ltr'>θεῖος</span> <span class='ocrx_word' id='word_1_384' title='bbox 3132 2221 3300 2292; x_wconf 84' lang='grc' dir='ltr'>νόμος</span> <span class='ocrx_word' id='word_1_385' title='bbox 3349 2222 3445 2274; x_wconf 72' lang='grc' dir='ltr'>καὶ</span> <span class='ocrx_word' id='word_1_386' title='bbox 3477 2221 3756 2274; x_wconf 84' lang='grc' dir='ltr'>κάλλιστα</span> 
     </span>
    </p>
   </div>
   <div class='ocr_carea' id='block_1_53' title="bbox 2178 2310 3759 2382">
    <p class='ocr_par' dir='ltr' id='par_1_53' title="bbox 2178 2310 3759 2382">
     <span class='ocr_line' id='line_1_53' title="bbox 2178 2310 3759 2382; baseline 0.003 -20"><span class='ocrx_word' id='word_1_387' title='bbox 2178 2310 2318 2381; x_wconf 77' lang='grc' dir='ltr'>ἔχων</span> <span class='ocrx_word' id='word_1_388' title='bbox 2338 2314 2439 2365; x_wconf 86' lang='grc' dir='ltr'><strong>κάν</strong></span> <span class='ocrx_word' id='word_1_389' title='bbox 2460 2315 2570 2374; x_wconf 86' lang='grc' dir='ltr'>τοῖς</span> <span class='ocrx_word' id='word_1_390' title='bbox 2594 2312 2778 2374; x_wconf 87' lang='grc' dir='ltr'>θείοις,</span> <span class='ocrx_word' id='word_1_391' title='bbox 2799 2312 2899 2363; x_wconf 89' lang='grc' dir='ltr'><strong>κάν</strong></span> <span class='ocrx_word' id='word_1_392' title='bbox 2927 2313 3037 2373; x_wconf 78' lang='grc' dir='ltr'>τοῖς</span> <span class='ocrx_word' id='word_1_393' title='bbox 3066 2311 3426 2381; x_wconf 82' lang='grc' dir='ltr'>ἀνθρωπίνοις</span> <span class='ocrx_word' id='word_1_394' title='bbox 3447 2311 3759 2382; x_wconf 82' lang='grc' dir='ltr'>ἀξιώμασι.</span> 
     </span>
    </p>
   </div>
   <div class='ocr_carea' id='block_1_54' title="bbox 2249 2395 3760 2472">
    <p class='ocr_par' dir='ltr' id='par_1_54' title="bbox 2249 2395 3760 2472">
     <span class='ocr_line' id='line_1_54' title="bbox 2249 2395 3760 2472; baseline -0.003 -17"><span class='ocrx_word' id='word_1_395' title='bbox 2249 2401 2341 2471; x_wconf 75' lang='grc' dir='ltr'><strong>Μὴ</strong></span> <span class='ocrx_word' id='word_1_396' title='bbox 2373 2401 2483 2472; x_wconf 86' lang='grc' dir='ltr'><strong>γὰρ</strong></span> <span class='ocrx_word' id='word_1_397' title='bbox 2520 2401 2780 2472; x_wconf 83' lang='grc' dir='ltr'>οίώμεθα,</span> <span class='ocrx_word' id='word_1_398' title='bbox 2810 2395 2854 2455; x_wconf 81' lang='grc' dir='ltr'>ὦ</span> <span class='ocrx_word' id='word_1_399' title='bbox 2887 2397 3029 2470; x_wconf 84' lang='grc' dir='ltr'>φίλε,</span> <span class='ocrx_word' id='word_1_400' title='bbox 3060 2399 3119 2452; x_wconf 79' lang='grc' dir='ltr'><strong>τὸ</strong></span> <span class='ocrx_word' id='word_1_401' title='bbox 3150 2401 3214 2452; x_wconf 84' lang='grc' dir='ltr'><strong>ἐκ</strong></span> <span class='ocrx_word' id='word_1_402' title='bbox 3243 2401 3341 2470; x_wconf 78' lang='grc' dir='ltr'>τῆς</span> <span class='ocrx_word' id='word_1_403' title='bbox 3372 2401 3760 2471; x_wconf 71' lang='grc' dir='ltr'>μωρανθείσης</span> 
     </span>
    </p>
   </div>
   <div class='ocr_carea' id='block_1_55' title="bbox 2179 2492 3757 2562">
    <p class='ocr_par' dir='ltr' id='par_1_55' title="bbox 2179 2492 3757 2562">
     <span class='ocr_line' id='line_1_55' title="bbox 2179 2492 3757 2562; baseline -0.003 -15"><span class='ocrx_word' id='word_1_404' title='bbox 2179 2497 2372 2562; x_wconf 78' lang='grc' dir='ltr'>σοφίας</span> <span class='ocrx_word' id='word_1_405' title='bbox 2402 2494 2602 2547; x_wconf 82' lang='grc' dir='ltr'>εἰδέναι</span> <span class='ocrx_word' id='word_1_406' title='bbox 2632 2511 2685 2545; x_wconf 88' lang='grc' dir='ltr'><strong>τι</strong></span> <span class='ocrx_word' id='word_1_407' title='bbox 2716 2492 3074 2562; x_wconf 80' lang='grc' dir='ltr'>φθέγγεσθαι,</span> <span class='ocrx_word' id='word_1_408' title='bbox 3111 2492 3204 2544; x_wconf 65' lang='grc' dir='ltr'><strong>καλ⁹</strong></span> <span class='ocrx_word' id='word_1_409' title='bbox 3235 2492 3557 2562; x_wconf 74' lang='grc' dir='ltr'>ἐπίτριπτον</span> <span class='ocrx_word' id='word_1_410' title='bbox 3595 2492 3757 2558; x_wconf 81' lang='grc' dir='ltr'>λόγον</span> 
     </span>
    </p>
   </div>
   <div class='ocr_carea' id='block_1_56' title="bbox 2178 2583 3761 2653">
    <p class='ocr_par' dir='ltr' id='par_1_56' title="bbox 2178 2583 3761 2653">
     <span class='ocr_line' id='line_1_56' title="bbox 2178 2583 3761 2653; baseline -0.002 -15"><span class='ocrx_word' id='word_1_411' title='bbox 2178 2586 2601 2650; x_wconf 80' lang='grc' dir='ltr'>συνεισὸἀλλειν,</span> <span class='ocrx_word' id='word_1_412' title='bbox 2630 2585 2789 2638; x_wconf 81' lang='grc' dir='ltr'>τοῦτο</span> <span class='ocrx_word' id='word_1_413' title='bbox 2828 2585 3121 2653; x_wconf 78' lang='grc' dir='ltr'>καθίστησι</span> <span class='ocrx_word' id='word_1_414' title='bbox 3148 2583 3463 2653; x_wconf 77' lang='grc' dir='ltr'><strong>νομοθέτας⁸</strong></span> <span class='ocrx_word' id='word_1_415' title='bbox 3501 2585 3630 2636; x_wconf 71' lang='grc' dir='ltr'>ἐπεὶ</span> <span class='ocrx_word' id='word_1_416' title='bbox 3661 2583 3761 2636; x_wconf 76' lang='grc' dir='ltr'>καὶ</span> 
     </span>
    </p>
   </div>
   <div class='ocr_carea' id='block_1_57' title="bbox 2176 2674 3761 2747">
    <p class='ocr_par' dir='ltr' id='par_1_57' title="bbox 2176 2674 3761 2747">
     <span class='ocr_line' id='line_1_57' title="bbox 2176 2674 3761 2747; baseline -0.002 -17"><span class='ocrx_word' id='word_1_417' title='bbox 2176 2677 2490 2739; x_wconf 76' lang='grc' dir='ltr'>Μωαϐίταις</span> <span class='ocrx_word' id='word_1_418' title='bbox 2518 2678 2612 2730; x_wconf 75' lang='grc' dir='ltr'><strong>καὶ</strong></span> <span class='ocrx_word' id='word_1_419' title='bbox 2645 2677 3005 2747; x_wconf 75' lang='grc' dir='ltr'>Ἀμμανίταις</span> <span class='ocrx_word' id='word_1_420' title='bbox 3030 2678 3131 2730; x_wconf 80' lang='grc' dir='ltr'><strong>οὐκ</strong></span> <span class='ocrx_word' id='word_1_421' title='bbox 3161 2674 3430 2743; x_wconf 82' lang='grc' dir='ltr'>είσιτητὸν</span> <span class='ocrx_word' id='word_1_422' title='bbox 3457 2674 3761 2745; x_wconf 86' lang='grc' dir='ltr'>θυσιαστή-</span> 
     </span>
    </p>
   </div>
   <div class='ocr_carea' id='block_1_58' title="bbox 2178 2767 3760 2843">
    <p class='ocr_par' dir='ltr' id='par_1_58' title="bbox 2178 2767 3760 2843">
     <span class='ocr_line' id='line_1_58' title="bbox 2178 2767 3760 2843; baseline -0.001 -19"><span class='ocrx_word' id='word_1_423' title='bbox 2178 2787 2313 2843; x_wconf 79' lang='grc' dir='ltr'>ριον’</span> <span class='ocrx_word' id='word_1_424' title='bbox 2346 2770 2460 2823; x_wconf 80' lang='grc' dir='ltr'>ἀλλ’</span> <span class='ocrx_word' id='word_1_425' title='bbox 2484 2769 2577 2832; x_wconf 83' lang='grc' dir='ltr'><strong>οὒς</strong></span> <span class='ocrx_word' id='word_1_426' title='bbox 2603 2769 2819 2840; x_wconf 78' lang='grc' dir='ltr'>ὑπακοὴ</span> <span class='ocrx_word' id='word_1_427' title='bbox 2848 2771 3283 2841; x_wconf 85' lang='grc' dir='ltr'>χριστομίμητος</span> <span class='ocrx_word' id='word_1_428' title='bbox 3312 2767 3630 2838; x_wconf 75' lang='grc' dir='ltr'>ἐδοκίμασε,</span> <span class='ocrx_word' id='word_1_429' title='bbox 3664 2771 3760 2822; x_wconf 75' lang='grc' dir='ltr'><strong>καὶ</strong></span> 
     </span>
    </p>
   </div>
   <div class='ocr_carea' id='block_1_59' title="bbox 2175 2859 3762 2932">
    <p class='ocr_par' dir='ltr' id='par_1_59' title="bbox 2175 2859 3762 2932">
     <span class='ocr_line' id='line_1_59' title="bbox 2175 2859 3762 2932; baseline -0.001 -17"><span class='ocrx_word' id='word_1_430' title='bbox 2175 2861 2531 2932; x_wconf 82' lang='grc' dir='ltr'>πολυχρόνιος</span> <span class='ocrx_word' id='word_1_431' title='bbox 2563 2860 2811 2931; x_wconf 81' lang='grc' dir='ltr'>ὑπομονὴ</span> <span class='ocrx_word' id='word_1_432' title='bbox 2839 2861 3211 2931; x_wconf 88' lang='grc' dir='ltr'>ἐμαρτύρησε,</span> <span class='ocrx_word' id='word_1_433' title='bbox 3246 2861 3341 2914; x_wconf 74' lang='grc' dir='ltr'><strong>καὶ</strong></span> <span class='ocrx_word' id='word_1_434' title='bbox 3393 2859 3762 2928; x_wconf 78' lang='grc' dir='ltr'>εὐαγγελικδς</span> 
     </span>
    </p>
   </div>
   <div class='ocr_carea' id='block_1_60' title="bbox 2174 2952 3759 3026">
    <p class='ocr_par' dir='ltr' id='par_1_60' title="bbox 2174 2952 3759 3026">
     <span class='ocr_line' id='line_1_60' title="bbox 2174 2952 3759 3026; baseline -0.003 -17"><span class='ocrx_word' id='word_1_435' title='bbox 2174 2954 2332 3025; x_wconf 91' lang='grc' dir='ltr'>λόγος</span> <span class='ocrx_word' id='word_1_436' title='bbox 2365 2954 2700 3007; x_wconf 79' lang='grc' dir='ltr'>ἐτελείωσεν·</span> <span class='ocrx_word' id='word_1_437' title='bbox 2758 2955 2806 3006; x_wconf 89' lang='grc' dir='ltr'>εἰ</span> <span class='ocrx_word' id='word_1_438' title='bbox 2861 2954 2918 3005; x_wconf 83' lang='grc' dir='ltr'><strong>δὲ</strong></span> <span class='ocrx_word' id='word_1_439' title='bbox 2961 2954 3054 3005; x_wconf 79' lang='grc' dir='ltr'><strong>καὶ</strong></span> <span class='ocrx_word' id='word_1_440' title='bbox 3103 2953 3427 3026; x_wconf 82' lang='grc' dir='ltr'>ἐξωτερικὸς</span> <span class='ocrx_word' id='word_1_441' title='bbox 3459 2952 3759 3022; x_wconf 83' lang='grc' dir='ltr'>πάρεστιν,</span> 
     </span>
    </p>
   </div>
   <div class='ocr_carea' id='block_1_61' title="bbox 2173 3044 3759 3118">
    <p class='ocr_par' dir='ltr' id='par_1_61' title="bbox 2173 3044 3759 3118">
     <span class='ocr_line' id='line_1_61' title="bbox 2173 3044 3759 3118; baseline -0.001 -19"><span class='ocrx_word' id='word_1_442' title='bbox 2173 3049 2274 3100; x_wconf 74' lang='grc' dir='ltr'><strong>οὐκ</strong></span> <span class='ocrx_word' id='word_1_443' title='bbox 2300 3049 2526 3118; x_wconf 62' lang='lat' dir='ltr'><strong>fixam;-</strong></span> <span class='ocrx_word' id='word_1_444' title='bbox 2558 3045 2674 3112; x_wconf 83' lang='grc' dir='ltr'>εἴγε</span> <span class='ocrx_word' id='word_1_445' title='bbox 2705 3044 2808 3097; x_wconf 84' lang='grc' dir='ltr'><strong>ὑπὸ</strong></span> <span class='ocrx_word' id='word_1_446' title='bbox 2839 3045 3337 3116; x_wconf 80' lang='grc' dir='ltr'>ταπεινοφροσύνης</span> <span class='ocrx_word' id='word_1_447' title='bbox 3382 3046 3759 3116; x_wconf 85' lang='grc' dir='ltr'>κεκόσμηται,</span> 
     </span>
    </p>
   </div>
   <div class='ocr_carea' id='block_1_62' title="bbox 489 3115 2074 3216">
    <p class='ocr_par' dir='ltr' id='par_1_62' title="bbox 489 3115 2071 3194">
     <span class='ocr_line' id='line_1_62' title="bbox 489 3115 2071 3194; baseline 0.006 -23"><span class='ocrx_word' id='word_1_448' title='bbox 489 3115 800 3172; x_wconf 83' lang='lat' dir='ltr'><strong>bumilitate</strong></span> <span class='ocrx_word' id='word_1_449' title='bbox 838 3128 925 3173; x_wconf 88' lang='lat' dir='ltr'><strong>est</strong></span> <span class='ocrx_word' id='word_1_450' title='bbox 968 3129 1268 3185; x_wconf 79' lang='lat' dir='ltr'><strong>exornata,</strong></span> <span class='ocrx_word' id='word_1_451' title='bbox 1331 3121 1378 3175; x_wconf 89' lang='lat' dir='ltr'><strong>si</strong></span> <span class='ocrx_word' id='word_1_452' title='bbox 1423 3122 1750 3194; x_wconf 81' lang='lat' dir='ltr'><strong>evangelicae</strong></span> <span class='ocrx_word' id='word_1_453' title='bbox 1809 3123 2071 3181; x_wconf 83' lang='lat' dir='ltr'><strong>doctrinae</strong></span> 
     </span>
    </p>
   </div>
   <div class='ocr_carea' id='block_1_63' title="bbox 2178 3115 3762 3216">
    <p class='ocr_par' dir='ltr' id='par_1_63' title="bbox 2178 3115 3762 3210">
     <span class='ocr_line' id='line_1_63' title="bbox 2178 3115 3762 3210; baseline 0 -19"><span class='ocrx_word' id='word_1_454' title='bbox 2178 3141 2266 3192; x_wconf 78' lang='grc' dir='ltr'><strong>καὶ</strong></span> <span class='ocrx_word' id='word_1_455' title='bbox 2290 3115 2393 3191; x_wconf 67' lang='grc' dir='ltr'><strong>ὑπὸ</strong></span> <span class='ocrx_word' id='word_1_456' title='bbox 2413 3115 2509 3190; x_wconf 77' lang='grc' dir='ltr'>τοῦ</span> <span class='ocrx_word' id='word_1_457' title='bbox 2541 3136 2896 3206; x_wconf 82' lang='grc' dir='ltr'>εὐαγγελικοῦ</span> <span class='ocrx_word' id='word_1_458' title='bbox 2925 3115 3331 3206; x_wconf 69' lang='grc' dir='ltr'>ἡγεμονεύοιτοσ</span> <span class='ocrx_word' id='word_1_459' title='bbox 3365 3138 3501 3192; x_wconf 83' lang='grc' dir='ltr'><strong>ἀλλά</strong></span> <span class='ocrx_word' id='word_1_460' title='bbox 3533 3137 3611 3210; x_wconf 83' lang='grc' dir='ltr'>μὴ</span> <span class='ocrx_word' id='word_1_461' title='bbox 3630 3115 3762 3201; x_wconf 87' lang='grc' dir='ltr'>τοῖς</span> 
     </span>
    </p>
   </div>
   <div class='ocr_carea' id='block_1_64' title="bbox 488 3207 2074 3303">
    <p class='ocr_par' dir='ltr' id='par_1_64' title="bbox 488 3207 2070 3288">
     <span class='ocr_line' id='line_1_64' title="bbox 488 3207 2070 3288; baseline 0.008 -27"><span class='ocrx_word' id='word_1_462' title='bbox 488 3207 804 3277; x_wconf 85' lang='lat' dir='ltr'><strong>subjicitur,</strong></span> <span class='ocrx_word' id='word_1_463' title='bbox 833 3225 933 3264; x_wconf 87' lang='lat' dir='ltr'><strong>nec</strong></span> <span class='ocrx_word' id='word_1_464' title='bbox 964 3211 1204 3281; x_wconf 80' lang='lat' dir='ltr'><strong>propriis</strong></span> <span class='ocrx_word' id='word_1_465' title='bbox 1236 3214 1449 3283; x_wconf 89' lang='lat' dir='ltr'><strong>placitis</strong></span> <span class='ocrx_word' id='word_1_466' title='bbox 1497 3215 1783 3271; x_wconf 88' lang='lat' dir='ltr'><strong>insolescit</strong></span> <span class='ocrx_word' id='word_1_467' title='bbox 1822 3235 1834 3270; x_wconf 93' lang='lat'>:</span> <span class='ocrx_word' id='word_1_468' title='bbox 1869 3219 2070 3288; x_wconf 87' lang='lat' dir='ltr'><strong>quibus</strong></span> 
     </span>
    </p>
   </div>
   <div class='ocr_carea' id='block_1_65' title="bbox 2178 3207 3762 3303">
    <p class='ocr_par' dir='ltr' id='par_1_65' title="bbox 2178 3207 3762 3303">
     <span class='ocr_line' id='line_1_65' title="bbox 2178 3207 3762 3303; baseline 0.001 -18"><span class='ocrx_word' id='word_1_469' title='bbox 2178 3233 2396 3295; x_wconf 81' lang='grc' dir='ltr'>οἰκείοις</span> <span class='ocrx_word' id='word_1_470' title='bbox 2427 3230 2734 3301; x_wconf 81' lang='grc' dir='ltr'>ἀξιώμασιν</span> <span class='ocrx_word' id='word_1_471' title='bbox 2763 3229 3141 3299; x_wconf 76' lang='grc' dir='ltr'><strong>ἐναὸρύνεται⁹</strong></span> <span class='ocrx_word' id='word_1_472' title='bbox 3173 3225 3254 3293; x_wconf 77' lang='grc' dir='ltr'>οἷς</span> <span class='ocrx_word' id='word_1_473' title='bbox 3291 3233 3338 3283; x_wconf 82' lang='grc' dir='ltr'>οἱ</span> <span class='ocrx_word' id='word_1_474' title='bbox 3382 3207 3762 3303; x_wconf 76' lang='grc' dir='ltr'>ἐναϐρυνόμε-</span> 
     </span>
    </p>
   </div>
   <div class='ocr_carea' id='block_1_66' title="bbox 487 3300 2068 3379">
    <p class='ocr_par' dir='ltr' id='par_1_66' title="bbox 487 3300 2068 3379">
     <span class='ocr_line' id='line_1_66' title="bbox 487 3300 2068 3379; baseline 0.009 -27"><span class='ocrx_word' id='word_1_475' title='bbox 487 3300 582 3370; x_wconf 90' lang='lat' dir='ltr'><strong>qui</strong></span> <span class='ocrx_word' id='word_1_476' title='bbox 608 3300 936 3371; x_wconf 77' lang='lat' dir='ltr'><strong>gloriantur,</strong></span> <span class='ocrx_word' id='word_1_477' title='bbox 987 3314 1244 3375; x_wconf 89' lang='lat' dir='ltr'><strong>tanquam</strong></span> <span class='ocrx_word' id='word_1_478' title='bbox 1272 3307 1581 3362; x_wconf 85' lang='lat' dir='ltr'><strong>arundineo</strong></span> <span class='ocrx_word' id='word_1_479' title='bbox 1635 3309 1807 3364; x_wconf 81' lang='lat' dir='ltr'><strong>innixi</strong></span> <span class='ocrx_word' id='word_1_480' title='bbox 1852 3311 2068 3379; x_wconf 88' lang='lat' dir='ltr'><strong>baculo,</strong></span> 
     </span>
    </p>
   </div>
   <div class='ocr_carea' id='block_1_67' title="bbox 486 3393 2068 3470">
    <p class='ocr_par' dir='ltr' id='par_1_67' title="bbox 486 3393 2068 3470">
     <span class='ocr_line' id='line_1_67' title="bbox 486 3393 2068 3470; baseline 0.006 -24"><span class='ocrx_word' id='word_1_481' title='bbox 486 3393 686 3447; x_wconf 89' lang='lat' dir='ltr'><strong>merito</strong></span> <span class='ocrx_word' id='word_1_482' title='bbox 713 3394 1114 3465; x_wconf 82' lang='lat' dir='ltr'><strong>accepta&#39;plaga</strong></span> <span class='ocrx_word' id='word_1_483' title='bbox 1141 3396 1584 3467; x_wconf 82' lang='lat' dir='ltr'><strong>eonfringuntur.</strong></span> <span class='ocrx_word' id='word_1_484' title='bbox 1611 3398 1835 3464; x_wconf 83' lang='lat' dir='ltr'><strong>Verum,</strong></span> <span class='ocrx_word' id='word_1_485' title='bbox 1865 3402 2068 3470; x_wconf 88' lang='lat' dir='ltr'><strong>inquis,</strong></span> 
     </span>
    </p>
   </div>
   <div class='ocr_carea' id='block_1_68' title="bbox 492 3485 2072 3557">
    <p class='ocr_par' dir='ltr' id='par_1_68' title="bbox 492 3485 2072 3557">
     <span class='ocr_line' id='line_1_68' title="bbox 492 3485 2072 3557; baseline 0.006 -18"><span class='ocrx_word' id='word_1_486' title='bbox 492 3487 604 3540; x_wconf 71' lang='lat' dir='ltr'><strong>zelo</strong></span> <span class='ocrx_word' id='word_1_487' title='bbox 658 3485 863 3539; x_wconf 79' lang='lat' dir='ltr'><strong>zelatus</strong></span> <span class='ocrx_word' id='word_1_488' title='bbox 925 3503 1040 3540; x_wconf 88' lang='lat' dir='ltr'><strong>sum</strong></span> <span class='ocrx_word' id='word_1_489' title='bbox 1101 3503 1198 3557; x_wconf 86' lang='lat' dir='ltr'><strong>pro</strong></span> <span class='ocrx_word' id='word_1_490' title='bbox 1250 3487 1565 3555; x_wconf 74' lang='lat' dir='ltr'><strong>Domino“,</strong></span> <span class='ocrx_word' id='word_1_491' title='bbox 1618 3506 1718 3546; x_wconf 91' lang='lat' dir='ltr'><strong>nec</strong></span> <span class='ocrx_word' id='word_1_492' title='bbox 1769 3493 2072 3549; x_wconf 87' lang='lat' dir='ltr'><strong>tolerabilia</strong></span> 
     </span>
    </p>
   </div>
   <div class='ocr_carea' id='block_1_69' title="bbox 486 3579 2068 3654">
    <p class='ocr_par' dir='ltr' id='par_1_69' title="bbox 486 3579 2068 3654">
     <span class='ocr_line' id='line_1_69' title="bbox 486 3579 2068 3654; baseline 0.005 -22"><span class='ocrx_word' id='word_1_493' title='bbox 486 3586 619 3632; x_wconf 80' lang='lat' dir='ltr'><strong>sunt</strong></span> <span class='ocrx_word' id='word_1_494' title='bbox 666 3592 729 3632; x_wconf 86' lang='lat' dir='ltr'><strong>ea</strong></span> <span class='ocrx_word' id='word_1_495' title='bbox 793 3594 914 3648; x_wconf 69' lang='lat' dir='ltr'><strong>qua:</strong></span> <span class='ocrx_word' id='word_1_496' title='bbox 971 3579 1246 3635; x_wconf 86' lang='lat' dir='ltr'><strong>videntur.</strong></span> <span class='ocrx_word' id='word_1_497' title='bbox 1281 3582 1348 3636; x_wconf 83' lang='lat' dir='ltr'><strong>At</strong></span> <span class='ocrx_word' id='word_1_498' title='bbox 1389 3583 1478 3636; x_wconf 90' lang='lat' dir='ltr'><strong>ubi</strong></span> <span class='ocrx_word' id='word_1_499' title='bbox 1509 3584 1689 3646; x_wconf 89' lang='lat' dir='ltr'><strong>nobis,</strong></span> <span class='ocrx_word' id='word_1_500' title='bbox 1719 3585 1803 3639; x_wconf 84' lang='lat' dir='ltr'><strong>vir</strong></span> <span class='ocrx_word' id='word_1_501' title='bbox 1843 3587 2068 3654; x_wconf 82' lang='lat' dir='ltr'><strong>Optime,</strong></span> 
     </span>
    </p>
   </div>
   <div class='ocr_carea' id='block_1_70' title="bbox 487 3669 2069 3740">
    <p class='ocr_par' dir='ltr' id='par_1_70' title="bbox 487 3669 2069 3740">
     <span class='ocr_line' id='line_1_70' title="bbox 487 3669 2069 3740; baseline 0.008 -20"><span class='ocrx_word' id='word_1_502' title='bbox 487 3669 792 3740; x_wconf 64' lang='lat' dir='ltr'><strong>prophetia:</strong></span> <span class='ocrx_word' id='word_1_503' title='bbox 824 3669 1028 3725; x_wconf 90' lang='lat' dir='ltr'><strong>donum</strong></span> <span class='ocrx_word' id='word_1_504' title='bbox 1055 3670 1078 3723; x_wconf 70' lang='grc' dir='ltr'><strong>ί</strong></span> <span class='ocrx_word' id='word_1_505' title='bbox 1109 3673 1199 3726; x_wconf 85' lang='lat' dir='ltr'><strong>ubi</strong></span> <span class='ocrx_word' id='word_1_506' title='bbox 1242 3689 1399 3728; x_wconf 90' lang='lat' dir='ltr'><strong>mons</strong></span> <span class='ocrx_word' id='word_1_507' title='bbox 1454 3675 1775 3730; x_wconf 88' lang='lat' dir='ltr'><strong>Carmelus?</strong></span> <span class='ocrx_word' id='word_1_508' title='bbox 1806 3677 1896 3730; x_wconf 90' lang='lat' dir='ltr'><strong>ubi</strong></span> <span class='ocrx_word' id='word_1_509' title='bbox 1945 3679 2069 3732; x_wconf 87' lang='lat' dir='ltr'><strong>coeli</strong></span> 
     </span>
    </p>
   </div>
   <div class='ocr_carea' id='block_1_71' title="bbox 488 3761 2068 3838">
    <p class='ocr_par' dir='ltr' id='par_1_71' title="bbox 488 3761 2068 3838">
     <span class='ocr_line' id='line_1_71' title="bbox 488 3761 2068 3838; baseline 0.005 -22"><span class='ocrx_word' id='word_1_510' title='bbox 488 3761 703 3816; x_wconf 81' lang='lat' dir='ltr'><strong>claves?</strong></span> <span class='ocrx_word' id='word_1_511' title='bbox 730 3762 818 3817; x_wconf 87' lang='lat' dir='ltr'><strong>ubi</strong></span> <span class='ocrx_word' id='word_1_512' title='bbox 852 3764 1070 3833; x_wconf 87' lang='lat' dir='ltr'><strong>pallium</strong></span> <span class='ocrx_word' id='word_1_513' title='bbox 1117 3764 1414 3820; x_wconf 84' lang='lat' dir='ltr'><strong>Jordanem</strong></span> <span class='ocrx_word' id='word_1_514' title='bbox 1455 3767 1724 3833; x_wconf 87' lang='lat' dir='ltr'><strong>dividens,</strong></span> <span class='ocrx_word' id='word_1_515' title='bbox 1761 3769 1908 3838; x_wconf 91' lang='lat' dir='ltr'><strong>quod</strong></span> <span class='ocrx_word' id='word_1_516' title='bbox 1944 3786 2068 3824; x_wconf 93' lang='lat' dir='ltr'><strong>cum</strong></span> 
     </span>
    </p>
   </div>
   <div class='ocr_carea' id='block_1_72' title="bbox 488 3853 2070 3931">
    <p class='ocr_par' dir='ltr' id='par_1_72' title="bbox 488 3853 2070 3931">
     <span class='ocr_line' id='line_1_72' title="bbox 488 3853 2070 3931; baseline 0.006 -23"><span class='ocrx_word' id='word_1_517' title='bbox 488 3853 636 3908; x_wconf 89' lang='lat' dir='ltr'><strong>dono</strong></span> <span class='ocrx_word' id='word_1_518' title='bbox 669 3855 895 3924; x_wconf 89' lang='lat' dir='ltr'><strong>spiritus</strong></span> <span class='ocrx_word' id='word_1_519' title='bbox 921 3855 1152 3926; x_wconf 91' lang='lat' dir='ltr'><strong>duplicis</strong></span> <span class='ocrx_word' id='word_1_520' title='bbox 1181 3855 1373 3913; x_wconf 67' lang='lat' dir='ltr'><strong>Elisaao</strong></span> <span class='ocrx_word' id='word_1_521' title='bbox 1396 3860 1686 3931; x_wconf 77' lang='lat' dir='ltr'><strong>obtigit“?</strong></span> <span class='ocrx_word' id='word_1_522' title='bbox 1720 3862 1889 3919; x_wconf 86' lang='lat' dir='ltr'><strong>Nobis</strong></span> <span class='ocrx_word' id='word_1_523' title='bbox 1940 3879 2070 3918; x_wconf 89' lang='lat' dir='ltr'><strong>vero</strong></span> 
     </span>
    </p>
   </div>
   <div class='ocr_carea' id='block_1_73' title="bbox 489 3946 2070 4024">
    <p class='ocr_par' dir='ltr' id='par_1_73' title="bbox 489 3946 2070 4024">
     <span class='ocr_line' id='line_1_73' title="bbox 489 3946 2070 4024; baseline 0.006 -24"><span class='ocrx_word' id='word_1_524' title='bbox 489 3946 595 4001; x_wconf 87' lang='lat' dir='ltr'><strong>etsi</strong></span> <span class='ocrx_word' id='word_1_525' title='bbox 620 3950 824 4002; x_wconf 92' lang='lat' dir='ltr'><strong>donum</strong></span> <span class='ocrx_word' id='word_1_526' title='bbox 863 3948 1081 4018; x_wconf 85' lang='lat' dir='ltr'><strong>aliquod</strong></span> <span class='ocrx_word' id='word_1_527' title='bbox 1117 3950 1380 4016; x_wconf 88' lang='lat' dir='ltr'><strong>iuest,cui</strong></span> <span class='ocrx_word' id='word_1_528' title='bbox 1415 3952 1811 4022; x_wconf 90' lang='lat' dir='ltr'><strong>relinquemus,</strong></span> <span class='ocrx_word' id='word_1_529' title='bbox 1844 3956 1936 4024; x_wconf 88' lang='lat' dir='ltr'><strong>qui</strong></span> <span class='ocrx_word' id='word_1_530' title='bbox 1967 3971 2070 4009; x_wconf 88' lang='lat' dir='ltr'><strong>nec</strong></span> 
     </span>
    </p>
   </div>
   <div class='ocr_carea' id='block_1_74' title="bbox 489 4037 2071 4114">
    <p class='ocr_par' dir='ltr' id='par_1_74' title="bbox 489 4037 2071 4114">
     <span class='ocr_line' id='line_1_74' title="bbox 489 4037 2071 4114; baseline 0.006 -22"><span class='ocrx_word' id='word_1_531' title='bbox 489 4037 817 4108; x_wconf 87' lang='lat' dir='ltr'><strong>discipulum</strong></span> <span class='ocrx_word' id='word_1_532' title='bbox 870 4040 1173 4096; x_wconf 85' lang='lat' dir='ltr'><strong>habemus?</strong></span> <span class='ocrx_word' id='word_1_533' title='bbox 1215 4041 1334 4096; x_wconf 81' lang='lat' dir='ltr'><strong>Jam</strong></span> <span class='ocrx_word' id='word_1_534' title='bbox 1398 4044 1581 4114; x_wconf 90' lang='lat' dir='ltr'><strong>itaque</strong></span> <span class='ocrx_word' id='word_1_535' title='bbox 1638 4045 1954 4112; x_wconf 90' lang='lat' dir='ltr'><strong>videamus,</strong></span> <span class='ocrx_word' id='word_1_536' title='bbox 2007 4063 2071 4102; x_wconf 89' lang='lat' dir='ltr'><strong>ne</strong></span> 
     </span>
    </p>
   </div>
   <div class='ocr_carea' id='block_1_75' title="bbox 489 4129 2068 4209">
    <p class='ocr_par' dir='ltr' id='par_1_75' title="bbox 489 4129 2068 4209">
     <span class='ocr_line' id='line_1_75' title="bbox 489 4129 2068 4209; baseline 0.005 -24"><span class='ocrx_word' id='word_1_537' title='bbox 489 4129 703 4199; x_wconf 82' lang='lat' dir='ltr'><strong>majora</strong></span> <span class='ocrx_word' id='word_1_538' title='bbox 732 4131 943 4187; x_wconf 86' lang='lat' dir='ltr'><strong>viribus</strong></span> <span class='ocrx_word' id='word_1_539' title='bbox 991 4143 1309 4202; x_wconf 89' lang='lat' dir='ltr'><strong>appetentes</strong></span> <span class='ocrx_word' id='word_1_540' title='bbox 1332 4173 1349 4199; x_wconf 90' lang='lat'><strong>,</strong></span> <span class='ocrx_word' id='word_1_541' title='bbox 1395 4151 1422 4190; x_wconf 88' lang='lat' dir='ltr'><strong>a</strong></span> <span class='ocrx_word' id='word_1_542' title='bbox 1450 4137 1614 4205; x_wconf 85' lang='lat' dir='ltr'><strong>justis</strong></span> <span class='ocrx_word' id='word_1_543' title='bbox 1644 4139 1806 4193; x_wconf 90' lang='lat' dir='ltr'><strong>etiam</strong></span> <span class='ocrx_word' id='word_1_544' title='bbox 1838 4154 1901 4193; x_wconf 89' lang='lat' dir='ltr'><strong>ac</strong></span> <span class='ocrx_word' id='word_1_545' title='bbox 1935 4139 2068 4209; x_wconf 82' lang='lat' dir='ltr'><strong>legi-</strong></span> 
     </span>
    </p>
   </div>
   <div class='ocr_carea' id='block_1_76' title="bbox 489 4223 2070 4301">
    <p class='ocr_par' dir='ltr' id='par_1_76' title="bbox 489 4223 2070 4301">
     <span class='ocr_line' id='line_1_76' title="bbox 489 4223 2070 4301; baseline 0.006 -24"><span class='ocrx_word' id='word_1_546' title='bbox 489 4223 643 4278; x_wconf 92' lang='lat' dir='ltr'><strong>timis</strong></span> <span class='ocrx_word' id='word_1_547' title='bbox 670 4224 986 4301; x_wconf 77' lang='lat' dir='ltr'><strong>excidamus</strong></span> <span class='ocrx_word' id='word_1_548' title='bbox 1025 4243 1038 4279; x_wconf 91' lang='lat'><strong>:</strong></span> <span class='ocrx_word' id='word_1_549' title='bbox 1079 4241 1210 4282; x_wconf 89' lang='lat' dir='ltr'><strong>neve</strong></span> <span class='ocrx_word' id='word_1_550' title='bbox 1246 4227 1475 4283; x_wconf 92' lang='lat' dir='ltr'><strong>culicem</strong></span> <span class='ocrx_word' id='word_1_551' title='bbox 1505 4230 1839 4297; x_wconf 75' lang='lat' dir='ltr'><strong>cxcolantes,</strong></span> <span class='ocrx_word' id='word_1_552' title='bbox 1874 4232 2070 4301; x_wconf 75' lang='lat' dir='ltr'><strong>glutia-</strong></span> 
     </span>
    </p>
   </div>
   <div class='ocr_carea' id='block_1_77' title="bbox 491 4284 2070 4377">
    <p class='ocr_par' dir='ltr' id='par_1_77' title="bbox 491 4284 2070 4377">
     <span class='ocr_line' id='line_1_77' title="bbox 491 4284 2070 4377; baseline 0.005 -9"><span class='ocrx_word' id='word_1_553' title='bbox 491 4329 617 4368; x_wconf 89' lang='lat' dir='ltr'><strong>mus</strong></span> <span class='ocrx_word' id='word_1_554' title='bbox 649 4284 981 4370; x_wconf 59' lang='lat' dir='ltr'><strong>camelumh</strong></span> <span class='ocrx_word' id='word_1_555' title='bbox 1017 4333 1029 4370; x_wconf 92' lang='lat'>:</span> <span class='ocrx_word' id='word_1_556' title='bbox 1063 4326 1158 4371; x_wconf 91' lang='lat' dir='ltr'><strong>aut</strong></span> <span class='ocrx_word' id='word_1_557' title='bbox 1205 4318 1471 4374; x_wconf 84' lang='lat' dir='ltr'><strong>festucam</strong></span> <span class='ocrx_word' id='word_1_558' title='bbox 1522 4336 1590 4376; x_wconf 80' lang='lat' dir='ltr'><strong>ex</strong></span> <span class='ocrx_word' id='word_1_559' title='bbox 1615 4322 1791 4377; x_wconf 88' lang='lat' dir='ltr'><strong>oculis</strong></span> <span class='ocrx_word' id='word_1_560' title='bbox 1838 4321 2070 4376; x_wconf 81' lang='lat' dir='ltr'><strong>fratrum</strong></span> 
     </span>
    </p>
   </div>
   <div class='ocr_carea' id='block_1_78' title="bbox 492 4405 2071 4484">
    <p class='ocr_par' dir='ltr' id='par_1_78' title="bbox 492 4405 2071 4484">
     <span class='ocr_line' id='line_1_78' title="bbox 492 4405 2071 4484; baseline 0.006 -25"><span class='ocrx_word' id='word_1_561' title='bbox 492 4405 680 4461; x_wconf 90' lang='lat' dir='ltr'><strong>tollere</strong></span> <span class='ocrx_word' id='word_1_562' title='bbox 727 4416 1029 4475; x_wconf 88' lang='lat' dir='ltr'><strong>tentantes,</strong></span> <span class='ocrx_word' id='word_1_563' title='bbox 1067 4409 1169 4479; x_wconf 90' lang='lat' dir='ltr'><strong>ipsi</strong></span> <span class='ocrx_word' id='word_1_564' title='bbox 1223 4412 1430 4467; x_wconf 87' lang='lat' dir='ltr'><strong>trabem</strong></span> <span class='ocrx_word' id='word_1_565' title='bbox 1484 4413 1541 4467; x_wconf 92' lang='lat' dir='ltr'><strong>in</strong></span> <span class='ocrx_word' id='word_1_566' title='bbox 1576 4415 1774 4480; x_wconf 88' lang='lat' dir='ltr'><strong>oculis,</strong></span> <span class='ocrx_word' id='word_1_567' title='bbox 1809 4425 1868 4468; x_wconf 91' lang='lat' dir='ltr'><strong>ut</strong></span> <span class='ocrx_word' id='word_1_568' title='bbox 1911 4415 2071 4484; x_wconf 75' lang='lat' dir='ltr'><strong>vulgo</strong></span> 
     </span>
    </p>
   </div>
   <div class='ocr_carea' id='block_1_79' title="bbox 2173 3319 3760 3392">
    <p class='ocr_par' dir='ltr' id='par_1_79' title="bbox 2173 3319 3760 3392">
     <span class='ocr_line' id='line_1_79' title="bbox 2173 3319 3760 3392; baseline -0.001 -16"><span class='ocrx_word' id='word_1_569' title='bbox 2173 3339 2273 3383; x_wconf 84' lang='grc' dir='ltr'>νοι,</span> <span class='ocrx_word' id='word_1_570' title='bbox 2311 3323 2386 3385; x_wconf 85' lang='grc' dir='ltr'><strong>ὡς</strong></span> <span class='ocrx_word' id='word_1_571' title='bbox 2411 3323 2503 3373; x_wconf 74' lang='grc' dir='ltr'>ἐπὶ</span> <span class='ocrx_word' id='word_1_572' title='bbox 2531 3321 2811 3392; x_wconf 86' lang='grc' dir='ltr'>καλαμίνῃ</span> <span class='ocrx_word' id='word_1_573' title='bbox 2849 3319 3028 3391; x_wconf 74' lang='grc' dir='ltr'>ῥάϐδῳ</span> <span class='ocrx_word' id='word_1_574' title='bbox 3061 3320 3484 3389; x_wconf 86' lang='grc' dir='ltr'>ἐπερειδόμενοι,</span> <span class='ocrx_word' id='word_1_575' title='bbox 3520 3321 3760 3385; x_wconf 75' lang='grc' dir='ltr'>εἰκότως</span> 
     </span>
    </p>
   </div>
   <div class='ocr_carea' id='block_1_80' title="bbox 2172 3410 3762 3482">
    <p class='ocr_par' dir='ltr' id='par_1_80' title="bbox 2172 3410 3762 3482">
     <span class='ocr_line' id='line_1_80' title="bbox 2172 3410 3762 3482; baseline 0 -17"><span class='ocrx_word' id='word_1_576' title='bbox 2172 3412 2600 3482; x_wconf 85' lang='grc' dir='ltr'>τιτρωσκόμενοι</span> <span class='ocrx_word' id='word_1_577' title='bbox 2636 3411 3096 3482; x_wconf 84' lang='grc' dir='ltr'>καταράσσονται.</span> <span class='ocrx_word' id='word_1_578' title='bbox 3141 3410 3325 3476; x_wconf 75' lang='grc' dir='ltr'>Ἀλλὰ,</span> <span class='ocrx_word' id='word_1_579' title='bbox 3366 3411 3521 3480; x_wconf 69' lang='grc' dir='ltr'>φησι,</span> <span class='ocrx_word' id='word_1_580' title='bbox 3556 3411 3762 3479; x_wconf 77' lang='grc' dir='ltr'>ζηλῶν</span> 
     </span>
    </p>
   </div>
   <div class='ocr_carea' id='block_1_81' title="bbox 2170 3499 3754 3570">
    <p class='ocr_par' dir='ltr' id='par_1_81' title="bbox 2170 3499 3754 3570">
     <span class='ocr_line' id='line_1_81' title="bbox 2170 3499 3754 3570; baseline 0.002 -16"><span class='ocrx_word' id='word_1_581' title='bbox 2170 3500 2437 3566; x_wconf 72' lang='grc' dir='ltr'>ἐζήλωκα</span> <span class='ocrx_word' id='word_1_582' title='bbox 2468 3500 2548 3565; x_wconf 84' lang='grc' dir='ltr'>τῷ</span> <span class='ocrx_word' id='word_1_583' title='bbox 2587 3499 2800 3568; x_wconf 81' lang='grc' dir='ltr'>Κυρίῳ,</span> <span class='ocrx_word' id='word_1_584' title='bbox 2837 3501 2930 3554; x_wconf 83' lang='grc' dir='ltr'>καὶ</span> <span class='ocrx_word' id='word_1_585' title='bbox 2976 3499 3077 3553; x_wconf 73' lang='grc' dir='ltr'><strong>οὐκ</strong></span> <span class='ocrx_word' id='word_1_586' title='bbox 3114 3501 3317 3554; x_wconf 83' lang='grc' dir='ltr'>ἀνεκτά</span> <span class='ocrx_word' id='word_1_587' title='bbox 3361 3503 3430 3553; x_wconf 76' lang='grc' dir='ltr'><strong>τὰ</strong></span> <span class='ocrx_word' id='word_1_588' title='bbox 3465 3501 3754 3570; x_wconf 74' lang='grc' dir='ltr'>ὁρώμενα.</span> 
     </span>
    </p>
   </div>
   <div class='ocr_carea' id='block_1_82' title="bbox 2172 3585 3762 3662">
    <p class='ocr_par' dir='ltr' id='par_1_82' title="bbox 2172 3585 3762 3662">
     <span class='ocr_line' id='line_1_82' title="bbox 2172 3585 3762 3662; baseline 0.001 -18"><span class='ocrx_word' id='word_1_589' title='bbox 2172 3593 2283 3645; x_wconf 78' lang='grc' dir='ltr'>Καὶ</span> <span class='ocrx_word' id='word_1_590' title='bbox 2328 3590 2428 3644; x_wconf 81' lang='grc' dir='ltr'>ποῦ</span> <span class='ocrx_word' id='word_1_591' title='bbox 2469 3592 2603 3660; x_wconf 79' lang='grc' dir='ltr'>ἡμῖν</span> <span class='ocrx_word' id='word_1_592' title='bbox 2639 3591 2701 3644; x_wconf 79' lang='grc' dir='ltr'><strong>τὸ</strong></span> <span class='ocrx_word' id='word_1_593' title='bbox 2725 3594 2826 3661; x_wconf 84' lang='grc' dir='ltr'><strong>τῆς</strong></span> <span class='ocrx_word' id='word_1_594' title='bbox 2871 3591 3213 3662; x_wconf 82' lang='grc' dir='ltr'>προφητείας</span> <span class='ocrx_word' id='word_1_595' title='bbox 3254 3591 3521 3662; x_wconf 83' lang='grc' dir='ltr'>χάρισμα,</span> <span class='ocrx_word' id='word_1_596' title='bbox 3548 3585 3594 3644; x_wconf 79' lang='grc' dir='ltr'><strong>ὦ</strong></span> <span class='ocrx_word' id='word_1_597' title='bbox 3628 3593 3762 3662; x_wconf 54' lang='grc' dir='ltr'>βέλκ</span> 
     </span>
    </p>
   </div>
   <div class='ocr_carea' id='block_1_83' title="bbox 2171 3682 3763 3754">
    <p class='ocr_par' dir='ltr' id='par_1_83' title="bbox 2171 3682 3763 3754">
     <span class='ocr_line' id='line_1_83' title="bbox 2171 3682 3763 3754; baseline 0.002 -19"><span class='ocrx_word' id='word_1_598' title='bbox 2171 3699 2354 3746; x_wconf 86' lang='grc' dir='ltr'>τιστε;</span> <span class='ocrx_word' id='word_1_599' title='bbox 2386 3682 2481 3735; x_wconf 75' lang='grc' dir='ltr'><strong>καὶ</strong></span> <span class='ocrx_word' id='word_1_600' title='bbox 2513 3682 2616 3734; x_wconf 79' lang='grc' dir='ltr'>ποῦ</span> <span class='ocrx_word' id='word_1_601' title='bbox 2657 3683 2718 3734; x_wconf 78' lang='grc' dir='ltr'><strong>τὸ</strong></span> <span class='ocrx_word' id='word_1_602' title='bbox 2757 3684 3079 3754; x_wconf 83' lang='grc' dir='ltr'>Καρμήλιον</span> <span class='ocrx_word' id='word_1_603' title='bbox 3109 3683 3266 3751; x_wconf 82' lang='grc' dir='ltr'>δρος;</span> <span class='ocrx_word' id='word_1_604' title='bbox 3299 3685 3392 3737; x_wconf 71' lang='grc' dir='ltr'><strong>καὶ</strong></span> <span class='ocrx_word' id='word_1_605' title='bbox 3423 3683 3526 3736; x_wconf 84' lang='grc' dir='ltr'>ποῦ</span> <span class='ocrx_word' id='word_1_606' title='bbox 3568 3687 3626 3737; x_wconf 89' lang='grc' dir='ltr'>αἱ</span> <span class='ocrx_word' id='word_1_607' title='bbox 3659 3687 3763 3738; x_wconf 77' lang='grc' dir='ltr'><strong>οὖ-</strong></span> 
     </span>
    </p>
   </div>
   <div class='ocr_carea' id='block_1_84' title="bbox 2173 3775 3761 3847">
    <p class='ocr_par' dir='ltr' id='par_1_84' title="bbox 2173 3775 3761 3847">
     <span class='ocr_line' id='line_1_84' title="bbox 2173 3775 3761 3847; baseline 0.002 -19"><span class='ocrx_word' id='word_1_608' title='bbox 2173 3775 2353 3846; x_wconf 86' lang='grc' dir='ltr'>ράνιαι</span> <span class='ocrx_word' id='word_1_609' title='bbox 2386 3775 2566 3839; x_wconf 84' lang='grc' dir='ltr'>κλεῖς;</span> <span class='ocrx_word' id='word_1_610' title='bbox 2597 3775 2689 3828; x_wconf 81' lang='grc' dir='ltr'>καὶ</span> <span class='ocrx_word' id='word_1_611' title='bbox 2718 3775 2821 3828; x_wconf 83' lang='grc' dir='ltr'>ποῦ</span> <span class='ocrx_word' id='word_1_612' title='bbox 2861 3778 2894 3845; x_wconf 80' lang='grc' dir='ltr'>ἡ</span> <span class='ocrx_word' id='word_1_613' title='bbox 2941 3776 3302 3846; x_wconf 82' lang='grc' dir='ltr'>διατέμνουσα</span> <span class='ocrx_word' id='word_1_614' title='bbox 3336 3778 3426 3830; x_wconf 79' lang='grc' dir='ltr'><strong>τὸν</strong></span> <span class='ocrx_word' id='word_1_615' title='bbox 3476 3776 3761 3847; x_wconf 75' lang='grc' dir='ltr'>Ἰορδάνην</span> 
     </span>
    </p>
   </div>
   <div class='ocr_carea' id='block_1_85' title="bbox 2175 3865 3762 3940">
    <p class='ocr_par' dir='ltr' id='par_1_85' title="bbox 2175 3865 3762 3940">
     <span class='ocr_line' id='line_1_85' title="bbox 2175 3865 3762 3940; baseline 0.003 -22"><span class='ocrx_word' id='word_1_616' title='bbox 2175 3866 2418 3937; x_wconf 82' lang='grc' dir='ltr'>μηλωτὴ,</span> <span class='ocrx_word' id='word_1_617' title='bbox 2449 3869 2506 3919; x_wconf 85' lang='grc' dir='ltr'>ὲν</span> <span class='ocrx_word' id='word_1_618' title='bbox 2544 3865 2717 3938; x_wconf 82' lang='grc' dir='ltr'>διπλῷ</span> <span class='ocrx_word' id='word_1_619' title='bbox 2743 3867 3042 3937; x_wconf 84' lang='grc' dir='ltr'>χαρίσματι</span> <span class='ocrx_word' id='word_1_620' title='bbox 3079 3869 3157 3939; x_wconf 82' lang='grc' dir='ltr'>τῷ</span> <span class='ocrx_word' id='word_1_621' title='bbox 3211 3869 3502 3940; x_wconf 82' lang='grc' dir='ltr'>Ἐλισσαίῳ</span> <span class='ocrx_word' id='word_1_622' title='bbox 3530 3870 3762 3939; x_wconf 83' lang='grc' dir='ltr'>ἐπιφοι-</span> 
     </span>
    </p>
   </div>
   <div class='ocr_carea' id='block_1_86' title="bbox 2169 3957 3764 4031">
    <p class='ocr_par' dir='ltr' id='par_1_86' title="bbox 2169 3957 3764 4031">
     <span class='ocr_line' id='line_1_86' title="bbox 2169 3957 3764 4031; baseline 0.003 -21"><span class='ocrx_word' id='word_1_623' title='bbox 2169 3959 2415 4029; x_wconf 82' lang='grc' dir='ltr'>τήσασα;</span> <span class='ocrx_word' id='word_1_624' title='bbox 2460 3959 2592 4027; x_wconf 82' lang='grc' dir='ltr'>ἡμῖν</span> <span class='ocrx_word' id='word_1_625' title='bbox 2638 3957 2696 4008; x_wconf 85' lang='grc' dir='ltr'>δὲ</span> <span class='ocrx_word' id='word_1_626' title='bbox 2743 3959 2792 4011; x_wconf 87' lang='grc' dir='ltr'><strong>εί</strong></span> <span class='ocrx_word' id='word_1_627' title='bbox 2836 3958 2929 4011; x_wconf 84' lang='grc' dir='ltr'><strong>καί</strong></span> <span class='ocrx_word' id='word_1_628' title='bbox 2976 3976 3026 4011; x_wconf 87' lang='grc' dir='ltr'><strong>τι</strong></span> <span class='ocrx_word' id='word_1_629' title='bbox 3075 3962 3310 4028; x_wconf 82' lang='grc' dir='ltr'>πάρεστι</span> <span class='ocrx_word' id='word_1_630' title='bbox 3341 3961 3611 4031; x_wconf 84' lang='grc' dir='ltr'>χάρισμα,</span> <span class='ocrx_word' id='word_1_631' title='bbox 3645 3962 3764 4014; x_wconf 86' lang='grc' dir='ltr'>τίνι</span> 
     </span>
    </p>
   </div>
   <div class='ocr_carea' id='block_1_87' title="bbox 2172 4046 3763 4120">
    <p class='ocr_par' dir='ltr' id='par_1_87' title="bbox 2172 4046 3763 4120">
     <span class='ocr_line' id='line_1_87' title="bbox 2172 4046 3763 4120; baseline 0.002 -19"><span class='ocrx_word' id='word_1_632' title='bbox 2172 4046 2581 4101; x_wconf 84' lang='grc' dir='ltr'>καταλειπτέον·</span> <span class='ocrx_word' id='word_1_633' title='bbox 2618 4048 2753 4118; x_wconf 87' lang='grc' dir='ltr'><strong>μηδέ</strong></span> <span class='ocrx_word' id='word_1_634' title='bbox 2776 4048 3034 4119; x_wconf 72' lang='grc' dir='ltr'>φοιτητὴν</span> <span class='ocrx_word' id='word_1_635' title='bbox 3061 4050 3274 4120; x_wconf 78' lang='grc' dir='ltr'>ἔχουσιν</span> <span class='ocrx_word' id='word_1_636' title='bbox 3302 4070 3315 4118; x_wconf 89' lang='lat'><strong>;</strong></span> <span class='ocrx_word' id='word_1_637' title='bbox 3341 4051 3504 4104; x_wconf 85' lang='grc' dir='ltr'>Ὀθεν</span> <span class='ocrx_word' id='word_1_638' title='bbox 3527 4051 3763 4104; x_wconf 85' lang='grc' dir='ltr'>σκοπῶ-</span> 
     </span>
    </p>
   </div>
   <div class='ocr_carea' id='block_1_88' title="bbox 2174 4139 3765 4214">
    <p class='ocr_par' dir='ltr' id='par_1_88' title="bbox 2174 4139 3765 4214">
     <span class='ocr_line' id='line_1_88' title="bbox 2174 4139 3765 4214; baseline 0.003 -22"><span class='ocrx_word' id='word_1_639' title='bbox 2174 4157 2274 4209; x_wconf 90' lang='grc' dir='ltr'><strong>μεν</strong></span> <span class='ocrx_word' id='word_1_640' title='bbox 2301 4139 2399 4209; x_wconf 73' lang='grc' dir='ltr'>ἠδη</span> <span class='ocrx_word' id='word_1_641' title='bbox 2447 4142 2642 4210; x_wconf 85' lang='grc' dir='ltr'>μήπως</span> <span class='ocrx_word' id='word_1_642' title='bbox 2677 4141 2787 4194; x_wconf 86' lang='grc' dir='ltr'><strong>τῶν</strong></span> <span class='ocrx_word' id='word_1_643' title='bbox 2831 4141 2972 4211; x_wconf 81' lang='grc' dir='ltr'>ὑπὲρ</span> <span class='ocrx_word' id='word_1_644' title='bbox 3017 4141 3247 4212; x_wconf 85' lang='grc' dir='ltr'>δύναμιν</span> <span class='ocrx_word' id='word_1_645' title='bbox 3298 4144 3604 4214; x_wconf 83' lang='grc' dir='ltr'>ἐφιέμενοι,</span> <span class='ocrx_word' id='word_1_646' title='bbox 3658 4145 3765 4197; x_wconf 79' lang='grc' dir='ltr'>καὶ</span> 
     </span>
    </p>
   </div>
   <div class='ocr_carea' id='block_1_89' title="bbox 2170 4229 3767 4304">
    <p class='ocr_par' dir='ltr' id='par_1_89' title="bbox 2170 4229 3767 4304">
     <span class='ocr_line' id='line_1_89' title="bbox 2170 4229 3767 4304; baseline 0.003 -21"><span class='ocrx_word' id='word_1_647' title='bbox 2170 4229 2278 4284; x_wconf 91' lang='grc' dir='ltr'><strong>τῶν</strong></span> <span class='ocrx_word' id='word_1_648' title='bbox 2312 4232 2548 4302; x_wconf 88' lang='grc' dir='ltr'>μετρίων</span> <span class='ocrx_word' id='word_1_649' title='bbox 2583 4232 2985 4303; x_wconf 81' lang='grc' dir='ltr'>ἀποτύχοιμεν-</span> <span class='ocrx_word' id='word_1_650' title='bbox 3022 4233 3157 4304; x_wconf 78' lang='grc' dir='ltr'>μηδὲ</span> <span class='ocrx_word' id='word_1_651' title='bbox 3187 4236 3278 4288; x_wconf 84' lang='grc' dir='ltr'><strong>τὸν</strong></span> <span class='ocrx_word' id='word_1_652' title='bbox 3311 4234 3552 4290; x_wconf 82' lang='grc' dir='ltr'>κώνωπα</span> <span class='ocrx_word' id='word_1_653' title='bbox 3577 4235 3767 4288; x_wconf 75' lang='grc' dir='ltr'>διῦλί-</span> 
     </span>
    </p>
   </div>
   <div class='ocr_carea' id='block_1_90' title="bbox 2172 4323 3764 4401">
    <p class='ocr_par' dir='ltr' id='par_1_90' title="bbox 2172 4323 3764 4401">
     <span class='ocr_line' id='line_1_90' title="bbox 2172 4323 3764 4401; baseline 0.004 -26"><span class='ocrx_word' id='word_1_654' title='bbox 2172 4323 2375 4386; x_wconf 82' lang='grc' dir='ltr'>ζοντες,</span> <span class='ocrx_word' id='word_1_655' title='bbox 2401 4323 2502 4392; x_wconf 85' lang='grc' dir='ltr'>τὴν</span> <span class='ocrx_word' id='word_1_656' title='bbox 2532 4324 2778 4396; x_wconf 88' lang='grc' dir='ltr'>κάμηλον</span> <span class='ocrx_word' id='word_1_657' title='bbox 2807 4327 3213 4396; x_wconf 86' lang='grc' dir='ltr'>καταπίνωμεν·</span> <span class='ocrx_word' id='word_1_658' title='bbox 3243 4327 3275 4396; x_wconf 85' lang='grc' dir='ltr'><strong>ἢ</strong></span> <span class='ocrx_word' id='word_1_659' title='bbox 3312 4329 3406 4380; x_wconf 74' lang='grc' dir='ltr'><strong>καὶ</strong></span> <span class='ocrx_word' id='word_1_660' title='bbox 3442 4327 3512 4380; x_wconf 77' lang='grc' dir='ltr'>τὰ</span> <span class='ocrx_word' id='word_1_661' title='bbox 3557 4326 3764 4401; x_wconf 81' lang='grc' dir='ltr'>κάρφη</span> 
     </span>
    </p>
   </div>
   <div class='ocr_carea' id='block_1_91' title="bbox 2172 4415 3766 4493">
    <p class='ocr_par' dir='ltr' id='par_1_91' title="bbox 2172 4415 3766 4493">
     <span class='ocr_line' id='line_1_91' title="bbox 2172 4415 3766 4493; baseline 0.004 -25"><span class='ocrx_word' id='word_1_662' title='bbox 2172 4416 2237 4469; x_wconf 74' lang='grc' dir='ltr'><strong>ἐκ</strong></span> <span class='ocrx_word' id='word_1_663' title='bbox 2277 4415 2387 4469; x_wconf 89' lang='grc' dir='ltr'><strong>τῶν</strong></span> <span class='ocrx_word' id='word_1_664' title='bbox 2414 4416 2710 4487; x_wconf 83' lang='grc' dir='ltr'>ὀφθαλμῶν</span> <span class='ocrx_word' id='word_1_665' title='bbox 2736 4417 2848 4471; x_wconf 88' lang='grc' dir='ltr'><strong>τῶν</strong></span> <span class='ocrx_word' id='word_1_666' title='bbox 2879 4418 3120 4488; x_wconf 81' lang='grc' dir='ltr'>ἀδελφῶν</span> <span class='ocrx_word' id='word_1_667' title='bbox 3149 4419 3388 4491; x_wconf 81' lang='grc' dir='ltr'>ἐξαίρειν</span> <span class='ocrx_word' id='word_1_668' title='bbox 3417 4421 3766 4493; x_wconf 76' lang='grc' dir='ltr'>δοκιμάζον-</span> 
     </span>
    </p>
   </div>
   <div class='ocr_carea' id='block_1_92' title="bbox 489 4497 2074 4585">
    <p class='ocr_par' dir='ltr' id='par_1_92' title="bbox 489 4497 2069 4576">
     <span class='ocr_line' id='line_1_92' title="bbox 489 4497 2069 4576; baseline 0.006 -25"><span class='ocrx_word' id='word_1_669' title='bbox 489 4497 715 4565; x_wconf 89' lang='lat' dir='ltr'><strong>dicitur,</strong></span> <span class='ocrx_word' id='word_1_670' title='bbox 746 4510 958 4570; x_wconf 82' lang='lat' dir='ltr'><strong>gestare</strong></span> <span class='ocrx_word' id='word_1_671' title='bbox 981 4501 1262 4558; x_wconf 87' lang='lat' dir='ltr'><strong>videamur</strong></span> <span class='ocrx_word' id='word_1_672' title='bbox 1282 4504 1327 4538; x_wconf 80' lang='grc'><em>³³</em></span> <span class='ocrx_word' id='word_1_673' title='bbox 1356 4523 1370 4558; x_wconf 92' lang='lat'>:</span> <span class='ocrx_word' id='word_1_674' title='bbox 1404 4517 1690 4576; x_wconf 88' lang='lat' dir='ltr'><strong>propterea</strong></span> <span class='ocrx_word' id='word_1_675' title='bbox 1721 4511 1864 4576; x_wconf 87' lang='lat' dir='ltr'><strong>quod</strong></span> <span class='ocrx_word' id='word_1_676' title='bbox 1895 4507 1982 4561; x_wconf 91' lang='lat' dir='ltr'><strong>hic</strong></span> <span class='ocrx_word' id='word_1_677' title='bbox 2017 4518 2069 4561; x_wconf 91' lang='lat' dir='ltr'><strong>et</strong></span> 
     </span>
    </p>
   </div>
   <div class='ocr_carea' id='block_1_93' title="bbox 2178 4497 3770 4585">
    <p class='ocr_par' dir='ltr' id='par_1_93' title="bbox 2178 4510 3770 4585">
     <span class='ocr_line' id='line_1_93' title="bbox 2178 4510 3770 4585; baseline 0.005 -25"><span class='ocrx_word' id='word_1_678' title='bbox 2178 4522 2282 4572; x_wconf 81' lang='grc' dir='ltr'>τες,</span> <span class='ocrx_word' id='word_1_679' title='bbox 2314 4510 2472 4562; x_wconf 75' lang='grc' dir='ltr'>αὐτοὶ</span> <span class='ocrx_word' id='word_1_680' title='bbox 2501 4510 2600 4582; x_wconf 81' lang='grc' dir='ltr'>τὴν</span> <span class='ocrx_word' id='word_1_681' title='bbox 2635 4511 2789 4563; x_wconf 84' lang='grc' dir='ltr'>δοκὸν</span> <span class='ocrx_word' id='word_1_682' title='bbox 2829 4512 2923 4564; x_wconf 78' lang='grc' dir='ltr'><strong>ἐπὶ</strong></span> <span class='ocrx_word' id='word_1_683' title='bbox 2955 4512 3061 4564; x_wconf 87' lang='grc' dir='ltr'><strong>τῶν</strong></span> <span class='ocrx_word' id='word_1_684' title='bbox 3103 4513 3398 4584; x_wconf 84' lang='grc' dir='ltr'>ὀφθαλμῶν</span> <span class='ocrx_word' id='word_1_685' title='bbox 3428 4515 3502 4585; x_wconf 81' lang='grc' dir='ltr'>μὴ</span> <span class='ocrx_word' id='word_1_686' title='bbox 3536 4515 3770 4570; x_wconf 84' lang='grc' dir='ltr'>δοκοῦν-</span> 
     </span>
    </p>
   </div>
   <div class='ocr_carea' id='block_1_94' title="bbox 492 4589 2074 4678">
    <p class='ocr_par' dir='ltr' id='par_1_94' title="bbox 492 4589 2063 4667">
     <span class='ocr_line' id='line_1_94' title="bbox 492 4589 2063 4667; baseline 0.004 -23"><span class='ocrx_word' id='word_1_687' title='bbox 492 4589 604 4645; x_wconf 89' lang='lat' dir='ltr'><strong>illic</strong></span> <span class='ocrx_word' id='word_1_688' title='bbox 660 4604 1053 4646; x_wconf 80' lang='lat' dir='ltr'><strong>ceuversamur</strong></span> <span class='ocrx_word' id='word_1_689' title='bbox 1105 4603 1161 4648; x_wconf 88' lang='lat' dir='ltr'><strong>et</strong></span> <span class='ocrx_word' id='word_1_690' title='bbox 1204 4596 1589 4663; x_wconf 84' lang='lat' dir='ltr'><strong>convivamur,</strong></span> <span class='ocrx_word' id='word_1_691' title='bbox 1628 4598 1755 4667; x_wconf 86' lang='lat' dir='ltr'><strong>jure</strong></span> <span class='ocrx_word' id='word_1_692' title='bbox 1800 4597 2063 4650; x_wconf 88' lang='lat' dir='ltr'><strong>damnati.</strong></span> 
     </span>
    </p>
   </div>
   <div class='ocr_carea' id='block_1_95' title="bbox 2178 4589 3766 4678">
    <p class='ocr_par' dir='ltr' id='par_1_95' title="bbox 2178 4599 3766 4678">
     <span class='ocr_line' id='line_1_95' title="bbox 2178 4599 3766 4678; baseline 0.008 -29"><span class='ocrx_word' id='word_1_693' title='bbox 2178 4613 2262 4661; x_wconf 89' lang='grc' dir='ltr'><strong>τες</strong></span> <span class='ocrx_word' id='word_1_694' title='bbox 2291 4599 2563 4670; x_wconf 85' lang='grc' dir='ltr'>φέρωμεν·</span> <span class='ocrx_word' id='word_1_695' title='bbox 2597 4603 2656 4654; x_wconf 82' lang='grc' dir='ltr'>τὸ</span> <span class='ocrx_word' id='word_1_696' title='bbox 2705 4601 2766 4670; x_wconf 81' lang='grc' dir='ltr'><strong>δὴ</strong></span> <span class='ocrx_word' id='word_1_697' title='bbox 2803 4602 3092 4672; x_wconf 87' lang='grc' dir='ltr'>λεγόμενον</span> <span class='ocrx_word' id='word_1_698' title='bbox 3151 4604 3208 4668; x_wconf 78' lang='grc' dir='ltr'><strong>ἐξ</strong></span> <span class='ocrx_word' id='word_1_699' title='bbox 3256 4599 3332 4659; x_wconf 81' lang='grc' dir='ltr'>ὧν</span> <span class='ocrx_word' id='word_1_700' title='bbox 3381 4622 3766 4678; x_wconf 81' lang='grc' dir='ltr'>συναναστρε-</span> 
     </span>
    </p>
   </div>
   <div class='ocr_carea' id='block_1_96' title="bbox 496 4679 2074 4766">
    <p class='ocr_par' dir='ltr' id='par_1_96' title="bbox 496 4679 2067 4760">
     <span class='ocr_line' id='line_1_96' title="bbox 496 4679 2067 4760; baseline 0.004 -26"><span class='ocrx_word' id='word_1_701' title='bbox 496 4698 518 4734; x_wconf 80' lang='grc' dir='ltr'><strong>ι</strong></span> <span class='ocrx_word' id='word_1_702' title='bbox 570 4679 641 4735; x_wconf 83' lang='lat' dir='ltr'><strong>At</strong></span> <span class='ocrx_word' id='word_1_703' title='bbox 672 4681 780 4742; x_wconf 83' lang='lat' dir='ltr'><strong>ille,</strong></span> <span class='ocrx_word' id='word_1_704' title='bbox 835 4682 1030 4754; x_wconf 88' lang='lat' dir='ltr'><strong>inquit,</strong></span> <span class='ocrx_word' id='word_1_705' title='bbox 1075 4686 1199 4740; x_wconf 81' lang='lat' dir='ltr'><strong>ficte</strong></span> <span class='ocrx_word' id='word_1_706' title='bbox 1249 4687 1614 4760; x_wconf 89' lang='lat' dir='ltr'><strong>simulateque</strong></span> <span class='ocrx_word' id='word_1_707' title='bbox 1647 4689 1935 4744; x_wconf 83' lang='lat' dir='ltr'><strong>confessus</strong></span> <span class='ocrx_word' id='word_1_708' title='bbox 1965 4698 2067 4753; x_wconf 80' lang='lat' dir='ltr'><strong>est,</strong></span> 
     </span>
    </p>
   </div>
   <div class='ocr_carea' id='block_1_97' title="bbox 2178 4679 3766 4766">
    <p class='ocr_par' dir='ltr' id='par_1_97' title="bbox 2178 4688 3766 4766">
     <span class='ocr_line' id='line_1_97' title="bbox 2178 4688 3766 4766; baseline 0.009 -27"><span class='ocrx_word' id='word_1_709' title='bbox 2178 4691 2388 4758; x_wconf 71' lang='grc' dir='ltr'>φὸμεθα</span> <span class='ocrx_word' id='word_1_710' title='bbox 2426 4694 2520 4745; x_wconf 77' lang='grc' dir='ltr'><strong>καὶ</strong></span> <span class='ocrx_word' id='word_1_711' title='bbox 2549 4694 2901 4763; x_wconf 84' lang='grc' dir='ltr'>συνεσθίομεν</span> <span class='ocrx_word' id='word_1_712' title='bbox 2928 4688 3027 4749; x_wconf 82' lang='grc' dir='ltr'>ὧδε</span> <span class='ocrx_word' id='word_1_713' title='bbox 3062 4696 3304 4758; x_wconf 84' lang='grc' dir='ltr'>κάκεῖσε,</span> <span class='ocrx_word' id='word_1_714' title='bbox 3333 4700 3766 4766; x_wconf 85' lang='grc' dir='ltr'>καταγινωσκό-</span> 
     </span>
    </p>
   </div>
   <div class='ocr_carea' id='block_1_98' title="bbox 492 4772 2074 4863">
    <p class='ocr_par' dir='ltr' id='par_1_98' title="bbox 492 4772 2069 4849">
     <span class='ocr_line' id='line_1_98' title="bbox 492 4772 2069 4849; baseline 0.004 -22"><span class='ocrx_word' id='word_1_715' title='bbox 492 4782 651 4842; x_wconf 90' lang='lat' dir='ltr'><strong>turpe</strong></span> <span class='ocrx_word' id='word_1_716' title='bbox 692 4772 905 4830; x_wconf 89' lang='lat' dir='ltr'><strong>facinus</strong></span> <span class='ocrx_word' id='word_1_717' title='bbox 935 4790 1097 4830; x_wconf 89' lang='lat' dir='ltr'><strong>suum</strong></span> <span class='ocrx_word' id='word_1_718' title='bbox 1149 4778 1432 4834; x_wconf 89' lang='lat' dir='ltr'><strong>occultans</strong></span> <span class='ocrx_word' id='word_1_719' title='bbox 1486 4798 1501 4835; x_wconf 90' lang='lat'><strong>:</strong></span> <span class='ocrx_word' id='word_1_720' title='bbox 1545 4781 1686 4834; x_wconf 85' lang='lat' dir='ltr'><strong>alius</strong></span> <span class='ocrx_word' id='word_1_721' title='bbox 1738 4780 2069 4849; x_wconf 87' lang='lat' dir='ltr'><strong>impietatem</strong></span> 
     </span>
    </p>
   </div>
   <div class='ocr_carea' id='block_1_99' title="bbox 2178 4772 3772 4863">
    <p class='ocr_par' dir='ltr' id='par_1_99' title="bbox 2181 4784 3772 4863">
     <span class='ocr_line' id='line_1_99' title="bbox 2181 4784 3772 4863; baseline 0.008 -32"><span class='ocrx_word' id='word_1_722' title='bbox 2181 4796 2348 4848; x_wconf 88' lang='grc' dir='ltr'>μενοι.</span> <span class='ocrx_word' id='word_1_723' title='bbox 2389 4801 2407 4832; x_wconf 85' lang='grc' dir='ltr'><strong>ι</strong></span> <span class='ocrx_word' id='word_1_724' title='bbox 2456 4784 2510 4836; x_wconf 86' lang='grc'><strong>’0</strong></span> <span class='ocrx_word' id='word_1_725' title='bbox 2544 4785 2714 4850; x_wconf 82' lang='grc' dir='ltr'>δεῖνα,</span> <span class='ocrx_word' id='word_1_726' title='bbox 2766 4787 2919 4856; x_wconf 78' lang='grc' dir='ltr'>φησὶ,</span> <span class='ocrx_word' id='word_1_727' title='bbox 2966 4787 3176 4855; x_wconf 73' lang='grc' dir='ltr'>ψευδῶς</span> <span class='ocrx_word' id='word_1_728' title='bbox 3215 4788 3568 4860; x_wconf 80' lang='grc' dir='ltr'>ἐξηγόρευκε,</span> <span class='ocrx_word' id='word_1_729' title='bbox 3616 4795 3772 4863; x_wconf 74' lang='grc' dir='ltr'>κρύ-</span> 
     </span>
    </p>
   </div>
   <div class='ocr_carea' id='block_1_100' title="bbox 492 4867 2074 4954">
    <p class='ocr_par' dir='ltr' id='par_1_100' title="bbox 492 4867 2073 4942">
     <span class='ocr_line' id='line_1_100' title="bbox 492 4867 2073 4942; baseline 0.003 -22"><span class='ocrx_word' id='word_1_730' title='bbox 492 4867 701 4932; x_wconf 86' lang='lat' dir='ltr'><strong>celans,</strong></span> <span class='ocrx_word' id='word_1_731' title='bbox 721 4867 825 4922; x_wconf 86' lang='lat' dir='ltr'><strong>alia</strong></span> <span class='ocrx_word' id='word_1_732' title='bbox 853 4883 952 4938; x_wconf 91' lang='lat' dir='ltr'><strong>pro</strong></span> <span class='ocrx_word' id='word_1_733' title='bbox 981 4869 1101 4924; x_wconf 86' lang='lat' dir='ltr'><strong>aliis</strong></span> <span class='ocrx_word' id='word_1_734' title='bbox 1128 4882 1312 4926; x_wconf 90' lang='lat' dir='ltr'><strong>narrat</strong></span> <span class='ocrx_word' id='word_1_735' title='bbox 1346 4890 1360 4926; x_wconf 86' lang='lat'><strong>:</strong></span> <span class='ocrx_word' id='word_1_736' title='bbox 1389 4887 1497 4942; x_wconf 92' lang='lat' dir='ltr'><strong>quo</strong></span> <span class='ocrx_word' id='word_1_737' title='bbox 1528 4872 1711 4941; x_wconf 87' lang='lat' dir='ltr'><strong>itaque</strong></span> <span class='ocrx_word' id='word_1_738' title='bbox 1758 4881 1919 4940; x_wconf 90' lang='lat' dir='ltr'><strong>pacto</strong></span> <span class='ocrx_word' id='word_1_739' title='bbox 1959 4888 2073 4925; x_wconf 89' lang='lat' dir='ltr'><strong>me-</strong></span> 
     </span>
    </p>
   </div>
   <div class='ocr_carea' id='block_1_101' title="bbox 2178 4867 3772 4954">
    <p class='ocr_par' dir='ltr' id='par_1_101' title="bbox 2179 4875 3772 4954">
     <span class='ocr_line' id='line_1_101' title="bbox 2179 4875 3772 4954; baseline 0.011 -31"><span class='ocrx_word' id='word_1_740' title='bbox 2179 4887 2326 4926; x_wconf 89' lang='grc' dir='ltr'>πτων</span> <span class='ocrx_word' id='word_1_741' title='bbox 2360 4875 2420 4928; x_wconf 82' lang='grc' dir='ltr'><strong>τὸ</strong></span> <span class='ocrx_word' id='word_1_742' title='bbox 2453 4878 2677 4948; x_wconf 82' lang='grc' dir='ltr'>αίσχρὸν</span> <span class='ocrx_word' id='word_1_743' title='bbox 2705 4878 2873 4932; x_wconf 77' lang='grc' dir='ltr'>αὑτοῦ</span> <span class='ocrx_word' id='word_1_744' title='bbox 2921 4880 3225 4950; x_wconf 84' lang='grc' dir='ltr'>ἁμάρτημα</span> <span class='ocrx_word' id='word_1_745' title='bbox 3247 4898 3260 4913; x_wconf 92' lang='grc'><strong>·</strong></span> <span class='ocrx_word' id='word_1_746' title='bbox 3303 4883 3396 4935; x_wconf 75' lang='grc' dir='ltr'><strong>καὶ</strong></span> <span class='ocrx_word' id='word_1_747' title='bbox 3423 4883 3581 4945; x_wconf 81' lang='grc' dir='ltr'>ἄλλος</span> <span class='ocrx_word' id='word_1_748' title='bbox 3614 4885 3772 4954; x_wconf 63' lang='grc' dir='ltr'>κρύε</span> 
     </span>
    </p>
   </div>
   <div class='ocr_carea' id='block_1_102' title="bbox 493 4958 2074 5045">
    <p class='ocr_par' dir='ltr' id='par_1_102' title="bbox 493 4958 2071 5033">
     <span class='ocr_line' id='line_1_102' title="bbox 493 4958 2071 5033; baseline 0.003 -22"><span class='ocrx_word' id='word_1_749' title='bbox 493 4958 651 5013; x_wconf 88' lang='lat' dir='ltr'><strong>dicus</strong></span> <span class='ocrx_word' id='word_1_750' title='bbox 669 4970 945 5016; x_wconf 88' lang='lat' dir='ltr'><strong>asseveret</strong></span> <span class='ocrx_word' id='word_1_751' title='bbox 973 4962 1276 5018; x_wconf 79' lang='lat' dir='ltr'><strong>sanationis</strong></span> <span class='ocrx_word' id='word_1_752' title='bbox 1304 4964 1403 5019; x_wconf 86' lang='lat' dir='ltr'><strong>hos</strong></span> <span class='ocrx_word' id='word_1_753' title='bbox 1430 4980 1553 5018; x_wconf 89' lang='lat' dir='ltr'><strong>esse</strong></span> <span class='ocrx_word' id='word_1_754' title='bbox 1577 4963 1891 5033; x_wconf 85' lang='lat' dir='ltr'><strong>compotes?</strong></span> <span class='ocrx_word' id='word_1_755' title='bbox 1955 4961 2071 5017; x_wconf 90' lang='lat' dir='ltr'><strong>Non</strong></span> 
     </span>
    </p>
   </div>
   <div class='ocr_carea' id='block_1_103' title="bbox 2178 4958 3774 5045">
    <p class='ocr_par' dir='ltr' id='par_1_103' title="bbox 2178 4962 3774 5045">
     <span class='ocr_line' id='line_1_103' title="bbox 2178 4962 3774 5045; baseline 0.011 -31"><span class='ocrx_word' id='word_1_756' title='bbox 2178 4962 2283 5029; x_wconf 78' lang='grc' dir='ltr'><strong>ψας</strong></span> <span class='ocrx_word' id='word_1_757' title='bbox 2310 4964 2372 5016; x_wconf 86' lang='grc' dir='ltr'><strong>τὸ</strong></span> <span class='ocrx_word' id='word_1_758' title='bbox 2409 4968 2684 5040; x_wconf 76' lang='grc' dir='ltr'>ἀσέϐημα,</span> <span class='ocrx_word' id='word_1_759' title='bbox 2727 4971 2889 5043; x_wconf 75' lang='grc' dir='ltr'>ἕτερα</span> <span class='ocrx_word' id='word_1_760' title='bbox 2924 4973 3040 5025; x_wconf 85' lang='grc' dir='ltr'>ἀνθ’</span> <span class='ocrx_word' id='word_1_761' title='bbox 3071 4973 3275 5045; x_wconf 79' lang='grc' dir='ltr'>ἐτέρων</span> <span class='ocrx_word' id='word_1_762' title='bbox 3298 4973 3596 5044; x_wconf 81' lang='grc' dir='ltr'>ἐξηγεῖται.</span> <span class='ocrx_word' id='word_1_763' title='bbox 3640 4978 3774 5033; x_wconf 69' lang='grc' dir='ltr'><strong>Καὶ</strong></span> 
     </span>
    </p>
   </div>
   <div class='ocr_carea' id='block_1_104' title="bbox 494 5047 2074 5135">
    <p class='ocr_par' dir='ltr' id='par_1_104' title="bbox 494 5047 2072 5121">
     <span class='ocr_line' id='line_1_104' title="bbox 494 5047 2072 5121; baseline -0.001 -18"><span class='ocrx_word' id='word_1_764' title='bbox 494 5047 656 5104; x_wconf 78' lang='lat' dir='ltr'><strong>ﬁdem</strong></span> <span class='ocrx_word' id='word_1_765' title='bbox 708 5048 831 5115; x_wconf 86' lang='lat' dir='ltr'><strong>hoc,</strong></span> <span class='ocrx_word' id='word_1_766' title='bbox 885 5067 918 5105; x_wconf 89' lang='grc' dir='ltr'><strong>ο</strong></span> <span class='ocrx_word' id='word_1_767' title='bbox 972 5051 1112 5106; x_wconf 91' lang='lat' dir='ltr'><strong>bone</strong></span> <span class='ocrx_word' id='word_1_768' title='bbox 1143 5053 1247 5117; x_wconf 85' lang='lat' dir='ltr'><strong>vir,</strong></span> <span class='ocrx_word' id='word_1_769' title='bbox 1280 5053 1372 5108; x_wconf 89' lang='lat' dir='ltr'><strong>sed</strong></span> <span class='ocrx_word' id='word_1_770' title='bbox 1410 5067 1591 5106; x_wconf 91' lang='lat' dir='ltr'><strong>acrem</strong></span> <span class='ocrx_word' id='word_1_771' title='bbox 1632 5050 2072 5121; x_wconf 82' lang='lat' dir='ltr'><strong>objurgationem</strong></span> 
     </span>
    </p>
   </div>
   <div class='ocr_carea' id='block_1_105' title="bbox 2178 5047 3772 5135">
    <p class='ocr_par' dir='ltr' id='par_1_105' title="bbox 2180 5054 3772 5135">
     <span class='ocr_line' id='line_1_105' title="bbox 2180 5054 3772 5135; baseline 0.01 -29"><span class='ocrx_word' id='word_1_772' title='bbox 2180 5054 2298 5118; x_wconf 84' lang='grc' dir='ltr'><strong>πῶς</strong></span> <span class='ocrx_word' id='word_1_773' title='bbox 2341 5058 2369 5109; x_wconf 85' lang='grc' dir='ltr'>ὁ</span> <span class='ocrx_word' id='word_1_774' title='bbox 2421 5057 2583 5127; x_wconf 83' lang='grc' dir='ltr'>δῆθεν</span> <span class='ocrx_word' id='word_1_775' title='bbox 2631 5063 2894 5134; x_wconf 84' lang='grc' dir='ltr'>ἰατρεύων</span> <span class='ocrx_word' id='word_1_776' title='bbox 2944 5064 3169 5118; x_wconf 84' lang='grc' dir='ltr'>δύναται</span> <span class='ocrx_word' id='word_1_777' title='bbox 3225 5065 3392 5134; x_wconf 85' lang='grc' dir='ltr'>φάναι</span> <span class='ocrx_word' id='word_1_778' title='bbox 3451 5066 3772 5135; x_wconf 74' lang='grc' dir='ltr'>θεραπείας</span> 
     </span>
    </p>
   </div>
   <div class='ocr_carea' id='block_1_106' title="bbox 495 5140 2074 5226">
    <p class='ocr_par' dir='ltr' id='par_1_106' title="bbox 495 5140 2072 5214">
     <span class='ocr_line' id='line_1_106' title="bbox 495 5140 2072 5214; baseline -0.001 -18"><span class='ocrx_word' id='word_1_779' title='bbox 495 5151 759 5196; x_wconf 87' lang='lat' dir='ltr'><strong>meretur.</strong></span> <span class='ocrx_word' id='word_1_780' title='bbox 809 5140 996 5211; x_wconf 87' lang='lat' dir='ltr'><strong>Neque</strong></span> <span class='ocrx_word' id='word_1_781' title='bbox 1051 5144 1196 5197; x_wconf 89' lang='lat' dir='ltr'><strong>enim</strong></span> <span class='ocrx_word' id='word_1_782' title='bbox 1251 5144 1542 5214; x_wconf 89' lang='lat' dir='ltr'><strong>quisquam</strong></span> <span class='ocrx_word' id='word_1_783' title='bbox 1598 5142 1666 5197; x_wconf 88' lang='lat' dir='ltr'><strong>ad</strong></span> <span class='ocrx_word' id='word_1_784' title='bbox 1730 5141 2072 5198; x_wconf 85' lang='lat' dir='ltr'><strong>curationem</strong></span> 
     </span>
    </p>
   </div>
   <div class='ocr_carea' id='block_1_107' title="bbox 2178 5140 3774 5226">
    <p class='ocr_par' dir='ltr' id='par_1_107' title="bbox 2178 5149 3774 5226">
     <span class='ocr_line' id='line_1_107' title="bbox 2178 5149 3774 5226; baseline 0.011 -26"><span class='ocrx_word' id='word_1_785' title='bbox 2178 5149 2365 5202; x_wconf 84' lang='grc' dir='ltr'>τούσδε</span> <span class='ocrx_word' id='word_1_786' title='bbox 2399 5157 2785 5226; x_wconf 80' lang='grc' dir='ltr'>τετυχηκέναι;</span> <span class='ocrx_word' id='word_1_787' title='bbox 2831 5176 2849 5210; x_wconf 70' lang='grc' dir='ltr'><strong>ι</strong></span> <span class='ocrx_word' id='word_1_788' title='bbox 2901 5159 2974 5212; x_wconf 83' lang='grc' dir='ltr'><strong>Οὐ</strong></span> <span class='ocrx_word' id='word_1_789' title='bbox 3023 5160 3361 5223; x_wconf 81' lang='grc' dir='ltr'>πιστευτέον,</span> <span class='ocrx_word' id='word_1_790' title='bbox 3388 5152 3432 5212; x_wconf 78' lang='grc' dir='ltr'>ὦ</span> <span class='ocrx_word' id='word_1_791' title='bbox 3458 5162 3578 5211; x_wconf 79' lang='grc' dir='ltr'>τᾶν·</span> <span class='ocrx_word' id='word_1_792' title='bbox 3611 5161 3774 5218; x_wconf 81' lang='grc' dir='ltr'><strong>ἀλλά</strong></span> 
     </span>
    </p>
   </div>
   <div class='ocr_carea' id='block_1_108' title="bbox 498 5233 2074 5318">
    <p class='ocr_par' dir='ltr' id='par_1_108' title="bbox 498 5233 2074 5306">
     <span class='ocr_line' id='line_1_108' title="bbox 498 5233 2074 5306; baseline -0.001 -18"><span class='ocrx_word' id='word_1_793' title='bbox 498 5234 644 5288; x_wconf 88' lang='lat' dir='ltr'><strong>ultro</strong></span> <span class='ocrx_word' id='word_1_794' title='bbox 673 5248 732 5287; x_wconf 87' lang='lat' dir='ltr'><strong>se</strong></span> <span class='ocrx_word' id='word_1_795' title='bbox 761 5233 1024 5300; x_wconf 80' lang='lat' dir='ltr'><strong>conferat,</strong></span> <span class='ocrx_word' id='word_1_796' title='bbox 1050 5235 1144 5305; x_wconf 89' lang='lat' dir='ltr'><strong>qui</strong></span> <span class='ocrx_word' id='word_1_797' title='bbox 1181 5252 1287 5290; x_wconf 88' lang='lat' dir='ltr'><strong>non</strong></span> <span class='ocrx_word' id='word_1_798' title='bbox 1318 5245 1559 5306; x_wconf 76' lang='lat' dir='ltr'><strong>retegere</strong></span> <span class='ocrx_word' id='word_1_799' title='bbox 1593 5235 1870 5306; x_wconf 91' lang='lat' dir='ltr'><strong>proprium</strong></span> <span class='ocrx_word' id='word_1_800' title='bbox 1897 5233 2074 5288; x_wconf 91' lang='lat' dir='ltr'><strong>scelus</strong></span> 
     </span>
    </p>
   </div>
   <div class='ocr_carea' id='block_1_109' title="bbox 2178 5233 3775 5318">
    <p class='ocr_par' dir='ltr' id='par_1_109' title="bbox 2181 5240 3775 5318">
     <span class='ocr_line' id='line_1_109' title="bbox 2181 5240 3775 5318; baseline 0.008 -26"><span class='ocrx_word' id='word_1_801' title='bbox 2181 5241 2276 5292; x_wconf 71' lang='grc' dir='ltr'><strong>καὶ</strong></span> <span class='ocrx_word' id='word_1_802' title='bbox 2307 5240 2423 5294; x_wconf 86' lang='grc' dir='ltr'>λίαν</span> <span class='ocrx_word' id='word_1_803' title='bbox 2454 5247 2878 5316; x_wconf 84' lang='grc' dir='ltr'>κατηγορητέον.</span> <span class='ocrx_word' id='word_1_804' title='bbox 2912 5247 3099 5310; x_wconf 69' lang='grc' dir='ltr'>Οὐδεὶς</span> <span class='ocrx_word' id='word_1_805' title='bbox 3131 5248 3238 5317; x_wconf 78' lang='grc' dir='ltr'>γὰρ</span> <span class='ocrx_word' id='word_1_806' title='bbox 3272 5245 3612 5318; x_wconf 78' lang='grc' dir='ltr'>αὐθαιρέτως</span> <span class='ocrx_word' id='word_1_807' title='bbox 3657 5249 3775 5304; x_wconf 85' lang='grc' dir='ltr'><strong>ίὼν</strong></span> 
     </span>
    </p>
   </div>
   <div class='ocr_carea' id='block_1_110' title="bbox 502 5325 2074 5408">
    <p class='ocr_par' dir='ltr' id='par_1_110' title="bbox 502 5325 2074 5398">
     <span class='ocr_line' id='line_1_110' title="bbox 502 5325 2074 5398; baseline -0.001 -18"><span class='ocrx_word' id='word_1_808' title='bbox 502 5328 705 5398; x_wconf 87' lang='lat' dir='ltr'><strong>cupiat.</strong></span> <span class='ocrx_word' id='word_1_809' title='bbox 765 5326 955 5382; x_wconf 88' lang='lat' dir='ltr'><strong>Utrum</strong></span> <span class='ocrx_word' id='word_1_810' title='bbox 996 5343 1126 5384; x_wconf 91' lang='lat' dir='ltr'><strong>vero</strong></span> <span class='ocrx_word' id='word_1_811' title='bbox 1157 5338 1209 5384; x_wconf 92' lang='lat' dir='ltr'><strong>et</strong></span> <span class='ocrx_word' id='word_1_812' title='bbox 1245 5328 1460 5383; x_wconf 87' lang='lat' dir='ltr'><strong>sincere</strong></span> <span class='ocrx_word' id='word_1_813' title='bbox 1491 5343 1734 5396; x_wconf 89' lang='lat' dir='ltr'><strong>semper;</strong></span> <span class='ocrx_word' id='word_1_814' title='bbox 1768 5343 1874 5382; x_wconf 93' lang='lat' dir='ltr'><strong>non</strong></span> <span class='ocrx_word' id='word_1_815' title='bbox 1903 5325 2074 5380; x_wconf 89' lang='lat' dir='ltr'><strong>nostri</strong></span> 
     </span>
    </p>
   </div>
   <div class='ocr_carea' id='block_1_111' title="bbox 2178 5325 3775 5408">
    <p class='ocr_par' dir='ltr' id='par_1_111' title="bbox 2183 5334 3775 5408">
     <span class='ocr_line' id='line_1_111' title="bbox 2183 5334 3775 5408; baseline 0.008 -26"><span class='ocrx_word' id='word_1_816' title='bbox 2183 5334 2317 5400; x_wconf 69' lang='grc' dir='ltr'>πρὸς</span> <span class='ocrx_word' id='word_1_817' title='bbox 2351 5334 2494 5390; x_wconf 78' lang='grc' dir='ltr'>ἴασιν</span> <span class='ocrx_word' id='word_1_818' title='bbox 2541 5337 2615 5406; x_wconf 80' lang='grc' dir='ltr'>μὴ</span> <span class='ocrx_word' id='word_1_819' title='bbox 2664 5337 2784 5406; x_wconf 76' lang='grc' dir='ltr'>οὐχὶ</span> <span class='ocrx_word' id='word_1_820' title='bbox 2817 5338 3167 5408; x_wconf 82' lang='grc' dir='ltr'>ἀπογυμνοῦν</span> <span class='ocrx_word' id='word_1_821' title='bbox 3215 5339 3274 5390; x_wconf 81' lang='grc' dir='ltr'>τὸ</span> <span class='ocrx_word' id='word_1_822' title='bbox 3325 5339 3524 5391; x_wconf 75' lang='grc' dir='ltr'>οἰκεῖον</span> <span class='ocrx_word' id='word_1_823' title='bbox 3575 5339 3775 5404; x_wconf 72' lang='grc' dir='ltr'>πάθος</span> 
     </span>
    </p>
   </div>
   <div class='ocr_carea' id='block_1_112' title="bbox 493 5418 2074 5504">
    <p class='ocr_par' dir='ltr' id='par_1_112' title="bbox 493 5418 2074 5493">
     <span class='ocr_line' id='line_1_112' title="bbox 493 5418 2074 5493; baseline -0.002 -18"><span class='ocrx_word' id='word_1_824' title='bbox 493 5420 686 5491; x_wconf 82' lang='lat' dir='ltr'><strong>judicii</strong></span> <span class='ocrx_word' id='word_1_825' title='bbox 741 5429 848 5484; x_wconf 86' lang='lat' dir='ltr'><strong>est,</strong></span> <span class='ocrx_word' id='word_1_826' title='bbox 900 5420 994 5476; x_wconf 87' lang='lat' dir='ltr'><strong>sed</strong></span> <span class='ocrx_word' id='word_1_827' title='bbox 1041 5422 1382 5493; x_wconf 89' lang='lat' dir='ltr'><strong>inspicientis</strong></span> <span class='ocrx_word' id='word_1_828' title='bbox 1434 5420 1548 5477; x_wconf 89' lang='lat' dir='ltr'><strong>Dei.</strong></span> <span class='ocrx_word' id='word_1_829' title='bbox 1579 5422 1668 5475; x_wconf 85' lang='lat' dir='ltr'><strong>Ait</strong></span> <span class='ocrx_word' id='word_1_830' title='bbox 1706 5421 1851 5475; x_wconf 89' lang='lat' dir='ltr'><strong>enim</strong></span> <span class='ocrx_word' id='word_1_831' title='bbox 1887 5440 1902 5475; x_wconf 90' lang='lat'><strong>:</strong></span> <span class='ocrx_word' id='word_1_832' title='bbox 1943 5418 2074 5484; x_wconf 86' lang='lat' dir='ltr'><strong>Quae</strong></span> 
     </span>
    </p>
   </div>
   <div class='ocr_carea' id='block_1_113' title="bbox 2178 5418 3777 5504">
    <p class='ocr_par' dir='ltr' id='par_1_113' title="bbox 2182 5424 3777 5504">
     <span class='ocr_line' id='line_1_113' title="bbox 2182 5424 3777 5504; baseline 0.008 -30"><span class='ocrx_word' id='word_1_833' title='bbox 2182 5424 2486 5496; x_wconf 78' lang='grc' dir='ltr'>αἱρήσεται.</span> <span class='ocrx_word' id='word_1_834' title='bbox 2520 5429 2582 5480; x_wconf 75' lang='lat' dir='ltr'><strong>EE</strong></span> <span class='ocrx_word' id='word_1_835' title='bbox 2610 5429 2665 5481; x_wconf 85' lang='grc' dir='ltr'>δὲ</span> <span class='ocrx_word' id='word_1_836' title='bbox 2712 5430 2803 5482; x_wconf 89' lang='grc' dir='ltr'><strong>καί</strong></span> <span class='ocrx_word' id='word_1_837' title='bbox 2841 5446 2933 5482; x_wconf 85' lang='grc' dir='ltr'><strong>ποι</strong></span> <span class='ocrx_word' id='word_1_838' title='bbox 2972 5430 3192 5500; x_wconf 82' lang='grc' dir='ltr'>ἀληθὲς,</span> <span class='ocrx_word' id='word_1_839' title='bbox 3222 5431 3319 5499; x_wconf 80' lang='grc' dir='ltr'><strong>οὐχ</strong></span> <span class='ocrx_word' id='word_1_840' title='bbox 3346 5431 3504 5501; x_wconf 80' lang='grc' dir='ltr'>ἡμῶν</span> <span class='ocrx_word' id='word_1_841' title='bbox 3533 5431 3594 5484; x_wconf 84' lang='grc' dir='ltr'>τὸ</span> <span class='ocrx_word' id='word_1_842' title='bbox 3632 5435 3777 5504; x_wconf 80' lang='grc' dir='ltr'>κρί-</span> 
     </span>
    </p>
   </div>
   <div class='ocr_carea' id='block_1_114' title="bbox 497 5511 2074 5595">
    <p class='ocr_par' dir='ltr' id='par_1_114' title="bbox 497 5511 2070 5584">
     <span class='ocr_line' id='line_1_114' title="bbox 497 5511 2070 5584; baseline -0.001 -18"><span class='ocrx_word' id='word_1_843' title='bbox 497 5512 716 5580; x_wconf 89' lang='lat' dir='ltr'><strong>quidem</strong></span> <span class='ocrx_word' id='word_1_844' title='bbox 752 5522 957 5581; x_wconf 86' lang='lat' dir='ltr'><strong>patent,</strong></span> <span class='ocrx_word' id='word_1_845' title='bbox 994 5512 1102 5568; x_wconf 90' lang='lat' dir='ltr'><strong>Deo</strong></span> <span class='ocrx_word' id='word_1_846' title='bbox 1133 5529 1196 5570; x_wconf 91' lang='lat' dir='ltr'><strong>ac</strong></span> <span class='ocrx_word' id='word_1_847' title='bbox 1226 5515 1387 5569; x_wconf 87' lang='lat' dir='ltr'><strong>nobis</strong></span> <span class='ocrx_word' id='word_1_848' title='bbox 1421 5532 1433 5568; x_wconf 91' lang='lat'><strong>:</strong></span> <span class='ocrx_word' id='word_1_849' title='bbox 1461 5529 1583 5584; x_wconf 76' lang='lat' dir='ltr'><strong>quae</strong></span> <span class='ocrx_word' id='word_1_850' title='bbox 1616 5512 1806 5578; x_wconf 90' lang='lat' dir='ltr'><strong>latent,</strong></span> <span class='ocrx_word' id='word_1_851' title='bbox 1839 5511 2070 5566; x_wconf 88' lang='lat' dir='ltr'><strong>Domino</strong></span> 
     </span>
    </p>
   </div>
   <div class='ocr_carea' id='block_1_115' title="bbox 2178 5511 3777 5595">
    <p class='ocr_par' dir='ltr' id='par_1_115' title="bbox 2178 5519 3777 5595">
     <span class='ocr_line' id='line_1_115' title="bbox 2178 5519 3777 5595; baseline 0.009 -28"><span class='ocrx_word' id='word_1_852' title='bbox 2178 5532 2307 5581; x_wconf 89' lang='grc' dir='ltr'>νειν,</span> <span class='ocrx_word' id='word_1_853' title='bbox 2340 5519 2476 5572; x_wconf 86' lang='grc' dir='ltr'><strong>ἀλλά</strong></span> <span class='ocrx_word' id='word_1_854' title='bbox 2519 5519 2655 5574; x_wconf 75' lang='grc' dir='ltr'>Θεοῦ</span> <span class='ocrx_word' id='word_1_855' title='bbox 2697 5521 2790 5574; x_wconf 72' lang='grc' dir='ltr'>τοῦ</span> <span class='ocrx_word' id='word_1_856' title='bbox 2840 5523 3166 5595; x_wconf 82' lang='grc' dir='ltr'>ἐφορῶντος.</span> <span class='ocrx_word' id='word_1_857' title='bbox 3205 5522 3341 5592; x_wconf 67' lang='grc' dir='ltr'>Φησὶ</span> <span class='ocrx_word' id='word_1_858' title='bbox 3374 5525 3503 5592; x_wconf 83' lang='grc' dir='ltr'>γάρ·</span> <span class='ocrx_word' id='word_1_859' title='bbox 3535 5525 3616 5576; x_wconf 84' lang='grc' dir='ltr'><strong>Τά</strong></span> <span class='ocrx_word' id='word_1_860' title='bbox 3653 5529 3777 5594; x_wconf 80' lang='grc' dir='ltr'><strong>μὲν</strong></span> 
     </span>
    </p>
   </div>
   <div class='ocr_carea' id='block_1_116' title="bbox 498 5595 2074 5688">
    <p class='ocr_par' dir='ltr' id='par_1_116' title="bbox 498 5595 2069 5677">
     <span class='ocr_line' id='line_1_116' title="bbox 498 5595 2069 5677; baseline 0 -22"><span class='ocrx_word' id='word_1_861' title='bbox 498 5595 608 5658; x_wconf 89' lang='lat' dir='ltr'><strong>Deo</strong></span> <span class='ocrx_word' id='word_1_862' title='bbox 632 5603 802 5658; x_wconf 74' lang='lat' dir='ltr'><strong>tuo“.</strong></span> <span class='ocrx_word' id='word_1_863' title='bbox 835 5603 912 5656; x_wconf 90' lang='lat' dir='ltr'><strong>Tu</strong></span> <span class='ocrx_word' id='word_1_864' title='bbox 944 5621 1061 5660; x_wconf 85' lang='lat' dir='ltr'><strong>vero</strong></span> <span class='ocrx_word' id='word_1_865' title='bbox 1089 5606 1216 5675; x_wconf 86' lang='lat' dir='ltr'><strong>quid</strong></span> <span class='ocrx_word' id='word_1_866' title='bbox 1235 5608 1451 5676; x_wconf 85' lang='lat' dir='ltr'><strong>judicas</strong></span> <span class='ocrx_word' id='word_1_867' title='bbox 1482 5609 1703 5677; x_wconf 80' lang='lat' dir='ltr'><strong>fratrem</strong></span> <span class='ocrx_word' id='word_1_868' title='bbox 1738 5615 1881 5658; x_wconf 83' lang='lat' dir='ltr'><strong>tuum</strong></span> <span class='ocrx_word' id='word_1_869' title='bbox 1902 5606 1925 5658; x_wconf 87' lang='lat'><strong><em>?</em></strong></span> <span class='ocrx_word' id='word_1_870' title='bbox 1945 5603 2069 5673; x_wconf 85' lang='lat' dir='ltr'><strong>quid</strong></span> 
     </span>
    </p>
   </div>
   <div class='ocr_carea' id='block_1_117' title="bbox 2178 5595 3778 5688">
    <p class='ocr_par' dir='ltr' id='par_1_117' title="bbox 2178 5612 3778 5688">
     <span class='ocr_line' id='line_1_117' title="bbox 2178 5612 3778 5688; baseline 0.007 -26"><span class='ocrx_word' id='word_1_871' title='bbox 2178 5612 2408 5681; x_wconf 76' lang='grc' dir='ltr'>φανερὰ,</span> <span class='ocrx_word' id='word_1_872' title='bbox 2435 5612 2553 5685; x_wconf 82' lang='grc' dir='ltr'><strong>Θεῷ</strong></span> <span class='ocrx_word' id='word_1_873' title='bbox 2603 5614 2699 5668; x_wconf 76' lang='grc' dir='ltr'>καὶ</span> <span class='ocrx_word' id='word_1_874' title='bbox 2737 5616 2888 5684; x_wconf 75' lang='grc' dir='ltr'>ἡμῖν·</span> <span class='ocrx_word' id='word_1_875' title='bbox 2941 5616 3010 5669; x_wconf 80' lang='grc' dir='ltr'>τὰ</span> <span class='ocrx_word' id='word_1_876' title='bbox 3053 5616 3106 5669; x_wconf 80' lang='grc' dir='ltr'><strong>δὲ</strong></span> <span class='ocrx_word' id='word_1_877' title='bbox 3166 5613 3402 5685; x_wconf 82' lang='grc' dir='ltr'>κρυπτὰ,</span> <span class='ocrx_word' id='word_1_878' title='bbox 3453 5616 3647 5687; x_wconf 84' lang='grc' dir='ltr'>Κυρίῳ</span> <span class='ocrx_word' id='word_1_879' title='bbox 3676 5619 3778 5688; x_wconf 81' lang='grc' dir='ltr'>τῷ</span> 
     </span>
    </p>
   </div>
   <div class='ocr_carea' id='block_1_118' title="bbox 1074 5720 2074 5867">
    <p class='ocr_par' dir='ltr' id='par_1_118' title="bbox 1074 5721 2059 5867">
     <span class='ocr_line' id='line_1_118' title="bbox 1086 5721 2059 5794; baseline -0.003 -15"><span class='ocrx_word' id='word_1_880' title='bbox 1086 5726 1176 5779; x_wconf 76' lang='grc'><strong>21.</strong></span> <span class='ocrx_word' id='word_1_881' title='bbox 1284 5727 1327 5758; x_wconf 70' lang='grc' dir='ltr'><strong>δ’</strong></span> <span class='ocrx_word' id='word_1_882' title='bbox 1359 5727 1521 5782; x_wconf 85' lang='lat' dir='ltr'><strong>Hebr.</strong></span> <span class='ocrx_word' id='word_1_883' title='bbox 1553 5743 1601 5793; x_wconf 74' lang='grc' dir='ltr'><strong>ν,</strong></span> <span class='ocrx_word' id='word_1_884' title='bbox 1637 5727 1690 5794; x_wconf 70' lang='grc'>4,</span> <span class='ocrx_word' id='word_1_885' title='bbox 1758 5728 1809 5781; x_wconf 83' lang='lat'><strong>5.</strong></span> <span class='ocrx_word' id='word_1_886' title='bbox 1922 5723 1966 5755; x_wconf 82' lang='lat'><strong>‘°</strong></span> <span class='ocrx_word' id='word_1_887' title='bbox 1994 5721 2059 5777; x_wconf 86' lang='lat' dir='ltr'><strong>Ill</strong></span> 
     </span>
     <span class='ocr_line' id='line_1_119' title="bbox 1074 5796 1564 5867; baseline 0.01 -18"><span class='ocrx_word' id='word_1_888' title='bbox 1074 5797 1119 5827; x_wconf 72' lang='grc' dir='ltr'><strong>’δ</strong></span> <span class='ocrx_word' id='word_1_889' title='bbox 1146 5797 1162 5850; x_wconf 89' lang='grc' dir='ltr'><strong>ι</strong></span> <span class='ocrx_word' id='word_1_890' title='bbox 1187 5796 1316 5867; x_wconf 77' lang='lat' dir='ltr'><strong>Reg.</strong></span> <span class='ocrx_word' id='word_1_891' title='bbox 1354 5815 1476 5864; x_wconf 78' lang='lat' dir='ltr'><strong>xw,</strong></span> <span class='ocrx_word' id='word_1_892' title='bbox 1515 5798 1564 5855; x_wconf 87' lang='lat'><strong>7.</strong></span> 
     </span>
    </p>
   </div>
   <div class='ocr_carea' id='block_1_119' title="bbox 2178 5720 3767 5867">
    <p class='ocr_par' dir='ltr' id='par_1_119' title="bbox 2178 5730 3767 5804">
     <span class='ocr_line' id='line_1_120' title="bbox 2178 5730 3767 5804; baseline 0.011 -27"><span class='ocrx_word' id='word_1_893' title='bbox 2178 5740 2217 5794; x_wconf 68' lang='grc' dir='ltr'>ς.</span> <span class='ocrx_word' id='word_1_894' title='bbox 2242 5741 2353 5796; x_wconf 79' lang='lat' dir='ltr'><strong>xtx,</strong></span> <span class='ocrx_word' id='word_1_895' title='bbox 2399 5730 2483 5786; x_wconf 86' lang='grc'><strong>10.</strong></span> <span class='ocrx_word' id='word_1_896' title='bbox 2591 5731 2632 5762; x_wconf 72' lang='grc'><strong><em>⁸⁸</em></strong></span> <span class='ocrx_word' id='word_1_897' title='bbox 2672 5731 2736 5787; x_wconf 72' lang='grc' dir='ltr'><strong>ιν</strong></span> <span class='ocrx_word' id='word_1_898' title='bbox 2770 5731 2900 5804; x_wconf 70' lang='lat' dir='ltr'><strong>Reg.</strong></span> <span class='ocrx_word' id='word_1_899' title='bbox 2936 5747 2994 5799; x_wconf 89' lang='lat' dir='ltr'><strong>ll,</strong></span> <span class='ocrx_word' id='word_1_900' title='bbox 3025 5733 3077 5789; x_wconf 91' lang='lat'><strong>8.</strong></span> <span class='ocrx_word' id='word_1_901' title='bbox 3187 5734 3230 5765; x_wconf 86' lang='lat'>“</span> <span class='ocrx_word' id='word_1_902' title='bbox 3259 5733 3626 5801; x_wconf 60' lang='lat' dir='ltr'><strong>Mattthm,</strong></span> <span class='ocrx_word' id='word_1_903' title='bbox 3653 5738 3767 5796; x_wconf 68' lang='grc'><strong>24-</strong></span> 
     </span>
    </p>
   </div>
   <div class='ocr_carea' id='block_1_120' title="bbox 567 5717 1176 5792">
    <p class='ocr_par' dir='ltr' id='par_1_120' title="bbox 567 5717 1176 5792">
     <span class='ocr_line' id='line_1_121' title="bbox 567 5717 1176 5792; baseline 0.015 -22"><span class='ocrx_word' id='word_1_904' title='bbox 567 5719 613 5792; x_wconf 61' lang='grc' dir='ltr'><strong>ξξ</strong></span> <span class='ocrx_word' id='word_1_905' title='bbox 638 5717 838 5776; x_wconf 84' lang='lat' dir='ltr'><strong>Jerem.</strong></span> <span class='ocrx_word' id='word_1_906' title='bbox 880 5739 1036 5792; x_wconf 77' lang='lat' dir='ltr'><strong>mu,</strong></span> <span class='ocrx_word' id='word_1_907' title='bbox 1086 5726 1176 5779; x_wconf 76' lang='lat'><strong>2|.</strong></span> 
     </span>
    </p>
   </div>
   <div class='ocr_carea' id='block_1_121' title="bbox 497 5785 962 5861">
    <p class='ocr_par' dir='ltr' id='par_1_121' title="bbox 497 5785 962 5861">
     <span class='ocr_line' id='line_1_122' title="bbox 497 5785 962 5861; baseline 0.011 -18"><span class='ocrx_word' id='word_1_908' title='bbox 497 5785 545 5822; x_wconf 86' lang='grc'>⁸⁸</span> <span class='ocrx_word' id='word_1_909' title='bbox 568 5787 753 5845; x_wconf 77' lang='lat' dir='ltr'><strong>Matth.</strong></span> <span class='ocrx_word' id='word_1_910' title='bbox 786 5807 876 5861; x_wconf 84' lang='lat' dir='ltr'><strong>vu,</strong></span> <span class='ocrx_word' id='word_1_911' title='bbox 911 5796 962 5848; x_wconf 75' lang='lat'><strong>3.</strong></span> 
     </span>
    </p>
   </div>
  </div>
