3934 6486
206 345 331 410 1513

1374 371 1912 439 EPISTULARUM
1961 379 2110 443 LIB.
2153 385 2237 445 II.

3288 399 3426 465 1514

199 459 310 528 Θεῷ
353 477 469 517 σου.
503 465 587 520 Σὺ
617 468 687 522 δὲ
721 471 780 524 τί
806 473 1026 540 κρίνεις
1078 477 1184 529 τὸν
1213 479 1482 551 ἀδελφόν
1521 500 1639 540 σου
1658 502 1676 549 ;
1714 488 1733 539 i

1858 491 2126 546 medicum
2173 495 2470 560 spernis"?
2517 497 2786 553 Stabimus
2835 512 3008 558 autem
3067 522 3244 561 omnes
3301 523 3426 565 ante

198 551 292 603 καὶ
319 555 412 606 ’σὺ
449 561 509 611 τί
550 561 889 630 ἐξουθενεῖς
928 570 1034 620 τὸν
1079 570 1330 640 ἰητῆρα;
1373 574 1603 642 Πάντες

197 654 699 721 παραστησόμεθα
743 655 822 721 τῷ
841 657 1068 727 ,ϐήματι
1119 664 1226 717 τοῦ
1251 667 1530 734 Χριστοῦ,
1561 667 1629 734 ὃς
1657 670 1756 722 καὶ

195 739 428 802 φωτίσει
450 741 524 794 τὰ
565 746 801 808 κρυπτὰ
840 749 945 801 τοῦ
971 751 1249 819 σκότους,
1286 756 1385 809 καὶ
1417 759 1753 826 φανερώσει

194 827 294 891 τὰς
331 831 574 898 ,ϐουλὰς
634 834 754 887 τῶν
789 839 1079 906 καρδιῶν·
1102 845 1200 898 καί
1251 851 1386 902 τότε
1435 852 1470 903 ό
1504 849 1753 919 ἔπαινος

193 921 504 987 γενήσεται
529 925 762 994 ἑκάστῳ
795 931 914 984 ἀπὸ
947 935 1116 991 Θεοῦ.

264 1029 283 1061 ι
325 1013 553 1081 Πάντες,
590 1021 774 1090 φησὶν,
833 1023 1208 1096 ὑπερὸάθμιον
1247 1031 1549 1088 ἐκτείνουσι
1592 1038 1750 1100 πόδα,

192 1101 280 1152 καὶ
296 1103 400 1154 τῶν
425 1106 488 1157 οὐ
516 1126 884 1186 παρακεχωρη
894 1121 1069 1186 μένων
1094 1127 1494 1194 κατατολμῶσι,
1520 1132 1613 1184 καὶ
1639 1135 1752 1196 τοῖς

191 1191 542 1262 ὑψηλοτέροις
598 1204 1019 1266 ὲπεκτείνονται.
1061 1233 1080 1264 ι
1136 1217 1260 1278 Τοῖς
1301 1221 1524 1285 οἰκείοις
1577 1224 1750 1288 ἑάλως

189 1289 420 1356 πτεροῖς,
453 1289 530 1354 ὦς
561 1296 662 1347 πού
693 1314 774 1359 τις
803 1299 905 1368 ἔφη
941 1303 1050 1357 τῶν
1079 1306 1203 1370 ἔξω·
1232 1311 1327 1378 ἀφ’
1351 1307 1411 1364 οὗ
1441 1315 1533 1366 καὶ
1562 1317 1592 1384 ἡ
1620 1317 1753 1384 πρό-

187 1376 334 1436 τασίς
365 1394 482 1434 σου.
535 1383 676 1448 Ποὺς
729 1386 836 1456 γὰρ
883 1396 1246 1463 τεταγμένος,
1285 1376 1367 1462 εἰς
1419 1376 1750 1474 κεφαλὴν-ἒξ

187 1465 468 1564 αὐθαδείας
496 1473 691 1544 ῇρθης.
731 1479 862 1544 Ταῖς
887 1481 1072 1545 ἄλλαις
1106 1487 1228 1541 δυσὶ
1253 1465 1551 1561 προτάσεσι
1581 1465 1742 1564 περιέ

186 1560 393 1627 παρεὶς,
425 1558 472 1616 ὦ
503 1571 737 1632 γενναῖε,
766 1571 928 1641 ἑτέρα
966 1578 1126 1630 πάλιν
1165 1580 1440 1652 ἐγκλησις·
1483 1603 1502 1633 ι
1539 1586 1745 1650 Πάντες

185 1649 385 1715 ἑαυτοῖς
429 1658 785 1727 ἐπιτρέπουσι
833 1664 902 1716 τὰ
949 1667 1089 1738 ὑπὲρ
1115 1649 1363 1740 δύναμιν,
1393 1674 1488 1727 καὶ
1514 1677 1744 1746 ἥττονας

183 1741 430 1809 ἡγοῦνται
489 1750 616 1811 τοὺς
650 1748 866 1817 ἄλλους·
912 1760 1006 1810 καὶ
1056 1760 1134 1824 τῷ
1188 1761 1334 1817 λύειν
1386 1766 1480 1818 καὶ
1525 1741 1743 1840 δεσμεῖν

1856 583 2091 638 tribunal
2121 585 2320 641 Christi
2348 590 2474 659 :qui
2505 601 2556 644 et
2586 591 2910 648 illuminnbit
2939 599 3250 654 abscondita
3284 612 3422 656 tene-

1853 673 2090 740 brarum,
2124 686 2174 729 et
2199 679 2562 748 manifestabit
2604 684 2830 737 consilia
2861 686 3100 741 cordium
3130 704 3150 742 :
3198 701 3249 744 et
3299 701 3426 747 tunc

1854 764 1973 818 laus
2001 769 2104 820 erit
2136 769 2418 839 unicuique
2446 789 2478 826 α
2509 771 2621 826 Deo
2637 775 2700 828 ”.

1928 1043 1946 1075 ι
1985 1024 2207 1090 Omnes,
2241 1029 2438 1099 inquit,
2471 1033 2611 1086 ultra
2641 1051 2799 1104 quam
2832 1037 2914 1091 fas
2943 1049 3025 1093 est
3054 1040 3246 1108 pedem
3279 1041 3420 1095 inl’e-

1852 1127 1999 1181 ruut,
2028 1128 2081 1172 et
2122 1136 2185 1174 ea
2214 1122 2475 1178 invadunt
2518 1141 2640 1194 quae
2679 1138 2804 1182 sunt
2863 1133 3079 1199 propria
3102 1147 3292 1186 eorum
3324 1136 3418 1202 qui

1851 1224 1959 1261 nun
1998 1225 2426 1278 secesserunt,et
2450 1218 2512 1269 ad
2537 1219 2854 1274 sublimiora
2887 1225 3188 1280 enituntur.
3231 1244 3250 1275 ι
3284 1225 3417 1279 Pro-

1851 1300 1983 1367 priis
2036 1306 2150 1370 ipse
2198 1305 2298 1358 alis
2351 1307 2581 1374 periisti,
2619 1319 2674 1362 ut
2725 1313 2943 1379 quidam
2997 1314 3259 1381 profanus
3289 1317 3411 1368 ait:

1850 1397 2012 1458 atque
2043 1393 2164 1445 inde
2197 1399 2496 1465 propositio
2525 1408 2636 1454 tua.
2667 1400 2800 1455 Nam
2833 1420 2956 1457 cum
2986 1407 3062 1459 sis
3091 1410 3241 1475 pedis
3292 1409 3414 1461 loco

1849 1485 2203 1545 constitutus,
2236 1501 2300 1538 ex
2335 1491 2642 1558 arrogantia
2678 1493 2853 1546 locum
2887 1495 3081 1563 capitis
3107 1500 3408 1565 occupasti.

1853 1571 2069 1628 Duabus
2114 1575 2236 1630 aliis
2301 1581 2762 1648 propositionibus
2811 1586 2920 1638 tuis
2978 1589 3280 1654 confossis,
3330 1591 3414 1644 vir

1847 1665 2080 1732 egregie,
2119 1681 2334 1720 rursum
2375 1672 2541 1724 altera
2596 1673 2711 1727 hzcc
2757 1677 3064 1731 criminatio
3099 1694 3114 1731 :
3149 1698 3168 1729 υ
3208 1677 3413 1736 Omnes

1847 1756 1948 1808 sibi
1983 1758 2188 1826 majora
2221 1762 2426 1816 viribus
2463 1775 2738 1832 arrogant,
2769 1768 3011 1838 aliosque
3039 1770 3326 1827 inferiores
3354 1788 3413 1827 se

182 1831 418 1899 ἀσχέτως
451 1839 547 1890 καὶ¹
582 1840 832 1912 ἀκλήτως
868 1847 1235 1919 ἐπιτρέχουσι·
1270 1857 1365 1907 καὶ
1416 1831 1733 1929 πάνταςφι-

1845 1849 2230 1906 arbitrantur:
2273 1863 2325 1908 et
2374 1855 2440 1908 ad
2502 1831 2822 1912 solvendum
2877 1862 3262 1933 ligandumque
3293 1865 3413 1920 sine

180 1920 472 1979 λονεικοῦσι
499 1930 634 1996 πρὸς
666 1935 792 1997 τοὺς
821 1938 1052 2003 οἰκείους
1076 1942 1254 1996 ἕλκειν
1285 1949 1470 2011 πόδας·
1498 1920 1740 2023 καὶ-μη-

179 2014 294 2108 δένα
319 2019 511 2090 ἕτερον
539 2025 629 2077 τὸν
650 2026 894 2101 λύονταῆ
925 2029 1084 2098 εἶναι,
1108 2037 1139 2108 ἢ
1159 2040 1473 2108 νομίζεσθαι
1501 2014 1738 2101 θέλουσι·

179 2107 266 2158 καὶ
298 2109 554 2178 φθονοῦσι
589 2112 700 2181 τοῖς
737 2119 805 2171 τὰ
832 2124 1010 2176 τοιάδε
1039 2128 1363 2196 πράττουσι·
1391 2134 1487 2186 καὶ
1514 2135 1738 2201 τούτους

181 2197 364 2264 μόνους
393 2201 682 2273 δέχεσθαι.
725 2209 817 2274 οὓς
862 2213 1016 2268 αὐτοὶ
1048 2217 1333 2274 λελύκασι·
1384 2226 1511 2287 τοὺς
1543 2227 1601 2279 δὲ
1648 2197 1736 2298 fit?"

178 2285 366 2356 ἑτέρων
417 2298 777 2364 τετυχηκότες
808 2302 1177 2376 ἐπιτιμήσεως
1201 2349 1217 2371 ,
1271 2285 1732 2386 ἀποστρέφεσθαι,

177 2380 263 2430 καὶ
299 2381 574 2447 ἐγκαλεῖν·
617 2390 740 2443 ἐπεὶ
792 2392 866 2464 μὴ
913 2397 1048 2466 πρὸς
1097 2401 1291 2466 αὐτοὺς
1339 2380 1731 2479 δεδραμήκασι,

176 2469 263 2518 καὶ
297 2474 436 2543 παρ’
466 2476 646 2530 αὐτῶν
699 2482 970 2552 ᾐτήσαντο
1020 2489 1116 2559 τὴν
1150 2491 1364 2560 ἄφεσιν.
1409 2469 1443 2547 ι’
1471 2469 1734 2556 ’Ᾰναπλάςἰ

176 2573 346 2626 σματα
425 2563 669 2633 διανοίας
743 2573 1125 2644 δαιμονιώδους
1158 2583 1226 2634 τά
1253 2591 1683 2661 κατηγορήματα
1716 2637 1731 2660 ,

174 2652 258 2702 καὶ
304 2655 368 2707 ὲκ
413 2657 683 2730 φθονερᾶς
762 2668 990 2738 καρδίας
1051 2674 1119 2725 τά
1183 2652 1582 2750 προὸλήματα·
1651 2652 1732 2750 οἷς

173 2742 509 2810 ὲπιγελάσειὲ
567 2768 647 2814 τις
700 2757 922 2822 εἰκότως
981 2762 1056 2824 ὡς
1107 2769 1324 2832 παιδιάς
1387 2789 1572 2838 τινας,
1638 2781 1732 2832 καὶ

174 2834 373 2905 ὕθλους,
433 2842 531 2895 καὶ
579 2847 944 2923 ἀθύρματα·ἢ
1009 2857 1230 2924 μᾶλλον,
1265 2863 1495 2933 τάληθὲς
1518 2834 1727 2936 εἰπεῖν,

173 2928 285 3026 insi.
335 2933 529 3003 μηδεὶς
561 2938 692 3006 ήμῖν
725 2940 783 3005 ἐξ
822 2943 1081 3012 ἀπιστίας
1119 2952 1148 3003 6
1193 2928 1546 3026 προστρέχων
1591 2928 1730 3015 κατά

171 3017 320 3089 λῆψιν
349 3025 745 3100 ἐπιτιμήσεως,
779 3038 1100 3107 μσινόμεθα,
1127 3017 1265 3112 πρὸς
1292 3017 1417 3109 τούς
1437 3017 1507 3101 ἐκ
1540 3069 1730 3106 πεποι-

1848 1937 2010 1990 modo
2054 1939 2185 2002 ullo,
2218 1940 2337 1994 sine
2391 1955 2579 1997 vocatu
2606 1949 2897 2002 couvolant
2930 1961 3021 2005 :et
3045 1968 3237 2007 omnes
3286 1970 3411 2023 per-

1848 2029 2061 2082 trahere
2089 2041 2212 2083 ante
2241 2035 2487 2100 proprios
2517 2037 2680 2104 pedes
2713 2040 3036 2095 obnituutur
3064 2061 3078 2096 :
3106 2059 3207 2098 nec
3242 2046 3408 2099 alium

1845 2135 2172 2190 quemquam
2199 2126 2385 2180 volunt
2411 2138 2504 2183 aut
2544 2147 2664 2186 esse
2691 2142 2784 2186 aut
2822 2135 3121 2190 existimari
3166 2140 3258 2208 qui
3304 2140 3413 2194 sol-

1844 2221 1935 2264 vat
1966 2229 1980 2266 :
2013 2215 2257 2271 invident
2281 2220 2346 2273 iis
2368 2222 2460 2290 qui
2486 2223 2571 2276 illa
2603 2236 2768 2294 agunt
2798 2243 2813 2280 :
2849 2240 3012 2298 atque
3048 2233 3183 2285 adeo
3215 2233 3410 2287 admit-

1843 2313 1964 2357 tunt
2014 2321 2109 2361 eos
2157 2309 2444 2378 duntaxat,
2476 2329 2614 2383 quos
2647 2317 2746 2385 ipsi
2783 2319 3067 2374 solverunt
3105 2336 3122 2374 :
3152 2324 3244 2391 qui
3277 2339 3408 2378 vero

1844 2405 1972 2450 sunt
2008 2398 2076 2452 ab
2103 2399 2222 2453 aliis
2245 2403 2310 2455 ad
2341 2406 2714 2472 paenitentiam
2750 2409 2997 2477 admissi,
3027 2413 3091 2466 ad
3127 2413 3225 2468 hos
3247 2430 3409 2470 accu-

1843 2491 2043 2545 sandos
2069 2506 2473 2550 se.couvertuut
2505 2516 2517 2551 :
2549 2501 2806 2569 quoniam
2843 2503 2909 2557 ad
2949 2503 3096 2573 ipsos
3125 2521 3235 2560 non
3271 2523 3408 2561 con-

1843 2583 2122 2649 volarunt,
2155 2599 2253 2638 nec
2289 2589 2360 2640 ab
2394 2588 2526 2657 ipsis
2574 2592 2960 2648 relaxationem
3009 2597 3339 2666 ﬂagitarunt.
3381 2620 3400 2650 ι

1842 2668 2122 2736 Figmenta
2172 2690 2367 2731 sensus
2415 2679 2666 2735 diabolici
2691 2692 2820 2736 sunt
2863 2685 2946 2737 lue
2974 2688 3402 2754 criminationes,

1839 2773 1894 2814 et
1934 2763 2100 2817 invidi
2151 2766 2318 2820 animi
2359 2771 2609 2837 quassita,
2639 2788 2760 2841 qua:
2785 2775 3018 2844 quisque
3051 2779 3243 2832 merito
3275 2779 3402 2833 irri-

1838 2851 1964 2906 deat
2006 2861 2262 2924 tanquaiu
2295 2862 2557 2928 quosdam
2590 2864 2763 2930 jocos,
2791 2873 2842 2919 et
2874 2883 3065 2937 nugas,
3094 2870 3357 2940 lususque
3387 2892 3399 2928 :

1840 2945 1918 2999 vel
1946 2947 2148 3015 potius,
2182 2960 2242 3003 ut
2271 2967 2395 3005 vere
2432 2954 2632 3015 dicam,
2660 2959 2902 3025 quando,
2926 2961 2996 3014 ob
3025 2959 3399 3026 diffidentiam,

1839 3053 1998 3091 nemo
2026 3041 2090 3093 ad
2117 3057 2217 3096 nos
2244 3044 2460 3097 advolat
2497 3045 2565 3099 ad
2598 3048 2964 3116 accipiendam
3006 3053 3401 3121 paenitentiam,

172 3114 370 3181 θήσεως
409 3119 523 3172 τῶν
556 3126 889 3190 προσιόντων
931 3131 1352 3203 θεραπεύοντας,
1379 3139 1649 3210 δαιμόνιόν
1679 3164 1730 3198 τι

1838 3128 2140 3185 insanimus
2193 3137 2454 3189 adversus
2481 3151 2576 3190 eos
2613 3138 2703 3205 qui
2739 3150 2931 3194 sanant
2955 3142 3214 3198 adeuntes
3249 3148 3314 3199 ad
3345 3163 3403 3198 se

170 3205 332 3270 πάθος
357 3210 804 3281 πάσχοντες,εκαὶ
830 3223 942 3284 τοῖς
969 3223 1359 3298 Εἰκονομάχοις
1389 3232 1456 3285 τά
1484 3233 1576 3289 ῐσα
1605 3238 1730 3301 τοὺς

169 3297 460 3369 αἰδήμονας
492 3305 932 3378 καθυϐρίζοντες.

236 3493 254 3578 ι
292 3478 379 3543 Τί,
417 3480 574 3552 φησὶ,
606 3483 667 3536 τὸ
698 3485 952 3560 διάφορον
977 3493 1078 3563 τῆς
1108 3501 1483 3570 προαιρέσεως
1525 3507 1728 3578 ταύτης

167 3567 294 3637 πρὸς
320 3572 413 3624 τὸν
439 3575 819 3649 Ιί1ανιχαῖσμόν
841 3599 856 3646 ;
887 3583 1022 3654 Οὐχὶ
1049 3591 1189 3642 κατὰ
1212 3567 1555 3665 Μανιχαῖκῆς
1581 3567 1729 3668 αἰρε-ἰ

167 3677 295 3726 σεως
319 3665 676 3737 ἠγωνίσμεθα
712 3673 806 3726 καὶ
835 3673 1012 3742 λόγοις
1044 3681 1138 3731 καὶ
1166 3680 1380 3752 ἔργοις;
1415 3687 1507 3739 καὶ
1541 3665 1728 3758 δηλοῦο

166 3768 215 3804 σι
249 3755 316 3807 τὰ
344 3756 602 3827 ἔγγραφα
651 3765 1004 3836 συντάγματα
1032 3770 1140 3824 τῶν
1169 3775 1290 3826 κατ’
1325 3777 1492 3848 αὐτῆς
1527 3755 1729 3848 ἀγωνι-

167 3848 415 3913 σαμένων
443 3890 458 3914 ,
492 3852 550 3904 ὲν
584 3847 665 3916 οἷς
703 3855 1165 3927 ἀπαραλογίστοις
1207 3847 1604 3940 συλλογισμοῖς,
1632 3874 1728 3926 καὶ⁴

164 3934 541 4012 ἀκαθαιρέτοις
565 3945 903 4013 ἀποδείξεσιν
931 3953 1236 4020 ἀπέδειξαν·
1268 3961 1317 4010 εἰ
1344 3934 1439 4013 καὶ
1464 3934 1571 4016 ’νῦν
1594 3934 1729 4017 sau-

163 4029 264 4082 τῶν
316 4033 418 4087 καὶ
469 4035 578 4090 τῶν
613 4039 827 4094 οἰκείων
862 4042 1271 4116 ὑπομνημάτων
1299 4051 1723 4121 ἀμνημονοῦσιν.

172 4122 413 4190 Ἔοικας,
471 4119 517 4179 ὦ
573 4129 778 4200 ἑταῖρε,
832 4134 1230 4204 ἀσυλλογίστως
1277 4119 1722 4215 συλλογίζεσθαΰ,

165 4217 252 4268 καὶ
286 4217 442 4282 ἰδίοις
478 4219 756 4292 λογισμοῖς
779 4226 867 4277 ἐπ’
893 4227 1148 4299 ἀθετήσει
1179 4231 1437 4303 ἀληθείας
1472 4239 1720 4308 στηρίζε-

167 4306 300 4359 σθαι·
331 4309 409 4378 μὴ
445 4310 599 4371 εἰδὼς
625 4314 706 4365 ὅτι
744 4316 815 4368 τὰ
847 4320 1264 4392 παραδείγματα
1305 4328 1416 4388 τοίς
1444 4306 1723 4398 πρωτοτύ-

163 4414 277 4462 ποις
312 4403 793 4475 παραϐαλλόμενα,
839 4411 938 4463 οὐκ
971 4414 1110 4466 αύτά
1150 4417 1332 4470 ἐκεῖνα
1368 4416 1478 4471 εἷεν
1523 4421 1590 4475 τὰ
1627 4425 1725 4492 ἀρ-

163 4491 384 4556 χέτυπα·
421 4495 558 4549 ἀλλά
585 4500 836 4553 τοσοῦτον
868 4503 1060 4573 ἔχοντα
1087 4507 1148 4558 τὸ
1191 4511 1327 4578 πρὸς
1356 4510 1560 4582 ἄλληλα
1588 4491 1721 4568 ταυ-

162 4581 264 4643 τὸν,
289 4585 415 4637 ὅσον
455 4588 513 4639 τὸ
546 4591 686 4643 κατά
727 4592 966 4663 τοῦνομα
996 4599 1175 4649 κοινδν
1215 4605 1329 4664 τοῖς
1361 4581 1539 4668 ἄλλοις
1565 4606 1722 4670 ἐξαλ-

164 4671 440 4731 λάττοντα.
475 4680 583 4732 Καὶ
614 4682 682 4734 τὰ
723 4683 823 4753 μὲν
853 4686 1056 4757 κυρίως
1085 4689 1418 4760 ὠνόμασται·
1453 4695 1520 4747 τὰ
1571 4697 1626 4749 δὲ
1660 4700 1721 4751 οὐ

165 4769 378 4836 κυρίως·
414 4774 509 4824 καὶ
537 4774 607 4826 τά
653 4774 752 4844 μὲν
787 4778 931 4830 κατά
961 4781 1302 4852 κατάχρησιν
1333 4784 1604 4840 λέλεκται·
1654 4792 1721 4842 τὰ

163 4853 214 4906 δὲ
241 4860 381 4910 κατά
409 4860 688 4928 ἀλήθειαν,
727 4859 837 4918 οἷον
867 4868 1002 4935 φέρε
1042 4872 1237 4933 εἰπεῖν,
1271 4876 1362 4928 ἐπὶ
1391 4877 1488 4946 τῆς
1517 4879 1722 4942 εἰκόνος

163 4947 392 5016 Χριστοῦ
420 4953 515 5004 καὶ
541 4955 704 5008 αὑτοῦ
730 4959 987 5028 Χριστοῦ·
1012 4963 1141 5015 ὃτιὸ
1176 4964 1277 5034 μὲν
1297 4969 1439 5021 κατά
1463 4970 1720 5040 ἀλήθειαν

163 5041 387 5112 Χριστὸς
421 5047 517 5098 καὶ
558 5046 671 5100 ἐστι
698 5053 791 5102 καὶ⁵
835 5054 1178 5122 ὀνομάζεται·
1220 5055 1254 5127 ή
1298 5059 1356 5111 δὲ
1385 5063 1524 5115 κατά
1556 5066 1721 5117 κατά-

163 5150 350 5204 χρησιν
388 5137 510 5203 ἦτοι
552 5138 894 5210 ὁμωνυμίαν.
942 5145 1093 5198 Ἐπεὶ
1140 5148 1235 5200 καὶ
1273 5148 1482 5211 Παῦλος
1519 5154 1545 5205 6
1579 5154 1720 5222 ἱερὸς

165 5224 488 5294 ἀπόστολος,
543 5232 642 5301 τὴν
687 5234 1072 5307 φιλαργυρίαν,
1122 5239 1380 5311 δευτέραν
1434 5245 1718 5299 εἰδωλολα-

159 5319 337 5386 τρείαν
376 5321 744 5391 ἀπεκάλεσεν,
773 5329 1170 5397 αἰτιολογικῶς,
1202 5335 1296 5385 καὶ
1333 5336 1475 5389 κατὰ
1512 5337 1718 5406 ἀναφοο

165 5412 255 5480 ράν
279 5417 690 5486 ὁμοιωματικὴν
717 5418 818 5487 τῆς
838 5418 1003 5492 οὔσης
1032 5424 1496 5496 εἰδωλολατρείας.
1541 5429 1628 5494 Ἐξ
1657 5422 1717 5482 οὗ

160 5503 272 5558 οὐδὲ
311 5507 667 5576 ὲπιτιμητέον
717 5514 831 5575 τοῖς
883 5514 1270 5584 φιλαργύροις,
1319 5518 1395 5581 ὡς
1434 5519 1718 5574 εἰδωλολά-

164 5608 327 5661 τραις·
360 5596 483 5648 ἐπεὶ
511 5597 618 5666 ἄρα
647 5598 929 5669 ὀφείλομεν
984 5603 1048 5654 ἐκ
1091 5605 1182 5656 τοῦ
1221 5606 1424 5675 κόσμου
1462 5608 1713 5675 ἐξελθεῖν.

165 5681 267 5736 Νῦν
313 5685 372 5736 δὲ
401 5686 588 5740 πολλοὶ
617 5689 960 5762 φιλάργυροι,
1011 5696 1103 5748 καὶ
1137 5697 1311 5769 πάντη
1340 5700 1716 5774 ἀνεπιτίμητοι

416 5900 683 5961 Parum.
727 5903 841 5961 Gn.
887 5903 1096 5962 XCIX.

1833 3235 1955 3274 eum
1989 3223 2204 3288 fiducia,
2240 3227 2508 3282 diabolica
2559 3229 2769 3300 abrepti
2824 3233 2953 3287 vitio
2982 3239 3249 3304 quodam,
3285 3241 3400 3308 pari

1833 3314 2130 3382 ignominia
2181 3319 2330 3373 viros
2390 3323 2591 3390 probos
2639 3331 2803 3394 atque
2847 3325 3237 3385 Iconomaclios
3292 3333 3403 3384 alli-

1831 3409 2056 3462 cientes.

1906 3517 1925 3550 ‹
1960 3500 2267 3567 Quodnam,
2303 3505 2500 3573 inquit,
2528 3505 2823 3561 discrimen
2853 3518 3014 3563 secta
3042 3509 3203 3580 liujus
3233 3527 3262 3565 a
3287 3510 3402 3564 Ma-

1834 3592 2326 3650 nichaica?Nonue
2360 3607 2549 3651 contra
2578 3598 2966 3655 Manichaicam
3002 3603 3248 3657 haeresim
3288 3621 3402 3658 ser-

1830 3700 1990 3738 mone
2034 3695 2089 3738 et
2128 3702 2292 3755 opere
2339 3689 2779 3747 decertavimus?
2811 3691 3000 3750 Testes
3041 3705 3171 3749 sunt
3214 3699 3399 3767 scripti

1828 3790 2018 3829 eorum
2072 3781 2469 3846 commentarii,
2503 3782 2595 3851 qui
2648 3793 2837 3839 contra
2877 3785 3018 3841 hanc
3050 3786 3400 3854 dimicarunt,

1830 3867 1883 3920 in
1929 3871 2128 3937 quibus
2172 3871 2394 3928 invictis
2425 3877 2762 3944 argumentis
2805 3887 2860 3932 et
2890 3877 3402 3948 inexpugnabilibus

1828 3961 2092 4029 exemplis
2147 3963 2199 4017 id
2253 3967 2626 4032 ostenderunt,
2664 3983 2974 4039 quanquam
3018 3987 3162 4026 nunc
3197 3982 3322 4026 sunt
3346 3983 3403 4028 et

1829 4050 1910 4103 sui
1944 4051 2278 4120 ipsorum,et
2294 4059 2635 4126 propriorum
2659 4073 3138 4117 monumentorum
3170 4064 3343 4118 obliti.
3375 4087 3394 4116 ι

1831 4142 2062 4209 Videris,
2083 4162 2115 4200 ο
2146 4149 2285 4201 bone
2313 4150 2416 4212 vir,
2445 4151 2696 4220 imperite
2727 4155 3064 4220 ratiocinari,
3091 4173 3152 4210 ac
3178 4161 3399 4228 privatis

1827 4233 2129 4287 rationibus
2179 4236 2246 4288 ad
2291 4236 2697 4307 abrogatiouem
2734 4241 2977 4297 veritatis
3032 4245 3190 4299 inniti
3226 4266 3238 4301 :
3273 4264 3396 4302 cum

1828 4323 2040 4377 nescias
2081 4325 2324 4394 exempla
2356 4331 2649 4399 prototypis
2670 4331 2904 4398 collata;
2951 4349 3056 4388 non
3115 4337 3230 4405 ipsa
3278 4353 3399 4392 esse

1825 4415 2152 4483 exemplaria
2214 4418 2303 4471 illa
2355 4421 2673 4489 primigenia
2726 4442 2738 4474 :
2782 4425 2874 4477 sed
2939 4425 3136 4480 habere
3189 4438 3395 4481 tantum

1827 4503 2200 4558 similitudinis
2249 4506 2391 4560 inter
2421 4524 2500 4570 se,
2543 4521 2804 4578 quantum
2850 4528 2913 4566 ea
2952 4530 3072 4582 quae
3103 4531 3397 4570 commune

1825 4609 2021 4648 nomen
2071 4597 2427 4662 habent,cum
2460 4601 2669 4655 caeteris
2698 4605 2862 4657 rebus
2886 4605 3157 4659 dill'erant.
3192 4607 3256 4660 Et
3290 4609 3395 4662 alia

1823 4686 2041 4754 quidem
2078 4691 2293 4758 proprie
2319 4693 2585 4761 appellata
2623 4705 2768 4757 sunt,
2806 4698 2908 4757 alia
2955 4708 3134 4753 autem
3187 4702 3392 4770 impro-

1823 4781 1939 4847 prie
1972 4797 1984 4832 :
2023 4779 2126 4832 alia
2161 4783 2458 4835 secundum
2491 4783 2810 4838 abusionem
2841 4787 3003 4849 dicta,
3041 4789 3145 4842 alia
3191 4805 3392 4845 secun-

1823 4872 1952 4924 dum
1989 4873 2296 4926 veritatem.
2340 4872 2582 4942 Exempli
2609 4877 2803 4945 gratia,
2839 4878 2890 4930 in
2925 4879 3158 4947 imagine
3189 4881 3391 4937 Christi

1821 4973 1876 5015 et
1920 4963 2037 5032 ipso
2075 4964 2319 5024 Christo,
2358 4965 2458 5018 iste
2499 4966 2713 5032 quidem
2763 4972 3058 5024 secundum
3107 4973 3390 5027 veritatem

1822 5053 2069 5109 Christus
2098 5068 2152 5108 et
2173 5064 2259 5110 est
2285 5064 2338 5110 et
2366 5057 2672 5111 nominatur
2700 5076 2714 5113 :
2741 5059 2855 5115 haec
2884 5071 3062 5116 autem
3091 5065 3388 5118 secundum

1821 5145 2162 5210 abusionem,
2198 5147 2300 5201 hoc
2339 5157 2420 5201 est
2465 5148 2894 5220 bomonymiam.
2935 5151 3387 5223 Quandoquidem

1820 5247 1873 5291 et
1903 5248 2121 5292 sanctus
2147 5240 2428 5308 apostolus
2450 5241 2649 5296 Paulus
2672 5244 2953 5297 avaritiam
2974 5247 3385 5313 nuncupavit".

1821 5332 2179 5385 idololatriam
2257 5333 2516 5396 alteram,
2581 5349 2802 5388 causam
2874 5335 3001 5389 dicti
3064 5336 3384 5406 subjiciens,

1821 5427 2118 5480 secundum
2171 5427 2487 5480 relationem
2539 5426 2786 5481 videlicet
2841 5428 3214 5483 similitudinis
3260 5446 3385 5484 cum

1820 5532 1879 5568 ea
1911 5533 2032 5586 quae
2060 5533 2186 5571 vere
2214 5517 2518 5571 idololatria
2540 5525 2644 5571 est.
2673 5518 2852 5582 Quare
2881 5533 2986 5570 non
3010 5519 3195 5573 eadem
3227 5534 3385 5588 pceua

1820 5609 1999 5662 avaris
2028 5607 2371 5675 imponenda,
2406 5623 2524 5677 quae
2547 5607 2847 5662 idololatris
2875 5625 2889 5660 :
2922 5608 3123 5678 alioqui
3160 5611 3383 5665 debere-

1820 5717 1942 5758 mus
1980 5717 2010 5754 e
2064 5703 2268 5757 mundo
2302 5702 2554 5772 migrare.
2605 5701 2674 5754 At
2736 5715 2879 5755 nunc
2925 5701 3072 5754 avari
3116 5702 3292 5769 multi,
3331 5713 3383 5756 et

227 5801 270 5832 "
301 5801 460 5857 Rom.
489 5819 602 5865 xxv,
656 5803 742 5860 10.
818 5807 864 5838 ⁸⁸
890 5806 909 5860 1
931 5807 1056 5862 Cor.
1081 5827 1153 5874 iv,
1180 5812 1233 5875 5,
1268 5811 1319 5866 6.
1398 5817 1441 5848 ⁸⁷
1463 5817 1657 5885 Ephes.
1688 5838 1738 5886 ν,
1763 5824 1814 5879 5.

2838 5904 3026 5966 ρίι8
