3934 6460
513 317 649 383 1515

1700 321 1762 381 S.
1793 319 2184 381 THEODORI
2219 324 2565 391 STUDITIE

3634 336 3778 402 1516

508 434 728 505 quidem
776 433 983 506 absque
1042 436 1243 492 indicta
1306 435 1441 507 ipsis
1492 434 1809 522 paenitentia
1855 449 2081 504 prorsus

2200 444 2622 514 ταρεωραμένοι.
2679 447 2745 500 Τί
2771 442 2863 501 οὖν
2884 448 3105 521 ’ἀπᾷδον
3134 454 3437 522 κάνταῦθα,
3468 462 3520 512 εἰ
3552 461 3782 513 Είκονο-

511 524 705 578 relicti.
730 523 870 591 Quid
902 526 1066 594 igitur
1090 535 1146 581 et
1170 526 1259 580 hic
1286 525 1578 588 absonum,
1602 523 1647 577 si
1672 521 2090 577 Iconomachica

514 616 735 670 haeresis
779 631 905 671 cum
934 615 1274 671 Manicbaica
1306 623 1687 686 componatur,
1719 623 1981 683 quantum
2023 614 2092 670 ad

511 703 768 774 imaginis
788 720 852 761 ac
874 707 1145 777 prototypi
1174 707 1442 762 rationem
1473 722 1487 759 :
1516 705 1769 776 quamvis
1792 714 1846 759 et
1872 702 2092 761 Nicaena

510 798 748 853 secunda
806 801 1143 854 meumenica
1184 807 1237 855 et
1264 810 1453 856 sancta
1482 800 1720 871 synodus
1753 814 1848 854 eos
1879 799 1973 870 qui
2000 816 2094 870 per

511 892 653 946 lianc
709 891 957 948 haeresim
1010 894 1304 962 perierant,
1332 910 1441 950 non
1490 904 1748 964 tanquam
1788 893 2092 950 Manichai-

510 992 699 1039 zantes
747 987 1017 1040 damnans
1058 986 1334 1041 curaverit
1384 1003 1398 1040 :
1440 993 1494 1040 et
1546 1000 1888 1054 nequaquam
1938 985 2093 1041 obliti

512 1074 629 1129 sint‘
656 1075 691 1128 ii
726 1076 822 1143 qui
854 1090 1074 1144 cperam
1106 1090 1259 1129 suam
1291 1076 1553 1132 adversus
1594 1076 1925 1131 Manichaeos
1956 1091 2091 1132 con-

511 1167 774 1231 tulerunt,
806 1181 866 1223 se
894 1174 948 1221 et
976 1181 1228 1222 sermone
1259 1176 1314 1223 et
1338 1182 1501 1236 opere
1525 1176 1715 1223 contra
1747 1167 1897 1238 ipsos
1928 1168 2091 1223 dimi-

512 1272 686 1313 casse.
717 1258 953 1313 Omnino
999 1259 1233 1329 teipsum
1292 1258 1580 1328 ignorasti,
1612 1273 1733 1329 qua:
1762 1258 1939 1328 culpa:
1981 1272 2089 1312 non

514 1350 812 1406 mediocris
837 1365 903 1406 ac
933 1351 1175 1420 stuporis
1209 1350 1561 1421 reprehensio
1590 1359 1695 1403 est.

573 1437 780 1495 Vellem
808 1440 994 1509 itaque
1023 1447 1078 1493 et
1134 1438 1536 1508 propositiones
1567 1438 1702 1491 alias
1749 1434 1919 1490 libelli
1947 1434 2085 1489 mul-

515 1544 693 1587 tarum
716 1533 1060 1602 paginarum,
1080 1532 1131 1585 in
1146 1532 1349 1600 quibus
1371 1530 1558 1584 eadem
1584 1531 1778 1584 iterum
1799 1537 1959 1597 atque
1980 1526 2086 1581 ite-

513 1639 635 1677 rum
667 1631 1006 1692 repetuntur,
1030 1623 1283 1691 superius
1311 1621 1758 1675 commemoratis
1775 1620 2084 1685 adnectere;

511 1721 567 1766 et
591 1712 736 1782 quod
759 1712 975 1782 penitus
1008 1721 1156 1767 recta
1184 1712 1393 1765 ratione
1424 1708 1722 1765 confutata:
1765 1713 1876 1765 sint
1901 1718 2087 1765 osten-

2193 534 2399 605 μαχικὴ
2428 535 2645 607 αἵρεσις
2694 543 2759 611 τῇ
2810 541 3120 614 Μανιχαῖκῇ
3170 550 3599 619 παραϐάλλοιτο,
3650 555 3781 607 ὅσον

2140 698 2145 704 ⁵
2192 626 2313 679 κατ’
2354 626 2561 694 εἰκόνος
2593 631 2687 685 καὶ
2720 634 3080 704 πρωτοτὺπου
3107 637 3282 707 λόγον·
3319 643 3456 697 καθὸ
3500 644 3599 697 καὶ
3652 647 3686 715 ἡ
3716 647 3777 697 ὲν

2190 717 2396 790 Νικαία
2424 719 2486 773 τὸ
2514 720 2771 793 δεύτερον
2815 725 3172 800 οίκουμενική
3222 748 3280 784 τε
3333 735 3429 788 καὶ
3466 736 3599 800 ἁγία
3646 738 3779 789 σύν-

2190 808 2327 872 όδος,
2352 810 2476 873 τοὺς
2504 812 2563 863 ἐν
2586 813 2758 886 ταύτῃ
2801 816 3138 886 ἑαλωκότας,
3166 821 3266 892 οὐχ
3299 823 3373 886 ὡς
3397 825 3781 895 Μανιχαῖσαν-

2190 915 2289 962 τας
2328 900 2692 967 ἐπεξελθοῦσα
2737 905 3128 975 τεθεράπευκε⁶
3183 912 3279 964 καὶ
3319 914 3548 967 οὐτξπου
3591 917 3779 984 ἠμνηο

2194 989 2493 1057 μονήκασιν
2520 990 2570 1042 οἱ
2597 991 2664 1044 τὰ
2709 994 2841 1063 περὶ
2887 994 3057 1066 αὐτῆς
3093 1001 3384 1069 πονήματα
3429 1005 3779 1057 καταϐαλλό-

2194 1092 2365 1147 μενοι·
2399 1079 2494 1132 καὶ
2520 1079 2697 1149 λόγοις
2721 1084 2816 1136 καὶ
2851 1082 3035 1155 ἔργοις
3058 1088 3179 1140 κατ’
3205 1091 3375 1161 αὐτῆς
3401 1093 3781 1163 ἀνταγωνισὰμ

2193 1185 2371 1237 μενοι;
2415 1172 2721 1242 Ἠγνόηκας
2748 1173 2794 1226 δ’
2823 1175 2985 1240 αὐτὸς
3016 1177 3187 1242 ὅντως
3240 1182 3458 1249 ἑαυτὸν,
3503 1185 3535 1239 ὃ
3575 1186 3781 1257 πολλῆς

2190 1257 2309 1312 ἐστι
2341 1263 2678 1334 κατηγορίας
2715 1265 2813 1319 καὶ
2844 1267 3173 1341 ἁϐελτηρίας
3202 1272 3480 1347 ἔγκλημα.

2274 1430 2607 1503 Ἐϐουλόμην
2646 1432 2740 1489 οὖν
2784 1440 2877 1492 καὶ
2916 1441 3113 1512 ἑτέρας
3146 1446 3443 1515 προτάσεις
3476 1448 3572 1502 τοῦ
3610 1451 3779 1504 πολυ-

2190 1522 2403 1591 σχιδοῦς
2443 1529 2538 1578 καὶ
2588 1530 3037 1598 ταυτολογοῦντος
3071 1540 3455 1608 γραμματείου
3506 1548 3776 1596 συνεισοί-

2191 1630 2283 1666 σαι
2316 1617 2431 1678 τοῖς
2464 1618 2832 1691 προλεχθεῖσι,
2870 1627 2966 1679 καὶ
3004 1628 3285 1693 ἀποδεῖξαι
3309 1634 3484 1700 πάντη
3522 1634 3583 1698 ἐξ
3612 1635 3779 1704 ὁρθοῦ

2188 1705 2347 1775 λόγου
2381 1709 2771 1781 ὲληλεγμένας
2800 1714 2937 1769 ἀλλὰ
2967 1716 3037 1781 ἃς
3076 1720 3177 1789 μὲν
3210 1723 3284 1784 ὡς
3317 1725 3654 1788 ἀλυσιτελείς
3685 1730 3780 1781 καὶ

511 1804 674 1859 dere:
696 1804 791 1859 sed
812 1804 946 1858 alias
963 1802 1182 1873 quidem
1207 1812 1466 1873 tanquam
1492 1803 1716 1856 inutiles
1749 1813 1803 1856 et
1828 1802 2039 1870 ineptas
2067 1820 2080 1857 :

2200 1797 2601 1870 Ξισυναρτήτους
2625 1820 2639 1836 ο
2680 1804 2747 1868 ἃς
2778 1806 2835 1860 δὲ
2870 1808 2945 1872 ὡς
2969 1811 3198 1864 αὐτόθεν
3233 1814 3464 1882 ἐχούσας
3492 1817 3587 1869 τὸν
3623 1818 3782 1888 ἐλεγ-

513 1894 651 1948 alias
707 1909 840 1948 vero
880 1902 939 1947 ut
990 1909 1113 1964 quae
1161 1894 1375 1962 seipsas
1452 1891 1739 1947 refellant:
1792 1891 2084 1946 nonnullas

512 1996 697 2040 autem
762 1994 1025 2054 tanquam
1095 1987 1366 2040 obscuras
1410 1994 1465 2039 et
1509 1985 1790 2053 Oppositas
1840 1985 2081 2049 veritati,

513 2073 725 2145 procul,
758 2072 924 2130 veluti
955 2074 1008 2129 in
1049 2072 1281 2131 Vulcani
1324 2073 1527 2143 ignem,
1573 2072 1832 2141 ablegans
1866 2088 1931 2127 ac
1957 2088 2085 2142 pro-

510 2166 728 2237 jiciens,
772 2181 837 2220 ac
877 2167 1041 2220 tinem
1092 2165 1309 2221 dicendi
1358 2165 1585 2229 faciens,
1638 2164 1782 2219 istud
1826 2165 2081 2231 adjicio:

513 2256 679 2325 quod,
709 2256 755 2310 si
804 2256 1024 2325 quidem
1071 2258 1287 2309 veniam
1338 2268 1650 2324 poscamus,
1706 2254 1852 2323 quod
1887 2255 2085 2308 incon-

514 2350 748 2402 siderate
784 2357 836 2402 et
870 2348 934 2401 ad
958 2347 1294 2401 iracundiam
1327 2346 1495 2400 Deum
1530 2346 1822 2412 movimus,
1853 2355 1907 2400 et
1942 2348 2084 2399 San-

516 2446 634 2494 ctos
672 2438 970 2508 ignominia
1000 2436 1302 2502 all‘ecimus,
1338 2445 1393 2491 et
1424 2438 1769 2492 confessores
1805 2437 2089 2490 damnavi-

514 2545 677 2595 mus,
700 2539 754 2584 et
788 2528 1087 2585 Ecclesiam
1123 2530 1516 2585 infamavimus
1538 2547 1553 2595 ;
1573 2540 1769 2599 agetur
1790 2544 1922 2584 sane
1946 2544 2088 2598 prae-

514 2622 680 2676 clare.
719 2621 815 2676 Sin
863 2622 1071 2682 minus,
1124 2631 1180 2676 at
1234 2636 1334 2677 nos
1372 2630 1518 2676 certe
1572 2620 1808 2674 humiles
1867 2633 2088 2673 manum

514 2716 596 2769 ori
627 2715 1067 2782 admovebimus,
1097 2731 1198 2770 nec
1222 2714 1565 2769 sanctitatem
1587 2724 1733 2767 tuam
1766 2712 1834 2767 ad
1863 2712 2089 2768 alteram

512 2806 872 2876 scriptionem
909 2807 1242 2860 exarandam
1272 2802 1717 2874 provocabimus.

807 2918 1037 2976 CLXIII.
1063 2948 1136 2959 —
1163 2918 1432 2973 Theodoro
1456 2918 1684 2987 patricio
1714 2913 1801 2973 (Ἷ.

2190 1904 2284 1983 2(on
2314 1906 2329 1920 ·
2366 1889 2514 1983 avla;
2558 1892 2614 1947 δὲ
2656 1894 2732 1959 ὡς
2771 1902 3053 1963 σκοτεινὰς
3106 1905 3202 1957 καὶ
3255 1908 3567 1973 ἀντιθέτους
3614 1909 3778 1983 [C0d.

2192 1979 2328 2047 Reg.
2366 1981 2698 2075 ἀντιδόξους]
2725 1991 2790 2060 τῇ
2829 1992 3076 2066 ἀληθείᾳ,
3107 1996 3295 2068 πόρρω
3327 2016 3429 2053 που
3462 1979 3780 2075 ἀπορριψά-

2198 2087 2359 2166 μενος
2414 2072 2491 2136 ὡς
2547 2078 2627 2139 είς
2675 2080 2788 2149 πῦρ
2832 2083 3151 2152 Ἡφαίστου·
3188 2093 3280 2144 ἐπὶ
3309 2093 3452 2147 τέλει
3490 2072 3588 2149 τοῦ
3613 2072 3779 2166 λόγου

2192 2164 2370 2218 έκεῖνο
2403 2166 2832 2257 ἑπιφθέγγομαυ
2884 2170 2965 2230 ὅτι
2997 2179 3045 2230 εί
3098 2182 3193 2249 μὲν
3233 2185 3493 2255 αἰτοῦμεν
3526 2164 3779 2257 συγγνώ-

2197 2272 2346 2351 μηγν,
2394 2258 2482 2328 ἐφ’
2513 2256 2594 2325 οἷς
2648 2266 2939 2333 προπετῶς
2974 2272 3069 2322 καὶ
3122 2272 3253 2326 Θεὸν
3300 2280 3776 2351 παρωργίσαμεν,

2195 2350 2289 2401 καὶ
2336 2351 2526 2418 ἁγίους
2578 2357 2964 2431 ἡτιμήσαμεν,
3016 2364 3114 2418 καὶ
3166 2366 3264 2436 τὴν
3303 2370 3595 2438 ὁμολογίαν
3645 2350 3781 2428 an-

2194 2441 2543 2544 ῃξιασόιμεθα
2565 2484 2580 2510 ,
2615 2447 2709 2544 ica).
2735 2450 2836 2518 τὴν
2875 2451 3206 2524 Ἐκκλησίαν
3252 2456 3779 2531 δεδυσφημήκαμεν,

2194 2530 2254 2581 εὖ
2290 2530 2355 2583 ἂν
2378 2533 2513 2602 ἔχου
2546 2538 2596 2589 εἰ
2637 2537 2693 2591 δὲ
2726 2540 2822 2610 μὴ,
2865 2542 2982 2596 ἀλλ’
3010 2546 3170 2616 ἡμεῖς
3213 2563 3277 2616 γε
3314 2549 3363 2601 οἱ
3403 2530 3781 2609 ταπεινοὶγὲπὶ

2200 2621 2431 2690 στόματι
2470 2629 2630 2697 χεῖρα
2688 2630 3068 2703 ἐπιθήσομεν,
3115 2638 3191 2707 μὴ
3239 2641 3639 2712 ἐκκαλούμενοι
3683 2662 3780 2699 σου

2196 2716 2296 2782 τὴν
2331 2715 2587 2786 ὁσιότητα
2646 2722 2727 2785 εἰς
2763 2722 3023 2794 δευτέραν
3077 2732 3471 2803 γραμματικὴν
3526 2735 3781 2806 προσφώ-

2198 2819 2373 2871 νησιν.

2346 2916 2486 2971 ΡΞΓ¹
2510 2920 2643 2993 (55).
2666 2954 2740 2965 —-
2760 2928 3037 2997 Θεοδώρῳ
3078 2936 3383 3003 πατρικίῳ.

1822 3026 1901 3077 De
1934 3024 2115 3075 sanctis
2137 3025 2453 3090 imaginibus.

577 3143 659 3200 Ex
692 3143 1026 3199 honorandis
1067 3140 1267 3196 litteris
1310 3138 1703 3209 conspeximus
1767 3132 2091 3191 laudatissi-

519 3251 666 3291 mam
696 3235 1043 3289 eminentiam
1093 3242 1240 3286 tuam
1270 3273 1285 3298 ,
1318 3246 1384 3285 ex
1414 3230 1697 3284 auditione
1742 3243 1873 3282 vero
1903 3242 2088 3281 rerum

519 3342 659 3396 quas
693 3324 1098 3395 signiﬁcabant,
1127 3322 1399 3393 egregiam
1444 3322 1685 3375 animam
1735 3330 1879 3375 tuam
1922 3332 2092 3386 agno-

520 3419 725 3473 vimus.
750 3416 905 3483 Quod
935 3416 1079 3469 enim
1108 3430 1236 3483 erga
1266 3429 1366 3468 nos
1387 3424 1701 3484 peccatores
1731 3420 1839 3465 tam
1864 3408 2090 3465 honori-

521 3513 641 3567 ficis
677 3509 860 3567 verbis
883 3523 1019 3564 usus
1051 3523 1135 3571 es,
1164 3508 1420 3576 quodque
1464 3506 1723 3559 humilem
1769 3504 1961 3557 faciem
1995 3516 2093 3555 no-

527 3612 698 3660 stram
729 3601 919 3657 videre
955 3600 1255 3664 desideras,
1285 3613 1350 3652 ac
1405 3598 1701 3652 salutarem
1749 3596 1945 3650 deinde
1976 3609 2092 3648 ser-

523 3709 739 3750 monem
767 3693 957 3748 audire
992 3710 1007 3760 ;
1041 3691 1278 3746 hominis
1307 3698 1394 3745 est
1441 3704 1570 3743 vere
1602 3703 1631 3741 a
1681 3686 1792 3740 Deo
1822 3684 2011 3749 afﬂati,
2038 3695 2093 3739 et

524 3788 720 3842 anima:
746 3786 912 3841 Deum
946 3784 1401 3853 concupiscentis.
1435 3782 1606 3848 Quam
1628 3779 1895 3834 mirabilia
1909 3787 2090 3831 autem

524 3894 689 3949 opera
723 3877 907 3949 magni
952 3886 1005 3931 et
1034 3876 1203 3931 solius
1261 3875 1431 3930 nostri
1474 3874 1915 3929 Christianorum
1951 3870 2042 3925 Dei
2075 3887 2091 3936 ;

524 3971 670 4042 quod
701 3982 753 4026 te
782 3971 850 4027 de
879 3977 1038 4041 gente
1065 3983 1171 4022 non
1203 3972 1390 4024 sancta
1441 3968 1495 4021 in
1538 3965 1907 4020 venerandam
1942 3965 2096 4034 agni-

526 4065 729 4119 tionem
763 4064 1005 4117 veritatis
1037 4078 1150 4117 suae
1187 4061 1402 4115 vocavit
1437 4060 1529 4114 tali
1558 4058 1743 4123 modo,
1770 4058 1824 4110 in
1853 4058 2089 4127 speciem

525 4156 746 4227 quidem
775 4156 997 4210 minime
1029 4156 1360 4220 voluntario,
1391 4154 1484 4209 sed
1519 4152 1698 4222 reipsa
1727 4151 1910 4205 libera:
1930 4164 2093 4219 quam

527 4248 764 4303 maxime
803 4246 1099 4301 voluntatis
1125 4286 1139 4310 ,
1190 4261 1296 4299 una
1326 4260 1446 4299 cum
1502 4244 1750 4314 cognatis
1806 4243 1899 4313 qui
1931 4242 2095 4298 simul

528 4337 753 4392 adducti
810 4336 980 4391 sunt!
1034 4335 1153 4390 Non
1183 4337 1341 4389 aliter
1385 4336 1530 4389 enim
1559 4352 1657 4389 vos
1696 4336 1766 4389 ab
1820 4335 2096 4403 impietate

2278 3137 2408 3191 Ἀπὸ
2452 3141 2544 3194 τοῦ
2577 3143 2762 3211 τιμίου
2795 3161 2888 3196 σου
2932 3148 3262 3218 γράμματος
3301 3153 3516 3222 εἴδομεν
3550 3172 3648 3209 σου
3678 3159 3779 3231 τὴν

2196 3231 2554 3303 πανεύςρημον
2588 3235 2884 3307 ὑπεροχὴν,
2914 3239 3008 3290 καὶ
3052 3240 3161 3293 ἀπὸ
3195 3241 3514 3313 ἀκροάσεως
3540 3249 3656 3303 τῶν
3690 3268 3781 3322 ση-

2200 3323 2540 3391 μαινομένων
2583 3326 2904 3396 ὲπέγνωμέν
2945 3344 3039 3380 σου
3094 3329 3193 3399 τὴν
3238 3334 3408 3402 καλὴν
3454 3336 3657 3406 ψυχήν.
3708 3342 3783 3395 Τὸ

2196 3410 2305 3481 γὰρ
2340 3413 2477 3483 πρὸς
2515 3416 2663 3483 ἡμᾶς
2698 3417 2824 3479 τοὺς
2870 3417 3235 3489 ἁμαρτωλοὺς
3266 3424 3531 3488 τοιούτοις
3562 3431 3782 3500 χρήσαο

2200 3505 2323 3558 σθαι
2349 3512 2659 3577 τιμητικοῖς
2689 3508 2889 3577 λόγοις,
2930 3513 3224 3585 ἐπιθυμεῖν
3252 3532 3310 3569 τε
3341 3518 3498 3588 ήμῶν
3536 3521 3669 3575 ίδείν
3716 3526 3783 3579 τὸ

2197 3597 2412 3660 εὐτελὲς
2436 3600 2745 3668 πρόσωπον,
2778 3597 2896 3655 εἶτα
2929 3605 3023 3658 καὶ
3051 3608 3447 3679 ἀκουτισθῆναι
3478 3610 3638 3679 λόγον
3674 3632 3783 3668 σω-

2197 3690 2406 3759 τήριον,
2429 3688 2621 3759 ἀνδρός
2661 3691 2807 3743 ἐστιν
2840 3691 3008 3757 ὅντως
3050 3697 3256 3762 ἐνθέου,
3296 3700 3390 3752 καὶ
3434 3699 3615 3770 ψυχῆς
3652 3704 3782 3756 ἑπι-

2200 3781 2470 3852 ποθούσης
2519 3780 2667 3834 Θεόν.
2708 3783 2818 3835 Καὶ
2844 3783 2920 3846 ὡς
2948 3784 3234 3856 θαυμαστὰ
3281 3791 3351 3843 τὰ
3383 3791 3522 3862 ἔργα
3551 3793 3648 3845 τοῦ
3681 3813 3783 3864 με-

2200 3872 2365 3939 γάλου
2412 3873 2506 3926 καὶ
2553 3873 2717 3943 μόνου
2762 3873 2897 3927 Θεοῦ
2937 3877 3094 3946 ἡμῶν
3143 3881 3252 3934 τῶν
3300 3883 3665 3951 Χριστιανῶν·
3694 3886 3782 3940 ὅτι

2202 3964 2432 4017 ὲκὰλεσέ
2465 3981 2522 4017 σε
2561 3963 2620 4028 ἐξ
2656 3964 2842 4030 ἔθνους
2872 3967 2969 4037 οὐχ
2997 3969 3145 4022 ὁσίου
3177 3972 3254 4035 εἰς
3295 3973 3392 4043 τὴν
3423 3973 3626 4043 σεπτὴν
3660 3976 3783 4028 ἐπί-

2201 4069 2401 4123 γνωσιν
2442 4055 2539 4123 τῆς
2593 4054 2850 4124 ἀληθείας
2881 4058 3047 4111 αὑτοῦ
3079 4061 3266 4130 τρόπῳ
3311 4062 3618 4134 τηλικούτῳ
3640 4106 3656 4129 ,
3689 4066 3785 4119 δο-

2202 4143 2387 4198 κοῦντι
2419 4145 2519 4213 μὲν
2551 4146 2807 4217 ἀκουσίῳ,
2840 4148 3147 4222 αὐθαιρέτῳ
3177 4151 3221 4203 δ’
3264 4153 3344 4206 ὅτι
3388 4155 3645 4224 μάλιστα.
3681 4160 3783 4212 σὺν

2201 4237 2314 4297 τοῖς
2382 4235 2789 4300 συνεξελθοῦσιν
2835 4241 3185 4313 ἀρχιερεῦσιν
3242 4242 3398 4315 [C0d.
3440 4247 3574 4317 Reg.
3623 4251 3786 4319 ἀγχι-

2205 4325 2468 4398 στεῦσιν]·
2505 4329 2732 4398 ἐπείπερ
2764 4330 2937 4396 ἄλλως
2964 4336 3022 4387 οὐ
3053 4336 3439 4406 δεδοκίμασται
3464 4342 3529 4409 τῇ
3557 4340 3680 4412 θείᾳ
3712 4344 3785 4395 οίο

524 4429 739 4498 eripere
775 4428 953 4483 visum
1007 4437 1090 4482 est
1127 4427 1329 4481 divinae
1371 4426 1788 4496 dispensationi.
1844 4424 1887 4479 0
1926 4426 2090 4478 mira-

2202 4421 2430 4489 κονομίᾳ
2489 4421 2811 4490 ὰφαρπάσαι
2866 4426 3010 4494 ὑμᾶς
3038 4430 3137 4498 τῆς
3191 4428 3502 4498 ἀθεότητος,
3567 4431 3632 4483 Ὢ
3681 4436 3786 4503 τῆς

528 4523 690 4576 bilem
744 4520 1127 4575 vocationem!
1179 4536 1212 4573 ο
1255 4518 1581 4573 laudandam
1622 4517 2091 4588 redemptionem!

527 4611 852 4667 Tran’slatus
896 4628 956 4667 es
1007 4611 1340 4664 detenebris
1396 4610 1447 4662 in
1499 4610 1875 4664 admirabilem
1925 4609 2095 4676 ipsius

529 4706 706 4758 lucem
736 4721 749 4757 :
781 4711 979 4757 exutus
1012 4700 1179 4755 veteri
1221 4701 1459 4764 homine,
1480 4715 1603 4753 cum
1635 4699 1887 4753 absurdis
1917 4699 2096 4751 ethni-

528 4798 716 4866 cisque
753 4795 1184 4865 cogitationibus
1248 4804 1303 4846 ct
1345 4794 1604 4860 actibus;
1671 4793 1945 4846 Christum
2006 4793 2089 4846 in-

529 4888 719 4952 duisti,
754 4887 1102 4942 Christianus
1139 4886 1317 4955 reipsa
1357 4900 1457 4955 pro
1490 4886 1734 4948 ethnico,
1776 4884 1922 4938 ﬁlius
1952 4884 2089 4938 lucis

528 4989 582 5032 et
616 4979 724 5031 diei
769 4993 868 5047 pro
922 4977 1034 5031 lilio
1070 4978 1423 5031 tenebrarum
1450 4986 1503 5029 et
1543 4977 1721 5030 noctis
1745 4977 2044 5045 impietatis
2076 4993 2091 5039 ',

529 5083 702 5122 unum
730 5067 899 5122 Deum
955 5065 1166 5132 colens,
1200 5066 1379 5134 quiin
1432 5065 1590 5119 Patre
1619 5075 1673 5117 et
1715 5063 1853 5117 Filio
1886 5074 1939 5117 et
1973 5064 2097 5129 Spi-

528 5160 639 5212 ritu
674 5168 865 5214 sancto
900 5158 1199 5222 aduratur;
1230 5158 1594 5211 multitudinis
1624 5156 1848 5210 deorum
1889 5164 1943 5209 et
1980 5154 2103 5207 Bul-

531 5252 729 5321 garica:
761 5248 1079 5304 idololatriae
1132 5250 1343 5320 fugiens
1368 5248 1557 5303 falsam
1580 5248 1929 5317 religionem:
1967 5262 2099 5301 cono

534 5344 691 5398 litans
747 5342 943 5397 deinde
981 5358 1148 5396 unum
1198 5344 1266 5397 de
1326 5352 1512 5396 sancta
1568 5340 1853 5404 Trinitate,
1896 5323 2094 5393 Filium

532 5435 709 5505 ipsum
754 5446 810 5491 et
845 5434 1083 5491 Verbum
1136 5434 1229 5490 Dei
1283 5450 1379 5504 per
1420 5449 1688 5489 summam
1742 5449 1867 5503 erga
1928 5446 2099 5502 genus

2205 4511 2523 4580 θαυμαστῆς
2558 4514 2830 4583 κλήσεωςι
2887 4517 2932 4570 ὣ
2975 4520 3072 4590 τῆς
3122 4522 3408 4589 ὲπαινετῆς
3461 4522 3784 4595 ἀπολυτρώ-

2204 4620 2341 4657 σεως
2368 4603 2380 4655 l
2415 4604 2645 4674 ὴνέχθης
2678 4608 2741 4659 ὲκ
2783 4609 3006 4674 σκότους
3039 4612 3120 4670 εἰς
3167 4614 3230 4665 τὸ
3276 4613 3587 4682 θαυμαστὸν
3612 4617 3785 4671 αὐτοῦ

2204 4694 2339 4765 φῶς·
2369 4695 2813 4767 ἀπεκδυσάμενος
2836 4702 2927 4753 τὸν
2950 4703 3178 4757 παλαιὸν
3208 4705 3512 4776 ἄνθρωπον,
3542 4708 3642 4759 σὺν
3669 4712 3783 4775 τοῖς

2199 4788 2427 4850 ἀτόποις
2458 4789 2569 4855 ⁵καὶ
2615 4790 2846 4855 ἐθνικοῖς
2903 4793 3184 4865 λογισμοῖς
3240 4815 3301 4850 τε
3358 4800 3452 4851 καὶ
3488 4800 3781 4871 πράξεσιν,

2200 4877 2438 4931 ὲνεδύσω
2470 4880 2561 4932 τὸν
2601 4883 2862 4952 Χριστὸν,
2902 4888 3227 4957 Χριστιανὸς
3257 4890 3371 4943 ἀντ’
3402 4890 3613 4943 ἐθνικοῦ
3646 4911 3787 4963 χρη-

2201 4972 2469 5041 ματίζων
2501 4974 2616 5036 υίὸς
2644 4976 2821 5043 φωτὸς
2879 4981 2974 5032 καὶ
3034 4982 3270 5050 ἡμέρας,
3305 4982 3421 5035 ἀνθ’
3473 4983 3589 5035 υἱοῦ
3648 4988 3785 5038 σκό-

2198 5083 2325 5126 τους
2366 5065 2459 5116 καὶ
2493 5066 2683 5128 νυκτὸς
2710 5068 2982 5133 ἀσεϐείας”
3018 5074 3115 5126 ἕνα
3154 5074 3284 5125 θεὸν
3336 5074 3544 5139 σέϐων,
3580 5076 3675 5127 τὸν
3723 5080 3784 5130 ὲν

2202 5154 2381 5223 Ιιατρὶ
2410 5156 2503 5206 καὶ
2540 5155 2652 5224 Υίῷ
2681 5158 2771 5208 καὶ
2802 5159 2941 5228 ἁγίῳ
2970 5161 3251 5230 Πνεύματι
3276 5164 3781 5234 προσκυνούμενον·

2203 5244 2500 5313 πεφευγὼς
2547 5246 2648 5315 τῆς
2691 5247 2982 5313 πολυθεῖας
3012 5253 3106 5304 καὶ
3139 5252 3517 5324 Βουλγαρικῆς
3566 5255 3785 5310 εἰδωλο-

2205 5337 2461 5407 λατρείας
2490 5339 2588 5409 τὴν
2620 5340 2960 5395 δυσσέϐειαν·
2993 5341 3113 5396 εἶτα
3148 5346 3241 5396 καὶ
3263 5348 3538 5415 ὁμολογῶν
3566 5348 3658 5399 τὸν
3686 5351 3784 5401 ἕνα

2207 5430 2304 5500 τῆς
2337 5432 2499 5499 ἁγίας
2532 5432 2793 5503 Τριὰδος,
2829 5434 2991 5489 αὑτὸν
3029 5436 3119 5489 τὸν
3164 5437 3291 5490 Υἱὺν
3323 5439 3417 5491 καὶ
3465 5440 3638 5509 Λόγον
3687 5443 3785 5495 τοῦ

2035 5636 2267 5694 NOTAE.

606 5755 679 5821 ι’)
709 5754 1044 5825 Dogmatica.

2284 5752 2394 5824 (55)
2422 5754 2477 5810 ln
2503 5754 2621 5813 cod.
2652 5754 2783 5828 Reg.
2819 5757 2953 5828 ρμδν.
