3934 6514
137 114 696 127 ,μὲν-ᾔ

169 481 284 546 1517

1346 476 1878 535 EPIS'I‘OLARUM
1916 476 2064 535 LIB.
2123 477 2205 534 ΙΙ.

3254 479 3389 541 1518

166 588 301 656 Θεόὖ,
352 591 415 644 δι’
445 587 783 658 ὑπερϐάλλον
815 586 963 650 ἔλεος
1007 586 1104 640 τοῦ
1145 587 1267 641 καθ’
1295 590 1443 659 ἡμᾶς
1488 591 1711 656 γένους,

1833 594 2062 641 nostrum
2087 584 2523 639 misericordiam
2556 585 2837 641 hominem
2862 602 2986 643 esse
3014 586 3214 643 factum
3240 591 3390 645 simi-

166 686 420 754 ἄνθρωπον
445 680 777 748 γεγενῆσθαι
806 681 991 749 ὅμοιον
1012 682 1147 749 ἡμῖν
1175 680 1314 733 κατὰ
1348 681 1546 743 πάντα,
1576 679 1716 748 μετὰ

168 775 247 826 καὶ
283 771 369 824 τοῦ
399 767 540 821 εἶναι
595 769 688 821 τὸν
736 768 899 820 αὑτὸν
941 768 1074 819 Θεὸν
1120 769 1349 822 τέλειον.
1383 769 1512 828 Θεὸς
1550 768 1657 835 γὰρ
1687 767 1715 818 6

167 865 352 932 Πατὴρ,
390 860 520 922 Θεὸς
552 861 649 913 καὶ
693 861 723 912 6
774 861 923 923 Υἱὸς,
968 860 1099 923 Θεὸς
1152 860 1248 912 καὶ
1294 858 1357 912 τὸ
1408 860 1632 929 Πνεῦμα
1659 858 1718 911 τὸ

167 956 316 1022 ἆγιονσ
349 946 422 1013 εἷς
471 951 623 1014 Θεὸς,
654 951 715 1003 οὐ
754 954 903 1021 τρεῖς
940 950 1075 1015 θεοὶ,
1123 952 1303 1019 ἄπαγε
1326 968 1340 982 ⁸
1380 950 1441 1003 τὸ
1482 952 1598 1020 μὲν,
1631 950 1719 1003 διὰ

165 1047 249 1115 τὴν
281 1043 401 1110 μίαν
429 1041 686 1110 θεότηταο
714 1042 776 1094 τὸ
801 1042 862 1094 δὲ
885 1042 970 1095 διὰ
998 1042 1065 1095 τὰ
1096 1042 1224 1111 τρία
1252 1040 1542 1113 πρόσωπα.
1571 1040 1716 1111 Αὕτη

163 1140 192 1205 ἡ
218 1133 428 1204 ἀληθινὴ
473 1133 653 1196 πίστις
692 1134 801 1186 τῶν
832 1132 1199 1204 Χριστιανῶν,
1230 1132 1583 1202 καταργοῦσα
1613 1133 1720 1184 πᾶ-

165 1243 250 1277 σαν
277 1225 475 1294 πλάνην
514 1229 607 1277 καὶ
642 1225 877 1295 αἵρεσιν.

235 1316 438 1388 Ἐπειδὴ
463 1317 522 1370 δὲ
561 1316 785 1379 διπλοῦς
811 1319 837 1369 ὁ
875 1317 1132 1387 Χριστὸς,
1160 1318 1299 1371 καθὸ
1332 1316 1462 1381 Θεὸς
1492 1317 1716 1380 τέλειος,

165 1411 248 1463 καὶ
290 1410 569 1481 ἄνθρωπος
619 1411 844 1473 τέλειος·
882 1410 942 1462 τὸ
994 1410 1091 1479 μὲν
1136 1411 1211 1473 ὡς
1258 1413 1321 1464 ὲκ
1364 1411 1457 1465 τοῦ
1509 1411 1720 1481 Πατρδς

164 1503 422 1568 γεννηθεὶς
454 1503 559 1571 πρὸ
602 1499 833 1564 αἰώνων,
874 1501 950 1563 ὡς
979 1502 1037 1566 ἐξ
1069 1503 1224 1571 ἡλίου
1264 1503 1630 1572 ἀπαύγασμα·
1659 1501 1721 1554 τὺ

163 1591 212 1643 δὲ
252 1594 311 1644 ἐκ
358 1592 458 1659 τῆς
517 1591 721 1661 μητρὸς
757 1593 845 1643 ἐπ’
896 1593 1143 1662 ἐσχάτων
1187 1592 1293 1644 τῶν
1322 1593 1551 1663 χρόνων,
1579 1593 1653 1649 ὡς
1687 1595 1718 1663 ἡ

162 1686 268 1739 καθ’
323 1686 472 1753 ἡμᾶς
526 1685 815 1754 γέννησις,
870 1684 1068 1755 μᾶλλον
1128 1685 1184 1738 δὲ
1229 1686 1322 1738 καὶ
1359 1686 1496 1755 ὑπὲρ
1548 1687 1716 1755 ἡμᾶς’

164 1778 332 1847 ἐπειδὴ
369 1776 635 1847 παρθένος
691 1778 725 1845 ἡ
771 1776 1006 1829 τεκοῦσα
1030 1816 1045 1842 ,
1098 1778 1193 1829 καὶ
1234 1778 1386 1849 πρὶν,
1427 1778 1518 1830 καὶ
1558 1779 1613 1828 ἐν
1644 1775 1720 1846 τῷ

162 1872 366 1928 τίκτειν,
406 1870 503 1921 καὶ
538 1869 676 1936 μετὰ
708 1867 767 1919 τὸ
799 1869 1004 1920 τίκτειν
1024 1887 1037 1899 ·
1069 1870 1155 1937 ἐφ’
1181 1864 1261 1931 οἷς
1315 1868 1410 1922 καὶ
1460 1868 1720 1930 Θεοτὸκος

1818 677 1921 729 lem
1950 677 2107 730 nobis
2136 692 2233 746 per
2256 677 2459 743 omnia,
2491 693 2613 732 cum
2642 679 2783 733 idem
2819 680 2933 750 ipse
2958 682 3228 749 perfectus
3249 692 3395 737 esset

1822 769 1982 824 Deus.
2028 769 2171 824 Deus
2215 770 2360 823 enim
2385 767 2569 832 Pater,
2635 769 2779 825 Deus
2830 780 2885 824 et
2920 770 3115 833 Filius,
3151 771 3293 824 Deus
3337 779 3396 825 et

1821 858 2059 929 Spiritus
2114 867 2370 923 sanctus;
2410 874 2551 911 unus
2582 858 2747 923 Dens,
2793 876 2898 912 non
2934 871 3044 914 tres
3075 859 3181 926 Dii,
3213 860 3394 914 absit:

1820 954 1923 1005 hoc
1950 951 2195 1019 quidem,
2228 957 2449 1019 propter
2507 965 2672 1004 unam
2723 952 3021 1016 deitatem;
3060 953 3191 1006 illud
3244 969 3395 1010 vero.

1818 1050 2047 1111 propter
2093 1052 2205 1095 tres
2260 1055 2543 1108 personas.
2578 1039 2704 1095 Haec
2762 1057 2891 1096 vera
2944 1053 3027 1097 est
3063 1043 3197 1098 fides
3239 1043 3399 1098 Chri-

1820 1131 2406 1196 stianorum,aboleus
2464 1145 2705 1185 errorem
2743 1147 2961 1186 omnem
3016 1143 3068 1187 et
3124 1134 3396 1189 haeresim.

1891 1306 2162 1372 Quoniam
2212 1317 2393 1361 autem
2444 1308 2642 1377 duplex
2678 1316 2762 1363 est
2806 1307 3085 1371 Christus,
3127 1317 3401 1377 quatenus

1823 1399 1961 1455 Deus
1988 1400 2261 1469 perfecuts
2279 1412 2332 1454 et
2353 1404 2514 1455 homo
2543 1400 2847 1471 perfectus;
2874 1401 3003 1453 illud
3027 1402 3244 1469 quidem
3281 1412 3402 1453 tan»

1821 1508 1982 1560 quam
2018 1509 2081 1546 ex
2122 1492 2283 1546 Patre
2312 1505 2472 1547 natus
2498 1502 2623 1547 ante
2650 1493 3029 1554 smenla,sient
3057 1492 3315 1561 splendor
3334 1506 3401 1544 ex

1823 1580 1937 1634 sole
1960 1598 1975 1645 ;
2002 1582 2140 1635 istud
2162 1599 2289 1636 vero
2316 1599 2381 1636 ex
2400 1592 2593 1648 matre,
2615 1584 2665 1635 in
2692 1584 3008 1636 novissimis
3041 1583 3401 1651 temporibus,

1821 1681 1881 1726 ut
1920 1673 2173 1728 nativitas
2221 1683 2304 1728 est
2334 1684 2542 1737 nostra,
2585 1676 2666 1727 vel
2697 1675 2879 1743 potius
2904 1689 3068 1742 supra
3111 1682 3355 1726 nostram
3386 1690 3400 1735 ;

1823 1765 2298 1833 quandoquidem,
2324 1777 2375 1819 et
2406 1776 2551 1831 ante,
2573 1776 2627 1819 et
2662 1767 2713 1818 in
2741 1774 2920 1835 partu,
2955 1774 3008 1819 et
3036 1777 3158 1835 post
3187 1775 3401 1834 partum

1821 1856 1975 1925 virgo
2021 1866 2105 1911 est
2146 1872 2267 1927 qum
2311 1858 2491 1926 ipsum
2555 1859 2801 1927 peperit:
2844 1874 3013 1927 quare
3063 1866 3118 1911 et
3172 1857 3403 1926 Deipara

162 1963 226 2025 ὼς
246 1961 452 2030 ἀληθῶς
480 1964 574 2013 καὶ
596 1960 841 2029 νενόηται
872 1962 965 2012 καὶ
998 1961 1449 2031 προσηγόρευται.
1483 1959 1579 2012 Διὰ
1605 1960 1725 2011 τοῦ-

1833 1944 2113 1999 verissime
2139 1956 2194 1999 et
2234 1945 2558 2016 intelligitur
2579 1955 2635 2000 et
2691 1947 3017 2015 appellatur.
3080 1945 3401 2015 Eapropter,

161 2072 232 2113 το,
269 2053 454 2122 ὥσπερ
484 2054 623 2105 κατὰ
664 2052 754 2103 τὸν
793 2053 1014 2122 Πατέρα
1065 2053 1506 2123 ἀπερίγραπτος,
1553 2052 1723 2115 οὕτως

163 2146 246 2197 καὶ
291 2145 433 2196 κατὰ
470 2144 568 2211 τὴν
608 2146 816 2213 μητέρα
876 2144 934 2194 ὲν
969 2145 1157 2195 πίνακι
1214 2144 1722 2213 περιγραφόμενον

163 2238 245 2290 καὶ
279 2238 310 2306 ἠ
352 2236 669 2305 περιγραφὴ
720 2233 886 2286 αὑτοῦ
930 2235 1048 2304 ἦτοι
1081 2236 1113 2301 ή
1143 2234 1327 2299 εἰκὼν,
1372 2231 1724 2304 προσκυνητὴ

163 2332 246 2384 καὶ
272 2330 529 2398 σεϐαστὴ,
565 2331 622 2382 ὲν
726 2328 981 2398 βλέπεται
1014 2329 1101 2396 ὑφ’
1131 2328 1288 2398 ἡμῶν
1324 2327 1432 2379 τῶν
1469 2328 1727 2396 Χριστιαο

162 2420 256 2472 νῶν
302 2420 419 2472 οἷαν
482 2420 694 2490 μορφὴν
747 2417 997 2471 ἀνέλαὸεο
1061 2420 1153 2472 καὶ
1211 2418 1615 2487 δεδοξολὸγηται
1651 2416 1726 2477 ὡς

164 2512 330 2579 ὅμοιος
374 2513 511 2580 ἡμῖν
566 2510 708 2562 κατὰ
744 2512 922 2561 πάντα
967 2509 1205 2577 γεγονὼς
1258 2509 1396 2579 πλὴν
1432 2510 1722 2579 ἁμαρτίας·

163 2605 511 2671 καταργήσας
552 2603 659 2653 πᾶν
697 2600 969 2652 είδωλικὸν
1003 2601 1275 2670 ὁμοίωμα,
1310 2602 1393 2669 ἐφ’
1431 2596 1473 2667 ᾧ
1520 2600 1727 2652 ὤλλυτο

163 2691 406 2761 λατρεῦον
431 2731 447 2753 ,
502 2692 560 2756 ἐξ
587 2690 809 2761 ἡμερῶν
858 2692 1072 2754 αἰῶνος,
1104 2690 1164 2742 τὸ
1200 2691 1354 2757 γένος
1384 2690 1489 2741 τῶν
1518 2678 1727 2758 ἀνθρώ-

164 2801 288 2835 πων.
322 2786 381 2836 ὐ
412 2783 543 2850 γοῦν
579 2785 654 2852 μὴ
692 2782 1123 2851 καταδεχόμενος
1154 2783 1313 2834 αὐτὸν
1343 2783 1723 2847 είκονίζεσθαι,

163 2870 203 2926 ὦ
244 2876 373 2929 καλὲ
421 2875 567 2944 φίλε,
623 2875 980 2928 ἀπαναίνεται
1033 2877 1214 2936 αὐτοῖς
1262 2877 1572 2945 πράγμασι,
1625 2877 1727 2927 κᾶν

162 2965 291 3037 λόγῳ
331 2967 821 3035 συγκατατίθηται,
861 2968 1112 3034 γενέσθαι
1164 2968 1255 3019 τὸν
1289 2968 1414 3019 Υἱδν
1467 2967 1559 3019 τοῦ
1594 2966 1726 3017 Θεοῦ

162 3062 457 3131 ἄνθρωπον·
490 3061 581 3113 καὶ
612 3063 641 3113 6
681 3061 753 3130 μὴ
786 3061 1106 3131 προσκυνῶν
1131 3061 1297 3114 αὑτοῦ
1332 3062 1427 3129 τὴν
1463 3060 1621 3127 ἁγίαν
1648 3061 1726 3110 εἰ·

161 3154 314 3215 κύνα,
354 3153 430 3222 μὴ
471 3154 799 3222 προσκυνεῖν
834 3151 996 3204 αὑτὸν
1037 3152 1430 3211 ἀποδέδεικται,
1468 3152 1571 3202 κᾶν
1601 3153 1731 3219 ὀμο-

162 3243 280 3312 λογῇ
330 3244 681 3314 προσκυνεῖν.
750 3242 813 3293 Ἠ
864 3242 972 3312 γὰρ
1019 3242 1117 3310 τῆς
1159 3242 1362 3303 εἰκόνος
1398 3240 1560 3292 αὐτοῦ
1597 3240 1727 3310 τιμὴ

162 3335 244 3386 ἐπὶ
269 3338 329 3387 τὸ
365 3335 727 3405 πρωτότυπον
762 3334 1043 3387 διαϐαίνει·
1081 3334 1268 3405 ὥσπερ
1318 3334 1412 3386 καὶ
1443 3335 1475 3403 ἡ
1508 3334 1730 3403 ἄρνησις

164 3426 315 3495 αὐτῆς
345 3430 428 3488 εἰς
467 3427 627 3479 αὐτὸν
660 3427 756 3496 τὴν
791 3428 1020 3496 ἄρνησιν
1058 3426 1393 3493 ἀναπέμπει.
1439 3425 1591 3478 Ἐπεὶ
1616 3420 1729 3488 οὖν,

162 3516 229 3578 ὡς
275 3517 569 3585 μανθάνω,
618 3516 794 3578 οὓτως
841 3517 930 3568 καὶ
981 3517 1143 3578 αὐτὸς
1177 3516 1473 3578 πέποιθας,
1524 3514 1620 3567 καὶ
1646 3515 1733 3568 διὰ

162 3608 306 3661 τοῦτο
328 3608 525 3677 στέλλῃ
551 3607 650 3676 τῆς
676 3608 961 3670 κοινωνίας
988 3608 1095 3659 τῶν
1126 3607 1524 3677 Εἰκονομάχων·
1557 3607 1733 3676 χαίρω

162 3700 247 3751 καὶ
277 3699 562 3770 συγχαίρω
589 3716 693 3761 σοι,
733 3700 1039 3769 εὐχαριστῶ
1064 3700 1159 3751 καὶ
1187 3700 1593 3768 συνευχαριστῶ
1626 3715 1730 3761 σοι,

162 3789 236 3841 ὅτι
275 3792 408 3862 ὁρᾷς
454 3789 553 3860 τὴν
586 3788 878 3859 ἀλήθειαν,
925 3788 1018 3841 καί
1056 3805 1137 3841 τοι
1178 3788 1448 3857 ὀψιμαθὴς
1479 3786 1589 3849 ὢν,
1638 3786 1735 3838 καὶ

161 3882 540 3950 ἀρτιγέννητος
593 3883 705 3944 υίὸς
744 3880 899 3934 Θεοῦ.
951 3882 1057 3933 Καὶ
1108 3881 1181 3950 μή
1215 3898 1295 3932 τοι
1337 3879 1620 3949 θαυμάσῃς
1654 3880 1733 3930 ὅτι

162 3976 249 4026 καὶ
294 3976 352 4027 ἐν
404 3975 751 4042 Χριπιανοῖς
782 3975 1092 4043 εἰσέρχεται
1128 3972 1324 4040 πλάνη.
1355 3971 1530 4023 Ὅπου
1570 3969 1675 4038 γάρ
1698 3971 1731 4038 ὴ

164 4052 424 4133 σωτηρία,
466 4065 582 4115 ἐκεῖ
615 4065 799 4132 τρέχει
852 4065 880 4115 6
935 4063 1150 4133 δράκων
1204 4061 1450 4123 διάϐολος
1508 4061 1733 4130 ποιῆσαι

162 4154 460 4206 ἀπώλειαν*
497 4154 766 4206 καὶτοῦτο
798 4153 866 4206 δι’
898 4156 1014 4216 ἐνὸς
1049 4154 1336 4227 ἀνθρώπου
1370 4153 1463 4206 τοῦ
1492 4154 1736 4218 ἐξουσιά-

161 4242 358 4307 ζοντος.
402 4246 561 4315 "Apri.
602 4246 710 4316 γὰρ
743 4246 774 4313 ἡ
804 4245 977 4315 πλάνη
1024 4246 1161 4313 αὕτη
1202 4245 1497 4315 ἐπεισήχθη
1536 4246 1593 4295 ἐν
1624 4248 1735 4307 τοῖς

162 4336 521 4405 Χριστιανοίς.
559 4336 712 4387 Ἐπεὶ
747 4336 805 4399 ἐξ
847 4335 1041 4397 αίῶνος
1074 4338 1107 4406 ή
1149 4335 1384 4405 Χριστοῦ
1427 4334 1612 4403 εἰκὼν,
1636 4336 1734 4405 τῆς

162 4445 215 4479 τε
249 4428 548 4492 Θεοτὸκου,
590 4428 684 4481 καὶ
715 4426 823 4480 τῶν
861 4428 1028 4495 ἁγίων
1057 4427 1243 4482 αὑτοῦ.

1828 2036 2288 2103 quemadmodum
2355 2038 2862 2106 incircumscriptus
2946 2046 3029 2092 est
3098 2037 3403 2091 secundum

1826 2123 2064 2191 Patrem,
2118 2127 2199 2180 sic
2236 2138 2289 2181 et
2339 2129 2637 2182 secundum
2691 2136 2921 2181 matrem
2958 2130 3012 2181 in
3062 2129 3249 2182 tabula
3306 2130 3404 2182 de-

1828 2220 2108 2283 scribitur,
2143 2229 2197 2275 et
2226 2221 2522 2291 descriptio
2574 2222 2693 2289 ejus
2744 2223 2857 2275 sive
2886 2223 3089 2290 imago,
3127 2222 3402 2275 adoranda

1827 2321 1881 2365 et
1918 2312 2270 2375 veneranda;
2321 2313 2374 2366 in
2409 2329 2513 2381 qua
2547 2313 2789 2367 cernitur
2817 2328 2846 2367 a
2887 2314 3046 2367 nobis
3073 2313 3406 2368 Christianis

1828 2402 2045 2469 qualem
2100 2401 2331 2455 formam
2401 2404 2805 2473 assumpserit;
2857 2414 2912 2457 et
2964 2404 3275 2458 declaratus
3322 2416 3407 2457 est

1827 2494 2024 2549 similis
2067 2494 2224 2549 nobis
2258 2493 2432 2549 factus
2486 2512 2581 2563 per
2628 2497 2810 2549 omnia
2852 2507 3048 2566 praeter
3076 2508 3401 2568 peccatum:

1829 2585 2055 2640 abolens
2094 2600 2310 2638 omnem
2351 2586 2603 2639 idolicam
2644 2587 3082 2650 similitudinem,
3110 2605 3271 2658 quam
3308 2602 3403 2641 co-

1828 2676 1944 2731 lens
2002 2678 2167 2745 periit
2204 2676 2486 2731 hominum
2539 2694 2712 2749 genus
2740 2695 2768 2732 a
2801 2680 2992 2733 diebus
3048 2680 3259 2734 sazculi.
3298 2677 3405 2745 Qui

1828 2782 1955 2836 ergo
1986 2767 2135 2819 illum
2192 2767 2430 2836 imagine
2481 2771 2860 2837 repraesentari
2917 2786 3025 2823 non
3076 2770 3336 2836 admittit,
3371 2786 3406 2823 ο

1829 2858 1971 2911 bone
1992 2860 2408 2927 amice,judicio
2425 2862 2727 2926 contendit,
2753 2864 2967 2916 tametsi
2988 2863 3155 2917 verbo
3180 2872 3406 2927 annuat,

1829 2949 2025 3003 Filium
2084 2950 2178 3004 Dei
2216 2953 2491 3006 hominem
2547 2952 2749 3007 factum
2797 2953 3010 3009 fuisse:
3067 2966 3123 3010 et
3164 2956 3257 3025 qui
3288 2955 3409 3024 ejus

1832 3055 2074 3098 sanctam
2106 3044 2394 3114 imaginem
2421 3059 2528 3097 non
2556 3046 2769 3108 adorat,
2820 3045 2998 3113 ipsum
3049 3062 3155 3100 non
3180 3047 3410 3100 adorare

1831 3135 2117 3188 convictus
2146 3146 2247 3199 est,
2282 3135 2410 3188 licet
2455 3134 2683 3187 adorare
2737 3150 2794 3187 se
2841 3136 3181 3203 profiteatur.
3226 3135 3412 3189 llonor

1832 3228 1975 3280 enim
2004 3228 2255 3297 imaginis
2292 3227 2409 3291 ejus
2440 3228 2503 3280 ad
2534 3236 2881 3297 prototypum
2929 3229 3132 3282 transit
3162 3246 3175 3281 :
3211 3244 3408 3298 quem—

1834 3320 2129 3373 admodum
2189 3328 2244 3373 et
2294 3320 2547 3390 imaginis
2623 3321 2798 3390 ipsius
2851 3322 3069 3394 negatio
3112 3322 3180 3376 ad
3232 3324 3412 3392 ipsum

1835 3412 2093 3467 transfert
2141 3414 2507 3483 negationem.
2562 3412 2699 3467 Cum
2746 3429 2896 3485 ergo,
2962 3426 3021 3469 ut
3074 3415 3263 3481 audio,
3329 3417 3413 3471 sic

1831 3507 1993 3559 etiam
2032 3507 2145 3574 ipse
2200 3521 2519 3574 persuasum
2569 3506 2793 3568 habeas,
2844 3507 3075 3575 ideoque
3112 3508 3182 3561 ab
3216 3508 3411 3563 Iconoo

1823 3598 2150 3649 ‘maeborum
2193 3596 2578 3649 communione
2620 3606 2672 3650 te
2729 3597 3069 3662 subtrahas;
3122 3598 3331 3668 gaudeo
3358 3607 3415 3653 et

1833 3689 2150 3757 congaudeo
2187 3698 2361 3742 tecum
2394 3704 2409 3753 ;
2448 3690 2647 3759 gratias
2679 3706 2801 3758 ago,
2843 3699 2897 3743 et
2944 3699 3035 3743 tua
3084 3707 3252 3745 causa
3287 3707 3413 3762 gra-

1834 3782 1939 3835 tias
1963 3796 2086 3853 ago,
2112 3781 2258 3849 quod
2288 3796 2481 3835 cernas
2518 3783 2824 3845 veritatem,
2862 3784 3081 3837 tametsi
3116 3799 3240 3838 sero
3276 3784 3413 3839 edo-

1835 3882 1978 3935 ctus,
2013 3884 2071 3927 ut
2104 3873 2250 3928 ﬁlius
2291 3872 2382 3927 Dei
2416 3889 2590 3942 nuper
2642 3875 2879 3943 genitus.
2933 3876 3043 3930 Nec
3072 3892 3204 3931 vero
3236 3878 3407 3932 mire-

1834 3967 1911 4021 ris
1962 3966 2307 4035 quodetiam
2358 3967 2501 4019 inter
2554 3966 2901 4022 Christianos
2947 3983 3101 4021 error
3159 3967 3411 4039 obrepat.

1841 4057 1938 4111 Ubi
1974 4059 2117 4111 enim
2158 4066 2242 4111 est
2294 4059 2463 4121 salus,
2515 4072 2581 4111 eo
2612 4060 2851 4113 accurrit
2881 4060 3045 4114 draco
3068 4060 3321 4115 diabolus
3358 4071 3417 4114 ut

1837 4152 2035 4205 inferat
2078 4152 2342 4204 exitium:
2402 4162 2563 4219 atque
2622 4153 2724 4206 hoc
2770 4168 2865 4222 per
2912 4154 3187 4207 hominem
3220 4169 3412 4217 unum,

1836 4260 2003 4314 penes
2050 4259 2211 4312 quem
2244 4255 2329 4297 est
2379 4252 2642 4311 potestas.
2696 4245 2882 4314 Nuper
2914 4246 3058 4299 enim
3114 4247 3202 4300 hic
3259 4263 3417 4301 error

1838 4337 1980 4389 inter
2028 4336 2370 4390 Christianos
2410 4338 2657 4392 invectus
2705 4347 2809 4391 est.
2848 4336 2980 4391 Nam
3011 4337 3079 4391 ab
3120 4339 3269 4391 omni
3303 4355 3417 4393 me-

1838 4428 2011 4482 moria
2054 4428 2233 4498 imago
2290 4428 2518 4494 Christi,
2559 4442 2613 4483 et
2656 4429 2922 4499 Deiparte,
2972 4439 3027 4484 et
3089 4440 3413 4485 sanctorum

1837 4535 1977 4589 ejus.

228 4606 419 4660 Ταῦτά
448 4624 568 4669 σοι,
608 4606 845 4659 δέσποτα
895 4604 1212 4676 τιμιώτατε,
1260 4606 1337 4667 ὼς
1393 4605 1545 4674 παρὰ
1598 4602 1728 4656 Θεοῦ

1912 4611 2035 4665 Haec
2061 4613 2318 4681 egotibi,
2353 4614 2571 4668 domine
2620 4614 3059 4679 bonoratissime,
3097 4623 3356 4686 tanquam
3386 4633 3417 4671 a

165 4700 425 4768 κινηθεὶς,
478 4699 581 4751 κᾶν
637 4698 966 4768 ἁμαρτωλός
1018 4700 1156 4766 εἰμι,
1210 4696 1562 4765 ἐφθεγξάμην
1602 4697 1736 4765 πρὸς

165 4787 454 4857 βεϐαίωσιν
488 4790 588 4861 τῆς
626 4789 860 4851 πίστεώς
888 4806 1002 4840 σου·
1034 4789 1221 4858 ἐπειδὴ
1249 4788 1471 4855 ἀδελφὸς
1508 4789 1571 4840 σὺ
1602 4787 1739 4855 ἡμέ-

164 4896 336 4949 τερος,
377 4882 473 4934 καὶ
502 4882 561 4933 οὐ
587 4881 757 4947 ξένος,
789 4881 971 4943 καθὼς
1010 4882 1254 4950 εἷρηκας.
1294 4882 1354 4932 Εἰ
1388 4880 1442 4932 δὲ
1475 4880 1617 4943 ξένος
1645 4878 1737 4931 τοῦ

167 4973 389 5042 κόσμου,
433 4968 492 5026 εὖ
548 4973 614 5026 ἂν
657 4972 793 5043 ἔχοι.
832 4975 942 5026 Καὶ
987 4975 1145 5043 ἡμεῖς
1177 4975 1284 5041 γὰρ
1325 4974 1374 5024 οἱ
1409 4975 1656 5024 ταπεινοὶ
1682 4973 1740 5024 τὸ

166 5066 292 5118 αὐτὸ
319 5066 540 5136 ἔχομεν’
574 5068 667 5118 καὶ
692 5066 782 5118 διὰ
812 5066 972 5118 τοῦτό
1018 5069 1186 5134 ἐσμεν
1217 5066 1617 5137 ἀπερριμμένοι
1650 5067 1737 5118 ἐν·

166 5157 334 5211 ταῦθα
362 5158 453 5210 διὰ
480 5157 571 5209 τὸν
601 5157 758 5226 λόγον
795 5158 888 5211 τοῦ
937 5158 1093 5211 Θεοῦ.
1123 5160 1232 5211 Καὶ
1263 5161 1531 5227 μακάριος
1569 5154 1619 5209 εἴ
1648 5175 1738 5209 πι-

170 5253 372 5305 στεύων
400 5254 481 5313 εξς
503 5252 738 5322 Χριστὸν
765 5252 960 5322 ὀρθῶς,
1005 5255 1099 5305 καὶ
1138 5254 1317 5305 πάντα
1343 5252 1572 5323 δεύτερα
1598 5254 1738 5322 ὑπὲρ

166 5344 327 5397 αὑτοῦ
376 5344 700 5414 ἡγούμενος.
735 5345 959 5398 ’ἰδέσθαι
1004 5346 1060 5397 δὲ
1086 5346 1341 5415 ἀλλήλους
1370 5346 1624 5398 δύσκολον
1654 5346 1740 5397 διὰ

166 5436 260 5505 τὴν
286 5436 563 5502 ἐξουσίαν⁸
599 5438 646 5490 εί
678 5437 753 5507 μή
798 5455 850 5488 τι
877 5437 1007 5500 Θεὸς
1052 5437 1263 5489 κελεύει
1294 5438 1413 5489 καθ’
1451 5438 1507 5488 ὃν
1532 5437 1741 5489 οίκονο-

172 5530 332 5595 μήσει
383 5515 605 5598 τρῖπον.
645 5528 972 5598 Μεμνῆσθαι
1017 5528 1075 5580 δέ.
1106 5546 1199 5581 σου
1230 5530 1289 5580 ού
1321 5528 1704 5597 διαλειψόμεθα
1725 5568 1739 5589 ,

170 5623 259 5671 καὶ
286 5622 513 5690 ἀγαπᾷν
544 5638 601 5672 σε
628 5620 703 5684 ὡς
732 5621 959 5685 ἀδελφὸν
989 5624 1020 5691 ἡ
1031 5622 1166 5691 μῶν·
1198 5623 1256 5673 ὃν
1286 5639 1415 5673 ποτε
1444 5623 1543 5674 οὐκ
1571 5624 1740 5689 ἐγνω-

172 5712 402 5782 ρίσαμεν
458 5714 566 5766 ἀπὸ
624 5714 823 5781 σαρκὸς
867 5714 961 5766 καὶ
991 5714 1239 5781 αἵματος·
1274 5713 1366 5765 νῦν
1410 5713 1465 5765 δὲ
1510 5713 1617 5764 ἀπὸ
1649 5713 1741 5763 τοῦ

173 5804 322 5869 ἁγίου
352 5804 669 5875 Πνεύματος
693 5805 888 5875 ἔχομεν
924 5808 999 5869 ὼς
1034 5806 1313 5874 σύγγονον·
1352 5804 1741 5876 ἀποτεχθέντες

171 5894 469 5967 ἀμφότεροι
517 5897 583 5948 ὲκ
618 5899 824 5967 μητρὸς
855 5898 954 5967 τῆς
997 5898 1323 5967 υἱοθετικῆς,
1358 5895 1740 5967 κολυμϐήθρας

1841 4705 1951 4758 Deo
1987 4704 2274 4773 impulsus.
2305 4704 2434 4759 licet
2473 4713 2731 4775 peccator
2765 4708 2890 4772 sim,
2940 4708 3256 4776 prolocutus
3293 4722 3415 4761 sum

1841 4798 1908 4851 ad
1963 4799 2434 4852 confirmationem
2516 4798 2639 4852 ﬁdei
2698 4810 2807 4854 tua!
2858 4817 2873 4854 :
2928 4802 3184 4869 quoniam
3248 4800 3419 4853 frater

1845 4902 1899 4943 tu
1972 4899 2224 4957 noster;
2278 4906 2385 4944 non
2467 4892 2789 4961 peregrinus
2856 4903 2917 4946 ut
2990 4893 3201 4945 dixisti.
3260 4892 3419 4958 Quod

1843 4980 1887 5033 si
1925 4981 2244 5051 peregrinus
2280 4998 2340 5036 es
2383 4983 2593 5044 mundi,
2627 4984 2762 5037 bene
2826 4983 3012 5037 habet.
3050 4980 3163 5037 Nos
3218 4985 3421 5053 quippe

1845 5075 2077 5128 humiles
2133 5075 2235 5128 hoc
2285 5076 2457 5142 ipsum
2513 5090 2705 5130 sumus
2748 5094 2761 5128 :
2810 5084 2864 5129 et
2924 5085 3212 5144 propterea
3259 5075 3420 5143 ejecti

1845 5164 1951 5218 huc
2002 5180 2194 5218 sumus
2253 5176 2476 5233 propter
2544 5166 2771 5218 verbum
2840 5164 2953 5217 Dei.
3007 5165 3085 5217 Ac
3141 5164 3332 5218 beatus
3361 5179 3421 5218 es

1843 5256 1935 5325 qui
1996 5264 2140 5309 recte
2194 5258 2246 5308 in
2292 5260 2457 5309 Deum
2506 5255 2724 5319 credis,
2765 5267 2818 5309 et
2873 5255 3058 5308 omnia
3122 5254 3198 5307 illi
3265 5265 3419 5322 post-

1846 5349 2093 5414 ponenda
2161 5348 2341 5402 ducis.
2370 5346 2564 5402 Videre
2602 5358 2783 5402 autem
2834 5363 2934 5401 nos
2998 5348 3229 5401 invicem
3278 5348 3420 5402 ditii-

1844 5440 1945 5493 cile
2002 5449 2107 5503 est,
2144 5441 2465 5509 prohibente
2504 5439 2557 5493 id
2618 5440 2862 5508 principe
2906 5457 2919 5492 :
2958 5440 3061 5492 nisi
3112 5439 3253 5493 Deus
3304 5439 3420 5492 dis-

1847 5541 2011 5599 ponat
2044 5547 2154 5601 quo
2196 5532 2298 5601 ipsi
2360 5533 2524 5586 modo
2566 5532 2861 5586 videbitur.
2903 5530 3005 5585 Tui
3050 5545 3182 5586 vero
3218 5530 3421 5584 memi-

1848 5625 1990 5676 nisse
2030 5639 2137 5677 non
2168 5624 2501 5690 desinemus,
2543 5634 2598 5677 et
2624 5637 2811 5676 amare
2868 5631 2917 5676 te
2945 5632 3001 5674 ut
3047 5620 3271 5674 fratrem
3314 5636 3418 5673 no-

1848 5726 2020 5767 strum
2050 5757 2063 5778 ,
2095 5730 2256 5784 quem
2312 5730 2422 5767 nou
2460 5730 2691 5784 usquam
2748 5714 3009 5768 novimus
3053 5729 3117 5767 ex
3168 5727 3336 5766 carne
3365 5722 3420 5763 et.

1847 5803 2138 5871 sanguine,
2198 5819 2343 5857 nunc
2384 5818 2513 5857 vero
2572 5812 2631 5857 ut
2682 5812 2973 5874 cognatum
3037 5803 3306 5857 habemus
3350 5817 3415 5853 es

1850 5895 2054 5965 Spiritu
2092 5906 2282 5953 sancto
2305 5915 2320 5964 ;
2360 5898 2524 5968 geniti
2550 5898 2710 5952 ambo
2731 5913 2796 5951 ex
2819 5908 2991 5951 matre
3009 5896 3280 5966 adoptiva,
3310 5894 3413 5951 sci-
