3934 6448
502 331 645 395 1519

1680 329 1740 386 S.
1774 323 2168 385 THEODORI
2206 324 2553 384 STUDIT/E

3609 321 3747 383 1520

491 448 622 502 licet
656 444 866 518 piscina
900 444 1267 516 baptismatis.
1307 443 1415 497 Pax
1443 443 1558 508 tibi,
1599 442 1779 497 amice
1807 451 1860 496 et
1897 440 2066 494 frater

2177 438 2262 492 τοῦ
2298 441 2686 510 βαπτίσματος.
2723 445 2927 514 Εἰρήνη
2983 461 3087 508 σοι,
3130 444 3249 511 φίλι
3285 443 3378 494 καὶ
3422 441 3618 510 ἀδελφε
3653 445 3748 496 καὶ

490 547 546 594 et
575 538 819 594 domine.
853 539 969 594 Pax
998 548 1052 592 et
1086 535 1276 592 domui
1306 547 1437 603 tum,
1461 543 1516 591 et
1541 535 1797 590 omnibus
1835 533 1930 603 qui
1994 534 2063 587 ad

492 640 547 686 te
594 630 888 700 pertinent,
926 644 956 683 a
984 627 1164 693 Patre,
1182 639 1237 684 et
1262 627 1422 694 Filio,
1475 636 1532 682 et
1587 627 1795 697 Spiritu
1847 633 2064 681 sancto.

493 723 688 775 Amen.

705 835 935 892 CLXIV.
959 867 1029 879 —-—
1068 835 1514 892 Archimandritw
1538 834 1763 891 Gott/aia:
1796 833 1891 907 (").

2170 530 2425 586 δέσποτα.
2454 534 2660 607 Εἰρήνη
2710 539 2804 589 καὶ
2859 536 2936 607 τῷ
2988 537 3123 606 οἴκῳ
3173 553 3288 600 σου,
3344 535 3437 587 καὶ
3470 536 3608 587 πᾶσι
3633 539 3746 598 τοῖς

2171 621 2488 694 διαφέρουσί
2513 643 2615 692 σοι,
2653 628 2763 680 ἀπὸ
2814 627 2909 680 τοῦ
2965 627 3180 699 Πατρὺς
3227 627 3321 680 καὶ
3362 623 3456 678 τοῦ
3482 625 3618 678 Υἱοῦ
3654 629 3748 678 καὶ

2173 713 2268 767 τοῦ
2304 716 2462 784 ἀγίου
2511 717 2649 771 Πνεύ
2660 735 2849 787 ματος.

2309 828 2448 884 ΡΞΔ¹
2473 829 2606 904 (56).
2630 860 2702 874 ι·-
2753 831 3192 902 Αρχιμανὸρίτῃ
3214 830 3486 896 Γοτθίας.
3517 827 3645 899 [ψη]

1794 953 1867 1002 De
1892 950 2160 1001 monastico
2185 948 2430 1000 instituto.

561 1057 806 1113 Gratiam
834 1057 1102 1114 habemus
1127 1068 1320 1113 sancto
1361 1057 1494 1124 Deo,
1531 1060 1677 1130 quod
1707 1059 1857 1131 digni
1895 1059 2068 1114 habiti

491 1164 683 1206 sumus
710 1150 804 1218 qui
833 1149 1040 1205 amicas
1065 1150 1378 1206 stlnctitatis
1409 1159 1521 1205 tua
1546 1151 1758 1206 litteras
1799 1151 2072 1222 accipere-

491 1257 634 1296 mus.
665 1237 776 1296 Nec
804 1256 933 1296 vero
951 1240 1220 1297 tarditatis
1248 1243 1600 1298 excusatione
1628 1243 1784 1297 nobis
1809 1255 1891 1297 est
1911 1257 2070 1313 Opus.

490 1333 722 1400 Quinam
752 1331 898 1388 enim
925 1349 1118 1388 sumus
1146 1350 1250 1390 nos
1287 1334 1539 1390 homines
1573 1334 1770 1389 tantilli
1795 1335 1932 1390 ?aut
1964 1349 2072 1404 qna

488 1425 558 1480 de
596 1440 763 1480 causa
793 1440 892 1480 vos
909 1425 1185 1482 ullatenus
1211 1426 1278 1481 de
1307 1428 1542 1497 negotiis
1571 1426 1769 1482 vestris
1809 1426 2068 1481 maximis

490 1515 556 1568 ad
601 1517 924 1569 tenuitatem
977 1526 1220 1571 nostram
1284 1516 1582 1572 referatis?
1631 1517 1886 1572 Attamen
1933 1518 2064 1588 quia

492 1604 705 1659 modice
723 1605 789 1659 de
818 1604 976 1659 vobis
1012 1605 1333 1671 sentientes,
1371 1607 1547 1661 nostis
1595 1605 1758 1661 etiam
1803 1607 2065 1660 minimos

491 1695 778 1766 complecti
807 1715 822 1751 :
849 1695 1182 1752 conveniens
1205 1695 1308 1751 fuit
1349 1706 1402 1751 et
1447 1712 1545 1752 vos
1573 1696 1828 1762 scribere,
1864 1707 1918 1752 et
1965 1711 2068 1750 nos

489 1787 724 1854 discere,
756 1802 867 1842 non
899 1787 1074 1842 solum
1102 1802 1223 1856 quae
1254 1787 1479 1856 epistola
1511 1787 1846 1854 continebat,
1875 1802 2066 1841 verum

491 1881 654 1936 etiam
689 1896 810 1951 qum
834 1880 1270 1936 reverendissimi
1291 1878 1486 1934 fratres
1503 1894 1567 1933 ac
1598 1889 1780 1948 patres
1808 1879 2065 1944 docuere,

489 1970 585 2040 qui
614 1985 708 2025 eas
736 1970 1053 2025 attulerunt.
1099 1970 1304 2025 Contra
1348 1985 1471 2040 quae
1516 1970 1698 2024 omnia
1748 1969 1893 2025 Deus
1937 1987 2067 2040 pro-

492 2073 666 2118 tector
685 2073 890 2130 noster,
922 2071 978 2117 et
1016 2061 1421 2117 inconsiderate
1441 2062 1781 2131 obiectarum
1812 2062 2074 2117 crimina-

489 2153 703 2206 tionum
737 2152 1014 2222 depulsor.
1060 2150 1419 2207 Conferemus
1453 2150 1632 2207 autem
1681 2163 1734 2208 et
1765 2167 1866 2207 nos
1895 2154 2073 2207 humi-

494 2245 595 2307 les,
623 2244 670 2299 si
707 2247 926 2315 quando
952 2244 1158 2298 incidat
1208 2259 1411 2310 sermo,
1442 2261 1564 2315 quae
1591 2245 1645 2299 in
1701 2246 1859 2300 nobis
1890 2255 2072 2308 erunt,

495 2336 637 2406 apud
664 2352 761 2392 eos
786 2337 878 2406 qui
904 2336 1179 2392 voluerint
1219 2338 1583 2406 calumniari;
1614 2353 1725 2391 non
1759 2354 1868 2407 quo
1906 2338 2070 2390 bene-

495 2428 678 2483 ficium
714 2429 868 2484 vobis
904 2430 1287 2499 rependamus,
1312 2429 1407 2484 sed
1440 2430 1660 2497 utquod
1692 2429 1948 2484 charitati
1974 2430 2073 2483 de-

496 2520 672 2584 betur,
697 2521 1026 2589 expleamus.
1062 2522 1235 2587 Quam
1269 2521 1339 2575 ob
1362 2535 1584 2576 causam
1633 2521 1872 2576 scribere
1897 2520 2072 2576 coacti

496 2609 702 2666 fuimus
740 2610 832 2665 Dei
883 2612 1263 2667 amantissimo
1297 2611 1444 2665 Patri
1487 2621 1542 2666 et
1582 2612 1823 2681 pontifici
1849 2613 2074 2666 domino

497 2700 772 2757 Philareto
801 2720 815 2758 :
842 2703 888 2758 si
923 2702 1061 2758 forte
1088 2714 1342 2774 suscepta
1393 2703 1558 2757 fuerit
1614 2704 1839 2760 humilis
1886 2715 2071 2760 nostra

499 2793 840 2859 intercessio,
871 2795 938 2850 ad
966 2796 1402 2866 componendam
1431 2811 1642 2866 pacem,
1673 2797 1803 2867 quia
1829 2797 1966 2852 nihil
1992 2810 2075 2854 est

500 2886 924 2953 conducibilius,
951 2896 1007 2942 et
1060 2905 1168 2958 qua
1195 2888 1400 2943 Christi
1434 2888 1708 2958 discipuli,
1741 2891 1834 2960 qui
1868 2891 1936 2946 ab
1958 2893 2076 2961 ipso

499 2980 677 3035 vocati
708 2989 862 3044 sunt,
893 2981 1146 3051 insigniri
1178 2982 1394 3037 debent.
1441 2981 1567 3038 Haec
1597 2984 1745 3038 velut
1767 2983 1823 3038 in
1853 3000 2069 3039 summa

501 3071 567 3125 de
601 3073 669 3127 iis
692 3087 812 3140 quae
844 3083 1059 3142 urgent.
1093 3071 1170 3128 De
1205 3074 1328 3129 aliis
1361 3089 1492 3129 vero
1539 3091 1802 3144 quorsum
1838 3092 1867 3129 a
1918 3077 2075 3130 nobis

502 3162 791 3232 quaesitum
826 3171 912 3218 est
945 3172 1004 3217 ut
1029 3165 1499 3234 respondeamus?
1527 3181 1652 3219 cum
1694 3182 1792 3220 vos
1816 3167 2074 3221 divinitus

502 3249 681 3304 cdocti
736 3250 936 3306 librum
974 3254 1156 3322 magni
1189 3253 1396 3306 Basiliii
1424 3268 1452 3306 a
1488 3253 1598 3307 Deo
1640 3265 1923 3308 exaratum
1976 3257 2074 3308 lia-

506 3339 698 3405 bealls,
731 3339 1018 3396 docentem
1071 3357 1192 3411 quae
1236 3344 1556 3397 monasticae
1598 3361 1693 3398 seu
1748 3345 2078 3400 cmnobiacac

507 3430 629 3484 vita:
651 3430 914 3484 salutaria
937 3440 1063 3485 sunt
1084 3440 1138 3485 et
1162 3432 1313 3486 utilia
1339 3451 1351 3486 :
1383 3433 1590 3503 absque
1616 3450 1726 3503 quo
1755 3449 1856 3489 nec
1884 3437 2082 3506 guber-

506 3537 637 3577 nare
659 3522 821 3593 digne
859 3521 968 3579 Deo
1016 3526 1188 3594 possit
1240 3542 1463 3596 praeses,
1499 3543 1601 3581 nec
1642 3529 1846 3582 utiliter
1887 3531 2082 3598 guber-

505 3615 628 3669 nari
658 3615 933 3672 subditus.
963 3617 1058 3672 Ille
1079 3618 1148 3673 de
1173 3620 1414 3689 quolibet
1442 3629 1496 3674 et
1523 3632 1842 3692 argumento
1884 3632 1937 3676 et
1970 3639 2083 3675 Illa-

510 3706 643 3761 tcria
692 3722 865 3762 sacra:
905 3708 1028 3764 vitae
1055 3710 1384 3765 coanobiacae
1432 3713 1652 3781 propria
1691 3713 2075 3783 interrogatus,

507 3813 605 3868 per
652 3797 916 3870 Spiritum
962 3811 1210 3856 sanctum
1243 3803 1568 3870 respondet:
1613 3813 1670 3856 ut
1717 3805 1946 3873 quiejus
1976 3805 2079 3858 du—

505 3901 653 3946 ctum
688 3893 954 3963 sequitur,
995 3895 1218 3948 ductum
1253 3903 1518 3964 sequatur
1573 3895 1813 3964 Spiritus
1856 3898 2030 3950 sancti
2065 3914 2077 3949 :

509 3985 600 4051 qui
631 3984 680 4038 ei
712 3999 820 4038 non
850 3985 1043 4050 credit,
1067 3986 1286 4041 Christo
1313 3986 1404 4055 qui
1441 4001 1536 4054 per
1577 4003 1700 4039 eum
1734 3987 1950 4040 locutus
1975 3997 2077 4048 est.

510 4090 617 4129 non
646 4077 849 4131 credat.
881 4076 1012 4142 Qua:
1039 4093 1170 4147 ergo
1205 4091 1300 4146 per
1332 4078 1600 4132 incuriam
1634 4077 1892 4132 fratribus
1917 4078 2078 4132 obre-

508 4174 644 4236 punt
673 4167 890 4235 delicta,
953 4183 1015 4222 ea
1049 4184 1143 4238 per
1179 4169 1350 4225 laicos
1399 4169 1646 4224 homines
1688 4170 1920 4238 judicari
1971 4186 2076 4222 non

508 4257 673 4320 licere
702 4272 858 4313 sacer
893 4257 1008 4328 ipse
1052 4259 1254 4313 clamat
1303 4259 1634 4328 Apostolus:
1670 4259 1842 4311 Audet
1886 4258 2077 4328 aliquis

507 4360 737 4402 vestrum
763 4349 958 4405 habens
982 4353 1248 4420 negotium
1271 4352 1520 4408 aduersus
1546 4351 1771 4403 alterum
1796 4392 1810 4415 ,
1834 4351 2075 4419 judicari

508 4441 650 4508 apud
689 4441 896 4512 iniquos
915 4451 967 4496 et
1010 4459 1112 4496 non
1142 4445 1282 4510 apud
1313 4454 1522 4496 sanctos
1545 4443 1684 4495 “'".
1710 4441 1911 4511 Etpost
1932 4445 2033 4495 alia
2061 4463 2073 4498 :

509 4529 599 4584 Sic
617 4548 722 4586 non
747 4544 825 4586 est
849 4535 987 4587 inter
1011 4550 1099 4588 vos
1126 4535 1334 4604 sapiens
1364 4536 1662 4603 quisquam,
1695 4535 1784 4602 qui
1808 4535 2078 4601 possilju-

507 4623 687 4677 dicare
724 4625 862 4677 inter
902 4626 1125 4694 fratrem
1165 4643 1362 4688 suum;
1420 4629 1512 4679 sed
1557 4629 1726 4696 frater
1757 4643 1871 4679 cum
1915 4630 2077 4696 [ratri-

505 4715 792 4768 contendit.
811 4725 858 4769 et
881 4717 978 4770 hoc
1007 4723 1147 4786 apud
1168 4719 1405 4788 inﬁdeles
1428 4718 1749 4772 °°?Perinde
1773 4726 2075 4783 autem-est,

506 4822 571 4862 ac
600 4808 646 4862 si
667 4810 809 4877 apud
852 4809 1096 4864 infideles
1129 4811 1244 4875 fiat,
1299 4812 1442 4880 apud
1476 4811 1647 4864 laicos
1675 4812 2071 4865 monachorum

507 4897 744 4967 negotia,
775 4900 1098 4966 examinari,
1132 4902 1399 4972 etjanum
1432 4902 1501 4957 iis
1531 4902 1765 4969 aperire,
1801 4916 1938 4971 quos
1978 4919 2076 4957 nc-

507 4985 590 5042 fas
621 5001 706 5044 est
750 5003 839 5045 res
869 5002 1089 5047 nostras
1130 4993 1448 5063 inspicere:
1511 4993 1932 5064 absurdumque,
1974 4995 2076 5048 hoc

507 5094 736 5148 prorsus
755 5092 810 5134 et
844 5081 1169 5138 damnosum
1203 5093 1257 5138 et
1283 5082 1543 5140 Ecclesiis
1576 5084 1686 5139 Dei.

569 5428 693 5466 ιιοιο.
722 5429 739 5480 ι
765 5430 893 5494 οοιι,
928 5447 997 5494 vt,
1030 5433 1114 5485 11.
1196 5433 1239 5462 ⁸ο
1279 5434 1406 5487 ibid.
1432 5435 1484 5485 5.

2240 1057 2416 1128 Χάριν
2461 1054 2831 1126 ὁμολογοῦμεν
2873 1056 2948 1126 τῷ
2981 1055 3123 1125 ἁγίῳ
3151 1053 3288 1122 Θεῷ,
3322 1053 3403 1105 ὅτι
3434 1049 3751 1122 ἠξιώθημεν

2167 1146 2420 1213 δέξασθαι
2444 1149 2747 1220 γράμματα
2772 1149 3087 1218 ἀγαπητικά
3130 1144 3227 1216 τῆς
3249 1147 3526 1216 ὁσιότητος
3565 1144 3749 1212 ὑμῶν·

2168 1241 2230 1293 οὐ
2257 1241 2362 1310 μὴν
2411 1239 2687 1312 χρῄζομεν
2704 1239 2997 1307 ἀπολογίας
3018 1237 3105 1291 διὰ
3121 1238 3219 1308 τὴν
3249 1235 3580 1306 βραδυτῆτα.
3598 1235 3753 1295 Τίνες

2170 1332 2279 1404 γὰρ
2322 1333 2481 1402 ἡμεῖς
2534 1334 2583 1384 oi
2617 1331 2889 1397 εὐτελεῖς;
2922 1331 2953 1402 ἢ
3002 1330 3146 1394 τίνος
3184 1330 3368 1382 ἕνεκεν
3407 1327 3546 1388 ὅλως
3593 1326 3655 1377 τὸ
3686 1327 3752 1395 τῇ

2172 1422 2417 1493 ἡμετέρᾳ
2448 1422 2757 1493 οὐθενότητι
2790 1422 3082 1493 ἀναφέρειν
3122 1423 3267 1492 ὑμᾶς
3308 1418 3438 1490 περὶ
3475 1417 3587 1472 τῶν
3623 1434 3753 1485 συγ-

2169 1515 2459 1568 κινούντων
2485 1517 2625 1586 ὑμᾶς
2645 1515 2977 1582 ἀναγκαίων;
2998 1517 3188 1583 Ὅμως
3213 1512 3400 1583 ἐπειδὴ
3428 1511 3755 1582 μετριόφρο·

2169 1625 2256 1670 νες
2285 1609 2644 1678 τυγχάνοντες
2674 1608 2852 1660 οἴδατε
2882 1608 2974 1661 καὶ
3005 1610 3116 1668 τοῖς
3147 1606 3450 1676 ἐλαχίστοις
3476 1621 3755 1673 συμπερι-

2170 1700 2429 1770 φέρεσθαι
2453 1717 2468 1731 °
2517 1701 2740 1763 εἰκότως
2771 1702 2865 1754 καὶ
2893 1701 3046 1754 αὐτοὶ
3087 1700 3421 1767 γεγράφατε,
3452 1699 3550 1751 καὶ
3587 1699 3756 1767 ἡμεῖς

2169 1789 2548 1860 ἐδιδάχθημεν,
2577 1791 2636 1842 οὐ
2667 1790 2825 1858 μόνον
2853 1791 2952 1843 ὅσα
2979 1791 3011 1860 ἡ
3046 1788 3323 1859 ἐπιστολὴ,
3360 1787 3493 1840 ἀλλὰ
3521 1787 3622 1841 καὶ
3651 1787 3754 1840 ὅσα

2169 1884 2218 1934 οἱ
2261 1882 2462 1953 ταύτην
2511 1883 2890 1954 ἐπιφερόμενοι
2936 1881 3353 1950 αίδεσιμώτατοι
3397 1879 3621 1951 ἀδελφοὶ
3651 1883 3751 1932 καὶ

2175 1974 2416 2045 Πατέρες
2448 1975 2710 2039 ἐδίδαξαν.
2745 1975 2884 2028 Καθ’
2923 1968 2997 2028 ὧν
3032 1975 3287 2028 ἁπάντων
3331 1975 3360 2027 6
3403 1972 3534 2036 Θεὸς
3592 1972 3758 2041 ἡμῶν

2176 2061 2591 2132 ὑπερασπιστὴς
2634 2079 2648 2092 ο
2700 2063 2794 2115 καὶ
2839 2062 2947 2114 τῶν
2990 2063 3399 2132 ἐπιφερομένων
3445 2062 3756 2130 ἀλογίστως

2173 2152 2512 2221 αἰτιαμάτων
2538 2152 2885 2222 διαλλακτὴς.
2920 2154 3333 2223 Συνεισοῖσομεν
3362 2153 3418 2207 δὲ
3448 2154 3543 2207 καὶ
3590 2155 3758 2224 ἡμεῖς

2173 2246 2221 2297 οἱ
2248 2245 2508 2307 ταπεινοὶ,
2529 2245 2728 2299 εἴποτε
2763 2244 2920 2313 λόγος
2955 2246 3163 2314 γένοιτο
3185 2247 3251 2300 τὰ
3278 2247 3406 2318 παρ’
3431 2246 3663 2309 ἑαυτῶν,
3697 2249 3756 2297 ἐν

2172 2339 2284 2397 τοῖς
2322 2335 2614 2404 φθάζουσιν
2651 2337 3016 2392 ὲνδιαὸάλλειν
3042 2381 3056 2405 ,
3098 2340 3157 2392 οὺ
3204 2340 3364 2410 χάριν
3413 2339 3542 2408 ὑμῖν
3583 2355 3762 2390 κατα-

2175 2427 2489 2497 ϐαλλόμενοι
2509 2468 2524 2490 ,
2558 2428 2690 2480 ἀλλὰ
2714 2429 2772 2481 τὸ
2801 2430 3280 2500 κεχρεωστημένον
3309 2432 3374 2499 τῇ
3410 2429 3602 2498 ἀγάπῃ
3625 2428 3760 2480 ἀπο-

2174 2518 2574 2589 πληρώσοντες.
2627 2515 2702 2574 Οὗ
2751 2521 2912 2590 χάριν
2971 2519 3398 2588 ἠναγκάσθημεν
3447 2518 3758 2570 ἐπιστεῖλαι

2174 2612 2266 2664 καὶ
2298 2611 2376 2682 τῷ
2405 2611 2805 2680 θεοφιλεστάτῳ
2839 2613 3014 2679 Πατρὶ
3039 2613 3132 2663 καὶ
3155 2611 3403 2680 ἀρχιερεῖ
3427 2610 3606 2681 κυρίῳ
3627 2612 3758 2663 Φιλ-

2175 2702 2381 2771 αρέτῳ·
2435 2701 2550 2767 εἴγε
2595 2701 2688 2753 καὶ
2725 2698 3080 2770 προσδεχθείη
3129 2700 3162 2770 ὴ
3209 2698 3556 2769 παράκλησις
3594 2699 3761 2768 ἡμῶν

2173 2793 2281 2844 τῶν
2306 2792 2596 2855 ταπεινῶν,
2627 2792 2920 2844 συνδέουσα
2956 2789 3024 2844 τὰ
3056 2790 3189 2860 πρὸς
3216 2792 3461 2861 εἰρήνην,
3491 2785 3559 2862 ἧς
3604 2791 3762 2843 οὐδὲν

2175 2885 2632 2956 λυσιτελέστερον,
2669 2885 2762 2938 καὶ
2808 2881 2951 2958 ὲφ’ᾖ
2996 2885 3233 2953 Χριστοῦ
3277 2883 3518 2954 μαθηταὶ
3565 2886 3617 2936 oi
3659 2884 3763 2936 ἀπ’

2177 2981 2341 3034 αὐτοῦ
2359 2978 2703 3049 κεκλημένοι,
2722 2979 2994 3047 ὀφείλουσι
3023 2976 3546 3050 χαρακτηρίξεσθαι.
3566 2978 3759 3030 Ταῦτα

2175 3072 2248 3134 ὠς
2278 3074 2334 3124 ὲν
2377 3071 2655 3139 κεφαλαίῳ
2699 3070 2828 3139 περὶ
2859 3070 2965 3122 τῶν
2995 3071 3452 3137 κατεπειγόντων.
3489 3069 3667 3141 ’Υπὲρ
3702 3071 3761 3123 δὲ

2175 3164 2282 3216 τῶν
2311 3163 2507 3229 ἄλλων,
2529 3163 2580 3214 τί
2611 3162 2702 3214 καὶ
2731 3160 3145 3232 ὲπεζητήθημεν
3185 3161 3320 3222 ὅλως
3351 3159 3760 3230 ἀποκριθῆναις

2177 3254 2408 3322 ἑχόντων
2431 3253 2583 3322 ὑμῶν
2613 3256 2721 3305 τῶν
2754 3252 3105 3306 θεοδιδάκτων
3131 3252 3228 3320 τὴν
3261 3252 3629 3323 θεοχάρακτον
3667 3252 3753 3322 βίο-

2186 3345 2311 3397 ὁλον
2336 3342 2429 3395 τοῦ
2460 3344 2696 3412 μεγάλου
2728 3343 3031 3407 Βασιλείου,
3070 3344 3428 3398 διδάσκουσαν
3452 3345 3547 3398 τοῦ
3587 3362 3765 3414 μονα-

2182 3436 2352 3501 διχοῦ,
2389 3435 2486 3488 εἴτ’
2507 3432 2599 3489 οὖν
2633 3436 2973 3490 κοινοὸιακοῦ
3006 3436 3120 3506 βίου
3149 3439 3216 3491 τὰ
3240 3438 3480 3508 σωτήρια
3509 3440 3605 3491 καὶ
3632 3438 3762 3509 ὀνη-

2182 3529 2409 3598 σίφορα’
2446 3522 2513 3598 ἦς
2550 3528 2719 3598 χωρὶς
2751 3529 2848 3580 οὐκ
2881 3527 3027 3580 ἔστιν
3060 3527 3183 3580 οὗτε
3224 3529 3591 3600 καθώηγῆσαι
3633 3529 3764 3582 θεο-

2183 3618 2428 3688 πρεπῶς,
2455 3617 2576 3671 οὕτε
2605 3619 3035 3688 καθοδηγηθῆναι
3056 3618 3366 3685 λυσιτελῶς,
3393 3619 3484 3672 καὶ
3514 3621 3762 3689 ἄρχοντα

2181 3711 2275 3760 καὶ
2304 3709 2622 3778 ἀρχόμενον.
2662 3710 2897 3772 Ἐκεῖνος
2932 3707 3283 3779 ἐρωτώμενος
3313 3711 3404 3763 ἐπὶ
3438 3712 3586 3781 πάσῃ
3621 3713 3762 3764 ὐπο-

2183 3801 2327 3853 Οέσει
2373 3800 2464 3852 καὶ¹
2497 3802 2716 3870 ἀφορμῇ
2747 3801 2845 3870 τῆς
2885 3803 2941 3853 ὲν
2972 3800 3223 3871 κοινοϐίῳ
3266 3803 3413 3872 ἱερᾶς
3454 3801 3626 3874 ζωῆς,
3667 3805 3762 3858 διὰ

2182 3892 2320 3944 Πνεύ
2331 3909 2493 3961 ματος
2514 3892 2667 3958 ἁγίου
2693 3892 3050 3962 ἀποκέκριται
3073 3908 3086 3922 ·
3113 3894 3209 3947 καὶ
3232 3897 3259 3947 6
3283 3895 3476 3964 ἐκείνῳ
3499 3897 3760 3968 στοιχῶν,

2182 3984 2463 4052 ὲστοίχησε
2516 3984 2591 4054 τῷ
2631 3983 2768 4051 ἁγίῳ
2811 3982 3121 4052 Πνεύματιθ
3168 3987 3197 4038 6
3229 3985 3274 4036 δ’
3306 3985 3454 4055 αὐτῷ
3484 3987 3757 4053 ἀπειθῶν,

2182 4075 2444 4143 ἠπείθησε
2472 4076 2548 4143 τῷ
2578 4077 2633 4126 ὲν
2661 4074 2806 4145 αὑτῷ
2845 4075 3202 4146 φθεγξαμένῳ
3231 4076 3469 4147 Χριστῷ.
3504 4077 3585 4129 Τὰ
3619 4078 3760 4147 γοῦν

2184 4167 2562 4234 συμπίπτοντα
2589 4167 2646 4231 ἐξ
2675 4168 3002 4236 ἀπροσεξίας
3029 4171 3139 4230 τοῖς
3166 4169 3412 4236 ἀδελφοῖς
3435 4169 3756 4240 σφάλματα,

2181 4258 2278 4309 οὐκ
2307 4257 2423 4321 ἐξὸν
2456 4258 2545 4309 ἐπὶ
2568 4257 2770 4310 λαῖκῶν
2799 4259 3102 4327 προσώπων
3135 4259 3437 4327 κρίνεσθαι,
3465 4261 3559 4312 καὶ
3587 4263 3759 4324 αὐτὸς

2180 4348 2370 4420 διερὸς
2407 4347 2724 4410 Ἀπόστολος
2768 4349 2896 4418 βοᾷο
2938 4348 3133 4417 Τολμᾷ
3176 4368 3265 4413 τις
3311 4348 3476 4417 ὑμῶν
3511 4350 3760 4419 πρᾶγμα

2178 4439 2333 4508 ἔχων
2359 4441 2665 4507 κρίνεσθαι
2692 4440 2788 4492 ἐπὶ
2817 4440 2932 4492 τῶν
2956 4440 3198 4503 ἀδίκων,
3225 4440 3321 4492 κα)
3346 4440 3479 4508 οὐχὶ
3504 4442 3603 4493 ἐπὶ
3631 4441 3761 4495 τῶν

2179 4529 2399 4597 ἀγιων;
2432 4531 2540 4582 Καὶ
2571 4529 2869 4598 μεθ’ἓτερα
2893 4546 2907 4559 ο
2944 4530 3139 4594 Οὕτως
3197 4532 3306 4583 οὐκ
3354 4530 3445 4584 ἔνι
3490 4532 3562 4584 ἐν
3605 4533 3759 4600 ὑμῖν

2116 4656 2152 4704 Ι)
2181 4621 2370 4689 σοφὸς
2406 4620 2547 4673 οὐδὲ
2573 4616 2678 4685 εἷς,
2709 4621 2776 4686 ὃς
2800 4620 3126 4685 δυνήσεται
3159 4620 3468 4689 ἀνακρῖναι
3496 4622 3612 4676 ἀνὰ
3641 4624 3756 4692 μέ-

2180 4729 2294 4764 σον
2339 4711 2445 4764 τοῦ
2494 4711 2761 4778 ἀδελφοῦ
2813 4710 3036 4765 αὑτοῦ·
3091 4710 3252 4764 ἀλλὰ
3297 4710 3560 4779 ἀδελφὸς
3598 4713 3762 4780 μετὰ

2178 4803 2443 4870 ἀδελφοῦ
2474 4803 2754 4869 κρίνεται,
2788 4804 2885 4855 καὶ
2916 4803 3092 4856 τοῦτο
3127 4803 3225 4856 ἐπὶ
3259 4804 3550 4858 ἀπίστων.
3607 4806 3761 4859 Ἴσον

2177 4898 2230 4949 δὲ
2255 4896 2360 4948 τῶν
2387 4895 2629 4948 ἀπίστων
2659 4896 2772 4948 ἐστὶ
2799 4895 2859 4948 τὸ
2882 4896 2974 4948 ἐπὶ
3002 4897 3110 4949 τῶν
3134 4895 3335 4949 λαῖκῶν
3360 4896 3427 4949 τὰ
3448 4899 3557 4949 τῶν
3588 4915 3763 4968 μονα-

2178 4988 2289 5058 χὼν
2339 4988 2711 5054 ἐξετάζεσθαι,
2755 4991 2850 5042 καὶ
2909 4990 3145 5056 ἀνοίγειν
3189 4989 3360 5061 θύραν
3419 4987 3502 5051 οἷς
3559 4992 3764 5062 ἀθέμι-

2176 5095 2269 5129 τον
2315 5078 2696 5150 παρακύπτειν
2742 5081 2822 5143 είς
2861 5078 2929 5132 τὰ
2973 5081 3250 5150 ἡμέτερα·
3299 5081 3391 5134 καὶ
3441 5082 3599 5135 τοῦτο
3649 5085 3767 5137 ἀπ-

2185 5168 2308 5238 ᾴδον
2344 5169 2460 5220 ἐστὶ
2483 5170 2798 5222 παντάπασι
2844 5172 2938 5224 καὶ
2983 5171 3300 5242 ἀσύμφορον
3341 5175 3406 5244 τῇ
3455 5173 3763 5247 Ἐκκλησία

2184 5259 2274 5311 τοῦ
2309 5260 2465 5315 Θεοῦ.

2017 5587 2242 5643 Νυτιιῐ.

575 5743 647 5812 (⁸)
681 5742 1004 5813 Dogmatica.

2277 5743 2385 5815 (56)
2418 5744 2471 5797 In
2495 5747 2613 5798 cori.
2642 5746 2775 5817 Reg.
2822 5748 2945 5816 ρνδ’.
