3934 6520
228 517 339 581 1521

1379 506 1920 567 EPISTULARUM
1979 504 2126 563 LIB.
2168 504 2256 562 Ιῐ.

3297 499 3435 561 1522

283 628 399 696 Περὶ
421 623 698 692 ἀππαγῆς
730 622 824 675 καὶ
845 621 1227 690 ἀποκάρσεως,
1253 619 1440 690 ἐπειδὴ
1464 620 1558 672 καὶ
1581 617 1768 671 τούτου

1944 612 2022 668 De
2059 610 2464 666 renuntiatinne
2514 617 2570 663 et
2616 618 2866 671 tonsura,
2893 604 3335 677 quandoquidem
3371 611 3440 659 de

221 719 375 786 λόγος,
423 715 544 768 οὔτε
604 715 666 766 τὸ
711 713 1058 767 ἀποσείεσθαι
1092 713 1408 766 ἀκίνδυνονο
1451 711 1585 780 φησὶ
1630 710 1761 778 γὰρ,

227 810 326 864 τὸν
349 807 668 874 ἐρχόμενον
694 806 844 873 πρός
865 821 963 874 με,
993 805 1064 857 οὐ
1085 804 1170 872 μὴ
1197 803 1425 858 ἐκϐάλω
1454 803 1571 867 ἕξω
1593 817 1607 832 °
1641 801 1765 855 οὕτε

219 905 271 954 τὸ
293 897 604 969 προσίεσθαι
633 897 819 959 ἁπλῶς
859 898 950 950 καὶ
989 896 1064 959 ὠς
1097 897 1280 966 ἔτυχε·
1316 896 1410 948 καὶ
1454 892 1765 963 ἀποκείρειν

221 993 664 1059 ἀνεπιστημόνως,
705 990 874 1043 ὅσιον.
908 988 971 1040 Et
1009 986 1118 1058 γὰρ
1150 987 1346 1052 οὐδεὶς
1373 985 1765 1054 στρατευόμε-

213 1103 307 1150 νος
331 1081 682 1153 ἐμπλέκεται
710 1081 838 1146 ταῖς
870 1081 976 1135 τοῦ
1003 1082 1149 1145 ,ϐίου
1195 1081 1638 1148 πραγματείαις,
1669 1078 1769 1130 ἵνα

213 1178 283 1239 τῷ
306 1175 851 1243 στρατολογήσαντι
875 1171 1086 1240 ἀρέσῃ,
1117 1172 1261 1224 καθά
1295 1172 1604 1243 γέγραπται
1627 1187 1642 1202 σ
1673 1171 1770 1222 πό-

214 1267 380 1338 σῳνδὴ
425 1267 520 1321 οὖν
550 1266 751 1337 μᾶλλον
785 1266 876 1316 ἐπὶ
903 1265 1030 1334 τῇδε
1069 1267 1136 1334 τῇ
1185 1264 1458 1334 θεολὲκτῳ
1495 1264 1766 1332 στρατιᾷς

216 1360 370 1411 Πᾶσιν
396 1358 766 1422 ἀποτάξασθαι
789 1356 888 1419 δεῖ,
912 1357 1131 1409 πάντων
1158 1353 1622 1424 ἀπογυμνωθῆναι
1643 1354 1767 1423 χρὴ,

212 1453 416 1504 πάντων
444 1452 829 1521 ἀπορραγῆναι
847 1447 985 1509 δέον,
1010 1447 1104 1498 καὶ⁹
1127 1446 1388 1514 σχέσεων,
1417 1445 1510 1498 καὶ
1531 1444 1768 1508 οἰκείων,

211 1545 296 1596 καὶ
321 1543 507 1611 φίλων,
528 1542 626 1595 καὶ
654 1541 953 1608 συγγενῶν,
987 1540 1081 1592 καὶ
1107 1539 1200 1592 τοῦ
1225 1538 1540 1608 σύμπαντος
1562 1538 1771 1608 κόσμου

209 1635 338 1689 κατά
356 1635 596 1689 διάθεσιν
623 1633 944 1704 ξενωθῆναι,
983 1632 1076 1684 τόν
1101 1649 1163 1699 γε
1193 1632 1271 1696 ὡς
1299 1630 1515 1698 ἀληθῶς
1543 1629 1771 1684 ἀκολου-

208 1732 310 1782 θεῖν
338 1729 600 1799 μὲλλοντα
618 1726 695 1796 τῷ
721 1725 939 1794 Χριστῴ
957 1739 969 1753 ·
992 1720 1091 1776 εἷθ’
1113 1723 1283 1786 οὕτως
1312 1721 1656 1791 στοιχηθῆναι
1680 1721 1774 1773 καὶ

203 1819 593 1888 διαπλασθῆναι
620 1818 719 1884 τὴν
747 1815 1029 1885 θεοστοιχῆ
1062 1814 1158 1868 κα)⁸
1186 1813 1516 1866 θεόπλαστον
1552 1813 1772 1882 μοναδι-

206 1913 298 1980 κὴν
323 1911 438 1977 ἕξιν
465 1927 480 1941 ·
509 1910 601 1962 καὶ
624 1909 819 1978 πεῖραν
852 1907 1009 1959 δοντα
1043 1907 1138 1960 καὶ
1169 1905 1400 1975 βάσανον
1425 1904 1647 1976 ἀρετῆς,
1677 1903 1773 1957 οὖ-

203 2019 301 2065 τως
323 2001 644 2071 εἰσαχθῆναι
672 2002 738 2068 τῇ
770 1997 1042 2069 μαρτυρίᾳ
1069 1997 1179 2050 τῶν
1213 1996 1421 2049 πολλῶν
1436 1999 1524 2058 εἰς
1554 1996 1648 2066 τὴν
1677 2013 1770 2065 μο-

201 2097 420 2165 ναχικὴν
459 2095 760 2157 τελείωσιν,
796 2095 889 2146 καὶ
922 2094 1017 2146 ἕνα
1055 2093 1308 2160 γενέσθαι
1355 2091 1466 2144 τῶν
1507 2091 1603 2143 τοῦ
1636 2091 1770 2161 Χρι-

203 2166 324 2238 στοῦ
381 2185 691 2256 προὸάτων.
765 2183 1052 2253 ’Δμυήτως
1116 2182 1173 2235 δὲ
1228 2181 1324 2235 καὶ
1388 2179 1635 2250 ἀμαθῶς,
1694 2179 1768 2241 ὡς

201 2279 542 2348 ἀπήγγελται
599 2277 752 2346 ἡμῖν,
810 2273 1220 2346 ἀποκείρεσθαι,
1282 2272 1616 2326 ἐπικίνδυνον
1677 2272 1770 2324 καὶ

200 2369 608 2443 ὀλεθριώτατον,
663 2368 756 2421 καὶ
803 2366 880 2436 τῷ
911 2367 1216 2436 κειρομένῳ
1261 2365 1356 2418 καὶ⁵
1396 2363 1476 2432 τῷ
1510 2363 1765 2434 κείροντι.

212 2463 367 2514 Ἀλλά
412 2464 523 2531 γὰρ
575 2459 672 2513 καὶ
722 2459 1190 2528 ἀποσχηματίςειν
1222 2455 1477 2526 μοναχὸν,
1509 2455 1622 2507 ῐσον
1652 2454 1770 2508 ἐστὶ

199 2553 271 2622 τῷ
313 2550 736 2615 ἀποδαπτίζειν.
765 2549 943 2612 Ὀλως
975 2549 1240 2617 τολμᾶται
1281 2548 1440 2602 τοῦτο
1485 2546 1762 2616 γίνεσθαι⁶

199 2641 422 2712 φρικτόν
449 2644 567 2693 ἐστι
611 2639 707 2693 καὶ
736 2639 1088 2708 ἀκουόμενον.
1124 2639 1188 2694 El
1217 2638 1275 2692 δὲ
1311 2637 1450 2708 μετά
1485 2637 1581 2692 τοῦ
1619 2637 1768 2691 δεόν-

197 2747 298 2793 τως
334 2732 652 2800 ἀποκεῖραι,
697 2728 885 2800 ἐπειδὴ
927 2728 1279 2782 ὑπονοστοῦσί
1332 2746 1476 2792 τινες
1524 2728 1660 2800 πρὸς
1699 2729 1768 2780 τά

197 2820 414 2890 χείρονα
438 2837 453 2851 ο
487 2821 614 2882 τοὺς
653 2821 926 2882 τοιούτους
969 2820 1328 2889 ἐπιμένοντας
1356 2823 1421 2891 τῇ
1454 2821 1641 2891 κακίᾳ,
1676 2820 1770 2873 καὶ

199 2912 270 2982 μὴ
298 2911 568 2982 ἰωμένους
592 2911 816 2973 ἑαυτοὺς
833 2913 890 2964 ὲν
907 2913 1019 2974 τοῖς
1043 2914 1292 2980 ψυχικοῖς
1320 2912 1574 2982 ἀρῤωστή
1584 2927 1768 2980 μασιν,

196 3004 568 3057 ἑκκόπτεσθαι
620 3003 727 3074 χρὴ
776 3004 876 3073 τῆς
934 3004 1316 3073 ἀδελφότητος,
1357 3004 1480 3058 καθ’
1512 3003 1770 3074 ὁμοίωσιν

196 3096 300 3149 τῶν
335 3099 660 3169 σεσηπότων
709 3097 905 3168 μελῶν,
953 3097 1027 3162 ὡς
1060 3099 1124 3152 ἀν
1161 3099 1235 3169 μὴ
1271 3101 1337 3169 τῇ
1387 3099 1640 3169 συνεχείᾳ
1677 3099 1771 3151 καὶ

193 3188 253 3238 τὸ
280 3188 440 3255 ὑγιὲς
475 3188 785 3259 βλάπτοιτο.
821 3189 959 3258 Φησὶ
996 3190 1103 3260 γὰρ
1135 3191 1164 3243 ὁ
1204 3190 1430 3261 Κύριοςο
1463 3188 1771 3259 Συμφερές

195 3293 292 3330 σοι
316 3280 424 3332 ἶνα
448 3279 520 3333 ἐν
543 3278 662 3333 τῶν
681 3279 882 3348 μελῶν
914 3297 1029 3336 σου
1055 3282 1353 3350 ἀποκοπῇ,
1387 3284 1485 3337 καὶ
1510 3282 1595 3352 μὴ
1625 3282 1772 3337 ὅλον

192 3370 257 3420 τὸ
284 3368 468 3439 σῶμα
500 3384 618 3424 σου
643 3371 852 3439 ,ϐληθῇ
880 3374 967 3438 είς
991 3373 1105 3440 τὴν
1138 3374 1392 3443 γέενναν
1425 3376 1532 3428 τοῦ
1562 3377 1774 3444 πυρός.

206 3458 329 3512 Ἐὰν
353 3461 416 3513 δὲ
443 3461 590 3531 ἄλλῳ
621 3461 848 3515 δυνατὸν
885 3459 918 3537 ᾖ
943 3464 1034 3517 τὸν
1063 3465 1366 3519 ἐκκοπέντα
1397 3466 1776 3536 προσήκασθαι

191 3550 334 3602 κα.τά
369 3551 791 3622 φιλανθρωπίας
819 3556 1039 3625 τρόπον,
1070 3557 1170 3609 οὐκ
1199 3556 1303 3621 ἔξω
1337 3556 1429 3610 τοῦ
1466 3559 1693 3620 εἰκότος·
1728 3557 1780 3609 εί

191 3657 252 3710 γε
287 3646 551 3717 εὑρεθείη
584 3647 1148 3720 ὲπιστημονικώτερος
1193 3647 1482 3720 ἰατρεύειν,
1529 3648 1666 3702 ἀλλά
1703 3649 1778 3719 μὴ

188 3737 399 3791 ἀπολλυ
411 3738 592 3808 μένων
621 3741 1184 3811 συμπεριφερόμενος.
1208 3743 1271 3794 Oi
1301 3740 1358 3794 δὲ
1381 3740 1556 3804 ἄλλως
1582 3741 1779 3809 κουφό-

189 3845 344 3885 τατοι
368 3832 766 3901 ἀποπηδῶντες
792 3831 886 3886 τοῦ
909 3834 1198 3904 κοινοὸίου,
1221 3834 1579 3905 ἀπρὸσδεκτοι
1606 3833 1776 3888 ἔστω-

189 3940 286 3974 σαν
339 3928 499 3989 ταϊς·
532 3925 721 3991 ἄλλαις
757 3926 1113 3997 ἀδελφότησιν
1135 3943 1150 3957 ‘
1183 3927 1270 3982 ῐνα
1317 3927 1690 3997 συνασπισμὸς

189 4013 285 4064 καὶ
310 4017 616 4085 συμφωνία
643 4016 786 4070 κατά
808 4019 984 4071 πάντα
1008 4019 1119 4082 τοῖς
1145 4019 1280 4071 πᾶσι
1297 4034 1312 4050 ο
1341 4018 1438 4072 καὶ
1469 4017 1543 4088 μὴ
1570 4017 1660 4070 ὑπ’
1682 4017 1778 4072 ἀλ-

187 4105 369 4174 λήλων
397 4111 476 4162 τὰ
506 4109 749 4178 ἀλλήλων
772 4109 1133 4174 καταλύοντες
1164 4111 1589 4181 σπουδάσματα’
1620 4107 1682 4174 ὲξ
1704 4105 1779 4164 ὧν

188 4199 246 4250 οὐ
275 4201 509 4270 κεφαλὴ
538 4202 566 4253 ὁ
596 4201 849 4270 Χριστὸς,
872 4203 899 4255 ὁ
918 4205 982 4271 τῇ
1013 4203 1201 4273 εἰρήνῃ
1231 4203 1463 4255 συνδέων
1487 4202 1553 4254 τά
1580 4203 1776 4267 πάντα,

183 4289 324 4346 ἀλλά
358 4293 496 4358 τίς;
545 4294 874 4347 ἀπευκταῖον
926 4294 1022 4348 καὶ
1067 4294 1264 4362 λέγειν.
1297 4293 1493 4348 Δοῦλον
1534 4293 1592 4348 δὲ
1633 4292 1780 4364 ἔχειν

188 4383 438 4454 μοναχὸν
482 4384 565 4447 είς
601 4386 982 4456 μοναστήριον,
1021 4385 1277 4448 τοσοῦτον
1306 4385 1453 4450 ξένον
1485 4386 1561 4449 ὡς
1592 4386 1689 4439 καὶ
1718 4384 1780 4439 τὸ

181 4473 332 4544 ἔχειν
372 4477 653 4544 γυναῖκα’
701 4477 985 4548 ἀμφότερα
1020 4478 1128 4549 γάρ
1163 4479 1261 4546 τῆς
1290 4478 1577 4549 παρακοῆς
1623 4477 1780 4548 εὑρέ-

185 4584 340 4634 ματα
359 4583 377 4598 ο
417 4567 651 4630 καὶτοῖς
671 4569 751 4631 είς
776 4568 836 4620 τὸ
861 4571 981 4622 κατ’
1007 4570 1180 4640 ἀρχὰς
1208 4571 1538 4640 ἀναδραμεῖν
1558 4571 1778 4640 ἐφιεμέ-

179 4677 291 4722 νοις
325 4659 427 4714 διὰ
464 4659 568 4728 τῆς
602 4659 895 4730 μοναδικῆς
929 4661 1224 4728 πολιτείας,
1255 4663 1348 4716 καὶ
1393 4663 1490 4734 τὴν
1518 4665 1777 4734 ἀπήμονα

180 4751 276 4802 τοῦ
327 4752 679 4822 παραδείσου
734 4751 880 4823 ζωὴν
936 4754 1220 4823 μιμεῖσθαι
1263 4753 1616 4825 ἐζηλωκόσιν,
1643 4756 1779 4810 ἀπό-

179 4846 366 4916 ϐλητα
399 4848 479 4900 τά
513 4850 908 4920 προειρημένα.
946 4849 1132 4903 Ταῦτα
1163 4851 1263 4902 οὐκ
1293 4850 1520 4914 οἴκοθεν,
1557 4851 1673 4904 ἀλλ’
1719 4851 1779 4917 ἐξ

182 4927 256 4985 ὧν
299 4937 354 4989 οἱ
411 4936 668 5007 θεοφόροι
720 4939 963 5008 Πατέρες
1016 4939 1368 5008 φθέγγοντες,
1402 4938 1777 5011 συνειληχότες

180 5027 633 5098 ύπομνηστικῶς
673 5029 1089 5099 ἐφθεγξάμεθα⁸
1125 5031 1437 5102 αίτούμενοι
1476 5033 1620 5101 ὑμᾶς
1651 5033 1777 5096 τοὺς

181 5118 497 5189 πανιέρους
551 5119 948 5189 προσεύχεσθαι
997 5121 1071 5190 μὴ
1106 5121 1264 5190 μόνον
1312 5123 1491 5191 λέγειν
1522 5124 1666 5193 ἡμᾶς
1707 5123 1775 5176 τά

177 5207 349 5271 καλὰ,
387 5205 538 5259 ἀλλά
564 5207 662 5259 καὶ
693 5207 955 5278 πράττειν
985 5210 1043 5263 ὲν
1070 5211 1280 5280 Κυρίῳ.

404 5319 558 5372 ΡΞΕ⁹
586 5320 721 5391 (57).
743 5352 813 5362 -
835 5322 1136 5390 Γρηγορίῳ
1162 5324 1369 5391 τέκνῳ.
1410 5324 1562 5397 [σγ’.]

1867 706 1974 761 hoc
2007 705 2171 759 etiam
2227 718 2444 758 sermo:
2479 715 2580 755 nec
2627 699 2870 771 periculo
2916 707 3075 753 vacat
3129 696 3437 768 repellere;

1865 800 1941 856 ait
1966 798 2112 852 enim
2144 813 2159 850 :
2194 794 2332 848 Eum
2357 794 2448 864 qui
2467 794 2605 847 venit
2634 794 2702 848 ad
2724 808 2826 858 me,
2845 808 2949 846 non
2969 791 3182 857 eiiciam
3197 791 3344 863 {oras
3357 789 3438 844 “z

1867 903 2046 958 neque
2072 895 2275 942 temere
2302 900 2366 940 ac
2390 885 2614 940 fortuito
2654 884 2964 950 admittere,
2992 893 3046 939 et
3079 884 3304 939 tondere
3335 882 3443 939 im-

1866 982 2062 1051 perite,
2099 989 2345 1035 sanctum
2373 987 2474 1033 est.
2503 976 2637 1039 Nam
2662 977 2708 1032 si
2742 993 2892 1031 nemo
2924 975 3159 1030 militans
3201 976 3444 1045 implicat

1869 1072 2091 1142 negotiis
2128 1069 2495 1137 saecularibus,
2523 1077 2584 1122 ut
2605 1069 2654 1122 ei
2691 1067 2895 1136 placeat
2922 1068 3010 1120 cui
3032 1083 3084 1120 se
3107 1065 3344 1136 probavit
3372 1066 3443 1130 ⁶²,

1868 1165 2010 1220 sicut
2042 1164 2305 1236 scriptum
2332 1174 2434 1230 est,
2457 1170 2663 1233 quanto
2695 1161 2868 1233 magis
2898 1161 2955 1216 in
2983 1161 3086 1216 hac
3108 1175 3140 1216 a
3169 1161 3281 1217 Deo
3305 1176 3442 1216 con-

1871 1259 2058 1314 stituta
2080 1257 2271 1311 militia
2295 1256 2318 1310 ’ἒ
2341 1254 2608 1311 Omnibus
2636 1263 2954 1310 renuntiare
2992 1261 3228 1325 oportet,
3266 1253 3445 1310 omni-

1871 1349 1976 1403 bus
2013 1349 2236 1418 spoliari
2267 1361 2490 1403 necesse
2531 1355 2634 1412 est,
2667 1346 2734 1401 ab
2759 1346 3018 1404 omnibus
3061 1345 3220 1401 avelli
3246 1359 3445 1400 conve-

1874 1443 1975 1503 nit,
2033 1451 2089 1495 et
2118 1439 2428 1503 allectibus,
2461 1448 2517 1492 et
2567 1437 2904 1501 domesticis,
2933 1443 2989 1492 et
3015 1436 3229 1501 amicis,
3261 1445 3316 1491 et
3349 1451 3445 1491 co-

1879 1533 2080 1605 gnatis,
2113 1541 2170 1588 et
2201 1548 2231 1586 a
2259 1531 2466 1586 mundo
2495 1531 2755 1586 universo
2784 1529 3064 1584 voluntate
3107 1527 3445 1599 peregrinari

1873 1641 2020 1691 eum,
2051 1624 2144 1694 qui
2193 1639 2320 1679 vere
2364 1632 2654 1679 secuturus
2700 1623 2776 1677 sit
2824 1621 3144 1676 Christum:
3177 1629 3340 1690 atque
3367 1619 3444 1675 ita

1876 1719 2085 1774 institui
2114 1728 2168 1775 et
2189 1718 2418 1773 formari
2447 1718 2807 1774 monasticam
2843 1715 3240 1788 professionem
3271 1733 3303 1772 a
3329 1716 3442 1772 Deo

1875 1812 2154 1866 conditam
2185 1830 2201 1868 :
2234 1827 2470 1882 eumque
2507 1812 2664 1882 cujus
2695 1813 2866 1866 virtus
2889 1820 3132 1882 spectata
3168 1818 3334 1880 atque
3352 1823 3450 1864 ex-

1876 1913 2029 1974 perta
2051 1903 2234 1969 luerit,
2279 1903 2359 1959 sic
2392 1903 2667 1960 introduci
2723 1902 2829 1958 sub
2863 1902 3165 1958 multorum
3200 1901 3450 1959 testimo-

1878 1996 1968 2048 uio
1999 1994 2065 2048 ad
2089 1995 2468 2050 monachicam
2496 1994 2911 2066 perfectionem,
2951 2003 3006 2048 et
3043 2008 3210 2049 unam
3241 1992 3356 2048 ﬁeri
3381 1993 3451 2049 de

1874 2085 2068 2139 nvibus
2097 2083 2323 2140 Christi.
2354 2086 2483 2142 Sine
2513 2086 2820 2141 initiatione
2846 2094 3026 2141 autem
3048 2094 3103 2142 et
3118 2085 3240 2140 sine
3269 2086 3452 2141 scien-

1877 2176 1973 2240 tia,
2006 2185 2066 2229 ut
2093 2175 2252 2231 nobis
2270 2177 2648 2233 denuntiatum
2681 2176 2804 2241 fuit,
2839 2177 3052 2232 tonderi
3072 2178 3450 2248 periculosum

1873 2278 1982 2329 est,
2018 2282 2085 2322 ac
2103 2268 2637 2336 perniciosissimum
2669 2278 2724 2324 et
2756 2277 2914 2325 tonso
2949 2279 3004 2325 et
3038 2269 3310 2326 tondenti.
3342 2268 3451 2327 Sed

1876 2369 1931 2411 et
1957 2357 2202 2413 habitum
2229 2359 2515 2416 detrahere
2544 2361 2836 2428 monacho,
2887 2361 3116 2430 perinde
3146 2370 3233 2418 est
3258 2377 3322 2418 ac
3355 2361 3454 2418 bn-

1875 2449 2078 2518 ptismo
2109 2449 2369 2519 spoliare.
2400 2448 2639 2505 Omnino
2669 2464 2736 2504 eo
2764 2451 3080 2520 proceditur
3107 2451 3354 2508 audaciae
3387 2463 3450 2509 ut

1895 2541 2044 2597 istud
2073 2541 2188 2607 ﬁat,
2217 2543 2516 2598 orrendum
2545 2551 2633 2598 est
2659 2543 2747 2598 vel
2784 2543 3000 2600 auditu.
3033 2543 3094 2599 Si
3121 2558 3253 2600 vero
3293 2552 3455 2616 post-

1874 2651 2039 2706 quam
2080 2643 2304 2691 tonsura
2333 2636 2439 2692 rite
2488 2635 2633 2690 facta
2687 2635 2873 2702 fuerit,
2932 2637 3002 2692 ad
3035 2637 3308 2694 deteriora
3365 2651 3456 2692 re-

1875 2728 2040 2782 deant
2083 2726 2275 2797 aliqui,
2317 2727 2465 2797 iique
2509 2727 2806 2798 persistant
2845 2728 2903 2783 in
2957 2727 3330 2798 improbitate,
3352 2741 3454 2782 nec

1875 2819 2072 2873 animae
2110 2833 2224 2874 suae
2256 2819 2480 2874 morbos
2515 2819 3019 2886 curent;exscindi
3059 2819 3258 2875 debent
3285 2817 3452 2875 al'rac-

1875 2920 2020 2964 trum
2053 2922 2224 2978 cuitu,
2265 2911 2408 2966 sicut
2456 2910 2634 2966 solent
2661 2912 2875 2980 putrida
2909 2912 3175 2976 membra,
3226 2926 3295 2967 ne
3315 2926 3455 2968 con-

1877 3011 2024 3057 tactu
2053 3004 2197 3072 quod
2227 3018 2423 3059 sanum
2451 3010 2535 3058 est
2560 3003 2803 3058 laedatur.
2838 3002 2978 3058 Dicit
2994 3005 3139 3058 enim
3157 3003 3452 3062 Dominus:

1877 3094 2115 3149 Prtc'stat
2144 3112 2306 3149 unum
2332 3095 2396 3150 de
2425 3096 2673 3149 membris
2717 3097 2822 3149 tuis
2875 3096 3136 3161 abscindi,
3170 3113 3330 3170 quam
3374 3106 3454 3150 to-

1878 3197 1989 3241 tum
2033 3203 2222 3257 corpus
2254 3197 2402 3242 tuum
2452 3189 2594 3242 mitti
2622 3189 2676 3242 in
2721 3187 3010 3259 gehennam
3056 3189 3192 3258 ignis
3210 3189 3277 3245 ⁶³.
3316 3186 3452 3244 Eunt

1876 3291 2056 3336 autem
2090 3279 2185 3351 qui
2208 3282 2478 3335 rescissus
2513 3290 2616 3347 est,
2645 3280 2714 3334 ab
2735 3281 2907 3335 altero
2938 3281 3146 3351 suscipi
3193 3281 3458 3336 humani-

1878 3372 2009 3427 tatis
2030 3372 2226 3444 gratia,
2267 3387 2378 3427 non
2409 3383 2492 3426 est
2525 3359 2722 3441 prazier
2742 3371 2826 3428 fas
2852 3384 2908 3428 et
2941 3389 3159 3444 aequum
3187 3392 3203 3441 ;
3248 3375 3297 3430 si
3330 3389 3451 3430 mo-

1876 3467 2006 3523 dum
2062 3467 2291 3538 peritior
2332 3465 2577 3522 medicus
2611 3466 2922 3523 inveniatur
2975 3469 3071 3538 qui
3102 3485 3228 3524 eum
3272 3479 3449 3534 sanet,

1879 3575 1980 3615 nec
2012 3575 2042 3614 a
2075 3561 2431 3629 pereuntibus
2475 3560 2637 3616 simul
2687 3560 3010 3625 abducatur,
3059 3561 3325 3616 Cancrum
3356 3564 3452 3631 qui

1877 3669 1976 3724 per
2020 3653 2291 3709 levitatem
2337 3662 2395 3709 et
2453 3653 2704 3709 eoenobio
2760 3652 3044 3718 resiliunt,
3076 3653 3146 3708 ab
3178 3654 3302 3710 aliis
3335 3653 3452 3710 fra-

1880 3746 2230 3802 ternitatibus
2269 3747 2417 3800 nullo
2464 3746 2628 3800 modo
2655 3745 3021 3816 recipiantur:
3054 3755 3113 3802 ut
3151 3757 3342 3804 mutua
3381 3749 3454 3804 sit

1879 3840 2100 3896 dilectio
2129 3849 2185 3895 et
2234 3838 2527 3894 concordia
2560 3838 2806 3892 omnium
2857 3839 2913 3893 in
2941 3838 3243 3906 omnibus;
3291 3848 3347 3896 et
3383 3856 3454 3896 ne

1879 3933 1970 3987 alii
1999 3932 2232 3986 aliorum
2260 3930 2495 3986 invicem
2526 3930 2615 4000 pia
2654 3930 2836 3985 studia
2861 3930 3185 3998 destruant;
3216 3947 3284 3987 ex
3313 3933 3451 4003 qui-

1880 4027 1983 4080 bus
2013 4024 2092 4086 lit,
2125 4032 2186 4078 ut
2207 4032 2371 4092 caput
2398 4038 2508 4076 non
2550 4023 2622 4077 sit
2655 4021 2929 4089 Christus,
2985 4022 3079 4092 qui
3132 4037 3227 4092 per
3258 4038 3452 4094 pacem

1881 4116 2088 4185 colligit
2119 4117 2373 4170 universa
2397 4131 2414 4182 ;
2454 4114 2550 4170 sed
2574 4114 2698 4185 quis
2727 4113 2750 4168 τ
2777 4113 3156 4170 detestandum
3173 4127 3258 4170 est
3278 4115 3450 4173 dictu.

1881 4206 2037 4272 Quod
2066 4214 2245 4260 autem
2299 4220 2520 4262 servum
2567 4205 2767 4261 habeat
2820 4207 3124 4263 monachus
3155 4207 3209 4262 in
3257 4222 3450 4262 mona-

1883 4298 2075 4365 sterio,
2112 4298 2164 4353 id
2214 4312 2322 4352 non
2379 4298 2566 4353 minus
2593 4297 2829 4352 alienum
2859 4308 2942 4354 est
2968 4314 3132 4369 quam
3167 4299 3214 4355 si
3255 4297 3453 4355 habeat

1882 4391 2166 4446 mulierem
2190 4407 2205 4456 ;
2239 4399 2472 4459 utraque
2496 4389 2639 4444 enim
2660 4389 2876 4445 inventa
2896 4390 3448 4447 suntinobedientiaz:

1881 4491 1939 4537 et
1967 4482 2036 4536 iis
2064 4480 2158 4550 qui
2191 4480 2260 4535 ad
2307 4481 2687 4551 primigeniam
2717 4482 3084 4553 integritatem
3134 4483 3314 4540 redire
3354 4500 3452 4555 per

1881 4574 2259 4628 monachicam
2309 4575 2784 4629 conversationem
2838 4575 3086 4644 cupiunt,
3112 4583 3167 4631 et
3201 4575 3330 4631 mali
3355 4592 3450 4630 ex-

1881 4675 2089 4735 pertem
2121 4667 2363 4736 paradisi
2412 4667 2578 4720 vitam
2628 4666 2831 4721 imitari
2867 4665 3110 4734 student,
3141 4671 3448 4739 respuenda

1880 4767 2147 4827 suntqua:
2174 4757 2442 4812 dixi.Haec
2481 4773 2592 4812 non
2625 4757 2775 4811 domi
2814 4767 2962 4824 nata,
3000 4758 3094 4814 sed
3128 4773 3193 4815 ex
3223 4760 3293 4816 iis
3327 4777 3450 4830 quae

1881 4849 2054 4904 divini
2089 4848 2283 4905 Patres
2303 4850 2500 4904 docent
2525 4849 2725 4905 collata
2760 4851 3128 4921 protulimus;
3167 4851 3450 4922 postulan-

1884 4954 1969 5002 tes
2004 4955 2066 5000 ut
2094 4959 2192 5000 vos
2225 4943 2558 4999 sanctissimi
2581 4943 2772 5010 oretis,
2809 4952 2869 4999 ut
2907 4958 3008 5000 nos
3040 4945 3186 5001 bona
3224 4959 3337 4999 non
3367 4944 3450 4999 di-

1881 5055 2071 5095 camus
2111 5038 2292 5103 modo,
2316 5038 2410 5094 sed
2440 5044 2494 5092 et
2521 5034 2787 5091 iaciamus
2811 5038 2863 5090 in
2892 5036 3148 5092 Domino.

2311 5319 2441 5376 CLX
2455 5318 2586 5375 V.——
2607 5319 2857 5391 Gregorio
2893 5324 3029 5392 ﬁlio.

1497 5445 1571 5494 De
1605 5443 1816 5494 diversis
1840 5441 2164 5508 argumentis.

265 5521 524 5592 Ἐχάρην
553 5523 651 5575 ἐπὶ
679 5525 757 5595 τῷ
778 5525 1064 5597 γράμματί
1103 5544 1217 5592 σου,
1250 5527 1440 5581 τέκνον
1481 5532 1774 5601 ἠγαπημέ-

177 5629 291 5675 νον,
323 5617 421 5666 ὅτι
453 5616 547 5667 καὶ
575 5616 769 5670 ἀστεία
801 5618 834 5688 ή
869 5618 987 5679 ὁδὸς
1017 5619 1124 5672 τῶν
1150 5621 1208 5673 ὲν
1232 5621 1383 5674 ἄστει
1405 5621 1559 5675 ·“καὶ
1588 5623 1776 5684 ὑγείαν

1953 5528 2186 5583 Gavisus
2242 5541 2362 5581 sum
2405 5526 2602 5582 litteris
2627 5524 2754 5588 tuis,
2795 5522 2995 5578 dilecte
3037 5521 3323 5594 illiszquod
3355 5541 3449 5580 ur-

1885 5623 2021 5676 bane
2051 5631 2104 5676 et
2137 5620 2367 5675 honeste
2397 5634 2456 5674 se
2489 5629 2683 5689 gerant
2713 5619 2806 5688 qui
2835 5624 2959 5672 sunt
3005 5615 3061 5672 in
3110 5615 3265 5680 urbe,
3299 5619 3444 5688 quod

249 5731 297 5760 “
325 5730 506 5783 Joan.
544 5743 618 5794 vl,
651 5730 742 5784 37.
778 5731 822 5763 θ’
849 5731 892 5784 ll
935 5731 1173 5788 Timoth.
1201 5749 1260 5799 Il,
1289 5734 1343 5789 4.
1422 5735 1465 5767 ⁸³
1493 5733 1759 5798 Mallli,v,
1792 5733 1861 5786 ‘19

1708 5824 1911 5879 NOTrE

254 5909 381 5979 (57)
419 5908 479 5961 In
511 5909 633 5965 cod.
668 5908 796 5978 Reg.
828 5911 972 5980 ρμζ·.
