3934 6482
523 390 659 457 1523

1710 402 1769 463 S.
1804 400 2201 463 THEODORI
2244 404 2591 466 STUDIT/E

3638 409 3765 474 1524

514 509 881 565 valetudinem
915 526 1039 565 cum
1078 510 1246 567 fratre
1286 512 1503 568 Zosima
1545 517 1816 586 receperis
1834 532 1931 587 per
1963 531 2093 571 san-

2200 518 2537 588 προσελάὸου
2571 520 2687 590 ἅμα
2717 518 2794 590 τῷ
2816 518 3030 590 ἀδελφῷ
3053 521 3279 592 Ζωσιμᾷ
3299 520 3387 576 διὰ
3414 524 3512 593 τῆς
3532 523 3765 592 ἁφαιμά-

512 600 698 671 guinis
729 601 1124 657 detractionem
1153 606 1377 673 etquod
1434 607 1541 660 alia
1574 609 1731 663 vobis
1787 624 1854 662 ex
1913 610 2099 662 animo

512 692 913 748 successerint.
966 693 1036 748 De
1051 694 1369 750 Xenodochi
1400 707 1580 752 autem
1609 699 2096 769 propositionibus,

510 781 657 848 quod
689 782 869 836 adhuc
899 798 929 837 a
967 784 1126 839 nobis
1152 785 1581 843 declarationem
1643 789 1893 858 ﬂagitasti
1925 808 1940 855 ;
1973 807 2097 845 cum

510 871 682 939 probe
715 872 791 925 illi
820 887 885 927 ex
936 872 1248 927 divinorum
1283 873 1507 930 Patrum
1563 878 1812 932 doctrina
1867 893 2096 948 respon-

515 962 688 1026 deris,
725 964 862 1018 nihil
921 965 1191 1022 habemus
1246 969 1473 1035 quodad
1535 972 1920 1040 responsiones
1974 982 2098 1027 tuas

508 1056 637 1110 addi
696 1058 888 1126 possit.
925 1057 1155 1115 Temere
1213 1071 1394 1116 autem
1438 1065 1708 1134 garriunt,
1743 1074 1803 1117 ut
1831 1077 2052 1133 apparet
2081 1107 2096 1130 ,

515 1165 617 1204 nec
649 1150 865 1205 discere
893 1153 1143 1219 cupiunt,
1177 1153 1271 1223 qui
1301 1154 1665 1225 interrogant.
1702 1159 1949 1209 Attamen
1968 1157 2097 1225 quia

510 1242 774 1307 scriptum
796 1252 905 1296 est:
942 1242 1130 1296 Parati
1161 1250 1228 1296 ad
1250 1246 1682 1313 satisfactionem
1699 1249 1842 1299 omni
1880 1263 2099 1316 poscen-

510 1333 553 1386 ti
577 1349 664 1386 tos
690 1335 946 1386 rationem
971 1334 1034 1385 de
1056 1352 1117 1387 ea
1139 1352 1256 1404 qua:
1290 1338 1346 1389 in
1394 1337 1540 1391 vobis
1602 1347 1679 1391 est
1713 1354 1801 1405 spe
1852 1339 1930 1405 δι,
2012 1354 2100 1393 re-

509 1424 903 1492 spondebimus
933 1431 987 1477 et
1018 1440 1119 1479 nos
1159 1428 1285 1480 ista.
1310 1425 1701 1483 Monacltorum
1734 1430 1954 1485 habitus
1985 1431 2098 1484 vir-

509 1514 758 1584 ginitatis
808 1527 892 1569 est
943 1516 1279 1585 progressio,
1320 1527 1374 1571 et
1422 1522 1744 1590 mysterium
1781 1532 1865 1575 est
1910 1537 2100 1576 mona-

510 1606 680 1662 chicae
722 1608 1098 1678 perfectionis,
1131 1620 1190 1664 ut
1214 1611 1458 1681 loquitur
1503 1613 1722 1666 divinus
1762 1621 1811 1667 et
1881 1614 2100 1681 sapien-

512 1700 759 1756 tissimus
792 1701 1098 1771 Dionysius.
1130 1700 1194 1754 Et
1219 1702 1364 1770 quod
1393 1713 1647 1773 quaerunt
1676 1703 1955 1757 nonnulli:
1986 1701 2102 1757 Un-

509 1794 709 1848 denam
744 1802 863 1848 orta
900 1795 1139 1858 traditio,
1174 1812 1280 1865 qua
1333 1797 1499 1850 homo
1541 1797 1821 1849 renuntiat
1874 1796 2096 1860 saeculo,

2201 608 2367 674 ξεως’
2402 611 2497 663 καὶ
2526 611 2694 665 τᾶλλα
2737 613 2866 679 ὑμῖν
2896 612 2978 664 ὅτι
3005 612 3147 665 κατὰ
3179 614 3380 665 σκοπὸν
3408 614 3613 685 ἀπέϐη.
3654 615 3767 667 Ἐπὶ

2198 701 2255 752 δὲ
2300 704 2420 764 ταῖς
2458 703 2608 771 παρὰ
2634 704 2727 756 τοῦ
2760 703 3049 773 Ξενοδόκου
3080 706 3399 774 προτάσεσι,
3439 707 3493 757 τί
3535 707 3618 759 δτι
3646 707 3766 777 παρ’

2199 792 2355 862 ἡμῶν
2417 791 2760 863 ὲπεζήτησας
2818 793 2899 846 ἔτι
2958 795 3310 863 διασάφησιν,
3371 796 3769 865 ἐγκεκριμένως

2199 884 2519 953 ἀποκριθεὶς
2562 884 2710 953 αὐτῷ
2755 885 2895 937 κατὰ
2930 885 3029 953 τὴν
3071 886 3179 935 τῶν
3210 884 3486 951 θεοφόρων
3517 886 3767 956 Πατέρων

2199 974 2552 1028 διδασκαλίαν
2585 976 2735 1029 οὐδὲν
2786 977 3174 1046 περισσότερον
3214 974 3409 1044 ἔχομεν
3453 975 3631 1043 λέγειν
3671 977 3769 1030 τῶν

2202 1066 2311 1118 σῶν
2343 1067 2886 1137 ἀντιπαραστάσεων.
2936 1066 3345 1134 Εἰκαιολογοίὶσι
3386 1066 3464 1131 δὲ,
3496 1068 3571 1130 ὡς
3609 1068 3765 1131 ἔοικε,

2200 1161 2293 1211 καὶ
2321 1160 2382 1212 οὐ
2414 1159 2803 1229 φιλομαθοῦσιν
2825 1161 2872 1212 οἱ
2897 1159 3278 1230 ἐπερωτῶντες
3298 1159 3447 1227 ὅμως
3474 1160 3662 1228 ἐπειδὴ
3682 1162 3769 1227 γέ-

2199 1268 2442 1322 γραπται
2464 1268 2478 1282 ο
2515 1253 2768 1322 Ἔτοιμοι
2820 1252 2991 1318 ὄντες
3028 1253 3179 1320 πρὸς
3222 1249 3561 1318 ἀπολογίαν
3597 1252 3768 1303 παντὶ

2199 1341 2279 1407 τῷ
2316 1341 2579 1396 αἰτοῦντι
2619 1341 2774 1411 ὑμᾶς
2808 1343 2993 1411 λόγον
3036 1342 3167 1411 περὶ
3203 1339 3313 1410 τῆς
3344 1343 3412 1394 ἐν
3440 1342 3583 1409 ὑμῖν
3611 1342 3773 1395 ἑλπί-

2199 1434 2324 1499 δος’
2359 1436 2800 1506 ἀποκρινούμεθα
2844 1437 2937 1489 καὶ
2974 1438 3138 1506 ἡμεῖς
3171 1436 3319 1489 τάδε.
3352 1434 3424 1487 Τὸ
3460 1434 3569 1486 τῶν
3614 1453 3771 1504 μονα-

2199 1527 2311 1597 χῶν
2336 1528 2545 1597 σχῆμα,
2569 1528 2865 1597 παρθενίας
2892 1528 3038 1580 ἐστὶν
3067 1526 3415 1595 ἐπάγγελμα,
3451 1526 3547 1578 καὶ
3570 1528 3771 1597 μυστή-

2202 1619 2317 1689 ριόν
2352 1621 2467 1671 ὲστι
2518 1620 2814 1688 μοναχικῆς
2857 1619 3209 1684 τελειώσεως,
3259 1619 3402 1672 κατὰ
3446 1619 3545 1690 τὴν
3594 1620 3769 1692 φωνὴν

2198 1710 2291 1764 τοῦ
2328 1710 2473 1763 θείου
2507 1712 2601 1763 καὶ
2631 1712 2909 1780 πανσόφου
2939 1710 3238 1765 Διονυσίου.
3268 1711 3379 1763 Καὶ
3404 1712 3465 1763 τὸ
3488 1712 3665 1778 λέγειν
3694 1731 3772 1765 τι-

2200 1802 2300 1865 νὰς
2338 1803 2420 1865 τὸ,
2442 1803 2613 1857 ιιόθεν
2642 1802 2914 1871 παρεδόθη
2949 1802 3010 1854 τὸ
3041 1801 3466 1867 ἀποτάσσεσθαι,
3497 1805 3591 1856 καὶ
3628 1805 3772 1871 γίνεα

511 1895 567 1942 et
602 1887 664 1942 lit
698 1889 1027 1953 monachus,
1053 1888 1201 1943 aliud
1232 1889 1365 1943 nihil
1406 1890 2048 1959 respondendum,quam
2082 1906 2095 1942 :

2206 1893 2328 1948 σθαι
2371 1896 2631 1965 μοναχόν;
2665 1895 2815 1947 οὐδὲν
2842 1894 3029 1965 ἕτερόν
3060 1896 3207 1947 ἐστιν
3243 1896 3439 1959 εἰπεῖν,
3476 1896 3509 1966 ἢ
3542 1897 3644 1961 ὅτι,
3671 1899 3770 1950 Πό-

512 1975 797 2033 Undenam
827 1991 948 2033 orta
971 1980 1190 2033 traditio
1222 1996 1330 2049 qua
1379 1980 1726 2035 Christianus
1756 1983 1815 2034 tit
1864 1979 2100 2050 aliquis?

510 2079 617 2146 Qui
648 2080 795 2134 enim
830 2079 985 2148 prius
1028 2080 1208 2133 sanxit
1241 2079 1535 2148 apostolica
1568 2079 1882 2143 traditione,
1925 2094 2103 2149 posm-

511 2170 630 2225 rius
667 2174 834 2225 etiam
902 2170 1077 2225 edidit
1108 2165 1254 2239 (57*)
1311 2185 1405 2225 sex
1456 2170 1709 2242 mysteria
1767 2156 2099 2227 instituens:

510 2264 753 2335 primum
802 2264 869 2319 ds
916 2263 1244 2333 baptismate
1278 2280 1290 2316 :
1331 2263 1744 2329 secundum,de
1784 2264 1969 2334 synaxi
2003 2279 2098 2318 seu

514 2356 938 2412 communione:
972 2355 1212 2421 tertium,
1243 2355 1310 2410 de
1339 2355 1758 2411 consecratione
1789 2355 2052 2426 unguenti
2079 2372 2093 2409 :

513 2459 795 2521 quartum,
811 2450 879 2505 de
898 2447 1336 2506 sacerdotalibus
1360 2448 1761 2503 initiationibus
1786 2467 1799 2502 :
1821 2449 2094 2518 quintum,

511 2543 581 2597 de
609 2542 935 2597 monachica
976 2541 1315 2613 perfectione
1344 2557 1364 2597 :
1405 2549 1644 2608 sextum,
1677 2542 1743 2596 de
1768 2550 1953 2597 sancte
1970 2540 2095 2595 dor-

516 2635 839 2692 tnientibus.
872 2633 1015 2703 Quid
1055 2650 1186 2705 ergo
1222 2637 1275 2688 in
1304 2634 1387 2689 his
1424 2633 1717 2689 dicendum
1748 2636 1771 2688 ?
1800 2633 1954 2699 Quod
1999 2633 2095 2702 qui

509 2729 580 2786 de
603 2744 713 2782 uno
728 2727 941 2782 dubitat
972 2740 1036 2782 ex
1072 2726 1138 2780 iis
1170 2739 1292 2795 quae
1330 2723 1477 2780 dicta
1506 2734 1653 2790 sunt,
1682 2723 1908 2793 ambigit
1952 2722 2095 2776 haud

511 2822 677 2878 dubie
700 2821 839 2876 etde
861 2820 1006 2886 aliis,
1048 2829 1234 2874 utrum
1264 2834 1296 2873 a
1324 2819 1509 2874 divina
1539 2817 1827 2874 traditione
1857 2817 2096 2870 habean-

512 2924 645 2979 tur;
680 2921 735 2968 et
763 2926 875 2967 uno
903 2910 1141 2977 sublato,
1178 2911 1341 2966 simul
1372 2910 1683 2965 necessario
1725 2907 1995 2961 tolluntur
2042 2916 2097 2962 et

512 3007 725 3076 reliqua
750 3047 767 3074 ,
792 3014 846 3059 et
876 3020 1053 3074 neque
1089 3005 1381 3075 baptisma,
1421 3016 1599 3071 neque
1637 3001 1883 3071 synaxis,
1920 3015 2095 3068 neque

513 3099 762 3155 divinum
786 3107 1146 3168 unguentum,
1178 3110 1354 3164 neque
1408 3092 1765 3147 sacerdotalis
1806 3090 2042 3145 initiatio
2076 3131 2092 3156 ,

516 3205 696 3260 neque
727 3198 916 3245 sancte
948 3186 1344 3244 dormientium
1381 3184 1668 3253 dispositio
1698 3182 1804 3237 erit
1860 3183 1990 3249 ulla,
2047 3184 2093 3237 si
2122 3219 2165 3276 ο

517 3300 627 3337 non
664 3284 805 3337 adsit
834 3282 1155 3335 monachica
1187 3277 1448 3347 pet-lectio
1483 3295 1498 3344 ;
1537 3286 1592 3332 et
1617 3277 1694 3331 uti
1735 3277 1960 3348 gentiles
2001 3292 2091 3330 sa-

516 3376 718 3446 pimus,
745 3382 801 3428 et
836 3372 978 3427 athei
1011 3386 1203 3425 sumus
1232 3371 1283 3422 in
1319 3371 1525 3422 mundo
1547 3406 1562 3433 ,
1593 3384 1771 3437 neque
1800 3382 1949 3436 spem
2002 3365 2095 3417 ha-

516 3472 732 3524 bemus.
778 3465 929 3520 Talis
955 3473 1037 3519 est
1070 3463 1163 3532 qui
1187 3461 1613 3531 propositionem
1641 3461 1782 3513 hanc
1828 3458 2033 3528 profert
2077 3473 2090 3509 :

520 3558 807 3614 Undcnam
843 3565 1120 3623 sumptum
1187 3552 1259 3606 sit
1303 3551 1448 3620 quod
1523 3550 1721 3620 aliquis
1776 3548 1869 3601 ﬁat
1898 3560 2090 3599 mona-

515 3652 674 3705 chus.
696 3648 773 3703 Ac
802 3648 1041 3702 nondum
1064 3646 1189 3701 dico
1226 3644 1596 3715 pracellentes
1651 3656 1841 3696 omnes
1880 3639 2094 3693 divinos

518 3745 734 3811 Patres,
765 3750 820 3796 et
846 3740 1148 3795 monachos
1185 3739 1371 3802 fuisse,
1406 3745 1460 3789 et
1488 3733 1863 3789 monachicam
1894 3732 2089 3793 vitam,

426 3882 429 3883 ν
516 3837 668 3889 velut
689 3833 1013 3903 angelicam,
1040 3830 1245 3884 divinis
1276 3828 1531 3882 laudibus
1556 3825 1744 3880 eil‘erre
1774 3842 1791 3885 :
1832 3840 1863 3878 a
1889 3824 2091 3893 quibus

518 3935 573 3981 et
632 3926 700 3981 de
730 3939 898 3978 sacrae
924 3920 1318 3977 vitaeinstitutis
1352 3919 1554 3988 scripta
1587 3927 1807 3973 exstant
1857 3916 2091 3971 volumi-

519 4034 610 4074 na.
645 4016 800 4083 Quod
843 4016 1031 4083 siquis
1059 4013 1300 4065 animum
1351 4009 1615 4073 advertat,
1664 4008 1903 4062 inveniet
1955 4007 2097 4060 divi-

522 4128 651 4166 num
670 4112 847 4181 ipsum
867 4106 1209 4176 Dionysium,
1242 4104 1308 4157 ad
1336 4102 1510 4157 instar
1540 4101 1907 4170 angelicorum
1940 4098 2092 4155 ordi-

520 4219 675 4270 num,
709 4213 764 4257 et
782 4200 1149 4256 sacerdotales
1180 4197 1403 4268 gradus,
1456 4204 1511 4249 et
1556 4210 1652 4249 eos
1691 4195 1785 4264 qui
1832 4202 1983 4247 extra
2013 4207 2100 4245 sa-

522 4297 846 4356 cerdotium,
882 4295 997 4365 pari
1025 4308 1252 4348 numero
1269 4300 1378 4345 tres
1405 4289 1459 4343 in
1491 4288 1711 4343 ordines
1734 4286 2095 4350 distribuere;

521 4385 759 4454 primum
791 4382 969 4436 adhuc
1002 4379 1398 4449 incipientium,
1429 4393 1526 4432 seu
1557 4376 2094 4437 catechumenorum;

520 4476 753 4530 alterum
798 4474 1233 4542 baptizatorum;
1275 4469 1495 4522 tertium
1552 4466 1874 4520 monachica
1924 4462 2097 4532 perfe-

2204 1986 2295 2039 θεν
2341 1987 2609 2056 παρεδόθη
2646 1986 2887 2054 γίνεσθαί
2927 2004 3047 2038 τινα
3088 1987 3444 2057 Χριστιανὸν;
3490 1989 3547 2041 '0
3580 1991 3690 2061 γὰρ
3712 1989 3773 2041 τὸ

2202 2080 2468 2150 πρότερον
2511 2078 2922 2149 θεσμοθετήσας
2959 2079 3288 2151 ἁποστολικῇ
3324 2082 3644 2153 παραδόσει.
3680 2084 3774 2133 καὶ

2199 2171 2260 2223 τὸ
2313 2170 2562 2241 δεύτερον
2618 2169 2915 2236 ἐξέδωκεν,
2966 2169 3025 2234 ἓξ
3083 2175 3360 2243 μυστήρια
3414 2172 3770 2234 ὲκτεθεικὼςο

2202 2260 2437 2330 πρῶτον,
2473 2259 2602 2330 περὶ
2623 2261 2993 2331 φωτίσματοςο
3025 2261 3298 2336 δεύτερον,
3324 2264 3453 2333 περὶ
3478 2264 3771 2329 συνάξεως,

2199 2350 2298 2406 εἰτ’
2336 2349 2428 2406 οὖν
2463 2352 2746 2417 κοινωνίας
2770 2368 2783 2381 '
2814 2355 2995 2424 τρίτον
3036 2357 3163 2425 περὶ
3193 2354 3412 2423 τελετῆς
3455 2356 3656 2425 μύρου·
3685 2357 3775 2409 τέ-

2197 2464 2415 2518 ταρτον,
2458 2447 2588 2517 περὶ
2630 2447 2918 2518 ἱερατικῶν
2953 2448 3311 2501 τελειώσεωνο
3338 2447 3611 2517 πέμπτον,
3646 2452 3775 2521 περὶ

2201 2538 2503 2608 μοναχικῆς
2542 2538 2874 2603 τελειώσεως
2903 2557 2918 2572 ο
2946 2540 3124 2603 ἕκτον,
3156 2539 3284 2608 περὶ
3313 2537 3421 2591 τῶν
3472 2541 3632 2611 ίερῶς
3680 2558 3773 2594 κε-

2197 2630 2570 2699 κοιμημένων.
2623 2631 2688 2683 Τί
2721 2631 2813 2683 οὖν
2845 2630 2991 2683 ἐστιν
3029 2630 3202 2682 εἰπεῖν
3245 2631 3303 2681 ὲν
3332 2633 3581 2696 τούτοις;
3619 2632 3701 2684 ὅτι
3743 2634 3775 2683 ὁ

2196 2722 2559 2793 ἀμφισὸητῶν
2601 2725 2730 2793 περὶ
2773 2722 2893 2786 ἐνὸς
2937 2722 3043 2775 τῶν
3072 2723 3400 2793 εἰρημένων,
3440 2724 3773 2793 ἀμφιϐάλλει

2195 2816 2439 2889 δηλονότι
2490 2818 2585 2871 καὶ
2646 2818 2775 2887 περὶ
2818 2816 2925 2868 τῶν
2978 2814 3173 2881 ἄλλων,
3228 2820 3303 2888 μὴ
3358 2818 3771 2887 θεοπαραδότως

2197 2908 2373 2979 ἔχειν·
2416 2911 2510 2962 καὶ
2557 2911 2623 2979 τῇ
2672 2908 2765 2959 τοῦ
2815 2906 2932 2970 ἑνὸς
2976 2909 3255 2979 ἀναιρέσει
3305 2909 3669 2979 συνανῄρηται
3714 2909 3775 2974 ἐξ

2196 3004 2499 3072 ἀναγκαίου
2535 3002 2633 3054 καὶ
2668 3000 2736 3052 τὰ
2774 2999 2934 3054 λοιπά
2957 3017 2972 3029 ⁸
2998 3002 3093 3054 καὶ
3129 3003 3254 3054 οὕτε
3284 3002 3530 3073 ἱερατικὴ
3552 3002 3773 3055 τελείω-

2199 3114 2302 3161 σις,
2334 3098 2457 3149 οὔτε
2485 3097 2595 3149 τῶν
2630 3096 2791 3165 ἱερῶς
2828 3095 3246 3165 κεκοιμημένων
3294 3094 3628 3158 διατύπωσις
3660 3092 3772 3147 εἷεν

2201 3190 2285 3251 ἂν,
2334 3188 2491 3257 εἴπερ
2540 3189 2613 3258 μὴ
2658 3188 2985 3257 πάρεστινὴ
3034 3185 3300 3257 μοναχικὴ
3330 3186 3637 3251 τελείωσις
3678 3189 3773 3242 καί

2197 3281 2366 3347 ἐσμεν
2397 3278 2739 3349 ἐθνόφρονες,
2769 3280 2917 3333 ἄθεοι
2947 3280 3097 3342 ὄντες
3126 3281 3185 3331 ὲν
3221 3279 3299 3350 τῷ
3326 3280 3535 3348 κόσμῳ,
3562 3281 3657 3331 καὶ
3683 3281 3773 3333 ὲλ-

2196 3372 2324 3424 πίδα
2358 3372 2433 3442 μὴ
2466 3371 2699 3442 ἔχοντες.
2738 3370 2988 3435 Τοιοῦτός
3016 3375 3161 3425 ἐστιν
3186 3372 3215 3424 δ
3242 3372 3340 3441 τὴν
3369 3372 3636 3441 πρότασιν
3657 3375 3773 3426 eia-

2194 3465 2378 3530 άγων,
2425 3464 2484 3517 τὸ
2520 3466 2683 3518 πόθεν
2736 3465 3104 3537 παρείληπται
3148 3465 3404 3534 μονάζειν
3455 3466 3769 3536 ἄνθρωπον.

2196 3559 2306 3610 Καὶ
2331 3557 2484 3611 οὔπω
2512 3559 2675 3626 λέγω,
2700 3558 2781 3611 ὅτι
2815 3558 2908 3610 καὶ
2932 3558 3132 3621 πάντες
3163 3559 3212 3611 oi
3242 3559 3413 3628 ἔξοχοι
3438 3558 3547 3611 τῶν
3579 3560 3773 3628 θεοφό-

2198 3665 2306 3720 ρων
2336 3649 2613 3719 Πατέρων,
2642 3649 2735 3702 καὶ
2765 3650 3024 3719 μονασταὶ
3049 3651 3325 3716 γεγόνασι,
3356 3650 3449 3704 καὶ
3478 3651 3570 3703 τὸν
3604 3670 3773 3721 μονα-

2196 3742 2347 3811 χικὺν
2382 3741 2517 3811 βίον,
2550 3742 2625 3805 ὡς
2653 3741 2964 3809 ἀγγελικὸν,
2990 3735 3329 3805 ἒκθειᾰιζουσι
3349 3757 3363 3771 '
3394 3744 3529 3812 πρὸς
3564 3737 3645 3797 ὧν
3676 3746 3774 3797 καὶ

2195 3834 2263 3885 τὰ
2285 3832 2657 3885 διατυπωτικὰ
2689 3832 2788 3903 τῆς
2821 3834 2971 3902 ἱερᾶς
2994 3830 3140 3901 ζωῆς
3174 3835 3601 3904 συγγράμματα.
3631 3837 3775 3891 Εἰδέ

2196 3942 2302 3988 τινι
2341 3924 2461 3988 νοῦς
2507 3925 2760 3995 πάρεστι,
2805 3927 3018 3988 πάντως
3062 3926 3305 3997 εὑρήσει,
3341 3929 3432 3981 καὶ
3468 3929 3632 3982 αὐτὸν
3680 3931 3776 3984 τὸν

2199 4017 2339 4070 θεῖον
2380 4017 2675 4084 Διονύσιον,
2727 4019 2845 4081 πῶς
2888 4019 3027 4072 κατὰ
3068 4022 3192 4083 τοὺς
3226 4022 3550 4089 ἀγγελικοὺς
3586 4023 3777 4077 διακό-

2204 4125 2393 4178 σμους,
2429 4109 2522 4161 καὶ
2564 4110 2691 4173 τοὺς
2733 4110 3041 4180 ίερατικοὺς
3086 4110 3347 4180 βαθμοὺς,
3386 4114 3634 4175 καὶτοὺς
3667 4115 3778 4179 ἔξω

2203 4199 2522 4270 ἱερωσύνης,
2584 4199 2906 4270 ἰσαρίθμους
2962 4218 3107 4269 τρισι
3179 4201 3397 4264 τάξεσιν
3463 4203 3778 4273 ἀπένειμε·

2201 4291 2425 4361 πρώτην
2448 4293 2540 4344 καὶ
2570 4292 2955 4361 εἰσαγωγικὴν,
2980 4293 3088 4345 τῶν
3117 4292 3197 4345 ἔτι
3229 4296 3625 4363 μαιευομένων,
3656 4299 3781 4367 ἦτοι

2198 4380 2648 4449 κατηχουμένων⁶
2698 4380 2953 4449 δευτέραν
3007 4380 3115 4432 τῶν
3173 4385 3623 4450 πεᾳωτισμένων.
3679 4390 3783 4439 καὶ

2197 4472 2387 4542 τρίτην
2438 4469 2546 4524 τῶν
2595 4472 2903 4541 μοναχικῶς
2946 4473 3369 4542 τελειουμένων·
3424 4476 3517 4527 καὶ
3556 4477 3620 4528 τὸ
3661 4482 3783 4542 τοῖς

521 4571 701 4624 ctione
744 4565 1095 4636 prasditorum
1127 4580 1141 4615 :
1176 4562 1245 4616 iis
1270 4568 1451 4614 autem
1479 4575 1601 4629 qua:
1642 4557 1932 4612 manifesta
1967 4569 2095 4611 sunt

2200 4567 2453 4637 ἐναργέσι
2501 4565 2789 4636 μάχεσθαι,
2842 4567 3181 4638 ἀναισθήτων
3231 4567 3400 4633 ἐστὶν,
3447 4568 3481 4638 ἦ
3532 4568 3779 4625 ἀϐαπτί-

522 4675 845 4731 repugnare,
876 4672 1047 4713 sensu
1069 4655 1376 4711 carentium
1405 4662 1489 4708 est
1516 4695 1531 4721 ,
1569 4663 1665 4707 aut
1707 4652 1933 4706 minime
1962 4650 2096 4717 bap-

521 4756 834 4808 tizatorum.

596 4845 846 4899 Secunda
888 4840 1191 4913 propositio
1224 4878 1240 4903 ,
1285 4839 1353 4893 de
1404 4836 1753 4895 infantibus:
1788 4835 1933 4906 quod
1974 4851 2099 4891 san-

523 4948 644 4993 ctus
678 4935 913 4991 Basilius
940 4932 994 4986 in
1034 4932 1259 5000 Regulis
1285 4930 1601 5001 praecipiat,
1624 4928 1792 4997 utqui
1830 4927 1897 4981 ad
1924 4928 2101 4997 legiti-

521 5045 668 5083 mam
702 5026 943 5096 pervenit
983 5033 1219 5086 aetatem,
1254 5023 1299 5077 si
1330 5022 1607 5093 virginalis
1630 5021 1958 5091 vitaejugum
1988 5036 2096 5074 non

524 5118 661 5179 ferat
713 5117 898 5170 habitu
951 5116 1211 5184 spolietur
1246 5130 1259 5179 ;
1312 5128 1417 5165 non
1450 5123 1533 5165 est
1564 5112 1657 5172 ita,
1692 5112 1788 5164 sed
1825 5110 2008 5162 omnia
2040 5110 2096 5162 in

523 5210 781 5264 omnibus
807 5207 991 5261 divino
1024 5205 1251 5274 Spiritu,
1280 5214 1335 5258 et
1360 5214 1664 5273 opportune
1694 5205 1759 5256 ad
1788 5202 1976 5255 mundi
2004 5218 2096 5256 sa-

524 5303 689 5356 lutem
720 5299 1026 5354 constituit.
1067 5296 1131 5351 Et
1154 5312 1221 5350 ne
1243 5298 1329 5349 cui
1383 5296 1564 5350 veniat
1597 5296 1651 5348 in
1686 5304 1917 5349 mentem
1978 5310 2093 5347 me-

524 5396 633 5449 lius
666 5391 871 5461 aliquid
896 5405 1039 5451 esse,
1091 5388 1441 5457 quantumvis
1488 5388 1715 5442 meliora
1782 5386 2095 5455 msipientes

524 5486 743 5558 quidam
786 5493 1029 5539 statuere
1058 5491 1361 5552 conentur,
1406 5480 1521 5551 ipse
1553 5482 1618 5539 de
1652 5481 1756 5537 illis
1806 5480 1970 5534 etiam
2001 5478 2093 5550 qui

614 5622 658 5655 “
692 5622 709 5676 i
740 5621 887 5678 Petr.
924 5637 1002 5685 tu,
1041 5619 1125 5673 15.

2198 4676 2360 4713 στων.

2268 4841 2341 4893 Τὸ
2370 4840 2619 4910 δεύτερον
2645 4838 2957 4910 πρόὸλημα,
2991 4839 3251 4910 περὶτῶν
3277 4840 3503 4910 νηπίων,
3533 4841 3641 4907 δτι,
3671 4859 3788 4912 φη-

2200 4933 2305 4994 σίν,
2334 4934 2361 4985 ὁ
2398 4931 2548 4999 ἅγιος
2582 4930 2853 4993 Βασίλειος
2888 4931 2944 4982 ἐν
2966 4932 3073 4991 τοῖς
3113 4930 3346 4982 Κανόσιν
3367 4930 3657 4999 ἐπιτρέπει
3685 4934 3790 5001 ἐρ-

2204 5025 2410 5095 χόμενα
2454 5026 2532 5086 εἰς
2568 5024 2667 5093 τὴν
2705 5023 2928 5092 ἐννόμον
2959 5022 3196 5092 ἡλικίαν,
3224 5024 3273 5075 εί
3320 5023 3393 5093 μὴ
3429 5024 3653 5092 φέροιεν
3687 5026 3788 5077 τὸν

2204 5111 2367 5178 ζυγὸν
2421 5110 2520 5178 τῆς
2561 5112 2619 5163 ὲν
2670 5109 2936 5180 παρθενίᾳ
2981 5110 3150 5179 ζωῆς,
3200 5111 3789 5182 ἀποσχηματὶζεσθαι,

2203 5204 2299 5271 οὐχ
2326 5201 2497 5263 οὕτως
2520 5216 2533 5229 '
2575 5201 2709 5256 ἀλλά
2740 5200 3108 5270 νομοθετήσας
3152 5202 3329 5255 πάντα
3361 5206 3418 5255 ὲν
3459 5205 3595 5256 πᾶσι
3646 5204 3786 5275 Θεὶῳ

2206 5292 2499 5361 Πνεύματι,
2529 5294 2617 5344 καὶ
2652 5292 2931 5361 σωτηρίως
2972 5292 3049 5362 τῷ
3079 5291 3284 5361 xdo’pap.
3316 5294 3424 5345 Καὶ
3462 5294 3537 5356 ὡς
3574 5296 3685 5347 οὐκ
3720 5297 3795 5348 ἂν

2203 5386 2557 5455 ἐπινοηθείεν,
2620 5383 2969 5454 βελτιώτερόν
3033 5402 3083 5436 τι
3137 5384 3417 5451 γίνεσθαι,
3462 5388 3562 5439 κᾶν
3632 5405 3797 5449 τινες

2203 5476 2591 5550 ἁφρονεύοντες
2645 5475 2940 5546 πειρῶνται
2982 5474 3051 5528 τὰ
3094 5475 3377 5544 κρείττονα
3422 5477 3754 5547 νομοθετεῖν
3780 5496 3799 5511 °

2070 5723 2299 5779 EOTxE.

599 5854 732 5918 (δῖ’)
766 5852 915 5907 lianc
956 5847 1195 5917 Dionysii
1223 5854 1276 5901 et
1306 5844 1575 5902 Theodori
1611 5840 1930 5900 sententiam
1978 5840 2211 5908 explicat
2244 5839 2351 5894 Leo
2371 5839 2602 5892 Aliatius
2630 5836 2725 5891 lib.
2756 5851 2817 5890 ιιι
2848 5834 2922 5890 De
2949 5852 3227 5903 cattsenstt,
3266 5852 3381 5905 cap.
3434 5836 3516 5891 16.
