3934 6512
217 497 332 561 1525

1360 485 1900 547 EPISTOLARUM
1945 488 2095 548 LIB.
2145 487 2230 546 II.

3283 480 3421 543 1526

208 606 346 667 αὐτὸς
381 600 468 655 καὶ
509 597 642 668 περὶ
673 597 779 651 τῶν
806 595 914 649 ἀπὸ
940 593 1164 665 πρώτης
1190 592 1406 663 ἡλικίας
1439 609 1740 662 προσερχο-

1850 609 1869 646 a
1903 595 2074 662 prima
2099 600 2258 648 aetate
2281 591 2526 655 veniunt,
2551 589 2822 660 quomodo
2845 587 3061 658 regendi
3091 587 3221 652 sint,
3242 587 3414 655 legem

210 698 382 768 μένων,
407 693 514 753 τοῖς
550 687 1014 756 ἀναδεδεγμένοις,
1043 685 1133 738 τὸν
1177 685 1273 753 τῆς
1311 684 1609 753 ἡγεμονίας
1654 682 1742 734 θε-

207 788 325 856 σμὸν
351 781 734 852 νενομοθέτηκε
760 799 773 812 ο
804 778 897 832 καὶ
925 780 956 848 ή
986 776 1166 847 βίϐλος
1192 777 1366 845 δηλοῖ,
1399 777 1491 828 καὶ
1523 775 1584 826 τὸ
1619 774 1741 826 κατ’

203 880 313 939 ἔπος
354 875 526 941 λέγειν
561 869 794 924 ἐνταῦθα
842 869 940 920 οὐκ
989 867 1248 934 ἑπαρκές.
1293 865 1439 934 Πλὴν
1475 866 1556 918 ὃτι
1603 864 1744 933 μετὰ

203 969 284 1038 τὴν
312 965 692 1034 συμπλήρωσιν
732 958 824 1012 τοῦ
859 959 1040 1026 λόγου,
1081 959 1246 1028 ’ήγουν
1277 958 1384 1008 ἀπὸ
1423 956 1742 1009 ἑκκαιδεκα-

201 1057 350 1119 ετίας,
382 1055 470 1106 καὶ
499 1053 657 1122 πρὸς,
685 1049 798 1118 μεθ’
831 1042 904 1101 ὧν
935 1049 1028 1101 καὶ
1058 1051 1216 1115 τιμαὶ¹
1244 1048 1336 1099 καὶ
1358 1045 1637 1116 τιμωρίαι,
1668 1045 1743 1107 ὦς

203 1162 346 1215 φησιν
369 1144 524 1203 αὑτός
549 1156 561 1170 '
595 1142 722 1209 περὶ
756 1139 933 1192 αὐτῶν
962 1137 1309 1207 ὲκκρίνεσθαι
1334 1137 1462 1200 δεῖν,
1495 1137 1589 1190 καὶ
1619 1153 1742 1189 συν-

199 1236 438 1291 άπτεσθαι
466 1235 586 1295 ταῖς
616 1231 935 1300 άδελφότησι
964 1230 1051 1282 διὰ
1076 1230 1174 1299 τῆς
1204 1229 1502 1298 μοναχικῆς
1526 1227 1744 1281 τελειώ-

201 1344 322 1389 σεως
353 1325 719 1395 προστέταχε’
754 1321 848 1373 καὶ¹
886 1320 1069 1374 ἔκτοτε
1109 1319 1565 1390 μετατιθεμένους
1608 1320 1744 1389 πρὸς

197 1417 276 1469 τὸν
302 1413 606 1467 κοινωνικὸν
632 1412 764 1482 βίον,
789 1413 846 1478 ἐξ
869 1411 1180 1479 ἀνατροπῆς
1207 1412 1468 1481 πονηρᾶς,
1495 1410 1627 1480 μηδὲ
1651 1410 1744 1462 θύ-

201 1526 286 1579 ραν
311 1507 617 1575 ἀνοίγεσθαι
660 1505 846 1567 αὐτοῖς
887 1504 1027 1557 κατὰ
1067 1503 1227 1574 ψιλὴν
1266 1505 1562 1573 παράδοσιν
1585 1503 1741 1574 [Cod.

197 1600 314 1669 Reg.
348 1597 618 1669 περίοδον]
667 1597 727 1661 ἐξ
755 1590 829 1648 ὧν
852 1596 1168 1666 ἀπέστησαν
1193 1596 1532 1648 κεκέλευκεν,
1561 1595 1746 1647 Ἔνδο-

196 1692 276 1745 θεν
318 1691 372 1743 δὲ
414 1690 507 1744 τοῦ
544 1689 940 1759 προειρημένου
985 1688 1168 1761 ἔτους,
1201 1689 1247 1740 εί
1279 1686 1354 1757 μὴ
1385 1686 1745 1756 αἱρουμένους

196 1781 274 1836 τὸν
318 1786 373 1836 ἐν
420 1781 691 1851 παρθενίᾳ
735 1781 869 1847 βίον,
906 1780 938 1850 ἢ
974 1781 1068 1832 καὶ
1095 1780 1472 1848 αἱρουμένους,
1503 1779 1639 1832 ἀλλὰ
1671 1779 1746 1851 μὴ

196 1874 431 1936 θέλοντας
463 1871 895 1942 καταρτισθῆναι
943 1871 1081 1939 πρὸς
1111 1871 1208 1941 τὴν
1243 1872 1541 1942 μοναχικὴν
1565 1871 1709 1940 ζωὴν
1730 1910 1743 1935 ,

193 1964 589 2034 ἀποκρίνεσθαι,
618 1962 710 2013 καὶ
737 1961 1160 2030 ἀποπέμπεσθαι
1195 1963 1274 2025 εἱς
1305 1961 1394 2015 τὸν
1427 1961 1744 2016 κοινωνικὸν

195 2057 338 2126 βίον·
389 2056 462 2118 ῶς
514 2055 588 2123 μή
635 2053 810 2123 ὀνείδη
885 2053 1220 2107 ἀνάπτεσθαι
1279 2052 1356 2124 τῷ
1421 2053 1550 2125 ἱερῷ
1623 2054 1740 2125 βίῳ.

193 2147 330 2218 lCod.
360 2146 490 2216 Reg.
507 2143 842 2197 ἀνάπτεσθαι
862 2145 982 2205 ταῖς
1003 2146 1326 2215 ἀποτυχίαις
1349 2146 1425 2216 τῷ
1445 2145 1573 2216 ἱερῷ
1595 2145 1742 2217 ﬁfty].

193 2238 360 2291 Ταῦτα
387 2238 443 2290 δὲ
469 2239 589 2290 ἐ.πεὶ
619 2237 680 2288 οὐ
719 2237 933 2298 πάντως
965 2236 1204 2304 γίνονται
1230 2236 1287 2288 ἓν
1313 2253 1421 2289 τισι
1450 2235 1632 2299 καθὼς
1660 2239 1746 2290 ὲν-

193 2331 445 2395 τέταλται,
485 2329 622 2384 ἀλλὰ
674 2328 1026 2397 ἀποκείρουσι
1075 2328 1426 2397 νηπιόθενοῆ
1475 2329 1571 2382 καὶ
1608 2332 1748 2381 κατά

192 2419 390 2488 ἠλικίαν
426 2420 669 2488 ἔννομον,
718 2419 833 2472 ἀλλ’
858 2418 917 2469 οὐ
945 2418 1208 2488 νομίμως,
1241 2420 1334 2472 καλ⁵
1379 2425 1750 2492 κατηρτισμέ-

193 2529 317 2574 νως·
350 2512 438 2564 διὰ
477 2511 635 2564 τοῦτο
669 2510 736 2562 τά
760 2511 871 2563 ἄνω
914 2510 1064 2563 κάτω
1091 2524 1104 2538 ·
1137 2513 1231 2563 καὶ
1278 2513 1455 2582 ἱερεὺς
1488 2515 1582 2566 καὶ
1616 2532 1748 2585 προ-

193 2605 360 2675 φήτης
385 2605 702 2672 ἐξέστησαν,
732 2601 872 2653 κατὰ
899 2601 958 2654 τὸ
986 2603 1372 2672 γεγραμμένον
1394 2620 1407 2633 ·
1441 2606 1533 2658 καὶ
1561 2607 1750 2676 μυριό-

192 2691 324 2756 δοξος
356 2692 675 2762 παράδοσις,
720 2693 813 2743 καὶ
863 2692 1181 2762 αὑτόκριτος
1227 2695 1536 2763 νομοθεσία,
1575 2697 1632 2748 οὐ
1662 2697 1751 2750 διὰ

193 2781 378 2848 φιλίαν,
419 2780 557 2832 ἀλλὰ
611 2780 698 2832 διὰ
735 2779 1130 2850 φιλαργυρίανο
1158 2781 1275 2832 οὐδὲ
1315 2782 1402 2834 διὰ
1455 2784 1748 2853 σωτηρίαν,

193 2871 311 2924 ἀλλὰ
343 2872 430 2924 διὰ
465 2872 827 2942 φιλοκερδίαν.
856 2872 963 2924 Καὶ
997 2872 1132 2942 πρὸς
1165 2871 1338 2924 ταῦτα
1371 2873 1482 2942 ἐγὼ
1523 2877 1551 2927 ὀ
1583 2876 1752 2936 τάλας

192 2964 568 3035 ἀποκρίνεσθαι
599 2965 699 3016 οὐκ
730 2963 859 3033 ἔχω,
895 2964 927 3033 ἢ
953 2964 1157 3015 στένειν
1191 2965 1284 3016 καὶ
1315 2966 1750 3034 σκυθρωπάζειν,

195 3057 276 3106 καὶ
294 3056 386 3118 τὰς
414 3055 627 3107 ἑαυτῶν
653 3054 925 3126 ἁμαρτίας
952 3053 1268 3107 άποκλαίειν
1289 3070 1302 3084 ·
1329 3057 1392 3108 σὺ
1415 3057 1472 3109 δὲ
1498 3058 1750 3128 σωθείης,

196 3148 368 3200 τέκνον
402 3150 595 3217 ήγαπη
604 3148 782 3217 μένον.

385 3262 573 3330 ΡΞΕΤ.
602 3261 714 3332 (58)
735 3291 806 3301 -
829 3261 1162 3326 Θεοκτίστφ
1186 3263 1455 3334 ἐρημίτῃ.
1486 3267 1634 3342 [tl/62]

1844 685 2177 756 praescripsit
2229 684 2296 738 iis
2319 683 2412 753 qui
2449 683 2596 752 ipsos
2653 680 3013 750 receperint:
3077 679 3240 748 idque
3284 681 3421 733 liber

1843 778 2096 847 explicat,
2136 786 2190 831 et
2222 784 2284 829 ut
2314 776 2524 845 singula
2567 775 2654 828 hic
2682 776 2749 828 ad
2814 774 3040 828 verbum
3099 774 3420 837 recitentur,

1844 882 2057 939 tempus
2087 885 2193 923 non
2228 868 2478 922 sufﬁciat.
2501 867 2791 930 therum,
2818 866 2910 919 ubi
2935 865 3098 934 plane
3133 876 3418 931 compotes

1843 962 2073 1014 rationis
2101 960 2211 1028 jam
2246 970 2391 1022 sunt,
2425 959 2526 1012 hoc
2578 967 2662 1010 est
2691 957 2758 1010 ab
2798 971 2940 1010 anno
2977 956 3150 1009 aetatis
3203 956 3420 1010 decimo

1845 1063 1998 1108 sexto
2027 1063 2081 1105 ct
2104 1051 2268 1113 ultra,
2302 1060 2430 1104 tunc
2458 1065 2580 1103 cum
2623 1059 2674 1102 et
2705 1049 2943 1102 honores
2984 1057 3038 1101 et
3095 1062 3271 1116 poena:
3333 1047 3421 1100 lo-

1844 1160 1967 1200 cum
2000 1143 2220 1208 habent,
2265 1151 2323 1195 ut
2369 1143 2482 1210 ipse
2535 1142 2641 1204 ait,
2666 1141 2731 1194 de
2766 1140 2872 1194 illis
2904 1139 3093 1202 statui,
3131 1148 3185 1193 et
3222 1137 3421 1192 frater-

1845 1237 2001 1290 nitati
2049 1239 2195 1304 ipsos
2221 1249 2317 1302 per
2355 1233 2727 1285 monachicam
2760 1229 3148 1300 perfectionem
3197 1229 3421 1297 adjungi

1841 1329 2029 1399 jubet:
2059 1341 2126 1381 ex
2148 1342 2320 1394 eoque
2351 1334 2611 1393 tempore,
2647 1324 2692 1377 si
2732 1339 2826 1390 per
2857 1321 3159 1390 improbam
3189 1335 3424 1374 convcr-

1847 1422 2053 1475 sionem
2087 1420 2254 1472 velint
2289 1417 2354 1469 ad
2391 1431 2735 1470 communem
2773 1417 2937 1468 vitam
2966 1411 3289 1477 transferri,
3321 1425 3424 1464 nec

1844 1513 2068 1582 januam
2105 1510 2238 1573 illis,
2274 1509 2443 1563 etiam
2489 1507 2717 1560 minimo
2766 1514 2888 1576 post
2909 1515 3176 1573 tempore,
3224 1501 3424 1570 aperiri

1847 1603 2017 1656 voluit
2055 1611 2114 1655 ut
2140 1601 2205 1654 ad
2236 1616 2298 1654 ea
2326 1600 2550 1654 redeant
2579 1613 2699 1667 qua:
2733 1597 3091 1665 reliquerunt.
3139 1593 3286 1646 lutra
3337 1592 3423 1645 di-

1847 1703 1994 1750 ctum
2031 1703 2208 1748 autem
2258 1707 2488 1754 annum,
2514 1692 2605 1759 qui
2644 1705 2751 1743 nou
2797 1688 3063 1756 elegerint
3103 1687 3266 1740 vitam
3313 1685 3428 1738 vir-

1848 1784 2105 1855 ginalem,
2133 1790 2226 1835 aut
2251 1781 2511 1851 elegerint
2539 1779 2778 1848 quidem,
2811 1778 2905 1831 sed
2936 1775 3005 1830 ad
3047 1776 3171 1830 vita:
3233 1789 3427 1827 mona-

1849 1876 2017 1932 chica:
2043 1874 2428 1944 perfectionem
2466 1872 2643 1925 nolint
2666 1869 2994 1924 contendere
3027 1908 3042 1933 ,
3087 1867 3188 1921 hos
3214 1865 3426 1920 secerni

1848 1970 2001 2039 jubet
2031 1978 2083 2022 et
2117 1967 2181 2020 ad
2216 1980 2558 2021 communem
2598 1963 2764 2020 vitam
2818 1958 3121 2021 amandari,
3151 1973 3216 2011 ne
3258 1971 3428 2010 sacrae

1847 2061 1973 2114 vitze
2003 2058 2280 2114 infamiam
2313 2057 2554 2110 inurant.
2575 2054 2709 2121 Quae
2733 2052 2991 2123 quoniam
3018 2051 3072 2105 in
3100 2049 3427 2119 quibusdam

1849 2169 1956 2208 non
1985 2154 2056 2206 ita
2089 2165 2314 2221 prorsus
2337 2150 2471 2203 ﬁunt
2501 2157 2560 2200 ut
2599 2155 2863 2217 praecepta
2903 2152 3063 2209 sunt,
3087 2142 3178 2195 sed
3205 2141 3431 2194 tonden-

1852 2258 1939 2301 tur
1969 2245 2036 2298 ab
2063 2242 2288 2296 infantia
2319 2259 2333 2307 ;
2375 2249 2469 2293 aut
2494 2239 2538 2292 si
2568 2237 2808 2307 legitima
2843 2245 3026 2300 actate,
3067 2241 3122 2288 at
3149 2247 3255 2286 non
3291 2233 3428 2303 legi—

1849 2339 1982 2391 time
2019 2345 2072 2390 et
2100 2333 2335 2403 perfecte
2376 2350 2390 2398 ;
2447 2341 2733 2399 propterea
2779 2342 2981 2397 susque
3020 2325 3194 2394 deque
3221 2326 3428 2384 omnia,

1849 2440 1904 2486 et
1936 2430 2190 2483 sacerdos
2230 2437 2286 2482 et
2334 2427 2594 2496 propheta
2640 2434 2820 2478 mente
2850 2422 3072 2477 alienati
3101 2431 3250 2484 sunt,
3286 2418 3432 2474 sicut

1851 2518 2116 2587 scriptum
2171 2524 2254 2571 est
2279 2516 2362 2580 ⁸⁸,
2400 2525 2454 2569 et
2503 2527 2734 2568 numero
2786 2511 2997 2565 infinita
3046 2508 3269 2563 traditio
3330 2521 3430 2575 pro

1851 2609 2077 2664 arbitrio
2109 2606 2396 2676 cujusque,
2429 2614 2483 2659 et
2510 2619 2672 2674 quam
2714 2618 2815 2656 suo
2838 2603 3069 2672 quisque
3095 2599 3302 2670 judicio
3322 2599 3432 2651 lin-

1852 2702 1928 2772 git
1957 2700 2249 2770 legislatio,
2290 2714 2397 2751 non
2432 2714 2497 2751 ex
2548 2696 2861 2758 dilectione,
2901 2695 2994 2749 sed
3023 2709 3089 2747 ex
3141 2692 3369 2745 avaritia
3411 2706 3426 2744 :

1854 2808 2029 2862 neque
2061 2790 2277 2856 salutis,
2317 2788 2409 2843 sed
2441 2788 2575 2842 lucri
2611 2786 2817 2841 studio.
2855 2785 2919 2837 Et
2948 2783 3015 2836 ad
3040 2783 3154 2834 haec
3190 2795 3291 2850 ego
3325 2779 3430 2832 mi-

1854 2901 1943 2940 ser
1973 2883 2102 2956 quid
2128 2881 2483 2949 respondeam
2518 2895 2625 2933 non
2653 2878 2826 2931 habeo
2862 2917 2876 2943 ,
2900 2875 3005 2929 nisi
3041 2886 3098 2926 ιιι
3127 2879 3346 2942 gemant
3375 2880 3432 2926 et

1855 2980 2173 3040 tristenlur,
2203 2985 2257 3031 et
2287 2989 2385 3029 sua
2421 2975 2661 3043 ipsorum
2695 2980 2914 3042 peccata
2941 2967 3172 3022 deﬂeant
3204 2985 3216 3020 :
3255 2975 3308 3020 tu
3341 2979 3432 3018 ve-

1855 3089 1916 3125 ro
1947 3071 2130 3126 salvus
2153 3068 2254 3134 sis,
2280 3067 2354 3122 fili
2390 3067 2608 3120 dilecte.

2221 3262 2819 3321 CLXVl.-—Theoctisto
2848 3261 3098 3316 eremitw.

1039 3373 1116 3424 De
1139 3374 1350 3426 diversis
1373 3380 1677 3440 argumentis
1699 3396 1711 3432 :
1736 3390 1788 3432 et
1808 3382 1861 3432 in
1882 3382 1978 3430 [ine
1999 3380 2061 3428 de
2081 3377 2233 3427 sacris
2254 3373 2569 3436 imaginibus.

251 3477 550 3545 Δεξάμενος
598 3475 658 3528 τὸ
698 3477 1076 3546 γραμματεῖον
1125 3478 1226 3547 τῆς
1268 3480 1583 3550 τιμιότητός
1631 3499 1746 3543 σου,

1923 3483 2145 3536 Brevem
2175 3480 2459 3548 epistolam
2524 3477 2840 3529 reverentia:

191 3572 275 3623 καὶ
313 3572 581 3636 ἀναγνοὺς
627 3571 705 3630 εἱς
739 3571 973 3639 ἐπήκοον
1020 3569 1114 3621 τοῦ
1151 3571 1564 3640 θεοφιλεστάτου
1595 3576 1750 3647 ἀρχι-

189 3665 479 3716 επισκόπου
505 3662 597 3714 καὶ
624 3660 852 3729 ἀδελφοῦ
882 3678 1002 3730 μου,
1036 3662 1150 3731 ἅμα
1177 3666 1292 3727 τοῖς
1323 3659 1570 3720 συνοῦσιν
1595 3667 1749 3720 ἀδελ-

189 3758 295 3820 φοῖς
315 3772 330 3786 ο
361 3754 745 3826 ηὐχαρίστησα
787 3755 816 3805 ὀ
842 3753 1096 3816 ταπεινὸς
1120 3754 1197 3824 τῷ
1231 3757 1420 3828 Κυρίῳ
1445 3800 1459 3824 ,
1485 3758 1543 3822 ὃς
1572 3760 1749 3815 ἔκλινε

188 3846 275 3915 τήν
306 3846 544 3916 καρδίαν
582 3863 674 3898 σου
705 3845 910 3915 γράψαι
936 3846 1110 3916 ὀρθῶς
1134 3847 1195 3899 τὸ
1220 3849 1318 3918 τῆς
1344 3850 1580 3913 πίστεως
1609 3852 1749 3922 σύμ-

191 3938 354 3992 ϐολον.
390 3939 469 3990 Τὸ
503 3938 611 4008 γὰρ
642 3939 926 4008 ὁμολογεῖν
969 3936 1218 4006 δέχεσθαι
1257 3943 1358 4010 τὴν
1387 3943 1626 3996 Παλαιὰν
1656 3945 1751 3996 καὶ

187 4030 320 4082 Νέαν
350 4029 654 4099 Διαθήκην,
685 4031 779 4082 καὶ
814 4029 992 4082 πάντα
1020 4032 1088 4082 τὰ
1119 4030 1222 4082 ὑπὸ
1248 4032 1357 4085 τῶν
1386 4034 1558 4101 ἁγίων
1577 4036 1749 4088 Πατέ-

191 4137 288 4186 ρων
315 4121 728 4194 παραδεδομένα
743 4125 809 4192 τῇ
837 4121 1135 4192 Ἐκκλησία
1157 4123 1249 4176 τοῦ
1274 4124 1752 4194 Θεοῦ,·κεφαλαιω-

187 4211 333 4283 aegr;
366 4213 601 4283 ὀρθότης
630 4214 744 4265 ἐστὶ
775 4216 875 4283 τῆς
910 4213 1163 4276 πίστεως.
1210 4215 1426 4286 Ἐπειδὴ
1459 4217 1515 4270 δὲ
1544 4220 1750 4287 αἱρετι-

186 4310 291 4366 not;
339 4304 459 4356 ἐστι
505 4304 677 4356 ταῦτα
712 4304 912 4372 λέγειν,
959 4304 1017 4356 οὐ
1067 4305 1171 4374 μήν
1207 4309 1555 4376 εὑρίσκεσθαι
1608 4315 1751 4364 κατὰ

184 4398 300 4456 τοὺς
349 4395 547 4463 λόγους
594 4396 772 4448 αὐτῶν
816 4395 1240 4465 ὀρθοτομοῦντας
1305 4400 1394 4453 τὸν
1443 4401 1599 4470 λόγον
1649 4405 1749 4474 τῆς

185 4486 435 4554 ἀληθείας
457 4503 472 4517 ο
503 4486 591 4538 διὰ
616 4485 772 4538 τοῦτο
796 4486 947 4555 παρὰ
971 4488 1079 4540 τῶν
1105 4489 1462 4558 πεμφθέντων
1486 4494 1747 4562 ἀδελφῶν,

187 4576 272 4628 καὶ
302 4578 542 4646 μάλιστα
572 4576 721 4646 παρὰ
748 4577 841 4628 τοῦ
867 4574 1009 4631 ἁϐϐἄ
1033 4581 1383 4652 Σωσιπάτρου
1412 4585 1750 4657 ἐπεζητήσα-

189 4686 279 4735 μεν
306 4671 368 4721 τὸ
397 4668 649 4738 ἀκριϐὲς,
673 4667 816 4721 καθὰ
845 4671 938 4722 καὶ
966 4671 1236 4741 ἐζήτησας
1270 4675 1326 4725 ὲν
1355 4676 1464 4737 τοῖς
1492 4679 1751 4746 γράμμα-

187 4773 264 4808 ar
291 4758 381 4811 διὰ
411 4758 473 4810 τὸ
506 4758 580 4826 μή
605 4756 781 4808 πάντα
811 4758 1072 4827 ἐγχωρεῖν
1100 4760 1462 4827 ἀπαγγέλλειν
1498 4765 1597 4830 τὴν
1630 4766 1749 4816 ἑπι-

186 4847 399 4917 στολήν·
435 4850 531 4900 καὶ
556 4848 788 4918 εὕρομεν
820 4849 1001 4918 χάριτι
1024 4851 1284 4919 Χριστοῦ,
1314 4828 1748 4921 ἀπαγγέλλοντας
1780 4828 1824 4882 D

186 4938 370 5001 αὐτοὺς
405 4939 752 5008 ὀρθοφρόνως
783 4939 849 4992 τὰ
878 4940 1048 5010 παρὰὲ
1073 4941 1168 4993 σοῦ
1204 4943 1386 5007 αὐτοῖς
1420 4947 1746 5014 παρατιθέν-

182 5046 262 5080 τα.
289 5031 427 5084 Τίνα
459 5030 517 5082 δὲ
547 5030 753 5096 ταῦτα;
799 5030 906 5084 δεῖν
938 5035 996 5085 έν
1020 5033 1334 5100 κεφαλαίοις
1368 5036 1748 5107 έπισημανθῆ-

188 5136 288 5173 ναι.
320 5120 549 5190 Πρῶτον
582 5122 706 5191 περὶ
735 5122 832 5190 τῆς
859 5123 1021 5190 ἁγίας
1046 5123 1308 5178 Θεοτόκου
1328 5143 1341 5156 ·
1374 5129 1503 5195 φασὶ
1534 5129 1637 5199 γὰρ
1663 5131 1750 5183 λέ-

185 5223 296 5274 γειν
344 5227 428 5274 σε,
473 5211 558 5262 ὅτι
605 5209 710 5279 πρὸ
755 5210 864 5265 τῶν
915 5212 1128 5266 αἰώνων
1183 5215 1216 5283 ή
1244 5215 1537 5283 Παρθένος.
1582 5218 1752 5270 Τοῦτο

187 5300 364 5366 ἐπειδὴ
405 5302 639 5371 ἀρνῆσαι
694 5302 829 5372 μήτε
882 5302 1080 5372 λέγειν,
1115 5305 1253 5375 μήτε
1282 5306 1339 5360 δὲ
1374 5310 1606 5378 φρονεῖν,
1636 5311 1749 5363 ἀλλ’

180 5393 454 5459 ὁμολογεῖν
484 5393 543 5457 ἐξ
576 5393 766 5462 ἀνδρὸς
790 5395 884 5447 καὶ
916 5398 1175 5462 γυναικὸς
1217 5399 1469 5470 Ἰωακεὶμ
1506 5402 1599 5453 καὶ
1622 5404 1752 5453 Ἀν-

183 5498 269 5551 νης
304 5484 568 5554 τετάχθαι
593 5485 783 5554 αὐτὴν,
821 5482 878 5538 εὖ
911 5486 976 5539 ἂν
1010 5489 1142 5559 ἔχοι.
1177 5491 1457 5562 Δεύτερον,
1491 5495 1620 5564 περὶ
1655 5495 1748 5547 τοῦ

183 5571 401 5642 Κυρίου,
446 5575 530 5627 ὅτι
577 5575 676 5627 οὐκ
716 5577 1056 5648 ἐσταυρώθη.
1107 5580 1323 5654 Ἐπειδὴ
1370 5583 1425 5636 δὲ
1468 5585 1749 5655 ὁμολογεῖς

268 5688 312 5720 ⁸⁸
390 5688 496 5744 lsa.
584 5703 792 5751 xxviii,
853 5690 902 5744 7.

2917 3485 3021 3530 ῑυω
3081 3491 3144 3532 Cll
3154 3491 3203 3530 nt
3269 3492 3431 3534 acce-

1853 3577 2076 3645 pissem,
2113 3573 2471 3642 legissemque
2505 3569 2757 3622 audiente
2799 3568 2890 3620 Dei
2933 3569 3313 3626 amantissimo
3345 3588 3434 3626 ar-

1852 3668 2198 3734 chiepiscopo
2237 3675 2288 3716 et
2319 3664 2484 3716 fratre
2515 3676 2652 3724 meo,
2700 3677 2802 3712 una
2842 3678 2964 3715 cum
3008 3662 3270 3719 fratribus
3334 3667 3429 3735 qui

1852 3761 2111 3823 aderant;
2146 3757 2373 3809 Domino
2423 3757 2644 3809 humilis
2675 3772 2774 3824 ego
2824 3755 3028 3824 gratias
3072 3757 3177 3824 egi,
3221 3758 3431 3826 quicor

1853 3863 2003 3905 tuum
2037 3851 2254 3908 inflexit.
2289 3859 2346 3900 ut
2373 3849 2820 3918 lideisymholum
2857 3859 3002 3900 recte
3034 3849 3426 3916 perscriberes.

1852 3943 2003 4007 Quod
2039 3941 2182 3994 enim
2218 3941 2495 3992 confiteris
2565 3950 2614 3990 te
2652 3936 2816 3990 Vetus
2875 3935 3199 4005 Novumque
3238 3935 3430 3992 Testa—

1854 4044 2093 4087 mentum
2128 4032 2389 4099 recipere,
2433 4030 2705 4097 simulque
2757 4029 2940 4082 omnia
2985 4043 3108 4097 quaa
3158 4043 3188 4080 a
3222 4029 3428 4084 sanctis

1851 4127 2102 4180 l’atribus
2133 4125 2328 4176 tradita
2359 4131 2486 4176 sunt
2521 4121 2776 4175 Ecclesiae
2800 4119 2915 4184 Dei,
2946 4130 3090 4173 recta
3137 4128 3222 4174 est
3264 4129 3430 4189 atque

1853 4219 2037 4270 omnia
2094 4217 2330 4271 breviter
2385 4215 2753 4282 complectens
2813 4213 2932 4265 fidei
2964 4211 3254 4280 professio.
3320 4210 3426 4266 Sed

1852 4309 1976 4374 quia
2012 4304 2243 4358 haeretici
2275 4305 2435 4358 etiam
2464 4306 2577 4358 haec
2608 4305 2787 4358 dicere
2818 4303 3016 4364 solent,
3083 4319 3184 4358 nec
3240 4312 3425 4358 tamen

1853 4409 2017 4464 recte,
2052 4398 2233 4466 utipsi
2265 4398 2493 4466 jactant,
2551 4398 2794 4450 veritatis
2824 4396 3126 4450 doctrinam
3148 4398 3427 4465 explicare

1851 4490 2373 4558 deprehenduntur:
2428 4488 2634 4543 idcirco
2712 4488 2780 4541 ab
2832 4488 2899 4542 iis
2959 4487 3050 4557 qui
3095 4488 3250 4542 missi
3300 4500 3429 4544 sunt

1852 4581 2132 4642 fratribus,
2157 4577 2498 4646 maximeque
2523 4577 2591 4630 ab
2633 4577 2828 4630 abbate
2879 4575 3159 4646 Sosipatro
3191 4593 3306 4632 rem
3328 4594 3426 4632 ex-

1850 4673 2175 4741 quisivimus
2199 4714 2214 4735 ,
2250 4671 2708 4740 quemadmodum
2739 4670 2854 4739 ipse
2890 4685 2983 4738 per
3011 4670 3219 4723 litteras
3241 4680 3429 4740 postu-

1853 4767 1995 4819 laras
2025 4782 2041 4822 :
2087 4779 2152 4818 eo
2181 4763 2327 4832 quod
2356 4762 2539 4815 omnia
2574 4763 2860 4815 enuntiare
2886 4778 2989 4815 non
3015 4773 3198 4830 posset
3222 4765 3428 4830 episto-

1856 4857 1900 4908 la
1932 4854 2282 4922 :Christique
2319 4852 2584 4906 beneficio
2641 4853 3044 4922 comperimus,
3113 4854 3424 4907 orthodoxe

1855 4949 1923 5001 ab
1955 4946 2089 5014 ipsis
2133 4945 2323 5000 referri
2377 4960 2498 5014 quae
2518 4953 2572 4999 tu
2597 4945 2704 4998 illis
2735 4945 3110 4999 commiseras.
3161 4945 3425 5009 Quaenam

1856 5040 1969 5092 haec
2010 5047 2136 5092 sunt
2173 5038 2194 5090 ?
2223 5052 2445 5092 necesse
2469 5037 2610 5092 enim
2642 5045 2724 5091 est
2754 5047 2886 5090 utea
2919 5037 3252 5104 capitulatim
3280 5037 3428 5090 desi-

1855 5137 2085 5197 gnentur
2106 5167 2117 5180 .
2146 5126 2413 5190 Primum,
2467 5128 2535 5180 de
2566 5135 2754 5180 sancta
2786 5125 3016 5194 Deipara
3047 5146 3060 5181 :
3098 5127 3251 5180 aiunt
3277 5127 3425 5181 enim

1853 5220 2036 5273 dicere
2082 5229 2153 5284 te,
2213 5218 2485 5287 Virginem
2529 5227 2655 5270 ante
2706 5217 2907 5271 saecula
2940 5218 3242 5272 exstitisse.
3309 5217 3427 5273 Hoc

1853 5312 1979 5379 quia
2008 5327 2173 5381 negas
2205 5319 2254 5363 te
2277 5310 2360 5363 vel
2389 5309 2570 5363 dicere
2618 5309 2702 5363 vel
2741 5310 2963 5374 sentire,
3002 5309 3095 5363 sed
3149 5311 3427 5365 conﬁteris

1853 5404 1998 5456 illam
2034 5419 2100 5456 ex
2119 5404 2233 5456 viro
2264 5412 2318 5456 et
2341 5403 2561 5465 femina,
2599 5400 2844 5456 Joachim
2879 5412 2933 5455 et
2964 5402 3141 5465 Anna,
3169 5403 3424 5471 progeni-

1853 5506 1960 5549 Iam
1988 5537 2002 5561 ,
2063 5497 2199 5551 bene
2246 5496 2430 5550 habet.
2473 5496 2807 5556 Secundum,
2848 5496 2914 5549 de
2969 5494 3222 5558 Domino,
3276 5495 3423 5564 quod

1854 5587 2144 5645 cruciﬁxus
2180 5585 2434 5644 nonfuit.
2469 5585 2737 5651 Quoniam
2761 5593 2941 5642 autem
2980 5586 3256 5642 conﬁteris
3288 5602 3419 5641 cru-

1677 5781 1901 5838 NOTAE.

245 5893 356 5964 (58)
387 5895 445 5951 lu
473 5897 596 5951 cod.
624 5894 756 5966 lteg.
797 5903 930 5966 ρνη’.
