3934 6460
530 393 556 459 1
569 393 671 456 527

1719 392 1781 452 Β.
1810 388 2203 450 THEODORI
2234 388 2583 452 STUDIT/R

3630 381 3774 453 1528

518 505 739 560 cillxum
762 502 936 560 fuisse
968 505 1265 560 secundum
1320 504 1657 575 Scripturas,
1716 506 1853 559 bene
1908 505 2091 560 habet.

2213 502 2568 574 ;σταυρῶσθαι
2625 499 2787 555 αὑτὸν
2835 498 2976 553 κατὰ
3008 497 3109 562 τάς
3142 496 3387 569 Γραφὰς,
3415 493 3475 552 εὖ
3517 497 3586 551 ἃν
3629 498 3770 569 ἔχοι.

520 597 809 661 Tertium,
867 597 936 653 de
958 598 1165 669 angelis
1227 606 1283 654 et
1362 597 1922 667 dminonibusmuod
1972 605 2095 666 post

516 690 781 761 judicium
808 689 990 746 futura
1005 691 1308 746 estiterum
1344 690 1620 745 restitutio
1648 692 1702 744 in
1756 691 2047 760 pristinum
2074 729 2090 754 ,

514 781 709 852 ﬁetque
736 795 901 833 unum
937 780 1092 845 ovile,
1126 789 1177 833 et
1218 795 1353 833 unus
1378 789 1563 846 pastor
1595 779 1640 811 “
1666 818 1681 834 .
1721 778 1788 835 Et
1818 782 1945 850 quia
1992 779 2099 834 hoc

520 886 687 942 negas
708 911 723 937 ,
754 870 1055 941 laterisque
1078 880 1337 927 aternani
1369 872 1486 925 fore
1524 882 1637 925 tum
1663 873 2095 935 damnationem,

521 973 634 1016 tum
667 979 894 1035 regnum
927 964 1216 1030 cmlorum,
1247 962 1385 1017 bene
1432 963 1613 1018 habet.
1678 964 1973 1029 Quartum,
2029 962 2097 1017 de

522 1061 795 1107 monacho
828 1068 1179 1125 unoquoque,
1242 1050 1386 1125 quod
1420 1055 1596 1123 possit
1654 1053 1832 1124 pannis
1868 1054 2099 1108 liberare

520 1151 742 1198 centum
766 1143 1166 1215 quinquaginta
1208 1146 1517 1200 damnatos.
1566 1144 1632 1199 Et
1684 1146 1942 1215 quoniam
1998 1145 2102 1200 hoc

524 1250 712 1305 negas,
742 1246 797 1289 et
827 1235 972 1291 dicis
1007 1252 1108 1291 nec
1137 1238 1515 1307 pcenitentiam
1540 1252 1663 1293 esse
1690 1248 1811 1307 post
1845 1246 2099 1300 mortem,

523 1340 626 1380 nec
645 1341 977 1397 quemquam
1005 1328 1098 1397 qui
1135 1329 1310 1398 possit
1339 1329 1408 1383 ab
1436 1328 1656 1384 inﬂictis
1703 1344 1734 1383 a
1762 1328 1870 1382 Deo
1926 1330 2102 1399 poenis

518 1436 732 1488 eruere,
767 1423 903 1479 bene
931 1424 1111 1478 habet.
1145 1423 1434 1490 Quintum,
1481 1425 1548 1479 de
1577 1424 1743 1488 libro,
1773 1424 1868 1494 qui
1895 1423 2103 1478 dicitur

519 1511 742 1569 Antonii
773 1531 789 1581 ;
823 1514 969 1585 quod
1004 1530 1127 1571 eum
1153 1516 1304 1571 dicas
1356 1515 1550 1570 merito
1607 1514 1999 1583 recipiendum,
2047 1515 2103 1568 in

520 1616 631 1673 quo
654 1603 821 1659 multa
862 1614 992 1660 sunt
1034 1605 1385 1675 hlasphema;
1423 1609 1566 1662 sicut
1617 1606 1718 1676 ipsi
1738 1607 1973 1675 legentes
2012 1622 2105 1661 co-

521 1694 839 1763 gnovimus.
871 1696 939 1755 Et
964 1698 1221 1767 quoniam
1248 1698 1438 1753 fateris
1485 1706 1538 1751 te
1568 1698 1712 1751 hunc
1738 1696 1963 1765 rejicere
1988 1705 2107 1749 tan-

523 1802 691 1857 quam
725 1788 964 1842 alienum
1001 1789 1071 1843 ab
1099 1787 1343 1844 Ecclesia
1392 1788 1508 1854 Dei,
1549 1803 1649 1842 nec
1680 1789 1913 1857 amplius
1939 1789 2107 1843 habe-

522 1890 583 1929 re
640 1884 734 1930 aut
764 1876 1185 1949 legeremeque
1209 1886 1283 1942 te,
1370 1892 1550 1948 neque
1606 1877 1726 1931 illos
1778 1878 1870 1946 qui
1920 1889 2100 1932 tecum

2192 594 2405 666 Τρίτον,
2440 592 2568 663 περὶ
2608 591 2718 645 τῶν
2756 590 3005 658 ἀγγέλων
3050 588 3147 642 καὶ
3190 588 3298 641 τῶν
3339 588 3640 657 δαιμόνων,
3684 590 3769 643 ὅτι

2197 686 2335 755 μετά
2390 685 2487 753 την
2516 682 2696 752 κρίσιν
2735 680 3179 741 ἀποκατάστασις
3218 678 3375 732 ἔσται
3415 679 3577 732 πάλιν
3602 696 3618 711 ·
3669 682 3772 738 καί

2193 772 2512 843 γεννήσεται
2552 772 2658 839 μία
2702 771 2945 839 ποίμνη.
2983 763 3072 834 εἲς
3110 767 3356 837 ποιμήν.
3411 769 3523 821 Kal
3580 770 3773 841 ἐπειδὴ

2194 864 2352 919 τοῦτο
2384 865 2716 936 άπαρνῆσαι,
2751 864 2845 916 καὶ
2891 862 3172 932 ὁμολογεῖς
3222 861 3440 915 αἰώνιον
3481 858 3628 915 εἶναι
3681 867 3775 915 καὶ

2196 961 2295 1026 τὴν
2328 958 2509 1027 κρίσιν
2550 958 2645 1010 καὶ
2683 956 2780 1028 τὴν
2830 956 3105 1027 βασιλείαν
3143 954 3251 1008 τῶν
3281 955 3549 1026 οὐρανῶν,
3594 950 3658 1009 εὖ
3708 954 3775 1008 ἂν

2198 1052 2331 1121 ἔχοι.
2364 1050 2634 1119 Τέταρτον
2684 1049 2812 1118 περὶ
2856 1046 3092 1117 μοναχοῦ
3120 1046 3259 1110 ἑνὸς,
3290 1046 3372 1099 ὅτι
3413 1046 3641 1100 δύναται
3676 1046 3777 1116 τῆς

2198 1140 2471 1201 κολάσεως
2505 1136 2768 1207 ῥύσασθαι
2799 1135 2992 1188 ἑκατὸν
3021 1136 3358 1203 πεντήκοντα
3387 1132 3773 1202 κρινομένους.

2201 1231 2308 1285 Kal
2331 1229 2517 1299 ἱπειδὴ
2545 1228 2704 1281 τοῦτο
2732 1225 3072 1297 άπαρνῆσαι,
3101 1224 3194 1277 xal
3219 1224 3413 1289 λέγεις,
3444 1226 3585 1292 μήτε
3614 1223 3773 1293 μετά-

2201 1340 2347 1376 νοιαν
2396 1317 2535 1374 εἷναι
2568 1319 2705 1389 μετά
2742 1318 2991 1381 θάνατον,
3028 1318 3164 1386 μήτε
3198 1317 3319 1368 τινά
3354 1315 3442 1368 τὸν
3469 1316 3775 1384 δυνάμενον

2202 1412 2478 1479 ἐξελέσθαι
2523 1412 2632 1465 άπὸ
2660 1411 2759 1481 τῆς
2796 1412 2859 1463 ὲκ
2886 1409 2978 1462 τοῦ
3002 1407 3145 1473 Θεοῦ
3174 1407 3617 1477 ἀπονεμηθείσης
3642 1408 3775 1462 ἐκά-

2206 1524 2313 1577 στῳ
2363 1505 2659 1568 κολάσεως,
2708 1498 2766 1556 εῦ
2812 1502 2879 1556 ἂν
2912 1502 3047 1571 ἔχοι.
3090 1500 3345 1570 Πέμπτον
3388 1498 3518 1569 περὶ
3564 1498 3775 1564 βιϐλίου

2203 1599 2296 1652 τοῦ
2338 1598 2727 1665 ὲπιλεγομένου
2766 1594 2859 1648 τοῦ
2896 1594 3215 1648 Ἀντωνίου’
3246 1592 3328 1645 ὅτι
3356 1592 3536 1660 λέγεις
3571 1592 3776 1646 εὐαπά-

2204 1689 2390 1743 δεκτον
2430 1684 2568 1741 εῖναι
2600 1688 2657 1741 ἐν
2684 1680 2729 1754 ᾧ
2759 1685 2928 1739 πολλά
2957 1683 3269 1755 βλάσφημα,
3297 1684 3371 1747 ὼς
3411 1684 3577 1753 ἡμεῖς
3617 1684 3777 1737 αὐτοὶ

2208 1782 2530 1847 ἀναγνόντες
2563 1780 2826 1849 ἔγνωμεν.
2878 1778 2985 1831 Kal
3013 1777 3171 1831 τοῦτο
3214 1778 3448 1843 ἐπείπερ
3484 1778 3777 1847 ὁμολογεῖς

2137 1846 2177 1899 Β
2205 1846 2609 1924 ἀποϐάλλεσθαι
2667 1846 2743 1930 ὡς
2810 1866 3113 1937 ἀλλότριον,
3141 1866 3243 1935 τῆς
3301 1846 3629 1936 Ἐκκλησίας
3678 1867 3774 1921 τοῦ

521 1978 695 2035 sunt;
728 1968 866 2023 bene
918 1947 1110 2023 habet.
1180 1947 1619 2040 Benedictusque
1672 1969 1741 2025 sit
1799 1970 1961 2036 Dens,
2011 1969 2103 2038 qui

2213 1959 2361 2025 Θεοῦ,
2414 1961 2509 2014 καὶ
2554 1960 2753 2030 μηκέτι
2808 1947 2943 2029 μήτε
2987 1958 3131 2028 ἔχειν
3175 1958 3313 2029 μήτε
3348 1959 3774 2025 ἀναγινώσκειν,

523 2059 795 2129 pnedictis
828 2061 1102 2119 scandulis
1148 2077 1244 2116 vos
1293 2063 1593 2131 purgavit:
1650 2070 1705 2116 et
1761 2062 2103 2117 benedictum

2213 2053 2345 2122 μήτε
2368 2052 2449 2114 σὲ,
2488 2052 2625 2121 μήτε
2648 2051 2776 2113 τοὺς
2801 2050 2937 2118 μετὰ
2968 2049 3083 2112 σοῦ,
3122 2045 3182 2103 εὖ
3219 2049 3285 2103 ἂν
3312 2048 3446 2119 ἔχοι.
3480 2050 3593 2103 Kal
3623 2052 3777 2105 εὐλο-

528 2169 726 2209 nomen
752 2153 939 2224 gloriae
995 2156 1136 2223 ejus,
1173 2155 1318 2224 quod
1350 2155 1625 2224 persuasit
1681 2162 1742 2208 ut
1786 2154 1999 2209 diceres
2056 2165 2106 2207 te

2213 2142 2369 2213 γητὸς
2394 2144 2422 2195 ό
2442 2142 2575 2202 Θεὸς
2601 2142 2629 2194 ό
2654 2140 3023 2211 ποιησάμενος
3050 2141 3388 2210 καθαρισμὸν
3418 2144 3476 2196 έν
3511 2142 3643 2213 ὑμῖν
3664 2144 3777 2197 τῶν

528 2247 800 2300 rusticum
840 2259 963 2301 esse
1024 2256 1189 2316 atque
1224 2246 1575 2315 imperitum,
1607 2261 2004 2315 cessurumque
2048 2246 2104 2300 in

2213 2233 2615 2303 προειρημένων
2645 2230 2955 2284 σκανδάλων
2974 2244 2989 2259 ·
3015 2230 3107 2282 καὶ
3125 2231 3487 2301 εὐλογημένον
3510 2232 3575 2285 τὸ
3601 2234 3778 2306 όνρμα

526 2331 897 2397 onintbus,et
956 2331 1459 2403 obtemperaturum
1527 2330 1710 2386 verbis
1785 2332 2107 2387 humilitatis

528 2438 681 2477 meae.

595 2595 708 2666 Ego
741 2611 870 2651 vero
913 2597 1049 2652 nihil
1076 2606 1265 2667 praeter
1294 2612 1358 2653 ea
1386 2612 1511 2668 qua
1542 2613 1573 2653 a
1636 2595 1841 2653 sanctis
1889 2604 2107 2666 aposto.

524 2688 591 2743 lis
616 2697 670 2741 ct
688 2687 969 2757 prophetis
989 2699 1044 2743 et
1074 2688 1328 2744 Patribus
1347 2689 1613 2744 divinitus
1644 2689 1923 2744 enuntiata
1956 2696 2108 2751 sunt,

525 2779 772 2835 suadebo
817 2778 900 2833 vel
956 2780 1307 2849 prmscribam
1357 2794 1373 2834 :
1427 2781 1524 2835 sed
1585 2782 1687 2836 hoc
1721 2782 1918 2851 ipsum,
1969 2783 2112 2835 sicut

525 2872 820 2942 scripsisti,
855 2881 914 2925 ut
966 2872 1162 2927 credas
1194 2872 1248 2926 in
1306 2882 1551 2925 sanctam
1591 2871 1932 2936 Trinitatem,
1968 2873 2110 2926 indi-

531 2966 707 3019 risaur
724 2964 983 3023 essentia,
1033 2962 1265 3016 divisam
1304 2964 1756 3017 cltaracteribus:
1806 2964 1859 3017 in
1893 2963 2109 3017 Patrem

527 3066 581 3107 et
620 3052 817 3106 Filium
846 3062 903 3106 et
960 3052 1223 3123 Spiritum
1317 3062 1612 3119 sanctum;
1664 3068 1833 3107 unum
1902 3053 2110 3115 Deum,

2204 2324 2303 2389 τῆς
2336 2323 2491 2393 δόξης
2526 2322 2713 2389 αὐτοῦ,
2739 2322 2801 2376 τὸ
2830 2323 3025 2376 πεῖσάν
3059 2339 3118 2375 σε
3157 2324 3333 2376 εἰπεῖν
3363 2326 3599 2396 χωρικὸν
3632 2325 3777 2386 εἶναι

2207 2414 2303 2468 καὶ
2328 2414 2534 2484 άμαθῆ,
2570 2414 2665 2467 καὶ
2695 2415 2865 2467 εῖκειν
2892 2414 3035 2467 κατά
3062 2415 3240 2468 πάντα
3263 2416 3357 2469 καὶ
3379 2416 3666 2472 πείθεσθαι
3696 2419 3778 2490 τῷ

2206 2505 2350 2574 λόγῳ
2378 2506 2476 2575 τῆς
2503 2504 2882 2569 ταπεινώσεώς
2913 2523 3039 2572 μου.

2291 2595 2433 2662 Ἐγὼ
2456 2596 2512 2648 δὲ
2539 2597 2691 2649 οὐδὲν
2718 2597 2869 2667 παρὰ
2884 2598 2952 2650 τά
2981 2597 3214 2662 θειωδῶς
3242 2599 3634 2670 ἑκπεφασμένα
3662 2604 3779 2667 τοῖς

2210 2684 2383 2753 άγίοις
2420 2686 2735 2747 ἀποστόλοις
2757 2688 2850 2740 καὶ
2883 2689 3189 2758 προφήταις
3217 2690 3313 2742 καὶ
3342 2690 3614 2761 Πατράσι,
3642 2709 3781 2767 παρ-

2209 2777 2409 2831 αινέσω
2433 2776 2466 2846 ἢ
2492 2777 2842 2831 διατυπώσω·
2867 2778 2982 2832 ἀλλ’
3012 2780 3141 2833 αὐτὸ
3169 2780 3347 2846 τοῦτο,
3377 2781 3562 2847 καθὼς
3583 2783 3782 2855 γέγραε

2211 2886 2339 2939 φας,
2374 2867 2649 2920 πιστεύειν
2678 2885 2737 2921 σε
2778 2869 2858 2932 είς
2888 2871 2987 2935 τὴν
3024 2871 3187 2939 ἁγίαν
3226 2873 3429 2943 Τριάδα
3455 2875 3555 2944 τὴν
3595 2876 3779 2948 ἀμερῆ

2209 2960 2331 3015 κατ’
2364 2958 2573 3025 ούσίαν,
2602 2959 2983 3031 διαιρουμένην
3014 2960 3069 3013 δὲ
3106 2965 3218 3022 τοῖς
3250 2964 3628 3034 χαρακτῆρσιν
3649 2984 3664 2998 ·
3701 2969 3782 3030 εἰς

2212 3052 2432 3121 Πατέρα
2472 3052 2567 3104 καὶ
2606 3050 2732 3103 Υἱὸν
2768 3053 2862 3105 καὶ
2896 3052 3051 3117 ἅγιον
3090 3052 3332 3123 Πνεῦμα,
3365 3055 3459 3108 ἒνα
3488 3056 3646 3122 Θεὸν,
3684 3057 3783 3117 ἕνα

530 3162 701 3204 unum
742 3144 1030 3201 Dominum
1065 3164 1079 3199 :
1113 3144 1257 3199 sicut
1292 3153 1346 3198 et
1371 3161 1479 3199 una
1522 3145 1673 3200 ﬁdes.
1722 3144 1816 3198 Est
1844 3154 2022 3200 autem
2062 3156 2108 3199 et

2216 3144 2438 3211 Κύριον,
2465 3142 2599 3194 καθὸ
2630 3143 2718 3195 καὶ
2760 3142 2856 3212 μία
2890 3143 3089 3206 πίστις.
3119 3142 3273 3197 Ἐστι
3314 3144 3371 3196 δὲ
3411 3146 3502 3199 καὶ
3531 3148 3560 3199 ό
3589 3147 3783 3218 Πατὴρ

530 3236 691 3291 Pater
716 3237 878 3298 Deus,
907 3233 1145 3290 etFilius
1173 3234 1337 3297 Deus,
1367 3245 1422 3291 et
1460 3235 1692 3307 Spiritus
1744 3237 1884 3292 Deus
1916 3254 1930 3304 ;
2001 3251 2109 3291 non

530 3338 640 3390 tres
670 3327 769 3389 dii,
797 3327 980 3381 absit!
1027 3327 1119 3383 sed
1148 3342 1289 3381 unus
1336 3326 1506 3392 Deus,
1542 3328 1999 3396 quemadmodum
2057 3338 2113 3385 et

533 3419 822 3473 Dominus.
877 3418 991 3473 Hoc
1017 3428 1102 3476 est
1132 3418 1418 3489 theologia:
1449 3422 1664 3491 dogma.
1694 3421 1768 3475 De
1806 3423 2112 3477 mconomia

532 3520 713 3562 autem
746 3506 987 3572 credere,
1034 3522 1203 3562 unum
1244 3507 1310 3560 de
1366 3521 1550 3561 sancta
1601 3508 1888 3572 Trinitate,
1937 3510 2114 3565 Patris

539 3600 898 3669 beneplacilo,
931 3609 987 3653 et
1010 3598 1396 3668 cooperatione
1419 3600 1593 3655 sancti
1627 3599 1882 3668 Spiritus.
1930 3602 2111 3655 incar-

534 3702 721 3748 natutn
750 3708 872 3747 esse
929 3691 995 3744 de
1023 3700 1208 3745 sancta
1243 3688 1492 3759 Dcipara,
1525 3693 1941 3761 superveniente
1965 3694 2016 3747 in
2050 3695 2113 3747 il-

536 3788 639 3838 lam
670 3783 873 3853 Spiritu
892 3791 1099 3844 sancto,
1131 3791 1185 3835 et
1216 3782 1288 3835 ita
1326 3784 1679 3837 obumbrante
1702 3784 1964 3838 Altissimi
1999 3786 2114 3839 vir-

533 3887 668 3939 tute,
702 3864 847 3929 siént
896 3882 982 3927 est
1015 3874 1067 3926 in
1099 3872 1392 3943 Evangelio
1419 3874 1463 3906 ⁸⁷
1496 3891 1509 3941 ;
1538 3890 1601 3928 ex
1622 3892 1727 3943 qua
1755 3885 1809 3929 et
1841 3884 2003 3931 natus
2032 3886 2117 3931 est

537 3970 701 4022 homo
720 3964 996 4036 perfectus
1036 3964 1199 4019 simul
1226 3974 1277 4018 et
1327 3965 1466 4019 Deus
1504 3966 1814 4035 perfectus;
1852 3984 1991 4022 unus
2021 3968 2116 4038 hy-

536 4061 768 4130 postasi,
794 4058 993 4126 duplex
1050 4065 1242 4109 natura
1268 4074 1281 4121 ;
1316 4058 1777 4125 quemadmodum
1817 4058 1987 4112 divini
2016 4059 2115 4111 Pa-

536 4163 667 4215 tres,
698 4160 751 4205 et
778 4161 981 4218 septem
1009 4160 1211 4203 sanetae
1235 4149 1583 4203 mcumenicat
1613 4150 1801 4220 synodi
1850 4168 2116 4221 exposue—

538 4255 684 4299 runt.
745 4240 1006 4297 Couliteri
1083 4241 1246 4294 etiam
1304 4240 1565 4310 Virginem
1634 4240 1919 4310 Dciparam
1972 4261 2113 4307 esse,

536 4342 792 4397 omnibus
819 4335 1192 4392 sublimiorem
1240 4340 1294 4387 et
1341 4332 1791 4400 honoratiorem;
1835 4350 1955 4399 quae
2002 4352 2118 4389 ma-

2217 3231 2368 3296 Θεὸς,
2394 3232 2487 3285 καὶ
2508 3233 2536 3283 ό
2563 3230 2687 3293 Υἱὸς
2721 3231 2871 3294 Θεὸς,
2902 3233 2997 3283 καὶ
3021 3232 3082 3282 τὸ
3107 3231 3327 3301 Πνεῦμα
3354 3233 3508 3302 Θεὸς,
3535 3236 3600 3288 οὐ
3635 3240 3783 3311 τρεῖς

2217 3322 2360 3385 Θεοὶ,
2385 3322 2460 3393 μὴ
2484 3322 2721 3389 γένοιτοι
2755 3322 2871 3375 ἀλλ’
2900 3318 2979 3385 εἷς
3004 3322 3136 3384 Θεὸς
3159 3364 3173 3388 ,
3210 3321 3397 3394 ὥσπερ
3425 3327 3520 3378 καὶ
3554 3328 3781 3399 Κύριος.

2218 3411 2389 3464 Τοῦτο
2416 3413 2512 3481 τῆς
2540 3413 2815 3482 θεολογίας
2850 3413 2908 3466 τὸ
2936 3412 3134 3481 δόγμα.
3165 3414 3299 3484 Περὶ
3331 3413 3429 3482 τῆς
3468 3418 3784 3489 οἰκονομίας

2218 3502 2513 3567 πιστεύειν,
2547 3506 2629 3557 ὅτι
2673 3506 2701 3557 ὀ
2732 3502 2808 3568 εἷς
2849 3507 2947 3575 τῆς
2986 3505 3234 3575 Τριάδος,
3274 3505 3630 3577 εύδοκίᾳ.τοῦ
3674 3512 3785 3564 Πα-

2219 3597 2364 3666 τρὸς,
2398 3596 2491 3648 καὶ
2532 3596 2791 3666 συνεργίᾳ
2814 3594 2907 3648 τοῦ
2940 3596 3095 3662 ἁγίου
3124 3596 3458 3667 Πνεύματος,
3492 3597 3784 3673 ἑσαρκώθη

2220 3691 2283 3741 ἐκ
2310 3689 2409 3757 τῆς
2437 3687 2595 3754 ἁγίας
2624 3688 2908 3753 Θεοτόκου,
2954 3690 3466 3760 προεισεληλυθότος
3499 3692 3597 3745 τοῦ
3626 3695 3786 3762 ἁγίου

2221 3780 2535 3849 Πνεύματος
2590 3782 2648 3832 έν
2686 3779 2851 3849 αὐτῇ,
2897 3778 2989 3831 καὶ
3029 3778 3203 3844 οὕτως
3236 3783 3658 3847 ὲπισκιάσαντος
3686 3786 3789 3857 τῆς

2218 3871 2314 3922 τοῦ
2355 3871 2611 3941 Ὑψίστου
2637 3872 2936 3941 δυνάμεως,
2966 3872 3109 3925 κατὰ
3143 3874 3203 3926 τὸ
3236 3873 3595 3943 Εὑαγγέλιον’
3627 3878 3690 3943 ἐξ
3719 3875 3789 3951 ἧς

2221 3963 2316 4015 xal
2345 3963 2538 4032 ἐτέχθη
2563 3963 2866 4031 ἄνθρωπος,
2891 3964 3095 4028 τέλειος
3117 3963 3193 4018 ὢν
3228 3968 3286 4018 ὲν
3312 3967 3491 4037 ταύτῷ
3522 3970 3619 4023 καὶ
3654 3971 3790 4035 Θεὸς

2218 4052 2448 4115 τέλειος·
2483 4050 2562 4115 εἷς
2598 4056 2663 4124 τῇ
2692 4054 3005 4117 ὑποστάσει,
3034 4055 3253 4119 διπλοῦς
3277 4059 3342 4127 τῇ
3374 4058 3531 4126 φύσει
3552 4075 3565 4087 ·
3603 4061 3792 4125 καθὼς

2219 4144 2268 4197 οί
2296 4143 2539 4213 θεοφόροι
2571 4145 2833 4216 Πατέρες,
2864 4147 2958 4201 καὶ
2980 4148 3035 4199 αἱ
3062 4147 3203 4200 ἑπτὰ
3228 4146 3381 4215 ἆγιαι
3406 4152 3790 4221 οίκουμενικαὶ

2222 4234 2426 4287 σύνοδοι
2448 4235 2687 4300 ἐξέθεντο
2706 4252 2720 4268 ο
2756 4254 2775 4287 ε
2818 4236 3125 4307 ὐμολογεῖν
3144 4254 3205 4290 τε
3229 4238 3327 4309 τὴν
3354 4240 3631 4310 Παρθένον
3661 4243 3792 4298 Θεο-

2220 4328 2399 4391 τόκον,
2434 4328 2647 4381 πάντων
2686 4323 2849 4382 οὖσαν
2892 4328 3228 4402 ὑψηλοτέραν
3279 4338 3373 4387 καί
3414 4338 3787 4407 τιμιωτέραν

539 4447 694 4489 terno
721 4434 843 4502 jure
881 4431 1021 4500 apud
1062 4429 1258 4483 Filium
1290 4443 1446 4485 suum
1509 4442 1572 4480 ac
1597 4425 1883 4480 Dominum
1948 4429 2108 4497 possit

2220 4416 2523 4490 δυναμένην
2564 4437 2625 4472 τε
2672 4421 2991 4493 πρεσϐεύειν
3026 4423 3307 4493 μητρικῶς
3353 4422 3431 4492 τῷ
3472 4425 3645 4493 αὐτῆς
3671 4428 3791 4492 Υίῷ

538 4543 637 4598 pro
670 4526 927 4580 universo
955 4522 1161 4575 mundo
1185 4520 1540 4572 intercedere.
1581 4518 1817 4587 Angelos
1870 4519 2108 4573 conliteri

2220 4513 2313 4566 καὶ
2366 4514 2554 4583 Κυρίῳ
2582 4513 2722 4585 ὑπὲρ
2754 4514 2949 4577 παντὸς
2992 4513 3086 4567 τοῦ
3112 4515 3336 4584 κόσμου.
3378 4515 3695 4586 Ὀμολογεῖν
3727 4536 3791 4572 τε

537 4629 753 4684 quoque
792 4623 851 4666 ut
888 4610 1129 4680 angelos,
1170 4609 1260 4677 qui
1294 4616 1349 4661 et
1375 4605 1475 4675 ipsi
1509 4621 1833 4675 magnOpere
1872 4622 1967 4675 pro
1997 4625 2108 4661 om-

2214 4605 2341 4667 τοὺς
2369 4605 2650 4672 ἀγγέλους,
2680 4604 3085 4676 ύπερδεομένων
3115 4606 3207 4659 καὶ
3238 4607 3417 4660 αὐτῶν
3443 4608 3664 4662 πάντων
3693 4611 3793 4665 άν-

540 4708 699 4761 nibus
729 4701 1042 4759 hominibus
1081 4700 1460 4768 deprecentur.
1512 4695 1718 4751 llorum
1752 4713 1933 4751 autem
1982 4714 2108 4755 con-

2218 4696 2468 4766 θρώπων.
2494 4697 2567 4749 Τό
2594 4714 2651 4749 τε
2672 4698 2945 4768 δαιμόνιον
2970 4694 3137 4767 φῦλον
3163 4699 3361 4768 ἀμιγὲς
3382 4695 3521 4755 εἶναι
3544 4702 3627 4766 είς
3654 4704 3790 4756 αἰῶ-

540 4798 712 4853 sortio
748 4811 922 4867 genus
980 4795 1285 4847 daemonum
1343 4790 1622 4843 exclusum
1652 4806 1774 4843 esse
1823 4790 1875 4843 in
1912 4792 2108 4845 saecula

2218 4805 2311 4849 νας
2341 4788 2749 4859 άτελευτήτους,
2786 4789 2923 4861 πρὸς
2948 4790 3144 4853 αὐτοὺς
3183 4792 3243 4843 τὸ
3293 4792 3423 4853 [διον
3466 4795 3793 4866 οἰκητήριον

542 4888 891 4957 sempiterna,
924 4884 1253 4950 eosdemque
1282 4881 1506 4949 proprio
1534 4880 1809 4934 domicilio
1857 4896 1951 4950 per
1983 4898 2108 4950 ap"-

2217 4876 2288 4931 δι’
2312 4880 2644 4933 ἀποστασίαν
2678 4880 3064 4949 ἀπολιπόντας,
3104 4883 3198 4935 καὶ
3224 4884 3793 4955 καταδεδικασμένους

542 4980 770 5036 stasiam
800 4979 1001 5048 ejectos
1026 5018 1041 5039 ,
1071 4984 1237 5043 atque
1292 4987 1324 5025 a
1388 4969 1497 5025 Deo
1523 4972 1588 5024 ad
1641 4972 1789 5040 jusla
1850 4974 2115 5043 supplicia

542 5077 849 5128 damnatos.
880 5066 1138 5123 Conlltcri
1205 5064 1379 5119 etiam
1433 5071 1650 5116 sanctos
1708 5078 1920 5127 omnes,
1973 5065 2119 5121 velut

548 5161 779 5215 famulos
820 5156 934 5221 Dei,
970 5170 1067 5224 pro
1098 5152 1274 5206 salute
1344 5160 1531 5204 nostra
1576 5165 1735 5219 posse
1772 5151 1914 5221 apud
1950 5148 2116 5206 Deum

546 5251 903 5311 intercedere.
954 5244 1215 5300 Contlteri
1246 5254 1503 5312 praeterea
1564 5251 1783 5297 sanctas
1806 5243 2067 5312 imagines
2103 5283 2119 5308 ,

544 5353 600 5393 et
631 5337 802 5407 ipsius
834 5333 1046 5387 Domini
1078 5331 1249 5386 nostri
1272 5330 1401 5385 Jesu
1431 5329 1654 5389 Christi,
1688 5341 1741 5385 ct
1764 5333 1955 5386 matris
1978 5334 2120 5401 ejus,

544 5428 985 5501 Angelorumque
1005 5438 1069 5477 ac
1102 5435 1417 5479 sanctorum
1456 5421 1725 5485 omnium,
1751 5433 1805 5478 et
1846 5423 2077 5479 adorare
2102 5466 2117 5490 ,

546 5529 602 5573 et
635 5518 933 5586 suscipere,
960 5515 1115 5585 juxta
1148 5515 1197 5567 id
1225 5513 1371 5583 quod
1392 5522 1475 5566 est
1512 5513 1563 5565 in
1596 5510 1813 5567 Nicmna
1881 5516 2117 5569 secunda

549 5609 757 5680 synodo
786 5607 1176 5671 constitutum;
1212 5615 1266 5660 et
1290 5604 1751 5661 anatltematizare
1782 5621 1972 5662 omnes
2005 5607 2113 5662 ba:-

623 5788 667 5819 “
697 5784 853 5841 Joan.
891 5800 945 5850 ι,
984 5782 1067 5838 lli.
1168 5783 1209 5813 ⁸⁷
1245 5780 1377 5835 Luc.
1434 5796 1470 5842 ι,
1506 5778 1597 5832 55.

2224 4971 2327 5022 ὑπὸ
2355 4970 2489 5023 Θεοῦ
2515 4973 2743 5036 ἐνδίκοις
2773 4973 3075 5028 κολάσεσιν.
3123 4975 3434 5045 Ὀμολογεῖν
3453 4993 3511 5028 τε
3538 4978 3635 5030 καὶ
3664 4980 3795 5040 τοὺς

2225 5061 2413 5129 άγίους
2442 5062 2652 5125 πάντας
2700 5065 2775 5127 ὼς
2802 5065 3135 5134 θεράποντας
3163 5065 3319 5129 Θεοῦ,
3353 5065 3681 5139 πρεσϐεύειν
3711 5072 3795 5139 τῷ

2225 5152 2346 5225 Θεῷ
2380 5154 2708 5224 δυναμένους
2733 5158 2812 5220 είς
2847 5158 3120 5226 σωτηρίαν
3139 5157 3319 5227 ήμῶν.
3352 5158 3470 5211 Ἔτι
3504 5158 3795 5229 ὁμολογεῖν

2226 5243 2325 5305 τὰς
2353 5244 2513 5311 άγίας
2543 5247 2777 5311 εἰκόνας,
2801 5248 2964 5301 αὑτοῦ
2988 5266 3045 5301 τε
3067 5249 3160 5302 τοῦ
3192 5249 3397 5320 Κυρίου
3425 5251 3582 5321 ήμῶν
3614 5249 3796 5322 Ἰησοῦ

2226 5334 2485 5403 Χριστοῦ,
2544 5340 2642 5404 τῆς
2688 5354 2748 5389 τε
2798 5336 2963 5391 αὑτοῦ
3004 5339 3245 5409 Μητρὸς,
3291 5340 3541 5407 ἀγγέλων
3586 5357 3649 5393 τε
3697 5346 3797 5395 καὶ

2225 5429 2442 5479 πάντων
2478 5428 2667 5495 ἁγίων,
2694 5433 3013 5497 προσκυνεῖν
3034 5448 3091 5482 τε
3118 5432 3213 5483 καὶ
3234 5430 3609 5500 ἀποδέχεσθαι,
3647 5438 3797 5488 κατὰ

2222 5516 2282 5568 τὸ
2336 5516 2695 5583 δογματισθὲν
2726 5519 2792 5587 τῇ
2839 5520 2896 5569 ὲν
2943 5518 3148 5588 Notata
3180 5518 3240 5570 τὸ
3278 5518 3525 5587 δεύτερον
3566 5520 3795 5588 συνόδῳ·

2224 5607 2639 5679 ἀναθεματίζειν
2690 5627 2747 5663 τε
2784 5612 2993 5674 πάντας
3024 5611 3330 5683 αἱρετικοὺς
3361 5612 3487 5675 τοὺς
3526 5611 3635 5666 ὑπὸ
3680 5610 3796 5666 τῶν
