3934 6488
231 451 250 514 1
263 451 368 513 5‘29

1414 444 1946 508 EPISTOLARUM
1985 445 2133 507 LIB.
2183 445 2268 506 II.

3322 448 3468 512 1530

224 564 462 616 συνόδων
497 559 1089 632 ἀναθεματιζομένους·
1139 558 1532 628 ἀνακηρύττειν
1581 559 1773 619 πάντας

1888 559 2088 612 reticos
2112 559 2252 626 quia
2280 556 2501 622 synodis
2525 557 2960 612 anathematizatl
2981 568 3143 625 sunt,
3187 563 3483 630 pmlicare

218 653 352 716 τοὺς
383 651 697 724 ὀρθοδόξους
723 652 856 724 παρ’
883 651 1063 705 αὐτῶν
1087 651 1555 720 εὐφημουμένους.
1585 648 1734 719 Αὕτη
1761 650 1795 720 ὴ

221 743 458 814 ἀληθινὴ
491 742 650 814 [ϐοά.
683 742 815 812 Reg.
840 741 1160 811 εἰλικρινὴς]
1190 742 1372 804 πίστις
1398 741 1507 795 τῶν
1532 741 1791 811 Χριστια-

220 835 371 888 νῶν·
422 833 582 888 τοῦτο
623 834 682 887 τὸ
715 833 1011 904 μαρτύριον
1055 833 1157 900 τῆς
1201 833 1438 901 Χριστοῦ
1483 832 1789 901 ὁμολογίας.

219 925 387 997 Παρὰ
412 925 584 979 ταῦτα
611 927 640 979 ὁ
665 925 875 996 φρονῶν
900 927 1011 993 ἡτω
1032 923 1277 991 ἀνάθεμα
1305 923 1414 976 ἀπὸ
1439 923 1530 976 τοῦ
1555 923 1790 991 Πατρὸς,

218 1019 319 1070 καὶ
350 1015 448 1069 τοῦ
474 1015 627 1080 Υἰοῦ,
659 1017 753 1068 καὶ
781 1014 874 1068 τοῦ
904 1014 1057 1082 ἁγίου
1081 1013 1394 1083 Πνεύματος
1415 1028 1430 1044 ’
1454 1013 1598 1070 καθά
1628 1028 1792 1082 φησιν

215 1112 247 1161 ὁ
278 1108 578 1170 ἀπόστολος
627 1105 838 1168 Παῦλος
860 1122 875 1146 ν
906 1106 1036 1158 Ὀτι
1075 1104 1194 1158 κᾶν
1231 1105 1424 1173 ἡμεῖς,
1457 1103 1495 1172 ἢ
1539 1103 1791 1173 ἅγγελος

213 1201 287 1265 ἐξ
327 1199 586 1266 οὐρανοῦ
613 1197 1050 1267 εὐαγγελίζηται
1077 1197 1220 1268 ὑμῖν
1249 1196 1382 1265 παρ’
1412 1196 1444 1265 δ
1480 1198 1790 1265 εὐηγγελις-

212 1291 475 1360 σάμεθα.
501 1287 761 1358 ἀνάθεμα
778 1291 952 1343 ἔστω.
990 1288 1085 1356 Ὠς
1113 1289 1453 1356 προείρηκα,
1480 1286 1576 1341 καὶ
1607 1285 1793 1340 πάλιν

212 1381 404 1449 λέγωο
436 1382 505 1434 Ei
541 1397 631 1446 τις
657 1383 809 1448 ὑμᾶς
845 1379 1277 1450 εὐαγγελίζεται
1305 1379 1440 1447 παρ’
1470 1377 1502 1432 δ
1531 1377 1790 1445 παρελά-

214 1475 370 1537 ϐετε,
400 1471 667 1540 ἀνάθεμα
699 1471 872 1525 ἔστω.
917 1473 1068 1526 Ἐπεὶ
1110 1468 1203 1525 οὖν
1239 1471 1400 1533 αύτδς
1437 1467 1789 1538 λεπτομερῶς

210 1580 392 1616 ταυτα
416 1561 754 1630 ὲξεκάλυψας
793 1564 849 1617 ὲν
872 1565 986 1628 τοῖς
1017 1562 1307 1636 γράμμασί
1337 1578 1428 1613 σου
1450 1576 1462 1588 ο
1493 1560 1608 1613 δέον
1640 1560 1790 1611 πᾶσα

212 1656 436 1722 ἀνάγκη
466 1653 798 1724 ὁμολογῆσαί
827 1671 885 1706 σε
919 1653 1061 1707 οὓτω
1090 1656 1324 1724 φρονεῖν.
1349 1651 1520 1704 Τοῦτο
1553 1651 1609 1704 δὲ
1634 1648 1787 1701 ἔσται

211 1746 372 1811 πῶς;
428 1744 517 1797 ἴνα
553 1746 612 1796 ὲν
649 1745 726 1814 τῷ
762 1744 1087 1815 πληρώματι
1119 1744 1220 1813 τῆς
1265 1742 1558 1811 ἐπιστολῆς
1586 1739 1787 1808 ταύτης

210 1834 543 1905 ὑπογράψῃς
574 1835 718 1888 κατὰ
747 1835 810 1887 τὸ
837 1835 1205 1904 ἐμφερόμενον
1232 1833 1535 1889 πιττάκιον.
1555 1831 1665 1884 Καὶ
1691 1829 1786 1882 οῦ-

1899 663 1994 704 eos
2026 664 2216 704 omnes
2240 664 2379 716 quos
2404 650 2606 704 eaedem
2637 659 2696 704 ut
2729 650 3060 706 orthodoxos
3099 651 3354 708 laudibus
3373 670 3470 708 ex-

1899 743 2157 796 tulerunt.
2207 741 2335 797 Haec
2397 757 2523 797 vera
2565 750 2648 799 est
2691 741 3125 797 Christianorum
3156 745 3290 804 ﬁdes
3320 761 3336 799 ι
3371 746 3475 800 hoc

1897 833 2271 887 testimonium
2319 833 2679 888 confessionis
2727 833 2953 889 Christi.
3013 833 3176 889 Extra
3221 837 3337 891 hare
3374 837 3475 906 qui

1895 919 2080 982 sentit,
2112 919 2400 972 anathema
2423 919 2551 972 sita
2602 919 2780 982 Patre,
2835 929 2888 973 et
2941 919 3101 987 Filio,
3165 931 3219 975 et
3267 921 3469 989 Spiritu

1897 1016 2124 1061 sancto:
2155 1008 2298 1062 sicut
2321 1008 2519 1062 Paulus
2547 1009 2825 1076 apostolus
2857 1010 2935 1062 ait
2970 1027 2984 1063 :
3022 1008 3169 1062 Licet
3224 1027 3336 1075 nos,
3376 1019 3474 1063 aut

1895 1101 2108 1168 angelus
2138 1099 2200 1152 de
2231 1100 2357 1152 caelo
2404 1102 2726 1170 evangeliset
2765 1101 2906 1153 vobis
2947 1110 3294 1170 prwterquam
3329 1101 3470 1170 quod

1893 1190 2382 1260 evangelisavimus.
2431 1194 2714 1245 anathema
2750 1193 2842 1247 sit.
2905 1190 3058 1245 Sicut
3121 1190 3368 1259 praedixi,
3420 1203 3471 1245 et

1895 1299 2033 1338 nunc
2080 1284 2272 1336 iterum
2321 1284 2439 1336 dico
2474 1299 2492 1337 :
2521 1282 2580 1338 Si
2613 1286 2727 1354 quis
2750 1285 2892 1339 vobis
2917 1283 3236 1353 evangelizet
3275 1293 3470 1353 prater

1894 1372 2035 1442 quod
2059 1374 2358 1442 accepistis,
2390 1373 2672 1428 anathema
2699 1377 2768 1428 sit
2785 1375 2829 1407 ⁸⁸
2855 1413 2869 1428 .
2897 1374 3163 1441 Quoniam
3193 1390 3322 1444 ergo
3352 1376 3469 1430 haec

1896 1463 2209 1532 singillatim
2244 1465 2547 1533 exposuisti
2591 1467 2644 1519 in
2681 1465 2874 1520 litteris
2910 1465 3016 1520 tuis
3053 1481 3067 1530 ;
3115 1479 3340 1520 necesse
3386 1476 3471 1520 est

1894 1568 2122 1622 prorsus
2173 1555 2487 1609 contitearis
2551 1564 2605 1609 te
2631 1556 2704 1609 ita
2763 1560 2982 1610 sentire.
3037 1555 3153 1610 Hoc
3193 1569 3320 1609 vero
3374 1556 3471 1624 qui

1892 1641 1985 1694 ﬁet
2011 1641 2033 1693 ?
2062 1640 2120 1694 Si
2142 1641 2209 1695 ad
2232 1640 2393 1696 ﬁnem
2415 1642 2657 1711 epistola:
2677 1642 2842 1711 hujus
2868 1643 3184 1696 subscribas
3212 1641 3365 1711 juxta
3384 1641 3471 1695 in-

1892 1740 2097 1785 sertum
2130 1732 2183 1784 in
2213 1747 2276 1785 ea
2309 1733 2614 1801 pittacium.
2649 1735 2824 1802 Atque
2852 1736 2924 1786 ita
2957 1749 3063 1802 pax
3091 1733 3203 1799 Dei,
3231 1749 3347 1802 qua:
3373 1749 3472 1786 ea:-

1891 1830 2100 1888 superat
2123 1837 2323 1874 omnem
2351 1839 2581 1888 sensum,
2604 1825 2859 1877 custodiet
2887 1821 2954 1889 ",
2987 1839 3324 1893 praemiaque
3361 1823 3473 1878 alli-

206 1896 406 1993 τως-ἰὴ
452 1896 667 1993 ἐ’ίρήνη
713 1924 819 1977 τοῦ
870 1896 1024 1977 ⁷Θεοῦ
1049 1896 1104 1990 ’ἠ
1162 1923 1543 1992 ὑπερέχουσα
1586 1921 1773 1975 πάντα

1893 1913 2002 1967 ciet
2032 1927 2130 1968 nos
2178 1923 2231 1968 et
2260 1929 2356 1969 vos
2396 1915 2450 1968 in
2493 1931 2604 1971 uno
2656 1916 2851 1984 Spiritu
2885 1926 2939 1971 et
2989 1929 3098 1969 uno
3163 1917 3346 1980 corde,
3409 1923 3471 1969 ut

205 2016 385 2079 γοῦν,
430 2014 778 2084 φρουρήσει,
807 2015 900 2066 καὶ
926 2013 1216 2083 βραδεύσει
1250 2015 1395 2084 ἡμᾶς
1430 2029 1488 2066 τε
1516 2012 1611 2064 καὶ
1640 2011 1773 2081 ὑμᾶς

1887 2003 2197 2072 credamus,
2243 2007 2598 2077 colamusque
2635 2017 2882 2063 sanctam
2911 2007 3255 2070 Trinitatem,
3288 2006 3355 2060 ad
3381 2021 3471 2060 sa-

205 2111 266 2161 ὲν
307 2109 393 2161 ἑνὶ
433 2109 705 2176 πνεύματι
733 2107 828 2158 καὶ
871 2109 968 2176 μιᾷ.
998 2107 1218 2178 καρδίᾳ,
1241 2105 1518 2160 πιστεύειν
1567 2103 1659 2157 καὶ
1687 2104 1773 2156 λα-

1889 2095 2058 2149 lutem
2089 2105 2399 2150 nostrarqu
2424 2098 2754 2161 animarum,
2782 2105 2837 2150 et
2863 2095 3043 2165 populi
3069 2095 3123 2148 in
3159 2096 3296 2150 duas
3335 2110 3468 2164 par-

205 2196 429 2265 τρεύειν
480 2199 546 2265 τῇ
589 2195 720 2266 ἁγία
758 2194 950 2267 Τριαδι
1003 2196 1097 2248 ἐπὶ
1145 2197 1389 2266 σωτηρίᾳ
1443 2194 1552 2247 τῶν
1596 2211 1658 2246 τε
1703 2193 1784 2245 οἰ-

205 2291 375 2343 κείων
397 2289 603 2359 ψυχῶν,
631 2291 725 2344 καὶ
751 2288 844 2342 τοῦ
885 2288 1247 2359 διαιρεθέντος
1275 2287 1406 2340 λαοῦ
1438 2289 1517 2348 εἰς
1545 2285 1639 2339 δύο
1685 2283 1781 2355 μὲ-

207 2399 278 2450 ρη
299 2399 311 2412 ·
337 2380 598 2433 ἀπέναντι
618 2377 713 2432 τοῦ
740 2379 909 2450 κυροῦ
939 2379 1264 2432 ῐΙωαννικίου
1284 2378 1379 2431 τοῦ
1405 2371 1782 2445 πνευματικοῦ

1889 2197 1972 2244 tes
2006 2188 2262 2244 dissecti:
2300 2204 2487 2243 coram
2519 2189 2722 2243 domno
2759 2188 3046 2242 Joannicio
3067 2188 3340 2256 spirituali
3371 2202 3471 2256 pa-

1885 2286 1968 2332 tre
1997 2293 2201 2344 nosuo,
2236 2289 2399 2349 teque
2426 2289 2480 2335 et
2511 2290 2664 2351 patre
2691 2289 2746 2335 et
2774 2280 2944 2334 fratre
2966 2288 3157 2334 nostro
3200 2280 3470 2335 honorau-

1889 2373 1959 2425 do
1984 2371 2152 2441 (58").

207 2471 370 2543 ημῶν
399 2470 633 2538 Πατρδς,
678 2471 774 2523 κοιλ⁸
819 2469 913 2522 σοῦ
958 2469 1050 2522 τοῦ
1093 2469 1275 2539 τιμίου
1308 2467 1402 2522 καὶ
1441 2467 1646 2539 πατρὸς
1687 2463 1782 2520 καὶ
1818 2459 2047 2528 ἀδελφοῦ
2072 2461 2247 2531 ἡμῶν.

449 2585 588 2639 ΡΞΖ⁹
612 2585 749 2656 (59).
779 2612 854 2624 -ι-
875 2583 1133 2653 Διογένει
1174 2581 1522 2653 ἀσηκρῆτις.

2153 2571 2404 2627 CLXVII.
2434 2602 2504 2613 —
2530 2573 2750 2644 Diogeni
2774 2577 3056 2630 secretario
3077 2573 3175 2644 (⁸).

718 2698 794 2749 De
811 2699 1113 2749 sanctissima
1134 2698 1349 2763 imagine
1370 2695 1571 2757 Christi,
1605 2702 1660 2747 et
1689 2695 1818 2760 quod
1841 2689 2031 2742 adorari
2053 2689 2277 2740 relative
2298 2690 2501 2750 debeat,
2526 2705 2624 2740 non
2645 2691 2789 2742 latria
2812 2693 2934 2744 coli.

810 2807 1165 2860 ΕΡΩΤΗΣΙΣ.

275 2896 408 2964 Πῶς
432 2895 528 2950 δεῖ
549 2897 759 2950 καλεῖν
786 2897 902 2964 τὴν
927 2899 1181 2964 Χριστοῦ
1201 2897 1421 2962 είκόνα,
1451 2896 1550 2953 καὶ
1574 2893 1700 2960 πῶς

620 2967 811 3036 αὐτὴν
839 2967 1206 3035 προσκυνεῖν
1229 2968 1367 3035 χρή.

797 3079 1184 3134 ΑΠΟΚΡΙΣΙΣ.

2429 2796 2967 2856 INTERROGATIO.

1948 2886 2219 2954 Quomodo
2241 2887 2556 2961 appellanda
2581 2890 2648 2942 sit
2678 2891 2849 2961 imago
2874 2889 3165 2956 Christth
3188 2892 3449 2961 quomodo

2252 2959 2398 3012 illam
2428 2967 2665 3026 oporteat
2691 2960 2948 3013 adorare.

2499 3067 2898 3125 RESPONSIO.

287 3197 352 3250 Ἦ
375 3194 640 3266 ἐρώτησις
663 3194 855 3262 διπλῆν
878 3194 976 3262 τὴν
1002 3193 1293 3261 ἀπόκρισιν
1316 3190 1452 3261 ἔχει,
1476 3192 1644 3262 Ιἧγουν
1672 3188 1768 3256 τὴν

1942 3181 2293 3252 lnterrOgalio
2322 3182 2592 3250 duplicem
2647 3184 2812 3238 habet
2865 3187 3294 3254 responsionem,
3333 3186 3452 3239 sive

203 3288 420 3357 κλῆσιν.
460 3284 692 3353 Λέγεται
723 3284 832 3353 γὰρ
875 3283 969 3335 καὶ
1006 3281 1227 3351 κυρίως,
1263 3282 1356 3332 καὶ
1386 3281 1445 3333 οὐ
1479 3279 1684 3347 κυρίως
1709 3277 1770 3329 τὸ

204 3382 292 3434 ἔπ’
315 3377 453 3447 αὑτῇ
480 3376 897 3445 ὀνομαζόμενον.
922 3373 1137 3444 κυρίως
1161 3375 1258 3441 μὲν
1280 3373 1411 3443 γὰρ,
1441 3370 1602 3424 εἰκὼν
1634 3370 1770 3439 Χρι-

205 3466 333 3520 στοῦ
358 3467 594 3534 εἴρηται,
613 3466 647 3534 ἡ
670 3465 832 3515 εἰκὼν
854 3462 1038 3515 αὑτοῦ·
1061 3460 1121 3513 ού
1145 3461 1347 3529 κυρίως
1369 3459 1444 3523 δὲ,
1466 3458 1591 3510 ὅταν
1613 3454 1772 3524 καλῆ-

203 3577 294 3612 ται
325 3558 579 3627 Χριστδς,
599 3555 734 3609 ἀλλὰ
768 3555 909 3607 κατὰ
939 3552 1271 3621 κατάχρησιν
1289 3550 1362 3613 ὡς
1389 3551 1520 3620 ἔχει.
1552 3549 1768 3611 Ἐπίτε

203 3649 298 3703 τοῦ
321 3647 584 3714 ζωοποιοῦ
609 3645 837 3715 σταυροῦ
855 3645 948 3699 καί
964 3645 1054 3698 τοῦ
1075 3644 1243 3694 τύπου
1265 3643 1448 3726 αὑτοῦ,
1476 3637 1768 3711 ὁμολογοῦν

203 3743 261 3795 τὸ
291 3739 573 3809 θεώρημα.
622 3738 890 3800 Ὡσαύτως
935 3738 1028 3790 καὶ
1062 3736 1148 3786 ἐπὶ
1191 3734 1285 3801 τῆς
1325 3736 1764 3804 προσκυνήσεως,

211 3830 613 3901 παραπλησίως
645 3829 721 3900 τῷ
752 3830 904 3899 τύπῳ
931 3827 1023 3881 τοῦ
1053 3826 1352 3895 σταυροῦ,ἠ
1377 3824 1762 3897 προσκύνησις.

203 3921 440 3994 Σχετικὴ
467 3919 598 3991 ῑὰρ,
627 3921 702 3984 ὡς
727 3919 834 3974 τῶν
865 3921 998 3990 πρός
1026 3937 1076 3971 τι
1108 3918 1297 3980 ὅντων,
1320 3915 1675 3992 πρωτοτύπου
1704 3931 1763 3966 τε

203 4016 296 4066 καὶ
329 4011 561 4076 εἰκόνος,
586 4013 726 4064 κατὰ
747 4012 845 4080 τὴν
871 4011 1064 4080 φωνὴν⁸
1079 4007 1172 4061 τοῦ
1198 4007 1434 4078 μεγάλου
1459 4006 1760 4062 Βασιλείου.

212 4105 277 4156 'H
306 4103 416 4172 γὰρ
449 4103 581 4172 τιμὴ
615 4102 714 4170 τῆς
748 4103 952 4164 εἰκόνος
998 4099 1091 4152 ἐπὶ
1136 4099 1194 4150 τὸ
1237 4097 1589 4167 πρωτότυπον
1629 4096 1759 4148 ἀνα-

201 4192 408 4245 δαίνειο
437 4190 554 4242 ἔστι
591 4189 700 4242 τῶν
729 4191 1050 4259 ἀμφοτέρων
1085 4187 1178 4257 μία
1208 4188 1241 4256 ἡ
1271 4174 1636 4256 προσκύνησίς
1656 4199 1669 4212 ·
1699 4183 1761 4236 οὺ

202 4283 522 4352 σχιζομένη,
556 4283 678 4334 οὐδὲ
704 4282 1076 4351 διαιρουμένη,
1107 4279 1222 4332 ἀλλ’
1251 4280 1344 4330 ἐπὶ
1375 4277 1471 4347 μὲν
1493 4277 1586 4330 τοῦ
1613 4293 1763 4346 πρω-

199 4373 435 4425 τοτύπου
464 4370 737 4432 οὑσιωδῶς
757 4386 771 4400 ⁸
804 4373 895 4422 ἐπὶ
923 4371 980 4422 δὲ
1005 4367 1099 4422 τοῦ
1130 4367 1462 4436 παραγώγου
1498 4363 1762 4433 σχετικῶς

201 4463 557 4532 ὑπάρχουσαο
608 4461 792 4531 ῶσπερ
841 4462 934 4514 καὶ
982 4460 1044 4513 τὸ
1085 4455 1224 4521 εἶδος
1261 4458 1362 4526 τῆς
1400 4457 1611 4528 μορφῆς
1637 4473 1650 4486 ο
1679 4458 1760 4509 ὅτι

1893 3274 2324 3342 appellationem.
2367 3271 2575 3327 Dicitur
2650 3277 2797 3329 enim
2850 3287 2903 3330 et
2950 3277 3202 3345 proprie,
3255 3287 3309 3331 et
3351 3292 3459 3330 non

1873 3363 2108 3430 proprie,
2152 3362 2203 3417 id
2253 3363 2396 3430 quod
2459 3363 2511 3416 in
2574 3379 2636 3418 ea
2705 3367 3041 3421 nominatur.
3109 3366 3352 3437 Proprie,
3410 3373 3459 3426 si

1875 3471 2071 3522 nempe
2126 3456 2305 3525 imago
2339 3454 2566 3521 Christi,
2629 3457 2747 3525 ejus
2793 3459 2972 3528 imago
3026 3459 3280 3526 dicatur;
3350 3478 3457 3518 non

1876 3546 2096 3613 proprie
2124 3555 2324 3609 autem,
2366 3545 2412 3599 si
2451 3547 2708 3602 Christus
2763 3551 3080 3618 appelletur.
3125 3553 3218 3607 sed
3247 3568 3341 3622 per
3367 3569 3460 3607 ca-

1882 3638 2194 3691 tachresim.
2253 3635 2310 3690 In
2387 3640 2597 3693 viviiica
2643 3642 2772 3694 item
2833 3659 3012 3711 cruce,
3088 3656 3140 3700 et
3213 3647 3268 3699 in
3337 3647 3458 3716 ejus

1867 3727 2075 3796 eﬂigie,
2135 3745 2228 3796 par
2298 3740 2381 3783 est
2434 3732 2593 3786 ratio.
2658 3733 2748 3787 Sic
2801 3736 2964 3788 etiam
3031 3738 3083 3790 in
3142 3739 3457 3793 adoratione

1867 3819 2118 3887 imaginis
2167 3821 2416 3876 similiter
2495 3833 2660 3891 atque
2718 3825 2772 3878 in
2829 3827 3008 3881 crucis
3088 3829 3261 3899 elligie
3295 3869 3311 3894 ,
3395 3844 3456 3885 se

1868 3911 2026 3964 habet
2091 3911 2358 3966 adoratio.
2441 3912 2681 3969 Ilelativa
2751 3918 3319 3992 enimest,tanquam
3361 3941 3451 3980 eo-

1865 4016 1985 4054 rum
2013 4017 2134 4071 qua:
2169 4005 2237 4055 ad
2285 4004 2494 4074 aliquid
2529 4016 2680 4070 sunt,
2729 4012 3003 4079 prototypi
3051 4021 3104 4066 et
3153 4014 3405 4084 imaginis
3433 4058 3451 4083 ,

1860 4100 2016 4179 juxta
2060 4090 2281 4144 eﬂ'atum
2341 4093 2523 4162 magni
2557 4093 2744 4147 Basilii
2784 4095 2848 4149 ".
2895 4097 3079 4151 llonor
3113 4100 3257 4152 enim
3316 4101 3451 4156 ima-

1864 4184 2004 4250 ginis
2045 4185 2305 4236 ascendit.
2346 4185 2411 4238 ail
2441 4196 2784 4257 prototypum
2812 4203 2831 4240 :
2863 4202 2970 4241 una
2993 4190 3192 4258 quippe
3219 4199 3303 4244 est
3333 4207 3451 4245 am-

1862 4274 2055 4327 borum
2097 4275 2362 4336 adoratio.
2395 4293 2500 4330 non
2523 4277 2715 4341 scissa,
2751 4294 2929 4347 neque
2993 4280 3168 4334 divisa
3199 4298 3214 4347 ;
3248 4284 3339 4336 sed
3392 4284 3447 4338 in

1862 4375 2145 4436 prototypo
2170 4367 2392 4434 quidem
2435 4370 2802 4446 essentialiter
2840 4372 3136 4435 exsistens,
3195 4375 3247 4426 in
3275 4372 3446 4445 elligie

1861 4473 1988 4511 vero
2049 4474 2330 4523 expressa,
2383 4459 2624 4515 relative.
2669 4461 3140 4525 Quemadmodum
3163 4477 3216 4519 et
3258 4465 3446 4521 formas

201 4556 314 4606 ἐκεῖ
337 4555 437 4623 μὲν
463 4553 729 4620 φυσικῶς,
764 4551 995 4604 ἐνταῦθα
1016 4551 1071 4605 δὲ
1092 4549 1367 4620 μεθεκτῶς
1396 4549 1675 4617 πάρεστιν.
1705 4547 1762 4598 '0

1879 4549 2092 4616 species,
2125 4550 2236 4603 illic
2264 4551 2482 4619 quidem
2504 4553 2853 4618 naturaliter,
2910 4554 2998 4608 hic
3064 4571 3194 4609 vero
3225 4559 3445 4626 partici-

201 4645 330 4712 γοῦν
351 4643 674 4714 προσκυνῶν
694 4642 793 4713 τὴν
819 4643 1001 4695 εἰκόνα
1027 4640 1354 4700 οὑτινοσοῦν,
1378 4641 1486 4693 εἴτε
1507 4637 1762 4709 Χριστοῦ,

202 4737 309 4788 εἴτε
337 4736 436 4804 τῆς
467 4734 752 4798 Θεοτόκου,
780 4735 890 4785 εῑτε
916 4733 1092 4799 ἁγίου,
1125 4733 1233 4784 εἴτε
1261 4730 1444 4791 ἁπλῶς
1483 4725 1764 4798 βασιλέως,

202 4830 308 4879 εἴτε
336 4827 621 4896 ἄρχοντος,
660 4825 769 4876 εἴτε
821 4825 1108 4894 ὑφειμένου
1155 4819 1462 4891 ἀνθρώπου,
1507 4820 1564 4871 έν
1593 4817 1767 4886 ταύτῃ

202 4917 578 4986 προσεκύνησε
629 4897 720 4969 τὸν
765 4909 934 4986 οὗπερ
975 4914 1111 4984 αῦτη
1149 4913 1409 4981 τυγχάνει
1439 4909 1634 4962 εἰκών·
1672 4909 1767 4960 καὶ

200 5006 340 5059 οὕτω
367 5007 691 5079 προσκυνῶν
715 5007 775 5058 ού
803 5007 1094 5074 σφάλλεται
1156 5004 1267 5056 ἀλλ’
1292 5003 1584 5074 όρθοδόξως
1617 5002 1763 5067 ὲρει-

198 5099 441 5169 δόμενος,
487 5099 615 5161 τοὺς
660 5099 743 5166 ἐφ’
779 5100 1015 5169 ἑκάτερᾳ
1042 5101 1107 5167 τῇ
1139 5096 1365 5166 ἀληθείᾳ
1411 5093 1763 5146 ἀντιπίπτον-

199 5207 316 5253 τας,
348 5189 576 5250 ἐνδίκως
603 5189 990 5258 ἀποκρούεται.
1023 5190 1177 5249 Τίνες
1206 5189 1263 5239 δὲ
1294 5181 1467 5249 cirum;
1493 5185 1546 5236 οἵ
1570 5200 1627 5235 τε
1655 5186 1762 5235 ἁπ-

199 5280 538 5349 αναινόμενοι
569 5283 894 5348 προσκυνεῖν
924 5281 1021 5342 τὰς
1065 5279 1265 5341 σεπτὰς
1295 5278 1507 5338 εἰκόνας
1533 5293 1546 5307 ο
1589 5277 1680 5327 καὶ
1712 5275 1761 5325 οἱ

199 5373 253 5423 ἐν
300 5374 365 5441 τῇ
414 5373 782 5443 προσκυνήσει
822 5372 1090 5439 λέγοντες,
1145 5370 1282 5426 αὐτὰ
1318 5370 1385 5421 τὰ
1431 5369 1757 5437 πρωτότυπα

1867 4641 2100 4708 patione.
2145 4642 2398 4711 Quiergo
2453 4643 2646 4697 adorat
2683 4645 2974 4714 imaginem
3031 4647 3439 4718 cujuscunque,

1865 4734 1980 4786 sive
2013 4732 2232 4796 Christi,
2268 4735 2381 4787 sive
2413 4734 2674 4806 Dciparae,
2700 4736 2814 4790 sive
2840 4738 3038 4801 sancti,
3071 4740 3186 4793 sive
3229 4741 3440 4810 simpli-

1865 4823 1997 4876 citer
2025 4824 2188 4893 regis,
2225 4824 2338 4879 sive
2357 4827 2620 4895 principis
2647 4867 2662 4887 ,
2694 4829 2808 4882 sive
2834 4829 3112 4885 inferioris
3145 4833 3383 4888 hominis
3419 4851 3435 4898 ;

1867 4916 1921 4970 in
1954 4916 2056 4969 hac
2081 4918 2324 4971 adoravit
2354 4918 2506 4972 illum
2541 4920 2700 4988 cujus
2733 4922 2845 4990 ipsa
2873 4932 2959 4976 est
3001 4923 3181 4992 imago
3212 4940 3227 4987 ;
3277 4932 3332 4977 et
3363 4925 3435 4979 ita

1869 5008 2104 5063 adorans
2139 5025 2245 5062 non
2289 5019 2485 5072 errat,
2514 5013 2606 5064 sed
2667 5013 2977 5066 orthodoxe
3033 5014 3297 5080 ﬁrmatus,
3342 5030 3439 5070 eos

1864 5100 1955 5167 qui
1980 5101 2191 5154 veritati
2234 5102 2554 5155 alterutram
2588 5103 2638 5154 in
2669 5113 2881 5172 partem
2922 5105 3216 5168 obsistunt,
3243 5107 3438 5162 merito

1857 5190 2086 5258 repellit.
2127 5190 2360 5255 Quinam
2393 5208 2520 5245 vero
2545 5193 2598 5245 hi
2631 5203 2758 5249 sunt
2785 5196 2807 5248 ?
2843 5205 2956 5249 tum
2989 5196 3021 5248 ii
3053 5197 3146 5265 qui
3175 5213 3441 5251 veneran-

1858 5279 1954 5330 das
1982 5277 2243 5346 imagines
2283 5280 2520 5335 adorare
2547 5282 2798 5337 abnuunt
2831 5301 2846 5348 ;
2878 5295 2990 5338 tum
3025 5285 3060 5339 ii
3110 5286 3202 5354 qui
3232 5286 3284 5339 in
3304 5289 3436 5340 ado-

1859 5370 2064 5424 ratione
2098 5370 2312 5436 dicunt;
2333 5382 2620 5443 prototypa
2670 5375 2786 5445 ipsa
2821 5392 2882 5432 se
2923 5377 3145 5448 physice
3174 5377 3432 5437 adorare:

269 5503 313 5535 “
339 5502 515 5560 Galat.
548 5521 587 5572 I,
667 5507 720 5574 8,
754 5507 810 5564 9.
881 5508 925 5541 "
955 5507 1148 5576 Philip.
1179 5523 1252 5571 IV,
1313 5505 1362 5559 7.
1431 5505 1477 5538 "°
1514 5503 1670 5558 Tom.
1702 5501 1766 5567 ll,
1800 5503 1874 5557 De
1904 5504 2105 5574 Spiritu
2141 5521 2347 5575 sancto,
2383 5525 2434 5565 c.
2471 5509 2560 5577 18,
2592 5525 2647 5580 p.
2683 5510 2803 5575 189.

1692 5624 1926 5680 ΝΟΤᾹΞ.

263 5741 408 5812 (58“)
435 5742 701 5798 Baronius
733 5745 824 5811 qui
847 5744 911 5798 ad
940 5760 1068 5797 ann.
1094 5745 1216 5807 825,
1246 5761 1299 5798 n.
1325 5744 1413 5809 68,
1438 5746 1579 5797 hanc
1599 5745 1755 5811 epist.

197 5813 406 5874 recitat,
439 5823 586 5866 notat
624 5814 866 5866 ultimam
927 5812 1156 5867 fortasse
1200 5815 1368 5869 inisse
1406 5831 1434 5868 a
1474 5814 1758 5869 Theodoro

203 5884 404 5947 datam,
445 5882 711 5953 siquidem
758 5899 902 5938 anno
952 5889 1198 5952 sequenti
1234 5903 1264 5940 e
1314 5887 1447 5941 \ivis
1508 5889 1757 5943 excessit.

1939 5740 2148 5818 (ῥῦμα
2177 5740 2298 5818 cod.
2325 5741 2456 5812 Reg,
2491 5741 2629 5818 meo.

1936 5812 2010 5881 (")
2046 5811 2374 5879 Dogmatica.
