3934 6470
524 350 654 418 1531

514 556 757 623 quidem,
802 566 859 611 ut
885 558 977 626 qui
1040 559 1436 615 incarnationis
1486 564 1808 630 mysterium
1848 567 2084 633 tollant;

516 648 706 701 horum
724 663 874 715 vero,
916 657 978 702 ut
1005 650 1100 717 qui
1131 649 1263 704 deos
1288 650 1399 705 sive
1428 653 1763 708 substantias
1794 654 1995 710 faciant
2024 674 2088 711 ea

512 757 635 809 quae
669 751 864 795 natura
902 743 1092 811 procul
1141 744 1344 797 absunt
1392 758 1424 797 a
1476 746 1798 817 prototypis.
1839 747 2089 816 Quapro-

512 846 630 902 pter
654 834 931 889 adoranda
957 845 1040 890 est
1074 837 1251 906 imago
1285 836 1487 891 Christi
1519 838 1630 904 (hic
1652 839 1795 892 enim
1820 849 1902 894 est
1942 842 2089 894 colo-

513 927 655 991 phon
683 925 1105 995 dissertationis)
1157 929 1399 991 relative,
1472 940 1777 983 nouantem
1809 931 1956 983 cultu
2006 931 2087 982 la-

510 1012 658 1065 trize:
685 1013 786 1067 hoc
810 1014 1180 1068 enimnatnrae
1204 1016 1308 1083 ipsi
1350 1016 1555 1069 Christi
1582 1018 1840 1069 convenit
1869 1033 2088 1085 ;quau-

509 1104 804 1171 doqnideut
837 1105 995 1158 unica
1026 1116 1110 1158 est
1172 1105 1455 1161 Trinitatis
1510 1107 1687 1161 lati-ia.
1734 1109 1813 1161 Ac
1838 1125 1906 1161 ne
1973 1108 2086 1177 ipsa

509 1195 729 1262 quidem
755 1194 979 1263 Deipara
1020 1196 1243 1249 colenda
1270 1205 1351 1250 est
1398 1197 1576 1261 latria,
1607 1214 1781 1267 neque
1815 1214 1946 1252 crux
1974 1199 2088 1266 ipsa

507 1283 742 1337 vivifica.
797 1284 887 1339 Sic
932 1302 1106 1354 neque
1164 1286 1364 1341 Christi
1411 1288 1631 1357 imagini
1679 1287 1965 1342 deferenda
2006 1298 2091 1343 est

507 1376 797 1439 latria,sed
825 1378 1073 1432 adoratio
1107 1396 1121 1432 :
1154 1379 1224 1432 ita
1262 1388 1322 1433 ut
1354 1395 1545 1435 omnes
1582 1380 1958 1437 adorationes.
1993 1396 2088 1449 per

507 1466 913 1520 mediaillorum
954 1478 1263 1539 prototypa,
1290 1470 1357 1523 ad
1384 1485 1545 1523 unam
1577 1470 2086 1538 solamquazsanctae

509 1555 800 1613 Trinitatis
849 1561 1219 1616 adorationem
1290 1562 1617 1616 referantur.
1681 1564 1815 1615 Aliae
1853 1577 2088 1631 namque

503 1664 612 1703 non
647 1649 964 1715 latreuticaz,
997 1654 1091 1709 sed
1164 1653 1456 1708 adorativa:
1501 1670 1714 1716 omnes,
1789 1654 2086 1707 secundum

506 1742 807 1799 discrimen
829 1745 1112 1802 inferioris
1138 1756 1230 1802 aut
1248 1746 1542 1802 eminentis
1572 1760 1839 1815 personae.

743 1958 1286 2015 CLXVlll.—-Joanni
1319 1956 1674 2012 Grammatice
1701 1952 1796 2024 (").

1709 360 1771 423 S.
1810 362 2204 429 TEEODORI
2244 372 2589 445 STUDITEB
3635 392 3770 461 1532

513 482 750 536 quorum
800 481 900 536 par
925 476 1007 523 est
1052 476 1412 541 utrorumque
1453 470 1790 543 blasphemia
1824 492 1838 530 :
1879 476 2092 532 illorum
2122 487 2168 543 Α
2196 490 2442 554 φυσικῶς

2499 499 2858 564 προσκυνεῖν·
2919 493 2994 554 ὧν
3058 502 3385 576 ἀμφοτέρων
3451 507 3655 577 ἐπίσης
3715 506 3770 560 τὸ

2199 576 2518 653 βλάσφημον
2538 602 2551 617 ·
2596 588 2705 639 τῶν
2746 590 2863 656 μὲν,
2896 592 2972 654 ὼς
3004 594 3371 667 ἀναιρούντων
3403 599 3462 651 τὸ
3488 600 3589 668 τῆς
3610 576 3767 653 οἰκγ

2197 672 2388 741 νομίας
2420 682 2752 747 μυστήριον·
2788 682 2897 735 τῶν
2949 686 3003 738 δὲ
3053 686 3129 747 ὡς
3182 688 3597 752 θεοποιούντων,
3652 692 3769 759 ἦτοι

2193 763 2643 822 οὑσιοποιούντων
2682 772 2750 824 τὰ
2793 775 3008 842 μακρὰν
3038 779 3314 849 ἀπέχοντα
3356 783 3421 850 τῇ
3456 781 3618 848 φύσει
3665 783 3769 834 ἀπὸ

2192 854 2301 907 τῶν
2364 861 2757 927 πρωτοτύπων.
2817 867 3120 938 Τοιγαροῦν
3186 874 3600 942 προσκυνητέον
3673 876 3769 943 τὴν

2192 948 2379 1002 εἰκόνα
2400 952 2635 1021 Χριστοῦ
2658 973 2671 986 ·
2704 949 2805 1010 ὦδε
2840 961 2949 1031 γὰρ
2980 963 3007 1014 ὁ
3031 963 3276 1033 κολοφὼν
3310 965 3403 1018 τοῦ
3426 966 3620 1034 λόγου·
3651 986 3769 1038 σχε-

2189 1041 2377 1105 τικῶς,
2411 1043 2525 1098 ἀλλ’
2570 1048 2629 1100 οὑ
2672 1050 2997 1121 λατρευτέον
3019 1071 3033 1084 ·
3066 1056 3226 1109 τοῦτο
3257 1058 3366 1129 γὰρ
3401 1059 3649 1127 φυσικῶς
3684 1060 3767 1112 ἐπ’

2190 1132 2356 1185 αὑτοῦ
2391 1136 2663 1207 Χριστοῦ·
2700 1141 2932 1214 ἐπείπερ
2975 1146 3008 1214 ἡ
3052 1144 3280 1216 λατρεία
3321 1148 3420 1218 μία
3462 1151 3564 1219 τῆς
3597 1149 3768 1218 Τριά-

2190 1223 2297 1286 δος.
2332 1227 2441 1279 Καὶ
2474 1229 2595 1282 οὑδὲ
2622 1232 2757 1302 αὑτῇ
2787 1233 3033 1307 Θεοτόκῳ
3060 1238 3384 1309 λατρευτέον
3407 1257 3419 1269 ·
3459 1240 3585 1293 οὑδὲ
3617 1238 3769 1308 αὑτῷ

2191 1314 2270 1377 τῷ
2296 1313 2543 1387 ζωοποιῷ
2572 1323 2809 1392 σταυρῷ.
2844 1324 3028 1389 Οὕτως
3072 1328 3193 1381 οὐδὲ
3224 1332 3289 1400 τῇ
3320 1330 3563 1398 Χριστοῦ
3598 1331 3770 1381 εἰκόνι

2193 1403 2516 1475 λατρευτέον
2537 1427 2551 1442 ο
2582 1411 2716 1465 ἀλλὰ
2746 1419 3154 1485 προσκυνητέον
3176 1433 3190 1449 ·
3228 1421 3417 1472 πασῶν
3457 1422 3567 1473 τῶν
3599 1437 3771 1490 προσ-

2192 1499 2471 1567 κυνήσεων
2527 1502 2615 1554 διὰ
2656 1504 2820 1572 μέσου
2864 1508 2973 1560 τῶν
3016 1512 3137 1563 κατ’
3167 1514 3335 1575 αὑτάς
3365 1514 3765 1582 πρωτοτύπων,

2189 1588 2284 1640 επὶ
2324 1588 2421 1656 τὴν
2461 1592 2590 1659 μίαν
2619 1596 2715 1649 καὶ
2775 1598 2943 1669 μόνην
2991 1599 3351 1674 λατρευτικὴν
3391 1604 3767 1674 προσκύνησιν

2187 1680 2285 1747 τῆς
2338 1680 2499 1748 ἁγίας
2532 1684 2760 1756 Τριάδος
2779 1690 3218 1762 ἀναφερομένων.
3253 1696 3318 1747 Αἱ
3350 1694 3457 1764 γὰρ
3513 1694 3767 1749 ἇλλαιόὑ

2187 1769 2560 1840 λατρευτικαὶ,
2591 1778 2726 1832 άλλά
2780 1787 3150 1855 προσκυνηταὶ
3208 1786 3447 1851 ἅπασαι,
3506 1788 3653 1840 κατὰ
3708 1787 3770 1841 τὸ

2186 1860 2441 1933 διάφορον
2497 1865 2591 1918 τοῦ
2644 1868 3023 1943 ὑφειμένου,ῆ
3081 1875 3411 1946 προῦχοντος
3440 1877 3764 1947 προσώπου.

2401 1957 2547 2010 ΡΞΗο
2576 1959 2708 2031 (60).
2733 1990 2806 2004 -
2838 1964 3084 2034 Ἰωάννῃ
3106 1968 3522 2038 Γραμματικῷ.
3602 1969 3763 2041 [ψεῖ]

1886 2043 2012 2105 Quid
2035 2043 2101 2093 sit
2120 2047 2455 2109 suppositum.

569 2160 793 2216 Minime
821 2158 1063 2213 fucatum
1132 2156 1361 2209 sincerae
1415 2152 1696 2206 charitatis
1761 2150 2052 2204 candorem

497 2253 893 2309 demonstravit
926 2249 1319 2304 honorabilitas
1377 2254 1467 2298 tua
1502 2247 1555 2299 in
1616 2245 1702 2297 his
1751 2258 1870 2311 qua:
1909 2241 2077 2295 corri-

494 2346 667 2417 genda
697 2343 1003 2399 observavit
1035 2346 1086 2394 in
1112 2341 1250 2393 libro
1279 2354 1309 2392 a
1339 2338 1496 2391 nobis
1543 2335 1807 2401 imperitis
1850 2348 2075 2401 compo-

494 2439 626 2491 sito.
659 2435 725 2488 Et
762 2445 922 2489 erunt
981 2434 1067 2486 illa
1125 2432 1345 2501 quidem
1405 2428 1685 2500 sigillatim
1744 2442 1867 2479 cum
1937 2426 2076 2477 libro

494 2526 845 2582 conferenda.
884 2525 1035 2589 Quod
1079 2537 1206 2575 vero
1235 2520 1513 2583 hazsitasti,
1540 2534 1648 2586 quo
1681 2525 1836 2586 pacto
1870 2530 2075 2582 suppo-

495 2617 661 2670 situm
691 2616 771 2669 sic
808 2614 1282 2677 intellexerimus;
1316 2608 1471 2679 quasi
1517 2609 1673 2661 aliter
1712 2616 1812 2659 ate
1842 2605 2078 2673 accipia-

493 2718 602 2771 tur,
641 2708 783 2762 sicut
813 2704 1133 2774 signilicasti
1174 2720 1187 2756 :
1219 2702 1589 2756 hazsitavimus
1646 2715 1745 2753 nos
1802 2713 2020 2767 quoque
2057 2732 2074 2761 ,

491 2801 769 2867 quomodo
821 2798 1093 2850 haesitarit
1139 2796 1223 2847 vir
1282 2793 1643 2859 undequuque
1703 2789 2072 2844 doctissimus.

494 2887 850 2956 Suppositum
878 2885 1179 2945 autem,vir
1207 2882 1546 2945 admirande,
1581 2882 1770 2934 beatus
1792 2880 2071 2942 Leontius,

489 2984 647 3049 cujus
674 2980 881 3035 scholia
912 2987 1129 3031 exstant
1179 2975 1655 3046 praastantissitna,
1715 2975 2072 3027 substantiam

491 3086 615 3126 esse
645 3072 778 3126 dicit
804 3086 927 3124 cum
964 3069 1265 3140 hypustasi.
1299 3069 1434 3122 Dicit
1462 3083 1624 3137 porro
1657 3077 1709 3121 et
1730 3082 1955 3135 magnus
1979 3066 2076 3117 Ba-

490 3164 671 3226 silius,
703 3179 809 3216 non
836 3162 891 3215 in
918 3164 1211 3231 supposito.
1264 3163 1331 3216 de
1360 3172 1546 3215 sancta
1566 3161 1794 3230 loquens
1838 3160 2075 3215 Trinita-

491 3263 566 3309 te.
608 3254 714 3307 Sed
745 3264 799 3307 et
828 3253 1267 3322 sapientissimus
1300 3253 1589 3322 Dionysius
1647 3254 1883 3321 quodam
1954 3254 2074 3307 loco

488 3346 604 3400 ait:
636 3343 834 3397 «Multa
860 3344 1098 3412 quidem,
1131 3345 1336 3397 ratione
1353 3346 1706 3399 accidentium
1734 3362 1747 3409 ;
1781 3346 1873 3400 sed
1905 3363 2069 3401 unum

2250 2152 2323 2204 Τὸ
2350 2155 2714 2229 ἀνυπόκριτον
2740 2177 2832 2213 σου
2867 2161 2968 2231 τῆς
2995 2162 3321 2235 εἰλικρινοῦς
3350 2166 3572 2236 ἀγάπης
3593 2169 3766 2223 δέδειο

2177 2262 2272 2315 χεν
2305 2247 2339 2316 ἠ
2368 2250 2621 2321 τιμιότης
2656 2269 2749 2306 σου
2778 2255 2836 2307 ὲν
2866 2257 2979 2319 τοῖς
3012 2256 3476 2327 ὲπανορθωτικοῖς
3510 2263 3761 2331 σημειώ-

2180 2353 2334 2405 μασι,
2370 2339 2464 2393 τοῦ
2502 2342 2638 2414 πρὸς
2674 2346 2832 2419 ήμίὺν
2862 2347 2970 2401 τῶν
3003 2349 3231 2419 ἀμαθῶν
3257 2351 3649 2421 συνταχθέντος
3674 2355 3764 2408 M-

2178 2445 2298 2496 γου.
2327 2433 2437 2485 Καὶ
2460 2432 2573 2504 ἔχει
2599 2437 2697 2506 μὲν
2719 2442 2902 2492 ἐκεῖνα
2928 2440 3148 2513 οὕτωςῆ
3169 2441 3340 2505 οὕτως
3360 2448 3762 2516 συγκεκρίσθαι

2176 2520 2254 2590 τῷ
2280 2522 2441 2595 λόγῳ.
2492 2526 2708 2600 Ἐπειδὴ
2738 2530 2794 2583 δὲ
2820 2533 3085 2602 ἠπόρησε,
3120 2534 3235 2597 πῶς
3259 2537 3389 2605 ἡμῖν
3414 2537 3665 2607 νενόηται
3698 2542 3760 2593 τί)

2178 2615 2555 2684 ὑποκείμενον,
2586 2622 2677 2673 καὶ
2708 2622 2782 2686 ὡς
2813 2623 2986 2688 ἄλλως
3015 2627 3457 2696 ὲκλαμὸάνεσθαι
3493 2632 3626 2699 παρ’
3658 2633 3761 2684 αὐ-

2176 2705 2270 2758 τοῦ
2325 2706 2483 2778 [Cod.
2534 2709 2665 2781 Reg.
2698 2714 2913 2785 αὑτῆς],
2958 2715 3102 2769 καθὰ
3154 2717 3582 2789 ὑπεσημῄνατο·
3629 2737 3757 2773 συν-

2174 2801 2535 2871 ηπορήσαμεν
2583 2804 2679 2856 καὶ
2713 2806 2889 2875 ἡμεῖς,
2924 2808 3005 2861 ὅτι
3033 2809 3314 2880 ἠπόρησεν
3345 2813 3373 2863 ὀ
3399 2811 3532 2881 περὶ
3574 2815 3758 2868 πάντα

2177 2891 2359 2959 σοφός.
2420 2892 2491 2944 Τὸ
2549 2894 2659 2962 γὰρ
2711 2897 3090 2966 ὑποκείμενον,
3142 2894 3187 2953 ὦ
3252 2901 3545 2972 θαυμάσιε,
3611 2906 3756 2958 κατὰ

2174 2984 2424 3038 Λεόντιον
2453 2985 2544 3038 τὸν
2577 2987 2870 3057 μακάριον,
2910 2983 2970 3041 οὗ
2996 2991 3063 3043 τὰ
3093 2992 3281 3062 σχόλια
3307 2996 3621 3066 ὑπερκαλῆ,
3652 2997 3751 3049 οὑ⁶

2176 3073 2294 3125 σίαν
2325 3070 2462 3127 εἶναι
2492 3076 2643 3145 λέγει
2688 3078 2826 3149 μετὰ
2871 3079 3238 3147 ὑποστάσεως.
3272 3086 3434 3152 Λέγει
3471 3087 3528 3140 δὲ
3576 3088 3672 3140 καὶ
3722 3091 3752 3142 ὁ

2179 3164 2348 3235 μέγας
2378 3167 2673 3232 Βασίλειος,
2703 3171 2813 3223 οὐκ
2855 3170 2926 3223 ἐν
2966 3170 3048 3236 τῷ
3088 3175 3478 3244 ὑποκειμένῳ,
3513 3180 3605 3231 ἐπὶ
3646 3179 3751 3249 τῆς

2175 3253 2335 3321 ἁγίας
2368 3256 2616 3327 Τριάδος.
2663 3259 2822 3312 Ἀλλά
2847 3260 2954 3331 γάρ
2987 3262 3079 3313 καὶ
3108 3264 3135 3315 ὁ
3162 3265 3437 3334 πάνσοφος
3470 3268 3751 3332 Διονύσιος

2176 3341 2277 3401 ὧδὲ
2308 3349 2410 3400 πού
2443 3368 2574 3419 φησι
2607 3351 2697 3404 τό·
2731 3352 2940 3405 (Πολλά
2967 3355 3078 3417 τοῖς
3118 3355 3545 3424 συμϐεϐηκόσιν,
3585 3359 3643 3412 ἓν
3672 3361 3752 3432 τῷ

488 3442 700 3495 ratione
752 3439 1041 3509 suppositi.
1073 3441 1389 3494 Accidentia
1434 3451 1613 3495 autem
1652 3459 1759 3495 non
1802 3443 1854 3495 in
1936 3445 2065 3498 sub-

2176 3411 2537 3512 ὑποκειμένω.
2568 3443 2958 3515 Συμὸεὸηκότα
2994 3411 3261 3500 δὲ-οὑκιὲν
3297 3411 3365 3519 τῖς
3392 3411 3632 3504 καθόλου

488 3534 687 3589 stantia
729 3534 1050 3596 universali,
1114 3534 1209 3587 sed
1261 3534 1314 3587 in
1389 3534 1668 3604 ltypostasi
1728 3545 2063 3604 spectantur,

490 3624 633 3677 sicut
670 3625 866 3676 nosti.)
909 3623 1093 3691 Itaque
1118 3621 1368 3676 eumait:
1406 3641 1423 3673 ι
1466 3621 1631 3675 Multa
1658 3623 1873 3691 quidem
1897 3622 2063 3677 ratio—

490 3732 558 3771 ne
585 3715 966 3780 accidentium,
989 3732 1154 3769 unum
1170 3729 1298 3769 vero
1314 3716 1522 3769 ratione
1539 3716 1801 3784 suppositi
1835 3734 1849 3768 :
1882 3733 1899 3764 ι
1934 3732 2063 3785 ευρ-

488 3808 723 3875 positum
754 3806 1019 3860 intellexit
1058 3807 1418 3861 subSIautiam
1448 3824 1571 3861 cum
1630 3809 1904 3879 hypostasi
1932 3827 1947 3875 ;
1974 3824 2068 3863 ne-

488 3914 614 3966 que,
646 3909 703 3951 ut
724 3913 866 3963 reor,
918 3899 1075 3952 aliter
1103 3914 1264 3968 quam
1299 3900 1505 3962 debuit,
1535 3899 1589 3952 in
1632 3900 1769 3953 libro
1800 3901 2063 3971 scriptum

487 4000 590 4043 est.
627 3988 807 4053 Quare
835 3989 1004 4055 enim,
1037 3991 1083 4045 si
1130 4006 1236 4045 non
1272 4000 1356 4045 est
1379 4007 1545 4044 unum
1607 3993 1907 4061 supposito,
1949 4009 2062 4048 non

487 4081 660 4135 tribus
690 4083 853 4135 etiam
901 4084 1213 4137 nominibus
1246 4094 1300 4137 et
1326 4083 1488 4138 rebus
1524 4098 1554 4137 a
1595 4084 1859 4154 theologis
1889 4085 2062 4154 expli-

483 4167 696 4220 cabitur
727 4168 750 4221 ?
787 4169 861 4222 ita
911 4179 968 4223 ut
1004 4172 1347 4239 suppositum
1404 4172 1552 4225 aliud
1616 4174 1748 4226 nihil
1780 4177 1849 4228 sit
1893 4192 2055 4245 quam

483 4260 789 4314 substantia
810 4276 933 4315 cum
962 4262 1263 4333 hypostasi.
1308 4263 1465 4329 Quod
1501 4267 1545 4318 si
1577 4268 1704 4334 quid
1731 4269 1945 4323 acutius
1975 4269 2059 4323 in-

481 4363 699 4406 ventum
742 4353 907 4409 fuerit
958 4370 989 4408 a
1047 4357 1332 4410 sanctitate
1364 4365 1477 4424 tua,
1538 4359 1591 4421 id
1664 4360 1857 4415 docere
1907 4378 2005 4417 nos
2035 4401 2052 4426 ,

478 4454 533 4498 et
556 4446 880 4514 perpolitum
910 4448 977 4501 ab
1010 4448 1128 4517 ipsa
1156 4464 1357 4504 munus
1382 4451 1649 4520 impertiri
1680 4468 1786 4506 non
1814 4463 2049 4509 recuset.

578 4558 811 4615 CLXIX.
864 4590 935 4603 -——
994 4561 1442 4705 Tlteosdgthro
1492 4564 1768 4621 Eustratio
1834 4585 2045 4639 prazpo-

2171 3534 2281 3606 σῑᾳ,
2334 3535 2448 3588 ἀλλ’
2476 3537 2628 3606 hac?)
2656 3538 2948 3592 ὑποστάσει
2990 3538 3348 3611 τεθεώρηται,
3389 3541 3464 3603 ὡς
3508 3538 3691 3600 οἶσθα.
3728 3566 3749 3599 υ

2169 3627 2334 3680 Ὥστε
2376 3627 2544 3681 εἰπὼν
2570 3629 2630 3680 τό
2650 3644 2663 3657 ·
2696 3646 2714 3679 ι
2749 3631 2925 3685 Πολλὰ
2958 3635 3069 3696 τοῖς
3100 3631 3538 3703 συμϐεϐηκόσιν,
3570 3635 3631 3689 ἓν
3673 3636 3753 3705 τῷ

2167 3719 2531 3791 ὑποκειμένῳ·
2573 3740 2591 3772 ι
2648 3721 2704 3773 τὸ
2749 3723 3138 3794 ὑποκείμενον,
3176 3726 3364 3779 οὐσίαν
3416 3726 3556 3797 μετὰ
3606 3729 3749 3785 ὑπο-

2171 3812 2413 3874 στάσεως
2443 3812 2663 3884 εῖληφε·
2696 3815 2787 3867 καὶ
2812 3815 2909 3868 οὑκ
2935 3817 3039 3880 ἔξω
3070 3818 3161 3871 τοῦ
3196 3820 3427 3884 εἰκότος,
3458 3818 3535 3882 ὡς
3564 3817 3750 3891 οἶμαι,

2166 3902 2244 3971 τῷ
2276 3904 2487 3957 κεῖσθαι
2519 3908 2576 3959 ὲν
2608 3905 2683 3974 τῷ
2714 3905 2873 3975 λόγῳ.
2908 3907 3029 3970 Πῶς
3061 3910 3168 3980 γὰρ
3210 3911 3275 3965 ἂν
3324 3911 3399 3981 τῷ
3448 3910 3523 3981 μὴ
3564 3911 3626 3963 ἓν
3668 3913 3751 3982 τῷ

2167 3996 2529 4067 ὑποκειμένῳ,
2554 3998 2628 4069 μὴ
2651 3998 2773 4069 οὑχὶ
2794 4000 2940 4068 τρισὶ
2967 4000 3060 4051 καὶ
3086 4002 3311 4070 ὀνόμασι
3337 4003 3430 4056 καὶ
3452 4003 3751 4074 πράγμασι

2167 4085 2658 4159 θεολογηοήσεται;
2713 4090 2789 4152 ὠς
2840 4086 2977 4143 εἶναι
3036 4092 3096 4144 τὸ
3161 4095 3521 4164 ὑποκείμενον
3590 4097 3750 4150 οὐδὲν

2165 4178 2313 4243 ἄλλο,
2345 4180 2377 4249 ἦ
2404 4181 2589 4234 οὐσίαν
2626 4182 2763 4251 μετά
2793 4183 3160 4249 ὑποστάσεως.
3208 4186 3270 4239 Εἰ
3309 4188 3364 4240 δέ
3409 4207 3461 4241 τι
3505 4190 3753 4243 ὀπτικώ-

2163 4287 2318 4340 τερον
2340 4271 2645 4344 ἐξενεχθείη
2676 4273 2830 4344 [C0d.
2855 4274 2986 4346 Reg.
3025 4277 3359 4351 ὲξευρεθείη]
3386 4282 3443 4333 ὲν
3476 4285 3540 4351 τῇ
3572 4285 3750 4350 ἁγιω-

2163 4364 2294 4436 σύνῃ
2318 4383 2429 4430 σου,
2453 4367 2528 4436 μὴ
2547 4370 2950 4440 παραιτήσηται
2967 4369 3191 4434 διδάξαι,
3212 4372 3270 4424 τὸ
3286 4373 3456 4443 δῶρον
3477 4376 3613 4445 προς
3636 4376 3731 4427 αὑ-

2160 4456 2258 4525 τῆς
2280 4457 2627 4524 ἐγκαλλωπιζ
2643 4460 2835 4527 ὁμενον
2865 4459 3020 4532 [Cod.
3055 4460 3187 4532 Reg.
3213 4463 3746 4538 ὲγκωμιαζόμενον].

2154 4570 2297 4628 ΡΞΘ’
2330 4570 2463 4642 (61).
2494 4601 2560 4613 -—
2592 4572 2890 4647 Θεόδωρος
2932 4574 3084 4647 ὑπὲρ
3111 4576 3503 4647 -Εὐστρατίου
3554 4566 3743 4647 ἡγου-

2710 4645 2919 4711 μένου.
2957 4644 3128 4715 [ψιδἪ

1338 4727 1476 4785 Quod
1502 4726 1726 4780 Christus
1751 4730 1817 4780 sit
1838 4730 2293 4798 incircumscriptus
2324 4738 2376 4782 et
2396 4730 2820 4794 circumscriptus.

547 4828 877 4900 Propositio,
933 4846 1097 4900 quam
1148 4845 1295 4886 sanae
1356 4833 1621 4888 doctrina:
1668 4837 1976 4902 arbitraris,
2015 4855 2047 4891 ο

2226 4840 2300 4892 Τὸ
2330 4838 2621 4908 πρὸὅλημα
2664 4837 2760 4905 τῆς
2793 4836 3056 4907 δοκούσης
3106 4856 3189 4891 σοι
3233 4839 3501 4905 εὐδοξίας,
3535 4835 3579 4894 ὧ
3610 4845 3735 4911 τᾶν,

473 4924 671 4987 amice,
729 4935 787 4977 ut
819 4925 955 4979 alias
987 4926 1369 4979 antecedentes
1397 4926 1477 4979 vel
1528 4928 1922 4999 subsequentes
1970 4931 2055 4984 di-

468 5017 796 5080 ctiuuculas,
832 5028 1086 5083 tanquam
1107 5018 1313 5086 ineptas
1338 5030 1388 5072 et
1416 5020 1645 5074 soluat-as
1674 5022 1917 5075 omittam
1944 5038 1958 5087 ;
1984 5021 2051 5075 ad

468 5110 692 5162 verbum
726 5119 803 5163 est
835 5110 1145 5179 hujusmodi
1170 5128 1183 5164 :
1209 5110 1663 5182 Quandoquidem
1685 5113 1935 5171 Christus
1954 5132 2051 5170 ve-

468 5212 564 5251 rus
596 5197 737 5252 Deus
757 5208 962 5263 noster,
983 5201 1121 5255 duas
1144 5210 1387 5266 naturas,
1406 5204 1541 5256 duas
1558 5203 1884 5271 voluntates,
1912 5206 2048 5261 duas

466 5292 833 5357 operationes,
855 5294 1071 5347 unicam
1100 5310 1228 5347 vero
1250 5294 1446 5349 habeat
1463 5296 1692 5350 duarum
1721 5308 2042 5353 naturarum

470 5395 782 5446 personam,
816 5383 1100 5452 cuiusnam
1135 5386 1383 5457 eliingam
1410 5403 1696 5456 personam
1722 5390 1744 5442 ?
1770 5388 2039 5455 Quoniam

468 5470 652 5539 igitur,
678 5472 916 5542 Ecquam
942 5478 1492 5548 personam,rogasti,
1518 5479 1645 5533 audi
1665 5487 1884 5533 attente.
1906 5478 2037 5545 Quae

469 5561 703 5619 formam
735 5568 1033 5637 assumpsit
1070 5588 1083 5625 :
1118 5570 1387 5640 siquidem
1420 5570 1610 5627 formae
1639 5587 1831 5642 expers
1863 5572 2039 5641 imago

2158 4930 2245 4982 ἴνα
2299 4927 2467 4980 τᾶλλα
2528 4939 2610 4978 σοι
2679 4926 3066 4997 προηγούμενα
3120 4931 3214 4981 καὶ
3265 4930 3507 4999 ἑπόμενα
3558 4932 3741 4998 λεξεί-

2154 5019 2261 5081 δια,
2327 5018 2401 5080 ὡς
2460 5018 2697 5086 άσὺφιλά
2746 5036 2807 5070 τε
2864 5020 2957 5072 καὶ
3018 5020 3461 5091 σεσολοικισμένα
3530 5026 3735 5095 παρῶ·

2154 5110 2396 5165 τοιοῦτόν
2422 5112 2568 5163 ἐστιν
2604 5112 2696 5163 ἐπὶ
2729 5110 2946 5175 λέξεως·
2982 5113 3218 5183 Χριστὸς
3260 5115 3288 5166 ὁ
3315 5114 3567 5185 ἀληθινὸς
3599 5118 3740 5183 Θεὸς

2156 5201 2334 5272 ἡμῶν,
2369 5200 2460 5253 δύο
2489 5200 2701 5269 φύσεις,
2729 5201 2821 5254 δύο
2850 5202 3117 5273 θελήσεις,
3140 5203 3231 5257 δύο
3260 5207 3559 5276 ἐνεργείας,
3588 5207 3650 5259 ἒν
3675 5210 3737 5262 δὲ

2155 5293 2445 5364 πρόσωπον
2504 5294 2640 5363 ἔχων
2696 5293 2804 5345 τῶν
2850 5293 2943 5347 δύο
3000 5296 3231 5363 φύσεων,
3291 5298 3437 5360 τίνος
3476 5300 3735 5354 εἰκονίσω

2150 5387 2478 5457 πρόσωπον;
2525 5387 2739 5458 Ἐπειδὴ
2763 5384 2855 5441 οὖν
2885 5387 3197 5459 ἠρώτησας,
3216 5390 3373 5443 Ποῖον
3405 5392 3703 5460 πρόσωπον

2145 5479 2376 5533 ἄκουσον
2408 5480 2680 5549 ἐμμελῶς.
2714 5481 2788 5532 Τὸ
2814 5481 3144 5551 εἰδοποιηθέν
3164 5498 3178 5512 ·
3205 5482 3391 5553 ἐπειδὴ
3426 5484 3453 5534 ὁ
3485 5484 3732 5549 άνείδεος

2148 5572 2435 5641 χαρακτὴρ
2490 5571 2588 5640 τῆς
2616 5571 2968 5637 ὑποστάσεως
3003 5572 3096 5627 τοῦ
3138 5575 3351 5645 Πατρδς
3402 5576 3727 5648 εἰδοποιήοη

1939 5771 2162 5829 NOT/E.

536 5844 611 5911 (Ἴ
651 5846 979 5915 Dogmatica.

535 5917 639 5987 ("‘)
674 5918 1009 5988 Dugmatica.

2214 5868 2324 5931 (60)
2357 5868 2409 5919 lu
2441 5868 2561 5926 cod.
2601 5868 2728 5936 Reg.
2762 5869 2892 5937 ρξγᾏ

2219 5940 2327 6005 461)
2362 5937 2413 5992 tn
2442 5941 2560 5993 cod.
2604 5940 2734 6008 Reg.
2766 5936 2906 6008 pgq'.
