3934 6474
196 430 326 492 1533

1373 433 1912 493 EPISTOLARUM
1973 431 2121 494 LIB.
2165 432 2226 491 II

3296 429 3435 492 1534

192 539 253 597 τὸ
277 538 398 590 καθ’
437 537 609 608 ἡμᾶς.
656 538 729 590 T6
763 537 1018 610 ἔγχρονον
1041 555 1055 570 ·
1089 539 1279 611 ἐπειδὴ
1320 542 1349 592 6
1378 542 1546 604 ἀΐδιος
1582 541 1748 610 παρά-

1863 541 2182 595 substantiae
2203 539 2397 606 Patris,
2422 539 2653 595 formam
2704 539 2915 596 scilicet
2951 551 3194 594 nostram
3231 540 3432 598 induit.

191 647 339 684 τασιν
380 628 498 699 ἔχει
543 627 702 686 ICOd.
737 628 871 700 Reg.
915 629 1129 702 εἴληφε]
1185 633 1462 702 χρονικήν.
1514 632 1588 684 Τὸ
1640 633 1762 701 ἕχον

189 722 518 790 ὀφθαλμοὺς,
575 716 708 784 ὦτα,
766 724 907 792 ῥῖνα,
959 723 1153 792 στόμα,
1205 724 1466 793 παρειάς·
1500 723 1688 794 ἐπειδὴ
1734 727 1762 777 6

188 817 595 884 ἀσχημάτιστος
628 818 686 868 ὲν
722 820 961 886 σχήματι
1005 818 1206 886 εὑρέθη
1238 817 1314 881 ὡς
1348 819 1654 888 ἄνθρωπος.
1687 821 1759 872 Τὸ

191 908 437 976 φιληθὲν·
467 909 651 975 ἐπειδὴ
672 910 700 958 6
729 910 1102 979 ἀπερίληπτος
1126 909 1497 979 περιληφθεὶς,
1527 910 1756 981 ἐφιλήοη

188 999 287 1050 ὑπὸ
327 999 424 1051 τοῦ
478 1000 761 1070 προδότου.
806 1000 878 1053 Τὸ
924 1003 1219 1072 ραπισθέν·
1253 1001 1441 1072 ἐπειδὴ
1484 1005 1512 1055 6
1544 1004 1757 1073 ἀναφὴς

187 1089 392 1158 ἕπαφος
417 1090 678 1157 γεγονὼς,
706 1094 1009 1164 ὲρραπίσοη
1035 1094 1137 1146 ὑπὸ
1158 1094 1248 1146 τοῦ
1281 1096 1573 1166 ὑπηρέτου.
1603 1097 1674 1150 Τὸ
1699 1099 1756 1150 ἐν

188 1182 402 1251 σταυρῷ
433 1183 598 1251 ὀφοὲν
631 1187 921 1255 ὲγκάρσιον
948 1203 960 1216 ·
998 1186 1184 1258 ἐπειδὴ
1213 1188 1241 1238 6
1270 1188 1533 1250 ἀθάνατος
1569 1189 1754 1251 κλίνας

183 1274 278 1341 τὴν
327 1277 577 1347 κεφαλὴν
626 1278 910 1347 παρέδωκε
967 1277 1027 1330 τὸ
1077 1277 1316 1346 Πνεῦμα.
1353 1259 1476 1332 ’Καὶ
1512 1281 1571 1336 οὐ
1610 1281 1754 1333 δυοῖν

185 1366 492 1433 προσώπων
523 1367 683 1420 τοῦτο
714 1370 1076 1437 ὲμφαντικὸν’
1105 1369 1283 1436 ἄπαγε
1328 1371 1428 1438 τῆς
1459 1372 1713 1436 ἀσεϐείας

182 1459 292 1511 ἀλλ’
314 1461 434 1523 ἐνὸς
471 1461 762 1531 προσώπου
794 1461 885 1514 τοῦ
918 1465 981 1515 ἐκ
1013 1462 1124 1526 δύο,
1157 1465 1251 1516 καὶ
1286 1466 1342 1514 ἐν
1376 1465 1496 1516 δυσὶ
1528 1467 1754 1532 φύσεσιν

181 1553 326 1617 ὄντος
355 1555 682 1625 ἀδιαιρέτως
736 1557 829 1608 καὶ
869 1557 1189 1626 ἀσυγχύτως
1227 1559 1623 1614 ἀποδεικτικόν.
1663 1560 1754 1612 Διὸ

182 1662 338 1712 φησιν
398 1648 427 1698 6
486 1646 628 1716 ἱερὸς
663 1647 1012 1711 Ἀπόστολος·
1049 1649 1188 1716 Περὶ
1240 1650 1346 1703 τοῦ
1403 1652 1536 1705 Υἱοῦ
1565 1653 1753 1706 αὐτοῦ

180 1740 280 1793 τοῦ
312 1741 644 1809 γενομένου
671 1743 740 1795 ἐκ
774 1740 1113 1809 σπέρματος
1137 1743 1320 1797 Aur/Z5
1344 1751 1494 1797 κατὰ
1525 1745 1749 1812 σάρκαο

181 1833 278 1886 τοῦ
311 1833 660 1903 ὁρισθέντος
689 1835 824 1888 Υἰοῦ
856 1835 1004 1888 Θεοῦ
1033 1836 1100 1888 ἐν
1130 1837 1378 1905 δυνάμει
1403 1837 1550 1889 κατὰ
1571 1838 1751 1891 πνεῦ-

1865 629 1996 696 Quae
2040 632 2267 700 tempori
2301 631 2536 686 subest:
2575 631 2703 702 quia
2755 642 2994 685 aeternus
3060 633 3432 687 extensionem

1863 723 2022 776 habet
2045 724 2452 790 temporariam.
2502 722 2636 789 Qua:
2664 725 2855 778 oculos
2889 724 3069 789 habet,
3118 739 3299 787 aures,
3332 740 3434 777 na-

1861 830 2004 878 sum,
2030 830 2113 878 os,
2150 815 2318 867 malas
2351 831 2366 867 :
2418 815 2546 883 quia
2589 814 2757 884 figura
2791 831 3007 878 carens,
3037 815 3088 867 in
3131 815 3299 884 ﬁgura
3349 815 3434 868 in-

1860 914 2053 956 ventus
2085 912 2249 956 estut
2283 903 2463 956 homo.
2519 901 2650 968 Quae
2700 905 2946 958 osculum
2998 904 3242 971 excepit:
3304 903 3431 971 quia

1859 994 2427 1062 incomprehensibilis
2454 994 2904 1062 comprehensus,
2966 996 3158 1047 osculo
3207 992 3432 1047 allectus

1857 1095 2002 1140 esta
2047 1087 2340 1154 proditore.
2403 1083 2542 1151 Quae.
2564 1086 2774 1154 alapam
2836 1088 3091 1154 pertulit:
3148 1086 3274 1153 quia
3336 1085 3430 1153 qui

1858 1179 1998 1248 tangi
2023 1195 2129 1231 non
2163 1190 2391 1247 poterat,
2419 1179 2466 1232 is
2502 1183 2667 1232 tactui
2700 1178 2879 1232 iactus
2909 1179 3203 1243 obnoxius,
3271 1178 3429 1245 alapa

1855 1284 2030 1324 caesus
2062 1279 2145 1322 est
2166 1249 2491 1324 a‘ministro.
2527 1270 2657 1335 Qum
2690 1271 2744 1322 in
2783 1285 2946 1323 cruce
2975 1270 3085 1323 visa
3117 1279 3199 1320 est
3249 1278 3429 1322 trans—

1854 1360 2053 1412 versim
2115 1371 2432 1427 exporrecta
2460 1361 2617 1428 :quia
2644 1360 2966 1413 immortalis
3000 1360 3256 1412 inclinato
3278 1359 3428 1426 capi-

1858 1460 1908 1502 te
1943 1449 2456 1518 tradiditspiritum.
2495 1450 2680 1520 Neque
2715 1467 2845 1506 vero
2870 1451 3010 1504 duas
3044 1466 3306 1519 personas
3325 1451 3430 1504 hoc

1855 1541 2198 1596 demonstrat
2237 1559 2447 1612 :apage
2496 1544 2638 1598 hanc
2675 1544 3006 1611 impietatem
3035 1561 3052 1595 :
3110 1542 3205 1596 sed
3261 1557 3428 1595 unam

1855 1649 2163 1701 personam,
2191 1650 2258 1687 ex
2305 1635 2517 1689 duabus
2545 1645 2598 1688 et
2626 1635 2679 1687 in
2711 1635 2925 1700 duabus
2959 1635 3168 1687 naturis
3196 1634 3430 1687 indivise

1853 1725 2244 1795 inconfuseque
2272 1727 2620 1780 exsistentem
2643 1725 2897 1780 ostendit.
2923 1724 3078 1779 Unde
3099 1727 3174 1779 ait
3205 1734 3432 1780 sanctus

1851 1815 2141 1882 Apostolus
2170 1831 2182 1867 :
2207 1814 2283 1868 De
2307 1813 2450 1867 Filio
2477 1832 2593 1879 suo,
2623 1816 2712 1884 qui
2732 1815 2904 1883 factus
2920 1825 2994 1868 est
3018 1831 3082 1868 ea:
3099 1816 3291 1868 semine
3316 1813 3429 1866 Da-

176 1942 252 1992 μα
292 1927 659 1994 ἁγιωσύνης.
693 1928 884 1980 Τοίνυν
917 1928 1119 1996 δέδειχέ
1150 1946 1251 1993 σοι,
1296 1929 1383 1982 διὰ
1415 1929 1509 1982 τοῦ
1551 1933 1744 1996 εἰπεῖν,

1853 1908 1934 1958 vid
1961 1908 2244 1958 secundum
2272 1921 2514 1959 carnem:
2549 1908 2640 1976 qui
2695 1907 3103 1974 prtedestinatus
3151 1915 3228 1960 est
3251 1905 3428 1958 Filius

179 2020 323 2070 κατὰ
367 2019 588 2087 σάρκα,
625 2022 1001 2090 περιγραπτὸν
1036 2017 1196 2085 εἶναι,
1226 2023 1344 2089 ἦτοι
1379 2020 1749 2092 ὲξεικονισμέ-

181 2127 298 2161 νον·
347 2112 438 2165 διὰ
482 2112 539 2164 δὲ
568 2112 662 2165 τοῦ
703 2113 890 2178 φάναι,
931 2112 1081 2165 κατὰ
1120 2113 1352 2181 πνεῦμα
1386 2114 1746 2180 ἁγιωσύνης,

180 2203 593 2273 ἁπερὶγραπτον
624 2205 714 2255 τὸν
749 2204 909 2255 αὐτὸν
939 2206 1202 2275 ὑπάρχειν
1246 2205 1448 2274 Ἰησοῦν
1477 2205 1709 2276 Χριστόν
1730 2221 1745 2234 ⁸

179 2295 264 2360 ἀφ’
293 2289 351 2348 οὗ
386 2295 728 2366 ἐξειληφότες
763 2296 959 2359 πάντες
989 2299 1035 2349 οἱ
1069 2298 1314 2367 Θεοφόρρι
1339 2298 1576 2366 ΙΙατέρες
1613 2299 1748 2367 βοῶ-

182 2401 228 2435 σι
278 2388 583 2455 τρανὸτατα
614 2394 984 2458 περιγραπτὸν
1007 2389 1166 2440 αὑτὸν
1195 2390 1287 2441 καὶ
1313 2390 1743 2458 ἀπερίγραπτον,

179 2476 367 2544 ὁρατόν
391 2496 455 2531 τε
484 2480 578 2532 καὶ
608 2480 858 2551 ἀόρατον,
887 2480 1143 2552 ἐγχρονόν
1169 2499 1227 2533 τε
1254 2483 1349 2534 καὶ
1376 2482 1565 2536 ἀΐδιον.

243 2722 305 2773 Ei
337 2721 396 2775 δὲ
427 2722 492 2774 οὑ
518 2726 734 2794 χωρεῖς,
775 2725 1061 2779 Ἰουδαϊκὸν
1089 2726 1149 2778 τὸ
1172 2727 1388 2798 λῆμμα·
1418 2730 1535 2792 πῶς
1565 2730 1621 2783 δὲ
1653 2731 1747 2788 καὶ

179 2811 265 2864 δύο
302 2813 521 2880 φύσεων
560 2814 650 2866 τὸν
689 2815 923 2884 Χριστὸν
960 2815 1150 2884 λέγων,
1185 2817 1290 2887 φὴς
1337 2820 1747 2891 ἀπερίγραπτον

185 2902 370 2970 μόνονς
405 2903 566 2956 τοῦτο
598 2904 706 2974 γὰρ
739 2907 865 2986 μιᾶς
901 2907 1114 2975 φύσεως
1146 2908 1311 2965 αὑτοῦ
1343 2911 1456 2962 ἐστι
1482 2927 1748 2978 σημαντι-

182 2994 289 3047 κόν.
323 2996 398 3047 T6
429 2996 488 3048 δὲ
528 2997 638 3049 τῶν
679 2997 793 3062 δύο,
823 2997 882 3050 τὸ
912 2999 1283 3069 περιγραπτὸν
1315 3003 1491 3053 εἰπεῖν
1525 3003 1746 3055 ἀκολού-

185 3086 282 3149 θως
309 3089 406 3141 καὶ
434 3090 868 3161 ἀπερίγραπτον.
903 3091 1111 3144 Οὐκοῦν
1136 3092 1314 3162 ἑαυτῷ
1337 3096 1744 3167 ἐναντιολογείς.

186 3179 242 3229 Εἰ
284 3181 393 3251 γὰρ
447 3182 858 3251 ἀπερίγραπτος
909 3183 1068 3251 μόνον
1111 3184 1254 3237 δοκεί
1297 3203 1399 3250 σοι,
1452 3187 1609 3239 τοῦτο
1656 3189 1747 3240 καὶ

184 3271 464 3342 Μανιχαίῳ
498 3273 574 3342 τῷ
615 3273 1049 3342 ἀπαμφιεννύντι
1115 3275 1206 3327 τὸν
1272 3278 1440 3343 Λόγον
1493 3280 1589 3346 τῆς
1648 3281 1744 3332 ἀν-

187 3361 555 3432 θρωπότητος.
611 3365 669 3417 Ὀ
713 3365 822 3434 γὰρ
866 3365 1026 3434 τῆσδε
1071 3366 1296 3435 γυμνὸς,
1339 3367 1747 3438 ἀπερίγραπτος

184 3459 270 3508 καὶ
312 3459 764 3524 ἀνεξεικόνιστος.
796 3460 838 3511 Τ
843 3460 1007 3512 αὐτὸν
1039 3462 1146 3528 γὰρ
1179 3462 1482 3530 ἀμφότερα.
1524 3463 1592 3514 Ἣ
1632 3463 1747 3526 πῶς

184 3548 339 3600 πάλιν
391 3550 643 3619 μετέχεις
680 3550 775 3602 τοῦ
807 3551 1056 3620 σώματος
1105 3555 1196 3604 καὶ
1233 3554 1460 3621 αἵματος
1490 3554 1583 3606 τοῦ
1613 3556 1747 3624 Χρι-

185 3644 326 3704 στοῦ,
385 3643 552 3696 αὑτοῦ
597 3645 748 3709 ὄντος
801 3647 938 3699 κατά
989 3647 1047 3700 σὲ
1089 3648 1543 3717 ἀπεριγράπτου,
1575 3644 1647 3700 ὧν
1693 3650 1748 3702 δὲ

185 3736 434 3805 μετέχεις
466 3740 1028 3810 περιγεγραμμένων;
1069 3739 1102 3808 ἢ
1143 3743 1215 3809 μὴ
1250 3740 1465 3809 μέτεχε,
1501 3733 1544 3792 ὦ
1571 3740 1745 3808 βέλτι-

185 3843 289 3890 στε,
321 3828 354 3897 ἡ
397 3829 637 3897 μετέχων
668 3831 918 3899 ὁμολόγει
947 3829 1040 3882 τοῦ
1069 3831 1586 3900 περιγεγραμμένου
1619 3833 1749 3902 Χρι-

184 3918 302 3969 στοῦ
339 3919 593 3988 μετέχειν
631 3922 690 3973 τὸ
716 3924 1230 3992 περιγεγραμμένον
1263 3923 1420 3992 σῶμα
1453 3925 1545 3975 καὶ
1573 3909 1711 3993 αἷμα.
1732 3941 1745 3955 °

183 4009 262 4061 ἶνα
302 4011 376 4079 μὴ
419 4010 814 4080 Παυλιανὶζῃςο
845 3997 919 4073 ὦς
953 4010 1110 4079 ψιλοῦ
1158 4011 1443 4080 ἀνθρώπου
1481 4013 1744 4081 μετέχων,

181 4101 287 4152 ἀλλ’
323 4118 384 4153 ου
433 4100 569 4172 Θεοῦ
603 4100 1041 4170 σεσαρκωμένου.
1078 4103 1349 4170 Συνῆκται
1395 4103 1486 4154 οὖν
1529 4103 1587 4166 ἐξ
1620 4104 1748 4172 ἁλη-

182 4189 323 4253 Οείας
352 4191 660 4260 ἀραρότως,
691 4191 766 4252 ὼς
805 4194 830 4243 6
860 4192 1213 4260 περιγράφων
1245 4192 1334 4244 τὸν
1361 4193 1614 4262 Χριστὸν,
1650 4195 1749 4246 οὐκ

182 4281 637 4352 ἀνθρωπολάτρης
685 4282 825 4334 κατὰ
869 4282 1183 4351 Νεστόριον,
1216 4285 1246 4355 ἢ
1280 4287 1750 4355 κτισματολάτρης

183 4378 316 4427 κατά
371 4377 616 4442 ¹Ἄρειον,
663 4374 737 4437 ὡς
797 4373 1183 4445 ὲφληνάφησας
1234 4378 1581 4446 ἀμαθαίνων·
1636 4379 1748 4430 ἀλλ’

183 4468 341 4536 ἀπρὶξ
387 4468 668 4539 ὀρθόδοξος
697 4467 1019 4535 Χριστιανὸς
1049 4457 1443 4538 ἀληθέστατόςο
1477 4470 1552 4532 ὡς
1595 4471 1687 4523 καὶ
1724 4474 1751 4523 ὁ

187 4563 255 4632 μὴ
297 4562 655 4632 περιγράψων
702 4562 841 4614 κατά
874 4562 952 4624 σε,
997 4563 1345 4632 Μανιχαΐζων
1377 4563 1510 4630 ὁμοῦ
1545 4581 1602 4615 τε
1653 4565 1744 4616 καὶ

1855 4543 1997 4596 sicut
2036 4553 2090 4595 tu
2142 4543 2391 4612 imperite
2459 4553 2694 4614 nugatus
2739 4561 2800 4598 es

186 4654 579 4716 ΠαυλῑανίζωΨ
614 4654 675 4705 τὸ
712 4655 809 4723 μὲν
859 4657 923 4725 τῇ
978 4655 1070 4707 τοῦ
1132 4656 1545 4723 ἁπεριγράπτου
1599 4659 1747 4726 φωνῇ

185 4747 380 4814 γυμνὸν
445 4747 577 4798 Θεὸν
637 4747 893 4812 εἰσάγων,
962 4746 1343 4815 φαντασιωδῶς
1400 4746 1752 4815 ὲνανθρωπή-

187 4853 380 4888 σαντα·
430 4837 490 4888 τὸ
545 4837 601 4888 δὲ
656 4840 720 4907 τῇ
776 4839 908 4907 αὐτῇ
965 4840 1114 4908 φωνῇ
1160 4837 1252 4889 τοῦ
1309 4839 1747 4907 ἁπεριγράπτου,

185 4927 252 4990 ὡς
297 4928 455 4995 ψιλοῦ
506 4930 792 5000 ἀνθρώπου
845 4932 1085 5001 μετέχων
1137 4930 1294 4998 σῶμα
1342 4933 1434 4982 καὶ
1477 4925 1613 4998 αἷμα
1647 4948 1748 4982 κα-

185 5019 248 5071 τὰ
309 5019 558 5085 Παῦλον,
626 5021 720 5074 καὶ
781 5022 840 5073 οὐ
911 5021 1046 5074 Θεοῦ
1113 5020 1328 5091 ἀληθῶς
1395 5021 1743 5092 ὲνανθρωπή-

189 5123 390 5172 σαντος.

387 5369 490 5422 PO'
523 5369 657 5440 (62).
679 5398 748 5411 -
777 5368 1046 5437 Θεοδώρῳ
1077 5369 1349 5435 διακόνῳ.
1375 5368 1569 5441 [ψκγη

1849 1995 2016 2049 Deiin
2043 1997 2232 2049 virtute
2263 1998 2559 2050 secundum.
2579 1999 2828 2068 spiritum
2861 2000 3298 2066 sanctiﬁcationis
3329 1998 3372 2029 τί
3410 2035 3426 2051 .

1848 2082 2015 2153 Igitur
2045 2087 2281 2140 ostendit
2307 2087 2424 2150 tibi,
2455 2104 2576 2141 cum
2634 2091 2775 2142 dicet
2826 2089 3113 2142 secundum
3177 2105 3385 2141 carnem

1847 2180 2219 2233 cn'cuniscribi
2252 2196 2412 2248 posse
2460 2197 2556 2235 seu
2588 2181 2842 2250 elligiari:
2906 2197 3030 2235 cum
3073 2181 3206 2235 dicit
3242 2191 3424 2234 autem

1847 2281 2136 2324 secundum
2185 2272 2433 2341 spiritum
2469 2275 2938 2342 sanctiﬁcationis,
3012 2273 3426 2327 incircumscri-

1847 2369 1999 2430 ptum
2039 2377 2158 2415 esse
2184 2363 2416 2416 eundem
2438 2362 2627 2419 Iesum
2651 2363 2952 2417 Christum.
2990 2362 3032 2415 A
3084 2379 3193 2432 quo
3247 2363 3424 2418 edocti

1846 2467 2036 2505 omnes
2066 2452 2234 2504 divini
2262 2449 2449 2506 Patres
2481 2453 2785 2506 clarissima
2817 2467 2952 2504 voce
3001 2453 3328 2519 praedicant,
3355 2452 3422 2504 il-

1842 2544 1956 2598 ium
1979 2554 2031 2598 et
2052 2545 2524 2614 circumscriptum
2550 2556 2606 2600 et
2635 2546 3164 2615 incircumscriptum
3187 2585 3202 2610 ,
3237 2546 3425 2600 visibi-

1847 2639 1949 2692 lem
1975 2648 2028 2692 ct
2063 2640 2417 2704 invisibilem,
2452 2641 2838 2708 temporarium
2868 2650 2921 2694 et
2942 2653 3226 2694 aeternum.

1916 2729 2138 2795 Quodsi
2167 2748 2271 2783 non
2332 2732 2612 2799 intelligis,
2666 2729 2895 2786 Judaica
2954 2741 3036 2785 est
3072 2731 3422 2800 propositio:

1846 2837 1954 2891 quo
1983 2829 2161 2875 autem
2194 2832 2370 2890 pacto,
2409 2823 2640 2876 duarum
2683 2831 3000 2875 naturarum
3024 2823 3303 2877 Christum
3348 2823 3427 2877 di“-

1847 2925 1997 2971 cens,
2061 2913 2441 2963 tantummodo
2498 2910 3037 2978 incircumscriptuin
3084 2911 3272 2966 dicis?
3319 2912 3430 2987 hoc

1847 3001 1991 3054 enim
2018 3002 2233 3052 unicam
2265 3000 2384 3066 ejus
2410 3008 2658 3053 naturam
2689 3001 2982 3070 signiﬁcat.
3002 3000 3102 3065 Qui
3138 3017 3264 3059 vero
3288 3003 3426 3056 dua-

1850 3108 1972 3144 rum
2005 3092 2172 3153 dicat,
2207 3101 2261 3145 et
2291 3093 2766 3160 circumscriptum
2797 3108 3139 3162 consequens
3165 3102 3249 3147 est
3275 3094 3427 3148 dice-

1850 3199 1928 3246 re,
1953 3193 2006 3236 et
2032 3184 2587 3252 ἰιιοίιέυιιλιερτίριυιη,
2618 3185 2781 3252 igitur
2812 3185 2906 3237 tibi
2937 3185 3050 3254 ipse
3074 3185 3424 3240 contradicis.

1848 3273 1982 3327 Nam
2022 3275 2066 3328 si
2098 3275 2601 3343 incircumscriptus
2639 3283 2846 3329 tantum
2898 3277 2992 3329 tibi
3045 3277 3282 3340 videtur,
3337 3277 3425 3329 id-

1850 3361 2025 3429 ipsum
2057 3371 2109 3415 et
2130 3360 2549 3430 Manichreo,qui
2571 3361 2800 3417 Verbum
2821 3362 3015 3429 spoliat
3045 3363 3381 3415 humanitate
3407 3376 3423 3412 :

1849 3450 1940 3520 qui
1966 3453 2106 3503 enim
2138 3452 2223 3504 illa
2269 3460 2438 3514 caret,
2481 3451 2990 3517 incircumscriptus
3045 3460 3209 3502 estet
3250 3448 3424 3502 incili-

1848 3542 2080 3608 giabilis.
2105 3540 2247 3594 Idem
2277 3545 2420 3595 enim
2443 3551 2572 3595 sunt
2604 3542 2785 3594 ambo.
2807 3542 2915 3593 Aut
2938 3554 3125 3592 rursus
3149 3539 3428 3608 qttomodo

1849 3628 2143 3697 participas
2179 3643 2378 3696 corpus
2411 3637 2463 3682 et
2497 3628 2822 3698 sanguinem
2853 3627 3078 3688 Christi,
3135 3642 3257 3680 cum
3308 3627 3425 3694 ipse

1849 3730 1938 3774 tua
1969 3723 2231 3773 sententia
2261 3721 2330 3774 sit
2364 3721 2904 3789 incircumscriptus,
2937 3728 2989 3772 et
3010 3720 3420 3789 circumscripta

1849 3811 1957 3865 sint
1983 3827 2044 3863 ea
2104 3828 2224 3880 quae
2267 3812 2564 3881 participas
2594 3811 2616 3864 ?
2643 3813 2748 3864 Aut
2789 3813 3114 3879 participare
3167 3813 3418 3876 abstine,

1847 3904 1930 3956 vir
1962 3905 2186 3970 optime,
2220 3913 2317 3956 aut
2347 3906 2681 3974 participans
2705 3904 2960 3958 conﬁtere
2992 3912 3043 3956 te
3074 3901 3424 3958 circumscri-

1847 3993 1926 4064 pti
1995 3995 2198 4047 Christi
2250 3995 2720 4062 circumscriptum
2767 4010 2963 4062 corpus
2997 4002 3049 4047 et
3101 3994 3424 4064 sanguinem

1848 4085 2173 4154 participare
2208 4103 2220 4138 :
2262 4095 2317 4136 ut
2343 4100 2446 4137 non
2480 4084 2843 4149 Paulianizes,
2878 4086 3024 4142 velut
3063 4088 3269 4138 nudum
3317 4086 3422 4139 ho-

1851 4177 2076 4242 minem,
2105 4187 2280 4230 etnon
2319 4176 2486 4229 Deum
2524 4177 2862 4231 incarnatum
2897 4179 3250 4247 participans.
3284 4177 3422 4244 Apte

1852 4269 2017 4336 igitur
2046 4282 2111 4321 ex
2142 4271 2370 4321 veritate
2396 4269 2717 4321 conclusum
2750 4278 2852 4333 est,
2884 4285 3006 4323 eum
3025 4271 3117 4338 qui
3143 4271 3417 4324 Christum

1852 4361 2292 4428 circumscribit,
2323 4377 2429 4415 non
2468 4376 2590 4415 esse
2623 4361 2860 4416 hominis
2896 4363 3233 4417 adoratorein
3263 4365 3420 4433 ju’xta

1852 4449 2187 4516 Nestorium,
2215 4467 2314 4505 nec
2347 4461 2609 4507 creaturae
2632 4453 2994 4519 adoratorem,
3029 4453 3183 4522 juxta
3206 4455 3417 4519 Arium,

2839 4562 2854 4611 ;
2905 4547 2997 4600 sed
3048 4546 3419 4600 orthodoxum

1851 4635 2146 4697 mordicus,
2179 4637 2642 4706 vcrissimumque
2702 4637 3075 4691 Christianum
3109 4656 3122 4690 :
3155 4638 3419 4704 quemad-

1846 4725 2067 4780 modum
2104 4728 2193 4794 qui
2225 4735 2400 4779 tecum
2439 4743 2544 4780 non
2580 4728 3006 4792 circumscribit,
3044 4729 3095 4780 in
3128 4728 3418 4782 Manicluei

1848 4819 2010 4872 simul
2083 4827 2130 4870 et
2165 4818 2314 4870 Pauli
2340 4819 2575 4874 haereses
2599 4820 2827 4873 incurrit
2863 4838 2876 4873 :
2914 4819 2965 4872 in
3001 4820 3145 4872 illum
3171 4821 3415 4888 quidem,

1848 4909 1960 4977 ipsa
2000 4910 2452 4978 incircumscripti
2488 4926 2618 4965 voce
2663 4911 2927 4965 inducens
2955 4913 3159 4965 nudum
3195 4911 3361 4965 Deum
3398 4953 3416 4977 ,

1846 5003 2190 5071 phantastice
2257 5003 2530 5057 hominem
2583 5003 2784 5058 factum
2820 5024 2835 5072 ;
2868 5006 2920 5058 in
2955 5006 3095 5057 hanc
3125 5020 3274 5067 vero,
3323 5021 3416 5073 per

1848 5096 2096 5148 eamdem
2135 5096 2592 5165 incircumscripti
2619 5113 2830 5161 vocem,
2861 5109 2919 5151 ut
2959 5098 3052 5165 qui
3093 5097 3216 5150 nudi
3245 5097 3417 5149 homi-

1848 5187 1934 5240 nis
1968 5203 2163 5254 corpus
2211 5199 2264 5242 et
2293 5191 2613 5258 sanguinem
2656 5189 2920 5258 percipiat
2948 5191 3247 5242 secundum
3270 5188 3413 5242 Pau-

1848 5276 1981 5338 lum,
2010 5287 2063 5330 et
2091 5294 2194 5330 non
2222 5277 2314 5330 Dei
2342 5294 2467 5330 vere
2501 5278 2736 5332 hominis
2766 5277 2913 5332 facti.

2115 5369 2322 5423 CLXX.
2355 5401 2414 5410 —
2449 5369 2717 5424 Theodoro
2757 5373 2977 5424 diacono
3011 5372 3106 5441 (⁸).

1479 5479 1801 5530 (ῖοηῖιιιοιογίει
1831 5481 2168 5531 Ιιωτειίοειτυπι
2193 5485 2532 5545 quaestionum,

256 5562 410 5615 Ἥκω
434 5565 501 5633 τῇ
535 5564 798 5635 ἐπιτροπῇ
829 5567 929 5634 τῆς
957 5565 1173 5634 ἀγάπης
1215 5581 1307 5616 σου
1346 5565 1440 5616 ἐπὶ
1475 5567 1539 5634 τῇ
1565 5566 1738 5615 ἁπαν-

252 5671 292 5703 τ¹
325 5675 480 5727 ltom.
509 5689 525 5725 t
559 5712 573 5736 ,
601 5674 654 5727 5.

1923 5563 2112 5630 Venio,
2151 5568 2435 5622 charitatis
2476 5578 2577 5623 tua:
2627 5568 2902 5634 mandato,
2963 5565 3030 5621 ad
3091 5563 3415 5622 refellendas

1682 5765 1913 5820 ΝΠΑῇ

253 5854 356 5921 (62)
389 5857 444 5910 Ιιι
476 5857 595 5910 ιὐιΙ,
635 5853 759 5927 Reg.
801 5859 929 5928 ρξζί.

1922 5861 1993 5927 (⁸)
2024 5858 2356 5927 υοκιηίιιίρα.
