3934 6464
549 327 570 387 1
583 329 682 394 535

1733 357 1796 416 5.
1826 357 2221 420 THEODORI
2244 365 2590 427 STUDITJE

3657 385 3781 446 1536

547 438 922 500 haereticorum
950 447 1319 517 obiectiones:
1348 472 1486 528 quas
1503 461 1549 516 si
1578 473 1724 519 recte
1744 468 2081 525 contntaverc

547 534 822 564 ωηρῖηιῖηηζ
861 539 1095 564 -:...:n_._.
1133 559 1223 564 __,,
1250 563 1257 564 ,
1462 553 1472 564 .
1623 558 1633 564 .

2221 477 2378 546 τήσει
2412 478 2520 530 τῶν
2551 480 2846 549 αίρετικῶν
2876 484 3278 556 προϐλημάτων
3297 504 3313 522 ⁸
3351 490 3445 545 καὶ
3493 493 3544 545 εί
3604 493 3706 564 μὲν
3737 489 3788 547 εὖ

545 534 824 603 scriptioni
860 539 1098 609 sigillum
1129 559 1340 616 appone
1375 566 1390 617 ;
1429 553 1513 608 sin
1561 558 1766 623 minus,
1815 565 2081 632 explicabi

545 623 660 657 ἵκεο
690 627 978 657 A:l....:.a...-
1035 634 1164 657 n-_:-
1201 655 1228 657 μ
1607 651 1619 657 -
1751 655 1758 657 Α
1805 655 1816 657 _
1861 655 1868 657 Α

2217 534 2837 640 ἀπαντήσοιμι,,ὲπίθες
3006 534 3278 649 σφραγῖδα
3315 583 3394 655 τῷ
3433 585 3582 657 λόγῳ
3604 534 3704 643 ξ..εί
3742 591 3789 643 δὲ

545 623 660 694 ipse
688 627 999 689 dilucidius.
1033 634 1171 701 Quia
1200 655 1330 695 vero
1370 651 1656 704 commode
1682 655 1819 708 εοινί
1859 655 2076 713 berem

545 716 775 753 nhinnlin
802 737 906 753 nnn
928 734 1096 753 ληιιυ..
1164 731 1266 753 _:_:
1296 751 1378 753 --μί
1629 743 1640 753 .

2220 659 2384 729 μήγε,
2401 623 2754 730 σαφηνίσειας
2781 623 2942 732 atsz
2965 623 3402 746 εὐκρινέστεροζ.
3434 623 3591 733 Ἐπεῖλ.
3613 680 3673 734 δὲ
3703 682 3789 753 οὐχ

541 716 775 787 objectio
801 737 906 776 non
927 734 1122 795 potest,
1163 731 1268 786 nisi
1293 740 1593 805 propositio
1628 743 1745 811 ipsa
1783 759 2110 817 exponatur,

543 811 720 877 priore
751 814 841 868 illa
872 817 994 873 loco
1029 831 1324 893 statuetur,
1358 838 1472 886 tum
1530 834 1726 892 deinde
1769 811 1903 896 ﬁdes
1930 843 2114 898 ortho-

537 902 698 958 doxa.

1023 1179 1260 1250 Objectio
1289 1187 1542 1246 haeretici.

607 1255 781 1316 Unam
845 1277 1093 1324 naturam
1127 1271 1221 1329 Dei
1253 1275 1766 1343 Verbiincarnatam
1796 1291 2062 1350 confitens
2088 1338 2104 1363 ,

2214 742 2326 800 οἷόν
2386 767 2447 802 τε
2501 751 2563 804 εὖ
2606 754 2750 823 μάλα
2779 755 3027 812 διαλῦσαι
3059 762 3120 814 τὸ
3157 742 3434 832 αἱρετικὸν
3477 742 3788 843 πρόϐλημα,

2217 835 2372 907 [Cod.
2405 838 2537 911 Reg.
2588 843 2866 919 φρόνημα]
2913 851 2962 902 εί
3006 852 3080 922 μὴ
3123 853 3263 924 αὑτὴ
3293 856 3326 926 ἡ
3361 835 3633 928 πρότασις

2212 928 2486 984 δείκνυται
2515 931 2675 1004 [Cod.
2715 935 2846 1003 Reg.
2877 940 3275 1017 ὑποδείκνυτο],
3335 949 3556 1019 πρῶτον
3593 953 3788 1006 κείσθω

2210 1019 2371 1091 αὕτη,
2400 1023 2496 1076 καὶ
2527 1021 2628 1078 εἷθ’
2654 1027 2827 1094 οὕτως
2856 1035 2891 1103 ή
2920 1035 3199 1105 ὀρθόόοξος
3229 1039 3434 1106 πίστις.
3461 1042 3626 1115 [Cod.
3665 1045 3783 1117 Reg.

2209 1111 2409 1186 λύσις.]

2664 1216 2983 1285 Πρόὸλημα
3009 1221 3328 1286 αΙρετικοῦ.

2276 1303 2424 1357 Μίαν
2459 1305 2621 1373 φύσιν
2653 1306 2749 1360 τοῦ
2779 1307 2915 1361 Θεοῦ
2931 1311 3110 1379 Λόγου
3143 1317 3577 1389 σεσαρκωμένην
3601 1321 3788 1392 ὁμολο·

535 1359 706 1408 |0lum
745 1359 1002 1426 quiddam
1058 1363 1360 1436 Christum,
1402 1375 1516 1431 sive
1577 1395 1738 1434 unam
1780 1386 2081 1442 totalitaten

535 1459 592 1483 nr
639 1451 876 1483 nar-silum
953 1457 1228 1483 .1:..:..:.-.-
1278 1467 1387 1483 --οι-
1462 1477 1473 1483 -
1544 1479 1555 1483 -
1611 1471 1622 1483 .
1820 1475 1828 1483 .
2039 1481 2071 1483 ,ξ

2205 1393 2450 1462 γοῦντες,
2471 1359 2610 1449 ιόλον
2643 1359 2708 1452 τι
2730 1359 2842 1451 τόν
2872 1359 3129 1470 Χριστὸν,
3165 1359 3332 1474 ἥγοιῖν
3383 1359 3785 1483 μῗίανιὸλὲτητα

529 1459 593 1497 ex
636 1451 898 1518 partibus,
951 1457 1232 1517 divinitate
1271 1467 1479 1523 scilicet
1507 1479 1562 1525 et
1609 1471 1966 1543 humanitate,
2020 1481 2105 1534 di-

531 1537 678 1593 citis.
742 1540 1150 1626 lnterrogamus
1188 1573 1337 1626 ergo,
1384 1565 1640 1632 quidnam
1681 1583 1884 1630 sanctae
1920 1573 2102 1630 Trini-

2203 1487 2268 1538 ὲκ
2310 1489 2513 1559 μερῶν,
2552 1489 2802 1561 θεότητός
2834 1510 2895 1546 τε
2937 1496 3031 1548 καὶ
3060 1495 3480 1571 ἁνθρωπότητος
3521 1504 3790 1576 δηλονότι,

2201 1577 2408 1648 λέγετε.
2453 1582 2844 1654 Πυνθανόμεθα
2889 1582 3004 1652 οὖν,
3035 1589 3087 1642 τί
3127 1592 3516 1664 συναριθμεῖτε
3559 1601 3626 1670 τῇ
3660 1600 3786 1670 ἁγίᾳ

529 1630 622 1682 tati
645 1641 1019 1696 annumeratis
1051 1643 1073 1697 7
1106 1656 1370 1715 totumue,
1403 1630 1493 1710 _an
1544 1672 1748 1728 partem
1775 1665 1798 1719 ἳ
1821 1666 1887 1722 Et
1927 1671 2081 1740 siqui.

529 1724 648 1756 .lnm
675 1735 841 1756 una“...
943 1750 1044 1756 _-_,
1090 1739 1178 1756 η)-
1347 1754 1353 1756 _
1442 1747 1485 1756 .-
1519 1750 1529 1756 .
1580 1753 1589 1756 -

2200 1630 2427 1743 Τριάθις
2450 1630 2682 1741 όλον,
2705 1630 2743 1749 ξ
2771 1679 2832 1731 τὸ
2857 1630 3054 1750 μέροςς
3085 1682 3179 1736 καλ⁵
3207 1630 3402 1755 είγμὲῑ
3414 1689 3476 1742 τὸ
3506 1630 3654 1756 ὃλοθ,

526 1724 648 1777 dem
675 1735 885 1796 totum,
942 1750 1050 1790 non
1082 1739 1390 1800 eritsancta
1442 1747 1680 1809 Trinitas
1741 1763 2100 1821 consubstan-

528 1818 672 1874 tialis
703 1839 717 1876 :
753 1824 798 1877 si
831 1841 958 1882 vero
989 1842 1199 1898 partem
1229 1878 1244 1902 ,
1286 1850 1380 1894 aut
1429 1843 1768 1905 divinitatem
1828 1869 2098 1914 annume-
2131 1842 2173 1896 Β

2075 1983 2100 1994 -
2199 1948 2297 2019 τὴν
2335 1950 2730 2022 ἀνθρωπότητα
2769 1954 3049 2024 προδήλως
3088 1961 3566 2033 ιιαταλιμπάνετιε⁹
3603 1966 3636 2037 ἦ
3687 1969 3784 2038 τὴν

2073 2074 2100 2086 -
2199 2042 2294 2096 ἀνθ
2303 2043 2590 2113 ρωπότητα
2612 2046 3092 2116 συναριθμοῦντες,
3126 2051 3398 2109 ἁλώσεσθε
3423 2057 3523 2128 τῆς
3546 2058 3783 2128 Τριάδος

524 2107 729 2167 rantes,
753 2104 1093 2168 divinitatem
1123 2127 1275 2174 extra
1308 2118 1633 2184 Trinitatem
1661 2130 1844 2190 dicere
1897 2136 2096 2208 depre-

526 2191 857 2252 hendemini.

1088 2297 1299 2358 Salutio
1324 2309 1654 2376 objectionis.

592 2374 765 2433 Unam
798 2393 1049 2444 naturam
1112 2393 1271 2451 Verbi
1329 2399 1668 2462 incarnatam
1741 2413 2091 2484 confitentes,

2200 1764 2354 1818 ἔσται
2387 1767 2671 1837 ὁμοούσιος
2701 1772 2733 1840 ἡ
2763 1771 2893 1839 ἁγία
2920 1773 3089 1844 Τριὰς
3113 1790 3126 1804 ·
3159 1778 3208 1829 εί
3239 1767 3296 1830 δὲ
3316 1779 3375 1831 τὸ
3408 1781 3602 1854 μέρος,
3633 1784 3787 1855 ῆτὴν

2202 1855 2434 1924 θεότητα
2475 1861 2957 1932 συναριθμοῦντες,
3004 1865 3162 1928 ἐκτὸς
3212 1871 3312 1938 τῆς
3344 1871 3506 1940 ἁγίας
3553 1875 3786 1944 Τριάδος

2197 2134 2356 2198 ἐκτὸς
2375 2134 2475 2206 τὴν
2497 2134 2724 2208 θεότητα
2746 2137 3017 2208 λέγοντες.

2687 2317 2878 2385 Λύσις
2900 2319 3052 2389 πρὸς
3077 2322 3280 2378 τοῦτο.

2266 2404 2412 2459 Μίαν
2449 2405 2613 2476 φύσιν
2653 2409 2747 2464 τοῦ
2779 2412 2951 2480 Λόγου
2991 2416 3418 2489 σεσαρκωμένην
3446 2422 3783 2495 ὁμολογοῦν-

520 2483 627 2523 non
658 2473 981 2543 simpliciter
1041 2488 1213 2540 totum
1251 2491 1512 2558 quiddam
1555 2497 1855 2569 Christum,
1891 2509 1984 2563 sed
2025 2524 2081 2566 ex

2194 2513 2306 2559 τες,
2337 2497 2435 2568 οὐχ
2464 2473 2662 2564 Ὕὰπλῶς
2705 2503 2824 2556 ὅλον
2867 2473 2919 2555 τι
2949 2504 3039 2556 τὸν
3071 2473 3324 2576 Χριστθν,
3371 2473 3492 2566 ἆλλί
3521 2517 3590 2571 ὲκ
3628 2473 3782 2573 .‘o‘uoiv

516 2561 730 2619 duabus
764 2570 1119 2630 totalitatibus
1151 2578 1315 2636 simul
1345 2587 1680 2656 conjunctis,
1707 2593 1992 2657 divinitate
2039 2614 2081 2659 et

521 2647 851 2679 Ιηιιωηηῖιιιιλ
914 2661 1066 2679 ..__n.
1484 2677 1494 2679 Α

2194 2561 2464 2661 ὁλοτήτων
2487 2561 2983 2665 συνενηνεγμένων,
3005 2561 3260 2670 θεότητός
3285 2561 3348 2655 τε
3367 2606 3462 2658 καὶ
3480 2607 3581 2661 ἀνθ
3591 2612 3780 2679 ρωπό-

520 2647 871 2722 humanitate,
907 2661 1268 2722 conﬁtemur:
1293 2647 1594 2733 secundum
1617 2698 1755 2751 quas
1777 2689 2081 2760 totalitatcs,

2194 2647 2375 2751 τητος,
2407 2647 2816 2755 ὁμολογοῦιμενζ
2847 2686 2969 2740 καθ’
3001 2687 3069 2752 ἃς
3101 2647 3359 2763 ὁλότητας
3388 2697 3488 2761 τὰς
3517 2647 3781 2774 ὡςγμέρη

515 2758 636 2812 qua:
665 2757 722 2802 ut
745 2761 927 2819 partes
949 2757 1016 2810 ad
1071 2767 1524 2831 compositionem
1575 2791 1871 2852 assumpta:
1911 2800 2040 2842 sunt
2072 2831 2089 2857 ,

518 2845 664 2894 tutus
690 2852 792 2909 est,
846 2855 1103 2919 tanquam
1140 2853 1300 2925 Deus,
1350 2859 1495 2918 Patri
1525 2876 1578 2921 et
1647 2845 1872 2940 Spiritui
1901 2845 2090 2938 sancto

517 2933 838 2990 naturaliter
867 2942 1201 3010 conjunctus
1233 2965 1247 3014 ;
1284 2962 1338 3004 et
1372 2961 1538 3024 totus,
1570 2962 1720 3018 velut
1748 2968 1931 3038 homo,
1966 2991 2086 3031 cum

515 3030 686 3077 matre
709 3033 764 3079 et
815 3029 971 3086 nobis
1004 3035 1434 3097 substantialiter
1466 3060 1750 3118 cooptatus
1780 3076 1795 3125 ;
1825 3029 2086 3128 sinigulari

2195 2775 2331 2846 πρὸς
2357 2775 2454 2845 τὴν
2488 2776 2736 2830 σύνθεσιν
2763 2777 3121 2848 εἰλημμένας,
3156 2783 3277 2849 ὅλος
3309 2788 3478 2852 ἐστὶν,
3511 2791 3590 2855 ῶς
3619 2794 3776 2861 Θεὸς,

2191 2868 2270 2937 τῷ
2311 2870 2480 2944 Πατρί
2504 2886 2562 2921 τε
2596 2872 2689 2922 καὶ
2713 2870 2790 2939 τῷ
2819 2871 3095 2942 Πνεύματι
3122 2880 3370 2945 φυσικῶς
3398 2887 3774 2956 συνημμένος·

2190 2962 2285 3012 καὶ
2316 2961 2453 3024 ὅλος,
2484 2959 2557 3022 ὼς
2581 2960 2885 3030 ἄνθρωπος,
2915 2967 2981 3036 τῇ
3015 2969 3184 3040 μητρὶ
3215 2972 3308 3025 καὶ
3333 2973 3465 3043 ἡμῖν
3492 2977 3777 3043 οὑσιωδῶς

2191 3053 2659 3120 συντεταγμένος·
2707 3052 2786 3124 τῷ
2836 3058 3109 3132 μοναδικῷ
3157 3068 3465 3134 χαρακτῆρι
3512 3067 3584 3120 τὰ
3626 3069 3779 3140 ἄκρα

512 3114 825 3175 charactere
876 3125 1139 3196 colligens
1195 3141 1434 3190 extrema
1461 3139 1515 3192 in
1563 3146 1760 3213 seipso,
1807 3163 2081 3211 exn-emo-

514 3217 744 3236 rllmnnn
777 3206 1120 3236 daturum.--
1162 3216 1255 3236 2",,
1422 3234 1428 3236 _
1474 3226 1484 3236 .
1646 3232 1661 3236 _

2606 3114 2614 3116 ἡ
2757 3114 2768 3124 .
2836 3114 2849 3125 .
3080 3116 3091 3132 ,
3158 3114 3464 3134 ,γρ-ρπ-
3524 3114 3584 3120 -π
3627 3114 3777 3140 ..-τ-

2194 3142 2330 3212 πρὸς
2377 3114 2569 3195 ἑαυτὸν
2605 3144 2855 3212 συνδέων,
2903 3153 2998 3205 καὶ
3038 3153 3165 3216 τοὺς
3212 3155 3320 3207 τῶν
3368 3155 3555 3226 ἄκρων
3610 3159 3777 3230 ὅρους

514 3217 744 3272 rumque
777 3206 1122 3268 definitiones
1161 3216 1357 3276 illaesas
1382 3234 1435 3278 et
1471 3226 1787 3292 inconfusas
1816 3240 1868 3293 in
1926 3245 2085 3300 unio-

2187 3234 2497 3306 ἀλωὸήτους
2541 3239 2636 3291 καὶ
2677 3240 3017 3310 ἀσυγχύτους
3059 3246 3116 3296 ὲν
3144 3248 3209 3316 τῇ
3241 3247 3432 3300 ἑνώσει
3474 3250 3776 3319 διαφυλὰτο

1899 3334 2080 3405 initas,
2183 3342 2313 3381 των.
2361 3328 2476 3397 Ἐφ’
2513 3320 2557 3397 ᾧ
2599 3333 2632 3400 ἠ
2664 3331 2834 3401 Τριὰς
2865 3334 3014 3402 μένει
3050 3336 3238 3406 Τριὰς,
3268 3339 3558 3409 ἀσυμφυές
3598 3361 3652 3398 τι
3691 3349 3776 3413 είς

1732 3380 1739 3382 ~
1827 3380 2080 3405 --·---ϊυ»

506 3380 748 3437 alienum
785 3389 1084 3460 quidquam
1113 3410 1144 3448 a
1195 3409 1390 3457 natura
1439 3421 1536 3474 per
1593 3412 1922 3473 additionem
1971 3439 2082 3480 non

508 3469 841 3540 admittens;
892 3487 948 3531 et
988 3479 1308 3542 humanitas
1375 3505 1561 3550 manet
1608 3499 1946 3569 humanitas,
2013 3513 2082 3565 ab

509 3561 658 3616 unita
681 3565 782 3619 sibi
810 3568 1096 3628 divinitate
1129 3580 1355 3638 minime
1395 3585 1583 3643 divisa.
1621 3591 1958 3666 Quapropter
1992 3619 2083 3658 ra-

507 3652 671 3708 tionis
693 3670 890 3725 expers
914 3662 1018 3717 f'uit
1039 3667 1271 3736 objectio
1304 3684 1412 3738 tua,
1431 3693 1496 3731 ex
1525 3652 1924 3752 Acephalorutn
1949 3709 2082 3749 con-

507 3743 849 3804 fundentium
886 3754 1075 3812 haeresi
1106 3761 1388 3822 ebulliens.

755 3839 992 3908 Objectio
1018 3848 1187 3904 altera
1211 3853 1443 3921 ejusdem
1506 3861 1761 3922 Itazretici.

579 3928 674 3983 Hic
699 3930 971 4000 Christus,
1005 3955 1166 4008 quem
1198 3957 1299 4001 nos
1339 3952 1690 4025 confitemur,
1744 3978 2079 4024 annumera-

504 4030 593 4073 tur
622 4033 824 4079 sanctae
865 4026 1138 4098 Trinitati,
1177 4039 1262 4092 vel
1280 4055 1408 4096 non.
1442 4043 1506 4099 Et
1529 4050 1572 4103 si
1607 4053 1825 4122 quidem
1877 4073 2080 4118 sancta:

501 4108 761 4170 Trinitati
813 4132 1229 4195 annumeratur,
1279 4148 1390 4201 quo
1459 4108 1640 4206 pacto.
1672 4143 1785 4213 jam
1837 4147 2078 4209 Trinitas

503 4207 608 4261 erit
636 4214 1125 4274 consubstantialis
1150 4221 1172 4274 ?
1198 4221 1254 4276 Si
1272 4233 1452 4280 autem
1484 4246 1591 4286 non
1639 4249 2034 4298 annumeratur
2059 4242 2083 4311 ,'

504 4314 604 4354 nec
634 4300 779 4359 Deus
811 4309 933 4373 erit,
967 4311 1058 4365 sed
1091 4314 1272 4371 nudus
1339 4328 1548 4376 tantum
1614 4325 1799 4384 homo.
1866 4332 2075 4398 Quibus

503 4408 602 4448 vos
648 4398 829 4454 verbis
856 4401 1249 4462 dubitationem
1301 4412 1543 4479 solvetis,
1582 4418 1805 4475 illaesam
1869 4428 1933 4482 de
1966 4447 2073 4483 uno

2186 3421 2507 3492 προσθήκην
2536 3424 2611 3493 μὴ
2641 3427 2972 3498 προσιεμένη
2996 3444 3008 3458 ·
3042 3430 3138 3482 καὶ
3164 3432 3193 3502 ἡ
3225 3432 3582 3507 ἀνθρωπότης
3615 3440 3776 3511 μένει

2185 3513 2564 3584 ἀνθρωπότης,
2620 3516 2718 3584 τῆς
2764 3517 3056 3589 ἐνωθείσης
3112 3523 3248 3594 αὐτῇ
3298 3524 3551 3596 θεότητος
3601 3532 3774 3601 μήπω

2185 3603 2561 3675 διαιρουμένη.
2615 3606 2780 3658 Ὥστε
2837 3625 2930 3661 σου
2986 3611 3253 3681 ἁλογῶδες
3281 3616 3342 3669 τὺ
3368 3619 3664 3692 πρόϐλημα
3705 3627 3772 3678 ἐκ

2182 3695 2282 3763 τῆς
2305 3696 2413 3749 τῶν
2448 3696 2762 3766 ’Ᾱκεφάλων
2787 3705 3120 3776 συγχυτικῆς
3143 3707 3409 3777 αἱρέσεως
3433 3711 3772 3785 ἀποζευγνύ-

2231 3804 2370 3841 ενον.

2231 3804 2254 3839 ε
2322 3805 2370 3841 ν.

2187 3803 2227 3857 μ
2260 3804 2318 3840 vo
2331 3877 2441 3932 Τοῦ
2479 3879 2668 3935 αὑτοῦ
2705 3885 3002 3953 αἱρετικοῦ
3040 3887 3248 3956 ἕτερον
3279 3891 3623 3963 πρόϐλημα.

2255 3960 2424 4031 Οὗτος
2452 3969 2480 4022 ὀ
2513 3971 2747 4041 Χριστὸς
2779 3976 2806 4026 ὁ
2837 3977 2966 4046 παρ’
2994 3979 3025 4046 ἠ
3036 3977 3150 4047 μῶν
3169 3960 3605 4050 ὁμολογούμενος
3637 4002 3768 4039 συν-

2182 4059 2495 4130 αριθμεῖται
2525 4065 2588 4132 τῇ
2616 4063 2745 4133 ἁγίᾳ
2772 4064 2985 4135 Τριάδι,
3017 4067 3154 4138 ἧοῦ.
3187 4071 3297 4123 Καὶ
3327 4075 3374 4125 εί
3405 4073 3504 4142 μὲν
3536 4093 3769 4149 συναρι-

2181 4151 2399 4220 θμεῖται
2439 4156 2504 4224 τῇ
2546 4155 2676 4224 ἁγίᾳ
2703 4155 2927 4226 Τριάδι,
2959 4159 3077 4222 πῶς
3105 4161 3256 4215 ἔσται
3291 4164 3475 4218 λοιπὸν
3523 4169 3556 4238 ἡ
3593 4171 3768 4242 Τριὰς

2178 4243 2493 4312 ὁμοούσιος;
2527 4248 2575 4299 εί
2607 4247 2664 4298 δὲ
2694 4247 2754 4300 οὐ
2786 4250 3232 4320 συναριθμεῖται,
3259 4256 3382 4308 οὐδὲ
3414 4257 3544 4323 Θεὸς
3579 4260 3763 4326 ἔσται,

2177 4335 2314 4388 ἀλλὰ
2366 4337 2526 4406 μόνον
2562 4337 2715 4406 ψιλὸς
2755 4339 3060 4411 ἄνθρωπος.
3110 4338 3207 4409 Οἷς
3236 4347 3416 4400 τοίνυν
3453 4350 3615 4420 ὑμεῖς
3663 4353 3767 4426 τὴν

2177 4427 2412 4498 ἀπορίαν
2451 4427 2775 4483 ὲπιλύσεσθε
2809 4430 3008 4500 λόγοις,
3048 4435 3149 4506 τὴν
3197 4439 3326 4509 περὶ
3368 4440 3486 4504 ἐνὸς
3515 4443 3764 4512 Χριστοῦ

503 4485 722 4544 Christo
755 4506 1039 4554 servantes
1067 4501 1380 4569 opinionem
1416 4524 1432 4572 ;
1465 4509 1652 4565 eadem
1683 4514 1801 4583 ipsa
1821 4519 1975 4576 nobis
2004 4524 2071 4578 ad

503 4575 642 4610 Ιιηηη
674 4579 936 4610 οηηξηζη-..

2883 4485 2893 4500 .
2967 4485 3007 4499 η
3061 4485 3139 4506 --.ν
3205 4485 3326 4509 --τ-
3369 4485 3483 4504 πο,
3515 4485 3764 4512 ατη.--

2194 4485 2536 4586 ρυλόιττοντες
2563 4521 2721 4585 δόξαν
2748 4522 3101 4594 ἀπήμαντον,
3132 4522 3276 4583 οὗτοι
3319 4533 3413 4586 καὶ
3444 4535 3579 4605 ἡμῖν
3616 4541 3765 4610 πρὸς

500 4575 643 4633 hanc
673 4579 961 4650 sufﬁcient,

967 4676 1178 4737 Salutio
1211 4684 1540 4754 objectionis.

569 4759 668 4817 Hic
695 4763 969 4836 Christus,
995 4788 1154 4842 quem
1185 4792 1284 4834 nos
1318 4784 1658 4850 confitemur,
1687 4789 1889 4856 quibus
1928 4795 2071 4848 veri-

498 4854 623 4909 tatis
652 4859 834 4914 verbis
867 4864 1100 4931 priorem
1133 4869 1491 4940 objectionem
1536 4854 1755 4948 repulit,
1790 4883 1984 4940 iisdem
2019 4898 2073 4943 et

499 4962 820 5015 praesentem
845 4957 1087 5024 repellet,
1120 4969 1178 5015 ut
1226 4979 1344 5031 quae
1376 4982 1559 5034 parem
1603 4975 1846 5031 continet
1877 4978 2073 5050 impie-

499 5049 688 5096 tatem.
722 5045 894 5109 Quem
927 5063 1056 5104 vero
1097 5068 1193 5108 vos
1226 5055 1528 5126 Christum,
1563 5079 1725 5118 unam
1759 5070 1968 5127 scilicet
1997 5090 2065 5129 ex

495 5135 756 5201 partibus,
780 5139 1063 5197 divinitate
1100 5155 1154 5197 et
1198 5144 1554 5217 humanitate,
1592 5157 1911 5214 totalitatem
1970 5179 2068 5217 na-

493 5226 722 5278 turalem
745 5228 1069 5296 praedicatis,
1114 5250 1214 5290 nec
1245 5241 1727 5299 consubstantialis
1752 5257 1832 5302 est
1863 5249 2008 5306 Patri
2047 5295 2062 5319 ,

492 5312 758 5380 siquidem
786 5314 946 5372 Pater
969 5320 1112 5376 Deus
1151 5324 1326 5379 solum
1361 5339 1463 5394 est,
1492 5340 1544 5385 et
1579 5348 1686 5387 non
1730 5335 1893 5392 homo
1923 5357 1936 5392 :
1969 5357 2064 5396 ne-

491 5421 597 5474 que
636 5412 1119 5469 consubstantialis
1137 5420 1298 5473 matri
1330 5437 1345 5486 ;
1374 5423 1639 5492 siquidem
1683 5439 1857 5484 mater
1900 5434 2064 5490 homo

491 5504 575 5549 est
601 5506 830 5563 tantum,
860 5510 914 5555 et
947 5519 1053 5558 non
1081 5504 1221 5562 Deus
1251 5525 1265 5561 :
1297 5521 1348 5565 et
1384 5522 1596 5583 tempus
1623 5527 1707 5573 est
1734 5530 1792 5574 ut
1812 5522 2064 5580 Christos

490 5587 625 5641 alios
661 5593 938 5659 quaeratis,
962 5595 1160 5665 quibus
1188 5598 1288 5654 iste
1320 5601 1389 5656 sit
1417 5606 1901 5666 consubstantialis
1937 5630 1952 5679 ;
1987 5615 2063 5668 si-

491 5676 710 5744 quidem
747 5697 851 5734 non
881 5695 967 5739 est
1004 5687 1167 5742 ullam
1196 5693 1436 5759 reperire
1467 5706 1717 5752 naturam
1747 5717 1869 5771 quae
1898 5705 2062 5760 unius

493 5781 698 5827 tantum
731 5791 972 5844 personae
1000 5782 1213 5847 propria
1241 5786 1328 5838 sit.
1350 5786 1502 5851 Quod
1531 5793 1574 5844 si
1609 5788 1715 5847 non
1744 5796 2057 5866 inveniatis,

2179 4611 2382 4683 ταύτην
2413 4613 2762 4685 ἀρκέσουσιν.

2659 4710 2850 4776 Λύσις
2886 4711 3036 4781 πρὸς
3066 4714 3260 4771 τοῦτο.

2249 4793 2418 4863 Οὗτος
2457 4800 2486 4852 ὁ
2518 4801 2751 4871 Χριστὸς
2790 4804 2818 4856 ὁ
2852 4804 2982 4876 παρ’
3011 4807 3165 4877 ἡμῶν
3191 4808 3642 4882 ὁμολογούμενος,
3671 4811 3760 4881 οἷς

2176 4894 2354 4963 λόγοις
2382 4894 2715 4966 ἁληθότητος
2743 4897 3103 4970 ἐξεκρούσατο
3127 4903 3228 4972 τὴν
3257 4906 3531 4975 προτέραν
3555 4909 3760 4977 πρότα-

2178 5004 2282 5051 σιν,
2324 4987 2554 5051 τούτοις,
2599 4989 2694 5042 καὶ
2739 4991 2838 5060 τὴν
2885 4992 3166 5062 παροῦσαν
3207 4998 3616 5067 συγκρούσειεν,
3674 5002 3758 5067 ὡς

2179 5079 2483 5148 ἰσορρόπως
2510 5079 2572 5131 τὸ
2596 5079 2789 5143 ἁσεὸὲς
2813 5080 3059 5150 ἔχουσαν.
3097 5087 3192 5139 Ὃν
3219 5086 3277 5140 δὲ
3308 5089 3467 5158 ὑμεῖς
3495 5088 3755 5162 Χριστὸν,

2173 5168 2340 5237 ἦγουν
2369 5168 2498 5237 μίαν
2523 5169 2749 5240 ὁλότητα
2779 5172 3012 5244 φυσικὴν
3043 5177 3108 5228 ὲκ
3143 5179 3346 5248 μερῶν,
3388 5180 3644 5253 θεότητος
3687 5204 3755 5242 τε

2173 5260 2264 5310 καὶ
2309 5259 2747 5332 ἀνθρωπότητος,
2798 5265 3150 5332 πρεσϐεύετε,
3185 5268 3308 5324 οὔτε
3347 5274 3634 5342 ὁμοούσιος
3678 5279 3757 5333 ἂν

2170 5353 2255 5420 εἴη
2285 5352 2362 5422 τῷ
2396 5353 2589 5423 [Ia-cpt,
2624 5355 2781 5424 εἴπερ
2819 5358 2847 5409 ὁ
2873 5358 3058 5429 Πατὴρ
3087 5360 3217 5425 Θεὸς
3262 5364 3442 5433 μόνον,
3473 5369 3590 5422 ἀλλ’
3620 5372 3754 5444 οὐχὶ

2171 5446 2263 5496 καὶ
2288 5444 2600 5516 ἄνθρωπος·
2631 5447 2755 5502 οὕτε
2777 5451 3061 5517 ὁμοούσιος
3081 5455 3148 5523 τῇ
3175 5457 3362 5526 μητρὶ,
3386 5459 3544 5530 είπερ
3575 5463 3606 5532 ή
3638 5467 3754 5536 μή-

2168 5550 2274 5603 τηρ
2304 5534 2586 5606 ᾶνθρωπος
2623 5541 2804 5609 μόνον,
2834 5547 2949 5598 ἀλλ’
2983 5549 3104 5619 οὐχὶ
3139 5552 3229 5603 καὶ
3270 5551 3401 5618 Θεός
3422 5570 3438 5585 ·
3486 5559 3581 5611 καὶ
3623 5534 3749 5631 ὥρα

2171 5627 2298 5694 ὑμῖν
2327 5626 2510 5698 ζητεῖν
2537 5632 2756 5705 ἐτέρους
2786 5638 3074 5709 Χριστοὺς,
3106 5637 3184 5706 οἷς
3212 5635 3364 5709 οὗτος
3395 5647 3461 5700 ἂν
3487 5650 3572 5720 εἴη
3602 5653 3746 5722 ὀμο-

2167 5717 2343 5780 ούσιος
2368 5734 2382 5747 ·
2425 5720 2547 5773 ἐπεὶ
2574 5724 2646 5792 μὴ
2668 5721 2779 5778 οἷόν
2807 5743 2863 5779 τε
2894 5733 3313 5802 μονοπρόσωπον
3347 5736 3509 5802 φύσιν
3535 5745 3742 5812 γνωρί-

2171 5809 2376 5872 ζεσθαι.
2413 5813 2470 5864 ΕΞ
2507 5813 2559 5866 δὲ
2589 5817 2682 5886 οὐχ
2713 5819 3044 5891 εὑρίσκοι-τε,
3084 5829 3188 5902 rei;
3224 5825 3370 5892 ἰδίοις
3411 5831 3741 5905 προϐλήμα-
