3934 6484
208 412 335 477 1537

1375 408 1917 470 EPISTOLARUM
1959 407 2085 466 LIB
2162 405 2247 465 ΙΙ.

3293 401 3431 466 i538

201 541 278 575 σιν
303 522 622 587 ἑαλωκότες,
647 520 723 592 τῷ
748 519 888 591 κενῷ
915 520 1255 592 ἀναπλασμῷ
1278 521 1337 574 οὐ
1361 520 1594 590 Χριστὸν
1618 515 1732 572 εῐνα

1858 517 2089 586 propriis
2141 512 2533 578 objectionibus
2585 512 2748 582 capti.
2804 512 2907 566 hoc
2963 511 3113 566 inani
3177 513 3430 583 figmento

196 617 326 681 ὅλως
358 616 651 682 δοξάζοιτε.

396 730 548 785 PUA’
574 727 708 799 (65).
740 757 810 770 —-
843 728 1073 797 Νικήτᾳ
1093 728 1430 798 μονάζοντι.
1469 727 1660 801 Mutat,

1862 608 2138 664 Christum
2170 622 2394 677 prorsus
2427 621 2535 659 non
2567 621 2690 661 esse
2721 605 3005 661 docebitis.

2164 721 2397 779 CLXXI.
2436 750 2487 762 -
2521 719 2726 774 Nicetis
2753 722 3007 774 monacho
3042 723 3128 790 (').

193 846 326 906 Quod
345 843 764 906 quemadmodum
799 839 960 891 omnis
1001 841 1375 906 vir’perfectus,
1407 839 1603 906 etiamsi
1637 840 1688 889 in
1712 841 1986 906 apostolico
1997 839 2196 906 __ordine
2233 844 2494 906 censeatur
2530 837 2722 902 indiget
2749 838 2880 889 libro
2913 837 3240 901 evangelico;
3270 835 3343 886 sic
3375 841 3430 885 et

1218 905 1409 964 pictura
1429 901 1650 951 historias
1672 899 1781 964 quin
1810 900 1862 950 in
1883 915 1944 951 eo
1976 900 2102 950 libro
2138 899 2440 951 continetur.

256 988 326 1039 Τδ
356 984 512 1055 παρὰ
539 984 639 1053 τῆς
666 985 938 1054 ὁσιότητος
973 982 1128 1054 ήμῶν
1159 984 1246 1037 διὰ
1274 985 1368 1037 τοῦ
1407 984 1752 1051 θεοφιλεστά-

1929 983 2098 1049 Quem
2135 986 2398 1038 sanctitas
2432 992 2609 1038 vestra
2653 998 2750 1054 per
2790 983 3264 1055 religiosissimum
3310 999 3426 1037 me-

187 1094 275 1128 του
327 1073 724 1144 μητροπολίτου
772 1073 1072 1126 ἀποσταλὲν
1120 1073 1250 1142 ἡμῖν
1283 1070 1483 1142 βιϐλίον
1517 1073 1735 1140 ἀνέγνως

1859 1077 2169 1144 tropolitam
2200 1076 2264 1129 ad
2293 1091 2395 1130 nos
2429 1076 2630 1129 librum
2660 1076 2826 1140 misit,
2860 1075 3122 1145 legimus,
3153 1083 3207 1130 ct
3245 1075 3426 1145 profe-

190 1182 304 1235 μεν.
339 1164 452 1217 Καὶ
484 1165 585 1216 οὐκ
626 1164 773 1217 ἐστιν
803 1163 831 1215 ό
864 1163 1022 1216 τοῦτο
1059 1162 1511 1233 συγγραψάμενος
1549 1163 1641 1216 ἐπὶ
1672 1163 1735 1233 τᾷ

1856 1177 1964 1231 cto,
1997 1168 2086 1237 qui
2120 1168 2264 1222 hunc
2290 1167 2542 1236 scripsit,
2576 1169 2632 1221 in
2667 1168 3097 1222 venerandarum
3129 1167 3420 1237 imaginum

187 1257 410 1322 δόγματι
443 1251 552 1305 τῶν
579 1254 790 1305 σεπτῶν
814 1252 1034 1305 εἰκόνων
1063 1252 1425 1321 όρθοφρονῶν.
1453 1253 1615 1320 Λέγει
1640 1253 1735 1323 γὰρ

1855 1259 2109 1327 dogmate
2139 1274 2246 1312 non
2283 1268 2425 1313 recte
2455 1261 2636 1314 sentit.
2692 1260 2819 1314 Haec
2852 1259 2997 1315 enim
3029 1260 3189 1313 dicit:
3231 1277 3248 1309 ι
3281 1260 3424 1312 incf-

185 1345 334 1399 τάδε·
377 1361 397 1395 ‹
433 1345 548 1414 Τὴν
571 1346 807 1416 ἄρρητον
842 1344 935 1396 καὶ
965 1343 1332 1414 ἀπερίληπτον
1361 1346 1442 1407 εἰς
1476 1346 1623 1413 ἡμᾶς
1653 1343 1735 1397 τοῐ

1855 1351 2072 1404 labilem
2108 1360 2162 1405 et
2197 1350 2702 1418 incomprehensam
2737 1350 2828 1406 Dei
2866 1367 2994 1421 erga
3029 1366 3132 1404 nos
3177 1350 3423 1420 benigni-

186 1436 310 1488 Θεοῦ
339 1435 772 1507 φιλανθρωπίαν,
798 1437 891 1489 καὶ
923 1437 1047 1499 τοὺς
1079 1436 1254 1506 ἱεροὺς
1276 1435 1384 1488 τῶν
1408 1437 1578 1503 ἀγίων
1609 1436 1735 1502 ἀγῶ-

1849 1447 2034 1499 latent.
2064 1450 2117 1493 et
2144 1455 2327 1494 sacros
2364 1438 2689 1494 Sanctorum
2724 1456 2925 1510 agones
2955 1441 3008 1495 in
3045 1440 3267 1496 Litteris
3295 1441 3420 1510 qui-

185 1545 276 1590 νας
319 1528 378 1580 ὲν
431 1529 730 1600 Γράμμασι
764 1528 862 1599 μὲν
905 1531 1067 1599 ἡμεῖς
1113 1531 1277 1599 ἱεροῖς
1321 1529 1728 1598 ἀνευφημεῖσθα

1849 1531 1968 1585 dem
1998 1531 2391 1586 sacrislaudari
2424 1531 2780 1595 alIirmamus,
2814 1533 2965 1586 nullo
2994 1546 3094 1585 nos
3120 1531 3377 1599 figmento
3403 1570 3418 1594 ,

183 1619 573 1690 διατυποῦμεν,
605 1621 831 1690 οὐδεμιᾷ
873 1620 1068 1673 πλάσει
1109 1619 1171 1672 τδ
1210 1621 1295 1689 ἐφ’
1328 1621 1459 1690 ἡμῖν
1493 1620 1525 1690 ἦ
1565 1623 1735 1689 γραφῇ

1850 1634 2116 1691 quantum
2145 1624 2199 1678 in
2235 1627 2390 1679 nobis
2416 1633 2518 1686 est,
2544 1625 2627 1678 vel
2653 1626 2864 1693 pictura
2891 1627 3040 1678 velut
3067 1624 3418 1678 obiectantes.

183 1711 430 1782 καθάπερ
454 1713 613 1784 [C0d.
653 1711 782 1780 Reg.
817 1710 1091 1783 καθάπαξ]
1141 1712 1413 1782 ἡδόμενοι.
1441 1711 1756 1782 Συγχωροῦ-

1849 1716 2222 1771 Permittimus
2267 1724 2444 1770 autem
2491 1715 2948 1784 simplicioribus,
2992 1731 3112 1770 cum
3164 1714 3422 1784 imperfe-

185 1822 278 1871 μεν
315 1805 374 1858 δὲ
425 1808 538 1868 τοῖς
589 1805 977 1874 ἁπλουστέροις
1013 1806 1382 1876 ἀτελεστέροις
1412 1805 1591 1869 αὐτοῖς
1631 1807 1735 1857 ὐπ-

1840 1808 2039 1861 ctiores
2093 1807 2237 1871 sint,
2286 1822 2384 1875 pro
2430 1806 2663 1860 naturali
2727 1807 2972 1874 ipsorum
3022 1806 3420 1875 persuasione,

180 1895 457 1964 άρχουσιν,
501 1896 604 1947 ὑπὸ
639 1895 920 1964 συμφυοῦς
954 1896 1129 1947 αὐτῶν
1156 1897 1458 1966 ὲναγωγῆς,
1498 1896 1591 1949 καὶ
1626 1895 1744 1965 ὕψει

179 1992 238 2057 τῆ
267 1988 452 2048 αὐτοῖς
480 1988 795 2057 συμμέτρῳ,
839 1988 907 2040 τὰ
931 1986 1153 2040 τοιαῦτα
1195 1991 1251 2040 ὲν
1282 1989 1590 2058 εἰσαγωγῆς
1618 1989 1744 2057 τρό-

180 2099 260 2150 mp
312 2081 628 2150 μανθάνειν.
671 2099 690 2131 ι
741 2080 806 2132 Τί
838 2076 931 2133 οῦν
972 2081 1118 2133 ἐστιν
1174 2083 1233 2134 ὲν
1288 2081 1495 2145 τούτοις
1535 2084 1742 2149 είπείν;

179 2173 396 2242 Πρῶτον
445 2173 544 2242 μὲν
593 2174 674 2226 ὅτι
721 2173 986 2242 διαίρεσιν
1034 2173 1133 2242 τῆς
1177 2175 1304 2244 μιᾶς
1344 2177 1436 2227 καὶ
1475 2174 1742 2239 ἐντελοῦς,

181 2264 268 2315 καὶ
316 2263 443 2332 μηδ’
482 2262 658 2316 ὁτιοῦν
715 2261 1073 2333 πρόσθεσινῆ
1119 2263 1403 2332 ὑφαίρεσιν
1452 2263 1744 2331 προσιεμέ-

177 2371 267 2422 νης
300 2355 542 2418 πίστεως
584 2354 740 2425 ἡμῶν
772 2354 1178 2424 ἀπεργάζεται·
1210 2353 1388 2423 ὲαυτῷ
1417 2353 1513 2422 μὲν
1537 2353 1634 2424 τὴν
1654 2355 1742 2407 διὰ

176 2448 277 2500 τῶν
326 2447 492 2517 ἰερῶν
536 2448 883 2518 Γραμμάτων
927 2449 1213 2516 ἀπονέμων
1239 2448 1601 2500 διατύπωσιν
1631 2451 1743 2511 τοῖς

176 2541 562 2610 ἁπλουστέροις
595 2541 652 2593 δὲ
680 2540 838 2610 δῆθεν
886 2541 980 2593 καὶ
1031 2540 1404 2610 ἀτελεστέροις
1439 2541 1742 2610 ὑπάρχουσι

175 2634 267 2703 τὴν
298 2635 355 2685 ὲν
386 2634 585 2685 πλάσει
615 2633 709 2686 καὶ
744 2635 926 2703 γραφῇ
967 2633 1204 2703 ἱστορίαν
1233 2632 1483 2695 ἀποίσας.
1512 2633 1740 2686 Ἔπειτα

178 2724 316 2793 αὐτῷ
361 2723 467 2793 μὲν
499 2724 726 2778 ἀνάπτει
766 2725 825 2777 τὸ
857 2725 1060 2776 τέλειον
1101 2724 1200 2792 τῆς
1238 2724 1494 2794 χάριτος⁸
1541 2726 1652 2786 τοῖς
1685 2724 1740 2776 δὲ

175 2817 268 2886 τὴν
299 2815 599 2886 Ἰουδαῖκὴν
625 2816 951 2886 ἀπορρίπτει
973 2816 1290 2885 νηπιότητα,
1316 2815 1586 2884 δεομένοις
1613 2833 1742 2885 συμ-

176 2908 336 2974 φυοῦς
381 2909 692 2975 ἀναγωγῆς.
726 2907 937 2961 Οὐκοῦν
971 2907 1092 2960 κατ’
1130 2907 1292 2961 αὑτὸν
1331 2907 1671 2977 διαψεύδεται
1713 2910 1739 2960 ό

178 3000 312 3070 laps;
345 2999 671 3060 Ἀπόστολος
699 3000 955 3067 φάσκων·
993 3001 1111 3053 Οὐκ
1138 3001 1227 3053 ἐνι
1266 2999 1570 3067 Ἰουδαῖος,
1600 2999 1739 3053 οὐδὲ

175 3089 441 3157 Ἕλλην·
482 3101 593 3145 οὐκ
631 3091 724 3144 ἔνι
774 3091 1014 3155 δοῦλος,
1054 3092 1195 3144 οὐδὲ
1228 3093 1576 3160 ἐλεύθερος·
1626 3094 1736 3145 οὐκ

1851 1899 2013 1952 etiam
2058 1907 2280 1966 aspectu
2316 1898 2450 1966 ipsis
2487 1907 2817 1966 congruente
2844 1936 2859 1960 ,
2905 1897 3032 1950 talia
3068 1912 3162 1963 per
3203 1896 3418 1948 modum

1850 1989 2268 2045 introductionis
2298 1990 2499 2043 doceri.
2528 2008 2548 2040 ι
2588 1988 2728 2054 Quid
2773 1989 2837 2042 ad
2878 1989 2990 2042 haec
3029 1988 3192 2054 igitur
3229 1987 3420 2041 dicen-

1849 2080 1975 2133 dum
2008 2079 2133 2134 est?
2167 2078 2408 2132 Primum
2439 2080 2680 2147 quidem,
2707 2079 2850 2148 quod
2885 2080 3047 2132 unius
3067 2088 3120 2131 et
3147 2076 3416 2145 perfectae.

1851 2173 2164 2241 nullamque
2202 2172 2284 2226 vel
2327 2171 2658 2225 additionem
2696 2172 2779 2225 vel
2825 2171 3284 2225 substractionem
3319 2170 3417 2223 ad-

1853 2264 2115 2318 mittentis
2142 2264 2264 2317 ﬁdei
2299 2275 2501 2317 nostrae
2522 2259 2844 2317 divisionem
2884 2262 3150 2327 instituit;
3183 2261 3286 2316 sibi
3314 2261 3414 2330 ipsi

1847 2356 2066 2425 quidem
2106 2356 2326 2424 petitam
2376 2371 2441 2409 ex
2498 2355 2669 2409 sacris
2721 2353 2945 2408 Litteris
2996 2354 3412 2409 delineationem

1848 2447 2193 2510 attribuens;
2234 2446 2668 2515 simplicioribus
2697 2462 2827 2501 vero
2860 2455 3022 2516 atque
3052 2447 3416 2515 imperfectio-

1846 2539 2000 2593 ribus
2044 2538 2332 2604 videlicet,
2387 2553 2482 2607 per
2516 2540 2668 2593 fictas
2703 2539 2788 2593 vel
2837 2540 3008 2607 pictas
3048 2537 3249 2608 elligies
3294 2537 3414 2593 edi-

1845 2631 2031 2686 scendi
2106 2629 2347 2685 studium
2408 2629 2680 2685 deferens.
2743 2630 2946 2684 Deinde
3009 2629 3113 2684 sibi
3193 2627 3412 2697 quidem

1845 2724 2228 2794 perfectionem
2263 2724 2447 2793 gratiae
2485 2724 2704 2793 adaptat
2739 2740 2752 2775 :
2798 2725 2920 2779 aliis
2969 2741 3100 2778 vero
3129 2722 3413 2778 Judaicam

1845 2814 2098 2882 relinquit
2133 2811 2416 2867 infantiam
2445 2852 2460 2874 ,
2494 2813 2589 2882 qui
2622 2815 2853 2869 naturali
2886 2816 3229 2871 institutione
3271 2816 3413 2869 indi-

1844 2915 2024 2972 geant.
2075 2902 2238 2971 Igitur
2293 2906 2591 2959 secundum
2649 2906 2827 2974 ipsum
2878 2908 3143 2961 mentitur
3188 2918 3412 2962 sanctus

1843 2994 2132 3062 Apostolus
2151 3011 2273 3049 cum
2304 2995 2418 3049 ait:
2458 2993 2581 3048 Non
2606 3005 2682 3050 est
2699 2996 2944 3060 Judwus,
2971 3013 3130 3067 neque
3150 2997 3366 3052 Graecus
3386 3013 3406 3051 :

1844 3102 1943 3139 non
1973 3097 2048 3139 est
2070 3087 2276 3152 servus',
2303 3104 2465 3158 neque
2491 3088 2622 3141 liber
2646 3103 2663 3142 :
2696 3105 2796 3141 non
2821 3098 2897 3141 est
2924 3089 3216 3152 masculus,
3251 3106 3412 3158 neque

173 3183 257 3236 ἔνι
305 3154 498 3250 ἄρσεν
545 3183 644 3236 καὶ
672 3183 845 3250 θῆλυ.
883 3154 1108 3248 Πάντες
1131 3185 1241 3252 γὰρ
1279 3154 1448 3250 ὑμεῖςἰ
1485 3154 1573 3250 εἰς
1598 3184 1735 3238 ἐστε

1839 3179 2250 3247 femina.0mues
2274 3183 2410 3232 enim
2432 3197 2521 3234 vos
2547 3196 2708 3233 unum
2734 3181 2859 3233 estis
2885 3181 2939 3233 in
2965 3179 3171 3234 Christo
3195 3178 3327 3234 Iesu
3342 3182 3408 3234 "’.

171 3275 234 3327 ἐν
258 3274 496 3343 Χριστῷ
532 3273 760 3341 Ἰησοῦ.
789 3275 852 3328 Εἰ
878 3274 935 3327 δὲ
964 3275 1236 3344 ἀληθεύει,
1272 3275 1463 3347 ὥσπερ
1491 3273 1584 3330 οὖν
1602 3275 1736 3347 ἠλή-

173 3365 372 3431 θευται,
415 3365 513 3417 καὶ
535 3360 638 3431 Εἷς
664 3365 900 3432 Κύριος,
931 3366 1038 3434 μία
1062 3367 1284 3433 πίστις,
1315 3366 1386 3420 ἓν
1401 3367 1733 3436 ,βάπτισμαο

171 3457 248 3517 τίς
289 3459 323 3527 ἡ
367 3457 505 3529 κενὴ
554 3457 694 3528 αὕτη
725 3457 985 3528 διαίρεσις
1011 3459 1090 3519 εἰς
1121 3458 1213 3511 δύο
1240 3459 1506 3529 τμήματα
1535 3459 1733 3525 amca;

170 3549 225 3600 τὸ
261 3548 413 3612 ἔθνος
453 3549 517 3601 τὸ
543 3550 716 3617 ἆγιον,
749 3549 811 3602 τὸ
857 3549 1125 3621 βασίλειον
1161 3550 1480 3621 ἱεράτευμα,
1510 3551 1737 3622 ἀποκρί-

172 3656 314 3692 νεσαι
339 3656 355 3671 ο
386 3641 485 3693 καὶ
513 3641 572 3693 τὸ
605 3640 702 3710 μὲν
726 3637 864 3694 εἶναι
891 3641 988 3707 τῆς
1019 3641 1398 3711 ὲντελεστὲρας
1433 3643 1646 3713 μοίραςο
1673 3643 1735 3696 τὸ

167 3729 335 3798 δὶτῆς
367 3731 858 3802 ὑφειμενεστέρας.
893 3731 1146 3795 Ἔπειτα,
1185 3731 1266 3783 ὅτι
1306 3731 1488 3800 ἐπειδὴ
1519 3734 1626 3794 πᾶς
1671 3728 1731 3784 εὖ

168 3819 374 3890 φρονῶν
415 3823 622 3890 ἐφίεται
654 3822 988 3892 τελειότητος
1009 3838 1024 3852 ⁸
1060 3822 1354 3892 νεμεσητὸν
1375 3824 1640 3893 ἡγήσεται
1672 3822 1734 3874 ·ὺ

167 3909 382 3972 ἀτελές·
440 3910 733 3964 κάντεῦθεν
784 3910 843 3975 ἐξ
884 3911 1180 3978 ἀναγκαίου
1213 3910 1484 3980 παρέλκον
1528 3913 1644 3965 ἐστὶ
1672 3912 1731 3964 τὸ

165 3999 256 4067 τῆς
287 4000 532 4069 ἱστορίας
559 4001 756 4068 δόγμα.
795 4002 1163 4055 Ἑναντιοῦται
1186 4003 1242 4055 δὲ
1271 4004 1351 4056 ὅτι
1376 4005 1609 4071 μάλιστα
1636 4005 1729 4056 καὶ

166 4088 237 4158 τῷ
290 4090 518 4160 μεγάλῳ
567 4090 854 4161 Βασιλείῳ,
903 4092 977 4161 μὴ
1013 4092 1276 4156 ταυτίζων
1304 4092 1370 4144 τὰ
1399 4093 1489 4145 ὑπ’
1519 4093 1727 4145 ἐκείνου

167 4183 353 4252 ἐπίσης
392 4183 850 4252 δογματιξόμενα.
889 4202 906 4234 ι
948 4185 1014 4236 Ἀ
1045 4184 1152 4253 γὰρ
1184 4186 1210 4236 ό
1244 4183 1420 4250 λόγος,
1450 4185 1602 4254 φησὶ,
1632 4185 1730 4252 τῆς

168 4278 404 4346 ἱστορίας
450 4276 516 4328 δι’
547 4276 715 4343 ἀκοῆς
744 4275 1060 4344 παρίστησι,
1103 4275 1274 4326 ταῦτα
1317 4275 1559 4344 γραφικὴ
1603 4291 1728 4326 σιω-

166 4368 315 4422 πῶσα
347 4368 437 4421 διὰ
467 4369 751 4437 μιμήσεως
786 4366 1072 4418 δείκνυσιν.
1115 4383 1132 4415 ι
1184 4365 1589 4418 Ἀντανίσταται
1621 4366 1728 4436 ἄρα.

1838 3269 1932 3324 Sin
1977 3278 2158 3322 autem
2194 3283 2383 3322 verum
2429 3269 2600 3335 dicit,
2650 3277 2711 3323 ut
2755 3280 2899 3324 certe
2943 3271 3125 3336 dicit,
3173 3280 3227 3324 et
3263 3269 3410 3325 Unus

1839 3363 2128 3421 Dominus,
2183 3377 2292 3413 una
2330 3360 2497 3429 ﬁdes,
2546 3378 2710 3415 unum
2748 3361 3008 3432 baptisma
3039 3364 3116 3428 ⁷³;
3158 3379 3406 3433 quaenam

1834 3465 1918 3506 est
1952 3455 2067 3507 [HEC
2099 3453 2278 3508 inanis
2309 3453 2506 3507 divisio
2539 3454 2590 3506 in
2632 3465 2908 3522 segmenta
2945 3456 3052 3510 duo
3086 3457 3409 3526 inaequalia?

1835 3552 2048 3613 gentem
2077 3553 2340 3609 sanctam,
2374 3545 2553 3614 regale
2582 3547 2947 3600 sacerdotium
2979 3548 3043 3612 ⁷⁸,
3085 3548 3264 3601 dirimi
3301 3570 3311 3603 :
3353 3561 3408 3602 et

1834 3636 1970 3688 alios
1999 3635 2218 3704 quidem
2251 3634 2596 3704 perfectioris
2625 3639 2799 3706 partis
2830 3653 2974 3703 esse,
3005 3639 3139 3693 alios
3167 3640 3406 3693 deterio-

1835 3730 1930 3782 ris.
1969 3729 2206 3793 Deinde,
2238 3729 2501 3798 quoniam
2538 3732 2922 3800 unusquisque
2953 3732 2999 3785 si
3035 3733 3179 3802 sapit
3225 3731 3404 3801 perfe-

1831 3823 2063 3875 ctionem
2104 3824 2350 3890 expetit;
2398 3822 2524 3876 odio
2555 3821 2783 3890 dignum
2827 3824 2986 3878 ducet
3025 3825 3166 3894 quod
3204 3825 3406 3894 imper-

1831 3910 2031 3964 fectum
2067 3919 2186 3977 est;
2223 3922 2386 3980 atque
2425 3910 2552 3965 hinc
2583 3912 2894 3966 necessario
2937 3929 3400 3982 supervacaneum

1830 4010 1914 4054 cst
1947 4001 2146 4067 dogma
2195 4001 2440 4070 picturze.
2484 4001 2819 4056 Adversatur
2861 4011 2916 4057 et
2965 4019 3127 4071 quam
3165 4005 3402 4059 maxime

1830 4107 2032 4160 magno
2064 4090 2290 4157 Basilio,
2322 4107 2430 4145 non
2462 4093 2802 4159 assentiens,
2846 4109 2948 4147 nec
2977 4110 3038 4147 ea
3071 4095 3230 4149 simul
3267 4109 3400 4151 ccu-

1825 4180 2062 4249 jungens
2090 4197 2211 4249 quae
2246 4181 2338 4234 ille
2365 4197 2432 4236 ex
2466 4197 2622 4250 aequo
2649 4183 2856 4236 docuit.
2895 4202 2912 4234 ι
2942 4182 3070 4248 Quae
3110 4185 3273 4247 enim,
3312 4185 3398 4237 in—

1828 4271 1966 4339 quit,
1995 4270 2236 4326 historia:
2255 4287 2435 4327 sermo
2452 4289 2544 4341 per
2558 4289 2720 4327 aures
2752 4285 3104 4342 reprmsentat
3124 4315 3139 4339 ,
3174 4275 3288 4330 haec
3312 4278 3399 4344 pi-

1827 4374 1980 4418 ctura
2021 4365 2187 4420 silens
2217 4368 2684 4435 perimitationem
2716 4369 3028 4423 ostendit".
3064 4388 3082 4420 ι
3119 4368 3400 4438 Repugnat

164 4461 190 4511 ό
213 4460 469 4527 γεννάδας
507 4461 619 4521 τοῖς
657 4459 821 4526 ίεροῖς
844 4457 1078 4524 Λογίοις,
1121 4456 1305 4525 ὥσπερ
1341 4458 1430 4508 καὶ
1459 4456 1535 4525 τῷ
1561 4474 1724 4525 κορυ-

1839 4473 1956 4526 ergo
1977 4459 2057 4511 vir
2087 4458 2338 4527 egregius
2367 4461 2543 4516 sacris
2576 4460 2875 4530 Scripturis
2899 4501 2913 4524 ,
2961 4461 3103 4516 sicut
3155 4470 3208 4515 et
3263 4478 3399 4531 prae-

165 4547 300 4616 φαίῳ
329 4545 506 4616 Πατρί
526 4564 538 4576 ·
573 4547 666 4598 καὶ
701 4546 940 4614 οἰόμενος
974 4546 1130 4599 ἄλλον
1161 4545 1246 4597 ἐπ’
1278 4545 1424 4614 αὐτῷ
1463 4545 1526 4615 δὴ
1553 4545 1724 4614 τούτῳ

164 4638 234 4707 τῷ
263 4639 496 4708 δόγματι
535 4637 896 4708 διορθοῦσθαι,
922 4637 1082 4700 αὐτὸς
1114 4635 1434 4706 πεφώραται
1465 4637 1726 4705 ὀφλισκά-

165 4746 262 4781 νων
291 4731 519 4796 μάταια.
547 4729 656 4781 Καὶ
682 4729 770 4787 διὰ
797 4728 952 4782 τοῦτο
983 4730 1144 4798 ἡμεῖς
1179 4729 1276 4797 μὲν
1301 4728 1476 4798 πάντη
1499 4729 1724 4799 διαγρά-

165 4837 327 4888 φομεν
372 4821 441 4873 τὰ
472 4820 696 4873 τοιαῦτα
727 4820 1159 4891 βατταρίσματα.
1203 4820 1725 4892 Ὑπομιμνήσκομεν

163 4909 214 4962 δὲ
254 4912 347 4963 καὶ
390 4912 492 4979 τὴν
521 4910 792 4981 ὑμετέραν
828 4911 1141 4981 ἐμμέλειαν,
1182 4909 1259 4979 τῷ
1300 4910 1446 4980 αὐτῷ
1498 4914 1726 4981 στοιχεῖν

166 5001 341 5054 κανόνι
369 5002 476 5071 τῆς
502 5002 830 5072 ὁρθοδοξίας,
863 5003 1066 5056 εἰδυῖαν
1094 5004 1176 5056 ὅτι
1202 5003 1278 5065 ὡς
1305 5003 1475 5056 δεῖται
1509 5007 1615 5067 πᾶς
1641 5006 1726 5058 τέ-

165 5091 317 5156 λειος,
346 5093 454 5147 κᾶν
481 5093 542 5145 ὲν
571 5094 910 5165 ἀποστολικῷ
937 5095 1204 5164 ἀξιώματι
1234 5097 1592 5162 κατείλεκται,
1627 5097 1723 5167 τῆς

165 5183 516 5253 ιῦαγγελικῆς
539 5182 750 5235 δέλτου·
780 5183 919 5236 οὕτω
946 5185 1040 5236 καὶ
1061 5187 1158 5254 τῆς
1186 5185 1304 5237 κατ’
1328 5185 1496 5256 αὐτὴν
1521 5202 1722 5255 γραφι-

165 5273 257 5343 κῆς
286 5273 526 5345 ἱστορίας
547 5290 563 5306 ο
596 5274 676 5327 ὅτι
708 5275 802 5328 καὶ
837 5276 935 5346 τῆς
979 5276 1100 5347 ῐσης
1131 5277 1294 5348 τιμῆς
1324 5295 1382 5331 τε
1425 5279 1518 5331 καὶ
1552 5296 1724 5348 προσο

166 5373 435 5437 κυνήσεως
471 5367 778 5439 ἀμφότερα.

226 5539 268 5568 τ’
302 5537 479 5593 Galat.
508 5553 591 5605 ιιι,
621 5538 712 5591 28.
788 5540 834 5570 "
869 5538 1062 5608 Ephes.
1103 5555 1174 5605 Iv,
1211 5540 1262 5593 5.
1337 5542 1382 5573 "
1415 5542 1432 5596 l
1469 5540 1613 5597 Pelr.
1649 5558 1684 5596 ιι
1727 5543 1778 5596 9.

1827 4550 2166 4605 stantissimo
2212 4549 2358 4605 Patri
2393 4571 2405 4604 :
2448 4563 2501 4606 et
2540 4554 2667 4606 dum
2709 4554 2873 4606 alium
2906 4553 2958 4606 in
2997 4555 3098 4607 hoc
3141 4555 3256 4622 ipso
3297 4555 3396 4607 do-

1829 4652 2006 4712 gmate
2023 4643 2296 4712 corrigere
2317 4644 2520 4708 studet,
2537 4644 2651 4714 ipse
2671 4644 2858 4697 frivola
2879 4645 3082 4698 dixisse
3104 4645 3396 4713 deprehen-

1828 4738 1994 4790 ditur.
2042 4734 2106 4789 Et
2140 4737 2278 4791 hanc
2314 4752 2539 4806 prorsus
2573 4737 2643 4791 ob
2671 4753 2895 4791 causam
2929 4737 3063 4791 tales
3091 4753 3262 4806 nugas
3291 4752 3393 4791 nos

1828 4825 2046 4894 quidem
2069 4827 2292 4880 omnino
2320 4828 2622 4896 rejicimus.
2652 4829 3190 4883 Commonefacimus
3211 4838 3390 4882 autem

1826 4917 2162 4985 diligentiam
2188 4928 2450 4986 vestram,
2480 4929 2541 4974 ut
2573 4921 2819 4974 eamdem
2861 4929 3122 4989 sequatur
3153 4920 3390 4988 regulam

1827 5007 1951 5060 fidei
1977 5008 2292 5062 orthodoxa:
2316 5050 2330 5073 ,
2373 5010 2550 5063 sciens
2573 5049 2589 5074 ,
2628 5007 3085 5078 quemadmodum
3119 5005 3392 5076 perfectus

1825 5096 2102 5166 quisque,
2156 5097 2280 5152 licet
2334 5100 2628 5169 apostolica
2680 5099 2945 5169 dignitate
3000 5109 3222 5154 ornatus
3270 5099 3388 5163 sit,

1823 5189 2133 5258 evangelica
2164 5200 2285 5260 eget
2317 5192 2553 5261 pagina;
2607 5192 2683 5247 ita
2733 5202 2786 5246 et
2837 5193 3044 5263 pictura
3089 5191 3384 5245 secundum

1826 5281 1974 5335 illam
2012 5297 2273 5351 expressa
2307 5301 2321 5336 :
2370 5284 2628 5353 quoniam
2678 5285 2921 5355 ejusdem
2952 5285 3179 5340 honoris
3221 5293 3386 5353 atque

1827 5373 2166 5427 adorationis
2203 5385 2513 5445 utrumque.

1857 5543 1902 5573 ⁷⁵
1935 5542 2095 5597 Hom.
2135 5561 2223 5610 xx,
2264 5546 2319 5601 in
2346 5546 2414 5601 ιο
2455 5557 2743 5620 martyres.

1653 5714 1881 5770 NOTAE.

229 5805 333 5870 (65)
363 5806 423 5861 In
463 5807 584 5862 cod.
612 5807 741 5877 Reg.
779 5806 912 5876 ρξη’.

1888 5811 1960 5880 (⁸)
1995 5812 2323 5882 Dogmatica.
