3934 6464
501 332 637 398 1539

701 447 953 503 CLXXII.
980 478 1047 487 —
1070 449 1331 520 Hesychia
1368 456 1729 518 protonotario
1761 452 1846 523 (').

1683 338 1744 400 S.
1784 337 2175 399 THEODORI
2216 337 2560 400 STUDITAS

3604 337 3743 401 1540

2233 453 2364 507 POB
2408 455 2543 522 (64).
2567 483 2638 498 -—
2676 453 2939 522 ’Πσυχίῳ
2963 450 3431 519 πρωτονοταρίῳ.
3477 447 3668 521 [timet]

1172 568 1247 617 De
1270 566 1388 617 filiae
1414 569 1789 618 consecratione
1812 583 1825 619 :
1850 574 1902 616 et
1934 579 1999 615 ne
2020 565 2271 616 ullatenus
2297 582 2407 618 cum
2432 571 2681 621 haereticis
2715 569 3062 621 communicet.

563 673 830 728 Praeclara
853 672 1073 743 quidem
1114 674 1345 742 cpistola
1384 677 1852 744 praestantissimae
1880 676 2058 730 hono-

2231 676 2386 747 Καλὴ
2419 681 2517 747 μὲν
2558 679 2592 749 ἡ
2624 678 2879 746 ἐπιστολὴ
2909 679 3009 744 τῆς
3036 674 3318 744 παγκάλου
3361 691 3453 726 σου
3493 671 3745 741 τιμιότη-

490 766 772 820 τίίίοθηιίιπε
799 774 925 826 tuae,
955 774 1007 819 et
1038 774 1295 831 tanquam
1326 765 1393 820 de
1427 769 1572 820 bono
1596 770 1857 822 thesauro
1879 768 2063 823 cordis

490 855 734 925 profecta
757 898 771 919 ,
801 868 857 911 et
894 867 1153 927 tanquam
1197 857 1601 926 pulchritudine
1635 860 1852 913 radians
1887 858 2065 912 chari—

491 948 620 1001 tatis
657 966 671 1001 :
723 964 830 1001 non
863 949 966 1003 hoc
998 958 1177 1002 tamen
1219 949 1439 1003 nomine
1471 949 1760 1012 laudanda,
1792 948 1935 1017 quod
1966 962 2066 1002 nos

491 1039 777 1108 imperitos
809 1042 1063 1096 laudibus
1098 1043 1417 1096 extollebat.
1462 1040 1757 1110 Ecquando
1799 1041 1942 1094 enim
1986 1038 2066 1093 fa-

490 1145 614 1187 ctus
645 1150 791 1197 sum,
821 1136 966 1204 quod
994 1136 1077 1189 ais
1100 1177 1114 1197 ,
1151 1136 1367 1189 lucerna
1403 1140 1591 1190 ardens
1622 1146 1670 1188 et
1694 1139 1870 1188 lucens
1905 1134 1972 1198 ⁷⁸,
2012 1133 2067 1188 in

490 1240 597 1293 qua
641 1240 695 1279 ιιι
729 1226 994 1281 Dominus
1019 1244 1173 1282 meus
1208 1228 1329 1280 luce
1368 1228 1721 1281 collustratus
1762 1227 2069 1280 exsultave-

492 1316 609 1369 ris?
653 1325 748 1369 aut
790 1316 916 1371 fons
947 1317 1330 1385 limpidissimc
1363 1316 1536 1369 ﬂuens
1557 1356 1572 1378 ,
1623 1318 1689 1368 de
1720 1331 1829 1383 quo
1852 1315 2069 1369 dilertio

493 1417 586 1460 tua
632 1422 937 1461 sermonem
981 1409 1275 1462 salutarem
1323 1406 1611 1461 hauserit?
1657 1406 1854 1458 Annon
1888 1405 2070 1473 potius

494 1500 784 1554 obscurata
812 1509 897 1554 est
931 1516 962 1555 e
1006 1502 1287 1554 contrario
1314 1500 1478 1553 iacies
1514 1507 1697 1553 nostra
1732 1513 1898 1567 supra
1946 1497 2073 1549 fuli-

497 1591 703 1658 ginem,
740 1600 798 1643 ut
829 1606 951 1644 cum
994 1593 1260 1662 propheta
1294 1593 1486 1658 loquar
1516 1591 1582 1654 ⁷⁷,
1618 1606 1714 1659 per
1754 1590 1876 1643 vita:
1908 1588 2075 1640 inuti-

492 1683 743 1738 litatem?
778 1694 831 1737 et
875 1700 1054 1739 sermo
1099 1694 1284 1736 noster
1315 1684 1498 1751 operis
1538 1682 1748 1735 viribus
1779 1680 2075 1735 destitutus

492 1777 742 1845 elanguit
808 1777 875 1830 ad
906 1777 1265 1830 erudiendum
1324 1777 1487 1829 talem
1544 1773 1896 1829 auditorem?
1946 1772 2075 1835 Ome

491 1870 713 1939 quidem
749 1884 780 1923 a
816 1884 904 1923 me
937 1869 1216 1931 dicuntur,
1249 1883 1354 1919 non
1379 1867 1524 1937 quod
1560 1866 1949 1935 Smyrnensetn
1976 1878 2076 1916 cu-

494 1963 727 2016 stodiam
764 1966 1114 2031 vituperem;
1160 1960 1345 2015 absit!
1394 1961 1705 2016 veneranda
1754 1960 1896 2014 enim
1949 1958 2071 2020 illa,

2164 785 2276 832 τος,
2300 770 2393 821 καὶ
2414 769 2488 832 ὡς
2510 770 2604 822 ἀπ’
2630 770 2833 836 ἀγαθοῦ
2869 768 3142 838 θησαυροῦ
3175 769 3272 837 τῆς
3295 765 3523 835 καρδίας
3553 763 3751 829 ἐξαγο-

2169 860 2449 939 ρευθείσα·
2500 862 2595 913 καὶ
2641 861 2717 924 ὡς
2760 861 2838 930 τῷ
2881 860 3066 913 κάλλει
3109 859 3207 927 τῆς
3238 859 3459 926 ἀγάπης
3492 855 3749 921 ὲναγλαῖ-

2167 955 2375 1007 σθεῖσα.
2403 954 2477 1006 Οὐ
2506 953 2611 1024 μὴν
2633 954 2707 1015 ὡς
2730 953 3101 1023 ἀπεσέμνυνεν
3127 951 3272 1019 ἡμᾶς
3296 951 3421 1012 τοὺς
3445 948 3747 1018 ἀμούσους,

2167 1046 2357 1113 λόγους
2392 1046 2681 1115 ἐγκωμίων
2712 1046 2843 1115 ἔχει.
2872 1045 3007 1096 Πότε
3050 1042 3159 1111 γὰρ
3185 1040 3479 1109 ἐγενόμην,
3505 1039 3583 1101 ὡς
3618 1036 3747 1104 φὴς.

2166 1139 2397 1207 λύχνος
2448 1138 2764 1207 καιόμενος
2812 1136 2909 1189 καὶ
2953 1136 3201 1204 φαίνων,
3233 1135 3291 1185 ἐν
3318 1127 3361 1200 ᾧ
3406 1135 3434 1186 ὁ
3467 1131 3753 1195 Δεσπότης

2173 1247 2274 1299 μου
2302 1230 2612 1299 ἠγαλλιάσω
2644 1229 3040 1297 φωτιζόμενοςς
3074 1226 3106 1293 ἢ
3139 1225 3287 1295 πηγὴ
3319 1226 3524 1277 νάουσα
3556 1221 3753 1275 διειδέ-

2170 1338 2358 1386 στατα,
2395 1322 2484 1387 ἀφ’
2509 1314 2576 1391 ἦς
2604 1320 2878 1392 ἡρῥύσατο
2916 1320 2950 1387 ἡ
2986 1318 3206 1386 φιλότης
3253 1333 3345 1367 σου
3381 1316 3539 1393 λργον
3572 1311 3753 1379 σωτή-

2174 1430 2323 1482 ριονς
2359 1414 2454 1465 καὶ
2500 1413 2622 1481 οὐχὶ
2666 1411 2974 1464 τούναντίον
3030 1410 3227 1478 μᾶλλον
3268 1408 3563 1461 έσκότασεν
3610 1404 3753 1472 ὑπὲρ

2173 1505 2428 1573 ἀσϐόλην,
2466 1504 2816 1575 προφητικῶς
2847 1505 3036 1567 εἰπεῖν,
3080 1501 3138 1555 τὸ
3173 1496 3310 1560 εἶδος
3351 1500 3509 1569 ἡμῶν
3552 1501 3622 1551 τί
3658 1495 3751 1549 τοῦ

2174 1595 2289 1666 βίου
2321 1598 2721 1667 ἀχρηστότητι;
2758 1598 2849 1649 καὶ
2893 1595 2921 1646 ό
2954 1596 3107 1662 λόγος
3133 1594 3433 1664 ἠσθένησεν
3467 1595 3568 1646 οὐκ
3612 1590 3753 1659 ἔχων

2172 1687 2270 1758 τὴν
2306 1688 2362 1753 ἐξ
2399 1687 2558 1756 ἔργου
2603 1686 2852 1756 δύναμιν,
2883 1690 2961 1749 είς
2992 1686 3262 1755 ὲνίδρυσιν
3293 1684 3383 1737 τοῦ
3416 1685 3752 1746 ἁκοὺοντοςς

2173 1782 2283 1836 Καὶ
2318 1782 2491 1834 ταῦτα
2518 1781 2680 1848 λέγω,
2715 1782 2776 1833 οὐ
2807 1781 2903 1849 τὴν
2936 1781 2991 1833 ὲν
3020 1782 3085 1850 τῇ
3113 1778 3334 1848 Σμύρνη
3367 1773 3616 1847 φυλακὴν
3651 1790 3754 1827 κα-

2175 1876 2369 1938 κίζων·
2406 1875 2479 1945 μή
2513 1892 2565 1927 τι
2595 1872 2838 1940 γένοιτοῐ
2865 1875 2898 1941 ἡ
2928 1872 3024 1941 μὲν
3054 1871 3162 1940 γὰρ
3192 1870 3446 1938 σεϐαστὴ,
3482 1865 3757 1934 σεδαστῆς

2176 1967 2465 2038 ὁμολογίας
2509 1983 2596 2036 μοι
2630 1965 2863 2035 φρουρός
2888 1983 2902 1996 ·
2941 1964 3177 2032 ἐμαυτὸν
3211 1964 3269 2016 δὲ
3298 1961 3649 2032 αἰτιώμενος,
3680 1958 3758 2022 ὡς

494 2053 823 2106 veneranda:
839 2068 940 2105 con
952 2053 1209 2106 fessionis
1230 2067 1361 2105 mea:
1376 2060 1593 2105 custos:
1619 2050 1712 2104 sed
1730 2058 1788 2102 ut
1812 2048 2075 2116 meipsum

2188 2059 2277 2112 36x
2306 2057 2469 2122 ἀξίως
2494 2059 2551 2109 ἐν
2579 2055 2715 2125 αὐτῇ
2748 2053 3224 2124 πολιτευσάμενον.
3262 2052 3401 2105 Ἀλλ’
3429 2048 3589 2117 ἀφεὶς
3622 2047 3759 2102 ταῦ-

495 2147 745 2216 eulpem,
778 2146 870 2214 qui
906 2161 1011 2198 non
1057 2161 1157 2214 pro
1188 2160 1253 2198 eo
1288 2150 1352 2198 ac
1390 2144 1576 2198 decuit
1612 2144 1666 2196 in
1706 2142 1793 2194 illa
1828 2146 2080 2194 versatus

495 2237 626 2289 sim.
656 2234 853 2288 Verum
885 2236 970 2290 his
993 2237 1371 2302 omissis,quze
1402 2234 1601 2288 indicia
1624 2240 1750 2286 sunt
1772 2230 2077 2294 charitatis,

498 2331 565 2382 ad
585 2328 896 2382 institutum
923 2328 1221 2382 orationem
1247 2336 1532 2381 converto.
1562 2324 1902 2395 Significavit
1922 2322 2082 2375 nobis

498 2420 717 2475 bonitas
746 2430 837 2473 tua
866 2462 878 2483 ,
907 2421 1047 2475 duas
1076 2430 1160 2485 te,
1191 2430 1249 2474 ut
1274 2420 1437 2473 verbo
1459 2418 1637 2473 dicam
1660 2455 1681 2486 ,
1713 2416 1913 2470 habere
1944 2414 2083 2468 tilias

500 2529 530 2567 a
561 2514 665 2567 Deo
693 2514 886 2580 datas;
917 2523 972 2568 et
1002 2514 1239 2582 priorem
1272 2514 1521 2583 quidem,
1555 2522 1849 2578 antequam
1889 2523 2083 2561 nascc-

501 2616 690 2669 retur,
746 2606 857 2660 Deo
912 2623 1007 2677 per
1070 2608 1193 2660 vitae
1250 2606 1565 2660 monasticm
1615 2603 2082 2659 consecrationem

501 2698 896 2768 spepondisse;
939 2699 1165 2752 alteram
1200 2699 1252 2751 in
1284 2699 1463 2752 medio
1490 2708 1545 2753 et
1571 2697 1791 2767 ancipiti
1824 2696 2084 2763 reliquis-

500 2805 562 2843 se
594 2812 609 2843 ;
646 2804 791 2843 nunc
827 2798 1008 2842 autem
1047 2796 1265 2843 mutato
1294 2789 1548 2850 consilio,
1585 2789 1701 2841 vice
1729 2802 1880 2841 versa
1911 2784 2087 2838 facere

502 2880 858 2934 constituisse
900 2879 969 2933 ob
1007 2883 1305 2947 quamdam
1348 2881 1731 2935 necessitatem
1782 2893 1906 2948 quae
1953 2876 2087 2930 inci-

503 2970 621 3023 dit:
667 2976 727 3022 ut
762 2983 957 3037 nempe
997 2967 1108 3023 Deo
1153 2969 1486 3038 promissam
1512 3010 1527 3032 ,
1566 2969 1769 3021 mundo
1808 2966 2085 3035 assigues,

504 3061 610 3116 hoc
642 3069 727 3115 est
756 3061 874 3116 viro
906 3060 1090 3115 tradas
1122 3061 1271 3115 omni
1300 3075 1365 3113 ex
1406 3070 1560 3129 parte
1595 3058 1860 3111 laudabili
1893 3100 1907 3121 ,
1939 3060 2087 3126 ejus-

505 3151 742 3220 demque
787 3165 911 3203 cum
958 3148 1134 3217 puella
1185 3147 1402 3208 aetatis;
1455 3146 1508 3199 in
1545 3146 1724 3199 medio
1755 3154 1934 3198 autem
1965 3145 2090 3198 reli-

506 3249 651 3297 ctam
679 3284 694 3306 ,
736 3240 1027 3294 admodum
1084 3238 1437 3308 juveuculam
1491 3248 1543 3292 et
1584 3239 1843 3306 imparem
1887 3246 2085 3303 (etate,

2178 2167 2268 2214 τα,
2316 2148 2391 2212 ὡς
2428 2148 2525 2216 τῆς
2573 2146 2791 2216 ἀγάπης
2834 2145 2961 2197 ὅντα
3011 2145 3335 2214 συμϐόλαια,
3377 2141 3470 2193 ἐπὶ
3509 2142 3572 2194 τὸ
3622 2157 3757 2192 κατ-

2181 2247 2399 2311 επεῖγον
2436 2242 2706 2309 τὸνλόγον
2737 2238 3175 2310 μεθαρμόσομαι.
3224 2236 3525 2304 Ἑσήμανεν
3557 2234 3691 2302 ἡμῖν
3723 2232 3759 2298 ἡ

2182 2335 2485 2405 χρηστότης
2523 2349 2638 2397 σου,
2672 2330 2745 2392 ὡς
2771 2330 2865 2383 δύο
2894 2330 3057 2400 ἔχειν,
3093 2330 3366 2393 συντόμως
3394 2326 3592 2384 εἰπεῖν,
3635 2324 3761 2374 θεο-

2182 2427 2453 2496 δωρήτους
2488 2423 2792 2494 θυγατέρας
2812 2442 2826 2455 ·
2854 2423 2947 2476 καὶ
2974 2424 3073 2491 τὴν
3103 2422 3201 2490 μὲν
3235 2416 3455 2486 πρώτην
3491 2415 3598 2484 πρὸ
3628 2432 3758 2481 γεν-

2184 2520 2389 2589 νήσεως
2412 2516 2851 2586 καθυποσχέσθαι
2873 2514 2938 2568 δι’
2968 2510 3312 2583 ἀφιερώσεως
3339 2508 3432 2561 τοῦ
3468 2505 3761 2578 μοναδικοῦ

2187 2609 2301 2679 βίου
2333 2607 2451 2678 Θεῷ
2473 2623 2485 2637 ⁸
2516 2606 2613 2676 τὴν
2640 2605 2696 2659 δὲ
2726 2607 2981 2675 δευτέραν
3026 2606 3082 2656 ἐν
3116 2598 3418 2669 μεταιχμίῳ
3453 2597 3720 2669 φέρεσθαι
3741 2609 3758 2624 ·

2186 2701 2281 2755 νῦν
2313 2701 2368 2753 δὲ
2404 2698 2930 2769 μεταϐεϐουλεῦσθαι
2976 2694 3202 2758 ἐναλλὰξ
3242 2692 3567 2762 ποιήσασθαι
3616 2689 3765 2742 κατά

2186 2812 2309 2847 τινα
2338 2793 2637 2862 ἀναγκαίαν
2669 2790 3019 2860 περιπέτειαν
3040 2805 3053 2819 ο
3080 2778 3218 2839 ὥστε
3246 2784 3341 2855 τῂν
3365 2783 3765 2853 ὑποσχεθεῖσαν

2189 2891 2479 2959 ἀπονεῖμαι
2511 2887 2587 2957 τῷ
2617 2886 2825 2954 κόσμῳ,
2858 2883 3026 2952 ἤγουν
3073 2878 3369 2933 ἀποδόσθαι
3404 2878 3563 2945 ἀνδρὶ
3609 2871 3764 2941 καλῷ

2187 2998 2247 3033 τε
2286 2979 2352 3032 τὰ
2396 2979 2592 3037 πάντα,
2628 2974 2721 3026 καὶ
2744 2976 2811 3043 τῇ
2844 2971 2996 3023 παιδὶ
3029 2968 3395 3040 συνηλικιώτῃ
3416 2985 3428 2997 ·
3465 2966 3565 3036 τὴν
3595 2964 3658 3018 δὲ
3704 2966 3764 3017 ὲν

2193 3069 2499 3141 μεταιχμίῳ
2529 3066 2721 3136 κομιδῇ
2766 3064 2893 3117 νέαν
2944 3062 3109 3115 οὖσαν
3149 3061 3241 3114 καὶ
3270 3061 3330 3112 οὺ
3365 3059 3766 3127 συντρέχουσαν

2188 3165 2254 3232 τῇ
2291 3161 2498 3231 ἡλικίᾳ,
2533 3157 2809 3217 ἀναθεῖναι
2840 3154 2993 3225 Θεῷ’
3026 3153 3127 3207 κᾶν
3169 3153 3342 3223 τούτῳ
3393 3151 3637 3213 σκάζειν,
3673 3148 3769 3199 καὶ

2189 3250 2584 3321 δυσχεραίνειν,
2640 3248 2714 3317 μή
2773 3263 2889 3310 πως
2941 3241 3305 3305 ὲναντιοθελὲς
3361 3241 3444 3309 εἴη
3500 3238 3580 3309 τῷ
3625 3237 3766 3305 Θεῷ.

507 3333 709 3388 oll'eras
745 3332 886 3398 Deo;
937 3341 991 3385 et
1037 3331 1090 3383 in
1134 3332 1237 3385 hoc
1265 3332 1525 3385 vacillare
1569 3340 1621 3385 te
1668 3346 1732 3384 ac
1771 3331 2085 3399 perplexum

2198 3340 2344 3393 Ἔδει
2379 3339 2476 3409 μὲν
2516 3336 2631 3401 οὖν,
2659 3332 2703 3390 ὦ
2734 3336 2970 3388 δέσποτα
2998 3330 3313 3402 τιμιώτατε,
3344 3330 3534 3383 ἄλλους
3564 3326 3770 3379 πυνθά-

508 3442 659 3487 esse,
688 3440 755 3479 ne
784 3423 921 3478 forte
960 3424 1015 3477 id
1051 3432 1312 3493 repugnet
1343 3424 1617 3477 voluntati
1668 3421 1785 3476 Dei.
1816 3420 2093 3476 Debueras

509 3520 770 3590 quidem,
824 3516 1048 3572 Domine
1094 3517 1556 3578 honoratissime,
1594 3518 1696 3570 hac
1733 3516 1800 3569 de
1851 3530 1908 3568 re
1958 3514 2096 3570 alios

512 3610 855 3678 interrogare
881 3649 897 3672 ,
938 3608 1006 3661 ab
1037 3608 1217 3676 iisque
1242 3646 1258 3670 ,
1289 3619 1349 3661 ut
1377 3607 1469 3676 qui
1500 3606 1721 3660 scientia
1757 3606 1915 3659 nobis
1944 3614 2097 3659 ante-

511 3703 731 3767 cellant,
758 3702 1081 3755 solutionem
1120 3698 1414 3767 accipere;
1470 3714 1647 3766 neque
1688 3713 1719 3751 a
1767 3699 1929 3751 nobis
1981 3706 2091 3750 tam

514 3796 680 3863 longo
714 3796 955 3848 locorqu
994 3792 1282 3845 intervallo
1318 3790 1609 3859 disiunctis
1644 3806 1967 3860 responsum
2010 3807 2099 3844 re-

516 3886 756 3954 quirere.
806 3884 1059 3937 Attatnen
1089 3883 1309 3952 quando
1357 3898 1456 3951 pro
1509 3896 1571 3935 ea
1641 3897 1805 3950 quam
1858 3880 2100 3935 habuisti

518 3979 719 4033 liducia
742 3978 821 4031 sic
849 3976 1117 4039 statuisti;
1152 3991 1212 4030 re
1239 3991 1365 4029 cum
1393 3973 1482 4028 Dei
1510 3975 1894 4028 amantissimo
1923 3973 2102 4028 archi-

517 4069 780 4136 episcopo
812 4076 864 4120 et
895 4064 1064 4119 fratre
1104 4072 1293 4119 nostro
1320 4064 1667 4118 considerata
1691 4106 1703 4129 ,
1733 4062 2100 4132 indicavimus

519 4174 640 4212 eam
675 4174 797 4213 esse
827 4170 1022 4229 praeter
1056 4155 1315 4223 ofﬁcium,
1359 4166 1413 4210 ct
1444 4165 1641 4226 praeter
1670 4166 1874 4210 rectam
1909 4156 2065 4209 Iidem
2085 4195 2100 4219 ,

522 4265 831 4322 pr:cterque
860 4266 922 4304 ea
961 4266 1083 4318 quae
1118 4264 1361 4318 unquam
1404 4248 1608 4303 fuerint
1640 4251 1909 4318 exempla.
1959 4249 2099 4302 Olim

521 4349 677 4399 Anna
711 4345 800 4397 illa
840 4342 1072 4398 celebris
1123 4341 1433 4395 Samuelcm
1475 4343 1793 4409 priusquam
1848 4355 2103 4394 nascere-

522 4445 613 4488 tur
647 4434 889 4503 poilicita
918 4473 932 4497 ,
981 4447 1142 4500 quem
1192 4432 1519 4500 promiserat
1565 4446 1670 4483 non
1703 4430 2101 4494 commutavit,

525 4526 739 4579 tametsi
772 4525 909 4579 alios
936 4523 1173 4576 habebat
1201 4523 1365 4586 ﬁlios,
1400 4523 1495 4576 sed
1526 4522 1670 4575 hunc
1699 4523 1876 4591 ipsum
1908 4523 2104 4576 obtulit

525 4619 661 4673 Deo.
711 4617 870 4670 Beata
932 4614 1166 4679 Nouna,
1219 4630 1345 4669 cum
1396 4614 1717 4685 Gregorium
1768 4614 2102 4683 'l'heologum

2196 3431 2381 3485 νεσθαι
2406 3432 2533 3501 περὶ
2561 3429 2713 3482 τοῦδε
2747 3427 2841 3479 τοῦ
2872 3426 3146 3495 δράματος
3166 3462 3181 3487 ,
3206 3424 3301 3476 καὶ
3332 3422 3459 3491 παρ’
3485 3418 3667 3472 αὐτῶν
3696 3417 3771 3480 ὡς

2198 3524 2651 3593 προφερεστέρων
2686 3519 2827 3573 κατά
2859 3517 3059 3586 γνῶσιν
3086 3517 3185 3586 τῆς
3206 3515 3362 3583 ἡμῶν
3397 3512 3768 3579 οὐθενότητος,

2153 3653 2165 3666 .
2197 3613 2496 3685 λαμϐάνειν
2537 3613 2634 3683 τὴν
2665 3612 2840 3672 λύσιν,
2871 3610 2965 3663 καὶ
3003 3610 3077 3679 μὴ
3113 3608 3349 3676 τοσούτῳ
3390 3609 3553 3675 μήκει
3582 3604 3774 3674 διῳκι-

2201 3708 2436 3777 σμένους
2488 3707 2635 3775 ἡμᾶς
2674 3708 2740 3773 τῇ
2788 3703 2936 3755 θέσει
2968 3701 3061 3754 τοῦ
3093 3702 3254 3754 τόπου
3298 3697 3776 3766 ἐπαναλαμϐάνειν

2200 3801 2281 3863 είς
2328 3800 2642 3870 ἀπόκρισιν.
2682 3797 2873 3866 Ὅμως
2916 3795 3100 3864 ἐπειδὴ
3152 3793 3435 3862 κέκρικας,
3482 3785 3565 3853 οἷς
3616 3794 3781 3844 πεπί-

2202 3910 2434 3955 στευκας
2463 3891 2713 3961 τρόποις”
2747 3887 2905 3941 τοῦτο
2940 3888 3005 3957 δὴ
3056 3887 3194 3957 μετά
3234 3884 3327 3937 τοῦ
3356 3882 3779 3951 θεοφιλεστάτου

2201 3984 2628 4056 ἀρχιεπισκόπου
2670 3982 2766 4037 καὶ
2815 3978 3042 4047 ἀδελφοῦ
3091 3974 3247 4049 ἡμῶν
3295 3976 3663 4029 συνέσκεπται
3706 3977 3783 4037 ὡς

2202 4075 2353 4145 παρά
2401 4074 2462 4127 τὸ
2507 4072 2624 4126 δέον
2663 4072 2725 4124 τὸ
2759 4074 3012 4141 πρᾶγμα,
3045 4069 3142 4121 καὶ⁹
3171 4067 3321 4138 ποιρά
3350 4065 3445 4136 τὴν
3479 4058 3652 4134 ὀρθῆν
3689 4067 3782 4117 πί-

2206 4159 2323 4220 στιν
2353 4166 2511 4237 [Cod.
2544 4165 2675 4231 Reg.
2709 4161 2936 4233 κρίσιν],
3016 4160 3112 4213 καὶ
3170 4158 3321 4229 παρά
3380 4156 3448 4211 τὰ
3490 4156 3548 4221 ἐξ
3583 4158 3782 4217 αἰῶνος

2205 4259 2643 4330 παραδείγματα.
2672 4255 2846 4308 Πάλαι
2878 4254 3045 4305 Ἀννα
3076 4253 3107 4321 ἡ
3141 4250 3382 4314 ἀοίδιμος
3414 4247 3503 4301 τὸν
3526 4247 3786 4316 Σαμουὴλ

2206 4352 2310 4422 πρὸ
2350 4353 2653 4418 γεννήσεως
2684 4345 3052 4415 ὑποσχομένη,
3089 4344 3186 4411 οὐχ
3216 4341 3484 4411 ὑπήλλαξε
3518 4339 3613 4391 τὸν
3646 4341 3783 4391 ὑπο-

2207 4442 2485 4511 σχεθέντα,
2520 4439 2613 4492 καί
2653 4456 2735 4490 τοι
2771 4438 2969 4506 ἔχουσα
3005 4435 3096 4487 καὶ
3124 4434 3345 4505 ἑτέρους
3392 4432 3609 4495 παῖδας,
3645 4432 3787 4484 ἀλλὰ

2204 4536 2391 4587 τοῦτον
2414 4534 2729 4602 προσήγαγε
2755 4530 2833 4598 τῷ
2864 4529 3002 4598 Θεῷ.
3035 4529 3210 4581 Νόννα
3245 4530 3278 4594 ἡ
3311 4526 3569 4595 μακαρία,
3601 4523 3790 4580 ὡσαύ-

2203 4641 2311 4687 τως
2348 4621 2691 4691 ὑποσχομένη
2742 4620 3041 4688 Γρηγόριον
3073 4619 3164 4670 τὸν
3198 4616 3474 4682 Θεολόγον,
3524 4615 3784 4668 ἀπέδωκε

526 4712 780 4766 similiter
814 4708 1190 4779 promisisset,
1237 4716 1424 4760 votum
1482 4722 1641 4761 suum
1694 4706 1800 4759 Deo
1846 4705 2087 4759 reddidit

2206 4714 2284 4785 τῷ
2317 4712 2435 4783 Θεῷ
2464 4713 2561 4780 τὴν
2591 4711 2756 4781 εὐχὴν
2778 4711 2967 4780 αὐτῆς.
3000 4711 3111 4761 Καὶ
3144 4708 3251 4777 μὴν
3274 4708 3301 4759 ὁ
3322 4707 3476 4775 ἅγιος
3506 4705 3788 4774 Εὐθὺμιος

528 4806 766 4857 Sanctus
795 4802 921 4855 item
953 4797 1313 4869 Euthymius,
1364 4797 1475 4853 Deo
1515 4814 1545 4851 a
1584 4797 1900 4866 parentibus
1944 4797 2104 4851 datus

528 4904 657 4948 ante
681 4894 1021 4947 nativitatem
1044 4930 1058 4955 ,
1096 4906 1201 4944 non
1234 4899 1319 4945 est
1347 4900 1535 4958 postea
1568 4899 1967 4945 commutatus.
1999 4888 2103 4955 Qui

530 4987 888 5041 admirabiles
933 4985 1091 5054 plane
1134 4985 1189 5037 in
1245 4984 1450 5038 mundo
1500 4984 1602 5038 visi
1646 4993 1822 5038 sunt:
1869 5000 2102 5053 quorum

532 5097 695 5135 causa
729 5090 782 5134 et
828 5088 1081 5147 parentes
1124 5078 1265 5132 beati
1298 5078 1570 5142 praédicati
1610 5087 1755 5131 sunt.
1792 5077 1910 5143 Quo
1942 5078 2107 5148 igitur

534 5183 693 5245 pacto
728 5188 848 5237 nos,
878 5173 962 5224 vir
986 5170 1323 5234 admirande,
1352 5180 1542 5224 contra
1575 5171 1687 5225 lucc
1718 5180 1938 5242 agentes
1961 5214 1975 5236 ,
2006 5187 2099 5225 ex-

532 5275 615 5319 tra
665 5263 1144 5334 reprehensionem
1192 5261 1443 5315 erimus?
1494 5277 1557 5315 ac
1605 5279 1709 5315 non
1763 5263 1941 5331 potius
1987 5278 2110 5330 per-

531 5359 761 5429 stringet
789 5372 891 5412 nos
918 5358 1111 5411 beatus
1156 5356 1351 5411 Petrus
1374 5398 1389 5422 ,
1425 5354 1623 5412 alicubi
1652 5357 1840 5411 dicens
1871 5376 1885 5412 :
1922 5354 2108 5409 Nonne

607 5538 653 5569 τι
683 5537 839 5591 Joan.
877 5553 929 5603 v,
968 5536 1057 5591 55.
1134 5538 1175 5568 ⁷⁷
1209 5534 1413 5591 Thren.
1449 5553 1531 5599 tv,
1565 5535 1613 5589 8.

2205 4804 2354 4867 δοτὺς
2388 4803 2463 4874 τῷ
2497 4802 2614 4872 Θεῷ
2640 4802 2789 4872 παρά
2816 4804 2925 4863 τοῖς
2956 4800 3170 4868 γονεῦσι
3200 4800 3304 4870 πρὸ
3330 4799 3661 4868 γεννήσεως,
3690 4800 3790 4850 καὶ

2206 4897 2267 4950 οὐ
2316 4895 2631 4966 διήλλακται
2680 4893 2818 4963 μετά
2850 4892 2946 4963 τὴν
2981 4893 3252 4961 γέννησιν.
3280 4888 3342 4943 Οἳ
3370 4891 3462 4942 καὶ
3500 4890 3694 4959 χρῆμά
3732 4907 3791 4941 τι

2206 4988 2518 5058 θαυμαστὸν
2545 4987 2623 5055 τῷ
2651 4986 2839 5055 κόσμῳ
2867 4984 3127 5055 ὤφθησαν
3149 5002 3161 5014 ·
3195 4984 3252 5050 ἐξ
3283 4976 3358 5036 ὧν
3390 4984 3483 5036 καὶ
3512 4984 3561 5035 οξ
3602 4984 3791 5047 τοκεῖς

2212 5079 2650 5150 μερακάρηνται.
2680 5077 2807 5138 Πῶς
2854 5077 2896 5127 δ’
2926 5076 2994 5129 ἂν
3040 5072 3132 5129 οὖν
3178 5077 3359 5146 ἡμεῖς,
3391 5068 3436 5127 ὦ
3471 5074 3792 5142 θαυμαστό-

2206 5187 2333 5223 τατε
2362 5167 2518 5239 [Cod.
2556 5165 2684 5237 Reg.
2724 5166 3110 5237 συνετώτατε],
3162 5167 3311 5237 παρὰ
3355 5164 3527 5216 ταῦτα
3568 5165 3793 5217 ποιοῦν-

2206 5280 2315 5325 τες,
2370 5262 2473 5327 ἔξω
2528 5260 2872 5331 ἐγκλήματος
2916 5260 3215 5330 πέσοιμεν;
3269 5260 3362 5311 καὶ
3400 5258 3520 5326 οὐχὶ
3580 5256 3791 5325 μᾶλλον

2208 5353 2501 5424 καθάψοιτο
2532 5353 2690 5423 ήμῶν
2719 5355 2747 5405 ὁ
2773 5352 3040 5423 μακάριος
3075 5352 3276 5420 Πέτρος
3301 5343 3403 5403 ὧδέ
3439 5366 3542 5401 που
3570 5350 3753 5417 λέγων
3774 5367 3787 5380 ·

2052 5688 2282 5747 NOTAE.

612 5786 695 5858 ("}
722 5790 1055 5857 Dogmattca.

2192 5787 2306 5859 (64)
2334 5787 2390 5842 ln
2424 5787 2544 5843 cod.
2572 5785 2703 5857 Reg.
2742 5783 2876 5856 pEO'.
