3934 6530
82 112 547 120 __—_______7

191 459 320 527 1541

1369 461 1488 521 ΕΡ]
1501 459 1907 520 STOLARUM
1963 458 2111 519 LIB.
2152 457 2238 519 II.

3304 460 3441 525 1542

180 575 324 643 Οὐχί
352 572 542 645 μένον
579 585 679 627 σοι
717 570 911 641 ἔμενε,
944 570 1041 626 καί
1071 571 1298 641 πραθὲν
1342 573 1413 626 ἐν
1444 571 1518 642 τῇ
1543 572 1629 642 σῇ
1652 572 1752 637 ἐξ·

1866 568 1954 623 tibi
1981 585 2197 622 manens
2221 566 2490 634 manebat,
2514 575 2566 622 et
2592 571 2967 624 venumdatum
2992 571 3047 624 in
3081 581 3171 625 tua
3200 586 3311 627 erat
3341 592 3440 644 po-

184 668 366 734 ουσίᾳ
402 664 676 734 ὑπῆρχε;
717 665 775 719 τί
804 664 895 719 ὅτι
919 662 1060 718 ἔθου
1086 664 1157 716 ἐν
1184 661 1259 732 τῇ
1289 662 1501 731 καρδίᾳ
1534 680 1650 718 σου
1688 665 1755 718 τὸ

182 756 424 827 πρᾶγμα
467 756 683 818 τοῦτο;
713 756 808 808 καὶ
834 754 894 806 τὸ
922 755 1049 823 ἑξῆς
1072 753 1355 824 δύσφημον
1396 753 1638 824 παρίημι
1666 754 1757 808 λέ-

181 867 305 918 γειν
324 891 341 915 ,
371 848 536 902 εἰδότι
552 847 948 917 διαλεγόμενος.
978 846 1090 899 Kal
1113 847 1223 916 γὰρ
1248 846 1387 899 ὲπὰν
1415 845 1596 901 ὁτιοῦν
1623 848 1759 901 ἀπο-

184 941 413 1012 ταχθείη
456 939 575 1011 Θεῷ
617 939 685 992 δι’
721 938 886 1009 εὐχῆς
938 937 1141 1005 αἰσίας,
1197 938 1277 1001 είς
1322 935 1508 1009 κοινὴν
1564 938 1758 1011 χρῆσιν

188 1032 521 1105 μεταφέρειν
550 1033 649 1084 οὐκ
683 1031 983 1086 ἀκίνδυνον.

258 1123 432 1192 Κοινὴ
463 1121 520 1174 δὲ
546 1120 744 1191 χρῆσίς
786 1120 932 1174 ἐστιν
973 1121 1006 1191 ἡ
1035 1120 1128 1175 τοῦ
1161 1120 1275 1190 βίου
1318 1120 1607 1192 ἐπιγαμία.
1647 1121 1758 1175 Kal

182 1213 377 1283 ὥσπερ
401 1215 430 1265 ὁ
462 1213 826 1282 ὑποσχόμενος
859 1213 1108 1283 μονάσαι,
1131 1214 1225 1266 καὶ
1247 1214 1338 1266 ἐπὶ
1365 1214 1540 1285 τούτῳ
1572 1214 1760 1281 κείμε-

166 1314 294 1367 νος,
328 1304 698 1372 ὑπονοστήσας
720 1302 810 1354 καὶ
836 1304 1020 1370 γήμας
1049 1301 1471 1373 κατακέκριται·
1501 1302 1644 1354 οὕτω
1666 1303 1758 1355 κα)⁹

174 1396 208 1447 ὁ
239 1393 609 1463 προελόμενος
640 1392 753 1446 υἱὸν
780 1392 812 1462 ἢ
845 1392 1119 1463 θυγατέρα
1149 1396 1438 1464 προσοῖσαι
1467 1392 1607 1464 Θεῷ,
1640 1390 1758 1447 εἶτα

180 1484 525 1556 μεταλλάξας
542 1526 555 1547 ,
582 1485 680 1555 τὴν
712 1484 878 1555 αὐτὴν
909 1486 1232 1556 κατάκρισιν
1259 1484 1394 1555 ἔχοι.
1419 1483 1575 1539 Οῦτω
1604 1484 1758 1537 νοοῦν

178 1594 307 1648 μεν,
360 1575 672 1645 σύγγνωθι·
719 1575 920 1647 καίπερ
950 1575 1228 1646 ἐφιέμενοι
1263 1576 1324 1628 τὸ
1353 1577 1758 1630 ἀναπαυστικόν

176 1686 299 1732 σου,
333 1668 432 1722 καὶ
464 1668 523 1721 τὸ
557 1668 686 1739 περὶ
731 1668 954 1723 σεαυτὸν
981 1668 1193 1740 εὐχθὲν,
1233 1669 1314 1731 είς
1353 1668 1513 1739 ἔργον
1547 1668 1758 1739 ἀποϐῆ-

176 1777 302 1815 ναι·
337 1760 455 1814 ἀλλ’
494 1761 555 1813 οὐ
590 1761 659 1814 δι’
695 1759 912 1832 ἐντολὴν
947 1762 1133 1832 ἐντολὴ
1166 1760 1591 1831 παραϐαίνοιτο’
1636 1762 1757 1815 οὐδὲ

175 1854 270 1908 διὰ
306 1854 374 1907 τὸ
411 1853 642 1924 θατέρου
679 1853 1037 1924 σωτηριῶδες,
1083 1854 1145 1907 τὸ
1182 1852 1411 1924 θατέρου
1467 1852 1757 1925 ἐπιζήμιον

176 1944 541 2015 θεραπεύοιτο
596 1944 757 2018 [ϐοά.
788 1944 921 2015 Reg.
944 1945 1433 2019 πραγματεύοιτο]’
1460 1946 1533 2010 ὡς
1558 1948 1607 2001 οί
1638 1947 1758 2001 θεο-

174 2040 341 2109 φόροι
395 2038 637 2108 Πατέρες
693 2038 1059 2109 ἀπεφήναντο.
1117 2038 1226 2093 Καὶ
1286 2039 1459 2093 ταῦτα
1514 2040 1613 2110 μὲν
1667 2041 1761 2094 ἐπὶ

173 2130 458 2183 τοσοῦτον.
499 2131 566 2185 Ἠ
600 2130 656 2185 δὲ
692 2130 850 2202 τρίτη
902 2130 1123 2203 ὲπιὸολὴ
1165 2130 1259 2185 τοῦ
1301 2131 1480 2200 λόγου,
1524 2132 1606 2185 ὄτι
1652 2132 1760 2186 εἰσί

171 2239 325 2286 τινες
358 2224 585 2293 μοναχοὶ
616 2223 691 2286 ὡς
720 2223 780 2277 τὸ
813 2224 989 2276 δοκεῖν
1019 2223 1118 2293 τῆς
1150 2223 1315 2294 ὀρθῆς
1359 2223 1595 2288 πίστεως
1632 2225 1761 2278 ἀντ-

171 2323 459 2387 εχόμενοι,
486 2318 580 2370 καὶ
613 2316 841 2380 πολλοὺς
868 2316 1139 2387 διωγμοὺς
1170 2316 1309 2385 ὑπὲρ
1336 2317 1592 2387 ἀληθείας
1628 2318 1760 2372 ὐπο-

176 2409 561 2478 μεμενηκότες
586 2449 600 2474 ,
637 2407 1202 2477 συναναστρεφόμενοι
1231 2407 1288 2461 δὲ
1308 2410 1479 2478 ὅμως,
1513 2411 1608 2463 καὶ
1630 2428 1758 2464 συν-

170 2498 455 2560 εσθίοντες
483 2500 593 2561 τοῖς
622 2499 936 2568 αἰρετικοίς,
964 2499 1055 2550 καὶ
1087 2498 1634 2566 συγκαταϐαίνοντες,
1662 2502 1759 2554 καὶ

172 2592 475 2659 ἀδιάφορον
502 2592 563 2642 τὸ
595 2591 826 2660 πρᾶγμα
872 2590 1128 2660 οἰόμενοι,
1158 2590 1235 2655 ὼς
1271 2593 1421 2663 παρά
1448 2610 1557 2647 τινι
1586 2595 1759 2665 Πατρὶ

171 2681 686 2752 νενομοθετημένοι,
730 2683 857 2752 τρία
884 2681 1060 2737 ταῦτα
1096 2683 1469 2752 φυλάξασθαι·
1503 2687 1577 2757 μὴ
1603 2687 1759 2741 εὐλο-

172 2778 396 2843 γεῖσθαι
447 2774 553 2827 ὑπὸ
588 2775 695 2827 τῶν
721 2776 1101 2846 αἱρετιζόντων
1126 2794 1141 2809 ·
1178 2776 1251 2847 μὴ
1285 2778 1620 2847 συμψάλλειν
1661 2780 1759 2832 αὐ-

172 2867 290 2927 τοῖς
318 2865 749 2934 προαρχομένοις
778 2881 794 2896 ·
820 2868 915 2917 καὶ
942 2865 1001 2917 τὸ
1026 2865 1330 2935 ἀπέχεσθαι
1353 2867 1452 2935 τῆς
1477 2869 1759 2932 κοινωνίας

171 2955 269 3007 τοῦ
297 2956 469 3026 ἄρτου
499 2954 696 3009 αὐτῶν.
736 2956 892 3028 Παρὰ
919 2956 987 3010 τὰ
1015 2957 1412 3028 διατεταγμένα
1442 2960 1554 3022 τοῖς
1583 2960 1759 3027 ἁγίοις

171 3049 429 3119 Πατρᾶσι
458 3049 521 3101 τὸ
545 3048 857 3118 λεγόμενον.
885 3047 1024 3102 Οῦτε
1052 3049 1159 3120 γὰρ
1201 3051 1755 3121 συναναστρέφεσθαι,

170 3141 303 3195 οὔτε
353 3140 678 3204 συνεσθίειν,
715 3139 837 3193 οὔτε
878 3140 1235 3209 συμψάλλειν,
1271 3139 1385 3191 οὗθ’
1430 3141 1568 3203 ὅλως
1615 3141 1757 3211 ἔχειν

168 3232 298 3280 τινὰ
319 3226 609 3280 κοινωνίαν
640 3228 775 3298 πρὸς
807 3228 1006 3289 αὐτοὺς
1040 3227 1425 3298 καταδέχονται
1445 3244 1459 3257 ·
1490 3229 1627 3282 ἀλλὰ
1662 3231 1756 3284 καὶ

1856 660 2091 714 testate?
2125 658 2303 724 Quare
2340 660 2563 728 posuisti
2602 660 2658 713 in
2701 660 2857 715 corde
2893 672 2983 716 tuo
3011 663 3149 716 hanc
3190 680 3298 717 rem
3345 664 3389 695 ⁷⁸
3418 666 3444 719 2

1857 751 1925 807 Et
1967 751 2115 822 quod
2162 751 2412 821 sequitur
2456 753 2586 805 mali
2626 753 2828 808 ominis
2867 756 3272 823 praetermitto:
3312 772 3441 812 cum

1856 844 2051 899 scienti
2086 844 2302 914 loquar.
2346 842 2643 897 Enimvero
2676 843 2768 898 ubi
2811 845 3096 915 quidpiam
3135 847 3246 904 Deo
3276 848 3445 904 fuerit

1857 935 2006 991 felici
2034 944 2161 990 voto
2184 936 2503 1007 sepositum,
2534 935 2586 989 in
2610 949 2961 992 communem
2988 952 3150 994 usum
3174 939 3229 996 id
3260 950 3443 997 trans-

1859 1025 2004 1082 ferre
2026 1067 2040 1093 ,
2075 1028 2335 1098 periculo
2365 1043 2476 1083 non
2506 1037 2685 1083 vacat.

1928 1120 2247 1176 Communis
2280 1129 2460 1175 autem
2494 1136 2627 1176 usus
2659 1130 2740 1175 est
2770 1121 3033 1178 saeculare
3057 1123 3393 1179 connubium
3423 1141 3438 1177 ε

1856 1224 1909 1267 et
1937 1212 2396 1282 quemadmodum
2446 1216 2539 1282 qui
2574 1216 2932 1270 monasticam
2971 1216 3136 1270 vitam
3162 1217 3440 1286 promisit,

1856 1318 2089 1372 eamque
2133 1302 2368 1359 adorsus
2425 1316 2529 1367 est,
2563 1306 2608 1360 si
2654 1308 2964 1362 retrocedat
3019 1318 3076 1362 et
3125 1309 3439 1379 conjugiqu

1858 1394 2026 1459 ineat,
2079 1393 2474 1449 condemnatur
2509 1414 2521 1449 :
2553 1396 2634 1449 sic
2684 1404 2739 1450 et
2787 1401 2881 1466 qui
2912 1398 3084 1452 tilium
3131 1408 3227 1453 aut
3272 1400 3440 1454 tiliam

1859 1484 2058 1541 offerre
2113 1484 2225 1541 Deo
2268 1487 2528 1551 instituit,
2570 1488 2616 1542 si
2672 1500 2861 1558 postea
2901 1502 3097 1556 mutet,
3150 1493 3205 1546 in
3250 1495 3439 1547 eadem

1858 1577 1962 1632 erit
1983 1577 2457 1632 condemnatione.
2478 1578 2568 1633 Sic
2588 1579 2874 1647 sentimus,
2908 1581 3159 1651 ignosce;
3187 1584 3443 1652 quamvis

1858 1682 1924 1722 ea
1966 1666 2149 1723 dicere
2190 1669 2391 1738 quibus
2421 1671 2743 1740 acquiescas
2778 1675 3089 1743 cupiamus,
3125 1686 3180 1729 et
3212 1676 3263 1731 id
3296 1677 3445 1746 quod

1859 1770 2017 1830 optas
2069 1761 2165 1816 tibi
2194 1777 2261 1817 ex
2293 1765 2563 1818 sententia
2597 1765 2927 1833 succedere;
2981 1783 3090 1822 non
3127 1778 3212 1824 est
3263 1779 3444 1823 tamen

1860 1864 2190 1924 praeceptum
2227 1857 2480 1927 praecepti
2535 1872 2703 1913 causa
2753 1859 3105 1927 violandum;
3138 1876 3239 1915 nec
3272 1877 3338 1915 ex
3378 1875 3446 1916 eo

1858 1947 2004 2016 quod
2037 1948 2278 2004 salutare
2304 1961 2387 2004 est
2435 1949 2609 2018 alteri,
2642 1953 2942 2017 curabitur;
2975 1952 3121 2023 quod
3175 1954 3327 2008 alteri
3361 1958 3447 2010 est

1858 2040 2106 2105 noxium,
2156 2039 2303 2095 sicut
2342 2040 2512 2095 divini
2537 2042 2727 2099 Patres
2757 2045 3088 2099 docuerunt.
3122 2045 3202 2101 Ac
3252 2047 3319 2101 de
3358 2048 3445 2102 his

1858 2131 2076 2201 quidem
2096 2132 2204 2186 huc
2240 2148 2436 2203 usque.
2468 2132 2718 2192 Tertium
2747 2137 2991 2206 epistolae
3021 2147 3183 2207 caput
3224 2138 3291 2192 de
3323 2155 3443 2194 mo-

1858 2223 2048 2277 nachis
2075 2224 2536 2296 quibusdam,qui
2567 2238 2770 2282 rectam
2808 2229 2970 2284 tidem
2995 2232 3133 2285 tueri
3164 2232 3445 2302 videntur,

1857 2321 1912 2366 et
1939 2312 2139 2366 multas
2170 2315 2578 2382 persecutiones
2602 2331 2697 2383 pro
2719 2316 2943 2370 veritate
2965 2317 3289 2385 pertulisse;
3313 2333 3430 2373 cons

1858 2411 2150 2457 versantur
2176 2413 2354 2459 tamen
2386 2417 2440 2459 et
2469 2418 2868 2462 convescuntur
2900 2425 3026 2464 cum
3064 2410 3355 2475 haereticis,
3388 2419 3447 2466 et

1859 2496 2327 2563 condescendunt,
2363 2513 2462 2566 pro
2490 2514 2549 2554 re
2580 2500 2911 2557 inilitl‘erenti
2973 2504 3235 2560 habentes
3266 2502 3445 2576 (quasi

1859 2584 2000 2641 hanc
2054 2602 2085 2641 a
2133 2586 2295 2643 Patre
2339 2590 2521 2659 aliquo
2575 2590 2747 2660 legem
2805 2594 3147 2663 acceperint)
3180 2596 3283 2650 tria
3332 2597 3448 2652 haec

1857 2693 2089 2745 cavere,
2145 2678 2396 2735 videlicet
2447 2698 2516 2736 ne
2560 2682 2995 2738 benedictionem
3059 2685 3130 2740 ab
3177 2676 3449 2749 haereticis

1858 2772 2148 2840 accipiant,
2192 2787 2262 2827 ne
2305 2788 2431 2828 cum
2466 2774 2575 2829 illis
2617 2776 2854 2844 psallunt
2880 2777 3275 2846 praeeuntibus,
3302 2788 3356 2832 et
3389 2786 3449 2834 ut

1859 2877 1888 2915 a
1918 2863 2078 2931 panis
2100 2863 2344 2929 ipsorum
2376 2867 2763 2921 communione
2797 2867 3127 2923 abstineant.
3152 2868 3198 2921 A
3227 2880 3449 2926 sancto-

1858 2970 1981 3006 rum
2054 2953 2281 3010 Patrum
2342 2955 2844 3014 Constitutionibus
2903 2958 3078 3015 aliena
3147 2972 3275 3015 sunt
3324 2978 3450 3032 quae

1859 3045 2067 3100 dicunt.
2104 3045 2241 3102 Nam
2274 3063 2451 3118 neque
2475 3050 2813 3116 conversari,
2836 3066 3013 3121 neque
3038 3053 3314 3117 convesci,
3348 3068 3447 3107 ne-

1858 3149 1966 3204 que
1994 3151 2103 3190 una
2135 3136 2385 3203 psallere,
2417 3154 2592 3207 neque
2648 3140 2815 3195 ullam
2858 3142 3084 3197 omnino
3133 3145 3449 3197 communi-

1860 3228 2133 3281 cationem
2186 3228 2386 3283 habere
2427 3231 2753 3298 permittunt
2784 3248 2799 3288 :
2837 3234 2969 3302 quin
2997 3242 3050 3288 et
3084 3250 3161 3288 va:
3210 3250 3453 3304 pronun-

169 3320 233 3371 τὸ
266 3320 393 3371 οὐαὶ
418 3319 843 3387 ἐπιφθέγγονται
872 3321 984 3383 τοῖς
1017 3318 1177 3390 μέχρι
1201 3317 1511 3388 βρώματος,
1540 3320 1635 3373 καὶ
1659 3321 1758 3375 πό-

1866 3321 1996 3374 tiaut
2025 3320 2076 3373 in
2106 3336 2200 3374 eos
2229 3322 2322 3389 qui
2352 3322 2437 3376 vel
2466 3322 2521 3376 in
2549 3323 2694 3387 cibo,
2722 3324 2808 3378 vel
2844 3325 2897 3378 in
2941 3335 3093 3395 potu,
3121 3327 3204 3382 vel
3240 3326 3441 3383 ati'ectu

174 3430 372 3481 ματος,
402 3412 499 3465 καὶ
522 3412 757 3481 σχέσεως
789 3412 1136 3466 κοινωνοῦσιν
1162 3410 1363 3474 αὐτοῖς.
1392 3412 1555 3464 Ὥστε
1592 3412 1759 3483 ὲκκή-

172 3520 380 3572 ρυκτος
406 3507 500 3555 καὶ
532 3502 1099 3574 ἅλλοτριοδιδάσκαλος
1122 3502 1151 3555 ὁ
1177 3503 1361 3556 ἐκεῖνα
1386 3502 1589 3572 λέγων,
1612 3504 1760 3566 ὅστις

169 3596 244 3651 ἂν
270 3597 359 3667 εἴη
386 3598 447 3651 ὲν
472 3595 802 3667 ἀνθρώποις.

427 3710 593 3765 ΡΟΓ’.
619 3737 691 3750 ——
713 3707 1019 3777 Γρηγοριῳ
1046 3705 1270 3771 ὑπάτῳ.
1307 3703 1501 3779 [ψκη’.]

1862 3427 1984 3465 cum
2016 3411 2121 3466 illis
2148 3413 2577 3469 communicant.
2607 3414 2790 3482 Quare
2833 3417 3145 3484 damnatus,
3176 3429 3230 3475 et
3259 3421 3451 3477 alienae

1863 3503 2128 3557 doctrinae
2152 3504 2410 3576 magister
2437 3515 2521 3562 est
2553 3508 2647 3577 qui
2676 3508 2792 3564 haec
2811 3508 2965 3577 dicit,
2993 3511 3249 3583 quisquis
3272 3512 3362 3569 ille
3383 3514 3455 3569 sit

1865 3595 2201 3650 mortalium.

2146 3705 2428 3762 CLXXIII.
2461 3738 2535 3751 —-
2561 3707 2811 3781 Gregorio
2839 3712 3049 3767 consuli
3064 3713 3162 3784 (³⁸).

762 3844 819 3894 In
842 3842 968 3893 illud
991 3841 1255 3907 Apostoli:
1286 3842 1351 3893 In
1375 3842 1485 3907 ipso
1516 3840 1751 3894 inhabitat
1768 3838 1929 3892 omnis
1950 3839 2200 3904 plenitudo
2229 3840 2499 3895 divinitatis
2531 3849 2874 3909 corporaliter.

258 3979 526 4050 Ἐζημίου
553 3979 700 4049 ἡμᾶς
728 3979 888 4051 μέχρι
915 3978 1008 4033 τοῦ
1039 3979 1197 4052 δεῦρο
1221 3981 1254 4051 ὴ
1283 3980 1533 4051 τιμιότης
1562 3998 1655 4034 σου
1685 3980 1759 4051 μὴ

166 4073 564 4128 ὲπιστείλασαο
597 4072 801 4143 καίπερ
845 4072 1233 4126 ὲπιστὲλλουσα
1264 4072 1444 4133 καλῶς
1464 4088 1478 4102 ’
1510 4073 1585 4136 ὡς
1623 4072 1761 4127 αὐτὰ

164 4166 243 4220 τὰ
275 4165 584 4235 γράμματα
608 4162 777 4234 δηλοῖ.
816 4161 934 4233 Ἐφ’
963 4159 1043 4228 οἷς
1087 4165 1193 4236 καὶ.
1212 4162 1557 4235 ἐπῃνέσαμεν
1589 4165 1759 4234 αὐτῆς

164 4261 234 4314 οὐ
278 4261 445 4331 μόνον
496 4258 558 4313 τὸ
584 4260 842 4330 εὐμαθὲς,
892 4260 1029 4316 ἀλλὰ
1072 4263 1167 4316 καὶ
1210 4261 1269 4315 τὺ
1302 4260 1381 4314 ἐτι
1423 4261 1756 4333 φιλομαθές·

165 4354 514 4424 γλιχομένης
555 4353 803 4414 παιδείας
845 4354 1183 4426 ὑψηλοτέρας
1233 4355 1553 4425 μετασχείν’
1597 4349 1667 4427 ἦς
1703 4352 1765 4406 τὸ

166 4444 439 4510 πυκτίον,
485 4445 668 4508 καθὼς
703 4447 1059 4517 ἐπεζήτησεν,
1093 4446 1288 4517 ἔχομεν
1321 4447 1439 4517 μὲν,
1468 4450 1527 4498 οὐ
1574 4446 1680 4517 μὴν
1718 4445 1764 4498 δ’

164 4536 445 4590 ἐνταῦθα.
482 4536 607 4589 Ἐὰν
633 4533 692 4589 δὲ
736 4538 975 4608 συμϐαίη
1007 4539 1300 4608 ἀφικέσθαι
1346 4542 1405 4592 ὲν
1437 4540 1548 4599 τοῖς
1579 4537 1766 4591 αὐτόθι

165 4628 266 4680 τὸν
297 4626 703 4697 παροικονόμον
748 4626 926 4694 ἡμῶν,
966 4626 1147 4678 λαϐὼν
1176 4626 1233 4692 ἐξ
1262 4619 1434 4696 οῦπερ
1474 4624 1765 4693 τεταμίευ-

1939 3978 2147 4032 Damno
2195 3980 2373 4035 aliecit
2414 3997 2515 4036 nos
2570 3982 2840 4036 hactenus
2885 3981 3451 4052 honoriﬁcentiatua,

1865 4071 2002 4125 nihil
2036 4072 2281 4126 scribens
2308 4073 2633 4137 litterarum,
2668 4073 2923 4141 quamvis
2962 4075 3177 4142 egregie
3223 4075 3454 4139 scribat.

1866 4169 1926 4213 ut
1971 4161 2162 4216 littera:
2202 4161 2333 4231 ipsa:
2361 4162 2764 4218 demonstrant.
2796 4162 2849 4216 In
2884 4164 3085 4233 quibus
3114 4165 3456 4220 laudavimus

1865 4249 1983 4318 ejus
2037 4264 2149 4303 non
2195 4251 2372 4303 solum
2404 4251 2764 4315 docilitatem,
2797 4251 2888 4304 sed
2916 4262 3179 4320 praeterea
3208 4254 3455 4308 discendi

1865 4356 2086 4410 quoque
2138 4341 2403 4407 studium,
2443 4352 2502 4396 ut
2546 4357 2667 4411 quae
2718 4341 3094 4396 sublimiorem
3146 4344 3455 4398 doctrinam

1865 4432 2099 4501 adipisci
2119 4432 2303 4501 cupiat
2330 4450 2345 4487 :
2375 4433 2531 4501 cujus
2564 4434 2804 4487 codicem
2834 4450 2996 4503 quem
3030 4438 3259 4503 expetis,
3286 4435 3456 4489 hahe-

1868 4540 1991 4579 mus
2045 4526 2291 4594 quidem,
2321 4541 2431 4579 non
2486 4534 2667 4580 tamen
2720 4528 2821 4580 hoc
2857 4527 2910 4580 in
2946 4528 3086 4581 loco.
3118 4528 3299 4593 Quare
3328 4544 3452 4582 cum

1870 4632 2315 4686 parmconomum
2368 4627 2614 4672 nostrum
2685 4634 2750 4672 eo
2812 4620 3088 4688 proﬁcisci
3143 4622 3454 4691 continget,

165 4737 265 4772 ται
294 4718 469 4773 τόπου
497 4717 813 4771 ὲπιδὼσειεν
840 4718 993 4772 αὑτό.
1020 4717 1173 4789 Καλὴ
1197 4718 1252 4770 δὲ
1277 4718 1311 4788 ἡ
1338 4716 1576 4777 παιδεία,
1611 4715 1655 4769 ὧ
1681 4716 1761 4768 δέ·

1872 4707 1995 4760 inde
2028 4708 2115 4761 ubi
2157 4708 2412 4763 conditus
2441 4720 2525 4763 est
2556 4709 2797 4762 ablatum
2835 4711 3009 4764 tradet
3042 4711 3158 4764 tibi.
3186 4711 3332 4764 Bona
3367 4727 3455 4766 res

168 4828 385 4874 σποτα,
410 4810 518 4872 ἕως
544 4808 611 4864 ἂν
638 4810 896 4880 συνεργὸς
922 4811 1006 4881 εἴη
1033 4810 1169 4881 πρὸς
1196 4809 1293 4880 τὴν
1322 4809 1491 4872 ὅντως
1511 4807 1768 4877 ἀληθινὴν

169 4899 441 4951 παιδείαν
466 4938 480 4963 ,
508 4897 643 4950 ἀλλὰ
681 4897 759 4969 μὴ
805 4898 1240 4970 κορυϐαντιῶσα,
1271 4898 1627 4961 ἀπαιδεύτους
1653 4898 1769 4950 δια-

167 4988 415 5061 ὂεικνὺῃ
455 4988 584 5051 τοὺς
626 4988 885 5058 μετόχους
931 4989 1121 5058 αὐτῆς.
1164 4989 1270 5043 Τοῦ
1306 4990 1361 5042 δὲ
1410 4984 1767 5042 ἀποστολικοῦ

170 5082 359 5151 ῥητοῦ
408 5082 443 5150 η
492 5079 707 5133 ἔννοιαο
741 5081 873 5133 Ὅτι
919 5089 989 5134 ἐν
1027 5080 1188 5145 αὐτῷ
1235 5081 1501 5137 κατοικεῖ
1537 5081 1661 5136 πᾶν
1702 5079 1768 5132 τὸ

168 5171 488 5237 πλήρωμα
512 5167 621 5235 τῆς
647 5169 924 5236 θεότητος
954 5169 1327 5240 σωματὶκῶς·
1365 5170 1534 5233 οὕτως
1570 5187 1659 5239 μοι
1689 5170 1771 5222 δο-
1802 5244 1804 5247 λ

172 5264 268 5313 κεῖ
314 5259 508 5328 ἔχειν*
550 5258 832 5312 τουτέστιν
881 5260 963 5313 ὅτι
1023 5261 1081 5313 ὲν
1128 5261 1194 5330 τῇ
1252 5259 1660 5330 προσληφθείσῃ
1707 5259 1770 5310 ὲκ

176 5354 478 5423 Παρθένου
509 5352 674 5424 σαρκὶ
695 5351 791 5405 τοῦ
826 5354 1024 5420 Λόγου,
1053 5355 1171 5424 ἤτοι
1210 5355 1268 5406 ὲν
1290 5353 1365 5421 τῷ
1393 5354 1526 5425 ναῷ,
1559 5347 1602 5421 ᾧ
1631 5354 1771 5424 ᾠκο-

176 5446 436 5516 δόμησεν
466 5444 669 5515 ἐαυτῷ,
702 5448 945 5499 κατοικεῖ
972 5448 1081 5499 πᾶν
1122 5446 1181 5499 τὸ
1212 5445 1486 5517 πλήρωμα
1519 5446 1617 5515 τῆς
1657 5445 1774 5497 θεό-

177 5552 386 5607 τητοςο
416 5539 527 5588 πᾶν
542 5536 602 5588 τὸ
634 5537 910 5607 πλήρωμά
933 5554 1116 5607 φησιν,
1150 5539 1210 5590 οὐ
1243 5538 1407 5609 μέρος
1427 5557 1478 5591 τι
1510 5538 1652 5591 καθὰ
1680 5555 1776 5590 πε-

182 5630 468 5701 φρόνηται
504 5630 617 5688 τοῖς
650 5629 747 5697 τὴν
790 5629 967 5697 ἀμερῆ
1002 5629 1281 5701 μερίζουσι
1324 5629 1570 5699 θεότητα.
1606 5629 1677 5681 Τὸ
1720 5629 1777 5681 δὲ

184 5718 560 5791 σωματικῶς,
596 5719 761 5788 ἧγουν
788 5719 1059 5783 οὐσιωδῶς
1079 5737 1092 5749 ·
1146 5721 1288 5774 οὕτω
1321 5724 1429 5792 γὰρ
1463 5720 1778 5792 ὲξείληπται

266 5897 321 5928 ’⁸
360 5894 491 5950 Act.
528 5910 582 5962 ν,
615 5895 697 5951 4.‘
744 5898 788 5931 "
818 5896 1028 5955 Coloss.
1064 5914 1127 5963 ιι,
1165 5898 1219 5955 9.

1873 4812 1957 4855 est
2002 4800 2263 4865 eruditio,
2293 4800 2531 4865 domine,
2564 4811 2832 4870 quatenus
2877 4800 3127 4855 conferre
3170 4811 3351 4871 potest
3382 4803 3450 4855 ad

1874 4909 2019 4958 eam,
2061 4908 2182 4962 qua:
2234 4908 2360 4946 vera
2411 4908 2637 4961 prorsus
2696 4902 2801 4953 est,
2838 4891 3143 4946 doctrinam
3193 4910 3206 4945 :
3251 4895 3345 4948 sed
3386 4910 3457 4951 ne

1874 4987 2243 5056 Corybantum
2283 5002 2435 5039 more
2484 4984 2764 5038 insaniens
2791 4984 3069 5053 imperitos
3119 4986 3307 5040 reddat
3332 4986 3455 5041 illos

1873 5082 1965 5150 qui
2000 5082 2099 5134 hac
2130 5077 2321 5133 imbuti
2354 5077 2483 5130 sint.
2513 5077 2810 5142 Apostolici
2849 5091 3011 5145 porro
3045 5077 3173 5130 dicti
3204 5092 3402 5134 sensus
3436 5098 3450 5132 :

1872 5174 2013 5237 Quia
2056 5172 2113 5224 in
2152 5172 2263 5238 ipso
2314 5170 2573 5222 inhabitat
2618 5171 2788 5223 omnis
2834 5170 3107 5239 plenitudo
3156 5170 3452 5225 divinitatis

1870 5263 2211 5332 corporaliter
2228 5264 2272 5293 ⁷⁹
2294 5304 2308 5327 ,
2332 5262 2418 5315 hic
2441 5276 2565 5315 esse
2592 5261 2719 5314 mihi
2743 5262 2976 5325 videtur,
3003 5262 3285 5328 nimirum,
3306 5266 3451 5332 quod

1870 5356 1922 5407 in
1966 5368 2130 5408 carne
2165 5350 2345 5415 Verbi,
2378 5367 2541 5421 quam
2592 5352 2655 5405 de
2690 5348 2909 5420 Virgine
2954 5353 3291 5420 assumpsit,
3342 5355 3455 5407 sive

1884 5448 1935 5499 in
1990 5445 2188 5514 templo
2239 5444 2380 5513 quod
2445 5443 2546 5497 sibi
2592 5442 2901 5506 exstruxit,
2952 5443 3215 5497 inhabitet
3274 5446 3455 5499 omnis

1882 5538 2159 5607 plenitudo
2220 5536 2547 5589 divinitatis.
2594 5533 2821 5587 Omnem
2874 5534 3263 5602 plenitudinem
3296 5536 3450 5598 dicit,

1884 5647 1994 5685 non
2038 5638 2247 5699 partem
2277 5629 2539 5698 aliquam,
2576 5635 2739 5695 prout
2772 5627 2805 5679 ii
2836 5636 3128 5682 senserunt
3160 5627 3251 5696 qui
3282 5627 3454 5696 parti-

1884 5721 1986 5777 bus
2051 5729 2325 5775 carentem
2375 5719 2625 5775 dividunt
2679 5718 3036 5774 divinitatem.
3092 5718 3453 5787 Corporaliier

1960 5899 2029 5969 (⁸)
2066 5898 2395 5972 Dogmatica.
