3934 6464
516 336 660 400 1543

1699 342 1758 404 S.
1795 343 2183 404 THEODORI
2224 344 2570 406 εΤυῡΙΤΑι

3630 341 3759 408 1544

513 467 666 514 vero,
709 451 759 504 id
806 460 891 504 est
932 450 1396 518 substantialiter;
1443 453 1524 510 sic
1570 456 1716 510 enim
1765 469 2095 528 acceperunt

2209 460 2306 522 τοῖς
2360 460 2609 531 Πατράσι
2642 461 2786 514 κατά
2823 457 3096 513 ἀντίθεσιν
3125 459 3230 511 τῶν
3260 459 3524 530 σχετικῶς
3558 461 3762 529 φληνα-

516 543 702 599 l’atres
733 544 993 599 adversus
1020 559 1114 599 eos
1141 547 1233 616 qui
1266 546 1460 602 affectu
1490 547 1634 602 uniri
1661 549 1927 618 garriunt.
1963 551 2091 606 Tale

514 645 598 691 est
645 642 700 688 et
750 635 878 689 illud
917 655 930 690 :
977 634 1198 689 Verbum
1229 654 1355 691 caro
1386 638 1588 707 factum
1622 650 1697 693 est
1741 651 1792 695 et
1836 643 2092 696 habitavit

515 730 570 782 in
598 728 745 781 nobis
760 729 827 782 ⁸ο.
855 727 1014 791 Nam,
1044 745 1111 783 ne
1146 731 1463 797 Opinaretur
1489 734 1760 802 quispiam
1791 733 1844 787 in
1869 749 2089 789 carnem

516 834 844 874 conversum
895 835 1016 874 esse
1056 819 1290 875 Verbum
1319 863 1333 886 ,
1371 823 1568 891 adjecit
1599 842 1611 877 :
1645 823 1711 878 Et
1744 823 2002 879 habitavit
2038 826 2092 880 in

517 907 686 962 nobis.
739 908 1092 978 Perspicuum
1144 925 1229 966 est
1278 923 1456 968 autem
1518 914 1665 968 aliud
1699 931 1821 970 esse
1851 917 1996 985 quod
2039 917 2093 971 in

517 1000 872 1054 tabernaculo
923 1001 1150 1065 habitat,
1182 1011 1235 1055 et
1269 1002 1416 1056 aliud
1454 1004 1866 1058 tabernaculum
1911 1006 1961 1058 in
1987 1020 2095 1074 quo

520 1091 819 1144 habitantis
851 1101 932 1144 est
968 1090 1230 1145 habitatio
1263 1109 1276 1146 :
1311 1102 1371 1147 ut
1414 1093 1579 1147 simul
1607 1094 1716 1148 duo
1745 1095 1855 1148 sint
1900 1094 1953 1147 in
1989 1110 2095 1148 una

519 1194 750 1247 persona
799 1179 1025 1243 Christi,
1081 1179 1336 1234 divinitas
1383 1192 1436 1235 et
1481 1182 1816 1237 humanitas.
1861 1181 2014 1248 Quod
2049 1184 2095 1238 si

2193 550 2454 619 φθύντων.
2483 549 2737 605 Τοιοῦτόν
2759 551 2876 603 ὲστι
2899 548 2995 602 καὶ
3023 551 3104 613 τὸ,
3142 554 3203 604 '0
3232 552 3421 618 Λόγος
3446 550 3608 618 σὰρξ
3635 551 3760 618 ἐγέ-

2191 660 2353 707 νετο,
2390 643 2489 697 καί
2517 642 2874 708 ἐσκήνωσεν
2906 642 2975 694 ἐν
3005 641 3168 709 ἡμῖν.
3202 643 3320 694 Ἵνα
3347 642 3458 710 γὰρ
3486 642 3565 712 μὴ
3596 640 3764 706 δόξειέ

2189 750 2275 798 τις
2305 734 2403 801 [είς
2439 735 2615 805 σάρκα
2647 732 2948 805 τετράφθαι
2989 731 3082 785 τὸν
3117 731 3310 801 Λόγον,
3347 733 3617 802 ἐπήγαγε,
3668 735 3763 784 καί

2193 827 2547 894 ἐσκήνωσεν
2578 827 2646 881 ἐν
2685 825 2848 894 ἡμῖν.
2879 824 3046 893 Δῆλον
3069 824 3124 877 δὲ
3153 824 3234 877 ὃτι
3259 824 3386 878 ἀλλο
3422 826 3483 876 τὸ
3513 821 3760 888 σκηνοῦν,

2193 919 2286 974 καὶ
2313 919 2439 972 ἄλλο
2462 917 2522 971 τό
2551 920 2814 988 σκήνωμα
2862 919 2918 970 ὲν
2951 911 2996 984 ᾧ
3023 918 3058 988 ἠ
3083 918 3352 987 σκήνωσις
3380 914 3474 968 τοῦ
3502 914 3762 985 σκηνοῦν-

2193 1027 2312 1073 τος-⁸
2346 1009 2476 1063 ὥσθ’
2505 1010 2619 1080 ἅμα
2653 1011 2750 1080 μὲν
2779 1005 2917 1062 εἶναι
2949 1008 3017 1062 τά
3043 1009 3157 1071 δύο,
3187 1009 3419 1076 θεότητα
3448 1009 3546 1060 καὶ
3568 1007 3768 1078 ἀνθρω·

2197 1102 2423 1173 πότητα,
2450 1105 2507 1157 ἐν
2535 1103 2611 1173 τῷ
2637 1104 2717 1155 ἑνὶ
2741 1104 3016 1175 προσώπῳ
3041 1101 3300 1173 Χριστοῦ.
3339 1103 3401 1155 Εἰ
3424 1102 3481 1155 δέ
3516 1119 3599 1155 σοι
3626 1097 3769 1155 δοκεῖ

2195 1192 2368 1258 ἄλλως
2395 1194 2558 1264 ἔχειν,
2593 1195 2691 1264 τῆς
2723 1195 3093 1268 ὀπτικωτέρας
3121 1193 3216 1247 καὶ
3246 1192 3617 1264 ἀληθεστέρας
3641 1191 3770 1244 θεω-

522 1271 680 1325 aliter
729 1271 820 1325 tibi
855 1272 1068 1326 videtur
1106 1289 1194 1327 res
1226 1274 1446 1338 habere,
1479 1274 1589 1327 noli
1625 1273 2006 1343 perspicaciori
2045 1283 2099 1328 et

2209 1285 2320 1355 ρίας
2377 1285 2450 1357 μὴ
2510 1287 2944 1358 ἀποστερήσειας
3000 1287 3148 1357 ἡμᾶς
3200 1284 3326 1347 τούς
3384 1283 3766 1354 ὀλιγομαθεῖς·

522 1363 722 1416 veriori
765 1363 1135 1431 speculatione
1168 1363 1385 1433 privare
1420 1380 1536 1427 nos,
1570 1365 1661 1434 qui
1704 1380 1876 1430 pauca
1906 1363 2099 1418 didici-

523 1469 668 1519 mus,
701 1466 884 1523 atque.
917 1464 975 1509 ut
1017 1457 1119 1510 hoc
1159 1457 1378 1519 addam,
1428 1457 1845 1526 negligentiores
1886 1471 2098 1521 sumus,

523 1544 736 1594 tametsi
783 1543 898 1611 ipse
941 1557 1062 1606 nos,
1093 1545 1392 1598 amicorum
1425 1559 1598 1610 more,
1629 1545 1884 1600 laudibus
1907 1544 1960 1598 in
1989 1558 2101 1600 cce-

524 1631 637 1686 lum
676 1633 986 1687 sustuleris.

799 1745 1078 1802 CLXXIV.
1106 1776 1177 1787 ——
1203 1745 1477 1800 Philol/reo
1506 1747 1814 1814 possessori.

2199 1375 2490 1447 προσθείην
2533 1377 2579 1430 δ’
2623 1378 2690 1431 ἂν
2736 1379 2830 1431 καὶ
2876 1379 3204 1449 ἀτημελεϊςο
3242 1375 3345 1431 κᾶν
3393 1375 3569 1440 ἄλλως
3610 1375 3772 1436 αὐτὸς

2200 1466 2513 1533 ὲξεθείασας
2540 1471 2652 1533 τοῖς
2686 1471 2918 1540 φιλικοῖς
2944 1469 3206 1534 ἐπαίνοις.

2268 1729 2310 1788 B
2339 1727 2480 1783 POA'
2512 1726 2645 1796 (65).
2672 1757 2743 1767 -
2771 1724 3030 1790 Φιλοθέφ
3057 1725 3295 1794 κτήτορι
3326 1722 3462 1794 (66).
3503 1719 3702 1795 [ψληη

1444 1859 1509 1907 Ut
1532 1872 1728 1907 omnem
1752 1872 1860 1907 cum
1890 1855 2221 1908 lconomaclus
2241 1847 2637 1903 communionem
2657 1843 2869 1893 devitet.

596 1965 965 2032 Acceptaliiles
985 1964 1094 2018 Deo
1137 1965 1336 2034 pioque
1373 1965 1579 2018 homini
1611 1976 1740 2020 sunt
1776 1966 1971 2020 littera:
1998 1967 2096 2020 ho-

523 2057 880 2111 norilicentite
929 2067 1037 2110 tute
1071 2076 1084 2110 :
1121 2057 1392 2126 siquidem
1445 2057 1547 2110 hoc
1587 2066 1848 2126 tempore,
1888 2059 1940 2111 in
1990 2073 2099 2127 quo

524 2159 789 2203 nocturna
819 2165 996 2219 pugna
1033 2149 1437 2214 hrercticorum,
1465 2159 1524 2203 et
1559 2151 1797 2218 procella
1840 2151 2098 2205 incredu-

523 2240 732 2304 litatis,
780 2243 954 2311 palam
989 2242 1148 2296 nobis
1179 2242 1374 2306 fecisti,
1405 2252 1455 2296 te
1489 2245 1654 2297 stellae
1695 2243 1978 2312 cujusdam
2017 2244 2099 2296 iu-

525 2339 639 2386 star
672 2332 758 2385 hic
791 2330 1015 2399 fulgere,
1045 2347 1143 2385 nec
1177 2333 1411 2387 tenebris
1455 2336 1804 2388 obscuratum
1835 2336 2100 2390 haeretica:

525 2424 944 2486 communionis,
981 2440 1078 2478 nec
1107 2425 1361 2478 obrutum
1397 2427 1512 2480 salo
1546 2427 1898 2481 infidelitatis.
1928 2426 2098 2480 Bene-

525 2514 812 2583 dictusque
851 2515 923 2568 sit
975 2514 1258 2580 Dominus,
1283 2516 1376 2586 qui
1427 2519 1589 2571 etiam
1635 2517 1687 2570 in
1735 2519 1923 2571 ordine
1962 2518 2102 2571 laico

526 2604 840 2660 defensores
880 2606 1043 2660 habet
1080 2607 1212 2674 lcgis
1247 2624 1381 2671 suaz,
1420 2607 1474 2660 in
1507 2609 1755 2677 praesenti
1784 2610 2103 2663 confusione

527 2710 593 2749 ac
621 2696 974 2750 subversioue
997 2698 1316 2753 orthodoxae
1339 2699 1820 2754 doctrinae.Beatus
1841 2716 1920 2762 es,
1937 2699 2103 2754 frater

528 2785 972 2849 honoratissime,
1022 2805 1258 2858 vereque
1317 2791 1412 2844 tibi
1456 2792 1709 2858 congruit
1753 2791 1990 2845 nominis
2022 2791 2100 2846 tui

529 2879 839 2948 appellatio,
873 2882 1001 2950 quia
1041 2890 1095 2934 et
1143 2881 1312 2935 Deum
1357 2884 1646 2946 adamasti,
1703 2894 1756 2937 ct
1799 2885 2102 2954 depositum

529 2970 652 3024 tidei
680 2973 932 3027 servasti.
965 2971 1239 3027 Nuntiasti
1275 2983 1456 3028 autem
1497 2976 1549 3028 in
1583 2976 1778 3031 litteris
1810 2977 2106 3036 tuis.hunc

530 3069 586 3114 ct
627 3061 778 3115 illum
832 3063 927 3117 tibi
983 3063 1232 3118 affectum
1283 3065 1515 3119 inditum
1551 3066 1772 3121 fuissea
1799 3068 1970 3122 beatis
1999 3067 2104 3123 illis

530 3153 805 3220 Patribus,
853 3156 944 3225 qui
992 3167 1182 3210 sancto
1216 3157 1320 3212 line
1351 3159 1657 3227 migrarunt
1690 3160 1754 3212 ad
1796 3161 2103 3226 Dominum,

2276 1959 2629 2013 Εὐαπὸδεκτα
2655 1954 2724 2007 τὰ
2752 1953 3054 2022 γράμματα
3084 1946 3186 2016 τῆς
3210 1943 3521 2015 τιμιότητός
3553 1961 3650 1996 σου
3685 1945 3778 1995 καὶ

2203 2049 2320 2120 Θεῷ
2345 2049 2440 2103 καὶ
2462 2046 2676 2101 εὐσεϐεῖ
2697 2041 2970 2115 ἀνθρώπῳ
2989 2057 3003 2071 ⁸
3033 2042 3113 2094 ὅτι
3137 2041 3192 2092 ὲν
3215 2037 3293 2105 τῷ
3323 2037 3549 2107 παρόντι
3577 2035 3777 2104 καιρῷ,

2204 2142 2291 2210 ἐφ’
2323 2135 2367 2209 ᾧ
2401 2135 2735 2206 νυκτομαχία
2769 2131 3018 2204 αίρετικὴ
3048 2131 3143 2184 καὶ
3180 2129 3320 2197 ζάλη
3357 2126 3655 2192 ἀπιστίας,
3687 2127 3782 2195 δή-

2204 2235 2370 2288 λωσιν
2405 2235 2537 2303 ἡμῖν
2561 2231 2876 2299 ἐποιήσατο,
2909 2228 2990 2280 ὅτι
3019 2224 3209 2295 ὥσπερ
3243 2242 3324 2288 τις
3351 2222 3528 2292 ἀστὴρ
3565 2220 3784 2289 φαίνοις

2205 2331 2262 2381 ὲν
2301 2329 2412 2389 τοῖς
2442 2322 2648 2385 αὐτόθι,
2683 2321 2758 2392 μὴ
2791 2319 3051 2390 ζοφωθε“ις
3099 2321 3165 2388 τῇ
3210 2317 3458 2385 αἱρετικῇ
3498 2314 3784 2383 κοινωνίᾳ,

2207 2420 2342 2490 μηδὲ
2377 2417 2481 2488 μὴν
2507 2414 2835 2484 ὑποϐρύχιος
2862 2410 3101 2481 γεγονὼς
3142 2409 3220 2478 τῷ
3252 2407 3353 2475 τῆς
3391 2405 3652 2467 ἀπιστίας
3689 2407 3786 2458 σάο

2205 2514 2301 2580 λῳ.
2336 2513 2444 2564 Καὶ
2473 2507 2766 2579 εὐλογητὸς
2794 2505 3017 2575 Κύριος,
3057 2503 3114 2565 ὃς
3145 2500 3255 2571 ἔχει
3289 2500 3383 2553 καὶ
3411 2500 3470 2552 ὲν
3501 2497 3580 2568 τῷ
3605 2495 3789 2566 λαῖκῷ

2209 2603 2454 2672 τάγματι
2483 2600 2608 2662 τοὺς
2640 2595 3032 2666 ἀντεχομένους
3069 2592 3162 2645 τοῦ
3210 2592 3373 2660 νόμου
3420 2587 3609 2650 αὐτοῦ,
3637 2588 3788 2640 κατὰ

2203 2693 2305 2763 τὴν
2330 2691 2424 2744 νῦν
2453 2691 2712 2758 σύγχυσιν
2744 2686 2837 2739 καὶ
2869 2683 3177 2752 ἀνατροπὴν
3205 2681 3301 2750 τῆς
3319 2678 3646 2749 ὀρθοδοξίας.
3669 2678 3792 2731 Μα-

2207 2786 2397 2856 κάριος
2427 2778 2498 2847 εἴ,
2527 2781 2718 2848 ἀδελφὲ
2747 2777 3065 2848 τιμιώτατε,
3097 2775 3192 2828 καὶ
3230 2773 3396 2836 ὅντως
3443 2771 3791 2844 φερωνύμως

2211 2895 2295 2932 σοι
2351 2879 2384 2946 ὴ
2438 2875 2670 2943 κλῆσις·
2719 2873 2798 2926 ὅτι
2857 2870 2952 2924 καὶ
3004 2869 3136 2923 Θεὸν
3187 2865 3632 2936 πεφίληκας,καὶ
3685 2863 3792 2932 τὴν

2211 2965 2679 3037 παρακαταθήκην
2718 2963 2816 3032 τῆς
2856 2961 3090 3022 πίστεως
3120 2954 3531 3028 πεφρούρηκας.
3575 2952 3794 3023 ’Δπήγ-

2209 3059 2393 3128 γειλας
2422 3057 2479 3110 δὲ
2511 3058 2568 3108 ὲν
2597 3057 2709 3118 τοῖς
2739 3054 3082 3124 γράμμασιν,
3109 3048 3279 3112 οὔτως
3303 3048 3396 3101 καὶ
3419 3045 3592 3108 οὕτως
3615 3041 3794 3114 ἧχθαί

2213 3170 2272 3206 σε
2312 3149 2416 3203 ὐπὸ
2449 3147 2558 3200 τῶν
2599 3149 2884 3218 μακαρίων
2926 3144 3183 3212 Πατὲρων
3223 3143 3445 3194 ἐκείνων
3499 3138 3610 3191 τῶν
3640 3137 3796 3190 τέλει

532 3261 755 3314 quorum
807 3248 1020 3299 nomina
1066 3258 1184 3301 sunt
1235 3250 1290 3302 in
1319 3251 1452 3303 libro
1482 3253 1602 3304 vita:
1633 3251 1701 3302 ⁸⁸.
1736 3252 1815 3305 Ac
1856 3252 1995 3306 bene
2021 3267 2103 3307 res

2209 3240 2432 3312 χρηστῷ
2482 3236 2907 3308 ἐπιδημησάντων
2950 3235 3086 3305 πρὸς
3120 3232 3350 3302 Κύριον·
3384 3223 3496 3284 Ὧν
3542 3229 3618 3282 τὰ
3655 3228 3798 3281 ὀνό-

535 3335 698 3388 habet
732 3354 746 3389 :
782 3336 887 3390 hoc
919 3352 1137 3405 quoque
1168 3339 1410 3392 ardentis
1445 3339 1544 3391 zeli
1581 3339 1655 3391 tui
1689 3339 1968 3408 prOprium
2003 3347 2107 3391 est.

533 3426 601 3480 Et
633 3429 889 3495 quoniam
922 3437 1043 3497 post
1069 3430 1285 3483 illorum
1320 3446 1605 3484 excessum
1633 3433 1802 3484 orbus
1839 3429 2111 3499 quodam-

535 3522 718 3580 modc,
752 3522 1034 3589 postulasti
1064 3522 1131 3576 ab
1163 3524 1468 3577 humilitate
1519 3534 1702 3576 nostra
1737 3523 1930 3576 iterum
1982 3539 2109 3575 cru-

535 3613 639 3666 diri
677 3630 688 3665 :
724 3630 824 3668 nos
865 3615 999 3667 viles
1032 3615 1250 3680 quidem
1282 3625 1337 3669 et
1367 3616 1548 3677 nihili,
1585 3616 1708 3684 quia
1749 3624 1928 3668 tamen
1974 3617 2110 3668 scri—

535 3713 687 3770 ptum
745 3713 862 3768 est,
939 3703 1322 3773 Supportantes
1377 3706 1592 3758 invicem
1648 3707 1700 3758 tu
1754 3707 2009 3758 cltaritate
2043 3706 2111 3772 ⁸⁸,

536 3805 754 3864 propter
785 3799 923 3851 hanc
965 3798 1016 3850 in
1068 3798 1299 3852 Domino
1328 3799 1673 3861 charitatem,
1713 3800 1974 3860 cedimus,
2013 3815 2110 3866 ap—

536 3888 942 3957 probamusque
1015 3890 1480 3944 consecrationem
1561 3902 1749 3952 tuam,
1832 3891 2110 3958 pulchram

537 3997 764 4052 prorsus
820 3990 873 4035 et
929 3982 1276 4037 laudabilem.
1322 3983 1490 4049 Igitur
1527 3983 1592 4035 ab
1652 3982 1902 4034 haeretica
1964 3997 2114 4037 com-

539 4074 799 4127 munione
840 4082 895 4126 et
935 4074 1208 4127 abstinere
1237 4084 1467 4127 conatus
1495 4089 1576 4134 es,
1611 4083 1665 4126 ct
1693 4072 2022 4136 ahstinuisti,
2056 4089 2115 4138 ιιι

539 4166 639 4227 ais,
671 4165 871 4218 Christi
899 4165 1068 4234 gratia
1089 4180 1103 4229 ;
1127 4175 1177 4218 et
1206 4165 1418 4218 abstine
1451 4180 1612 4232 porro
1647 4183 1658 4216 :
1684 4165 1764 4217 sic
1791 4166 1933 4217 enim
1963 4175 2110 4217 luant

538 4273 664 4326 erga
695 4257 860 4311 Deum
882 4258 1228 4312 dilectionem
1257 4258 1509 4311 ostendes
1552 4266 1606 4310 et
1640 4257 2107 4310 communionem:

541 4350 816 4402 contraria
835 4351 1035 4418 quippe
1062 4351 1374 4403 communio
1403 4359 1668 4418 separata
1694 4349 1933 4402 Christo.
1957 4348 2110 4413 Quod

542 4451 721 4494 autem
779 4443 1030 4511 eogimini
1086 4457 1115 4494 a
1171 4443 1306 4496 duce
1335 4443 1630 4504 exercitus,
1680 4441 1844 4495 simul
1880 4441 2112 4510 psallere

541 4549 665 4585 cum
723 4534 1010 4597 haereticis,
1046 4542 1096 4587 et
1132 4549 1248 4602 quae
1301 4535 1367 4586 ab
1406 4533 1513 4586 illis
1546 4549 1707 4588 cruce
1748 4534 1955 4601 signata
1986 4541 2112 4586 sunt

2207 3351 2364 3404 ματα
2409 3333 2477 3386 ἐν
2515 3332 2712 3397 ,βίϐλῳ
2749 3328 2917 3395 ζωῆς.
2952 3329 3062 3380 Καὶ
3099 3322 3157 3379 εὐ
3193 3326 3258 3378 ἂν
3290 3324 3439 3394 ἕχοιυ
3496 3321 3593 3376 καὶ
3628 3319 3796 3373 τοῦτο

2212 3426 2305 3478 τοῦ
2336 3423 2598 3494 διαπύρου
2635 3439 2726 3474 σου
2755 3420 2917 3490 ζήλου
2947 3417 3161 3487 ίδίωμα.
3207 3416 3422 3484 Ἐπειδὴ
3447 3414 3502 3467 δὲ
3531 3416 3598 3484 τῇ
3630 3413 3800 3481 ἐκδη-

2216 3517 2315 3586 μίᾳ
2348 3513 2592 3579 ἐκείνων,
2633 3509 2721 3564 οἷα
2765 3507 3210 3579 ἀπορφανισθεὶς,
3245 3505 3591 3574 ἐπεζήτησας
3625 3501 3799 3555 πάλιν

2213 3611 2350 3680 πρὸς
2398 3609 2499 3678 τῆς
2543 3607 2922 3668 ταπεινώσεως
2958 3603 3116 3674 ἡμῶν
3153 3599 3594 3672 στοιχειωθῆναιο
3628 3598 3798 3668 ἡμεῖς

2215 3701 2314 3772 μὲν
2360 3700 2596 3762 εὐτελεῖς
2643 3699 2735 3752 καὶ
2765 3693 3069 3764 οὐδαμινοί’
3101 3694 3246 3761 ὅμως
3287 3689 3408 3743 ἐπεὶ
3452 3688 3800 3756 γέγραπται.

2226 3793 2594 3860 Ἀνεχόμενοι
2642 3788 2931 3853 ἀλλήλων
2967 3785 3038 3838 ἐν
3065 3783 3263 3852 ἀγάπῃ
3285 3796 3298 3808 ·
3327 3779 3414 3833 διὰ
3453 3778 3660 3846 ταύτην
3693 3775 3802 3845 τὴν

2214 3886 2272 3937 ὲν
2321 3883 2511 3953 Κυρίῳ
2548 3883 2791 3949 ἀγάπην,
2827 3878 3148 3946 ὑπείχομεν,
3177 3875 3273 3926 καὶ
3318 3868 3663 3941 προσιέμεθα
3694 3869 3804 3938 τὴν

2213 3975 2468 4030 ἀνάθεσιν
2497 3991 2613 4038 σου,
2647 3971 2816 4040 καλὴν
2848 3966 3015 4022 οὖσαν
3061 3965 3138 4036 τῷ
3185 3965 3299 4017 δντι
3346 3963 3442 4016 καὶ
3471 3960 3802 4028 ἐπαινετὴν.

2212 4068 2288 4121 Τὸ
2322 4069 2420 4137 μὲν
2447 4063 2539 4119 οὖν
2571 4061 2870 4133 ἀπέχεσθαί
2905 4078 2962 4112 σε
3010 4058 3324 4112 παντάπασι
3367 4053 3468 4122 τῆς
3506 4049 3808 4122 αἱρετικῆς

2215 4158 2522 4221 κοινωνίας,
2555 4153 2951 4222 κα“ι.ὴγωνίσω,
2990 4151 3084 4203 καὶ
3109 4149 3370 4216 ἀπέσχου,
3401 4146 3476 4207 ὡς
3517 4145 3646 4212 φὴς,
3697 4143 3808 4213 χά-

2217 4268 2324 4322 ριτι
2347 4247 2582 4319 Χριστοῦ
2605 4264 2618 4276 ·
2645 4248 2736 4299 καὶ
2766 4245 2845 4297 ἔτι
2873 4245 3111 4312 ἀπόσχου
3135 4257 3148 4269 ·
3181 4238 3324 4292 οὓτω
3345 4239 3453 4305 γάρ
3477 4234 3712 4298 δείξειας
3739 4235 3808 4286 τὸ

2215 4344 2351 4413 πρὸς
2395 4343 2487 4394 τὸν
2530 4339 2660 4392 Θεόν
2693 4356 2785 4390 σου
2825 4335 3046 4408 φιλητὸν
3086 4334 3181 4387 καὶ
3214 4328 3558 4384 κοινωνικόνο
3596 4330 3631 4396 ἡ
3686 4327 3805 4397 γὰρ

2214 4436 2432 4492 ἐναντία
2489 4433 2739 4488 κοινωνία
2780 4431 3043 4500 διίστησιν
3092 4426 3199 4479 ἀπὸ
3239 4421 3490 4494 Χριστοῦ.
3527 4421 3623 4482 Εἰς
3667 4420 3703 4473 ἃ
3743 4420 3808 4472 δὲ

2214 4526 2591 4596 ἀναγκάζεσθε
2618 4524 2723 4576 ὐπὸ
2749 4521 2843 4575 τοῦ
2880 4516 3314 4590 στρατηγοῦντος
3353 4515 3434 4574 εἷς
3466 4528 3525 4564 τε
3554 4512 3616 4564 τὸ
3653 4528 3810 4578 συμ-

543 4624 846 4683 comedere.
891 4625 961 4677 ita
1007 4633 1065 4677 ut
1111 4625 1268 4678 aliter
1319 4639 1477 4692 agere
1519 4625 1774 4678 dominus
1815 4632 2103 4692 strategus

2212 4618 2433 4685 ψάλλειν
2476 4617 2586 4678 τοῖς
2620 4613 2918 4682 αίρετικοῖς
2952 4608 3047 4662 καὶ
3078 4607 3145 4659 τά
3179 4605 3310 4675 πρὸς
3336 4601 3514 4656 αὐτῶν
3549 4615 3801 4692 σφραγι-

546 4733 649 4768 ηοιι
702 4717 874 4785 possit
920 4718 1038 4770 sine
1075 4717 1346 4785 periculo:
1377 4718 1443 4770 de
1492 4732 1555 4771 ea
1603 4734 1658 4771 re
1700 4733 1807 4771 non
1844 4717 2105 4770 habemus

546 4801 703 4854 facile
737 4803 879 4871 quod
918 4803 1343 4871 respondeamus
1383 4822 1397 4857 :
1456 4805 1712 4873 quoniam
1743 4817 1994 4860 accurata
2027 4806 2107 4859 di-

546 4892 787 4960 seiplina:
816 4894 954 4947 ratio
985 4895 1233 4962 prohibet
1255 4895 1498 4960 omnino,
1520 4911 1584 4950 ne
1611 4913 1734 4951 cum
1763 4897 2104 4952 hcterodoxis

545 4982 827 5050 participet
854 4983 945 5051 qui
988 4993 1130 5037 recte
1168 4986 1350 5043 sentit.
1385 5001 1557 5054 neque
1591 4987 1644 5039 in
1680 4986 1823 5048 cibo,
1846 5002 2020 5055 neque
2050 4988 2103 5041 in

548 5082 698 5139 potu,
731 5089 908 5140 neque
936 5075 988 5127 in
1023 5076 1213 5130 affectu
1247 5093 1369 5130 cum
1403 5077 1534 5146 ipsis
1564 5079 1945 5131 communicet.
1982 5078 2106 5131 llaec

549 5164 775 5218 bonitati
823 5175 928 5219 tum
973 5184 1095 5221 cum
1143 5178 1421 5236 perspecta
1466 5169 1593 5232 siut,
1626 5171 1678 5222 in
1709 5171 1848 5226 bono
1873 5170 1988 5223 zelo
2012 5180 2107 5223 tuo

547 5271 821 5324 permane,
866 5275 1029 5329 super
1058 5261 1288 5330 pulchro
1320 5261 1671 5317 fundamento
1698 5263 1856 5318 utiles
1898 5271 2105 5317 exactae

614 5440 660 5470 ⁸ο
693 5437 851 5493 Joan.
885 5455 921 5502 ι,
966 5439 1051 5494 id.
1148 5439 1188 5471 ⁶¹
1227 5438 1454 5510 Philipp.
1481 5455 1556 5505 tv,
1595 5440 1649 5492 5.

2215 4709 2416 4779 ζόμενα
2443 4695 2702 4777 βρώμῖατα
2735 4702 2931 4755 ὲσθίειν
2951 4717 2965 4731 ο
2995 4699 3071 4762 ὡς
3096 4698 3195 4750 οὐκ
3225 4697 3291 4748 ἂν
3319 4694 3489 4753 ἄλλως
3521 4690 3796 4744 δύνασθαι

2212 4802 2303 4854 τὸν
2353 4801 2540 4871 κύριον
2581 4800 2672 4851 τὸν
2707 4795 3012 4868 στρατηγὸν
3045 4790 3340 4855 ἀκινδύνως
3372 4788 3600 4842 διελθεῖν
3625 4803 3641 4818 ⁸
3696 4787 3808 4840 καὶ

2215 4892 2347 4964 πρὸς
2389 4891 2544 4945 τοῦτο
2588 4891 2687 4943 οὐκ
2711 4891 2903 4959 ἔχομεν
2931 4886 3173 4948 εὐπετῶς
3202 4881 3586 4953 ἀποκρίνεσθαι
3608 4895 3623 4908 ⁸
3654 4879 3807 4932 διότι

2212 4987 2244 5055 ἡ
2303 4982 2555 5053 ἀκρίϐεια
2611 4981 2861 5051 ἀπείργει
2911 4980 3251 5032 παντάπασιν
3297 4975 3597 5046 ἁμέθεκτον
3647 4970 3807 5025 εἶναι

2210 5075 2319 5128 τῶν
2349 5072 2669 5143 ἑτεροδόξων
2697 5071 2788 5124 τὸν
2811 5070 3112 5140 ὀρθόιρρονα
3134 5083 3149 5096 ⁸
3181 5069 3274 5122 καὶ
3307 5068 3438 5136 μήτε
3471 5066 3528 5115 ὲν
3561 5062 3799 5132 βρώσει,

2215 5171 2350 5238 μήτε
2400 5170 2456 5220 ὲν
2496 5170 2672 5229 πόσει,
2704 5165 2840 5235 μήτε
2872 5166 2928 5216 ὲν
2970 5163 3149 5233 σχέσει
3188 5159 3542 5230 συνέρχεσθαι
3575 5156 3798 5219 αὐτοῖς.

2212 5261 2398 5315 Ταῦτα
2440 5258 2610 5312 εἰδυῖα
2663 5259 2696 5328 ἠ
2731 5257 3033 5328 χρηστότης
3080 5271 3169 5307 σου
3208 5250 3414 5324 ὲχέσθω
3453 5249 3547 5302 τοῦ
3573 5246 3799 5317 ἀγαθοῦ

1743 5440 1788 5470 ⁸⁸
1823 5438 2019 5509 Eplies.
2059 5455 2134 5503 tv,
2176 5435 2232 5490 2.

2030 5587 2264 5644 NOT/E.

617 5737 729 5811 (65)
757 5737 811 5794 lu
841 5741 949 5796 cod.
990 5741 1118 5813 Reg.
1171 5741 1340 5812 Ἀρχὴ
1367 5740 1568 5813 βιϐλίου
1592 5740 1666 5794 Δ’.

2222 5740 2334 5809 (66)
2373 5739 2428 5794 In
2457 5738 2580 5794 cod.
2609 5737 2738 5806 Reg.
2777 5735 2902 5805 pod’.
