3934 6530
206 479 328 543 1545

1367 481 1905 541 EPISTOLARUM
1966 482 2114 540 LIB.
2161 481 2241 540 ΙΙ.

3305 473 3442 539 1546

195 596 341 665 αὐτῆς
369 591 528 663 ζήλου
553 607 567 622 ·
611 589 1042 660 ὲποικοδομοῦσα
1079 591 1156 660 τῷ
1183 591 1332 662 καλῷ
1373 592 1610 664 θεμελίῳ
1659 595 1758 657 τὰς

1867 594 2261 648 observationis
2321 601 2625 647 structuras
2653 591 2955 655 aadillcans,
2990 601 3044 645 et
3087 606 3181 660 pro
3228 591 3448 644 humili-

193 689 280 757 τῆς
299 685 574 758 ἀκριὸείας
598 684 934 756 χρυσοειδεῖς
963 684 1284 754 ὲνδομήσεις
1308 703 1321 716 ·
1359 686 1626 757 εὐχομένη
1664 686 1758 738 καὶ

195 778 316 848 ὑπὲρ
339 778 434 845 τῆς
459 774 845 838 ταπεινώσεως
872 776 905 844 ἡ
915 774 1053 845 μῶν.

310 887 449 942 ΡΟΕ’
478 887 612 956 (67).
645 916 716 927 —
741 885 968 957 Εἰρήνῃ
998 888 1297 954 πατρικίᾳ.
1344 888 1535 960 [ψλθκγ

1868 694 1979 739 tate
2009 693 2193 739 nostra
2227 698 2414 737 orans.

2213 881 2472 938 CLXXV.
2509 913 2577 923 —
2613 880 2784 934 [reme
2812 880 3080 949 patricia.

1199 1001 1262 1050 Ut
1282 1003 1341 1050 ad
1366 1001 1578 1050 omciu'm
1609 1006 1662 1051 et
1687 999 1920 1050 virtutem
1946 997 2176 1048 maritum
2201 996 2411 1047 excitet.

257 1088 462 1160 Ἐπειδὴ
495 1089 948 1160 προσηγόρευσας
971 1090 1119 1161 ἡμᾶς
1140 1090 1267 1152 τοὺς
1291 1092 1608 1154 ταπεινοὺς,
1634 1104 1746 1141 ’κυ-

186 1183 285 1252 pia,
317 1182 400 1236 διά
424 1182 517 1236 τοῦ
576 1183 1011 1251 αίδεσιμωτάτου
1046 1183 1424 1253 πρεσϐυτέρου
1452 1200 1466 1212 ·
1519 1182 1749 1253 ἀμειϐό-

184 1277 311 1346 μεθα
348 1276 443 1346 τὴν
467 1275 840 1346 προσηγορίαν
870 1276 1218 1344 γράμμασιν,
1242 1276 1631 1346 ἁποδεχόμενοί
1654 1293 1746 1329 σου

180 1365 270 1436 τὴν
319 1365 488 1435 καλὴν
517 1365 701 1418 πίστιν
729 1367 824 1418 καὶ
854 1366 952 1435 τὴν
979 1365 1190 1436 θερμὴν
1237 1367 1564 1436 πεποίθησιν
1593 1383 1608 1398 ·
1659 1368 1751 1436 ἐγ·

180 1458 398 1522 νωκότες
455 1457 709 1511 ἐντεῦθεν
732 1457 946 1528 ἀγαθήν
996 1475 1055 1510 σε
1095 1453 1235 1511 εἶναι.
1280 1460 1338 1511 ὲν
1369 1446 1625 1526 γυναιξὶ,
1663 1477 1753 1528 φι-

179 1549 346 1603 λόθεόν
375 1566 435 1602 τε
467 1550 562 1604 καὶ
612 1550 974 1620 φιλομόναχον
1008 1566 1022 1580 ·

179 1642 601 1711 ἐπιφθέγξασθαι

1077 1552 1219 1606 ὥστε
1280 1551 1520 1621 ἁρμόσαι
1578 1554 1756 1605 έκεῖνο

677 1641 740 1693 τὸ
783 1641 1100 1710 Γραφικόν·
1157 1640 1454 1708 Γυναικός
1522 1640 1756 1710 ἀγαθῆς

1927 1085 2197 1151 Quoniam
2249 1101 2344 1155 per
2373 1085 2730 1141 reverendum
2766 1084 2915 1140 hunc
2950 1084 3322 1156 presbyterum
3357 1084 3456 1140 hu‘

1857 1181 2016 1236 miles
2044 1196 2167 1246 nos,
2215 1182 2461 1245 domina,
2490 1181 2740 1236 salutastl
2767 1199 2782 1235 :
2809 1191 3051 1236 mutuam
3074 1181 3455 1235 salutationem

1861 1286 1955 1339 per
1999 1271 2209 1325 litteras
2235 1269 2609 1341 rependimus,
2653 1273 2926 1341 egregiam
2965 1273 3124 1326 tidem
3161 1280 3332 1333 tuam,
3361 1287 3456 1325 ar-

1859 1363 2185 1433 dentemque
2242 1364 2498 1418 tiduciam
2567 1365 2886 1435 probantes,
2921 1373 3087 1435 atque
3149 1366 3277 1421 hinc
3305 1380 3455 1435 egre-

1863 1455 2006 1524 giam
2077 1464 2128 1509 te
2189 1456 2330 1510 inter
2380 1457 2660 1521 mulieres,
2710 1457 2917 1527 Deique
2980 1467 3035 1511 et
3063 1459 3456 1512 monachorum

1863 1558 2136 1601 amantem
2167 1561 2289 1602 esse
2321 1558 2684 1617 agnoscentes
2707 1590 2722 1614 ,
2756 1558 2816 1603 ut
2871 1549 3004 1604 illud
3029 1547 3327 1619 Scriptura:
3363 1565 3458 1604 ac-

1863 1639 2101 1692 clamare
2152 1640 2445 1692 conveniat
2487 1656 2501 1691 :
2542 1639 2785 1694 Mulieris
2837 1640 2987 1696 bona
3044 1642 3125 1695 vir
3161 1641 3346 1694 beatus
3377 1641 3456 1696 ⁸³.

174 1734 446 1802 μακάριος
491 1736 525 1787 ὀ
554 1732 708 1800 ἀνήρ
732 1771 747 1786 .
795 1732 978 1802 Ὁρᾷς,
1010 1725 1055 1785 ὦ
1089 1732 1276 1801 κυρία,
1331 1731 1414 1784 ὅτι
1442 1731 1752 1802 μακαρίζε-

1867 1722 2053 1788 Vides,
2113 1727 2353 1791 domina,
2405 1727 2650 1784 bonitate
2695 1739 2786 1784 tua
2841 1731 3060 1785 beatum
3097 1747 3127 1786 a
3175 1732 3458 1802 Scriptura

176 1830 347 1894 ταιτῇ
380 1825 683 1895 ἀγαθότητί
716 1841 811 1879 σου
850 1826 955 1877 ὑπὸ
987 1825 1087 1894 τῆς
1137 1823 1361 1894 Γραφῆς
1412 1823 1439 1874 ό
1482 1822 1672 1892 κύριος
1722 1822 1750 1873 ό

181 1917 483 1984 πατρίκιος,
513 1915 606 1968 καὶ
640 1914 918 1976 θέοσδοτός
951 1931 1045 1966 σου
1073 1913 1326 1982 σύζυγος.
1389 1913 1598 1966 Οὐκοῦν
1653 1912 1752 1983 ζη-

175 2005 330 2061 λοῦσα
351 2007 598 2077 ζήλωσον
652 2006 733 2059 ἐτι
771 2006 1189 2078 μακαριώτερον
1234 2004 1398 2058 αὐτόν
1428 2006 1753 2074 ἀπεργάσα-

178 2099 310 2154 σθαι.
339 2099 466 2162 Πῶς
499 2099 544 2151 δ’
574 2100 641 2152 ἂν
667 2095 778 2151 εἷεν
807 2097 964 2150 τοῦτο
989 2115 1005 2164 ;
1034 2100 1091 2150 ἐν
1124 2096 1202 2166 τῷ
1238 2113 1297 2150 σε
1354 2096 1434 2149 ἔτι
1483 2096 1753 2165 ἀγαθύνε-

177 2190 327 2245 σθαι·
381 2194 553 2263 ἤγουν
603 2191 1082 2262 ὐπομνηματίζειν
1129 2189 1332 2255 αὑτὸν,
1389 2189 1749 2260 παρακαλεῖν,

175 2284 505 2354 ὲκλιπαρεῖν,
544 2283 726 2352 τὸτῆς
756 2281 1089 2354 στρατηγίας
1121 2280 1327 2350 ὕψωμα
1366 2280 1574 2334 διέπειν
1633 2281 1753 2333 θεο-

175 2377 359 2444 φιλῶς,
405 2375 553 2431 καθά
601 2376 696 2429 καὶ
719 2375 936 2429 διέπει·
984 2373 1420 2427 ἐπισκέπτεσθαι
1483 2376 1754 2444 ὀρφανοὺς

172 2473 260 2524 καὶ
310 2473 490 2543 χήρας
543 2473 602 2523 ὲν
655 2473 722 2540 τῇ
781 2467 958 2536 θλίψει
999 2466 1219 2521 αὐτῶν·
1281 2467 1510 2520 ἄσπιλον
1561 2467 1754 2519 ἑαυτὸν

173 2567 348 2634 τηρεῖν
392 2563 504 2617 ἀπὸ
531 2563 748 2623 ἀδικίας
769 2576 783 2589 ·
817 2558 1181 2628 φιλομόναχόν
1216 2576 1275 2611 τε
1312 2555 1452 2612 εἶναι
1478 2559 1573 2610 καὶ
1603 2558 1753 2626 φιλό-

175 2672 419 2725 πτωχον·
511 2654 817 2725 ἡμερότητι
904 2651 1279 2722 κεκραμένον·
1340 2650 1638 2719 ἐπειδήπερ
1719 2651 1750 2717 ὴ

173 2748 380 2812 ἐξουσία
426 2748 569 2818 αὑτὴ
597 2744 842 2816 ἀρκοῦσά
885 2745 1002 2796 ἐστι
1067 2743 1416 2814 καταπλῆξαι
1465 2744 1595 2806 τοὺς
1648 2742 1756 2795 ὑπὸ

174 2842 319 2910 χεῖρα
344 2857 358 2872 ·
397 2842 499 2894 καὶ
529 2838 635 2909 μὴν
670 2835 1000 2906 ἀνεχόμενον
1055 2835 1290 2905 ἀπειλῆς
1327 2835 1422 2888 καὶ
1476 2834 1757 2888 παιδευτι-

173 2931 278 2996 κῶς
318 2933 423 3004 μὲν
467 2931 798 2999 πλήττοντα,
836 2927 1238 2999 φιλανθρώπως
1272 2927 1328 2980 δὲ
1358 2927 1454 2980 καὶ
1481 2944 1727 2998 μεμετρη

177 3024 348 3093 μένως
411 3020 751 3095 μαστίζοντα
777 3036 791 3050 ·
820 3021 1055 3090 ἐπείπερ
1091 3019 1215 3073 οὔτε
1277 3019 1339 3072 τὸ
1370 3019 1568 3087 ἄφετον
1619 3037 1758 3074 παν-

1857 1819 2136 1889 praedicari
2177 1822 2461 1874 dominum
2499 1822 2792 1891 patricium
2845 1823 3131 1893 conjugem
3169 1823 3266 1876 tibi
3298 1838 3325 1876 a
3349 1823 3461 1877 Deo

1854 1913 2063 1968 datum.
2105 1911 2290 1979 Quare
2341 1914 2490 1968 omni
2540 1915 2726 1969 studio
2754 1916 3025 1970 contende
3060 1925 3118 1970 ut
3147 1917 3302 1970 illum
3330 1917 3460 1971 bea-

1855 2007 2046 2062 tiorem
2111 2008 2290 2063 adhuc
2345 2007 2569 2064 elﬁcias.
2631 2008 2881 2074 Quonam
2964 2019 3145 2062 autem
3207 2018 3371 2079 pacto
3405 2010 3459 2064 id

1859 2099 1988 2154 ﬁet?
2015 2099 2072 2153 Si
2110 2101 2248 2155 bene
2305 2102 2383 2156 illi
2419 2102 2599 2156 facere
2626 2117 2824 2171 pergas
2856 2119 2872 2168 ;
2907 2103 3013 2156 hoc
3063 2111 3168 2168 est,
3201 2104 3245 2157 si
3303 2104 3458 2157 illum

1856 2192 2338 2257 commonefacias,
2373 2194 2633 2256 horteris,
2669 2209 2890 2258 exores,
2923 2203 2981 2248 ut
3009 2196 3264 2250 militaris
3323 2211 3463 2267 pra:-

1856 2285 2084 2340 fecturae
2112 2287 2322 2356 apicem
2365 2301 2429 2339 ex
2463 2286 2552 2340 Dei
2587 2296 2722 2340 nutu
2749 2297 2921 2356 regat,
2950 2287 3095 2342 sicut
3152 2289 3331 2358 reipsa
3373 2303 3464 2342 re-

1856 2378 1967 2447 git;
2007 2386 2065 2431 ut
2093 2379 2468 2447 orphanorum
2497 2377 2905 2447 viduarumque
2941 2394 3138 2433 curam
3175 2380 3227 2433 in
3268 2395 3459 2433 eorum

1857 2470 2120 2525 aerumnis
2179 2477 2333 2539 gerat
2361 2485 2375 2534 ;
2411 2469 2677 2524 intactum
2703 2485 2764 2525 se
2795 2470 2864 2525 ab
2913 2470 3202 2539 iniquitate
3232 2486 3460 2526 conser-

1854 2572 1983 2631 vet;
2023 2565 2422 2619 monachorum
2463 2573 2677 2619 amator
2702 2565 2774 2619 sit
2800 2573 2857 2618 et
2884 2579 3221 2634 pauperum:
3253 2564 3452 2618 huma-

1856 2658 2028 2713 nitate
2073 2665 2411 2727 temperatus
2449 2673 2463 2721 ;
2505 2665 2749 2728 potestas
2777 2657 3051 2726 siquidem
3083 2660 3201 2728 ipsa
3258 2656 3464 2713 sullicit

1857 2761 1919 2806 ut
1947 2751 2181 2807 subditis
2211 2762 2477 2805 terrorem
2512 2751 2756 2819 injiciat;
2793 2758 2848 2805 et
2888 2751 3066 2806 minas
3098 2753 3286 2821 utique
3313 2765 3464 2821 sper-

1859 2858 2020 2909 nens,
2055 2850 2110 2897 et
2162 2841 2524 2897 correctionis
2577 2842 2796 2911 quidem
2857 2842 3030 2911 gratia
3065 2841 3333 2912 plectens,
3368 2841 3461 2897 sed

1861 2935 2101 2988 humane
2133 2941 2188 2987 et
2219 2933 2500 2987 moderate
2560 2932 2778 2987 ctedens
2815 2949 2827 2984 :
2863 2934 2994 3001 quia
3056 2948 3158 2988 nec
3207 2931 3465 2986 salutaris

1861 3037 1946 3082 est
1983 3026 2279 3081 immodica
2317 3040 2716 3096 usquequaque
2754 3025 3035 3090 remissio,
3067 3033 3124 3081 et
3161 3040 3306 3097 aegre
3363 3025 3462 3080 ad-

173 3121 369 3172 τάπασι
404 3117 680 3186 σωτήριον
708 3132 723 3146 ·
773 3117 899 3169 οὒτε
954 3115 1016 3168 τὸ
1052 3113 1399 3185 ὑπέρμετρον
1457 3113 1758 3183 πληκτικὸν

1867 3120 2098 3175 mittitur
2127 3135 2248 3190 qua:
2304 3118 2526 3173 modum
2559 3118 2777 3173 excedit
2807 3118 3099 3173 severitas.
3177 3118 3320 3172 Ante
3347 3132 3466 3172 om-

173 3211 556 3265 εὑαπόδεκτον.
605 3209 716 3261 Καὶ
749 3209 919 3280 πρόγε
973 3208 1215 3269 πάντων,
1274 3205 1335 3257 τὸ
1376 3205 1518 3258 κατά
1571 3206 1756 3258 πίστιν

171 3301 475 3374 όρθόδοξον.
505 3299 569 3352 Εἰ
625 3298 733 3369 γὰρ
798 3298 894 3351 καὶ
942 3295 1081 3367 πρὸς
1131 3295 1193 3348 τὸ
1244 3294 1351 3360 ἔξω
1401 3296 1516 3348 ἐστι
1577 3295 1758 3362 λέγειν

174 3395 456 3448 ἀδυνατεῖν
481 3392 628 3446 κατά
661 3393 729 3445 τὰ
762 3391 1049 3460 φθάσαντα
1072 3388 1232 3441 τοῦτο
1262 3389 1552 3456 φυλάττειν
1574 3403 1586 3417 ·
1621 3388 1759 3457 ὅπερ

173 3487 459 3541 οὐδὲτοῦτο
476 3485 680 3556 ἀρκοῦν
698 3487 777 3548 είς
792 3484 929 3538 Θεοῦ
949 3483 1266 3551 ἀπολογίαν·
1297 3499 1315 3533 ι
1339 3484 1437 3551 τῆς
1455 3479 1562 3550 γὰρ
1589 3477 1758 3533 αὐτοῦ

175 3583 391 3653 ἀγάπης
414 3581 571 3635 οὐδὲν
598 3578 1015 3652 προτιμότερον·
1052 3597 1069 3626 ι
1123 3575 1241 3628 ἀλλ’
1286 3571 1379 3628 οὖν
1406 3589 1470 3642 γε
1502 3573 1643 3626 κατὰ
1671 3575 1759 3626 τὸν

176 3676 280 3730 ἔσω
340 3676 679 3746 ἄνθρωπον,
737 3671 964 3724 δυνατὸν
1016 3668 1175 3721 τοῦτο
1216 3667 1758 3738 παραφυλάττεσθαι,

174 3772 265 3823 καὶ
313 3768 532 3824 πολλῶν
570 3767 791 3836 σωτῆρα
821 3760 1182 3835 χρηματίζειν
1231 3763 1393 3814 αὑτὸν
1445 3762 1536 3814 καὶ
1595 3779 1762 3831 μονα-

173 3863 312 3916 στῶν
375 3861 477 3915 καὶ
521 3857 746 3922 λαῖκῶν,
800 3857 894 3908 καὶ
941 3856 1218 3923 ἀρχόντων
1272 3854 1367 3906 καὶ¹
1419 3855 1758 3924 ἀρχομένων.

173 3956 357 4010 Ταῦτα
389 3954 453 4019 ἐξ
478 3953 699 4021 ἀγάπης
731 3948 1114 4019 πνευματικῆς
1145 3949 1244 4017 τῆς
1278 3947 1414 4017 πρὸς
1471 3947 1615 4016 ὑμᾶς
1674 3963 1760 3998 κι-

171 4047 448 4119 νούμενοι,
498 4044 930 4114 τεθαρρὴκαμεν
991 4040 1350 4110 ὑπομνῆσαι·
1412 4039 1615 4101 εἰδότες
1668 4039 1762 4092 καὶ

172 4137 609 4207 ἀνυπομνήστως
660 4135 881 4203 ἔχεσθαι
915 4134 1062 4202 ὑμᾶς
1091 4131 1186 4184 τοῦ
1218 4129 1405 4183 καλοῦ.

346 4250 518 4316 Ροςν
545 4247 658 4320 (68)
684 4278 752 4287 —
785 4246 1020 4315 Βρυέγᾳ
1049 4242 1383 4312 στρατηγῷ.
1422 4240 1590 4314 [ψμἏ]

1864 3211 1955 3265 nia
1990 3225 2122 3265 vero
2147 3210 2266 3279 ejus
2303 3208 2436 3264 ﬁdes
2471 3209 2543 3262 sit
2571 3209 2897 3264 orthodoxa.
2930 3209 3070 3262 Nam
3104 3209 3206 3263 etsi
3232 3207 3466 3263 fortasse

1865 3299 2014 3354 dicat
2056 3314 2167 3354 non
2238 3314 2402 3369 posse
2430 3299 2496 3353 ad
2533 3313 2596 3353 ea
2626 3314 2749 3368 quae
2783 3299 3349 3364 praecesserunthauc
3381 3297 3465 3353 fo-

1867 3393 1944 3447 ris
1976 3390 2184 3445 servari
2220 3409 2232 3444 :
2269 3391 2415 3460 quod
2440 3389 2622 3459 ipsum
2667 3401 2848 3444 tamen
2875 3406 2983 3445 non
3030 3390 3232 3446 sulIicit
3262 3401 3322 3446 ut
3353 3389 3465 3446 Deo

1868 3483 2100 3538 satisﬁat
2159 3482 2276 3552 (Dei
2328 3484 2472 3537 enim
2535 3484 2711 3536 amori
2809 3483 2957 3536 nihil
3025 3485 3463 3554 anteponendum

1866 3578 1971 3648 est)
1999 3619 2015 3643 ,
2042 3586 2099 3634 at
2138 3587 2288 3633 certe
2341 3577 2643 3632 secundum
2674 3577 2994 3631 interiorem
3045 3577 3320 3631 hominem
3351 3594 3467 3634 ser-

1867 3671 1984 3725 vari
2040 3680 2257 3740 potest:
2295 3679 2353 3723 ut
2407 3669 2598 3724 salutis
2659 3679 2852 3722 auctor
2895 3668 3082 3722 multis
3131 3669 3203 3723 sit
3246 3669 3382 3738 ipse,
3414 3679 3467 3723 et

1870 3762 2159 3816 monachis
2190 3772 2244 3815 et
2280 3761 2452 3823 laicis.
2478 3771 2530 3814 et
2561 3761 2901 3831 principibus
2928 3769 2983 3815 et
3016 3759 3277 3816 subditis.
3340 3760 3469 3815 Haec

1871 3855 2139 3924 spirituali
2170 3869 2296 3925 erga
2325 3869 2422 3909 vos
2448 3854 2720 3908 charitate
2755 3855 2988 3923 permoti
3023 3868 3319 3926 suggerere
3347 3856 3466 3908 ausi

1871 3964 2062 4003 sumus
2090 3965 2104 4001 :
2133 3962 2238 4001 non
2294 3949 2612 4016 ignorantes
2650 3948 2778 4003 boni
2804 3950 3050 4019 rectique
3082 3947 3285 4014 studio,
3303 3949 3465 4005 etiam

1870 4041 1990 4096 sine
2029 4041 2324 4105 monitore,
2380 4054 2478 4096 vos
2519 4042 2717 4096 teneri.

2233 4238 2514 4294 CLXXVI.
2547 4271 2618 4280 ——
2645 4240 2865 4310 Bryeme
2889 4248 3143 4311 stratege.

1421 4357 1712 4408 Consolatur
1734 4353 1798 4404 de
1830 4354 1968 4404 obitu
1993 4355 2184 4404 matris.

250 4474 561 4545 ’Δνηγγέλη
601 4474 734 4543 ἡμῖν
765 4472 793 4523 ὁ
816 4469 1046 4529 θάνατος
1089 4467 1188 4537 τῆς
1222 4466 1501 4535 μακαρίας
1554 4465 1758 4536 μητρὸς

1935 4464 2195 4520 Nuntiata
2229 4466 2388 4520 nobis
2415 4473 2500 4520 est
2529 4480 2679 4519 mors
2713 4466 2886 4520 beatae.
2926 4467 3116 4518 matris
3155 4487 3169 4520 :
3206 4479 3261 4522 et
3288 4485 3467 4539 quan-

173 4571 266 4623 καὶ
315 4570 449 4622 ὅσον
477 4564 848 4634 ὲστενάξαμεν
880 4563 936 4614 τί
970 4561 1075 4631 χρὴ
1104 4563 1199 4612 καὶ
1220 4561 1431 4647 λέγεισν;
1461 4560 1519 4612 οὐ
1549 4560 1639 4612 διὰ
1666 4558 1764 4628 τὴν

173 4663 332 4723 ὁσίως
359 4658 800 4730 κεκοιμημένην,
847 4656 1049 4720 ἄπαγε·
1090 4653 1282 4722 κέρδος
1319 4653 1426 4721 γὰρ
1472 4652 1610 4720 αὐτῇ
1646 4651 1767 4716 ἐγέ-

174 4768 296 4804 νετο
328 4754 363 4820 ἡ
396 4751 747 4819 μετάστασις,
767 4746 1017 4814 φυγούσῃ
1048 4742 1140 4796 τὸν
1164 4743 1624 4811 πολυαμάρτητον
1655 4740 1767 4810 βίον

173 4842 365 4895 τοῦτον
405 4857 418 4870 ·
458 4841 571 4893 ἀλλ’
600 4838 910 4899 ἐννοοῦντες
951 4836 1052 4905 τὴν
1083 4835 1183 4904 σὴν
1218 4833 1645 4900 καλοκαγαθίαν,
1697 4832 1767 4893 ώς

177 4933 688 5005 ἀπορφανισθεῖσαν
710 4931 916 4994 τέλεον,
952 4931 1046 4982 καὶ
1107 4927 1375 4998 μηδεμίαν
1430 4929 1488 4978 ἐν
1534 4925 1613 4995 τῷ
1668 4923 1768 4993 βίῳ

178 5027 542 5100 παραμυθίαν
575 5025 946 5095 κεκτημένην.
983 5025 1093 5076 Καὶ
1115 5021 1290 5074 ταῦτα
1322 5021 1380 5071 ὲν
1435 5019 1578 5071 οῦτω
1635 5037 1765 5070 σκυ-

180 5122 378 5192 θρωπῇ
443 5118 782 5171 καταστάσει
827 5117 1182 5187 ὑπάρχουσαν
1213 5130 1226 5144 ·
1280 5114 1375 5166 καὶ
1429 5113 1552 5165 ουδὲ
1601 5112 1771 5180 αὐτῆς

178 5214 277 5282 τῆς
311 5214 474 5275 ὁσίας
503 5211 730 5280 κηδείας
762 5209 1150 5262 ἀπολαύσασαν
1171 5224 1183 5237 ·
1239 5206 1266 5257 ὂ
1289 5207 1476 5276 φέρειν
1524 5200 1628 5255 οἷόε
1685 5221 1774 5273 μι-

183 5311 324 5376 κρὰν
383 5305 773 5376 παρηγορίαν·
817 5304 977 5372 λόγος
1022 5303 1290 5372 ὲξιτήριος
1352 5300 1445 5351 καὶ
1490 5297 1775 5349 τελευταία

183 5401 366 5468 φωνὴ,
397 5398 744 5468 πρόσπτυξίς
767 5415 826 5448 τε
841 5397 1024 5466 τιμίου
1054 5395 1331 5462 λειψάνου,
1362 5393 1454 5445 καὶ
1483 5392 1653 5460 αὐτῆς
1679 5391 1778 5458 τῆς

187 5494 243 5542 ἐν
307 5486 354 5559 ᾧ
395 5493 751 5545 κατατίθεται
788 5491 960 5562 θήκης
991 5488 1340 5555 ἐπισκέψεως
1373 5503 1387 5516 ·
1447 5487 1542 5538 καὶ
1598 5485 1779 5545 ἔοικας

185 5585 247 5636 τὸ
277 5584 375 5638 τοῦ
398 5584 680 5636 Ταντάλου
711 5584 924 5654 παθεῖν)
961 5583 1010 5635 εἰ
1043 5581 1137 5635 καὶ
1173 5579 1542 5651 μυθικώτερον
1575 5578 1633 5631 τὸ
1664 5576 1785 5629 ὲπίοε

266 5702 316 5734 ⁸³
352 5699 522 5754 Eccli.
558 5715 709 5763 xxvr,
743 5699 792 5752 1.

1867 4566 1983 4611 tum
2034 4558 2485 4627 ingemuerimus,
2516 4559 2646 4626 quid
2697 4559 2893 4612 attinet
2920 4558 3108 4614 dicere
3135 4560 3159 4613 ‘l
3188 4577 3297 4616 non
3335 4578 3468 4631 pro-

1869 4661 1987 4721 pter
2017 4652 2164 4706 illam
2221 4667 2342 4721 quae
2373 4663 2562 4707 sancte
2616 4652 2973 4718 obdormivit,
3036 4653 3178 4708 absit
3211 4673 3224 4708 :
3258 4656 3468 4710 lucrum

1870 4745 2016 4798 enim
2081 4745 2185 4814 ipsi
2244 4743 2367 4808 fuit,
2428 4744 2574 4814 quod
2636 4746 2824 4798 multis
2878 4746 3118 4813 peccatis
3175 4747 3469 4800 obnoxiam

1873 4840 2018 4893 hanc
2049 4841 2215 4892 vitam
2264 4838 2438 4892 evasit
2467 4857 2481 4890 :
2516 4838 2609 4893 sed
2661 4853 2784 4892 cum
2820 4839 3187 4907 cogitaremus
3214 4843 3470 4895 eximiam

1871 4931 2194 5000 probitatem
2237 4941 2383 4983 tuam
2417 4930 2562 4983 velut
2597 4929 2845 4982 orbatam
2901 4944 3024 4983 esse
3082 4932 3319 4998 penitus,
3349 4946 3471 4983 om-

1871 5024 2038 5092 nique
2071 5024 2124 5076 in
2151 5023 2258 5075 vita
2296 5021 2497 5076 solatio
2521 5021 2839 5075 destitutam
2878 5041 2892 5075 :
2932 5032 3096 5091 atque
3128 5023 3244 5076 ham
3269 5025 3323 5075 in
3361 5033 3469 5076 tam

1872 5114 2012 5167 tristi
2075 5129 2259 5167 rerum
2329 5123 2546 5166 tuarum
2616 5122 2902 5166 statuzet
2933 5113 3078 5182 quod
3151 5128 3250 5166 nec
3315 5113 3470 5180 justzt

1880 5215 2084 5259 sancta:
2149 5206 2223 5259 illi
2283 5205 2597 5275 persolvere
2645 5221 2710 5258 ac
2765 5204 2933 5259 funus
2984 5221 3180 5258 curare
3231 5207 3470 5269 licuerit;

1882 5314 2004 5368 qua:
2055 5315 2144 5353 res
2180 5299 2417 5368 aliquam
2447 5296 2639 5351 aﬂ‘erre
2675 5297 2812 5352 solet
2841 5298 3271 5352 consolationem
3312 5313 3324 5348 :
3359 5312 3474 5349 mo-

1887 5390 2080 5444 rientis
2106 5391 2283 5442 oratio
2312 5401 2366 5443 et
2401 5401 2679 5458 postrema
2715 5404 2842 5451 vox,
2876 5389 3168 5442 chararum
3211 5387 3440 5455 reliquia

1889 5495 2011 5532 rum
2041 5481 2346 5547 amplexus,
2383 5480 2663 5548 ipsiusque
2694 5478 2748 5530 in
2803 5493 2912 5547 quo
2936 5479 3199 5547 depositae
3231 5489 3361 5530 sunt
3392 5477 3475 5528 lo—

1892 5574 2001 5627 culi
2073 5573 2797 5641 conspectus:viderisque
2855 5571 2985 5626 mihi
3049 5571 3285 5640 idipsum
3360 5568 3471 5638 pati

1737 5799 1966 5855 NOTAE.

269 5937 390 6008 (67)
420 5935 477 5992 ln
505 5934 628 5997 cod,
662 5932 792 6003 Reg.
836 5932 961 5998 (κζ’.

569 6035 837 6094 ΡΑτιιοιη
886 6036 997 6090 (in.
1040 6031 1264 6092 XCIX.

1967 5921 2076 5993 (68)
2107 5921 2161 5974 lu
2198 5921 2320 5976 cod.
2361 5921 2491 5990 Reg.
2533 5921 2666 5991 ροη’.

3084 6013 3158 6085 ΖᾼΘ
