3966 6448
530 368 665 434 1547

1729 368 1789 426 S.
1831 361 2222 426 THEODORI
2256 362 2608 424 STUDIT/E

3676 373 3814 437 1548

521 485 667 552 quod
697 481 958 538 Tantalus
987 486 1106 556 (etsi
1156 484 1460 539 fabulosior
1489 490 1571 538 est
1622 482 1739 537 lucc
1769 494 2111 536 commemo-

2221 477 2458 547 φθεγμα,
2490 478 2550 530 ὲν
2568 478 2764 548 μέσαις
2797 480 3002 547 πηγαῖς
3040 479 3187 548 δίψει
3236 483 3563 553 τηκόμενος,
3593 488 3805 553 ἀκοαῖς.

521 573 684 646 ratio)
714 576 765 628 in
805 577 1002 630 mediis
1023 575 1268 632 fontibus
1300 577 1388 631 siti
1419 574 1702 630 coniectus
1735 592 1748 627 :
1780 589 1904 628 eum
1931 583 1985 626 tu
2014 587 2113 624 au-

521 667 677 722 ribus
730 678 962 733 tantum,
987 679 1043 723 et
1091 685 1199 723 non
1235 669 1430 734 oculis,
1463 666 1657 722 matris
1690 666 1898 720 obitum
1958 680 2110 719 acce-

519 765 688 831 peris.
742 759 885 827 Quid
939 777 1072 832 ergo
1099 761 1152 816 in
1201 761 1372 816 istis?
1411 762 1490 818 An
1530 768 1889 828 praeterquam
1950 759 2110 812 decet

519 852 997 923 ingemiscemusl
1052 868 1122 905 an
1173 851 1573 922 inexplebiliter
1625 847 1918 903 ﬂebimus?
1956 845 2112 902 etfre-

518 956 648 999 nate
673 946 1191 1000 stomachabimur?
1224 945 1290 998 Et
1321 944 1413 998 ubi
1443 943 1721 998 scientia?
1759 942 1851 996 ubi
1897 942 2112 1010 sapien-

521 1039 639 1093 tia?
671 1039 764 1092 ubi
824 1037 1389 1108 prudentia?quibus
1456 1036 1713 1091 nobilitas
1770 1045 1861 1089 tua
1914 1041 2110 1087 ornata

520 1140 625 1196 est,
652 1140 708 1185 et
743 1132 962 1200 quidem
1010 1147 1172 1200 supra
1203 1131 1405 1184 multos
1436 1145 1626 1184 eorum
1675 1128 1768 1199 qui
1822 1129 2110 1197 magistra-

520 1231 636 1277 tum
671 1238 818 1277 nuuc
847 1231 1063 1291 gerunt.
1098 1221 1487 1292 Nequaquam,
1513 1236 1546 1274 ο
1568 1219 1969 1286 amantissime,
2008 1234 2107 1273 ne-

520 1329 797 1385 quaquam
828 1332 842 1367 :
870 1315 964 1370 sed
991 1314 1079 1368 ubi
1127 1316 1403 1369 moderate
1433 1313 1769 1384 ingemueris
1803 1321 1858 1366 et
1883 1312 2109 1381 planxe-

520 1407 622 1473 ris,
650 1414 915 1476 quantum
949 1406 1204 1462 videlicet
1241 1408 1376 1461 satis
1396 1416 1450 1461 ut
1486 1405 1748 1460 maternis
1782 1405 2107 1460 funebribus

519 1497 840 1570 defungare,
880 1508 933 1553 et
982 1499 1128 1568 quod
1186 1507 1396 1555 natura:
1424 1507 1508 1554 est
1558 1497 1888 1568 patelacias;
1922 1498 2109 1552 redea-

520 1604 645 1644 mus
700 1589 896 1644 iterum
931 1589 997 1645 ad
1030 1605 1153 1652 nos,
1181 1593 1227 1644 si
1253 1590 1450 1660 placet,
1488 1589 1819 1658 sublimique
1867 1597 2109 1643 contem-

2228 568 2443 633 μόναις,
2486 568 2607 631 ,ἀλλ’
2638 569 2736 620 οὐκ
2773 569 3074 640 ὀφθαλμοῖς
3103 573 3390 628 ὑπολαϐὼν
3429 576 3531 646 τὴν
3555 579 3659 647 τῆς
3708 599 3812 650 μη-

2220 661 2349 730 τρὸς
2380 661 2660 732 κοίμησιν.
2694 662 2761 714 Τί
2795 662 2888 715 οὖν
2913 665 2972 714 ὲν
3017 664 3274 732 τούτοις;
3318 669 3653 739 στενάξομεν
3706 675 3814 742 ἄρα

2222 753 2370 823 πέρα
2399 753 2492 806 τοῦ
2523 755 2733 817 δέοντος
2761 771 2775 820 ;
2811 755 3298 827 δακρυρῤοήσομεν
3327 758 3622 828 ἄπληστα;
3683 764 3814 816 ἀπο-

2219 844 2635 915 δυσπετήσομεν
2675 845 2967 915 ἁκράτητα
2995 863 3011 911 ;
3043 847 3154 899 Καὶ
3185 848 3291 900 ποῦ
3337 851 3370 918 ὴ
3401 851 3608 917 γνῶσις
3637 871 3652 916 ;
3716 855 3815 906 ποῦ

2218 937 2251 1006 ἡ
2284 937 2445 1004 σοφία
2473 952 2488 1001 ;
2520 935 2624 988 ποῦ
2651 938 2684 1007 ἡ
2720 935 2976 1002 σύνεσις;
3009 930 3090 1000 οἷς
3121 939 3515 1010 κατεκοσμήθη
3553 959 3650 993 σου
3675 943 3709 1012 ἡ
3731 943 3826 994 εὺ-.

2228 1029 2436 1096 γένεια,
2484 1029 2576 1081 καί
2603 1046 2666 1098 γε
2698 1029 2838 1095 ὑπὲρ
2872 1028 3102 1094 πολλοὺς
3138 1031 3245 1083 τῶν
3272 1031 3368 1083 νῦν
3397 1034 3700 1103 ὁρωμένων
3761 1038 3816 1086 ὲν

2218 1121 2386 1174 τέλει.
2424 1121 2709 1193 Μηδαμῶς
2732 1117 2848 1186 οὖν,
2902 1117 3301 1194 ὦὲπιπόθητε,
3360 1125 3632 1196 μηδαμῶς
3687 1127 3818 1180 ἀλλά

2219 1210 2484 1276 στενάξας
2532 1212 2627 1264 καὶ⁷
2657 1211 2904 1276 κλαύσας
2956 1215 3217 1283 μετρίως,
3268 1215 3391 1268 ὅσον
3431 1219 3529 1269 καὶ
3581 1218 3652 1270 τὰ
3716 1236 3820 1289 μη-

2218 1304 2383 1375 τρικά
2437 1305 2728 1375 ὲπικήδεια
2774 1305 3209 1373 ἀφοσιώσασθαι,
3237 1308 3418 1361 καὶτὸ
3451 1310 3551 1379 τῆς
3602 1310 3819 1378 φύσεως

2218 1396 2626 1460 ἐπιδείξασθαι·
2659 1399 2742 1460 είς
2793 1398 3022 1462 ἑαυτοὺς
3093 1401 3278 1466 πάλιν,
3320 1404 3371 1453 εἰ
3413 1401 3618 1470 βούλει,
3649 1403 3821 1471 γενώ-

2219 1490 2362 1559 μεθα
2397 1531 2412 1555 ,
2496 1491 2593 1544 καὶ
2670 1491 3049 1562 διαϐλέψωμεν
3128 1493 3394 1564 μετεώρῳ
3465 1495 3676 1568 θεωρίᾳ
3754 1500 3820 1549 τὰ

2215 1583 2340 1654 τῇδε
2379 1600 2392 1614 ’
2428 1583 2504 1647 ὡς
2550 1585 2703 1655 ὄναρ,
2759 1585 2855 1638 καὶ
2897 1585 3062 1646 σκιὰ,
3129 1586 3222 1638 καὶ
3270 1586 3330 1638 τὸ
3373 1587 3469 1640 ἐπὶ
3533 1590 3640 1658 γῆς
3697 1588 3820 1642 τοῦ-

520 1683 764 1752 platioue
817 1699 940 1754 quae
1001 1683 1090 1739 hic
1134 1695 1265 1738 sunt
1318 1683 1688 1750 despiciemus
1721 1700 1736 1736 :
1771 1697 1896 1737 cum
1959 1697 2109 1736 som—

2221 1692 2273 1727 το
2336 1677 2630 1743 παίγνιον,
2690 1677 2766 1740 ὦς
2829 1677 2932 1730 πού
2990 1677 3122 1747 φησί
3190 1696 3274 1741 τις
3331 1678 3441 1731 τῶν
3505 1679 3809 1749 θεολόγων,

520 1775 698 1839 nium,
756 1783 810 1830 et
877 1777 1097 1839 umbra,
1135 1785 1191 1830 et
1241 1776 1405 1831 ludus
1434 1776 1508 1831 sit
1539 1775 1808 1845 quidquid
1866 1776 1921 1829 in
1963 1783 2108 1829 terra

519 1875 625 1929 est,
694 1867 840 1923 sicut
893 1866 1300 1937 Theologorum
1361 1867 1587 1937 quidam
1643 1867 1721 1921 ait
1765 1885 1779 1920 :
1823 1867 1971 1922 nasci
2021 1881 2116 1922 eos

521 1961 615 2030 qui
658 1975 767 2014 non
819 1968 968 2026 sunt,
1002 1969 1056 2014 et
1094 1969 1252 2014 natos
1282 1960 1526 2013 interire.
1581 1956 1716 2012 Nam
1756 1967 1811 2013 et
1837 1974 1938 2012 nos
1972 1958 2113 2012 viam

521 2051 771 2107 eamdem
801 2052 1195 2123 ingrediemur,
1224 2068 1391 2121 quam
1425 2061 1612 2122 patres
1643 2053 1820 2108 nostri
1851 2062 1980 2106 ante
2011 2067 2115 2107 nos

523 2151 818 2198 tenuerunt
863 2159 876 2196 :
914 2141 1167 2212 idemque
1193 2156 1384 2196 omnes
1423 2156 1488 2196 ex
1517 2155 1677 2203 aequo
1711 2150 1992 2210 exspectat
2024 2139 2112 2194 di-

522 2235 831 2290 versorium
857 2251 873 2300 ;
915 2234 1104 2289 forsan
1132 2243 1311 2287 autem
1343 2242 1398 2286 et
1422 2233 1570 2287 aliud
1600 2233 1706 2287 alio
1759 2233 2063 2287 luctuosius
2097 2248 2111 2297 ;

526 2327 789 2396 quoniam
817 2325 906 2380 hic
945 2325 998 2378 in
1026 2340 1155 2392 pace
1192 2323 1440 2393 sepultus
1473 2333 1558 2378 est
1585 2323 1837 2388 fortasse,
1871 2324 1959 2379 hic
1984 2340 2115 2379 vero

527 2436 634 2474 non
672 2419 821 2485 item,
850 2427 947 2473 aut
980 2417 1127 2472 enim
1159 2417 1286 2472 belli
1311 2416 1610 2471 ludibrium
1643 2414 1769 2480 fuit;
1799 2425 1895 2470 aut
1947 2419 2116 2471 maris

522 2512 779 2568 ﬂuctibus
835 2514 1130 2579 absorptus
1181 2519 1285 2575 est,
1322 2518 1419 2564 aut
1473 2510 1583 2564 alio
1643 2509 1898 2579 quopiam
1929 2509 2114 2570 modo,

524 2606 720 2676 quales
747 2604 933 2660 videre
963 2612 1047 2658 est
1099 2603 1448 2658 diversorum
1477 2617 1738 2674 generum
1771 2602 2116 2657 miserandas

525 2703 738 2752 martes
788 2696 1126 2766 repentinas.
1168 2694 1384 2762 Quibus
1416 2697 1670 2764 superior
1713 2695 1927 2750 exstitit
1957 2694 2115 2749 beata

527 2795 725 2850 mater,
761 2785 956 2856 quaziu
990 2785 1300 2850 sanctitate,
1336 2793 1391 2840 et
1421 2800 1642 2840 crucem
1690 2795 1940 2856 gestante
1976 2787 2112 2849 vita,

528 2879 657 2934 hinc
689 2879 960 2950 migravit.
989 2877 1281 2954 Reliquum
1329 2892 1460 2949 ergo
1500 2885 1584 2933 est
1634 2885 1696 2932 ut
1742 2879 1797 2932 in
1833 2878 1918 2934 liis
1970 2878 2115 2933 cele-

529 2969 684 3024 brem
715 2970 861 3023 illam
895 2970 1036 3024 beati
1062 2967 1166 3025 Job
1191 2983 1381 3023 vocem
1434 2984 1766 3038 usurpemus
1801 2987 1816 3023 :
1856 2969 2112 3024 Dominus

2219 1767 2321 1819 οὐκ
2359 1767 2520 1831 ὕντας
2560 1769 2864 1836 γενέσθαι,
2931 1770 3025 1822 καὶ
3075 1770 3405 1840 γενομένους
3456 1771 3819 1842 ἀναλυθῆναι.

2222 1859 2334 1912 Καὶ⁵
2387 1859 2497 1929 γὰρ
2553 1861 2651 1930 τὴν
2704 1861 2875 1931 αὐτὴν
2909 1863 3027 1916 ὁδὸν
3077 1864 3170 1916 καὶ
3202 1866 3364 1932 ἡμεῖς
3413 1865 3820 1935 πορευσόμεθα,

2218 1951 2399 2022 ἥνπερ
2424 1953 2472 2004 oi
2513 1953 2756 2022 Πατέρες
2787 1953 2948 2022 ἡμῶν
2984 1955 3399 2025 προωδεύκασι·
3435 1959 3530 2008 καὶ
3584 1958 3646 2009 τὸ
3684 1960 3821 2010 αὐτὸ

2219 2045 2394 2097 πᾶσιν
2426 2044 2486 2108 ἐξ
2522 2043 2639 2096 [σου
2669 2044 2932 2113 ἀναμένει
2963 2035 3285 2116 καίὰλυμω
3317 2049 3456 2118 τάχα
3486 2050 3542 2102 δὲ
3575 2053 3674 2102 καὶ
3721 2053 3819 2106 ἄλ-

2169 2142 2182 2152 ’
2219 2137 2314 2192 λου
2389 2137 2519 2192 ἄλλο
2545 2137 3035 2208 τραγῳδικώτερον
3059 2157 3073 2169 ’
3112 2141 3192 2192 δτι
3214 2141 3306 2192 τοῦ
3339 2142 3436 2210 μὲν
3468 2144 3525 2193 ὲν
3553 2145 3756 2215 εἰρήνῃ
3788 2148 3820 2215 ἡ

2216 2231 2363 2302 ταφὴ
2396 2231 2580 2300 τυχὸν,
2618 2231 2712 2283 τοῦ
2745 2231 2802 2284 δὲ
2833 2231 2931 2300 οὐχ
2954 2229 3147 2293 οὕτως.
3185 2233 3253 2285 Ἣ
3287 2233 3395 2302 γὰρ
3429 2235 3674 2304 πολέμου
3715 2256 3823 2289 πα-

2219 2324 2520 2395 ρανάλωμα
2550 2326 2773 2394 γέγονεν
2802 2343 2817 2358 ⁶
2881 2327 2913 2397 ἢ
2973 2327 3252 2398 θαλάσσης
3311 2331 3689 2402 ὐποῤῥὸφημα
3718 2350 3755 2362 ”
3787 2335 3822 2404 ἦ

2220 2437 2340 2481 πως
2386 2419 2584 2485 ἄλλως,
2631 2420 2706 2480 ὼς
2758 2422 2950 2488 ὁρᾶται
2981 2421 3049 2473 τὰ
3098 2421 3277 2484 ἄλλοις
3329 2423 3552 2487 τρόποις
3605 2425 3826 2477 ἐλεεινὰ

2217 2510 2326 2563 τῶν
2356 2511 2623 2578 ἐξαπίνης
2657 2511 2907 2564 θανάτων
2946 2527 2955 2535 ·
2987 2504 3120 2582 ὧνή
3163 2515 3409 2583 μακαρία
3447 2516 3630 2585 μήτηρ
3666 2518 3820 2569 ἀνω·-

2216 2602 2372 2672 τέρα,
2412 2605 2469 2655 ὲν
2501 2602 2740 2674 ὁσιότητι
2769 2605 2863 2657 καὶ
2890 2606 3248 2675 σταυροφόρῳ
3283 2605 3382 2675 βίῳ
3413 2609 3676 2677 ἁπάρασα
3701 2610 3820 2661 τῶν

2217 2691 2449 2744 ἐνθένδε.
2482 2693 2818 2763 Λειπόμενον
2847 2689 2939 2746 οὖν
2974 2694 3120 2747 ἔστιν
3151 2698 3207 2747 ἐν
3222 2697 3431 2759 τούτοις
3449 2701 3625 2751 είπεῖν
3655 2702 3816 2771 ἡμᾶς

2218 2779 2316 2851 τὴν
2342 2781 2585 2850 ἀοίδιμον
2623 2783 2838 2852 ἐκείνην
2902 2782 2997 2835 τοῦ
3066 2786 3338 2855 μακαρίου
3410 2787 3530 2840 ’1ὼὸ
3583 2793 3817 2861 φωνήν·

2232 2871 2286 2924 Ὁ
2316 2872 2532 2938 Κύριος
2573 2871 2819 2936 ἔδωκεν,
2855 2876 2887 2926 ό
2945 2875 3160 2940 Κύριος
3225 2877 3548 2943 ἀφείλετο·
3599 2880 3684 2946 ὡς
3740 2879 3831 2945 τῷ

2218 2964 2414 3031 ΚυρΙῳ
2469 2961 2714 3027 ἔδωκεν,
2741 2965 2930 3030 οὕτως
2962 2967 3060 3018 καὶ
3100 2967 3360 3034 ἐγένετο.
3408 2969 3719 3041 Προσθείην
3774 2974 3821 3025 δ’

526 3063 696 3126 dedit,
751 3061 1010 3115 Dominus
1041 3060 1260 3115 abstuli!
1290 3075 1308 3113 :
1344 3061 1486 3114 sicut
1534 3060 1763 3116 Domino
1790 3052 2015 3130 placuit,
2037 3067 2113 3117 ita

2221 3048 2286 3101 ἂν
2313 3046 2617 3100 λυσιτελεῖν
2649 3051 2796 3118 ἡμᾶς
2837 3051 2934 3119 τὴν
2974 3054 3158 3122 φωνὴν
3200 3055 3428 3125 ταύτην,
3469 3059 3566 3111 καὶ
3622 3062 3682 3112 ὲν
3736 3056 3822 3122 οἷς

529 3157 732 3225 factum
760 3163 836 3210 est
869 3154 934 3210 ⁸⁸.
971 3155 1202 3216 Addam,
1239 3155 1425 3209 utilem
1465 3155 1623 3211 nobis
1655 3154 1772 3211 fore
1831 3157 1970 3211 hanc
2024 3173 2120 3213 vo-

528 3265 649 3304 cem
690 3249 744 3303 in
781 3247 982 3318 quibus
1015 3246 1400 3304 conﬂictamur
1475 3263 1656 3302 rerum
1707 3249 2120 3306 difﬁcultatibus

529 3351 584 3395 et
639 3342 904 3411 angustiis
965 3340 1407 3410 quandoquidem
1444 3342 1742 3411 praeclarus
1777 3342 1867 3397 ille
1905 3345 2008 3410 vir,
2057 3353 2118 3399 ut

531 3435 699 3497 nosti,
731 3435 873 3488 inter
922 3433 1242 3490 innumeras
1285 3449 1581 3500 aerumnas,
1611 3437 1908 3506 gratiarum
1945 3439 2118 3491 actio-

531 3541 631 3580 nes
663 3523 773 3579 Deo
813 3524 1070 3579 reddebat
1102 3543 1116 3579 :
1160 3542 1228 3580 ne
1261 3525 1424 3595 igitur
1457 3525 1701 3577 animum
1750 3526 2115 3589 remittamus,

533 3620 892 3685 amicissime,
947 3636 1047 3676 nec
1084 3621 1209 3674 vitae
1264 3621 1426 3675 taedio
1492 3619 1841 3676 alliciamur:
1880 3622 2119 3676 scientes

536 3729 648 3767 non
699 3713 1094 3782 permissurum
1153 3711 1468 3776 Dominum,
1526 3721 1584 3765 ut.
1630 3719 1904 3765 teutemur
1953 3726 2119 3781 supra

534 3819 698 3874 quam
730 3820 1030 3873 possumus
1097 3806 1370 3858 sustinere
1393 3803 1458 3859 ⁸⁸.
1517 3801 1653 3868 Quis
1678 3804 1781 3857 scit
1804 3805 1934 3872 quid
1969 3804 2120 3874 pari-

533 3908 658 3952 tura
686 3897 758 3952 sit
777 3898 1017 3952 crastina
1041 3897 1159 3953 dies
1180 3897 1263 3952 ⁸⁸⁶ἒ
1291 3896 1355 3950 Et
1383 3915 1396 3951 :
1423 3896 1555 3961 Quis
1584 3896 1922 3950 annuntialzit
1950 3895 2120 3950 Abra-

535 3990 681 4056 ham,
720 3991 852 4061 quia
887 3990 1054 4044 lactat
1093 3989 1262 4044 Sarra
1291 3990 1335 4021 ⁸⁷
1362 3990 1386 4043 ἲ
1425 3988 1773 4059 Symbolicus
1803 3999 1887 4045 est
1914 4005 2113 4045 sermo.

536 4079 771 4139 Oramus
795 4083 976 4152 itaque
1008 4081 1297 4136 Dominum
1338 4081 1511 4150 ipsum
1536 4079 1824 4150 gloriaz,ut
1846 4096 1941 4136 cor
1963 4091 2116 4136 tuum

535 4185 786 4246 tangens,
826 4173 1007 4227 lumen
1055 4175 1109 4226 in
1156 4187 1220 4227 eo
1249 4172 1515 4242 producat
1554 4172 1948 4228 consolationis
1983 4190 2119 4228 nun-

532 4282 698 4336 quam
727 4265 1030 4321 deﬁcientis
1061 4281 1074 4319 :
1117 4275 1178 4320 ut
1203 4265 1258 4319 in
1289 4265 1466 4335 teipso
1518 4266 1727 4321 habens
1757 4281 1868 4336 quo
1900 4275 1951 4321 te
1984 4282 2116 4321 con-

533 4360 749 4424 soleris,
802 4360 1028 4414 alterius
1093 4373 1227 4414 voce
1280 4374 1388 4412 non
1431 4374 1614 4429 egeas.
1657 4357 1907 4416 Vidimus
1953 4377 2115 4429 porro

2222 3140 2388 3208 ὲσμὲν
2417 3139 2718 3204 θλιπτικῶς
2749 3143 2843 3194 καὶ
2867 3143 3304 3214 ἐξαπορητικῶς.
3357 3149 3511 3201 Ἐπεὶ
3556 3155 3820 3216 κάκεῖνος

2220 3235 2248 3286 ὁ
2295 3224 2668 3303 ἀοίδιμοςξὼς
2693 3229 2874 3301 οἶσθα,
2901 3238 2995 3289 ἐπὶ
3029 3239 3250 3308 μυρίοις
3285 3225 3556 3306 ἀλγεινοῖς
3595 3245 3662 3298 τὰ
3724 3247 3819 3298 εύ-

2220 3325 2554 3393 χαριστήρια
2584 3322 2662 3394 τῷ
2688 3321 2807 3395 Θεῷ
2841 3327 3117 3381 ἀπεδίδου.
3178 3332 3269 3401 Μὴ
3325 3331 3510 3385 τοίνυν
3551 3335 3820 3408 ῥαθυμή-

2222 3430 2426 3482 σωμεν,
2462 3410 2506 3467 ὦ
2535 3415 2780 3484 φίλτατε,
2817 3418 2954 3484 μηδὲ
2991 3417 3423 3492 ἐξαπορήσωμεν
3452 3425 3546 3477 καὶ
3578 3426 3673 3478 τοῦ
3709 3425 3817 3497 ζῇν

2222 3504 2425 3568 εἰδότες
2480 3507 2560 3558 ὅτι
2617 3509 2716 3561 οὐκ
2766 3509 2918 3562 ἐάσει
2957 3511 3104 3579 ἡμᾶς
3173 3513 3379 3582 Κύριος
3441 3517 3820 3589 πειρασθῆναι

2222 3599 2413 3672 ὑπὲρό
2441 3600 2738 3679 δυνάμεθα.
2779 3605 2875 3666 Τίς
2903 3599 3015 3657 οἶδε
3073 3604 3128 3658 τί
3189 3607 3404 3670 τέξεται
3458 3611 3492 3680 ἡ
3539 3611 3812 3676 ἐπιοῦσα,

2221 3693 2316 3745 καὶ
2353 3693 2449 3758 Τίς
2477 3693 2804 3763 ἀναγγελεῖ
2838 3696 3117 3763 Ἀϐραὰμ,
3150 3694 3239 3748 ὅτι
3285 3699 3483 3767 Σάρῤα
3527 3703 3816 3769 θηλάζεις

2223 3783 2552 3854 συμϐολικὺς
2579 3788 2606 3838 ὁ
2634 3786 2811 3854 λόγος.
2847 3785 3138 3858 Εὺχόμεθα
3169 3783 3263 3841 οὖν
3284 3790 3446 3843 αὐτὸν
3474 3793 3565 3844 τὸν
3600 3795 3816 3865 Κύριον

2219 3876 2320 3941 τῆς
2346 3876 2504 3947 δόξης
2530 3916 2544 3940 ,
2578 3877 2929 3948 ὲφαψάμενόν
2961 3896 3054 3932 σου
3093 3879 3194 3949 τῆς
3252 3883 3502 3951 καρδίας,
3563 3888 3816 3958 ἐμποιῆ-

2222 3981 2311 4017 σαι
2340 3966 2454 4033 φῶς
2484 3970 2540 4019 ὲν
2567 3968 2699 4038 αὐτῇ
2750 3969 2992 4039 ἀλήκτου
3051 3971 3428 4042 παραμυθίας,
3484 3974 3560 4036 ὼς
3592 3978 3661 4029 ἄν
3728 3980 3816 4031 οῖ-

2220 4057 2380 4112 κοθεν
2415 4053 2644 4128 ἔχουσαν
2677 4061 2776 4124 τὰς
2803 4063 3058 4134 ἀφορμὰς
3094 4065 3192 4135 τῆς
3217 4064 3638 4135 παρακλήσεως,
3674 4073 3820 4139 μηδὲ

2218 4149 2426 4203 δεῖσθαι
2467 4155 2650 4222 φωνῆς
2679 4153 2893 4225 ἐτέρας.
2927 4155 3161 4228 Εἴδομεν
3197 4157 3252 4210 δὲ
3307 4156 3400 4209 καὶ
3453 4158 3545 4210 τὸν
3580 4161 3817 4232 ἀγαπη-

2217 4242 2310 4294 τὸν
2369 4241 2597 4311 ἀδελφὸν
2631 4245 2788 4314 ἡμῶν
2814 4245 2906 4298 καὶ
2951 4249 3322 4318 πνευματικὸν
3377 4249 3520 4313 υξέα,
3566 4251 3658 4304 τὸν
3712 4257 3818 4308 κύ-

2223 4351 2338 4405 ριον
2380 4334 2654 4404 Ἰωάννην,
2690 4337 2781 4388 τὺν
2823 4339 3100 4410 ὁμαίμονα
3146 4345 3245 4412 τῆς
3283 4341 3619 4413 summa;
3687 4363 3812 4413 σου,

533 4405 749 4424 ηψπ,
802 4405 1028 4414 -.-νη--
1105 4405 1226 4414 η--
1280 4405 1388 4412 -.---
1435 4405 1614 4429 Ἰν--.
1677 4405 1907 4416 ..ν-...η
1955 4405 2113 4429 re..-

533 4454 793 4513 dilectum
837 4453 1001 4507 etiam
1031 4451 1254 4507 fratrem
1287 4461 1559 4518 nostrum,
1589 4459 1643 4506 et
1667 4453 2004 4521 spiritualem
2057 4456 2113 4509 ﬁ-

2221 4421 2662 4491 ἐπισκεψάμενον
2697 4405 3018 4495 ἡμᾶς-,τούς
3042 4405 3431 4500 (ἁμαρτωλούς
3460 4405 3607 4485 κᾷτά
3634 4434 3698 4487 τὸ
3726 4405 3814 4488 ei;

532 4543 691 4607 lium,
721 4543 1005 4598 dominum
1038 4541 1330 4605 Joannem,
1373 4542 1844 4613 consanguineum
1888 4546 2114 4601 celsitu-

531 4635 678 4690 dinis
707 4647 811 4689 tua
838 4651 853 4701 ;
884 4636 979 4706 qui
1009 4650 1110 4691 nos
1147 4645 1463 4704 peccatores
1493 4641 1802 4704 opportune
1830 4636 2108 4705 visitavit;

532 4737 692 4791 quem
744 4731 800 4776 et
849 4723 1039 4792 paucis
1089 4723 1275 4777 verbis
1333 4723 1602 4779 consolati
1633 4739 1826 4780 sumus
1860 4727 1927 4781 de
1956 4728 2109 4782 obitu

534 4817 726 4871 matris
763 4835 778 4869 :
810 4824 866 4870 et
911 4815 1153 4871 fraterna
1188 4817 1618 4885 conspiratione,
1653 4833 1762 4872 una
1796 4819 2007 4889 egimus
2043 4822 2110 4877 de

532 4908 749 4977 pietatis
771 4907 938 4963 etiam
971 4916 1080 4963 tuae
1109 4909 1508 4964 consolatione.

744 5020 1048 5078 CLXXVII.
1080 5051 1150 5062 —-
1183 5021 1543 5094 Euphrosynen
1569 5026 1885 5093 praepositis.

2218 4515 2314 4578 κός
2346 4530 2361 4546 ⁸
2397 4514 2455 4567 ὃν
2481 4516 2574 4568 καὶ
2603 4518 3120 4590 παρεμυθησάμεθα
3188 4521 3414 4592 βραχέσι
3473 4523 3655 4592 λόγοις
3717 4527 3816 4580 διὰ

2213 4607 2275 4658 τὸ
2302 4607 2566 4676 μητρικὸν
2596 4609 2766 4672 πάθος
2802 4627 2814 4639 °
2858 4611 2953 4663 καὶ
3015 4615 3585 4686 συμπαρεκαλέσαμεν
3633 4619 3815 4673 οἴσειν

2214 4702 2277 4770 τῇ
2310 4699 2570 4770 ἁδελιρικῇ
2626 4702 2966 4756 συνδιαθέσει
3020 4704 3092 4758 τὰ
3141 4707 3281 4761 κατὰ
3332 4709 3431 4779 τὴν
3485 4708 3813 4766 θεοσέϐειάν

2220 4807 2331 4842 σου.

2287 5033 2430 5085 POZ'
2463 5029 2597 5100 (69).
2627 5061 2699 5071 —-
2723 5033 3089 5102 Εὐφροσύνη
3121 5035 3449 5107 ἠγυυμένῃο
3485 5037 3695 5113 [tl/tm]

1061 5137 1173 5199 Ejus
1215 5135 1329 5186 vitae
1355 5139 1687 5199 sanctitatem,
1714 5152 1770 5188 ac
1797 5141 2082 5202 praeclaram
2106 5145 2396 5196 monasterii
2421 5146 2899 5197 administrationem
2930 5150 3256 5202 commendat.

609 5225 765 5278 Nunc
793 5224 954 5277 etiam
1011 5240 1105 5293 per
1135 5226 1344 5279 litteras
1393 5224 1684 5280 invisimus
1749 5231 2109 5285 reverentiam

539 5330 709 5384 tuam,
751 5320 893 5375 scire
934 5330 1155 5374 aventes
1189 5336 1353 5390 quam
1382 5331 1700 5376 constanter
1736 5323 1788 5377 iu
1820 5325 1926 5382 rita
1957 5330 2110 5397 spiri-

539 5415 668 5468 tuali
705 5415 806 5469 rite
847 5413 1066 5468 ferenda
1120 5430 1447 5485 perseveres.
1489 5417 1702 5471 Etenim
1743 5428 1801 5472 ut
1850 5420 1951 5474 hoc
1985 5438 2112 5493 aga-

608 5589 653 5619 ⁸⁸
679 5591 781 5647 Job
820 5607 861 5655 ι,
887 5592 979 5644 9.1.
1074 5593 1118 5624 ⁸⁸
1156 5591 1172 5642 Ι
1212 5592 1339 5648 Cor.
1371 5612 1426 5661 χ,
1459 5596 1544 5649 l5.

2291 5235 2400 5288 Kal.
2435 5234 2529 5286 ἐπὶ
2576 5234 2671 5285 τοῦ
2731 5236 2999 5306 παρόντος
3050 5236 3496 5305 ἐπισκεπτόμεθά
3550 5255 3646 5290 σου
3706 5242 3816 5308 τὴν

2216 5326 2510 5396 τιμιότητα
2558 5326 2646 5377 διὰ
2704 5326 2796 5378 τοῦ
2842 5328 3193 5398 γράμματος,
3248 5329 3559 5402 γλιχόμενοι
3607 5332 3818 5401 μαθεῖν

2214 5419 2363 5481 ὅπως
2395 5418 2561 5486 ὑγιῶς
2605 5419 2813 5471 Musis
2842 5436 2870 5489 η
2907 5419 3138 5492 φέρουσα
3171 5421 3390 5491 ebura);
3425 5422 3521 5494 τὴν
3551 5441 3816 5498 πνευμα-

2774 5546 2803 5561 1'

1620 5597 1664 5628 οε
1695 5597 1809 5653 Jac.
1847 5615 1918 5664 iv,
1959 5600 2042 5653 14.
2119 5599 2162 5630 ⁸⁷
2191 5598 2327 5653 Gen.
2362 5615 2474 5666 am,
2501 5597 2661 5653 7sec.
2697 5597 2785 5652 LX

2056 5733 2284 5791 ΝΟΤιιΕ.

612 5842 723 5916 (69)
757 5843 812 5897 In
835 5844 956 5908 cod,
992 5842 1121 5913 lleg.
1160 5843 1285 5916 900'.
