3966 6504
193 471 310 532 1549

1362 465 1900 527 EPISTOLARUM
1955 466 2106 525 LIB.
2143 465 2226 522 II.

3281 463 3414 528 1550

183 581 324 650 τικήν
343 576 505 648 ζωήν.
541 575 654 631 Καὶ
681 577 790 649 γὰρ
824 576 985 646 ἔργον
1019 576 1150 647 ήμῖν
1179 574 1528 646 ὀφειλόμενον
1578 572 1738 628 τοῦτο

1857 587 1987 637 nus,
2016 572 2176 630 ofﬁcii
2205 581 2292 628 est
2321 572 2494 627 nostri
2524 591 2538 626 :
2565 582 2837 643 quatenus
2869 582 2927 628 tu
2973 576 3200 644 teipsam
3238 575 3416 629 humi-

187 673 341 726 ποιείν
364 687 377 701 ·
409 669 658 740 καθάπερ
682 669 779 722 καὶ
813 667 955 738 αὕτη
983 666 1483 738 προσανατέθεικας
1540 666 1741 738 ἑαυτὴν

1843 665 1982 721 litati
2009 675 2213 723 nostrae
2239 666 2564 722 commisisti
2621 675 2746 737 post
2767 667 2976 722 obitum
3003 668 3178 722 beatae
3229 671 3422 724 matris

187 767 244 835 τῇ
270 760 587 818 ταπεινώσει
614 760 791 831 ήμῶν,
827 760 924 812 ἀπ’
953 759 1126 828 αὐτῆς
1166 760 1266 828 τῆς
1298 758 1573 831 μακαρίας
1633 776 1739 827 μη-

1857 772 1947 812 ;uze
1973 775 1988 825 ;
2014 759 2176 827 cujus
2202 757 2464 813 memoria
2488 757 2544 812 in
2574 758 2871 814 viventium
2905 759 3050 813 libro
3074 768 3178 822 est,
3211 767 3272 812 ut
3301 773 3424 830 quae

183 851 297 923 τρός
325 868 414 904 σου
446 866 460 880 ⁸
493 844 562 920 ἧς
595 850 655 902 τὸ
689 849 1031 920 μνημόσυνον
1056 851 1115 901 ὲν
1148 848 1315 919 βίϐλῳ
1370 846 1614 913 ζώντων
1642 864 1738 900 κα-

183 942 278 1005 λῶς
306 940 598 1011 βιωσάσης,
630 940 722 993 καὶ
751 937 1081 1014 χαρακτῆρα
1111 938 1394 1001 εὐσεϐείας
1426 938 1517 991 τὸν
1542 937 1743 1006 ἑαυτῆς

183 1033 286 1105 βίον
312 1031 733 1102 καταλιπούσης,
767 1031 830 1084 ού
867 1030 1032 1102 μόνον
1061 1048 1142 1084 σοι
1176 1033 1244 1102 τῇ
1285 1032 1408 1102 ἱερᾷ
1461 1029 1556 1084 καὶ
1619 1028 1740 1084 θεό-

181 1141 345 1197 φρονι,
378 1125 497 1185 ταῖς
528 1139 583 1176 τε
622 1123 726 1175 ὑπὸ
753 1123 932 1192 χεῖρα,
990 1120 1126 1174 ἀλλά
1175 1121 1269 1174 καὶ
1325 1122 1493 1175 πᾶσιν
1540 1120 1741 1188 ἄλλοις,

181 1210 253 1280 οἷς
279 1217 389 1268 ἐστι
421 1214 587 1278 πόθος
615 1214 811 1284 ζηλοῦν
841 1217 908 1267 τά
955 1213 1116 1267 καλά.
1149 1213 1222 1266 Τὸ
1260 1214 1392 1281 γοῦν
1439 1214 1744 1284 ὑπόδειγμα

180 1310 268 1378 τῆς
295 1309 491 1379 ἀρετῆς
520 1307 789 1378 μητρόθεν
821 1306 1040 1377 ἔχουσα,
1074 1305 1309 1376 πρόσθες
1332 1307 1429 1360 καὶ
1478 1307 1548 1359 τά
1601 1307 1744 1360 κατά

182 1401 367 1464 σαυτὴν
389 1398 491 1463 ἔτι,
518 1399 706 1471 κυρία,
729 1397 1176 1470 παρακαλοῦμεν·
1201 1398 1260 1467 ἐξ
1283 1400 1490 1462 εἰκόνος
1515 1398 1744 1470 ἀρίστης

182 1491 330 1545 εἰκὼν
350 1491 612 1561 γινομένη
636 1490 734 1545 καὶ
765 1492 904 1564 αὑτὴ
929 1492 1114 1545 ὲνθέου
1146 1490 1262 1562 βίου
1291 1494 1405 1555 τοῖς
1436 1490 1605 1561 ὁρῶσί
1658 1507 1737 1555 σε,

181 1581 355 1654 ὥσπερ
409 1585 504 1636 καὶ
529 1582 725 1651 γίνοιο.
793 1584 903 1636 Καὶ
928 1583 1039 1654 γὰρ
1067 1582 1340 1653 ἀκούομεν
1392 1582 1472 1636 ἔτι
1517 1583 1611 1637 καὶ
1663 1582 1743 1636 ἔτι

181 1676 241 1728 τὰ
299 1675 437 1729 καλά
495 1691 556 1728 σε
587 1675 934 1746 πράττουσαν
964 1695 980 1709 ·
1027 1673 1188 1728 τοῦτο
1213 1676 1311 1746 μὲν
1346 1678 1404 1730 ὲν
1464 1678 1532 1747 τῇ
1566 1674 1744 1747 καθη-

181 1766 326 1837 γήσει
354 1766 463 1819 τῶν
496 1766 764 1836 ἀδελφῶν,
805 1768 904 1838 μιᾷ
940 1765 1086 1838 ψυχῇ
1113 1767 1477 1838 ἀγαπητικῶς
1505 1768 1606 1831 τὰς
1647 1766 1747 1821 πά-

182 1875 270 1920 σας
288 1857 636 1929 συνέχουσαν,
655 1860 1038 1930 γρηγοροῦσαν
1066 1859 1134 1911 τά
1158 1859 1293 1930 πρὸς
1312 1859 1465 1926 Θεὸν,
1495 1860 1553 1912 ὲν
1579 1876 1747 1930 προσ-

1842 863 2038 907 sancte
2073 852 2248 906 vixit:
2274 852 2599 922 pietatisque
2629 850 2885 918 formam,
2917 867 3075 908 suam
3114 853 3290 922 ipsius
3339 853 3425 905 vi—

1843 953 1951 998 tam
1989 945 2229 1016 reliquit,
2259 959 2370 1000 non
2420 943 2598 1009 solum
2627 943 2744 1008 tibi,
2793 960 2915 1014 qua:
2948 960 3104 1000 saera
3135 960 3216 1008 es,
3245 955 3300 1000 et
3339 943 3429 999 di-

1842 1039 1970 1092 vina
2022 1039 2191 1108 sapis,
2241 1048 2295 1092 ct
2332 1038 2399 1092 iis
2438 1052 2561 1107 quae
2605 1037 2708 1092 sub
2738 1053 2905 1092 manu
2935 1047 3025 1093 tua
3066 1047 3197 1094 sunt
3223 1036 3428 1093 sorori-

1842 1129 1968 1194 bus,
2023 1131 2116 1184 sed
2147 1130 2271 1185 aliis
2325 1130 2489 1184 etiam
2545 1128 2824 1195 omnibus,
2848 1130 2942 1200 qui
2977 1139 3126 1184 recta
3179 1129 3428 1184 aemulari

1842 1223 2172 1277 desiderant.
2214 1222 2350 1277 Cmn
2405 1238 2536 1295 ergo
2576 1221 2792 1278 virtutis
2840 1223 3151 1293 exemplum
3190 1239 3220 1276 a
3256 1233 3430 1276 matre

1844 1314 2069 1378 habeas,
2099 1314 2274 1384 adjice
2319 1314 2544 1385 insuper
2572 1331 2694 1384 quae
2720 1326 2811 1369 tua
2848 1326 2999 1381 sunt,
3032 1314 3278 1380 domina,
3324 1314 3428 1370 ob-

1845 1418 2110 1464 testamur
2143 1449 2158 1474 ,
2197 1418 2253 1464 ut
2297 1425 2363 1465 ex
2401 1409 2609 1476 Optima
2644 1410 2880 1479 imagine
2906 1408 3088 1479 imago
3119 1418 3174 1464 et
3208 1409 3325 1480 ipsa
3353 1408 3436 1464 di-

1844 1502 1988 1556 vinae
2044 1501 2167 1556 vitae
2219 1502 2301 1557 sis
2333 1501 2705 1568 intuentibus,
2741 1501 3208 1572 quemadmodum
3244 1516 3432 1556 revera

1846 1594 2033 1648 futura
2063 1609 2142 1648 es.
2178 1594 2356 1649 Audio
2399 1595 2544 1649 enim
2570 1595 2734 1648 etiam
2759 1603 2926 1664 atque
2963 1593 3127 1649 etiam
3168 1593 3433 1665 praeclara

1846 1701 1974 1755 quae
2000 1686 2170 1757 geris,
2193 1689 2393 1756 partim
2413 1687 2558 1741 circa
2591 1686 2977 1756 praefecturam
3009 1703 3284 1754 sororum,
3307 1703 3435 1742 cun-

1847 1791 1965 1835 ctas
1995 1781 2049 1835 in
2075 1781 2259 1836 anima
2280 1795 2386 1834 una
2405 1795 2502 1850 per
2519 1779 2843 1836 charitatem
2865 1789 3178 1844 continens,
3202 1780 3440 1851 vigilans

1849 1877 1908 1927 in
1961 1872 2030 1927 iis
2070 1888 2193 1941 quae
2248 1873 2315 1926 ad
2345 1869 2516 1926 Deum
2570 1881 2838 1941 spectant,
2883 1873 2938 1927 in
2982 1872 3348 1933 orationibus,
3381 1873 3434 1924 in

182 1953 374 2020 ευχαίς,
408 1954 467 2004 ἐν
500 1950 862 2021 ψαλμῳδίαις,
917 1952 973 2004 ὲν
1038 1950 1376 2018 ἀναγνώσεσι
1411 1969 1427 1985 ο
1485 1952 1641 2006 τοῦτο
1687 1953 1744 2006 δὲ

1857 1961 2198 2032 psalmodiis,
2223 1961 2278 2014 in
2305 1960 2636 2016 lectionibus
2673 1980 2686 2016 :
2723 1962 2925 2031 partim
2955 1972 3010 2017 et
3048 1961 3104 2015 in
3131 1962 3311 2016 amica
3335 1960 3434 2016 ho-

181 2043 266 2093 καὶ
295 2043 351 2094 ὲν
384 2041 699 2114 φιλαδέλφῳ
763 2042 1041 2114 ξενοδοχίᾳ
1090 2043 1446 2114 πολυτρόπως
1500 2045 1753 2115 διαμερι-

183 2133 401 2205 ζομένην
446 2137 571 2199 ταῖς
612 2135 928 2206 φροντίσεσί
957 2153 1018 2188 τε
1050 2137 1146 2190 καὶ
1169 2137 1443 2190 ὲπιδόσεσι
1469 2155 1483 2168 ⁸
1517 2139 1610 2190 καὶ
1640 2133 1752 2193 οἷόν

179 2242 254 2289 τις
274 2226 552 2298 ὀφθαλμὸς
576 2230 634 2281 ὲν
667 2225 901 2298 σώματι,
926 2226 1085 2282 τοῦτο
1133 2230 1191 2282 ὲν
1217 2231 1282 2300 τῇ
1319 2227 1627 2294 Βυζαντίδι,
1676 2229 1753 2296 ὡς

181 2317 438 2381 κατανοῶ,
469 2318 530 2372 τὸ
553 2318 645 2372 σὸν
667 2320 1031 2391 μοναστήριον
1051 2337 1066 2352 ·
1089 2320 1157 2374 δι’
1191 2315 1252 2374 οὗ
1283 2319 1567 2386 δοξάζεται
1596 2322 1750 2388 Θεὸς,

180 2409 264 2462 καὶ
295 2410 482 2480 ἥδεται
537 2411 794 2482 ἀρρήτως
844 2413 878 2483 ή
916 2412 1165 2482 μακαρία
1225 2414 1407 2484 μήτηρ
1442 2429 1458 2445 ο
1521 2414 1751 2482 ἐπείπερ

181 2499 428 2567 ἠξίωνται
464 2501 517 2554 oi
554 2502 702 2569 ἅγιοι
729 2500 950 2571 βλέπειν
1006 2503 1116 2557 τῶν
1171 2505 1319 2573 σφῶν
1373 2503 1630 2574 μαθητῶν
1685 2505 1753 2558 τὰ

181 2591 598 2663 κατορθώματα.
631 2592 861 2663 Χαίροις
912 2592 1027 2656 οὖν,
1059 2594 1238 2664 ἀγαθὴ
1291 2593 1600 2658 διδάσκαλε,
1661 2595 1755 2647 xal

184 2681 353 2751 μήτηρ
376 2682 746 2752 γνησιεύουσα
766 2683 874 2737 τῶν
902 2684 1043 2738 κατά
1073 2685 1206 2737 Θεὸν
1236 2686 1445 2738 τέκνων
1470 2703 1484 2714 ·
1516 2685 1614 2739 καὶ
1648 2686 1744 2740 ἀλ-

181 2771 253 2825 λοι
287 2773 386 2842 μὲν
419 2775 702 2844 ἐχέτωσαν
731 2776 890 2843 δόξας
919 2776 1114 2846 γητνας
1174 2777 1272 2830 καὶ
1337 2776 1752 2848 λαμπρότητας,

181 2861 482 2936 διαδήματά
539 2883 600 2919 τε
644 2866 739 2919 καὶ
790 2865 1196 2936 στεφανώματα
1252 2866 1565 2938 πρόσκαιρα
1594 2883 1608 2897 ⁸
1671 2867 1755 2920 σοὶ

180 2958 230 3011 δὲ
285 2962 513 3034 ἀρκέσει
535 2963 564 3015 6
595 2962 829 3033 σταυρὸς
853 2962 1116 3034 Χριστοῦ,
1143 2964 1171 3016 6
1201 2961 1496 3034 θεόληπτος
1531 2963 1664 3035 βίος,
1726 2966 1756 3016 6

180 3053 598 3125 χριστοπόθητος
623 3055 934 3126 παρθενών,
975 3057 1024 3108 εί
1054 3055 1110 3108 δὲ
1143 3055 1346 3128 βούλει,
1369 3057 1437 3111 τὰ
1464 3057 1604 3127 ὑπὲρ
1625 3074 1756 3127 χρυ-

183 3144 283 3196 σίον
304 3147 400 3198 καὶ
432 3145 609 3201 λίθον*
634 3146 821 3217 τίμιον
848 3147 1262 3220 τιμαλφέστερα
1287 3132 1444 3217 λόγια
1465 3150 1558 3201 τού
1576 3147 1711 3200 Θεοῦ
1737 3163 1752 3178 ο

184 3234 239 3287 τὸ
263 3237 417 3304 φαιὸν
450 3240 690 3310 ἱμάτιον,
722 3240 756 3310 ή
794 3239 1154 3310 ἀκολούθησις
1181 3240 1274 3294 τοῦ
1323 3240 1563 3312 Χριστοῦ
1590 3256 1603 3270 ο
1637 3240 1753 3294 am-

1853 2051 2054 2119 spitum
2092 2063 2347 2104 sororum
2381 2049 2716 2118 receptione,
2749 2048 2995 2103 animum
3039 2050 3095 2102 in
3124 2062 3289 2103 curas
3330 2047 3436 2107 lar-

1853 2141 2197 2212 gitionesque
2235 2139 2526 2196 dividens:
2559 2140 2816 2210 quodque
2871 2141 3065 2195 oculus
3103 2151 3187 2195 est
3225 2140 3280 2194 in
3309 2152 3454 2194 cor--

1853 2247 2007 2303 pore,
2039 2232 2141 2287 hoc
2167 2233 2221 2286 in
2251 2231 2555 2304 Byzantina
2578 2233 2736 2298 urbe,
2773 2242 2834 2287 ut
2862 2232 3130 2302 intelligo,
3162 2239 3441 2286 monaste-

1854 2326 1999 2379 rium
2063 2335 2217 2379 tuum
2266 2325 2477 2395 :cujus
2542 2325 2713 2395 gratia
2772 2325 3107 2396 gloriﬁcatur
3179 2323 3344 2388 Deus,
3385 2331 3440 2377 et

1853 2417 2014 2473 beata
2067 2426 2241 2471 mater
2293 2417 2508 2472 laetatur
2544 2433 2706 2487 supra
2734 2432 2897 2487 quam
2924 2417 3032 2472 dici
3072 2424 3252 2487 potest
3285 2433 3300 2469 :
3331 2415 3438 2470 hoc

1853 2510 1998 2565 enim
2039 2507 2219 2563 meriti
2273 2516 2401 2563 sunt
2445 2509 2647 2574 sancti,
2678 2517 2736 2562 ut
2774 2506 3172 2578 discipulorum
3208 2521 3435 2562 suorum

1854 2611 2003 2655 recte
2049 2599 2190 2654 facta
2241 2598 2480 2654 videant.
2518 2598 2707 2654 Gaude
2747 2599 2934 2668 igitur,
2963 2597 3104 2652 bona
3154 2595 3436 2666 magistra,

1853 2702 1908 2747 et
1961 2708 2088 2747 vera
2125 2701 2300 2747 mater
2348 2693 2650 2747 secundum
2700 2690 2912 2745 Deum:
2944 2690 3161 2759 sibique
3203 2688 3442 2743 habeant

1854 2785 1946 2838 alii
1973 2785 2269 2854 dignitates
2329 2794 2578 2839 terrenas
2621 2791 2676 2838 et
2707 2783 3010 2846 claritates,
3045 2781 3354 2835 diademata
3387 2790 3441 2834 et

1855 2875 2036 2929 brevis
2067 2875 2329 2944 temporis
2354 2890 2628 2940 coronas;
2670 2874 2768 2926 tibi
2813 2889 2944 2929 vero
2991 2875 3127 2927 satis
3156 2872 3262 2927 erit
3301 2885 3439 2926 crux

1854 2964 2080 3026 Christi,
2107 2965 2216 3017 vita
2249 2963 2360 3017 Deo
2402 2974 2643 3033 accepta,
2670 2963 2891 3017 Christo
2932 2964 3097 3017 chara
3162 2964 3438 3033 virginum

1854 3058 2072 3124 domus,
2109 3073 2194 3124 ac,
2228 3060 2272 3114 si
2301 3059 2463 3112 modo
2508 3060 2614 3126 vis,
2638 3059 3017 3113 desiderabilia
3051 3073 3215 3128 super
3245 3072 3442 3111 aurum

1854 3158 1910 3204 et
1959 3149 2192 3219 lapidem
2227 3149 2552 3218 pretiosum,
2602 3148 2820 3217 eloquia
2886 3147 2978 3201 Dei
3010 3164 3024 3200 :
3056 3147 3203 3216 pulla
3248 3145 3438 3208 vestis.

1855 3241 2191 3297 consectatio
2239 3241 2440 3295 Christi
2473 3258 2488 3295 :
2525 3257 2647 3310 quae
2699 3241 2921 3310 quidem
2977 3239 3206 3293 terrenis
3262 3239 3445 3293 omni-

178 3328 238 3381 νά
265 3299 380 3383 ἐστι
412 3299 588 3402 μείζω
623 3299 844 3387 πάντων
867 3332 976 3387 τῶν
1022 3299 1304 3403 ἐπιγείων,
1345 3299 1441 3388 καὶ
1495 3334 1749 3406 ἀῤῥαὸωο

1858 3334 1962 3388 bus
1997 3333 2160 3388 bonis
2202 3333 2415 3402 potiora
2447 3299 2598 3397 sun-t,
2630 3339 2684 3386 et
2710 3299 2936 3402 pignora
2970 3333 3122 3401 regni
3173 3330 3440 3394 caelestis.

179 3421 401 3492 νίσματα
443 3425 546 3494 τῆς
571 3424 850 3494 βασιλείας
869 3425 980 3478 τῶν
1011 3425 1277 3494 οὐρανῶν,
1300 3471 1312 3479 .

238 3514 327 3585 Μή
355 3532 441 3569 σοι
470 3515 659 3570 λοιπόν
681 3533 813 3571 ποτε
841 3518 1078 3590 νυστάξῃ
1099 3518 1158 3571 τὸ
1185 3519 1338 3588 ὄμμα
1364 3518 1462 3588 τῆς
1494 3517 1755 3583 διανοίας,

185 3607 310 3678 μηδὲ
343 3609 377 3680 ή
425 3608 568 3679 ἀκοὴ
610 3609 712 3680 τῆς
739 3609 967 3680 καρδίας
996 3611 1377 3682 ἀνακουστήσῃ
1399 3627 1413 3641 ο
1448 3610 1584 3680 μηδὲ
1623 3607 1757 3678 λήξῃ

181 3698 262 3750 σού
294 3717 427 3752 ποτε
470 3701 500 3752 6
522 3698 664 3763 θεῖος
695 3698 837 3771 ἔρως
869 3717 882 3730 ·
943 3700 1085 3754 ἀλλά
1108 3703 1215 3775 γὰρ
1268 3703 1362 3755 καὶ
1418 3701 1759 3772 προσθήκαις

179 3786 378 3857 ἀρετῶν
412 3790 504 3843 ἀεὶ
550 3789 836 3857 ὲπαύξαιο,
871 3789 1144 3845 νύσσουσα
1198 3794 1294 3846 καὶ
1348 3792 1760 3845 κατανύσσουσα

177 3879 265 3949 τὴν
287 3882 494 3953 ψυχὴν,
527 3884 621 3936 καὶ
646 3881 837 3953 ὥσπερ
863 3882 927 3937 ἐκ
953 3901 1100 3948 τινος
1118 3884 1305 3955 πηγῆς
1339 3884 1646 3955 προχέουσα
1668 3884 1754 3938 δά-

181 3985 355 4039 κρυον.
394 3958 579 4026 Καλὸν
616 3975 725 4046 γάρ
749 3975 895 4028 ἐστιν
927 3977 1010 4030 ὅτι
1045 3975 1284 4045 μάλιστα
1309 3972 1370 4028 τὸ
1412 3974 1556 4045 ὕδωρ
1581 3973 1758 4026 τοῦτο’

180 4062 426 4135 καθαίρει
459 4065 660 4137 ψυχὴν,
692 4065 804 4120 ἔσθ’
831 4067 920 4120 ὅτε
959 4067 1311 4140 ρυπουμένην
1339 4069 1396 4119 ὲν
1451 4066 1759 4137 λογισμοῖς⁹

182 4152 428 4207 σϐέννυσι
469 4157 581 4226 πῦρ
631 4156 690 4221 ἐξ
721 4159 1053 4227 ἀπροσεξίας
1086 4159 1462 4230 ἀναπτόμενον
1495 4159 1600 4211 ὑπὸ
1624 4159 1762 4229 ἔρω-

178 4260 260 4307 τος
289 4245 500 4316 σαρκός
518 4262 532 4277 ο
567 4245 895 4312 κατευνάζει
923 4252 1211 4321 ταραχώδη
1248 4252 1490 4305 διάθεσιν
1519 4251 1613 4304 καὶ
1638 4251 1765 4305 δυσ·

183 4336 368 4404 μενοῦς
402 4337 716 4410 προσϐολῆς
742 4358 754 4373 ·
798 4340 1039 4410 κάμπτει
1058 4342 1135 4412 τῷ
1162 4343 1275 4396 δντι
1303 4343 1435 4396 Θεὸν
1478 4345 1558 4404 είς
1593 4343 1762 4395 ἕλεονο

184 4431 268 4481 καὶ
299 4431 493 4500 ἵστησι
522 4431 686 4484 πάλιν
740 4433 834 4486 ὲπὶ
865 4433 965 4502 τῆς
999 4438 1272 4508 προτέρας
1298 4437 1650 4506 γνησιότητος
1677 4436 1767 4488 τὸν

183 4520 438 4593 ἐραστήν.
479 4522 628 4594 Σοφὴ
664 4517 823 4588 οὖσα,
854 4527 962 4578 νόει
995 4526 1031 4580 ἃ
1059 4526 1224 4595 λέγω.
1279 4517 1478 4580 Δίδωσι
1533 4528 1638 4596 γάρ
1686 4542 1767 4578 σοι

1930 3510 2196 3564 Caeterum
2244 3523 2528 3578 nunquam
2563 3508 2658 3562 tibi
2687 3507 2951 3562 dormitet
2989 3509 3186 3564 oculus
3220 3510 3440 3574 mentis,

1861 3618 2037 3671 neque
2087 3604 2238 3656 auris
2292 3603 2475 3656 cordis
2526 3601 2906 3667 obsurdescat,
2962 3618 3141 3672 neque
3200 3618 3440 3670 unquam

1862 3703 2040 3749 cesset
2086 3694 2305 3748 divinus
2338 3708 2492 3748 amor
2524 3704 2649 3749 tuus
2684 3709 2701 3758 ;
2741 3697 2835 3748 sed
2888 3694 3238 3750 incrementis
3270 3695 3445 3748 virtu-

1863 3796 1978 3842 tum
2044 3802 2262 3856 semper
2318 3786 2594 3856 augearis,
2653 3802 2904 3857 pungens
2965 3795 3020 3841 et
3072 3785 3463 3858 compungens

1863 3882 2122 3948 animam,
2161 3890 2216 3936 et
2264 3889 2527 3949 tanquam
2566 3894 2634 3933 ex
2686 3878 2834 3934 fonte
2885 3879 3123 3948 quodam
3174 3880 3448 3951 lacrymas

1863 3974 2168 4030 eﬂ‘undens.
2228 3972 2460 4027 Pulchra
2513 3972 2660 4025 enim
2694 3987 2777 4026 es:
2832 3987 2997 4041 quam
3043 3970 3281 4025 maxime
3331 3970 3449 4024 ha‘c

1864 4081 2026 4135 aqua,
2073 4075 2129 4117 et
2171 4065 2409 4118 animam
2460 4061 2882 4131 cogitationibus
2914 4060 3185 4116 interdum
3219 4059 3451 4115 sorden-

1864 4171 1971 4214 tem
1995 4159 2129 4211 eluit
2159 4174 2173 4222 ;
2212 4158 2387 4225 ignem
2425 4156 2747 4226 exstinguit,
2775 4157 2868 4225 qui
2898 4154 3320 4224 ex‘negligentia
3350 4168 3450 4223 per

1866 4251 2051 4304 carnis
2096 4264 2339 4303 amorem
2377 4248 2729 4314 accenditur;
2764 4248 2917 4303 sedat
2949 4246 3316 4302 turbulentam
3360 4242 3450 4300 af-

1871 4339 2161 4392 i'ecnonem
2214 4339 2283 4391 ab
2338 4337 2496 4391 hoste
2577 4337 2834 4406 injectam
2880 4355 2894 4391 :
2939 4335 3169 4390 inﬂectit
3220 4351 3451 4405 prorsus

1869 4430 2035 4485 Deum
2064 4431 2132 4484 ad
2172 4430 2645 4487 misericordiam:
2681 4440 2736 4484 et
2766 4432 2820 4486 in
2868 4430 3106 4500 pristina
3137 4429 3452 4484 sinceritate

1868 4538 2062 4578 rursus
2091 4521 2389 4576 constituet
2419 4532 2742 4577 amatorem.
2789 4523 3022 4591 Sapiens
3083 4536 3206 4575 cum
3233 4522 3332 4587 sis,
3363 4523 3450 4576 in-

183 4611 376 4682 Κύριος
427 4614 612 4684 χάριν,
662 4616 757 4667 καὶ
797 4615 988 4670 δώσειέ
1027 4635 1112 4672 σοι
1170 4619 1271 4680 ἔτι,
1319 4621 1396 4680 είς
1418 4620 1479 4671 τὸ
1523 4620 1754 4689 στέργειι

1873 4616 2052 4686 tellige
2080 4615 2223 4685 quod
2257 4615 2401 4670 dico.
2449 4615 2548 4668 Dat
2573 4616 2718 4670 enim
2773 4615 2870 4669 tibi
2900 4613 3165 4671 Dominus
3194 4617 3448 4685 gratiam,

183 4708 332 4760 αὑτὸν
408 4710 508 4762 καὶ
580 4711 1056 4783 ἀντιστέργεσθαι,
1136 4717 1324 4768 ποθεῖν
1381 4716 1474 4769 καὶ
1526 4717 1754 4769 ἀντιπο-

1868 4719 2033 4779 atque
2088 4707 2294 4761 utinam
2343 4708 2434 4762 det
2479 4723 2668 4777 porro,
2721 4716 2782 4760 ut
2831 4707 3009 4777 ipsum
3047 4722 3197 4763 ames
3229 4717 3285 4762 et
3326 4708 3451 4762 red-

183 4797 426 4853 θεῖσθαι·
486 4801 562 4864 ὡς
627 4802 695 4855 ἀν
747 4803 860 4868 ἕξει
916 4807 1013 4858 καὶ
1073 4807 1158 4859 σοὶ
1229 4808 1405 4860 εἰπεῖν
1457 4808 1596 4878 μετὰ
1668 4807 1754 4860 τοῦ

1871 4800 2093 4865 ameris,
2112 4799 2387 4854 desideres
2408 4807 2461 4853 et
2482 4805 2675 4853 mutuo
2691 4797 3017 4853 desidereris
3037 4814 3053 4853 :
3073 4798 3240 4853 uttibi
3269 4798 3453 4852 dicere

193 4887 515 4943 ’Διτοστόλου
549 4907 564 4921 ⁸
599 4891 693 4944 Ζῶ
722 4893 810 4959 δὲ,
845 4895 1048 4949 οὐκέτι
1087 4898 1221 4966 ἐγὼ,
1252 4898 1325 4966 ζῆ
1385 4898 1452 4951 δὲ
1509 4899 1582 4952 ἐν
1640 4896 1768 4966 ἐμοὶ

184 4980 452 5048 Χριστός.
486 4983 595 5037 Καὶ
650 4987 762 5057 γὰρ
789 4988 818 5039 6
878 4989 1110 5056 ἀγαπῶν
1150 4991 1452 5063 ὁλοσχερῶς
1507 4992 1598 5044 τὸν
1638 4991 1770 5044 Θεὸν

185 5071 454 5136 ἐξίσταται
501 5075 717 5139 ἑαυτοῦ,
763 5080 821 5132 ὲν
870 5081 947 5150 τῷ
973 5083 1327 5153 ἀγαπωμένῳ
1375 5085 1468 5136 καὶ
1504 5084 1638 5148 ζῶν.
1678 5085 1772 5136 καὶ

185 5165 500 5235 κινούμενος
554 5169 648 5221 καὶ
691 5168 788 5223 ῶν.
833 5173 1101 5243 Τοιαύτην
1153 5193 1213 5227 σε
1262 5176 1289 5227 6
1330 5176 1488 5245 λόγος
1528 5177 1775 5246 ἐπιζητεῖ

187 5257 271 5325 τήν
319 5258 566 5326 Νύμφην
595 5261 689 5312 τοῦ
746 5262 1016 5331 Χριστοῦ,
1049 5267 1211 5332 καίγε
1281 5269 1381 5330 τὰς
1422 5268 1526 5320 ὑπὸ
1590 5269 1650 5320 σὲ
1681 5269 1772 5321 θυσ

187 5353 419 5422 γατέρας
449 5351 612 5408 Θεοῦ.
641 5354 752 5407 Καὶ
782 5354 835 5406 τί
872 5354 934 5407 τὸ
962 5356 1243 5420 ὲντεῦθενς
1272 5359 1300 5409 6
1333 5358 1585 5427 Νυμφίος
1633 5359 1768 5428 Χρι-

1873 4895 2032 4947 liceat
2085 4909 2209 4947 cum
2267 4891 2574 4961 Apostolo:
2620 4889 2740 4943 Vivo
2780 4900 2982 4954 autem,
3028 4891 3150 4959 jam
3198 4907 3302 4944 non
3334 4906 3451 4960 ego,

1875 4989 1997 5041 vivit
2017 5003 2135 5040 vero
2161 4989 2213 5039 in
2247 5003 2326 5040 me
2349 4985 2590 5039 Christus
2613 4984 2681 5037 ⁸⁸.
2712 4984 2924 5038 Etenim
2948 4984 3039 5053 qui
3064 4985 3282 5053 penitus
3307 4995 3456 5038 amat

1871 5079 2063 5144 Deum,
2098 5080 2210 5134 exit
2256 5079 2323 5133 de
2344 5079 2548 5148 seipso,
2580 5087 2632 5130 et
2665 5077 2719 5130 in
2747 5087 2928 5129 amato
2958 5076 3093 5130 vivit
3128 5085 3181 5130 et
3207 5086 3456 5130 movetur

1869 5184 1924 5225 et
1959 5172 2194 5226 exsistit.
2231 5170 2416 5224 Talem
2455 5177 2508 5222 te
2552 5183 2676 5223 csse
2703 5168 2947 5236 postulat
3004 5168 3162 5232 ratio,
3195 5183 3453 5236 sponsam

1869 5263 2097 5328 Christi,
2147 5263 2423 5330 simulque
2461 5261 2560 5313 tibi
2594 5261 2919 5314 commissas
2951 5260 3041 5314 Dei
3097 5262 3253 5314 tilias.
3312 5261 3451 5327 Quid

1876 5355 2000 5409 inde
2030 5364 2210 5407 autem
2238 5353 2262 5404 ?
2301 5352 2550 5420 Sponsus
2585 5351 2855 5416 Christus,
2887 5351 3129 5406 caelestis
3155 5352 3452 5415 thalamus,

191 5443 303 5506 στὸς
324 5445 354 5496 6
381 5445 712 5513 ἐπουράνιος
743 5445 995 5517 νυμφὼν,
1014 5449 1108 5501 καὶ
1128 5450 1195 5501 τά
1217 5449 1398 5516 ἀγαθὰ
1418 5450 1516 5518 τῆς
1542 5450 1652 5503 ἀνω
1677 5449 1754 5501 Ἱε-

1875 5456 1930 5500 et
1967 5446 2109 5499 bona
2149 5460 2398 5513 supernae
2420 5441 2744 5509 Jerusalem,
2778 5443 2878 5497 hoc
2909 5453 3012 5509 est,
3036 5460 3261 5511 regnum
3290 5445 3458 5499 caelo-

194 5536 709 5608 ρουσαλὴμ,αῦτηή
743 5537 994 5607 βασιλεία
1048 5540 1158 5592 τῶν
1208 5541 1456 5612 οὐρανῶν
1502 5543 1595 5594 καὶ
1670 5541 1754 5596 ὅσα

1879 5556 2021 5606 rum,
2057 5552 2111 5593 et
2171 5553 2532 5608 quaecumque
2569 5538 2772 5591 sanctis
2805 5537 2874 5591 ad
2901 5539 3138 5606 quietem
3181 5538 3455 5607 promissa

191 5623 521 5694 ἐπήγγελται
539 5629 922 5683 ἀναπαυστικά
940 5633 1051 5695 τοῖς
1078 5632 1274 5700 ἁγίοις·
1294 5632 1330 5686 ἃ.
1345 5633 1598 5702 φθάσασα
1615 5634 1645 5702 ἡ
1668 5651 1754 5702 μα-

1879 5641 2041 5697 sunt;
2084 5646 2205 5702 quae
2235 5629 2494 5699 cunijam
2532 5629 2723 5698 adepta
2751 5632 2821 5684 sit
2844 5629 3000 5684 beata
3033 5641 3228 5696 mater,
3269 5631 3454 5684 horta-

193 5716 349 5783 καρία
383 5719 590 5787 μήτηρ,
625 5721 935 5789 παρακαλεί
950 5725 1230 5793 ἐπιμένειν
1256 5726 1399 5795 ὑμᾶς
1426 5729 1481 5779 ἐν
1509 5730 1574 5799 τῇ
1599 5729 1754 5796 ἀσκή·

1872 5735 1960 5778 ιυι·
2001 5740 2101 5778 nos
2163 5733 2219 5776 ut
2250 5722 2303 5776 in
2352 5723 2742 5779 exercitatione
2797 5725 3180 5793 persistamus,
3219 5723 3276 5778 in
3324 5739 3458 5776 con-

197 5819 288 5865 σει.
324 5808 384 5859 ἐν
414 5809 480 5880 τῇ
529 5809 774 5880 ὁμονοίᾳ,
809 5813 866 5868 ἐν
901 5818 964 5888 τῇ
999 5817 1283 5890 συμψυχία
1305 5837 1317 5849 ο
1357 5821 1547 5872 πατεῖν
1574 5819 1640 5872 τά
1666 5819 1754 5872 πάι

1872 5817 2055 5872 cordia
2091 5825 2142 5872 et
2171 5815 2565 5883 unanimitate;
2597 5819 3040 5888 perturbationes
3103 5817 3274 5872 animi
3322 5831 3454 5872 con-

280 5920 322 5953 ⁸³
364 5920 548 5977 Galat.
590 5939 655 5993 ιι,
686 5924 777 5981 22.
